ticker,trade_id,ts,yes_price,count,taker_side,raw_json
KXBTC15M-26APR271945-45,bcb82df3-8efd-5825-859a-ad4c4551970d,1777332601,0.55,2.0,yes,"{""count_fp"":""2.00"",""created_time"":""2026-04-27T23:30:01.964345Z"",""no_price_dollars"":""0.4500"",""taker_side"":""yes"",""ticker"":""KXBTC15M-26APR271945-45"",""trade_id"":""bcb82df3-8efd-5825-859a-ad4c4551970d"",""yes_price_dollars"":""0.5500""}"
KXBTC15M-26APR271945-45,0af12b96-a920-5786-99af-69984b51868f,1777332601,0.55,1.0,yes,"{""count_fp"":""1.00"",""created_time"":""2026-04-27T23:30:01.964345Z"",""no_price_dollars"":""0.4500"",""taker_side"":""yes"",""ticker"":""KXBTC15M-26APR271945-45"",""trade_id"":""0af12b96-a920-5786-99af-69984b51868f"",""yes_price_dollars"":""0.5500""}"
KXBTC15M-26APR271945-45,4aa1454b-1fbe-6e5a-9a0d-69a9feb0cdac,1777332601,0.54,15.0,yes,"{""count_fp"":""15.00"",""created_time"":""2026-04-27T23:30:01.884647Z"",""no_price_dollars"":""0.4600"",""taker_side"":""yes"",""ticker"":""KXBTC15M-26APR271945-45"",""trade_id"":""4aa1454b-1fbe-6e5a-9a0d-69a9feb0cdac"",""yes_price_dollars"":""0.5400""}"
KXBTC15M-26APR271945-45,e46fdd8e-99e0-4f50-422b-37b894e411a3,1777332601,0.52,56.0,yes,"{""count_fp"":""56.00"",""created_time"":""2026-04-27T23:30:01.876277Z"",""no_price_dollars"":""0.4800"",""taker_side"":""yes"",""ticker"":""KXBTC15M-26APR271945-45"",""trade_id"":""e46fdd8e-99e0-4f50-422b-37b894e411a3"",""yes_price_dollars"":""0.5200""}"
KXBTC15M-26APR271945-45,e0f1d484-4f26-43dc-516e-8367e9c7d340,1777332601,0.52,9.0,yes,"{""count_fp"":""9.00"",""created_time"":""2026-04-27T23:30:01.876277Z"",""no_price_dollars"":""0.4800"",""taker_side"":""yes"",""ticker"":""KXBTC15M-26APR271945-45"",""trade_id"":""e0f1d484-4f26-43dc-516e-8367e9c7d340"",""yes_price_dollars"":""0.5200""}"
KXBTC15M-26APR271945-45,56da05d1-4e86-46ca-5d1f-1ece159c03dc,1777332601,0.54,15.0,yes,"{""count_fp"":""15.00"",""created_time"":""2026-04-27T23:30:01.876277Z"",""no_price_dollars"":""0.4600"",""taker_side"":""yes"",""ticker"":""KXBTC15M-26APR271945-45"",""trade_id"":""56da05d1-4e86-46ca-5d1f-1ece159c03dc"",""yes_price_dollars"":""0.5400""}"
KXBTC15M-26APR271945-45,36f87990-16a3-494d-5223-e8a1f548bd46,1777332601,0.5,120.0,yes,"{""count_fp"":""120.00"",""created_time"":""2026-04-27T23:30:01.876277Z"",""no_price_dollars"":""0.5000"",""taker_side"":""yes"",""ticker"":""KXBTC15M-26APR271945-45"",""trade_id"":""36f87990-16a3-494d-5223-e8a1f548bd46"",""yes_price_dollars"":""0.5000""}"
KXBTC15M-26APR271945-45,bdccb0df-2077-62ce-cabf-674b5169563f,1777332602,0.52,4.0,no,"{""count_fp"":""4.00"",""created_time"":""2026-04-27T23:30:02.867312Z"",""no_price_dollars"":""0.4800"",""taker_side"":""no"",""ticker"":""KXBTC15M-26APR271945-45"",""trade_id"":""bdccb0df-2077-62ce-cabf-674b5169563f"",""yes_price_dollars"":""0.5200""}"
KXBTC15M-26APR271945-45,afafda37-63b4-6614-e6ec-7de7e4a64cd6,1777332602,0.52,8.0,no,"{""count_fp"":""8.00"",""created_time"":""2026-04-27T23:30:02.867312Z"",""no_price_dollars"":""0.4800"",""taker_side"":""no"",""ticker"":""KXBTC15M-26APR271945-45"",""trade_id"":""afafda37-63b4-6614-e6ec-7de7e4a64cd6"",""yes_price_dollars"":""0.5200""}"
KXBTC15M-26APR271945-45,5d75699f-e5bc-5d64-bf63-4286e5e7614a,1777332602,0.53,18.0,no,"{""count_fp"":""18.00"",""created_time"":""2026-04-27T23:30:02.778682Z"",""no_price_dollars"":""0.4700"",""taker_side"":""no"",""ticker"":""KXBTC15M-26APR271945-45"",""trade_id"":""5d75699f-e5bc-5d64-bf63-4286e5e7614a"",""yes_price_dollars"":""0.5300""}"
KXBTC15M-26APR271945-45,2d48bb5c-4098-4838-67d4-dccf54db7b3a,1777332602,0.53,12.0,no,"{""count_fp"":""12.00"",""created_time"":""2026-04-27T23:30:02.732178Z"",""no_price_dollars"":""0.4700"",""taker_side"":""no"",""ticker"":""KXBTC15M-26APR271945-45"",""trade_id"":""2d48bb5c-4098-4838-67d4-dccf54db7b3a"",""yes_price_dollars"":""0.5300""}"
KXBTC15M-26APR271945-45,b0debb45-cb7c-52c4-4f8e-4a551a0a156e,1777332602,0.54,18.0,no,"{""count_fp"":""18.00"",""created_time"":""2026-04-27T23:30:02.716217Z"",""no_price_dollars"":""0.4600"",""taker_side"":""no"",""ticker"":""KXBTC15M-26APR271945-45"",""trade_id"":""b0debb45-cb7c-52c4-4f8e-4a551a0a156e"",""yes_price_dollars"":""0.5400""}"
KXBTC15M-26APR271945-45,539244ec-7894-74c8-4bb1-681bd5aa5dba,1777332602,0.56,107.0,no,"{""count_fp"":""107.00"",""created_time"":""2026-04-27T23:30:02.351158Z"",""no_price_dollars"":""0.4400"",""taker_side"":""no"",""ticker"":""KXBTC15M-26APR271945-45"",""trade_id"":""539244ec-7894-74c8-4bb1-681bd5aa5dba"",""yes_price_dollars"":""0.5600""}"
KXBTC15M-26APR271945-45,7daadd49-0700-6e88-fa76-e7d933c561de,1777332602,0.56,36.0,no,"{""count_fp"":""36.00"",""created_time"":""2026-04-27T23:30:02.298328Z"",""no_price_dollars"":""0.4400"",""taker_side"":""no"",""ticker"":""KXBTC15M-26APR271945-45"",""trade_id"":""7daadd49-0700-6e88-fa76-e7d933c561de"",""yes_price_dollars"":""0.5600""}"
KXBTC15M-26APR271945-45,a2c3f412-b872-788b-631c-5de01118cf7e,1777332602,0.58,1.0,no,"{""count_fp"":""1.00"",""created_time"":""2026-04-27T23:30:02.118897Z"",""no_price_dollars"":""0.4200"",""taker_side"":""no"",""ticker"":""KXBTC15M-26APR271945-45"",""trade_id"":""a2c3f412-b872-788b-631c-5de01118cf7e"",""yes_price_dollars"":""0.5800""}"
KXBTC15M-26APR271945-45,4d204b37-8cb3-6755-be56-be9a51db37f7,1777332602,0.55,200.0,no,"{""count_fp"":""200.00"",""created_time"":""2026-04-27T23:30:02.017051Z"",""no_price_dollars"":""0.4500"",""taker_side"":""no"",""ticker"":""KXBTC15M-26APR271945-45"",""trade_id"":""4d204b37-8cb3-6755-be56-be9a51db37f7"",""yes_price_dollars"":""0.5500""}"
KXBTC15M-26APR271945-45,401ae94d-e43f-7302-97a2-1c26f4bef007,1777332603,0.52,1.0,no,"{""count_fp"":""1.00"",""created_time"":""2026-04-27T23:30:03.635639Z"",""no_price_dollars"":""0.4800"",""taker_side"":""no"",""ticker"":""KXBTC15M-26APR271945-45"",""trade_id"":""401ae94d-e43f-7302-97a2-1c26f4bef007"",""yes_price_dollars"":""0.5200""}"
KXBTC15M-26APR271945-45,09c7d533-8717-7b42-2b6e-53f2d3e75ce3,1777332603,0.52,1.0,no,"{""count_fp"":""1.00"",""created_time"":""2026-04-27T23:30:03.265131Z"",""no_price_dollars"":""0.4800"",""taker_side"":""no"",""ticker"":""KXBTC15M-26APR271945-45"",""trade_id"":""09c7d533-8717-7b42-2b6e-53f2d3e75ce3"",""yes_price_dollars"":""0.5200""}"
KXBTC15M-26APR271945-45,e73fcf58-a3af-63ba-50eb-06bbde8e0d53,1777332604,0.52,8.0,no,"{""count_fp"":""8.00"",""created_time"":""2026-04-27T23:30:04.958277Z"",""no_price_dollars"":""0.4800"",""taker_side"":""no"",""ticker"":""KXBTC15M-26APR271945-45"",""trade_id"":""e73fcf58-a3af-63ba-50eb-06bbde8e0d53"",""yes_price_dollars"":""0.5200""}"
KXBTC15M-26APR271945-45,e715c163-d4a6-6657-413c-314524c25512,1777332604,0.52,14.0,no,"{""count_fp"":""14.00"",""created_time"":""2026-04-27T23:30:04.958277Z"",""no_price_dollars"":""0.4800"",""taker_side"":""no"",""ticker"":""KXBTC15M-26APR271945-45"",""trade_id"":""e715c163-d4a6-6657-413c-314524c25512"",""yes_price_dollars"":""0.5200""}"
KXBTC15M-26APR271945-45,1cedf4c9-e9d8-6c9a-7d24-227aedbef5d5,1777332604,0.52,8.0,no,"{""count_fp"":""8.00"",""created_time"":""2026-04-27T23:30:04.958277Z"",""no_price_dollars"":""0.4800"",""taker_side"":""no"",""ticker"":""KXBTC15M-26APR271945-45"",""trade_id"":""1cedf4c9-e9d8-6c9a-7d24-227aedbef5d5"",""yes_price_dollars"":""0.5200""}"
KXBTC15M-26APR271945-45,f46d6312-2255-6838-7e52-d2c932f683b4,1777332605,0.51,3.85,no,"{""count_fp"":""3.85"",""created_time"":""2026-04-27T23:30:05.488511Z"",""no_price_dollars"":""0.4900"",""taker_side"":""no"",""ticker"":""KXBTC15M-26APR271945-45"",""trade_id"":""f46d6312-2255-6838-7e52-d2c932f683b4"",""yes_price_dollars"":""0.5100""}"
KXBTC15M-26APR271945-45,42186992-52b9-52a0-f64a-8d15cc35a9e0,1777332605,0.51,5.9,no,"{""count_fp"":""5.90"",""created_time"":""2026-04-27T23:30:05.237997Z"",""no_price_dollars"":""0.4900"",""taker_side"":""no"",""ticker"":""KXBTC15M-26APR271945-45"",""trade_id"":""42186992-52b9-52a0-f64a-8d15cc35a9e0"",""yes_price_dollars"":""0.5100""}"
KXBTC15M-26APR271945-45,f0d63c35-104e-5b66-2d24-db091cb4d460,1777332605,0.53,7.0,yes,"{""count_fp"":""7.00"",""created_time"":""2026-04-27T23:30:05.183974Z"",""no_price_dollars"":""0.4700"",""taker_side"":""yes"",""ticker"":""KXBTC15M-26APR271945-45"",""trade_id"":""f0d63c35-104e-5b66-2d24-db091cb4d460"",""yes_price_dollars"":""0.5300""}"
KXBTC15M-26APR271945-45,a59a2279-011c-5436-3850-fb2ecb5a7ffd,1777332605,0.53,30.0,yes,"{""count_fp"":""30.00"",""created_time"":""2026-04-27T23:30:05.183974Z"",""no_price_dollars"":""0.4700"",""taker_side"":""yes"",""ticker"":""KXBTC15M-26APR271945-45"",""trade_id"":""a59a2279-011c-5436-3850-fb2ecb5a7ffd"",""yes_price_dollars"":""0.5300""}"
KXBTC15M-26APR271945-45,32c6a612-2f23-576c-0266-824a9e20ad49,1777332605,0.53,8.66,yes,"{""count_fp"":""8.66"",""created_time"":""2026-04-27T23:30:05.183974Z"",""no_price_dollars"":""0.4700"",""taker_side"":""yes"",""ticker"":""KXBTC15M-26APR271945-45"",""trade_id"":""32c6a612-2f23-576c-0266-824a9e20ad49"",""yes_price_dollars"":""0.5300""}"
KXBTC15M-26APR271945-45,a31ad2ad-ab45-49b8-3999-ee20d6f6a06a,1777332605,0.52,8.0,no,"{""count_fp"":""8.00"",""created_time"":""2026-04-27T23:30:05.042209Z"",""no_price_dollars"":""0.4800"",""taker_side"":""no"",""ticker"":""KXBTC15M-26APR271945-45"",""trade_id"":""a31ad2ad-ab45-49b8-3999-ee20d6f6a06a"",""yes_price_dollars"":""0.5200""}"
KXBTC15M-26APR271945-45,91cf186c-a3cd-4c78-2e13-c32f582d3d50,1777332605,0.51,5.15,no,"{""count_fp"":""5.15"",""created_time"":""2026-04-27T23:30:05.042209Z"",""no_price_dollars"":""0.4900"",""taker_side"":""no"",""ticker"":""KXBTC15M-26APR271945-45"",""trade_id"":""91cf186c-a3cd-4c78-2e13-c32f582d3d50"",""yes_price_dollars"":""0.5100""}"
KXBTC15M-26APR271945-45,69fdca20-84d4-4d86-34e1-5bc96833e351,1777332605,0.52,10.0,no,"{""count_fp"":""10.00"",""created_time"":""2026-04-27T23:30:05.042209Z"",""no_price_dollars"":""0.4800"",""taker_side"":""no"",""ticker"":""KXBTC15M-26APR271945-45"",""trade_id"":""69fdca20-84d4-4d86-34e1-5bc96833e351"",""yes_price_dollars"":""0.5200""}"
KXBTC15M-26APR271945-45,b418c780-5c41-4854-9e98-313252ce63d8,1777332606,0.51,1.96,no,"{""count_fp"":""1.96"",""created_time"":""2026-04-27T23:30:06.815114Z"",""no_price_dollars"":""0.4900"",""taker_side"":""no"",""ticker"":""KXBTC15M-26APR271945-45"",""trade_id"":""b418c780-5c41-4854-9e98-313252ce63d8"",""yes_price_dollars"":""0.5100""}"
KXBTC15M-26APR271945-45,664bf336-7081-77b8-3780-7b0ad111ac3c,1777332606,0.51,0.65,no,"{""count_fp"":""0.65"",""created_time"":""2026-04-27T23:30:06.423485Z"",""no_price_dollars"":""0.4900"",""taker_side"":""no"",""ticker"":""KXBTC15M-26APR271945-45"",""trade_id"":""664bf336-7081-77b8-3780-7b0ad111ac3c"",""yes_price_dollars"":""0.5100""}"
KXBTC15M-26APR271945-45,49de3b6a-a827-44cc-50c4-e6c1f4b6b38d,1777332606,0.53,4.34,yes,"{""count_fp"":""4.34"",""created_time"":""2026-04-27T23:30:06.376953Z"",""no_price_dollars"":""0.4700"",""taker_side"":""yes"",""ticker"":""KXBTC15M-26APR271945-45"",""trade_id"":""49de3b6a-a827-44cc-50c4-e6c1f4b6b38d"",""yes_price_dollars"":""0.5300""}"
KXBTC15M-26APR271945-45,1f38fa81-3ca3-43eb-42e1-e24ffd5916c2,1777332606,0.53,10.0,yes,"{""count_fp"":""10.00"",""created_time"":""2026-04-27T23:30:06.376953Z"",""no_price_dollars"":""0.4700"",""taker_side"":""yes"",""ticker"":""KXBTC15M-26APR271945-45"",""trade_id"":""1f38fa81-3ca3-43eb-42e1-e24ffd5916c2"",""yes_price_dollars"":""0.5300""}"
KXBTC15M-26APR271945-45,17253840-aef6-4398-69b2-f8653715d7d2,1777332606,0.53,2.0,yes,"{""count_fp"":""2.00"",""created_time"":""2026-04-27T23:30:06.376953Z"",""no_price_dollars"":""0.4700"",""taker_side"":""yes"",""ticker"":""KXBTC15M-26APR271945-45"",""trade_id"":""17253840-aef6-4398-69b2-f8653715d7d2"",""yes_price_dollars"":""0.5300""}"
KXBTC15M-26APR271945-45,0625dbb4-d837-4440-6dbb-4b9c9057ee77,1777332606,0.53,232.85,yes,"{""count_fp"":""232.85"",""created_time"":""2026-04-27T23:30:06.376953Z"",""no_price_dollars"":""0.4700"",""taker_side"":""yes"",""ticker"":""KXBTC15M-26APR271945-45"",""trade_id"":""0625dbb4-d837-4440-6dbb-4b9c9057ee77"",""yes_price_dollars"":""0.5300""}"
KXBTC15M-26APR271945-45,5759ac15-47b5-6ca4-b50f-841ef41a8034,1777332607,0.51,7.88,no,"{""count_fp"":""7.88"",""created_time"":""2026-04-27T23:30:07.156776Z"",""no_price_dollars"":""0.4900"",""taker_side"":""no"",""ticker"":""KXBTC15M-26APR271945-45"",""trade_id"":""5759ac15-47b5-6ca4-b50f-841ef41a8034"",""yes_price_dollars"":""0.5100""}"
KXBTC15M-26APR271945-45,efe686ee-dca7-40c4-e9f6-960a64b67372,1777332607,0.53,12.0,yes,"{""count_fp"":""12.00"",""created_time"":""2026-04-27T23:30:07.094904Z"",""no_price_dollars"":""0.4700"",""taker_side"":""yes"",""ticker"":""KXBTC15M-26APR271945-45"",""trade_id"":""efe686ee-dca7-40c4-e9f6-960a64b67372"",""yes_price_dollars"":""0.5300""}"
KXBTC15M-26APR271945-45,87727a27-dcf7-4dec-defc-c0db9c7b5023,1777332607,0.53,55.98,yes,"{""count_fp"":""55.98"",""created_time"":""2026-04-27T23:30:07.094904Z"",""no_price_dollars"":""0.4700"",""taker_side"":""yes"",""ticker"":""KXBTC15M-26APR271945-45"",""trade_id"":""87727a27-dcf7-4dec-defc-c0db9c7b5023"",""yes_price_dollars"":""0.5300""}"
KXBTC15M-26APR271945-45,59214773-0565-49d1-c9d5-2e4d918115d5,1777332607,0.53,2.0,yes,"{""count_fp"":""2.00"",""created_time"":""2026-04-27T23:30:07.094904Z"",""no_price_dollars"":""0.4700"",""taker_side"":""yes"",""ticker"":""KXBTC15M-26APR271945-45"",""trade_id"":""59214773-0565-49d1-c9d5-2e4d918115d5"",""yes_price_dollars"":""0.5300""}"
KXBTC15M-26APR271945-45,4ca5a1dd-c4b3-4221-fd6c-fec71f7d2704,1777332607,0.53,20.0,yes,"{""count_fp"":""20.00"",""created_time"":""2026-04-27T23:30:07.094904Z"",""no_price_dollars"":""0.4700"",""taker_side"":""yes"",""ticker"":""KXBTC15M-26APR271945-45"",""trade_id"":""4ca5a1dd-c4b3-4221-fd6c-fec71f7d2704"",""yes_price_dollars"":""0.5300""}"
KXBTC15M-26APR271945-45,bd410224-ebd9-6383-86d0-def2d443037f,1777332608,0.45,57.0,no,"{""count_fp"":""57.00"",""created_time"":""2026-04-27T23:30:08.774516Z"",""no_price_dollars"":""0.5500"",""taker_side"":""no"",""ticker"":""KXBTC15M-26APR271945-45"",""trade_id"":""bd410224-ebd9-6383-86d0-def2d443037f"",""yes_price_dollars"":""0.4500""}"
KXBTC15M-26APR271945-45,8b2c6909-439d-6590-a6aa-0275e51d0e97,1777332608,0.47,3.0,no,"{""count_fp"":""3.00"",""created_time"":""2026-04-27T23:30:08.774516Z"",""no_price_dollars"":""0.5300"",""taker_side"":""no"",""ticker"":""KXBTC15M-26APR271945-45"",""trade_id"":""8b2c6909-439d-6590-a6aa-0275e51d0e97"",""yes_price_dollars"":""0.4700""}"
KXBTC15M-26APR271945-45,423b43ac-67c7-66b8-a290-0ae254a569fb,1777332608,0.47,65.0,no,"{""count_fp"":""65.00"",""created_time"":""2026-04-27T23:30:08.774516Z"",""no_price_dollars"":""0.5300"",""taker_side"":""no"",""ticker"":""KXBTC15M-26APR271945-45"",""trade_id"":""423b43ac-67c7-66b8-a290-0ae254a569fb"",""yes_price_dollars"":""0.4700""}"
KXBTC15M-26APR271945-45,92577564-8b53-41de-d54e-eac03d0a2db3,1777332608,0.5,37.64,no,"{""count_fp"":""37.64"",""created_time"":""2026-04-27T23:30:08.681435Z"",""no_price_dollars"":""0.5000"",""taker_side"":""no"",""ticker"":""KXBTC15M-26APR271945-45"",""trade_id"":""92577564-8b53-41de-d54e-eac03d0a2db3"",""yes_price_dollars"":""0.5000""}"
KXBTC15M-26APR271945-45,87007b23-4d70-4544-dec5-a58e5677152a,1777332608,0.51,10.0,no,"{""count_fp"":""10.00"",""created_time"":""2026-04-27T23:30:08.681435Z"",""no_price_dollars"":""0.4900"",""taker_side"":""no"",""ticker"":""KXBTC15M-26APR271945-45"",""trade_id"":""87007b23-4d70-4544-dec5-a58e5677152a"",""yes_price_dollars"":""0.5100""}"
KXBTC15M-26APR271945-45,7e07cc0b-b985-47ab-ef6f-17a612ee61e6,1777332608,0.5,10.0,no,"{""count_fp"":""10.00"",""created_time"":""2026-04-27T23:30:08.681435Z"",""no_price_dollars"":""0.5000"",""taker_side"":""no"",""ticker"":""KXBTC15M-26APR271945-45"",""trade_id"":""7e07cc0b-b985-47ab-ef6f-17a612ee61e6"",""yes_price_dollars"":""0.5000""}"
KXBTC15M-26APR271945-45,7a913df4-68c6-40be-f2c8-e033c6a87f7d,1777332608,0.51,36.0,no,"{""count_fp"":""36.00"",""created_time"":""2026-04-27T23:30:08.681435Z"",""no_price_dollars"":""0.4900"",""taker_side"":""no"",""ticker"":""KXBTC15M-26APR271945-45"",""trade_id"":""7a913df4-68c6-40be-f2c8-e033c6a87f7d"",""yes_price_dollars"":""0.5100""}"
KXBTC15M-26APR271945-45,1a50acb8-17b7-4ae4-deb5-07f7de06fb9a,1777332608,0.5,1.0,no,"{""count_fp"":""1.00"",""created_time"":""2026-04-27T23:30:08.681435Z"",""no_price_dollars"":""0.5000"",""taker_side"":""no"",""ticker"":""KXBTC15M-26APR271945-45"",""trade_id"":""1a50acb8-17b7-4ae4-deb5-07f7de06fb9a"",""yes_price_dollars"":""0.5000""}"
KXBTC15M-26APR271945-45,aee341b7-bfcd-4953-d14b-e3f7dc82ac40,1777332608,0.52,2.0,yes,"{""count_fp"":""2.00"",""created_time"":""2026-04-27T23:30:08.604401Z"",""no_price_dollars"":""0.4800"",""taker_side"":""yes"",""ticker"":""KXBTC15M-26APR271945-45"",""trade_id"":""aee341b7-bfcd-4953-d14b-e3f7dc82ac40"",""yes_price_dollars"":""0.5200""}"
KXBTC15M-26APR271945-45,69a689f6-0a92-43e0-fecd-25c23591ab86,1777332608,0.53,2.0,yes,"{""count_fp"":""2.00"",""created_time"":""2026-04-27T23:30:08.604401Z"",""no_price_dollars"":""0.4700"",""taker_side"":""yes"",""ticker"":""KXBTC15M-26APR271945-45"",""trade_id"":""69a689f6-0a92-43e0-fecd-25c23591ab86"",""yes_price_dollars"":""0.5300""}"
KXBTC15M-26APR271945-45,59ea1cfa-d2bf-49bc-fd26-62206f3375d3,1777332608,0.52,14.0,yes,"{""count_fp"":""14.00"",""created_time"":""2026-04-27T23:30:08.604401Z"",""no_price_dollars"":""0.4800"",""taker_side"":""yes"",""ticker"":""KXBTC15M-26APR271945-45"",""trade_id"":""59ea1cfa-d2bf-49bc-fd26-62206f3375d3"",""yes_price_dollars"":""0.5200""}"
KXBTC15M-26APR271945-45,f12cdd1e-1a87-501a-97d4-d01ae8264474,1777332609,0.52,16.73,yes,"{""count_fp"":""16.73"",""created_time"":""2026-04-27T23:30:09.964411Z"",""no_price_dollars"":""0.4800"",""taker_side"":""yes"",""ticker"":""KXBTC15M-26APR271945-45"",""trade_id"":""f12cdd1e-1a87-501a-97d4-d01ae8264474"",""yes_price_dollars"":""0.5200""}"
KXBTC15M-26APR271945-45,2a4b3a4c-52eb-44d2-3b94-ebb2cc4565c8,1777332609,0.52,1.0,yes,"{""count_fp"":""1.00"",""created_time"":""2026-04-27T23:30:09.361776Z"",""no_price_dollars"":""0.4800"",""taker_side"":""yes"",""ticker"":""KXBTC15M-26APR271945-45"",""trade_id"":""2a4b3a4c-52eb-44d2-3b94-ebb2cc4565c8"",""yes_price_dollars"":""0.5200""}"
KXBTC15M-26APR271945-45,d80a3225-95a6-4d0f-c9d8-312ea2a2cbe2,1777332611,0.46,1.0,no,"{""count_fp"":""1.00"",""created_time"":""2026-04-27T23:30:11.686896Z"",""no_price_dollars"":""0.5400"",""taker_side"":""no"",""ticker"":""KXBTC15M-26APR271945-45"",""trade_id"":""d80a3225-95a6-4d0f-c9d8-312ea2a2cbe2"",""yes_price_dollars"":""0.4600""}"
KXBTC15M-26APR271945-45,64833cfb-299d-75b1-a0b5-5074a9d90c03,1777332612,0.46,10.0,no,"{""count_fp"":""10.00"",""created_time"":""2026-04-27T23:30:12.756036Z"",""no_price_dollars"":""0.5400"",""taker_side"":""no"",""ticker"":""KXBTC15M-26APR271945-45"",""trade_id"":""64833cfb-299d-75b1-a0b5-5074a9d90c03"",""yes_price_dollars"":""0.4600""}"
KXBTC15M-26APR271945-45,416c9bfe-a571-7382-825e-4d5ed740d1c7,1777332612,0.45,34.06,no,"{""count_fp"":""34.06"",""created_time"":""2026-04-27T23:30:12.756036Z"",""no_price_dollars"":""0.5500"",""taker_side"":""no"",""ticker"":""KXBTC15M-26APR271945-45"",""trade_id"":""416c9bfe-a571-7382-825e-4d5ed740d1c7"",""yes_price_dollars"":""0.4500""}"
KXBTC15M-26APR271945-45,2d436257-a9bf-4f08-874a-e1cf3df2d717,1777332612,0.47,6.15,yes,"{""count_fp"":""6.15"",""created_time"":""2026-04-27T23:30:12.679626Z"",""no_price_dollars"":""0.5300"",""taker_side"":""yes"",""ticker"":""KXBTC15M-26APR271945-45"",""trade_id"":""2d436257-a9bf-4f08-874a-e1cf3df2d717"",""yes_price_dollars"":""0.4700""}"
KXBTC15M-26APR271945-45,576f89cc-72a5-5356-13ad-b9d9c58e436c,1777332613,0.44,0.54,no,"{""count_fp"":""0.54"",""created_time"":""2026-04-27T23:30:13.579632Z"",""no_price_dollars"":""0.5600"",""taker_side"":""no"",""ticker"":""KXBTC15M-26APR271945-45"",""trade_id"":""576f89cc-72a5-5356-13ad-b9d9c58e436c"",""yes_price_dollars"":""0.4400""}"
KXBTC15M-26APR271945-45,4abf5fa4-7fa7-5df8-158b-cc4222505a2f,1777332613,0.44,65.0,no,"{""count_fp"":""65.00"",""created_time"":""2026-04-27T23:30:13.579632Z"",""no_price_dollars"":""0.5600"",""taker_side"":""no"",""ticker"":""KXBTC15M-26APR271945-45"",""trade_id"":""4abf5fa4-7fa7-5df8-158b-cc4222505a2f"",""yes_price_dollars"":""0.4400""}"
KXBTC15M-26APR271945-45,481495d3-c01f-5be4-07a2-c24e2a75e4bc,1777332613,0.46,3.0,no,"{""count_fp"":""3.00"",""created_time"":""2026-04-27T23:30:13.579632Z"",""no_price_dollars"":""0.5400"",""taker_side"":""no"",""ticker"":""KXBTC15M-26APR271945-45"",""trade_id"":""481495d3-c01f-5be4-07a2-c24e2a75e4bc"",""yes_price_dollars"":""0.4600""}"
KXBTC15M-26APR271945-45,2d633039-b9b5-501e-30d5-ac191c98b333,1777332613,0.45,21.94,no,"{""count_fp"":""21.94"",""created_time"":""2026-04-27T23:30:13.579632Z"",""no_price_dollars"":""0.5500"",""taker_side"":""no"",""ticker"":""KXBTC15M-26APR271945-45"",""trade_id"":""2d633039-b9b5-501e-30d5-ac191c98b333"",""yes_price_dollars"":""0.4500""}"
KXBTC15M-26APR271945-45,e0182bf2-0cd7-5a94-72ec-4000d44e8d03,1777332613,0.46,10.25,yes,"{""count_fp"":""10.25"",""created_time"":""2026-04-27T23:30:13.097294Z"",""no_price_dollars"":""0.5400"",""taker_side"":""yes"",""ticker"":""KXBTC15M-26APR271945-45"",""trade_id"":""e0182bf2-0cd7-5a94-72ec-4000d44e8d03"",""yes_price_dollars"":""0.4600""}"
KXBTC15M-26APR271945-45,00c52613-2885-6f1e-2552-53bac84caad4,1777332614,0.47,4.02,yes,"{""count_fp"":""4.02"",""created_time"":""2026-04-27T23:30:14.757102Z"",""no_price_dollars"":""0.5300"",""taker_side"":""yes"",""ticker"":""KXBTC15M-26APR271945-45"",""trade_id"":""00c52613-2885-6f1e-2552-53bac84caad4"",""yes_price_dollars"":""0.4700""}"
KXBTC15M-26APR271945-45,66989c2a-9811-62de-f9ad-84277e2e9190,1777332614,0.47,51.27,yes,"{""count_fp"":""51.27"",""created_time"":""2026-04-27T23:30:14.652413Z"",""no_price_dollars"":""0.5300"",""taker_side"":""yes"",""ticker"":""KXBTC15M-26APR271945-45"",""trade_id"":""66989c2a-9811-62de-f9ad-84277e2e9190"",""yes_price_dollars"":""0.4700""}"
KXBTC15M-26APR271945-45,ed5da2d5-5680-6589-b179-7a7a65bab3ed,1777332614,0.46,18.0,no,"{""count_fp"":""18.00"",""created_time"":""2026-04-27T23:30:14.532348Z"",""no_price_dollars"":""0.5400"",""taker_side"":""no"",""ticker"":""KXBTC15M-26APR271945-45"",""trade_id"":""ed5da2d5-5680-6589-b179-7a7a65bab3ed"",""yes_price_dollars"":""0.4600""}"
KXBTC15M-26APR271945-45,8a3df35f-686a-64ca-b9f8-285f7272ad09,1777332614,0.44,152.87,no,"{""count_fp"":""152.87"",""created_time"":""2026-04-27T23:30:14.532348Z"",""no_price_dollars"":""0.5600"",""taker_side"":""no"",""ticker"":""KXBTC15M-26APR271945-45"",""trade_id"":""8a3df35f-686a-64ca-b9f8-285f7272ad09"",""yes_price_dollars"":""0.4400""}"
KXBTC15M-26APR271945-45,379cb0f5-12e2-6a8d-94fe-318669caad6b,1777332614,0.46,3.0,no,"{""count_fp"":""3.00"",""created_time"":""2026-04-27T23:30:14.532348Z"",""no_price_dollars"":""0.5400"",""taker_side"":""no"",""ticker"":""KXBTC15M-26APR271945-45"",""trade_id"":""379cb0f5-12e2-6a8d-94fe-318669caad6b"",""yes_price_dollars"":""0.4600""}"
KXBTC15M-26APR271945-45,3e4afff6-0bc9-706a-9077-36e51add3940,1777332614,0.47,1.0,yes,"{""count_fp"":""1.00"",""created_time"":""2026-04-27T23:30:14.523462Z"",""no_price_dollars"":""0.5300"",""taker_side"":""yes"",""ticker"":""KXBTC15M-26APR271945-45"",""trade_id"":""3e4afff6-0bc9-706a-9077-36e51add3940"",""yes_price_dollars"":""0.4700""}"
KXBTC15M-26APR271945-45,d02bc2ff-fb05-5f97-7be7-9be29ed432cf,1777332615,0.49,12.25,no,"{""count_fp"":""12.25"",""created_time"":""2026-04-27T23:30:15.986873Z"",""no_price_dollars"":""0.5100"",""taker_side"":""no"",""ticker"":""KXBTC15M-26APR271945-45"",""trade_id"":""d02bc2ff-fb05-5f97-7be7-9be29ed432cf"",""yes_price_dollars"":""0.4900""}"
KXBTC15M-26APR271945-45,6eeff821-4444-5386-6052-24683bc1d268,1777332615,0.48,53.68,no,"{""count_fp"":""53.68"",""created_time"":""2026-04-27T23:30:15.986873Z"",""no_price_dollars"":""0.5200"",""taker_side"":""no"",""ticker"":""KXBTC15M-26APR271945-45"",""trade_id"":""6eeff821-4444-5386-6052-24683bc1d268"",""yes_price_dollars"":""0.4800""}"
KXBTC15M-26APR271945-45,57a32517-4f32-5acf-55fc-38ef243c018f,1777332615,0.49,3.0,no,"{""count_fp"":""3.00"",""created_time"":""2026-04-27T23:30:15.986873Z"",""no_price_dollars"":""0.5100"",""taker_side"":""no"",""ticker"":""KXBTC15M-26APR271945-45"",""trade_id"":""57a32517-4f32-5acf-55fc-38ef243c018f"",""yes_price_dollars"":""0.4900""}"
KXBTC15M-26APR271945-45,bd0deaa3-3d5d-760f-69c6-b58c2e04fcaf,1777332615,0.49,5.75,no,"{""count_fp"":""5.75"",""created_time"":""2026-04-27T23:30:15.516605Z"",""no_price_dollars"":""0.5100"",""taker_side"":""no"",""ticker"":""KXBTC15M-26APR271945-45"",""trade_id"":""bd0deaa3-3d5d-760f-69c6-b58c2e04fcaf"",""yes_price_dollars"":""0.4900""}"
KXBTC15M-26APR271945-45,1b0b5c4c-e305-767c-401b-cbda9f8d198f,1777332615,0.49,3.0,no,"{""count_fp"":""3.00"",""created_time"":""2026-04-27T23:30:15.516605Z"",""no_price_dollars"":""0.5100"",""taker_side"":""no"",""ticker"":""KXBTC15M-26APR271945-45"",""trade_id"":""1b0b5c4c-e305-767c-401b-cbda9f8d198f"",""yes_price_dollars"":""0.4900""}"
KXBTC15M-26APR271945-45,c1c765d9-96b8-512c-2516-63c45264f77a,1777332615,0.5,18.0,yes,"{""count_fp"":""18.00"",""created_time"":""2026-04-27T23:30:15.283163Z"",""no_price_dollars"":""0.5000"",""taker_side"":""yes"",""ticker"":""KXBTC15M-26APR271945-45"",""trade_id"":""c1c765d9-96b8-512c-2516-63c45264f77a"",""yes_price_dollars"":""0.5000""}"
KXBTC15M-26APR271945-45,59de5ec9-aa62-42fc-0733-910c77f58cae,1777332616,0.51,10.0,yes,"{""count_fp"":""10.00"",""created_time"":""2026-04-27T23:30:16.824699Z"",""no_price_dollars"":""0.4900"",""taker_side"":""yes"",""ticker"":""KXBTC15M-26APR271945-45"",""trade_id"":""59de5ec9-aa62-42fc-0733-910c77f58cae"",""yes_price_dollars"":""0.5100""}"
KXBTC15M-26APR271945-45,40512a68-64c3-448b-2927-6e1f85853df6,1777332616,0.51,9.0,yes,"{""count_fp"":""9.00"",""created_time"":""2026-04-27T23:30:16.824699Z"",""no_price_dollars"":""0.4900"",""taker_side"":""yes"",""ticker"":""KXBTC15M-26APR271945-45"",""trade_id"":""40512a68-64c3-448b-2927-6e1f85853df6"",""yes_price_dollars"":""0.5100""}"
KXBTC15M-26APR271945-45,a27a7c7e-1f05-43fe-92fb-8cfecc84479c,1777332616,0.5,20.0,yes,"{""count_fp"":""20.00"",""created_time"":""2026-04-27T23:30:16.228067Z"",""no_price_dollars"":""0.5000"",""taker_side"":""yes"",""ticker"":""KXBTC15M-26APR271945-45"",""trade_id"":""a27a7c7e-1f05-43fe-92fb-8cfecc84479c"",""yes_price_dollars"":""0.5000""}"
KXBTC15M-26APR271945-45,5662cc9a-9001-403e-af0d-080b2d5b0d14,1777332616,0.5,63.59,yes,"{""count_fp"":""63.59"",""created_time"":""2026-04-27T23:30:16.097475Z"",""no_price_dollars"":""0.5000"",""taker_side"":""yes"",""ticker"":""KXBTC15M-26APR271945-45"",""trade_id"":""5662cc9a-9001-403e-af0d-080b2d5b0d14"",""yes_price_dollars"":""0.5000""}"
KXBTC15M-26APR271945-45,51b5c90d-76b6-64de-5874-c1c8a7566dc7,1777332617,0.51,1.89,no,"{""count_fp"":""1.89"",""created_time"":""2026-04-27T23:30:17.892259Z"",""no_price_dollars"":""0.4900"",""taker_side"":""no"",""ticker"":""KXBTC15M-26APR271945-45"",""trade_id"":""51b5c90d-76b6-64de-5874-c1c8a7566dc7"",""yes_price_dollars"":""0.5100""}"
KXBTC15M-26APR271945-45,c003fa2f-1564-70fb-84dd-4e703dfe3529,1777332617,0.53,3.13,yes,"{""count_fp"":""3.13"",""created_time"":""2026-04-27T23:30:17.886982Z"",""no_price_dollars"":""0.4700"",""taker_side"":""yes"",""ticker"":""KXBTC15M-26APR271945-45"",""trade_id"":""c003fa2f-1564-70fb-84dd-4e703dfe3529"",""yes_price_dollars"":""0.5300""}"
KXBTC15M-26APR271945-45,6ea667ba-fd94-7302-b722-f138240e35da,1777332617,0.54,30.87,yes,"{""count_fp"":""30.87"",""created_time"":""2026-04-27T23:30:17.886982Z"",""no_price_dollars"":""0.4600"",""taker_side"":""yes"",""ticker"":""KXBTC15M-26APR271945-45"",""trade_id"":""6ea667ba-fd94-7302-b722-f138240e35da"",""yes_price_dollars"":""0.5400""}"
KXBTC15M-26APR271945-45,d164a31b-56fc-635b-f947-3da209e91901,1777332617,0.53,6.87,yes,"{""count_fp"":""6.87"",""created_time"":""2026-04-27T23:30:17.864922Z"",""no_price_dollars"":""0.4700"",""taker_side"":""yes"",""ticker"":""KXBTC15M-26APR271945-45"",""trade_id"":""d164a31b-56fc-635b-f947-3da209e91901"",""yes_price_dollars"":""0.5300""}"
KXBTC15M-26APR271945-45,6c9fa05e-14bb-686a-eebf-953d6dea170c,1777332617,0.52,2.27,yes,"{""count_fp"":""2.27"",""created_time"":""2026-04-27T23:30:17.864922Z"",""no_price_dollars"":""0.4800"",""taker_side"":""yes"",""ticker"":""KXBTC15M-26APR271945-45"",""trade_id"":""6c9fa05e-14bb-686a-eebf-953d6dea170c"",""yes_price_dollars"":""0.5200""}"
KXBTC15M-26APR271945-45,45fe975e-a210-64dd-a6fa-628e4b3d56e8,1777332617,0.51,3.0,no,"{""count_fp"":""3.00"",""created_time"":""2026-04-27T23:30:17.557218Z"",""no_price_dollars"":""0.4900"",""taker_side"":""no"",""ticker"":""KXBTC15M-26APR271945-45"",""trade_id"":""45fe975e-a210-64dd-a6fa-628e4b3d56e8"",""yes_price_dollars"":""0.5100""}"
KXBTC15M-26APR271945-45,228ab078-df7a-689e-927e-a27eeec63bc7,1777332617,0.51,97.0,no,"{""count_fp"":""97.00"",""created_time"":""2026-04-27T23:30:17.557218Z"",""no_price_dollars"":""0.4900"",""taker_side"":""no"",""ticker"":""KXBTC15M-26APR271945-45"",""trade_id"":""228ab078-df7a-689e-927e-a27eeec63bc7"",""yes_price_dollars"":""0.5100""}"
KXBTC15M-26APR271945-45,e6a9668c-285e-4243-5247-8226bd9641b0,1777332618,0.52,114.0,no,"{""count_fp"":""114.00"",""created_time"":""2026-04-27T23:30:18.727311Z"",""no_price_dollars"":""0.4800"",""taker_side"":""no"",""ticker"":""KXBTC15M-26APR271945-45"",""trade_id"":""e6a9668c-285e-4243-5247-8226bd9641b0"",""yes_price_dollars"":""0.5200""}"
KXBTC15M-26APR271945-45,0892f17c-c965-4150-6d5e-3a0bbaa999fa,1777332618,0.52,281.72,no,"{""count_fp"":""281.72"",""created_time"":""2026-04-27T23:30:18.727311Z"",""no_price_dollars"":""0.4800"",""taker_side"":""no"",""ticker"":""KXBTC15M-26APR271945-45"",""trade_id"":""0892f17c-c965-4150-6d5e-3a0bbaa999fa"",""yes_price_dollars"":""0.5200""}"
KXBTC15M-26APR271945-45,d7cb1ec1-057e-65de-59ba-e6442a4c882b,1777332618,0.51,11.49,no,"{""count_fp"":""11.49"",""created_time"":""2026-04-27T23:30:18.289354Z"",""no_price_dollars"":""0.4900"",""taker_side"":""no"",""ticker"":""KXBTC15M-26APR271945-45"",""trade_id"":""d7cb1ec1-057e-65de-59ba-e6442a4c882b"",""yes_price_dollars"":""0.5100""}"
KXBTC15M-26APR271945-45,25a77ca4-01fc-616c-6d78-7e50348ad405,1777332618,0.52,500.0,no,"{""count_fp"":""500.00"",""created_time"":""2026-04-27T23:30:18.289354Z"",""no_price_dollars"":""0.4800"",""taker_side"":""no"",""ticker"":""KXBTC15M-26APR271945-45"",""trade_id"":""25a77ca4-01fc-616c-6d78-7e50348ad405"",""yes_price_dollars"":""0.5200""}"
KXBTC15M-26APR271945-45,1a03914d-b7e3-60b3-6453-2001582866bf,1777332618,0.52,3.0,no,"{""count_fp"":""3.00"",""created_time"":""2026-04-27T23:30:18.289354Z"",""no_price_dollars"":""0.4800"",""taker_side"":""no"",""ticker"":""KXBTC15M-26APR271945-45"",""trade_id"":""1a03914d-b7e3-60b3-6453-2001582866bf"",""yes_price_dollars"":""0.5200""}"
KXBTC15M-26APR271945-45,72ebfbf4-4624-40e0-3828-0b355a8f866d,1777332618,0.53,117.1,no,"{""count_fp"":""117.10"",""created_time"":""2026-04-27T23:30:18.117194Z"",""no_price_dollars"":""0.4700"",""taker_side"":""no"",""ticker"":""KXBTC15M-26APR271945-45"",""trade_id"":""72ebfbf4-4624-40e0-3828-0b355a8f866d"",""yes_price_dollars"":""0.5300""}"
KXBTC15M-26APR271945-45,60e0f5ea-7bda-4844-1dd4-d4dd9d60d9f5,1777332618,0.53,80.0,no,"{""count_fp"":""80.00"",""created_time"":""2026-04-27T23:30:18.117194Z"",""no_price_dollars"":""0.4700"",""taker_side"":""no"",""ticker"":""KXBTC15M-26APR271945-45"",""trade_id"":""60e0f5ea-7bda-4844-1dd4-d4dd9d60d9f5"",""yes_price_dollars"":""0.5300""}"
KXBTC15M-26APR271945-45,ed1a4006-8e90-65ae-d8b3-4569a26a3d32,1777332618,0.54,7.0,yes,"{""count_fp"":""7.00"",""created_time"":""2026-04-27T23:30:18.117007Z"",""no_price_dollars"":""0.4600"",""taker_side"":""yes"",""ticker"":""KXBTC15M-26APR271945-45"",""trade_id"":""ed1a4006-8e90-65ae-d8b3-4569a26a3d32"",""yes_price_dollars"":""0.5400""}"
KXBTC15M-26APR271945-45,79072f14-5472-496a-ac60-e83eb722d6d3,1777332619,0.52,50.25,no,"{""count_fp"":""50.25"",""created_time"":""2026-04-27T23:30:19.974237Z"",""no_price_dollars"":""0.4800"",""taker_side"":""no"",""ticker"":""KXBTC15M-26APR271945-45"",""trade_id"":""79072f14-5472-496a-ac60-e83eb722d6d3"",""yes_price_dollars"":""0.5200""}"
KXBTC15M-26APR271945-45,80764337-341e-6a2a-6c0f-b0642003d9e3,1777332619,0.52,59.11,no,"{""count_fp"":""59.11"",""created_time"":""2026-04-27T23:30:19.881305Z"",""no_price_dollars"":""0.4800"",""taker_side"":""no"",""ticker"":""KXBTC15M-26APR271945-45"",""trade_id"":""80764337-341e-6a2a-6c0f-b0642003d9e3"",""yes_price_dollars"":""0.5200""}"
KXBTC15M-26APR271945-45,e2afcd0c-3805-4094-8c82-34db360c7bd6,1777332619,0.53,3.0,no,"{""count_fp"":""3.00"",""created_time"":""2026-04-27T23:30:19.770263Z"",""no_price_dollars"":""0.4700"",""taker_side"":""no"",""ticker"":""KXBTC15M-26APR271945-45"",""trade_id"":""e2afcd0c-3805-4094-8c82-34db360c7bd6"",""yes_price_dollars"":""0.5300""}"
KXBTC15M-26APR271945-45,f84586e2-07fb-6944-22a0-c1fd6b6f92b0,1777332619,0.53,33.0,no,"{""count_fp"":""33.00"",""created_time"":""2026-04-27T23:30:19.747203Z"",""no_price_dollars"":""0.4700"",""taker_side"":""no"",""ticker"":""KXBTC15M-26APR271945-45"",""trade_id"":""f84586e2-07fb-6944-22a0-c1fd6b6f92b0"",""yes_price_dollars"":""0.5300""}"
KXBTC15M-26APR271945-45,865c46eb-81fd-64e4-390e-57f37cab2776,1777332619,0.53,97.92,no,"{""count_fp"":""97.92"",""created_time"":""2026-04-27T23:30:19.747203Z"",""no_price_dollars"":""0.4700"",""taker_side"":""no"",""ticker"":""KXBTC15M-26APR271945-45"",""trade_id"":""865c46eb-81fd-64e4-390e-57f37cab2776"",""yes_price_dollars"":""0.5300""}"
KXBTC15M-26APR271945-45,6f8cb5cb-82c4-7f0a-fa08-e3613c80188a,1777332619,0.54,5.0,yes,"{""count_fp"":""5.00"",""created_time"":""2026-04-27T23:30:19.487277Z"",""no_price_dollars"":""0.4600"",""taker_side"":""yes"",""ticker"":""KXBTC15M-26APR271945-45"",""trade_id"":""6f8cb5cb-82c4-7f0a-fa08-e3613c80188a"",""yes_price_dollars"":""0.5400""}"
KXBTC15M-26APR271945-45,f6ce459d-3fc2-4b32-109b-29e224206f63,1777332619,0.52,92.54,no,"{""count_fp"":""92.54"",""created_time"":""2026-04-27T23:30:19.417122Z"",""no_price_dollars"":""0.4800"",""taker_side"":""no"",""ticker"":""KXBTC15M-26APR271945-45"",""trade_id"":""f6ce459d-3fc2-4b32-109b-29e224206f63"",""yes_price_dollars"":""0.5200""}"
KXBTC15M-26APR271945-45,36b9149a-d9d6-57c6-8eba-0320bb720147,1777332619,0.52,7.88,no,"{""count_fp"":""7.88"",""created_time"":""2026-04-27T23:30:19.306091Z"",""no_price_dollars"":""0.4800"",""taker_side"":""no"",""ticker"":""KXBTC15M-26APR271945-45"",""trade_id"":""36b9149a-d9d6-57c6-8eba-0320bb720147"",""yes_price_dollars"":""0.5200""}"
KXBTC15M-26APR271945-45,559bb7ea-94f8-5a52-9aa5-c1247fa942fe,1777332619,0.54,1.0,yes,"{""count_fp"":""1.00"",""created_time"":""2026-04-27T23:30:19.111903Z"",""no_price_dollars"":""0.4600"",""taker_side"":""yes"",""ticker"":""KXBTC15M-26APR271945-45"",""trade_id"":""559bb7ea-94f8-5a52-9aa5-c1247fa942fe"",""yes_price_dollars"":""0.5400""}"
KXBTC15M-26APR271945-45,d79271b6-0b94-7556-7c54-b537456ca0c2,1777332620,0.54,21.52,yes,"{""count_fp"":""21.52"",""created_time"":""2026-04-27T23:30:20.859546Z"",""no_price_dollars"":""0.4600"",""taker_side"":""yes"",""ticker"":""KXBTC15M-26APR271945-45"",""trade_id"":""d79271b6-0b94-7556-7c54-b537456ca0c2"",""yes_price_dollars"":""0.5400""}"
KXBTC15M-26APR271945-45,11c2582c-b496-7f56-f0ca-f0dcd37f6dd3,1777332620,0.52,13.79,no,"{""count_fp"":""13.79"",""created_time"":""2026-04-27T23:30:20.497295Z"",""no_price_dollars"":""0.4800"",""taker_side"":""no"",""ticker"":""KXBTC15M-26APR271945-45"",""trade_id"":""11c2582c-b496-7f56-f0ca-f0dcd37f6dd3"",""yes_price_dollars"":""0.5200""}"
KXBTC15M-26APR271945-45,a699b1e2-fcae-7382-47c3-f19acc8ddedb,1777332620,0.52,398.4,no,"{""count_fp"":""398.40"",""created_time"":""2026-04-27T23:30:20.442951Z"",""no_price_dollars"":""0.4800"",""taker_side"":""no"",""ticker"":""KXBTC15M-26APR271945-45"",""trade_id"":""a699b1e2-fcae-7382-47c3-f19acc8ddedb"",""yes_price_dollars"":""0.5200""}"
KXBTC15M-26APR271945-45,7ad4c2a0-198c-7fca-3389-d340711c9076,1777332620,0.54,46.64,yes,"{""count_fp"":""46.64"",""created_time"":""2026-04-27T23:30:20.057581Z"",""no_price_dollars"":""0.4600"",""taker_side"":""yes"",""ticker"":""KXBTC15M-26APR271945-45"",""trade_id"":""7ad4c2a0-198c-7fca-3389-d340711c9076"",""yes_price_dollars"":""0.5400""}"
KXBTC15M-26APR271945-45,d829db77-fce6-77a2-2b35-ab6d2675844f,1777332621,0.52,5.56,no,"{""count_fp"":""5.56"",""created_time"":""2026-04-27T23:30:21.920051Z"",""no_price_dollars"":""0.4800"",""taker_side"":""no"",""ticker"":""KXBTC15M-26APR271945-45"",""trade_id"":""d829db77-fce6-77a2-2b35-ab6d2675844f"",""yes_price_dollars"":""0.5200""}"
KXBTC15M-26APR271945-45,08d4ccea-dba8-69bc-2e66-a7be208355d6,1777332621,0.53,5.0,yes,"{""count_fp"":""5.00"",""created_time"":""2026-04-27T23:30:21.785638Z"",""no_price_dollars"":""0.4700"",""taker_side"":""yes"",""ticker"":""KXBTC15M-26APR271945-45"",""trade_id"":""08d4ccea-dba8-69bc-2e66-a7be208355d6"",""yes_price_dollars"":""0.5300""}"
KXBTC15M-26APR271945-45,8e75fd96-9e3d-5a02-ffc5-6a9c9b405208,1777332621,0.53,1.79,yes,"{""count_fp"":""1.79"",""created_time"":""2026-04-27T23:30:21.589318Z"",""no_price_dollars"":""0.4700"",""taker_side"":""yes"",""ticker"":""KXBTC15M-26APR271945-45"",""trade_id"":""8e75fd96-9e3d-5a02-ffc5-6a9c9b405208"",""yes_price_dollars"":""0.5300""}"
KXBTC15M-26APR271945-45,e5f2686a-8f45-6ae7-a8e2-00f6267e94b6,1777332622,0.54,30.0,yes,"{""count_fp"":""30.00"",""created_time"":""2026-04-27T23:30:22.509244Z"",""no_price_dollars"":""0.4600"",""taker_side"":""yes"",""ticker"":""KXBTC15M-26APR271945-45"",""trade_id"":""e5f2686a-8f45-6ae7-a8e2-00f6267e94b6"",""yes_price_dollars"":""0.5400""}"
KXBTC15M-26APR271945-45,b1d60260-3db9-67b0-a51f-6a489ce9c0ce,1777332622,0.55,7.31,yes,"{""count_fp"":""7.31"",""created_time"":""2026-04-27T23:30:22.509244Z"",""no_price_dollars"":""0.4500"",""taker_side"":""yes"",""ticker"":""KXBTC15M-26APR271945-45"",""trade_id"":""b1d60260-3db9-67b0-a51f-6a489ce9c0ce"",""yes_price_dollars"":""0.5500""}"
KXBTC15M-26APR271945-45,030db9c9-ea5b-6f5c-b63b-675c75db5be5,1777332622,0.54,32.5,yes,"{""count_fp"":""32.50"",""created_time"":""2026-04-27T23:30:22.509244Z"",""no_price_dollars"":""0.4600"",""taker_side"":""yes"",""ticker"":""KXBTC15M-26APR271945-45"",""trade_id"":""030db9c9-ea5b-6f5c-b63b-675c75db5be5"",""yes_price_dollars"":""0.5400""}"
KXBTC15M-26APR271945-45,fb9c89f1-d035-76a7-09a2-6aa9b70c8aba,1777332622,0.54,3.0,yes,"{""count_fp"":""3.00"",""created_time"":""2026-04-27T23:30:22.410138Z"",""no_price_dollars"":""0.4600"",""taker_side"":""yes"",""ticker"":""KXBTC15M-26APR271945-45"",""trade_id"":""fb9c89f1-d035-76a7-09a2-6aa9b70c8aba"",""yes_price_dollars"":""0.5400""}"
KXBTC15M-26APR271945-45,f9e4db19-0027-7e3c-3242-882536971469,1777332622,0.54,58.53,yes,"{""count_fp"":""58.53"",""created_time"":""2026-04-27T23:30:22.410138Z"",""no_price_dollars"":""0.4600"",""taker_side"":""yes"",""ticker"":""KXBTC15M-26APR271945-45"",""trade_id"":""f9e4db19-0027-7e3c-3242-882536971469"",""yes_price_dollars"":""0.5400""}"
KXBTC15M-26APR271945-45,e2844f7d-99f0-789e-032e-edb77a11185c,1777332622,0.54,20.0,yes,"{""count_fp"":""20.00"",""created_time"":""2026-04-27T23:30:22.410138Z"",""no_price_dollars"":""0.4600"",""taker_side"":""yes"",""ticker"":""KXBTC15M-26APR271945-45"",""trade_id"":""e2844f7d-99f0-789e-032e-edb77a11185c"",""yes_price_dollars"":""0.5400""}"
KXBTC15M-26APR271945-45,59650b96-88d0-78d2-1c79-f009c9ff92be,1777332622,0.54,7.97,yes,"{""count_fp"":""7.97"",""created_time"":""2026-04-27T23:30:22.410138Z"",""no_price_dollars"":""0.4600"",""taker_side"":""yes"",""ticker"":""KXBTC15M-26APR271945-45"",""trade_id"":""59650b96-88d0-78d2-1c79-f009c9ff92be"",""yes_price_dollars"":""0.5400""}"
KXBTC15M-26APR271945-45,dfac33b0-6020-45ef-f4b0-9aab53dbe559,1777332622,0.53,4.0,yes,"{""count_fp"":""4.00"",""created_time"":""2026-04-27T23:30:22.397544Z"",""no_price_dollars"":""0.4700"",""taker_side"":""yes"",""ticker"":""KXBTC15M-26APR271945-45"",""trade_id"":""dfac33b0-6020-45ef-f4b0-9aab53dbe559"",""yes_price_dollars"":""0.5300""}"
KXBTC15M-26APR271945-45,0ba96097-5588-4774-f47a-1c88fb51434e,1777332622,0.53,11.95,yes,"{""count_fp"":""11.95"",""created_time"":""2026-04-27T23:30:22.397544Z"",""no_price_dollars"":""0.4700"",""taker_side"":""yes"",""ticker"":""KXBTC15M-26APR271945-45"",""trade_id"":""0ba96097-5588-4774-f47a-1c88fb51434e"",""yes_price_dollars"":""0.5300""}"
KXBTC15M-26APR271945-45,541a3fb8-b028-7f8c-e1be-1f5ee9ca14c2,1777332622,0.53,43.23,yes,"{""count_fp"":""43.23"",""created_time"":""2026-04-27T23:30:22.170419Z"",""no_price_dollars"":""0.4700"",""taker_side"":""yes"",""ticker"":""KXBTC15M-26APR271945-45"",""trade_id"":""541a3fb8-b028-7f8c-e1be-1f5ee9ca14c2"",""yes_price_dollars"":""0.5300""}"
KXBTC15M-26APR271945-45,d2d4c7dd-2be0-6b04-71ab-b781a405c5fe,1777332622,0.53,53.82,yes,"{""count_fp"":""53.82"",""created_time"":""2026-04-27T23:30:22.056958Z"",""no_price_dollars"":""0.4700"",""taker_side"":""yes"",""ticker"":""KXBTC15M-26APR271945-45"",""trade_id"":""d2d4c7dd-2be0-6b04-71ab-b781a405c5fe"",""yes_price_dollars"":""0.5300""}"
KXBTC15M-26APR271945-45,b2d4ed86-b0ef-63d5-2560-c765d4fabc50,1777332623,0.53,16.08,no,"{""count_fp"":""16.08"",""created_time"":""2026-04-27T23:30:23.962256Z"",""no_price_dollars"":""0.4700"",""taker_side"":""no"",""ticker"":""KXBTC15M-26APR271945-45"",""trade_id"":""b2d4ed86-b0ef-63d5-2560-c765d4fabc50"",""yes_price_dollars"":""0.5300""}"
KXBTC15M-26APR271945-45,cce7848f-46c7-5625-ec31-df27c0fdb614,1777332623,0.53,20.1,no,"{""count_fp"":""20.10"",""created_time"":""2026-04-27T23:30:23.041045Z"",""no_price_dollars"":""0.4700"",""taker_side"":""no"",""ticker"":""KXBTC15M-26APR271945-45"",""trade_id"":""cce7848f-46c7-5625-ec31-df27c0fdb614"",""yes_price_dollars"":""0.5300""}"
KXBTC15M-26APR271945-45,52a4a1b7-cb51-70c4-dfaf-8f1b03832d72,1777332624,0.53,0.31,no,"{""count_fp"":""0.31"",""created_time"":""2026-04-27T23:30:24.913244Z"",""no_price_dollars"":""0.4700"",""taker_side"":""no"",""ticker"":""KXBTC15M-26APR271945-45"",""trade_id"":""52a4a1b7-cb51-70c4-dfaf-8f1b03832d72"",""yes_price_dollars"":""0.5300""}"
KXBTC15M-26APR271945-45,c31088d9-2789-4a38-40f4-60c2ac12f166,1777332624,0.53,499.69,no,"{""count_fp"":""499.69"",""created_time"":""2026-04-27T23:30:24.908143Z"",""no_price_dollars"":""0.4700"",""taker_side"":""no"",""ticker"":""KXBTC15M-26APR271945-45"",""trade_id"":""c31088d9-2789-4a38-40f4-60c2ac12f166"",""yes_price_dollars"":""0.5300""}"
KXBTC15M-26APR271945-45,70b8c09c-3d4b-4075-5916-881f52612448,1777332624,0.53,29.31,no,"{""count_fp"":""29.31"",""created_time"":""2026-04-27T23:30:24.908143Z"",""no_price_dollars"":""0.4700"",""taker_side"":""no"",""ticker"":""KXBTC15M-26APR271945-45"",""trade_id"":""70b8c09c-3d4b-4075-5916-881f52612448"",""yes_price_dollars"":""0.5300""}"
KXBTC15M-26APR271945-45,91ccba20-1835-73c0-8699-37d02e3d3086,1777332624,0.55,23.47,yes,"{""count_fp"":""23.47"",""created_time"":""2026-04-27T23:30:24.658483Z"",""no_price_dollars"":""0.4500"",""taker_side"":""yes"",""ticker"":""KXBTC15M-26APR271945-45"",""trade_id"":""91ccba20-1835-73c0-8699-37d02e3d3086"",""yes_price_dollars"":""0.5500""}"
KXBTC15M-26APR271945-45,1222014d-888f-75d4-b872-b50aca8fc236,1777332624,0.54,3.0,yes,"{""count_fp"":""3.00"",""created_time"":""2026-04-27T23:30:24.658483Z"",""no_price_dollars"":""0.4600"",""taker_side"":""yes"",""ticker"":""KXBTC15M-26APR271945-45"",""trade_id"":""1222014d-888f-75d4-b872-b50aca8fc236"",""yes_price_dollars"":""0.5400""}"
KXBTC15M-26APR271945-45,86fdbba5-4617-5520-0839-a476dd07ef1c,1777332624,0.54,1.89,yes,"{""count_fp"":""1.89"",""created_time"":""2026-04-27T23:30:24.475797Z"",""no_price_dollars"":""0.4600"",""taker_side"":""yes"",""ticker"":""KXBTC15M-26APR271945-45"",""trade_id"":""86fdbba5-4617-5520-0839-a476dd07ef1c"",""yes_price_dollars"":""0.5400""}"
KXBTC15M-26APR271945-45,393b61dd-8d33-44bd-f13e-1565921696a8,1777332624,0.53,0.51,no,"{""count_fp"":""0.51"",""created_time"":""2026-04-27T23:30:24.474197Z"",""no_price_dollars"":""0.4700"",""taker_side"":""no"",""ticker"":""KXBTC15M-26APR271945-45"",""trade_id"":""393b61dd-8d33-44bd-f13e-1565921696a8"",""yes_price_dollars"":""0.5300""}"
KXBTC15M-26APR271945-45,aa5a0906-b085-4bea-0183-f55a8991108a,1777332625,0.5,1.0,yes,"{""count_fp"":""1.00"",""created_time"":""2026-04-27T23:30:25.532865Z"",""no_price_dollars"":""0.5000"",""taker_side"":""yes"",""ticker"":""KXBTC15M-26APR271945-45"",""trade_id"":""aa5a0906-b085-4bea-0183-f55a8991108a"",""yes_price_dollars"":""0.5000""}"
KXBTC15M-26APR271945-45,80920842-80c9-4d06-3582-eb82317105fc,1777332625,0.5,11.0,yes,"{""count_fp"":""11.00"",""created_time"":""2026-04-27T23:30:25.532865Z"",""no_price_dollars"":""0.5000"",""taker_side"":""yes"",""ticker"":""KXBTC15M-26APR271945-45"",""trade_id"":""80920842-80c9-4d06-3582-eb82317105fc"",""yes_price_dollars"":""0.5000""}"
KXBTC15M-26APR271945-45,5b8cbab0-fcd1-7fe4-1cb5-87fbab70d226,1777332625,0.51,8.85,yes,"{""count_fp"":""8.85"",""created_time"":""2026-04-27T23:30:25.289854Z"",""no_price_dollars"":""0.4900"",""taker_side"":""yes"",""ticker"":""KXBTC15M-26APR271945-45"",""trade_id"":""5b8cbab0-fcd1-7fe4-1cb5-87fbab70d226"",""yes_price_dollars"":""0.5100""}"
KXBTC15M-26APR271945-45,34531784-2f29-7c10-d0bd-233cacfc56ca,1777332625,0.52,4.6,yes,"{""count_fp"":""4.60"",""created_time"":""2026-04-27T23:30:25.269274Z"",""no_price_dollars"":""0.4800"",""taker_side"":""yes"",""ticker"":""KXBTC15M-26APR271945-45"",""trade_id"":""34531784-2f29-7c10-d0bd-233cacfc56ca"",""yes_price_dollars"":""0.5200""}"
KXBTC15M-26APR271945-45,4cbec8fe-30c9-636c-8aaa-584f26ab40fe,1777332625,0.52,89.7,yes,"{""count_fp"":""89.70"",""created_time"":""2026-04-27T23:30:25.173Z"",""no_price_dollars"":""0.4800"",""taker_side"":""yes"",""ticker"":""KXBTC15M-26APR271945-45"",""trade_id"":""4cbec8fe-30c9-636c-8aaa-584f26ab40fe"",""yes_price_dollars"":""0.5200""}"
KXBTC15M-26APR271945-45,7406c597-4901-6924-8697-3c946f8ee74e,1777332625,0.52,82.0,yes,"{""count_fp"":""82.00"",""created_time"":""2026-04-27T23:30:25.139461Z"",""no_price_dollars"":""0.4800"",""taker_side"":""yes"",""ticker"":""KXBTC15M-26APR271945-45"",""trade_id"":""7406c597-4901-6924-8697-3c946f8ee74e"",""yes_price_dollars"":""0.5200""}"
KXBTC15M-26APR271945-45,a7625fd3-9436-55b0-0f9f-e5c386e19cd6,1777332625,0.52,3.0,yes,"{""count_fp"":""3.00"",""created_time"":""2026-04-27T23:30:25.118904Z"",""no_price_dollars"":""0.4800"",""taker_side"":""yes"",""ticker"":""KXBTC15M-26APR271945-45"",""trade_id"":""a7625fd3-9436-55b0-0f9f-e5c386e19cd6"",""yes_price_dollars"":""0.5200""}"
KXBTC15M-26APR271945-45,2dab987c-8481-5ab8-3a5a-441fe68e8a3a,1777332625,0.52,51.8,yes,"{""count_fp"":""51.80"",""created_time"":""2026-04-27T23:30:25.118904Z"",""no_price_dollars"":""0.4800"",""taker_side"":""yes"",""ticker"":""KXBTC15M-26APR271945-45"",""trade_id"":""2dab987c-8481-5ab8-3a5a-441fe68e8a3a"",""yes_price_dollars"":""0.5200""}"
KXBTC15M-26APR271945-45,0e031712-9f15-4026-94b8-b15ae7ead7d4,1777332626,0.51,8.85,yes,"{""count_fp"":""8.85"",""created_time"":""2026-04-27T23:30:26.950092Z"",""no_price_dollars"":""0.4900"",""taker_side"":""yes"",""ticker"":""KXBTC15M-26APR271945-45"",""trade_id"":""0e031712-9f15-4026-94b8-b15ae7ead7d4"",""yes_price_dollars"":""0.5100""}"
KXBTC15M-26APR271945-45,81d85f9b-b689-6856-ef40-e9d4b3967260,1777332626,0.51,8.97,yes,"{""count_fp"":""8.97"",""created_time"":""2026-04-27T23:30:26.747853Z"",""no_price_dollars"":""0.4900"",""taker_side"":""yes"",""ticker"":""KXBTC15M-26APR271945-45"",""trade_id"":""81d85f9b-b689-6856-ef40-e9d4b3967260"",""yes_price_dollars"":""0.5100""}"
KXBTC15M-26APR271945-45,57804954-84cd-51d6-d572-c9e4da994b6c,1777332626,0.51,292.43,yes,"{""count_fp"":""292.43"",""created_time"":""2026-04-27T23:30:26.688316Z"",""no_price_dollars"":""0.4900"",""taker_side"":""yes"",""ticker"":""KXBTC15M-26APR271945-45"",""trade_id"":""57804954-84cd-51d6-d572-c9e4da994b6c"",""yes_price_dollars"":""0.5100""}"
KXBTC15M-26APR271945-45,156eaf30-08c5-6752-1005-c9cc38244920,1777332626,0.51,8.97,yes,"{""count_fp"":""8.97"",""created_time"":""2026-04-27T23:30:26.642893Z"",""no_price_dollars"":""0.4900"",""taker_side"":""yes"",""ticker"":""KXBTC15M-26APR271945-45"",""trade_id"":""156eaf30-08c5-6752-1005-c9cc38244920"",""yes_price_dollars"":""0.5100""}"
KXBTC15M-26APR271945-45,16e29a6a-1713-6d39-64ca-61d858b31d05,1777332626,0.5,9.66,no,"{""count_fp"":""9.66"",""created_time"":""2026-04-27T23:30:26.460759Z"",""no_price_dollars"":""0.5000"",""taker_side"":""no"",""ticker"":""KXBTC15M-26APR271945-45"",""trade_id"":""16e29a6a-1713-6d39-64ca-61d858b31d05"",""yes_price_dollars"":""0.5000""}"
KXBTC15M-26APR271945-45,8c923813-03f4-657c-b5b0-0a3661fe9b1a,1777332626,0.5,2.0,no,"{""count_fp"":""2.00"",""created_time"":""2026-04-27T23:30:26.197592Z"",""no_price_dollars"":""0.5000"",""taker_side"":""no"",""ticker"":""KXBTC15M-26APR271945-45"",""trade_id"":""8c923813-03f4-657c-b5b0-0a3661fe9b1a"",""yes_price_dollars"":""0.5000""}"
KXBTC15M-26APR271945-45,e98369d5-7a81-6824-2466-c314957fdac6,1777332626,0.51,35.29,yes,"{""count_fp"":""35.29"",""created_time"":""2026-04-27T23:30:26.049268Z"",""no_price_dollars"":""0.4900"",""taker_side"":""yes"",""ticker"":""KXBTC15M-26APR271945-45"",""trade_id"":""e98369d5-7a81-6824-2466-c314957fdac6"",""yes_price_dollars"":""0.5100""}"
KXBTC15M-26APR271945-45,a3337d81-55ad-6afe-87d7-fcbb346bbda4,1777332627,0.51,28.43,yes,"{""count_fp"":""28.43"",""created_time"":""2026-04-27T23:30:27.436135Z"",""no_price_dollars"":""0.4900"",""taker_side"":""yes"",""ticker"":""KXBTC15M-26APR271945-45"",""trade_id"":""a3337d81-55ad-6afe-87d7-fcbb346bbda4"",""yes_price_dollars"":""0.5100""}"
KXBTC15M-26APR271945-45,db8857d8-9955-7322-ed90-ad37d144f4f8,1777332627,0.51,1.89,yes,"{""count_fp"":""1.89"",""created_time"":""2026-04-27T23:30:27.194008Z"",""no_price_dollars"":""0.4900"",""taker_side"":""yes"",""ticker"":""KXBTC15M-26APR271945-45"",""trade_id"":""db8857d8-9955-7322-ed90-ad37d144f4f8"",""yes_price_dollars"":""0.5100""}"
KXBTC15M-26APR271945-45,7a64f819-c2a5-73ee-4ba0-d8f72dd30ba8,1777332627,0.51,9.0,yes,"{""count_fp"":""9.00"",""created_time"":""2026-04-27T23:30:27.193044Z"",""no_price_dollars"":""0.4900"",""taker_side"":""yes"",""ticker"":""KXBTC15M-26APR271945-45"",""trade_id"":""7a64f819-c2a5-73ee-4ba0-d8f72dd30ba8"",""yes_price_dollars"":""0.5100""}"
KXBTC15M-26APR271945-45,b8c19e1f-c9f1-4d1e-64f0-d4a802330b4c,1777332627,0.51,8.81,yes,"{""count_fp"":""8.81"",""created_time"":""2026-04-27T23:30:27.040407Z"",""no_price_dollars"":""0.4900"",""taker_side"":""yes"",""ticker"":""KXBTC15M-26APR271945-45"",""trade_id"":""b8c19e1f-c9f1-4d1e-64f0-d4a802330b4c"",""yes_price_dollars"":""0.5100""}"
KXBTC15M-26APR271945-45,5ed5f3d6-d7bb-595d-6e88-89a5e2cc4a39,1777332628,0.5,48.3,no,"{""count_fp"":""48.30"",""created_time"":""2026-04-27T23:30:28.812762Z"",""no_price_dollars"":""0.5000"",""taker_side"":""no"",""ticker"":""KXBTC15M-26APR271945-45"",""trade_id"":""5ed5f3d6-d7bb-595d-6e88-89a5e2cc4a39"",""yes_price_dollars"":""0.5000""}"
KXBTC15M-26APR271945-45,3c7a391b-81d2-7c14-740b-861fb9864ca8,1777332628,0.51,18.95,yes,"{""count_fp"":""18.95"",""created_time"":""2026-04-27T23:30:28.481287Z"",""no_price_dollars"":""0.4900"",""taker_side"":""yes"",""ticker"":""KXBTC15M-26APR271945-45"",""trade_id"":""3c7a391b-81d2-7c14-740b-861fb9864ca8"",""yes_price_dollars"":""0.5100""}"
KXBTC15M-26APR271945-45,9e3084f2-e0b1-6682-1e66-3f3c38127933,1777332629,0.5,2.0,no,"{""count_fp"":""2.00"",""created_time"":""2026-04-27T23:30:29.444546Z"",""no_price_dollars"":""0.5000"",""taker_side"":""no"",""ticker"":""KXBTC15M-26APR271945-45"",""trade_id"":""9e3084f2-e0b1-6682-1e66-3f3c38127933"",""yes_price_dollars"":""0.5000""}"
KXBTC15M-26APR271945-45,1d351a64-60f5-69e2-7e62-060fddd888e8,1777332630,0.52,64.0,yes,"{""count_fp"":""64.00"",""created_time"":""2026-04-27T23:30:30.786442Z"",""no_price_dollars"":""0.4800"",""taker_side"":""yes"",""ticker"":""KXBTC15M-26APR271945-45"",""trade_id"":""1d351a64-60f5-69e2-7e62-060fddd888e8"",""yes_price_dollars"":""0.5200""}"
KXBTC15M-26APR271945-45,cddf449c-1535-694a-afa1-88751570e5cc,1777332630,0.52,20.13,yes,"{""count_fp"":""20.13"",""created_time"":""2026-04-27T23:30:30.713149Z"",""no_price_dollars"":""0.4800"",""taker_side"":""yes"",""ticker"":""KXBTC15M-26APR271945-45"",""trade_id"":""cddf449c-1535-694a-afa1-88751570e5cc"",""yes_price_dollars"":""0.5200""}"
KXBTC15M-26APR271945-45,fef3bc20-84c1-5c6a-dbec-d602da5b33d7,1777332630,0.5,9.59,no,"{""count_fp"":""9.59"",""created_time"":""2026-04-27T23:30:30.556525Z"",""no_price_dollars"":""0.5000"",""taker_side"":""no"",""ticker"":""KXBTC15M-26APR271945-45"",""trade_id"":""fef3bc20-84c1-5c6a-dbec-d602da5b33d7"",""yes_price_dollars"":""0.5000""}"
KXBTC15M-26APR271945-45,acf3ea37-ed21-4dee-fda3-a26fc1c843f3,1777332630,0.5,1.93,no,"{""count_fp"":""1.93"",""created_time"":""2026-04-27T23:30:30.462153Z"",""no_price_dollars"":""0.5000"",""taker_side"":""no"",""ticker"":""KXBTC15M-26APR271945-45"",""trade_id"":""acf3ea37-ed21-4dee-fda3-a26fc1c843f3"",""yes_price_dollars"":""0.5000""}"
KXBTC15M-26APR271945-45,e731a026-b299-4056-dcec-25b1bb539a74,1777332630,0.52,73.5,yes,"{""count_fp"":""73.50"",""created_time"":""2026-04-27T23:30:30.350875Z"",""no_price_dollars"":""0.4800"",""taker_side"":""yes"",""ticker"":""KXBTC15M-26APR271945-45"",""trade_id"":""e731a026-b299-4056-dcec-25b1bb539a74"",""yes_price_dollars"":""0.5200""}"
KXBTC15M-26APR271945-45,de3ce848-1e69-60e6-f10b-ae8efc16b897,1777332630,0.5,192.28,no,"{""count_fp"":""192.28"",""created_time"":""2026-04-27T23:30:30.300486Z"",""no_price_dollars"":""0.5000"",""taker_side"":""no"",""ticker"":""KXBTC15M-26APR271945-45"",""trade_id"":""de3ce848-1e69-60e6-f10b-ae8efc16b897"",""yes_price_dollars"":""0.5000""}"
KXBTC15M-26APR271945-45,d27b2c50-ca31-78b6-84b3-820bf6d5d270,1777332630,0.52,70.77,yes,"{""count_fp"":""70.77"",""created_time"":""2026-04-27T23:30:30.216316Z"",""no_price_dollars"":""0.4800"",""taker_side"":""yes"",""ticker"":""KXBTC15M-26APR271945-45"",""trade_id"":""d27b2c50-ca31-78b6-84b3-820bf6d5d270"",""yes_price_dollars"":""0.5200""}"
KXBTC15M-26APR271945-45,65f3eb5e-6251-70af-b9ad-827968d7a7d3,1777332630,0.51,18.0,yes,"{""count_fp"":""18.00"",""created_time"":""2026-04-27T23:30:30.216316Z"",""no_price_dollars"":""0.4900"",""taker_side"":""yes"",""ticker"":""KXBTC15M-26APR271945-45"",""trade_id"":""65f3eb5e-6251-70af-b9ad-827968d7a7d3"",""yes_price_dollars"":""0.5100""}"
KXBTC15M-26APR271945-45,387e241b-08b4-7e13-a4ff-c9f258e2991b,1777332630,0.52,1.0,yes,"{""count_fp"":""1.00"",""created_time"":""2026-04-27T23:30:30.216316Z"",""no_price_dollars"":""0.4800"",""taker_side"":""yes"",""ticker"":""KXBTC15M-26APR271945-45"",""trade_id"":""387e241b-08b4-7e13-a4ff-c9f258e2991b"",""yes_price_dollars"":""0.5200""}"
KXBTC15M-26APR271945-45,22e3dfdf-d10b-79f0-be57-5ad03af36d2d,1777332630,0.52,2.0,yes,"{""count_fp"":""2.00"",""created_time"":""2026-04-27T23:30:30.216316Z"",""no_price_dollars"":""0.4800"",""taker_side"":""yes"",""ticker"":""KXBTC15M-26APR271945-45"",""trade_id"":""22e3dfdf-d10b-79f0-be57-5ad03af36d2d"",""yes_price_dollars"":""0.5200""}"
KXBTC15M-26APR271945-45,83cb5688-cc25-5e8d-fe17-9bf143a070e1,1777332631,0.51,2.0,no,"{""count_fp"":""2.00"",""created_time"":""2026-04-27T23:30:31.732467Z"",""no_price_dollars"":""0.4900"",""taker_side"":""no"",""ticker"":""KXBTC15M-26APR271945-45"",""trade_id"":""83cb5688-cc25-5e8d-fe17-9bf143a070e1"",""yes_price_dollars"":""0.5100""}"
KXBTC15M-26APR271945-45,d0a35e6b-a011-7bd2-4d4c-e4d741e80e54,1777332631,0.52,365.37,yes,"{""count_fp"":""365.37"",""created_time"":""2026-04-27T23:30:31.722834Z"",""no_price_dollars"":""0.4800"",""taker_side"":""yes"",""ticker"":""KXBTC15M-26APR271945-45"",""trade_id"":""d0a35e6b-a011-7bd2-4d4c-e4d741e80e54"",""yes_price_dollars"":""0.5200""}"
KXBTC15M-26APR271945-45,8b70355b-1549-6406-a92c-6c36114f71d0,1777332631,0.52,3.69,yes,"{""count_fp"":""3.69"",""created_time"":""2026-04-27T23:30:31.200022Z"",""no_price_dollars"":""0.4800"",""taker_side"":""yes"",""ticker"":""KXBTC15M-26APR271945-45"",""trade_id"":""8b70355b-1549-6406-a92c-6c36114f71d0"",""yes_price_dollars"":""0.5200""}"
KXBTC15M-26APR271945-45,1d8703bc-0551-7711-b71f-eee77cc946f1,1777332631,0.51,1.0,no,"{""count_fp"":""1.00"",""created_time"":""2026-04-27T23:30:31.023388Z"",""no_price_dollars"":""0.4900"",""taker_side"":""no"",""ticker"":""KXBTC15M-26APR271945-45"",""trade_id"":""1d8703bc-0551-7711-b71f-eee77cc946f1"",""yes_price_dollars"":""0.5100""}"
KXBTC15M-26APR271945-45,217891bb-1dad-54be-401f-916fc0e295dc,1777332632,0.52,3.72,yes,"{""count_fp"":""3.72"",""created_time"":""2026-04-27T23:30:32.545289Z"",""no_price_dollars"":""0.4800"",""taker_side"":""yes"",""ticker"":""KXBTC15M-26APR271945-45"",""trade_id"":""217891bb-1dad-54be-401f-916fc0e295dc"",""yes_price_dollars"":""0.5200""}"
KXBTC15M-26APR271945-45,ba74b499-4bb5-4016-f323-f606f65894d7,1777332632,0.51,51.61,no,"{""count_fp"":""51.61"",""created_time"":""2026-04-27T23:30:32.284165Z"",""no_price_dollars"":""0.4900"",""taker_side"":""no"",""ticker"":""KXBTC15M-26APR271945-45"",""trade_id"":""ba74b499-4bb5-4016-f323-f606f65894d7"",""yes_price_dollars"":""0.5100""}"
KXBTC15M-26APR271945-45,70daee6f-e7d3-4c35-c63f-5da3b0fbbdc9,1777332632,0.51,45.0,no,"{""count_fp"":""45.00"",""created_time"":""2026-04-27T23:30:32.284165Z"",""no_price_dollars"":""0.4900"",""taker_side"":""no"",""ticker"":""KXBTC15M-26APR271945-45"",""trade_id"":""70daee6f-e7d3-4c35-c63f-5da3b0fbbdc9"",""yes_price_dollars"":""0.5100""}"
KXBTC15M-26APR271945-45,d66f7c17-dd9d-65d2-926f-2842fdefb560,1777332632,0.52,1.7,yes,"{""count_fp"":""1.70"",""created_time"":""2026-04-27T23:30:32.139387Z"",""no_price_dollars"":""0.4800"",""taker_side"":""yes"",""ticker"":""KXBTC15M-26APR271945-45"",""trade_id"":""d66f7c17-dd9d-65d2-926f-2842fdefb560"",""yes_price_dollars"":""0.5200""}"
KXBTC15M-26APR271945-45,f1ffa926-ddc7-72bf-0d05-da366bd9591e,1777332632,0.51,2.0,no,"{""count_fp"":""2.00"",""created_time"":""2026-04-27T23:30:32.054356Z"",""no_price_dollars"":""0.4900"",""taker_side"":""no"",""ticker"":""KXBTC15M-26APR271945-45"",""trade_id"":""f1ffa926-ddc7-72bf-0d05-da366bd9591e"",""yes_price_dollars"":""0.5100""}"
KXBTC15M-26APR271945-45,96169487-bfd3-6a07-aea1-671d1cf643fa,1777332632,0.51,26.3,no,"{""count_fp"":""26.30"",""created_time"":""2026-04-27T23:30:32.008189Z"",""no_price_dollars"":""0.4900"",""taker_side"":""no"",""ticker"":""KXBTC15M-26APR271945-45"",""trade_id"":""96169487-bfd3-6a07-aea1-671d1cf643fa"",""yes_price_dollars"":""0.5100""}"
KXBTC15M-26APR271945-45,837f2327-8375-6d29-947a-519cd6a2a159,1777332632,0.51,22.0,no,"{""count_fp"":""22.00"",""created_time"":""2026-04-27T23:30:32.008189Z"",""no_price_dollars"":""0.4900"",""taker_side"":""no"",""ticker"":""KXBTC15M-26APR271945-45"",""trade_id"":""837f2327-8375-6d29-947a-519cd6a2a159"",""yes_price_dollars"":""0.5100""}"
KXBTC15M-26APR271945-45,b89f4116-5b81-6eca-1dcb-ce3373f800f0,1777332633,0.52,10.0,yes,"{""count_fp"":""10.00"",""created_time"":""2026-04-27T23:30:33.597677Z"",""no_price_dollars"":""0.4800"",""taker_side"":""yes"",""ticker"":""KXBTC15M-26APR271945-45"",""trade_id"":""b89f4116-5b81-6eca-1dcb-ce3373f800f0"",""yes_price_dollars"":""0.5200""}"
KXBTC15M-26APR271945-45,4cd7a6f5-d119-6ec2-dfe6-2aebc52fbb54,1777332633,0.52,24.17,yes,"{""count_fp"":""24.17"",""created_time"":""2026-04-27T23:30:33.503027Z"",""no_price_dollars"":""0.4800"",""taker_side"":""yes"",""ticker"":""KXBTC15M-26APR271945-45"",""trade_id"":""4cd7a6f5-d119-6ec2-dfe6-2aebc52fbb54"",""yes_price_dollars"":""0.5200""}"
KXBTC15M-26APR271945-45,d1c6b5d3-b675-47ca-3022-abebb1c9b748,1777332633,0.52,9.3,yes,"{""count_fp"":""9.30"",""created_time"":""2026-04-27T23:30:33.460465Z"",""no_price_dollars"":""0.4800"",""taker_side"":""yes"",""ticker"":""KXBTC15M-26APR271945-45"",""trade_id"":""d1c6b5d3-b675-47ca-3022-abebb1c9b748"",""yes_price_dollars"":""0.5200""}"
KXBTC15M-26APR271945-45,941ecd26-8b7f-4ae8-90c1-2c7383acc92e,1777332634,0.52,24.9,yes,"{""count_fp"":""24.90"",""created_time"":""2026-04-27T23:30:34.483815Z"",""no_price_dollars"":""0.4800"",""taker_side"":""yes"",""ticker"":""KXBTC15M-26APR271945-45"",""trade_id"":""941ecd26-8b7f-4ae8-90c1-2c7383acc92e"",""yes_price_dollars"":""0.5200""}"
KXBTC15M-26APR271945-45,4b7d3139-ade3-41e7-abf1-fda00a427a73,1777332634,0.52,3.0,yes,"{""count_fp"":""3.00"",""created_time"":""2026-04-27T23:30:34.483815Z"",""no_price_dollars"":""0.4800"",""taker_side"":""yes"",""ticker"":""KXBTC15M-26APR271945-45"",""trade_id"":""4b7d3139-ade3-41e7-abf1-fda00a427a73"",""yes_price_dollars"":""0.5200""}"
KXBTC15M-26APR271945-45,813b200b-0b31-779a-b623-908c6bb542a4,1777332634,0.52,18.23,yes,"{""count_fp"":""18.23"",""created_time"":""2026-04-27T23:30:34.411469Z"",""no_price_dollars"":""0.4800"",""taker_side"":""yes"",""ticker"":""KXBTC15M-26APR271945-45"",""trade_id"":""813b200b-0b31-779a-b623-908c6bb542a4"",""yes_price_dollars"":""0.5200""}"
KXBTC15M-26APR271945-45,db631df0-69db-5988-7003-033d07940eba,1777332635,0.52,36.0,yes,"{""count_fp"":""36.00"",""created_time"":""2026-04-27T23:30:35.977469Z"",""no_price_dollars"":""0.4800"",""taker_side"":""yes"",""ticker"":""KXBTC15M-26APR271945-45"",""trade_id"":""db631df0-69db-5988-7003-033d07940eba"",""yes_price_dollars"":""0.5200""}"
KXBTC15M-26APR271945-45,a53f7ee1-b685-4e06-5ce7-34eb5cab8f6f,1777332635,0.51,9.0,no,"{""count_fp"":""9.00"",""created_time"":""2026-04-27T23:30:35.889125Z"",""no_price_dollars"":""0.4900"",""taker_side"":""no"",""ticker"":""KXBTC15M-26APR271945-45"",""trade_id"":""a53f7ee1-b685-4e06-5ce7-34eb5cab8f6f"",""yes_price_dollars"":""0.5100""}"
KXBTC15M-26APR271945-45,999bf8f8-c00b-7a90-d644-77d9a97ce11a,1777332635,0.52,18.6,yes,"{""count_fp"":""18.60"",""created_time"":""2026-04-27T23:30:35.634689Z"",""no_price_dollars"":""0.4800"",""taker_side"":""yes"",""ticker"":""KXBTC15M-26APR271945-45"",""trade_id"":""999bf8f8-c00b-7a90-d644-77d9a97ce11a"",""yes_price_dollars"":""0.5200""}"
KXBTC15M-26APR271945-45,b71593b8-7971-49de-dad2-e238c17fecb3,1777332635,0.51,9.66,no,"{""count_fp"":""9.66"",""created_time"":""2026-04-27T23:30:35.348731Z"",""no_price_dollars"":""0.4900"",""taker_side"":""no"",""ticker"":""KXBTC15M-26APR271945-45"",""trade_id"":""b71593b8-7971-49de-dad2-e238c17fecb3"",""yes_price_dollars"":""0.5100""}"
KXBTC15M-26APR271945-45,d3b8c70d-de2b-5da8-6625-b0d09f02f1a6,1777332635,0.52,1.86,yes,"{""count_fp"":""1.86"",""created_time"":""2026-04-27T23:30:35.291849Z"",""no_price_dollars"":""0.4800"",""taker_side"":""yes"",""ticker"":""KXBTC15M-26APR271945-45"",""trade_id"":""d3b8c70d-de2b-5da8-6625-b0d09f02f1a6"",""yes_price_dollars"":""0.5200""}"
KXBTC15M-26APR271945-45,b99d3483-c7a9-6456-a15d-5fd47c94d4db,1777332635,0.51,4.32,no,"{""count_fp"":""4.32"",""created_time"":""2026-04-27T23:30:35.277874Z"",""no_price_dollars"":""0.4900"",""taker_side"":""no"",""ticker"":""KXBTC15M-26APR271945-45"",""trade_id"":""b99d3483-c7a9-6456-a15d-5fd47c94d4db"",""yes_price_dollars"":""0.5100""}"
KXBTC15M-26APR271945-45,0fabe5ed-08be-650a-8102-acb20795f8b1,1777332635,0.51,15.0,no,"{""count_fp"":""15.00"",""created_time"":""2026-04-27T23:30:35.277874Z"",""no_price_dollars"":""0.4900"",""taker_side"":""no"",""ticker"":""KXBTC15M-26APR271945-45"",""trade_id"":""0fabe5ed-08be-650a-8102-acb20795f8b1"",""yes_price_dollars"":""0.5100""}"
KXBTC15M-26APR271945-45,1ef815ff-da0f-7c78-de46-1b4c417e64d6,1777332636,0.52,25.0,yes,"{""count_fp"":""25.00"",""created_time"":""2026-04-27T23:30:36.672166Z"",""no_price_dollars"":""0.4800"",""taker_side"":""yes"",""ticker"":""KXBTC15M-26APR271945-45"",""trade_id"":""1ef815ff-da0f-7c78-de46-1b4c417e64d6"",""yes_price_dollars"":""0.5200""}"
KXBTC15M-26APR271945-45,20073c3f-629b-7394-c710-220fb0e977d6,1777332636,0.52,17.9,yes,"{""count_fp"":""17.90"",""created_time"":""2026-04-27T23:30:36.327222Z"",""no_price_dollars"":""0.4800"",""taker_side"":""yes"",""ticker"":""KXBTC15M-26APR271945-45"",""trade_id"":""20073c3f-629b-7394-c710-220fb0e977d6"",""yes_price_dollars"":""0.5200""}"
KXBTC15M-26APR271945-45,0c754a02-1ce4-72d8-dbc8-cf4fa699a070,1777332636,0.51,10.0,yes,"{""count_fp"":""10.00"",""created_time"":""2026-04-27T23:30:36.327222Z"",""no_price_dollars"":""0.4900"",""taker_side"":""yes"",""ticker"":""KXBTC15M-26APR271945-45"",""trade_id"":""0c754a02-1ce4-72d8-dbc8-cf4fa699a070"",""yes_price_dollars"":""0.5100""}"
KXBTC15M-26APR271945-45,e9923a1c-2c67-5b54-9f2e-e9b5e400702b,1777332636,0.5,3.0,no,"{""count_fp"":""3.00"",""created_time"":""2026-04-27T23:30:36.104434Z"",""no_price_dollars"":""0.5000"",""taker_side"":""no"",""ticker"":""KXBTC15M-26APR271945-45"",""trade_id"":""e9923a1c-2c67-5b54-9f2e-e9b5e400702b"",""yes_price_dollars"":""0.5000""}"
KXBTC15M-26APR271945-45,c4e2c24b-b7b7-53d2-b947-a762b04d7e05,1777332636,0.51,10.0,no,"{""count_fp"":""10.00"",""created_time"":""2026-04-27T23:30:36.104434Z"",""no_price_dollars"":""0.4900"",""taker_side"":""no"",""ticker"":""KXBTC15M-26APR271945-45"",""trade_id"":""c4e2c24b-b7b7-53d2-b947-a762b04d7e05"",""yes_price_dollars"":""0.5100""}"
KXBTC15M-26APR271945-45,9d968a23-249d-591e-952c-21edb067dbe3,1777332636,0.51,477.02,no,"{""count_fp"":""477.02"",""created_time"":""2026-04-27T23:30:36.104434Z"",""no_price_dollars"":""0.4900"",""taker_side"":""no"",""ticker"":""KXBTC15M-26APR271945-45"",""trade_id"":""9d968a23-249d-591e-952c-21edb067dbe3"",""yes_price_dollars"":""0.5100""}"
KXBTC15M-26APR271945-45,7e9fad92-8ad9-5380-8ac0-1c4848725df2,1777332636,0.51,20.0,no,"{""count_fp"":""20.00"",""created_time"":""2026-04-27T23:30:36.104434Z"",""no_price_dollars"":""0.4900"",""taker_side"":""no"",""ticker"":""KXBTC15M-26APR271945-45"",""trade_id"":""7e9fad92-8ad9-5380-8ac0-1c4848725df2"",""yes_price_dollars"":""0.5100""}"
KXBTC15M-26APR271945-45,6099d290-f01f-5c38-9588-94197700d4f6,1777332636,0.5,1.0,no,"{""count_fp"":""1.00"",""created_time"":""2026-04-27T23:30:36.104434Z"",""no_price_dollars"":""0.5000"",""taker_side"":""no"",""ticker"":""KXBTC15M-26APR271945-45"",""trade_id"":""6099d290-f01f-5c38-9588-94197700d4f6"",""yes_price_dollars"":""0.5000""}"
KXBTC15M-26APR271945-45,5471fcbd-1a92-5081-92f1-ce1d92b2c79f,1777332636,0.49,56.0,no,"{""count_fp"":""56.00"",""created_time"":""2026-04-27T23:30:36.104434Z"",""no_price_dollars"":""0.5100"",""taker_side"":""no"",""ticker"":""KXBTC15M-26APR271945-45"",""trade_id"":""5471fcbd-1a92-5081-92f1-ce1d92b2c79f"",""yes_price_dollars"":""0.4900""}"
KXBTC15M-26APR271945-45,47d0641c-b0c7-5530-8e08-f7933c2da82c,1777332636,0.49,3.0,no,"{""count_fp"":""3.00"",""created_time"":""2026-04-27T23:30:36.104434Z"",""no_price_dollars"":""0.5100"",""taker_side"":""no"",""ticker"":""KXBTC15M-26APR271945-45"",""trade_id"":""47d0641c-b0c7-5530-8e08-f7933c2da82c"",""yes_price_dollars"":""0.4900""}"
KXBTC15M-26APR271945-45,218c664d-0c05-5d08-8045-d7e33a613a87,1777332636,0.49,14.37,no,"{""count_fp"":""14.37"",""created_time"":""2026-04-27T23:30:36.104434Z"",""no_price_dollars"":""0.5100"",""taker_side"":""no"",""ticker"":""KXBTC15M-26APR271945-45"",""trade_id"":""218c664d-0c05-5d08-8045-d7e33a613a87"",""yes_price_dollars"":""0.4900""}"
KXBTC15M-26APR271945-45,d4f57fc1-59c3-7928-8f18-b76fa8a6ed72,1777332637,0.52,11.16,yes,"{""count_fp"":""11.16"",""created_time"":""2026-04-27T23:30:37.819434Z"",""no_price_dollars"":""0.4800"",""taker_side"":""yes"",""ticker"":""KXBTC15M-26APR271945-45"",""trade_id"":""d4f57fc1-59c3-7928-8f18-b76fa8a6ed72"",""yes_price_dollars"":""0.5200""}"
KXBTC15M-26APR271945-45,54cb6c96-7e1d-6ec4-6455-b29a990b3f44,1777332637,0.51,86.95,no,"{""count_fp"":""86.95"",""created_time"":""2026-04-27T23:30:37.662435Z"",""no_price_dollars"":""0.4900"",""taker_side"":""no"",""ticker"":""KXBTC15M-26APR271945-45"",""trade_id"":""54cb6c96-7e1d-6ec4-6455-b29a990b3f44"",""yes_price_dollars"":""0.5100""}"
KXBTC15M-26APR271945-45,fd9795ef-9f05-6c9b-8ef8-acebf357cb1d,1777332637,0.51,3.0,no,"{""count_fp"":""3.00"",""created_time"":""2026-04-27T23:30:37.592175Z"",""no_price_dollars"":""0.4900"",""taker_side"":""no"",""ticker"":""KXBTC15M-26APR271945-45"",""trade_id"":""fd9795ef-9f05-6c9b-8ef8-acebf357cb1d"",""yes_price_dollars"":""0.5100""}"
KXBTC15M-26APR271945-45,b20cadeb-5571-6a80-bc5a-5be7dfdb4028,1777332637,0.51,27.0,no,"{""count_fp"":""27.00"",""created_time"":""2026-04-27T23:30:37.592175Z"",""no_price_dollars"":""0.4900"",""taker_side"":""no"",""ticker"":""KXBTC15M-26APR271945-45"",""trade_id"":""b20cadeb-5571-6a80-bc5a-5be7dfdb4028"",""yes_price_dollars"":""0.5100""}"
KXBTC15M-26APR271945-45,30d69995-c849-6e10-8f47-968b98b68e1e,1777332637,0.51,10.0,no,"{""count_fp"":""10.00"",""created_time"":""2026-04-27T23:30:37.592175Z"",""no_price_dollars"":""0.4900"",""taker_side"":""no"",""ticker"":""KXBTC15M-26APR271945-45"",""trade_id"":""30d69995-c849-6e10-8f47-968b98b68e1e"",""yes_price_dollars"":""0.5100""}"
KXBTC15M-26APR271945-45,67590d0d-e06b-71f0-4bf0-9787db78a7fa,1777332637,0.52,9.3,yes,"{""count_fp"":""9.30"",""created_time"":""2026-04-27T23:30:37.460177Z"",""no_price_dollars"":""0.4800"",""taker_side"":""yes"",""ticker"":""KXBTC15M-26APR271945-45"",""trade_id"":""67590d0d-e06b-71f0-4bf0-9787db78a7fa"",""yes_price_dollars"":""0.5200""}"
KXBTC15M-26APR271945-45,5009a13a-32d1-5f98-daa6-7fe32a08f804,1777332638,0.51,98.0,no,"{""count_fp"":""98.00"",""created_time"":""2026-04-27T23:30:38.964809Z"",""no_price_dollars"":""0.4900"",""taker_side"":""no"",""ticker"":""KXBTC15M-26APR271945-45"",""trade_id"":""5009a13a-32d1-5f98-daa6-7fe32a08f804"",""yes_price_dollars"":""0.5100""}"
KXBTC15M-26APR271945-45,f3c4ab8f-0e1b-473c-31c4-2741ccc3dae2,1777332638,0.52,18.6,yes,"{""count_fp"":""18.60"",""created_time"":""2026-04-27T23:30:38.961528Z"",""no_price_dollars"":""0.4800"",""taker_side"":""yes"",""ticker"":""KXBTC15M-26APR271945-45"",""trade_id"":""f3c4ab8f-0e1b-473c-31c4-2741ccc3dae2"",""yes_price_dollars"":""0.5200""}"
KXBTC15M-26APR271945-45,031ddc4d-2459-68dc-71c8-db40a5f634cc,1777332638,0.51,3.94,no,"{""count_fp"":""3.94"",""created_time"":""2026-04-27T23:30:38.631991Z"",""no_price_dollars"":""0.4900"",""taker_side"":""no"",""ticker"":""KXBTC15M-26APR271945-45"",""trade_id"":""031ddc4d-2459-68dc-71c8-db40a5f634cc"",""yes_price_dollars"":""0.5100""}"
KXBTC15M-26APR271945-45,dc745017-21ad-6d74-11d6-9f4e870da6d8,1777332638,0.51,5.0,no,"{""count_fp"":""5.00"",""created_time"":""2026-04-27T23:30:38.482321Z"",""no_price_dollars"":""0.4900"",""taker_side"":""no"",""ticker"":""KXBTC15M-26APR271945-45"",""trade_id"":""dc745017-21ad-6d74-11d6-9f4e870da6d8"",""yes_price_dollars"":""0.5100""}"
KXBTC15M-26APR271945-45,bc1c616b-2cad-73bc-13bc-30828927906c,1777332638,0.51,9.83,no,"{""count_fp"":""9.83"",""created_time"":""2026-04-27T23:30:38.208185Z"",""no_price_dollars"":""0.4900"",""taker_side"":""no"",""ticker"":""KXBTC15M-26APR271945-45"",""trade_id"":""bc1c616b-2cad-73bc-13bc-30828927906c"",""yes_price_dollars"":""0.5100""}"
KXBTC15M-26APR271945-45,832ea601-8767-649c-a4fc-789c042acca6,1777332638,0.52,18.6,yes,"{""count_fp"":""18.60"",""created_time"":""2026-04-27T23:30:38.109354Z"",""no_price_dollars"":""0.4800"",""taker_side"":""yes"",""ticker"":""KXBTC15M-26APR271945-45"",""trade_id"":""832ea601-8767-649c-a4fc-789c042acca6"",""yes_price_dollars"":""0.5200""}"
KXBTC15M-26APR271945-45,6e112875-2d3b-76bc-274d-baa16b863546,1777332639,0.52,18.6,yes,"{""count_fp"":""18.60"",""created_time"":""2026-04-27T23:30:39.507498Z"",""no_price_dollars"":""0.4800"",""taker_side"":""yes"",""ticker"":""KXBTC15M-26APR271945-45"",""trade_id"":""6e112875-2d3b-76bc-274d-baa16b863546"",""yes_price_dollars"":""0.5200""}"
KXBTC15M-26APR271945-45,fff04aec-41a5-5250-a8b8-2116fd680fd4,1777332639,0.51,3.94,no,"{""count_fp"":""3.94"",""created_time"":""2026-04-27T23:30:39.491074Z"",""no_price_dollars"":""0.4900"",""taker_side"":""no"",""ticker"":""KXBTC15M-26APR271945-45"",""trade_id"":""fff04aec-41a5-5250-a8b8-2116fd680fd4"",""yes_price_dollars"":""0.5100""}"
KXBTC15M-26APR271945-45,bbfe4433-d2fd-4750-f65b-f1504d32ac90,1777332639,0.51,2.0,no,"{""count_fp"":""2.00"",""created_time"":""2026-04-27T23:30:39.293137Z"",""no_price_dollars"":""0.4900"",""taker_side"":""no"",""ticker"":""KXBTC15M-26APR271945-45"",""trade_id"":""bbfe4433-d2fd-4750-f65b-f1504d32ac90"",""yes_price_dollars"":""0.5100""}"
KXBTC15M-26APR271945-45,17bd43b9-f59b-5e4c-22cb-be53ef7af686,1777332639,0.52,12.74,yes,"{""count_fp"":""12.74"",""created_time"":""2026-04-27T23:30:39.230614Z"",""no_price_dollars"":""0.4800"",""taker_side"":""yes"",""ticker"":""KXBTC15M-26APR271945-45"",""trade_id"":""17bd43b9-f59b-5e4c-22cb-be53ef7af686"",""yes_price_dollars"":""0.5200""}"
KXBTC15M-26APR271945-45,5411b5a4-b43b-4dd0-d828-a66998f1024a,1777332639,0.52,9.3,yes,"{""count_fp"":""9.30"",""created_time"":""2026-04-27T23:30:39.086997Z"",""no_price_dollars"":""0.4800"",""taker_side"":""yes"",""ticker"":""KXBTC15M-26APR271945-45"",""trade_id"":""5411b5a4-b43b-4dd0-d828-a66998f1024a"",""yes_price_dollars"":""0.5200""}"
KXBTC15M-26APR271945-45,59889529-531b-7ba4-12b2-aabe5d071594,1777332640,0.53,19.7,no,"{""count_fp"":""19.70"",""created_time"":""2026-04-27T23:30:40.855231Z"",""no_price_dollars"":""0.4700"",""taker_side"":""no"",""ticker"":""KXBTC15M-26APR271945-45"",""trade_id"":""59889529-531b-7ba4-12b2-aabe5d071594"",""yes_price_dollars"":""0.5300""}"
KXBTC15M-26APR271945-45,c6609cc2-b1c6-75c2-b551-d8ce1908cee1,1777332640,0.51,20.0,no,"{""count_fp"":""20.00"",""created_time"":""2026-04-27T23:30:40.561593Z"",""no_price_dollars"":""0.4900"",""taker_side"":""no"",""ticker"":""KXBTC15M-26APR271945-45"",""trade_id"":""c6609cc2-b1c6-75c2-b551-d8ce1908cee1"",""yes_price_dollars"":""0.5100""}"
KXBTC15M-26APR271945-45,54fbfc37-40dc-7083-97b6-c245a88e81ce,1777332640,0.51,14.11,no,"{""count_fp"":""14.11"",""created_time"":""2026-04-27T23:30:40.561593Z"",""no_price_dollars"":""0.4900"",""taker_side"":""no"",""ticker"":""KXBTC15M-26APR271945-45"",""trade_id"":""54fbfc37-40dc-7083-97b6-c245a88e81ce"",""yes_price_dollars"":""0.5100""}"
KXBTC15M-26APR271945-45,2df3c872-46d5-75cc-a3a1-e540c9a837bd,1777332640,0.52,3.0,no,"{""count_fp"":""3.00"",""created_time"":""2026-04-27T23:30:40.561593Z"",""no_price_dollars"":""0.4800"",""taker_side"":""no"",""ticker"":""KXBTC15M-26APR271945-45"",""trade_id"":""2df3c872-46d5-75cc-a3a1-e540c9a837bd"",""yes_price_dollars"":""0.5200""}"
KXBTC15M-26APR271945-45,2b2be48b-d729-70bb-99a1-1698f1e8cb19,1777332640,0.53,22.0,no,"{""count_fp"":""22.00"",""created_time"":""2026-04-27T23:30:40.561593Z"",""no_price_dollars"":""0.4700"",""taker_side"":""no"",""ticker"":""KXBTC15M-26APR271945-45"",""trade_id"":""2b2be48b-d729-70bb-99a1-1698f1e8cb19"",""yes_price_dollars"":""0.5300""}"
KXBTC15M-26APR271945-45,fbed8c30-2890-7f99-91fc-3970224d28a5,1777332641,0.5,31.0,no,"{""count_fp"":""31.00"",""created_time"":""2026-04-27T23:30:41.400106Z"",""no_price_dollars"":""0.5000"",""taker_side"":""no"",""ticker"":""KXBTC15M-26APR271945-45"",""trade_id"":""fbed8c30-2890-7f99-91fc-3970224d28a5"",""yes_price_dollars"":""0.5000""}"
KXBTC15M-26APR271945-45,71103290-cec8-5d5b-c57f-fda83bb7bb93,1777332641,0.53,3.0,no,"{""count_fp"":""3.00"",""created_time"":""2026-04-27T23:30:41.342133Z"",""no_price_dollars"":""0.4700"",""taker_side"":""no"",""ticker"":""KXBTC15M-26APR271945-45"",""trade_id"":""71103290-cec8-5d5b-c57f-fda83bb7bb93"",""yes_price_dollars"":""0.5300""}"
KXBTC15M-26APR271945-45,36f1133c-57d0-57c6-f94c-e4bcebc9239c,1777332641,0.53,81.73,no,"{""count_fp"":""81.73"",""created_time"":""2026-04-27T23:30:41.342133Z"",""no_price_dollars"":""0.4700"",""taker_side"":""no"",""ticker"":""KXBTC15M-26APR271945-45"",""trade_id"":""36f1133c-57d0-57c6-f94c-e4bcebc9239c"",""yes_price_dollars"":""0.5300""}"
KXBTC15M-26APR271945-45,f88f61f6-d62a-7f9d-f106-f3792e008453,1777332641,0.54,3.0,yes,"{""count_fp"":""3.00"",""created_time"":""2026-04-27T23:30:41.130951Z"",""no_price_dollars"":""0.4600"",""taker_side"":""yes"",""ticker"":""KXBTC15M-26APR271945-45"",""trade_id"":""f88f61f6-d62a-7f9d-f106-f3792e008453"",""yes_price_dollars"":""0.5400""}"
KXBTC15M-26APR271945-45,03ef446a-48bf-7555-e3d0-6fdd1db40546,1777332641,0.54,2.0,yes,"{""count_fp"":""2.00"",""created_time"":""2026-04-27T23:30:41.130951Z"",""no_price_dollars"":""0.4600"",""taker_side"":""yes"",""ticker"":""KXBTC15M-26APR271945-45"",""trade_id"":""03ef446a-48bf-7555-e3d0-6fdd1db40546"",""yes_price_dollars"":""0.5400""}"
KXBTC15M-26APR271945-45,e1155ec4-49e6-5b78-9741-53bbca192dc7,1777332641,0.53,500.0,no,"{""count_fp"":""500.00"",""created_time"":""2026-04-27T23:30:41.016898Z"",""no_price_dollars"":""0.4700"",""taker_side"":""no"",""ticker"":""KXBTC15M-26APR271945-45"",""trade_id"":""e1155ec4-49e6-5b78-9741-53bbca192dc7"",""yes_price_dollars"":""0.5300""}"
KXBTC15M-26APR271945-45,b715129a-d59d-5353-baf9-5fa58d7d4608,1777332641,0.53,10.25,no,"{""count_fp"":""10.25"",""created_time"":""2026-04-27T23:30:41.016898Z"",""no_price_dollars"":""0.4700"",""taker_side"":""no"",""ticker"":""KXBTC15M-26APR271945-45"",""trade_id"":""b715129a-d59d-5353-baf9-5fa58d7d4608"",""yes_price_dollars"":""0.5300""}"
KXBTC15M-26APR271945-45,b47d196b-c89e-577e-b512-0cc9dec2c78b,1777332641,0.53,19.7,no,"{""count_fp"":""19.70"",""created_time"":""2026-04-27T23:30:41.016898Z"",""no_price_dollars"":""0.4700"",""taker_side"":""no"",""ticker"":""KXBTC15M-26APR271945-45"",""trade_id"":""b47d196b-c89e-577e-b512-0cc9dec2c78b"",""yes_price_dollars"":""0.5300""}"
KXBTC15M-26APR271945-45,927380b4-8910-5abb-9048-d301e06113b6,1777332641,0.51,99.89,no,"{""count_fp"":""99.89"",""created_time"":""2026-04-27T23:30:41.016898Z"",""no_price_dollars"":""0.4900"",""taker_side"":""no"",""ticker"":""KXBTC15M-26APR271945-45"",""trade_id"":""927380b4-8910-5abb-9048-d301e06113b6"",""yes_price_dollars"":""0.5100""}"
KXBTC15M-26APR271945-45,80dd2270-77ff-5fd8-b177-76fe1d7b43f0,1777332641,0.53,0.3,no,"{""count_fp"":""0.30"",""created_time"":""2026-04-27T23:30:41.016898Z"",""no_price_dollars"":""0.4700"",""taker_side"":""no"",""ticker"":""KXBTC15M-26APR271945-45"",""trade_id"":""80dd2270-77ff-5fd8-b177-76fe1d7b43f0"",""yes_price_dollars"":""0.5300""}"
KXBTC15M-26APR271945-45,27c08104-7881-5d48-b3ca-e793a4f375e7,1777332641,0.49,262.43,no,"{""count_fp"":""262.43"",""created_time"":""2026-04-27T23:30:41.016898Z"",""no_price_dollars"":""0.5100"",""taker_side"":""no"",""ticker"":""KXBTC15M-26APR271945-45"",""trade_id"":""27c08104-7881-5d48-b3ca-e793a4f375e7"",""yes_price_dollars"":""0.4900""}"
KXBTC15M-26APR271945-45,17c84ad9-d55a-5dad-aa4b-b895830cc818,1777332641,0.5,50.0,no,"{""count_fp"":""50.00"",""created_time"":""2026-04-27T23:30:41.016898Z"",""no_price_dollars"":""0.5000"",""taker_side"":""no"",""ticker"":""KXBTC15M-26APR271945-45"",""trade_id"":""17c84ad9-d55a-5dad-aa4b-b895830cc818"",""yes_price_dollars"":""0.5000""}"
KXBTC15M-26APR271945-45,14ec5f92-d53e-5568-86c0-7642ffb3e020,1777332641,0.5,8.0,no,"{""count_fp"":""8.00"",""created_time"":""2026-04-27T23:30:41.016898Z"",""no_price_dollars"":""0.5000"",""taker_side"":""no"",""ticker"":""KXBTC15M-26APR271945-45"",""trade_id"":""14ec5f92-d53e-5568-86c0-7642ffb3e020"",""yes_price_dollars"":""0.5000""}"
KXBTC15M-26APR271945-45,137286b5-a595-5413-a010-73dc24c16cde,1777332641,0.53,3.0,no,"{""count_fp"":""3.00"",""created_time"":""2026-04-27T23:30:41.016898Z"",""no_price_dollars"":""0.4700"",""taker_side"":""no"",""ticker"":""KXBTC15M-26APR271945-45"",""trade_id"":""137286b5-a595-5413-a010-73dc24c16cde"",""yes_price_dollars"":""0.5300""}"
KXBTC15M-26APR271945-45,5a158d90-c5e3-7f46-1d15-b9a75887ba6b,1777332642,0.54,47.0,no,"{""count_fp"":""47.00"",""created_time"":""2026-04-27T23:30:42.344819Z"",""no_price_dollars"":""0.4600"",""taker_side"":""no"",""ticker"":""KXBTC15M-26APR271945-45"",""trade_id"":""5a158d90-c5e3-7f46-1d15-b9a75887ba6b"",""yes_price_dollars"":""0.5400""}"
KXBTC15M-26APR271945-45,50e7d57a-806c-7fde-3fb7-682ed8b0e8d8,1777332642,0.54,55.57,no,"{""count_fp"":""55.57"",""created_time"":""2026-04-27T23:30:42.344819Z"",""no_price_dollars"":""0.4600"",""taker_side"":""no"",""ticker"":""KXBTC15M-26APR271945-45"",""trade_id"":""50e7d57a-806c-7fde-3fb7-682ed8b0e8d8"",""yes_price_dollars"":""0.5400""}"
KXBTC15M-26APR271945-45,efcb68fd-78ec-6602-a904-bdc57aa4f720,1777332642,0.53,9.78,no,"{""count_fp"":""9.78"",""created_time"":""2026-04-27T23:30:42.080209Z"",""no_price_dollars"":""0.4700"",""taker_side"":""no"",""ticker"":""KXBTC15M-26APR271945-45"",""trade_id"":""efcb68fd-78ec-6602-a904-bdc57aa4f720"",""yes_price_dollars"":""0.5300""}"
KXBTC15M-26APR271945-45,edd56907-2596-4eae-aee4-e13ce065557a,1777332643,0.55,3.0,yes,"{""count_fp"":""3.00"",""created_time"":""2026-04-27T23:30:43.340109Z"",""no_price_dollars"":""0.4500"",""taker_side"":""yes"",""ticker"":""KXBTC15M-26APR271945-45"",""trade_id"":""edd56907-2596-4eae-aee4-e13ce065557a"",""yes_price_dollars"":""0.5500""}"
KXBTC15M-26APR271945-45,c1374756-a089-407d-82c6-d0c9e19e56c7,1777332643,0.55,10.0,yes,"{""count_fp"":""10.00"",""created_time"":""2026-04-27T23:30:43.340109Z"",""no_price_dollars"":""0.4500"",""taker_side"":""yes"",""ticker"":""KXBTC15M-26APR271945-45"",""trade_id"":""c1374756-a089-407d-82c6-d0c9e19e56c7"",""yes_price_dollars"":""0.5500""}"
KXBTC15M-26APR271945-45,a0a2d50a-d4c0-4282-a3bf-b6270c9a7913,1777332643,0.55,69.0,yes,"{""count_fp"":""69.00"",""created_time"":""2026-04-27T23:30:43.340109Z"",""no_price_dollars"":""0.4500"",""taker_side"":""yes"",""ticker"":""KXBTC15M-26APR271945-45"",""trade_id"":""a0a2d50a-d4c0-4282-a3bf-b6270c9a7913"",""yes_price_dollars"":""0.5500""}"
KXBTC15M-26APR271945-45,a052703d-b3b6-4c40-aee9-d42c908af3bc,1777332643,0.55,10.0,yes,"{""count_fp"":""10.00"",""created_time"":""2026-04-27T23:30:43.340109Z"",""no_price_dollars"":""0.4500"",""taker_side"":""yes"",""ticker"":""KXBTC15M-26APR271945-45"",""trade_id"":""a052703d-b3b6-4c40-aee9-d42c908af3bc"",""yes_price_dollars"":""0.5500""}"
KXBTC15M-26APR271945-45,5c6d709c-0225-40dc-bac9-4a05b4fceb8e,1777332643,0.55,8.0,yes,"{""count_fp"":""8.00"",""created_time"":""2026-04-27T23:30:43.340109Z"",""no_price_dollars"":""0.4500"",""taker_side"":""yes"",""ticker"":""KXBTC15M-26APR271945-45"",""trade_id"":""5c6d709c-0225-40dc-bac9-4a05b4fceb8e"",""yes_price_dollars"":""0.5500""}"
KXBTC15M-26APR271945-45,3d7ba50b-5856-4566-bced-8eb526f8fab7,1777332643,0.55,56.0,yes,"{""count_fp"":""56.00"",""created_time"":""2026-04-27T23:30:43.340109Z"",""no_price_dollars"":""0.4500"",""taker_side"":""yes"",""ticker"":""KXBTC15M-26APR271945-45"",""trade_id"":""3d7ba50b-5856-4566-bced-8eb526f8fab7"",""yes_price_dollars"":""0.5500""}"
KXBTC15M-26APR271945-45,e75e85c2-3904-783a-15d3-a52940b38c28,1777332644,0.55,200.0,no,"{""count_fp"":""200.00"",""created_time"":""2026-04-27T23:30:44.869431Z"",""no_price_dollars"":""0.4500"",""taker_side"":""no"",""ticker"":""KXBTC15M-26APR271945-45"",""trade_id"":""e75e85c2-3904-783a-15d3-a52940b38c28"",""yes_price_dollars"":""0.5500""}"
KXBTC15M-26APR271945-45,1a11dc80-deac-67ee-f583-85f8c4860fa8,1777332644,0.55,14.0,no,"{""count_fp"":""14.00"",""created_time"":""2026-04-27T23:30:44.543756Z"",""no_price_dollars"":""0.4500"",""taker_side"":""no"",""ticker"":""KXBTC15M-26APR271945-45"",""trade_id"":""1a11dc80-deac-67ee-f583-85f8c4860fa8"",""yes_price_dollars"":""0.5500""}"
KXBTC15M-26APR271945-45,ff0eea10-f194-4f32-f7bf-923a66f8cc2c,1777332644,0.55,11.79,no,"{""count_fp"":""11.79"",""created_time"":""2026-04-27T23:30:44.363726Z"",""no_price_dollars"":""0.4500"",""taker_side"":""no"",""ticker"":""KXBTC15M-26APR271945-45"",""trade_id"":""ff0eea10-f194-4f32-f7bf-923a66f8cc2c"",""yes_price_dollars"":""0.5500""}"
KXBTC15M-26APR271945-45,caba0b90-c524-5456-c177-21ce5f6ae14c,1777332644,0.55,77.78,no,"{""count_fp"":""77.78"",""created_time"":""2026-04-27T23:30:44.355243Z"",""no_price_dollars"":""0.4500"",""taker_side"":""no"",""ticker"":""KXBTC15M-26APR271945-45"",""trade_id"":""caba0b90-c524-5456-c177-21ce5f6ae14c"",""yes_price_dollars"":""0.5500""}"
KXBTC15M-26APR271945-45,b1a8587c-6078-5684-ef65-b20b02a2f704,1777332644,0.55,6.0,no,"{""count_fp"":""6.00"",""created_time"":""2026-04-27T23:30:44.355243Z"",""no_price_dollars"":""0.4500"",""taker_side"":""no"",""ticker"":""KXBTC15M-26APR271945-45"",""trade_id"":""b1a8587c-6078-5684-ef65-b20b02a2f704"",""yes_price_dollars"":""0.5500""}"
KXBTC15M-26APR271945-45,3ef273d2-e1e4-65f0-b6e7-f615f24b4cc0,1777332644,0.55,2.0,no,"{""count_fp"":""2.00"",""created_time"":""2026-04-27T23:30:44.130827Z"",""no_price_dollars"":""0.4500"",""taker_side"":""no"",""ticker"":""KXBTC15M-26APR271945-45"",""trade_id"":""3ef273d2-e1e4-65f0-b6e7-f615f24b4cc0"",""yes_price_dollars"":""0.5500""}"
KXBTC15M-26APR271945-45,682622e5-e64f-5926-793c-36af6d3d6b4b,1777332644,0.56,2.0,yes,"{""count_fp"":""2.00"",""created_time"":""2026-04-27T23:30:44.042598Z"",""no_price_dollars"":""0.4400"",""taker_side"":""yes"",""ticker"":""KXBTC15M-26APR271945-45"",""trade_id"":""682622e5-e64f-5926-793c-36af6d3d6b4b"",""yes_price_dollars"":""0.5600""}"
KXBTC15M-26APR271945-45,024b36ed-9919-6a94-0168-c7499e615f9f,1777332645,0.55,2.13,no,"{""count_fp"":""2.13"",""created_time"":""2026-04-27T23:30:45.865011Z"",""no_price_dollars"":""0.4500"",""taker_side"":""no"",""ticker"":""KXBTC15M-26APR271945-45"",""trade_id"":""024b36ed-9919-6a94-0168-c7499e615f9f"",""yes_price_dollars"":""0.5500""}"
KXBTC15M-26APR271945-45,63478c70-4f94-6842-2cc9-942b0d76fca0,1777332645,0.55,1.04,no,"{""count_fp"":""1.04"",""created_time"":""2026-04-27T23:30:45.509164Z"",""no_price_dollars"":""0.4500"",""taker_side"":""no"",""ticker"":""KXBTC15M-26APR271945-45"",""trade_id"":""63478c70-4f94-6842-2cc9-942b0d76fca0"",""yes_price_dollars"":""0.5500""}"
KXBTC15M-26APR271945-45,bf124af4-bc60-4636-bb0f-275c9fa4d150,1777332645,0.55,40.0,no,"{""count_fp"":""40.00"",""created_time"":""2026-04-27T23:30:45.505797Z"",""no_price_dollars"":""0.4500"",""taker_side"":""no"",""ticker"":""KXBTC15M-26APR271945-45"",""trade_id"":""bf124af4-bc60-4636-bb0f-275c9fa4d150"",""yes_price_dollars"":""0.5500""}"
KXBTC15M-26APR271945-45,b805ea46-487c-4a47-fa54-2a1970462386,1777332645,0.56,0.35,yes,"{""count_fp"":""0.35"",""created_time"":""2026-04-27T23:30:45.452036Z"",""no_price_dollars"":""0.4400"",""taker_side"":""yes"",""ticker"":""KXBTC15M-26APR271945-45"",""trade_id"":""b805ea46-487c-4a47-fa54-2a1970462386"",""yes_price_dollars"":""0.5600""}"
KXBTC15M-26APR271945-45,57c4fa14-7db7-43ab-dda9-2f08ac62ad37,1777332645,0.56,9.56,yes,"{""count_fp"":""9.56"",""created_time"":""2026-04-27T23:30:45.452036Z"",""no_price_dollars"":""0.4400"",""taker_side"":""yes"",""ticker"":""KXBTC15M-26APR271945-45"",""trade_id"":""57c4fa14-7db7-43ab-dda9-2f08ac62ad37"",""yes_price_dollars"":""0.5600""}"
KXBTC15M-26APR271945-45,552fa6bc-06bc-4b4b-ec13-0e625e3cc71a,1777332645,0.56,7.31,yes,"{""count_fp"":""7.31"",""created_time"":""2026-04-27T23:30:45.452036Z"",""no_price_dollars"":""0.4400"",""taker_side"":""yes"",""ticker"":""KXBTC15M-26APR271945-45"",""trade_id"":""552fa6bc-06bc-4b4b-ec13-0e625e3cc71a"",""yes_price_dollars"":""0.5600""}"
KXBTC15M-26APR271945-45,c38b1516-169f-40e3-578c-56cc6e587b07,1777332645,0.56,0.44,yes,"{""count_fp"":""0.44"",""created_time"":""2026-04-27T23:30:45.200175Z"",""no_price_dollars"":""0.4400"",""taker_side"":""yes"",""ticker"":""KXBTC15M-26APR271945-45"",""trade_id"":""c38b1516-169f-40e3-578c-56cc6e587b07"",""yes_price_dollars"":""0.5600""}"
KXBTC15M-26APR271945-45,754375a6-00e0-6985-d94b-a7269af5cb65,1777332646,0.55,4.27,no,"{""count_fp"":""4.27"",""created_time"":""2026-04-27T23:30:46.947585Z"",""no_price_dollars"":""0.4500"",""taker_side"":""no"",""ticker"":""KXBTC15M-26APR271945-45"",""trade_id"":""754375a6-00e0-6985-d94b-a7269af5cb65"",""yes_price_dollars"":""0.5500""}"
KXBTC15M-26APR271945-45,4f18884c-cf40-66e9-d893-c8f9f3a55685,1777332646,0.55,2.13,no,"{""count_fp"":""2.13"",""created_time"":""2026-04-27T23:30:46.706663Z"",""no_price_dollars"":""0.4500"",""taker_side"":""no"",""ticker"":""KXBTC15M-26APR271945-45"",""trade_id"":""4f18884c-cf40-66e9-d893-c8f9f3a55685"",""yes_price_dollars"":""0.5500""}"
KXBTC15M-26APR271945-45,934e731d-7e84-5f71-9f60-79edd6e4b15d,1777332646,0.55,18.46,no,"{""count_fp"":""18.46"",""created_time"":""2026-04-27T23:30:46.690634Z"",""no_price_dollars"":""0.4500"",""taker_side"":""no"",""ticker"":""KXBTC15M-26APR271945-45"",""trade_id"":""934e731d-7e84-5f71-9f60-79edd6e4b15d"",""yes_price_dollars"":""0.5500""}"
KXBTC15M-26APR271945-45,907a636d-7f4c-74b5-412b-41b41108e729,1777332646,0.55,20.26,no,"{""count_fp"":""20.26"",""created_time"":""2026-04-27T23:30:46.483189Z"",""no_price_dollars"":""0.4500"",""taker_side"":""no"",""ticker"":""KXBTC15M-26APR271945-45"",""trade_id"":""907a636d-7f4c-74b5-412b-41b41108e729"",""yes_price_dollars"":""0.5500""}"
KXBTC15M-26APR271945-45,8d7915be-5820-7e6d-668c-6ca9fe232df3,1777332646,0.55,34.0,no,"{""count_fp"":""34.00"",""created_time"":""2026-04-27T23:30:46.483189Z"",""no_price_dollars"":""0.4500"",""taker_side"":""no"",""ticker"":""KXBTC15M-26APR271945-45"",""trade_id"":""8d7915be-5820-7e6d-668c-6ca9fe232df3"",""yes_price_dollars"":""0.5500""}"
KXBTC15M-26APR271945-45,83843e38-a55a-720d-6f7d-ef54ce2f319d,1777332646,0.55,2.0,no,"{""count_fp"":""2.00"",""created_time"":""2026-04-27T23:30:46.483189Z"",""no_price_dollars"":""0.4500"",""taker_side"":""no"",""ticker"":""KXBTC15M-26APR271945-45"",""trade_id"":""83843e38-a55a-720d-6f7d-ef54ce2f319d"",""yes_price_dollars"":""0.5500""}"
KXBTC15M-26APR271945-45,2b8af64e-c0b0-7c49-7414-6f345e3ea8d1,1777332646,0.55,7.44,no,"{""count_fp"":""7.44"",""created_time"":""2026-04-27T23:30:46.483189Z"",""no_price_dollars"":""0.4500"",""taker_side"":""no"",""ticker"":""KXBTC15M-26APR271945-45"",""trade_id"":""2b8af64e-c0b0-7c49-7414-6f345e3ea8d1"",""yes_price_dollars"":""0.5500""}"
KXBTC15M-26APR271945-45,0d811c5f-8c49-7e2a-5f74-56d3fcdfe5c8,1777332646,0.55,7.31,no,"{""count_fp"":""7.31"",""created_time"":""2026-04-27T23:30:46.483189Z"",""no_price_dollars"":""0.4500"",""taker_side"":""no"",""ticker"":""KXBTC15M-26APR271945-45"",""trade_id"":""0d811c5f-8c49-7e2a-5f74-56d3fcdfe5c8"",""yes_price_dollars"":""0.5500""}"
KXBTC15M-26APR271945-45,055cf16e-2497-7eed-5c91-14c514f4fbda,1777332646,0.55,13.99,no,"{""count_fp"":""13.99"",""created_time"":""2026-04-27T23:30:46.483189Z"",""no_price_dollars"":""0.4500"",""taker_side"":""no"",""ticker"":""KXBTC15M-26APR271945-45"",""trade_id"":""055cf16e-2497-7eed-5c91-14c514f4fbda"",""yes_price_dollars"":""0.5500""}"
KXBTC15M-26APR271945-45,e2fb741f-f7fa-61e5-3870-2b2bce576644,1777332646,0.56,3.27,yes,"{""count_fp"":""3.27"",""created_time"":""2026-04-27T23:30:46.423004Z"",""no_price_dollars"":""0.4400"",""taker_side"":""yes"",""ticker"":""KXBTC15M-26APR271945-45"",""trade_id"":""e2fb741f-f7fa-61e5-3870-2b2bce576644"",""yes_price_dollars"":""0.5600""}"
KXBTC15M-26APR271945-45,d725253f-c972-6108-2db4-406336f6b67c,1777332646,0.57,2.0,yes,"{""count_fp"":""2.00"",""created_time"":""2026-04-27T23:30:46.423004Z"",""no_price_dollars"":""0.4300"",""taker_side"":""yes"",""ticker"":""KXBTC15M-26APR271945-45"",""trade_id"":""d725253f-c972-6108-2db4-406336f6b67c"",""yes_price_dollars"":""0.5700""}"
KXBTC15M-26APR271945-45,8a241a44-1f3f-603e-1474-bd3d731062df,1777332646,0.57,3.91,yes,"{""count_fp"":""3.91"",""created_time"":""2026-04-27T23:30:46.423004Z"",""no_price_dollars"":""0.4300"",""taker_side"":""yes"",""ticker"":""KXBTC15M-26APR271945-45"",""trade_id"":""8a241a44-1f3f-603e-1474-bd3d731062df"",""yes_price_dollars"":""0.5700""}"
KXBTC15M-26APR271945-45,74e9e37d-2bd4-6b0e-0e53-fa94f95b49cb,1777332646,0.56,8.0,yes,"{""count_fp"":""8.00"",""created_time"":""2026-04-27T23:30:46.423004Z"",""no_price_dollars"":""0.4400"",""taker_side"":""yes"",""ticker"":""KXBTC15M-26APR271945-45"",""trade_id"":""74e9e37d-2bd4-6b0e-0e53-fa94f95b49cb"",""yes_price_dollars"":""0.5600""}"
KXBTC15M-26APR271945-45,b0213c2a-f322-6edd-fb4c-98bccd1d33d8,1777332646,0.56,1.73,yes,"{""count_fp"":""1.73"",""created_time"":""2026-04-27T23:30:46.400071Z"",""no_price_dollars"":""0.4400"",""taker_side"":""yes"",""ticker"":""KXBTC15M-26APR271945-45"",""trade_id"":""b0213c2a-f322-6edd-fb4c-98bccd1d33d8"",""yes_price_dollars"":""0.5600""}"
KXBTC15M-26APR271945-45,08fe4a0e-13e0-50dd-9b4f-6b25f95f4c6d,1777332646,0.55,12.56,no,"{""count_fp"":""12.56"",""created_time"":""2026-04-27T23:30:46.266549Z"",""no_price_dollars"":""0.4500"",""taker_side"":""no"",""ticker"":""KXBTC15M-26APR271945-45"",""trade_id"":""08fe4a0e-13e0-50dd-9b4f-6b25f95f4c6d"",""yes_price_dollars"":""0.5500""}"
KXBTC15M-26APR271945-45,d25c747a-4f03-4a82-3181-e96df0e72d1b,1777332646,0.57,2.08,yes,"{""count_fp"":""2.08"",""created_time"":""2026-04-27T23:30:46.173455Z"",""no_price_dollars"":""0.4300"",""taker_side"":""yes"",""ticker"":""KXBTC15M-26APR271945-45"",""trade_id"":""d25c747a-4f03-4a82-3181-e96df0e72d1b"",""yes_price_dollars"":""0.5700""}"
KXBTC15M-26APR271945-45,cf3257c4-bdb3-4dfc-2c22-da0b0f08ccac,1777332646,0.57,2.0,yes,"{""count_fp"":""2.00"",""created_time"":""2026-04-27T23:30:46.173455Z"",""no_price_dollars"":""0.4300"",""taker_side"":""yes"",""ticker"":""KXBTC15M-26APR271945-45"",""trade_id"":""cf3257c4-bdb3-4dfc-2c22-da0b0f08ccac"",""yes_price_dollars"":""0.5700""}"
KXBTC15M-26APR271945-45,c3d19f23-c778-4783-03e7-580d5f8c4e4a,1777332646,0.56,2.69,yes,"{""count_fp"":""2.69"",""created_time"":""2026-04-27T23:30:46.173455Z"",""no_price_dollars"":""0.4400"",""taker_side"":""yes"",""ticker"":""KXBTC15M-26APR271945-45"",""trade_id"":""c3d19f23-c778-4783-03e7-580d5f8c4e4a"",""yes_price_dollars"":""0.5600""}"
KXBTC15M-26APR271945-45,58680eeb-b2a9-4b8d-38ab-04172c284a53,1777332646,0.56,4.0,yes,"{""count_fp"":""4.00"",""created_time"":""2026-04-27T23:30:46.173455Z"",""no_price_dollars"":""0.4400"",""taker_side"":""yes"",""ticker"":""KXBTC15M-26APR271945-45"",""trade_id"":""58680eeb-b2a9-4b8d-38ab-04172c284a53"",""yes_price_dollars"":""0.5600""}"
KXBTC15M-26APR271945-45,31672d50-66b8-4245-3eb7-ab0fc2f79d58,1777332646,0.57,3.0,yes,"{""count_fp"":""3.00"",""created_time"":""2026-04-27T23:30:46.173455Z"",""no_price_dollars"":""0.4300"",""taker_side"":""yes"",""ticker"":""KXBTC15M-26APR271945-45"",""trade_id"":""31672d50-66b8-4245-3eb7-ab0fc2f79d58"",""yes_price_dollars"":""0.5700""}"
KXBTC15M-26APR271945-45,a5f3b464-d519-4d56-5390-0f0b0c765da5,1777332647,0.55,0.69,no,"{""count_fp"":""0.69"",""created_time"":""2026-04-27T23:30:47.356376Z"",""no_price_dollars"":""0.4500"",""taker_side"":""no"",""ticker"":""KXBTC15M-26APR271945-45"",""trade_id"":""a5f3b464-d519-4d56-5390-0f0b0c765da5"",""yes_price_dollars"":""0.5500""}"
KXBTC15M-26APR271945-45,cfcbbcfc-ae82-5aea-e97e-8ca1729368d6,1777332647,0.55,0.69,no,"{""count_fp"":""0.69"",""created_time"":""2026-04-27T23:30:47.280785Z"",""no_price_dollars"":""0.4500"",""taker_side"":""no"",""ticker"":""KXBTC15M-26APR271945-45"",""trade_id"":""cfcbbcfc-ae82-5aea-e97e-8ca1729368d6"",""yes_price_dollars"":""0.5500""}"
KXBTC15M-26APR271945-45,a279a3c3-4536-5a35-c098-2425a24b80c7,1777332647,0.55,12.56,no,"{""count_fp"":""12.56"",""created_time"":""2026-04-27T23:30:47.280785Z"",""no_price_dollars"":""0.4500"",""taker_side"":""no"",""ticker"":""KXBTC15M-26APR271945-45"",""trade_id"":""a279a3c3-4536-5a35-c098-2425a24b80c7"",""yes_price_dollars"":""0.5500""}"
KXBTC15M-26APR271945-45,46c60ca2-8c77-5b88-e3d7-8913d504a367,1777332647,0.55,7.44,no,"{""count_fp"":""7.44"",""created_time"":""2026-04-27T23:30:47.280785Z"",""no_price_dollars"":""0.4500"",""taker_side"":""no"",""ticker"":""KXBTC15M-26APR271945-45"",""trade_id"":""46c60ca2-8c77-5b88-e3d7-8913d504a367"",""yes_price_dollars"":""0.5500""}"
KXBTC15M-26APR271945-45,35bf0065-4d74-5a3b-ca85-cd95fd6e42e6,1777332647,0.55,1.0,no,"{""count_fp"":""1.00"",""created_time"":""2026-04-27T23:30:47.280785Z"",""no_price_dollars"":""0.4500"",""taker_side"":""no"",""ticker"":""KXBTC15M-26APR271945-45"",""trade_id"":""35bf0065-4d74-5a3b-ca85-cd95fd6e42e6"",""yes_price_dollars"":""0.5500""}"
KXBTC15M-26APR271945-45,1a680a4f-9e0e-5aa1-d399-dbd006877152,1777332647,0.55,2.0,no,"{""count_fp"":""2.00"",""created_time"":""2026-04-27T23:30:47.280785Z"",""no_price_dollars"":""0.4500"",""taker_side"":""no"",""ticker"":""KXBTC15M-26APR271945-45"",""trade_id"":""1a680a4f-9e0e-5aa1-d399-dbd006877152"",""yes_price_dollars"":""0.5500""}"
KXBTC15M-26APR271945-45,fd57dcd7-813d-510c-4e11-032a7c52acf6,1777332647,0.56,9.12,yes,"{""count_fp"":""9.12"",""created_time"":""2026-04-27T23:30:47.035598Z"",""no_price_dollars"":""0.4400"",""taker_side"":""yes"",""ticker"":""KXBTC15M-26APR271945-45"",""trade_id"":""fd57dcd7-813d-510c-4e11-032a7c52acf6"",""yes_price_dollars"":""0.5600""}"
KXBTC15M-26APR271945-45,0e1c0b78-6289-5bcb-44da-1d7511d90d69,1777332647,0.56,3.0,yes,"{""count_fp"":""3.00"",""created_time"":""2026-04-27T23:30:47.035598Z"",""no_price_dollars"":""0.4400"",""taker_side"":""yes"",""ticker"":""KXBTC15M-26APR271945-45"",""trade_id"":""0e1c0b78-6289-5bcb-44da-1d7511d90d69"",""yes_price_dollars"":""0.5600""}"
KXBTC15M-26APR271945-45,a10face9-b4c2-505c-d9f8-566c4f96c2d0,1777332648,0.55,10.0,yes,"{""count_fp"":""10.00"",""created_time"":""2026-04-27T23:30:48.683735Z"",""no_price_dollars"":""0.4500"",""taker_side"":""yes"",""ticker"":""KXBTC15M-26APR271945-45"",""trade_id"":""a10face9-b4c2-505c-d9f8-566c4f96c2d0"",""yes_price_dollars"":""0.5500""}"
KXBTC15M-26APR271945-45,589ed07e-f488-56a2-d3b9-442fdbe4b733,1777332648,0.55,10.56,yes,"{""count_fp"":""10.56"",""created_time"":""2026-04-27T23:30:48.683735Z"",""no_price_dollars"":""0.4500"",""taker_side"":""yes"",""ticker"":""KXBTC15M-26APR271945-45"",""trade_id"":""589ed07e-f488-56a2-d3b9-442fdbe4b733"",""yes_price_dollars"":""0.5500""}"
KXBTC15M-26APR271945-45,130acf07-ded1-5bc6-cf6e-9c7ea4aee2d9,1777332648,0.55,7.36,yes,"{""count_fp"":""7.36"",""created_time"":""2026-04-27T23:30:48.683735Z"",""no_price_dollars"":""0.4500"",""taker_side"":""yes"",""ticker"":""KXBTC15M-26APR271945-45"",""trade_id"":""130acf07-ded1-5bc6-cf6e-9c7ea4aee2d9"",""yes_price_dollars"":""0.5500""}"
KXBTC15M-26APR271945-45,2a29884d-50ae-4851-7b4b-60d8020bdf1f,1777332648,0.53,0.21,no,"{""count_fp"":""0.21"",""created_time"":""2026-04-27T23:30:48.678558Z"",""no_price_dollars"":""0.4700"",""taker_side"":""no"",""ticker"":""KXBTC15M-26APR271945-45"",""trade_id"":""2a29884d-50ae-4851-7b4b-60d8020bdf1f"",""yes_price_dollars"":""0.5300""}"
KXBTC15M-26APR271945-45,e6c46240-55b0-4d66-e35d-a3e56dac2fbb,1777332648,0.55,14.32,yes,"{""count_fp"":""14.32"",""created_time"":""2026-04-27T23:30:48.526641Z"",""no_price_dollars"":""0.4500"",""taker_side"":""yes"",""ticker"":""KXBTC15M-26APR271945-45"",""trade_id"":""e6c46240-55b0-4d66-e35d-a3e56dac2fbb"",""yes_price_dollars"":""0.5500""}"
KXBTC15M-26APR271945-45,74f9dd09-1d6f-4e9c-e6de-bc0f0373542c,1777332648,0.54,3.0,yes,"{""count_fp"":""3.00"",""created_time"":""2026-04-27T23:30:48.526641Z"",""no_price_dollars"":""0.4600"",""taker_side"":""yes"",""ticker"":""KXBTC15M-26APR271945-45"",""trade_id"":""74f9dd09-1d6f-4e9c-e6de-bc0f0373542c"",""yes_price_dollars"":""0.5400""}"
KXBTC15M-26APR271945-45,a9fa4dc8-9e86-6829-034a-d29b06003b6b,1777332648,0.53,5.0,no,"{""count_fp"":""5.00"",""created_time"":""2026-04-27T23:30:48.387463Z"",""no_price_dollars"":""0.4700"",""taker_side"":""no"",""ticker"":""KXBTC15M-26APR271945-45"",""trade_id"":""a9fa4dc8-9e86-6829-034a-d29b06003b6b"",""yes_price_dollars"":""0.5300""}"
KXBTC15M-26APR271945-45,ecbfe8fc-2230-5d74-6078-4f48207b561f,1777332648,0.54,3.0,yes,"{""count_fp"":""3.00"",""created_time"":""2026-04-27T23:30:48.101606Z"",""no_price_dollars"":""0.4600"",""taker_side"":""yes"",""ticker"":""KXBTC15M-26APR271945-45"",""trade_id"":""ecbfe8fc-2230-5d74-6078-4f48207b561f"",""yes_price_dollars"":""0.5400""}"
KXBTC15M-26APR271945-45,63e8abec-5c8f-5a68-6ebb-c1e4d27d8ff8,1777332648,0.54,0.46,yes,"{""count_fp"":""0.46"",""created_time"":""2026-04-27T23:30:48.101606Z"",""no_price_dollars"":""0.4600"",""taker_side"":""yes"",""ticker"":""KXBTC15M-26APR271945-45"",""trade_id"":""63e8abec-5c8f-5a68-6ebb-c1e4d27d8ff8"",""yes_price_dollars"":""0.5400""}"
