ticker,trade_id,ts,yes_price,count,taker_side,raw_json
KXBTC15M-26APR280215-15,fc20cbdc-ba62-5945-32c0-7cbdd7c17163,1777356000,0.44,1.0,no,"{""count_fp"":""1.00"",""created_time"":""2026-04-28T06:00:00.843345Z"",""no_price_dollars"":""0.5600"",""taker_side"":""no"",""ticker"":""KXBTC15M-26APR280215-15"",""trade_id"":""fc20cbdc-ba62-5945-32c0-7cbdd7c17163"",""yes_price_dollars"":""0.4400""}"
KXBTC15M-26APR280215-15,dbb1964c-c962-53b2-35f8-14dc5fd8b5c3,1777356000,0.46,1.0,no,"{""count_fp"":""1.00"",""created_time"":""2026-04-28T06:00:00.843345Z"",""no_price_dollars"":""0.5400"",""taker_side"":""no"",""ticker"":""KXBTC15M-26APR280215-15"",""trade_id"":""dbb1964c-c962-53b2-35f8-14dc5fd8b5c3"",""yes_price_dollars"":""0.4600""}"
KXBTC15M-26APR280215-15,a16ba17c-567a-5d0e-2c42-587f0df3a5d6,1777356000,0.43,1.0,no,"{""count_fp"":""1.00"",""created_time"":""2026-04-28T06:00:00.843345Z"",""no_price_dollars"":""0.5700"",""taker_side"":""no"",""ticker"":""KXBTC15M-26APR280215-15"",""trade_id"":""a16ba17c-567a-5d0e-2c42-587f0df3a5d6"",""yes_price_dollars"":""0.4300""}"
KXBTC15M-26APR280215-15,22732685-e19a-5c9b-2fdb-15167cfb544a,1777356000,0.45,1.0,no,"{""count_fp"":""1.00"",""created_time"":""2026-04-28T06:00:00.843345Z"",""no_price_dollars"":""0.5500"",""taker_side"":""no"",""ticker"":""KXBTC15M-26APR280215-15"",""trade_id"":""22732685-e19a-5c9b-2fdb-15167cfb544a"",""yes_price_dollars"":""0.4500""}"
KXBTC15M-26APR280215-15,ee4c4c1d-49f3-75b7-0fe5-e848608734ed,1777356000,0.48,10.0,yes,"{""count_fp"":""10.00"",""created_time"":""2026-04-28T06:00:00.652623Z"",""no_price_dollars"":""0.5200"",""taker_side"":""yes"",""ticker"":""KXBTC15M-26APR280215-15"",""trade_id"":""ee4c4c1d-49f3-75b7-0fe5-e848608734ed"",""yes_price_dollars"":""0.4800""}"
KXBTC15M-26APR280215-15,8475ac3d-e162-463a-4bdd-4de5e8a2d886,1777356001,0.36,3.0,no,"{""count_fp"":""3.00"",""created_time"":""2026-04-28T06:00:01.808024Z"",""no_price_dollars"":""0.6400"",""taker_side"":""no"",""ticker"":""KXBTC15M-26APR280215-15"",""trade_id"":""8475ac3d-e162-463a-4bdd-4de5e8a2d886"",""yes_price_dollars"":""0.3600""}"
KXBTC15M-26APR280215-15,41725974-7418-4aa4-569b-30fa41828d76,1777356001,0.37,5.0,no,"{""count_fp"":""5.00"",""created_time"":""2026-04-28T06:00:01.808024Z"",""no_price_dollars"":""0.6300"",""taker_side"":""no"",""ticker"":""KXBTC15M-26APR280215-15"",""trade_id"":""41725974-7418-4aa4-569b-30fa41828d76"",""yes_price_dollars"":""0.3700""}"
KXBTC15M-26APR280215-15,c2ea19a3-1b2c-78a4-b392-aa3509bb03ca,1777356001,0.37,6.0,no,"{""count_fp"":""6.00"",""created_time"":""2026-04-28T06:00:01.553522Z"",""no_price_dollars"":""0.6300"",""taker_side"":""no"",""ticker"":""KXBTC15M-26APR280215-15"",""trade_id"":""c2ea19a3-1b2c-78a4-b392-aa3509bb03ca"",""yes_price_dollars"":""0.3700""}"
KXBTC15M-26APR280215-15,a0151476-92c8-5a3a-e2b6-50486669f59d,1777356001,0.38,17.0,yes,"{""count_fp"":""17.00"",""created_time"":""2026-04-28T06:00:01.387835Z"",""no_price_dollars"":""0.6200"",""taker_side"":""yes"",""ticker"":""KXBTC15M-26APR280215-15"",""trade_id"":""a0151476-92c8-5a3a-e2b6-50486669f59d"",""yes_price_dollars"":""0.3800""}"
KXBTC15M-26APR280215-15,db5768e4-65ac-7ad8-8c41-7a4b7bbbfcb2,1777356001,0.37,106.0,no,"{""count_fp"":""106.00"",""created_time"":""2026-04-28T06:00:01.339703Z"",""no_price_dollars"":""0.6300"",""taker_side"":""no"",""ticker"":""KXBTC15M-26APR280215-15"",""trade_id"":""db5768e4-65ac-7ad8-8c41-7a4b7bbbfcb2"",""yes_price_dollars"":""0.3700""}"
KXBTC15M-26APR280215-15,798cc0cb-eb6c-55a2-f9a0-0c2781b3cce5,1777356001,0.38,2.0,yes,"{""count_fp"":""2.00"",""created_time"":""2026-04-28T06:00:01.242806Z"",""no_price_dollars"":""0.6200"",""taker_side"":""yes"",""ticker"":""KXBTC15M-26APR280215-15"",""trade_id"":""798cc0cb-eb6c-55a2-f9a0-0c2781b3cce5"",""yes_price_dollars"":""0.3800""}"
KXBTC15M-26APR280215-15,d9721c7e-0d4e-6f1b-b088-a3e6d80e81a3,1777356001,0.38,132.0,no,"{""count_fp"":""132.00"",""created_time"":""2026-04-28T06:00:01.128965Z"",""no_price_dollars"":""0.6200"",""taker_side"":""no"",""ticker"":""KXBTC15M-26APR280215-15"",""trade_id"":""d9721c7e-0d4e-6f1b-b088-a3e6d80e81a3"",""yes_price_dollars"":""0.3800""}"
KXBTC15M-26APR280215-15,8b9baab1-b54a-629d-89c5-81da4e7cd006,1777356001,0.39,46.0,no,"{""count_fp"":""46.00"",""created_time"":""2026-04-28T06:00:01.128965Z"",""no_price_dollars"":""0.6100"",""taker_side"":""no"",""ticker"":""KXBTC15M-26APR280215-15"",""trade_id"":""8b9baab1-b54a-629d-89c5-81da4e7cd006"",""yes_price_dollars"":""0.3900""}"
KXBTC15M-26APR280215-15,36d59736-4cb4-69d8-a82e-5688b019ac7e,1777356001,0.37,22.0,no,"{""count_fp"":""22.00"",""created_time"":""2026-04-28T06:00:01.128965Z"",""no_price_dollars"":""0.6300"",""taker_side"":""no"",""ticker"":""KXBTC15M-26APR280215-15"",""trade_id"":""36d59736-4cb4-69d8-a82e-5688b019ac7e"",""yes_price_dollars"":""0.3700""}"
KXBTC15M-26APR280215-15,b3b8d678-e992-582a-2ba0-75e420333aef,1777356001,0.42,1.0,no,"{""count_fp"":""1.00"",""created_time"":""2026-04-28T06:00:01.036358Z"",""no_price_dollars"":""0.5800"",""taker_side"":""no"",""ticker"":""KXBTC15M-26APR280215-15"",""trade_id"":""b3b8d678-e992-582a-2ba0-75e420333aef"",""yes_price_dollars"":""0.4200""}"
KXBTC15M-26APR280215-15,508dbb77-40b2-509b-3fdc-08d39b69e8a8,1777356001,0.42,1.0,no,"{""count_fp"":""1.00"",""created_time"":""2026-04-28T06:00:01.036358Z"",""no_price_dollars"":""0.5800"",""taker_side"":""no"",""ticker"":""KXBTC15M-26APR280215-15"",""trade_id"":""508dbb77-40b2-509b-3fdc-08d39b69e8a8"",""yes_price_dollars"":""0.4200""}"
KXBTC15M-26APR280215-15,2a4e6514-9618-52ff-317a-bf8e2ae69759,1777356001,0.41,5.0,no,"{""count_fp"":""5.00"",""created_time"":""2026-04-28T06:00:01.036358Z"",""no_price_dollars"":""0.5900"",""taker_side"":""no"",""ticker"":""KXBTC15M-26APR280215-15"",""trade_id"":""2a4e6514-9618-52ff-317a-bf8e2ae69759"",""yes_price_dollars"":""0.4100""}"
KXBTC15M-26APR280215-15,26160f66-5c9a-5ac3-0248-33d37d2e9808,1777356001,0.41,119.0,no,"{""count_fp"":""119.00"",""created_time"":""2026-04-28T06:00:01.036358Z"",""no_price_dollars"":""0.5900"",""taker_side"":""no"",""ticker"":""KXBTC15M-26APR280215-15"",""trade_id"":""26160f66-5c9a-5ac3-0248-33d37d2e9808"",""yes_price_dollars"":""0.4100""}"
KXBTC15M-26APR280215-15,150a6641-1fa8-5fb8-09dc-d835832b42dd,1777356001,0.4,39.0,no,"{""count_fp"":""39.00"",""created_time"":""2026-04-28T06:00:01.036358Z"",""no_price_dollars"":""0.6000"",""taker_side"":""no"",""ticker"":""KXBTC15M-26APR280215-15"",""trade_id"":""150a6641-1fa8-5fb8-09dc-d835832b42dd"",""yes_price_dollars"":""0.4000""}"
KXBTC15M-26APR280215-15,dedebe9b-2527-7b8b-cdd8-53b7d6141381,1777356002,0.38,1.0,yes,"{""count_fp"":""1.00"",""created_time"":""2026-04-28T06:00:02.417383Z"",""no_price_dollars"":""0.6200"",""taker_side"":""yes"",""ticker"":""KXBTC15M-26APR280215-15"",""trade_id"":""dedebe9b-2527-7b8b-cdd8-53b7d6141381"",""yes_price_dollars"":""0.3800""}"
KXBTC15M-26APR280215-15,8e2549ff-bb7a-7c16-bfbb-eaa2910cb24e,1777356002,0.36,6.0,no,"{""count_fp"":""6.00"",""created_time"":""2026-04-28T06:00:02.023234Z"",""no_price_dollars"":""0.6400"",""taker_side"":""no"",""ticker"":""KXBTC15M-26APR280215-15"",""trade_id"":""8e2549ff-bb7a-7c16-bfbb-eaa2910cb24e"",""yes_price_dollars"":""0.3600""}"
KXBTC15M-26APR280215-15,5e7a6526-f29b-4e3f-d814-1800bd54bf49,1777356003,0.38,14.0,yes,"{""count_fp"":""14.00"",""created_time"":""2026-04-28T06:00:03.405825Z"",""no_price_dollars"":""0.6200"",""taker_side"":""yes"",""ticker"":""KXBTC15M-26APR280215-15"",""trade_id"":""5e7a6526-f29b-4e3f-d814-1800bd54bf49"",""yes_price_dollars"":""0.3800""}"
KXBTC15M-26APR280215-15,94a223cb-0d23-63a0-5282-e77684abe2ef,1777356004,0.4,85.59,yes,"{""count_fp"":""85.59"",""created_time"":""2026-04-28T06:00:04.852253Z"",""no_price_dollars"":""0.6000"",""taker_side"":""yes"",""ticker"":""KXBTC15M-26APR280215-15"",""trade_id"":""94a223cb-0d23-63a0-5282-e77684abe2ef"",""yes_price_dollars"":""0.4000""}"
KXBTC15M-26APR280215-15,11d83ae4-b5af-6eab-6c7e-5a9def9985bd,1777356004,0.38,34.41,yes,"{""count_fp"":""34.41"",""created_time"":""2026-04-28T06:00:04.852253Z"",""no_price_dollars"":""0.6200"",""taker_side"":""yes"",""ticker"":""KXBTC15M-26APR280215-15"",""trade_id"":""11d83ae4-b5af-6eab-6c7e-5a9def9985bd"",""yes_price_dollars"":""0.3800""}"
KXBTC15M-26APR280215-15,de63dd02-a066-630b-2781-b08450154cdc,1777356004,0.36,16.0,no,"{""count_fp"":""16.00"",""created_time"":""2026-04-28T06:00:04.155226Z"",""no_price_dollars"":""0.6400"",""taker_side"":""no"",""ticker"":""KXBTC15M-26APR280215-15"",""trade_id"":""de63dd02-a066-630b-2781-b08450154cdc"",""yes_price_dollars"":""0.3600""}"
KXBTC15M-26APR280215-15,d5b872fd-77ca-6ed2-10d0-0b07971637f9,1777356004,0.35,114.01,no,"{""count_fp"":""114.01"",""created_time"":""2026-04-28T06:00:04.155226Z"",""no_price_dollars"":""0.6500"",""taker_side"":""no"",""ticker"":""KXBTC15M-26APR280215-15"",""trade_id"":""d5b872fd-77ca-6ed2-10d0-0b07971637f9"",""yes_price_dollars"":""0.3500""}"
KXBTC15M-26APR280215-15,90a3f2e5-4923-6b50-01b6-370fc6c7de5a,1777356004,0.36,1.0,no,"{""count_fp"":""1.00"",""created_time"":""2026-04-28T06:00:04.155226Z"",""no_price_dollars"":""0.6400"",""taker_side"":""no"",""ticker"":""KXBTC15M-26APR280215-15"",""trade_id"":""90a3f2e5-4923-6b50-01b6-370fc6c7de5a"",""yes_price_dollars"":""0.3600""}"
KXBTC15M-26APR280215-15,7047b0b9-5e46-6f7b-2589-e40943186421,1777356004,0.36,6.0,no,"{""count_fp"":""6.00"",""created_time"":""2026-04-28T06:00:04.155226Z"",""no_price_dollars"":""0.6400"",""taker_side"":""no"",""ticker"":""KXBTC15M-26APR280215-15"",""trade_id"":""7047b0b9-5e46-6f7b-2589-e40943186421"",""yes_price_dollars"":""0.3600""}"
KXBTC15M-26APR280215-15,56abbf9b-947a-6b8c-26c9-45a3418d43cc,1777356004,0.36,12.0,no,"{""count_fp"":""12.00"",""created_time"":""2026-04-28T06:00:04.155226Z"",""no_price_dollars"":""0.6400"",""taker_side"":""no"",""ticker"":""KXBTC15M-26APR280215-15"",""trade_id"":""56abbf9b-947a-6b8c-26c9-45a3418d43cc"",""yes_price_dollars"":""0.3600""}"
KXBTC15M-26APR280215-15,3471b5ce-052e-626a-2139-f9b8ba2222fa,1777356004,0.36,130.0,no,"{""count_fp"":""130.00"",""created_time"":""2026-04-28T06:00:04.155226Z"",""no_price_dollars"":""0.6400"",""taker_side"":""no"",""ticker"":""KXBTC15M-26APR280215-15"",""trade_id"":""3471b5ce-052e-626a-2139-f9b8ba2222fa"",""yes_price_dollars"":""0.3600""}"
KXBTC15M-26APR280215-15,27a08bcd-7d42-6694-2f0e-24765c575557,1777356004,0.36,12.0,no,"{""count_fp"":""12.00"",""created_time"":""2026-04-28T06:00:04.155226Z"",""no_price_dollars"":""0.6400"",""taker_side"":""no"",""ticker"":""KXBTC15M-26APR280215-15"",""trade_id"":""27a08bcd-7d42-6694-2f0e-24765c575557"",""yes_price_dollars"":""0.3600""}"
KXBTC15M-26APR280215-15,12721ffd-ea0f-63a0-0aad-ca01a375f048,1777356004,0.36,5.0,no,"{""count_fp"":""5.00"",""created_time"":""2026-04-28T06:00:04.155226Z"",""no_price_dollars"":""0.6400"",""taker_side"":""no"",""ticker"":""KXBTC15M-26APR280215-15"",""trade_id"":""12721ffd-ea0f-63a0-0aad-ca01a375f048"",""yes_price_dollars"":""0.3600""}"
KXBTC15M-26APR280215-15,109503f3-d823-653f-352a-797335a784a6,1777356004,0.36,6.0,no,"{""count_fp"":""6.00"",""created_time"":""2026-04-28T06:00:04.155226Z"",""no_price_dollars"":""0.6400"",""taker_side"":""no"",""ticker"":""KXBTC15M-26APR280215-15"",""trade_id"":""109503f3-d823-653f-352a-797335a784a6"",""yes_price_dollars"":""0.3600""}"
KXBTC15M-26APR280215-15,02381f15-df54-69a0-3a19-4a3ebeab8cb8,1777356004,0.36,1.0,no,"{""count_fp"":""1.00"",""created_time"":""2026-04-28T06:00:04.155226Z"",""no_price_dollars"":""0.6400"",""taker_side"":""no"",""ticker"":""KXBTC15M-26APR280215-15"",""trade_id"":""02381f15-df54-69a0-3a19-4a3ebeab8cb8"",""yes_price_dollars"":""0.3600""}"
KXBTC15M-26APR280215-15,40c92caa-aadc-7b94-2df8-6daba0c2a313,1777356005,0.37,4.96,no,"{""count_fp"":""4.96"",""created_time"":""2026-04-28T06:00:05.161009Z"",""no_price_dollars"":""0.6300"",""taker_side"":""no"",""ticker"":""KXBTC15M-26APR280215-15"",""trade_id"":""40c92caa-aadc-7b94-2df8-6daba0c2a313"",""yes_price_dollars"":""0.3700""}"
KXBTC15M-26APR280215-15,10e8cbc0-4316-7174-0e39-1ded699f2d23,1777356005,0.37,56.0,no,"{""count_fp"":""56.00"",""created_time"":""2026-04-28T06:00:05.161009Z"",""no_price_dollars"":""0.6300"",""taker_side"":""no"",""ticker"":""KXBTC15M-26APR280215-15"",""trade_id"":""10e8cbc0-4316-7174-0e39-1ded699f2d23"",""yes_price_dollars"":""0.3700""}"
KXBTC15M-26APR280215-15,8b1a8786-8459-76d5-5271-096fe49bbf19,1777356006,0.39,4.71,no,"{""count_fp"":""4.71"",""created_time"":""2026-04-28T06:00:06.948249Z"",""no_price_dollars"":""0.6100"",""taker_side"":""no"",""ticker"":""KXBTC15M-26APR280215-15"",""trade_id"":""8b1a8786-8459-76d5-5271-096fe49bbf19"",""yes_price_dollars"":""0.3900""}"
KXBTC15M-26APR280215-15,859f1c48-ef27-697f-c762-2712f35dbfda,1777356007,0.4,5.0,yes,"{""count_fp"":""5.00"",""created_time"":""2026-04-28T06:00:07.689222Z"",""no_price_dollars"":""0.6000"",""taker_side"":""yes"",""ticker"":""KXBTC15M-26APR280215-15"",""trade_id"":""859f1c48-ef27-697f-c762-2712f35dbfda"",""yes_price_dollars"":""0.4000""}"
KXBTC15M-26APR280215-15,6018b78e-0927-6c4a-cf9f-a107ea45b5b6,1777356007,0.4,6.99,yes,"{""count_fp"":""6.99"",""created_time"":""2026-04-28T06:00:07.689222Z"",""no_price_dollars"":""0.6000"",""taker_side"":""yes"",""ticker"":""KXBTC15M-26APR280215-15"",""trade_id"":""6018b78e-0927-6c4a-cf9f-a107ea45b5b6"",""yes_price_dollars"":""0.4000""}"
KXBTC15M-26APR280215-15,d6c7fec2-08e8-4b81-239e-f9f9d9195c86,1777356008,0.4,1.98,yes,"{""count_fp"":""1.98"",""created_time"":""2026-04-28T06:00:08.974477Z"",""no_price_dollars"":""0.6000"",""taker_side"":""yes"",""ticker"":""KXBTC15M-26APR280215-15"",""trade_id"":""d6c7fec2-08e8-4b81-239e-f9f9d9195c86"",""yes_price_dollars"":""0.4000""}"
KXBTC15M-26APR280215-15,2f8885b0-42b2-498c-2c74-bfb8a5c91464,1777356008,0.4,93.98,yes,"{""count_fp"":""93.98"",""created_time"":""2026-04-28T06:00:08.974477Z"",""no_price_dollars"":""0.6000"",""taker_side"":""yes"",""ticker"":""KXBTC15M-26APR280215-15"",""trade_id"":""2f8885b0-42b2-498c-2c74-bfb8a5c91464"",""yes_price_dollars"":""0.4000""}"
KXBTC15M-26APR280215-15,5bd81045-a6bc-454d-9625-62db00cd3002,1777356008,0.4,14.02,yes,"{""count_fp"":""14.02"",""created_time"":""2026-04-28T06:00:08.970396Z"",""no_price_dollars"":""0.6000"",""taker_side"":""yes"",""ticker"":""KXBTC15M-26APR280215-15"",""trade_id"":""5bd81045-a6bc-454d-9625-62db00cd3002"",""yes_price_dollars"":""0.4000""}"
KXBTC15M-26APR280215-15,0eae9d3d-21b8-5db5-e87a-d38995bca2ba,1777356008,0.4,40.0,yes,"{""count_fp"":""40.00"",""created_time"":""2026-04-28T06:00:08.522932Z"",""no_price_dollars"":""0.6000"",""taker_side"":""yes"",""ticker"":""KXBTC15M-26APR280215-15"",""trade_id"":""0eae9d3d-21b8-5db5-e87a-d38995bca2ba"",""yes_price_dollars"":""0.4000""}"
KXBTC15M-26APR280215-15,abccb7c6-cf98-6116-2bac-9ad4e1cdfb81,1777356008,0.4,2.0,yes,"{""count_fp"":""2.00"",""created_time"":""2026-04-28T06:00:08.324742Z"",""no_price_dollars"":""0.6000"",""taker_side"":""yes"",""ticker"":""KXBTC15M-26APR280215-15"",""trade_id"":""abccb7c6-cf98-6116-2bac-9ad4e1cdfb81"",""yes_price_dollars"":""0.4000""}"
KXBTC15M-26APR280215-15,43de6938-883a-6b84-08b1-efc42ab24e58,1777356008,0.4,90.99,yes,"{""count_fp"":""90.99"",""created_time"":""2026-04-28T06:00:08.324742Z"",""no_price_dollars"":""0.6000"",""taker_side"":""yes"",""ticker"":""KXBTC15M-26APR280215-15"",""trade_id"":""43de6938-883a-6b84-08b1-efc42ab24e58"",""yes_price_dollars"":""0.4000""}"
KXBTC15M-26APR280215-15,1c5a9d1c-b1ff-64ae-200b-dfdea36e1396,1777356008,0.4,3.01,yes,"{""count_fp"":""3.01"",""created_time"":""2026-04-28T06:00:08.324742Z"",""no_price_dollars"":""0.6000"",""taker_side"":""yes"",""ticker"":""KXBTC15M-26APR280215-15"",""trade_id"":""1c5a9d1c-b1ff-64ae-200b-dfdea36e1396"",""yes_price_dollars"":""0.4000""}"
KXBTC15M-26APR280215-15,0efdb402-c74b-6180-1e74-38f22af34aaf,1777356008,0.4,17.0,yes,"{""count_fp"":""17.00"",""created_time"":""2026-04-28T06:00:08.324742Z"",""no_price_dollars"":""0.6000"",""taker_side"":""yes"",""ticker"":""KXBTC15M-26APR280215-15"",""trade_id"":""0efdb402-c74b-6180-1e74-38f22af34aaf"",""yes_price_dollars"":""0.4000""}"
KXBTC15M-26APR280215-15,2185cd04-2765-7fe5-1a67-b8eb39df3179,1777356008,0.39,2.0,no,"{""count_fp"":""2.00"",""created_time"":""2026-04-28T06:00:08.244889Z"",""no_price_dollars"":""0.6100"",""taker_side"":""no"",""ticker"":""KXBTC15M-26APR280215-15"",""trade_id"":""2185cd04-2765-7fe5-1a67-b8eb39df3179"",""yes_price_dollars"":""0.3900""}"
KXBTC15M-26APR280215-15,53dc5b86-551d-65c9-2840-708a15ce2b6b,1777356009,0.32,1.0,no,"{""count_fp"":""1.00"",""created_time"":""2026-04-28T06:00:09.380459Z"",""no_price_dollars"":""0.6800"",""taker_side"":""no"",""ticker"":""KXBTC15M-26APR280215-15"",""trade_id"":""53dc5b86-551d-65c9-2840-708a15ce2b6b"",""yes_price_dollars"":""0.3200""}"
KXBTC15M-26APR280215-15,19799e3b-5e38-7e8c-e674-0076673ba108,1777356009,0.35,43.0,no,"{""count_fp"":""43.00"",""created_time"":""2026-04-28T06:00:09.058603Z"",""no_price_dollars"":""0.6500"",""taker_side"":""no"",""ticker"":""KXBTC15M-26APR280215-15"",""trade_id"":""19799e3b-5e38-7e8c-e674-0076673ba108"",""yes_price_dollars"":""0.3500""}"
KXBTC15M-26APR280215-15,fc839479-f92c-64da-3217-8e631a2991d5,1777356009,0.35,121.0,no,"{""count_fp"":""121.00"",""created_time"":""2026-04-28T06:00:09.008222Z"",""no_price_dollars"":""0.6500"",""taker_side"":""no"",""ticker"":""KXBTC15M-26APR280215-15"",""trade_id"":""fc839479-f92c-64da-3217-8e631a2991d5"",""yes_price_dollars"":""0.3500""}"
KXBTC15M-26APR280215-15,f31e203b-3629-67a5-27ce-a26d925a5929,1777356009,0.38,5.0,no,"{""count_fp"":""5.00"",""created_time"":""2026-04-28T06:00:09.008222Z"",""no_price_dollars"":""0.6200"",""taker_side"":""no"",""ticker"":""KXBTC15M-26APR280215-15"",""trade_id"":""f31e203b-3629-67a5-27ce-a26d925a5929"",""yes_price_dollars"":""0.3800""}"
KXBTC15M-26APR280215-15,eb570ad4-402a-6f42-1be3-2567f1c149c9,1777356009,0.35,23.99,no,"{""count_fp"":""23.99"",""created_time"":""2026-04-28T06:00:09.008222Z"",""no_price_dollars"":""0.6500"",""taker_side"":""no"",""ticker"":""KXBTC15M-26APR280215-15"",""trade_id"":""eb570ad4-402a-6f42-1be3-2567f1c149c9"",""yes_price_dollars"":""0.3500""}"
KXBTC15M-26APR280215-15,a24139c7-a39f-6d15-00e2-819e957505df,1777356009,0.38,10.0,no,"{""count_fp"":""10.00"",""created_time"":""2026-04-28T06:00:09.008222Z"",""no_price_dollars"":""0.6200"",""taker_side"":""no"",""ticker"":""KXBTC15M-26APR280215-15"",""trade_id"":""a24139c7-a39f-6d15-00e2-819e957505df"",""yes_price_dollars"":""0.3800""}"
KXBTC15M-26APR280215-15,a11e0cde-4dfd-6fe9-3e47-71094b112079,1777356009,0.39,3.29,no,"{""count_fp"":""3.29"",""created_time"":""2026-04-28T06:00:09.008222Z"",""no_price_dollars"":""0.6100"",""taker_side"":""no"",""ticker"":""KXBTC15M-26APR280215-15"",""trade_id"":""a11e0cde-4dfd-6fe9-3e47-71094b112079"",""yes_price_dollars"":""0.3900""}"
KXBTC15M-26APR280215-15,80d57bb0-dc0d-61d3-1e79-adf0c8996250,1777356009,0.38,80.0,no,"{""count_fp"":""80.00"",""created_time"":""2026-04-28T06:00:09.008222Z"",""no_price_dollars"":""0.6200"",""taker_side"":""no"",""ticker"":""KXBTC15M-26APR280215-15"",""trade_id"":""80d57bb0-dc0d-61d3-1e79-adf0c8996250"",""yes_price_dollars"":""0.3800""}"
KXBTC15M-26APR280215-15,492e0346-1034-6994-180d-2556732a0f5f,1777356009,0.38,13.0,no,"{""count_fp"":""13.00"",""created_time"":""2026-04-28T06:00:09.008222Z"",""no_price_dollars"":""0.6200"",""taker_side"":""no"",""ticker"":""KXBTC15M-26APR280215-15"",""trade_id"":""492e0346-1034-6994-180d-2556732a0f5f"",""yes_price_dollars"":""0.3800""}"
KXBTC15M-26APR280215-15,258fd089-845f-616d-0bc6-ef2092a18d7a,1777356009,0.35,4.0,no,"{""count_fp"":""4.00"",""created_time"":""2026-04-28T06:00:09.008222Z"",""no_price_dollars"":""0.6500"",""taker_side"":""no"",""ticker"":""KXBTC15M-26APR280215-15"",""trade_id"":""258fd089-845f-616d-0bc6-ef2092a18d7a"",""yes_price_dollars"":""0.3500""}"
KXBTC15M-26APR280215-15,34df839a-8107-560d-cd0a-45e5b5d2857e,1777356010,0.34,16.0,yes,"{""count_fp"":""16.00"",""created_time"":""2026-04-28T06:00:10.795405Z"",""no_price_dollars"":""0.6600"",""taker_side"":""yes"",""ticker"":""KXBTC15M-26APR280215-15"",""trade_id"":""34df839a-8107-560d-cd0a-45e5b5d2857e"",""yes_price_dollars"":""0.3400""}"
KXBTC15M-26APR280215-15,ee26301a-8905-5920-5fd9-8b17290afcf0,1777356010,0.32,0.78,no,"{""count_fp"":""0.78"",""created_time"":""2026-04-28T06:00:10.410006Z"",""no_price_dollars"":""0.6800"",""taker_side"":""no"",""ticker"":""KXBTC15M-26APR280215-15"",""trade_id"":""ee26301a-8905-5920-5fd9-8b17290afcf0"",""yes_price_dollars"":""0.3200""}"
KXBTC15M-26APR280215-15,ed1edd23-7eec-54f1-42bb-7a1724d04b50,1777356010,0.33,3.0,no,"{""count_fp"":""3.00"",""created_time"":""2026-04-28T06:00:10.410006Z"",""no_price_dollars"":""0.6700"",""taker_side"":""no"",""ticker"":""KXBTC15M-26APR280215-15"",""trade_id"":""ed1edd23-7eec-54f1-42bb-7a1724d04b50"",""yes_price_dollars"":""0.3300""}"
KXBTC15M-26APR280215-15,e6ac0723-792d-572d-5bae-b85996dffabf,1777356010,0.32,8.0,no,"{""count_fp"":""8.00"",""created_time"":""2026-04-28T06:00:10.410006Z"",""no_price_dollars"":""0.6800"",""taker_side"":""no"",""ticker"":""KXBTC15M-26APR280215-15"",""trade_id"":""e6ac0723-792d-572d-5bae-b85996dffabf"",""yes_price_dollars"":""0.3200""}"
KXBTC15M-26APR280215-15,a1a5143f-bd68-5ec7-75f0-617aa06bb182,1777356010,0.33,40.0,no,"{""count_fp"":""40.00"",""created_time"":""2026-04-28T06:00:10.410006Z"",""no_price_dollars"":""0.6700"",""taker_side"":""no"",""ticker"":""KXBTC15M-26APR280215-15"",""trade_id"":""a1a5143f-bd68-5ec7-75f0-617aa06bb182"",""yes_price_dollars"":""0.3300""}"
KXBTC15M-26APR280215-15,f708793a-f163-6b99-368d-dbdb040be20e,1777356010,0.34,5.0,yes,"{""count_fp"":""5.00"",""created_time"":""2026-04-28T06:00:10.284807Z"",""no_price_dollars"":""0.6600"",""taker_side"":""yes"",""ticker"":""KXBTC15M-26APR280215-15"",""trade_id"":""f708793a-f163-6b99-368d-dbdb040be20e"",""yes_price_dollars"":""0.3400""}"
KXBTC15M-26APR280215-15,bd48197e-6040-6d18-1b86-9fb31dd2bf61,1777356010,0.33,10.0,yes,"{""count_fp"":""10.00"",""created_time"":""2026-04-28T06:00:10.284807Z"",""no_price_dollars"":""0.6700"",""taker_side"":""yes"",""ticker"":""KXBTC15M-26APR280215-15"",""trade_id"":""bd48197e-6040-6d18-1b86-9fb31dd2bf61"",""yes_price_dollars"":""0.3300""}"
KXBTC15M-26APR280215-15,8f0a17d4-6e2d-7da9-ab28-2eaf3d21dea2,1777356010,0.33,7.97,yes,"{""count_fp"":""7.97"",""created_time"":""2026-04-28T06:00:10.016292Z"",""no_price_dollars"":""0.6700"",""taker_side"":""yes"",""ticker"":""KXBTC15M-26APR280215-15"",""trade_id"":""8f0a17d4-6e2d-7da9-ab28-2eaf3d21dea2"",""yes_price_dollars"":""0.3300""}"
KXBTC15M-26APR280215-15,70aef30e-db7d-70c1-85b6-0e8ed05660e7,1777356010,0.33,40.0,yes,"{""count_fp"":""40.00"",""created_time"":""2026-04-28T06:00:10.016292Z"",""no_price_dollars"":""0.6700"",""taker_side"":""yes"",""ticker"":""KXBTC15M-26APR280215-15"",""trade_id"":""70aef30e-db7d-70c1-85b6-0e8ed05660e7"",""yes_price_dollars"":""0.3300""}"
KXBTC15M-26APR280215-15,00a0a179-dbab-7f5d-b050-f9181df2a6d1,1777356011,0.36,1.67,yes,"{""count_fp"":""1.67"",""created_time"":""2026-04-28T06:00:11.969893Z"",""no_price_dollars"":""0.6400"",""taker_side"":""yes"",""ticker"":""KXBTC15M-26APR280215-15"",""trade_id"":""00a0a179-dbab-7f5d-b050-f9181df2a6d1"",""yes_price_dollars"":""0.3600""}"
KXBTC15M-26APR280215-15,de6eb540-db89-4fff-bfcc-5569363c1f54,1777356011,0.34,12.0,yes,"{""count_fp"":""12.00"",""created_time"":""2026-04-28T06:00:11.347Z"",""no_price_dollars"":""0.6600"",""taker_side"":""yes"",""ticker"":""KXBTC15M-26APR280215-15"",""trade_id"":""de6eb540-db89-4fff-bfcc-5569363c1f54"",""yes_price_dollars"":""0.3400""}"
KXBTC15M-26APR280215-15,9fe7dee2-44a2-47d1-bdfd-765d3ac20b74,1777356011,0.34,100.0,yes,"{""count_fp"":""100.00"",""created_time"":""2026-04-28T06:00:11.347Z"",""no_price_dollars"":""0.6600"",""taker_side"":""yes"",""ticker"":""KXBTC15M-26APR280215-15"",""trade_id"":""9fe7dee2-44a2-47d1-bdfd-765d3ac20b74"",""yes_price_dollars"":""0.3400""}"
KXBTC15M-26APR280215-15,fd17be01-7015-49a5-a064-36afc14f2a25,1777356011,0.33,25.66,no,"{""count_fp"":""25.66"",""created_time"":""2026-04-28T06:00:11.230732Z"",""no_price_dollars"":""0.6700"",""taker_side"":""no"",""ticker"":""KXBTC15M-26APR280215-15"",""trade_id"":""fd17be01-7015-49a5-a064-36afc14f2a25"",""yes_price_dollars"":""0.3300""}"
KXBTC15M-26APR280215-15,5d610dd2-db72-4aab-a378-7d358f1add20,1777356011,0.33,3.0,no,"{""count_fp"":""3.00"",""created_time"":""2026-04-28T06:00:11.230732Z"",""no_price_dollars"":""0.6700"",""taker_side"":""no"",""ticker"":""KXBTC15M-26APR280215-15"",""trade_id"":""5d610dd2-db72-4aab-a378-7d358f1add20"",""yes_price_dollars"":""0.3300""}"
KXBTC15M-26APR280215-15,0b161847-b976-4c19-9718-8612fbec680c,1777356011,0.33,7.29,no,"{""count_fp"":""7.29"",""created_time"":""2026-04-28T06:00:11.230732Z"",""no_price_dollars"":""0.6700"",""taker_side"":""no"",""ticker"":""KXBTC15M-26APR280215-15"",""trade_id"":""0b161847-b976-4c19-9718-8612fbec680c"",""yes_price_dollars"":""0.3300""}"
KXBTC15M-26APR280215-15,88cbbd24-9b45-6c20-7807-c3fd5a5f01c8,1777356012,0.35,31.86,no,"{""count_fp"":""31.86"",""created_time"":""2026-04-28T06:00:12.901694Z"",""no_price_dollars"":""0.6500"",""taker_side"":""no"",""ticker"":""KXBTC15M-26APR280215-15"",""trade_id"":""88cbbd24-9b45-6c20-7807-c3fd5a5f01c8"",""yes_price_dollars"":""0.3500""}"
KXBTC15M-26APR280215-15,840b570b-139c-6ffb-6fbb-faa80374e4a4,1777356012,0.35,5.67,no,"{""count_fp"":""5.67"",""created_time"":""2026-04-28T06:00:12.901694Z"",""no_price_dollars"":""0.6500"",""taker_side"":""no"",""ticker"":""KXBTC15M-26APR280215-15"",""trade_id"":""840b570b-139c-6ffb-6fbb-faa80374e4a4"",""yes_price_dollars"":""0.3500""}"
KXBTC15M-26APR280215-15,4d2f4fcf-89b1-45f8-7d98-60e07fb358b0,1777356012,0.35,4.12,no,"{""count_fp"":""4.12"",""created_time"":""2026-04-28T06:00:12.854966Z"",""no_price_dollars"":""0.6500"",""taker_side"":""no"",""ticker"":""KXBTC15M-26APR280215-15"",""trade_id"":""4d2f4fcf-89b1-45f8-7d98-60e07fb358b0"",""yes_price_dollars"":""0.3500""}"
KXBTC15M-26APR280215-15,e75f3c39-5e83-5bf9-4709-da44057c8ab5,1777356012,0.36,4.79,yes,"{""count_fp"":""4.79"",""created_time"":""2026-04-28T06:00:12.441529Z"",""no_price_dollars"":""0.6400"",""taker_side"":""yes"",""ticker"":""KXBTC15M-26APR280215-15"",""trade_id"":""e75f3c39-5e83-5bf9-4709-da44057c8ab5"",""yes_price_dollars"":""0.3600""}"
KXBTC15M-26APR280215-15,969a380a-8b4e-45ba-70ff-06ed7030c0c3,1777356012,0.35,9.66,no,"{""count_fp"":""9.66"",""created_time"":""2026-04-28T06:00:12.350879Z"",""no_price_dollars"":""0.6500"",""taker_side"":""no"",""ticker"":""KXBTC15M-26APR280215-15"",""trade_id"":""969a380a-8b4e-45ba-70ff-06ed7030c0c3"",""yes_price_dollars"":""0.3500""}"
KXBTC15M-26APR280215-15,05b34bab-b731-4948-58f4-f7e637c3e2e0,1777356012,0.35,19.24,no,"{""count_fp"":""19.24"",""created_time"":""2026-04-28T06:00:12.350879Z"",""no_price_dollars"":""0.6500"",""taker_side"":""no"",""ticker"":""KXBTC15M-26APR280215-15"",""trade_id"":""05b34bab-b731-4948-58f4-f7e637c3e2e0"",""yes_price_dollars"":""0.3500""}"
KXBTC15M-26APR280215-15,8c28a7a3-dc66-5a3e-6f6f-258541f3585b,1777356012,0.35,30.34,no,"{""count_fp"":""30.34"",""created_time"":""2026-04-28T06:00:12.231027Z"",""no_price_dollars"":""0.6500"",""taker_side"":""no"",""ticker"":""KXBTC15M-26APR280215-15"",""trade_id"":""8c28a7a3-dc66-5a3e-6f6f-258541f3585b"",""yes_price_dollars"":""0.3500""}"
KXBTC15M-26APR280215-15,c66454f9-3229-5191-3b05-b468e400f0e4,1777356013,0.36,21.16,yes,"{""count_fp"":""21.16"",""created_time"":""2026-04-28T06:00:13.884917Z"",""no_price_dollars"":""0.6400"",""taker_side"":""yes"",""ticker"":""KXBTC15M-26APR280215-15"",""trade_id"":""c66454f9-3229-5191-3b05-b468e400f0e4"",""yes_price_dollars"":""0.3600""}"
KXBTC15M-26APR280215-15,4139e3d6-b81b-5769-2cc7-3ca5628e48cd,1777356013,0.36,18.84,yes,"{""count_fp"":""18.84"",""created_time"":""2026-04-28T06:00:13.884917Z"",""no_price_dollars"":""0.6400"",""taker_side"":""yes"",""ticker"":""KXBTC15M-26APR280215-15"",""trade_id"":""4139e3d6-b81b-5769-2cc7-3ca5628e48cd"",""yes_price_dollars"":""0.3600""}"
KXBTC15M-26APR280215-15,d6161215-67bc-50a7-a486-f066b4d319ec,1777356013,0.35,1.48,no,"{""count_fp"":""1.48"",""created_time"":""2026-04-28T06:00:13.841016Z"",""no_price_dollars"":""0.6500"",""taker_side"":""no"",""ticker"":""KXBTC15M-26APR280215-15"",""trade_id"":""d6161215-67bc-50a7-a486-f066b4d319ec"",""yes_price_dollars"":""0.3500""}"
KXBTC15M-26APR280215-15,978bd186-9b23-6a59-6ac5-4460e4dab449,1777356013,0.36,42.53,yes,"{""count_fp"":""42.53"",""created_time"":""2026-04-28T06:00:13.134281Z"",""no_price_dollars"":""0.6400"",""taker_side"":""yes"",""ticker"":""KXBTC15M-26APR280215-15"",""trade_id"":""978bd186-9b23-6a59-6ac5-4460e4dab449"",""yes_price_dollars"":""0.3600""}"
KXBTC15M-26APR280215-15,59235ab0-3183-5d1e-ae4d-2433328d83f6,1777356014,0.37,3.0,yes,"{""count_fp"":""3.00"",""created_time"":""2026-04-28T06:00:14.893869Z"",""no_price_dollars"":""0.6300"",""taker_side"":""yes"",""ticker"":""KXBTC15M-26APR280215-15"",""trade_id"":""59235ab0-3183-5d1e-ae4d-2433328d83f6"",""yes_price_dollars"":""0.3700""}"
KXBTC15M-26APR280215-15,99568b0b-3bb8-7f2a-ac5b-510e3148ca39,1777356014,0.36,100.0,yes,"{""count_fp"":""100.00"",""created_time"":""2026-04-28T06:00:14.875983Z"",""no_price_dollars"":""0.6400"",""taker_side"":""yes"",""ticker"":""KXBTC15M-26APR280215-15"",""trade_id"":""99568b0b-3bb8-7f2a-ac5b-510e3148ca39"",""yes_price_dollars"":""0.3600""}"
KXBTC15M-26APR280215-15,92279e8f-e829-7c57-a6b4-40268d0068b4,1777356014,0.36,1.0,yes,"{""count_fp"":""1.00"",""created_time"":""2026-04-28T06:00:14.875983Z"",""no_price_dollars"":""0.6400"",""taker_side"":""yes"",""ticker"":""KXBTC15M-26APR280215-15"",""trade_id"":""92279e8f-e829-7c57-a6b4-40268d0068b4"",""yes_price_dollars"":""0.3600""}"
KXBTC15M-26APR280215-15,8f1dc27b-bfe1-77fd-b9fa-d7db44375464,1777356014,0.36,8.84,yes,"{""count_fp"":""8.84"",""created_time"":""2026-04-28T06:00:14.875983Z"",""no_price_dollars"":""0.6400"",""taker_side"":""yes"",""ticker"":""KXBTC15M-26APR280215-15"",""trade_id"":""8f1dc27b-bfe1-77fd-b9fa-d7db44375464"",""yes_price_dollars"":""0.3600""}"
KXBTC15M-26APR280215-15,ec1e33c1-0990-73bb-c783-2b06b1ff10bc,1777356014,0.35,45.05,no,"{""count_fp"":""45.05"",""created_time"":""2026-04-28T06:00:14.361127Z"",""no_price_dollars"":""0.6500"",""taker_side"":""no"",""ticker"":""KXBTC15M-26APR280215-15"",""trade_id"":""ec1e33c1-0990-73bb-c783-2b06b1ff10bc"",""yes_price_dollars"":""0.3500""}"
KXBTC15M-26APR280215-15,9cd09579-be04-42c3-11f2-9f77ae88d860,1777356014,0.35,300.33,no,"{""count_fp"":""300.33"",""created_time"":""2026-04-28T06:00:14.218648Z"",""no_price_dollars"":""0.6500"",""taker_side"":""no"",""ticker"":""KXBTC15M-26APR280215-15"",""trade_id"":""9cd09579-be04-42c3-11f2-9f77ae88d860"",""yes_price_dollars"":""0.3500""}"
KXBTC15M-26APR280215-15,190c4dc0-7c2e-4f8e-e766-0e63e7118697,1777356015,0.39,1.49,no,"{""count_fp"":""1.49"",""created_time"":""2026-04-28T06:00:15.856728Z"",""no_price_dollars"":""0.6100"",""taker_side"":""no"",""ticker"":""KXBTC15M-26APR280215-15"",""trade_id"":""190c4dc0-7c2e-4f8e-e766-0e63e7118697"",""yes_price_dollars"":""0.3900""}"
KXBTC15M-26APR280215-15,2b9bac5e-2e7a-5d24-3dd9-aa735c6a04d1,1777356016,0.41,3.0,no,"{""count_fp"":""3.00"",""created_time"":""2026-04-28T06:00:16.745281Z"",""no_price_dollars"":""0.5900"",""taker_side"":""no"",""ticker"":""KXBTC15M-26APR280215-15"",""trade_id"":""2b9bac5e-2e7a-5d24-3dd9-aa735c6a04d1"",""yes_price_dollars"":""0.4100""}"
KXBTC15M-26APR280215-15,8cdb08e4-a3ee-4174-c86f-4a9273b706b9,1777356016,0.41,0.45,no,"{""count_fp"":""0.45"",""created_time"":""2026-04-28T06:00:16.574273Z"",""no_price_dollars"":""0.5900"",""taker_side"":""no"",""ticker"":""KXBTC15M-26APR280215-15"",""trade_id"":""8cdb08e4-a3ee-4174-c86f-4a9273b706b9"",""yes_price_dollars"":""0.4100""}"
KXBTC15M-26APR280215-15,f287622b-d0c5-6441-8c09-a79edd0b14ab,1777356016,0.42,14.87,yes,"{""count_fp"":""14.87"",""created_time"":""2026-04-28T06:00:16.203528Z"",""no_price_dollars"":""0.5800"",""taker_side"":""yes"",""ticker"":""KXBTC15M-26APR280215-15"",""trade_id"":""f287622b-d0c5-6441-8c09-a79edd0b14ab"",""yes_price_dollars"":""0.4200""}"
KXBTC15M-26APR280215-15,e2d1aaf6-a587-61a9-bc38-6b34e6fdb1cc,1777356016,0.4,3.0,yes,"{""count_fp"":""3.00"",""created_time"":""2026-04-28T06:00:16.203528Z"",""no_price_dollars"":""0.6000"",""taker_side"":""yes"",""ticker"":""KXBTC15M-26APR280215-15"",""trade_id"":""e2d1aaf6-a587-61a9-bc38-6b34e6fdb1cc"",""yes_price_dollars"":""0.4000""}"
KXBTC15M-26APR280215-15,dd6ee942-b3a7-6f09-9cca-9d766ac23108,1777356016,0.42,40.0,yes,"{""count_fp"":""40.00"",""created_time"":""2026-04-28T06:00:16.203528Z"",""no_price_dollars"":""0.5800"",""taker_side"":""yes"",""ticker"":""KXBTC15M-26APR280215-15"",""trade_id"":""dd6ee942-b3a7-6f09-9cca-9d766ac23108"",""yes_price_dollars"":""0.4200""}"
KXBTC15M-26APR280215-15,7eb20d59-cee2-6270-90b7-fd824b5ebd3c,1777356016,0.41,30.0,yes,"{""count_fp"":""30.00"",""created_time"":""2026-04-28T06:00:16.203528Z"",""no_price_dollars"":""0.5900"",""taker_side"":""yes"",""ticker"":""KXBTC15M-26APR280215-15"",""trade_id"":""7eb20d59-cee2-6270-90b7-fd824b5ebd3c"",""yes_price_dollars"":""0.4100""}"
KXBTC15M-26APR280215-15,78479285-597b-6edd-91dc-555658642d2b,1777356016,0.4,10.0,yes,"{""count_fp"":""10.00"",""created_time"":""2026-04-28T06:00:16.203528Z"",""no_price_dollars"":""0.6000"",""taker_side"":""yes"",""ticker"":""KXBTC15M-26APR280215-15"",""trade_id"":""78479285-597b-6edd-91dc-555658642d2b"",""yes_price_dollars"":""0.4000""}"
KXBTC15M-26APR280215-15,520e2c5d-b1ad-6d27-8895-a5405f3e4545,1777356016,0.41,40.0,yes,"{""count_fp"":""40.00"",""created_time"":""2026-04-28T06:00:16.203528Z"",""no_price_dollars"":""0.5900"",""taker_side"":""yes"",""ticker"":""KXBTC15M-26APR280215-15"",""trade_id"":""520e2c5d-b1ad-6d27-8895-a5405f3e4545"",""yes_price_dollars"":""0.4100""}"
KXBTC15M-26APR280215-15,37b38798-48f4-60a2-8480-a65cd5ccd3cf,1777356016,0.42,0.17,yes,"{""count_fp"":""0.17"",""created_time"":""2026-04-28T06:00:16.203528Z"",""no_price_dollars"":""0.5800"",""taker_side"":""yes"",""ticker"":""KXBTC15M-26APR280215-15"",""trade_id"":""37b38798-48f4-60a2-8480-a65cd5ccd3cf"",""yes_price_dollars"":""0.4200""}"
KXBTC15M-26APR280215-15,f1565145-d76a-4817-32f3-7619034ee9a5,1777356017,0.42,3.0,yes,"{""count_fp"":""3.00"",""created_time"":""2026-04-28T06:00:17.527893Z"",""no_price_dollars"":""0.5800"",""taker_side"":""yes"",""ticker"":""KXBTC15M-26APR280215-15"",""trade_id"":""f1565145-d76a-4817-32f3-7619034ee9a5"",""yes_price_dollars"":""0.4200""}"
KXBTC15M-26APR280215-15,e76038f9-2dd5-4b57-2313-16efd89f2bbf,1777356017,0.42,11.5,yes,"{""count_fp"":""11.50"",""created_time"":""2026-04-28T06:00:17.527893Z"",""no_price_dollars"":""0.5800"",""taker_side"":""yes"",""ticker"":""KXBTC15M-26APR280215-15"",""trade_id"":""e76038f9-2dd5-4b57-2313-16efd89f2bbf"",""yes_price_dollars"":""0.4200""}"
KXBTC15M-26APR280215-15,36dd8256-eb5c-427d-2dab-c71d83d8c5a8,1777356017,0.42,24.0,yes,"{""count_fp"":""24.00"",""created_time"":""2026-04-28T06:00:17.527893Z"",""no_price_dollars"":""0.5800"",""taker_side"":""yes"",""ticker"":""KXBTC15M-26APR280215-15"",""trade_id"":""36dd8256-eb5c-427d-2dab-c71d83d8c5a8"",""yes_price_dollars"":""0.4200""}"
KXBTC15M-26APR280215-15,089e8dab-97ee-48bd-364b-d779573652a9,1777356017,0.42,4.51,yes,"{""count_fp"":""4.51"",""created_time"":""2026-04-28T06:00:17.527893Z"",""no_price_dollars"":""0.5800"",""taker_side"":""yes"",""ticker"":""KXBTC15M-26APR280215-15"",""trade_id"":""089e8dab-97ee-48bd-364b-d779573652a9"",""yes_price_dollars"":""0.4200""}"
KXBTC15M-26APR280215-15,f9398dd0-84ca-59b0-0413-7d45ceb8e019,1777356018,0.41,33.91,no,"{""count_fp"":""33.91"",""created_time"":""2026-04-28T06:00:18.760962Z"",""no_price_dollars"":""0.5900"",""taker_side"":""no"",""ticker"":""KXBTC15M-26APR280215-15"",""trade_id"":""f9398dd0-84ca-59b0-0413-7d45ceb8e019"",""yes_price_dollars"":""0.4100""}"
KXBTC15M-26APR280215-15,e81ea5de-c800-5710-0f33-6d9bca4d1e67,1777356018,0.41,35.04,no,"{""count_fp"":""35.04"",""created_time"":""2026-04-28T06:00:18.760962Z"",""no_price_dollars"":""0.5900"",""taker_side"":""no"",""ticker"":""KXBTC15M-26APR280215-15"",""trade_id"":""e81ea5de-c800-5710-0f33-6d9bca4d1e67"",""yes_price_dollars"":""0.4100""}"
KXBTC15M-26APR280215-15,9f724014-4aae-5209-0799-6e427ca37de4,1777356018,0.4,40.0,no,"{""count_fp"":""40.00"",""created_time"":""2026-04-28T06:00:18.760962Z"",""no_price_dollars"":""0.6000"",""taker_side"":""no"",""ticker"":""KXBTC15M-26APR280215-15"",""trade_id"":""9f724014-4aae-5209-0799-6e427ca37de4"",""yes_price_dollars"":""0.4000""}"
KXBTC15M-26APR280215-15,7e803e22-9d02-5146-31d9-473671bf457d,1777356018,0.4,25.05,no,"{""count_fp"":""25.05"",""created_time"":""2026-04-28T06:00:18.760962Z"",""no_price_dollars"":""0.6000"",""taker_side"":""no"",""ticker"":""KXBTC15M-26APR280215-15"",""trade_id"":""7e803e22-9d02-5146-31d9-473671bf457d"",""yes_price_dollars"":""0.4000""}"
KXBTC15M-26APR280215-15,9cc5ed60-274e-796d-cfc1-0d1a5857c289,1777356018,0.42,18.3,yes,"{""count_fp"":""18.30"",""created_time"":""2026-04-28T06:00:18.224419Z"",""no_price_dollars"":""0.5800"",""taker_side"":""yes"",""ticker"":""KXBTC15M-26APR280215-15"",""trade_id"":""9cc5ed60-274e-796d-cfc1-0d1a5857c289"",""yes_price_dollars"":""0.4200""}"
KXBTC15M-26APR280215-15,df63a467-8ffa-7381-2b44-977f695341c1,1777356018,0.42,3.0,yes,"{""count_fp"":""3.00"",""created_time"":""2026-04-28T06:00:18.194104Z"",""no_price_dollars"":""0.5800"",""taker_side"":""yes"",""ticker"":""KXBTC15M-26APR280215-15"",""trade_id"":""df63a467-8ffa-7381-2b44-977f695341c1"",""yes_price_dollars"":""0.4200""}"
KXBTC15M-26APR280215-15,89d23605-402a-5714-b8fe-35ee65b48ddd,1777356018,0.41,1.0,no,"{""count_fp"":""1.00"",""created_time"":""2026-04-28T06:00:18.161863Z"",""no_price_dollars"":""0.5900"",""taker_side"":""no"",""ticker"":""KXBTC15M-26APR280215-15"",""trade_id"":""89d23605-402a-5714-b8fe-35ee65b48ddd"",""yes_price_dollars"":""0.4100""}"
KXBTC15M-26APR280215-15,4f3ecb23-583a-76e4-6cd4-4bc6357be355,1777356018,0.41,1.64,no,"{""count_fp"":""1.64"",""created_time"":""2026-04-28T06:00:18.095701Z"",""no_price_dollars"":""0.5900"",""taker_side"":""no"",""ticker"":""KXBTC15M-26APR280215-15"",""trade_id"":""4f3ecb23-583a-76e4-6cd4-4bc6357be355"",""yes_price_dollars"":""0.4100""}"
KXBTC15M-26APR280215-15,1d89e52c-7ff1-6dfa-d805-b5e15d89a8b6,1777356019,0.4,10.0,yes,"{""count_fp"":""10.00"",""created_time"":""2026-04-28T06:00:19.945911Z"",""no_price_dollars"":""0.6000"",""taker_side"":""yes"",""ticker"":""KXBTC15M-26APR280215-15"",""trade_id"":""1d89e52c-7ff1-6dfa-d805-b5e15d89a8b6"",""yes_price_dollars"":""0.4000""}"
KXBTC15M-26APR280215-15,bdf12c7c-3652-4156-72c4-55aba9e673ef,1777356019,0.39,38.51,no,"{""count_fp"":""38.51"",""created_time"":""2026-04-28T06:00:19.860433Z"",""no_price_dollars"":""0.6100"",""taker_side"":""no"",""ticker"":""KXBTC15M-26APR280215-15"",""trade_id"":""bdf12c7c-3652-4156-72c4-55aba9e673ef"",""yes_price_dollars"":""0.3900""}"
KXBTC15M-26APR280215-15,8e2f763b-d8ff-4a88-4e6a-7409b351a94b,1777356019,0.4,9.57,no,"{""count_fp"":""9.57"",""created_time"":""2026-04-28T06:00:19.860433Z"",""no_price_dollars"":""0.6000"",""taker_side"":""no"",""ticker"":""KXBTC15M-26APR280215-15"",""trade_id"":""8e2f763b-d8ff-4a88-4e6a-7409b351a94b"",""yes_price_dollars"":""0.4000""}"
KXBTC15M-26APR280215-15,7f009d29-ea81-4d1b-68ec-0feaf36cb42d,1777356019,0.4,3.0,no,"{""count_fp"":""3.00"",""created_time"":""2026-04-28T06:00:19.860433Z"",""no_price_dollars"":""0.6000"",""taker_side"":""no"",""ticker"":""KXBTC15M-26APR280215-15"",""trade_id"":""7f009d29-ea81-4d1b-68ec-0feaf36cb42d"",""yes_price_dollars"":""0.4000""}"
KXBTC15M-26APR280215-15,6f7fd059-1c9c-472f-7e63-47fe8f3ffeec,1777356019,0.39,142.92,no,"{""count_fp"":""142.92"",""created_time"":""2026-04-28T06:00:19.860433Z"",""no_price_dollars"":""0.6100"",""taker_side"":""no"",""ticker"":""KXBTC15M-26APR280215-15"",""trade_id"":""6f7fd059-1c9c-472f-7e63-47fe8f3ffeec"",""yes_price_dollars"":""0.3900""}"
KXBTC15M-26APR280215-15,41f6f03b-7bc8-4206-7a3d-d9da2f2a119c,1777356019,0.4,40.0,no,"{""count_fp"":""40.00"",""created_time"":""2026-04-28T06:00:19.860433Z"",""no_price_dollars"":""0.6000"",""taker_side"":""no"",""ticker"":""KXBTC15M-26APR280215-15"",""trade_id"":""41f6f03b-7bc8-4206-7a3d-d9da2f2a119c"",""yes_price_dollars"":""0.4000""}"
KXBTC15M-26APR280215-15,c15d44b8-bd0b-7ce6-a29f-03e0fc5e388c,1777356019,0.41,500.0,yes,"{""count_fp"":""500.00"",""created_time"":""2026-04-28T06:00:19.654403Z"",""no_price_dollars"":""0.5900"",""taker_side"":""yes"",""ticker"":""KXBTC15M-26APR280215-15"",""trade_id"":""c15d44b8-bd0b-7ce6-a29f-03e0fc5e388c"",""yes_price_dollars"":""0.4100""}"
KXBTC15M-26APR280215-15,cdd4e0f2-99a6-579a-4ba3-d6073bdba445,1777356019,0.4,30.95,no,"{""count_fp"":""30.95"",""created_time"":""2026-04-28T06:00:19.164008Z"",""no_price_dollars"":""0.6000"",""taker_side"":""no"",""ticker"":""KXBTC15M-26APR280215-15"",""trade_id"":""cdd4e0f2-99a6-579a-4ba3-d6073bdba445"",""yes_price_dollars"":""0.4000""}"
KXBTC15M-26APR280215-15,938c3a66-9c1b-5d06-772e-c36796d4b296,1777356019,0.4,19.05,no,"{""count_fp"":""19.05"",""created_time"":""2026-04-28T06:00:19.164008Z"",""no_price_dollars"":""0.6000"",""taker_side"":""no"",""ticker"":""KXBTC15M-26APR280215-15"",""trade_id"":""938c3a66-9c1b-5d06-772e-c36796d4b296"",""yes_price_dollars"":""0.4000""}"
KXBTC15M-26APR280215-15,015b4a2d-a7a8-4d73-113a-b3f5222f8df0,1777356020,0.39,39.71,no,"{""count_fp"":""39.71"",""created_time"":""2026-04-28T06:00:20.531025Z"",""no_price_dollars"":""0.6100"",""taker_side"":""no"",""ticker"":""KXBTC15M-26APR280215-15"",""trade_id"":""015b4a2d-a7a8-4d73-113a-b3f5222f8df0"",""yes_price_dollars"":""0.3900""}"
KXBTC15M-26APR280215-15,94c6c391-eb2d-514e-4f71-e93b427db032,1777356020,0.4,6.58,yes,"{""count_fp"":""6.58"",""created_time"":""2026-04-28T06:00:20.150001Z"",""no_price_dollars"":""0.6000"",""taker_side"":""yes"",""ticker"":""KXBTC15M-26APR280215-15"",""trade_id"":""94c6c391-eb2d-514e-4f71-e93b427db032"",""yes_price_dollars"":""0.4000""}"
KXBTC15M-26APR280215-15,8025825c-041c-5aaf-7a9c-d95e5901d0bb,1777356020,0.4,13.42,yes,"{""count_fp"":""13.42"",""created_time"":""2026-04-28T06:00:20.150001Z"",""no_price_dollars"":""0.6000"",""taker_side"":""yes"",""ticker"":""KXBTC15M-26APR280215-15"",""trade_id"":""8025825c-041c-5aaf-7a9c-d95e5901d0bb"",""yes_price_dollars"":""0.4000""}"
KXBTC15M-26APR280215-15,bc0925a6-2ba5-768e-dc21-8e41472337a6,1777356020,0.4,23.42,yes,"{""count_fp"":""23.42"",""created_time"":""2026-04-28T06:00:20.078109Z"",""no_price_dollars"":""0.6000"",""taker_side"":""yes"",""ticker"":""KXBTC15M-26APR280215-15"",""trade_id"":""bc0925a6-2ba5-768e-dc21-8e41472337a6"",""yes_price_dollars"":""0.4000""}"
KXBTC15M-26APR280215-15,648132fa-0ea4-75f8-99f4-85e178c00a39,1777356021,0.39,39.89,no,"{""count_fp"":""39.89"",""created_time"":""2026-04-28T06:00:21.612793Z"",""no_price_dollars"":""0.6100"",""taker_side"":""no"",""ticker"":""KXBTC15M-26APR280215-15"",""trade_id"":""648132fa-0ea4-75f8-99f4-85e178c00a39"",""yes_price_dollars"":""0.3900""}"
KXBTC15M-26APR280215-15,83eef7fd-3a1e-73c9-c63a-dde25cf8baee,1777356021,0.4,0.23,yes,"{""count_fp"":""0.23"",""created_time"":""2026-04-28T06:00:21.237373Z"",""no_price_dollars"":""0.6000"",""taker_side"":""yes"",""ticker"":""KXBTC15M-26APR280215-15"",""trade_id"":""83eef7fd-3a1e-73c9-c63a-dde25cf8baee"",""yes_price_dollars"":""0.4000""}"
KXBTC15M-26APR280215-15,021cc4c5-1198-5f33-ba36-d65db1263e90,1777356021,0.39,5.0,no,"{""count_fp"":""5.00"",""created_time"":""2026-04-28T06:00:21.228165Z"",""no_price_dollars"":""0.6100"",""taker_side"":""no"",""ticker"":""KXBTC15M-26APR280215-15"",""trade_id"":""021cc4c5-1198-5f33-ba36-d65db1263e90"",""yes_price_dollars"":""0.3900""}"
KXBTC15M-26APR280215-15,f42d3ead-92c8-7807-dab5-113de5287f70,1777356021,0.39,15.56,no,"{""count_fp"":""15.56"",""created_time"":""2026-04-28T06:00:21.094812Z"",""no_price_dollars"":""0.6100"",""taker_side"":""no"",""ticker"":""KXBTC15M-26APR280215-15"",""trade_id"":""f42d3ead-92c8-7807-dab5-113de5287f70"",""yes_price_dollars"":""0.3900""}"
KXBTC15M-26APR280215-15,6e0b4b56-9943-7192-20c9-b6902e52a65c,1777356022,0.39,9.03,no,"{""count_fp"":""9.03"",""created_time"":""2026-04-28T06:00:22.658891Z"",""no_price_dollars"":""0.6100"",""taker_side"":""no"",""ticker"":""KXBTC15M-26APR280215-15"",""trade_id"":""6e0b4b56-9943-7192-20c9-b6902e52a65c"",""yes_price_dollars"":""0.3900""}"
KXBTC15M-26APR280215-15,5eb9527a-40f4-7bf9-2050-13b9c6ac1d37,1777356022,0.39,40.0,no,"{""count_fp"":""40.00"",""created_time"":""2026-04-28T06:00:22.658891Z"",""no_price_dollars"":""0.6100"",""taker_side"":""no"",""ticker"":""KXBTC15M-26APR280215-15"",""trade_id"":""5eb9527a-40f4-7bf9-2050-13b9c6ac1d37"",""yes_price_dollars"":""0.3900""}"
KXBTC15M-26APR280215-15,37f76202-a7f4-73ff-3a59-2f83535f59a0,1777356022,0.39,21.37,no,"{""count_fp"":""21.37"",""created_time"":""2026-04-28T06:00:22.658891Z"",""no_price_dollars"":""0.6100"",""taker_side"":""no"",""ticker"":""KXBTC15M-26APR280215-15"",""trade_id"":""37f76202-a7f4-73ff-3a59-2f83535f59a0"",""yes_price_dollars"":""0.3900""}"
KXBTC15M-26APR280215-15,2e7acd8c-d5e8-7f02-07e6-e62574a56b5c,1777356022,0.39,3.0,no,"{""count_fp"":""3.00"",""created_time"":""2026-04-28T06:00:22.658891Z"",""no_price_dollars"":""0.6100"",""taker_side"":""no"",""ticker"":""KXBTC15M-26APR280215-15"",""trade_id"":""2e7acd8c-d5e8-7f02-07e6-e62574a56b5c"",""yes_price_dollars"":""0.3900""}"
KXBTC15M-26APR280215-15,c6f5fd4c-0c76-4e23-3904-3a6fd02dd820,1777356022,0.4,1.0,yes,"{""count_fp"":""1.00"",""created_time"":""2026-04-28T06:00:22.570373Z"",""no_price_dollars"":""0.6000"",""taker_side"":""yes"",""ticker"":""KXBTC15M-26APR280215-15"",""trade_id"":""c6f5fd4c-0c76-4e23-3904-3a6fd02dd820"",""yes_price_dollars"":""0.4000""}"
KXBTC15M-26APR280215-15,c83e31dd-d370-784f-53e8-5aa11cfa05f7,1777356022,0.4,30.68,yes,"{""count_fp"":""30.68"",""created_time"":""2026-04-28T06:00:22.328085Z"",""no_price_dollars"":""0.6000"",""taker_side"":""yes"",""ticker"":""KXBTC15M-26APR280215-15"",""trade_id"":""c83e31dd-d370-784f-53e8-5aa11cfa05f7"",""yes_price_dollars"":""0.4000""}"
KXBTC15M-26APR280215-15,66a34deb-9034-66e7-8364-e1dedc91391f,1777356022,0.4,84.55,yes,"{""count_fp"":""84.55"",""created_time"":""2026-04-28T06:00:22.302746Z"",""no_price_dollars"":""0.6000"",""taker_side"":""yes"",""ticker"":""KXBTC15M-26APR280215-15"",""trade_id"":""66a34deb-9034-66e7-8364-e1dedc91391f"",""yes_price_dollars"":""0.4000""}"
KXBTC15M-26APR280215-15,30f1b97d-1978-6014-625a-ba7f32b8bbb9,1777356022,0.39,47.87,no,"{""count_fp"":""47.87"",""created_time"":""2026-04-28T06:00:22.094644Z"",""no_price_dollars"":""0.6100"",""taker_side"":""no"",""ticker"":""KXBTC15M-26APR280215-15"",""trade_id"":""30f1b97d-1978-6014-625a-ba7f32b8bbb9"",""yes_price_dollars"":""0.3900""}"
KXBTC15M-26APR280215-15,ef129ec2-7dee-6191-dfa2-a39adf4608ae,1777356022,0.4,8.77,yes,"{""count_fp"":""8.77"",""created_time"":""2026-04-28T06:00:22.057654Z"",""no_price_dollars"":""0.6000"",""taker_side"":""yes"",""ticker"":""KXBTC15M-26APR280215-15"",""trade_id"":""ef129ec2-7dee-6191-dfa2-a39adf4608ae"",""yes_price_dollars"":""0.4000""}"
KXBTC15M-26APR280215-15,6176ded8-f090-6947-e0ae-3a00d36ccd47,1777356022,0.4,12.82,yes,"{""count_fp"":""12.82"",""created_time"":""2026-04-28T06:00:22.057654Z"",""no_price_dollars"":""0.6000"",""taker_side"":""yes"",""ticker"":""KXBTC15M-26APR280215-15"",""trade_id"":""6176ded8-f090-6947-e0ae-3a00d36ccd47"",""yes_price_dollars"":""0.4000""}"
KXBTC15M-26APR280215-15,2178c80b-5688-7930-be7c-a92c2dfbbb91,1777356022,0.39,1.0,no,"{""count_fp"":""1.00"",""created_time"":""2026-04-28T06:00:22.050365Z"",""no_price_dollars"":""0.6100"",""taker_side"":""no"",""ticker"":""KXBTC15M-26APR280215-15"",""trade_id"":""2178c80b-5688-7930-be7c-a92c2dfbbb91"",""yes_price_dollars"":""0.3900""}"
KXBTC15M-26APR280215-15,27cfdcc5-05cc-4d7b-9b5b-f796aa0eeca3,1777356023,0.4,2.0,yes,"{""count_fp"":""2.00"",""created_time"":""2026-04-28T06:00:23.996832Z"",""no_price_dollars"":""0.6000"",""taker_side"":""yes"",""ticker"":""KXBTC15M-26APR280215-15"",""trade_id"":""27cfdcc5-05cc-4d7b-9b5b-f796aa0eeca3"",""yes_price_dollars"":""0.4000""}"
KXBTC15M-26APR280215-15,f1d7761d-192a-7cab-d2c3-c001ae3f37d0,1777356023,0.4,86.41,yes,"{""count_fp"":""86.41"",""created_time"":""2026-04-28T06:00:23.582406Z"",""no_price_dollars"":""0.6000"",""taker_side"":""yes"",""ticker"":""KXBTC15M-26APR280215-15"",""trade_id"":""f1d7761d-192a-7cab-d2c3-c001ae3f37d0"",""yes_price_dollars"":""0.4000""}"
KXBTC15M-26APR280215-15,c57b96c9-cc00-7b62-ccfe-3cc3c70cd905,1777356023,0.4,19.05,yes,"{""count_fp"":""19.05"",""created_time"":""2026-04-28T06:00:23.582406Z"",""no_price_dollars"":""0.6000"",""taker_side"":""yes"",""ticker"":""KXBTC15M-26APR280215-15"",""trade_id"":""c57b96c9-cc00-7b62-ccfe-3cc3c70cd905"",""yes_price_dollars"":""0.4000""}"
KXBTC15M-26APR280215-15,41478471-501c-7803-cf02-8b9708d376bf,1777356023,0.4,38.49,yes,"{""count_fp"":""38.49"",""created_time"":""2026-04-28T06:00:23.582406Z"",""no_price_dollars"":""0.6000"",""taker_side"":""yes"",""ticker"":""KXBTC15M-26APR280215-15"",""trade_id"":""41478471-501c-7803-cf02-8b9708d376bf"",""yes_price_dollars"":""0.4000""}"
KXBTC15M-26APR280215-15,817e23ae-2ff6-7e87-7e20-c2a6f65d3d74,1777356023,0.4,9.59,yes,"{""count_fp"":""9.59"",""created_time"":""2026-04-28T06:00:23.464451Z"",""no_price_dollars"":""0.6000"",""taker_side"":""yes"",""ticker"":""KXBTC15M-26APR280215-15"",""trade_id"":""817e23ae-2ff6-7e87-7e20-c2a6f65d3d74"",""yes_price_dollars"":""0.4000""}"
KXBTC15M-26APR280215-15,19e7e145-02b7-51c3-7278-33ef5ffade91,1777356024,0.42,4.0,no,"{""count_fp"":""4.00"",""created_time"":""2026-04-28T06:00:24.857603Z"",""no_price_dollars"":""0.5800"",""taker_side"":""no"",""ticker"":""KXBTC15M-26APR280215-15"",""trade_id"":""19e7e145-02b7-51c3-7278-33ef5ffade91"",""yes_price_dollars"":""0.4200""}"
KXBTC15M-26APR280215-15,e644b03e-51e6-5a06-f074-7127da0d6402,1777356024,0.42,40.0,yes,"{""count_fp"":""40.00"",""created_time"":""2026-04-28T06:00:24.839421Z"",""no_price_dollars"":""0.5800"",""taker_side"":""yes"",""ticker"":""KXBTC15M-26APR280215-15"",""trade_id"":""e644b03e-51e6-5a06-f074-7127da0d6402"",""yes_price_dollars"":""0.4200""}"
KXBTC15M-26APR280215-15,d1716551-38b0-541b-d90b-c39d8b896da0,1777356024,0.41,3.0,yes,"{""count_fp"":""3.00"",""created_time"":""2026-04-28T06:00:24.839421Z"",""no_price_dollars"":""0.5900"",""taker_side"":""yes"",""ticker"":""KXBTC15M-26APR280215-15"",""trade_id"":""d1716551-38b0-541b-d90b-c39d8b896da0"",""yes_price_dollars"":""0.4100""}"
KXBTC15M-26APR280215-15,b95e9fa0-3a94-5853-e376-b79a7de05b7d,1777356024,0.42,11.5,yes,"{""count_fp"":""11.50"",""created_time"":""2026-04-28T06:00:24.839421Z"",""no_price_dollars"":""0.5800"",""taker_side"":""yes"",""ticker"":""KXBTC15M-26APR280215-15"",""trade_id"":""b95e9fa0-3a94-5853-e376-b79a7de05b7d"",""yes_price_dollars"":""0.4200""}"
KXBTC15M-26APR280215-15,a5c63dc0-c61a-5825-f389-2e6bfd58e847,1777356024,0.42,32.0,yes,"{""count_fp"":""32.00"",""created_time"":""2026-04-28T06:00:24.839421Z"",""no_price_dollars"":""0.5800"",""taker_side"":""yes"",""ticker"":""KXBTC15M-26APR280215-15"",""trade_id"":""a5c63dc0-c61a-5825-f389-2e6bfd58e847"",""yes_price_dollars"":""0.4200""}"
KXBTC15M-26APR280215-15,a3f20092-ac93-508c-e837-ce615e99b2ea,1777356024,0.4,100.0,yes,"{""count_fp"":""100.00"",""created_time"":""2026-04-28T06:00:24.839421Z"",""no_price_dollars"":""0.6000"",""taker_side"":""yes"",""ticker"":""KXBTC15M-26APR280215-15"",""trade_id"":""a3f20092-ac93-508c-e837-ce615e99b2ea"",""yes_price_dollars"":""0.4000""}"
KXBTC15M-26APR280215-15,871ee892-7a73-5a4a-d1f0-3c3485546d42,1777356024,0.41,40.0,yes,"{""count_fp"":""40.00"",""created_time"":""2026-04-28T06:00:24.839421Z"",""no_price_dollars"":""0.5900"",""taker_side"":""yes"",""ticker"":""KXBTC15M-26APR280215-15"",""trade_id"":""871ee892-7a73-5a4a-d1f0-3c3485546d42"",""yes_price_dollars"":""0.4100""}"
KXBTC15M-26APR280215-15,4b9e66e4-f76e-59df-cfd0-570a6335ab45,1777356024,0.4,30.0,yes,"{""count_fp"":""30.00"",""created_time"":""2026-04-28T06:00:24.839421Z"",""no_price_dollars"":""0.6000"",""taker_side"":""yes"",""ticker"":""KXBTC15M-26APR280215-15"",""trade_id"":""4b9e66e4-f76e-59df-cfd0-570a6335ab45"",""yes_price_dollars"":""0.4000""}"
KXBTC15M-26APR280215-15,3a6aaf01-8577-5ed6-d06d-69f3da50dee6,1777356024,0.4,200.0,yes,"{""count_fp"":""200.00"",""created_time"":""2026-04-28T06:00:24.839421Z"",""no_price_dollars"":""0.6000"",""taker_side"":""yes"",""ticker"":""KXBTC15M-26APR280215-15"",""trade_id"":""3a6aaf01-8577-5ed6-d06d-69f3da50dee6"",""yes_price_dollars"":""0.4000""}"
KXBTC15M-26APR280215-15,1455f00f-76dd-5dcd-f275-39c4c94224dd,1777356024,0.41,40.0,yes,"{""count_fp"":""40.00"",""created_time"":""2026-04-28T06:00:24.839421Z"",""no_price_dollars"":""0.5900"",""taker_side"":""yes"",""ticker"":""KXBTC15M-26APR280215-15"",""trade_id"":""1455f00f-76dd-5dcd-f275-39c4c94224dd"",""yes_price_dollars"":""0.4100""}"
KXBTC15M-26APR280215-15,058e79ae-5ab0-5437-c411-56a7db450ea7,1777356024,0.4,459.51,yes,"{""count_fp"":""459.51"",""created_time"":""2026-04-28T06:00:24.839421Z"",""no_price_dollars"":""0.6000"",""taker_side"":""yes"",""ticker"":""KXBTC15M-26APR280215-15"",""trade_id"":""058e79ae-5ab0-5437-c411-56a7db450ea7"",""yes_price_dollars"":""0.4000""}"
KXBTC15M-26APR280215-15,af79993b-c414-4de7-1533-c82ce00eb08c,1777356024,0.39,1.0,no,"{""count_fp"":""1.00"",""created_time"":""2026-04-28T06:00:24.074927Z"",""no_price_dollars"":""0.6100"",""taker_side"":""no"",""ticker"":""KXBTC15M-26APR280215-15"",""trade_id"":""af79993b-c414-4de7-1533-c82ce00eb08c"",""yes_price_dollars"":""0.3900""}"
KXBTC15M-26APR280215-15,6ac75d2c-a15e-408c-5ee7-905d676e3c0a,1777356025,0.43,40.0,no,"{""count_fp"":""40.00"",""created_time"":""2026-04-28T06:00:25.827942Z"",""no_price_dollars"":""0.5700"",""taker_side"":""no"",""ticker"":""KXBTC15M-26APR280215-15"",""trade_id"":""6ac75d2c-a15e-408c-5ee7-905d676e3c0a"",""yes_price_dollars"":""0.4300""}"
KXBTC15M-26APR280215-15,3999cee8-3feb-4cd8-6cdd-a5813739a118,1777356025,0.43,15.74,no,"{""count_fp"":""15.74"",""created_time"":""2026-04-28T06:00:25.827942Z"",""no_price_dollars"":""0.5700"",""taker_side"":""no"",""ticker"":""KXBTC15M-26APR280215-15"",""trade_id"":""3999cee8-3feb-4cd8-6cdd-a5813739a118"",""yes_price_dollars"":""0.4300""}"
KXBTC15M-26APR280215-15,28d2216c-67fe-4f00-55c8-c99a4d041d59,1777356025,0.44,40.0,no,"{""count_fp"":""40.00"",""created_time"":""2026-04-28T06:00:25.827942Z"",""no_price_dollars"":""0.5600"",""taker_side"":""no"",""ticker"":""KXBTC15M-26APR280215-15"",""trade_id"":""28d2216c-67fe-4f00-55c8-c99a4d041d59"",""yes_price_dollars"":""0.4400""}"
KXBTC15M-26APR280215-15,576f8e33-e61f-74ef-1106-33470521b791,1777356025,0.42,6.37,no,"{""count_fp"":""6.37"",""created_time"":""2026-04-28T06:00:25.634813Z"",""no_price_dollars"":""0.5800"",""taker_side"":""no"",""ticker"":""KXBTC15M-26APR280215-15"",""trade_id"":""576f8e33-e61f-74ef-1106-33470521b791"",""yes_price_dollars"":""0.4200""}"
KXBTC15M-26APR280215-15,ec7b3cb2-40e1-677d-7e52-44968042846e,1777356025,0.43,23.45,yes,"{""count_fp"":""23.45"",""created_time"":""2026-04-28T06:00:25.598358Z"",""no_price_dollars"":""0.5700"",""taker_side"":""yes"",""ticker"":""KXBTC15M-26APR280215-15"",""trade_id"":""ec7b3cb2-40e1-677d-7e52-44968042846e"",""yes_price_dollars"":""0.4300""}"
KXBTC15M-26APR280215-15,eadbc392-c27d-47fd-e750-14299a3a0252,1777356025,0.43,31.01,yes,"{""count_fp"":""31.01"",""created_time"":""2026-04-28T06:00:25.580817Z"",""no_price_dollars"":""0.5700"",""taker_side"":""yes"",""ticker"":""KXBTC15M-26APR280215-15"",""trade_id"":""eadbc392-c27d-47fd-e750-14299a3a0252"",""yes_price_dollars"":""0.4300""}"
KXBTC15M-26APR280215-15,c4cc3441-df29-52d8-885e-5f95084f6c4f,1777356025,0.43,20.58,yes,"{""count_fp"":""20.58"",""created_time"":""2026-04-28T06:00:25.486649Z"",""no_price_dollars"":""0.5700"",""taker_side"":""yes"",""ticker"":""KXBTC15M-26APR280215-15"",""trade_id"":""c4cc3441-df29-52d8-885e-5f95084f6c4f"",""yes_price_dollars"":""0.4300""}"
KXBTC15M-26APR280215-15,fefa10a4-d085-715a-f744-89063c99fc20,1777356025,0.43,3.0,yes,"{""count_fp"":""3.00"",""created_time"":""2026-04-28T06:00:25.432161Z"",""no_price_dollars"":""0.5700"",""taker_side"":""yes"",""ticker"":""KXBTC15M-26APR280215-15"",""trade_id"":""fefa10a4-d085-715a-f744-89063c99fc20"",""yes_price_dollars"":""0.4300""}"
KXBTC15M-26APR280215-15,f1111376-44ad-7f59-f031-73a3b6169d3e,1777356025,0.43,47.69,yes,"{""count_fp"":""47.69"",""created_time"":""2026-04-28T06:00:25.432161Z"",""no_price_dollars"":""0.5700"",""taker_side"":""yes"",""ticker"":""KXBTC15M-26APR280215-15"",""trade_id"":""f1111376-44ad-7f59-f031-73a3b6169d3e"",""yes_price_dollars"":""0.4300""}"
KXBTC15M-26APR280215-15,b0429282-3197-70b0-3c7d-b165f68c6438,1777356026,0.43,1.0,no,"{""count_fp"":""1.00"",""created_time"":""2026-04-28T06:00:26.078161Z"",""no_price_dollars"":""0.5700"",""taker_side"":""no"",""ticker"":""KXBTC15M-26APR280215-15"",""trade_id"":""b0429282-3197-70b0-3c7d-b165f68c6438"",""yes_price_dollars"":""0.4300""}"
KXBTC15M-26APR280215-15,5884ecc8-6dfb-6c62-0caa-d3ab2f172720,1777356027,0.44,19.68,yes,"{""count_fp"":""19.68"",""created_time"":""2026-04-28T06:00:27.732508Z"",""no_price_dollars"":""0.5600"",""taker_side"":""yes"",""ticker"":""KXBTC15M-26APR280215-15"",""trade_id"":""5884ecc8-6dfb-6c62-0caa-d3ab2f172720"",""yes_price_dollars"":""0.4400""}"
KXBTC15M-26APR280215-15,33762cbb-c40b-5774-9199-7b193ad6bc08,1777356027,0.43,1.67,no,"{""count_fp"":""1.67"",""created_time"":""2026-04-28T06:00:27.600604Z"",""no_price_dollars"":""0.5700"",""taker_side"":""no"",""ticker"":""KXBTC15M-26APR280215-15"",""trade_id"":""33762cbb-c40b-5774-9199-7b193ad6bc08"",""yes_price_dollars"":""0.4300""}"
KXBTC15M-26APR280215-15,ebe99804-7dcf-409c-fd8c-cf11dc335d14,1777356027,0.43,3.0,no,"{""count_fp"":""3.00"",""created_time"":""2026-04-28T06:00:27.225605Z"",""no_price_dollars"":""0.5700"",""taker_side"":""no"",""ticker"":""KXBTC15M-26APR280215-15"",""trade_id"":""ebe99804-7dcf-409c-fd8c-cf11dc335d14"",""yes_price_dollars"":""0.4300""}"
KXBTC15M-26APR280215-15,f0a5b1b4-049b-54a4-2d9e-201a8b5832d8,1777356028,0.43,1.7,no,"{""count_fp"":""1.70"",""created_time"":""2026-04-28T06:00:28.830115Z"",""no_price_dollars"":""0.5700"",""taker_side"":""no"",""ticker"":""KXBTC15M-26APR280215-15"",""trade_id"":""f0a5b1b4-049b-54a4-2d9e-201a8b5832d8"",""yes_price_dollars"":""0.4300""}"
KXBTC15M-26APR280215-15,46a5b768-0d29-6089-b09f-cf65f1a774e7,1777356028,0.44,1.54,yes,"{""count_fp"":""1.54"",""created_time"":""2026-04-28T06:00:28.562156Z"",""no_price_dollars"":""0.5600"",""taker_side"":""yes"",""ticker"":""KXBTC15M-26APR280215-15"",""trade_id"":""46a5b768-0d29-6089-b09f-cf65f1a774e7"",""yes_price_dollars"":""0.4400""}"
KXBTC15M-26APR280215-15,0a7ede42-7d1f-611e-ad9f-d77abf0fa354,1777356028,0.44,20.32,yes,"{""count_fp"":""20.32"",""created_time"":""2026-04-28T06:00:28.562156Z"",""no_price_dollars"":""0.5600"",""taker_side"":""yes"",""ticker"":""KXBTC15M-26APR280215-15"",""trade_id"":""0a7ede42-7d1f-611e-ad9f-d77abf0fa354"",""yes_price_dollars"":""0.4400""}"
KXBTC15M-26APR280215-15,2682f525-6ac7-55fc-1020-a6dc3ca54574,1777356028,0.43,1.0,no,"{""count_fp"":""1.00"",""created_time"":""2026-04-28T06:00:28.080749Z"",""no_price_dollars"":""0.5700"",""taker_side"":""no"",""ticker"":""KXBTC15M-26APR280215-15"",""trade_id"":""2682f525-6ac7-55fc-1020-a6dc3ca54574"",""yes_price_dollars"":""0.4300""}"
KXBTC15M-26APR280215-15,7f9f7ea5-99e9-6bd7-19c1-ac51eb0bbc55,1777356029,0.44,14.04,yes,"{""count_fp"":""14.04"",""created_time"":""2026-04-28T06:00:29.592202Z"",""no_price_dollars"":""0.5600"",""taker_side"":""yes"",""ticker"":""KXBTC15M-26APR280215-15"",""trade_id"":""7f9f7ea5-99e9-6bd7-19c1-ac51eb0bbc55"",""yes_price_dollars"":""0.4400""}"
KXBTC15M-26APR280215-15,1f576574-43f5-62a3-2350-89c6196ea5b9,1777356029,0.44,7.82,yes,"{""count_fp"":""7.82"",""created_time"":""2026-04-28T06:00:29.592202Z"",""no_price_dollars"":""0.5600"",""taker_side"":""yes"",""ticker"":""KXBTC15M-26APR280215-15"",""trade_id"":""1f576574-43f5-62a3-2350-89c6196ea5b9"",""yes_price_dollars"":""0.4400""}"
KXBTC15M-26APR280215-15,fcac4e34-3e29-6ada-69ef-3797ba26329d,1777356029,0.44,3.0,yes,"{""count_fp"":""3.00"",""created_time"":""2026-04-28T06:00:29.482233Z"",""no_price_dollars"":""0.5600"",""taker_side"":""yes"",""ticker"":""KXBTC15M-26APR280215-15"",""trade_id"":""fcac4e34-3e29-6ada-69ef-3797ba26329d"",""yes_price_dollars"":""0.4400""}"
KXBTC15M-26APR280215-15,9bdd87a2-e925-60c1-622a-45fe4e2a80bb,1777356029,0.44,1.9,yes,"{""count_fp"":""1.90"",""created_time"":""2026-04-28T06:00:29.482233Z"",""no_price_dollars"":""0.5600"",""taker_side"":""yes"",""ticker"":""KXBTC15M-26APR280215-15"",""trade_id"":""9bdd87a2-e925-60c1-622a-45fe4e2a80bb"",""yes_price_dollars"":""0.4400""}"
KXBTC15M-26APR280215-15,773028b6-b5e1-690f-7839-e03c1fd738a9,1777356029,0.44,32.18,yes,"{""count_fp"":""32.18"",""created_time"":""2026-04-28T06:00:29.482233Z"",""no_price_dollars"":""0.5600"",""taker_side"":""yes"",""ticker"":""KXBTC15M-26APR280215-15"",""trade_id"":""773028b6-b5e1-690f-7839-e03c1fd738a9"",""yes_price_dollars"":""0.4400""}"
KXBTC15M-26APR280215-15,21d39e09-125f-654c-1306-d859b0a19e68,1777356029,0.43,31.89,no,"{""count_fp"":""31.89"",""created_time"":""2026-04-28T06:00:29.284416Z"",""no_price_dollars"":""0.5700"",""taker_side"":""no"",""ticker"":""KXBTC15M-26APR280215-15"",""trade_id"":""21d39e09-125f-654c-1306-d859b0a19e68"",""yes_price_dollars"":""0.4300""}"
KXBTC15M-26APR280215-15,1ecb309b-7fce-69d4-2509-19a2d0c15dc2,1777356029,0.43,8.51,no,"{""count_fp"":""8.51"",""created_time"":""2026-04-28T06:00:29.284416Z"",""no_price_dollars"":""0.5700"",""taker_side"":""no"",""ticker"":""KXBTC15M-26APR280215-15"",""trade_id"":""1ecb309b-7fce-69d4-2509-19a2d0c15dc2"",""yes_price_dollars"":""0.4300""}"
KXBTC15M-26APR280215-15,dc423b3e-f021-7e75-4442-8ef5e348794f,1777356029,0.44,6.56,yes,"{""count_fp"":""6.56"",""created_time"":""2026-04-28T06:00:29.164452Z"",""no_price_dollars"":""0.5600"",""taker_side"":""yes"",""ticker"":""KXBTC15M-26APR280215-15"",""trade_id"":""dc423b3e-f021-7e75-4442-8ef5e348794f"",""yes_price_dollars"":""0.4400""}"
KXBTC15M-26APR280215-15,de362c22-40db-6fb7-2c4e-bfb99beb04da,1777356030,0.42,2.18,yes,"{""count_fp"":""2.18"",""created_time"":""2026-04-28T06:00:30.889276Z"",""no_price_dollars"":""0.5800"",""taker_side"":""yes"",""ticker"":""KXBTC15M-26APR280215-15"",""trade_id"":""de362c22-40db-6fb7-2c4e-bfb99beb04da"",""yes_price_dollars"":""0.4200""}"
KXBTC15M-26APR280215-15,1f556832-b527-7433-28d0-4538945effe2,1777356030,0.42,2.0,yes,"{""count_fp"":""2.00"",""created_time"":""2026-04-28T06:00:30.492098Z"",""no_price_dollars"":""0.5800"",""taker_side"":""yes"",""ticker"":""KXBTC15M-26APR280215-15"",""trade_id"":""1f556832-b527-7433-28d0-4538945effe2"",""yes_price_dollars"":""0.4200""}"
KXBTC15M-26APR280215-15,9fa06321-6feb-63c7-5731-204c8eb741be,1777356030,0.42,216.9,yes,"{""count_fp"":""216.90"",""created_time"":""2026-04-28T06:00:30.368555Z"",""no_price_dollars"":""0.5800"",""taker_side"":""yes"",""ticker"":""KXBTC15M-26APR280215-15"",""trade_id"":""9fa06321-6feb-63c7-5731-204c8eb741be"",""yes_price_dollars"":""0.4200""}"
KXBTC15M-26APR280215-15,6cb4ecb2-67a7-4498-0251-5893cc9f3a9a,1777356030,0.42,21.31,no,"{""count_fp"":""21.31"",""created_time"":""2026-04-28T06:00:30.131513Z"",""no_price_dollars"":""0.5800"",""taker_side"":""no"",""ticker"":""KXBTC15M-26APR280215-15"",""trade_id"":""6cb4ecb2-67a7-4498-0251-5893cc9f3a9a"",""yes_price_dollars"":""0.4200""}"
KXBTC15M-26APR280215-15,345d1618-32a7-4b3b-27da-17784678b99d,1777356030,0.42,54.85,no,"{""count_fp"":""54.85"",""created_time"":""2026-04-28T06:00:30.131513Z"",""no_price_dollars"":""0.5800"",""taker_side"":""no"",""ticker"":""KXBTC15M-26APR280215-15"",""trade_id"":""345d1618-32a7-4b3b-27da-17784678b99d"",""yes_price_dollars"":""0.4200""}"
KXBTC15M-26APR280215-15,7c8aa8bc-3983-4fbf-2bbb-46f4b6ccf085,1777356030,0.43,2.18,yes,"{""count_fp"":""2.18"",""created_time"":""2026-04-28T06:00:30.130442Z"",""no_price_dollars"":""0.5700"",""taker_side"":""yes"",""ticker"":""KXBTC15M-26APR280215-15"",""trade_id"":""7c8aa8bc-3983-4fbf-2bbb-46f4b6ccf085"",""yes_price_dollars"":""0.4300""}"
KXBTC15M-26APR280215-15,6271265e-b797-7253-d917-7bd90acac281,1777356030,0.42,1.0,no,"{""count_fp"":""1.00"",""created_time"":""2026-04-28T06:00:30.127337Z"",""no_price_dollars"":""0.5800"",""taker_side"":""no"",""ticker"":""KXBTC15M-26APR280215-15"",""trade_id"":""6271265e-b797-7253-d917-7bd90acac281"",""yes_price_dollars"":""0.4200""}"
KXBTC15M-26APR280215-15,22de0f4e-7883-41ef-125d-5ba26965fb45,1777356030,0.42,45.87,no,"{""count_fp"":""45.87"",""created_time"":""2026-04-28T06:00:30.123255Z"",""no_price_dollars"":""0.5800"",""taker_side"":""no"",""ticker"":""KXBTC15M-26APR280215-15"",""trade_id"":""22de0f4e-7883-41ef-125d-5ba26965fb45"",""yes_price_dollars"":""0.4200""}"
KXBTC15M-26APR280215-15,9154fb0b-d1eb-6e23-2b1a-2d4924fb84d9,1777356030,0.42,1.0,no,"{""count_fp"":""1.00"",""created_time"":""2026-04-28T06:00:30.121588Z"",""no_price_dollars"":""0.5800"",""taker_side"":""no"",""ticker"":""KXBTC15M-26APR280215-15"",""trade_id"":""9154fb0b-d1eb-6e23-2b1a-2d4924fb84d9"",""yes_price_dollars"":""0.4200""}"
KXBTC15M-26APR280215-15,d3e402a9-9857-7e6b-d7ee-5eec262285c5,1777356030,0.42,33.67,no,"{""count_fp"":""33.67"",""created_time"":""2026-04-28T06:00:30.121387Z"",""no_price_dollars"":""0.5800"",""taker_side"":""no"",""ticker"":""KXBTC15M-26APR280215-15"",""trade_id"":""d3e402a9-9857-7e6b-d7ee-5eec262285c5"",""yes_price_dollars"":""0.4200""}"
KXBTC15M-26APR280215-15,cc203a70-6361-7490-9ee6-beb5829d6956,1777356031,0.42,16.37,no,"{""count_fp"":""16.37"",""created_time"":""2026-04-28T06:00:31.779798Z"",""no_price_dollars"":""0.5800"",""taker_side"":""no"",""ticker"":""KXBTC15M-26APR280215-15"",""trade_id"":""cc203a70-6361-7490-9ee6-beb5829d6956"",""yes_price_dollars"":""0.4200""}"
KXBTC15M-26APR280215-15,1d08c0af-03a5-706c-165b-9f30074592e2,1777356031,0.42,16.74,no,"{""count_fp"":""16.74"",""created_time"":""2026-04-28T06:00:31.527886Z"",""no_price_dollars"":""0.5800"",""taker_side"":""no"",""ticker"":""KXBTC15M-26APR280215-15"",""trade_id"":""1d08c0af-03a5-706c-165b-9f30074592e2"",""yes_price_dollars"":""0.4200""}"
KXBTC15M-26APR280215-15,fa8bd82f-6624-62fb-b1f0-b4faae28aeb6,1777356031,0.42,30.0,yes,"{""count_fp"":""30.00"",""created_time"":""2026-04-28T06:00:31.105301Z"",""no_price_dollars"":""0.5800"",""taker_side"":""yes"",""ticker"":""KXBTC15M-26APR280215-15"",""trade_id"":""fa8bd82f-6624-62fb-b1f0-b4faae28aeb6"",""yes_price_dollars"":""0.4200""}"
KXBTC15M-26APR280215-15,93c8bbec-2e68-6b8b-b37a-e0b3426e2ae3,1777356031,0.43,100.0,yes,"{""count_fp"":""100.00"",""created_time"":""2026-04-28T06:00:31.105301Z"",""no_price_dollars"":""0.5700"",""taker_side"":""yes"",""ticker"":""KXBTC15M-26APR280215-15"",""trade_id"":""93c8bbec-2e68-6b8b-b37a-e0b3426e2ae3"",""yes_price_dollars"":""0.4300""}"
KXBTC15M-26APR280215-15,7d910f20-7728-6bde-bc2d-c3b434fa0f6a,1777356031,0.44,1.0,yes,"{""count_fp"":""1.00"",""created_time"":""2026-04-28T06:00:31.105301Z"",""no_price_dollars"":""0.5600"",""taker_side"":""yes"",""ticker"":""KXBTC15M-26APR280215-15"",""trade_id"":""7d910f20-7728-6bde-bc2d-c3b434fa0f6a"",""yes_price_dollars"":""0.4400""}"
KXBTC15M-26APR280215-15,7cd4ae92-7b61-69cf-aa25-3616015e189f,1777356031,0.43,3.0,yes,"{""count_fp"":""3.00"",""created_time"":""2026-04-28T06:00:31.105301Z"",""no_price_dollars"":""0.5700"",""taker_side"":""yes"",""ticker"":""KXBTC15M-26APR280215-15"",""trade_id"":""7cd4ae92-7b61-69cf-aa25-3616015e189f"",""yes_price_dollars"":""0.4300""}"
KXBTC15M-26APR280215-15,6d356694-a116-6f40-b614-2299f5b128ef,1777356031,0.44,1000.0,yes,"{""count_fp"":""1000.00"",""created_time"":""2026-04-28T06:00:31.105301Z"",""no_price_dollars"":""0.5600"",""taker_side"":""yes"",""ticker"":""KXBTC15M-26APR280215-15"",""trade_id"":""6d356694-a116-6f40-b614-2299f5b128ef"",""yes_price_dollars"":""0.4400""}"
KXBTC15M-26APR280215-15,648244ee-08c4-631e-bdaa-2d657de70491,1777356031,0.43,13.0,yes,"{""count_fp"":""13.00"",""created_time"":""2026-04-28T06:00:31.105301Z"",""no_price_dollars"":""0.5700"",""taker_side"":""yes"",""ticker"":""KXBTC15M-26APR280215-15"",""trade_id"":""648244ee-08c4-631e-bdaa-2d657de70491"",""yes_price_dollars"":""0.4300""}"
KXBTC15M-26APR280215-15,4daaeac0-5ec4-6a08-a47a-6dc02d448e5e,1777356031,0.44,118.99,yes,"{""count_fp"":""118.99"",""created_time"":""2026-04-28T06:00:31.105301Z"",""no_price_dollars"":""0.5600"",""taker_side"":""yes"",""ticker"":""KXBTC15M-26APR280215-15"",""trade_id"":""4daaeac0-5ec4-6a08-a47a-6dc02d448e5e"",""yes_price_dollars"":""0.4400""}"
KXBTC15M-26APR280215-15,46e9c5a8-fa6b-60f3-a74a-2bb33c6bf84e,1777356031,0.42,154.01,yes,"{""count_fp"":""154.01"",""created_time"":""2026-04-28T06:00:31.105301Z"",""no_price_dollars"":""0.5800"",""taker_side"":""yes"",""ticker"":""KXBTC15M-26APR280215-15"",""trade_id"":""46e9c5a8-fa6b-60f3-a74a-2bb33c6bf84e"",""yes_price_dollars"":""0.4200""}"
KXBTC15M-26APR280215-15,3ae1e900-9da1-6c39-8923-a223e552f83e,1777356031,0.43,40.0,yes,"{""count_fp"":""40.00"",""created_time"":""2026-04-28T06:00:31.105301Z"",""no_price_dollars"":""0.5700"",""taker_side"":""yes"",""ticker"":""KXBTC15M-26APR280215-15"",""trade_id"":""3ae1e900-9da1-6c39-8923-a223e552f83e"",""yes_price_dollars"":""0.4300""}"
KXBTC15M-26APR280215-15,11a2c401-a43b-6e5a-a21d-f3b95b13b2fc,1777356031,0.44,40.0,yes,"{""count_fp"":""40.00"",""created_time"":""2026-04-28T06:00:31.105301Z"",""no_price_dollars"":""0.5600"",""taker_side"":""yes"",""ticker"":""KXBTC15M-26APR280215-15"",""trade_id"":""11a2c401-a43b-6e5a-a21d-f3b95b13b2fc"",""yes_price_dollars"":""0.4400""}"
KXBTC15M-26APR280215-15,c7f2ba4d-d973-530f-b463-82efd1f990c6,1777356031,0.42,48.98,yes,"{""count_fp"":""48.98"",""created_time"":""2026-04-28T06:00:31.060116Z"",""no_price_dollars"":""0.5800"",""taker_side"":""yes"",""ticker"":""KXBTC15M-26APR280215-15"",""trade_id"":""c7f2ba4d-d973-530f-b463-82efd1f990c6"",""yes_price_dollars"":""0.4200""}"
KXBTC15M-26APR280215-15,23e2ac01-49bb-486f-4286-6a043fb1eefe,1777356031,0.42,54.07,yes,"{""count_fp"":""54.07"",""created_time"":""2026-04-28T06:00:31.052867Z"",""no_price_dollars"":""0.5800"",""taker_side"":""yes"",""ticker"":""KXBTC15M-26APR280215-15"",""trade_id"":""23e2ac01-49bb-486f-4286-6a043fb1eefe"",""yes_price_dollars"":""0.4200""}"
KXBTC15M-26APR280215-15,227952e2-392f-7d8e-8702-8dc40f69c9ab,1777356032,0.43,2.0,yes,"{""count_fp"":""2.00"",""created_time"":""2026-04-28T06:00:32.811031Z"",""no_price_dollars"":""0.5700"",""taker_side"":""yes"",""ticker"":""KXBTC15M-26APR280215-15"",""trade_id"":""227952e2-392f-7d8e-8702-8dc40f69c9ab"",""yes_price_dollars"":""0.4300""}"
KXBTC15M-26APR280215-15,d64fae9f-18a3-43f6-9791-b3b16a617ecf,1777356032,0.43,13.41,yes,"{""count_fp"":""13.41"",""created_time"":""2026-04-28T06:00:32.806619Z"",""no_price_dollars"":""0.5700"",""taker_side"":""yes"",""ticker"":""KXBTC15M-26APR280215-15"",""trade_id"":""d64fae9f-18a3-43f6-9791-b3b16a617ecf"",""yes_price_dollars"":""0.4300""}"
KXBTC15M-26APR280215-15,a0c0df81-7a00-7e41-8f66-65a96c244134,1777356032,0.43,1.92,yes,"{""count_fp"":""1.92"",""created_time"":""2026-04-28T06:00:32.671133Z"",""no_price_dollars"":""0.5700"",""taker_side"":""yes"",""ticker"":""KXBTC15M-26APR280215-15"",""trade_id"":""a0c0df81-7a00-7e41-8f66-65a96c244134"",""yes_price_dollars"":""0.4300""}"
KXBTC15M-26APR280215-15,27509535-3f9b-774a-92d3-400cea7fb767,1777356032,0.43,109.89,yes,"{""count_fp"":""109.89"",""created_time"":""2026-04-28T06:00:32.671133Z"",""no_price_dollars"":""0.5700"",""taker_side"":""yes"",""ticker"":""KXBTC15M-26APR280215-15"",""trade_id"":""27509535-3f9b-774a-92d3-400cea7fb767"",""yes_price_dollars"":""0.4300""}"
KXBTC15M-26APR280215-15,b86af2f5-c891-55f2-8cec-ab218655b8f1,1777356032,0.43,100.0,yes,"{""count_fp"":""100.00"",""created_time"":""2026-04-28T06:00:32.605585Z"",""no_price_dollars"":""0.5700"",""taker_side"":""yes"",""ticker"":""KXBTC15M-26APR280215-15"",""trade_id"":""b86af2f5-c891-55f2-8cec-ab218655b8f1"",""yes_price_dollars"":""0.4300""}"
KXBTC15M-26APR280215-15,a3417f46-c657-514b-ad01-911798cf6312,1777356032,0.43,3.0,yes,"{""count_fp"":""3.00"",""created_time"":""2026-04-28T06:00:32.605585Z"",""no_price_dollars"":""0.5700"",""taker_side"":""yes"",""ticker"":""KXBTC15M-26APR280215-15"",""trade_id"":""a3417f46-c657-514b-ad01-911798cf6312"",""yes_price_dollars"":""0.4300""}"
KXBTC15M-26APR280215-15,6f0d8241-d810-55a1-b841-1b00edb76944,1777356032,0.43,8.08,yes,"{""count_fp"":""8.08"",""created_time"":""2026-04-28T06:00:32.605585Z"",""no_price_dollars"":""0.5700"",""taker_side"":""yes"",""ticker"":""KXBTC15M-26APR280215-15"",""trade_id"":""6f0d8241-d810-55a1-b841-1b00edb76944"",""yes_price_dollars"":""0.4300""}"
KXBTC15M-26APR280215-15,97071fbc-04cc-7401-c21e-d12b972f1a6d,1777356032,0.41,2.11,no,"{""count_fp"":""2.11"",""created_time"":""2026-04-28T06:00:32.185744Z"",""no_price_dollars"":""0.5900"",""taker_side"":""no"",""ticker"":""KXBTC15M-26APR280215-15"",""trade_id"":""97071fbc-04cc-7401-c21e-d12b972f1a6d"",""yes_price_dollars"":""0.4100""}"
KXBTC15M-26APR280215-15,21e0155f-6db1-7ed8-ef3b-fe190343d982,1777356032,0.42,5.89,no,"{""count_fp"":""5.89"",""created_time"":""2026-04-28T06:00:32.185744Z"",""no_price_dollars"":""0.5800"",""taker_side"":""no"",""ticker"":""KXBTC15M-26APR280215-15"",""trade_id"":""21e0155f-6db1-7ed8-ef3b-fe190343d982"",""yes_price_dollars"":""0.4200""}"
KXBTC15M-26APR280215-15,c495602c-9701-6d11-4125-087778a3a3fd,1777356032,0.43,10.93,yes,"{""count_fp"":""10.93"",""created_time"":""2026-04-28T06:00:32.157667Z"",""no_price_dollars"":""0.5700"",""taker_side"":""yes"",""ticker"":""KXBTC15M-26APR280215-15"",""trade_id"":""c495602c-9701-6d11-4125-087778a3a3fd"",""yes_price_dollars"":""0.4300""}"
KXBTC15M-26APR280215-15,a6f94bec-fced-4cc5-afa9-1d85985de441,1777356032,0.43,7.0,yes,"{""count_fp"":""7.00"",""created_time"":""2026-04-28T06:00:32.140845Z"",""no_price_dollars"":""0.5700"",""taker_side"":""yes"",""ticker"":""KXBTC15M-26APR280215-15"",""trade_id"":""a6f94bec-fced-4cc5-afa9-1d85985de441"",""yes_price_dollars"":""0.4300""}"
KXBTC15M-26APR280215-15,4288dc91-c55d-7ad4-2367-52181363caee,1777356032,0.42,1.0,no,"{""count_fp"":""1.00"",""created_time"":""2026-04-28T06:00:32.125408Z"",""no_price_dollars"":""0.5800"",""taker_side"":""no"",""ticker"":""KXBTC15M-26APR280215-15"",""trade_id"":""4288dc91-c55d-7ad4-2367-52181363caee"",""yes_price_dollars"":""0.4200""}"
KXBTC15M-26APR280215-15,e4ea132b-c163-5ae2-650d-db9e00a01133,1777356033,0.43,13.44,yes,"{""count_fp"":""13.44"",""created_time"":""2026-04-28T06:00:33.650443Z"",""no_price_dollars"":""0.5700"",""taker_side"":""yes"",""ticker"":""KXBTC15M-26APR280215-15"",""trade_id"":""e4ea132b-c163-5ae2-650d-db9e00a01133"",""yes_price_dollars"":""0.4300""}"
KXBTC15M-26APR280215-15,10da0e36-ce37-67be-64a1-a683379783cb,1777356033,0.43,108.05,yes,"{""count_fp"":""108.05"",""created_time"":""2026-04-28T06:00:33.384068Z"",""no_price_dollars"":""0.5700"",""taker_side"":""yes"",""ticker"":""KXBTC15M-26APR280215-15"",""trade_id"":""10da0e36-ce37-67be-64a1-a683379783cb"",""yes_price_dollars"":""0.4300""}"
KXBTC15M-26APR280215-15,e4288ab2-49f7-5bb2-f80d-2755ac4530d7,1777356033,0.43,1.14,yes,"{""count_fp"":""1.14"",""created_time"":""2026-04-28T06:00:33.218601Z"",""no_price_dollars"":""0.5700"",""taker_side"":""yes"",""ticker"":""KXBTC15M-26APR280215-15"",""trade_id"":""e4288ab2-49f7-5bb2-f80d-2755ac4530d7"",""yes_price_dollars"":""0.4300""}"
KXBTC15M-26APR280215-15,cc89b056-5f47-43e8-cee6-a3507826aaf4,1777356033,0.42,5.0,no,"{""count_fp"":""5.00"",""created_time"":""2026-04-28T06:00:33.169644Z"",""no_price_dollars"":""0.5800"",""taker_side"":""no"",""ticker"":""KXBTC15M-26APR280215-15"",""trade_id"":""cc89b056-5f47-43e8-cee6-a3507826aaf4"",""yes_price_dollars"":""0.4200""}"
KXBTC15M-26APR280215-15,d6312818-9763-7600-9cbe-5d759661cf6c,1777356033,0.42,16.57,no,"{""count_fp"":""16.57"",""created_time"":""2026-04-28T06:00:33.084029Z"",""no_price_dollars"":""0.5800"",""taker_side"":""no"",""ticker"":""KXBTC15M-26APR280215-15"",""trade_id"":""d6312818-9763-7600-9cbe-5d759661cf6c"",""yes_price_dollars"":""0.4200""}"
KXBTC15M-26APR280215-15,92fa81b2-340b-5072-bfb1-7169d2fc8b53,1777356034,0.43,111.81,yes,"{""count_fp"":""111.81"",""created_time"":""2026-04-28T06:00:34.774665Z"",""no_price_dollars"":""0.5700"",""taker_side"":""yes"",""ticker"":""KXBTC15M-26APR280215-15"",""trade_id"":""92fa81b2-340b-5072-bfb1-7169d2fc8b53"",""yes_price_dollars"":""0.4300""}"
KXBTC15M-26APR280215-15,1f2012e6-166b-4b1a-dc52-96ff594fb0ef,1777356034,0.43,1.0,yes,"{""count_fp"":""1.00"",""created_time"":""2026-04-28T06:00:34.629823Z"",""no_price_dollars"":""0.5700"",""taker_side"":""yes"",""ticker"":""KXBTC15M-26APR280215-15"",""trade_id"":""1f2012e6-166b-4b1a-dc52-96ff594fb0ef"",""yes_price_dollars"":""0.4300""}"
KXBTC15M-26APR280215-15,34cf2453-a457-680e-3d26-5ca96fb443fb,1777356034,0.43,2.0,yes,"{""count_fp"":""2.00"",""created_time"":""2026-04-28T06:00:34.369559Z"",""no_price_dollars"":""0.5700"",""taker_side"":""yes"",""ticker"":""KXBTC15M-26APR280215-15"",""trade_id"":""34cf2453-a457-680e-3d26-5ca96fb443fb"",""yes_price_dollars"":""0.4300""}"
KXBTC15M-26APR280215-15,a72a72b8-919f-67fc-4404-ea36cdc25448,1777356034,0.42,3.34,no,"{""count_fp"":""3.34"",""created_time"":""2026-04-28T06:00:34.141232Z"",""no_price_dollars"":""0.5800"",""taker_side"":""no"",""ticker"":""KXBTC15M-26APR280215-15"",""trade_id"":""a72a72b8-919f-67fc-4404-ea36cdc25448"",""yes_price_dollars"":""0.4200""}"
KXBTC15M-26APR280215-15,79a979ad-ec2a-4d3e-0629-023164362be8,1777356035,0.43,2.0,yes,"{""count_fp"":""2.00"",""created_time"":""2026-04-28T06:00:35.970405Z"",""no_price_dollars"":""0.5700"",""taker_side"":""yes"",""ticker"":""KXBTC15M-26APR280215-15"",""trade_id"":""79a979ad-ec2a-4d3e-0629-023164362be8"",""yes_price_dollars"":""0.4300""}"
KXBTC15M-26APR280215-15,bea66c11-97a2-79e2-4608-8803a9d3bfe0,1777356035,0.43,1.72,yes,"{""count_fp"":""1.72"",""created_time"":""2026-04-28T06:00:35.956944Z"",""no_price_dollars"":""0.5700"",""taker_side"":""yes"",""ticker"":""KXBTC15M-26APR280215-15"",""trade_id"":""bea66c11-97a2-79e2-4608-8803a9d3bfe0"",""yes_price_dollars"":""0.4300""}"
KXBTC15M-26APR280215-15,43361fbd-0617-7122-64c2-7c239c62df5b,1777356035,0.43,72.92,yes,"{""count_fp"":""72.92"",""created_time"":""2026-04-28T06:00:35.956944Z"",""no_price_dollars"":""0.5700"",""taker_side"":""yes"",""ticker"":""KXBTC15M-26APR280215-15"",""trade_id"":""43361fbd-0617-7122-64c2-7c239c62df5b"",""yes_price_dollars"":""0.4300""}"
KXBTC15M-26APR280215-15,4529f526-8d77-5d4a-67e1-6f12bb3a7cc3,1777356035,0.43,34.73,yes,"{""count_fp"":""34.73"",""created_time"":""2026-04-28T06:00:35.949285Z"",""no_price_dollars"":""0.5700"",""taker_side"":""yes"",""ticker"":""KXBTC15M-26APR280215-15"",""trade_id"":""4529f526-8d77-5d4a-67e1-6f12bb3a7cc3"",""yes_price_dollars"":""0.4300""}"
KXBTC15M-26APR280215-15,f3f07e86-d127-7fa0-a5b9-778a1b217c48,1777356035,0.42,0.58,no,"{""count_fp"":""0.58"",""created_time"":""2026-04-28T06:00:35.534421Z"",""no_price_dollars"":""0.5800"",""taker_side"":""no"",""ticker"":""KXBTC15M-26APR280215-15"",""trade_id"":""f3f07e86-d127-7fa0-a5b9-778a1b217c48"",""yes_price_dollars"":""0.4200""}"
KXBTC15M-26APR280215-15,4f7d3b29-6073-5642-997b-bdece13602e7,1777356035,0.43,5.88,yes,"{""count_fp"":""5.88"",""created_time"":""2026-04-28T06:00:35.510317Z"",""no_price_dollars"":""0.5700"",""taker_side"":""yes"",""ticker"":""KXBTC15M-26APR280215-15"",""trade_id"":""4f7d3b29-6073-5642-997b-bdece13602e7"",""yes_price_dollars"":""0.4300""}"
KXBTC15M-26APR280215-15,bfbc279c-622f-7bcc-fd41-abc848d39764,1777356035,0.42,7.97,no,"{""count_fp"":""7.97"",""created_time"":""2026-04-28T06:00:35.331733Z"",""no_price_dollars"":""0.5800"",""taker_side"":""no"",""ticker"":""KXBTC15M-26APR280215-15"",""trade_id"":""bfbc279c-622f-7bcc-fd41-abc848d39764"",""yes_price_dollars"":""0.4200""}"
KXBTC15M-26APR280215-15,c7a45140-cae7-7442-3883-f3a7662d7a5f,1777356035,0.43,23.73,yes,"{""count_fp"":""23.73"",""created_time"":""2026-04-28T06:00:35.148604Z"",""no_price_dollars"":""0.5700"",""taker_side"":""yes"",""ticker"":""KXBTC15M-26APR280215-15"",""trade_id"":""c7a45140-cae7-7442-3883-f3a7662d7a5f"",""yes_price_dollars"":""0.4300""}"
KXBTC15M-26APR280215-15,5c8ea0aa-ff7b-686c-9c09-c2d13ece67a6,1777356036,0.43,40.75,no,"{""count_fp"":""40.75"",""created_time"":""2026-04-28T06:00:36.886988Z"",""no_price_dollars"":""0.5700"",""taker_side"":""no"",""ticker"":""KXBTC15M-26APR280215-15"",""trade_id"":""5c8ea0aa-ff7b-686c-9c09-c2d13ece67a6"",""yes_price_dollars"":""0.4300""}"
KXBTC15M-26APR280215-15,0f60d111-c67b-7a24-0857-a8917f80e2be,1777356036,0.43,58.48,no,"{""count_fp"":""58.48"",""created_time"":""2026-04-28T06:00:36.877476Z"",""no_price_dollars"":""0.5700"",""taker_side"":""no"",""ticker"":""KXBTC15M-26APR280215-15"",""trade_id"":""0f60d111-c67b-7a24-0857-a8917f80e2be"",""yes_price_dollars"":""0.4300""}"
KXBTC15M-26APR280215-15,509cb4e2-60a7-7c98-c535-a264c98fb5d6,1777356036,0.43,61.24,no,"{""count_fp"":""61.24"",""created_time"":""2026-04-28T06:00:36.866581Z"",""no_price_dollars"":""0.5700"",""taker_side"":""no"",""ticker"":""KXBTC15M-26APR280215-15"",""trade_id"":""509cb4e2-60a7-7c98-c535-a264c98fb5d6"",""yes_price_dollars"":""0.4300""}"
KXBTC15M-26APR280215-15,ee5b4d12-eacb-69b0-306d-d70cdfb78326,1777356036,0.43,41.41,no,"{""count_fp"":""41.41"",""created_time"":""2026-04-28T06:00:36.863449Z"",""no_price_dollars"":""0.5700"",""taker_side"":""no"",""ticker"":""KXBTC15M-26APR280215-15"",""trade_id"":""ee5b4d12-eacb-69b0-306d-d70cdfb78326"",""yes_price_dollars"":""0.4300""}"
KXBTC15M-26APR280215-15,e8330193-3c43-7de4-647a-8b7aaae724da,1777356036,0.43,24.32,no,"{""count_fp"":""24.32"",""created_time"":""2026-04-28T06:00:36.825505Z"",""no_price_dollars"":""0.5700"",""taker_side"":""no"",""ticker"":""KXBTC15M-26APR280215-15"",""trade_id"":""e8330193-3c43-7de4-647a-8b7aaae724da"",""yes_price_dollars"":""0.4300""}"
KXBTC15M-26APR280215-15,a0e8052f-b77f-51b4-986e-96fbb0aea76a,1777356036,0.43,0.16,no,"{""count_fp"":""0.16"",""created_time"":""2026-04-28T06:00:36.770417Z"",""no_price_dollars"":""0.5700"",""taker_side"":""no"",""ticker"":""KXBTC15M-26APR280215-15"",""trade_id"":""a0e8052f-b77f-51b4-986e-96fbb0aea76a"",""yes_price_dollars"":""0.4300""}"
KXBTC15M-26APR280215-15,94475f53-f27b-7224-3d57-49d63af04a52,1777356036,0.43,40.0,no,"{""count_fp"":""40.00"",""created_time"":""2026-04-28T06:00:36.670759Z"",""no_price_dollars"":""0.5700"",""taker_side"":""no"",""ticker"":""KXBTC15M-26APR280215-15"",""trade_id"":""94475f53-f27b-7224-3d57-49d63af04a52"",""yes_price_dollars"":""0.4300""}"
KXBTC15M-26APR280215-15,f799fea0-2070-6b12-cf85-c8124b4f71e6,1777356036,0.44,30.86,yes,"{""count_fp"":""30.86"",""created_time"":""2026-04-28T06:00:36.433199Z"",""no_price_dollars"":""0.5600"",""taker_side"":""yes"",""ticker"":""KXBTC15M-26APR280215-15"",""trade_id"":""f799fea0-2070-6b12-cf85-c8124b4f71e6"",""yes_price_dollars"":""0.4400""}"
KXBTC15M-26APR280215-15,4120670c-c6f7-63da-e870-b3bb2b3135d7,1777356036,0.44,2.0,yes,"{""count_fp"":""2.00"",""created_time"":""2026-04-28T06:00:36.433199Z"",""no_price_dollars"":""0.5600"",""taker_side"":""yes"",""ticker"":""KXBTC15M-26APR280215-15"",""trade_id"":""4120670c-c6f7-63da-e870-b3bb2b3135d7"",""yes_price_dollars"":""0.4400""}"
KXBTC15M-26APR280215-15,35675405-f48b-7dfc-b166-3e855bbab34e,1777356036,0.43,1.0,no,"{""count_fp"":""1.00"",""created_time"":""2026-04-28T06:00:36.146694Z"",""no_price_dollars"":""0.5700"",""taker_side"":""no"",""ticker"":""KXBTC15M-26APR280215-15"",""trade_id"":""35675405-f48b-7dfc-b166-3e855bbab34e"",""yes_price_dollars"":""0.4300""}"
KXBTC15M-26APR280215-15,fadd8980-cc40-76d4-c6e4-571c4cc0498a,1777356036,0.43,4.0,yes,"{""count_fp"":""4.00"",""created_time"":""2026-04-28T06:00:36.035286Z"",""no_price_dollars"":""0.5700"",""taker_side"":""yes"",""ticker"":""KXBTC15M-26APR280215-15"",""trade_id"":""fadd8980-cc40-76d4-c6e4-571c4cc0498a"",""yes_price_dollars"":""0.4300""}"
KXBTC15M-26APR280215-15,38d3b206-c5ea-75ee-d79e-191be579a9dc,1777356036,0.43,96.28,yes,"{""count_fp"":""96.28"",""created_time"":""2026-04-28T06:00:36.035286Z"",""no_price_dollars"":""0.5700"",""taker_side"":""yes"",""ticker"":""KXBTC15M-26APR280215-15"",""trade_id"":""38d3b206-c5ea-75ee-d79e-191be579a9dc"",""yes_price_dollars"":""0.4300""}"
KXBTC15M-26APR280215-15,b5de5a53-9178-51ff-914d-514f758a77e7,1777356036,0.42,3.0,no,"{""count_fp"":""3.00"",""created_time"":""2026-04-28T06:00:36.000117Z"",""no_price_dollars"":""0.5800"",""taker_side"":""no"",""ticker"":""KXBTC15M-26APR280215-15"",""trade_id"":""b5de5a53-9178-51ff-914d-514f758a77e7"",""yes_price_dollars"":""0.4200""}"
KXBTC15M-26APR280215-15,b27bc34d-f31d-5054-a727-130f96485e87,1777356036,0.42,20.0,no,"{""count_fp"":""20.00"",""created_time"":""2026-04-28T06:00:36.000117Z"",""no_price_dollars"":""0.5800"",""taker_side"":""no"",""ticker"":""KXBTC15M-26APR280215-15"",""trade_id"":""b27bc34d-f31d-5054-a727-130f96485e87"",""yes_price_dollars"":""0.4200""}"
KXBTC15M-26APR280215-15,a3f3fe12-e717-57a3-a0dd-9c306fddd2c0,1777356036,0.42,8.83,no,"{""count_fp"":""8.83"",""created_time"":""2026-04-28T06:00:36.000117Z"",""no_price_dollars"":""0.5800"",""taker_side"":""no"",""ticker"":""KXBTC15M-26APR280215-15"",""trade_id"":""a3f3fe12-e717-57a3-a0dd-9c306fddd2c0"",""yes_price_dollars"":""0.4200""}"
KXBTC15M-26APR280215-15,88408d59-6c6c-5dcc-9b63-f17573604751,1777356036,0.42,96.34,no,"{""count_fp"":""96.34"",""created_time"":""2026-04-28T06:00:36.000117Z"",""no_price_dollars"":""0.5800"",""taker_side"":""no"",""ticker"":""KXBTC15M-26APR280215-15"",""trade_id"":""88408d59-6c6c-5dcc-9b63-f17573604751"",""yes_price_dollars"":""0.4200""}"
KXBTC15M-26APR280215-15,661afa55-8a8c-5c65-8c57-4ac9e4392b26,1777356036,0.42,3.0,no,"{""count_fp"":""3.00"",""created_time"":""2026-04-28T06:00:36.000117Z"",""no_price_dollars"":""0.5800"",""taker_side"":""no"",""ticker"":""KXBTC15M-26APR280215-15"",""trade_id"":""661afa55-8a8c-5c65-8c57-4ac9e4392b26"",""yes_price_dollars"":""0.4200""}"
KXBTC15M-26APR280215-15,277636a0-8607-5a8b-abc3-91838c099840,1777356036,0.42,1000.0,no,"{""count_fp"":""1000.00"",""created_time"":""2026-04-28T06:00:36.000117Z"",""no_price_dollars"":""0.5800"",""taker_side"":""no"",""ticker"":""KXBTC15M-26APR280215-15"",""trade_id"":""277636a0-8607-5a8b-abc3-91838c099840"",""yes_price_dollars"":""0.4200""}"
KXBTC15M-26APR280215-15,0a05b557-cc7f-5168-b0c5-657c434eabf0,1777356036,0.42,6.54,no,"{""count_fp"":""6.54"",""created_time"":""2026-04-28T06:00:36.000117Z"",""no_price_dollars"":""0.5800"",""taker_side"":""no"",""ticker"":""KXBTC15M-26APR280215-15"",""trade_id"":""0a05b557-cc7f-5168-b0c5-657c434eabf0"",""yes_price_dollars"":""0.4200""}"
KXBTC15M-26APR280215-15,1b4dd71d-afd3-43d9-1427-6b32b954aa17,1777356037,0.44,7.0,yes,"{""count_fp"":""7.00"",""created_time"":""2026-04-28T06:00:37.916339Z"",""no_price_dollars"":""0.5600"",""taker_side"":""yes"",""ticker"":""KXBTC15M-26APR280215-15"",""trade_id"":""1b4dd71d-afd3-43d9-1427-6b32b954aa17"",""yes_price_dollars"":""0.4400""}"
KXBTC15M-26APR280215-15,e01e6d92-402b-49e0-e3ff-f253edb7bad6,1777356037,0.43,170.31,no,"{""count_fp"":""170.31"",""created_time"":""2026-04-28T06:00:37.718314Z"",""no_price_dollars"":""0.5700"",""taker_side"":""no"",""ticker"":""KXBTC15M-26APR280215-15"",""trade_id"":""e01e6d92-402b-49e0-e3ff-f253edb7bad6"",""yes_price_dollars"":""0.4300""}"
KXBTC15M-26APR280215-15,aafc8b26-59aa-63d7-26f3-89b89ca36f53,1777356037,0.44,35.01,no,"{""count_fp"":""35.01"",""created_time"":""2026-04-28T06:00:37.433177Z"",""no_price_dollars"":""0.5600"",""taker_side"":""no"",""ticker"":""KXBTC15M-26APR280215-15"",""trade_id"":""aafc8b26-59aa-63d7-26f3-89b89ca36f53"",""yes_price_dollars"":""0.4400""}"
KXBTC15M-26APR280215-15,d4f19162-369a-4503-ec8b-c4b506bb5567,1777356037,0.44,46.32,no,"{""count_fp"":""46.32"",""created_time"":""2026-04-28T06:00:37.420876Z"",""no_price_dollars"":""0.5600"",""taker_side"":""no"",""ticker"":""KXBTC15M-26APR280215-15"",""trade_id"":""d4f19162-369a-4503-ec8b-c4b506bb5567"",""yes_price_dollars"":""0.4400""}"
KXBTC15M-26APR280215-15,4ecb99cc-c6ee-78d3-faa5-0518afd25373,1777356037,0.44,28.36,no,"{""count_fp"":""28.36"",""created_time"":""2026-04-28T06:00:37.404784Z"",""no_price_dollars"":""0.5600"",""taker_side"":""no"",""ticker"":""KXBTC15M-26APR280215-15"",""trade_id"":""4ecb99cc-c6ee-78d3-faa5-0518afd25373"",""yes_price_dollars"":""0.4400""}"
KXBTC15M-26APR280215-15,84c578ae-7e72-4205-5593-e9f57ce7b081,1777356037,0.44,3.0,no,"{""count_fp"":""3.00"",""created_time"":""2026-04-28T06:00:37.329493Z"",""no_price_dollars"":""0.5600"",""taker_side"":""no"",""ticker"":""KXBTC15M-26APR280215-15"",""trade_id"":""84c578ae-7e72-4205-5593-e9f57ce7b081"",""yes_price_dollars"":""0.4400""}"
KXBTC15M-26APR280215-15,4e5b4528-d83b-4994-781b-ff8c0bca39b2,1777356037,0.43,1.0,no,"{""count_fp"":""1.00"",""created_time"":""2026-04-28T06:00:37.329493Z"",""no_price_dollars"":""0.5700"",""taker_side"":""no"",""ticker"":""KXBTC15M-26APR280215-15"",""trade_id"":""4e5b4528-d83b-4994-781b-ff8c0bca39b2"",""yes_price_dollars"":""0.4300""}"
KXBTC15M-26APR280215-15,3fb08e65-1250-69c3-19d3-81d231a4b764,1777356037,0.44,30.0,no,"{""count_fp"":""30.00"",""created_time"":""2026-04-28T06:00:37.285688Z"",""no_price_dollars"":""0.5600"",""taker_side"":""no"",""ticker"":""KXBTC15M-26APR280215-15"",""trade_id"":""3fb08e65-1250-69c3-19d3-81d231a4b764"",""yes_price_dollars"":""0.4400""}"
KXBTC15M-26APR280215-15,d783c250-6648-781f-0b95-e81fdcc8387c,1777356037,0.44,23.75,no,"{""count_fp"":""23.75"",""created_time"":""2026-04-28T06:00:37.268287Z"",""no_price_dollars"":""0.5600"",""taker_side"":""no"",""ticker"":""KXBTC15M-26APR280215-15"",""trade_id"":""d783c250-6648-781f-0b95-e81fdcc8387c"",""yes_price_dollars"":""0.4400""}"
KXBTC15M-26APR280215-15,4e931891-6d1a-61fa-05c0-750f3bd19103,1777356037,0.45,17.0,yes,"{""count_fp"":""17.00"",""created_time"":""2026-04-28T06:00:37.251306Z"",""no_price_dollars"":""0.5500"",""taker_side"":""yes"",""ticker"":""KXBTC15M-26APR280215-15"",""trade_id"":""4e931891-6d1a-61fa-05c0-750f3bd19103"",""yes_price_dollars"":""0.4500""}"
KXBTC15M-26APR280215-15,d4008ecc-603d-5915-3a84-e4237bfecbef,1777356037,0.45,2.0,yes,"{""count_fp"":""2.00"",""created_time"":""2026-04-28T06:00:37.229216Z"",""no_price_dollars"":""0.5500"",""taker_side"":""yes"",""ticker"":""KXBTC15M-26APR280215-15"",""trade_id"":""d4008ecc-603d-5915-3a84-e4237bfecbef"",""yes_price_dollars"":""0.4500""}"
KXBTC15M-26APR280215-15,2676e952-ff8f-53b2-1f31-100e872eda84,1777356037,0.45,1.0,yes,"{""count_fp"":""1.00"",""created_time"":""2026-04-28T06:00:37.229216Z"",""no_price_dollars"":""0.5500"",""taker_side"":""yes"",""ticker"":""KXBTC15M-26APR280215-15"",""trade_id"":""2676e952-ff8f-53b2-1f31-100e872eda84"",""yes_price_dollars"":""0.4500""}"
KXBTC15M-26APR280215-15,19071b42-b13b-5b22-3239-eec2150f8664,1777356037,0.45,5.0,yes,"{""count_fp"":""5.00"",""created_time"":""2026-04-28T06:00:37.229216Z"",""no_price_dollars"":""0.5500"",""taker_side"":""yes"",""ticker"":""KXBTC15M-26APR280215-15"",""trade_id"":""19071b42-b13b-5b22-3239-eec2150f8664"",""yes_price_dollars"":""0.4500""}"
KXBTC15M-26APR280215-15,0e84ae28-0433-587e-2732-f91846104375,1777356037,0.45,12.0,yes,"{""count_fp"":""12.00"",""created_time"":""2026-04-28T06:00:37.229216Z"",""no_price_dollars"":""0.5500"",""taker_side"":""yes"",""ticker"":""KXBTC15M-26APR280215-15"",""trade_id"":""0e84ae28-0433-587e-2732-f91846104375"",""yes_price_dollars"":""0.4500""}"
KXBTC15M-26APR280215-15,0517ec06-755c-5182-27ae-24ec6def25c6,1777356037,0.45,81.65,yes,"{""count_fp"":""81.65"",""created_time"":""2026-04-28T06:00:37.229216Z"",""no_price_dollars"":""0.5500"",""taker_side"":""yes"",""ticker"":""KXBTC15M-26APR280215-15"",""trade_id"":""0517ec06-755c-5182-27ae-24ec6def25c6"",""yes_price_dollars"":""0.4500""}"
KXBTC15M-26APR280215-15,92445d76-4281-7301-2022-dd112fd365ab,1777356037,0.44,12.0,yes,"{""count_fp"":""12.00"",""created_time"":""2026-04-28T06:00:37.212932Z"",""no_price_dollars"":""0.5600"",""taker_side"":""yes"",""ticker"":""KXBTC15M-26APR280215-15"",""trade_id"":""92445d76-4281-7301-2022-dd112fd365ab"",""yes_price_dollars"":""0.4400""}"
KXBTC15M-26APR280215-15,4d75bb86-e2c3-7bb9-398e-149fac13c1de,1777356037,0.44,15.0,yes,"{""count_fp"":""15.00"",""created_time"":""2026-04-28T06:00:37.212932Z"",""no_price_dollars"":""0.5600"",""taker_side"":""yes"",""ticker"":""KXBTC15M-26APR280215-15"",""trade_id"":""4d75bb86-e2c3-7bb9-398e-149fac13c1de"",""yes_price_dollars"":""0.4400""}"
KXBTC15M-26APR280215-15,d59f8ad7-79e0-45c4-bf03-6455a85c2baa,1777356037,0.44,28.43,yes,"{""count_fp"":""28.43"",""created_time"":""2026-04-28T06:00:37.189807Z"",""no_price_dollars"":""0.5600"",""taker_side"":""yes"",""ticker"":""KXBTC15M-26APR280215-15"",""trade_id"":""d59f8ad7-79e0-45c4-bf03-6455a85c2baa"",""yes_price_dollars"":""0.4400""}"
KXBTC15M-26APR280215-15,99b8b3dd-d2da-4d8a-b511-f72db1e10b6d,1777356037,0.44,3.0,yes,"{""count_fp"":""3.00"",""created_time"":""2026-04-28T06:00:37.189807Z"",""no_price_dollars"":""0.5600"",""taker_side"":""yes"",""ticker"":""KXBTC15M-26APR280215-15"",""trade_id"":""99b8b3dd-d2da-4d8a-b511-f72db1e10b6d"",""yes_price_dollars"":""0.4400""}"
KXBTC15M-26APR280215-15,35807c30-ac67-4051-a7e3-517ec9890547,1777356037,0.44,100.0,yes,"{""count_fp"":""100.00"",""created_time"":""2026-04-28T06:00:37.189807Z"",""no_price_dollars"":""0.5600"",""taker_side"":""yes"",""ticker"":""KXBTC15M-26APR280215-15"",""trade_id"":""35807c30-ac67-4051-a7e3-517ec9890547"",""yes_price_dollars"":""0.4400""}"
KXBTC15M-26APR280215-15,d143b6bc-f25b-6aa4-2c1e-a994aa7b9d6a,1777356037,0.43,8.37,no,"{""count_fp"":""8.37"",""created_time"":""2026-04-28T06:00:37.188827Z"",""no_price_dollars"":""0.5700"",""taker_side"":""no"",""ticker"":""KXBTC15M-26APR280215-15"",""trade_id"":""d143b6bc-f25b-6aa4-2c1e-a994aa7b9d6a"",""yes_price_dollars"":""0.4300""}"
KXBTC15M-26APR280215-15,0ef286cd-8d90-6fce-16fd-42adf916cc6a,1777356037,0.44,81.88,yes,"{""count_fp"":""81.88"",""created_time"":""2026-04-28T06:00:37.185191Z"",""no_price_dollars"":""0.5600"",""taker_side"":""yes"",""ticker"":""KXBTC15M-26APR280215-15"",""trade_id"":""0ef286cd-8d90-6fce-16fd-42adf916cc6a"",""yes_price_dollars"":""0.4400""}"
KXBTC15M-26APR280215-15,bfb2c6b8-1e44-5062-ce62-4207894e23ee,1777356037,0.44,48.32,yes,"{""count_fp"":""48.32"",""created_time"":""2026-04-28T06:00:37.182354Z"",""no_price_dollars"":""0.5600"",""taker_side"":""yes"",""ticker"":""KXBTC15M-26APR280215-15"",""trade_id"":""bfb2c6b8-1e44-5062-ce62-4207894e23ee"",""yes_price_dollars"":""0.4400""}"
KXBTC15M-26APR280215-15,a1f66ed9-a560-4b96-b6bf-7226744c9e72,1777356037,0.44,112.97,yes,"{""count_fp"":""112.97"",""created_time"":""2026-04-28T06:00:37.179279Z"",""no_price_dollars"":""0.5600"",""taker_side"":""yes"",""ticker"":""KXBTC15M-26APR280215-15"",""trade_id"":""a1f66ed9-a560-4b96-b6bf-7226744c9e72"",""yes_price_dollars"":""0.4400""}"
KXBTC15M-26APR280215-15,1ee9d49d-0cb3-4da4-fa0d-5d5d940e46e6,1777356037,0.43,10.0,no,"{""count_fp"":""10.00"",""created_time"":""2026-04-28T06:00:37.011013Z"",""no_price_dollars"":""0.5700"",""taker_side"":""no"",""ticker"":""KXBTC15M-26APR280215-15"",""trade_id"":""1ee9d49d-0cb3-4da4-fa0d-5d5d940e46e6"",""yes_price_dollars"":""0.4300""}"
KXBTC15M-26APR280215-15,0fde5cd6-b7a7-5858-b447-e833b5f23126,1777356037,0.43,10.0,no,"{""count_fp"":""10.00"",""created_time"":""2026-04-28T06:00:37.009309Z"",""no_price_dollars"":""0.5700"",""taker_side"":""no"",""ticker"":""KXBTC15M-26APR280215-15"",""trade_id"":""0fde5cd6-b7a7-5858-b447-e833b5f23126"",""yes_price_dollars"":""0.4300""}"
KXBTC15M-26APR280215-15,9097738a-49d5-7c59-cab5-4f16f0b3c75e,1777356038,0.44,214.84,yes,"{""count_fp"":""214.84"",""created_time"":""2026-04-28T06:00:38.455875Z"",""no_price_dollars"":""0.5600"",""taker_side"":""yes"",""ticker"":""KXBTC15M-26APR280215-15"",""trade_id"":""9097738a-49d5-7c59-cab5-4f16f0b3c75e"",""yes_price_dollars"":""0.4400""}"
KXBTC15M-26APR280215-15,bbae5188-be0b-7cf5-e572-baa0ccb3a587,1777356038,0.44,33.0,yes,"{""count_fp"":""33.00"",""created_time"":""2026-04-28T06:00:38.298345Z"",""no_price_dollars"":""0.5600"",""taker_side"":""yes"",""ticker"":""KXBTC15M-26APR280215-15"",""trade_id"":""bbae5188-be0b-7cf5-e572-baa0ccb3a587"",""yes_price_dollars"":""0.4400""}"
KXBTC15M-26APR280215-15,018b44a2-36a5-75e5-feb9-0501da1c6346,1777356038,0.44,76.34,yes,"{""count_fp"":""76.34"",""created_time"":""2026-04-28T06:00:38.298345Z"",""no_price_dollars"":""0.5600"",""taker_side"":""yes"",""ticker"":""KXBTC15M-26APR280215-15"",""trade_id"":""018b44a2-36a5-75e5-feb9-0501da1c6346"",""yes_price_dollars"":""0.4400""}"
KXBTC15M-26APR280215-15,26d7d671-41e7-67e0-a1e6-64b442ee8a1e,1777356038,0.43,1.0,no,"{""count_fp"":""1.00"",""created_time"":""2026-04-28T06:00:38.191858Z"",""no_price_dollars"":""0.5700"",""taker_side"":""no"",""ticker"":""KXBTC15M-26APR280215-15"",""trade_id"":""26d7d671-41e7-67e0-a1e6-64b442ee8a1e"",""yes_price_dollars"":""0.4300""}"
KXBTC15M-26APR280215-15,7b9dcefe-285b-6f1a-efe5-16619e22f421,1777356039,0.46,1.0,yes,"{""count_fp"":""1.00"",""created_time"":""2026-04-28T06:00:39.590632Z"",""no_price_dollars"":""0.5400"",""taker_side"":""yes"",""ticker"":""KXBTC15M-26APR280215-15"",""trade_id"":""7b9dcefe-285b-6f1a-efe5-16619e22f421"",""yes_price_dollars"":""0.4600""}"
KXBTC15M-26APR280215-15,3d604579-180c-6ba8-eb2a-8ef6c8a50340,1777356039,0.46,27.5,yes,"{""count_fp"":""27.50"",""created_time"":""2026-04-28T06:00:39.590632Z"",""no_price_dollars"":""0.5400"",""taker_side"":""yes"",""ticker"":""KXBTC15M-26APR280215-15"",""trade_id"":""3d604579-180c-6ba8-eb2a-8ef6c8a50340"",""yes_price_dollars"":""0.4600""}"
KXBTC15M-26APR280215-15,3ae9fd06-0021-6f34-f734-c6e530b2debb,1777356039,0.46,3.0,yes,"{""count_fp"":""3.00"",""created_time"":""2026-04-28T06:00:39.590632Z"",""no_price_dollars"":""0.5400"",""taker_side"":""yes"",""ticker"":""KXBTC15M-26APR280215-15"",""trade_id"":""3ae9fd06-0021-6f34-f734-c6e530b2debb"",""yes_price_dollars"":""0.4600""}"
KXBTC15M-26APR280215-15,0950984a-581c-6f45-6288-8e1cad0a6418,1777356039,0.45,47.78,yes,"{""count_fp"":""47.78"",""created_time"":""2026-04-28T06:00:39.548406Z"",""no_price_dollars"":""0.5500"",""taker_side"":""yes"",""ticker"":""KXBTC15M-26APR280215-15"",""trade_id"":""0950984a-581c-6f45-6288-8e1cad0a6418"",""yes_price_dollars"":""0.4500""}"
KXBTC15M-26APR280215-15,f850e7f0-b8d8-66cd-6b29-244f8cfa58e8,1777356039,0.45,26.9,yes,"{""count_fp"":""26.90"",""created_time"":""2026-04-28T06:00:39.530426Z"",""no_price_dollars"":""0.5500"",""taker_side"":""yes"",""ticker"":""KXBTC15M-26APR280215-15"",""trade_id"":""f850e7f0-b8d8-66cd-6b29-244f8cfa58e8"",""yes_price_dollars"":""0.4500""}"
KXBTC15M-26APR280215-15,bca80dd1-d0b8-67f0-44ea-4c46f4c0edbd,1777356039,0.44,5.0,yes,"{""count_fp"":""5.00"",""created_time"":""2026-04-28T06:00:39.530426Z"",""no_price_dollars"":""0.5600"",""taker_side"":""yes"",""ticker"":""KXBTC15M-26APR280215-15"",""trade_id"":""bca80dd1-d0b8-67f0-44ea-4c46f4c0edbd"",""yes_price_dollars"":""0.4400""}"
KXBTC15M-26APR280215-15,624a751b-f159-6033-7249-f1a0ca8c69d6,1777356039,0.44,10.0,yes,"{""count_fp"":""10.00"",""created_time"":""2026-04-28T06:00:39.530426Z"",""no_price_dollars"":""0.5600"",""taker_side"":""yes"",""ticker"":""KXBTC15M-26APR280215-15"",""trade_id"":""624a751b-f159-6033-7249-f1a0ca8c69d6"",""yes_price_dollars"":""0.4400""}"
KXBTC15M-26APR280215-15,5cc6e8d6-0aa9-4a7d-a004-021863e7fe92,1777356039,0.44,31.48,yes,"{""count_fp"":""31.48"",""created_time"":""2026-04-28T06:00:39.460152Z"",""no_price_dollars"":""0.5600"",""taker_side"":""yes"",""ticker"":""KXBTC15M-26APR280215-15"",""trade_id"":""5cc6e8d6-0aa9-4a7d-a004-021863e7fe92"",""yes_price_dollars"":""0.4400""}"
