ticker,trade_id,ts,yes_price,count,taker_side,raw_json
KXBTC15M-26APR280430-30,fcd54807-47d5-4ef9-5df4-b25afd90c63b,1777364100,0.46,20.0,yes,"{""count_fp"":""20.00"",""created_time"":""2026-04-28T08:15:00.625531Z"",""no_price_dollars"":""0.5400"",""taker_side"":""yes"",""ticker"":""KXBTC15M-26APR280430-30"",""trade_id"":""fcd54807-47d5-4ef9-5df4-b25afd90c63b"",""yes_price_dollars"":""0.4600""}"
KXBTC15M-26APR280430-30,c7a832ed-1a22-4c8d-6f97-e8471db19a0f,1777364100,0.45,18.0,yes,"{""count_fp"":""18.00"",""created_time"":""2026-04-28T08:15:00.625531Z"",""no_price_dollars"":""0.5500"",""taker_side"":""yes"",""ticker"":""KXBTC15M-26APR280430-30"",""trade_id"":""c7a832ed-1a22-4c8d-6f97-e8471db19a0f"",""yes_price_dollars"":""0.4500""}"
KXBTC15M-26APR280430-30,08e0f464-5962-4125-c3e3-fe76a1aae55b,1777364100,0.45,1.0,yes,"{""count_fp"":""1.00"",""created_time"":""2026-04-28T08:15:00.046857Z"",""no_price_dollars"":""0.5500"",""taker_side"":""yes"",""ticker"":""KXBTC15M-26APR280430-30"",""trade_id"":""08e0f464-5962-4125-c3e3-fe76a1aae55b"",""yes_price_dollars"":""0.4500""}"
KXBTC15M-26APR280430-30,894ba57d-137a-5379-db3c-f37675bd88a3,1777364100,0.45,1.0,yes,"{""count_fp"":""1.00"",""created_time"":""2026-04-28T08:15:00.041026Z"",""no_price_dollars"":""0.5500"",""taker_side"":""yes"",""ticker"":""KXBTC15M-26APR280430-30"",""trade_id"":""894ba57d-137a-5379-db3c-f37675bd88a3"",""yes_price_dollars"":""0.4500""}"
KXBTC15M-26APR280430-30,ccf4ca91-6e70-4388-bba1-94e9aa2190f2,1777364101,0.5,32.0,no,"{""count_fp"":""32.00"",""created_time"":""2026-04-28T08:15:01.660069Z"",""no_price_dollars"":""0.5000"",""taker_side"":""no"",""ticker"":""KXBTC15M-26APR280430-30"",""trade_id"":""ccf4ca91-6e70-4388-bba1-94e9aa2190f2"",""yes_price_dollars"":""0.5000""}"
KXBTC15M-26APR280430-30,12c8a2bd-613c-6dd5-268c-686d8b545b77,1777364101,0.52,1.0,yes,"{""count_fp"":""1.00"",""created_time"":""2026-04-28T08:15:01.482347Z"",""no_price_dollars"":""0.4800"",""taker_side"":""yes"",""ticker"":""KXBTC15M-26APR280430-30"",""trade_id"":""12c8a2bd-613c-6dd5-268c-686d8b545b77"",""yes_price_dollars"":""0.5200""}"
KXBTC15M-26APR280430-30,f3b2bc32-7aba-580b-0c5c-7daa64dbe347,1777364104,0.48,1.0,no,"{""count_fp"":""1.00"",""created_time"":""2026-04-28T08:15:04.822634Z"",""no_price_dollars"":""0.5200"",""taker_side"":""no"",""ticker"":""KXBTC15M-26APR280430-30"",""trade_id"":""f3b2bc32-7aba-580b-0c5c-7daa64dbe347"",""yes_price_dollars"":""0.4800""}"
KXBTC15M-26APR280430-30,f2202bea-8e39-5cd6-38d9-aa45418a88e2,1777364104,0.48,87.18,no,"{""count_fp"":""87.18"",""created_time"":""2026-04-28T08:15:04.822634Z"",""no_price_dollars"":""0.5200"",""taker_side"":""no"",""ticker"":""KXBTC15M-26APR280430-30"",""trade_id"":""f2202bea-8e39-5cd6-38d9-aa45418a88e2"",""yes_price_dollars"":""0.4800""}"
KXBTC15M-26APR280430-30,d3d6e1bd-f5f8-7b6a-8611-1d9be8eb7a95,1777364105,0.5,4.0,yes,"{""count_fp"":""4.00"",""created_time"":""2026-04-28T08:15:05.945586Z"",""no_price_dollars"":""0.5000"",""taker_side"":""yes"",""ticker"":""KXBTC15M-26APR280430-30"",""trade_id"":""d3d6e1bd-f5f8-7b6a-8611-1d9be8eb7a95"",""yes_price_dollars"":""0.5000""}"
KXBTC15M-26APR280430-30,c191e09f-9f1f-7b19-a8ae-1276d27a6acb,1777364105,0.5,2.0,yes,"{""count_fp"":""2.00"",""created_time"":""2026-04-28T08:15:05.945586Z"",""no_price_dollars"":""0.5000"",""taker_side"":""yes"",""ticker"":""KXBTC15M-26APR280430-30"",""trade_id"":""c191e09f-9f1f-7b19-a8ae-1276d27a6acb"",""yes_price_dollars"":""0.5000""}"
KXBTC15M-26APR280430-30,c1611244-acde-7669-98fa-8ca2a27b433e,1777364105,0.5,8.0,yes,"{""count_fp"":""8.00"",""created_time"":""2026-04-28T08:15:05.945586Z"",""no_price_dollars"":""0.5000"",""taker_side"":""yes"",""ticker"":""KXBTC15M-26APR280430-30"",""trade_id"":""c1611244-acde-7669-98fa-8ca2a27b433e"",""yes_price_dollars"":""0.5000""}"
KXBTC15M-26APR280430-30,8b7c3936-6168-74f5-be74-9c1e4f8109eb,1777364105,0.5,55.0,yes,"{""count_fp"":""55.00"",""created_time"":""2026-04-28T08:15:05.945586Z"",""no_price_dollars"":""0.5000"",""taker_side"":""yes"",""ticker"":""KXBTC15M-26APR280430-30"",""trade_id"":""8b7c3936-6168-74f5-be74-9c1e4f8109eb"",""yes_price_dollars"":""0.5000""}"
KXBTC15M-26APR280430-30,570b16f3-5565-772d-ba7f-85d4d957c569,1777364105,0.5,88.0,yes,"{""count_fp"":""88.00"",""created_time"":""2026-04-28T08:15:05.945586Z"",""no_price_dollars"":""0.5000"",""taker_side"":""yes"",""ticker"":""KXBTC15M-26APR280430-30"",""trade_id"":""570b16f3-5565-772d-ba7f-85d4d957c569"",""yes_price_dollars"":""0.5000""}"
KXBTC15M-26APR280430-30,4cfda142-b9c3-719a-a57d-3a39eb512c21,1777364105,0.5,10.69,yes,"{""count_fp"":""10.69"",""created_time"":""2026-04-28T08:15:05.945586Z"",""no_price_dollars"":""0.5000"",""taker_side"":""yes"",""ticker"":""KXBTC15M-26APR280430-30"",""trade_id"":""4cfda142-b9c3-719a-a57d-3a39eb512c21"",""yes_price_dollars"":""0.5000""}"
KXBTC15M-26APR280430-30,1b7b845e-dbf7-7da8-a0e3-e7c4f6cb2877,1777364105,0.5,4.0,yes,"{""count_fp"":""4.00"",""created_time"":""2026-04-28T08:15:05.945586Z"",""no_price_dollars"":""0.5000"",""taker_side"":""yes"",""ticker"":""KXBTC15M-26APR280430-30"",""trade_id"":""1b7b845e-dbf7-7da8-a0e3-e7c4f6cb2877"",""yes_price_dollars"":""0.5000""}"
KXBTC15M-26APR280430-30,17ce0fc6-1a12-737b-9d10-abd6adec1be7,1777364105,0.5,2.0,yes,"{""count_fp"":""2.00"",""created_time"":""2026-04-28T08:15:05.945586Z"",""no_price_dollars"":""0.5000"",""taker_side"":""yes"",""ticker"":""KXBTC15M-26APR280430-30"",""trade_id"":""17ce0fc6-1a12-737b-9d10-abd6adec1be7"",""yes_price_dollars"":""0.5000""}"
KXBTC15M-26APR280430-30,e5982bb0-cbbf-6b62-6672-61d046a6c899,1777364106,0.5,2.31,yes,"{""count_fp"":""2.31"",""created_time"":""2026-04-28T08:15:06.292531Z"",""no_price_dollars"":""0.5000"",""taker_side"":""yes"",""ticker"":""KXBTC15M-26APR280430-30"",""trade_id"":""e5982bb0-cbbf-6b62-6672-61d046a6c899"",""yes_price_dollars"":""0.5000""}"
KXBTC15M-26APR280430-30,34a49bda-9b35-6ed9-55a4-6e36f7c34f2e,1777364106,0.5,3.48,yes,"{""count_fp"":""3.48"",""created_time"":""2026-04-28T08:15:06.292531Z"",""no_price_dollars"":""0.5000"",""taker_side"":""yes"",""ticker"":""KXBTC15M-26APR280430-30"",""trade_id"":""34a49bda-9b35-6ed9-55a4-6e36f7c34f2e"",""yes_price_dollars"":""0.5000""}"
KXBTC15M-26APR280430-30,4daa4c91-92ac-7f30-12bc-4d73bf67488b,1777364107,0.49,2.0,yes,"{""count_fp"":""2.00"",""created_time"":""2026-04-28T08:15:07.213348Z"",""no_price_dollars"":""0.5100"",""taker_side"":""yes"",""ticker"":""KXBTC15M-26APR280430-30"",""trade_id"":""4daa4c91-92ac-7f30-12bc-4d73bf67488b"",""yes_price_dollars"":""0.4900""}"
KXBTC15M-26APR280430-30,f3e5fdff-8654-4346-a592-5abf4832ab30,1777364108,0.52,23.16,yes,"{""count_fp"":""23.16"",""created_time"":""2026-04-28T08:15:08.619005Z"",""no_price_dollars"":""0.4800"",""taker_side"":""yes"",""ticker"":""KXBTC15M-26APR280430-30"",""trade_id"":""f3e5fdff-8654-4346-a592-5abf4832ab30"",""yes_price_dollars"":""0.5200""}"
KXBTC15M-26APR280430-30,ec9c5739-d32a-45e6-9f8b-4dccd34d8558,1777364108,0.51,10.0,yes,"{""count_fp"":""10.00"",""created_time"":""2026-04-28T08:15:08.619005Z"",""no_price_dollars"":""0.4900"",""taker_side"":""yes"",""ticker"":""KXBTC15M-26APR280430-30"",""trade_id"":""ec9c5739-d32a-45e6-9f8b-4dccd34d8558"",""yes_price_dollars"":""0.5100""}"
KXBTC15M-26APR280430-30,c0e33cd6-1798-410c-9c82-b70f52cf9953,1777364108,0.5,2.0,yes,"{""count_fp"":""2.00"",""created_time"":""2026-04-28T08:15:08.619005Z"",""no_price_dollars"":""0.5000"",""taker_side"":""yes"",""ticker"":""KXBTC15M-26APR280430-30"",""trade_id"":""c0e33cd6-1798-410c-9c82-b70f52cf9953"",""yes_price_dollars"":""0.5000""}"
KXBTC15M-26APR280430-30,1ac9c8ed-fcf9-4465-ab2a-80a16a266137,1777364108,0.5,5.0,yes,"{""count_fp"":""5.00"",""created_time"":""2026-04-28T08:15:08.619005Z"",""no_price_dollars"":""0.5000"",""taker_side"":""yes"",""ticker"":""KXBTC15M-26APR280430-30"",""trade_id"":""1ac9c8ed-fcf9-4465-ab2a-80a16a266137"",""yes_price_dollars"":""0.5000""}"
KXBTC15M-26APR280430-30,152a080a-aa4d-4259-a17e-08f1ab5dcf3a,1777364108,0.5,6.52,yes,"{""count_fp"":""6.52"",""created_time"":""2026-04-28T08:15:08.619005Z"",""no_price_dollars"":""0.5000"",""taker_side"":""yes"",""ticker"":""KXBTC15M-26APR280430-30"",""trade_id"":""152a080a-aa4d-4259-a17e-08f1ab5dcf3a"",""yes_price_dollars"":""0.5000""}"
KXBTC15M-26APR280430-30,e9bf52ad-5bdb-437a-dc0e-a5144025a433,1777364109,0.51,9.27,yes,"{""count_fp"":""9.27"",""created_time"":""2026-04-28T08:15:09.795496Z"",""no_price_dollars"":""0.4900"",""taker_side"":""yes"",""ticker"":""KXBTC15M-26APR280430-30"",""trade_id"":""e9bf52ad-5bdb-437a-dc0e-a5144025a433"",""yes_price_dollars"":""0.5100""}"
KXBTC15M-26APR280430-30,971fcf96-5951-72f5-5a6f-bf7b7bc38820,1777364109,0.5,1.0,yes,"{""count_fp"":""1.00"",""created_time"":""2026-04-28T08:15:09.699516Z"",""no_price_dollars"":""0.5000"",""taker_side"":""yes"",""ticker"":""KXBTC15M-26APR280430-30"",""trade_id"":""971fcf96-5951-72f5-5a6f-bf7b7bc38820"",""yes_price_dollars"":""0.5000""}"
KXBTC15M-26APR280430-30,5b70e967-984a-7cf0-5293-387641ced9b2,1777364109,0.51,0.89,yes,"{""count_fp"":""0.89"",""created_time"":""2026-04-28T08:15:09.699516Z"",""no_price_dollars"":""0.4900"",""taker_side"":""yes"",""ticker"":""KXBTC15M-26APR280430-30"",""trade_id"":""5b70e967-984a-7cf0-5293-387641ced9b2"",""yes_price_dollars"":""0.5100""}"
KXBTC15M-26APR280430-30,d04dc2c3-5ff9-6872-97e8-c9042b2b833a,1777364110,0.48,3.73,no,"{""count_fp"":""3.73"",""created_time"":""2026-04-28T08:15:10.697687Z"",""no_price_dollars"":""0.5200"",""taker_side"":""no"",""ticker"":""KXBTC15M-26APR280430-30"",""trade_id"":""d04dc2c3-5ff9-6872-97e8-c9042b2b833a"",""yes_price_dollars"":""0.4800""}"
KXBTC15M-26APR280430-30,e38581dc-3298-4313-5fad-4538534742e8,1777364110,0.49,1.0,no,"{""count_fp"":""1.00"",""created_time"":""2026-04-28T08:15:10.189073Z"",""no_price_dollars"":""0.5100"",""taker_side"":""no"",""ticker"":""KXBTC15M-26APR280430-30"",""trade_id"":""e38581dc-3298-4313-5fad-4538534742e8"",""yes_price_dollars"":""0.4900""}"
KXBTC15M-26APR280430-30,61b368d2-95c1-4f56-5543-84078bd3e862,1777364110,0.48,10.0,no,"{""count_fp"":""10.00"",""created_time"":""2026-04-28T08:15:10.189073Z"",""no_price_dollars"":""0.5200"",""taker_side"":""no"",""ticker"":""KXBTC15M-26APR280430-30"",""trade_id"":""61b368d2-95c1-4f56-5543-84078bd3e862"",""yes_price_dollars"":""0.4800""}"
KXBTC15M-26APR280430-30,2f41d539-4cc9-5e6f-f63e-a9f0ddecb96e,1777364112,0.49,1.0,no,"{""count_fp"":""1.00"",""created_time"":""2026-04-28T08:15:12.865433Z"",""no_price_dollars"":""0.5100"",""taker_side"":""no"",""ticker"":""KXBTC15M-26APR280430-30"",""trade_id"":""2f41d539-4cc9-5e6f-f63e-a9f0ddecb96e"",""yes_price_dollars"":""0.4900""}"
KXBTC15M-26APR280430-30,6ff4a9d9-b7b3-680b-dec8-9d22bfbd3e4f,1777364112,0.49,37.78,no,"{""count_fp"":""37.78"",""created_time"":""2026-04-28T08:15:12.750654Z"",""no_price_dollars"":""0.5100"",""taker_side"":""no"",""ticker"":""KXBTC15M-26APR280430-30"",""trade_id"":""6ff4a9d9-b7b3-680b-dec8-9d22bfbd3e4f"",""yes_price_dollars"":""0.4900""}"
KXBTC15M-26APR280430-30,6b02959a-c605-61bf-d4e6-d2f1551846da,1777364112,0.49,110.08,no,"{""count_fp"":""110.08"",""created_time"":""2026-04-28T08:15:12.750654Z"",""no_price_dollars"":""0.5100"",""taker_side"":""no"",""ticker"":""KXBTC15M-26APR280430-30"",""trade_id"":""6b02959a-c605-61bf-d4e6-d2f1551846da"",""yes_price_dollars"":""0.4900""}"
KXBTC15M-26APR280430-30,7f6046eb-37f5-742c-ba62-2f372daf90fd,1777364112,0.52,18.61,yes,"{""count_fp"":""18.61"",""created_time"":""2026-04-28T08:15:12.063333Z"",""no_price_dollars"":""0.4800"",""taker_side"":""yes"",""ticker"":""KXBTC15M-26APR280430-30"",""trade_id"":""7f6046eb-37f5-742c-ba62-2f372daf90fd"",""yes_price_dollars"":""0.5200""}"
KXBTC15M-26APR280430-30,b791c2e6-cd7d-6fc8-e128-75a5dbf4cd59,1777364113,0.52,125.84,yes,"{""count_fp"":""125.84"",""created_time"":""2026-04-28T08:15:13.840142Z"",""no_price_dollars"":""0.4800"",""taker_side"":""yes"",""ticker"":""KXBTC15M-26APR280430-30"",""trade_id"":""b791c2e6-cd7d-6fc8-e128-75a5dbf4cd59"",""yes_price_dollars"":""0.5200""}"
KXBTC15M-26APR280430-30,54a68660-a62d-6e61-d084-181d928dcdcc,1777364113,0.5,20.0,yes,"{""count_fp"":""20.00"",""created_time"":""2026-04-28T08:15:13.840142Z"",""no_price_dollars"":""0.5000"",""taker_side"":""yes"",""ticker"":""KXBTC15M-26APR280430-30"",""trade_id"":""54a68660-a62d-6e61-d084-181d928dcdcc"",""yes_price_dollars"":""0.5000""}"
KXBTC15M-26APR280430-30,4eea2e3c-c1e0-6df8-e83c-d102a544ee00,1777364113,0.5,3.0,yes,"{""count_fp"":""3.00"",""created_time"":""2026-04-28T08:15:13.840142Z"",""no_price_dollars"":""0.5000"",""taker_side"":""yes"",""ticker"":""KXBTC15M-26APR280430-30"",""trade_id"":""4eea2e3c-c1e0-6df8-e83c-d102a544ee00"",""yes_price_dollars"":""0.5000""}"
KXBTC15M-26APR280430-30,0d8c1b39-4288-6f03-1d7a-f6be7361bf4d,1777364113,0.5,2.0,yes,"{""count_fp"":""2.00"",""created_time"":""2026-04-28T08:15:13.652651Z"",""no_price_dollars"":""0.5000"",""taker_side"":""yes"",""ticker"":""KXBTC15M-26APR280430-30"",""trade_id"":""0d8c1b39-4288-6f03-1d7a-f6be7361bf4d"",""yes_price_dollars"":""0.5000""}"
KXBTC15M-26APR280430-30,f555eee0-b2a1-7d7f-f2fe-09d8db1a135a,1777364113,0.49,149.76,no,"{""count_fp"":""149.76"",""created_time"":""2026-04-28T08:15:13.613155Z"",""no_price_dollars"":""0.5100"",""taker_side"":""no"",""ticker"":""KXBTC15M-26APR280430-30"",""trade_id"":""f555eee0-b2a1-7d7f-f2fe-09d8db1a135a"",""yes_price_dollars"":""0.4900""}"
KXBTC15M-26APR280430-30,bd92a5b0-1a3d-6683-6ad3-817c980a36b2,1777364114,0.54,3.79,no,"{""count_fp"":""3.79"",""created_time"":""2026-04-28T08:15:14.576281Z"",""no_price_dollars"":""0.4600"",""taker_side"":""no"",""ticker"":""KXBTC15M-26APR280430-30"",""trade_id"":""bd92a5b0-1a3d-6683-6ad3-817c980a36b2"",""yes_price_dollars"":""0.5400""}"
KXBTC15M-26APR280430-30,dac91707-659d-402f-f68e-da260c3b872e,1777364114,0.54,3.0,no,"{""count_fp"":""3.00"",""created_time"":""2026-04-28T08:15:14.562001Z"",""no_price_dollars"":""0.4600"",""taker_side"":""no"",""ticker"":""KXBTC15M-26APR280430-30"",""trade_id"":""dac91707-659d-402f-f68e-da260c3b872e"",""yes_price_dollars"":""0.5400""}"
KXBTC15M-26APR280430-30,b7416de8-a643-416f-ab5d-edd6ccb43fd8,1777364114,0.54,120.0,yes,"{""count_fp"":""120.00"",""created_time"":""2026-04-28T08:15:14.297191Z"",""no_price_dollars"":""0.4600"",""taker_side"":""yes"",""ticker"":""KXBTC15M-26APR280430-30"",""trade_id"":""b7416de8-a643-416f-ab5d-edd6ccb43fd8"",""yes_price_dollars"":""0.5400""}"
KXBTC15M-26APR280430-30,8ce83c6c-8b93-4d57-922f-0f3d241925c9,1777364114,0.54,1.0,yes,"{""count_fp"":""1.00"",""created_time"":""2026-04-28T08:15:14.297191Z"",""no_price_dollars"":""0.4600"",""taker_side"":""yes"",""ticker"":""KXBTC15M-26APR280430-30"",""trade_id"":""8ce83c6c-8b93-4d57-922f-0f3d241925c9"",""yes_price_dollars"":""0.5400""}"
KXBTC15M-26APR280430-30,8c5f4527-f289-7828-560e-e8a9006be9ec,1777364114,0.5,3.0,yes,"{""count_fp"":""3.00"",""created_time"":""2026-04-28T08:15:14.122486Z"",""no_price_dollars"":""0.5000"",""taker_side"":""yes"",""ticker"":""KXBTC15M-26APR280430-30"",""trade_id"":""8c5f4527-f289-7828-560e-e8a9006be9ec"",""yes_price_dollars"":""0.5000""}"
KXBTC15M-26APR280430-30,07f9f0b2-0125-6bbb-9c3b-ff3e865f69ee,1777364115,0.54,15.0,no,"{""count_fp"":""15.00"",""created_time"":""2026-04-28T08:15:15.102268Z"",""no_price_dollars"":""0.4600"",""taker_side"":""no"",""ticker"":""KXBTC15M-26APR280430-30"",""trade_id"":""07f9f0b2-0125-6bbb-9c3b-ff3e865f69ee"",""yes_price_dollars"":""0.5400""}"
KXBTC15M-26APR280430-30,54c7b424-99f1-533f-4d73-33fbbe156752,1777364115,0.54,68.24,no,"{""count_fp"":""68.24"",""created_time"":""2026-04-28T08:15:15.058234Z"",""no_price_dollars"":""0.4600"",""taker_side"":""no"",""ticker"":""KXBTC15M-26APR280430-30"",""trade_id"":""54c7b424-99f1-533f-4d73-33fbbe156752"",""yes_price_dollars"":""0.5400""}"
KXBTC15M-26APR280430-30,c6de82e0-d373-44e3-b4d1-05db58364b78,1777364116,0.56,40.0,yes,"{""count_fp"":""40.00"",""created_time"":""2026-04-28T08:15:16.871631Z"",""no_price_dollars"":""0.4400"",""taker_side"":""yes"",""ticker"":""KXBTC15M-26APR280430-30"",""trade_id"":""c6de82e0-d373-44e3-b4d1-05db58364b78"",""yes_price_dollars"":""0.5600""}"
KXBTC15M-26APR280430-30,9755b8a9-b6d2-4a37-8ba7-c45c1f004d05,1777364116,0.56,1.0,yes,"{""count_fp"":""1.00"",""created_time"":""2026-04-28T08:15:16.871631Z"",""no_price_dollars"":""0.4400"",""taker_side"":""yes"",""ticker"":""KXBTC15M-26APR280430-30"",""trade_id"":""9755b8a9-b6d2-4a37-8ba7-c45c1f004d05"",""yes_price_dollars"":""0.5600""}"
KXBTC15M-26APR280430-30,87f12753-7a85-4a6a-ad99-fc0da65a5500,1777364116,0.55,3.0,yes,"{""count_fp"":""3.00"",""created_time"":""2026-04-28T08:15:16.871631Z"",""no_price_dollars"":""0.4500"",""taker_side"":""yes"",""ticker"":""KXBTC15M-26APR280430-30"",""trade_id"":""87f12753-7a85-4a6a-ad99-fc0da65a5500"",""yes_price_dollars"":""0.5500""}"
KXBTC15M-26APR280430-30,6f0711a4-03b5-4b5c-8137-65082edfdc8f,1777364116,0.55,29.41,yes,"{""count_fp"":""29.41"",""created_time"":""2026-04-28T08:15:16.871631Z"",""no_price_dollars"":""0.4500"",""taker_side"":""yes"",""ticker"":""KXBTC15M-26APR280430-30"",""trade_id"":""6f0711a4-03b5-4b5c-8137-65082edfdc8f"",""yes_price_dollars"":""0.5500""}"
KXBTC15M-26APR280430-30,af0c284d-82f9-58c3-cd0e-adac35261fca,1777364116,0.54,37.68,no,"{""count_fp"":""37.68"",""created_time"":""2026-04-28T08:15:16.487983Z"",""no_price_dollars"":""0.4600"",""taker_side"":""no"",""ticker"":""KXBTC15M-26APR280430-30"",""trade_id"":""af0c284d-82f9-58c3-cd0e-adac35261fca"",""yes_price_dollars"":""0.5400""}"
KXBTC15M-26APR280430-30,f5c4c617-1d1b-70b9-e289-adb63e17b4a2,1777364116,0.55,8.0,yes,"{""count_fp"":""8.00"",""created_time"":""2026-04-28T08:15:16.419174Z"",""no_price_dollars"":""0.4500"",""taker_side"":""yes"",""ticker"":""KXBTC15M-26APR280430-30"",""trade_id"":""f5c4c617-1d1b-70b9-e289-adb63e17b4a2"",""yes_price_dollars"":""0.5500""}"
KXBTC15M-26APR280430-30,7ee6724b-abc1-7a30-e426-ca0f391d90fb,1777364116,0.55,10.59,yes,"{""count_fp"":""10.59"",""created_time"":""2026-04-28T08:15:16.419174Z"",""no_price_dollars"":""0.4500"",""taker_side"":""yes"",""ticker"":""KXBTC15M-26APR280430-30"",""trade_id"":""7ee6724b-abc1-7a30-e426-ca0f391d90fb"",""yes_price_dollars"":""0.5500""}"
KXBTC15M-26APR280430-30,7d634f81-2281-7790-f534-198445c0ca09,1777364116,0.55,7.0,yes,"{""count_fp"":""7.00"",""created_time"":""2026-04-28T08:15:16.419174Z"",""no_price_dollars"":""0.4500"",""taker_side"":""yes"",""ticker"":""KXBTC15M-26APR280430-30"",""trade_id"":""7d634f81-2281-7790-f534-198445c0ca09"",""yes_price_dollars"":""0.5500""}"
KXBTC15M-26APR280430-30,4d7fbc53-07a7-7750-efe8-a89fb67d4016,1777364116,0.55,20.0,yes,"{""count_fp"":""20.00"",""created_time"":""2026-04-28T08:15:16.419174Z"",""no_price_dollars"":""0.4500"",""taker_side"":""yes"",""ticker"":""KXBTC15M-26APR280430-30"",""trade_id"":""4d7fbc53-07a7-7750-efe8-a89fb67d4016"",""yes_price_dollars"":""0.5500""}"
KXBTC15M-26APR280430-30,246655cf-8e26-711e-cd62-5e2fe9baab02,1777364116,0.55,1.0,yes,"{""count_fp"":""1.00"",""created_time"":""2026-04-28T08:15:16.419174Z"",""no_price_dollars"":""0.4500"",""taker_side"":""yes"",""ticker"":""KXBTC15M-26APR280430-30"",""trade_id"":""246655cf-8e26-711e-cd62-5e2fe9baab02"",""yes_price_dollars"":""0.5500""}"
KXBTC15M-26APR280430-30,0d70cfc5-156a-79c5-db99-d000d425614b,1777364116,0.55,1.0,yes,"{""count_fp"":""1.00"",""created_time"":""2026-04-28T08:15:16.419174Z"",""no_price_dollars"":""0.4500"",""taker_side"":""yes"",""ticker"":""KXBTC15M-26APR280430-30"",""trade_id"":""0d70cfc5-156a-79c5-db99-d000d425614b"",""yes_price_dollars"":""0.5500""}"
KXBTC15M-26APR280430-30,2ef56a84-051d-5f2f-0c03-a55e85416402,1777364116,0.54,209.47,no,"{""count_fp"":""209.47"",""created_time"":""2026-04-28T08:15:16.382253Z"",""no_price_dollars"":""0.4600"",""taker_side"":""no"",""ticker"":""KXBTC15M-26APR280430-30"",""trade_id"":""2ef56a84-051d-5f2f-0c03-a55e85416402"",""yes_price_dollars"":""0.5400""}"
KXBTC15M-26APR280430-30,743f60b0-83d1-546f-ff01-08df636c7dee,1777364116,0.54,1.89,no,"{""count_fp"":""1.89"",""created_time"":""2026-04-28T08:15:16.308167Z"",""no_price_dollars"":""0.4600"",""taker_side"":""no"",""ticker"":""KXBTC15M-26APR280430-30"",""trade_id"":""743f60b0-83d1-546f-ff01-08df636c7dee"",""yes_price_dollars"":""0.5400""}"
KXBTC15M-26APR280430-30,85136d18-7c0d-64a3-68cd-db8b2ee1863a,1777364117,0.54,1.04,no,"{""count_fp"":""1.04"",""created_time"":""2026-04-28T08:15:17.395356Z"",""no_price_dollars"":""0.4600"",""taker_side"":""no"",""ticker"":""KXBTC15M-26APR280430-30"",""trade_id"":""85136d18-7c0d-64a3-68cd-db8b2ee1863a"",""yes_price_dollars"":""0.5400""}"
KXBTC15M-26APR280430-30,da258ed2-bd4d-75bb-be7b-aabc05cd2f7a,1777364117,0.54,1.89,no,"{""count_fp"":""1.89"",""created_time"":""2026-04-28T08:15:17.255645Z"",""no_price_dollars"":""0.4600"",""taker_side"":""no"",""ticker"":""KXBTC15M-26APR280430-30"",""trade_id"":""da258ed2-bd4d-75bb-be7b-aabc05cd2f7a"",""yes_price_dollars"":""0.5400""}"
KXBTC15M-26APR280430-30,41a977e5-1fae-6524-be78-395b3285c65b,1777364119,0.55,3.0,yes,"{""count_fp"":""3.00"",""created_time"":""2026-04-28T08:15:19.522099Z"",""no_price_dollars"":""0.4500"",""taker_side"":""yes"",""ticker"":""KXBTC15M-26APR280430-30"",""trade_id"":""41a977e5-1fae-6524-be78-395b3285c65b"",""yes_price_dollars"":""0.5500""}"
KXBTC15M-26APR280430-30,ee15c5dc-e839-6d32-5b80-630324f10c22,1777364119,0.53,40.0,no,"{""count_fp"":""40.00"",""created_time"":""2026-04-28T08:15:19.514969Z"",""no_price_dollars"":""0.4700"",""taker_side"":""no"",""ticker"":""KXBTC15M-26APR280430-30"",""trade_id"":""ee15c5dc-e839-6d32-5b80-630324f10c22"",""yes_price_dollars"":""0.5300""}"
KXBTC15M-26APR280430-30,d7bb549c-4295-6ad5-75d2-7d2e2be29056,1777364119,0.54,40.0,no,"{""count_fp"":""40.00"",""created_time"":""2026-04-28T08:15:19.514969Z"",""no_price_dollars"":""0.4600"",""taker_side"":""no"",""ticker"":""KXBTC15M-26APR280430-30"",""trade_id"":""d7bb549c-4295-6ad5-75d2-7d2e2be29056"",""yes_price_dollars"":""0.5400""}"
KXBTC15M-26APR280430-30,a7152e6d-03ad-657d-62c8-457f8940c90e,1777364119,0.53,45.37,no,"{""count_fp"":""45.37"",""created_time"":""2026-04-28T08:15:19.514969Z"",""no_price_dollars"":""0.4700"",""taker_side"":""no"",""ticker"":""KXBTC15M-26APR280430-30"",""trade_id"":""a7152e6d-03ad-657d-62c8-457f8940c90e"",""yes_price_dollars"":""0.5300""}"
KXBTC15M-26APR280430-30,89f199d9-2c11-6167-7fbd-8b67a285b4ba,1777364119,0.54,744.79,no,"{""count_fp"":""744.79"",""created_time"":""2026-04-28T08:15:19.514969Z"",""no_price_dollars"":""0.4600"",""taker_side"":""no"",""ticker"":""KXBTC15M-26APR280430-30"",""trade_id"":""89f199d9-2c11-6167-7fbd-8b67a285b4ba"",""yes_price_dollars"":""0.5400""}"
KXBTC15M-26APR280430-30,0d86dc1a-e522-6a9c-667c-04786604d1d7,1777364119,0.54,302.0,no,"{""count_fp"":""302.00"",""created_time"":""2026-04-28T08:15:19.514969Z"",""no_price_dollars"":""0.4600"",""taker_side"":""no"",""ticker"":""KXBTC15M-26APR280430-30"",""trade_id"":""0d86dc1a-e522-6a9c-667c-04786604d1d7"",""yes_price_dollars"":""0.5400""}"
KXBTC15M-26APR280430-30,3a2aebc3-f460-7888-2ad1-90eb3acaefd2,1777364120,0.55,50.27,no,"{""count_fp"":""50.27"",""created_time"":""2026-04-28T08:15:20.935056Z"",""no_price_dollars"":""0.4500"",""taker_side"":""no"",""ticker"":""KXBTC15M-26APR280430-30"",""trade_id"":""3a2aebc3-f460-7888-2ad1-90eb3acaefd2"",""yes_price_dollars"":""0.5500""}"
KXBTC15M-26APR280430-30,d3d5a7fb-6488-64c8-2a22-6e62b1efc916,1777364120,0.55,41.89,no,"{""count_fp"":""41.89"",""created_time"":""2026-04-28T08:15:20.535258Z"",""no_price_dollars"":""0.4500"",""taker_side"":""no"",""ticker"":""KXBTC15M-26APR280430-30"",""trade_id"":""d3d5a7fb-6488-64c8-2a22-6e62b1efc916"",""yes_price_dollars"":""0.5500""}"
KXBTC15M-26APR280430-30,3ae96b69-6988-54f4-3807-7de0b0f853ea,1777364120,0.55,14.66,no,"{""count_fp"":""14.66"",""created_time"":""2026-04-28T08:15:20.470339Z"",""no_price_dollars"":""0.4500"",""taker_side"":""no"",""ticker"":""KXBTC15M-26APR280430-30"",""trade_id"":""3ae96b69-6988-54f4-3807-7de0b0f853ea"",""yes_price_dollars"":""0.5500""}"
KXBTC15M-26APR280430-30,03c50929-8708-48cc-f4d5-9fc33850b7a6,1777364120,0.55,2.0,no,"{""count_fp"":""2.00"",""created_time"":""2026-04-28T08:15:20.189724Z"",""no_price_dollars"":""0.4500"",""taker_side"":""no"",""ticker"":""KXBTC15M-26APR280430-30"",""trade_id"":""03c50929-8708-48cc-f4d5-9fc33850b7a6"",""yes_price_dollars"":""0.5500""}"
KXBTC15M-26APR280430-30,a17026f8-f1b9-6842-908a-061566e0f980,1777364120,0.56,46.88,yes,"{""count_fp"":""46.88"",""created_time"":""2026-04-28T08:15:20.091341Z"",""no_price_dollars"":""0.4400"",""taker_side"":""yes"",""ticker"":""KXBTC15M-26APR280430-30"",""trade_id"":""a17026f8-f1b9-6842-908a-061566e0f980"",""yes_price_dollars"":""0.5600""}"
KXBTC15M-26APR280430-30,806a1bb1-4261-6621-b7a1-c3d3b34b4ddf,1777364120,0.56,3.12,yes,"{""count_fp"":""3.12"",""created_time"":""2026-04-28T08:15:20.091341Z"",""no_price_dollars"":""0.4400"",""taker_side"":""yes"",""ticker"":""KXBTC15M-26APR280430-30"",""trade_id"":""806a1bb1-4261-6621-b7a1-c3d3b34b4ddf"",""yes_price_dollars"":""0.5600""}"
KXBTC15M-26APR280430-30,a6733639-cbf9-4f02-30ef-dce4a1cff965,1777364121,0.56,10.0,yes,"{""count_fp"":""10.00"",""created_time"":""2026-04-28T08:15:21.964721Z"",""no_price_dollars"":""0.4400"",""taker_side"":""yes"",""ticker"":""KXBTC15M-26APR280430-30"",""trade_id"":""a6733639-cbf9-4f02-30ef-dce4a1cff965"",""yes_price_dollars"":""0.5600""}"
KXBTC15M-26APR280430-30,cffa19ba-cd01-4b9f-07fd-c67edc7f792e,1777364121,0.56,69.29,yes,"{""count_fp"":""69.29"",""created_time"":""2026-04-28T08:15:21.754575Z"",""no_price_dollars"":""0.4400"",""taker_side"":""yes"",""ticker"":""KXBTC15M-26APR280430-30"",""trade_id"":""cffa19ba-cd01-4b9f-07fd-c67edc7f792e"",""yes_price_dollars"":""0.5600""}"
KXBTC15M-26APR280430-30,b7bee314-2574-53fc-2228-b93b62d5881a,1777364121,0.55,3.0,no,"{""count_fp"":""3.00"",""created_time"":""2026-04-28T08:15:21.618701Z"",""no_price_dollars"":""0.4500"",""taker_side"":""no"",""ticker"":""KXBTC15M-26APR280430-30"",""trade_id"":""b7bee314-2574-53fc-2228-b93b62d5881a"",""yes_price_dollars"":""0.5500""}"
KXBTC15M-26APR280430-30,10f13c6e-96dd-508b-b45f-68712d412f66,1777364121,0.56,1.07,yes,"{""count_fp"":""1.07"",""created_time"":""2026-04-28T08:15:21.384645Z"",""no_price_dollars"":""0.4400"",""taker_side"":""yes"",""ticker"":""KXBTC15M-26APR280430-30"",""trade_id"":""10f13c6e-96dd-508b-b45f-68712d412f66"",""yes_price_dollars"":""0.5600""}"
KXBTC15M-26APR280430-30,86f03811-5450-6718-85d8-449205b9b69e,1777364121,0.55,5.0,no,"{""count_fp"":""5.00"",""created_time"":""2026-04-28T08:15:21.358773Z"",""no_price_dollars"":""0.4500"",""taker_side"":""no"",""ticker"":""KXBTC15M-26APR280430-30"",""trade_id"":""86f03811-5450-6718-85d8-449205b9b69e"",""yes_price_dollars"":""0.5500""}"
KXBTC15M-26APR280430-30,58e25ace-1c3c-46b0-82bf-637b7f799596,1777364122,0.55,42.79,no,"{""count_fp"":""42.79"",""created_time"":""2026-04-28T08:15:22.984752Z"",""no_price_dollars"":""0.4500"",""taker_side"":""no"",""ticker"":""KXBTC15M-26APR280430-30"",""trade_id"":""58e25ace-1c3c-46b0-82bf-637b7f799596"",""yes_price_dollars"":""0.5500""}"
KXBTC15M-26APR280430-30,586d4e2c-964c-6060-8423-32e0af41a90e,1777364122,0.55,6.41,no,"{""count_fp"":""6.41"",""created_time"":""2026-04-28T08:15:22.836135Z"",""no_price_dollars"":""0.4500"",""taker_side"":""no"",""ticker"":""KXBTC15M-26APR280430-30"",""trade_id"":""586d4e2c-964c-6060-8423-32e0af41a90e"",""yes_price_dollars"":""0.5500""}"
KXBTC15M-26APR280430-30,a296b93b-4854-5ec8-6b62-ca39101b66a2,1777364122,0.55,13.0,no,"{""count_fp"":""13.00"",""created_time"":""2026-04-28T08:15:22.283079Z"",""no_price_dollars"":""0.4500"",""taker_side"":""no"",""ticker"":""KXBTC15M-26APR280430-30"",""trade_id"":""a296b93b-4854-5ec8-6b62-ca39101b66a2"",""yes_price_dollars"":""0.5500""}"
KXBTC15M-26APR280430-30,faa2a1b4-08e4-4930-8fe8-e89addf0df42,1777364122,0.55,256.78,no,"{""count_fp"":""256.78"",""created_time"":""2026-04-28T08:15:22.175198Z"",""no_price_dollars"":""0.4500"",""taker_side"":""no"",""ticker"":""KXBTC15M-26APR280430-30"",""trade_id"":""faa2a1b4-08e4-4930-8fe8-e89addf0df42"",""yes_price_dollars"":""0.5500""}"
KXBTC15M-26APR280430-30,9b10c3ba-bf14-5768-e59a-95409e743f52,1777364122,0.55,94.78,no,"{""count_fp"":""94.78"",""created_time"":""2026-04-28T08:15:22.111146Z"",""no_price_dollars"":""0.4500"",""taker_side"":""no"",""ticker"":""KXBTC15M-26APR280430-30"",""trade_id"":""9b10c3ba-bf14-5768-e59a-95409e743f52"",""yes_price_dollars"":""0.5500""}"
KXBTC15M-26APR280430-30,e6798e70-c42c-76db-76eb-331f636929fa,1777364123,0.55,13.99,no,"{""count_fp"":""13.99"",""created_time"":""2026-04-28T08:15:23.952351Z"",""no_price_dollars"":""0.4500"",""taker_side"":""no"",""ticker"":""KXBTC15M-26APR280430-30"",""trade_id"":""e6798e70-c42c-76db-76eb-331f636929fa"",""yes_price_dollars"":""0.5500""}"
KXBTC15M-26APR280430-30,9cf51e9c-7c2a-7235-593a-7f58fc517810,1777364123,0.55,17.0,no,"{""count_fp"":""17.00"",""created_time"":""2026-04-28T08:15:23.952351Z"",""no_price_dollars"":""0.4500"",""taker_side"":""no"",""ticker"":""KXBTC15M-26APR280430-30"",""trade_id"":""9cf51e9c-7c2a-7235-593a-7f58fc517810"",""yes_price_dollars"":""0.5500""}"
KXBTC15M-26APR280430-30,46f4796d-b534-7f90-4b12-a93b91d1a50a,1777364123,0.55,466.01,no,"{""count_fp"":""466.01"",""created_time"":""2026-04-28T08:15:23.952351Z"",""no_price_dollars"":""0.4500"",""taker_side"":""no"",""ticker"":""KXBTC15M-26APR280430-30"",""trade_id"":""46f4796d-b534-7f90-4b12-a93b91d1a50a"",""yes_price_dollars"":""0.5500""}"
KXBTC15M-26APR280430-30,f2132200-26ad-4e9e-8ca9-40a87a10f0f1,1777364123,0.56,3.46,yes,"{""count_fp"":""3.46"",""created_time"":""2026-04-28T08:15:23.841516Z"",""no_price_dollars"":""0.4400"",""taker_side"":""yes"",""ticker"":""KXBTC15M-26APR280430-30"",""trade_id"":""f2132200-26ad-4e9e-8ca9-40a87a10f0f1"",""yes_price_dollars"":""0.5600""}"
KXBTC15M-26APR280430-30,a56939bb-f0ac-76a6-cea4-e52e5c39a82f,1777364124,0.54,10.0,no,"{""count_fp"":""10.00"",""created_time"":""2026-04-28T08:15:24.711876Z"",""no_price_dollars"":""0.4600"",""taker_side"":""no"",""ticker"":""KXBTC15M-26APR280430-30"",""trade_id"":""a56939bb-f0ac-76a6-cea4-e52e5c39a82f"",""yes_price_dollars"":""0.5400""}"
KXBTC15M-26APR280430-30,1054a5a5-47e4-7bfa-5e0e-c7269f06eee3,1777364124,0.54,1.0,no,"{""count_fp"":""1.00"",""created_time"":""2026-04-28T08:15:24.047022Z"",""no_price_dollars"":""0.4600"",""taker_side"":""no"",""ticker"":""KXBTC15M-26APR280430-30"",""trade_id"":""1054a5a5-47e4-7bfa-5e0e-c7269f06eee3"",""yes_price_dollars"":""0.5400""}"
KXBTC15M-26APR280430-30,45ffc511-8a1d-544c-edb3-65ffe0df658b,1777364125,0.5,4.0,yes,"{""count_fp"":""4.00"",""created_time"":""2026-04-28T08:15:25.638786Z"",""no_price_dollars"":""0.5000"",""taker_side"":""yes"",""ticker"":""KXBTC15M-26APR280430-30"",""trade_id"":""45ffc511-8a1d-544c-edb3-65ffe0df658b"",""yes_price_dollars"":""0.5000""}"
KXBTC15M-26APR280430-30,733ef52c-f705-78dc-a92d-a539de82d12b,1777364125,0.5,0.19,yes,"{""count_fp"":""0.19"",""created_time"":""2026-04-28T08:15:25.627305Z"",""no_price_dollars"":""0.5000"",""taker_side"":""yes"",""ticker"":""KXBTC15M-26APR280430-30"",""trade_id"":""733ef52c-f705-78dc-a92d-a539de82d12b"",""yes_price_dollars"":""0.5000""}"
KXBTC15M-26APR280430-30,c113aa3e-948d-4562-d17a-63b4b010f9e9,1777364125,0.5,20.0,no,"{""count_fp"":""20.00"",""created_time"":""2026-04-28T08:15:25.415383Z"",""no_price_dollars"":""0.5000"",""taker_side"":""no"",""ticker"":""KXBTC15M-26APR280430-30"",""trade_id"":""c113aa3e-948d-4562-d17a-63b4b010f9e9"",""yes_price_dollars"":""0.5000""}"
KXBTC15M-26APR280430-30,660cc51e-58d6-4643-f54e-a42acc039191,1777364125,0.5,1.0,no,"{""count_fp"":""1.00"",""created_time"":""2026-04-28T08:15:25.415383Z"",""no_price_dollars"":""0.5000"",""taker_side"":""no"",""ticker"":""KXBTC15M-26APR280430-30"",""trade_id"":""660cc51e-58d6-4643-f54e-a42acc039191"",""yes_price_dollars"":""0.5000""}"
KXBTC15M-26APR280430-30,979230f4-d57f-558f-1f36-e85e9f6671a5,1777364125,0.51,6.0,no,"{""count_fp"":""6.00"",""created_time"":""2026-04-28T08:15:25.404385Z"",""no_price_dollars"":""0.4900"",""taker_side"":""no"",""ticker"":""KXBTC15M-26APR280430-30"",""trade_id"":""979230f4-d57f-558f-1f36-e85e9f6671a5"",""yes_price_dollars"":""0.5100""}"
KXBTC15M-26APR280430-30,25f3381f-8d1a-5cb9-29e0-39df62b39e47,1777364125,0.51,20.0,no,"{""count_fp"":""20.00"",""created_time"":""2026-04-28T08:15:25.404385Z"",""no_price_dollars"":""0.4900"",""taker_side"":""no"",""ticker"":""KXBTC15M-26APR280430-30"",""trade_id"":""25f3381f-8d1a-5cb9-29e0-39df62b39e47"",""yes_price_dollars"":""0.5100""}"
KXBTC15M-26APR280430-30,158df133-74f3-523a-389b-c5033f750a09,1777364125,0.51,1.0,no,"{""count_fp"":""1.00"",""created_time"":""2026-04-28T08:15:25.404385Z"",""no_price_dollars"":""0.4900"",""taker_side"":""no"",""ticker"":""KXBTC15M-26APR280430-30"",""trade_id"":""158df133-74f3-523a-389b-c5033f750a09"",""yes_price_dollars"":""0.5100""}"
KXBTC15M-26APR280430-30,e03b79c4-a456-5e4e-a6e4-df6087e66c5c,1777364125,0.54,1.0,no,"{""count_fp"":""1.00"",""created_time"":""2026-04-28T08:15:25.012278Z"",""no_price_dollars"":""0.4600"",""taker_side"":""no"",""ticker"":""KXBTC15M-26APR280430-30"",""trade_id"":""e03b79c4-a456-5e4e-a6e4-df6087e66c5c"",""yes_price_dollars"":""0.5400""}"
KXBTC15M-26APR280430-30,bb777b30-e659-50f1-b006-3ed57ed80ce1,1777364125,0.53,20.0,no,"{""count_fp"":""20.00"",""created_time"":""2026-04-28T08:15:25.012278Z"",""no_price_dollars"":""0.4700"",""taker_side"":""no"",""ticker"":""KXBTC15M-26APR280430-30"",""trade_id"":""bb777b30-e659-50f1-b006-3ed57ed80ce1"",""yes_price_dollars"":""0.5300""}"
KXBTC15M-26APR280430-30,c46805a4-6704-4110-cee9-2b2a2b3d3a0f,1777364126,0.5,3.0,yes,"{""count_fp"":""3.00"",""created_time"":""2026-04-28T08:15:26.099988Z"",""no_price_dollars"":""0.5000"",""taker_side"":""yes"",""ticker"":""KXBTC15M-26APR280430-30"",""trade_id"":""c46805a4-6704-4110-cee9-2b2a2b3d3a0f"",""yes_price_dollars"":""0.5000""}"
KXBTC15M-26APR280430-30,631ef370-7a35-4be9-e580-6f4b8682a2c2,1777364126,0.51,471.35,yes,"{""count_fp"":""471.35"",""created_time"":""2026-04-28T08:15:26.099988Z"",""no_price_dollars"":""0.4900"",""taker_side"":""yes"",""ticker"":""KXBTC15M-26APR280430-30"",""trade_id"":""631ef370-7a35-4be9-e580-6f4b8682a2c2"",""yes_price_dollars"":""0.5100""}"
KXBTC15M-26APR280430-30,5664e86f-f331-4a49-c4d7-64a003c77eca,1777364126,0.51,40.0,yes,"{""count_fp"":""40.00"",""created_time"":""2026-04-28T08:15:26.099988Z"",""no_price_dollars"":""0.4900"",""taker_side"":""yes"",""ticker"":""KXBTC15M-26APR280430-30"",""trade_id"":""5664e86f-f331-4a49-c4d7-64a003c77eca"",""yes_price_dollars"":""0.5100""}"
KXBTC15M-26APR280430-30,29c14013-d816-4cc8-fa60-52436a2dc285,1777364126,0.5,10.0,yes,"{""count_fp"":""10.00"",""created_time"":""2026-04-28T08:15:26.099988Z"",""no_price_dollars"":""0.5000"",""taker_side"":""yes"",""ticker"":""KXBTC15M-26APR280430-30"",""trade_id"":""29c14013-d816-4cc8-fa60-52436a2dc285"",""yes_price_dollars"":""0.5000""}"
KXBTC15M-26APR280430-30,20a8b312-3f81-4c30-d22c-5cc0f0e97c7b,1777364126,0.5,33.81,yes,"{""count_fp"":""33.81"",""created_time"":""2026-04-28T08:15:26.099988Z"",""no_price_dollars"":""0.5000"",""taker_side"":""yes"",""ticker"":""KXBTC15M-26APR280430-30"",""trade_id"":""20a8b312-3f81-4c30-d22c-5cc0f0e97c7b"",""yes_price_dollars"":""0.5000""}"
KXBTC15M-26APR280430-30,1238013a-3cab-65e5-4ae3-1f8c0ad7fa98,1777364127,0.5,1.0,yes,"{""count_fp"":""1.00"",""created_time"":""2026-04-28T08:15:27.264486Z"",""no_price_dollars"":""0.5000"",""taker_side"":""yes"",""ticker"":""KXBTC15M-26APR280430-30"",""trade_id"":""1238013a-3cab-65e5-4ae3-1f8c0ad7fa98"",""yes_price_dollars"":""0.5000""}"
KXBTC15M-26APR280430-30,5012b323-3d4f-7a4f-eb9e-ffbd797c3735,1777364127,0.49,1.0,no,"{""count_fp"":""1.00"",""created_time"":""2026-04-28T08:15:27.174445Z"",""no_price_dollars"":""0.5100"",""taker_side"":""no"",""ticker"":""KXBTC15M-26APR280430-30"",""trade_id"":""5012b323-3d4f-7a4f-eb9e-ffbd797c3735"",""yes_price_dollars"":""0.4900""}"
KXBTC15M-26APR280430-30,e3486f34-ac5a-4163-5f0a-7961ec4b114a,1777364129,0.5,1.0,yes,"{""count_fp"":""1.00"",""created_time"":""2026-04-28T08:15:29.418098Z"",""no_price_dollars"":""0.5000"",""taker_side"":""yes"",""ticker"":""KXBTC15M-26APR280430-30"",""trade_id"":""e3486f34-ac5a-4163-5f0a-7961ec4b114a"",""yes_price_dollars"":""0.5000""}"
KXBTC15M-26APR280430-30,c844b543-3d0b-463e-48c4-050ba350fd02,1777364129,0.51,100.0,yes,"{""count_fp"":""100.00"",""created_time"":""2026-04-28T08:15:29.418098Z"",""no_price_dollars"":""0.4900"",""taker_side"":""yes"",""ticker"":""KXBTC15M-26APR280430-30"",""trade_id"":""c844b543-3d0b-463e-48c4-050ba350fd02"",""yes_price_dollars"":""0.5100""}"
KXBTC15M-26APR280430-30,91a8cfdc-d0d8-4f19-43d7-d3a06f9c3bd1,1777364129,0.5,3.0,yes,"{""count_fp"":""3.00"",""created_time"":""2026-04-28T08:15:29.418098Z"",""no_price_dollars"":""0.5000"",""taker_side"":""yes"",""ticker"":""KXBTC15M-26APR280430-30"",""trade_id"":""91a8cfdc-d0d8-4f19-43d7-d3a06f9c3bd1"",""yes_price_dollars"":""0.5000""}"
KXBTC15M-26APR280430-30,342bd1b5-4165-4c0a-6c7f-c1a46da8905f,1777364129,0.51,40.0,yes,"{""count_fp"":""40.00"",""created_time"":""2026-04-28T08:15:29.418098Z"",""no_price_dollars"":""0.4900"",""taker_side"":""yes"",""ticker"":""KXBTC15M-26APR280430-30"",""trade_id"":""342bd1b5-4165-4c0a-6c7f-c1a46da8905f"",""yes_price_dollars"":""0.5100""}"
KXBTC15M-26APR280430-30,4ad5753d-7ed6-634e-8d34-cc0471027503,1777364130,0.52,41.06,yes,"{""count_fp"":""41.06"",""created_time"":""2026-04-28T08:15:30.809136Z"",""no_price_dollars"":""0.4800"",""taker_side"":""yes"",""ticker"":""KXBTC15M-26APR280430-30"",""trade_id"":""4ad5753d-7ed6-634e-8d34-cc0471027503"",""yes_price_dollars"":""0.5200""}"
KXBTC15M-26APR280430-30,1fa6d2a5-cdcf-6648-98f7-ac150e0a01e1,1777364130,0.52,3.0,yes,"{""count_fp"":""3.00"",""created_time"":""2026-04-28T08:15:30.809136Z"",""no_price_dollars"":""0.4800"",""taker_side"":""yes"",""ticker"":""KXBTC15M-26APR280430-30"",""trade_id"":""1fa6d2a5-cdcf-6648-98f7-ac150e0a01e1"",""yes_price_dollars"":""0.5200""}"
KXBTC15M-26APR280430-30,932b0cdb-f039-49ed-950c-056d36ae194f,1777364131,0.52,1.0,yes,"{""count_fp"":""1.00"",""created_time"":""2026-04-28T08:15:31.295643Z"",""no_price_dollars"":""0.4800"",""taker_side"":""yes"",""ticker"":""KXBTC15M-26APR280430-30"",""trade_id"":""932b0cdb-f039-49ed-950c-056d36ae194f"",""yes_price_dollars"":""0.5200""}"
KXBTC15M-26APR280430-30,d7d1dad7-9ca4-7f4d-1786-f5d9d600f9bc,1777364132,0.51,20.0,no,"{""count_fp"":""20.00"",""created_time"":""2026-04-28T08:15:32.717691Z"",""no_price_dollars"":""0.4900"",""taker_side"":""no"",""ticker"":""KXBTC15M-26APR280430-30"",""trade_id"":""d7d1dad7-9ca4-7f4d-1786-f5d9d600f9bc"",""yes_price_dollars"":""0.5100""}"
KXBTC15M-26APR280430-30,58374055-9193-785a-00ae-9a49ffcfb9ec,1777364132,0.5,43.23,no,"{""count_fp"":""43.23"",""created_time"":""2026-04-28T08:15:32.717691Z"",""no_price_dollars"":""0.5000"",""taker_side"":""no"",""ticker"":""KXBTC15M-26APR280430-30"",""trade_id"":""58374055-9193-785a-00ae-9a49ffcfb9ec"",""yes_price_dollars"":""0.5000""}"
KXBTC15M-26APR280430-30,5454e9e1-66d6-7212-35f9-2e8858169f29,1777364132,0.5,2.23,no,"{""count_fp"":""2.23"",""created_time"":""2026-04-28T08:15:32.717691Z"",""no_price_dollars"":""0.5000"",""taker_side"":""no"",""ticker"":""KXBTC15M-26APR280430-30"",""trade_id"":""5454e9e1-66d6-7212-35f9-2e8858169f29"",""yes_price_dollars"":""0.5000""}"
KXBTC15M-26APR280430-30,11b2775f-d06b-7fdc-3fef-064e4bc8b765,1777364132,0.51,40.0,no,"{""count_fp"":""40.00"",""created_time"":""2026-04-28T08:15:32.717691Z"",""no_price_dollars"":""0.4900"",""taker_side"":""no"",""ticker"":""KXBTC15M-26APR280430-30"",""trade_id"":""11b2775f-d06b-7fdc-3fef-064e4bc8b765"",""yes_price_dollars"":""0.5100""}"
KXBTC15M-26APR280430-30,11c22f24-7515-667f-da63-79697e45d906,1777364132,0.52,16.74,yes,"{""count_fp"":""16.74"",""created_time"":""2026-04-28T08:15:32.562186Z"",""no_price_dollars"":""0.4800"",""taker_side"":""yes"",""ticker"":""KXBTC15M-26APR280430-30"",""trade_id"":""11c22f24-7515-667f-da63-79697e45d906"",""yes_price_dollars"":""0.5200""}"
KXBTC15M-26APR280430-30,c6049f46-feb2-4f82-3788-008478e0230b,1777364132,0.52,76.8,yes,"{""count_fp"":""76.80"",""created_time"":""2026-04-28T08:15:32.485925Z"",""no_price_dollars"":""0.4800"",""taker_side"":""yes"",""ticker"":""KXBTC15M-26APR280430-30"",""trade_id"":""c6049f46-feb2-4f82-3788-008478e0230b"",""yes_price_dollars"":""0.5200""}"
KXBTC15M-26APR280430-30,79f7f982-88a7-490d-37e7-a95cb86496c7,1777364132,0.52,10.0,yes,"{""count_fp"":""10.00"",""created_time"":""2026-04-28T08:15:32.485925Z"",""no_price_dollars"":""0.4800"",""taker_side"":""yes"",""ticker"":""KXBTC15M-26APR280430-30"",""trade_id"":""79f7f982-88a7-490d-37e7-a95cb86496c7"",""yes_price_dollars"":""0.5200""}"
KXBTC15M-26APR280430-30,505e0192-6ee5-4cad-1200-0cf3b10f4127,1777364132,0.52,6.22,yes,"{""count_fp"":""6.22"",""created_time"":""2026-04-28T08:15:32.485925Z"",""no_price_dollars"":""0.4800"",""taker_side"":""yes"",""ticker"":""KXBTC15M-26APR280430-30"",""trade_id"":""505e0192-6ee5-4cad-1200-0cf3b10f4127"",""yes_price_dollars"":""0.5200""}"
KXBTC15M-26APR280430-30,a0ac53a8-d76e-4a3f-9c86-d424b008b8bc,1777364132,0.51,40.0,no,"{""count_fp"":""40.00"",""created_time"":""2026-04-28T08:15:32.334693Z"",""no_price_dollars"":""0.4900"",""taker_side"":""no"",""ticker"":""KXBTC15M-26APR280430-30"",""trade_id"":""a0ac53a8-d76e-4a3f-9c86-d424b008b8bc"",""yes_price_dollars"":""0.5100""}"
KXBTC15M-26APR280430-30,83d43651-ee0e-4cae-9599-10546fee9911,1777364132,0.5,37.77,no,"{""count_fp"":""37.77"",""created_time"":""2026-04-28T08:15:32.334693Z"",""no_price_dollars"":""0.5000"",""taker_side"":""no"",""ticker"":""KXBTC15M-26APR280430-30"",""trade_id"":""83d43651-ee0e-4cae-9599-10546fee9911"",""yes_price_dollars"":""0.5000""}"
KXBTC15M-26APR280430-30,411d48f4-a18b-4948-b774-2a617fafb62b,1777364132,0.51,20.0,no,"{""count_fp"":""20.00"",""created_time"":""2026-04-28T08:15:32.334693Z"",""no_price_dollars"":""0.4900"",""taker_side"":""no"",""ticker"":""KXBTC15M-26APR280430-30"",""trade_id"":""411d48f4-a18b-4948-b774-2a617fafb62b"",""yes_price_dollars"":""0.5100""}"
KXBTC15M-26APR280430-30,a0fcd45d-d675-58b1-ee67-e7e6cb05230b,1777364133,0.5,0.23,no,"{""count_fp"":""0.23"",""created_time"":""2026-04-28T08:15:33.964223Z"",""no_price_dollars"":""0.5000"",""taker_side"":""no"",""ticker"":""KXBTC15M-26APR280430-30"",""trade_id"":""a0fcd45d-d675-58b1-ee67-e7e6cb05230b"",""yes_price_dollars"":""0.5000""}"
KXBTC15M-26APR280430-30,8a455757-68ce-5ccc-cc8e-8b0c0e54484c,1777364133,0.5,74.94,no,"{""count_fp"":""74.94"",""created_time"":""2026-04-28T08:15:33.964223Z"",""no_price_dollars"":""0.5000"",""taker_side"":""no"",""ticker"":""KXBTC15M-26APR280430-30"",""trade_id"":""8a455757-68ce-5ccc-cc8e-8b0c0e54484c"",""yes_price_dollars"":""0.5000""}"
KXBTC15M-26APR280430-30,07aed934-2e03-553e-dd5b-47f51c0077ec,1777364133,0.5,11.77,no,"{""count_fp"":""11.77"",""created_time"":""2026-04-28T08:15:33.964223Z"",""no_price_dollars"":""0.5000"",""taker_side"":""no"",""ticker"":""KXBTC15M-26APR280430-30"",""trade_id"":""07aed934-2e03-553e-dd5b-47f51c0077ec"",""yes_price_dollars"":""0.5000""}"
KXBTC15M-26APR280430-30,66f5ec16-67c2-48b4-6a93-e7ad9c9e0945,1777364133,0.51,10.0,no,"{""count_fp"":""10.00"",""created_time"":""2026-04-28T08:15:33.876395Z"",""no_price_dollars"":""0.4900"",""taker_side"":""no"",""ticker"":""KXBTC15M-26APR280430-30"",""trade_id"":""66f5ec16-67c2-48b4-6a93-e7ad9c9e0945"",""yes_price_dollars"":""0.5100""}"
KXBTC15M-26APR280430-30,66968260-29e7-43ae-6372-7145d0d812cb,1777364133,0.51,40.0,no,"{""count_fp"":""40.00"",""created_time"":""2026-04-28T08:15:33.876395Z"",""no_price_dollars"":""0.4900"",""taker_side"":""no"",""ticker"":""KXBTC15M-26APR280430-30"",""trade_id"":""66968260-29e7-43ae-6372-7145d0d812cb"",""yes_price_dollars"":""0.5100""}"
KXBTC15M-26APR280430-30,fcdc7e71-122f-42a4-7cf9-d8af65efb983,1777364133,0.52,5.68,yes,"{""count_fp"":""5.68"",""created_time"":""2026-04-28T08:15:33.670151Z"",""no_price_dollars"":""0.4800"",""taker_side"":""yes"",""ticker"":""KXBTC15M-26APR280430-30"",""trade_id"":""fcdc7e71-122f-42a4-7cf9-d8af65efb983"",""yes_price_dollars"":""0.5200""}"
KXBTC15M-26APR280430-30,d4b6cfaa-f17f-4715-7d66-c4cc490f3755,1777364133,0.53,20.0,yes,"{""count_fp"":""20.00"",""created_time"":""2026-04-28T08:15:33.670151Z"",""no_price_dollars"":""0.4700"",""taker_side"":""yes"",""ticker"":""KXBTC15M-26APR280430-30"",""trade_id"":""d4b6cfaa-f17f-4715-7d66-c4cc490f3755"",""yes_price_dollars"":""0.5300""}"
KXBTC15M-26APR280430-30,c612e89f-73ba-4b79-5829-972ae7a1ef4f,1777364133,0.53,21.39,yes,"{""count_fp"":""21.39"",""created_time"":""2026-04-28T08:15:33.670151Z"",""no_price_dollars"":""0.4700"",""taker_side"":""yes"",""ticker"":""KXBTC15M-26APR280430-30"",""trade_id"":""c612e89f-73ba-4b79-5829-972ae7a1ef4f"",""yes_price_dollars"":""0.5300""}"
KXBTC15M-26APR280430-30,9ea1efd0-0b69-4971-5e24-110f55300db6,1777364133,0.52,3.0,yes,"{""count_fp"":""3.00"",""created_time"":""2026-04-28T08:15:33.670151Z"",""no_price_dollars"":""0.4800"",""taker_side"":""yes"",""ticker"":""KXBTC15M-26APR280430-30"",""trade_id"":""9ea1efd0-0b69-4971-5e24-110f55300db6"",""yes_price_dollars"":""0.5200""}"
KXBTC15M-26APR280430-30,5aed4ea1-7ba8-4caf-77a6-c826dc0d5929,1777364133,0.52,27.0,yes,"{""count_fp"":""27.00"",""created_time"":""2026-04-28T08:15:33.670151Z"",""no_price_dollars"":""0.4800"",""taker_side"":""yes"",""ticker"":""KXBTC15M-26APR280430-30"",""trade_id"":""5aed4ea1-7ba8-4caf-77a6-c826dc0d5929"",""yes_price_dollars"":""0.5200""}"
KXBTC15M-26APR280430-30,55aeb1a7-dfe7-441e-7425-e68bc78c27ab,1777364133,0.52,12.22,yes,"{""count_fp"":""12.22"",""created_time"":""2026-04-28T08:15:33.670151Z"",""no_price_dollars"":""0.4800"",""taker_side"":""yes"",""ticker"":""KXBTC15M-26APR280430-30"",""trade_id"":""55aeb1a7-dfe7-441e-7425-e68bc78c27ab"",""yes_price_dollars"":""0.5200""}"
KXBTC15M-26APR280430-30,d5cd19d0-4a1b-7cf0-a3c9-85a8cb354747,1777364133,0.52,0.25,yes,"{""count_fp"":""0.25"",""created_time"":""2026-04-28T08:15:33.599127Z"",""no_price_dollars"":""0.4800"",""taker_side"":""yes"",""ticker"":""KXBTC15M-26APR280430-30"",""trade_id"":""d5cd19d0-4a1b-7cf0-a3c9-85a8cb354747"",""yes_price_dollars"":""0.5200""}"
KXBTC15M-26APR280430-30,9b20d8f7-bb93-5868-d569-876b4c45e1ab,1777364133,0.52,5.58,yes,"{""count_fp"":""5.58"",""created_time"":""2026-04-28T08:15:33.577344Z"",""no_price_dollars"":""0.4800"",""taker_side"":""yes"",""ticker"":""KXBTC15M-26APR280430-30"",""trade_id"":""9b20d8f7-bb93-5868-d569-876b4c45e1ab"",""yes_price_dollars"":""0.5200""}"
KXBTC15M-26APR280430-30,aa96f81e-4677-6b82-d010-2c8eadc0d7d9,1777364133,0.51,2.0,yes,"{""count_fp"":""2.00"",""created_time"":""2026-04-28T08:15:33.318449Z"",""no_price_dollars"":""0.4900"",""taker_side"":""yes"",""ticker"":""KXBTC15M-26APR280430-30"",""trade_id"":""aa96f81e-4677-6b82-d010-2c8eadc0d7d9"",""yes_price_dollars"":""0.5100""}"
KXBTC15M-26APR280430-30,a6552c29-5e63-6dd4-c064-9fd61e96b3f7,1777364133,0.52,28.49,yes,"{""count_fp"":""28.49"",""created_time"":""2026-04-28T08:15:33.318449Z"",""no_price_dollars"":""0.4800"",""taker_side"":""yes"",""ticker"":""KXBTC15M-26APR280430-30"",""trade_id"":""a6552c29-5e63-6dd4-c064-9fd61e96b3f7"",""yes_price_dollars"":""0.5200""}"
KXBTC15M-26APR280430-30,032751fb-a1b9-69e3-c15a-c44b5f499d51,1777364133,0.51,3.0,yes,"{""count_fp"":""3.00"",""created_time"":""2026-04-28T08:15:33.318449Z"",""no_price_dollars"":""0.4900"",""taker_side"":""yes"",""ticker"":""KXBTC15M-26APR280430-30"",""trade_id"":""032751fb-a1b9-69e3-c15a-c44b5f499d51"",""yes_price_dollars"":""0.5100""}"
KXBTC15M-26APR280430-30,8499c4c6-0387-7f16-4d5d-646447a58d88,1777364133,0.5,1.0,no,"{""count_fp"":""1.00"",""created_time"":""2026-04-28T08:15:33.075432Z"",""no_price_dollars"":""0.5000"",""taker_side"":""no"",""ticker"":""KXBTC15M-26APR280430-30"",""trade_id"":""8499c4c6-0387-7f16-4d5d-646447a58d88"",""yes_price_dollars"":""0.5000""}"
KXBTC15M-26APR280430-30,fe87935a-779a-5d04-f4dd-c367f1272630,1777364134,0.5,60.08,no,"{""count_fp"":""60.08"",""created_time"":""2026-04-28T08:15:34.864978Z"",""no_price_dollars"":""0.5000"",""taker_side"":""no"",""ticker"":""KXBTC15M-26APR280430-30"",""trade_id"":""fe87935a-779a-5d04-f4dd-c367f1272630"",""yes_price_dollars"":""0.5000""}"
KXBTC15M-26APR280430-30,c0547a92-42ba-7870-6f0f-5260c32cbd40,1777364134,0.5,49.92,no,"{""count_fp"":""49.92"",""created_time"":""2026-04-28T08:15:34.859051Z"",""no_price_dollars"":""0.5000"",""taker_side"":""no"",""ticker"":""KXBTC15M-26APR280430-30"",""trade_id"":""c0547a92-42ba-7870-6f0f-5260c32cbd40"",""yes_price_dollars"":""0.5000""}"
KXBTC15M-26APR280430-30,07510354-f726-44bc-2f14-52d95a0c524c,1777364134,0.5,1.93,no,"{""count_fp"":""1.93"",""created_time"":""2026-04-28T08:15:34.716425Z"",""no_price_dollars"":""0.5000"",""taker_side"":""no"",""ticker"":""KXBTC15M-26APR280430-30"",""trade_id"":""07510354-f726-44bc-2f14-52d95a0c524c"",""yes_price_dollars"":""0.5000""}"
KXBTC15M-26APR280430-30,c51df781-6541-5b07-fec7-7df1527c894a,1777364134,0.51,18.95,yes,"{""count_fp"":""18.95"",""created_time"":""2026-04-28T08:15:34.614241Z"",""no_price_dollars"":""0.4900"",""taker_side"":""yes"",""ticker"":""KXBTC15M-26APR280430-30"",""trade_id"":""c51df781-6541-5b07-fec7-7df1527c894a"",""yes_price_dollars"":""0.5100""}"
KXBTC15M-26APR280430-30,7b713a12-b5e1-5783-01a8-dcd7616015d6,1777364134,0.51,93.02,yes,"{""count_fp"":""93.02"",""created_time"":""2026-04-28T08:15:34.608754Z"",""no_price_dollars"":""0.4900"",""taker_side"":""yes"",""ticker"":""KXBTC15M-26APR280430-30"",""trade_id"":""7b713a12-b5e1-5783-01a8-dcd7616015d6"",""yes_price_dollars"":""0.5100""}"
KXBTC15M-26APR280430-30,d013ec43-fa75-75db-1bb5-bd72f35cd1f2,1777364134,0.51,2.0,yes,"{""count_fp"":""2.00"",""created_time"":""2026-04-28T08:15:34.397942Z"",""no_price_dollars"":""0.4900"",""taker_side"":""yes"",""ticker"":""KXBTC15M-26APR280430-30"",""trade_id"":""d013ec43-fa75-75db-1bb5-bd72f35cd1f2"",""yes_price_dollars"":""0.5100""}"
KXBTC15M-26APR280430-30,153d4cfc-f18e-70bf-01a0-0c2e4dc151c1,1777364134,0.51,3.0,yes,"{""count_fp"":""3.00"",""created_time"":""2026-04-28T08:15:34.397942Z"",""no_price_dollars"":""0.4900"",""taker_side"":""yes"",""ticker"":""KXBTC15M-26APR280430-30"",""trade_id"":""153d4cfc-f18e-70bf-01a0-0c2e4dc151c1"",""yes_price_dollars"":""0.5100""}"
KXBTC15M-26APR280430-30,c2867c5a-65c6-5708-830c-6309facc6250,1777364134,0.5,21.42,no,"{""count_fp"":""21.42"",""created_time"":""2026-04-28T08:15:34.395149Z"",""no_price_dollars"":""0.5000"",""taker_side"":""no"",""ticker"":""KXBTC15M-26APR280430-30"",""trade_id"":""c2867c5a-65c6-5708-830c-6309facc6250"",""yes_price_dollars"":""0.5000""}"
KXBTC15M-26APR280430-30,fdcff22f-24f6-5814-50b5-8519a500c5fc,1777364134,0.5,21.38,no,"{""count_fp"":""21.38"",""created_time"":""2026-04-28T08:15:34.349409Z"",""no_price_dollars"":""0.5000"",""taker_side"":""no"",""ticker"":""KXBTC15M-26APR280430-30"",""trade_id"":""fdcff22f-24f6-5814-50b5-8519a500c5fc"",""yes_price_dollars"":""0.5000""}"
KXBTC15M-26APR280430-30,9bd16d31-f455-50af-59a8-6a7205bce1d2,1777364135,0.51,94.78,yes,"{""count_fp"":""94.78"",""created_time"":""2026-04-28T08:15:35.926046Z"",""no_price_dollars"":""0.4900"",""taker_side"":""yes"",""ticker"":""KXBTC15M-26APR280430-30"",""trade_id"":""9bd16d31-f455-50af-59a8-6a7205bce1d2"",""yes_price_dollars"":""0.5100""}"
KXBTC15M-26APR280430-30,58ab9e1d-315e-70b4-7541-3ea235c79700,1777364135,0.5,21.1,no,"{""count_fp"":""21.10"",""created_time"":""2026-04-28T08:15:35.604865Z"",""no_price_dollars"":""0.5000"",""taker_side"":""no"",""ticker"":""KXBTC15M-26APR280430-30"",""trade_id"":""58ab9e1d-315e-70b4-7541-3ea235c79700"",""yes_price_dollars"":""0.5000""}"
KXBTC15M-26APR280430-30,d4cfd894-1759-47fb-4a19-ec6bcbe732ce,1777364135,0.51,9.39,yes,"{""count_fp"":""9.39"",""created_time"":""2026-04-28T08:15:35.256815Z"",""no_price_dollars"":""0.4900"",""taker_side"":""yes"",""ticker"":""KXBTC15M-26APR280430-30"",""trade_id"":""d4cfd894-1759-47fb-4a19-ec6bcbe732ce"",""yes_price_dollars"":""0.5100""}"
KXBTC15M-26APR280430-30,5e5c9d9f-73d2-6ae4-19d3-41c0ce27de64,1777364136,0.5,28.98,no,"{""count_fp"":""28.98"",""created_time"":""2026-04-28T08:15:36.941677Z"",""no_price_dollars"":""0.5000"",""taker_side"":""no"",""ticker"":""KXBTC15M-26APR280430-30"",""trade_id"":""5e5c9d9f-73d2-6ae4-19d3-41c0ce27de64"",""yes_price_dollars"":""0.5000""}"
KXBTC15M-26APR280430-30,5e68771e-c275-62b2-f40b-2479debcc56c,1777364136,0.51,5.68,yes,"{""count_fp"":""5.68"",""created_time"":""2026-04-28T08:15:36.915717Z"",""no_price_dollars"":""0.4900"",""taker_side"":""yes"",""ticker"":""KXBTC15M-26APR280430-30"",""trade_id"":""5e68771e-c275-62b2-f40b-2479debcc56c"",""yes_price_dollars"":""0.5100""}"
KXBTC15M-26APR280430-30,8480e034-b84a-7458-da13-d279b2b7152c,1777364136,0.5,10.43,no,"{""count_fp"":""10.43"",""created_time"":""2026-04-28T08:15:36.823037Z"",""no_price_dollars"":""0.5000"",""taker_side"":""no"",""ticker"":""KXBTC15M-26APR280430-30"",""trade_id"":""8480e034-b84a-7458-da13-d279b2b7152c"",""yes_price_dollars"":""0.5000""}"
KXBTC15M-26APR280430-30,7f3cfbed-704d-7d4e-5972-85fc29c310b4,1777364136,0.51,29.63,yes,"{""count_fp"":""29.63"",""created_time"":""2026-04-28T08:15:36.398799Z"",""no_price_dollars"":""0.4900"",""taker_side"":""yes"",""ticker"":""KXBTC15M-26APR280430-30"",""trade_id"":""7f3cfbed-704d-7d4e-5972-85fc29c310b4"",""yes_price_dollars"":""0.5100""}"
KXBTC15M-26APR280430-30,8cc5a356-b259-559b-2dbc-4da17970a876,1777364136,0.51,189.57,yes,"{""count_fp"":""189.57"",""created_time"":""2026-04-28T08:15:36.149628Z"",""no_price_dollars"":""0.4900"",""taker_side"":""yes"",""ticker"":""KXBTC15M-26APR280430-30"",""trade_id"":""8cc5a356-b259-559b-2dbc-4da17970a876"",""yes_price_dollars"":""0.5100""}"
KXBTC15M-26APR280430-30,fd8a1490-2d2c-6096-4c2b-338fc0344adf,1777364137,0.5,1.0,yes,"{""count_fp"":""1.00"",""created_time"":""2026-04-28T08:15:37.951953Z"",""no_price_dollars"":""0.5000"",""taker_side"":""yes"",""ticker"":""KXBTC15M-26APR280430-30"",""trade_id"":""fd8a1490-2d2c-6096-4c2b-338fc0344adf"",""yes_price_dollars"":""0.5000""}"
KXBTC15M-26APR280430-30,fdfdb576-9f4a-5c97-5041-ef677e7e7212,1777364137,0.5,40.0,no,"{""count_fp"":""40.00"",""created_time"":""2026-04-28T08:15:37.644987Z"",""no_price_dollars"":""0.5000"",""taker_side"":""no"",""ticker"":""KXBTC15M-26APR280430-30"",""trade_id"":""fdfdb576-9f4a-5c97-5041-ef677e7e7212"",""yes_price_dollars"":""0.5000""}"
KXBTC15M-26APR280430-30,dfa8b0da-b95b-5d87-4007-e461eede4b91,1777364137,0.49,2.0,no,"{""count_fp"":""2.00"",""created_time"":""2026-04-28T08:15:37.644987Z"",""no_price_dollars"":""0.5100"",""taker_side"":""no"",""ticker"":""KXBTC15M-26APR280430-30"",""trade_id"":""dfa8b0da-b95b-5d87-4007-e461eede4b91"",""yes_price_dollars"":""0.4900""}"
KXBTC15M-26APR280430-30,cf1dc821-6891-5503-76bf-c96bdaba16e7,1777364137,0.47,1.0,no,"{""count_fp"":""1.00"",""created_time"":""2026-04-28T08:15:37.644987Z"",""no_price_dollars"":""0.5300"",""taker_side"":""no"",""ticker"":""KXBTC15M-26APR280430-30"",""trade_id"":""cf1dc821-6891-5503-76bf-c96bdaba16e7"",""yes_price_dollars"":""0.4700""}"
KXBTC15M-26APR280430-30,b60da4ec-b01b-5a5f-5444-aa2f4d224fc7,1777364137,0.47,20.0,no,"{""count_fp"":""20.00"",""created_time"":""2026-04-28T08:15:37.644987Z"",""no_price_dollars"":""0.5300"",""taker_side"":""no"",""ticker"":""KXBTC15M-26APR280430-30"",""trade_id"":""b60da4ec-b01b-5a5f-5444-aa2f4d224fc7"",""yes_price_dollars"":""0.4700""}"
KXBTC15M-26APR280430-30,a91fe3a8-4f7a-5e80-6296-8c4fe119e32c,1777364137,0.5,709.82,no,"{""count_fp"":""709.82"",""created_time"":""2026-04-28T08:15:37.644987Z"",""no_price_dollars"":""0.5000"",""taker_side"":""no"",""ticker"":""KXBTC15M-26APR280430-30"",""trade_id"":""a91fe3a8-4f7a-5e80-6296-8c4fe119e32c"",""yes_price_dollars"":""0.5000""}"
KXBTC15M-26APR280430-30,a5e7e7bd-fcde-5175-72ef-2fbcbf7bc007,1777364137,0.49,40.0,no,"{""count_fp"":""40.00"",""created_time"":""2026-04-28T08:15:37.644987Z"",""no_price_dollars"":""0.5100"",""taker_side"":""no"",""ticker"":""KXBTC15M-26APR280430-30"",""trade_id"":""a5e7e7bd-fcde-5175-72ef-2fbcbf7bc007"",""yes_price_dollars"":""0.4900""}"
KXBTC15M-26APR280430-30,a0d0762e-fc2e-50fa-4cd0-736bdf8e9679,1777364137,0.48,2.0,no,"{""count_fp"":""2.00"",""created_time"":""2026-04-28T08:15:37.644987Z"",""no_price_dollars"":""0.5200"",""taker_side"":""no"",""ticker"":""KXBTC15M-26APR280430-30"",""trade_id"":""a0d0762e-fc2e-50fa-4cd0-736bdf8e9679"",""yes_price_dollars"":""0.4800""}"
KXBTC15M-26APR280430-30,9ee39fcb-3bac-5b2c-63f9-f4a17ed249f8,1777364137,0.5,1.0,no,"{""count_fp"":""1.00"",""created_time"":""2026-04-28T08:15:37.644987Z"",""no_price_dollars"":""0.5000"",""taker_side"":""no"",""ticker"":""KXBTC15M-26APR280430-30"",""trade_id"":""9ee39fcb-3bac-5b2c-63f9-f4a17ed249f8"",""yes_price_dollars"":""0.5000""}"
KXBTC15M-26APR280430-30,8db6034f-247b-53d4-544e-b674960ed1ae,1777364137,0.48,40.0,no,"{""count_fp"":""40.00"",""created_time"":""2026-04-28T08:15:37.644987Z"",""no_price_dollars"":""0.5200"",""taker_side"":""no"",""ticker"":""KXBTC15M-26APR280430-30"",""trade_id"":""8db6034f-247b-53d4-544e-b674960ed1ae"",""yes_price_dollars"":""0.4800""}"
KXBTC15M-26APR280430-30,833b5e71-5755-50d2-5551-9cf5ba5f854a,1777364137,0.48,5.0,no,"{""count_fp"":""5.00"",""created_time"":""2026-04-28T08:15:37.644987Z"",""no_price_dollars"":""0.5200"",""taker_side"":""no"",""ticker"":""KXBTC15M-26APR280430-30"",""trade_id"":""833b5e71-5755-50d2-5551-9cf5ba5f854a"",""yes_price_dollars"":""0.4800""}"
KXBTC15M-26APR280430-30,6a8561ff-3bc2-5d17-71ef-e0c25058aba2,1777364137,0.47,934.51,no,"{""count_fp"":""934.51"",""created_time"":""2026-04-28T08:15:37.644987Z"",""no_price_dollars"":""0.5300"",""taker_side"":""no"",""ticker"":""KXBTC15M-26APR280430-30"",""trade_id"":""6a8561ff-3bc2-5d17-71ef-e0c25058aba2"",""yes_price_dollars"":""0.4700""}"
KXBTC15M-26APR280430-30,61bb412e-d28f-5472-7c08-6592e81285d2,1777364137,0.48,10.0,no,"{""count_fp"":""10.00"",""created_time"":""2026-04-28T08:15:37.644987Z"",""no_price_dollars"":""0.5200"",""taker_side"":""no"",""ticker"":""KXBTC15M-26APR280430-30"",""trade_id"":""61bb412e-d28f-5472-7c08-6592e81285d2"",""yes_price_dollars"":""0.4800""}"
KXBTC15M-26APR280430-30,30676f9f-a052-5579-4587-72f8b99728bc,1777364137,0.48,3.0,no,"{""count_fp"":""3.00"",""created_time"":""2026-04-28T08:15:37.644987Z"",""no_price_dollars"":""0.5200"",""taker_side"":""no"",""ticker"":""KXBTC15M-26APR280430-30"",""trade_id"":""30676f9f-a052-5579-4587-72f8b99728bc"",""yes_price_dollars"":""0.4800""}"
KXBTC15M-26APR280430-30,2ad3fc2d-a25c-5ee7-6e23-a4b68a3db136,1777364137,0.47,3.0,no,"{""count_fp"":""3.00"",""created_time"":""2026-04-28T08:15:37.644987Z"",""no_price_dollars"":""0.5300"",""taker_side"":""no"",""ticker"":""KXBTC15M-26APR280430-30"",""trade_id"":""2ad3fc2d-a25c-5ee7-6e23-a4b68a3db136"",""yes_price_dollars"":""0.4700""}"
KXBTC15M-26APR280430-30,1de1465a-9e9e-5bc5-636c-fcfc1b97c3d0,1777364137,0.47,40.0,no,"{""count_fp"":""40.00"",""created_time"":""2026-04-28T08:15:37.644987Z"",""no_price_dollars"":""0.5300"",""taker_side"":""no"",""ticker"":""KXBTC15M-26APR280430-30"",""trade_id"":""1de1465a-9e9e-5bc5-636c-fcfc1b97c3d0"",""yes_price_dollars"":""0.4700""}"
KXBTC15M-26APR280430-30,dbd6a705-55ec-66a0-1ac2-7181173d82b1,1777364138,0.52,5.0,yes,"{""count_fp"":""5.00"",""created_time"":""2026-04-28T08:15:38.874034Z"",""no_price_dollars"":""0.4800"",""taker_side"":""yes"",""ticker"":""KXBTC15M-26APR280430-30"",""trade_id"":""dbd6a705-55ec-66a0-1ac2-7181173d82b1"",""yes_price_dollars"":""0.5200""}"
KXBTC15M-26APR280430-30,6c54c5a0-6432-699a-337d-abfaa0e14564,1777364138,0.52,3.0,yes,"{""count_fp"":""3.00"",""created_time"":""2026-04-28T08:15:38.874034Z"",""no_price_dollars"":""0.4800"",""taker_side"":""yes"",""ticker"":""KXBTC15M-26APR280430-30"",""trade_id"":""6c54c5a0-6432-699a-337d-abfaa0e14564"",""yes_price_dollars"":""0.5200""}"
KXBTC15M-26APR280430-30,231af6b5-f80b-6205-0086-807a0df48a4d,1777364138,0.52,10.57,yes,"{""count_fp"":""10.57"",""created_time"":""2026-04-28T08:15:38.874034Z"",""no_price_dollars"":""0.4800"",""taker_side"":""yes"",""ticker"":""KXBTC15M-26APR280430-30"",""trade_id"":""231af6b5-f80b-6205-0086-807a0df48a4d"",""yes_price_dollars"":""0.5200""}"
KXBTC15M-26APR280430-30,d86aed9f-501f-4378-be32-780f45f7895e,1777364138,0.51,7.88,no,"{""count_fp"":""7.88"",""created_time"":""2026-04-28T08:15:38.825553Z"",""no_price_dollars"":""0.4900"",""taker_side"":""no"",""ticker"":""KXBTC15M-26APR280430-30"",""trade_id"":""d86aed9f-501f-4378-be32-780f45f7895e"",""yes_price_dollars"":""0.5100""}"
KXBTC15M-26APR280430-30,fc7571b4-c146-559c-c0e4-a5b306e02fb9,1777364138,0.51,3.0,yes,"{""count_fp"":""3.00"",""created_time"":""2026-04-28T08:15:38.076015Z"",""no_price_dollars"":""0.4900"",""taker_side"":""yes"",""ticker"":""KXBTC15M-26APR280430-30"",""trade_id"":""fc7571b4-c146-559c-c0e4-a5b306e02fb9"",""yes_price_dollars"":""0.5100""}"
KXBTC15M-26APR280430-30,e0282c97-5dab-54a6-faaa-20e2a3cabcb7,1777364138,0.51,3.0,yes,"{""count_fp"":""3.00"",""created_time"":""2026-04-28T08:15:38.076015Z"",""no_price_dollars"":""0.4900"",""taker_side"":""yes"",""ticker"":""KXBTC15M-26APR280430-30"",""trade_id"":""e0282c97-5dab-54a6-faaa-20e2a3cabcb7"",""yes_price_dollars"":""0.5100""}"
KXBTC15M-26APR280430-30,0b4c4c48-77e0-5ce2-5a5e-4a6822a0d2ed,1777364138,0.5,1.0,yes,"{""count_fp"":""1.00"",""created_time"":""2026-04-28T08:15:38.061789Z"",""no_price_dollars"":""0.5000"",""taker_side"":""yes"",""ticker"":""KXBTC15M-26APR280430-30"",""trade_id"":""0b4c4c48-77e0-5ce2-5a5e-4a6822a0d2ed"",""yes_price_dollars"":""0.5000""}"
KXBTC15M-26APR280430-30,78430b4e-9e05-601b-5916-a8b14527f021,1777364139,0.52,18.57,yes,"{""count_fp"":""18.57"",""created_time"":""2026-04-28T08:15:39.187188Z"",""no_price_dollars"":""0.4800"",""taker_side"":""yes"",""ticker"":""KXBTC15M-26APR280430-30"",""trade_id"":""78430b4e-9e05-601b-5916-a8b14527f021"",""yes_price_dollars"":""0.5200""}"
KXBTC15M-26APR280430-30,1213bc0a-38d3-4e1c-f43b-326e3f63111e,1777364140,0.51,1.0,no,"{""count_fp"":""1.00"",""created_time"":""2026-04-28T08:15:40.650485Z"",""no_price_dollars"":""0.4900"",""taker_side"":""no"",""ticker"":""KXBTC15M-26APR280430-30"",""trade_id"":""1213bc0a-38d3-4e1c-f43b-326e3f63111e"",""yes_price_dollars"":""0.5100""}"
KXBTC15M-26APR280430-30,351d14d3-3b7e-501d-9930-525da628010f,1777364141,0.53,1.0,yes,"{""count_fp"":""1.00"",""created_time"":""2026-04-28T08:15:41.614421Z"",""no_price_dollars"":""0.4700"",""taker_side"":""yes"",""ticker"":""KXBTC15M-26APR280430-30"",""trade_id"":""351d14d3-3b7e-501d-9930-525da628010f"",""yes_price_dollars"":""0.5300""}"
KXBTC15M-26APR280430-30,bf8df1aa-1c72-6dba-3ed3-b4e7daa89690,1777364142,0.53,0.05,no,"{""count_fp"":""0.05"",""created_time"":""2026-04-28T08:15:42.972602Z"",""no_price_dollars"":""0.4700"",""taker_side"":""no"",""ticker"":""KXBTC15M-26APR280430-30"",""trade_id"":""bf8df1aa-1c72-6dba-3ed3-b4e7daa89690"",""yes_price_dollars"":""0.5300""}"
KXBTC15M-26APR280430-30,91f9c803-b163-64ee-3b9c-640c5d413165,1777364142,0.53,3.0,no,"{""count_fp"":""3.00"",""created_time"":""2026-04-28T08:15:42.972602Z"",""no_price_dollars"":""0.4700"",""taker_side"":""no"",""ticker"":""KXBTC15M-26APR280430-30"",""trade_id"":""91f9c803-b163-64ee-3b9c-640c5d413165"",""yes_price_dollars"":""0.5300""}"
KXBTC15M-26APR280430-30,315878e0-46d0-67fa-2a39-a159677a1b5b,1777364142,0.53,40.0,no,"{""count_fp"":""40.00"",""created_time"":""2026-04-28T08:15:42.972602Z"",""no_price_dollars"":""0.4700"",""taker_side"":""no"",""ticker"":""KXBTC15M-26APR280430-30"",""trade_id"":""315878e0-46d0-67fa-2a39-a159677a1b5b"",""yes_price_dollars"":""0.5300""}"
KXBTC15M-26APR280430-30,17bc400b-7262-678b-24bb-8c051ee5a125,1777364142,0.53,20.0,no,"{""count_fp"":""20.00"",""created_time"":""2026-04-28T08:15:42.972602Z"",""no_price_dollars"":""0.4700"",""taker_side"":""no"",""ticker"":""KXBTC15M-26APR280430-30"",""trade_id"":""17bc400b-7262-678b-24bb-8c051ee5a125"",""yes_price_dollars"":""0.5300""}"
KXBTC15M-26APR280430-30,e8c1abd0-24ef-4401-989b-cf4300297b72,1777364142,0.54,1.0,yes,"{""count_fp"":""1.00"",""created_time"":""2026-04-28T08:15:42.746392Z"",""no_price_dollars"":""0.4600"",""taker_side"":""yes"",""ticker"":""KXBTC15M-26APR280430-30"",""trade_id"":""e8c1abd0-24ef-4401-989b-cf4300297b72"",""yes_price_dollars"":""0.5400""}"
KXBTC15M-26APR280430-30,daba11dd-5a2b-4c52-87e3-1e49cf3f8b71,1777364142,0.55,28.36,yes,"{""count_fp"":""28.36"",""created_time"":""2026-04-28T08:15:42.746392Z"",""no_price_dollars"":""0.4500"",""taker_side"":""yes"",""ticker"":""KXBTC15M-26APR280430-30"",""trade_id"":""daba11dd-5a2b-4c52-87e3-1e49cf3f8b71"",""yes_price_dollars"":""0.5500""}"
KXBTC15M-26APR280430-30,a5d30892-f9cb-4049-8831-7caf875dc62f,1777364142,0.54,3.0,yes,"{""count_fp"":""3.00"",""created_time"":""2026-04-28T08:15:42.746392Z"",""no_price_dollars"":""0.4600"",""taker_side"":""yes"",""ticker"":""KXBTC15M-26APR280430-30"",""trade_id"":""a5d30892-f9cb-4049-8831-7caf875dc62f"",""yes_price_dollars"":""0.5400""}"
KXBTC15M-26APR280430-30,0a0c9320-9b76-440c-9f0e-f316b5494169,1777364142,0.53,11.96,yes,"{""count_fp"":""11.96"",""created_time"":""2026-04-28T08:15:42.746392Z"",""no_price_dollars"":""0.4700"",""taker_side"":""yes"",""ticker"":""KXBTC15M-26APR280430-30"",""trade_id"":""0a0c9320-9b76-440c-9f0e-f316b5494169"",""yes_price_dollars"":""0.5300""}"
KXBTC15M-26APR280430-30,f23445cc-4d30-7ce5-427d-b642ff9fdade,1777364142,0.53,2.96,yes,"{""count_fp"":""2.96"",""created_time"":""2026-04-28T08:15:42.701598Z"",""no_price_dollars"":""0.4700"",""taker_side"":""yes"",""ticker"":""KXBTC15M-26APR280430-30"",""trade_id"":""f23445cc-4d30-7ce5-427d-b642ff9fdade"",""yes_price_dollars"":""0.5300""}"
KXBTC15M-26APR280430-30,68088b3e-d8ba-7d68-4726-0665337e182d,1777364142,0.53,6.04,yes,"{""count_fp"":""6.04"",""created_time"":""2026-04-28T08:15:42.701598Z"",""no_price_dollars"":""0.4700"",""taker_side"":""yes"",""ticker"":""KXBTC15M-26APR280430-30"",""trade_id"":""68088b3e-d8ba-7d68-4726-0665337e182d"",""yes_price_dollars"":""0.5300""}"
KXBTC15M-26APR280430-30,f07a7aa1-a47c-4519-5505-65eb7a7514de,1777364142,0.53,21.02,yes,"{""count_fp"":""21.02"",""created_time"":""2026-04-28T08:15:42.634954Z"",""no_price_dollars"":""0.4700"",""taker_side"":""yes"",""ticker"":""KXBTC15M-26APR280430-30"",""trade_id"":""f07a7aa1-a47c-4519-5505-65eb7a7514de"",""yes_price_dollars"":""0.5300""}"
KXBTC15M-26APR280430-30,89b48a30-abd3-7827-35b4-dd3138acfd11,1777364142,0.53,3.0,yes,"{""count_fp"":""3.00"",""created_time"":""2026-04-28T08:15:42.619745Z"",""no_price_dollars"":""0.4700"",""taker_side"":""yes"",""ticker"":""KXBTC15M-26APR280430-30"",""trade_id"":""89b48a30-abd3-7827-35b4-dd3138acfd11"",""yes_price_dollars"":""0.5300""}"
KXBTC15M-26APR280430-30,4a14e6a8-119c-76fd-082d-9b93419ee3ae,1777364142,0.53,18.02,yes,"{""count_fp"":""18.02"",""created_time"":""2026-04-28T08:15:42.619745Z"",""no_price_dollars"":""0.4700"",""taker_side"":""yes"",""ticker"":""KXBTC15M-26APR280430-30"",""trade_id"":""4a14e6a8-119c-76fd-082d-9b93419ee3ae"",""yes_price_dollars"":""0.5300""}"
KXBTC15M-26APR280430-30,b7d354ef-68fe-69ae-2ad0-0cd55928cc59,1777364143,0.54,1.0,yes,"{""count_fp"":""1.00"",""created_time"":""2026-04-28T08:15:43.957582Z"",""no_price_dollars"":""0.4600"",""taker_side"":""yes"",""ticker"":""KXBTC15M-26APR280430-30"",""trade_id"":""b7d354ef-68fe-69ae-2ad0-0cd55928cc59"",""yes_price_dollars"":""0.5400""}"
KXBTC15M-26APR280430-30,26fc2fb6-31af-667e-1137-6c6931da0fed,1777364143,0.55,11.0,yes,"{""count_fp"":""11.00"",""created_time"":""2026-04-28T08:15:43.957582Z"",""no_price_dollars"":""0.4500"",""taker_side"":""yes"",""ticker"":""KXBTC15M-26APR280430-30"",""trade_id"":""26fc2fb6-31af-667e-1137-6c6931da0fed"",""yes_price_dollars"":""0.5500""}"
KXBTC15M-26APR280430-30,fde49427-30ef-6665-627e-f46ade126a60,1777364144,0.54,1.0,no,"{""count_fp"":""1.00"",""created_time"":""2026-04-28T08:15:44.078656Z"",""no_price_dollars"":""0.4600"",""taker_side"":""no"",""ticker"":""KXBTC15M-26APR280430-30"",""trade_id"":""fde49427-30ef-6665-627e-f46ade126a60"",""yes_price_dollars"":""0.5400""}"
KXBTC15M-26APR280430-30,c1cc8f94-130e-4b4c-7c94-e0671a8bf8c7,1777364146,0.55,8.23,yes,"{""count_fp"":""8.23"",""created_time"":""2026-04-28T08:15:46.323549Z"",""no_price_dollars"":""0.4500"",""taker_side"":""yes"",""ticker"":""KXBTC15M-26APR280430-30"",""trade_id"":""c1cc8f94-130e-4b4c-7c94-e0671a8bf8c7"",""yes_price_dollars"":""0.5500""}"
KXBTC15M-26APR280430-30,8f76b193-9b62-4a3a-6f10-329847153286,1777364146,0.55,4.12,yes,"{""count_fp"":""4.12"",""created_time"":""2026-04-28T08:15:46.323549Z"",""no_price_dollars"":""0.4500"",""taker_side"":""yes"",""ticker"":""KXBTC15M-26APR280430-30"",""trade_id"":""8f76b193-9b62-4a3a-6f10-329847153286"",""yes_price_dollars"":""0.5500""}"
KXBTC15M-26APR280430-30,fc926fa7-ab4d-58de-c0b8-ccaeacac3899,1777364146,0.55,0.23,yes,"{""count_fp"":""0.23"",""created_time"":""2026-04-28T08:15:46.203833Z"",""no_price_dollars"":""0.4500"",""taker_side"":""yes"",""ticker"":""KXBTC15M-26APR280430-30"",""trade_id"":""fc926fa7-ab4d-58de-c0b8-ccaeacac3899"",""yes_price_dollars"":""0.5500""}"
KXBTC15M-26APR280430-30,cb18994d-00ab-5438-c0bb-192acef9a882,1777364146,0.55,3.0,yes,"{""count_fp"":""3.00"",""created_time"":""2026-04-28T08:15:46.203833Z"",""no_price_dollars"":""0.4500"",""taker_side"":""yes"",""ticker"":""KXBTC15M-26APR280430-30"",""trade_id"":""cb18994d-00ab-5438-c0bb-192acef9a882"",""yes_price_dollars"":""0.5500""}"
KXBTC15M-26APR280430-30,9dd3a103-b0c2-5ed4-e9bd-32f465eea373,1777364146,0.55,31.77,yes,"{""count_fp"":""31.77"",""created_time"":""2026-04-28T08:15:46.203833Z"",""no_price_dollars"":""0.4500"",""taker_side"":""yes"",""ticker"":""KXBTC15M-26APR280430-30"",""trade_id"":""9dd3a103-b0c2-5ed4-e9bd-32f465eea373"",""yes_price_dollars"":""0.5500""}"
KXBTC15M-26APR280430-30,049435ad-33d7-5901-e8da-11a9c2ce692a,1777364146,0.55,10.0,yes,"{""count_fp"":""10.00"",""created_time"":""2026-04-28T08:15:46.203833Z"",""no_price_dollars"":""0.4500"",""taker_side"":""yes"",""ticker"":""KXBTC15M-26APR280430-30"",""trade_id"":""049435ad-33d7-5901-e8da-11a9c2ce692a"",""yes_price_dollars"":""0.5500""}"
KXBTC15M-26APR280430-30,ba540ffb-ee6b-5fe5-90dc-1f7116c7276c,1777364146,0.54,0.2,no,"{""count_fp"":""0.20"",""created_time"":""2026-04-28T08:15:46.113796Z"",""no_price_dollars"":""0.4600"",""taker_side"":""no"",""ticker"":""KXBTC15M-26APR280430-30"",""trade_id"":""ba540ffb-ee6b-5fe5-90dc-1f7116c7276c"",""yes_price_dollars"":""0.5400""}"
KXBTC15M-26APR280430-30,dcb25cbc-55e7-598d-572d-3731d0088820,1777364146,0.54,0.22,no,"{""count_fp"":""0.22"",""created_time"":""2026-04-28T08:15:46.101864Z"",""no_price_dollars"":""0.4600"",""taker_side"":""no"",""ticker"":""KXBTC15M-26APR280430-30"",""trade_id"":""dcb25cbc-55e7-598d-572d-3731d0088820"",""yes_price_dollars"":""0.5400""}"
KXBTC15M-26APR280430-30,27862caa-c023-6d00-4fd6-7b65fd339c67,1777364147,0.54,6.28,no,"{""count_fp"":""6.28"",""created_time"":""2026-04-28T08:15:47.360251Z"",""no_price_dollars"":""0.4600"",""taker_side"":""no"",""ticker"":""KXBTC15M-26APR280430-30"",""trade_id"":""27862caa-c023-6d00-4fd6-7b65fd339c67"",""yes_price_dollars"":""0.5400""}"
KXBTC15M-26APR280430-30,fdb7ef87-29dd-6214-ea16-b0adb6964504,1777364147,0.54,1.0,no,"{""count_fp"":""1.00"",""created_time"":""2026-04-28T08:15:47.118949Z"",""no_price_dollars"":""0.4600"",""taker_side"":""no"",""ticker"":""KXBTC15M-26APR280430-30"",""trade_id"":""fdb7ef87-29dd-6214-ea16-b0adb6964504"",""yes_price_dollars"":""0.5400""}"
KXBTC15M-26APR280430-30,e6562d0e-7da3-68d1-f16f-9df3672873b4,1777364147,0.54,38.58,no,"{""count_fp"":""38.58"",""created_time"":""2026-04-28T08:15:47.118949Z"",""no_price_dollars"":""0.4600"",""taker_side"":""no"",""ticker"":""KXBTC15M-26APR280430-30"",""trade_id"":""e6562d0e-7da3-68d1-f16f-9df3672873b4"",""yes_price_dollars"":""0.5400""}"
KXBTC15M-26APR280430-30,d3c7dd6d-bde7-68c0-fa9b-dbfad98c513f,1777364147,0.54,2.05,no,"{""count_fp"":""2.05"",""created_time"":""2026-04-28T08:15:47.118949Z"",""no_price_dollars"":""0.4600"",""taker_side"":""no"",""ticker"":""KXBTC15M-26APR280430-30"",""trade_id"":""d3c7dd6d-bde7-68c0-fa9b-dbfad98c513f"",""yes_price_dollars"":""0.5400""}"
KXBTC15M-26APR280430-30,b318d187-58f3-773c-9c40-1b6bf9cd9a5b,1777364148,0.54,11.67,no,"{""count_fp"":""11.67"",""created_time"":""2026-04-28T08:15:48.343017Z"",""no_price_dollars"":""0.4600"",""taker_side"":""no"",""ticker"":""KXBTC15M-26APR280430-30"",""trade_id"":""b318d187-58f3-773c-9c40-1b6bf9cd9a5b"",""yes_price_dollars"":""0.5400""}"
KXBTC15M-26APR280430-30,a5364411-f77d-7ce4-8c48-002d87f7b391,1777364148,0.54,11.37,no,"{""count_fp"":""11.37"",""created_time"":""2026-04-28T08:15:48.343017Z"",""no_price_dollars"":""0.4600"",""taker_side"":""no"",""ticker"":""KXBTC15M-26APR280430-30"",""trade_id"":""a5364411-f77d-7ce4-8c48-002d87f7b391"",""yes_price_dollars"":""0.5400""}"
KXBTC15M-26APR280430-30,eb8ccb4b-600f-4fc5-2848-c94cbd7e65cc,1777364149,0.55,10.0,yes,"{""count_fp"":""10.00"",""created_time"":""2026-04-28T08:15:49.703964Z"",""no_price_dollars"":""0.4500"",""taker_side"":""yes"",""ticker"":""KXBTC15M-26APR280430-30"",""trade_id"":""eb8ccb4b-600f-4fc5-2848-c94cbd7e65cc"",""yes_price_dollars"":""0.5500""}"
KXBTC15M-26APR280430-30,d1244d4e-f504-431d-0b3e-b5c35a8da67b,1777364149,0.55,11.81,yes,"{""count_fp"":""11.81"",""created_time"":""2026-04-28T08:15:49.703964Z"",""no_price_dollars"":""0.4500"",""taker_side"":""yes"",""ticker"":""KXBTC15M-26APR280430-30"",""trade_id"":""d1244d4e-f504-431d-0b3e-b5c35a8da67b"",""yes_price_dollars"":""0.5500""}"
KXBTC15M-26APR280430-30,c0e5afc7-9e77-4de2-305e-cfe1028acd84,1777364149,0.55,10.0,yes,"{""count_fp"":""10.00"",""created_time"":""2026-04-28T08:15:49.703964Z"",""no_price_dollars"":""0.4500"",""taker_side"":""yes"",""ticker"":""KXBTC15M-26APR280430-30"",""trade_id"":""c0e5afc7-9e77-4de2-305e-cfe1028acd84"",""yes_price_dollars"":""0.5500""}"
KXBTC15M-26APR280430-30,bfb61e7e-89cf-41b1-3086-2c6787b22959,1777364149,0.55,15.0,yes,"{""count_fp"":""15.00"",""created_time"":""2026-04-28T08:15:49.703964Z"",""no_price_dollars"":""0.4500"",""taker_side"":""yes"",""ticker"":""KXBTC15M-26APR280430-30"",""trade_id"":""bfb61e7e-89cf-41b1-3086-2c6787b22959"",""yes_price_dollars"":""0.5500""}"
KXBTC15M-26APR280430-30,98225ca6-cf7b-42d1-1400-510f009e2eda,1777364149,0.56,3.0,yes,"{""count_fp"":""3.00"",""created_time"":""2026-04-28T08:15:49.703964Z"",""no_price_dollars"":""0.4400"",""taker_side"":""yes"",""ticker"":""KXBTC15M-26APR280430-30"",""trade_id"":""98225ca6-cf7b-42d1-1400-510f009e2eda"",""yes_price_dollars"":""0.5600""}"
KXBTC15M-26APR280430-30,976e9407-a36d-4279-3917-0aeedced8c84,1777364149,0.56,40.0,yes,"{""count_fp"":""40.00"",""created_time"":""2026-04-28T08:15:49.703964Z"",""no_price_dollars"":""0.4400"",""taker_side"":""yes"",""ticker"":""KXBTC15M-26APR280430-30"",""trade_id"":""976e9407-a36d-4279-3917-0aeedced8c84"",""yes_price_dollars"":""0.5600""}"
KXBTC15M-26APR280430-30,653a5b30-5b5f-4758-0cf8-f6fc712d9b2f,1777364149,0.56,20.0,yes,"{""count_fp"":""20.00"",""created_time"":""2026-04-28T08:15:49.703964Z"",""no_price_dollars"":""0.4400"",""taker_side"":""yes"",""ticker"":""KXBTC15M-26APR280430-30"",""trade_id"":""653a5b30-5b5f-4758-0cf8-f6fc712d9b2f"",""yes_price_dollars"":""0.5600""}"
KXBTC15M-26APR280430-30,47837c3e-544e-4bb8-29b3-5db0c7932852,1777364149,0.55,3.0,yes,"{""count_fp"":""3.00"",""created_time"":""2026-04-28T08:15:49.703964Z"",""no_price_dollars"":""0.4500"",""taker_side"":""yes"",""ticker"":""KXBTC15M-26APR280430-30"",""trade_id"":""47837c3e-544e-4bb8-29b3-5db0c7932852"",""yes_price_dollars"":""0.5500""}"
KXBTC15M-26APR280430-30,2b18875d-8350-4354-3d07-c1d41d39b39e,1777364149,0.55,20.0,yes,"{""count_fp"":""20.00"",""created_time"":""2026-04-28T08:15:49.703964Z"",""no_price_dollars"":""0.4500"",""taker_side"":""yes"",""ticker"":""KXBTC15M-26APR280430-30"",""trade_id"":""2b18875d-8350-4354-3d07-c1d41d39b39e"",""yes_price_dollars"":""0.5500""}"
KXBTC15M-26APR280430-30,080c0294-c0ac-46c8-0aa2-f9aae25bba9d,1777364149,0.56,67.19,yes,"{""count_fp"":""67.19"",""created_time"":""2026-04-28T08:15:49.703964Z"",""no_price_dollars"":""0.4400"",""taker_side"":""yes"",""ticker"":""KXBTC15M-26APR280430-30"",""trade_id"":""080c0294-c0ac-46c8-0aa2-f9aae25bba9d"",""yes_price_dollars"":""0.5600""}"
KXBTC15M-26APR280430-30,17eb4156-52b1-4b63-e898-b9be78a255c1,1777364149,0.55,33.81,yes,"{""count_fp"":""33.81"",""created_time"":""2026-04-28T08:15:49.693194Z"",""no_price_dollars"":""0.4500"",""taker_side"":""yes"",""ticker"":""KXBTC15M-26APR280430-30"",""trade_id"":""17eb4156-52b1-4b63-e898-b9be78a255c1"",""yes_price_dollars"":""0.5500""}"
KXBTC15M-26APR280430-30,020c1931-8108-4439-d4f6-0bc22a0ed8e3,1777364149,0.55,88.19,yes,"{""count_fp"":""88.19"",""created_time"":""2026-04-28T08:15:49.693194Z"",""no_price_dollars"":""0.4500"",""taker_side"":""yes"",""ticker"":""KXBTC15M-26APR280430-30"",""trade_id"":""020c1931-8108-4439-d4f6-0bc22a0ed8e3"",""yes_price_dollars"":""0.5500""}"
KXBTC15M-26APR280430-30,ab0a18fb-060d-4bcb-9d17-cb9373450675,1777364149,0.55,1.0,yes,"{""count_fp"":""1.00"",""created_time"":""2026-04-28T08:15:49.353052Z"",""no_price_dollars"":""0.4500"",""taker_side"":""yes"",""ticker"":""KXBTC15M-26APR280430-30"",""trade_id"":""ab0a18fb-060d-4bcb-9d17-cb9373450675"",""yes_price_dollars"":""0.5500""}"
KXBTC15M-26APR280430-30,b078144e-0a49-4bc7-73b4-652fd063d74d,1777364149,0.55,5.19,yes,"{""count_fp"":""5.19"",""created_time"":""2026-04-28T08:15:49.120022Z"",""no_price_dollars"":""0.4500"",""taker_side"":""yes"",""ticker"":""KXBTC15M-26APR280430-30"",""trade_id"":""b078144e-0a49-4bc7-73b4-652fd063d74d"",""yes_price_dollars"":""0.5500""}"
KXBTC15M-26APR280430-30,730176db-75a5-44c8-c43c-177d5c790346,1777364150,0.51,1.0,no,"{""count_fp"":""1.00"",""created_time"":""2026-04-28T08:15:50.783788Z"",""no_price_dollars"":""0.4900"",""taker_side"":""no"",""ticker"":""KXBTC15M-26APR280430-30"",""trade_id"":""730176db-75a5-44c8-c43c-177d5c790346"",""yes_price_dollars"":""0.5100""}"
KXBTC15M-26APR280430-30,21df8a64-cc98-4e1d-faa1-2a34320dd733,1777364150,0.51,26.0,no,"{""count_fp"":""26.00"",""created_time"":""2026-04-28T08:15:50.783788Z"",""no_price_dollars"":""0.4900"",""taker_side"":""no"",""ticker"":""KXBTC15M-26APR280430-30"",""trade_id"":""21df8a64-cc98-4e1d-faa1-2a34320dd733"",""yes_price_dollars"":""0.5100""}"
KXBTC15M-26APR280430-30,d3a06722-36b4-4d19-403e-ccabba64af39,1777364150,0.52,3.0,no,"{""count_fp"":""3.00"",""created_time"":""2026-04-28T08:15:50.753325Z"",""no_price_dollars"":""0.4800"",""taker_side"":""no"",""ticker"":""KXBTC15M-26APR280430-30"",""trade_id"":""d3a06722-36b4-4d19-403e-ccabba64af39"",""yes_price_dollars"":""0.5200""}"
KXBTC15M-26APR280430-30,6d216baa-76a2-4d25-67f7-5727843c44c2,1777364150,0.52,1.0,no,"{""count_fp"":""1.00"",""created_time"":""2026-04-28T08:15:50.753325Z"",""no_price_dollars"":""0.4800"",""taker_side"":""no"",""ticker"":""KXBTC15M-26APR280430-30"",""trade_id"":""6d216baa-76a2-4d25-67f7-5727843c44c2"",""yes_price_dollars"":""0.5200""}"
KXBTC15M-26APR280430-30,465fbc63-4737-7378-8c73-de7cba8d50f0,1777364150,0.53,20.0,no,"{""count_fp"":""20.00"",""created_time"":""2026-04-28T08:15:50.742765Z"",""no_price_dollars"":""0.4700"",""taker_side"":""no"",""ticker"":""KXBTC15M-26APR280430-30"",""trade_id"":""465fbc63-4737-7378-8c73-de7cba8d50f0"",""yes_price_dollars"":""0.5300""}"
KXBTC15M-26APR280430-30,d9c2f453-a7c6-5fa3-0870-83dc6012ab9e,1777364150,0.54,2.05,no,"{""count_fp"":""2.05"",""created_time"":""2026-04-28T08:15:50.327506Z"",""no_price_dollars"":""0.4600"",""taker_side"":""no"",""ticker"":""KXBTC15M-26APR280430-30"",""trade_id"":""d9c2f453-a7c6-5fa3-0870-83dc6012ab9e"",""yes_price_dollars"":""0.5400""}"
KXBTC15M-26APR280430-30,cdca6c8a-11bd-5544-1e45-207ab74ba40b,1777364150,0.54,6.28,no,"{""count_fp"":""6.28"",""created_time"":""2026-04-28T08:15:50.327506Z"",""no_price_dollars"":""0.4600"",""taker_side"":""no"",""ticker"":""KXBTC15M-26APR280430-30"",""trade_id"":""cdca6c8a-11bd-5544-1e45-207ab74ba40b"",""yes_price_dollars"":""0.5400""}"
KXBTC15M-26APR280430-30,bf3ae5dd-b782-519e-2253-9df6d2969f65,1777364150,0.53,56.0,no,"{""count_fp"":""56.00"",""created_time"":""2026-04-28T08:15:50.327506Z"",""no_price_dollars"":""0.4700"",""taker_side"":""no"",""ticker"":""KXBTC15M-26APR280430-30"",""trade_id"":""bf3ae5dd-b782-519e-2253-9df6d2969f65"",""yes_price_dollars"":""0.5300""}"
KXBTC15M-26APR280430-30,b7bcddab-f27f-52e2-13ea-0d88844ad8fc,1777364150,0.54,40.0,no,"{""count_fp"":""40.00"",""created_time"":""2026-04-28T08:15:50.327506Z"",""no_price_dollars"":""0.4600"",""taker_side"":""no"",""ticker"":""KXBTC15M-26APR280430-30"",""trade_id"":""b7bcddab-f27f-52e2-13ea-0d88844ad8fc"",""yes_price_dollars"":""0.5400""}"
KXBTC15M-26APR280430-30,94ff2544-89c4-50b3-0c64-e150e7966b45,1777364150,0.54,11.67,no,"{""count_fp"":""11.67"",""created_time"":""2026-04-28T08:15:50.327506Z"",""no_price_dollars"":""0.4600"",""taker_side"":""no"",""ticker"":""KXBTC15M-26APR280430-30"",""trade_id"":""94ff2544-89c4-50b3-0c64-e150e7966b45"",""yes_price_dollars"":""0.5400""}"
KXBTC15M-26APR280430-30,6a6375d3-719c-5d31-2382-937ecb0abe49,1777364150,0.53,40.0,no,"{""count_fp"":""40.00"",""created_time"":""2026-04-28T08:15:50.327506Z"",""no_price_dollars"":""0.4700"",""taker_side"":""no"",""ticker"":""KXBTC15M-26APR280430-30"",""trade_id"":""6a6375d3-719c-5d31-2382-937ecb0abe49"",""yes_price_dollars"":""0.5300""}"
KXBTC15M-26APR280430-30,582c32c2-c46a-5b8b-2930-164d30b09932,1777364150,0.54,10.0,no,"{""count_fp"":""10.00"",""created_time"":""2026-04-28T08:15:50.327506Z"",""no_price_dollars"":""0.4600"",""taker_side"":""no"",""ticker"":""KXBTC15M-26APR280430-30"",""trade_id"":""582c32c2-c46a-5b8b-2930-164d30b09932"",""yes_price_dollars"":""0.5400""}"
KXBTC15M-26APR280430-30,1fd7a513-64fa-57a2-009c-1c3a82fc4570,1777364150,0.53,290.86,no,"{""count_fp"":""290.86"",""created_time"":""2026-04-28T08:15:50.327506Z"",""no_price_dollars"":""0.4700"",""taker_side"":""no"",""ticker"":""KXBTC15M-26APR280430-30"",""trade_id"":""1fd7a513-64fa-57a2-009c-1c3a82fc4570"",""yes_price_dollars"":""0.5300""}"
KXBTC15M-26APR280430-30,6d2b0985-57b0-78ef-6cf8-a576f05ea9b1,1777364151,0.5,1.0,yes,"{""count_fp"":""1.00"",""created_time"":""2026-04-28T08:15:51.368162Z"",""no_price_dollars"":""0.5000"",""taker_side"":""yes"",""ticker"":""KXBTC15M-26APR280430-30"",""trade_id"":""6d2b0985-57b0-78ef-6cf8-a576f05ea9b1"",""yes_price_dollars"":""0.5000""}"
KXBTC15M-26APR280430-30,e1b346c4-1e7d-76e6-8e90-dfb1f550ae16,1777364151,0.5,20.0,no,"{""count_fp"":""20.00"",""created_time"":""2026-04-28T08:15:51.086675Z"",""no_price_dollars"":""0.5000"",""taker_side"":""no"",""ticker"":""KXBTC15M-26APR280430-30"",""trade_id"":""e1b346c4-1e7d-76e6-8e90-dfb1f550ae16"",""yes_price_dollars"":""0.5000""}"
KXBTC15M-26APR280430-30,77bcffd8-996d-61f5-e0b3-255065d6d930,1777364152,0.51,10.0,yes,"{""count_fp"":""10.00"",""created_time"":""2026-04-28T08:15:52.224065Z"",""no_price_dollars"":""0.4900"",""taker_side"":""yes"",""ticker"":""KXBTC15M-26APR280430-30"",""trade_id"":""77bcffd8-996d-61f5-e0b3-255065d6d930"",""yes_price_dollars"":""0.5100""}"
KXBTC15M-26APR280430-30,94313b8d-8fe6-40fc-f810-e504b5e7b509,1777364152,0.5,20.0,yes,"{""count_fp"":""20.00"",""created_time"":""2026-04-28T08:15:52.094934Z"",""no_price_dollars"":""0.5000"",""taker_side"":""yes"",""ticker"":""KXBTC15M-26APR280430-30"",""trade_id"":""94313b8d-8fe6-40fc-f810-e504b5e7b509"",""yes_price_dollars"":""0.5000""}"
KXBTC15M-26APR280430-30,34a6b3eb-3e3c-4167-d072-5d4e463cfb6d,1777364152,0.5,9.0,yes,"{""count_fp"":""9.00"",""created_time"":""2026-04-28T08:15:52.094934Z"",""no_price_dollars"":""0.5000"",""taker_side"":""yes"",""ticker"":""KXBTC15M-26APR280430-30"",""trade_id"":""34a6b3eb-3e3c-4167-d072-5d4e463cfb6d"",""yes_price_dollars"":""0.5000""}"
KXBTC15M-26APR280430-30,ef70420a-b64c-6fdd-b51f-faf894316117,1777364153,0.54,15.0,yes,"{""count_fp"":""15.00"",""created_time"":""2026-04-28T08:15:53.944071Z"",""no_price_dollars"":""0.4600"",""taker_side"":""yes"",""ticker"":""KXBTC15M-26APR280430-30"",""trade_id"":""ef70420a-b64c-6fdd-b51f-faf894316117"",""yes_price_dollars"":""0.5400""}"
KXBTC15M-26APR280430-30,5d2c53b9-a9ea-6bd3-9b36-fd4b3e911f2d,1777364153,0.54,2.92,yes,"{""count_fp"":""2.92"",""created_time"":""2026-04-28T08:15:53.944071Z"",""no_price_dollars"":""0.4600"",""taker_side"":""yes"",""ticker"":""KXBTC15M-26APR280430-30"",""trade_id"":""5d2c53b9-a9ea-6bd3-9b36-fd4b3e911f2d"",""yes_price_dollars"":""0.5400""}"
KXBTC15M-26APR280430-30,dd069471-6e1a-6e1f-c4dc-ae8803095dcc,1777364154,0.54,18.8,yes,"{""count_fp"":""18.80"",""created_time"":""2026-04-28T08:15:54.057054Z"",""no_price_dollars"":""0.4600"",""taker_side"":""yes"",""ticker"":""KXBTC15M-26APR280430-30"",""trade_id"":""dd069471-6e1a-6e1f-c4dc-ae8803095dcc"",""yes_price_dollars"":""0.5400""}"
KXBTC15M-26APR280430-30,7ffb26c1-6ec6-687f-f404-44489356cc69,1777364154,0.54,17.08,yes,"{""count_fp"":""17.08"",""created_time"":""2026-04-28T08:15:54.057054Z"",""no_price_dollars"":""0.4600"",""taker_side"":""yes"",""ticker"":""KXBTC15M-26APR280430-30"",""trade_id"":""7ffb26c1-6ec6-687f-f404-44489356cc69"",""yes_price_dollars"":""0.5400""}"
KXBTC15M-26APR280430-30,b3edd86e-4c26-5ebb-4eab-632e3b0160ec,1777364155,0.54,1.0,yes,"{""count_fp"":""1.00"",""created_time"":""2026-04-28T08:15:55.406472Z"",""no_price_dollars"":""0.4600"",""taker_side"":""yes"",""ticker"":""KXBTC15M-26APR280430-30"",""trade_id"":""b3edd86e-4c26-5ebb-4eab-632e3b0160ec"",""yes_price_dollars"":""0.5400""}"
KXBTC15M-26APR280430-30,40125e2c-a684-7563-d309-c1719a3858a9,1777364155,0.53,15.0,no,"{""count_fp"":""15.00"",""created_time"":""2026-04-28T08:15:55.390345Z"",""no_price_dollars"":""0.4700"",""taker_side"":""no"",""ticker"":""KXBTC15M-26APR280430-30"",""trade_id"":""40125e2c-a684-7563-d309-c1719a3858a9"",""yes_price_dollars"":""0.5300""}"
KXBTC15M-26APR280430-30,e7658e19-9d00-6c7b-4487-36f45688492d,1777364155,0.53,1.55,no,"{""count_fp"":""1.55"",""created_time"":""2026-04-28T08:15:55.295738Z"",""no_price_dollars"":""0.4700"",""taker_side"":""no"",""ticker"":""KXBTC15M-26APR280430-30"",""trade_id"":""e7658e19-9d00-6c7b-4487-36f45688492d"",""yes_price_dollars"":""0.5300""}"
KXBTC15M-26APR280430-30,6a58c79c-186b-6bfc-722c-20f4abb41230,1777364155,0.53,40.0,no,"{""count_fp"":""40.00"",""created_time"":""2026-04-28T08:15:55.295738Z"",""no_price_dollars"":""0.4700"",""taker_side"":""no"",""ticker"":""KXBTC15M-26APR280430-30"",""trade_id"":""6a58c79c-186b-6bfc-722c-20f4abb41230"",""yes_price_dollars"":""0.5300""}"
KXBTC15M-26APR280430-30,64aa7fb3-2da1-68db-60e2-74a647deef8d,1777364155,0.53,10.0,no,"{""count_fp"":""10.00"",""created_time"":""2026-04-28T08:15:55.295738Z"",""no_price_dollars"":""0.4700"",""taker_side"":""no"",""ticker"":""KXBTC15M-26APR280430-30"",""trade_id"":""64aa7fb3-2da1-68db-60e2-74a647deef8d"",""yes_price_dollars"":""0.5300""}"
KXBTC15M-26APR280430-30,aec04cd3-1315-5987-30f7-690061af6cc6,1777364156,0.54,2.05,no,"{""count_fp"":""2.05"",""created_time"":""2026-04-28T08:15:56.965427Z"",""no_price_dollars"":""0.4600"",""taker_side"":""no"",""ticker"":""KXBTC15M-26APR280430-30"",""trade_id"":""aec04cd3-1315-5987-30f7-690061af6cc6"",""yes_price_dollars"":""0.5400""}"
KXBTC15M-26APR280430-30,38454891-40b2-7b0a-a07f-75fa4b84c473,1777364156,0.55,35.25,yes,"{""count_fp"":""35.25"",""created_time"":""2026-04-28T08:15:56.947778Z"",""no_price_dollars"":""0.4500"",""taker_side"":""yes"",""ticker"":""KXBTC15M-26APR280430-30"",""trade_id"":""38454891-40b2-7b0a-a07f-75fa4b84c473"",""yes_price_dollars"":""0.5500""}"
KXBTC15M-26APR280430-30,b881aaea-3793-5bd0-77af-88385f781717,1777364156,0.54,1.64,yes,"{""count_fp"":""1.64"",""created_time"":""2026-04-28T08:15:56.435004Z"",""no_price_dollars"":""0.4600"",""taker_side"":""yes"",""ticker"":""KXBTC15M-26APR280430-30"",""trade_id"":""b881aaea-3793-5bd0-77af-88385f781717"",""yes_price_dollars"":""0.5400""}"
KXBTC15M-26APR280430-30,8c384476-c258-5827-5176-51636b31ca53,1777364156,0.54,9.0,yes,"{""count_fp"":""9.00"",""created_time"":""2026-04-28T08:15:56.435004Z"",""no_price_dollars"":""0.4600"",""taker_side"":""yes"",""ticker"":""KXBTC15M-26APR280430-30"",""trade_id"":""8c384476-c258-5827-5176-51636b31ca53"",""yes_price_dollars"":""0.5400""}"
KXBTC15M-26APR280430-30,285578a9-01a6-518b-7c9f-8372eab003a0,1777364156,0.54,25.2,yes,"{""count_fp"":""25.20"",""created_time"":""2026-04-28T08:15:56.435004Z"",""no_price_dollars"":""0.4600"",""taker_side"":""yes"",""ticker"":""KXBTC15M-26APR280430-30"",""trade_id"":""285578a9-01a6-518b-7c9f-8372eab003a0"",""yes_price_dollars"":""0.5400""}"
KXBTC15M-26APR280430-30,fcf2fca4-2881-68fa-8b38-820c806d5dcf,1777364157,0.55,31.42,no,"{""count_fp"":""31.42"",""created_time"":""2026-04-28T08:15:57.915504Z"",""no_price_dollars"":""0.4500"",""taker_side"":""no"",""ticker"":""KXBTC15M-26APR280430-30"",""trade_id"":""fcf2fca4-2881-68fa-8b38-820c806d5dcf"",""yes_price_dollars"":""0.5500""}"
KXBTC15M-26APR280430-30,bf37f8c5-96e2-44d5-9c7d-79ab5c73a43c,1777364157,0.55,10.0,yes,"{""count_fp"":""10.00"",""created_time"":""2026-04-28T08:15:57.891528Z"",""no_price_dollars"":""0.4500"",""taker_side"":""yes"",""ticker"":""KXBTC15M-26APR280430-30"",""trade_id"":""bf37f8c5-96e2-44d5-9c7d-79ab5c73a43c"",""yes_price_dollars"":""0.5500""}"
KXBTC15M-26APR280430-30,8d0920bb-84f0-4f84-89df-f08947148691,1777364157,0.55,20.0,yes,"{""count_fp"":""20.00"",""created_time"":""2026-04-28T08:15:57.891528Z"",""no_price_dollars"":""0.4500"",""taker_side"":""yes"",""ticker"":""KXBTC15M-26APR280430-30"",""trade_id"":""8d0920bb-84f0-4f84-89df-f08947148691"",""yes_price_dollars"":""0.5500""}"
KXBTC15M-26APR280430-30,2c1aa185-f93e-4cca-9b35-a72d1eef2077,1777364157,0.55,4.75,yes,"{""count_fp"":""4.75"",""created_time"":""2026-04-28T08:15:57.891528Z"",""no_price_dollars"":""0.4500"",""taker_side"":""yes"",""ticker"":""KXBTC15M-26APR280430-30"",""trade_id"":""2c1aa185-f93e-4cca-9b35-a72d1eef2077"",""yes_price_dollars"":""0.5500""}"
KXBTC15M-26APR280430-30,b2d4b3e1-0125-76be-6c27-5a7aa686d639,1777364157,0.54,3.0,no,"{""count_fp"":""3.00"",""created_time"":""2026-04-28T08:15:57.059895Z"",""no_price_dollars"":""0.4600"",""taker_side"":""no"",""ticker"":""KXBTC15M-26APR280430-30"",""trade_id"":""b2d4b3e1-0125-76be-6c27-5a7aa686d639"",""yes_price_dollars"":""0.5400""}"
KXBTC15M-26APR280430-30,40607a8b-9cf5-75ab-60a2-fc0a8c44727e,1777364157,0.54,37.95,no,"{""count_fp"":""37.95"",""created_time"":""2026-04-28T08:15:57.059895Z"",""no_price_dollars"":""0.4600"",""taker_side"":""no"",""ticker"":""KXBTC15M-26APR280430-30"",""trade_id"":""40607a8b-9cf5-75ab-60a2-fc0a8c44727e"",""yes_price_dollars"":""0.5400""}"
KXBTC15M-26APR280430-30,11905630-7499-78b5-4073-3ed4412b7ece,1777364157,0.54,0.08,no,"{""count_fp"":""0.08"",""created_time"":""2026-04-28T08:15:57.059895Z"",""no_price_dollars"":""0.4600"",""taker_side"":""no"",""ticker"":""KXBTC15M-26APR280430-30"",""trade_id"":""11905630-7499-78b5-4073-3ed4412b7ece"",""yes_price_dollars"":""0.5400""}"
KXBTC15M-26APR280430-30,85dcea54-851c-61a2-4993-8de69171f039,1777364158,0.57,12.35,no,"{""count_fp"":""12.35"",""created_time"":""2026-04-28T08:15:58.803248Z"",""no_price_dollars"":""0.4300"",""taker_side"":""no"",""ticker"":""KXBTC15M-26APR280430-30"",""trade_id"":""85dcea54-851c-61a2-4993-8de69171f039"",""yes_price_dollars"":""0.5700""}"
KXBTC15M-26APR280430-30,d5a8e432-4d73-4d7a-4e0b-8cb41d4c5a1e,1777364158,0.58,1.0,yes,"{""count_fp"":""1.00"",""created_time"":""2026-04-28T08:15:58.768531Z"",""no_price_dollars"":""0.4200"",""taker_side"":""yes"",""ticker"":""KXBTC15M-26APR280430-30"",""trade_id"":""d5a8e432-4d73-4d7a-4e0b-8cb41d4c5a1e"",""yes_price_dollars"":""0.5800""}"
KXBTC15M-26APR280430-30,be9aaffa-6c61-4c18-593c-1048e0815a72,1777364158,0.58,0.81,yes,"{""count_fp"":""0.81"",""created_time"":""2026-04-28T08:15:58.768531Z"",""no_price_dollars"":""0.4200"",""taker_side"":""yes"",""ticker"":""KXBTC15M-26APR280430-30"",""trade_id"":""be9aaffa-6c61-4c18-593c-1048e0815a72"",""yes_price_dollars"":""0.5800""}"
KXBTC15M-26APR280430-30,8bf258b4-d5d4-4491-7ccf-e186d20862a9,1777364158,0.58,1.0,yes,"{""count_fp"":""1.00"",""created_time"":""2026-04-28T08:15:58.768531Z"",""no_price_dollars"":""0.4200"",""taker_side"":""yes"",""ticker"":""KXBTC15M-26APR280430-30"",""trade_id"":""8bf258b4-d5d4-4491-7ccf-e186d20862a9"",""yes_price_dollars"":""0.5800""}"
KXBTC15M-26APR280430-30,e54f5973-aa12-6946-cc8b-237bfa1750fd,1777364158,0.57,3.0,no,"{""count_fp"":""3.00"",""created_time"":""2026-04-28T08:15:58.482888Z"",""no_price_dollars"":""0.4300"",""taker_side"":""no"",""ticker"":""KXBTC15M-26APR280430-30"",""trade_id"":""e54f5973-aa12-6946-cc8b-237bfa1750fd"",""yes_price_dollars"":""0.5700""}"
KXBTC15M-26APR280430-30,9f89c7da-1438-658d-c36f-178fdfdc5c40,1777364158,0.56,9.69,no,"{""count_fp"":""9.69"",""created_time"":""2026-04-28T08:15:58.482888Z"",""no_price_dollars"":""0.4400"",""taker_side"":""no"",""ticker"":""KXBTC15M-26APR280430-30"",""trade_id"":""9f89c7da-1438-658d-c36f-178fdfdc5c40"",""yes_price_dollars"":""0.5600""}"
KXBTC15M-26APR280430-30,79c18e9f-a72a-6088-fe8d-b085d160b815,1777364158,0.57,40.0,no,"{""count_fp"":""40.00"",""created_time"":""2026-04-28T08:15:58.482888Z"",""no_price_dollars"":""0.4300"",""taker_side"":""no"",""ticker"":""KXBTC15M-26APR280430-30"",""trade_id"":""79c18e9f-a72a-6088-fe8d-b085d160b815"",""yes_price_dollars"":""0.5700""}"
KXBTC15M-26APR280430-30,11b0d218-c034-679d-e229-a60ef73f634b,1777364158,0.57,1.56,no,"{""count_fp"":""1.56"",""created_time"":""2026-04-28T08:15:58.482888Z"",""no_price_dollars"":""0.4300"",""taker_side"":""no"",""ticker"":""KXBTC15M-26APR280430-30"",""trade_id"":""11b0d218-c034-679d-e229-a60ef73f634b"",""yes_price_dollars"":""0.5700""}"
KXBTC15M-26APR280430-30,8caeb85d-ae25-5579-5832-b8f172d2be8c,1777364158,0.57,13.57,yes,"{""count_fp"":""13.57"",""created_time"":""2026-04-28T08:15:58.411457Z"",""no_price_dollars"":""0.4300"",""taker_side"":""yes"",""ticker"":""KXBTC15M-26APR280430-30"",""trade_id"":""8caeb85d-ae25-5579-5832-b8f172d2be8c"",""yes_price_dollars"":""0.5700""}"
KXBTC15M-26APR280430-30,5d5178af-ae19-6afd-b75e-7f52f263997c,1777364158,0.57,6.43,yes,"{""count_fp"":""6.43"",""created_time"":""2026-04-28T08:15:58.410289Z"",""no_price_dollars"":""0.4300"",""taker_side"":""yes"",""ticker"":""KXBTC15M-26APR280430-30"",""trade_id"":""5d5178af-ae19-6afd-b75e-7f52f263997c"",""yes_price_dollars"":""0.5700""}"
KXBTC15M-26APR280430-30,3080ffbd-f0d1-669e-b8d3-5e0e1a02aa7a,1777364158,0.57,3.0,yes,"{""count_fp"":""3.00"",""created_time"":""2026-04-28T08:15:58.410289Z"",""no_price_dollars"":""0.4300"",""taker_side"":""yes"",""ticker"":""KXBTC15M-26APR280430-30"",""trade_id"":""3080ffbd-f0d1-669e-b8d3-5e0e1a02aa7a"",""yes_price_dollars"":""0.5700""}"
KXBTC15M-26APR280430-30,0e335f9d-45fe-6eb3-958e-4c287731f48c,1777364158,0.57,1.0,yes,"{""count_fp"":""1.00"",""created_time"":""2026-04-28T08:15:58.410289Z"",""no_price_dollars"":""0.4300"",""taker_side"":""yes"",""ticker"":""KXBTC15M-26APR280430-30"",""trade_id"":""0e335f9d-45fe-6eb3-958e-4c287731f48c"",""yes_price_dollars"":""0.5700""}"
KXBTC15M-26APR280430-30,ae648693-293f-4711-166c-e5957d8b531f,1777364158,0.56,11.74,yes,"{""count_fp"":""11.74"",""created_time"":""2026-04-28T08:15:58.400764Z"",""no_price_dollars"":""0.4400"",""taker_side"":""yes"",""ticker"":""KXBTC15M-26APR280430-30"",""trade_id"":""ae648693-293f-4711-166c-e5957d8b531f"",""yes_price_dollars"":""0.5600""}"
KXBTC15M-26APR280430-30,fe05928d-bebf-5520-6d54-63cc506de715,1777364159,0.61,3.0,yes,"{""count_fp"":""3.00"",""created_time"":""2026-04-28T08:15:59.783167Z"",""no_price_dollars"":""0.3900"",""taker_side"":""yes"",""ticker"":""KXBTC15M-26APR280430-30"",""trade_id"":""fe05928d-bebf-5520-6d54-63cc506de715"",""yes_price_dollars"":""0.6100""}"
KXBTC15M-26APR280430-30,a03a7d79-c9a8-5599-7717-1ae3cf8fb686,1777364159,0.61,1.0,yes,"{""count_fp"":""1.00"",""created_time"":""2026-04-28T08:15:59.783167Z"",""no_price_dollars"":""0.3900"",""taker_side"":""yes"",""ticker"":""KXBTC15M-26APR280430-30"",""trade_id"":""a03a7d79-c9a8-5599-7717-1ae3cf8fb686"",""yes_price_dollars"":""0.6100""}"
KXBTC15M-26APR280430-30,3005d71b-5165-5f6c-7549-8d113b610943,1777364159,0.61,14.29,yes,"{""count_fp"":""14.29"",""created_time"":""2026-04-28T08:15:59.783167Z"",""no_price_dollars"":""0.3900"",""taker_side"":""yes"",""ticker"":""KXBTC15M-26APR280430-30"",""trade_id"":""3005d71b-5165-5f6c-7549-8d113b610943"",""yes_price_dollars"":""0.6100""}"
KXBTC15M-26APR280430-30,d05fe863-14c9-5b38-4d9a-fe3535e3b9c3,1777364159,0.61,48.83,yes,"{""count_fp"":""48.83"",""created_time"":""2026-04-28T08:15:59.766189Z"",""no_price_dollars"":""0.3900"",""taker_side"":""yes"",""ticker"":""KXBTC15M-26APR280430-30"",""trade_id"":""d05fe863-14c9-5b38-4d9a-fe3535e3b9c3"",""yes_price_dollars"":""0.6100""}"
KXBTC15M-26APR280430-30,2d86ad4d-a805-4174-62f5-0c0ffc71d813,1777364159,0.61,68.88,yes,"{""count_fp"":""68.88"",""created_time"":""2026-04-28T08:15:59.763549Z"",""no_price_dollars"":""0.3900"",""taker_side"":""yes"",""ticker"":""KXBTC15M-26APR280430-30"",""trade_id"":""2d86ad4d-a805-4174-62f5-0c0ffc71d813"",""yes_price_dollars"":""0.6100""}"
KXBTC15M-26APR280430-30,db853a04-782d-73b0-65c2-a60b9c25bbb3,1777364159,0.6,3.0,yes,"{""count_fp"":""3.00"",""created_time"":""2026-04-28T08:15:59.719432Z"",""no_price_dollars"":""0.4000"",""taker_side"":""yes"",""ticker"":""KXBTC15M-26APR280430-30"",""trade_id"":""db853a04-782d-73b0-65c2-a60b9c25bbb3"",""yes_price_dollars"":""0.6000""}"
KXBTC15M-26APR280430-30,98875d46-28ec-79e4-453b-d0cd29d30610,1777364159,0.6,20.0,yes,"{""count_fp"":""20.00"",""created_time"":""2026-04-28T08:15:59.719432Z"",""no_price_dollars"":""0.4000"",""taker_side"":""yes"",""ticker"":""KXBTC15M-26APR280430-30"",""trade_id"":""98875d46-28ec-79e4-453b-d0cd29d30610"",""yes_price_dollars"":""0.6000""}"
KXBTC15M-26APR280430-30,5947a90b-546a-7dbd-7a43-366ee4820c9c,1777364159,0.6,119.0,yes,"{""count_fp"":""119.00"",""created_time"":""2026-04-28T08:15:59.719432Z"",""no_price_dollars"":""0.4000"",""taker_side"":""yes"",""ticker"":""KXBTC15M-26APR280430-30"",""trade_id"":""5947a90b-546a-7dbd-7a43-366ee4820c9c"",""yes_price_dollars"":""0.6000""}"
KXBTC15M-26APR280430-30,fceb3da8-9d99-6b68-6e3e-e8e90a54641f,1777364159,0.59,5.0,yes,"{""count_fp"":""5.00"",""created_time"":""2026-04-28T08:15:59.700558Z"",""no_price_dollars"":""0.4100"",""taker_side"":""yes"",""ticker"":""KXBTC15M-26APR280430-30"",""trade_id"":""fceb3da8-9d99-6b68-6e3e-e8e90a54641f"",""yes_price_dollars"":""0.5900""}"
KXBTC15M-26APR280430-30,bcdb7775-5d3b-6ebd-5c97-2b16371a362c,1777364159,0.59,5.0,yes,"{""count_fp"":""5.00"",""created_time"":""2026-04-28T08:15:59.700558Z"",""no_price_dollars"":""0.4100"",""taker_side"":""yes"",""ticker"":""KXBTC15M-26APR280430-30"",""trade_id"":""bcdb7775-5d3b-6ebd-5c97-2b16371a362c"",""yes_price_dollars"":""0.5900""}"
KXBTC15M-26APR280430-30,6d6651fb-9cf9-60c4-56b9-e8101b74a574,1777364159,0.59,3.0,yes,"{""count_fp"":""3.00"",""created_time"":""2026-04-28T08:15:59.700558Z"",""no_price_dollars"":""0.4100"",""taker_side"":""yes"",""ticker"":""KXBTC15M-26APR280430-30"",""trade_id"":""6d6651fb-9cf9-60c4-56b9-e8101b74a574"",""yes_price_dollars"":""0.5900""}"
KXBTC15M-26APR280430-30,1ba1745f-843e-6e44-719a-6c8ee1ed4bdc,1777364159,0.59,56.0,yes,"{""count_fp"":""56.00"",""created_time"":""2026-04-28T08:15:59.700558Z"",""no_price_dollars"":""0.4100"",""taker_side"":""yes"",""ticker"":""KXBTC15M-26APR280430-30"",""trade_id"":""1ba1745f-843e-6e44-719a-6c8ee1ed4bdc"",""yes_price_dollars"":""0.5900""}"
KXBTC15M-26APR280430-30,015f03d4-1bf9-6606-6d26-36e25720a9b0,1777364159,0.59,46.39,yes,"{""count_fp"":""46.39"",""created_time"":""2026-04-28T08:15:59.700558Z"",""no_price_dollars"":""0.4100"",""taker_side"":""yes"",""ticker"":""KXBTC15M-26APR280430-30"",""trade_id"":""015f03d4-1bf9-6606-6d26-36e25720a9b0"",""yes_price_dollars"":""0.5900""}"
