ticker,trade_id,ts,yes_price,count,taker_side,raw_json
KXBTC15M-26APR281400-00,643f770a-1532-5dab-d2b8-e355788899ac,1777398303,0.5,4.0,yes,"{""count_fp"":""4.00"",""created_time"":""2026-04-28T17:45:03.861612Z"",""no_price_dollars"":""0.5000"",""taker_side"":""yes"",""ticker"":""KXBTC15M-26APR281400-00"",""trade_id"":""643f770a-1532-5dab-d2b8-e355788899ac"",""yes_price_dollars"":""0.5000""}"
KXBTC15M-26APR281400-00,58c790e6-bdc2-5694-ecf7-bf61ff24fd62,1777398303,0.5,12.0,yes,"{""count_fp"":""12.00"",""created_time"":""2026-04-28T17:45:03.861612Z"",""no_price_dollars"":""0.5000"",""taker_side"":""yes"",""ticker"":""KXBTC15M-26APR281400-00"",""trade_id"":""58c790e6-bdc2-5694-ecf7-bf61ff24fd62"",""yes_price_dollars"":""0.5000""}"
KXBTC15M-26APR281400-00,54676040-6f26-5665-e107-caac8975579d,1777398303,0.5,2.0,yes,"{""count_fp"":""2.00"",""created_time"":""2026-04-28T17:45:03.861612Z"",""no_price_dollars"":""0.5000"",""taker_side"":""yes"",""ticker"":""KXBTC15M-26APR281400-00"",""trade_id"":""54676040-6f26-5665-e107-caac8975579d"",""yes_price_dollars"":""0.5000""}"
KXBTC15M-26APR281400-00,8399493b-ee4d-7b2c-0c5d-1bb8852c1f22,1777398304,0.48,9.3,no,"{""count_fp"":""9.30"",""created_time"":""2026-04-28T17:45:04.268927Z"",""no_price_dollars"":""0.5200"",""taker_side"":""no"",""ticker"":""KXBTC15M-26APR281400-00"",""trade_id"":""8399493b-ee4d-7b2c-0c5d-1bb8852c1f22"",""yes_price_dollars"":""0.4800""}"
KXBTC15M-26APR281400-00,4950a5ce-ae9a-7e24-9009-a4b2a80a9310,1777398305,0.49,9.3,no,"{""count_fp"":""9.30"",""created_time"":""2026-04-28T17:45:05.229149Z"",""no_price_dollars"":""0.5100"",""taker_side"":""no"",""ticker"":""KXBTC15M-26APR281400-00"",""trade_id"":""4950a5ce-ae9a-7e24-9009-a4b2a80a9310"",""yes_price_dollars"":""0.4900""}"
KXBTC15M-26APR281400-00,30d68cd9-a4c5-7a8d-c770-537d0d83244d,1777398306,0.48,33.26,no,"{""count_fp"":""33.26"",""created_time"":""2026-04-28T17:45:06.880434Z"",""no_price_dollars"":""0.5200"",""taker_side"":""no"",""ticker"":""KXBTC15M-26APR281400-00"",""trade_id"":""30d68cd9-a4c5-7a8d-c770-537d0d83244d"",""yes_price_dollars"":""0.4800""}"
KXBTC15M-26APR281400-00,0ce1e628-ef26-7a90-ffc9-35d08c194f04,1777398306,0.48,13.25,no,"{""count_fp"":""13.25"",""created_time"":""2026-04-28T17:45:06.880434Z"",""no_price_dollars"":""0.5200"",""taker_side"":""no"",""ticker"":""KXBTC15M-26APR281400-00"",""trade_id"":""0ce1e628-ef26-7a90-ffc9-35d08c194f04"",""yes_price_dollars"":""0.4800""}"
KXBTC15M-26APR281400-00,2a06453e-b6d1-4c4d-b69e-cd43bc261f45,1777398306,0.48,7.44,no,"{""count_fp"":""7.44"",""created_time"":""2026-04-28T17:45:06.613402Z"",""no_price_dollars"":""0.5200"",""taker_side"":""no"",""ticker"":""KXBTC15M-26APR281400-00"",""trade_id"":""2a06453e-b6d1-4c4d-b69e-cd43bc261f45"",""yes_price_dollars"":""0.4800""}"
KXBTC15M-26APR281400-00,c9339248-2ced-5e38-def1-e118d630775a,1777398306,0.48,17.7,no,"{""count_fp"":""17.70"",""created_time"":""2026-04-28T17:45:06.360359Z"",""no_price_dollars"":""0.5200"",""taker_side"":""no"",""ticker"":""KXBTC15M-26APR281400-00"",""trade_id"":""c9339248-2ced-5e38-def1-e118d630775a"",""yes_price_dollars"":""0.4800""}"
KXBTC15M-26APR281400-00,8ad4dd67-9115-5531-c40a-ee8ec05fa709,1777398306,0.48,15.3,no,"{""count_fp"":""15.30"",""created_time"":""2026-04-28T17:45:06.360359Z"",""no_price_dollars"":""0.5200"",""taker_side"":""no"",""ticker"":""KXBTC15M-26APR281400-00"",""trade_id"":""8ad4dd67-9115-5531-c40a-ee8ec05fa709"",""yes_price_dollars"":""0.4800""}"
KXBTC15M-26APR281400-00,2918b3fe-2cc0-5aba-e1d3-38196b17dd62,1777398306,0.48,1.0,no,"{""count_fp"":""1.00"",""created_time"":""2026-04-28T17:45:06.360359Z"",""no_price_dollars"":""0.5200"",""taker_side"":""no"",""ticker"":""KXBTC15M-26APR281400-00"",""trade_id"":""2918b3fe-2cc0-5aba-e1d3-38196b17dd62"",""yes_price_dollars"":""0.4800""}"
KXBTC15M-26APR281400-00,35d5abd0-5bde-635f-267f-eb10c6c985bc,1777398307,0.5,2.0,yes,"{""count_fp"":""2.00"",""created_time"":""2026-04-28T17:45:07.870924Z"",""no_price_dollars"":""0.5000"",""taker_side"":""yes"",""ticker"":""KXBTC15M-26APR281400-00"",""trade_id"":""35d5abd0-5bde-635f-267f-eb10c6c985bc"",""yes_price_dollars"":""0.5000""}"
KXBTC15M-26APR281400-00,eb31911b-3ad1-4004-a55f-0803a8881fad,1777398307,0.49,3.6,no,"{""count_fp"":""3.60"",""created_time"":""2026-04-28T17:45:07.506203Z"",""no_price_dollars"":""0.5100"",""taker_side"":""no"",""ticker"":""KXBTC15M-26APR281400-00"",""trade_id"":""eb31911b-3ad1-4004-a55f-0803a8881fad"",""yes_price_dollars"":""0.4900""}"
KXBTC15M-26APR281400-00,c0a6cb3a-8f87-4dfe-837b-207992f20b54,1777398307,0.49,5.0,no,"{""count_fp"":""5.00"",""created_time"":""2026-04-28T17:45:07.506203Z"",""no_price_dollars"":""0.5100"",""taker_side"":""no"",""ticker"":""KXBTC15M-26APR281400-00"",""trade_id"":""c0a6cb3a-8f87-4dfe-837b-207992f20b54"",""yes_price_dollars"":""0.4900""}"
KXBTC15M-26APR281400-00,61bf2a41-a96b-46f4-82d7-bf0294491e4a,1777398307,0.49,10.0,no,"{""count_fp"":""10.00"",""created_time"":""2026-04-28T17:45:07.506203Z"",""no_price_dollars"":""0.5100"",""taker_side"":""no"",""ticker"":""KXBTC15M-26APR281400-00"",""trade_id"":""61bf2a41-a96b-46f4-82d7-bf0294491e4a"",""yes_price_dollars"":""0.4900""}"
KXBTC15M-26APR281400-00,642e5abf-53a2-5f1b-f4bf-ee31647061f4,1777398307,0.5,9.66,yes,"{""count_fp"":""9.66"",""created_time"":""2026-04-28T17:45:07.163701Z"",""no_price_dollars"":""0.5000"",""taker_side"":""yes"",""ticker"":""KXBTC15M-26APR281400-00"",""trade_id"":""642e5abf-53a2-5f1b-f4bf-ee31647061f4"",""yes_price_dollars"":""0.5000""}"
KXBTC15M-26APR281400-00,81cc822c-d38d-7751-3d5a-acf8b722b02c,1777398308,0.5,30.0,yes,"{""count_fp"":""30.00"",""created_time"":""2026-04-28T17:45:08.451686Z"",""no_price_dollars"":""0.5000"",""taker_side"":""yes"",""ticker"":""KXBTC15M-26APR281400-00"",""trade_id"":""81cc822c-d38d-7751-3d5a-acf8b722b02c"",""yes_price_dollars"":""0.5000""}"
KXBTC15M-26APR281400-00,7f449fcd-25bd-73a3-1f25-bef9942a66e4,1777398308,0.5,64.0,yes,"{""count_fp"":""64.00"",""created_time"":""2026-04-28T17:45:08.451686Z"",""no_price_dollars"":""0.5000"",""taker_side"":""yes"",""ticker"":""KXBTC15M-26APR281400-00"",""trade_id"":""7f449fcd-25bd-73a3-1f25-bef9942a66e4"",""yes_price_dollars"":""0.5000""}"
KXBTC15M-26APR281400-00,6d9cfc31-ca6d-73d9-1141-0d7e29d77812,1777398308,0.5,3.6,yes,"{""count_fp"":""3.60"",""created_time"":""2026-04-28T17:45:08.451686Z"",""no_price_dollars"":""0.5000"",""taker_side"":""yes"",""ticker"":""KXBTC15M-26APR281400-00"",""trade_id"":""6d9cfc31-ca6d-73d9-1141-0d7e29d77812"",""yes_price_dollars"":""0.5000""}"
KXBTC15M-26APR281400-00,55ebdce6-b0d6-7539-2e80-338bf5e52725,1777398308,0.5,55.34,yes,"{""count_fp"":""55.34"",""created_time"":""2026-04-28T17:45:08.451686Z"",""no_price_dollars"":""0.5000"",""taker_side"":""yes"",""ticker"":""KXBTC15M-26APR281400-00"",""trade_id"":""55ebdce6-b0d6-7539-2e80-338bf5e52725"",""yes_price_dollars"":""0.5000""}"
KXBTC15M-26APR281400-00,b9752e3f-ce33-5c6b-bcfb-65f628d09389,1777398308,0.49,4.44,no,"{""count_fp"":""4.44"",""created_time"":""2026-04-28T17:45:08.286098Z"",""no_price_dollars"":""0.5100"",""taker_side"":""no"",""ticker"":""KXBTC15M-26APR281400-00"",""trade_id"":""b9752e3f-ce33-5c6b-bcfb-65f628d09389"",""yes_price_dollars"":""0.4900""}"
KXBTC15M-26APR281400-00,fd4acc29-ec4d-510f-7217-ae6c2f1af689,1777398310,0.53,10.0,no,"{""count_fp"":""10.00"",""created_time"":""2026-04-28T17:45:10.784075Z"",""no_price_dollars"":""0.4700"",""taker_side"":""no"",""ticker"":""KXBTC15M-26APR281400-00"",""trade_id"":""fd4acc29-ec4d-510f-7217-ae6c2f1af689"",""yes_price_dollars"":""0.5300""}"
KXBTC15M-26APR281400-00,ea9cccf9-906c-570e-618c-9513ae56d76a,1777398310,0.51,113.0,no,"{""count_fp"":""113.00"",""created_time"":""2026-04-28T17:45:10.784075Z"",""no_price_dollars"":""0.4900"",""taker_side"":""no"",""ticker"":""KXBTC15M-26APR281400-00"",""trade_id"":""ea9cccf9-906c-570e-618c-9513ae56d76a"",""yes_price_dollars"":""0.5100""}"
KXBTC15M-26APR281400-00,bb5bceea-2c95-5ad5-4b12-94546373f18b,1777398310,0.51,200.0,no,"{""count_fp"":""200.00"",""created_time"":""2026-04-28T17:45:10.784075Z"",""no_price_dollars"":""0.4900"",""taker_side"":""no"",""ticker"":""KXBTC15M-26APR281400-00"",""trade_id"":""bb5bceea-2c95-5ad5-4b12-94546373f18b"",""yes_price_dollars"":""0.5100""}"
KXBTC15M-26APR281400-00,7ac97ea9-bbb1-542e-684c-53ec356bb0d4,1777398310,0.53,3.0,no,"{""count_fp"":""3.00"",""created_time"":""2026-04-28T17:45:10.784075Z"",""no_price_dollars"":""0.4700"",""taker_side"":""no"",""ticker"":""KXBTC15M-26APR281400-00"",""trade_id"":""7ac97ea9-bbb1-542e-684c-53ec356bb0d4"",""yes_price_dollars"":""0.5300""}"
KXBTC15M-26APR281400-00,73560aa3-5123-544e-5e61-118d669fb436,1777398310,0.5,44.07,no,"{""count_fp"":""44.07"",""created_time"":""2026-04-28T17:45:10.784075Z"",""no_price_dollars"":""0.5000"",""taker_side"":""no"",""ticker"":""KXBTC15M-26APR281400-00"",""trade_id"":""73560aa3-5123-544e-5e61-118d669fb436"",""yes_price_dollars"":""0.5000""}"
KXBTC15M-26APR281400-00,1ddb808a-cab5-7ea7-c17a-4d4f4fdc6674,1777398313,0.54,12.55,yes,"{""count_fp"":""12.55"",""created_time"":""2026-04-28T17:45:13.761378Z"",""no_price_dollars"":""0.4600"",""taker_side"":""yes"",""ticker"":""KXBTC15M-26APR281400-00"",""trade_id"":""1ddb808a-cab5-7ea7-c17a-4d4f4fdc6674"",""yes_price_dollars"":""0.5400""}"
KXBTC15M-26APR281400-00,8153234b-6325-7588-5cfd-b736ecda11c2,1777398313,0.53,1.0,no,"{""count_fp"":""1.00"",""created_time"":""2026-04-28T17:45:13.518615Z"",""no_price_dollars"":""0.4700"",""taker_side"":""no"",""ticker"":""KXBTC15M-26APR281400-00"",""trade_id"":""8153234b-6325-7588-5cfd-b736ecda11c2"",""yes_price_dollars"":""0.5300""}"
KXBTC15M-26APR281400-00,a139b90b-7d49-488f-b0eb-75549c832a98,1777398313,0.54,8.97,yes,"{""count_fp"":""8.97"",""created_time"":""2026-04-28T17:45:13.374603Z"",""no_price_dollars"":""0.4600"",""taker_side"":""yes"",""ticker"":""KXBTC15M-26APR281400-00"",""trade_id"":""a139b90b-7d49-488f-b0eb-75549c832a98"",""yes_price_dollars"":""0.5400""}"
KXBTC15M-26APR281400-00,3d69ac55-d461-4343-723c-d6de559a1874,1777398313,0.54,44.85,yes,"{""count_fp"":""44.85"",""created_time"":""2026-04-28T17:45:13.352383Z"",""no_price_dollars"":""0.4600"",""taker_side"":""yes"",""ticker"":""KXBTC15M-26APR281400-00"",""trade_id"":""3d69ac55-d461-4343-723c-d6de559a1874"",""yes_price_dollars"":""0.5400""}"
KXBTC15M-26APR281400-00,4d4734c0-2c69-4317-1beb-b8bf8293bfa8,1777398313,0.54,5.15,yes,"{""count_fp"":""5.15"",""created_time"":""2026-04-28T17:45:13.190953Z"",""no_price_dollars"":""0.4600"",""taker_side"":""yes"",""ticker"":""KXBTC15M-26APR281400-00"",""trade_id"":""4d4734c0-2c69-4317-1beb-b8bf8293bfa8"",""yes_price_dollars"":""0.5400""}"
KXBTC15M-26APR281400-00,45a24f3a-ff8a-4e40-32db-09b0cc9d2386,1777398313,0.54,1.0,yes,"{""count_fp"":""1.00"",""created_time"":""2026-04-28T17:45:13.190953Z"",""no_price_dollars"":""0.4600"",""taker_side"":""yes"",""ticker"":""KXBTC15M-26APR281400-00"",""trade_id"":""45a24f3a-ff8a-4e40-32db-09b0cc9d2386"",""yes_price_dollars"":""0.5400""}"
KXBTC15M-26APR281400-00,3790f5b5-fa3f-43d5-269f-ac35261a0016,1777398313,0.54,1.0,yes,"{""count_fp"":""1.00"",""created_time"":""2026-04-28T17:45:13.190953Z"",""no_price_dollars"":""0.4600"",""taker_side"":""yes"",""ticker"":""KXBTC15M-26APR281400-00"",""trade_id"":""3790f5b5-fa3f-43d5-269f-ac35261a0016"",""yes_price_dollars"":""0.5400""}"
KXBTC15M-26APR281400-00,bb3692d3-c97d-6548-008e-a153bd683d7e,1777398313,0.53,1.0,no,"{""count_fp"":""1.00"",""created_time"":""2026-04-28T17:45:13.185309Z"",""no_price_dollars"":""0.4700"",""taker_side"":""no"",""ticker"":""KXBTC15M-26APR281400-00"",""trade_id"":""bb3692d3-c97d-6548-008e-a153bd683d7e"",""yes_price_dollars"":""0.5300""}"
KXBTC15M-26APR281400-00,c8577527-e465-4b88-4917-6ad6793ce3ea,1777398314,0.53,14.36,no,"{""count_fp"":""14.36"",""created_time"":""2026-04-28T17:45:14.774263Z"",""no_price_dollars"":""0.4700"",""taker_side"":""no"",""ticker"":""KXBTC15M-26APR281400-00"",""trade_id"":""c8577527-e465-4b88-4917-6ad6793ce3ea"",""yes_price_dollars"":""0.5300""}"
KXBTC15M-26APR281400-00,7c5ec99b-f251-6e90-0901-8e197ceb8152,1777398314,0.53,8.2,no,"{""count_fp"":""8.20"",""created_time"":""2026-04-28T17:45:14.585483Z"",""no_price_dollars"":""0.4700"",""taker_side"":""no"",""ticker"":""KXBTC15M-26APR281400-00"",""trade_id"":""7c5ec99b-f251-6e90-0901-8e197ceb8152"",""yes_price_dollars"":""0.5300""}"
KXBTC15M-26APR281400-00,3b2e7aa8-765d-4753-2028-522b43139ab0,1777398314,0.54,17.94,yes,"{""count_fp"":""17.94"",""created_time"":""2026-04-28T17:45:14.578359Z"",""no_price_dollars"":""0.4600"",""taker_side"":""yes"",""ticker"":""KXBTC15M-26APR281400-00"",""trade_id"":""3b2e7aa8-765d-4753-2028-522b43139ab0"",""yes_price_dollars"":""0.5400""}"
KXBTC15M-26APR281400-00,00a66350-1271-5784-4dd5-f75c5851fef2,1777398314,0.53,10.0,no,"{""count_fp"":""10.00"",""created_time"":""2026-04-28T17:45:14.079154Z"",""no_price_dollars"":""0.4700"",""taker_side"":""no"",""ticker"":""KXBTC15M-26APR281400-00"",""trade_id"":""00a66350-1271-5784-4dd5-f75c5851fef2"",""yes_price_dollars"":""0.5300""}"
KXBTC15M-26APR281400-00,169c718c-af8d-46bc-eed7-54a6b3338f5e,1777398314,0.53,61.54,no,"{""count_fp"":""61.54"",""created_time"":""2026-04-28T17:45:14.034029Z"",""no_price_dollars"":""0.4700"",""taker_side"":""no"",""ticker"":""KXBTC15M-26APR281400-00"",""trade_id"":""169c718c-af8d-46bc-eed7-54a6b3338f5e"",""yes_price_dollars"":""0.5300""}"
KXBTC15M-26APR281400-00,1caf429a-440c-437f-808d-c491865afb20,1777398315,0.54,1.0,no,"{""count_fp"":""1.00"",""created_time"":""2026-04-28T17:45:15.769266Z"",""no_price_dollars"":""0.4600"",""taker_side"":""no"",""ticker"":""KXBTC15M-26APR281400-00"",""trade_id"":""1caf429a-440c-437f-808d-c491865afb20"",""yes_price_dollars"":""0.5400""}"
KXBTC15M-26APR281400-00,6bfc6c22-cdc4-70f7-0f47-76fe7d0e291c,1777398315,0.54,13.0,no,"{""count_fp"":""13.00"",""created_time"":""2026-04-28T17:45:15.719202Z"",""no_price_dollars"":""0.4600"",""taker_side"":""no"",""ticker"":""KXBTC15M-26APR281400-00"",""trade_id"":""6bfc6c22-cdc4-70f7-0f47-76fe7d0e291c"",""yes_price_dollars"":""0.5400""}"
KXBTC15M-26APR281400-00,99aa8046-0882-7018-4617-fc983055a362,1777398315,0.54,1.34,no,"{""count_fp"":""1.34"",""created_time"":""2026-04-28T17:45:15.711319Z"",""no_price_dollars"":""0.4600"",""taker_side"":""no"",""ticker"":""KXBTC15M-26APR281400-00"",""trade_id"":""99aa8046-0882-7018-4617-fc983055a362"",""yes_price_dollars"":""0.5400""}"
KXBTC15M-26APR281400-00,45be4d0f-44d8-70cf-5a58-f792f39f6644,1777398315,0.54,0.66,no,"{""count_fp"":""0.66"",""created_time"":""2026-04-28T17:45:15.711319Z"",""no_price_dollars"":""0.4600"",""taker_side"":""no"",""ticker"":""KXBTC15M-26APR281400-00"",""trade_id"":""45be4d0f-44d8-70cf-5a58-f792f39f6644"",""yes_price_dollars"":""0.5400""}"
KXBTC15M-26APR281400-00,4122706c-3c40-5f7b-3a5b-896f97a87844,1777398315,0.54,0.66,yes,"{""count_fp"":""0.66"",""created_time"":""2026-04-28T17:45:15.370351Z"",""no_price_dollars"":""0.4600"",""taker_side"":""yes"",""ticker"":""KXBTC15M-26APR281400-00"",""trade_id"":""4122706c-3c40-5f7b-3a5b-896f97a87844"",""yes_price_dollars"":""0.5400""}"
KXBTC15M-26APR281400-00,d5113999-42c4-42f3-d33a-35ea9efe0db4,1777398315,0.54,32.34,yes,"{""count_fp"":""32.34"",""created_time"":""2026-04-28T17:45:15.343468Z"",""no_price_dollars"":""0.4600"",""taker_side"":""yes"",""ticker"":""KXBTC15M-26APR281400-00"",""trade_id"":""d5113999-42c4-42f3-d33a-35ea9efe0db4"",""yes_price_dollars"":""0.5400""}"
KXBTC15M-26APR281400-00,b1e9bf53-e0c0-469e-e367-cd01e0292daa,1777398315,0.54,30.0,yes,"{""count_fp"":""30.00"",""created_time"":""2026-04-28T17:45:15.343468Z"",""no_price_dollars"":""0.4600"",""taker_side"":""yes"",""ticker"":""KXBTC15M-26APR281400-00"",""trade_id"":""b1e9bf53-e0c0-469e-e367-cd01e0292daa"",""yes_price_dollars"":""0.5400""}"
KXBTC15M-26APR281400-00,2985ffa7-9a25-49fc-c693-788159733241,1777398315,0.54,107.66,yes,"{""count_fp"":""107.66"",""created_time"":""2026-04-28T17:45:15.343468Z"",""no_price_dollars"":""0.4600"",""taker_side"":""yes"",""ticker"":""KXBTC15M-26APR281400-00"",""trade_id"":""2985ffa7-9a25-49fc-c693-788159733241"",""yes_price_dollars"":""0.5400""}"
KXBTC15M-26APR281400-00,3c46dd64-dcfd-44a8-3edd-02c8b16fa2a6,1777398315,0.53,92.31,no,"{""count_fp"":""92.31"",""created_time"":""2026-04-28T17:45:15.337864Z"",""no_price_dollars"":""0.4700"",""taker_side"":""no"",""ticker"":""KXBTC15M-26APR281400-00"",""trade_id"":""3c46dd64-dcfd-44a8-3edd-02c8b16fa2a6"",""yes_price_dollars"":""0.5300""}"
KXBTC15M-26APR281400-00,2cf288d1-8e85-43d4-e40b-30ee41b0f56e,1777398315,0.53,30.77,no,"{""count_fp"":""30.77"",""created_time"":""2026-04-28T17:45:15.008971Z"",""no_price_dollars"":""0.4700"",""taker_side"":""no"",""ticker"":""KXBTC15M-26APR281400-00"",""trade_id"":""2cf288d1-8e85-43d4-e40b-30ee41b0f56e"",""yes_price_dollars"":""0.5300""}"
KXBTC15M-26APR281400-00,75ce1dcb-0a52-5554-2f83-5f5dc350972b,1777398316,0.59,21.73,yes,"{""count_fp"":""21.73"",""created_time"":""2026-04-28T17:45:16.408523Z"",""no_price_dollars"":""0.4100"",""taker_side"":""yes"",""ticker"":""KXBTC15M-26APR281400-00"",""trade_id"":""75ce1dcb-0a52-5554-2f83-5f5dc350972b"",""yes_price_dollars"":""0.5900""}"
KXBTC15M-26APR281400-00,98695bc7-281c-40bc-949a-e88256f7ece7,1777398316,0.58,1.0,no,"{""count_fp"":""1.00"",""created_time"":""2026-04-28T17:45:16.211555Z"",""no_price_dollars"":""0.4200"",""taker_side"":""no"",""ticker"":""KXBTC15M-26APR281400-00"",""trade_id"":""98695bc7-281c-40bc-949a-e88256f7ece7"",""yes_price_dollars"":""0.5800""}"
KXBTC15M-26APR281400-00,fdd21090-4b6d-58f6-0a4d-e269c4f24944,1777398316,0.58,12.0,yes,"{""count_fp"":""12.00"",""created_time"":""2026-04-28T17:45:16.095935Z"",""no_price_dollars"":""0.4200"",""taker_side"":""yes"",""ticker"":""KXBTC15M-26APR281400-00"",""trade_id"":""fdd21090-4b6d-58f6-0a4d-e269c4f24944"",""yes_price_dollars"":""0.5800""}"
KXBTC15M-26APR281400-00,6d5e5920-4bc8-5319-131c-fd74a517c761,1777398316,0.58,10.0,yes,"{""count_fp"":""10.00"",""created_time"":""2026-04-28T17:45:16.095935Z"",""no_price_dollars"":""0.4200"",""taker_side"":""yes"",""ticker"":""KXBTC15M-26APR281400-00"",""trade_id"":""6d5e5920-4bc8-5319-131c-fd74a517c761"",""yes_price_dollars"":""0.5800""}"
KXBTC15M-26APR281400-00,f1c92d6a-f314-5e15-4046-37bca920715d,1777398316,0.58,40.66,yes,"{""count_fp"":""40.66"",""created_time"":""2026-04-28T17:45:16.013481Z"",""no_price_dollars"":""0.4200"",""taker_side"":""yes"",""ticker"":""KXBTC15M-26APR281400-00"",""trade_id"":""f1c92d6a-f314-5e15-4046-37bca920715d"",""yes_price_dollars"":""0.5800""}"
KXBTC15M-26APR281400-00,ccfb2be4-2cfa-5270-667c-4cafb0e81132,1777398316,0.55,1.0,yes,"{""count_fp"":""1.00"",""created_time"":""2026-04-28T17:45:16.013481Z"",""no_price_dollars"":""0.4500"",""taker_side"":""yes"",""ticker"":""KXBTC15M-26APR281400-00"",""trade_id"":""ccfb2be4-2cfa-5270-667c-4cafb0e81132"",""yes_price_dollars"":""0.5500""}"
KXBTC15M-26APR281400-00,a75b5d20-6821-5f36-78ff-33715ef1ffcd,1777398316,0.58,2.0,yes,"{""count_fp"":""2.00"",""created_time"":""2026-04-28T17:45:16.013481Z"",""no_price_dollars"":""0.4200"",""taker_side"":""yes"",""ticker"":""KXBTC15M-26APR281400-00"",""trade_id"":""a75b5d20-6821-5f36-78ff-33715ef1ffcd"",""yes_price_dollars"":""0.5800""}"
KXBTC15M-26APR281400-00,97d18aca-b445-5e46-52e7-e75dad84bf5d,1777398316,0.56,5.0,yes,"{""count_fp"":""5.00"",""created_time"":""2026-04-28T17:45:16.013481Z"",""no_price_dollars"":""0.4400"",""taker_side"":""yes"",""ticker"":""KXBTC15M-26APR281400-00"",""trade_id"":""97d18aca-b445-5e46-52e7-e75dad84bf5d"",""yes_price_dollars"":""0.5600""}"
KXBTC15M-26APR281400-00,974efccc-d293-5fd0-573c-5011d0ed47e7,1777398316,0.57,1.0,yes,"{""count_fp"":""1.00"",""created_time"":""2026-04-28T17:45:16.013481Z"",""no_price_dollars"":""0.4300"",""taker_side"":""yes"",""ticker"":""KXBTC15M-26APR281400-00"",""trade_id"":""974efccc-d293-5fd0-573c-5011d0ed47e7"",""yes_price_dollars"":""0.5700""}"
KXBTC15M-26APR281400-00,93ead2ce-c4f5-5e8f-7a1a-a53d71b072be,1777398316,0.55,5.0,yes,"{""count_fp"":""5.00"",""created_time"":""2026-04-28T17:45:16.013481Z"",""no_price_dollars"":""0.4500"",""taker_side"":""yes"",""ticker"":""KXBTC15M-26APR281400-00"",""trade_id"":""93ead2ce-c4f5-5e8f-7a1a-a53d71b072be"",""yes_price_dollars"":""0.5500""}"
KXBTC15M-26APR281400-00,8cf95b51-b2c7-54db-598e-629d7053ed39,1777398316,0.57,2.0,yes,"{""count_fp"":""2.00"",""created_time"":""2026-04-28T17:45:16.013481Z"",""no_price_dollars"":""0.4300"",""taker_side"":""yes"",""ticker"":""KXBTC15M-26APR281400-00"",""trade_id"":""8cf95b51-b2c7-54db-598e-629d7053ed39"",""yes_price_dollars"":""0.5700""}"
KXBTC15M-26APR281400-00,7a045d80-3cc7-5db6-56a1-89f11c62313f,1777398316,0.57,3.0,yes,"{""count_fp"":""3.00"",""created_time"":""2026-04-28T17:45:16.013481Z"",""no_price_dollars"":""0.4300"",""taker_side"":""yes"",""ticker"":""KXBTC15M-26APR281400-00"",""trade_id"":""7a045d80-3cc7-5db6-56a1-89f11c62313f"",""yes_price_dollars"":""0.5700""}"
KXBTC15M-26APR281400-00,573d1e9d-8f38-557b-500d-507dba350ddb,1777398316,0.56,1.0,yes,"{""count_fp"":""1.00"",""created_time"":""2026-04-28T17:45:16.013481Z"",""no_price_dollars"":""0.4400"",""taker_side"":""yes"",""ticker"":""KXBTC15M-26APR281400-00"",""trade_id"":""573d1e9d-8f38-557b-500d-507dba350ddb"",""yes_price_dollars"":""0.5600""}"
KXBTC15M-26APR281400-00,4d2d08ca-264a-56bc-4d46-935d968cf59c,1777398316,0.56,1.0,yes,"{""count_fp"":""1.00"",""created_time"":""2026-04-28T17:45:16.013481Z"",""no_price_dollars"":""0.4400"",""taker_side"":""yes"",""ticker"":""KXBTC15M-26APR281400-00"",""trade_id"":""4d2d08ca-264a-56bc-4d46-935d968cf59c"",""yes_price_dollars"":""0.5600""}"
KXBTC15M-26APR281400-00,316bc188-76c6-5f7c-44f2-6aa84b8c160c,1777398316,0.55,1.0,yes,"{""count_fp"":""1.00"",""created_time"":""2026-04-28T17:45:16.013481Z"",""no_price_dollars"":""0.4500"",""taker_side"":""yes"",""ticker"":""KXBTC15M-26APR281400-00"",""trade_id"":""316bc188-76c6-5f7c-44f2-6aa84b8c160c"",""yes_price_dollars"":""0.5500""}"
KXBTC15M-26APR281400-00,0f6259e4-d4c6-5d8a-588b-b4e01bd520ce,1777398316,0.56,10.0,yes,"{""count_fp"":""10.00"",""created_time"":""2026-04-28T17:45:16.013481Z"",""no_price_dollars"":""0.4400"",""taker_side"":""yes"",""ticker"":""KXBTC15M-26APR281400-00"",""trade_id"":""0f6259e4-d4c6-5d8a-588b-b4e01bd520ce"",""yes_price_dollars"":""0.5600""}"
KXBTC15M-26APR281400-00,0daf8e53-1aff-5b75-6bcb-e646bc90944b,1777398316,0.57,1.0,yes,"{""count_fp"":""1.00"",""created_time"":""2026-04-28T17:45:16.013481Z"",""no_price_dollars"":""0.4300"",""taker_side"":""yes"",""ticker"":""KXBTC15M-26APR281400-00"",""trade_id"":""0daf8e53-1aff-5b75-6bcb-e646bc90944b"",""yes_price_dollars"":""0.5700""}"
KXBTC15M-26APR281400-00,0924ea5d-1eaa-5479-711e-42f066da4451,1777398316,0.58,1.0,yes,"{""count_fp"":""1.00"",""created_time"":""2026-04-28T17:45:16.013481Z"",""no_price_dollars"":""0.4200"",""taker_side"":""yes"",""ticker"":""KXBTC15M-26APR281400-00"",""trade_id"":""0924ea5d-1eaa-5479-711e-42f066da4451"",""yes_price_dollars"":""0.5800""}"
KXBTC15M-26APR281400-00,7011c186-4033-5410-263b-dfd67e8706c6,1777398317,0.58,22.88,no,"{""count_fp"":""22.88"",""created_time"":""2026-04-28T17:45:17.656802Z"",""no_price_dollars"":""0.4200"",""taker_side"":""no"",""ticker"":""KXBTC15M-26APR281400-00"",""trade_id"":""7011c186-4033-5410-263b-dfd67e8706c6"",""yes_price_dollars"":""0.5800""}"
KXBTC15M-26APR281400-00,b8668144-5f1b-467c-89c2-13462bca2f52,1777398317,0.58,16.0,no,"{""count_fp"":""16.00"",""created_time"":""2026-04-28T17:45:17.570859Z"",""no_price_dollars"":""0.4200"",""taker_side"":""no"",""ticker"":""KXBTC15M-26APR281400-00"",""trade_id"":""b8668144-5f1b-467c-89c2-13462bca2f52"",""yes_price_dollars"":""0.5800""}"
KXBTC15M-26APR281400-00,c63fd98b-3ff6-588c-beaf-59468e60c344,1777398318,0.57,15.65,no,"{""count_fp"":""15.65"",""created_time"":""2026-04-28T17:45:18.765951Z"",""no_price_dollars"":""0.4300"",""taker_side"":""no"",""ticker"":""KXBTC15M-26APR281400-00"",""trade_id"":""c63fd98b-3ff6-588c-beaf-59468e60c344"",""yes_price_dollars"":""0.5700""}"
KXBTC15M-26APR281400-00,41eed5c1-b986-5387-b3c9-e4e2bb9f4c60,1777398318,0.57,40.0,no,"{""count_fp"":""40.00"",""created_time"":""2026-04-28T17:45:18.765951Z"",""no_price_dollars"":""0.4300"",""taker_side"":""no"",""ticker"":""KXBTC15M-26APR281400-00"",""trade_id"":""41eed5c1-b986-5387-b3c9-e4e2bb9f4c60"",""yes_price_dollars"":""0.5700""}"
KXBTC15M-26APR281400-00,80623ef1-7efc-410b-08b7-d1a779481d3b,1777398318,0.58,1.0,no,"{""count_fp"":""1.00"",""created_time"":""2026-04-28T17:45:18.700818Z"",""no_price_dollars"":""0.4200"",""taker_side"":""no"",""ticker"":""KXBTC15M-26APR281400-00"",""trade_id"":""80623ef1-7efc-410b-08b7-d1a779481d3b"",""yes_price_dollars"":""0.5800""}"
KXBTC15M-26APR281400-00,40912f8d-1e94-4b5c-22f3-9e39aa25a901,1777398318,0.58,11.1,no,"{""count_fp"":""11.10"",""created_time"":""2026-04-28T17:45:18.700818Z"",""no_price_dollars"":""0.4200"",""taker_side"":""no"",""ticker"":""KXBTC15M-26APR281400-00"",""trade_id"":""40912f8d-1e94-4b5c-22f3-9e39aa25a901"",""yes_price_dollars"":""0.5800""}"
KXBTC15M-26APR281400-00,8d4eb2ee-680f-56b1-ebfd-a6bb84a7c3c0,1777398318,0.59,1.64,yes,"{""count_fp"":""1.64"",""created_time"":""2026-04-28T17:45:18.291149Z"",""no_price_dollars"":""0.4100"",""taker_side"":""yes"",""ticker"":""KXBTC15M-26APR281400-00"",""trade_id"":""8d4eb2ee-680f-56b1-ebfd-a6bb84a7c3c0"",""yes_price_dollars"":""0.5900""}"
KXBTC15M-26APR281400-00,a4b118fa-2b9e-68c8-f086-75d81e93ff60,1777398319,0.58,8.0,no,"{""count_fp"":""8.00"",""created_time"":""2026-04-28T17:45:19.894768Z"",""no_price_dollars"":""0.4200"",""taker_side"":""no"",""ticker"":""KXBTC15M-26APR281400-00"",""trade_id"":""a4b118fa-2b9e-68c8-f086-75d81e93ff60"",""yes_price_dollars"":""0.5800""}"
KXBTC15M-26APR281400-00,4a8b616b-a6d6-6f50-681f-40ccce956ddc,1777398319,0.58,56.79,no,"{""count_fp"":""56.79"",""created_time"":""2026-04-28T17:45:19.559541Z"",""no_price_dollars"":""0.4200"",""taker_side"":""no"",""ticker"":""KXBTC15M-26APR281400-00"",""trade_id"":""4a8b616b-a6d6-6f50-681f-40ccce956ddc"",""yes_price_dollars"":""0.5800""}"
KXBTC15M-26APR281400-00,f8cde5d8-ed38-535a-887e-d011539204f6,1777398319,0.59,13.53,yes,"{""count_fp"":""13.53"",""created_time"":""2026-04-28T17:45:19.475881Z"",""no_price_dollars"":""0.4100"",""taker_side"":""yes"",""ticker"":""KXBTC15M-26APR281400-00"",""trade_id"":""f8cde5d8-ed38-535a-887e-d011539204f6"",""yes_price_dollars"":""0.5900""}"
KXBTC15M-26APR281400-00,3f067ad4-39f7-5de1-ac0c-c6b00497c18c,1777398319,0.59,2.94,yes,"{""count_fp"":""2.94"",""created_time"":""2026-04-28T17:45:19.475881Z"",""no_price_dollars"":""0.4100"",""taker_side"":""yes"",""ticker"":""KXBTC15M-26APR281400-00"",""trade_id"":""3f067ad4-39f7-5de1-ac0c-c6b00497c18c"",""yes_price_dollars"":""0.5900""}"
KXBTC15M-26APR281400-00,db44760e-ab42-4308-ec97-493e764bcce8,1777398319,0.58,50.81,no,"{""count_fp"":""50.81"",""created_time"":""2026-04-28T17:45:19.374539Z"",""no_price_dollars"":""0.4200"",""taker_side"":""no"",""ticker"":""KXBTC15M-26APR281400-00"",""trade_id"":""db44760e-ab42-4308-ec97-493e764bcce8"",""yes_price_dollars"":""0.5800""}"
KXBTC15M-26APR281400-00,491f1122-91ce-4dc0-a6a5-686712d24d84,1777398319,0.58,11.44,no,"{""count_fp"":""11.44"",""created_time"":""2026-04-28T17:45:19.297263Z"",""no_price_dollars"":""0.4200"",""taker_side"":""no"",""ticker"":""KXBTC15M-26APR281400-00"",""trade_id"":""491f1122-91ce-4dc0-a6a5-686712d24d84"",""yes_price_dollars"":""0.5800""}"
KXBTC15M-26APR281400-00,1ff48f47-19b4-7b7e-ce15-1845c7ae940a,1777398319,0.59,16.47,yes,"{""count_fp"":""16.47"",""created_time"":""2026-04-28T17:45:19.224683Z"",""no_price_dollars"":""0.4100"",""taker_side"":""yes"",""ticker"":""KXBTC15M-26APR281400-00"",""trade_id"":""1ff48f47-19b4-7b7e-ce15-1845c7ae940a"",""yes_price_dollars"":""0.5900""}"
KXBTC15M-26APR281400-00,b000d1a4-2096-6fa4-c578-3f5ec29441ac,1777398320,0.58,1.83,no,"{""count_fp"":""1.83"",""created_time"":""2026-04-28T17:45:20.984144Z"",""no_price_dollars"":""0.4200"",""taker_side"":""no"",""ticker"":""KXBTC15M-26APR281400-00"",""trade_id"":""b000d1a4-2096-6fa4-c578-3f5ec29441ac"",""yes_price_dollars"":""0.5800""}"
KXBTC15M-26APR281400-00,d003c830-2e13-7af8-ef65-0e33134ab8d4,1777398320,0.59,1.0,yes,"{""count_fp"":""1.00"",""created_time"":""2026-04-28T17:45:20.966432Z"",""no_price_dollars"":""0.4100"",""taker_side"":""yes"",""ticker"":""KXBTC15M-26APR281400-00"",""trade_id"":""d003c830-2e13-7af8-ef65-0e33134ab8d4"",""yes_price_dollars"":""0.5900""}"
KXBTC15M-26APR281400-00,1247dd05-c266-7734-78ee-fe1486691980,1777398320,0.58,29.52,no,"{""count_fp"":""29.52"",""created_time"":""2026-04-28T17:45:20.545972Z"",""no_price_dollars"":""0.4200"",""taker_side"":""no"",""ticker"":""KXBTC15M-26APR281400-00"",""trade_id"":""1247dd05-c266-7734-78ee-fe1486691980"",""yes_price_dollars"":""0.5800""}"
KXBTC15M-26APR281400-00,10a0366c-dc5e-4838-09c1-0a6ca2b68084,1777398320,0.58,114.4,no,"{""count_fp"":""114.40"",""created_time"":""2026-04-28T17:45:20.498754Z"",""no_price_dollars"":""0.4200"",""taker_side"":""no"",""ticker"":""KXBTC15M-26APR281400-00"",""trade_id"":""10a0366c-dc5e-4838-09c1-0a6ca2b68084"",""yes_price_dollars"":""0.5800""}"
KXBTC15M-26APR281400-00,ef65b48b-dbaa-5aca-ef47-6e3bf9af6e2f,1777398320,0.59,10.0,yes,"{""count_fp"":""10.00"",""created_time"":""2026-04-28T17:45:20.426967Z"",""no_price_dollars"":""0.4100"",""taker_side"":""yes"",""ticker"":""KXBTC15M-26APR281400-00"",""trade_id"":""ef65b48b-dbaa-5aca-ef47-6e3bf9af6e2f"",""yes_price_dollars"":""0.5900""}"
KXBTC15M-26APR281400-00,ba3c5857-607b-5385-c2d9-264ce8359df0,1777398320,0.59,2.06,yes,"{""count_fp"":""2.06"",""created_time"":""2026-04-28T17:45:20.426967Z"",""no_price_dollars"":""0.4100"",""taker_side"":""yes"",""ticker"":""KXBTC15M-26APR281400-00"",""trade_id"":""ba3c5857-607b-5385-c2d9-264ce8359df0"",""yes_price_dollars"":""0.5900""}"
KXBTC15M-26APR281400-00,1820aafc-a53d-5fd5-f676-253147e81957,1777398320,0.6,114.85,yes,"{""count_fp"":""114.85"",""created_time"":""2026-04-28T17:45:20.426967Z"",""no_price_dollars"":""0.4000"",""taker_side"":""yes"",""ticker"":""KXBTC15M-26APR281400-00"",""trade_id"":""1820aafc-a53d-5fd5-f676-253147e81957"",""yes_price_dollars"":""0.6000""}"
KXBTC15M-26APR281400-00,af684cf3-52a8-79dd-a59c-4aacf32f4c9e,1777398321,0.59,4.0,yes,"{""count_fp"":""4.00"",""created_time"":""2026-04-28T17:45:21.398844Z"",""no_price_dollars"":""0.4100"",""taker_side"":""yes"",""ticker"":""KXBTC15M-26APR281400-00"",""trade_id"":""af684cf3-52a8-79dd-a59c-4aacf32f4c9e"",""yes_price_dollars"":""0.5900""}"
KXBTC15M-26APR281400-00,552cda90-4c2a-7f7d-9c34-2f560816d71a,1777398321,0.59,78.38,yes,"{""count_fp"":""78.38"",""created_time"":""2026-04-28T17:45:21.398844Z"",""no_price_dollars"":""0.4100"",""taker_side"":""yes"",""ticker"":""KXBTC15M-26APR281400-00"",""trade_id"":""552cda90-4c2a-7f7d-9c34-2f560816d71a"",""yes_price_dollars"":""0.5900""}"
KXBTC15M-26APR281400-00,23799bd7-0989-6511-3186-7c844ed46057,1777398321,0.58,1.12,no,"{""count_fp"":""1.12"",""created_time"":""2026-04-28T17:45:21.351885Z"",""no_price_dollars"":""0.4200"",""taker_side"":""no"",""ticker"":""KXBTC15M-26APR281400-00"",""trade_id"":""23799bd7-0989-6511-3186-7c844ed46057"",""yes_price_dollars"":""0.5800""}"
KXBTC15M-26APR281400-00,0962ae95-3a38-6030-1a4b-0b24ebfa0831,1777398321,0.58,4.88,no,"{""count_fp"":""4.88"",""created_time"":""2026-04-28T17:45:21.351885Z"",""no_price_dollars"":""0.4200"",""taker_side"":""no"",""ticker"":""KXBTC15M-26APR281400-00"",""trade_id"":""0962ae95-3a38-6030-1a4b-0b24ebfa0831"",""yes_price_dollars"":""0.5800""}"
KXBTC15M-26APR281400-00,ccafa4dd-8c38-5491-7241-0c645b18246e,1777398321,0.59,10.0,yes,"{""count_fp"":""10.00"",""created_time"":""2026-04-28T17:45:21.325645Z"",""no_price_dollars"":""0.4100"",""taker_side"":""yes"",""ticker"":""KXBTC15M-26APR281400-00"",""trade_id"":""ccafa4dd-8c38-5491-7241-0c645b18246e"",""yes_price_dollars"":""0.5900""}"
KXBTC15M-26APR281400-00,7273f6de-1549-4909-ba0c-990d0bf2ec57,1777398321,0.58,38.88,no,"{""count_fp"":""38.88"",""created_time"":""2026-04-28T17:45:21.289328Z"",""no_price_dollars"":""0.4200"",""taker_side"":""no"",""ticker"":""KXBTC15M-26APR281400-00"",""trade_id"":""7273f6de-1549-4909-ba0c-990d0bf2ec57"",""yes_price_dollars"":""0.5800""}"
KXBTC15M-26APR281400-00,116bf190-d00c-693d-7712-66d6f80a40d2,1777398321,0.59,3.0,yes,"{""count_fp"":""3.00"",""created_time"":""2026-04-28T17:45:21.195503Z"",""no_price_dollars"":""0.4100"",""taker_side"":""yes"",""ticker"":""KXBTC15M-26APR281400-00"",""trade_id"":""116bf190-d00c-693d-7712-66d6f80a40d2"",""yes_price_dollars"":""0.5900""}"
KXBTC15M-26APR281400-00,2222290e-eda4-6011-9521-a38e83c87242,1777398321,0.59,20.0,yes,"{""count_fp"":""20.00"",""created_time"":""2026-04-28T17:45:21.065946Z"",""no_price_dollars"":""0.4100"",""taker_side"":""yes"",""ticker"":""KXBTC15M-26APR281400-00"",""trade_id"":""2222290e-eda4-6011-9521-a38e83c87242"",""yes_price_dollars"":""0.5900""}"
KXBTC15M-26APR281400-00,cad4d0e7-efd0-7eed-e218-50f80dd4d6ba,1777398321,0.59,19.0,yes,"{""count_fp"":""19.00"",""created_time"":""2026-04-28T17:45:21.020382Z"",""no_price_dollars"":""0.4100"",""taker_side"":""yes"",""ticker"":""KXBTC15M-26APR281400-00"",""trade_id"":""cad4d0e7-efd0-7eed-e218-50f80dd4d6ba"",""yes_price_dollars"":""0.5900""}"
KXBTC15M-26APR281400-00,5894de29-6c0b-71e0-f120-1b9946d4681c,1777398321,0.59,19.0,yes,"{""count_fp"":""19.00"",""created_time"":""2026-04-28T17:45:21.020382Z"",""no_price_dollars"":""0.4100"",""taker_side"":""yes"",""ticker"":""KXBTC15M-26APR281400-00"",""trade_id"":""5894de29-6c0b-71e0-f120-1b9946d4681c"",""yes_price_dollars"":""0.5900""}"
KXBTC15M-26APR281400-00,067178a5-cadf-79c8-f1ac-535bcc888f0c,1777398321,0.59,3.0,yes,"{""count_fp"":""3.00"",""created_time"":""2026-04-28T17:45:21.020382Z"",""no_price_dollars"":""0.4100"",""taker_side"":""yes"",""ticker"":""KXBTC15M-26APR281400-00"",""trade_id"":""067178a5-cadf-79c8-f1ac-535bcc888f0c"",""yes_price_dollars"":""0.5900""}"
KXBTC15M-26APR281400-00,fc6bb4d0-daf2-6eb0-9551-bc287b7f4cdc,1777398321,0.58,6.86,no,"{""count_fp"":""6.86"",""created_time"":""2026-04-28T17:45:21.011362Z"",""no_price_dollars"":""0.4200"",""taker_side"":""no"",""ticker"":""KXBTC15M-26APR281400-00"",""trade_id"":""fc6bb4d0-daf2-6eb0-9551-bc287b7f4cdc"",""yes_price_dollars"":""0.5800""}"
KXBTC15M-26APR281400-00,7a202e4c-1598-42e8-c541-7844b9a1e7a5,1777398322,0.58,35.0,no,"{""count_fp"":""35.00"",""created_time"":""2026-04-28T17:45:22.911366Z"",""no_price_dollars"":""0.4200"",""taker_side"":""no"",""ticker"":""KXBTC15M-26APR281400-00"",""trade_id"":""7a202e4c-1598-42e8-c541-7844b9a1e7a5"",""yes_price_dollars"":""0.5800""}"
KXBTC15M-26APR281400-00,f4b67606-5f8e-5281-f026-4f14cdf1d63a,1777398322,0.59,40.96,yes,"{""count_fp"":""40.96"",""created_time"":""2026-04-28T17:45:22.798965Z"",""no_price_dollars"":""0.4100"",""taker_side"":""yes"",""ticker"":""KXBTC15M-26APR281400-00"",""trade_id"":""f4b67606-5f8e-5281-f026-4f14cdf1d63a"",""yes_price_dollars"":""0.5900""}"
KXBTC15M-26APR281400-00,407ff2e4-3a76-4649-a9b2-4a6ad3992aaa,1777398322,0.59,8.23,yes,"{""count_fp"":""8.23"",""created_time"":""2026-04-28T17:45:22.618871Z"",""no_price_dollars"":""0.4100"",""taker_side"":""yes"",""ticker"":""KXBTC15M-26APR281400-00"",""trade_id"":""407ff2e4-3a76-4649-a9b2-4a6ad3992aaa"",""yes_price_dollars"":""0.5900""}"
KXBTC15M-26APR281400-00,a85e0d29-bc54-6bc4-e8c7-86e36c8af439,1777398322,0.58,11.44,no,"{""count_fp"":""11.44"",""created_time"":""2026-04-28T17:45:22.403169Z"",""no_price_dollars"":""0.4200"",""taker_side"":""no"",""ticker"":""KXBTC15M-26APR281400-00"",""trade_id"":""a85e0d29-bc54-6bc4-e8c7-86e36c8af439"",""yes_price_dollars"":""0.5800""}"
KXBTC15M-26APR281400-00,bc27caa7-1a15-470a-a4d4-454b1e6e8469,1777398323,0.49,27.26,no,"{""count_fp"":""27.26"",""created_time"":""2026-04-28T17:45:23.974749Z"",""no_price_dollars"":""0.5100"",""taker_side"":""no"",""ticker"":""KXBTC15M-26APR281400-00"",""trade_id"":""bc27caa7-1a15-470a-a4d4-454b1e6e8469"",""yes_price_dollars"":""0.4900""}"
KXBTC15M-26APR281400-00,a2a9d762-99f6-4434-9e2b-39abd6beba60,1777398323,0.49,42.45,no,"{""count_fp"":""42.45"",""created_time"":""2026-04-28T17:45:23.974749Z"",""no_price_dollars"":""0.5100"",""taker_side"":""no"",""ticker"":""KXBTC15M-26APR281400-00"",""trade_id"":""a2a9d762-99f6-4434-9e2b-39abd6beba60"",""yes_price_dollars"":""0.4900""}"
KXBTC15M-26APR281400-00,7e57d737-2f18-4d5a-9747-eac3f0e99cb5,1777398323,0.49,5.0,no,"{""count_fp"":""5.00"",""created_time"":""2026-04-28T17:45:23.974749Z"",""no_price_dollars"":""0.5100"",""taker_side"":""no"",""ticker"":""KXBTC15M-26APR281400-00"",""trade_id"":""7e57d737-2f18-4d5a-9747-eac3f0e99cb5"",""yes_price_dollars"":""0.4900""}"
KXBTC15M-26APR281400-00,f416596a-f68a-6959-e2ae-70c4a1a748bb,1777398323,0.5,4.0,no,"{""count_fp"":""4.00"",""created_time"":""2026-04-28T17:45:23.946537Z"",""no_price_dollars"":""0.5000"",""taker_side"":""no"",""ticker"":""KXBTC15M-26APR281400-00"",""trade_id"":""f416596a-f68a-6959-e2ae-70c4a1a748bb"",""yes_price_dollars"":""0.5000""}"
KXBTC15M-26APR281400-00,d88e8429-a664-6f28-d3da-09f24ea10106,1777398323,0.5,1.0,no,"{""count_fp"":""1.00"",""created_time"":""2026-04-28T17:45:23.946537Z"",""no_price_dollars"":""0.5000"",""taker_side"":""no"",""ticker"":""KXBTC15M-26APR281400-00"",""trade_id"":""d88e8429-a664-6f28-d3da-09f24ea10106"",""yes_price_dollars"":""0.5000""}"
KXBTC15M-26APR281400-00,81ac528e-2864-64dc-c4c5-7bbc38585204,1777398323,0.5,2.0,no,"{""count_fp"":""2.00"",""created_time"":""2026-04-28T17:45:23.946537Z"",""no_price_dollars"":""0.5000"",""taker_side"":""no"",""ticker"":""KXBTC15M-26APR281400-00"",""trade_id"":""81ac528e-2864-64dc-c4c5-7bbc38585204"",""yes_price_dollars"":""0.5000""}"
KXBTC15M-26APR281400-00,19514438-8500-6c12-ffb0-eab97b5355d1,1777398323,0.5,5.0,no,"{""count_fp"":""5.00"",""created_time"":""2026-04-28T17:45:23.946537Z"",""no_price_dollars"":""0.5000"",""taker_side"":""no"",""ticker"":""KXBTC15M-26APR281400-00"",""trade_id"":""19514438-8500-6c12-ffb0-eab97b5355d1"",""yes_price_dollars"":""0.5000""}"
KXBTC15M-26APR281400-00,6e5e5d60-249a-757e-c58d-4c066347a6aa,1777398323,0.53,7.0,no,"{""count_fp"":""7.00"",""created_time"":""2026-04-28T17:45:23.902587Z"",""no_price_dollars"":""0.4700"",""taker_side"":""no"",""ticker"":""KXBTC15M-26APR281400-00"",""trade_id"":""6e5e5d60-249a-757e-c58d-4c066347a6aa"",""yes_price_dollars"":""0.5300""}"
KXBTC15M-26APR281400-00,d63c6059-79c5-575c-2b93-d09e5b6fc778,1777398323,0.55,3.0,no,"{""count_fp"":""3.00"",""created_time"":""2026-04-28T17:45:23.882347Z"",""no_price_dollars"":""0.4500"",""taker_side"":""no"",""ticker"":""KXBTC15M-26APR281400-00"",""trade_id"":""d63c6059-79c5-575c-2b93-d09e5b6fc778"",""yes_price_dollars"":""0.5500""}"
KXBTC15M-26APR281400-00,26caeda1-dbc6-5a9a-0cd5-533e7479f96a,1777398323,0.54,150.0,no,"{""count_fp"":""150.00"",""created_time"":""2026-04-28T17:45:23.882347Z"",""no_price_dollars"":""0.4600"",""taker_side"":""no"",""ticker"":""KXBTC15M-26APR281400-00"",""trade_id"":""26caeda1-dbc6-5a9a-0cd5-533e7479f96a"",""yes_price_dollars"":""0.5400""}"
KXBTC15M-26APR281400-00,700f63d4-d43a-6d58-20ac-e89abd876d41,1777398323,0.57,5.0,no,"{""count_fp"":""5.00"",""created_time"":""2026-04-28T17:45:23.864873Z"",""no_price_dollars"":""0.4300"",""taker_side"":""no"",""ticker"":""KXBTC15M-26APR281400-00"",""trade_id"":""700f63d4-d43a-6d58-20ac-e89abd876d41"",""yes_price_dollars"":""0.5700""}"
KXBTC15M-26APR281400-00,40e7e57f-02e2-51cc-9acf-6bbdc32e4709,1777398323,0.57,7.0,no,"{""count_fp"":""7.00"",""created_time"":""2026-04-28T17:45:23.847311Z"",""no_price_dollars"":""0.4300"",""taker_side"":""no"",""ticker"":""KXBTC15M-26APR281400-00"",""trade_id"":""40e7e57f-02e2-51cc-9acf-6bbdc32e4709"",""yes_price_dollars"":""0.5700""}"
KXBTC15M-26APR281400-00,35bb6339-1887-4fc9-ca53-8ea6f5999012,1777398323,0.58,40.85,no,"{""count_fp"":""40.85"",""created_time"":""2026-04-28T17:45:23.789642Z"",""no_price_dollars"":""0.4200"",""taker_side"":""no"",""ticker"":""KXBTC15M-26APR281400-00"",""trade_id"":""35bb6339-1887-4fc9-ca53-8ea6f5999012"",""yes_price_dollars"":""0.5800""}"
KXBTC15M-26APR281400-00,e9e6874b-f2fe-68f3-d7b3-4eebbe1edb28,1777398323,0.59,16.3,yes,"{""count_fp"":""16.30"",""created_time"":""2026-04-28T17:45:23.786723Z"",""no_price_dollars"":""0.4100"",""taker_side"":""yes"",""ticker"":""KXBTC15M-26APR281400-00"",""trade_id"":""e9e6874b-f2fe-68f3-d7b3-4eebbe1edb28"",""yes_price_dollars"":""0.5900""}"
KXBTC15M-26APR281400-00,7a4b6086-0764-619a-fae2-b68f5cc779cb,1777398323,0.59,7.05,yes,"{""count_fp"":""7.05"",""created_time"":""2026-04-28T17:45:23.786723Z"",""no_price_dollars"":""0.4100"",""taker_side"":""yes"",""ticker"":""KXBTC15M-26APR281400-00"",""trade_id"":""7a4b6086-0764-619a-fae2-b68f5cc779cb"",""yes_price_dollars"":""0.5900""}"
KXBTC15M-26APR281400-00,440fc09d-fece-69ca-d2ce-f01b98ec5366,1777398323,0.59,3.0,yes,"{""count_fp"":""3.00"",""created_time"":""2026-04-28T17:45:23.786723Z"",""no_price_dollars"":""0.4100"",""taker_side"":""yes"",""ticker"":""KXBTC15M-26APR281400-00"",""trade_id"":""440fc09d-fece-69ca-d2ce-f01b98ec5366"",""yes_price_dollars"":""0.5900""}"
KXBTC15M-26APR281400-00,3e2d20d6-b30f-410d-fd2d-5d7fd1b2a9d2,1777398323,0.58,21.4,no,"{""count_fp"":""21.40"",""created_time"":""2026-04-28T17:45:23.785485Z"",""no_price_dollars"":""0.4200"",""taker_side"":""no"",""ticker"":""KXBTC15M-26APR281400-00"",""trade_id"":""3e2d20d6-b30f-410d-fd2d-5d7fd1b2a9d2"",""yes_price_dollars"":""0.5800""}"
KXBTC15M-26APR281400-00,e015c943-8eaf-71e5-2f2c-248f4a21ab22,1777398323,0.58,29.98,no,"{""count_fp"":""29.98"",""created_time"":""2026-04-28T17:45:23.774883Z"",""no_price_dollars"":""0.4200"",""taker_side"":""no"",""ticker"":""KXBTC15M-26APR281400-00"",""trade_id"":""e015c943-8eaf-71e5-2f2c-248f4a21ab22"",""yes_price_dollars"":""0.5800""}"
KXBTC15M-26APR281400-00,9f1f7c41-7824-7022-03a1-dfa9b1a3669f,1777398323,0.59,32.95,yes,"{""count_fp"":""32.95"",""created_time"":""2026-04-28T17:45:23.758966Z"",""no_price_dollars"":""0.4100"",""taker_side"":""yes"",""ticker"":""KXBTC15M-26APR281400-00"",""trade_id"":""9f1f7c41-7824-7022-03a1-dfa9b1a3669f"",""yes_price_dollars"":""0.5900""}"
KXBTC15M-26APR281400-00,0673d433-4a4f-544d-338a-f404a45ff74a,1777398323,0.58,20.77,no,"{""count_fp"":""20.77"",""created_time"":""2026-04-28T17:45:23.738565Z"",""no_price_dollars"":""0.4200"",""taker_side"":""no"",""ticker"":""KXBTC15M-26APR281400-00"",""trade_id"":""0673d433-4a4f-544d-338a-f404a45ff74a"",""yes_price_dollars"":""0.5800""}"
KXBTC15M-26APR281400-00,fe4f34e7-6264-6ef4-2037-9d29301b59ad,1777398323,0.58,68.3,no,"{""count_fp"":""68.30"",""created_time"":""2026-04-28T17:45:23.717976Z"",""no_price_dollars"":""0.4200"",""taker_side"":""no"",""ticker"":""KXBTC15M-26APR281400-00"",""trade_id"":""fe4f34e7-6264-6ef4-2037-9d29301b59ad"",""yes_price_dollars"":""0.5800""}"
KXBTC15M-26APR281400-00,ba0107f3-9a0c-6c78-cfd4-0be138bcf845,1777398323,0.58,31.38,no,"{""count_fp"":""31.38"",""created_time"":""2026-04-28T17:45:23.717165Z"",""no_price_dollars"":""0.4200"",""taker_side"":""no"",""ticker"":""KXBTC15M-26APR281400-00"",""trade_id"":""ba0107f3-9a0c-6c78-cfd4-0be138bcf845"",""yes_price_dollars"":""0.5800""}"
KXBTC15M-26APR281400-00,a1fca087-17d8-62f0-c984-cabe25e163e9,1777398323,0.58,45.74,no,"{""count_fp"":""45.74"",""created_time"":""2026-04-28T17:45:23.664531Z"",""no_price_dollars"":""0.4200"",""taker_side"":""no"",""ticker"":""KXBTC15M-26APR281400-00"",""trade_id"":""a1fca087-17d8-62f0-c984-cabe25e163e9"",""yes_price_dollars"":""0.5800""}"
KXBTC15M-26APR281400-00,f35bf56b-668e-6a0d-e359-99b310b61702,1777398323,0.6,12.95,yes,"{""count_fp"":""12.95"",""created_time"":""2026-04-28T17:45:23.581026Z"",""no_price_dollars"":""0.4000"",""taker_side"":""yes"",""ticker"":""KXBTC15M-26APR281400-00"",""trade_id"":""f35bf56b-668e-6a0d-e359-99b310b61702"",""yes_price_dollars"":""0.6000""}"
KXBTC15M-26APR281400-00,5d58e705-9bbd-6d2f-e3ca-8bba3c8172fc,1777398323,0.59,10.0,yes,"{""count_fp"":""10.00"",""created_time"":""2026-04-28T17:45:23.581026Z"",""no_price_dollars"":""0.4100"",""taker_side"":""yes"",""ticker"":""KXBTC15M-26APR281400-00"",""trade_id"":""5d58e705-9bbd-6d2f-e3ca-8bba3c8172fc"",""yes_price_dollars"":""0.5900""}"
KXBTC15M-26APR281400-00,58835658-2aa0-6a59-e0a6-be51fd78e4ac,1777398323,0.59,40.0,yes,"{""count_fp"":""40.00"",""created_time"":""2026-04-28T17:45:23.581026Z"",""no_price_dollars"":""0.4100"",""taker_side"":""yes"",""ticker"":""KXBTC15M-26APR281400-00"",""trade_id"":""58835658-2aa0-6a59-e0a6-be51fd78e4ac"",""yes_price_dollars"":""0.5900""}"
KXBTC15M-26APR281400-00,55337fe2-2b4c-60b4-faa7-58a7ff49aaa2,1777398323,0.59,10.0,yes,"{""count_fp"":""10.00"",""created_time"":""2026-04-28T17:45:23.581026Z"",""no_price_dollars"":""0.4100"",""taker_side"":""yes"",""ticker"":""KXBTC15M-26APR281400-00"",""trade_id"":""55337fe2-2b4c-60b4-faa7-58a7ff49aaa2"",""yes_price_dollars"":""0.5900""}"
KXBTC15M-26APR281400-00,8539e0de-2c30-4e10-771b-e8585574d109,1777398323,0.58,6.86,no,"{""count_fp"":""6.86"",""created_time"":""2026-04-28T17:45:23.566258Z"",""no_price_dollars"":""0.4200"",""taker_side"":""no"",""ticker"":""KXBTC15M-26APR281400-00"",""trade_id"":""8539e0de-2c30-4e10-771b-e8585574d109"",""yes_price_dollars"":""0.5800""}"
KXBTC15M-26APR281400-00,f89e8c28-4352-4560-347d-face1e7b689c,1777398323,0.6,12.0,yes,"{""count_fp"":""12.00"",""created_time"":""2026-04-28T17:45:23.257132Z"",""no_price_dollars"":""0.4000"",""taker_side"":""yes"",""ticker"":""KXBTC15M-26APR281400-00"",""trade_id"":""f89e8c28-4352-4560-347d-face1e7b689c"",""yes_price_dollars"":""0.6000""}"
KXBTC15M-26APR281400-00,8c744934-96fa-4705-1b48-8f88ce09011f,1777398323,0.59,40.0,yes,"{""count_fp"":""40.00"",""created_time"":""2026-04-28T17:45:23.257132Z"",""no_price_dollars"":""0.4100"",""taker_side"":""yes"",""ticker"":""KXBTC15M-26APR281400-00"",""trade_id"":""8c744934-96fa-4705-1b48-8f88ce09011f"",""yes_price_dollars"":""0.5900""}"
KXBTC15M-26APR281400-00,5cba1451-17d9-46b9-33e6-8f41289e0e5f,1777398323,0.6,2.84,yes,"{""count_fp"":""2.84"",""created_time"":""2026-04-28T17:45:23.257132Z"",""no_price_dollars"":""0.4000"",""taker_side"":""yes"",""ticker"":""KXBTC15M-26APR281400-00"",""trade_id"":""5cba1451-17d9-46b9-33e6-8f41289e0e5f"",""yes_price_dollars"":""0.6000""}"
KXBTC15M-26APR281400-00,59963f8c-168e-4a9d-3ef4-cd862f857f54,1777398323,0.6,3.0,yes,"{""count_fp"":""3.00"",""created_time"":""2026-04-28T17:45:23.257132Z"",""no_price_dollars"":""0.4000"",""taker_side"":""yes"",""ticker"":""KXBTC15M-26APR281400-00"",""trade_id"":""59963f8c-168e-4a9d-3ef4-cd862f857f54"",""yes_price_dollars"":""0.6000""}"
KXBTC15M-26APR281400-00,5044af70-9326-4aed-3d3d-b2c7bc7ef234,1777398323,0.6,113.0,yes,"{""count_fp"":""113.00"",""created_time"":""2026-04-28T17:45:23.257132Z"",""no_price_dollars"":""0.4000"",""taker_side"":""yes"",""ticker"":""KXBTC15M-26APR281400-00"",""trade_id"":""5044af70-9326-4aed-3d3d-b2c7bc7ef234"",""yes_price_dollars"":""0.6000""}"
KXBTC15M-26APR281400-00,42005135-0761-4700-2944-13837c54de05,1777398323,0.6,40.0,yes,"{""count_fp"":""40.00"",""created_time"":""2026-04-28T17:45:23.257132Z"",""no_price_dollars"":""0.4000"",""taker_side"":""yes"",""ticker"":""KXBTC15M-26APR281400-00"",""trade_id"":""42005135-0761-4700-2944-13837c54de05"",""yes_price_dollars"":""0.6000""}"
KXBTC15M-26APR281400-00,282b663d-7f74-496a-22b8-abfdede1719c,1777398323,0.6,40.0,yes,"{""count_fp"":""40.00"",""created_time"":""2026-04-28T17:45:23.257132Z"",""no_price_dollars"":""0.4000"",""taker_side"":""yes"",""ticker"":""KXBTC15M-26APR281400-00"",""trade_id"":""282b663d-7f74-496a-22b8-abfdede1719c"",""yes_price_dollars"":""0.6000""}"
KXBTC15M-26APR281400-00,21ba7da6-f693-4ea8-1e2d-28de9ac16c8a,1777398323,0.6,193.34,yes,"{""count_fp"":""193.34"",""created_time"":""2026-04-28T17:45:23.257132Z"",""no_price_dollars"":""0.4000"",""taker_side"":""yes"",""ticker"":""KXBTC15M-26APR281400-00"",""trade_id"":""21ba7da6-f693-4ea8-1e2d-28de9ac16c8a"",""yes_price_dollars"":""0.6000""}"
KXBTC15M-26APR281400-00,21fc3ede-8240-4254-538b-a673410d3171,1777398323,0.58,50.0,no,"{""count_fp"":""50.00"",""created_time"":""2026-04-28T17:45:23.225517Z"",""no_price_dollars"":""0.4200"",""taker_side"":""no"",""ticker"":""KXBTC15M-26APR281400-00"",""trade_id"":""21fc3ede-8240-4254-538b-a673410d3171"",""yes_price_dollars"":""0.5800""}"
KXBTC15M-26APR281400-00,ad9173a9-1938-7774-c4de-60b5782db3f1,1777398323,0.58,11.44,no,"{""count_fp"":""11.44"",""created_time"":""2026-04-28T17:45:23.155717Z"",""no_price_dollars"":""0.4200"",""taker_side"":""no"",""ticker"":""KXBTC15M-26APR281400-00"",""trade_id"":""ad9173a9-1938-7774-c4de-60b5782db3f1"",""yes_price_dollars"":""0.5800""}"
KXBTC15M-26APR281400-00,a7f0e300-ef54-7ce7-3c99-f72148195967,1777398324,0.47,8.63,yes,"{""count_fp"":""8.63"",""created_time"":""2026-04-28T17:45:24.916295Z"",""no_price_dollars"":""0.5300"",""taker_side"":""yes"",""ticker"":""KXBTC15M-26APR281400-00"",""trade_id"":""a7f0e300-ef54-7ce7-3c99-f72148195967"",""yes_price_dollars"":""0.4700""}"
KXBTC15M-26APR281400-00,7af10269-6c78-4aff-e293-db66639a2217,1777398324,0.47,22.69,yes,"{""count_fp"":""22.69"",""created_time"":""2026-04-28T17:45:24.730509Z"",""no_price_dollars"":""0.5300"",""taker_side"":""yes"",""ticker"":""KXBTC15M-26APR281400-00"",""trade_id"":""7af10269-6c78-4aff-e293-db66639a2217"",""yes_price_dollars"":""0.4700""}"
KXBTC15M-26APR281400-00,cfd9e140-5e1d-6cf3-34a1-791712c5c28d,1777398324,0.47,13.52,yes,"{""count_fp"":""13.52"",""created_time"":""2026-04-28T17:45:24.479574Z"",""no_price_dollars"":""0.5300"",""taker_side"":""yes"",""ticker"":""KXBTC15M-26APR281400-00"",""trade_id"":""cfd9e140-5e1d-6cf3-34a1-791712c5c28d"",""yes_price_dollars"":""0.4700""}"
KXBTC15M-26APR281400-00,d8fc127a-d4e3-74ae-0d8c-04b35e42346d,1777398324,0.48,7.05,yes,"{""count_fp"":""7.05"",""created_time"":""2026-04-28T17:45:24.257087Z"",""no_price_dollars"":""0.5200"",""taker_side"":""yes"",""ticker"":""KXBTC15M-26APR281400-00"",""trade_id"":""d8fc127a-d4e3-74ae-0d8c-04b35e42346d"",""yes_price_dollars"":""0.4800""}"
KXBTC15M-26APR281400-00,b3948f06-a41e-7701-1aa1-8e9de5e4ae96,1777398324,0.48,29.19,yes,"{""count_fp"":""29.19"",""created_time"":""2026-04-28T17:45:24.257087Z"",""no_price_dollars"":""0.5200"",""taker_side"":""yes"",""ticker"":""KXBTC15M-26APR281400-00"",""trade_id"":""b3948f06-a41e-7701-1aa1-8e9de5e4ae96"",""yes_price_dollars"":""0.4800""}"
KXBTC15M-26APR281400-00,b860590d-6f7f-59ea-7084-d7a9d9d6cc4d,1777398324,0.48,32.95,yes,"{""count_fp"":""32.95"",""created_time"":""2026-04-28T17:45:24.011234Z"",""no_price_dollars"":""0.5200"",""taker_side"":""yes"",""ticker"":""KXBTC15M-26APR281400-00"",""trade_id"":""b860590d-6f7f-59ea-7084-d7a9d9d6cc4d"",""yes_price_dollars"":""0.4800""}"
KXBTC15M-26APR281400-00,9805f610-f080-4a0c-12a8-64bed500501a,1777398325,0.47,3.0,yes,"{""count_fp"":""3.00"",""created_time"":""2026-04-28T17:45:25.989033Z"",""no_price_dollars"":""0.5300"",""taker_side"":""yes"",""ticker"":""KXBTC15M-26APR281400-00"",""trade_id"":""9805f610-f080-4a0c-12a8-64bed500501a"",""yes_price_dollars"":""0.4700""}"
KXBTC15M-26APR281400-00,80734061-fe15-4a5f-267d-6e3420e41524,1777398325,0.48,7.43,yes,"{""count_fp"":""7.43"",""created_time"":""2026-04-28T17:45:25.989033Z"",""no_price_dollars"":""0.5200"",""taker_side"":""yes"",""ticker"":""KXBTC15M-26APR281400-00"",""trade_id"":""80734061-fe15-4a5f-267d-6e3420e41524"",""yes_price_dollars"":""0.4800""}"
KXBTC15M-26APR281400-00,5713c8ff-bbf2-4d07-0fdd-af4634b19964,1777398325,0.47,1.0,yes,"{""count_fp"":""1.00"",""created_time"":""2026-04-28T17:45:25.989033Z"",""no_price_dollars"":""0.5300"",""taker_side"":""yes"",""ticker"":""KXBTC15M-26APR281400-00"",""trade_id"":""5713c8ff-bbf2-4d07-0fdd-af4634b19964"",""yes_price_dollars"":""0.4700""}"
KXBTC15M-26APR281400-00,16cc5a12-b07b-4e5a-33cf-34a14545b63f,1777398325,0.47,28.7,yes,"{""count_fp"":""28.70"",""created_time"":""2026-04-28T17:45:25.989033Z"",""no_price_dollars"":""0.5300"",""taker_side"":""yes"",""ticker"":""KXBTC15M-26APR281400-00"",""trade_id"":""16cc5a12-b07b-4e5a-33cf-34a14545b63f"",""yes_price_dollars"":""0.4700""}"
KXBTC15M-26APR281400-00,fd70d80d-cd3a-4ef7-54c7-b9762b9d8693,1777398325,0.46,4.0,no,"{""count_fp"":""4.00"",""created_time"":""2026-04-28T17:45:25.925978Z"",""no_price_dollars"":""0.5400"",""taker_side"":""no"",""ticker"":""KXBTC15M-26APR281400-00"",""trade_id"":""fd70d80d-cd3a-4ef7-54c7-b9762b9d8693"",""yes_price_dollars"":""0.4600""}"
KXBTC15M-26APR281400-00,f2fe01ae-03b2-4561-6aac-03c4c60145a7,1777398325,0.46,5.0,no,"{""count_fp"":""5.00"",""created_time"":""2026-04-28T17:45:25.925978Z"",""no_price_dollars"":""0.5400"",""taker_side"":""no"",""ticker"":""KXBTC15M-26APR281400-00"",""trade_id"":""f2fe01ae-03b2-4561-6aac-03c4c60145a7"",""yes_price_dollars"":""0.4600""}"
KXBTC15M-26APR281400-00,f2627053-4577-45e9-7696-e64e5eb209d0,1777398325,0.45,1.0,no,"{""count_fp"":""1.00"",""created_time"":""2026-04-28T17:45:25.925978Z"",""no_price_dollars"":""0.5500"",""taker_side"":""no"",""ticker"":""KXBTC15M-26APR281400-00"",""trade_id"":""f2627053-4577-45e9-7696-e64e5eb209d0"",""yes_price_dollars"":""0.4500""}"
KXBTC15M-26APR281400-00,e9e3c6a4-0102-4a17-6ebe-b1104f4829aa,1777398325,0.46,14.0,no,"{""count_fp"":""14.00"",""created_time"":""2026-04-28T17:45:25.925978Z"",""no_price_dollars"":""0.5400"",""taker_side"":""no"",""ticker"":""KXBTC15M-26APR281400-00"",""trade_id"":""e9e3c6a4-0102-4a17-6ebe-b1104f4829aa"",""yes_price_dollars"":""0.4600""}"
KXBTC15M-26APR281400-00,e6010943-e17b-4944-667a-0b62415cc3da,1777398325,0.45,40.0,no,"{""count_fp"":""40.00"",""created_time"":""2026-04-28T17:45:25.925978Z"",""no_price_dollars"":""0.5500"",""taker_side"":""no"",""ticker"":""KXBTC15M-26APR281400-00"",""trade_id"":""e6010943-e17b-4944-667a-0b62415cc3da"",""yes_price_dollars"":""0.4500""}"
KXBTC15M-26APR281400-00,deaff210-7d36-4ea7-6791-bc0ab0a8a2d6,1777398325,0.45,4.0,no,"{""count_fp"":""4.00"",""created_time"":""2026-04-28T17:45:25.925978Z"",""no_price_dollars"":""0.5500"",""taker_side"":""no"",""ticker"":""KXBTC15M-26APR281400-00"",""trade_id"":""deaff210-7d36-4ea7-6791-bc0ab0a8a2d6"",""yes_price_dollars"":""0.4500""}"
KXBTC15M-26APR281400-00,b8cab994-d329-4942-52b7-ed4694afd2cc,1777398325,0.45,3.0,no,"{""count_fp"":""3.00"",""created_time"":""2026-04-28T17:45:25.925978Z"",""no_price_dollars"":""0.5500"",""taker_side"":""no"",""ticker"":""KXBTC15M-26APR281400-00"",""trade_id"":""b8cab994-d329-4942-52b7-ed4694afd2cc"",""yes_price_dollars"":""0.4500""}"
KXBTC15M-26APR281400-00,a751838b-46f4-4004-7ecf-f0cff2b3a619,1777398325,0.45,44.74,no,"{""count_fp"":""44.74"",""created_time"":""2026-04-28T17:45:25.925978Z"",""no_price_dollars"":""0.5500"",""taker_side"":""no"",""ticker"":""KXBTC15M-26APR281400-00"",""trade_id"":""a751838b-46f4-4004-7ecf-f0cff2b3a619"",""yes_price_dollars"":""0.4500""}"
KXBTC15M-26APR281400-00,93be7f33-2480-4f3b-6e11-18b5bc0cbd7e,1777398325,0.45,8.0,no,"{""count_fp"":""8.00"",""created_time"":""2026-04-28T17:45:25.925978Z"",""no_price_dollars"":""0.5500"",""taker_side"":""no"",""ticker"":""KXBTC15M-26APR281400-00"",""trade_id"":""93be7f33-2480-4f3b-6e11-18b5bc0cbd7e"",""yes_price_dollars"":""0.4500""}"
KXBTC15M-26APR281400-00,83e462a1-8c1c-4bc3-467d-8a9c23a9f831,1777398325,0.46,10.0,no,"{""count_fp"":""10.00"",""created_time"":""2026-04-28T17:45:25.925978Z"",""no_price_dollars"":""0.5400"",""taker_side"":""no"",""ticker"":""KXBTC15M-26APR281400-00"",""trade_id"":""83e462a1-8c1c-4bc3-467d-8a9c23a9f831"",""yes_price_dollars"":""0.4600""}"
KXBTC15M-26APR281400-00,2874ba6a-0fe4-4fe0-5b4b-55b40f134a98,1777398325,0.45,3.0,no,"{""count_fp"":""3.00"",""created_time"":""2026-04-28T17:45:25.925978Z"",""no_price_dollars"":""0.5500"",""taker_side"":""no"",""ticker"":""KXBTC15M-26APR281400-00"",""trade_id"":""2874ba6a-0fe4-4fe0-5b4b-55b40f134a98"",""yes_price_dollars"":""0.4500""}"
KXBTC15M-26APR281400-00,0e098ecf-52bc-4cba-75bd-5ea1aa4ed133,1777398325,0.46,13.0,no,"{""count_fp"":""13.00"",""created_time"":""2026-04-28T17:45:25.925978Z"",""no_price_dollars"":""0.5400"",""taker_side"":""no"",""ticker"":""KXBTC15M-26APR281400-00"",""trade_id"":""0e098ecf-52bc-4cba-75bd-5ea1aa4ed133"",""yes_price_dollars"":""0.4600""}"
KXBTC15M-26APR281400-00,d30b0ae1-604e-45df-d87a-a94d8f01719b,1777398325,0.47,10.0,no,"{""count_fp"":""10.00"",""created_time"":""2026-04-28T17:45:25.803369Z"",""no_price_dollars"":""0.5300"",""taker_side"":""no"",""ticker"":""KXBTC15M-26APR281400-00"",""trade_id"":""d30b0ae1-604e-45df-d87a-a94d8f01719b"",""yes_price_dollars"":""0.4700""}"
KXBTC15M-26APR281400-00,b684aee7-bb12-46bf-ed5b-c8785024083e,1777398325,0.46,26.0,no,"{""count_fp"":""26.00"",""created_time"":""2026-04-28T17:45:25.803369Z"",""no_price_dollars"":""0.5400"",""taker_side"":""no"",""ticker"":""KXBTC15M-26APR281400-00"",""trade_id"":""b684aee7-bb12-46bf-ed5b-c8785024083e"",""yes_price_dollars"":""0.4600""}"
KXBTC15M-26APR281400-00,32b38813-22b1-43e5-cb32-9ea9979e2e53,1777398325,0.46,1.0,no,"{""count_fp"":""1.00"",""created_time"":""2026-04-28T17:45:25.803369Z"",""no_price_dollars"":""0.5400"",""taker_side"":""no"",""ticker"":""KXBTC15M-26APR281400-00"",""trade_id"":""32b38813-22b1-43e5-cb32-9ea9979e2e53"",""yes_price_dollars"":""0.4600""}"
KXBTC15M-26APR281400-00,54d52a23-334d-7a13-f2aa-5aed2a2f7950,1777398325,0.48,8.23,yes,"{""count_fp"":""8.23"",""created_time"":""2026-04-28T17:45:25.749602Z"",""no_price_dollars"":""0.5200"",""taker_side"":""yes"",""ticker"":""KXBTC15M-26APR281400-00"",""trade_id"":""54d52a23-334d-7a13-f2aa-5aed2a2f7950"",""yes_price_dollars"":""0.4800""}"
KXBTC15M-26APR281400-00,6c9918c5-9459-5de3-83e5-54ea11a23018,1777398325,0.48,7.44,yes,"{""count_fp"":""7.44"",""created_time"":""2026-04-28T17:45:25.358653Z"",""no_price_dollars"":""0.5200"",""taker_side"":""yes"",""ticker"":""KXBTC15M-26APR281400-00"",""trade_id"":""6c9918c5-9459-5de3-83e5-54ea11a23018"",""yes_price_dollars"":""0.4800""}"
KXBTC15M-26APR281400-00,6462ead2-3621-5931-87a8-086fd97641b2,1777398325,0.48,50.56,yes,"{""count_fp"":""50.56"",""created_time"":""2026-04-28T17:45:25.358653Z"",""no_price_dollars"":""0.5200"",""taker_side"":""yes"",""ticker"":""KXBTC15M-26APR281400-00"",""trade_id"":""6462ead2-3621-5931-87a8-086fd97641b2"",""yes_price_dollars"":""0.4800""}"
KXBTC15M-26APR281400-00,5711e1f0-ca22-6c02-3c0a-a66462b0c989,1777398325,0.47,21.41,yes,"{""count_fp"":""21.41"",""created_time"":""2026-04-28T17:45:25.167329Z"",""no_price_dollars"":""0.5300"",""taker_side"":""yes"",""ticker"":""KXBTC15M-26APR281400-00"",""trade_id"":""5711e1f0-ca22-6c02-3c0a-a66462b0c989"",""yes_price_dollars"":""0.4700""}"
KXBTC15M-26APR281400-00,3a6d3d1e-4ea4-4753-b1ef-a3e0e6943a0f,1777398325,0.47,1.68,yes,"{""count_fp"":""1.68"",""created_time"":""2026-04-28T17:45:25.062619Z"",""no_price_dollars"":""0.5300"",""taker_side"":""yes"",""ticker"":""KXBTC15M-26APR281400-00"",""trade_id"":""3a6d3d1e-4ea4-4753-b1ef-a3e0e6943a0f"",""yes_price_dollars"":""0.4700""}"
KXBTC15M-26APR281400-00,067cd9d4-8d0a-4256-8ecd-22c012496095,1777398325,0.47,2.32,yes,"{""count_fp"":""2.32"",""created_time"":""2026-04-28T17:45:25.062619Z"",""no_price_dollars"":""0.5300"",""taker_side"":""yes"",""ticker"":""KXBTC15M-26APR281400-00"",""trade_id"":""067cd9d4-8d0a-4256-8ecd-22c012496095"",""yes_price_dollars"":""0.4700""}"
KXBTC15M-26APR281400-00,7a79972d-0518-6edf-2313-61e65174bedf,1777398326,0.47,20.3,yes,"{""count_fp"":""20.30"",""created_time"":""2026-04-28T17:45:26.741445Z"",""no_price_dollars"":""0.5300"",""taker_side"":""yes"",""ticker"":""KXBTC15M-26APR281400-00"",""trade_id"":""7a79972d-0518-6edf-2313-61e65174bedf"",""yes_price_dollars"":""0.4700""}"
KXBTC15M-26APR281400-00,2af9208e-5dcd-652f-1ed6-cd554c445ac1,1777398326,0.46,40.0,yes,"{""count_fp"":""40.00"",""created_time"":""2026-04-28T17:45:26.741445Z"",""no_price_dollars"":""0.5400"",""taker_side"":""yes"",""ticker"":""KXBTC15M-26APR281400-00"",""trade_id"":""2af9208e-5dcd-652f-1ed6-cd554c445ac1"",""yes_price_dollars"":""0.4600""}"
KXBTC15M-26APR281400-00,2c18020c-a434-474b-3632-70c1108f180a,1777398326,0.45,20.0,no,"{""count_fp"":""20.00"",""created_time"":""2026-04-28T17:45:26.593484Z"",""no_price_dollars"":""0.5500"",""taker_side"":""no"",""ticker"":""KXBTC15M-26APR281400-00"",""trade_id"":""2c18020c-a434-474b-3632-70c1108f180a"",""yes_price_dollars"":""0.4500""}"
KXBTC15M-26APR281400-00,2c300e0d-8dd4-7af0-10ec-fcb1213b1b8d,1777398326,0.46,1.0,no,"{""count_fp"":""1.00"",""created_time"":""2026-04-28T17:45:26.083345Z"",""no_price_dollars"":""0.5400"",""taker_side"":""no"",""ticker"":""KXBTC15M-26APR281400-00"",""trade_id"":""2c300e0d-8dd4-7af0-10ec-fcb1213b1b8d"",""yes_price_dollars"":""0.4600""}"
KXBTC15M-26APR281400-00,6dc18abd-0860-5f7d-171e-c16df70de281,1777398327,0.44,11.28,yes,"{""count_fp"":""11.28"",""created_time"":""2026-04-28T17:45:27.812782Z"",""no_price_dollars"":""0.5600"",""taker_side"":""yes"",""ticker"":""KXBTC15M-26APR281400-00"",""trade_id"":""6dc18abd-0860-5f7d-171e-c16df70de281"",""yes_price_dollars"":""0.4400""}"
KXBTC15M-26APR281400-00,5205a796-e1cc-5664-01f8-b563101e925f,1777398327,0.44,40.0,yes,"{""count_fp"":""40.00"",""created_time"":""2026-04-28T17:45:27.812782Z"",""no_price_dollars"":""0.5600"",""taker_side"":""yes"",""ticker"":""KXBTC15M-26APR281400-00"",""trade_id"":""5205a796-e1cc-5664-01f8-b563101e925f"",""yes_price_dollars"":""0.4400""}"
KXBTC15M-26APR281400-00,07196783-3b3a-59e9-dc8b-31d7f59f5510,1777398327,0.44,1.0,yes,"{""count_fp"":""1.00"",""created_time"":""2026-04-28T17:45:27.512273Z"",""no_price_dollars"":""0.5600"",""taker_side"":""yes"",""ticker"":""KXBTC15M-26APR281400-00"",""trade_id"":""07196783-3b3a-59e9-dc8b-31d7f59f5510"",""yes_price_dollars"":""0.4400""}"
KXBTC15M-26APR281400-00,fac2d328-4997-6357-58c2-f2f1c20200aa,1777398327,0.44,5.0,no,"{""count_fp"":""5.00"",""created_time"":""2026-04-28T17:45:27.437761Z"",""no_price_dollars"":""0.5600"",""taker_side"":""no"",""ticker"":""KXBTC15M-26APR281400-00"",""trade_id"":""fac2d328-4997-6357-58c2-f2f1c20200aa"",""yes_price_dollars"":""0.4400""}"
KXBTC15M-26APR281400-00,9bbf788f-97cc-55b7-057b-01dd4f0b77ac,1777398327,0.44,4.0,no,"{""count_fp"":""4.00"",""created_time"":""2026-04-28T17:45:27.415214Z"",""no_price_dollars"":""0.5600"",""taker_side"":""no"",""ticker"":""KXBTC15M-26APR281400-00"",""trade_id"":""9bbf788f-97cc-55b7-057b-01dd4f0b77ac"",""yes_price_dollars"":""0.4400""}"
KXBTC15M-26APR281400-00,872f5109-f3cd-5b94-2ae2-2b806e2ba8e5,1777398327,0.44,0.7,no,"{""count_fp"":""0.70"",""created_time"":""2026-04-28T17:45:27.415214Z"",""no_price_dollars"":""0.5600"",""taker_side"":""no"",""ticker"":""KXBTC15M-26APR281400-00"",""trade_id"":""872f5109-f3cd-5b94-2ae2-2b806e2ba8e5"",""yes_price_dollars"":""0.4400""}"
KXBTC15M-26APR281400-00,26ac863e-658f-506c-2d78-0258dd9432cc,1777398327,0.44,2.0,no,"{""count_fp"":""2.00"",""created_time"":""2026-04-28T17:45:27.415214Z"",""no_price_dollars"":""0.5600"",""taker_side"":""no"",""ticker"":""KXBTC15M-26APR281400-00"",""trade_id"":""26ac863e-658f-506c-2d78-0258dd9432cc"",""yes_price_dollars"":""0.4400""}"
KXBTC15M-26APR281400-00,8050bc59-06b2-7e70-a59e-bee8f2eec4d7,1777398327,0.45,28.35,no,"{""count_fp"":""28.35"",""created_time"":""2026-04-28T17:45:27.366403Z"",""no_price_dollars"":""0.5500"",""taker_side"":""no"",""ticker"":""KXBTC15M-26APR281400-00"",""trade_id"":""8050bc59-06b2-7e70-a59e-bee8f2eec4d7"",""yes_price_dollars"":""0.4500""}"
KXBTC15M-26APR281400-00,d53abfdd-6d2e-47c0-a19e-bbecf58ec54f,1777398327,0.45,24.07,no,"{""count_fp"":""24.07"",""created_time"":""2026-04-28T17:45:27.362174Z"",""no_price_dollars"":""0.5500"",""taker_side"":""no"",""ticker"":""KXBTC15M-26APR281400-00"",""trade_id"":""d53abfdd-6d2e-47c0-a19e-bbecf58ec54f"",""yes_price_dollars"":""0.4500""}"
KXBTC15M-26APR281400-00,854a78df-2592-6504-6927-38e4ee99e25f,1777398327,0.45,21.33,no,"{""count_fp"":""21.33"",""created_time"":""2026-04-28T17:45:27.345915Z"",""no_price_dollars"":""0.5500"",""taker_side"":""no"",""ticker"":""KXBTC15M-26APR281400-00"",""trade_id"":""854a78df-2592-6504-6927-38e4ee99e25f"",""yes_price_dollars"":""0.4500""}"
KXBTC15M-26APR281400-00,2bada3cc-f81a-6454-6a20-cdc8f5ef3fef,1777398327,0.45,26.25,no,"{""count_fp"":""26.25"",""created_time"":""2026-04-28T17:45:27.331808Z"",""no_price_dollars"":""0.5500"",""taker_side"":""no"",""ticker"":""KXBTC15M-26APR281400-00"",""trade_id"":""2bada3cc-f81a-6454-6a20-cdc8f5ef3fef"",""yes_price_dollars"":""0.4500""}"
KXBTC15M-26APR281400-00,a1a91178-90f5-7507-dec4-1c5661cb00a4,1777398327,0.46,3.86,yes,"{""count_fp"":""3.86"",""created_time"":""2026-04-28T17:45:27.118377Z"",""no_price_dollars"":""0.5400"",""taker_side"":""yes"",""ticker"":""KXBTC15M-26APR281400-00"",""trade_id"":""a1a91178-90f5-7507-dec4-1c5661cb00a4"",""yes_price_dollars"":""0.4600""}"
KXBTC15M-26APR281400-00,ba5c122e-5da5-53b5-b32a-88fee780d2fe,1777398327,0.46,3.0,yes,"{""count_fp"":""3.00"",""created_time"":""2026-04-28T17:45:27.091669Z"",""no_price_dollars"":""0.5400"",""taker_side"":""yes"",""ticker"":""KXBTC15M-26APR281400-00"",""trade_id"":""ba5c122e-5da5-53b5-b32a-88fee780d2fe"",""yes_price_dollars"":""0.4600""}"
KXBTC15M-26APR281400-00,007115a1-90d5-5ed7-9bfa-9ce18a78e6a0,1777398327,0.46,37.2,yes,"{""count_fp"":""37.20"",""created_time"":""2026-04-28T17:45:27.091669Z"",""no_price_dollars"":""0.5400"",""taker_side"":""yes"",""ticker"":""KXBTC15M-26APR281400-00"",""trade_id"":""007115a1-90d5-5ed7-9bfa-9ce18a78e6a0"",""yes_price_dollars"":""0.4600""}"
KXBTC15M-26APR281400-00,f1a667b0-1c14-57c7-4b3b-96740448f682,1777398327,0.45,20.0,no,"{""count_fp"":""20.00"",""created_time"":""2026-04-28T17:45:27.052903Z"",""no_price_dollars"":""0.5500"",""taker_side"":""no"",""ticker"":""KXBTC15M-26APR281400-00"",""trade_id"":""f1a667b0-1c14-57c7-4b3b-96740448f682"",""yes_price_dollars"":""0.4500""}"
KXBTC15M-26APR281400-00,d318a301-b885-5294-4576-4095bcd54b49,1777398327,0.44,0.3,no,"{""count_fp"":""0.30"",""created_time"":""2026-04-28T17:45:27.052903Z"",""no_price_dollars"":""0.5600"",""taker_side"":""no"",""ticker"":""KXBTC15M-26APR281400-00"",""trade_id"":""d318a301-b885-5294-4576-4095bcd54b49"",""yes_price_dollars"":""0.4400""}"
KXBTC15M-26APR281400-00,e799cdb1-2af2-678d-65e4-4c7d3d01492e,1777398328,0.44,4.0,yes,"{""count_fp"":""4.00"",""created_time"":""2026-04-28T17:45:28.440527Z"",""no_price_dollars"":""0.5600"",""taker_side"":""yes"",""ticker"":""KXBTC15M-26APR281400-00"",""trade_id"":""e799cdb1-2af2-678d-65e4-4c7d3d01492e"",""yes_price_dollars"":""0.4400""}"
KXBTC15M-26APR281400-00,64ef4516-7ae2-5f71-9522-3b98686f5da2,1777398328,0.44,5.38,yes,"{""count_fp"":""5.38"",""created_time"":""2026-04-28T17:45:28.424601Z"",""no_price_dollars"":""0.5600"",""taker_side"":""yes"",""ticker"":""KXBTC15M-26APR281400-00"",""trade_id"":""64ef4516-7ae2-5f71-9522-3b98686f5da2"",""yes_price_dollars"":""0.4400""}"
KXBTC15M-26APR281400-00,d97ef8b4-d056-42c5-0747-d2337c3dd35e,1777398328,0.44,15.04,yes,"{""count_fp"":""15.04"",""created_time"":""2026-04-28T17:45:28.385232Z"",""no_price_dollars"":""0.5600"",""taker_side"":""yes"",""ticker"":""KXBTC15M-26APR281400-00"",""trade_id"":""d97ef8b4-d056-42c5-0747-d2337c3dd35e"",""yes_price_dollars"":""0.4400""}"
KXBTC15M-26APR281400-00,51a7a87e-e21e-4a85-140b-b8c18cc2d866,1777398328,0.44,3.0,yes,"{""count_fp"":""3.00"",""created_time"":""2026-04-28T17:45:28.385232Z"",""no_price_dollars"":""0.5600"",""taker_side"":""yes"",""ticker"":""KXBTC15M-26APR281400-00"",""trade_id"":""51a7a87e-e21e-4a85-140b-b8c18cc2d866"",""yes_price_dollars"":""0.4400""}"
KXBTC15M-26APR281400-00,42b24fd5-419a-4a2f-0502-343e0cc86f95,1777398328,0.44,1.0,yes,"{""count_fp"":""1.00"",""created_time"":""2026-04-28T17:45:28.385232Z"",""no_price_dollars"":""0.5600"",""taker_side"":""yes"",""ticker"":""KXBTC15M-26APR281400-00"",""trade_id"":""42b24fd5-419a-4a2f-0502-343e0cc86f95"",""yes_price_dollars"":""0.4400""}"
KXBTC15M-26APR281400-00,240fb1e0-8248-45e1-2b3c-bb25e7ae6f4d,1777398328,0.44,2.67,yes,"{""count_fp"":""2.67"",""created_time"":""2026-04-28T17:45:28.385232Z"",""no_price_dollars"":""0.5600"",""taker_side"":""yes"",""ticker"":""KXBTC15M-26APR281400-00"",""trade_id"":""240fb1e0-8248-45e1-2b3c-bb25e7ae6f4d"",""yes_price_dollars"":""0.4400""}"
KXBTC15M-26APR281400-00,6048c1f5-08a0-66f9-5079-597fa6c6a225,1777398328,0.44,2.05,yes,"{""count_fp"":""2.05"",""created_time"":""2026-04-28T17:45:28.104139Z"",""no_price_dollars"":""0.5600"",""taker_side"":""yes"",""ticker"":""KXBTC15M-26APR281400-00"",""trade_id"":""6048c1f5-08a0-66f9-5079-597fa6c6a225"",""yes_price_dollars"":""0.4400""}"
KXBTC15M-26APR281400-00,23c2ab10-b77c-7418-2ab5-321f30f137d8,1777398329,0.45,3.4,no,"{""count_fp"":""3.40"",""created_time"":""2026-04-28T17:45:29.761243Z"",""no_price_dollars"":""0.5500"",""taker_side"":""no"",""ticker"":""KXBTC15M-26APR281400-00"",""trade_id"":""23c2ab10-b77c-7418-2ab5-321f30f137d8"",""yes_price_dollars"":""0.4500""}"
KXBTC15M-26APR281400-00,72bb123b-d83c-70b8-a498-511f6d8cf294,1777398329,0.45,8.45,no,"{""count_fp"":""8.45"",""created_time"":""2026-04-28T17:45:29.711239Z"",""no_price_dollars"":""0.5500"",""taker_side"":""no"",""ticker"":""KXBTC15M-26APR281400-00"",""trade_id"":""72bb123b-d83c-70b8-a498-511f6d8cf294"",""yes_price_dollars"":""0.4500""}"
KXBTC15M-26APR281400-00,b7355b4b-de7f-63e9-f6c5-177f0536c68b,1777398329,0.46,10.05,yes,"{""count_fp"":""10.05"",""created_time"":""2026-04-28T17:45:29.450803Z"",""no_price_dollars"":""0.5400"",""taker_side"":""yes"",""ticker"":""KXBTC15M-26APR281400-00"",""trade_id"":""b7355b4b-de7f-63e9-f6c5-177f0536c68b"",""yes_price_dollars"":""0.4600""}"
KXBTC15M-26APR281400-00,736fa90e-a576-79a9-c200-b3ba9cfd964a,1777398329,0.44,43.06,yes,"{""count_fp"":""43.06"",""created_time"":""2026-04-28T17:45:29.095478Z"",""no_price_dollars"":""0.5600"",""taker_side"":""yes"",""ticker"":""KXBTC15M-26APR281400-00"",""trade_id"":""736fa90e-a576-79a9-c200-b3ba9cfd964a"",""yes_price_dollars"":""0.4400""}"
KXBTC15M-26APR281400-00,9fbbc8d5-b77e-4b7d-4a1b-843cf7d4738a,1777398329,0.44,15.3,yes,"{""count_fp"":""15.30"",""created_time"":""2026-04-28T17:45:29.095033Z"",""no_price_dollars"":""0.5600"",""taker_side"":""yes"",""ticker"":""KXBTC15M-26APR281400-00"",""trade_id"":""9fbbc8d5-b77e-4b7d-4a1b-843cf7d4738a"",""yes_price_dollars"":""0.4400""}"
KXBTC15M-26APR281400-00,d683a116-7f2a-6bf9-b2e7-e4b9169da2e6,1777398329,0.44,47.72,yes,"{""count_fp"":""47.72"",""created_time"":""2026-04-28T17:45:29.087532Z"",""no_price_dollars"":""0.5600"",""taker_side"":""yes"",""ticker"":""KXBTC15M-26APR281400-00"",""trade_id"":""d683a116-7f2a-6bf9-b2e7-e4b9169da2e6"",""yes_price_dollars"":""0.4400""}"
KXBTC15M-26APR281400-00,5a3e320d-6d37-4afd-debe-f5d904f60547,1777398330,0.46,5.12,yes,"{""count_fp"":""5.12"",""created_time"":""2026-04-28T17:45:30.865788Z"",""no_price_dollars"":""0.5400"",""taker_side"":""yes"",""ticker"":""KXBTC15M-26APR281400-00"",""trade_id"":""5a3e320d-6d37-4afd-debe-f5d904f60547"",""yes_price_dollars"":""0.4600""}"
KXBTC15M-26APR281400-00,0cc7ac5c-8991-488f-c181-01d90fd9a411,1777398330,0.46,51.67,yes,"{""count_fp"":""51.67"",""created_time"":""2026-04-28T17:45:30.865788Z"",""no_price_dollars"":""0.5400"",""taker_side"":""yes"",""ticker"":""KXBTC15M-26APR281400-00"",""trade_id"":""0cc7ac5c-8991-488f-c181-01d90fd9a411"",""yes_price_dollars"":""0.4600""}"
KXBTC15M-26APR281400-00,ec68516b-c333-5195-6608-f1e51ce994c7,1777398330,0.46,11.82,yes,"{""count_fp"":""11.82"",""created_time"":""2026-04-28T17:45:30.792965Z"",""no_price_dollars"":""0.5400"",""taker_side"":""yes"",""ticker"":""KXBTC15M-26APR281400-00"",""trade_id"":""ec68516b-c333-5195-6608-f1e51ce994c7"",""yes_price_dollars"":""0.4600""}"
KXBTC15M-26APR281400-00,b3561f29-6443-4dcf-19f9-e40e4ccd1041,1777398330,0.45,0.12,no,"{""count_fp"":""0.12"",""created_time"":""2026-04-28T17:45:30.676502Z"",""no_price_dollars"":""0.5500"",""taker_side"":""no"",""ticker"":""KXBTC15M-26APR281400-00"",""trade_id"":""b3561f29-6443-4dcf-19f9-e40e4ccd1041"",""yes_price_dollars"":""0.4500""}"
KXBTC15M-26APR281400-00,b1b43ebb-06d1-4b34-1b59-6fa27df0b1bb,1777398330,0.45,43.94,no,"{""count_fp"":""43.94"",""created_time"":""2026-04-28T17:45:30.676502Z"",""no_price_dollars"":""0.5500"",""taker_side"":""no"",""ticker"":""KXBTC15M-26APR281400-00"",""trade_id"":""b1b43ebb-06d1-4b34-1b59-6fa27df0b1bb"",""yes_price_dollars"":""0.4500""}"
KXBTC15M-26APR281400-00,d26572f2-1067-64fd-99bd-a2a91c9e28e7,1777398330,0.46,0.21,yes,"{""count_fp"":""0.21"",""created_time"":""2026-04-28T17:45:30.279887Z"",""no_price_dollars"":""0.5400"",""taker_side"":""yes"",""ticker"":""KXBTC15M-26APR281400-00"",""trade_id"":""d26572f2-1067-64fd-99bd-a2a91c9e28e7"",""yes_price_dollars"":""0.4600""}"
KXBTC15M-26APR281400-00,42dc2b02-4730-6d50-feba-683e691e592c,1777398330,0.45,1.0,no,"{""count_fp"":""1.00"",""created_time"":""2026-04-28T17:45:30.119108Z"",""no_price_dollars"":""0.5500"",""taker_side"":""no"",""ticker"":""KXBTC15M-26APR281400-00"",""trade_id"":""42dc2b02-4730-6d50-feba-683e691e592c"",""yes_price_dollars"":""0.4500""}"
KXBTC15M-26APR281400-00,f766c422-b67d-48f8-eaef-659833d69adb,1777398331,0.46,36.57,no,"{""count_fp"":""36.57"",""created_time"":""2026-04-28T17:45:31.674798Z"",""no_price_dollars"":""0.5400"",""taker_side"":""no"",""ticker"":""KXBTC15M-26APR281400-00"",""trade_id"":""f766c422-b67d-48f8-eaef-659833d69adb"",""yes_price_dollars"":""0.4600""}"
KXBTC15M-26APR281400-00,d679778f-4bba-4c2c-e127-418f8b778f11,1777398331,0.46,7.49,no,"{""count_fp"":""7.49"",""created_time"":""2026-04-28T17:45:31.674798Z"",""no_price_dollars"":""0.5400"",""taker_side"":""no"",""ticker"":""KXBTC15M-26APR281400-00"",""trade_id"":""d679778f-4bba-4c2c-e127-418f8b778f11"",""yes_price_dollars"":""0.4600""}"
KXBTC15M-26APR281400-00,475c4aec-2121-788c-222b-b383c82bc42f,1777398331,0.46,3.43,no,"{""count_fp"":""3.43"",""created_time"":""2026-04-28T17:45:31.653329Z"",""no_price_dollars"":""0.5400"",""taker_side"":""no"",""ticker"":""KXBTC15M-26APR281400-00"",""trade_id"":""475c4aec-2121-788c-222b-b383c82bc42f"",""yes_price_dollars"":""0.4600""}"
KXBTC15M-26APR281400-00,e3f25e27-4ae9-6b29-3036-adbe3a78d702,1777398331,0.47,0.2,yes,"{""count_fp"":""0.20"",""created_time"":""2026-04-28T17:45:31.572872Z"",""no_price_dollars"":""0.5300"",""taker_side"":""yes"",""ticker"":""KXBTC15M-26APR281400-00"",""trade_id"":""e3f25e27-4ae9-6b29-3036-adbe3a78d702"",""yes_price_dollars"":""0.4700""}"
KXBTC15M-26APR281400-00,99918e0a-16ad-660c-5184-fee5cdbc5b43,1777398331,0.45,17.46,no,"{""count_fp"":""17.46"",""created_time"":""2026-04-28T17:45:31.169391Z"",""no_price_dollars"":""0.5500"",""taker_side"":""no"",""ticker"":""KXBTC15M-26APR281400-00"",""trade_id"":""99918e0a-16ad-660c-5184-fee5cdbc5b43"",""yes_price_dollars"":""0.4500""}"
KXBTC15M-26APR281400-00,67e190da-e013-4ccf-7b1d-95f622a912a7,1777398332,0.48,29.17,yes,"{""count_fp"":""29.17"",""created_time"":""2026-04-28T17:45:32.634941Z"",""no_price_dollars"":""0.5200"",""taker_side"":""yes"",""ticker"":""KXBTC15M-26APR281400-00"",""trade_id"":""67e190da-e013-4ccf-7b1d-95f622a912a7"",""yes_price_dollars"":""0.4800""}"
KXBTC15M-26APR281400-00,64378cd2-072b-4099-5cff-9ce00bff670d,1777398332,0.47,5.0,yes,"{""count_fp"":""5.00"",""created_time"":""2026-04-28T17:45:32.634941Z"",""no_price_dollars"":""0.5300"",""taker_side"":""yes"",""ticker"":""KXBTC15M-26APR281400-00"",""trade_id"":""64378cd2-072b-4099-5cff-9ce00bff670d"",""yes_price_dollars"":""0.4700""}"
KXBTC15M-26APR281400-00,d9baa5f3-d835-779f-0bb3-c768690e63b1,1777398332,0.47,200.0,yes,"{""count_fp"":""200.00"",""created_time"":""2026-04-28T17:45:32.484311Z"",""no_price_dollars"":""0.5300"",""taker_side"":""yes"",""ticker"":""KXBTC15M-26APR281400-00"",""trade_id"":""d9baa5f3-d835-779f-0bb3-c768690e63b1"",""yes_price_dollars"":""0.4700""}"
KXBTC15M-26APR281400-00,36a72bcb-8f47-7a3e-3a32-6bf93e38e537,1777398332,0.48,40.0,yes,"{""count_fp"":""40.00"",""created_time"":""2026-04-28T17:45:32.484311Z"",""no_price_dollars"":""0.5200"",""taker_side"":""yes"",""ticker"":""KXBTC15M-26APR281400-00"",""trade_id"":""36a72bcb-8f47-7a3e-3a32-6bf93e38e537"",""yes_price_dollars"":""0.4800""}"
KXBTC15M-26APR281400-00,32e3ff61-3f25-7686-3ea8-7e0d486f3e56,1777398332,0.47,33.0,yes,"{""count_fp"":""33.00"",""created_time"":""2026-04-28T17:45:32.484311Z"",""no_price_dollars"":""0.5300"",""taker_side"":""yes"",""ticker"":""KXBTC15M-26APR281400-00"",""trade_id"":""32e3ff61-3f25-7686-3ea8-7e0d486f3e56"",""yes_price_dollars"":""0.4700""}"
KXBTC15M-26APR281400-00,1f88e676-83e2-7a4d-29f3-876018d65dae,1777398332,0.48,68.09,yes,"{""count_fp"":""68.09"",""created_time"":""2026-04-28T17:45:32.484311Z"",""no_price_dollars"":""0.5200"",""taker_side"":""yes"",""ticker"":""KXBTC15M-26APR281400-00"",""trade_id"":""1f88e676-83e2-7a4d-29f3-876018d65dae"",""yes_price_dollars"":""0.4800""}"
KXBTC15M-26APR281400-00,7fa2eae4-0be1-4244-06e7-7a384f467c7b,1777398332,0.46,22.24,no,"{""count_fp"":""22.24"",""created_time"":""2026-04-28T17:45:32.481268Z"",""no_price_dollars"":""0.5400"",""taker_side"":""no"",""ticker"":""KXBTC15M-26APR281400-00"",""trade_id"":""7fa2eae4-0be1-4244-06e7-7a384f467c7b"",""yes_price_dollars"":""0.4600""}"
KXBTC15M-26APR281400-00,4477c2f0-8a99-4bb0-256e-f931b56397c3,1777398332,0.45,142.53,no,"{""count_fp"":""142.53"",""created_time"":""2026-04-28T17:45:32.481268Z"",""no_price_dollars"":""0.5500"",""taker_side"":""no"",""ticker"":""KXBTC15M-26APR281400-00"",""trade_id"":""4477c2f0-8a99-4bb0-256e-f931b56397c3"",""yes_price_dollars"":""0.4500""}"
KXBTC15M-26APR281400-00,0e584b45-d0d2-4396-2ea1-3c96ddc8bf67,1777398332,0.46,5.0,no,"{""count_fp"":""5.00"",""created_time"":""2026-04-28T17:45:32.481268Z"",""no_price_dollars"":""0.5400"",""taker_side"":""no"",""ticker"":""KXBTC15M-26APR281400-00"",""trade_id"":""0e584b45-d0d2-4396-2ea1-3c96ddc8bf67"",""yes_price_dollars"":""0.4600""}"
KXBTC15M-26APR281400-00,6c6b1797-d2b1-5584-1440-dadff968e887,1777398332,0.46,17.0,no,"{""count_fp"":""17.00"",""created_time"":""2026-04-28T17:45:32.201751Z"",""no_price_dollars"":""0.5400"",""taker_side"":""no"",""ticker"":""KXBTC15M-26APR281400-00"",""trade_id"":""6c6b1797-d2b1-5584-1440-dadff968e887"",""yes_price_dollars"":""0.4600""}"
KXBTC15M-26APR281400-00,e7e62e88-f76d-5071-5114-b94e4079fe9a,1777398332,0.46,1.0,no,"{""count_fp"":""1.00"",""created_time"":""2026-04-28T17:45:32.036626Z"",""no_price_dollars"":""0.5400"",""taker_side"":""no"",""ticker"":""KXBTC15M-26APR281400-00"",""trade_id"":""e7e62e88-f76d-5071-5114-b94e4079fe9a"",""yes_price_dollars"":""0.4600""}"
KXBTC15M-26APR281400-00,1bb279e3-3ef5-5650-6720-848ebb8e5553,1777398332,0.46,0.76,no,"{""count_fp"":""0.76"",""created_time"":""2026-04-28T17:45:32.036626Z"",""no_price_dollars"":""0.5400"",""taker_side"":""no"",""ticker"":""KXBTC15M-26APR281400-00"",""trade_id"":""1bb279e3-3ef5-5650-6720-848ebb8e5553"",""yes_price_dollars"":""0.4600""}"
KXBTC15M-26APR281400-00,77fd76ee-6688-4f98-1b12-b04780865bdd,1777398333,0.5,1.7,no,"{""count_fp"":""1.70"",""created_time"":""2026-04-28T17:45:33.685559Z"",""no_price_dollars"":""0.5000"",""taker_side"":""no"",""ticker"":""KXBTC15M-26APR281400-00"",""trade_id"":""77fd76ee-6688-4f98-1b12-b04780865bdd"",""yes_price_dollars"":""0.5000""}"
KXBTC15M-26APR281400-00,f6a9ea55-e610-56cc-fc5d-03d5e2ae18d1,1777398333,0.5,82.31,no,"{""count_fp"":""82.31"",""created_time"":""2026-04-28T17:45:33.683763Z"",""no_price_dollars"":""0.5000"",""taker_side"":""no"",""ticker"":""KXBTC15M-26APR281400-00"",""trade_id"":""f6a9ea55-e610-56cc-fc5d-03d5e2ae18d1"",""yes_price_dollars"":""0.5000""}"
KXBTC15M-26APR281400-00,eabfc503-737b-5ccc-e40e-a249b5490d36,1777398333,0.51,22.75,no,"{""count_fp"":""22.75"",""created_time"":""2026-04-28T17:45:33.683763Z"",""no_price_dollars"":""0.4900"",""taker_side"":""no"",""ticker"":""KXBTC15M-26APR281400-00"",""trade_id"":""eabfc503-737b-5ccc-e40e-a249b5490d36"",""yes_price_dollars"":""0.5100""}"
KXBTC15M-26APR281400-00,ca3595c4-161a-56d9-d292-1d07ee1d5e99,1777398333,0.51,17.09,no,"{""count_fp"":""17.09"",""created_time"":""2026-04-28T17:45:33.605219Z"",""no_price_dollars"":""0.4900"",""taker_side"":""no"",""ticker"":""KXBTC15M-26APR281400-00"",""trade_id"":""ca3595c4-161a-56d9-d292-1d07ee1d5e99"",""yes_price_dollars"":""0.5100""}"
KXBTC15M-26APR281400-00,18a54f24-7cab-5bfc-f3c7-be1b2365a222,1777398333,0.51,17.25,no,"{""count_fp"":""17.25"",""created_time"":""2026-04-28T17:45:33.605219Z"",""no_price_dollars"":""0.4900"",""taker_side"":""no"",""ticker"":""KXBTC15M-26APR281400-00"",""trade_id"":""18a54f24-7cab-5bfc-f3c7-be1b2365a222"",""yes_price_dollars"":""0.5100""}"
KXBTC15M-26APR281400-00,e16e9651-f911-4983-1fef-7c49781569df,1777398333,0.5,5.0,yes,"{""count_fp"":""5.00"",""created_time"":""2026-04-28T17:45:33.452421Z"",""no_price_dollars"":""0.5000"",""taker_side"":""yes"",""ticker"":""KXBTC15M-26APR281400-00"",""trade_id"":""e16e9651-f911-4983-1fef-7c49781569df"",""yes_price_dollars"":""0.5000""}"
KXBTC15M-26APR281400-00,69390cf8-c5b5-4e99-1fc0-a326f6115549,1777398333,0.5,0.68,yes,"{""count_fp"":""0.68"",""created_time"":""2026-04-28T17:45:33.452421Z"",""no_price_dollars"":""0.5000"",""taker_side"":""yes"",""ticker"":""KXBTC15M-26APR281400-00"",""trade_id"":""69390cf8-c5b5-4e99-1fc0-a326f6115549"",""yes_price_dollars"":""0.5000""}"
KXBTC15M-26APR281400-00,468276d6-03cb-63ee-994d-8a90c9a77dcb,1777398333,0.5,3.0,yes,"{""count_fp"":""3.00"",""created_time"":""2026-04-28T17:45:33.411021Z"",""no_price_dollars"":""0.5000"",""taker_side"":""yes"",""ticker"":""KXBTC15M-26APR281400-00"",""trade_id"":""468276d6-03cb-63ee-994d-8a90c9a77dcb"",""yes_price_dollars"":""0.5000""}"
KXBTC15M-26APR281400-00,1319c6b6-70e1-6155-bd17-7aad14d2a46d,1777398333,0.5,19.32,yes,"{""count_fp"":""19.32"",""created_time"":""2026-04-28T17:45:33.411021Z"",""no_price_dollars"":""0.5000"",""taker_side"":""yes"",""ticker"":""KXBTC15M-26APR281400-00"",""trade_id"":""1319c6b6-70e1-6155-bd17-7aad14d2a46d"",""yes_price_dollars"":""0.5000""}"
KXBTC15M-26APR281400-00,dcf63ff2-af32-4310-b896-21709f663bb9,1777398333,0.49,5.0,yes,"{""count_fp"":""5.00"",""created_time"":""2026-04-28T17:45:33.326031Z"",""no_price_dollars"":""0.5100"",""taker_side"":""yes"",""ticker"":""KXBTC15M-26APR281400-00"",""trade_id"":""dcf63ff2-af32-4310-b896-21709f663bb9"",""yes_price_dollars"":""0.4900""}"
KXBTC15M-26APR281400-00,0528ae1c-2699-4d51-b1f0-fdcaa5419d00,1777398333,0.49,3.0,yes,"{""count_fp"":""3.00"",""created_time"":""2026-04-28T17:45:33.326031Z"",""no_price_dollars"":""0.5100"",""taker_side"":""yes"",""ticker"":""KXBTC15M-26APR281400-00"",""trade_id"":""0528ae1c-2699-4d51-b1f0-fdcaa5419d00"",""yes_price_dollars"":""0.4900""}"
KXBTC15M-26APR281400-00,fb7ed3cd-1f5e-6312-2a48-9638cacb716d,1777398333,0.47,17.62,no,"{""count_fp"":""17.62"",""created_time"":""2026-04-28T17:45:33.320952Z"",""no_price_dollars"":""0.5300"",""taker_side"":""no"",""ticker"":""KXBTC15M-26APR281400-00"",""trade_id"":""fb7ed3cd-1f5e-6312-2a48-9638cacb716d"",""yes_price_dollars"":""0.4700""}"
KXBTC15M-26APR281400-00,35bd06f9-58e9-4e41-71d8-d611e04ea92d,1777398334,0.5,19.3,no,"{""count_fp"":""19.30"",""created_time"":""2026-04-28T17:45:34.896609Z"",""no_price_dollars"":""0.5000"",""taker_side"":""no"",""ticker"":""KXBTC15M-26APR281400-00"",""trade_id"":""35bd06f9-58e9-4e41-71d8-d611e04ea92d"",""yes_price_dollars"":""0.5000""}"
KXBTC15M-26APR281400-00,d52a5488-f1b5-58f5-e299-16280d4dc8c5,1777398334,0.5,135.0,no,"{""count_fp"":""135.00"",""created_time"":""2026-04-28T17:45:34.839116Z"",""no_price_dollars"":""0.5000"",""taker_side"":""no"",""ticker"":""KXBTC15M-26APR281400-00"",""trade_id"":""d52a5488-f1b5-58f5-e299-16280d4dc8c5"",""yes_price_dollars"":""0.5000""}"
KXBTC15M-26APR281400-00,8fc85eaf-4539-6305-29a7-5d37d3509ca5,1777398334,0.5,7.17,no,"{""count_fp"":""7.17"",""created_time"":""2026-04-28T17:45:34.514392Z"",""no_price_dollars"":""0.5000"",""taker_side"":""no"",""ticker"":""KXBTC15M-26APR281400-00"",""trade_id"":""8fc85eaf-4539-6305-29a7-5d37d3509ca5"",""yes_price_dollars"":""0.5000""}"
KXBTC15M-26APR281400-00,8ff0cb8a-7771-491d-2cfc-9ae1e1c151ef,1777398334,0.5,3.0,no,"{""count_fp"":""3.00"",""created_time"":""2026-04-28T17:45:34.317656Z"",""no_price_dollars"":""0.5000"",""taker_side"":""no"",""ticker"":""KXBTC15M-26APR281400-00"",""trade_id"":""8ff0cb8a-7771-491d-2cfc-9ae1e1c151ef"",""yes_price_dollars"":""0.5000""}"
KXBTC15M-26APR281400-00,54b0d3c6-ec3a-48e0-36d6-06bc40edc2c4,1777398334,0.5,40.0,no,"{""count_fp"":""40.00"",""created_time"":""2026-04-28T17:45:34.317656Z"",""no_price_dollars"":""0.5000"",""taker_side"":""no"",""ticker"":""KXBTC15M-26APR281400-00"",""trade_id"":""54b0d3c6-ec3a-48e0-36d6-06bc40edc2c4"",""yes_price_dollars"":""0.5000""}"
KXBTC15M-26APR281400-00,2dfbcbae-5c31-4a6d-1922-229943706559,1777398334,0.5,12.43,no,"{""count_fp"":""12.43"",""created_time"":""2026-04-28T17:45:34.317656Z"",""no_price_dollars"":""0.5000"",""taker_side"":""no"",""ticker"":""KXBTC15M-26APR281400-00"",""trade_id"":""2dfbcbae-5c31-4a6d-1922-229943706559"",""yes_price_dollars"":""0.5000""}"
KXBTC15M-26APR281400-00,a04ee06b-4725-567d-58ee-99e77cfac451,1777398335,0.5,1.79,no,"{""count_fp"":""1.79"",""created_time"":""2026-04-28T17:45:35.499256Z"",""no_price_dollars"":""0.5000"",""taker_side"":""no"",""ticker"":""KXBTC15M-26APR281400-00"",""trade_id"":""a04ee06b-4725-567d-58ee-99e77cfac451"",""yes_price_dollars"":""0.5000""}"
KXBTC15M-26APR281400-00,8d6a8450-e719-6d65-cf75-2a6f53f7e7fd,1777398335,0.5,120.98,no,"{""count_fp"":""120.98"",""created_time"":""2026-04-28T17:45:35.316345Z"",""no_price_dollars"":""0.5000"",""taker_side"":""no"",""ticker"":""KXBTC15M-26APR281400-00"",""trade_id"":""8d6a8450-e719-6d65-cf75-2a6f53f7e7fd"",""yes_price_dollars"":""0.5000""}"
KXBTC15M-26APR281400-00,8e8c4016-d05c-5267-ac5f-2450b6c78e37,1777398336,0.52,2.0,yes,"{""count_fp"":""2.00"",""created_time"":""2026-04-28T17:45:36.969183Z"",""no_price_dollars"":""0.4800"",""taker_side"":""yes"",""ticker"":""KXBTC15M-26APR281400-00"",""trade_id"":""8e8c4016-d05c-5267-ac5f-2450b6c78e37"",""yes_price_dollars"":""0.5200""}"
KXBTC15M-26APR281400-00,8e2037a3-eb1a-6f7b-811c-907e2304a930,1777398336,0.51,10.0,no,"{""count_fp"":""10.00"",""created_time"":""2026-04-28T17:45:36.744306Z"",""no_price_dollars"":""0.4900"",""taker_side"":""no"",""ticker"":""KXBTC15M-26APR281400-00"",""trade_id"":""8e2037a3-eb1a-6f7b-811c-907e2304a930"",""yes_price_dollars"":""0.5100""}"
KXBTC15M-26APR281400-00,643685dc-a278-6b5e-bf49-e1d07cdd1f78,1777398336,0.51,7.0,no,"{""count_fp"":""7.00"",""created_time"":""2026-04-28T17:45:36.744306Z"",""no_price_dollars"":""0.4900"",""taker_side"":""no"",""ticker"":""KXBTC15M-26APR281400-00"",""trade_id"":""643685dc-a278-6b5e-bf49-e1d07cdd1f78"",""yes_price_dollars"":""0.5100""}"
KXBTC15M-26APR281400-00,39e683ca-ed72-600e-ad51-977784edfe9f,1777398336,0.51,17.1,no,"{""count_fp"":""17.10"",""created_time"":""2026-04-28T17:45:36.744306Z"",""no_price_dollars"":""0.4900"",""taker_side"":""no"",""ticker"":""KXBTC15M-26APR281400-00"",""trade_id"":""39e683ca-ed72-600e-ad51-977784edfe9f"",""yes_price_dollars"":""0.5100""}"
KXBTC15M-26APR281400-00,1ce910a0-3d7e-6044-a1f2-3c061799400d,1777398336,0.51,26.2,no,"{""count_fp"":""26.20"",""created_time"":""2026-04-28T17:45:36.744306Z"",""no_price_dollars"":""0.4900"",""taker_side"":""no"",""ticker"":""KXBTC15M-26APR281400-00"",""trade_id"":""1ce910a0-3d7e-6044-a1f2-3c061799400d"",""yes_price_dollars"":""0.5100""}"
KXBTC15M-26APR281400-00,ab1b41d9-aa42-531e-87a5-36fb85dcf587,1777398336,0.51,11.0,no,"{""count_fp"":""11.00"",""created_time"":""2026-04-28T17:45:36.568914Z"",""no_price_dollars"":""0.4900"",""taker_side"":""no"",""ticker"":""KXBTC15M-26APR281400-00"",""trade_id"":""ab1b41d9-aa42-531e-87a5-36fb85dcf587"",""yes_price_dollars"":""0.5100""}"
KXBTC15M-26APR281400-00,47523ebc-42c0-4c50-ccbb-38a57347e656,1777398336,0.52,4.0,yes,"{""count_fp"":""4.00"",""created_time"":""2026-04-28T17:45:36.471552Z"",""no_price_dollars"":""0.4800"",""taker_side"":""yes"",""ticker"":""KXBTC15M-26APR281400-00"",""trade_id"":""47523ebc-42c0-4c50-ccbb-38a57347e656"",""yes_price_dollars"":""0.5200""}"
KXBTC15M-26APR281400-00,41c2cacf-1205-4188-c93f-f2324c042d05,1777398336,0.52,28.33,yes,"{""count_fp"":""28.33"",""created_time"":""2026-04-28T17:45:36.471552Z"",""no_price_dollars"":""0.4800"",""taker_side"":""yes"",""ticker"":""KXBTC15M-26APR281400-00"",""trade_id"":""41c2cacf-1205-4188-c93f-f2324c042d05"",""yes_price_dollars"":""0.5200""}"
KXBTC15M-26APR281400-00,09046871-603f-4aea-fb92-be0f6e2ba73c,1777398336,0.52,60.69,yes,"{""count_fp"":""60.69"",""created_time"":""2026-04-28T17:45:36.471552Z"",""no_price_dollars"":""0.4800"",""taker_side"":""yes"",""ticker"":""KXBTC15M-26APR281400-00"",""trade_id"":""09046871-603f-4aea-fb92-be0f6e2ba73c"",""yes_price_dollars"":""0.5200""}"
KXBTC15M-26APR281400-00,7196deb4-c04a-5cca-c82b-ecab362d972b,1777398336,0.51,1.0,no,"{""count_fp"":""1.00"",""created_time"":""2026-04-28T17:45:36.372796Z"",""no_price_dollars"":""0.4900"",""taker_side"":""no"",""ticker"":""KXBTC15M-26APR281400-00"",""trade_id"":""7196deb4-c04a-5cca-c82b-ecab362d972b"",""yes_price_dollars"":""0.5100""}"
KXBTC15M-26APR281400-00,d3821d08-7782-429e-105e-832afc13d5e3,1777398336,0.51,1.93,no,"{""count_fp"":""1.93"",""created_time"":""2026-04-28T17:45:36.097101Z"",""no_price_dollars"":""0.4900"",""taker_side"":""no"",""ticker"":""KXBTC15M-26APR281400-00"",""trade_id"":""d3821d08-7782-429e-105e-832afc13d5e3"",""yes_price_dollars"":""0.5100""}"
KXBTC15M-26APR281400-00,3b201ddb-9ac9-642c-97f7-6e8d503ea099,1777398336,0.52,1.67,yes,"{""count_fp"":""1.67"",""created_time"":""2026-04-28T17:45:36.018299Z"",""no_price_dollars"":""0.4800"",""taker_side"":""yes"",""ticker"":""KXBTC15M-26APR281400-00"",""trade_id"":""3b201ddb-9ac9-642c-97f7-6e8d503ea099"",""yes_price_dollars"":""0.5200""}"
KXBTC15M-26APR281400-00,410bd129-23a5-7897-6acf-3693327e59c1,1777398337,0.52,0.55,no,"{""count_fp"":""0.55"",""created_time"":""2026-04-28T17:45:37.971884Z"",""no_price_dollars"":""0.4800"",""taker_side"":""no"",""ticker"":""KXBTC15M-26APR281400-00"",""trade_id"":""410bd129-23a5-7897-6acf-3693327e59c1"",""yes_price_dollars"":""0.5200""}"
KXBTC15M-26APR281400-00,f36b775f-c406-5e7d-d872-c5db469b3e4c,1777398337,0.53,3.0,yes,"{""count_fp"":""3.00"",""created_time"":""2026-04-28T17:45:37.766142Z"",""no_price_dollars"":""0.4700"",""taker_side"":""yes"",""ticker"":""KXBTC15M-26APR281400-00"",""trade_id"":""f36b775f-c406-5e7d-d872-c5db469b3e4c"",""yes_price_dollars"":""0.5300""}"
KXBTC15M-26APR281400-00,e848fc35-0f26-57e3-dbd7-9308e4fb518e,1777398337,0.54,560.57,yes,"{""count_fp"":""560.57"",""created_time"":""2026-04-28T17:45:37.766142Z"",""no_price_dollars"":""0.4600"",""taker_side"":""yes"",""ticker"":""KXBTC15M-26APR281400-00"",""trade_id"":""e848fc35-0f26-57e3-dbd7-9308e4fb518e"",""yes_price_dollars"":""0.5400""}"
KXBTC15M-26APR281400-00,ddc4a79a-82df-5b86-db10-5cd1e9b60a74,1777398337,0.53,200.0,yes,"{""count_fp"":""200.00"",""created_time"":""2026-04-28T17:45:37.766142Z"",""no_price_dollars"":""0.4700"",""taker_side"":""yes"",""ticker"":""KXBTC15M-26APR281400-00"",""trade_id"":""ddc4a79a-82df-5b86-db10-5cd1e9b60a74"",""yes_price_dollars"":""0.5300""}"
KXBTC15M-26APR281400-00,ca3603d0-1fa3-5760-f1d8-08bcfec47278,1777398337,0.53,30.88,yes,"{""count_fp"":""30.88"",""created_time"":""2026-04-28T17:45:37.766142Z"",""no_price_dollars"":""0.4700"",""taker_side"":""yes"",""ticker"":""KXBTC15M-26APR281400-00"",""trade_id"":""ca3603d0-1fa3-5760-f1d8-08bcfec47278"",""yes_price_dollars"":""0.5300""}"
KXBTC15M-26APR281400-00,856e2734-6ada-5205-c3fa-affd525dd029,1777398337,0.53,56.0,yes,"{""count_fp"":""56.00"",""created_time"":""2026-04-28T17:45:37.766142Z"",""no_price_dollars"":""0.4700"",""taker_side"":""yes"",""ticker"":""KXBTC15M-26APR281400-00"",""trade_id"":""856e2734-6ada-5205-c3fa-affd525dd029"",""yes_price_dollars"":""0.5300""}"
KXBTC15M-26APR281400-00,6b284ff9-647b-55ac-ff6b-36915525f857,1777398337,0.54,4.0,yes,"{""count_fp"":""4.00"",""created_time"":""2026-04-28T17:45:37.766142Z"",""no_price_dollars"":""0.4600"",""taker_side"":""yes"",""ticker"":""KXBTC15M-26APR281400-00"",""trade_id"":""6b284ff9-647b-55ac-ff6b-36915525f857"",""yes_price_dollars"":""0.5400""}"
KXBTC15M-26APR281400-00,28955afb-2970-5a7f-f9d9-042e0b5a1f2f,1777398337,0.54,40.0,yes,"{""count_fp"":""40.00"",""created_time"":""2026-04-28T17:45:37.766142Z"",""no_price_dollars"":""0.4600"",""taker_side"":""yes"",""ticker"":""KXBTC15M-26APR281400-00"",""trade_id"":""28955afb-2970-5a7f-f9d9-042e0b5a1f2f"",""yes_price_dollars"":""0.5400""}"
KXBTC15M-26APR281400-00,2735d6b6-ce5c-57a4-cef8-06d92d1d80a6,1777398337,0.53,2.0,yes,"{""count_fp"":""2.00"",""created_time"":""2026-04-28T17:45:37.766142Z"",""no_price_dollars"":""0.4700"",""taker_side"":""yes"",""ticker"":""KXBTC15M-26APR281400-00"",""trade_id"":""2735d6b6-ce5c-57a4-cef8-06d92d1d80a6"",""yes_price_dollars"":""0.5300""}"
KXBTC15M-26APR281400-00,12b031bf-aeb4-57c1-f11d-9e6797da91c5,1777398337,0.53,4.0,yes,"{""count_fp"":""4.00"",""created_time"":""2026-04-28T17:45:37.766142Z"",""no_price_dollars"":""0.4700"",""taker_side"":""yes"",""ticker"":""KXBTC15M-26APR281400-00"",""trade_id"":""12b031bf-aeb4-57c1-f11d-9e6797da91c5"",""yes_price_dollars"":""0.5300""}"
KXBTC15M-26APR281400-00,5b5b8c63-94e7-6c24-c6f3-48cce986745c,1777398337,0.53,7.22,yes,"{""count_fp"":""7.22"",""created_time"":""2026-04-28T17:45:37.566033Z"",""no_price_dollars"":""0.4700"",""taker_side"":""yes"",""ticker"":""KXBTC15M-26APR281400-00"",""trade_id"":""5b5b8c63-94e7-6c24-c6f3-48cce986745c"",""yes_price_dollars"":""0.5300""}"
KXBTC15M-26APR281400-00,2f3d3516-aa95-66c8-d61f-4ee4835d65f0,1777398337,0.52,11.0,yes,"{""count_fp"":""11.00"",""created_time"":""2026-04-28T17:45:37.566033Z"",""no_price_dollars"":""0.4800"",""taker_side"":""yes"",""ticker"":""KXBTC15M-26APR281400-00"",""trade_id"":""2f3d3516-aa95-66c8-d61f-4ee4835d65f0"",""yes_price_dollars"":""0.5200""}"
KXBTC15M-26APR281400-00,01ed7333-abe2-66ac-ebc4-b3f20ee242f5,1777398337,0.51,1.0,no,"{""count_fp"":""1.00"",""created_time"":""2026-04-28T17:45:37.562797Z"",""no_price_dollars"":""0.4900"",""taker_side"":""no"",""ticker"":""KXBTC15M-26APR281400-00"",""trade_id"":""01ed7333-abe2-66ac-ebc4-b3f20ee242f5"",""yes_price_dollars"":""0.5100""}"
KXBTC15M-26APR281400-00,c3789428-e1fb-5b74-bd86-dc449c82a4e0,1777398337,0.53,1.9,yes,"{""count_fp"":""1.90"",""created_time"":""2026-04-28T17:45:37.497299Z"",""no_price_dollars"":""0.4700"",""taker_side"":""yes"",""ticker"":""KXBTC15M-26APR281400-00"",""trade_id"":""c3789428-e1fb-5b74-bd86-dc449c82a4e0"",""yes_price_dollars"":""0.5300""}"
KXBTC15M-26APR281400-00,a92cd295-40dc-52e3-828b-1dd3f5036713,1777398337,0.52,0.1,yes,"{""count_fp"":""0.10"",""created_time"":""2026-04-28T17:45:37.497299Z"",""no_price_dollars"":""0.4800"",""taker_side"":""yes"",""ticker"":""KXBTC15M-26APR281400-00"",""trade_id"":""a92cd295-40dc-52e3-828b-1dd3f5036713"",""yes_price_dollars"":""0.5200""}"
KXBTC15M-26APR281400-00,5104f2f7-73a5-5d45-82fc-d21e97c9c537,1777398337,0.52,7.0,yes,"{""count_fp"":""7.00"",""created_time"":""2026-04-28T17:45:37.497299Z"",""no_price_dollars"":""0.4800"",""taker_side"":""yes"",""ticker"":""KXBTC15M-26APR281400-00"",""trade_id"":""5104f2f7-73a5-5d45-82fc-d21e97c9c537"",""yes_price_dollars"":""0.5200""}"
KXBTC15M-26APR281400-00,d1b28612-f254-74b7-a5b1-1c56d7b7a1bf,1777398337,0.52,10.0,yes,"{""count_fp"":""10.00"",""created_time"":""2026-04-28T17:45:37.466419Z"",""no_price_dollars"":""0.4800"",""taker_side"":""yes"",""ticker"":""KXBTC15M-26APR281400-00"",""trade_id"":""d1b28612-f254-74b7-a5b1-1c56d7b7a1bf"",""yes_price_dollars"":""0.5200""}"
KXBTC15M-26APR281400-00,c943c9b0-ac4c-6d4f-5f29-4bdd2d955197,1777398337,0.52,27.9,yes,"{""count_fp"":""27.90"",""created_time"":""2026-04-28T17:45:37.202846Z"",""no_price_dollars"":""0.4800"",""taker_side"":""yes"",""ticker"":""KXBTC15M-26APR281400-00"",""trade_id"":""c943c9b0-ac4c-6d4f-5f29-4bdd2d955197"",""yes_price_dollars"":""0.5200""}"
KXBTC15M-26APR281400-00,e1ca8d45-8956-5bcc-de8e-a01cb87b4078,1777398338,0.51,9.29,no,"{""count_fp"":""9.29"",""created_time"":""2026-04-28T17:45:38.222862Z"",""no_price_dollars"":""0.4900"",""taker_side"":""no"",""ticker"":""KXBTC15M-26APR281400-00"",""trade_id"":""e1ca8d45-8956-5bcc-de8e-a01cb87b4078"",""yes_price_dollars"":""0.5100""}"
KXBTC15M-26APR281400-00,82a6b416-b949-5aa1-dcc5-f4a1250e4adb,1777398338,0.51,39.01,no,"{""count_fp"":""39.01"",""created_time"":""2026-04-28T17:45:38.222862Z"",""no_price_dollars"":""0.4900"",""taker_side"":""no"",""ticker"":""KXBTC15M-26APR281400-00"",""trade_id"":""82a6b416-b949-5aa1-dcc5-f4a1250e4adb"",""yes_price_dollars"":""0.5100""}"
KXBTC15M-26APR281400-00,85aad63a-7151-552b-93e3-8bb6290d6e59,1777398338,0.52,9.45,no,"{""count_fp"":""9.45"",""created_time"":""2026-04-28T17:45:38.032491Z"",""no_price_dollars"":""0.4800"",""taker_side"":""no"",""ticker"":""KXBTC15M-26APR281400-00"",""trade_id"":""85aad63a-7151-552b-93e3-8bb6290d6e59"",""yes_price_dollars"":""0.5200""}"
KXBTC15M-26APR281400-00,5eec31a4-ed4e-5998-b150-4b50ca14ff90,1777398338,0.51,0.71,no,"{""count_fp"":""0.71"",""created_time"":""2026-04-28T17:45:38.032491Z"",""no_price_dollars"":""0.4900"",""taker_side"":""no"",""ticker"":""KXBTC15M-26APR281400-00"",""trade_id"":""5eec31a4-ed4e-5998-b150-4b50ca14ff90"",""yes_price_dollars"":""0.5100""}"
KXBTC15M-26APR281400-00,f72412c1-2291-6e21-7ecc-bf3cb8ec618f,1777398339,0.51,0.99,no,"{""count_fp"":""0.99"",""created_time"":""2026-04-28T17:45:39.588592Z"",""no_price_dollars"":""0.4900"",""taker_side"":""no"",""ticker"":""KXBTC15M-26APR281400-00"",""trade_id"":""f72412c1-2291-6e21-7ecc-bf3cb8ec618f"",""yes_price_dollars"":""0.5100""}"
KXBTC15M-26APR281400-00,9d00f978-ac26-6cc4-7467-fc628a76b44b,1777398339,0.51,10.0,no,"{""count_fp"":""10.00"",""created_time"":""2026-04-28T17:45:39.588592Z"",""no_price_dollars"":""0.4900"",""taker_side"":""no"",""ticker"":""KXBTC15M-26APR281400-00"",""trade_id"":""9d00f978-ac26-6cc4-7467-fc628a76b44b"",""yes_price_dollars"":""0.5100""}"
KXBTC15M-26APR281400-00,605d0f79-2f78-6e2c-60c8-f15b06f594dd,1777398339,0.51,15.6,no,"{""count_fp"":""15.60"",""created_time"":""2026-04-28T17:45:39.588592Z"",""no_price_dollars"":""0.4900"",""taker_side"":""no"",""ticker"":""KXBTC15M-26APR281400-00"",""trade_id"":""605d0f79-2f78-6e2c-60c8-f15b06f594dd"",""yes_price_dollars"":""0.5100""}"
KXBTC15M-26APR281400-00,515d5e3a-a6be-606c-4807-c4e4c9e1dc49,1777398339,0.51,65.93,no,"{""count_fp"":""65.93"",""created_time"":""2026-04-28T17:45:39.588592Z"",""no_price_dollars"":""0.4900"",""taker_side"":""no"",""ticker"":""KXBTC15M-26APR281400-00"",""trade_id"":""515d5e3a-a6be-606c-4807-c4e4c9e1dc49"",""yes_price_dollars"":""0.5100""}"
KXBTC15M-26APR281400-00,396622fb-ec54-64f1-6006-86013704c368,1777398339,0.51,6.0,no,"{""count_fp"":""6.00"",""created_time"":""2026-04-28T17:45:39.588592Z"",""no_price_dollars"":""0.4900"",""taker_side"":""no"",""ticker"":""KXBTC15M-26APR281400-00"",""trade_id"":""396622fb-ec54-64f1-6006-86013704c368"",""yes_price_dollars"":""0.5100""}"
KXBTC15M-26APR281400-00,54083301-d0bf-5f60-54d7-069d788df50e,1777398340,0.52,6.0,no,"{""count_fp"":""6.00"",""created_time"":""2026-04-28T17:45:40.669488Z"",""no_price_dollars"":""0.4800"",""taker_side"":""no"",""ticker"":""KXBTC15M-26APR281400-00"",""trade_id"":""54083301-d0bf-5f60-54d7-069d788df50e"",""yes_price_dollars"":""0.5200""}"
KXBTC15M-26APR281400-00,d6ee76db-e125-62c4-878b-f228a3a9ab79,1777398340,0.52,3.61,yes,"{""count_fp"":""3.61"",""created_time"":""2026-04-28T17:45:40.501146Z"",""no_price_dollars"":""0.4800"",""taker_side"":""yes"",""ticker"":""KXBTC15M-26APR281400-00"",""trade_id"":""d6ee76db-e125-62c4-878b-f228a3a9ab79"",""yes_price_dollars"":""0.5200""}"
KXBTC15M-26APR281400-00,83436266-08a5-683d-be4f-7a5bc19484fe,1777398340,0.52,9.0,yes,"{""count_fp"":""9.00"",""created_time"":""2026-04-28T17:45:40.501146Z"",""no_price_dollars"":""0.4800"",""taker_side"":""yes"",""ticker"":""KXBTC15M-26APR281400-00"",""trade_id"":""83436266-08a5-683d-be4f-7a5bc19484fe"",""yes_price_dollars"":""0.5200""}"
