ticker,trade_id,ts,yes_price,count,taker_side,raw_json
KXBTC15M-26APR272300-00,eab78c2f-2bba-628c-a7c0-8276c4d44709,1777344300,0.49,55.0,yes,"{""count_fp"":""55.00"",""created_time"":""2026-04-28T02:45:00.654524Z"",""no_price_dollars"":""0.5100"",""taker_side"":""yes"",""ticker"":""KXBTC15M-26APR272300-00"",""trade_id"":""eab78c2f-2bba-628c-a7c0-8276c4d44709"",""yes_price_dollars"":""0.4900""}"
KXBTC15M-26APR272300-00,ac4f2295-90fc-6b0f-b53c-591daebfa39b,1777344300,0.5,1.0,yes,"{""count_fp"":""1.00"",""created_time"":""2026-04-28T02:45:00.654524Z"",""no_price_dollars"":""0.5000"",""taker_side"":""yes"",""ticker"":""KXBTC15M-26APR272300-00"",""trade_id"":""ac4f2295-90fc-6b0f-b53c-591daebfa39b"",""yes_price_dollars"":""0.5000""}"
KXBTC15M-26APR272300-00,9fb0c263-6c14-6f40-bd70-50d6c3bd46f5,1777344300,0.49,8.0,yes,"{""count_fp"":""8.00"",""created_time"":""2026-04-28T02:45:00.654524Z"",""no_price_dollars"":""0.5100"",""taker_side"":""yes"",""ticker"":""KXBTC15M-26APR272300-00"",""trade_id"":""9fb0c263-6c14-6f40-bd70-50d6c3bd46f5"",""yes_price_dollars"":""0.4900""}"
KXBTC15M-26APR272300-00,2404d025-f5f5-6b1b-99ce-5a23907f4a04,1777344300,0.5,6.0,yes,"{""count_fp"":""6.00"",""created_time"":""2026-04-28T02:45:00.654524Z"",""no_price_dollars"":""0.5000"",""taker_side"":""yes"",""ticker"":""KXBTC15M-26APR272300-00"",""trade_id"":""2404d025-f5f5-6b1b-99ce-5a23907f4a04"",""yes_price_dollars"":""0.5000""}"
KXBTC15M-26APR272300-00,97c27d8e-9a95-75b9-de0a-9d81c844ca8d,1777344300,0.48,10.0,yes,"{""count_fp"":""10.00"",""created_time"":""2026-04-28T02:45:00.527019Z"",""no_price_dollars"":""0.5200"",""taker_side"":""yes"",""ticker"":""KXBTC15M-26APR272300-00"",""trade_id"":""97c27d8e-9a95-75b9-de0a-9d81c844ca8d"",""yes_price_dollars"":""0.4800""}"
KXBTC15M-26APR272300-00,147c180f-360a-76b8-c269-d4750c7c8f00,1777344300,0.47,1.0,yes,"{""count_fp"":""1.00"",""created_time"":""2026-04-28T02:45:00.527019Z"",""no_price_dollars"":""0.5300"",""taker_side"":""yes"",""ticker"":""KXBTC15M-26APR272300-00"",""trade_id"":""147c180f-360a-76b8-c269-d4750c7c8f00"",""yes_price_dollars"":""0.4700""}"
KXBTC15M-26APR272300-00,79100e05-58a6-69e4-d062-63fd5c3f6ad4,1777344300,0.47,9.0,yes,"{""count_fp"":""9.00"",""created_time"":""2026-04-28T02:45:00.284987Z"",""no_price_dollars"":""0.5300"",""taker_side"":""yes"",""ticker"":""KXBTC15M-26APR272300-00"",""trade_id"":""79100e05-58a6-69e4-d062-63fd5c3f6ad4"",""yes_price_dollars"":""0.4700""}"
KXBTC15M-26APR272300-00,b3eb28f3-79e1-75a0-d5ef-a9833153c8d6,1777344301,0.5,6.0,no,"{""count_fp"":""6.00"",""created_time"":""2026-04-28T02:45:01.989535Z"",""no_price_dollars"":""0.5000"",""taker_side"":""no"",""ticker"":""KXBTC15M-26APR272300-00"",""trade_id"":""b3eb28f3-79e1-75a0-d5ef-a9833153c8d6"",""yes_price_dollars"":""0.5000""}"
KXBTC15M-26APR272300-00,51cc18b1-ce79-4798-1f1f-2fe808072606,1777344301,0.5,107.0,no,"{""count_fp"":""107.00"",""created_time"":""2026-04-28T02:45:01.781126Z"",""no_price_dollars"":""0.5000"",""taker_side"":""no"",""ticker"":""KXBTC15M-26APR272300-00"",""trade_id"":""51cc18b1-ce79-4798-1f1f-2fe808072606"",""yes_price_dollars"":""0.5000""}"
KXBTC15M-26APR272300-00,d6e04f9a-6604-682b-f24d-88c1fbc4cbaa,1777344301,0.5,10.0,no,"{""count_fp"":""10.00"",""created_time"":""2026-04-28T02:45:01.527249Z"",""no_price_dollars"":""0.5000"",""taker_side"":""no"",""ticker"":""KXBTC15M-26APR272300-00"",""trade_id"":""d6e04f9a-6604-682b-f24d-88c1fbc4cbaa"",""yes_price_dollars"":""0.5000""}"
KXBTC15M-26APR272300-00,1a6a2dbd-2170-6a95-f14d-3babf10ee74b,1777344301,0.48,55.0,no,"{""count_fp"":""55.00"",""created_time"":""2026-04-28T02:45:01.527249Z"",""no_price_dollars"":""0.5200"",""taker_side"":""no"",""ticker"":""KXBTC15M-26APR272300-00"",""trade_id"":""1a6a2dbd-2170-6a95-f14d-3babf10ee74b"",""yes_price_dollars"":""0.4800""}"
KXBTC15M-26APR272300-00,b2ec1981-3ed8-41cf-52c4-3f90a3563ebb,1777344301,0.49,12.0,yes,"{""count_fp"":""12.00"",""created_time"":""2026-04-28T02:45:01.370521Z"",""no_price_dollars"":""0.5100"",""taker_side"":""yes"",""ticker"":""KXBTC15M-26APR272300-00"",""trade_id"":""b2ec1981-3ed8-41cf-52c4-3f90a3563ebb"",""yes_price_dollars"":""0.4900""}"
KXBTC15M-26APR272300-00,305a9af4-d1a9-6e47-83b9-9a8f799fc92c,1777344301,0.5,2.0,yes,"{""count_fp"":""2.00"",""created_time"":""2026-04-28T02:45:01.336991Z"",""no_price_dollars"":""0.5000"",""taker_side"":""yes"",""ticker"":""KXBTC15M-26APR272300-00"",""trade_id"":""305a9af4-d1a9-6e47-83b9-9a8f799fc92c"",""yes_price_dollars"":""0.5000""}"
KXBTC15M-26APR272300-00,2a8449f8-46eb-6cd2-90ae-bca08a60739e,1777344302,0.5,7.0,no,"{""count_fp"":""7.00"",""created_time"":""2026-04-28T02:45:02.916553Z"",""no_price_dollars"":""0.5000"",""taker_side"":""no"",""ticker"":""KXBTC15M-26APR272300-00"",""trade_id"":""2a8449f8-46eb-6cd2-90ae-bca08a60739e"",""yes_price_dollars"":""0.5000""}"
KXBTC15M-26APR272300-00,4183dd81-aedf-7922-175b-9058aa20582e,1777344302,0.5,7.0,no,"{""count_fp"":""7.00"",""created_time"":""2026-04-28T02:45:02.695831Z"",""no_price_dollars"":""0.5000"",""taker_side"":""no"",""ticker"":""KXBTC15M-26APR272300-00"",""trade_id"":""4183dd81-aedf-7922-175b-9058aa20582e"",""yes_price_dollars"":""0.5000""}"
KXBTC15M-26APR272300-00,5f932727-bd7c-763a-ff90-fc655b78d66c,1777344302,0.5,7.0,no,"{""count_fp"":""7.00"",""created_time"":""2026-04-28T02:45:02.453918Z"",""no_price_dollars"":""0.5000"",""taker_side"":""no"",""ticker"":""KXBTC15M-26APR272300-00"",""trade_id"":""5f932727-bd7c-763a-ff90-fc655b78d66c"",""yes_price_dollars"":""0.5000""}"
KXBTC15M-26APR272300-00,b6a47961-b745-5314-d0f1-48f82327bc02,1777344302,0.5,7.0,no,"{""count_fp"":""7.00"",""created_time"":""2026-04-28T02:45:02.198126Z"",""no_price_dollars"":""0.5000"",""taker_side"":""no"",""ticker"":""KXBTC15M-26APR272300-00"",""trade_id"":""b6a47961-b745-5314-d0f1-48f82327bc02"",""yes_price_dollars"":""0.5000""}"
KXBTC15M-26APR272300-00,48b21145-5f51-708f-67e6-d7f991dfe514,1777344303,0.49,3.0,yes,"{""count_fp"":""3.00"",""created_time"":""2026-04-28T02:45:03.884785Z"",""no_price_dollars"":""0.5100"",""taker_side"":""yes"",""ticker"":""KXBTC15M-26APR272300-00"",""trade_id"":""48b21145-5f51-708f-67e6-d7f991dfe514"",""yes_price_dollars"":""0.4900""}"
KXBTC15M-26APR272300-00,f346d6b1-f215-7fec-20bc-b0c1cb3b953d,1777344303,0.5,30.0,no,"{""count_fp"":""30.00"",""created_time"":""2026-04-28T02:45:03.598551Z"",""no_price_dollars"":""0.5000"",""taker_side"":""no"",""ticker"":""KXBTC15M-26APR272300-00"",""trade_id"":""f346d6b1-f215-7fec-20bc-b0c1cb3b953d"",""yes_price_dollars"":""0.5000""}"
KXBTC15M-26APR272300-00,8c5f183c-23ad-7d46-2567-16c144571e92,1777344303,0.5,33.0,no,"{""count_fp"":""33.00"",""created_time"":""2026-04-28T02:45:03.598551Z"",""no_price_dollars"":""0.5000"",""taker_side"":""no"",""ticker"":""KXBTC15M-26APR272300-00"",""trade_id"":""8c5f183c-23ad-7d46-2567-16c144571e92"",""yes_price_dollars"":""0.5000""}"
KXBTC15M-26APR272300-00,45ce41b6-1f20-7a76-25ec-f6eba85b7d0b,1777344303,0.5,1.3,no,"{""count_fp"":""1.30"",""created_time"":""2026-04-28T02:45:03.598551Z"",""no_price_dollars"":""0.5000"",""taker_side"":""no"",""ticker"":""KXBTC15M-26APR272300-00"",""trade_id"":""45ce41b6-1f20-7a76-25ec-f6eba85b7d0b"",""yes_price_dollars"":""0.5000""}"
KXBTC15M-26APR272300-00,0fe3f438-1e7f-73d2-1046-72f7036324a6,1777344303,0.5,2.0,no,"{""count_fp"":""2.00"",""created_time"":""2026-04-28T02:45:03.598551Z"",""no_price_dollars"":""0.5000"",""taker_side"":""no"",""ticker"":""KXBTC15M-26APR272300-00"",""trade_id"":""0fe3f438-1e7f-73d2-1046-72f7036324a6"",""yes_price_dollars"":""0.5000""}"
KXBTC15M-26APR272300-00,03272e6b-b5bf-7e67-114a-be74fbf1953e,1777344303,0.5,17.0,no,"{""count_fp"":""17.00"",""created_time"":""2026-04-28T02:45:03.598551Z"",""no_price_dollars"":""0.5000"",""taker_side"":""no"",""ticker"":""KXBTC15M-26APR272300-00"",""trade_id"":""03272e6b-b5bf-7e67-114a-be74fbf1953e"",""yes_price_dollars"":""0.5000""}"
KXBTC15M-26APR272300-00,f0956b30-1bb7-6a8a-a843-f242c6b03bda,1777344303,0.5,6.0,no,"{""count_fp"":""6.00"",""created_time"":""2026-04-28T02:45:03.134853Z"",""no_price_dollars"":""0.5000"",""taker_side"":""no"",""ticker"":""KXBTC15M-26APR272300-00"",""trade_id"":""f0956b30-1bb7-6a8a-a843-f242c6b03bda"",""yes_price_dollars"":""0.5000""}"
KXBTC15M-26APR272300-00,69a411de-d1bd-7e1b-1770-c70e826a397f,1777344304,0.47,10.0,yes,"{""count_fp"":""10.00"",""created_time"":""2026-04-28T02:45:04.384512Z"",""no_price_dollars"":""0.5300"",""taker_side"":""yes"",""ticker"":""KXBTC15M-26APR272300-00"",""trade_id"":""69a411de-d1bd-7e1b-1770-c70e826a397f"",""yes_price_dollars"":""0.4700""}"
KXBTC15M-26APR272300-00,a6a19306-e586-6476-e22b-163bf29d5b48,1777344305,0.47,30.0,yes,"{""count_fp"":""30.00"",""created_time"":""2026-04-28T02:45:05.380485Z"",""no_price_dollars"":""0.5300"",""taker_side"":""yes"",""ticker"":""KXBTC15M-26APR272300-00"",""trade_id"":""a6a19306-e586-6476-e22b-163bf29d5b48"",""yes_price_dollars"":""0.4700""}"
KXBTC15M-26APR272300-00,9a710ac7-0af5-7590-c8c3-d0e75bf70309,1777344306,0.47,1.0,yes,"{""count_fp"":""1.00"",""created_time"":""2026-04-28T02:45:06.802341Z"",""no_price_dollars"":""0.5300"",""taker_side"":""yes"",""ticker"":""KXBTC15M-26APR272300-00"",""trade_id"":""9a710ac7-0af5-7590-c8c3-d0e75bf70309"",""yes_price_dollars"":""0.4700""}"
KXBTC15M-26APR272300-00,8ff47d86-8bd9-62e8-9b05-ca2bc3e62c91,1777344306,0.47,10.0,yes,"{""count_fp"":""10.00"",""created_time"":""2026-04-28T02:45:06.270688Z"",""no_price_dollars"":""0.5300"",""taker_side"":""yes"",""ticker"":""KXBTC15M-26APR272300-00"",""trade_id"":""8ff47d86-8bd9-62e8-9b05-ca2bc3e62c91"",""yes_price_dollars"":""0.4700""}"
KXBTC15M-26APR272300-00,b4e6d1ac-8266-70d1-2a1d-6742c5a4c5c5,1777344307,0.47,29.36,yes,"{""count_fp"":""29.36"",""created_time"":""2026-04-28T02:45:07.482202Z"",""no_price_dollars"":""0.5300"",""taker_side"":""yes"",""ticker"":""KXBTC15M-26APR272300-00"",""trade_id"":""b4e6d1ac-8266-70d1-2a1d-6742c5a4c5c5"",""yes_price_dollars"":""0.4700""}"
KXBTC15M-26APR272300-00,b26d32da-fa26-7bb6-1d40-81d3ba822e40,1777344307,0.47,0.64,yes,"{""count_fp"":""0.64"",""created_time"":""2026-04-28T02:45:07.482202Z"",""no_price_dollars"":""0.5300"",""taker_side"":""yes"",""ticker"":""KXBTC15M-26APR272300-00"",""trade_id"":""b26d32da-fa26-7bb6-1d40-81d3ba822e40"",""yes_price_dollars"":""0.4700""}"
KXBTC15M-26APR272300-00,e945cd41-798f-46cc-5763-fa96d53eaa1f,1777344308,0.49,1.33,no,"{""count_fp"":""1.33"",""created_time"":""2026-04-28T02:45:08.593399Z"",""no_price_dollars"":""0.5100"",""taker_side"":""no"",""ticker"":""KXBTC15M-26APR272300-00"",""trade_id"":""e945cd41-798f-46cc-5763-fa96d53eaa1f"",""yes_price_dollars"":""0.4900""}"
KXBTC15M-26APR272300-00,d0fb5a81-901d-4bdc-4a96-8b2ad2ac3ebe,1777344308,0.46,0.28,no,"{""count_fp"":""0.28"",""created_time"":""2026-04-28T02:45:08.593399Z"",""no_price_dollars"":""0.5400"",""taker_side"":""no"",""ticker"":""KXBTC15M-26APR272300-00"",""trade_id"":""d0fb5a81-901d-4bdc-4a96-8b2ad2ac3ebe"",""yes_price_dollars"":""0.4600""}"
KXBTC15M-26APR272300-00,5e7c800a-e679-4536-656c-9d78e368d60c,1777344308,0.46,1.0,no,"{""count_fp"":""1.00"",""created_time"":""2026-04-28T02:45:08.593399Z"",""no_price_dollars"":""0.5400"",""taker_side"":""no"",""ticker"":""KXBTC15M-26APR272300-00"",""trade_id"":""5e7c800a-e679-4536-656c-9d78e368d60c"",""yes_price_dollars"":""0.4600""}"
KXBTC15M-26APR272300-00,5bfa9e7f-7b9c-4488-500d-f61df92a8e9e,1777344308,0.46,10.0,no,"{""count_fp"":""10.00"",""created_time"":""2026-04-28T02:45:08.593399Z"",""no_price_dollars"":""0.5400"",""taker_side"":""no"",""ticker"":""KXBTC15M-26APR272300-00"",""trade_id"":""5bfa9e7f-7b9c-4488-500d-f61df92a8e9e"",""yes_price_dollars"":""0.4600""}"
KXBTC15M-26APR272300-00,fc096131-089e-68be-bf09-8dba63013e7c,1777344309,0.47,19.32,yes,"{""count_fp"":""19.32"",""created_time"":""2026-04-28T02:45:09.892487Z"",""no_price_dollars"":""0.5300"",""taker_side"":""yes"",""ticker"":""KXBTC15M-26APR272300-00"",""trade_id"":""fc096131-089e-68be-bf09-8dba63013e7c"",""yes_price_dollars"":""0.4700""}"
KXBTC15M-26APR272300-00,98c27431-7b88-48b7-8cee-d9788c4a9319,1777344309,0.46,7.24,no,"{""count_fp"":""7.24"",""created_time"":""2026-04-28T02:45:09.704496Z"",""no_price_dollars"":""0.5400"",""taker_side"":""no"",""ticker"":""KXBTC15M-26APR272300-00"",""trade_id"":""98c27431-7b88-48b7-8cee-d9788c4a9319"",""yes_price_dollars"":""0.4600""}"
KXBTC15M-26APR272300-00,0f088f6b-db24-4434-abb4-93e4ba8179ae,1777344309,0.46,1.73,no,"{""count_fp"":""1.73"",""created_time"":""2026-04-28T02:45:09.704496Z"",""no_price_dollars"":""0.5400"",""taker_side"":""no"",""ticker"":""KXBTC15M-26APR272300-00"",""trade_id"":""0f088f6b-db24-4434-abb4-93e4ba8179ae"",""yes_price_dollars"":""0.4600""}"
KXBTC15M-26APR272300-00,615fe5d6-799d-60ef-ae04-2548ee57bdf3,1777344309,0.47,30.0,yes,"{""count_fp"":""30.00"",""created_time"":""2026-04-28T02:45:09.586662Z"",""no_price_dollars"":""0.5300"",""taker_side"":""yes"",""ticker"":""KXBTC15M-26APR272300-00"",""trade_id"":""615fe5d6-799d-60ef-ae04-2548ee57bdf3"",""yes_price_dollars"":""0.4700""}"
KXBTC15M-26APR272300-00,1a3a4684-2e58-4448-c8b5-7bf8898ecc36,1777344309,0.46,118.0,no,"{""count_fp"":""118.00"",""created_time"":""2026-04-28T02:45:09.560978Z"",""no_price_dollars"":""0.5400"",""taker_side"":""no"",""ticker"":""KXBTC15M-26APR272300-00"",""trade_id"":""1a3a4684-2e58-4448-c8b5-7bf8898ecc36"",""yes_price_dollars"":""0.4600""}"
KXBTC15M-26APR272300-00,a2b428a4-a8a1-49ae-9b00-b89de85e8588,1777344309,0.47,30.0,yes,"{""count_fp"":""30.00"",""created_time"":""2026-04-28T02:45:09.501198Z"",""no_price_dollars"":""0.5300"",""taker_side"":""yes"",""ticker"":""KXBTC15M-26APR272300-00"",""trade_id"":""a2b428a4-a8a1-49ae-9b00-b89de85e8588"",""yes_price_dollars"":""0.4700""}"
KXBTC15M-26APR272300-00,fd963287-4ab5-5a64-a9fe-fcdba4f4ebd2,1777344309,0.46,0.72,no,"{""count_fp"":""0.72"",""created_time"":""2026-04-28T02:45:09.180002Z"",""no_price_dollars"":""0.5400"",""taker_side"":""no"",""ticker"":""KXBTC15M-26APR272300-00"",""trade_id"":""fd963287-4ab5-5a64-a9fe-fcdba4f4ebd2"",""yes_price_dollars"":""0.4600""}"
KXBTC15M-26APR272300-00,d8c80f48-d5b7-56ec-a0e3-f96ec92c1abc,1777344309,0.46,17.0,no,"{""count_fp"":""17.00"",""created_time"":""2026-04-28T02:45:09.180002Z"",""no_price_dollars"":""0.5400"",""taker_side"":""no"",""ticker"":""KXBTC15M-26APR272300-00"",""trade_id"":""d8c80f48-d5b7-56ec-a0e3-f96ec92c1abc"",""yes_price_dollars"":""0.4600""}"
KXBTC15M-26APR272300-00,d1530dcf-4984-59ec-b90e-215816cf842a,1777344309,0.46,0.27,no,"{""count_fp"":""0.27"",""created_time"":""2026-04-28T02:45:09.180002Z"",""no_price_dollars"":""0.5400"",""taker_side"":""no"",""ticker"":""KXBTC15M-26APR272300-00"",""trade_id"":""d1530dcf-4984-59ec-b90e-215816cf842a"",""yes_price_dollars"":""0.4600""}"
KXBTC15M-26APR272300-00,88ee6549-5558-4a0b-efc1-7f5a9485164a,1777344310,0.47,3.0,no,"{""count_fp"":""3.00"",""created_time"":""2026-04-28T02:45:10.678407Z"",""no_price_dollars"":""0.5300"",""taker_side"":""no"",""ticker"":""KXBTC15M-26APR272300-00"",""trade_id"":""88ee6549-5558-4a0b-efc1-7f5a9485164a"",""yes_price_dollars"":""0.4700""}"
KXBTC15M-26APR272300-00,63c2842c-52b0-4184-d46f-3f3e6680eb10,1777344310,0.47,5.97,no,"{""count_fp"":""5.97"",""created_time"":""2026-04-28T02:45:10.678407Z"",""no_price_dollars"":""0.5300"",""taker_side"":""no"",""ticker"":""KXBTC15M-26APR272300-00"",""trade_id"":""63c2842c-52b0-4184-d46f-3f3e6680eb10"",""yes_price_dollars"":""0.4700""}"
KXBTC15M-26APR272300-00,2d2c635d-953a-4d1e-e829-ee769bbd6231,1777344310,0.47,400.0,yes,"{""count_fp"":""400.00"",""created_time"":""2026-04-28T02:45:10.628253Z"",""no_price_dollars"":""0.5300"",""taker_side"":""yes"",""ticker"":""KXBTC15M-26APR272300-00"",""trade_id"":""2d2c635d-953a-4d1e-e829-ee769bbd6231"",""yes_price_dollars"":""0.4700""}"
KXBTC15M-26APR272300-00,b2b375f2-4264-6ce8-4e15-1f4335f40993,1777344310,0.48,95.0,yes,"{""count_fp"":""95.00"",""created_time"":""2026-04-28T02:45:10.574565Z"",""no_price_dollars"":""0.5200"",""taker_side"":""yes"",""ticker"":""KXBTC15M-26APR272300-00"",""trade_id"":""b2b375f2-4264-6ce8-4e15-1f4335f40993"",""yes_price_dollars"":""0.4800""}"
KXBTC15M-26APR272300-00,67eab835-fdd9-62d2-5f46-ac005e51910f,1777344310,0.47,2.0,yes,"{""count_fp"":""2.00"",""created_time"":""2026-04-28T02:45:10.574565Z"",""no_price_dollars"":""0.5300"",""taker_side"":""yes"",""ticker"":""KXBTC15M-26APR272300-00"",""trade_id"":""67eab835-fdd9-62d2-5f46-ac005e51910f"",""yes_price_dollars"":""0.4700""}"
KXBTC15M-26APR272300-00,14323de7-3fb2-61bc-49ed-81608845d81a,1777344310,0.47,1.0,yes,"{""count_fp"":""1.00"",""created_time"":""2026-04-28T02:45:10.574565Z"",""no_price_dollars"":""0.5300"",""taker_side"":""yes"",""ticker"":""KXBTC15M-26APR272300-00"",""trade_id"":""14323de7-3fb2-61bc-49ed-81608845d81a"",""yes_price_dollars"":""0.4700""}"
KXBTC15M-26APR272300-00,11d8d44b-85b9-6eaa-48b1-2f52132f186c,1777344310,0.48,2.0,yes,"{""count_fp"":""2.00"",""created_time"":""2026-04-28T02:45:10.574565Z"",""no_price_dollars"":""0.5200"",""taker_side"":""yes"",""ticker"":""KXBTC15M-26APR272300-00"",""trade_id"":""11d8d44b-85b9-6eaa-48b1-2f52132f186c"",""yes_price_dollars"":""0.4800""}"
KXBTC15M-26APR272300-00,7584347f-42b6-7fae-81e4-09ca53929e10,1777344310,0.47,15.04,yes,"{""count_fp"":""15.04"",""created_time"":""2026-04-28T02:45:10.076098Z"",""no_price_dollars"":""0.5300"",""taker_side"":""yes"",""ticker"":""KXBTC15M-26APR272300-00"",""trade_id"":""7584347f-42b6-7fae-81e4-09ca53929e10"",""yes_price_dollars"":""0.4700""}"
KXBTC15M-26APR272300-00,53f71c3f-5b6c-72a6-994a-f2b4b19a0b6d,1777344310,0.47,12.96,yes,"{""count_fp"":""12.96"",""created_time"":""2026-04-28T02:45:10.076098Z"",""no_price_dollars"":""0.5300"",""taker_side"":""yes"",""ticker"":""KXBTC15M-26APR272300-00"",""trade_id"":""53f71c3f-5b6c-72a6-994a-f2b4b19a0b6d"",""yes_price_dollars"":""0.4700""}"
KXBTC15M-26APR272300-00,060f60ea-9677-7188-816f-c3062b68e98f,1777344310,0.47,2.0,yes,"{""count_fp"":""2.00"",""created_time"":""2026-04-28T02:45:10.076098Z"",""no_price_dollars"":""0.5300"",""taker_side"":""yes"",""ticker"":""KXBTC15M-26APR272300-00"",""trade_id"":""060f60ea-9677-7188-816f-c3062b68e98f"",""yes_price_dollars"":""0.4700""}"
KXBTC15M-26APR272300-00,f4855eeb-95ab-754b-97dd-206b8598a93c,1777344311,0.48,365.33,no,"{""count_fp"":""365.33"",""created_time"":""2026-04-28T02:45:11.906034Z"",""no_price_dollars"":""0.5200"",""taker_side"":""no"",""ticker"":""KXBTC15M-26APR272300-00"",""trade_id"":""f4855eeb-95ab-754b-97dd-206b8598a93c"",""yes_price_dollars"":""0.4800""}"
KXBTC15M-26APR272300-00,f11f622d-d6a3-421f-1ca3-61a9c17b4170,1777344311,0.48,89.7,no,"{""count_fp"":""89.70"",""created_time"":""2026-04-28T02:45:11.370746Z"",""no_price_dollars"":""0.5200"",""taker_side"":""no"",""ticker"":""KXBTC15M-26APR272300-00"",""trade_id"":""f11f622d-d6a3-421f-1ca3-61a9c17b4170"",""yes_price_dollars"":""0.4800""}"
KXBTC15M-26APR272300-00,d6d3b088-26cb-797f-7e72-c4a0d4dbd980,1777344311,0.48,25.82,no,"{""count_fp"":""25.82"",""created_time"":""2026-04-28T02:45:11.250452Z"",""no_price_dollars"":""0.5200"",""taker_side"":""no"",""ticker"":""KXBTC15M-26APR272300-00"",""trade_id"":""d6d3b088-26cb-797f-7e72-c4a0d4dbd980"",""yes_price_dollars"":""0.4800""}"
KXBTC15M-26APR272300-00,44232b1e-cc6f-7055-77ba-518b99b24b42,1777344311,0.48,10.0,no,"{""count_fp"":""10.00"",""created_time"":""2026-04-28T02:45:11.250452Z"",""no_price_dollars"":""0.5200"",""taker_side"":""no"",""ticker"":""KXBTC15M-26APR272300-00"",""trade_id"":""44232b1e-cc6f-7055-77ba-518b99b24b42"",""yes_price_dollars"":""0.4800""}"
KXBTC15M-26APR272300-00,f3552c2b-e1f2-44df-84ee-9acfd7b3eab1,1777344312,0.49,16.0,yes,"{""count_fp"":""16.00"",""created_time"":""2026-04-28T02:45:12.948613Z"",""no_price_dollars"":""0.5100"",""taker_side"":""yes"",""ticker"":""KXBTC15M-26APR272300-00"",""trade_id"":""f3552c2b-e1f2-44df-84ee-9acfd7b3eab1"",""yes_price_dollars"":""0.4900""}"
KXBTC15M-26APR272300-00,dd6c0ca0-765a-4f61-a125-7e3fa17f5bcc,1777344312,0.51,16.55,yes,"{""count_fp"":""16.55"",""created_time"":""2026-04-28T02:45:12.948613Z"",""no_price_dollars"":""0.4900"",""taker_side"":""yes"",""ticker"":""KXBTC15M-26APR272300-00"",""trade_id"":""dd6c0ca0-765a-4f61-a125-7e3fa17f5bcc"",""yes_price_dollars"":""0.5100""}"
KXBTC15M-26APR272300-00,bbb9a096-89bd-4b18-b6ef-4f6cf588d169,1777344312,0.51,8.0,yes,"{""count_fp"":""8.00"",""created_time"":""2026-04-28T02:45:12.948613Z"",""no_price_dollars"":""0.4900"",""taker_side"":""yes"",""ticker"":""KXBTC15M-26APR272300-00"",""trade_id"":""bbb9a096-89bd-4b18-b6ef-4f6cf588d169"",""yes_price_dollars"":""0.5100""}"
KXBTC15M-26APR272300-00,a2e6e798-9fb8-487a-8f4b-eb9faddab1d7,1777344312,0.5,3.0,yes,"{""count_fp"":""3.00"",""created_time"":""2026-04-28T02:45:12.948613Z"",""no_price_dollars"":""0.5000"",""taker_side"":""yes"",""ticker"":""KXBTC15M-26APR272300-00"",""trade_id"":""a2e6e798-9fb8-487a-8f4b-eb9faddab1d7"",""yes_price_dollars"":""0.5000""}"
KXBTC15M-26APR272300-00,1eedf956-7389-4cbb-bed3-7e38ffd95b55,1777344312,0.5,2.0,yes,"{""count_fp"":""2.00"",""created_time"":""2026-04-28T02:45:12.948613Z"",""no_price_dollars"":""0.5000"",""taker_side"":""yes"",""ticker"":""KXBTC15M-26APR272300-00"",""trade_id"":""1eedf956-7389-4cbb-bed3-7e38ffd95b55"",""yes_price_dollars"":""0.5000""}"
KXBTC15M-26APR272300-00,0faa8613-21cb-40a5-b9e6-b2aff31a9b53,1777344312,0.51,2.0,yes,"{""count_fp"":""2.00"",""created_time"":""2026-04-28T02:45:12.948613Z"",""no_price_dollars"":""0.4900"",""taker_side"":""yes"",""ticker"":""KXBTC15M-26APR272300-00"",""trade_id"":""0faa8613-21cb-40a5-b9e6-b2aff31a9b53"",""yes_price_dollars"":""0.5100""}"
KXBTC15M-26APR272300-00,14364f11-368e-4474-dd61-ef54bd77300d,1777344312,0.49,2.0,yes,"{""count_fp"":""2.00"",""created_time"":""2026-04-28T02:45:12.621179Z"",""no_price_dollars"":""0.5100"",""taker_side"":""yes"",""ticker"":""KXBTC15M-26APR272300-00"",""trade_id"":""14364f11-368e-4474-dd61-ef54bd77300d"",""yes_price_dollars"":""0.4900""}"
KXBTC15M-26APR272300-00,73f23fab-b05b-6e73-0627-952214f33487,1777344312,0.47,27.34,no,"{""count_fp"":""27.34"",""created_time"":""2026-04-28T02:45:12.444344Z"",""no_price_dollars"":""0.5300"",""taker_side"":""no"",""ticker"":""KXBTC15M-26APR272300-00"",""trade_id"":""73f23fab-b05b-6e73-0627-952214f33487"",""yes_price_dollars"":""0.4700""}"
KXBTC15M-26APR272300-00,900ac7f3-b0fc-5ba0-daad-983830dbabf4,1777344312,0.48,66.03,no,"{""count_fp"":""66.03"",""created_time"":""2026-04-28T02:45:12.280714Z"",""no_price_dollars"":""0.5200"",""taker_side"":""no"",""ticker"":""KXBTC15M-26APR272300-00"",""trade_id"":""900ac7f3-b0fc-5ba0-daad-983830dbabf4"",""yes_price_dollars"":""0.4800""}"
KXBTC15M-26APR272300-00,3acd0b00-fc66-595e-f2a6-0d4daff62d05,1777344312,0.48,5.35,no,"{""count_fp"":""5.35"",""created_time"":""2026-04-28T02:45:12.280714Z"",""no_price_dollars"":""0.5200"",""taker_side"":""no"",""ticker"":""KXBTC15M-26APR272300-00"",""trade_id"":""3acd0b00-fc66-595e-f2a6-0d4daff62d05"",""yes_price_dollars"":""0.4800""}"
KXBTC15M-26APR272300-00,f1a400a1-a040-6edd-7b8a-26091f8560d5,1777344312,0.48,3.0,no,"{""count_fp"":""3.00"",""created_time"":""2026-04-28T02:45:12.237967Z"",""no_price_dollars"":""0.5200"",""taker_side"":""no"",""ticker"":""KXBTC15M-26APR272300-00"",""trade_id"":""f1a400a1-a040-6edd-7b8a-26091f8560d5"",""yes_price_dollars"":""0.4800""}"
KXBTC15M-26APR272300-00,eec01de2-f383-65a0-5c18-cee39731dd0d,1777344312,0.48,1.35,no,"{""count_fp"":""1.35"",""created_time"":""2026-04-28T02:45:12.237967Z"",""no_price_dollars"":""0.5200"",""taker_side"":""no"",""ticker"":""KXBTC15M-26APR272300-00"",""trade_id"":""eec01de2-f383-65a0-5c18-cee39731dd0d"",""yes_price_dollars"":""0.4800""}"
KXBTC15M-26APR272300-00,8388edf5-9c1a-6193-5c47-f0bd6ee339a3,1777344312,0.48,10.0,no,"{""count_fp"":""10.00"",""created_time"":""2026-04-28T02:45:12.237967Z"",""no_price_dollars"":""0.5200"",""taker_side"":""no"",""ticker"":""KXBTC15M-26APR272300-00"",""trade_id"":""8388edf5-9c1a-6193-5c47-f0bd6ee339a3"",""yes_price_dollars"":""0.4800""}"
KXBTC15M-26APR272300-00,410e3da8-a40e-691a-5024-def2281b1aad,1777344312,0.48,50.65,no,"{""count_fp"":""50.65"",""created_time"":""2026-04-28T02:45:12.237967Z"",""no_price_dollars"":""0.5200"",""taker_side"":""no"",""ticker"":""KXBTC15M-26APR272300-00"",""trade_id"":""410e3da8-a40e-691a-5024-def2281b1aad"",""yes_price_dollars"":""0.4800""}"
KXBTC15M-26APR272300-00,1d25667d-b881-6561-4c6d-33201aac77d5,1777344312,0.48,15.0,no,"{""count_fp"":""15.00"",""created_time"":""2026-04-28T02:45:12.237967Z"",""no_price_dollars"":""0.5200"",""taker_side"":""no"",""ticker"":""KXBTC15M-26APR272300-00"",""trade_id"":""1d25667d-b881-6561-4c6d-33201aac77d5"",""yes_price_dollars"":""0.4800""}"
KXBTC15M-26APR272300-00,2b034e5c-3903-4f9b-8015-bf2f4782072f,1777344313,0.48,0.63,no,"{""count_fp"":""0.63"",""created_time"":""2026-04-28T02:45:13.760882Z"",""no_price_dollars"":""0.5200"",""taker_side"":""no"",""ticker"":""KXBTC15M-26APR272300-00"",""trade_id"":""2b034e5c-3903-4f9b-8015-bf2f4782072f"",""yes_price_dollars"":""0.4800""}"
KXBTC15M-26APR272300-00,55fade68-e28f-61f7-de1e-153462a87ec7,1777344313,0.48,35.88,no,"{""count_fp"":""35.88"",""created_time"":""2026-04-28T02:45:13.727557Z"",""no_price_dollars"":""0.5200"",""taker_side"":""no"",""ticker"":""KXBTC15M-26APR272300-00"",""trade_id"":""55fade68-e28f-61f7-de1e-153462a87ec7"",""yes_price_dollars"":""0.4800""}"
KXBTC15M-26APR272300-00,39bb10c1-b214-5573-30d6-93ab43713ec3,1777344313,0.51,11.37,yes,"{""count_fp"":""11.37"",""created_time"":""2026-04-28T02:45:13.395281Z"",""no_price_dollars"":""0.4900"",""taker_side"":""yes"",""ticker"":""KXBTC15M-26APR272300-00"",""trade_id"":""39bb10c1-b214-5573-30d6-93ab43713ec3"",""yes_price_dollars"":""0.5100""}"
KXBTC15M-26APR272300-00,29c94f7e-5a53-556f-0f0c-7393c7c8dbec,1777344313,0.49,3.0,yes,"{""count_fp"":""3.00"",""created_time"":""2026-04-28T02:45:13.395281Z"",""no_price_dollars"":""0.5100"",""taker_side"":""yes"",""ticker"":""KXBTC15M-26APR272300-00"",""trade_id"":""29c94f7e-5a53-556f-0f0c-7393c7c8dbec"",""yes_price_dollars"":""0.4900""}"
KXBTC15M-26APR272300-00,205a1ecd-4e01-547f-18f6-48193643d482,1777344313,0.51,54.63,yes,"{""count_fp"":""54.63"",""created_time"":""2026-04-28T02:45:13.395281Z"",""no_price_dollars"":""0.4900"",""taker_side"":""yes"",""ticker"":""KXBTC15M-26APR272300-00"",""trade_id"":""205a1ecd-4e01-547f-18f6-48193643d482"",""yes_price_dollars"":""0.5100""}"
KXBTC15M-26APR272300-00,1c9f9c0a-d817-7059-ce75-28f55b792083,1777344314,0.49,8.0,no,"{""count_fp"":""8.00"",""created_time"":""2026-04-28T02:45:14.332022Z"",""no_price_dollars"":""0.5100"",""taker_side"":""no"",""ticker"":""KXBTC15M-26APR272300-00"",""trade_id"":""1c9f9c0a-d817-7059-ce75-28f55b792083"",""yes_price_dollars"":""0.4900""}"
KXBTC15M-26APR272300-00,d664b258-80c0-57c7-d777-309967d5691c,1777344314,0.5,7.92,yes,"{""count_fp"":""7.92"",""created_time"":""2026-04-28T02:45:14.064808Z"",""no_price_dollars"":""0.5000"",""taker_side"":""yes"",""ticker"":""KXBTC15M-26APR272300-00"",""trade_id"":""d664b258-80c0-57c7-d777-309967d5691c"",""yes_price_dollars"":""0.5000""}"
KXBTC15M-26APR272300-00,6e6c6745-be6d-6ace-1793-12651944e976,1777344315,0.5,9.59,yes,"{""count_fp"":""9.59"",""created_time"":""2026-04-28T02:45:15.755109Z"",""no_price_dollars"":""0.5000"",""taker_side"":""yes"",""ticker"":""KXBTC15M-26APR272300-00"",""trade_id"":""6e6c6745-be6d-6ace-1793-12651944e976"",""yes_price_dollars"":""0.5000""}"
KXBTC15M-26APR272300-00,bfad5742-3241-65ba-fbfb-b05e372288d2,1777344315,0.5,0.41,yes,"{""count_fp"":""0.41"",""created_time"":""2026-04-28T02:45:15.628528Z"",""no_price_dollars"":""0.5000"",""taker_side"":""yes"",""ticker"":""KXBTC15M-26APR272300-00"",""trade_id"":""bfad5742-3241-65ba-fbfb-b05e372288d2"",""yes_price_dollars"":""0.5000""}"
KXBTC15M-26APR272300-00,17bdae0f-3d80-6151-deb5-74bb0228da66,1777344315,0.5,0.59,yes,"{""count_fp"":""0.59"",""created_time"":""2026-04-28T02:45:15.628528Z"",""no_price_dollars"":""0.5000"",""taker_side"":""yes"",""ticker"":""KXBTC15M-26APR272300-00"",""trade_id"":""17bdae0f-3d80-6151-deb5-74bb0228da66"",""yes_price_dollars"":""0.5000""}"
KXBTC15M-26APR272300-00,4a4fbfd0-cd57-4351-f1f9-00f3b7af6f9f,1777344315,0.49,1.0,no,"{""count_fp"":""1.00"",""created_time"":""2026-04-28T02:45:15.162431Z"",""no_price_dollars"":""0.5100"",""taker_side"":""no"",""ticker"":""KXBTC15M-26APR272300-00"",""trade_id"":""4a4fbfd0-cd57-4351-f1f9-00f3b7af6f9f"",""yes_price_dollars"":""0.4900""}"
KXBTC15M-26APR272300-00,a80033b0-776f-623f-f568-4228812d9447,1777344316,0.54,3.0,yes,"{""count_fp"":""3.00"",""created_time"":""2026-04-28T02:45:16.993686Z"",""no_price_dollars"":""0.4600"",""taker_side"":""yes"",""ticker"":""KXBTC15M-26APR272300-00"",""trade_id"":""a80033b0-776f-623f-f568-4228812d9447"",""yes_price_dollars"":""0.5400""}"
KXBTC15M-26APR272300-00,90de66cc-26fe-6569-eb12-da4ce8de92dd,1777344316,0.54,1.0,yes,"{""count_fp"":""1.00"",""created_time"":""2026-04-28T02:45:16.993686Z"",""no_price_dollars"":""0.4600"",""taker_side"":""yes"",""ticker"":""KXBTC15M-26APR272300-00"",""trade_id"":""90de66cc-26fe-6569-eb12-da4ce8de92dd"",""yes_price_dollars"":""0.5400""}"
KXBTC15M-26APR272300-00,3c805b87-7d2b-6d3d-fc62-5d7e8723f4f1,1777344316,0.54,8.0,yes,"{""count_fp"":""8.00"",""created_time"":""2026-04-28T02:45:16.993686Z"",""no_price_dollars"":""0.4600"",""taker_side"":""yes"",""ticker"":""KXBTC15M-26APR272300-00"",""trade_id"":""3c805b87-7d2b-6d3d-fc62-5d7e8723f4f1"",""yes_price_dollars"":""0.5400""}"
KXBTC15M-26APR272300-00,14095ea8-a868-657b-d979-3e25f5b2c19e,1777344316,0.54,500.0,yes,"{""count_fp"":""500.00"",""created_time"":""2026-04-28T02:45:16.993686Z"",""no_price_dollars"":""0.4600"",""taker_side"":""yes"",""ticker"":""KXBTC15M-26APR272300-00"",""trade_id"":""14095ea8-a868-657b-d979-3e25f5b2c19e"",""yes_price_dollars"":""0.5400""}"
KXBTC15M-26APR272300-00,4dbde636-f09f-68af-c979-40dc4877bf28,1777344316,0.53,0.18,no,"{""count_fp"":""0.18"",""created_time"":""2026-04-28T02:45:16.987581Z"",""no_price_dollars"":""0.4700"",""taker_side"":""no"",""ticker"":""KXBTC15M-26APR272300-00"",""trade_id"":""4dbde636-f09f-68af-c979-40dc4877bf28"",""yes_price_dollars"":""0.5300""}"
KXBTC15M-26APR272300-00,d07abc25-c851-6cc6-4ed6-d01d9af71b8b,1777344316,0.52,0.65,yes,"{""count_fp"":""0.65"",""created_time"":""2026-04-28T02:45:16.764619Z"",""no_price_dollars"":""0.4800"",""taker_side"":""yes"",""ticker"":""KXBTC15M-26APR272300-00"",""trade_id"":""d07abc25-c851-6cc6-4ed6-d01d9af71b8b"",""yes_price_dollars"":""0.5200""}"
KXBTC15M-26APR272300-00,91d42ee1-9108-619c-550d-2efef70bf08e,1777344316,0.53,8.0,yes,"{""count_fp"":""8.00"",""created_time"":""2026-04-28T02:45:16.764619Z"",""no_price_dollars"":""0.4700"",""taker_side"":""yes"",""ticker"":""KXBTC15M-26APR272300-00"",""trade_id"":""91d42ee1-9108-619c-550d-2efef70bf08e"",""yes_price_dollars"":""0.5300""}"
KXBTC15M-26APR272300-00,c44853f7-7585-6fa8-d465-80225023562b,1777344316,0.52,500.0,yes,"{""count_fp"":""500.00"",""created_time"":""2026-04-28T02:45:16.747774Z"",""no_price_dollars"":""0.4800"",""taker_side"":""yes"",""ticker"":""KXBTC15M-26APR272300-00"",""trade_id"":""c44853f7-7585-6fa8-d465-80225023562b"",""yes_price_dollars"":""0.5200""}"
KXBTC15M-26APR272300-00,364af404-c6e2-6437-e871-c8fb9d048b16,1777344316,0.52,3.0,yes,"{""count_fp"":""3.00"",""created_time"":""2026-04-28T02:45:16.747774Z"",""no_price_dollars"":""0.4800"",""taker_side"":""yes"",""ticker"":""KXBTC15M-26APR272300-00"",""trade_id"":""364af404-c6e2-6437-e871-c8fb9d048b16"",""yes_price_dollars"":""0.5200""}"
KXBTC15M-26APR272300-00,a8310f20-50d2-57be-e8ab-6c38907741d2,1777344316,0.49,5.63,no,"{""count_fp"":""5.63"",""created_time"":""2026-04-28T02:45:16.526936Z"",""no_price_dollars"":""0.5100"",""taker_side"":""no"",""ticker"":""KXBTC15M-26APR272300-00"",""trade_id"":""a8310f20-50d2-57be-e8ab-6c38907741d2"",""yes_price_dollars"":""0.4900""}"
KXBTC15M-26APR272300-00,13359964-abbc-58f5-f0f0-49eb1c8a862e,1777344316,0.5,0.05,no,"{""count_fp"":""0.05"",""created_time"":""2026-04-28T02:45:16.526936Z"",""no_price_dollars"":""0.5000"",""taker_side"":""no"",""ticker"":""KXBTC15M-26APR272300-00"",""trade_id"":""13359964-abbc-58f5-f0f0-49eb1c8a862e"",""yes_price_dollars"":""0.5000""}"
KXBTC15M-26APR272300-00,a118dfe8-b1e4-7479-b325-bc05fcb78246,1777344316,0.5,9.95,no,"{""count_fp"":""9.95"",""created_time"":""2026-04-28T02:45:16.501615Z"",""no_price_dollars"":""0.5000"",""taker_side"":""no"",""ticker"":""KXBTC15M-26APR272300-00"",""trade_id"":""a118dfe8-b1e4-7479-b325-bc05fcb78246"",""yes_price_dollars"":""0.5000""}"
KXBTC15M-26APR272300-00,129b4fc0-1ab4-716d-a035-b02c4b08e7e6,1777344316,0.51,9.0,no,"{""count_fp"":""9.00"",""created_time"":""2026-04-28T02:45:16.501615Z"",""no_price_dollars"":""0.4900"",""taker_side"":""no"",""ticker"":""KXBTC15M-26APR272300-00"",""trade_id"":""129b4fc0-1ab4-716d-a035-b02c4b08e7e6"",""yes_price_dollars"":""0.5100""}"
KXBTC15M-26APR272300-00,7f3dbdc4-cdc2-5d64-6eae-067560dfe0e0,1777344316,0.52,10.0,yes,"{""count_fp"":""10.00"",""created_time"":""2026-04-28T02:45:16.245915Z"",""no_price_dollars"":""0.4800"",""taker_side"":""yes"",""ticker"":""KXBTC15M-26APR272300-00"",""trade_id"":""7f3dbdc4-cdc2-5d64-6eae-067560dfe0e0"",""yes_price_dollars"":""0.5200""}"
KXBTC15M-26APR272300-00,ab1c9972-4a84-71ef-4c8e-ca216a583ab9,1777344316,0.52,8.0,yes,"{""count_fp"":""8.00"",""created_time"":""2026-04-28T02:45:16.194531Z"",""no_price_dollars"":""0.4800"",""taker_side"":""yes"",""ticker"":""KXBTC15M-26APR272300-00"",""trade_id"":""ab1c9972-4a84-71ef-4c8e-ca216a583ab9"",""yes_price_dollars"":""0.5200""}"
KXBTC15M-26APR272300-00,02d482c7-5612-7ea0-78ab-aa8c9ed87fa8,1777344316,0.52,4.0,yes,"{""count_fp"":""4.00"",""created_time"":""2026-04-28T02:45:16.194531Z"",""no_price_dollars"":""0.4800"",""taker_side"":""yes"",""ticker"":""KXBTC15M-26APR272300-00"",""trade_id"":""02d482c7-5612-7ea0-78ab-aa8c9ed87fa8"",""yes_price_dollars"":""0.5200""}"
KXBTC15M-26APR272300-00,efcc2291-9514-4d26-696d-15df3d444930,1777344316,0.51,47.0,no,"{""count_fp"":""47.00"",""created_time"":""2026-04-28T02:45:16.005721Z"",""no_price_dollars"":""0.4900"",""taker_side"":""no"",""ticker"":""KXBTC15M-26APR272300-00"",""trade_id"":""efcc2291-9514-4d26-696d-15df3d444930"",""yes_price_dollars"":""0.5100""}"
KXBTC15M-26APR272300-00,d142e26e-4073-4aa3-4134-a80a5bca8e53,1777344316,0.49,3.0,no,"{""count_fp"":""3.00"",""created_time"":""2026-04-28T02:45:16.005721Z"",""no_price_dollars"":""0.5100"",""taker_side"":""no"",""ticker"":""KXBTC15M-26APR272300-00"",""trade_id"":""d142e26e-4073-4aa3-4134-a80a5bca8e53"",""yes_price_dollars"":""0.4900""}"
KXBTC15M-26APR272300-00,6b95155d-f3e3-4d91-539d-0dbdaa902d33,1777344316,0.51,13.15,no,"{""count_fp"":""13.15"",""created_time"":""2026-04-28T02:45:16.005721Z"",""no_price_dollars"":""0.4900"",""taker_side"":""no"",""ticker"":""KXBTC15M-26APR272300-00"",""trade_id"":""6b95155d-f3e3-4d91-539d-0dbdaa902d33"",""yes_price_dollars"":""0.5100""}"
KXBTC15M-26APR272300-00,2c967f2b-9177-437e-4151-504a491b6585,1777344316,0.51,1.08,no,"{""count_fp"":""1.08"",""created_time"":""2026-04-28T02:45:16.005721Z"",""no_price_dollars"":""0.4900"",""taker_side"":""no"",""ticker"":""KXBTC15M-26APR272300-00"",""trade_id"":""2c967f2b-9177-437e-4151-504a491b6585"",""yes_price_dollars"":""0.5100""}"
KXBTC15M-26APR272300-00,16ec6e25-5bee-4f7e-4444-03ff72f5bf4e,1777344316,0.49,25.28,no,"{""count_fp"":""25.28"",""created_time"":""2026-04-28T02:45:16.005721Z"",""no_price_dollars"":""0.5100"",""taker_side"":""no"",""ticker"":""KXBTC15M-26APR272300-00"",""trade_id"":""16ec6e25-5bee-4f7e-4444-03ff72f5bf4e"",""yes_price_dollars"":""0.4900""}"
KXBTC15M-26APR272300-00,014bd771-bd3e-4f52-6216-4d399f2f0030,1777344316,0.5,5.41,no,"{""count_fp"":""5.41"",""created_time"":""2026-04-28T02:45:16.005721Z"",""no_price_dollars"":""0.5000"",""taker_side"":""no"",""ticker"":""KXBTC15M-26APR272300-00"",""trade_id"":""014bd771-bd3e-4f52-6216-4d399f2f0030"",""yes_price_dollars"":""0.5000""}"
KXBTC15M-26APR272300-00,57d7865c-b0de-4b60-25f3-fb65033ac873,1777344317,0.56,18.95,no,"{""count_fp"":""18.95"",""created_time"":""2026-04-28T02:45:17.815837Z"",""no_price_dollars"":""0.4400"",""taker_side"":""no"",""ticker"":""KXBTC15M-26APR272300-00"",""trade_id"":""57d7865c-b0de-4b60-25f3-fb65033ac873"",""yes_price_dollars"":""0.5600""}"
KXBTC15M-26APR272300-00,78969cf5-c946-4160-2320-91cdd5d52ec7,1777344317,0.56,3.72,no,"{""count_fp"":""3.72"",""created_time"":""2026-04-28T02:45:17.475074Z"",""no_price_dollars"":""0.4400"",""taker_side"":""no"",""ticker"":""KXBTC15M-26APR272300-00"",""trade_id"":""78969cf5-c946-4160-2320-91cdd5d52ec7"",""yes_price_dollars"":""0.5600""}"
KXBTC15M-26APR272300-00,b066833e-e91f-7748-6193-e9058ec6a267,1777344317,0.56,27.0,yes,"{""count_fp"":""27.00"",""created_time"":""2026-04-28T02:45:17.376467Z"",""no_price_dollars"":""0.4400"",""taker_side"":""yes"",""ticker"":""KXBTC15M-26APR272300-00"",""trade_id"":""b066833e-e91f-7748-6193-e9058ec6a267"",""yes_price_dollars"":""0.5600""}"
KXBTC15M-26APR272300-00,6b60cf55-4da4-7515-4586-69b9d9dfe5e7,1777344317,0.56,1.0,yes,"{""count_fp"":""1.00"",""created_time"":""2026-04-28T02:45:17.376467Z"",""no_price_dollars"":""0.4400"",""taker_side"":""yes"",""ticker"":""KXBTC15M-26APR272300-00"",""trade_id"":""6b60cf55-4da4-7515-4586-69b9d9dfe5e7"",""yes_price_dollars"":""0.5600""}"
KXBTC15M-26APR272300-00,34de6848-f3fd-7b04-5a81-79c7135889f2,1777344317,0.56,3.0,yes,"{""count_fp"":""3.00"",""created_time"":""2026-04-28T02:45:17.376467Z"",""no_price_dollars"":""0.4400"",""taker_side"":""yes"",""ticker"":""KXBTC15M-26APR272300-00"",""trade_id"":""34de6848-f3fd-7b04-5a81-79c7135889f2"",""yes_price_dollars"":""0.5600""}"
KXBTC15M-26APR272300-00,302cc53c-103c-72c4-7b6f-825193b9d2f6,1777344317,0.56,500.0,yes,"{""count_fp"":""500.00"",""created_time"":""2026-04-28T02:45:17.376467Z"",""no_price_dollars"":""0.4400"",""taker_side"":""yes"",""ticker"":""KXBTC15M-26APR272300-00"",""trade_id"":""302cc53c-103c-72c4-7b6f-825193b9d2f6"",""yes_price_dollars"":""0.5600""}"
KXBTC15M-26APR272300-00,61b8b6f9-731a-56a0-d125-07b3a41a0cd3,1777344317,0.55,1.0,no,"{""count_fp"":""1.00"",""created_time"":""2026-04-28T02:45:17.244521Z"",""no_price_dollars"":""0.4500"",""taker_side"":""no"",""ticker"":""KXBTC15M-26APR272300-00"",""trade_id"":""61b8b6f9-731a-56a0-d125-07b3a41a0cd3"",""yes_price_dollars"":""0.5500""}"
KXBTC15M-26APR272300-00,99084172-1d12-59cf-d102-b41bb14ae64f,1777344317,0.55,3.0,yes,"{""count_fp"":""3.00"",""created_time"":""2026-04-28T02:45:17.140831Z"",""no_price_dollars"":""0.4500"",""taker_side"":""yes"",""ticker"":""KXBTC15M-26APR272300-00"",""trade_id"":""99084172-1d12-59cf-d102-b41bb14ae64f"",""yes_price_dollars"":""0.5500""}"
KXBTC15M-26APR272300-00,03060800-fd11-7ab1-ca7e-55045d9888e0,1777344317,0.55,2.0,yes,"{""count_fp"":""2.00"",""created_time"":""2026-04-28T02:45:17.120066Z"",""no_price_dollars"":""0.4500"",""taker_side"":""yes"",""ticker"":""KXBTC15M-26APR272300-00"",""trade_id"":""03060800-fd11-7ab1-ca7e-55045d9888e0"",""yes_price_dollars"":""0.5500""}"
KXBTC15M-26APR272300-00,ef5f8196-0bfb-7dd7-e0ae-213038ac13b3,1777344317,0.55,1.0,yes,"{""count_fp"":""1.00"",""created_time"":""2026-04-28T02:45:17.119437Z"",""no_price_dollars"":""0.4500"",""taker_side"":""yes"",""ticker"":""KXBTC15M-26APR272300-00"",""trade_id"":""ef5f8196-0bfb-7dd7-e0ae-213038ac13b3"",""yes_price_dollars"":""0.5500""}"
KXBTC15M-26APR272300-00,b818485c-ef7f-769c-e150-c7130bf869db,1777344317,0.55,500.0,yes,"{""count_fp"":""500.00"",""created_time"":""2026-04-28T02:45:17.119437Z"",""no_price_dollars"":""0.4500"",""taker_side"":""yes"",""ticker"":""KXBTC15M-26APR272300-00"",""trade_id"":""b818485c-ef7f-769c-e150-c7130bf869db"",""yes_price_dollars"":""0.5500""}"
KXBTC15M-26APR272300-00,96903e3c-5d6f-7d30-d3fe-a378fac27e00,1777344317,0.55,8.0,yes,"{""count_fp"":""8.00"",""created_time"":""2026-04-28T02:45:17.119437Z"",""no_price_dollars"":""0.4500"",""taker_side"":""yes"",""ticker"":""KXBTC15M-26APR272300-00"",""trade_id"":""96903e3c-5d6f-7d30-d3fe-a378fac27e00"",""yes_price_dollars"":""0.5500""}"
KXBTC15M-26APR272300-00,90e9ae9d-aa85-78ba-f10b-45ad52b950c9,1777344317,0.55,1.0,yes,"{""count_fp"":""1.00"",""created_time"":""2026-04-28T02:45:17.119437Z"",""no_price_dollars"":""0.4500"",""taker_side"":""yes"",""ticker"":""KXBTC15M-26APR272300-00"",""trade_id"":""90e9ae9d-aa85-78ba-f10b-45ad52b950c9"",""yes_price_dollars"":""0.5500""}"
KXBTC15M-26APR272300-00,2f16c2d3-c05a-7f08-d814-93b985383344,1777344317,0.55,136.0,yes,"{""count_fp"":""136.00"",""created_time"":""2026-04-28T02:45:17.119437Z"",""no_price_dollars"":""0.4500"",""taker_side"":""yes"",""ticker"":""KXBTC15M-26APR272300-00"",""trade_id"":""2f16c2d3-c05a-7f08-d814-93b985383344"",""yes_price_dollars"":""0.5500""}"
KXBTC15M-26APR272300-00,b1b9fc26-4af4-7422-9bd6-1f41ad2e12f2,1777344318,0.58,20.0,no,"{""count_fp"":""20.00"",""created_time"":""2026-04-28T02:45:18.609622Z"",""no_price_dollars"":""0.4200"",""taker_side"":""no"",""ticker"":""KXBTC15M-26APR272300-00"",""trade_id"":""b1b9fc26-4af4-7422-9bd6-1f41ad2e12f2"",""yes_price_dollars"":""0.5800""}"
KXBTC15M-26APR272300-00,5d0e2129-e143-5293-b07b-2162da263220,1777344318,0.59,13.0,yes,"{""count_fp"":""13.00"",""created_time"":""2026-04-28T02:45:18.585088Z"",""no_price_dollars"":""0.4100"",""taker_side"":""yes"",""ticker"":""KXBTC15M-26APR272300-00"",""trade_id"":""5d0e2129-e143-5293-b07b-2162da263220"",""yes_price_dollars"":""0.5900""}"
KXBTC15M-26APR272300-00,39966a44-84f3-584b-8e9a-8a9f3f31e178,1777344318,0.59,3.0,yes,"{""count_fp"":""3.00"",""created_time"":""2026-04-28T02:45:18.545522Z"",""no_price_dollars"":""0.4100"",""taker_side"":""yes"",""ticker"":""KXBTC15M-26APR272300-00"",""trade_id"":""39966a44-84f3-584b-8e9a-8a9f3f31e178"",""yes_price_dollars"":""0.5900""}"
KXBTC15M-26APR272300-00,ff99a44d-ff3b-4733-bab9-1ab02d3a6a68,1777344318,0.59,19.0,yes,"{""count_fp"":""19.00"",""created_time"":""2026-04-28T02:45:18.374776Z"",""no_price_dollars"":""0.4100"",""taker_side"":""yes"",""ticker"":""KXBTC15M-26APR272300-00"",""trade_id"":""ff99a44d-ff3b-4733-bab9-1ab02d3a6a68"",""yes_price_dollars"":""0.5900""}"
KXBTC15M-26APR272300-00,cd969a76-8b46-4fff-b7a7-176c5dc5c4b0,1777344318,0.59,119.0,yes,"{""count_fp"":""119.00"",""created_time"":""2026-04-28T02:45:18.374776Z"",""no_price_dollars"":""0.4100"",""taker_side"":""yes"",""ticker"":""KXBTC15M-26APR272300-00"",""trade_id"":""cd969a76-8b46-4fff-b7a7-176c5dc5c4b0"",""yes_price_dollars"":""0.5900""}"
KXBTC15M-26APR272300-00,99322458-b5f9-4d40-98d9-a128a72e45aa,1777344318,0.59,25.0,yes,"{""count_fp"":""25.00"",""created_time"":""2026-04-28T02:45:18.374776Z"",""no_price_dollars"":""0.4100"",""taker_side"":""yes"",""ticker"":""KXBTC15M-26APR272300-00"",""trade_id"":""99322458-b5f9-4d40-98d9-a128a72e45aa"",""yes_price_dollars"":""0.5900""}"
KXBTC15M-26APR272300-00,224f6d32-0f2e-41d7-8907-52461836277e,1777344318,0.59,5.0,yes,"{""count_fp"":""5.00"",""created_time"":""2026-04-28T02:45:18.374776Z"",""no_price_dollars"":""0.4100"",""taker_side"":""yes"",""ticker"":""KXBTC15M-26APR272300-00"",""trade_id"":""224f6d32-0f2e-41d7-8907-52461836277e"",""yes_price_dollars"":""0.5900""}"
KXBTC15M-26APR272300-00,0fb7dc6e-ec6d-43b9-9b2f-053b9fe8ff6d,1777344318,0.59,2.0,yes,"{""count_fp"":""2.00"",""created_time"":""2026-04-28T02:45:18.374776Z"",""no_price_dollars"":""0.4100"",""taker_side"":""yes"",""ticker"":""KXBTC15M-26APR272300-00"",""trade_id"":""0fb7dc6e-ec6d-43b9-9b2f-053b9fe8ff6d"",""yes_price_dollars"":""0.5900""}"
KXBTC15M-26APR272300-00,c4843123-79e5-53f5-3e54-407ede8618a4,1777344318,0.57,3.0,yes,"{""count_fp"":""3.00"",""created_time"":""2026-04-28T02:45:18.285384Z"",""no_price_dollars"":""0.4300"",""taker_side"":""yes"",""ticker"":""KXBTC15M-26APR272300-00"",""trade_id"":""c4843123-79e5-53f5-3e54-407ede8618a4"",""yes_price_dollars"":""0.5700""}"
KXBTC15M-26APR272300-00,6daaf1c6-6d5f-521a-0634-02c521a6f0fd,1777344318,0.57,10.0,yes,"{""count_fp"":""10.00"",""created_time"":""2026-04-28T02:45:18.285384Z"",""no_price_dollars"":""0.4300"",""taker_side"":""yes"",""ticker"":""KXBTC15M-26APR272300-00"",""trade_id"":""6daaf1c6-6d5f-521a-0634-02c521a6f0fd"",""yes_price_dollars"":""0.5700""}"
KXBTC15M-26APR272300-00,31923ff6-acc6-51b8-0107-dd448cec6de7,1777344318,0.57,2.0,yes,"{""count_fp"":""2.00"",""created_time"":""2026-04-28T02:45:18.285384Z"",""no_price_dollars"":""0.4300"",""taker_side"":""yes"",""ticker"":""KXBTC15M-26APR272300-00"",""trade_id"":""31923ff6-acc6-51b8-0107-dd448cec6de7"",""yes_price_dollars"":""0.5700""}"
KXBTC15M-26APR272300-00,27fc4881-1839-5250-3fdf-890c2f5429f7,1777344318,0.57,1.0,yes,"{""count_fp"":""1.00"",""created_time"":""2026-04-28T02:45:18.285384Z"",""no_price_dollars"":""0.4300"",""taker_side"":""yes"",""ticker"":""KXBTC15M-26APR272300-00"",""trade_id"":""27fc4881-1839-5250-3fdf-890c2f5429f7"",""yes_price_dollars"":""0.5700""}"
KXBTC15M-26APR272300-00,37f204ca-3366-7703-9569-2d61a8160a33,1777344319,0.61,132.0,yes,"{""count_fp"":""132.00"",""created_time"":""2026-04-28T02:45:19.512963Z"",""no_price_dollars"":""0.3900"",""taker_side"":""yes"",""ticker"":""KXBTC15M-26APR272300-00"",""trade_id"":""37f204ca-3366-7703-9569-2d61a8160a33"",""yes_price_dollars"":""0.6100""}"
KXBTC15M-26APR272300-00,a69799eb-99b0-433c-365e-554e93f7afff,1777344319,0.6,119.0,yes,"{""count_fp"":""119.00"",""created_time"":""2026-04-28T02:45:19.403246Z"",""no_price_dollars"":""0.4000"",""taker_side"":""yes"",""ticker"":""KXBTC15M-26APR272300-00"",""trade_id"":""a69799eb-99b0-433c-365e-554e93f7afff"",""yes_price_dollars"":""0.6000""}"
KXBTC15M-26APR272300-00,2fb2135b-af8e-437d-35d3-f0f851dfd23a,1777344319,0.6,3.0,yes,"{""count_fp"":""3.00"",""created_time"":""2026-04-28T02:45:19.403246Z"",""no_price_dollars"":""0.4000"",""taker_side"":""yes"",""ticker"":""KXBTC15M-26APR272300-00"",""trade_id"":""2fb2135b-af8e-437d-35d3-f0f851dfd23a"",""yes_price_dollars"":""0.6000""}"
KXBTC15M-26APR272300-00,fbe2a23f-00d8-63ae-c00a-2a3ba321148a,1777344319,0.58,43.73,no,"{""count_fp"":""43.73"",""created_time"":""2026-04-28T02:45:19.209312Z"",""no_price_dollars"":""0.4200"",""taker_side"":""no"",""ticker"":""KXBTC15M-26APR272300-00"",""trade_id"":""fbe2a23f-00d8-63ae-c00a-2a3ba321148a"",""yes_price_dollars"":""0.5800""}"
KXBTC15M-26APR272300-00,8572481f-4fe8-6a19-e370-31e64af8db39,1777344319,0.59,25.0,yes,"{""count_fp"":""25.00"",""created_time"":""2026-04-28T02:45:19.132299Z"",""no_price_dollars"":""0.4100"",""taker_side"":""yes"",""ticker"":""KXBTC15M-26APR272300-00"",""trade_id"":""8572481f-4fe8-6a19-e370-31e64af8db39"",""yes_price_dollars"":""0.5900""}"
KXBTC15M-26APR272300-00,378a28ca-590b-610f-ce05-c79dd0ff4e28,1777344319,0.59,489.0,yes,"{""count_fp"":""489.00"",""created_time"":""2026-04-28T02:45:19.132299Z"",""no_price_dollars"":""0.4100"",""taker_side"":""yes"",""ticker"":""KXBTC15M-26APR272300-00"",""trade_id"":""378a28ca-590b-610f-ce05-c79dd0ff4e28"",""yes_price_dollars"":""0.5900""}"
KXBTC15M-26APR272300-00,d5705f55-cba8-6b30-0f0b-14711c285150,1777344319,0.59,3.0,yes,"{""count_fp"":""3.00"",""created_time"":""2026-04-28T02:45:19.074758Z"",""no_price_dollars"":""0.4100"",""taker_side"":""yes"",""ticker"":""KXBTC15M-26APR272300-00"",""trade_id"":""d5705f55-cba8-6b30-0f0b-14711c285150"",""yes_price_dollars"":""0.5900""}"
KXBTC15M-26APR272300-00,aa36451d-8313-63ec-04f3-f9987f0cc115,1777344319,0.59,2.0,yes,"{""count_fp"":""2.00"",""created_time"":""2026-04-28T02:45:19.074758Z"",""no_price_dollars"":""0.4100"",""taker_side"":""yes"",""ticker"":""KXBTC15M-26APR272300-00"",""trade_id"":""aa36451d-8313-63ec-04f3-f9987f0cc115"",""yes_price_dollars"":""0.5900""}"
KXBTC15M-26APR272300-00,59a170f9-3e83-6fe3-165a-47a08b0f1aa4,1777344319,0.59,11.0,yes,"{""count_fp"":""11.00"",""created_time"":""2026-04-28T02:45:19.074758Z"",""no_price_dollars"":""0.4100"",""taker_side"":""yes"",""ticker"":""KXBTC15M-26APR272300-00"",""trade_id"":""59a170f9-3e83-6fe3-165a-47a08b0f1aa4"",""yes_price_dollars"":""0.5900""}"
KXBTC15M-26APR272300-00,eb06973f-2a35-6cf7-9f61-91d41f1d808a,1777344320,0.61,82.0,yes,"{""count_fp"":""82.00"",""created_time"":""2026-04-28T02:45:20.351561Z"",""no_price_dollars"":""0.3900"",""taker_side"":""yes"",""ticker"":""KXBTC15M-26APR272300-00"",""trade_id"":""eb06973f-2a35-6cf7-9f61-91d41f1d808a"",""yes_price_dollars"":""0.6100""}"
KXBTC15M-26APR272300-00,26fa057c-3ca1-4427-8420-df27a131eb7a,1777344320,0.61,13.0,yes,"{""count_fp"":""13.00"",""created_time"":""2026-04-28T02:45:20.139927Z"",""no_price_dollars"":""0.3900"",""taker_side"":""yes"",""ticker"":""KXBTC15M-26APR272300-00"",""trade_id"":""26fa057c-3ca1-4427-8420-df27a131eb7a"",""yes_price_dollars"":""0.6100""}"
KXBTC15M-26APR272300-00,4e9d3685-a486-5c1c-d492-09deae042c73,1777344320,0.6,68.64,no,"{""count_fp"":""68.64"",""created_time"":""2026-04-28T02:45:20.081953Z"",""no_price_dollars"":""0.4000"",""taker_side"":""no"",""ticker"":""KXBTC15M-26APR272300-00"",""trade_id"":""4e9d3685-a486-5c1c-d492-09deae042c73"",""yes_price_dollars"":""0.6000""}"
KXBTC15M-26APR272300-00,e3d8c0c3-6cda-6c39-f26e-fc222ac6a4b8,1777344321,0.6,29.1,no,"{""count_fp"":""29.10"",""created_time"":""2026-04-28T02:45:21.990097Z"",""no_price_dollars"":""0.4000"",""taker_side"":""no"",""ticker"":""KXBTC15M-26APR272300-00"",""trade_id"":""e3d8c0c3-6cda-6c39-f26e-fc222ac6a4b8"",""yes_price_dollars"":""0.6000""}"
KXBTC15M-26APR272300-00,7f27a2bc-24e9-610c-c081-f329d4889a18,1777344321,0.6,6.59,no,"{""count_fp"":""6.59"",""created_time"":""2026-04-28T02:45:21.990097Z"",""no_price_dollars"":""0.4000"",""taker_side"":""no"",""ticker"":""KXBTC15M-26APR272300-00"",""trade_id"":""7f27a2bc-24e9-610c-c081-f329d4889a18"",""yes_price_dollars"":""0.6000""}"
KXBTC15M-26APR272300-00,e4c43610-8ca9-7e4b-276c-0a1922b4d82e,1777344321,0.61,10.0,yes,"{""count_fp"":""10.00"",""created_time"":""2026-04-28T02:45:21.393521Z"",""no_price_dollars"":""0.3900"",""taker_side"":""yes"",""ticker"":""KXBTC15M-26APR272300-00"",""trade_id"":""e4c43610-8ca9-7e4b-276c-0a1922b4d82e"",""yes_price_dollars"":""0.6100""}"
KXBTC15M-26APR272300-00,453a0b48-6c19-5973-3f83-3c10ff2171ce,1777344321,0.61,7.97,yes,"{""count_fp"":""7.97"",""created_time"":""2026-04-28T02:45:21.374024Z"",""no_price_dollars"":""0.3900"",""taker_side"":""yes"",""ticker"":""KXBTC15M-26APR272300-00"",""trade_id"":""453a0b48-6c19-5973-3f83-3c10ff2171ce"",""yes_price_dollars"":""0.6100""}"
KXBTC15M-26APR272300-00,8ad6f81a-0511-6ecf-1877-9a3c2bc05ffa,1777344321,0.61,319.15,yes,"{""count_fp"":""319.15"",""created_time"":""2026-04-28T02:45:21.148196Z"",""no_price_dollars"":""0.3900"",""taker_side"":""yes"",""ticker"":""KXBTC15M-26APR272300-00"",""trade_id"":""8ad6f81a-0511-6ecf-1877-9a3c2bc05ffa"",""yes_price_dollars"":""0.6100""}"
KXBTC15M-26APR272300-00,bb0e8c4c-d52a-7585-504d-58c088450948,1777344321,0.6,0.9,no,"{""count_fp"":""0.90"",""created_time"":""2026-04-28T02:45:21.093626Z"",""no_price_dollars"":""0.4000"",""taker_side"":""no"",""ticker"":""KXBTC15M-26APR272300-00"",""trade_id"":""bb0e8c4c-d52a-7585-504d-58c088450948"",""yes_price_dollars"":""0.6000""}"
KXBTC15M-26APR272300-00,7173b083-4533-6d16-f428-67df873032b0,1777344322,0.59,3.0,yes,"{""count_fp"":""3.00"",""created_time"":""2026-04-28T02:45:22.976241Z"",""no_price_dollars"":""0.4100"",""taker_side"":""yes"",""ticker"":""KXBTC15M-26APR272300-00"",""trade_id"":""7173b083-4533-6d16-f428-67df873032b0"",""yes_price_dollars"":""0.5900""}"
KXBTC15M-26APR272300-00,13a0c7c8-bf33-6d87-e88c-733940460645,1777344322,0.59,9.33,yes,"{""count_fp"":""9.33"",""created_time"":""2026-04-28T02:45:22.976241Z"",""no_price_dollars"":""0.4100"",""taker_side"":""yes"",""ticker"":""KXBTC15M-26APR272300-00"",""trade_id"":""13a0c7c8-bf33-6d87-e88c-733940460645"",""yes_price_dollars"":""0.5900""}"
KXBTC15M-26APR272300-00,1175b181-3bd1-6712-ec4e-1c2106c4b4e8,1777344322,0.59,59.48,yes,"{""count_fp"":""59.48"",""created_time"":""2026-04-28T02:45:22.976241Z"",""no_price_dollars"":""0.4100"",""taker_side"":""yes"",""ticker"":""KXBTC15M-26APR272300-00"",""trade_id"":""1175b181-3bd1-6712-ec4e-1c2106c4b4e8"",""yes_price_dollars"":""0.5900""}"
KXBTC15M-26APR272300-00,30a2da4b-9831-66db-e80f-b4b6037eebbe,1777344322,0.59,79.51,yes,"{""count_fp"":""79.51"",""created_time"":""2026-04-28T02:45:22.916463Z"",""no_price_dollars"":""0.4100"",""taker_side"":""yes"",""ticker"":""KXBTC15M-26APR272300-00"",""trade_id"":""30a2da4b-9831-66db-e80f-b4b6037eebbe"",""yes_price_dollars"":""0.5900""}"
KXBTC15M-26APR272300-00,1cb06acc-7bed-661c-54c4-21b11ce3e928,1777344322,0.59,8.0,yes,"{""count_fp"":""8.00"",""created_time"":""2026-04-28T02:45:22.574464Z"",""no_price_dollars"":""0.4100"",""taker_side"":""yes"",""ticker"":""KXBTC15M-26APR272300-00"",""trade_id"":""1cb06acc-7bed-661c-54c4-21b11ce3e928"",""yes_price_dollars"":""0.5900""}"
KXBTC15M-26APR272300-00,14b9f2c0-b795-62df-67f7-0a0cbfd82aae,1777344322,0.59,2.69,yes,"{""count_fp"":""2.69"",""created_time"":""2026-04-28T02:45:22.574464Z"",""no_price_dollars"":""0.4100"",""taker_side"":""yes"",""ticker"":""KXBTC15M-26APR272300-00"",""trade_id"":""14b9f2c0-b795-62df-67f7-0a0cbfd82aae"",""yes_price_dollars"":""0.5900""}"
KXBTC15M-26APR272300-00,cc074640-251f-44db-8c3a-fe57f68346fb,1777344322,0.58,4.0,no,"{""count_fp"":""4.00"",""created_time"":""2026-04-28T02:45:22.251584Z"",""no_price_dollars"":""0.4200"",""taker_side"":""no"",""ticker"":""KXBTC15M-26APR272300-00"",""trade_id"":""cc074640-251f-44db-8c3a-fe57f68346fb"",""yes_price_dollars"":""0.5800""}"
KXBTC15M-26APR272300-00,bcef0c94-c3ca-406b-5926-c14932477eb5,1777344323,0.59,18.11,yes,"{""count_fp"":""18.11"",""created_time"":""2026-04-28T02:45:23.899647Z"",""no_price_dollars"":""0.4100"",""taker_side"":""yes"",""ticker"":""KXBTC15M-26APR272300-00"",""trade_id"":""bcef0c94-c3ca-406b-5926-c14932477eb5"",""yes_price_dollars"":""0.5900""}"
KXBTC15M-26APR272300-00,35ee12f5-c9de-627b-22df-0500d5e4907d,1777344323,0.59,32.0,yes,"{""count_fp"":""32.00"",""created_time"":""2026-04-28T02:45:23.899447Z"",""no_price_dollars"":""0.4100"",""taker_side"":""yes"",""ticker"":""KXBTC15M-26APR272300-00"",""trade_id"":""35ee12f5-c9de-627b-22df-0500d5e4907d"",""yes_price_dollars"":""0.5900""}"
KXBTC15M-26APR272300-00,f0d7a7e4-9ad2-7827-1e58-5ad5db1a7895,1777344323,0.59,81.09,yes,"{""count_fp"":""81.09"",""created_time"":""2026-04-28T02:45:23.713188Z"",""no_price_dollars"":""0.4100"",""taker_side"":""yes"",""ticker"":""KXBTC15M-26APR272300-00"",""trade_id"":""f0d7a7e4-9ad2-7827-1e58-5ad5db1a7895"",""yes_price_dollars"":""0.5900""}"
KXBTC15M-26APR272300-00,c9bae8b1-7908-44f1-42f9-47535d22a3d2,1777344323,0.58,22.87,no,"{""count_fp"":""22.87"",""created_time"":""2026-04-28T02:45:23.625221Z"",""no_price_dollars"":""0.4200"",""taker_side"":""no"",""ticker"":""KXBTC15M-26APR272300-00"",""trade_id"":""c9bae8b1-7908-44f1-42f9-47535d22a3d2"",""yes_price_dollars"":""0.5800""}"
KXBTC15M-26APR272300-00,9b27debd-c8da-604b-66f6-97bfc7d9d1d5,1777344324,0.57,76.25,yes,"{""count_fp"":""76.25"",""created_time"":""2026-04-28T02:45:24.724705Z"",""no_price_dollars"":""0.4300"",""taker_side"":""yes"",""ticker"":""KXBTC15M-26APR272300-00"",""trade_id"":""9b27debd-c8da-604b-66f6-97bfc7d9d1d5"",""yes_price_dollars"":""0.5700""}"
KXBTC15M-26APR272300-00,b388583a-df7f-5067-f047-2fd00e0413c9,1777344324,0.57,3.0,yes,"{""count_fp"":""3.00"",""created_time"":""2026-04-28T02:45:24.491189Z"",""no_price_dollars"":""0.4300"",""taker_side"":""yes"",""ticker"":""KXBTC15M-26APR272300-00"",""trade_id"":""b388583a-df7f-5067-f047-2fd00e0413c9"",""yes_price_dollars"":""0.5700""}"
KXBTC15M-26APR272300-00,9f08988c-9632-5c7f-d933-9c7170af3171,1777344324,0.57,9.19,yes,"{""count_fp"":""9.19"",""created_time"":""2026-04-28T02:45:24.491189Z"",""no_price_dollars"":""0.4300"",""taker_side"":""yes"",""ticker"":""KXBTC15M-26APR272300-00"",""trade_id"":""9f08988c-9632-5c7f-d933-9c7170af3171"",""yes_price_dollars"":""0.5700""}"
KXBTC15M-26APR272300-00,26b6e10c-0b55-5824-d4cd-3b29994c5c4f,1777344324,0.57,29.0,yes,"{""count_fp"":""29.00"",""created_time"":""2026-04-28T02:45:24.491189Z"",""no_price_dollars"":""0.4300"",""taker_side"":""yes"",""ticker"":""KXBTC15M-26APR272300-00"",""trade_id"":""26b6e10c-0b55-5824-d4cd-3b29994c5c4f"",""yes_price_dollars"":""0.5700""}"
KXBTC15M-26APR272300-00,ec646d62-94a0-6b3a-1349-c28ecd7a98ba,1777344324,0.56,468.59,no,"{""count_fp"":""468.59"",""created_time"":""2026-04-28T02:45:24.201943Z"",""no_price_dollars"":""0.4400"",""taker_side"":""no"",""ticker"":""KXBTC15M-26APR272300-00"",""trade_id"":""ec646d62-94a0-6b3a-1349-c28ecd7a98ba"",""yes_price_dollars"":""0.5600""}"
KXBTC15M-26APR272300-00,e929f2c6-4ab8-6491-074d-47a0dbc4bf9e,1777344324,0.58,3.13,no,"{""count_fp"":""3.13"",""created_time"":""2026-04-28T02:45:24.201943Z"",""no_price_dollars"":""0.4200"",""taker_side"":""no"",""ticker"":""KXBTC15M-26APR272300-00"",""trade_id"":""e929f2c6-4ab8-6491-074d-47a0dbc4bf9e"",""yes_price_dollars"":""0.5800""}"
KXBTC15M-26APR272300-00,ad5d0624-2190-62ba-3157-fa215aa64b8b,1777344324,0.57,60.0,no,"{""count_fp"":""60.00"",""created_time"":""2026-04-28T02:45:24.201943Z"",""no_price_dollars"":""0.4300"",""taker_side"":""no"",""ticker"":""KXBTC15M-26APR272300-00"",""trade_id"":""ad5d0624-2190-62ba-3157-fa215aa64b8b"",""yes_price_dollars"":""0.5700""}"
KXBTC15M-26APR272300-00,9a4758aa-35c0-6753-1cc4-2687f105deea,1777344324,0.58,59.48,no,"{""count_fp"":""59.48"",""created_time"":""2026-04-28T02:45:24.201943Z"",""no_price_dollars"":""0.4200"",""taker_side"":""no"",""ticker"":""KXBTC15M-26APR272300-00"",""trade_id"":""9a4758aa-35c0-6753-1cc4-2687f105deea"",""yes_price_dollars"":""0.5800""}"
KXBTC15M-26APR272300-00,5a873ed1-183e-533b-22bf-90c14c638ae9,1777344326,0.45,73.23,yes,"{""count_fp"":""73.23"",""created_time"":""2026-04-28T02:45:26.971918Z"",""no_price_dollars"":""0.5500"",""taker_side"":""yes"",""ticker"":""KXBTC15M-26APR272300-00"",""trade_id"":""5a873ed1-183e-533b-22bf-90c14c638ae9"",""yes_price_dollars"":""0.4500""}"
KXBTC15M-26APR272300-00,12883746-39f2-6ce9-f3f3-d672e2bfbc75,1777344326,0.46,10.0,yes,"{""count_fp"":""10.00"",""created_time"":""2026-04-28T02:45:26.592143Z"",""no_price_dollars"":""0.5400"",""taker_side"":""yes"",""ticker"":""KXBTC15M-26APR272300-00"",""trade_id"":""12883746-39f2-6ce9-f3f3-d672e2bfbc75"",""yes_price_dollars"":""0.4600""}"
KXBTC15M-26APR272300-00,7e44db55-0a89-5d69-98bc-f1ecf7e56d68,1777344326,0.47,65.0,no,"{""count_fp"":""65.00"",""created_time"":""2026-04-28T02:45:26.448371Z"",""no_price_dollars"":""0.5300"",""taker_side"":""no"",""ticker"":""KXBTC15M-26APR272300-00"",""trade_id"":""7e44db55-0a89-5d69-98bc-f1ecf7e56d68"",""yes_price_dollars"":""0.4700""}"
KXBTC15M-26APR272300-00,9aa084de-853e-5024-77c4-eb32c99ac8b7,1777344326,0.48,5.0,yes,"{""count_fp"":""5.00"",""created_time"":""2026-04-28T02:45:26.445857Z"",""no_price_dollars"":""0.5200"",""taker_side"":""yes"",""ticker"":""KXBTC15M-26APR272300-00"",""trade_id"":""9aa084de-853e-5024-77c4-eb32c99ac8b7"",""yes_price_dollars"":""0.4800""}"
KXBTC15M-26APR272300-00,45010431-2fbb-5a21-3e61-47d53eda6c6a,1777344326,0.54,29.0,no,"{""count_fp"":""29.00"",""created_time"":""2026-04-28T02:45:26.275729Z"",""no_price_dollars"":""0.4600"",""taker_side"":""no"",""ticker"":""KXBTC15M-26APR272300-00"",""trade_id"":""45010431-2fbb-5a21-3e61-47d53eda6c6a"",""yes_price_dollars"":""0.5400""}"
KXBTC15M-26APR272300-00,efff8bd5-920b-7c0f-256a-1d3d34d59d34,1777344326,0.45,1.0,no,"{""count_fp"":""1.00"",""created_time"":""2026-04-28T02:45:26.264075Z"",""no_price_dollars"":""0.5500"",""taker_side"":""no"",""ticker"":""KXBTC15M-26APR272300-00"",""trade_id"":""efff8bd5-920b-7c0f-256a-1d3d34d59d34"",""yes_price_dollars"":""0.4500""}"
KXBTC15M-26APR272300-00,8cf89387-e449-7df7-26df-a5bcbea13587,1777344326,0.46,2.0,no,"{""count_fp"":""2.00"",""created_time"":""2026-04-28T02:45:26.264075Z"",""no_price_dollars"":""0.5400"",""taker_side"":""no"",""ticker"":""KXBTC15M-26APR272300-00"",""trade_id"":""8cf89387-e449-7df7-26df-a5bcbea13587"",""yes_price_dollars"":""0.4600""}"
KXBTC15M-26APR272300-00,76dd5ca8-5612-7610-1318-9347d679718f,1777344326,0.45,15.0,no,"{""count_fp"":""15.00"",""created_time"":""2026-04-28T02:45:26.264075Z"",""no_price_dollars"":""0.5500"",""taker_side"":""no"",""ticker"":""KXBTC15M-26APR272300-00"",""trade_id"":""76dd5ca8-5612-7610-1318-9347d679718f"",""yes_price_dollars"":""0.4500""}"
KXBTC15M-26APR272300-00,58a71b78-2b8d-7b9b-044f-aacae4af3bc3,1777344326,0.45,10.0,no,"{""count_fp"":""10.00"",""created_time"":""2026-04-28T02:45:26.264075Z"",""no_price_dollars"":""0.5500"",""taker_side"":""no"",""ticker"":""KXBTC15M-26APR272300-00"",""trade_id"":""58a71b78-2b8d-7b9b-044f-aacae4af3bc3"",""yes_price_dollars"":""0.4500""}"
KXBTC15M-26APR272300-00,14bd7701-d36f-731e-2e63-dcac2d31c1f5,1777344326,0.45,10.0,no,"{""count_fp"":""10.00"",""created_time"":""2026-04-28T02:45:26.264075Z"",""no_price_dollars"":""0.5500"",""taker_side"":""no"",""ticker"":""KXBTC15M-26APR272300-00"",""trade_id"":""14bd7701-d36f-731e-2e63-dcac2d31c1f5"",""yes_price_dollars"":""0.4500""}"
KXBTC15M-26APR272300-00,efdf2041-cd73-64d2-6dc4-c95f37bbaaa3,1777344326,0.48,34.0,no,"{""count_fp"":""34.00"",""created_time"":""2026-04-28T02:45:26.249396Z"",""no_price_dollars"":""0.5200"",""taker_side"":""no"",""ticker"":""KXBTC15M-26APR272300-00"",""trade_id"":""efdf2041-cd73-64d2-6dc4-c95f37bbaaa3"",""yes_price_dollars"":""0.4800""}"
KXBTC15M-26APR272300-00,eda64bba-40d9-6f9b-771b-da73f4e1a26d,1777344326,0.5,3.0,no,"{""count_fp"":""3.00"",""created_time"":""2026-04-28T02:45:26.249396Z"",""no_price_dollars"":""0.5000"",""taker_side"":""no"",""ticker"":""KXBTC15M-26APR272300-00"",""trade_id"":""eda64bba-40d9-6f9b-771b-da73f4e1a26d"",""yes_price_dollars"":""0.5000""}"
KXBTC15M-26APR272300-00,e66ebac7-29dc-6d70-6d53-b684839ef2b2,1777344326,0.47,4.0,no,"{""count_fp"":""4.00"",""created_time"":""2026-04-28T02:45:26.249396Z"",""no_price_dollars"":""0.5300"",""taker_side"":""no"",""ticker"":""KXBTC15M-26APR272300-00"",""trade_id"":""e66ebac7-29dc-6d70-6d53-b684839ef2b2"",""yes_price_dollars"":""0.4700""}"
KXBTC15M-26APR272300-00,d6d6f242-34c0-6125-5295-2a68ced60973,1777344326,0.5,1.0,no,"{""count_fp"":""1.00"",""created_time"":""2026-04-28T02:45:26.249396Z"",""no_price_dollars"":""0.5000"",""taker_side"":""no"",""ticker"":""KXBTC15M-26APR272300-00"",""trade_id"":""d6d6f242-34c0-6125-5295-2a68ced60973"",""yes_price_dollars"":""0.5000""}"
KXBTC15M-26APR272300-00,cffdac2e-f07c-69b8-487c-5b418e53bc04,1777344326,0.47,2.0,no,"{""count_fp"":""2.00"",""created_time"":""2026-04-28T02:45:26.249396Z"",""no_price_dollars"":""0.5300"",""taker_side"":""no"",""ticker"":""KXBTC15M-26APR272300-00"",""trade_id"":""cffdac2e-f07c-69b8-487c-5b418e53bc04"",""yes_price_dollars"":""0.4700""}"
KXBTC15M-26APR272300-00,c62df7b0-7b1d-67e0-4f3f-2749a0d74bb8,1777344326,0.47,51.0,no,"{""count_fp"":""51.00"",""created_time"":""2026-04-28T02:45:26.249396Z"",""no_price_dollars"":""0.5300"",""taker_side"":""no"",""ticker"":""KXBTC15M-26APR272300-00"",""trade_id"":""c62df7b0-7b1d-67e0-4f3f-2749a0d74bb8"",""yes_price_dollars"":""0.4700""}"
KXBTC15M-26APR272300-00,c0473384-700a-6bd0-57ca-2d8a89c83bae,1777344326,0.49,2.0,no,"{""count_fp"":""2.00"",""created_time"":""2026-04-28T02:45:26.249396Z"",""no_price_dollars"":""0.5100"",""taker_side"":""no"",""ticker"":""KXBTC15M-26APR272300-00"",""trade_id"":""c0473384-700a-6bd0-57ca-2d8a89c83bae"",""yes_price_dollars"":""0.4900""}"
KXBTC15M-26APR272300-00,90c7255f-3fb0-67da-6293-83dd9c7d0710,1777344326,0.5,4.0,no,"{""count_fp"":""4.00"",""created_time"":""2026-04-28T02:45:26.249396Z"",""no_price_dollars"":""0.5000"",""taker_side"":""no"",""ticker"":""KXBTC15M-26APR272300-00"",""trade_id"":""90c7255f-3fb0-67da-6293-83dd9c7d0710"",""yes_price_dollars"":""0.5000""}"
KXBTC15M-26APR272300-00,79741d26-0622-6c23-57ca-7a36603f5b32,1777344326,0.47,65.0,no,"{""count_fp"":""65.00"",""created_time"":""2026-04-28T02:45:26.249396Z"",""no_price_dollars"":""0.5300"",""taker_side"":""no"",""ticker"":""KXBTC15M-26APR272300-00"",""trade_id"":""79741d26-0622-6c23-57ca-7a36603f5b32"",""yes_price_dollars"":""0.4700""}"
KXBTC15M-26APR272300-00,488b0cb0-e5f8-6fd4-792c-15c16188e87b,1777344326,0.51,400.0,no,"{""count_fp"":""400.00"",""created_time"":""2026-04-28T02:45:26.249396Z"",""no_price_dollars"":""0.4900"",""taker_side"":""no"",""ticker"":""KXBTC15M-26APR272300-00"",""trade_id"":""488b0cb0-e5f8-6fd4-792c-15c16188e87b"",""yes_price_dollars"":""0.5100""}"
KXBTC15M-26APR272300-00,3a06815e-469b-69e0-40e4-ccba2e047f73,1777344326,0.5,1.0,no,"{""count_fp"":""1.00"",""created_time"":""2026-04-28T02:45:26.249396Z"",""no_price_dollars"":""0.5000"",""taker_side"":""no"",""ticker"":""KXBTC15M-26APR272300-00"",""trade_id"":""3a06815e-469b-69e0-40e4-ccba2e047f73"",""yes_price_dollars"":""0.5000""}"
KXBTC15M-26APR272300-00,37c2a570-7193-692d-5209-4e9acf5d1857,1777344326,0.47,150.0,no,"{""count_fp"":""150.00"",""created_time"":""2026-04-28T02:45:26.249396Z"",""no_price_dollars"":""0.5300"",""taker_side"":""no"",""ticker"":""KXBTC15M-26APR272300-00"",""trade_id"":""37c2a570-7193-692d-5209-4e9acf5d1857"",""yes_price_dollars"":""0.4700""}"
KXBTC15M-26APR272300-00,307ec426-ee41-699e-4b1e-06ba6ca51f9e,1777344326,0.48,2.0,no,"{""count_fp"":""2.00"",""created_time"":""2026-04-28T02:45:26.249396Z"",""no_price_dollars"":""0.5200"",""taker_side"":""no"",""ticker"":""KXBTC15M-26APR272300-00"",""trade_id"":""307ec426-ee41-699e-4b1e-06ba6ca51f9e"",""yes_price_dollars"":""0.4800""}"
KXBTC15M-26APR272300-00,19d131b6-2cd8-6bab-4ede-22e3f64039a3,1777344326,0.49,10.0,no,"{""count_fp"":""10.00"",""created_time"":""2026-04-28T02:45:26.249396Z"",""no_price_dollars"":""0.5100"",""taker_side"":""no"",""ticker"":""KXBTC15M-26APR272300-00"",""trade_id"":""19d131b6-2cd8-6bab-4ede-22e3f64039a3"",""yes_price_dollars"":""0.4900""}"
KXBTC15M-26APR272300-00,85fe4546-2097-5970-d16d-08081df16ced,1777344326,0.54,3.0,no,"{""count_fp"":""3.00"",""created_time"":""2026-04-28T02:45:26.248934Z"",""no_price_dollars"":""0.4600"",""taker_side"":""no"",""ticker"":""KXBTC15M-26APR272300-00"",""trade_id"":""85fe4546-2097-5970-d16d-08081df16ced"",""yes_price_dollars"":""0.5400""}"
KXBTC15M-26APR272300-00,46335195-3684-55f1-e3d5-fd83413b8a04,1777344326,0.52,154.0,no,"{""count_fp"":""154.00"",""created_time"":""2026-04-28T02:45:26.248934Z"",""no_price_dollars"":""0.4800"",""taker_side"":""no"",""ticker"":""KXBTC15M-26APR272300-00"",""trade_id"":""46335195-3684-55f1-e3d5-fd83413b8a04"",""yes_price_dollars"":""0.5200""}"
KXBTC15M-26APR272300-00,39473c55-3ab5-5acf-f3a8-47a4e1ca1997,1777344326,0.53,29.0,no,"{""count_fp"":""29.00"",""created_time"":""2026-04-28T02:45:26.248934Z"",""no_price_dollars"":""0.4700"",""taker_side"":""no"",""ticker"":""KXBTC15M-26APR272300-00"",""trade_id"":""39473c55-3ab5-5acf-f3a8-47a4e1ca1997"",""yes_price_dollars"":""0.5300""}"
KXBTC15M-26APR272300-00,fa5c76b8-68e1-7ae9-1281-7ad78ad4f60c,1777344326,0.56,100.0,no,"{""count_fp"":""100.00"",""created_time"":""2026-04-28T02:45:26.244055Z"",""no_price_dollars"":""0.4400"",""taker_side"":""no"",""ticker"":""KXBTC15M-26APR272300-00"",""trade_id"":""fa5c76b8-68e1-7ae9-1281-7ad78ad4f60c"",""yes_price_dollars"":""0.5600""}"
KXBTC15M-26APR272300-00,1c21273f-9ad5-70be-27d2-8feaec5e4b09,1777344326,0.56,30.0,no,"{""count_fp"":""30.00"",""created_time"":""2026-04-28T02:45:26.244055Z"",""no_price_dollars"":""0.4400"",""taker_side"":""no"",""ticker"":""KXBTC15M-26APR272300-00"",""trade_id"":""1c21273f-9ad5-70be-27d2-8feaec5e4b09"",""yes_price_dollars"":""0.5600""}"
KXBTC15M-26APR272300-00,0a945322-ba12-7a8e-17be-0155ae4b0c40,1777344326,0.55,56.0,no,"{""count_fp"":""56.00"",""created_time"":""2026-04-28T02:45:26.244055Z"",""no_price_dollars"":""0.4500"",""taker_side"":""no"",""ticker"":""KXBTC15M-26APR272300-00"",""trade_id"":""0a945322-ba12-7a8e-17be-0155ae4b0c40"",""yes_price_dollars"":""0.5500""}"
KXBTC15M-26APR272300-00,308f65e0-5735-7748-2016-e7421cc38f97,1777344327,0.45,13.0,yes,"{""count_fp"":""13.00"",""created_time"":""2026-04-28T02:45:27.872626Z"",""no_price_dollars"":""0.5500"",""taker_side"":""yes"",""ticker"":""KXBTC15M-26APR272300-00"",""trade_id"":""308f65e0-5735-7748-2016-e7421cc38f97"",""yes_price_dollars"":""0.4500""}"
KXBTC15M-26APR272300-00,4139ca12-4913-75a3-b38f-431dc907fd92,1777344327,0.44,1.0,no,"{""count_fp"":""1.00"",""created_time"":""2026-04-28T02:45:27.628674Z"",""no_price_dollars"":""0.5600"",""taker_side"":""no"",""ticker"":""KXBTC15M-26APR272300-00"",""trade_id"":""4139ca12-4913-75a3-b38f-431dc907fd92"",""yes_price_dollars"":""0.4400""}"
KXBTC15M-26APR272300-00,f34822f0-8e76-6f53-bba2-c79ff1cff3bd,1777344327,0.45,42.57,yes,"{""count_fp"":""42.57"",""created_time"":""2026-04-28T02:45:27.057978Z"",""no_price_dollars"":""0.5500"",""taker_side"":""yes"",""ticker"":""KXBTC15M-26APR272300-00"",""trade_id"":""f34822f0-8e76-6f53-bba2-c79ff1cff3bd"",""yes_price_dollars"":""0.4500""}"
KXBTC15M-26APR272300-00,f4c45857-f221-5bcc-c44d-e80495029967,1777344328,0.45,32.09,yes,"{""count_fp"":""32.09"",""created_time"":""2026-04-28T02:45:28.925139Z"",""no_price_dollars"":""0.5500"",""taker_side"":""yes"",""ticker"":""KXBTC15M-26APR272300-00"",""trade_id"":""f4c45857-f221-5bcc-c44d-e80495029967"",""yes_price_dollars"":""0.4500""}"
KXBTC15M-26APR272300-00,9c722280-a77e-4501-2ae0-31a1cae69189,1777344328,0.44,1.0,no,"{""count_fp"":""1.00"",""created_time"":""2026-04-28T02:45:28.096315Z"",""no_price_dollars"":""0.5600"",""taker_side"":""no"",""ticker"":""KXBTC15M-26APR272300-00"",""trade_id"":""9c722280-a77e-4501-2ae0-31a1cae69189"",""yes_price_dollars"":""0.4400""}"
KXBTC15M-26APR272300-00,79267531-519d-4c67-1d93-280a7456da0e,1777344328,0.44,3.85,no,"{""count_fp"":""3.85"",""created_time"":""2026-04-28T02:45:28.096315Z"",""no_price_dollars"":""0.5600"",""taker_side"":""no"",""ticker"":""KXBTC15M-26APR272300-00"",""trade_id"":""79267531-519d-4c67-1d93-280a7456da0e"",""yes_price_dollars"":""0.4400""}"
KXBTC15M-26APR272300-00,86d3dd41-a80d-6b98-3b1f-c48fef21bd8f,1777344328,0.45,1.0,yes,"{""count_fp"":""1.00"",""created_time"":""2026-04-28T02:45:28.052582Z"",""no_price_dollars"":""0.5500"",""taker_side"":""yes"",""ticker"":""KXBTC15M-26APR272300-00"",""trade_id"":""86d3dd41-a80d-6b98-3b1f-c48fef21bd8f"",""yes_price_dollars"":""0.4500""}"
KXBTC15M-26APR272300-00,103c34d1-0565-781c-50f3-fcbbf8826fcf,1777344328,0.45,8.23,yes,"{""count_fp"":""8.23"",""created_time"":""2026-04-28T02:45:28.041069Z"",""no_price_dollars"":""0.5500"",""taker_side"":""yes"",""ticker"":""KXBTC15M-26APR272300-00"",""trade_id"":""103c34d1-0565-781c-50f3-fcbbf8826fcf"",""yes_price_dollars"":""0.4500""}"
KXBTC15M-26APR272300-00,997c337c-93f9-4a54-82ce-e1b647e8d513,1777344329,0.45,64.19,yes,"{""count_fp"":""64.19"",""created_time"":""2026-04-28T02:45:29.814565Z"",""no_price_dollars"":""0.5500"",""taker_side"":""yes"",""ticker"":""KXBTC15M-26APR272300-00"",""trade_id"":""997c337c-93f9-4a54-82ce-e1b647e8d513"",""yes_price_dollars"":""0.4500""}"
KXBTC15M-26APR272300-00,a7d376b8-8ac5-5b03-7a4c-eeb3a30407f6,1777344329,0.44,1.0,no,"{""count_fp"":""1.00"",""created_time"":""2026-04-28T02:45:29.153181Z"",""no_price_dollars"":""0.5600"",""taker_side"":""no"",""ticker"":""KXBTC15M-26APR272300-00"",""trade_id"":""a7d376b8-8ac5-5b03-7a4c-eeb3a30407f6"",""yes_price_dollars"":""0.4400""}"
KXBTC15M-26APR272300-00,70a25b9f-46d9-574c-e1ca-aee1ed57e30f,1777344329,0.45,201.14,yes,"{""count_fp"":""201.14"",""created_time"":""2026-04-28T02:45:29.089312Z"",""no_price_dollars"":""0.5500"",""taker_side"":""yes"",""ticker"":""KXBTC15M-26APR272300-00"",""trade_id"":""70a25b9f-46d9-574c-e1ca-aee1ed57e30f"",""yes_price_dollars"":""0.4500""}"
KXBTC15M-26APR272300-00,50f98d9a-3cf1-6a01-814c-4a1662113233,1777344330,0.45,213.98,yes,"{""count_fp"":""213.98"",""created_time"":""2026-04-28T02:45:30.935722Z"",""no_price_dollars"":""0.5500"",""taker_side"":""yes"",""ticker"":""KXBTC15M-26APR272300-00"",""trade_id"":""50f98d9a-3cf1-6a01-814c-4a1662113233"",""yes_price_dollars"":""0.4500""}"
KXBTC15M-26APR272300-00,cabc7de3-ede1-4035-5054-a08766ff19a7,1777344330,0.45,38.51,yes,"{""count_fp"":""38.51"",""created_time"":""2026-04-28T02:45:30.877119Z"",""no_price_dollars"":""0.5500"",""taker_side"":""yes"",""ticker"":""KXBTC15M-26APR272300-00"",""trade_id"":""cabc7de3-ede1-4035-5054-a08766ff19a7"",""yes_price_dollars"":""0.4500""}"
KXBTC15M-26APR272300-00,cc613891-86a3-635d-26d4-b21e7917fd3c,1777344330,0.44,1.0,no,"{""count_fp"":""1.00"",""created_time"":""2026-04-28T02:45:30.750254Z"",""no_price_dollars"":""0.5600"",""taker_side"":""no"",""ticker"":""KXBTC15M-26APR272300-00"",""trade_id"":""cc613891-86a3-635d-26d4-b21e7917fd3c"",""yes_price_dollars"":""0.4400""}"
KXBTC15M-26APR272300-00,c84012df-a0d5-6678-2bda-e07faa8a001c,1777344330,0.42,2.0,no,"{""count_fp"":""2.00"",""created_time"":""2026-04-28T02:45:30.750254Z"",""no_price_dollars"":""0.5800"",""taker_side"":""no"",""ticker"":""KXBTC15M-26APR272300-00"",""trade_id"":""c84012df-a0d5-6678-2bda-e07faa8a001c"",""yes_price_dollars"":""0.4200""}"
KXBTC15M-26APR272300-00,8831d80a-f33a-6b0f-2f7a-e72f6aaa8bb7,1777344330,0.43,5.0,no,"{""count_fp"":""5.00"",""created_time"":""2026-04-28T02:45:30.750254Z"",""no_price_dollars"":""0.5700"",""taker_side"":""no"",""ticker"":""KXBTC15M-26APR272300-00"",""trade_id"":""8831d80a-f33a-6b0f-2f7a-e72f6aaa8bb7"",""yes_price_dollars"":""0.4300""}"
KXBTC15M-26APR272300-00,739d7691-a3ec-6925-369e-6fd0a4ba6a10,1777344330,0.42,20.12,no,"{""count_fp"":""20.12"",""created_time"":""2026-04-28T02:45:30.750254Z"",""no_price_dollars"":""0.5800"",""taker_side"":""no"",""ticker"":""KXBTC15M-26APR272300-00"",""trade_id"":""739d7691-a3ec-6925-369e-6fd0a4ba6a10"",""yes_price_dollars"":""0.4200""}"
KXBTC15M-26APR272300-00,69337dc1-3b71-6c0d-1802-b75ac6a0c288,1777344330,0.43,16.0,no,"{""count_fp"":""16.00"",""created_time"":""2026-04-28T02:45:30.750254Z"",""no_price_dollars"":""0.5700"",""taker_side"":""no"",""ticker"":""KXBTC15M-26APR272300-00"",""trade_id"":""69337dc1-3b71-6c0d-1802-b75ac6a0c288"",""yes_price_dollars"":""0.4300""}"
KXBTC15M-26APR272300-00,5691b53e-2d7a-6707-04b1-3d6af3cd462b,1777344330,0.44,3.0,no,"{""count_fp"":""3.00"",""created_time"":""2026-04-28T02:45:30.750254Z"",""no_price_dollars"":""0.5600"",""taker_side"":""no"",""ticker"":""KXBTC15M-26APR272300-00"",""trade_id"":""5691b53e-2d7a-6707-04b1-3d6af3cd462b"",""yes_price_dollars"":""0.4400""}"
KXBTC15M-26APR272300-00,4936c968-6cb5-6f0b-2df7-30112731147e,1777344330,0.44,5.15,no,"{""count_fp"":""5.15"",""created_time"":""2026-04-28T02:45:30.750254Z"",""no_price_dollars"":""0.5600"",""taker_side"":""no"",""ticker"":""KXBTC15M-26APR272300-00"",""trade_id"":""4936c968-6cb5-6f0b-2df7-30112731147e"",""yes_price_dollars"":""0.4400""}"
KXBTC15M-26APR272300-00,3c1e9b32-db3f-6037-2620-b700081e4cb1,1777344330,0.42,1.0,no,"{""count_fp"":""1.00"",""created_time"":""2026-04-28T02:45:30.750254Z"",""no_price_dollars"":""0.5800"",""taker_side"":""no"",""ticker"":""KXBTC15M-26APR272300-00"",""trade_id"":""3c1e9b32-db3f-6037-2620-b700081e4cb1"",""yes_price_dollars"":""0.4200""}"
KXBTC15M-26APR272300-00,2f844cc9-716e-686c-2fbe-9998b347250a,1777344330,0.43,1.0,no,"{""count_fp"":""1.00"",""created_time"":""2026-04-28T02:45:30.750254Z"",""no_price_dollars"":""0.5700"",""taker_side"":""no"",""ticker"":""KXBTC15M-26APR272300-00"",""trade_id"":""2f844cc9-716e-686c-2fbe-9998b347250a"",""yes_price_dollars"":""0.4300""}"
KXBTC15M-26APR272300-00,0e7005f2-a3ab-68b3-1929-01025e927f76,1777344330,0.43,1.0,no,"{""count_fp"":""1.00"",""created_time"":""2026-04-28T02:45:30.750254Z"",""no_price_dollars"":""0.5700"",""taker_side"":""no"",""ticker"":""KXBTC15M-26APR272300-00"",""trade_id"":""0e7005f2-a3ab-68b3-1929-01025e927f76"",""yes_price_dollars"":""0.4300""}"
KXBTC15M-26APR272300-00,0e0207eb-e197-62b2-3d84-8f9ffd169e0a,1777344330,0.44,16.0,no,"{""count_fp"":""16.00"",""created_time"":""2026-04-28T02:45:30.750254Z"",""no_price_dollars"":""0.5600"",""taker_side"":""no"",""ticker"":""KXBTC15M-26APR272300-00"",""trade_id"":""0e0207eb-e197-62b2-3d84-8f9ffd169e0a"",""yes_price_dollars"":""0.4400""}"
KXBTC15M-26APR272300-00,054f201a-9e2d-65b6-0413-20dc3a36324e,1777344330,0.44,56.0,no,"{""count_fp"":""56.00"",""created_time"":""2026-04-28T02:45:30.750254Z"",""no_price_dollars"":""0.5600"",""taker_side"":""no"",""ticker"":""KXBTC15M-26APR272300-00"",""trade_id"":""054f201a-9e2d-65b6-0413-20dc3a36324e"",""yes_price_dollars"":""0.4400""}"
KXBTC15M-26APR272300-00,6bfe2a8c-0d88-6ae4-e1c5-dc4499499130,1777344330,0.46,3.0,yes,"{""count_fp"":""3.00"",""created_time"":""2026-04-28T02:45:30.599352Z"",""no_price_dollars"":""0.5400"",""taker_side"":""yes"",""ticker"":""KXBTC15M-26APR272300-00"",""trade_id"":""6bfe2a8c-0d88-6ae4-e1c5-dc4499499130"",""yes_price_dollars"":""0.4600""}"
KXBTC15M-26APR272300-00,fa099aec-8abd-43c8-55d1-e935ae2dc38b,1777344330,0.45,18.95,yes,"{""count_fp"":""18.95"",""created_time"":""2026-04-28T02:45:30.373597Z"",""no_price_dollars"":""0.5500"",""taker_side"":""yes"",""ticker"":""KXBTC15M-26APR272300-00"",""trade_id"":""fa099aec-8abd-43c8-55d1-e935ae2dc38b"",""yes_price_dollars"":""0.4500""}"
KXBTC15M-26APR272300-00,f696cde8-7679-59ec-69f5-c7a60ae3322f,1777344330,0.45,0.9,yes,"{""count_fp"":""0.90"",""created_time"":""2026-04-28T02:45:30.361644Z"",""no_price_dollars"":""0.5500"",""taker_side"":""yes"",""ticker"":""KXBTC15M-26APR272300-00"",""trade_id"":""f696cde8-7679-59ec-69f5-c7a60ae3322f"",""yes_price_dollars"":""0.4500""}"
KXBTC15M-26APR272300-00,0ad9b2ec-1e9d-67e4-d10e-ecdfdfa83dcb,1777344330,0.45,4.0,yes,"{""count_fp"":""4.00"",""created_time"":""2026-04-28T02:45:30.337915Z"",""no_price_dollars"":""0.5500"",""taker_side"":""yes"",""ticker"":""KXBTC15M-26APR272300-00"",""trade_id"":""0ad9b2ec-1e9d-67e4-d10e-ecdfdfa83dcb"",""yes_price_dollars"":""0.4500""}"
KXBTC15M-26APR272300-00,f15a0e74-730d-602c-18c4-54a8b6906c03,1777344330,0.45,2.13,yes,"{""count_fp"":""2.13"",""created_time"":""2026-04-28T02:45:30.325019Z"",""no_price_dollars"":""0.5500"",""taker_side"":""yes"",""ticker"":""KXBTC15M-26APR272300-00"",""trade_id"":""f15a0e74-730d-602c-18c4-54a8b6906c03"",""yes_price_dollars"":""0.4500""}"
KXBTC15M-26APR272300-00,c2f79a12-30cd-7598-3388-594ff53a8c97,1777344330,0.45,10.0,yes,"{""count_fp"":""10.00"",""created_time"":""2026-04-28T02:45:30.202076Z"",""no_price_dollars"":""0.5500"",""taker_side"":""yes"",""ticker"":""KXBTC15M-26APR272300-00"",""trade_id"":""c2f79a12-30cd-7598-3388-594ff53a8c97"",""yes_price_dollars"":""0.4500""}"
KXBTC15M-26APR272300-00,53fa4127-6508-6875-ce6c-3161cb130f38,1777344331,0.45,0.64,yes,"{""count_fp"":""0.64"",""created_time"":""2026-04-28T02:45:31.978859Z"",""no_price_dollars"":""0.5500"",""taker_side"":""yes"",""ticker"":""KXBTC15M-26APR272300-00"",""trade_id"":""53fa4127-6508-6875-ce6c-3161cb130f38"",""yes_price_dollars"":""0.4500""}"
KXBTC15M-26APR272300-00,ae89ef00-4b88-46f9-49ec-745c7e5d2380,1777344331,0.45,0.37,yes,"{""count_fp"":""0.37"",""created_time"":""2026-04-28T02:45:31.958785Z"",""no_price_dollars"":""0.5500"",""taker_side"":""yes"",""ticker"":""KXBTC15M-26APR272300-00"",""trade_id"":""ae89ef00-4b88-46f9-49ec-745c7e5d2380"",""yes_price_dollars"":""0.4500""}"
KXBTC15M-26APR272300-00,86bef566-d5ac-400d-e3a9-f9c22c49e5ec,1777344331,0.45,10.69,yes,"{""count_fp"":""10.69"",""created_time"":""2026-04-28T02:45:31.790555Z"",""no_price_dollars"":""0.5500"",""taker_side"":""yes"",""ticker"":""KXBTC15M-26APR272300-00"",""trade_id"":""86bef566-d5ac-400d-e3a9-f9c22c49e5ec"",""yes_price_dollars"":""0.4500""}"
KXBTC15M-26APR272300-00,175e5ca7-f37c-4271-2d02-d7c1693cae44,1777344331,0.45,13.0,yes,"{""count_fp"":""13.00"",""created_time"":""2026-04-28T02:45:31.725406Z"",""no_price_dollars"":""0.5500"",""taker_side"":""yes"",""ticker"":""KXBTC15M-26APR272300-00"",""trade_id"":""175e5ca7-f37c-4271-2d02-d7c1693cae44"",""yes_price_dollars"":""0.4500""}"
KXBTC15M-26APR272300-00,ce2aab4f-cd62-6a15-c9d2-0d9282de5f5c,1777344331,0.44,1.0,no,"{""count_fp"":""1.00"",""created_time"":""2026-04-28T02:45:31.702625Z"",""no_price_dollars"":""0.5600"",""taker_side"":""no"",""ticker"":""KXBTC15M-26APR272300-00"",""trade_id"":""ce2aab4f-cd62-6a15-c9d2-0d9282de5f5c"",""yes_price_dollars"":""0.4400""}"
KXBTC15M-26APR272300-00,41d2f331-68b8-7b3d-eb86-d82e61263b98,1777344331,0.45,53.49,yes,"{""count_fp"":""53.49"",""created_time"":""2026-04-28T02:45:31.684722Z"",""no_price_dollars"":""0.5500"",""taker_side"":""yes"",""ticker"":""KXBTC15M-26APR272300-00"",""trade_id"":""41d2f331-68b8-7b3d-eb86-d82e61263b98"",""yes_price_dollars"":""0.4500""}"
KXBTC15M-26APR272300-00,4f57db43-7834-7cf1-267d-7908ef7bb3ac,1777344331,0.45,15.0,yes,"{""count_fp"":""15.00"",""created_time"":""2026-04-28T02:45:31.602342Z"",""no_price_dollars"":""0.5500"",""taker_side"":""yes"",""ticker"":""KXBTC15M-26APR272300-00"",""trade_id"":""4f57db43-7834-7cf1-267d-7908ef7bb3ac"",""yes_price_dollars"":""0.4500""}"
KXBTC15M-26APR272300-00,edc71958-0943-6ef5-8248-6104e81f42a2,1777344331,0.45,10.69,yes,"{""count_fp"":""10.69"",""created_time"":""2026-04-28T02:45:31.230274Z"",""no_price_dollars"":""0.5500"",""taker_side"":""yes"",""ticker"":""KXBTC15M-26APR272300-00"",""trade_id"":""edc71958-0943-6ef5-8248-6104e81f42a2"",""yes_price_dollars"":""0.4500""}"
KXBTC15M-26APR272300-00,e0f2b7b1-3e2e-6968-b6d0-7568a4082871,1777344331,0.45,20.0,yes,"{""count_fp"":""20.00"",""created_time"":""2026-04-28T02:45:31.230274Z"",""no_price_dollars"":""0.5500"",""taker_side"":""yes"",""ticker"":""KXBTC15M-26APR272300-00"",""trade_id"":""e0f2b7b1-3e2e-6968-b6d0-7568a4082871"",""yes_price_dollars"":""0.4500""}"
KXBTC15M-26APR272300-00,cab14602-ab49-6725-914a-86e69457e123,1777344331,0.45,247.51,yes,"{""count_fp"":""247.51"",""created_time"":""2026-04-28T02:45:31.230274Z"",""no_price_dollars"":""0.5500"",""taker_side"":""yes"",""ticker"":""KXBTC15M-26APR272300-00"",""trade_id"":""cab14602-ab49-6725-914a-86e69457e123"",""yes_price_dollars"":""0.4500""}"
KXBTC15M-26APR272300-00,b6ac6ab6-b900-684c-aa47-2dfd937ff708,1777344331,0.46,7.0,yes,"{""count_fp"":""7.00"",""created_time"":""2026-04-28T02:45:31.230274Z"",""no_price_dollars"":""0.5400"",""taker_side"":""yes"",""ticker"":""KXBTC15M-26APR272300-00"",""trade_id"":""b6ac6ab6-b900-684c-aa47-2dfd937ff708"",""yes_price_dollars"":""0.4600""}"
KXBTC15M-26APR272300-00,54d162a1-4262-6a4c-a295-cb0a98476be7,1777344331,0.46,54.32,yes,"{""count_fp"":""54.32"",""created_time"":""2026-04-28T02:45:31.230274Z"",""no_price_dollars"":""0.5400"",""taker_side"":""yes"",""ticker"":""KXBTC15M-26APR272300-00"",""trade_id"":""54d162a1-4262-6a4c-a295-cb0a98476be7"",""yes_price_dollars"":""0.4600""}"
KXBTC15M-26APR272300-00,885f7257-effc-5015-aee0-7369ee08f88c,1777344332,0.43,108.67,yes,"{""count_fp"":""108.67"",""created_time"":""2026-04-28T02:45:32.904646Z"",""no_price_dollars"":""0.5700"",""taker_side"":""yes"",""ticker"":""KXBTC15M-26APR272300-00"",""trade_id"":""885f7257-effc-5015-aee0-7369ee08f88c"",""yes_price_dollars"":""0.4300""}"
KXBTC15M-26APR272300-00,30f818f4-e6e0-65c1-f9ce-04c6798b8bac,1777344332,0.43,2.0,yes,"{""count_fp"":""2.00"",""created_time"":""2026-04-28T02:45:32.877739Z"",""no_price_dollars"":""0.5700"",""taker_side"":""yes"",""ticker"":""KXBTC15M-26APR272300-00"",""trade_id"":""30f818f4-e6e0-65c1-f9ce-04c6798b8bac"",""yes_price_dollars"":""0.4300""}"
KXBTC15M-26APR272300-00,526bb84e-fab4-60ed-9c44-aab36c99834c,1777344332,0.42,1.0,no,"{""count_fp"":""1.00"",""created_time"":""2026-04-28T02:45:32.837124Z"",""no_price_dollars"":""0.5800"",""taker_side"":""no"",""ticker"":""KXBTC15M-26APR272300-00"",""trade_id"":""526bb84e-fab4-60ed-9c44-aab36c99834c"",""yes_price_dollars"":""0.4200""}"
KXBTC15M-26APR272300-00,8b42f580-9dd0-4a85-168c-51b6e7aff440,1777344332,0.44,57.77,yes,"{""count_fp"":""57.77"",""created_time"":""2026-04-28T02:45:32.745031Z"",""no_price_dollars"":""0.5600"",""taker_side"":""yes"",""ticker"":""KXBTC15M-26APR272300-00"",""trade_id"":""8b42f580-9dd0-4a85-168c-51b6e7aff440"",""yes_price_dollars"":""0.4400""}"
KXBTC15M-26APR272300-00,55d98c97-d67a-57a3-4315-343a88121d72,1777344332,0.43,8.0,no,"{""count_fp"":""8.00"",""created_time"":""2026-04-28T02:45:32.731597Z"",""no_price_dollars"":""0.5700"",""taker_side"":""no"",""ticker"":""KXBTC15M-26APR272300-00"",""trade_id"":""55d98c97-d67a-57a3-4315-343a88121d72"",""yes_price_dollars"":""0.4300""}"
KXBTC15M-26APR272300-00,66f38b34-3f5c-4d29-2188-9129f15e5244,1777344332,0.44,2.67,yes,"{""count_fp"":""2.67"",""created_time"":""2026-04-28T02:45:32.451632Z"",""no_price_dollars"":""0.5600"",""taker_side"":""yes"",""ticker"":""KXBTC15M-26APR272300-00"",""trade_id"":""66f38b34-3f5c-4d29-2188-9129f15e5244"",""yes_price_dollars"":""0.4400""}"
KXBTC15M-26APR272300-00,7646be6d-39c5-7341-13f5-4abe8ea61a9b,1777344332,0.43,3.0,no,"{""count_fp"":""3.00"",""created_time"":""2026-04-28T02:45:32.323828Z"",""no_price_dollars"":""0.5700"",""taker_side"":""no"",""ticker"":""KXBTC15M-26APR272300-00"",""trade_id"":""7646be6d-39c5-7341-13f5-4abe8ea61a9b"",""yes_price_dollars"":""0.4300""}"
KXBTC15M-26APR272300-00,4ccf7f4a-a11e-7647-2621-18202ffafc36,1777344332,0.43,13.41,no,"{""count_fp"":""13.41"",""created_time"":""2026-04-28T02:45:32.323828Z"",""no_price_dollars"":""0.5700"",""taker_side"":""no"",""ticker"":""KXBTC15M-26APR272300-00"",""trade_id"":""4ccf7f4a-a11e-7647-2621-18202ffafc36"",""yes_price_dollars"":""0.4300""}"
KXBTC15M-26APR272300-00,aac08a55-be96-76da-1715-716c8dd259fc,1777344333,0.45,27.15,no,"{""count_fp"":""27.15"",""created_time"":""2026-04-28T02:45:33.972852Z"",""no_price_dollars"":""0.5500"",""taker_side"":""no"",""ticker"":""KXBTC15M-26APR272300-00"",""trade_id"":""aac08a55-be96-76da-1715-716c8dd259fc"",""yes_price_dollars"":""0.4500""}"
KXBTC15M-26APR272300-00,9e7a36a5-d7e8-4727-2063-5ca4aabfd2ec,1777344333,0.46,11.0,yes,"{""count_fp"":""11.00"",""created_time"":""2026-04-28T02:45:33.952496Z"",""no_price_dollars"":""0.5400"",""taker_side"":""yes"",""ticker"":""KXBTC15M-26APR272300-00"",""trade_id"":""9e7a36a5-d7e8-4727-2063-5ca4aabfd2ec"",""yes_price_dollars"":""0.4600""}"
KXBTC15M-26APR272300-00,8cb5621d-ee29-4bfb-3de2-afb60b801be4,1777344333,0.46,2.0,yes,"{""count_fp"":""2.00"",""created_time"":""2026-04-28T02:45:33.952496Z"",""no_price_dollars"":""0.5400"",""taker_side"":""yes"",""ticker"":""KXBTC15M-26APR272300-00"",""trade_id"":""8cb5621d-ee29-4bfb-3de2-afb60b801be4"",""yes_price_dollars"":""0.4600""}"
KXBTC15M-26APR272300-00,3f618d43-d8a8-4b08-a003-f055a2b403f0,1777344333,0.45,3.0,yes,"{""count_fp"":""3.00"",""created_time"":""2026-04-28T02:45:33.849605Z"",""no_price_dollars"":""0.5500"",""taker_side"":""yes"",""ticker"":""KXBTC15M-26APR272300-00"",""trade_id"":""3f618d43-d8a8-4b08-a003-f055a2b403f0"",""yes_price_dollars"":""0.4500""}"
KXBTC15M-26APR272300-00,2b167371-87f1-626d-9cc9-171bdba7d4d9,1777344333,0.46,37.0,yes,"{""count_fp"":""37.00"",""created_time"":""2026-04-28T02:45:33.804296Z"",""no_price_dollars"":""0.5400"",""taker_side"":""yes"",""ticker"":""KXBTC15M-26APR272300-00"",""trade_id"":""2b167371-87f1-626d-9cc9-171bdba7d4d9"",""yes_price_dollars"":""0.4600""}"
KXBTC15M-26APR272300-00,20260688-dcf1-64d7-b934-313fe6664957,1777344333,0.45,3.0,yes,"{""count_fp"":""3.00"",""created_time"":""2026-04-28T02:45:33.804296Z"",""no_price_dollars"":""0.5500"",""taker_side"":""yes"",""ticker"":""KXBTC15M-26APR272300-00"",""trade_id"":""20260688-dcf1-64d7-b934-313fe6664957"",""yes_price_dollars"":""0.4500""}"
KXBTC15M-26APR272300-00,c298dcc0-4d5c-6724-870f-e5268a71bd3c,1777344333,0.41,500.0,yes,"{""count_fp"":""500.00"",""created_time"":""2026-04-28T02:45:33.756375Z"",""no_price_dollars"":""0.5900"",""taker_side"":""yes"",""ticker"":""KXBTC15M-26APR272300-00"",""trade_id"":""c298dcc0-4d5c-6724-870f-e5268a71bd3c"",""yes_price_dollars"":""0.4100""}"
KXBTC15M-26APR272300-00,61b65131-303f-6953-9b81-eb5f098d1dde,1777344333,0.41,3.0,yes,"{""count_fp"":""3.00"",""created_time"":""2026-04-28T02:45:33.756375Z"",""no_price_dollars"":""0.5900"",""taker_side"":""yes"",""ticker"":""KXBTC15M-26APR272300-00"",""trade_id"":""61b65131-303f-6953-9b81-eb5f098d1dde"",""yes_price_dollars"":""0.4100""}"
KXBTC15M-26APR272300-00,9020ec4f-4ae4-637e-0cc9-c2fed765105b,1777344333,0.4,10.0,no,"{""count_fp"":""10.00"",""created_time"":""2026-04-28T02:45:33.475Z"",""no_price_dollars"":""0.6000"",""taker_side"":""no"",""ticker"":""KXBTC15M-26APR272300-00"",""trade_id"":""9020ec4f-4ae4-637e-0cc9-c2fed765105b"",""yes_price_dollars"":""0.4000""}"
KXBTC15M-26APR272300-00,e2698e04-9647-532b-fdc3-4bd92e3c379f,1777344333,0.41,1.0,no,"{""count_fp"":""1.00"",""created_time"":""2026-04-28T02:45:33.434689Z"",""no_price_dollars"":""0.5900"",""taker_side"":""no"",""ticker"":""KXBTC15M-26APR272300-00"",""trade_id"":""e2698e04-9647-532b-fdc3-4bd92e3c379f"",""yes_price_dollars"":""0.4100""}"
KXBTC15M-26APR272300-00,c80e6caf-9628-5bea-c8d1-717f51f52d1d,1777344333,0.41,10.0,no,"{""count_fp"":""10.00"",""created_time"":""2026-04-28T02:45:33.434689Z"",""no_price_dollars"":""0.5900"",""taker_side"":""no"",""ticker"":""KXBTC15M-26APR272300-00"",""trade_id"":""c80e6caf-9628-5bea-c8d1-717f51f52d1d"",""yes_price_dollars"":""0.4100""}"
KXBTC15M-26APR272300-00,c217bb5b-6c71-5281-dc37-ec855dc6af3f,1777344333,0.41,25.0,no,"{""count_fp"":""25.00"",""created_time"":""2026-04-28T02:45:33.434689Z"",""no_price_dollars"":""0.5900"",""taker_side"":""no"",""ticker"":""KXBTC15M-26APR272300-00"",""trade_id"":""c217bb5b-6c71-5281-dc37-ec855dc6af3f"",""yes_price_dollars"":""0.4100""}"
KXBTC15M-26APR272300-00,61b59cd4-4cfa-5b4a-e3ea-1f655691c1dd,1777344333,0.41,119.0,no,"{""count_fp"":""119.00"",""created_time"":""2026-04-28T02:45:33.434689Z"",""no_price_dollars"":""0.5900"",""taker_side"":""no"",""ticker"":""KXBTC15M-26APR272300-00"",""trade_id"":""61b59cd4-4cfa-5b4a-e3ea-1f655691c1dd"",""yes_price_dollars"":""0.4100""}"
KXBTC15M-26APR272300-00,4a9482b4-7749-5587-ef14-89209a1ccccb,1777344333,0.41,5.0,no,"{""count_fp"":""5.00"",""created_time"":""2026-04-28T02:45:33.434689Z"",""no_price_dollars"":""0.5900"",""taker_side"":""no"",""ticker"":""KXBTC15M-26APR272300-00"",""trade_id"":""4a9482b4-7749-5587-ef14-89209a1ccccb"",""yes_price_dollars"":""0.4100""}"
KXBTC15M-26APR272300-00,ce21ac98-aaa8-7e1b-81f9-3ffc832410e5,1777344333,0.43,32.09,yes,"{""count_fp"":""32.09"",""created_time"":""2026-04-28T02:45:33.334111Z"",""no_price_dollars"":""0.5700"",""taker_side"":""yes"",""ticker"":""KXBTC15M-26APR272300-00"",""trade_id"":""ce21ac98-aaa8-7e1b-81f9-3ffc832410e5"",""yes_price_dollars"":""0.4300""}"
KXBTC15M-26APR272300-00,f2fdfb9f-8d29-4c7d-8c1d-58319d58dfa4,1777344333,0.43,8.0,yes,"{""count_fp"":""8.00"",""created_time"":""2026-04-28T02:45:33.186769Z"",""no_price_dollars"":""0.5700"",""taker_side"":""yes"",""ticker"":""KXBTC15M-26APR272300-00"",""trade_id"":""f2fdfb9f-8d29-4c7d-8c1d-58319d58dfa4"",""yes_price_dollars"":""0.4300""}"
KXBTC15M-26APR272300-00,b469b5c5-2814-41c1-9539-0da43767af84,1777344333,0.43,11.78,yes,"{""count_fp"":""11.78"",""created_time"":""2026-04-28T02:45:33.186769Z"",""no_price_dollars"":""0.5700"",""taker_side"":""yes"",""ticker"":""KXBTC15M-26APR272300-00"",""trade_id"":""b469b5c5-2814-41c1-9539-0da43767af84"",""yes_price_dollars"":""0.4300""}"
KXBTC15M-26APR272300-00,8e91df3c-b073-4235-a005-0a73ddc890f7,1777344333,0.43,119.0,yes,"{""count_fp"":""119.00"",""created_time"":""2026-04-28T02:45:33.186769Z"",""no_price_dollars"":""0.5700"",""taker_side"":""yes"",""ticker"":""KXBTC15M-26APR272300-00"",""trade_id"":""8e91df3c-b073-4235-a005-0a73ddc890f7"",""yes_price_dollars"":""0.4300""}"
KXBTC15M-26APR272300-00,670e6ac2-5e78-4881-9a00-6f8af5f42ffe,1777344333,0.44,3.0,yes,"{""count_fp"":""3.00"",""created_time"":""2026-04-28T02:45:33.186769Z"",""no_price_dollars"":""0.5600"",""taker_side"":""yes"",""ticker"":""KXBTC15M-26APR272300-00"",""trade_id"":""670e6ac2-5e78-4881-9a00-6f8af5f42ffe"",""yes_price_dollars"":""0.4400""}"
KXBTC15M-26APR272300-00,43b4d997-775c-4521-bda7-706789e98b58,1777344333,0.43,384.33,yes,"{""count_fp"":""384.33"",""created_time"":""2026-04-28T02:45:33.186769Z"",""no_price_dollars"":""0.5700"",""taker_side"":""yes"",""ticker"":""KXBTC15M-26APR272300-00"",""trade_id"":""43b4d997-775c-4521-bda7-706789e98b58"",""yes_price_dollars"":""0.4300""}"
KXBTC15M-26APR272300-00,323cfbf1-c42e-4184-a354-976179ba83bb,1777344333,0.44,1573.4,yes,"{""count_fp"":""1573.40"",""created_time"":""2026-04-28T02:45:33.186769Z"",""no_price_dollars"":""0.5600"",""taker_side"":""yes"",""ticker"":""KXBTC15M-26APR272300-00"",""trade_id"":""323cfbf1-c42e-4184-a354-976179ba83bb"",""yes_price_dollars"":""0.4400""}"
KXBTC15M-26APR272300-00,2f2fba8f-d1dd-4b43-9e6e-31b852e079ae,1777344333,0.43,20.0,yes,"{""count_fp"":""20.00"",""created_time"":""2026-04-28T02:45:33.186769Z"",""no_price_dollars"":""0.5700"",""taker_side"":""yes"",""ticker"":""KXBTC15M-26APR272300-00"",""trade_id"":""2f2fba8f-d1dd-4b43-9e6e-31b852e079ae"",""yes_price_dollars"":""0.4300""}"
KXBTC15M-26APR272300-00,c9cbdd31-7da0-55cd-aefd-433942ab1dd8,1777344333,0.43,5.0,yes,"{""count_fp"":""5.00"",""created_time"":""2026-04-28T02:45:33.090269Z"",""no_price_dollars"":""0.5700"",""taker_side"":""yes"",""ticker"":""KXBTC15M-26APR272300-00"",""trade_id"":""c9cbdd31-7da0-55cd-aefd-433942ab1dd8"",""yes_price_dollars"":""0.4300""}"
KXBTC15M-26APR272300-00,85d4c34f-51ac-46b5-29e3-9c1e60276850,1777344334,0.52,340.0,yes,"{""count_fp"":""340.00"",""created_time"":""2026-04-28T02:45:34.779232Z"",""no_price_dollars"":""0.4800"",""taker_side"":""yes"",""ticker"":""KXBTC15M-26APR272300-00"",""trade_id"":""85d4c34f-51ac-46b5-29e3-9c1e60276850"",""yes_price_dollars"":""0.5200""}"
KXBTC15M-26APR272300-00,34439e48-ed6f-42c2-0898-e7c53462260a,1777344334,0.52,3.0,yes,"{""count_fp"":""3.00"",""created_time"":""2026-04-28T02:45:34.779232Z"",""no_price_dollars"":""0.4800"",""taker_side"":""yes"",""ticker"":""KXBTC15M-26APR272300-00"",""trade_id"":""34439e48-ed6f-42c2-0898-e7c53462260a"",""yes_price_dollars"":""0.5200""}"
KXBTC15M-26APR272300-00,0e764af0-0f76-4c20-310a-6ec3ee121fed,1777344334,0.52,56.0,yes,"{""count_fp"":""56.00"",""created_time"":""2026-04-28T02:45:34.779232Z"",""no_price_dollars"":""0.4800"",""taker_side"":""yes"",""ticker"":""KXBTC15M-26APR272300-00"",""trade_id"":""0e764af0-0f76-4c20-310a-6ec3ee121fed"",""yes_price_dollars"":""0.5200""}"
KXBTC15M-26APR272300-00,0cef6d91-bd32-4113-2351-48222fb6a8e2,1777344334,0.52,3.0,yes,"{""count_fp"":""3.00"",""created_time"":""2026-04-28T02:45:34.779232Z"",""no_price_dollars"":""0.4800"",""taker_side"":""yes"",""ticker"":""KXBTC15M-26APR272300-00"",""trade_id"":""0cef6d91-bd32-4113-2351-48222fb6a8e2"",""yes_price_dollars"":""0.5200""}"
KXBTC15M-26APR272300-00,1b129bc0-3641-4918-c7c7-d7ba3ce1db6e,1777344334,0.51,15.0,yes,"{""count_fp"":""15.00"",""created_time"":""2026-04-28T02:45:34.778601Z"",""no_price_dollars"":""0.4900"",""taker_side"":""yes"",""ticker"":""KXBTC15M-26APR272300-00"",""trade_id"":""1b129bc0-3641-4918-c7c7-d7ba3ce1db6e"",""yes_price_dollars"":""0.5100""}"
KXBTC15M-26APR272300-00,0ec3159d-6cb7-4d0e-ce2e-a02b90891ac9,1777344334,0.51,2.0,yes,"{""count_fp"":""2.00"",""created_time"":""2026-04-28T02:45:34.778601Z"",""no_price_dollars"":""0.4900"",""taker_side"":""yes"",""ticker"":""KXBTC15M-26APR272300-00"",""trade_id"":""0ec3159d-6cb7-4d0e-ce2e-a02b90891ac9"",""yes_price_dollars"":""0.5100""}"
KXBTC15M-26APR272300-00,c3fd94ff-e81d-5834-5d1f-68df07047c8c,1777344334,0.5,5.06,no,"{""count_fp"":""5.06"",""created_time"":""2026-04-28T02:45:34.737329Z"",""no_price_dollars"":""0.5000"",""taker_side"":""no"",""ticker"":""KXBTC15M-26APR272300-00"",""trade_id"":""c3fd94ff-e81d-5834-5d1f-68df07047c8c"",""yes_price_dollars"":""0.5000""}"
KXBTC15M-26APR272300-00,97cadfd0-2d07-70ae-9957-03312908452d,1777344334,0.51,1.0,yes,"{""count_fp"":""1.00"",""created_time"":""2026-04-28T02:45:34.568171Z"",""no_price_dollars"":""0.4900"",""taker_side"":""yes"",""ticker"":""KXBTC15M-26APR272300-00"",""trade_id"":""97cadfd0-2d07-70ae-9957-03312908452d"",""yes_price_dollars"":""0.5100""}"
KXBTC15M-26APR272300-00,f629213b-c409-5e5f-1b2a-9cc1ea7a911a,1777344334,0.47,4.83,no,"{""count_fp"":""4.83"",""created_time"":""2026-04-28T02:45:34.247169Z"",""no_price_dollars"":""0.5300"",""taker_side"":""no"",""ticker"":""KXBTC15M-26APR272300-00"",""trade_id"":""f629213b-c409-5e5f-1b2a-9cc1ea7a911a"",""yes_price_dollars"":""0.4700""}"
KXBTC15M-26APR272300-00,dea9ca6e-544b-543d-2b79-67cf3be8709c,1777344334,0.48,3.0,no,"{""count_fp"":""3.00"",""created_time"":""2026-04-28T02:45:34.247169Z"",""no_price_dollars"":""0.5200"",""taker_side"":""no"",""ticker"":""KXBTC15M-26APR272300-00"",""trade_id"":""dea9ca6e-544b-543d-2b79-67cf3be8709c"",""yes_price_dollars"":""0.4800""}"
KXBTC15M-26APR272300-00,7b26ea80-271f-6f9f-d66a-bf087546e89f,1777344334,0.5,30.0,yes,"{""count_fp"":""30.00"",""created_time"":""2026-04-28T02:45:34.224456Z"",""no_price_dollars"":""0.5000"",""taker_side"":""yes"",""ticker"":""KXBTC15M-26APR272300-00"",""trade_id"":""7b26ea80-271f-6f9f-d66a-bf087546e89f"",""yes_price_dollars"":""0.5000""}"
KXBTC15M-26APR272300-00,476c24f6-9850-663f-f0ed-65576c790ea0,1777344334,0.5,500.0,yes,"{""count_fp"":""500.00"",""created_time"":""2026-04-28T02:45:34.224456Z"",""no_price_dollars"":""0.5000"",""taker_side"":""yes"",""ticker"":""KXBTC15M-26APR272300-00"",""trade_id"":""476c24f6-9850-663f-f0ed-65576c790ea0"",""yes_price_dollars"":""0.5000""}"
KXBTC15M-26APR272300-00,1179c058-6044-60be-fe1b-aa63dedc0afd,1777344334,0.5,3.0,yes,"{""count_fp"":""3.00"",""created_time"":""2026-04-28T02:45:34.224456Z"",""no_price_dollars"":""0.5000"",""taker_side"":""yes"",""ticker"":""KXBTC15M-26APR272300-00"",""trade_id"":""1179c058-6044-60be-fe1b-aa63dedc0afd"",""yes_price_dollars"":""0.5000""}"
KXBTC15M-26APR272300-00,e921b29f-b9bf-7c72-e7ed-ff98bbb92562,1777344334,0.47,3.0,yes,"{""count_fp"":""3.00"",""created_time"":""2026-04-28T02:45:34.061635Z"",""no_price_dollars"":""0.5300"",""taker_side"":""yes"",""ticker"":""KXBTC15M-26APR272300-00"",""trade_id"":""e921b29f-b9bf-7c72-e7ed-ff98bbb92562"",""yes_price_dollars"":""0.4700""}"
KXBTC15M-26APR272300-00,0b1d66d5-48c7-5b69-afc6-82dad5409987,1777344335,0.53,10.0,yes,"{""count_fp"":""10.00"",""created_time"":""2026-04-28T02:45:35.286952Z"",""no_price_dollars"":""0.4700"",""taker_side"":""yes"",""ticker"":""KXBTC15M-26APR272300-00"",""trade_id"":""0b1d66d5-48c7-5b69-afc6-82dad5409987"",""yes_price_dollars"":""0.5300""}"
KXBTC15M-26APR272300-00,cccaf564-354a-556a-9d90-99abb25fd076,1777344335,0.53,3.0,yes,"{""count_fp"":""3.00"",""created_time"":""2026-04-28T02:45:35.286637Z"",""no_price_dollars"":""0.4700"",""taker_side"":""yes"",""ticker"":""KXBTC15M-26APR272300-00"",""trade_id"":""cccaf564-354a-556a-9d90-99abb25fd076"",""yes_price_dollars"":""0.5300""}"
KXBTC15M-26APR272300-00,b58b74bf-4bf3-53a1-93d3-f7bef29609af,1777344335,0.53,70.89,yes,"{""count_fp"":""70.89"",""created_time"":""2026-04-28T02:45:35.286637Z"",""no_price_dollars"":""0.4700"",""taker_side"":""yes"",""ticker"":""KXBTC15M-26APR272300-00"",""trade_id"":""b58b74bf-4bf3-53a1-93d3-f7bef29609af"",""yes_price_dollars"":""0.5300""}"
KXBTC15M-26APR272300-00,62c80a3b-9650-5c59-bf9f-9cd5fc101d4a,1777344335,0.53,2.0,yes,"{""count_fp"":""2.00"",""created_time"":""2026-04-28T02:45:35.286637Z"",""no_price_dollars"":""0.4700"",""taker_side"":""yes"",""ticker"":""KXBTC15M-26APR272300-00"",""trade_id"":""62c80a3b-9650-5c59-bf9f-9cd5fc101d4a"",""yes_price_dollars"":""0.5300""}"
KXBTC15M-26APR272300-00,32c4f3ef-e99c-5b5e-9016-925d119f4193,1777344335,0.53,15.0,yes,"{""count_fp"":""15.00"",""created_time"":""2026-04-28T02:45:35.286637Z"",""no_price_dollars"":""0.4700"",""taker_side"":""yes"",""ticker"":""KXBTC15M-26APR272300-00"",""trade_id"":""32c4f3ef-e99c-5b5e-9016-925d119f4193"",""yes_price_dollars"":""0.5300""}"
KXBTC15M-26APR272300-00,108660b6-b6c0-7f8e-b08a-1a8db3d299db,1777344335,0.52,1.0,no,"{""count_fp"":""1.00"",""created_time"":""2026-04-28T02:45:35.257373Z"",""no_price_dollars"":""0.4800"",""taker_side"":""no"",""ticker"":""KXBTC15M-26APR272300-00"",""trade_id"":""108660b6-b6c0-7f8e-b08a-1a8db3d299db"",""yes_price_dollars"":""0.5200""}"
