ticker,trade_id,ts,yes_price,count,taker_side,raw_json
KXBTC15M-26APR281015-15,973f15b7-6694-7919-14d9-e04da5ce0857,1777384803,0.5,9.66,yes,"{""count_fp"":""9.66"",""created_time"":""2026-04-28T14:00:03.761392Z"",""no_price_dollars"":""0.5000"",""taker_side"":""yes"",""ticker"":""KXBTC15M-26APR281015-15"",""trade_id"":""973f15b7-6694-7919-14d9-e04da5ce0857"",""yes_price_dollars"":""0.5000""}"
KXBTC15M-26APR281015-15,38d64352-ea98-71b9-8598-88f3863bee03,1777384803,0.5,80.0,yes,"{""count_fp"":""80.00"",""created_time"":""2026-04-28T14:00:03.354152Z"",""no_price_dollars"":""0.5000"",""taker_side"":""yes"",""ticker"":""KXBTC15M-26APR281015-15"",""trade_id"":""38d64352-ea98-71b9-8598-88f3863bee03"",""yes_price_dollars"":""0.5000""}"
KXBTC15M-26APR281015-15,e797eb2f-a5ea-4ac8-bd18-2a3225d239d4,1777384804,0.48,1.0,no,"{""count_fp"":""1.00"",""created_time"":""2026-04-28T14:00:04.303822Z"",""no_price_dollars"":""0.5200"",""taker_side"":""no"",""ticker"":""KXBTC15M-26APR281015-15"",""trade_id"":""e797eb2f-a5ea-4ac8-bd18-2a3225d239d4"",""yes_price_dollars"":""0.4800""}"
KXBTC15M-26APR281015-15,aef0b312-261d-4fa6-baa4-03314a6ec4be,1777384804,0.48,18.0,no,"{""count_fp"":""18.00"",""created_time"":""2026-04-28T14:00:04.303822Z"",""no_price_dollars"":""0.5200"",""taker_side"":""no"",""ticker"":""KXBTC15M-26APR281015-15"",""trade_id"":""aef0b312-261d-4fa6-baa4-03314a6ec4be"",""yes_price_dollars"":""0.4800""}"
KXBTC15M-26APR281015-15,3026e664-3f97-481f-91d1-65ce62126620,1777384804,0.48,73.0,no,"{""count_fp"":""73.00"",""created_time"":""2026-04-28T14:00:04.303822Z"",""no_price_dollars"":""0.5200"",""taker_side"":""no"",""ticker"":""KXBTC15M-26APR281015-15"",""trade_id"":""3026e664-3f97-481f-91d1-65ce62126620"",""yes_price_dollars"":""0.4800""}"
KXBTC15M-26APR281015-15,d92b5b8c-fbf2-7063-dba5-248dcaf5e1b4,1777384805,0.46,30.0,no,"{""count_fp"":""30.00"",""created_time"":""2026-04-28T14:00:05.615443Z"",""no_price_dollars"":""0.5400"",""taker_side"":""no"",""ticker"":""KXBTC15M-26APR281015-15"",""trade_id"":""d92b5b8c-fbf2-7063-dba5-248dcaf5e1b4"",""yes_price_dollars"":""0.4600""}"
KXBTC15M-26APR281015-15,85d7aba7-be0b-42ee-e489-409278099e18,1777384805,0.47,46.02,yes,"{""count_fp"":""46.02"",""created_time"":""2026-04-28T14:00:05.187621Z"",""no_price_dollars"":""0.5300"",""taker_side"":""yes"",""ticker"":""KXBTC15M-26APR281015-15"",""trade_id"":""85d7aba7-be0b-42ee-e489-409278099e18"",""yes_price_dollars"":""0.4700""}"
KXBTC15M-26APR281015-15,547955ec-3117-4f00-e7a5-cf01ddc63f13,1777384805,0.47,5.0,yes,"{""count_fp"":""5.00"",""created_time"":""2026-04-28T14:00:05.187621Z"",""no_price_dollars"":""0.5300"",""taker_side"":""yes"",""ticker"":""KXBTC15M-26APR281015-15"",""trade_id"":""547955ec-3117-4f00-e7a5-cf01ddc63f13"",""yes_price_dollars"":""0.4700""}"
KXBTC15M-26APR281015-15,42c7891b-84b1-46e1-ce4d-3bb12072cf00,1777384805,0.47,34.0,yes,"{""count_fp"":""34.00"",""created_time"":""2026-04-28T14:00:05.187621Z"",""no_price_dollars"":""0.5300"",""taker_side"":""yes"",""ticker"":""KXBTC15M-26APR281015-15"",""trade_id"":""42c7891b-84b1-46e1-ce4d-3bb12072cf00"",""yes_price_dollars"":""0.4700""}"
KXBTC15M-26APR281015-15,c00b3bd2-cce7-7976-e503-9b08fb06024f,1777384806,0.46,20.0,yes,"{""count_fp"":""20.00"",""created_time"":""2026-04-28T14:00:06.629824Z"",""no_price_dollars"":""0.5400"",""taker_side"":""yes"",""ticker"":""KXBTC15M-26APR281015-15"",""trade_id"":""c00b3bd2-cce7-7976-e503-9b08fb06024f"",""yes_price_dollars"":""0.4600""}"
KXBTC15M-26APR281015-15,b2b97936-61bd-4e44-0ad5-01e0aea1237c,1777384807,0.44,8.0,yes,"{""count_fp"":""8.00"",""created_time"":""2026-04-28T14:00:07.696223Z"",""no_price_dollars"":""0.5600"",""taker_side"":""yes"",""ticker"":""KXBTC15M-26APR281015-15"",""trade_id"":""b2b97936-61bd-4e44-0ad5-01e0aea1237c"",""yes_price_dollars"":""0.4400""}"
KXBTC15M-26APR281015-15,b1217603-f5f0-4c5c-3323-0005e63acfa2,1777384807,0.44,25.0,yes,"{""count_fp"":""25.00"",""created_time"":""2026-04-28T14:00:07.696223Z"",""no_price_dollars"":""0.5600"",""taker_side"":""yes"",""ticker"":""KXBTC15M-26APR281015-15"",""trade_id"":""b1217603-f5f0-4c5c-3323-0005e63acfa2"",""yes_price_dollars"":""0.4400""}"
KXBTC15M-26APR281015-15,12de53be-baac-46a0-af11-dd87c34b865c,1777384807,0.45,10.0,no,"{""count_fp"":""10.00"",""created_time"":""2026-04-28T14:00:07.316215Z"",""no_price_dollars"":""0.5500"",""taker_side"":""no"",""ticker"":""KXBTC15M-26APR281015-15"",""trade_id"":""12de53be-baac-46a0-af11-dd87c34b865c"",""yes_price_dollars"":""0.4500""}"
KXBTC15M-26APR281015-15,36730e78-cbeb-6dfe-27c6-0fd7f4a5c96c,1777384807,0.46,30.0,yes,"{""count_fp"":""30.00"",""created_time"":""2026-04-28T14:00:07.121851Z"",""no_price_dollars"":""0.5400"",""taker_side"":""yes"",""ticker"":""KXBTC15M-26APR281015-15"",""trade_id"":""36730e78-cbeb-6dfe-27c6-0fd7f4a5c96c"",""yes_price_dollars"":""0.4600""}"
KXBTC15M-26APR281015-15,ca03d05a-68bd-7841-7654-812d3b806b1d,1777384807,0.45,1.0,no,"{""count_fp"":""1.00"",""created_time"":""2026-04-28T14:00:07.093403Z"",""no_price_dollars"":""0.5500"",""taker_side"":""no"",""ticker"":""KXBTC15M-26APR281015-15"",""trade_id"":""ca03d05a-68bd-7841-7654-812d3b806b1d"",""yes_price_dollars"":""0.4500""}"
KXBTC15M-26APR281015-15,b70137d7-ede3-7a09-7c50-6f1b8f6edbfd,1777384807,0.43,1.0,no,"{""count_fp"":""1.00"",""created_time"":""2026-04-28T14:00:07.093403Z"",""no_price_dollars"":""0.5700"",""taker_side"":""no"",""ticker"":""KXBTC15M-26APR281015-15"",""trade_id"":""b70137d7-ede3-7a09-7c50-6f1b8f6edbfd"",""yes_price_dollars"":""0.4300""}"
KXBTC15M-26APR281015-15,7df4d7a0-066e-752d-4145-c727f8f7cc72,1777384807,0.45,1.0,no,"{""count_fp"":""1.00"",""created_time"":""2026-04-28T14:00:07.093403Z"",""no_price_dollars"":""0.5500"",""taker_side"":""no"",""ticker"":""KXBTC15M-26APR281015-15"",""trade_id"":""7df4d7a0-066e-752d-4145-c727f8f7cc72"",""yes_price_dollars"":""0.4500""}"
KXBTC15M-26APR281015-15,638cd762-e2b2-7528-4692-269a870666c4,1777384807,0.42,2.0,no,"{""count_fp"":""2.00"",""created_time"":""2026-04-28T14:00:07.093403Z"",""no_price_dollars"":""0.5800"",""taker_side"":""no"",""ticker"":""KXBTC15M-26APR281015-15"",""trade_id"":""638cd762-e2b2-7528-4692-269a870666c4"",""yes_price_dollars"":""0.4200""}"
KXBTC15M-26APR281015-15,532624a0-79a2-7f73-4841-853d9a5e1483,1777384807,0.41,17.0,no,"{""count_fp"":""17.00"",""created_time"":""2026-04-28T14:00:07.093403Z"",""no_price_dollars"":""0.5900"",""taker_side"":""no"",""ticker"":""KXBTC15M-26APR281015-15"",""trade_id"":""532624a0-79a2-7f73-4841-853d9a5e1483"",""yes_price_dollars"":""0.4100""}"
KXBTC15M-26APR281015-15,3235c701-1eb4-73a0-699c-783a1852543f,1777384807,0.42,1.0,no,"{""count_fp"":""1.00"",""created_time"":""2026-04-28T14:00:07.093403Z"",""no_price_dollars"":""0.5800"",""taker_side"":""no"",""ticker"":""KXBTC15M-26APR281015-15"",""trade_id"":""3235c701-1eb4-73a0-699c-783a1852543f"",""yes_price_dollars"":""0.4200""}"
KXBTC15M-26APR281015-15,2c3177b9-a86f-7424-74e3-5ba44dd4dc97,1777384807,0.44,1.0,no,"{""count_fp"":""1.00"",""created_time"":""2026-04-28T14:00:07.093403Z"",""no_price_dollars"":""0.5600"",""taker_side"":""no"",""ticker"":""KXBTC15M-26APR281015-15"",""trade_id"":""2c3177b9-a86f-7424-74e3-5ba44dd4dc97"",""yes_price_dollars"":""0.4400""}"
KXBTC15M-26APR281015-15,385a48b0-521e-6f97-b9e7-d2f877e5b210,1777384808,0.46,15.0,yes,"{""count_fp"":""15.00"",""created_time"":""2026-04-28T14:00:08.851214Z"",""no_price_dollars"":""0.5400"",""taker_side"":""yes"",""ticker"":""KXBTC15M-26APR281015-15"",""trade_id"":""385a48b0-521e-6f97-b9e7-d2f877e5b210"",""yes_price_dollars"":""0.4600""}"
KXBTC15M-26APR281015-15,36e19c19-0458-694e-adf0-c2b2b3bbca78,1777384808,0.45,5.0,yes,"{""count_fp"":""5.00"",""created_time"":""2026-04-28T14:00:08.851214Z"",""no_price_dollars"":""0.5500"",""taker_side"":""yes"",""ticker"":""KXBTC15M-26APR281015-15"",""trade_id"":""36e19c19-0458-694e-adf0-c2b2b3bbca78"",""yes_price_dollars"":""0.4500""}"
KXBTC15M-26APR281015-15,ffb49399-c145-7758-383b-ce02eda9f8fe,1777384808,0.44,5.0,yes,"{""count_fp"":""5.00"",""created_time"":""2026-04-28T14:00:08.042683Z"",""no_price_dollars"":""0.5600"",""taker_side"":""yes"",""ticker"":""KXBTC15M-26APR281015-15"",""trade_id"":""ffb49399-c145-7758-383b-ce02eda9f8fe"",""yes_price_dollars"":""0.4400""}"
KXBTC15M-26APR281015-15,cc4f5216-55f5-7166-3800-ba2673a25dd6,1777384808,0.44,183.44,yes,"{""count_fp"":""183.44"",""created_time"":""2026-04-28T14:00:08.042683Z"",""no_price_dollars"":""0.5600"",""taker_side"":""yes"",""ticker"":""KXBTC15M-26APR281015-15"",""trade_id"":""cc4f5216-55f5-7166-3800-ba2673a25dd6"",""yes_price_dollars"":""0.4400""}"
KXBTC15M-26APR281015-15,abc50904-4f5a-73e9-25d2-cb158bd73bda,1777384808,0.44,100.0,yes,"{""count_fp"":""100.00"",""created_time"":""2026-04-28T14:00:08.042683Z"",""no_price_dollars"":""0.5600"",""taker_side"":""yes"",""ticker"":""KXBTC15M-26APR281015-15"",""trade_id"":""abc50904-4f5a-73e9-25d2-cb158bd73bda"",""yes_price_dollars"":""0.4400""}"
KXBTC15M-26APR281015-15,3f5d23ff-6a1d-7ecb-0db7-1d0c216061af,1777384808,0.44,20.0,yes,"{""count_fp"":""20.00"",""created_time"":""2026-04-28T14:00:08.042683Z"",""no_price_dollars"":""0.5600"",""taker_side"":""yes"",""ticker"":""KXBTC15M-26APR281015-15"",""trade_id"":""3f5d23ff-6a1d-7ecb-0db7-1d0c216061af"",""yes_price_dollars"":""0.4400""}"
KXBTC15M-26APR281015-15,371493d3-28f5-7ff8-1504-784cca3cf2a4,1777384808,0.44,5.76,yes,"{""count_fp"":""5.76"",""created_time"":""2026-04-28T14:00:08.042683Z"",""no_price_dollars"":""0.5600"",""taker_side"":""yes"",""ticker"":""KXBTC15M-26APR281015-15"",""trade_id"":""371493d3-28f5-7ff8-1504-784cca3cf2a4"",""yes_price_dollars"":""0.4400""}"
KXBTC15M-26APR281015-15,a3c0a1b3-bd74-5f04-32d0-4110032dcd67,1777384809,0.46,25.0,yes,"{""count_fp"":""25.00"",""created_time"":""2026-04-28T14:00:09.566649Z"",""no_price_dollars"":""0.5400"",""taker_side"":""yes"",""ticker"":""KXBTC15M-26APR281015-15"",""trade_id"":""a3c0a1b3-bd74-5f04-32d0-4110032dcd67"",""yes_price_dollars"":""0.4600""}"
KXBTC15M-26APR281015-15,87b8c764-bcfa-5d47-2a19-cb77a52ba597,1777384809,0.46,5.0,yes,"{""count_fp"":""5.00"",""created_time"":""2026-04-28T14:00:09.566649Z"",""no_price_dollars"":""0.5400"",""taker_side"":""yes"",""ticker"":""KXBTC15M-26APR281015-15"",""trade_id"":""87b8c764-bcfa-5d47-2a19-cb77a52ba597"",""yes_price_dollars"":""0.4600""}"
KXBTC15M-26APR281015-15,70c807f5-a7b8-6030-3322-4e6366f59cd4,1777384810,0.42,17.82,no,"{""count_fp"":""17.82"",""created_time"":""2026-04-28T14:00:10.596258Z"",""no_price_dollars"":""0.5800"",""taker_side"":""no"",""ticker"":""KXBTC15M-26APR281015-15"",""trade_id"":""70c807f5-a7b8-6030-3322-4e6366f59cd4"",""yes_price_dollars"":""0.4200""}"
KXBTC15M-26APR281015-15,58847194-d928-6d61-1ad8-275ee0b6a62a,1777384810,0.43,3.0,no,"{""count_fp"":""3.00"",""created_time"":""2026-04-28T14:00:10.596258Z"",""no_price_dollars"":""0.5700"",""taker_side"":""no"",""ticker"":""KXBTC15M-26APR281015-15"",""trade_id"":""58847194-d928-6d61-1ad8-275ee0b6a62a"",""yes_price_dollars"":""0.4300""}"
KXBTC15M-26APR281015-15,0596e745-42c1-6a0e-3117-aa47cbf14930,1777384810,0.43,12.55,no,"{""count_fp"":""12.55"",""created_time"":""2026-04-28T14:00:10.596258Z"",""no_price_dollars"":""0.5700"",""taker_side"":""no"",""ticker"":""KXBTC15M-26APR281015-15"",""trade_id"":""0596e745-42c1-6a0e-3117-aa47cbf14930"",""yes_price_dollars"":""0.4300""}"
KXBTC15M-26APR281015-15,f3322033-916f-7560-5275-497aa4809b79,1777384810,0.43,3.0,no,"{""count_fp"":""3.00"",""created_time"":""2026-04-28T14:00:10.265376Z"",""no_price_dollars"":""0.5700"",""taker_side"":""no"",""ticker"":""KXBTC15M-26APR281015-15"",""trade_id"":""f3322033-916f-7560-5275-497aa4809b79"",""yes_price_dollars"":""0.4300""}"
KXBTC15M-26APR281015-15,ef0955b5-32fb-722e-d66a-1b44e785aa4c,1777384810,0.43,10.0,no,"{""count_fp"":""10.00"",""created_time"":""2026-04-28T14:00:10.121667Z"",""no_price_dollars"":""0.5700"",""taker_side"":""no"",""ticker"":""KXBTC15M-26APR281015-15"",""trade_id"":""ef0955b5-32fb-722e-d66a-1b44e785aa4c"",""yes_price_dollars"":""0.4300""}"
KXBTC15M-26APR281015-15,00d561ae-3832-7935-e136-8d62e69a6a3c,1777384810,0.43,7.01,no,"{""count_fp"":""7.01"",""created_time"":""2026-04-28T14:00:10.121667Z"",""no_price_dollars"":""0.5700"",""taker_side"":""no"",""ticker"":""KXBTC15M-26APR281015-15"",""trade_id"":""00d561ae-3832-7935-e136-8d62e69a6a3c"",""yes_price_dollars"":""0.4300""}"
KXBTC15M-26APR281015-15,d9f31aea-4525-6a0d-6c8f-229ad1ee5023,1777384811,0.45,1.0,yes,"{""count_fp"":""1.00"",""created_time"":""2026-04-28T14:00:11.887036Z"",""no_price_dollars"":""0.5500"",""taker_side"":""yes"",""ticker"":""KXBTC15M-26APR281015-15"",""trade_id"":""d9f31aea-4525-6a0d-6c8f-229ad1ee5023"",""yes_price_dollars"":""0.4500""}"
KXBTC15M-26APR281015-15,8183c861-0717-530e-983e-7783cba930bc,1777384811,0.43,0.17,no,"{""count_fp"":""0.17"",""created_time"":""2026-04-28T14:00:11.536283Z"",""no_price_dollars"":""0.5700"",""taker_side"":""no"",""ticker"":""KXBTC15M-26APR281015-15"",""trade_id"":""8183c861-0717-530e-983e-7783cba930bc"",""yes_price_dollars"":""0.4300""}"
KXBTC15M-26APR281015-15,e4d69eca-5dd8-47b8-95ee-2ee3dae218b0,1777384811,0.43,39.57,no,"{""count_fp"":""39.57"",""created_time"":""2026-04-28T14:00:11.500125Z"",""no_price_dollars"":""0.5700"",""taker_side"":""no"",""ticker"":""KXBTC15M-26APR281015-15"",""trade_id"":""e4d69eca-5dd8-47b8-95ee-2ee3dae218b0"",""yes_price_dollars"":""0.4300""}"
KXBTC15M-26APR281015-15,1ff210d9-67e9-408d-bb55-46449c8eef8f,1777384811,0.43,3.0,no,"{""count_fp"":""3.00"",""created_time"":""2026-04-28T14:00:11.500125Z"",""no_price_dollars"":""0.5700"",""taker_side"":""no"",""ticker"":""KXBTC15M-26APR281015-15"",""trade_id"":""1ff210d9-67e9-408d-bb55-46449c8eef8f"",""yes_price_dollars"":""0.4300""}"
KXBTC15M-26APR281015-15,a47f8078-b5de-5fad-e7b1-ba89b32508ca,1777384811,0.45,3.0,yes,"{""count_fp"":""3.00"",""created_time"":""2026-04-28T14:00:11.423058Z"",""no_price_dollars"":""0.5500"",""taker_side"":""yes"",""ticker"":""KXBTC15M-26APR281015-15"",""trade_id"":""a47f8078-b5de-5fad-e7b1-ba89b32508ca"",""yes_price_dollars"":""0.4500""}"
KXBTC15M-26APR281015-15,4ce46685-84c5-54e5-e278-4eaffbba71e7,1777384811,0.45,42.35,yes,"{""count_fp"":""42.35"",""created_time"":""2026-04-28T14:00:11.423058Z"",""no_price_dollars"":""0.5500"",""taker_side"":""yes"",""ticker"":""KXBTC15M-26APR281015-15"",""trade_id"":""4ce46685-84c5-54e5-e278-4eaffbba71e7"",""yes_price_dollars"":""0.4500""}"
KXBTC15M-26APR281015-15,4172c665-8ccc-5036-c02e-35496a06a648,1777384811,0.44,5.0,yes,"{""count_fp"":""5.00"",""created_time"":""2026-04-28T14:00:11.423058Z"",""no_price_dollars"":""0.5600"",""taker_side"":""yes"",""ticker"":""KXBTC15M-26APR281015-15"",""trade_id"":""4172c665-8ccc-5036-c02e-35496a06a648"",""yes_price_dollars"":""0.4400""}"
KXBTC15M-26APR281015-15,13adf3ac-9e2f-5ed9-e1de-2fc6615aac9a,1777384811,0.44,2.01,yes,"{""count_fp"":""2.01"",""created_time"":""2026-04-28T14:00:11.423058Z"",""no_price_dollars"":""0.5600"",""taker_side"":""yes"",""ticker"":""KXBTC15M-26APR281015-15"",""trade_id"":""13adf3ac-9e2f-5ed9-e1de-2fc6615aac9a"",""yes_price_dollars"":""0.4400""}"
KXBTC15M-26APR281015-15,6db1fdda-5ccf-4765-e8d2-8bbc3c8013c2,1777384811,0.44,5.0,yes,"{""count_fp"":""5.00"",""created_time"":""2026-04-28T14:00:11.174052Z"",""no_price_dollars"":""0.5600"",""taker_side"":""yes"",""ticker"":""KXBTC15M-26APR281015-15"",""trade_id"":""6db1fdda-5ccf-4765-e8d2-8bbc3c8013c2"",""yes_price_dollars"":""0.4400""}"
KXBTC15M-26APR281015-15,2a81352f-5320-4ac3-f8e0-b3f770e14294,1777384811,0.44,15.0,yes,"{""count_fp"":""15.00"",""created_time"":""2026-04-28T14:00:11.174052Z"",""no_price_dollars"":""0.5600"",""taker_side"":""yes"",""ticker"":""KXBTC15M-26APR281015-15"",""trade_id"":""2a81352f-5320-4ac3-f8e0-b3f770e14294"",""yes_price_dollars"":""0.4400""}"
KXBTC15M-26APR281015-15,f9066fb7-5cb3-564b-a1c8-f61b5ffcea40,1777384812,0.43,1.0,yes,"{""count_fp"":""1.00"",""created_time"":""2026-04-28T14:00:12.932683Z"",""no_price_dollars"":""0.5700"",""taker_side"":""yes"",""ticker"":""KXBTC15M-26APR281015-15"",""trade_id"":""f9066fb7-5cb3-564b-a1c8-f61b5ffcea40"",""yes_price_dollars"":""0.4300""}"
KXBTC15M-26APR281015-15,013c7d06-290b-5a15-9994-4143c22b5e55,1777384812,0.45,51.75,yes,"{""count_fp"":""51.75"",""created_time"":""2026-04-28T14:00:12.932683Z"",""no_price_dollars"":""0.5500"",""taker_side"":""yes"",""ticker"":""KXBTC15M-26APR281015-15"",""trade_id"":""013c7d06-290b-5a15-9994-4143c22b5e55"",""yes_price_dollars"":""0.4500""}"
KXBTC15M-26APR281015-15,7c28b5f0-f780-6adf-59fa-67606302429d,1777384812,0.42,10.0,no,"{""count_fp"":""10.00"",""created_time"":""2026-04-28T14:00:12.870515Z"",""no_price_dollars"":""0.5800"",""taker_side"":""no"",""ticker"":""KXBTC15M-26APR281015-15"",""trade_id"":""7c28b5f0-f780-6adf-59fa-67606302429d"",""yes_price_dollars"":""0.4200""}"
KXBTC15M-26APR281015-15,6d271ed4-5ab3-6362-7cbc-d18fdc633e30,1777384812,0.43,12.38,no,"{""count_fp"":""12.38"",""created_time"":""2026-04-28T14:00:12.870515Z"",""no_price_dollars"":""0.5700"",""taker_side"":""no"",""ticker"":""KXBTC15M-26APR281015-15"",""trade_id"":""6d271ed4-5ab3-6362-7cbc-d18fdc633e30"",""yes_price_dollars"":""0.4300""}"
KXBTC15M-26APR281015-15,4aa958f8-7cb7-64ce-77cb-85511000547c,1777384812,0.43,3.0,no,"{""count_fp"":""3.00"",""created_time"":""2026-04-28T14:00:12.870515Z"",""no_price_dollars"":""0.5700"",""taker_side"":""no"",""ticker"":""KXBTC15M-26APR281015-15"",""trade_id"":""4aa958f8-7cb7-64ce-77cb-85511000547c"",""yes_price_dollars"":""0.4300""}"
KXBTC15M-26APR281015-15,3be52cde-f25f-6833-4229-cc978f954eb3,1777384812,0.42,44.83,no,"{""count_fp"":""44.83"",""created_time"":""2026-04-28T14:00:12.870515Z"",""no_price_dollars"":""0.5800"",""taker_side"":""no"",""ticker"":""KXBTC15M-26APR281015-15"",""trade_id"":""3be52cde-f25f-6833-4229-cc978f954eb3"",""yes_price_dollars"":""0.4200""}"
KXBTC15M-26APR281015-15,20d4ec94-ab36-61bf-7aa1-d7ff38eb82f1,1777384812,0.43,14.0,no,"{""count_fp"":""14.00"",""created_time"":""2026-04-28T14:00:12.870515Z"",""no_price_dollars"":""0.5700"",""taker_side"":""no"",""ticker"":""KXBTC15M-26APR281015-15"",""trade_id"":""20d4ec94-ab36-61bf-7aa1-d7ff38eb82f1"",""yes_price_dollars"":""0.4300""}"
KXBTC15M-26APR281015-15,6aee9b90-ce87-7171-74d0-bef1f3b2c0f9,1777384812,0.45,2.13,yes,"{""count_fp"":""2.13"",""created_time"":""2026-04-28T14:00:12.033423Z"",""no_price_dollars"":""0.5500"",""taker_side"":""yes"",""ticker"":""KXBTC15M-26APR281015-15"",""trade_id"":""6aee9b90-ce87-7171-74d0-bef1f3b2c0f9"",""yes_price_dollars"":""0.4500""}"
KXBTC15M-26APR281015-15,b1cb37a5-6ad1-6d25-f2c8-3d51a8d17767,1777384812,0.45,12.65,yes,"{""count_fp"":""12.65"",""created_time"":""2026-04-28T14:00:12.028223Z"",""no_price_dollars"":""0.5500"",""taker_side"":""yes"",""ticker"":""KXBTC15M-26APR281015-15"",""trade_id"":""b1cb37a5-6ad1-6d25-f2c8-3d51a8d17767"",""yes_price_dollars"":""0.4500""}"
KXBTC15M-26APR281015-15,962c2233-f81b-6ead-d9af-1d85852aa079,1777384812,0.45,6.2,yes,"{""count_fp"":""6.20"",""created_time"":""2026-04-28T14:00:12.028223Z"",""no_price_dollars"":""0.5500"",""taker_side"":""yes"",""ticker"":""KXBTC15M-26APR281015-15"",""trade_id"":""962c2233-f81b-6ead-d9af-1d85852aa079"",""yes_price_dollars"":""0.4500""}"
KXBTC15M-26APR281015-15,ac70bdd8-01aa-514f-9930-28859f24a76a,1777384813,0.45,3.0,yes,"{""count_fp"":""3.00"",""created_time"":""2026-04-28T14:00:13.372318Z"",""no_price_dollars"":""0.5500"",""taker_side"":""yes"",""ticker"":""KXBTC15M-26APR281015-15"",""trade_id"":""ac70bdd8-01aa-514f-9930-28859f24a76a"",""yes_price_dollars"":""0.4500""}"
KXBTC15M-26APR281015-15,0745e472-924f-5510-b830-fe41671d5534,1777384813,0.46,11.55,yes,"{""count_fp"":""11.55"",""created_time"":""2026-04-28T14:00:13.372318Z"",""no_price_dollars"":""0.5400"",""taker_side"":""yes"",""ticker"":""KXBTC15M-26APR281015-15"",""trade_id"":""0745e472-924f-5510-b830-fe41671d5534"",""yes_price_dollars"":""0.4600""}"
KXBTC15M-26APR281015-15,0c45fe54-fdf9-413f-f0a6-90694b648aae,1777384814,0.43,5.1,no,"{""count_fp"":""5.10"",""created_time"":""2026-04-28T14:00:14.989844Z"",""no_price_dollars"":""0.5700"",""taker_side"":""no"",""ticker"":""KXBTC15M-26APR281015-15"",""trade_id"":""0c45fe54-fdf9-413f-f0a6-90694b648aae"",""yes_price_dollars"":""0.4300""}"
KXBTC15M-26APR281015-15,a528e7d1-93fd-66b3-6339-0ee32e98733e,1777384814,0.43,30.43,no,"{""count_fp"":""30.43"",""created_time"":""2026-04-28T14:00:14.745333Z"",""no_price_dollars"":""0.5700"",""taker_side"":""no"",""ticker"":""KXBTC15M-26APR281015-15"",""trade_id"":""a528e7d1-93fd-66b3-6339-0ee32e98733e"",""yes_price_dollars"":""0.4300""}"
KXBTC15M-26APR281015-15,3a72f779-0b69-613a-5b1c-3dd6840ab8b7,1777384814,0.43,12.55,no,"{""count_fp"":""12.55"",""created_time"":""2026-04-28T14:00:14.745333Z"",""no_price_dollars"":""0.5700"",""taker_side"":""no"",""ticker"":""KXBTC15M-26APR281015-15"",""trade_id"":""3a72f779-0b69-613a-5b1c-3dd6840ab8b7"",""yes_price_dollars"":""0.4300""}"
KXBTC15M-26APR281015-15,14611d23-cbb7-61bb-42ab-7450acb51d30,1777384814,0.43,3.0,no,"{""count_fp"":""3.00"",""created_time"":""2026-04-28T14:00:14.745333Z"",""no_price_dollars"":""0.5700"",""taker_side"":""no"",""ticker"":""KXBTC15M-26APR281015-15"",""trade_id"":""14611d23-cbb7-61bb-42ab-7450acb51d30"",""yes_price_dollars"":""0.4300""}"
KXBTC15M-26APR281015-15,dabb8da2-5651-6e81-04e0-e491cc4cd30e,1777384815,0.44,20.0,yes,"{""count_fp"":""20.00"",""created_time"":""2026-04-28T14:00:15.903494Z"",""no_price_dollars"":""0.5600"",""taker_side"":""yes"",""ticker"":""KXBTC15M-26APR281015-15"",""trade_id"":""dabb8da2-5651-6e81-04e0-e491cc4cd30e"",""yes_price_dollars"":""0.4400""}"
KXBTC15M-26APR281015-15,6bb885d1-0141-4d4d-e6c2-1a365f350772,1777384815,0.44,10.69,yes,"{""count_fp"":""10.69"",""created_time"":""2026-04-28T14:00:15.795082Z"",""no_price_dollars"":""0.5600"",""taker_side"":""yes"",""ticker"":""KXBTC15M-26APR281015-15"",""trade_id"":""6bb885d1-0141-4d4d-e6c2-1a365f350772"",""yes_price_dollars"":""0.4400""}"
KXBTC15M-26APR281015-15,a794cd34-9839-5b75-0d8d-2f84215279e6,1777384815,0.44,1.06,yes,"{""count_fp"":""1.06"",""created_time"":""2026-04-28T14:00:15.276371Z"",""no_price_dollars"":""0.5600"",""taker_side"":""yes"",""ticker"":""KXBTC15M-26APR281015-15"",""trade_id"":""a794cd34-9839-5b75-0d8d-2f84215279e6"",""yes_price_dollars"":""0.4400""}"
KXBTC15M-26APR281015-15,7b34716d-ee7d-5bad-8550-a442fca4f46e,1777384816,0.44,10.93,yes,"{""count_fp"":""10.93"",""created_time"":""2026-04-28T14:00:16.393004Z"",""no_price_dollars"":""0.5600"",""taker_side"":""yes"",""ticker"":""KXBTC15M-26APR281015-15"",""trade_id"":""7b34716d-ee7d-5bad-8550-a442fca4f46e"",""yes_price_dollars"":""0.4400""}"
KXBTC15M-26APR281015-15,5cf08070-08f1-6e6d-83a9-3b24d05d5ebe,1777384816,0.44,50.0,yes,"{""count_fp"":""50.00"",""created_time"":""2026-04-28T14:00:16.230232Z"",""no_price_dollars"":""0.5600"",""taker_side"":""yes"",""ticker"":""KXBTC15M-26APR281015-15"",""trade_id"":""5cf08070-08f1-6e6d-83a9-3b24d05d5ebe"",""yes_price_dollars"":""0.4400""}"
KXBTC15M-26APR281015-15,1ab3c2b1-9071-4d35-0136-fdaaf964529e,1777384816,0.44,54.67,yes,"{""count_fp"":""54.67"",""created_time"":""2026-04-28T14:00:16.014423Z"",""no_price_dollars"":""0.5600"",""taker_side"":""yes"",""ticker"":""KXBTC15M-26APR281015-15"",""trade_id"":""1ab3c2b1-9071-4d35-0136-fdaaf964529e"",""yes_price_dollars"":""0.4400""}"
KXBTC15M-26APR281015-15,6cb2b916-40b4-61d9-704b-8dcb8b378c28,1777384817,0.42,3.29,no,"{""count_fp"":""3.29"",""created_time"":""2026-04-28T14:00:17.028243Z"",""no_price_dollars"":""0.5800"",""taker_side"":""no"",""ticker"":""KXBTC15M-26APR281015-15"",""trade_id"":""6cb2b916-40b4-61d9-704b-8dcb8b378c28"",""yes_price_dollars"":""0.4200""}"
KXBTC15M-26APR281015-15,3bf54111-cf71-43ba-f2ac-5313c05e6eb4,1777384818,0.43,44.72,yes,"{""count_fp"":""44.72"",""created_time"":""2026-04-28T14:00:18.684164Z"",""no_price_dollars"":""0.5700"",""taker_side"":""yes"",""ticker"":""KXBTC15M-26APR281015-15"",""trade_id"":""3bf54111-cf71-43ba-f2ac-5313c05e6eb4"",""yes_price_dollars"":""0.4300""}"
KXBTC15M-26APR281015-15,a2a35615-e707-4f8f-9010-04b2c2a7923f,1777384818,0.42,128.96,no,"{""count_fp"":""128.96"",""created_time"":""2026-04-28T14:00:18.665982Z"",""no_price_dollars"":""0.5800"",""taker_side"":""no"",""ticker"":""KXBTC15M-26APR281015-15"",""trade_id"":""a2a35615-e707-4f8f-9010-04b2c2a7923f"",""yes_price_dollars"":""0.4200""}"
KXBTC15M-26APR281015-15,9e7a4bc5-9781-587a-d5d7-c3b8376fbb54,1777384818,0.43,164.47,yes,"{""count_fp"":""164.47"",""created_time"":""2026-04-28T14:00:18.569706Z"",""no_price_dollars"":""0.5700"",""taker_side"":""yes"",""ticker"":""KXBTC15M-26APR281015-15"",""trade_id"":""9e7a4bc5-9781-587a-d5d7-c3b8376fbb54"",""yes_price_dollars"":""0.4300""}"
KXBTC15M-26APR281015-15,4b3291a9-d37c-56b5-ceb7-69a648a79dab,1777384818,0.43,35.53,yes,"{""count_fp"":""35.53"",""created_time"":""2026-04-28T14:00:18.569706Z"",""no_price_dollars"":""0.5700"",""taker_side"":""yes"",""ticker"":""KXBTC15M-26APR281015-15"",""trade_id"":""4b3291a9-d37c-56b5-ceb7-69a648a79dab"",""yes_price_dollars"":""0.4300""}"
KXBTC15M-26APR281015-15,c1aefbb8-9743-648f-3580-d5b25aa39d03,1777384818,0.42,418.72,no,"{""count_fp"":""418.72"",""created_time"":""2026-04-28T14:00:18.520628Z"",""no_price_dollars"":""0.5800"",""taker_side"":""no"",""ticker"":""KXBTC15M-26APR281015-15"",""trade_id"":""c1aefbb8-9743-648f-3580-d5b25aa39d03"",""yes_price_dollars"":""0.4200""}"
KXBTC15M-26APR281015-15,df2a9fa0-e27c-4e38-bcc3-63199434efd0,1777384818,0.43,93.93,no,"{""count_fp"":""93.93"",""created_time"":""2026-04-28T14:00:18.405079Z"",""no_price_dollars"":""0.5700"",""taker_side"":""no"",""ticker"":""KXBTC15M-26APR281015-15"",""trade_id"":""df2a9fa0-e27c-4e38-bcc3-63199434efd0"",""yes_price_dollars"":""0.4300""}"
KXBTC15M-26APR281015-15,8576c6f6-5006-4df3-b291-2e57eb50a1f5,1777384818,0.43,25.0,no,"{""count_fp"":""25.00"",""created_time"":""2026-04-28T14:00:18.405079Z"",""no_price_dollars"":""0.5700"",""taker_side"":""no"",""ticker"":""KXBTC15M-26APR281015-15"",""trade_id"":""8576c6f6-5006-4df3-b291-2e57eb50a1f5"",""yes_price_dollars"":""0.4300""}"
KXBTC15M-26APR281015-15,450168b7-5ae9-4994-916c-d53245da83a6,1777384818,0.43,12.55,no,"{""count_fp"":""12.55"",""created_time"":""2026-04-28T14:00:18.405079Z"",""no_price_dollars"":""0.5700"",""taker_side"":""no"",""ticker"":""KXBTC15M-26APR281015-15"",""trade_id"":""450168b7-5ae9-4994-916c-d53245da83a6"",""yes_price_dollars"":""0.4300""}"
KXBTC15M-26APR281015-15,267d4971-4ba6-468c-b047-99c181740f79,1777384818,0.43,36.0,no,"{""count_fp"":""36.00"",""created_time"":""2026-04-28T14:00:18.405079Z"",""no_price_dollars"":""0.5700"",""taker_side"":""no"",""ticker"":""KXBTC15M-26APR281015-15"",""trade_id"":""267d4971-4ba6-468c-b047-99c181740f79"",""yes_price_dollars"":""0.4300""}"
KXBTC15M-26APR281015-15,48668a77-142e-47bc-6f3c-e82959289725,1777384818,0.43,20.0,no,"{""count_fp"":""20.00"",""created_time"":""2026-04-28T14:00:18.255698Z"",""no_price_dollars"":""0.5700"",""taker_side"":""no"",""ticker"":""KXBTC15M-26APR281015-15"",""trade_id"":""48668a77-142e-47bc-6f3c-e82959289725"",""yes_price_dollars"":""0.4300""}"
KXBTC15M-26APR281015-15,017981cc-2196-73af-5330-61e4d1041ee4,1777384819,0.42,83.74,no,"{""count_fp"":""83.74"",""created_time"":""2026-04-28T14:00:19.635297Z"",""no_price_dollars"":""0.5800"",""taker_side"":""no"",""ticker"":""KXBTC15M-26APR281015-15"",""trade_id"":""017981cc-2196-73af-5330-61e4d1041ee4"",""yes_price_dollars"":""0.4200""}"
KXBTC15M-26APR281015-15,4aa9dfce-269a-47a7-f2f7-3952355763a0,1777384819,0.42,33.37,no,"{""count_fp"":""33.37"",""created_time"":""2026-04-28T14:00:19.492165Z"",""no_price_dollars"":""0.5800"",""taker_side"":""no"",""ticker"":""KXBTC15M-26APR281015-15"",""trade_id"":""4aa9dfce-269a-47a7-f2f7-3952355763a0"",""yes_price_dollars"":""0.4200""}"
KXBTC15M-26APR281015-15,f9f906e7-7879-426b-0497-fd3854978b7b,1777384819,0.42,30.0,no,"{""count_fp"":""30.00"",""created_time"":""2026-04-28T14:00:19.446353Z"",""no_price_dollars"":""0.5800"",""taker_side"":""no"",""ticker"":""KXBTC15M-26APR281015-15"",""trade_id"":""f9f906e7-7879-426b-0497-fd3854978b7b"",""yes_price_dollars"":""0.4200""}"
KXBTC15M-26APR281015-15,60069107-1feb-404b-37d1-5ca2f5d16eb3,1777384819,0.42,5.4,no,"{""count_fp"":""5.40"",""created_time"":""2026-04-28T14:00:19.446353Z"",""no_price_dollars"":""0.5800"",""taker_side"":""no"",""ticker"":""KXBTC15M-26APR281015-15"",""trade_id"":""60069107-1feb-404b-37d1-5ca2f5d16eb3"",""yes_price_dollars"":""0.4200""}"
KXBTC15M-26APR281015-15,5ade12ce-980d-47a4-3ef5-6aa245f6dc0f,1777384819,0.42,3.0,no,"{""count_fp"":""3.00"",""created_time"":""2026-04-28T14:00:19.446353Z"",""no_price_dollars"":""0.5800"",""taker_side"":""no"",""ticker"":""KXBTC15M-26APR281015-15"",""trade_id"":""5ade12ce-980d-47a4-3ef5-6aa245f6dc0f"",""yes_price_dollars"":""0.4200""}"
KXBTC15M-26APR281015-15,34290cc1-9dce-4657-12da-67899cefa1f4,1777384819,0.42,129.08,no,"{""count_fp"":""129.08"",""created_time"":""2026-04-28T14:00:19.446353Z"",""no_price_dollars"":""0.5800"",""taker_side"":""no"",""ticker"":""KXBTC15M-26APR281015-15"",""trade_id"":""34290cc1-9dce-4657-12da-67899cefa1f4"",""yes_price_dollars"":""0.4200""}"
KXBTC15M-26APR281015-15,0132e862-562f-58d3-5492-6524b7610b8f,1777384819,0.42,3.34,no,"{""count_fp"":""3.34"",""created_time"":""2026-04-28T14:00:19.081362Z"",""no_price_dollars"":""0.5800"",""taker_side"":""no"",""ticker"":""KXBTC15M-26APR281015-15"",""trade_id"":""0132e862-562f-58d3-5492-6524b7610b8f"",""yes_price_dollars"":""0.4200""}"
KXBTC15M-26APR281015-15,7561478f-b3ef-63b3-8c9c-2c8e23af09cf,1777384819,0.42,525.33,no,"{""count_fp"":""525.33"",""created_time"":""2026-04-28T14:00:19.024631Z"",""no_price_dollars"":""0.5800"",""taker_side"":""no"",""ticker"":""KXBTC15M-26APR281015-15"",""trade_id"":""7561478f-b3ef-63b3-8c9c-2c8e23af09cf"",""yes_price_dollars"":""0.4200""}"
KXBTC15M-26APR281015-15,ff7bbbdf-2649-7b0b-ef7d-b72569f85fc4,1777384820,0.42,4.0,yes,"{""count_fp"":""4.00"",""created_time"":""2026-04-28T14:00:20.934669Z"",""no_price_dollars"":""0.5800"",""taker_side"":""yes"",""ticker"":""KXBTC15M-26APR281015-15"",""trade_id"":""ff7bbbdf-2649-7b0b-ef7d-b72569f85fc4"",""yes_price_dollars"":""0.4200""}"
KXBTC15M-26APR281015-15,915eecbf-6ca1-74ba-eb50-fd25ea0ecd24,1777384820,0.43,95.06,yes,"{""count_fp"":""95.06"",""created_time"":""2026-04-28T14:00:20.821112Z"",""no_price_dollars"":""0.5700"",""taker_side"":""yes"",""ticker"":""KXBTC15M-26APR281015-15"",""trade_id"":""915eecbf-6ca1-74ba-eb50-fd25ea0ecd24"",""yes_price_dollars"":""0.4300""}"
KXBTC15M-26APR281015-15,4233b58b-8d35-75c5-db7f-000ab6ffdab5,1777384820,0.42,40.0,yes,"{""count_fp"":""40.00"",""created_time"":""2026-04-28T14:00:20.821112Z"",""no_price_dollars"":""0.5800"",""taker_side"":""yes"",""ticker"":""KXBTC15M-26APR281015-15"",""trade_id"":""4233b58b-8d35-75c5-db7f-000ab6ffdab5"",""yes_price_dollars"":""0.4200""}"
KXBTC15M-26APR281015-15,0fef510e-12da-6be7-62c0-92cddcbfb32b,1777384820,0.41,9.18,no,"{""count_fp"":""9.18"",""created_time"":""2026-04-28T14:00:20.204089Z"",""no_price_dollars"":""0.5900"",""taker_side"":""no"",""ticker"":""KXBTC15M-26APR281015-15"",""trade_id"":""0fef510e-12da-6be7-62c0-92cddcbfb32b"",""yes_price_dollars"":""0.4100""}"
KXBTC15M-26APR281015-15,6340acd5-5b4a-6897-8948-8378734346f7,1777384821,0.41,11.25,no,"{""count_fp"":""11.25"",""created_time"":""2026-04-28T14:00:21.613068Z"",""no_price_dollars"":""0.5900"",""taker_side"":""no"",""ticker"":""KXBTC15M-26APR281015-15"",""trade_id"":""6340acd5-5b4a-6897-8948-8378734346f7"",""yes_price_dollars"":""0.4100""}"
KXBTC15M-26APR281015-15,3eaaf209-597b-7093-eab1-f4a03fc45e15,1777384821,0.42,11.44,yes,"{""count_fp"":""11.44"",""created_time"":""2026-04-28T14:00:21.572379Z"",""no_price_dollars"":""0.5800"",""taker_side"":""yes"",""ticker"":""KXBTC15M-26APR281015-15"",""trade_id"":""3eaaf209-597b-7093-eab1-f4a03fc45e15"",""yes_price_dollars"":""0.4200""}"
KXBTC15M-26APR281015-15,4e7a0b5e-0fee-6afb-27cd-ce29df64359f,1777384821,0.41,9.66,no,"{""count_fp"":""9.66"",""created_time"":""2026-04-28T14:00:21.379568Z"",""no_price_dollars"":""0.5900"",""taker_side"":""no"",""ticker"":""KXBTC15M-26APR281015-15"",""trade_id"":""4e7a0b5e-0fee-6afb-27cd-ce29df64359f"",""yes_price_dollars"":""0.4100""}"
KXBTC15M-26APR281015-15,df6f905c-5605-6983-4635-1cec892f2f1c,1777384821,0.42,11.0,yes,"{""count_fp"":""11.00"",""created_time"":""2026-04-28T14:00:21.303999Z"",""no_price_dollars"":""0.5800"",""taker_side"":""yes"",""ticker"":""KXBTC15M-26APR281015-15"",""trade_id"":""df6f905c-5605-6983-4635-1cec892f2f1c"",""yes_price_dollars"":""0.4200""}"
KXBTC15M-26APR281015-15,90d77a30-ed6d-6d82-5822-d32988bb8f14,1777384821,0.43,4.65,yes,"{""count_fp"":""4.65"",""created_time"":""2026-04-28T14:00:21.303999Z"",""no_price_dollars"":""0.5700"",""taker_side"":""yes"",""ticker"":""KXBTC15M-26APR281015-15"",""trade_id"":""90d77a30-ed6d-6d82-5822-d32988bb8f14"",""yes_price_dollars"":""0.4300""}"
KXBTC15M-26APR281015-15,1d72353c-1911-6113-104e-ab03ebc7d0f8,1777384821,0.42,25.0,yes,"{""count_fp"":""25.00"",""created_time"":""2026-04-28T14:00:21.147776Z"",""no_price_dollars"":""0.5800"",""taker_side"":""yes"",""ticker"":""KXBTC15M-26APR281015-15"",""trade_id"":""1d72353c-1911-6113-104e-ab03ebc7d0f8"",""yes_price_dollars"":""0.4200""}"
KXBTC15M-26APR281015-15,b90b928a-594f-4770-babe-00c00de6b04d,1777384822,0.41,1.62,no,"{""count_fp"":""1.62"",""created_time"":""2026-04-28T14:00:22.866133Z"",""no_price_dollars"":""0.5900"",""taker_side"":""no"",""ticker"":""KXBTC15M-26APR281015-15"",""trade_id"":""b90b928a-594f-4770-babe-00c00de6b04d"",""yes_price_dollars"":""0.4100""}"
KXBTC15M-26APR281015-15,58d94ab3-b11a-47be-8a57-ed1ac203afb7,1777384822,0.41,5.0,no,"{""count_fp"":""5.00"",""created_time"":""2026-04-28T14:00:22.866133Z"",""no_price_dollars"":""0.5900"",""taker_side"":""no"",""ticker"":""KXBTC15M-26APR281015-15"",""trade_id"":""58d94ab3-b11a-47be-8a57-ed1ac203afb7"",""yes_price_dollars"":""0.4100""}"
KXBTC15M-26APR281015-15,409d126b-fb28-49fc-ac2f-d8118dcd03e2,1777384822,0.41,25.0,no,"{""count_fp"":""25.00"",""created_time"":""2026-04-28T14:00:22.866133Z"",""no_price_dollars"":""0.5900"",""taker_side"":""no"",""ticker"":""KXBTC15M-26APR281015-15"",""trade_id"":""409d126b-fb28-49fc-ac2f-d8118dcd03e2"",""yes_price_dollars"":""0.4100""}"
KXBTC15M-26APR281015-15,079b73aa-5ab2-43bf-a92d-6b98b47b646b,1777384822,0.41,2.58,no,"{""count_fp"":""2.58"",""created_time"":""2026-04-28T14:00:22.866133Z"",""no_price_dollars"":""0.5900"",""taker_side"":""no"",""ticker"":""KXBTC15M-26APR281015-15"",""trade_id"":""079b73aa-5ab2-43bf-a92d-6b98b47b646b"",""yes_price_dollars"":""0.4100""}"
KXBTC15M-26APR281015-15,408f3f87-e452-5e17-8cac-3a68992729ff,1777384822,0.41,41.96,no,"{""count_fp"":""41.96"",""created_time"":""2026-04-28T14:00:22.461868Z"",""no_price_dollars"":""0.5900"",""taker_side"":""no"",""ticker"":""KXBTC15M-26APR281015-15"",""trade_id"":""408f3f87-e452-5e17-8cac-3a68992729ff"",""yes_price_dollars"":""0.4100""}"
KXBTC15M-26APR281015-15,a790d37a-87be-744b-33ef-cd09682b1eaf,1777384822,0.41,27.37,no,"{""count_fp"":""27.37"",""created_time"":""2026-04-28T14:00:22.456849Z"",""no_price_dollars"":""0.5900"",""taker_side"":""no"",""ticker"":""KXBTC15M-26APR281015-15"",""trade_id"":""a790d37a-87be-744b-33ef-cd09682b1eaf"",""yes_price_dollars"":""0.4100""}"
KXBTC15M-26APR281015-15,1d56af9a-c8c1-737e-ff95-2f107aec4d60,1777384822,0.42,22.36,yes,"{""count_fp"":""22.36"",""created_time"":""2026-04-28T14:00:22.171218Z"",""no_price_dollars"":""0.5800"",""taker_side"":""yes"",""ticker"":""KXBTC15M-26APR281015-15"",""trade_id"":""1d56af9a-c8c1-737e-ff95-2f107aec4d60"",""yes_price_dollars"":""0.4200""}"
KXBTC15M-26APR281015-15,5d5a40e2-1401-422e-3a12-4949008260c8,1777384822,0.42,134.18,yes,"{""count_fp"":""134.18"",""created_time"":""2026-04-28T14:00:22.126808Z"",""no_price_dollars"":""0.5800"",""taker_side"":""yes"",""ticker"":""KXBTC15M-26APR281015-15"",""trade_id"":""5d5a40e2-1401-422e-3a12-4949008260c8"",""yes_price_dollars"":""0.4200""}"
KXBTC15M-26APR281015-15,640a5b41-c059-7eca-c4f6-cf6a6482fe38,1777384822,0.42,9.44,yes,"{""count_fp"":""9.44"",""created_time"":""2026-04-28T14:00:22.076489Z"",""no_price_dollars"":""0.5800"",""taker_side"":""yes"",""ticker"":""KXBTC15M-26APR281015-15"",""trade_id"":""640a5b41-c059-7eca-c4f6-cf6a6482fe38"",""yes_price_dollars"":""0.4200""}"
KXBTC15M-26APR281015-15,4667985e-007f-7cdf-f725-2471a9965f11,1777384822,0.42,28.56,yes,"{""count_fp"":""28.56"",""created_time"":""2026-04-28T14:00:22.076489Z"",""no_price_dollars"":""0.5800"",""taker_side"":""yes"",""ticker"":""KXBTC15M-26APR281015-15"",""trade_id"":""4667985e-007f-7cdf-f725-2471a9965f11"",""yes_price_dollars"":""0.4200""}"
KXBTC15M-26APR281015-15,59461fff-a83b-55cc-652e-873e4e56f70a,1777384823,0.4,4.0,yes,"{""count_fp"":""4.00"",""created_time"":""2026-04-28T14:00:23.854588Z"",""no_price_dollars"":""0.6000"",""taker_side"":""yes"",""ticker"":""KXBTC15M-26APR281015-15"",""trade_id"":""59461fff-a83b-55cc-652e-873e4e56f70a"",""yes_price_dollars"":""0.4000""}"
KXBTC15M-26APR281015-15,777bd535-4524-651b-3a59-ff233e74b635,1777384823,0.39,34.47,no,"{""count_fp"":""34.47"",""created_time"":""2026-04-28T14:00:23.851303Z"",""no_price_dollars"":""0.6100"",""taker_side"":""no"",""ticker"":""KXBTC15M-26APR281015-15"",""trade_id"":""777bd535-4524-651b-3a59-ff233e74b635"",""yes_price_dollars"":""0.3900""}"
KXBTC15M-26APR281015-15,f0a2b244-e0af-69a8-ad4e-c8c264c5469a,1777384823,0.4,3.0,yes,"{""count_fp"":""3.00"",""created_time"":""2026-04-28T14:00:23.848067Z"",""no_price_dollars"":""0.6000"",""taker_side"":""yes"",""ticker"":""KXBTC15M-26APR281015-15"",""trade_id"":""f0a2b244-e0af-69a8-ad4e-c8c264c5469a"",""yes_price_dollars"":""0.4000""}"
KXBTC15M-26APR281015-15,10bc6810-3ff8-4fdb-954c-1c68f1e4c2ed,1777384823,0.39,33.94,no,"{""count_fp"":""33.94"",""created_time"":""2026-04-28T14:00:23.838878Z"",""no_price_dollars"":""0.6100"",""taker_side"":""no"",""ticker"":""KXBTC15M-26APR281015-15"",""trade_id"":""10bc6810-3ff8-4fdb-954c-1c68f1e4c2ed"",""yes_price_dollars"":""0.3900""}"
KXBTC15M-26APR281015-15,9558e27a-be7c-56a7-ebf6-96d6c8f6c225,1777384823,0.39,10.0,no,"{""count_fp"":""10.00"",""created_time"":""2026-04-28T14:00:23.833326Z"",""no_price_dollars"":""0.6100"",""taker_side"":""no"",""ticker"":""KXBTC15M-26APR281015-15"",""trade_id"":""9558e27a-be7c-56a7-ebf6-96d6c8f6c225"",""yes_price_dollars"":""0.3900""}"
KXBTC15M-26APR281015-15,8ab69960-70c8-5ae3-1ade-2582de6f2531,1777384823,0.39,10.0,no,"{""count_fp"":""10.00"",""created_time"":""2026-04-28T14:00:23.818227Z"",""no_price_dollars"":""0.6100"",""taker_side"":""no"",""ticker"":""KXBTC15M-26APR281015-15"",""trade_id"":""8ab69960-70c8-5ae3-1ade-2582de6f2531"",""yes_price_dollars"":""0.3900""}"
KXBTC15M-26APR281015-15,bb023e86-4660-6513-f1e3-fcc09d0269e3,1777384823,0.4,47.73,no,"{""count_fp"":""47.73"",""created_time"":""2026-04-28T14:00:23.788459Z"",""no_price_dollars"":""0.6000"",""taker_side"":""no"",""ticker"":""KXBTC15M-26APR281015-15"",""trade_id"":""bb023e86-4660-6513-f1e3-fcc09d0269e3"",""yes_price_dollars"":""0.4000""}"
KXBTC15M-26APR281015-15,48f1d132-535f-6a5a-e627-6d66ae23e8c9,1777384823,0.4,10.0,no,"{""count_fp"":""10.00"",""created_time"":""2026-04-28T14:00:23.788459Z"",""no_price_dollars"":""0.6000"",""taker_side"":""no"",""ticker"":""KXBTC15M-26APR281015-15"",""trade_id"":""48f1d132-535f-6a5a-e627-6d66ae23e8c9"",""yes_price_dollars"":""0.4000""}"
KXBTC15M-26APR281015-15,cbe7bf97-2978-595b-342b-7e9ce9a774a3,1777384823,0.4,37.43,no,"{""count_fp"":""37.43"",""created_time"":""2026-04-28T14:00:23.777682Z"",""no_price_dollars"":""0.6000"",""taker_side"":""no"",""ticker"":""KXBTC15M-26APR281015-15"",""trade_id"":""cbe7bf97-2978-595b-342b-7e9ce9a774a3"",""yes_price_dollars"":""0.4000""}"
KXBTC15M-26APR281015-15,03a1cc8a-72a5-5693-26db-f1c852232bba,1777384823,0.41,10.0,no,"{""count_fp"":""10.00"",""created_time"":""2026-04-28T14:00:23.777682Z"",""no_price_dollars"":""0.5900"",""taker_side"":""no"",""ticker"":""KXBTC15M-26APR281015-15"",""trade_id"":""03a1cc8a-72a5-5693-26db-f1c852232bba"",""yes_price_dollars"":""0.4100""}"
KXBTC15M-26APR281015-15,0159cf83-363f-517c-3b36-6fb7e97561d5,1777384823,0.41,3.38,no,"{""count_fp"":""3.38"",""created_time"":""2026-04-28T14:00:23.777682Z"",""no_price_dollars"":""0.5900"",""taker_side"":""no"",""ticker"":""KXBTC15M-26APR281015-15"",""trade_id"":""0159cf83-363f-517c-3b36-6fb7e97561d5"",""yes_price_dollars"":""0.4100""}"
KXBTC15M-26APR281015-15,b8f2dc11-1cbe-6330-c4df-4046f90cd7d2,1777384823,0.42,18.28,yes,"{""count_fp"":""18.28"",""created_time"":""2026-04-28T14:00:23.760566Z"",""no_price_dollars"":""0.5800"",""taker_side"":""yes"",""ticker"":""KXBTC15M-26APR281015-15"",""trade_id"":""b8f2dc11-1cbe-6330-c4df-4046f90cd7d2"",""yes_price_dollars"":""0.4200""}"
KXBTC15M-26APR281015-15,4dc3cdeb-723a-5f6c-ec64-324402edd07a,1777384823,0.42,7.61,yes,"{""count_fp"":""7.61"",""created_time"":""2026-04-28T14:00:23.478982Z"",""no_price_dollars"":""0.5800"",""taker_side"":""yes"",""ticker"":""KXBTC15M-26APR281015-15"",""trade_id"":""4dc3cdeb-723a-5f6c-ec64-324402edd07a"",""yes_price_dollars"":""0.4200""}"
KXBTC15M-26APR281015-15,f10848aa-2e59-750a-0395-7bff603ba7ec,1777384823,0.42,30.0,yes,"{""count_fp"":""30.00"",""created_time"":""2026-04-28T14:00:23.022346Z"",""no_price_dollars"":""0.5800"",""taker_side"":""yes"",""ticker"":""KXBTC15M-26APR281015-15"",""trade_id"":""f10848aa-2e59-750a-0395-7bff603ba7ec"",""yes_price_dollars"":""0.4200""}"
KXBTC15M-26APR281015-15,74c6d487-9e55-532f-43c1-6f257954de7e,1777384824,0.4,101.07,yes,"{""count_fp"":""101.07"",""created_time"":""2026-04-28T14:00:24.784242Z"",""no_price_dollars"":""0.6000"",""taker_side"":""yes"",""ticker"":""KXBTC15M-26APR281015-15"",""trade_id"":""74c6d487-9e55-532f-43c1-6f257954de7e"",""yes_price_dollars"":""0.4000""}"
KXBTC15M-26APR281015-15,7f480ac0-84ba-569a-0680-815acc844cfd,1777384824,0.4,4.0,yes,"{""count_fp"":""4.00"",""created_time"":""2026-04-28T14:00:24.748485Z"",""no_price_dollars"":""0.6000"",""taker_side"":""yes"",""ticker"":""KXBTC15M-26APR281015-15"",""trade_id"":""7f480ac0-84ba-569a-0680-815acc844cfd"",""yes_price_dollars"":""0.4000""}"
KXBTC15M-26APR281015-15,d1f610ea-d553-49c3-f7d7-86501c4b7bc3,1777384824,0.4,5.0,yes,"{""count_fp"":""5.00"",""created_time"":""2026-04-28T14:00:24.742326Z"",""no_price_dollars"":""0.6000"",""taker_side"":""yes"",""ticker"":""KXBTC15M-26APR281015-15"",""trade_id"":""d1f610ea-d553-49c3-f7d7-86501c4b7bc3"",""yes_price_dollars"":""0.4000""}"
KXBTC15M-26APR281015-15,4841151c-fd86-41c2-c0f4-3a0f33259001,1777384824,0.4,76.18,yes,"{""count_fp"":""76.18"",""created_time"":""2026-04-28T14:00:24.742326Z"",""no_price_dollars"":""0.6000"",""taker_side"":""yes"",""ticker"":""KXBTC15M-26APR281015-15"",""trade_id"":""4841151c-fd86-41c2-c0f4-3a0f33259001"",""yes_price_dollars"":""0.4000""}"
KXBTC15M-26APR281015-15,278a7451-f69c-47b8-cf1d-dce7571f170c,1777384824,0.4,3.0,yes,"{""count_fp"":""3.00"",""created_time"":""2026-04-28T14:00:24.742326Z"",""no_price_dollars"":""0.6000"",""taker_side"":""yes"",""ticker"":""KXBTC15M-26APR281015-15"",""trade_id"":""278a7451-f69c-47b8-cf1d-dce7571f170c"",""yes_price_dollars"":""0.4000""}"
KXBTC15M-26APR281015-15,91973017-1045-742f-0be8-52b75c0d650a,1777384824,0.4,20.48,yes,"{""count_fp"":""20.48"",""created_time"":""2026-04-28T14:00:24.730627Z"",""no_price_dollars"":""0.6000"",""taker_side"":""yes"",""ticker"":""KXBTC15M-26APR281015-15"",""trade_id"":""91973017-1045-742f-0be8-52b75c0d650a"",""yes_price_dollars"":""0.4000""}"
KXBTC15M-26APR281015-15,56e01ba3-08d5-44f7-d0b0-b56524cb199a,1777384824,0.4,21.47,yes,"{""count_fp"":""21.47"",""created_time"":""2026-04-28T14:00:24.715328Z"",""no_price_dollars"":""0.6000"",""taker_side"":""yes"",""ticker"":""KXBTC15M-26APR281015-15"",""trade_id"":""56e01ba3-08d5-44f7-d0b0-b56524cb199a"",""yes_price_dollars"":""0.4000""}"
KXBTC15M-26APR281015-15,d404cadc-0655-639b-1708-41551e5291c6,1777384824,0.4,24.58,yes,"{""count_fp"":""24.58"",""created_time"":""2026-04-28T14:00:24.705527Z"",""no_price_dollars"":""0.6000"",""taker_side"":""yes"",""ticker"":""KXBTC15M-26APR281015-15"",""trade_id"":""d404cadc-0655-639b-1708-41551e5291c6"",""yes_price_dollars"":""0.4000""}"
KXBTC15M-26APR281015-15,6589e7f8-add7-49cc-32dc-149d0067c656,1777384824,0.4,33.0,yes,"{""count_fp"":""33.00"",""created_time"":""2026-04-28T14:00:24.657161Z"",""no_price_dollars"":""0.6000"",""taker_side"":""yes"",""ticker"":""KXBTC15M-26APR281015-15"",""trade_id"":""6589e7f8-add7-49cc-32dc-149d0067c656"",""yes_price_dollars"":""0.4000""}"
KXBTC15M-26APR281015-15,10da62ee-f201-4fcf-094d-43de524edcd6,1777384824,0.4,195.8,yes,"{""count_fp"":""195.80"",""created_time"":""2026-04-28T14:00:24.657161Z"",""no_price_dollars"":""0.6000"",""taker_side"":""yes"",""ticker"":""KXBTC15M-26APR281015-15"",""trade_id"":""10da62ee-f201-4fcf-094d-43de524edcd6"",""yes_price_dollars"":""0.4000""}"
KXBTC15M-26APR281015-15,41f4c691-0824-6aef-8d5c-506234489fbd,1777384824,0.39,23.45,no,"{""count_fp"":""23.45"",""created_time"":""2026-04-28T14:00:24.359053Z"",""no_price_dollars"":""0.6100"",""taker_side"":""no"",""ticker"":""KXBTC15M-26APR281015-15"",""trade_id"":""41f4c691-0824-6aef-8d5c-506234489fbd"",""yes_price_dollars"":""0.3900""}"
KXBTC15M-26APR281015-15,7c26d8cc-29d5-746f-2afb-8aeecd7ca3e6,1777384825,0.4,10.0,yes,"{""count_fp"":""10.00"",""created_time"":""2026-04-28T14:00:25.810483Z"",""no_price_dollars"":""0.6000"",""taker_side"":""yes"",""ticker"":""KXBTC15M-26APR281015-15"",""trade_id"":""7c26d8cc-29d5-746f-2afb-8aeecd7ca3e6"",""yes_price_dollars"":""0.4000""}"
KXBTC15M-26APR281015-15,abd1e438-2179-73d3-e2e9-27cd432d60a2,1777384825,0.4,3.77,yes,"{""count_fp"":""3.77"",""created_time"":""2026-04-28T14:00:25.273617Z"",""no_price_dollars"":""0.6000"",""taker_side"":""yes"",""ticker"":""KXBTC15M-26APR281015-15"",""trade_id"":""abd1e438-2179-73d3-e2e9-27cd432d60a2"",""yes_price_dollars"":""0.4000""}"
KXBTC15M-26APR281015-15,2b6981b3-882d-7ed3-5e6e-981c02390396,1777384826,0.4,31.19,yes,"{""count_fp"":""31.19"",""created_time"":""2026-04-28T14:00:26.589145Z"",""no_price_dollars"":""0.6000"",""taker_side"":""yes"",""ticker"":""KXBTC15M-26APR281015-15"",""trade_id"":""2b6981b3-882d-7ed3-5e6e-981c02390396"",""yes_price_dollars"":""0.4000""}"
KXBTC15M-26APR281015-15,fe0e7012-a7db-456e-60b4-762b65afb8c8,1777384826,0.39,10.0,no,"{""count_fp"":""10.00"",""created_time"":""2026-04-28T14:00:26.253781Z"",""no_price_dollars"":""0.6100"",""taker_side"":""no"",""ticker"":""KXBTC15M-26APR281015-15"",""trade_id"":""fe0e7012-a7db-456e-60b4-762b65afb8c8"",""yes_price_dollars"":""0.3900""}"
KXBTC15M-26APR281015-15,30117b3c-7a18-4b6f-424f-1fef2c1d2451,1777384826,0.39,20.14,no,"{""count_fp"":""20.14"",""created_time"":""2026-04-28T14:00:26.253781Z"",""no_price_dollars"":""0.6100"",""taker_side"":""no"",""ticker"":""KXBTC15M-26APR281015-15"",""trade_id"":""30117b3c-7a18-4b6f-424f-1fef2c1d2451"",""yes_price_dollars"":""0.3900""}"
KXBTC15M-26APR281015-15,283a5163-2bb4-4e9d-7932-df00f1110f60,1777384826,0.39,767.74,no,"{""count_fp"":""767.74"",""created_time"":""2026-04-28T14:00:26.253781Z"",""no_price_dollars"":""0.6100"",""taker_side"":""no"",""ticker"":""KXBTC15M-26APR281015-15"",""trade_id"":""283a5163-2bb4-4e9d-7932-df00f1110f60"",""yes_price_dollars"":""0.3900""}"
KXBTC15M-26APR281015-15,c9f8c9b3-0369-403b-1418-2e1eb5e48c2a,1777384826,0.4,8.0,yes,"{""count_fp"":""8.00"",""created_time"":""2026-04-28T14:00:26.195717Z"",""no_price_dollars"":""0.6000"",""taker_side"":""yes"",""ticker"":""KXBTC15M-26APR281015-15"",""trade_id"":""c9f8c9b3-0369-403b-1418-2e1eb5e48c2a"",""yes_price_dollars"":""0.4000""}"
KXBTC15M-26APR281015-15,d106b621-5d89-73e6-e901-7e0853be8632,1777384827,0.43,0.56,no,"{""count_fp"":""0.56"",""created_time"":""2026-04-28T14:00:27.969124Z"",""no_price_dollars"":""0.5700"",""taker_side"":""no"",""ticker"":""KXBTC15M-26APR281015-15"",""trade_id"":""d106b621-5d89-73e6-e901-7e0853be8632"",""yes_price_dollars"":""0.4300""}"
KXBTC15M-26APR281015-15,bf073caf-ff06-7cab-667b-de88ac09e5fe,1777384827,0.41,64.9,yes,"{""count_fp"":""64.90"",""created_time"":""2026-04-28T14:00:27.765713Z"",""no_price_dollars"":""0.5900"",""taker_side"":""yes"",""ticker"":""KXBTC15M-26APR281015-15"",""trade_id"":""bf073caf-ff06-7cab-667b-de88ac09e5fe"",""yes_price_dollars"":""0.4100""}"
KXBTC15M-26APR281015-15,89204c7f-a172-5623-6576-96a22ce5db42,1777384827,0.41,65.63,yes,"{""count_fp"":""65.63"",""created_time"":""2026-04-28T14:00:27.765183Z"",""no_price_dollars"":""0.5900"",""taker_side"":""yes"",""ticker"":""KXBTC15M-26APR281015-15"",""trade_id"":""89204c7f-a172-5623-6576-96a22ce5db42"",""yes_price_dollars"":""0.4100""}"
KXBTC15M-26APR281015-15,25a0c812-a98e-661b-f3fb-b259f80ac95a,1777384827,0.41,23.35,yes,"{""count_fp"":""23.35"",""created_time"":""2026-04-28T14:00:27.754277Z"",""no_price_dollars"":""0.5900"",""taker_side"":""yes"",""ticker"":""KXBTC15M-26APR281015-15"",""trade_id"":""25a0c812-a98e-661b-f3fb-b259f80ac95a"",""yes_price_dollars"":""0.4100""}"
KXBTC15M-26APR281015-15,61ed3805-a7b2-6687-693d-530223de69ce,1777384827,0.4,1.59,no,"{""count_fp"":""1.59"",""created_time"":""2026-04-28T14:00:27.442497Z"",""no_price_dollars"":""0.6000"",""taker_side"":""no"",""ticker"":""KXBTC15M-26APR281015-15"",""trade_id"":""61ed3805-a7b2-6687-693d-530223de69ce"",""yes_price_dollars"":""0.4000""}"
KXBTC15M-26APR281015-15,d8578db4-e346-70d7-9832-828dee869c32,1777384827,0.4,31.88,no,"{""count_fp"":""31.88"",""created_time"":""2026-04-28T14:00:27.366157Z"",""no_price_dollars"":""0.6000"",""taker_side"":""no"",""ticker"":""KXBTC15M-26APR281015-15"",""trade_id"":""d8578db4-e346-70d7-9832-828dee869c32"",""yes_price_dollars"":""0.4000""}"
KXBTC15M-26APR281015-15,8ad1414e-d43e-4c8f-1a2d-f42365cd1d12,1777384827,0.41,2.0,yes,"{""count_fp"":""2.00"",""created_time"":""2026-04-28T14:00:27.133122Z"",""no_price_dollars"":""0.5900"",""taker_side"":""yes"",""ticker"":""KXBTC15M-26APR281015-15"",""trade_id"":""8ad1414e-d43e-4c8f-1a2d-f42365cd1d12"",""yes_price_dollars"":""0.4100""}"
KXBTC15M-26APR281015-15,b3e766a4-bd10-4e74-459c-c482914f863c,1777384828,0.42,1.62,no,"{""count_fp"":""1.62"",""created_time"":""2026-04-28T14:00:28.906772Z"",""no_price_dollars"":""0.5800"",""taker_side"":""no"",""ticker"":""KXBTC15M-26APR281015-15"",""trade_id"":""b3e766a4-bd10-4e74-459c-c482914f863c"",""yes_price_dollars"":""0.4200""}"
KXBTC15M-26APR281015-15,7b4a1650-65c0-7908-520b-2f52f02ca800,1777384828,0.42,41.93,no,"{""count_fp"":""41.93"",""created_time"":""2026-04-28T14:00:28.898601Z"",""no_price_dollars"":""0.5800"",""taker_side"":""no"",""ticker"":""KXBTC15M-26APR281015-15"",""trade_id"":""7b4a1650-65c0-7908-520b-2f52f02ca800"",""yes_price_dollars"":""0.4200""}"
KXBTC15M-26APR281015-15,b3602903-08f9-5d7d-4bd7-8e61b19df127,1777384828,0.42,29.88,no,"{""count_fp"":""29.88"",""created_time"":""2026-04-28T14:00:28.823075Z"",""no_price_dollars"":""0.5800"",""taker_side"":""no"",""ticker"":""KXBTC15M-26APR281015-15"",""trade_id"":""b3602903-08f9-5d7d-4bd7-8e61b19df127"",""yes_price_dollars"":""0.4200""}"
KXBTC15M-26APR281015-15,775074ec-30f4-5b30-78e6-c75af75161c4,1777384828,0.42,2.52,no,"{""count_fp"":""2.52"",""created_time"":""2026-04-28T14:00:28.823075Z"",""no_price_dollars"":""0.5800"",""taker_side"":""no"",""ticker"":""KXBTC15M-26APR281015-15"",""trade_id"":""775074ec-30f4-5b30-78e6-c75af75161c4"",""yes_price_dollars"":""0.4200""}"
KXBTC15M-26APR281015-15,a494bf0c-2120-637c-dee4-586316bd5dd7,1777384828,0.43,10.0,no,"{""count_fp"":""10.00"",""created_time"":""2026-04-28T14:00:28.676124Z"",""no_price_dollars"":""0.5700"",""taker_side"":""no"",""ticker"":""KXBTC15M-26APR281015-15"",""trade_id"":""a494bf0c-2120-637c-dee4-586316bd5dd7"",""yes_price_dollars"":""0.4300""}"
KXBTC15M-26APR281015-15,ad0db3d4-a485-4f12-d166-7e35ffbc108e,1777384828,0.43,34.44,no,"{""count_fp"":""34.44"",""created_time"":""2026-04-28T14:00:28.302525Z"",""no_price_dollars"":""0.5700"",""taker_side"":""no"",""ticker"":""KXBTC15M-26APR281015-15"",""trade_id"":""ad0db3d4-a485-4f12-d166-7e35ffbc108e"",""yes_price_dollars"":""0.4300""}"
KXBTC15M-26APR281015-15,7366f7c0-3186-4247-dfec-9f631e92fb30,1777384828,0.43,28.57,no,"{""count_fp"":""28.57"",""created_time"":""2026-04-28T14:00:28.302525Z"",""no_price_dollars"":""0.5700"",""taker_side"":""no"",""ticker"":""KXBTC15M-26APR281015-15"",""trade_id"":""7366f7c0-3186-4247-dfec-9f631e92fb30"",""yes_price_dollars"":""0.4300""}"
KXBTC15M-26APR281015-15,d8f70f5a-dcdd-572e-b86b-09b66dac7782,1777384828,0.43,5.0,no,"{""count_fp"":""5.00"",""created_time"":""2026-04-28T14:00:28.202072Z"",""no_price_dollars"":""0.5700"",""taker_side"":""no"",""ticker"":""KXBTC15M-26APR281015-15"",""trade_id"":""d8f70f5a-dcdd-572e-b86b-09b66dac7782"",""yes_price_dollars"":""0.4300""}"
KXBTC15M-26APR281015-15,7760a34e-71af-59e0-00c4-5ed672407650,1777384829,0.43,31.24,yes,"{""count_fp"":""31.24"",""created_time"":""2026-04-28T14:00:29.574305Z"",""no_price_dollars"":""0.5700"",""taker_side"":""yes"",""ticker"":""KXBTC15M-26APR281015-15"",""trade_id"":""7760a34e-71af-59e0-00c4-5ed672407650"",""yes_price_dollars"":""0.4300""}"
KXBTC15M-26APR281015-15,891e50b8-7cb3-4f74-657a-ea93c077be98,1777384829,0.43,51.54,yes,"{""count_fp"":""51.54"",""created_time"":""2026-04-28T14:00:29.571813Z"",""no_price_dollars"":""0.5700"",""taker_side"":""yes"",""ticker"":""KXBTC15M-26APR281015-15"",""trade_id"":""891e50b8-7cb3-4f74-657a-ea93c077be98"",""yes_price_dollars"":""0.4300""}"
KXBTC15M-26APR281015-15,e5e976ba-583f-7ef8-18c2-be2350520960,1777384829,0.43,94.04,yes,"{""count_fp"":""94.04"",""created_time"":""2026-04-28T14:00:29.447096Z"",""no_price_dollars"":""0.5700"",""taker_side"":""yes"",""ticker"":""KXBTC15M-26APR281015-15"",""trade_id"":""e5e976ba-583f-7ef8-18c2-be2350520960"",""yes_price_dollars"":""0.4300""}"
KXBTC15M-26APR281015-15,0dc93cf8-9fb3-6ec4-de30-30e8528bbc04,1777384830,0.43,44.72,yes,"{""count_fp"":""44.72"",""created_time"":""2026-04-28T14:00:30.934303Z"",""no_price_dollars"":""0.5700"",""taker_side"":""yes"",""ticker"":""KXBTC15M-26APR281015-15"",""trade_id"":""0dc93cf8-9fb3-6ec4-de30-30e8528bbc04"",""yes_price_dollars"":""0.4300""}"
KXBTC15M-26APR281015-15,1c953cef-5408-5344-cfaf-c438076eae60,1777384830,0.42,20.0,no,"{""count_fp"":""20.00"",""created_time"":""2026-04-28T14:00:30.734123Z"",""no_price_dollars"":""0.5800"",""taker_side"":""no"",""ticker"":""KXBTC15M-26APR281015-15"",""trade_id"":""1c953cef-5408-5344-cfaf-c438076eae60"",""yes_price_dollars"":""0.4200""}"
KXBTC15M-26APR281015-15,ffd33020-fc33-6ddc-689d-f18c41407690,1777384830,0.43,22.39,yes,"{""count_fp"":""22.39"",""created_time"":""2026-04-28T14:00:30.714242Z"",""no_price_dollars"":""0.5700"",""taker_side"":""yes"",""ticker"":""KXBTC15M-26APR281015-15"",""trade_id"":""ffd33020-fc33-6ddc-689d-f18c41407690"",""yes_price_dollars"":""0.4300""}"
KXBTC15M-26APR281015-15,6091fca3-a023-4874-5175-a4fa36cdd1a4,1777384830,0.43,22.36,yes,"{""count_fp"":""22.36"",""created_time"":""2026-04-28T14:00:30.647643Z"",""no_price_dollars"":""0.5700"",""taker_side"":""yes"",""ticker"":""KXBTC15M-26APR281015-15"",""trade_id"":""6091fca3-a023-4874-5175-a4fa36cdd1a4"",""yes_price_dollars"":""0.4300""}"
KXBTC15M-26APR281015-15,d2393d68-5eb4-48f0-cf24-33aa20627c5c,1777384830,0.42,1.0,no,"{""count_fp"":""1.00"",""created_time"":""2026-04-28T14:00:30.614586Z"",""no_price_dollars"":""0.5800"",""taker_side"":""no"",""ticker"":""KXBTC15M-26APR281015-15"",""trade_id"":""d2393d68-5eb4-48f0-cf24-33aa20627c5c"",""yes_price_dollars"":""0.4200""}"
KXBTC15M-26APR281015-15,e2d2c4bc-5f7b-676c-b72b-d0363f51e724,1777384830,0.43,10.89,yes,"{""count_fp"":""10.89"",""created_time"":""2026-04-28T14:00:30.484139Z"",""no_price_dollars"":""0.5700"",""taker_side"":""yes"",""ticker"":""KXBTC15M-26APR281015-15"",""trade_id"":""e2d2c4bc-5f7b-676c-b72b-d0363f51e724"",""yes_price_dollars"":""0.4300""}"
KXBTC15M-26APR281015-15,c44a2520-f1bb-55ac-1217-9f98bd7066c8,1777384830,0.43,1.58,yes,"{""count_fp"":""1.58"",""created_time"":""2026-04-28T14:00:30.420028Z"",""no_price_dollars"":""0.5700"",""taker_side"":""yes"",""ticker"":""KXBTC15M-26APR281015-15"",""trade_id"":""c44a2520-f1bb-55ac-1217-9f98bd7066c8"",""yes_price_dollars"":""0.4300""}"
KXBTC15M-26APR281015-15,00954970-06dc-6bf8-4819-9f91852ac7c0,1777384830,0.42,3.29,no,"{""count_fp"":""3.29"",""created_time"":""2026-04-28T14:00:30.401292Z"",""no_price_dollars"":""0.5800"",""taker_side"":""no"",""ticker"":""KXBTC15M-26APR281015-15"",""trade_id"":""00954970-06dc-6bf8-4819-9f91852ac7c0"",""yes_price_dollars"":""0.4200""}"
KXBTC15M-26APR281015-15,f1e29f15-0647-4150-ae64-74ecc62265f4,1777384830,0.43,24.05,yes,"{""count_fp"":""24.05"",""created_time"":""2026-04-28T14:00:30.379289Z"",""no_price_dollars"":""0.5700"",""taker_side"":""yes"",""ticker"":""KXBTC15M-26APR281015-15"",""trade_id"":""f1e29f15-0647-4150-ae64-74ecc62265f4"",""yes_price_dollars"":""0.4300""}"
KXBTC15M-26APR281015-15,982dff70-1a38-49d4-fd14-a978d5e69400,1777384831,0.42,1.0,no,"{""count_fp"":""1.00"",""created_time"":""2026-04-28T14:00:31.404305Z"",""no_price_dollars"":""0.5800"",""taker_side"":""no"",""ticker"":""KXBTC15M-26APR281015-15"",""trade_id"":""982dff70-1a38-49d4-fd14-a978d5e69400"",""yes_price_dollars"":""0.4200""}"
KXBTC15M-26APR281015-15,7cb3607c-ec77-567c-2d4b-baea709af0fc,1777384831,0.43,16.99,yes,"{""count_fp"":""16.99"",""created_time"":""2026-04-28T14:00:31.323174Z"",""no_price_dollars"":""0.5700"",""taker_side"":""yes"",""ticker"":""KXBTC15M-26APR281015-15"",""trade_id"":""7cb3607c-ec77-567c-2d4b-baea709af0fc"",""yes_price_dollars"":""0.4300""}"
KXBTC15M-26APR281015-15,fca266ec-c3e8-5f8c-bd23-29f007604174,1777384831,0.42,20.0,no,"{""count_fp"":""20.00"",""created_time"":""2026-04-28T14:00:31.249882Z"",""no_price_dollars"":""0.5800"",""taker_side"":""no"",""ticker"":""KXBTC15M-26APR281015-15"",""trade_id"":""fca266ec-c3e8-5f8c-bd23-29f007604174"",""yes_price_dollars"":""0.4200""}"
KXBTC15M-26APR281015-15,5b078c8c-6503-74d4-ba4d-811f48526094,1777384831,0.43,89.45,yes,"{""count_fp"":""89.45"",""created_time"":""2026-04-28T14:00:31.206622Z"",""no_price_dollars"":""0.5700"",""taker_side"":""yes"",""ticker"":""KXBTC15M-26APR281015-15"",""trade_id"":""5b078c8c-6503-74d4-ba4d-811f48526094"",""yes_price_dollars"":""0.4300""}"
KXBTC15M-26APR281015-15,4e712168-a0d4-4c98-b66a-e3bf1a35fdf4,1777384831,0.42,0.16,no,"{""count_fp"":""0.16"",""created_time"":""2026-04-28T14:00:31.015879Z"",""no_price_dollars"":""0.5800"",""taker_side"":""no"",""ticker"":""KXBTC15M-26APR281015-15"",""trade_id"":""4e712168-a0d4-4c98-b66a-e3bf1a35fdf4"",""yes_price_dollars"":""0.4200""}"
KXBTC15M-26APR281015-15,551cdff1-7a7e-52ce-2624-ca6ca357e21a,1777384832,0.43,8.37,no,"{""count_fp"":""8.37"",""created_time"":""2026-04-28T14:00:32.936498Z"",""no_price_dollars"":""0.5700"",""taker_side"":""no"",""ticker"":""KXBTC15M-26APR281015-15"",""trade_id"":""551cdff1-7a7e-52ce-2624-ca6ca357e21a"",""yes_price_dollars"":""0.4300""}"
KXBTC15M-26APR281015-15,c109033f-06e8-49a2-aaa2-c1f92c147671,1777384832,0.44,1.0,yes,"{""count_fp"":""1.00"",""created_time"":""2026-04-28T14:00:32.744108Z"",""no_price_dollars"":""0.5600"",""taker_side"":""yes"",""ticker"":""KXBTC15M-26APR281015-15"",""trade_id"":""c109033f-06e8-49a2-aaa2-c1f92c147671"",""yes_price_dollars"":""0.4400""}"
KXBTC15M-26APR281015-15,4857ff05-2570-76c2-3380-b463a6287d1d,1777384832,0.44,42.4,yes,"{""count_fp"":""42.40"",""created_time"":""2026-04-28T14:00:32.589674Z"",""no_price_dollars"":""0.5600"",""taker_side"":""yes"",""ticker"":""KXBTC15M-26APR281015-15"",""trade_id"":""4857ff05-2570-76c2-3380-b463a6287d1d"",""yes_price_dollars"":""0.4400""}"
KXBTC15M-26APR281015-15,0ac60073-5086-649b-d29b-58c2d1fb6542,1777384832,0.44,195.01,yes,"{""count_fp"":""195.01"",""created_time"":""2026-04-28T14:00:32.325638Z"",""no_price_dollars"":""0.5600"",""taker_side"":""yes"",""ticker"":""KXBTC15M-26APR281015-15"",""trade_id"":""0ac60073-5086-649b-d29b-58c2d1fb6542"",""yes_price_dollars"":""0.4400""}"
KXBTC15M-26APR281015-15,fb3a669e-0655-58b3-ee72-a858ecc0e98e,1777384832,0.44,3.0,yes,"{""count_fp"":""3.00"",""created_time"":""2026-04-28T14:00:32.320017Z"",""no_price_dollars"":""0.5600"",""taker_side"":""yes"",""ticker"":""KXBTC15M-26APR281015-15"",""trade_id"":""fb3a669e-0655-58b3-ee72-a858ecc0e98e"",""yes_price_dollars"":""0.4400""}"
KXBTC15M-26APR281015-15,a56d8b03-8e7f-5031-c7df-6a4c199dabdc,1777384832,0.43,20.0,yes,"{""count_fp"":""20.00"",""created_time"":""2026-04-28T14:00:32.320017Z"",""no_price_dollars"":""0.5700"",""taker_side"":""yes"",""ticker"":""KXBTC15M-26APR281015-15"",""trade_id"":""a56d8b03-8e7f-5031-c7df-6a4c199dabdc"",""yes_price_dollars"":""0.4300""}"
KXBTC15M-26APR281015-15,922d1aed-14bb-5118-d3d9-eaa730cf4ba0,1777384832,0.43,82.57,yes,"{""count_fp"":""82.57"",""created_time"":""2026-04-28T14:00:32.320017Z"",""no_price_dollars"":""0.5700"",""taker_side"":""yes"",""ticker"":""KXBTC15M-26APR281015-15"",""trade_id"":""922d1aed-14bb-5118-d3d9-eaa730cf4ba0"",""yes_price_dollars"":""0.4300""}"
KXBTC15M-26APR281015-15,2dc2f852-08ca-5347-dd85-3bc736fd0eb2,1777384832,0.44,209.34,yes,"{""count_fp"":""209.34"",""created_time"":""2026-04-28T14:00:32.320017Z"",""no_price_dollars"":""0.5600"",""taker_side"":""yes"",""ticker"":""KXBTC15M-26APR281015-15"",""trade_id"":""2dc2f852-08ca-5347-dd85-3bc736fd0eb2"",""yes_price_dollars"":""0.4400""}"
KXBTC15M-26APR281015-15,f4eff265-d1cc-7f14-563f-54bc7e8dcd30,1777384832,0.42,8.23,no,"{""count_fp"":""8.23"",""created_time"":""2026-04-28T14:00:32.265312Z"",""no_price_dollars"":""0.5800"",""taker_side"":""no"",""ticker"":""KXBTC15M-26APR281015-15"",""trade_id"":""f4eff265-d1cc-7f14-563f-54bc7e8dcd30"",""yes_price_dollars"":""0.4200""}"
KXBTC15M-26APR281015-15,ef5eceb3-9b09-6b29-aefa-6437741e1707,1777384833,0.43,10.97,no,"{""count_fp"":""10.97"",""created_time"":""2026-04-28T14:00:33.833753Z"",""no_price_dollars"":""0.5700"",""taker_side"":""no"",""ticker"":""KXBTC15M-26APR281015-15"",""trade_id"":""ef5eceb3-9b09-6b29-aefa-6437741e1707"",""yes_price_dollars"":""0.4300""}"
KXBTC15M-26APR281015-15,49456570-73a7-6b5e-b82f-872790f45b84,1777384833,0.43,10.0,no,"{""count_fp"":""10.00"",""created_time"":""2026-04-28T14:00:33.833753Z"",""no_price_dollars"":""0.5700"",""taker_side"":""no"",""ticker"":""KXBTC15M-26APR281015-15"",""trade_id"":""49456570-73a7-6b5e-b82f-872790f45b84"",""yes_price_dollars"":""0.4300""}"
KXBTC15M-26APR281015-15,a7f0e322-ece8-4421-9c6d-7d7aea88e9bb,1777384833,0.43,61.04,no,"{""count_fp"":""61.04"",""created_time"":""2026-04-28T14:00:33.722054Z"",""no_price_dollars"":""0.5700"",""taker_side"":""no"",""ticker"":""KXBTC15M-26APR281015-15"",""trade_id"":""a7f0e322-ece8-4421-9c6d-7d7aea88e9bb"",""yes_price_dollars"":""0.4300""}"
KXBTC15M-26APR281015-15,31c37acc-0da0-48f8-b16a-88de2548a458,1777384833,0.43,109.27,no,"{""count_fp"":""109.27"",""created_time"":""2026-04-28T14:00:33.722054Z"",""no_price_dollars"":""0.5700"",""taker_side"":""no"",""ticker"":""KXBTC15M-26APR281015-15"",""trade_id"":""31c37acc-0da0-48f8-b16a-88de2548a458"",""yes_price_dollars"":""0.4300""}"
KXBTC15M-26APR281015-15,eed8dd34-57d0-6c91-a261-deef1b1026af,1777384833,0.43,21.72,no,"{""count_fp"":""21.72"",""created_time"":""2026-04-28T14:00:33.710255Z"",""no_price_dollars"":""0.5700"",""taker_side"":""no"",""ticker"":""KXBTC15M-26APR281015-15"",""trade_id"":""eed8dd34-57d0-6c91-a261-deef1b1026af"",""yes_price_dollars"":""0.4300""}"
KXBTC15M-26APR281015-15,7c94ef7f-9e70-7c06-031f-72eb3d2afa79,1777384833,0.44,3.29,yes,"{""count_fp"":""3.29"",""created_time"":""2026-04-28T14:00:33.708637Z"",""no_price_dollars"":""0.5600"",""taker_side"":""yes"",""ticker"":""KXBTC15M-26APR281015-15"",""trade_id"":""7c94ef7f-9e70-7c06-031f-72eb3d2afa79"",""yes_price_dollars"":""0.4400""}"
KXBTC15M-26APR281015-15,e05c3115-5c30-5035-26a8-a4c888ec62e3,1777384833,0.43,29.24,no,"{""count_fp"":""29.24"",""created_time"":""2026-04-28T14:00:33.648072Z"",""no_price_dollars"":""0.5700"",""taker_side"":""no"",""ticker"":""KXBTC15M-26APR281015-15"",""trade_id"":""e05c3115-5c30-5035-26a8-a4c888ec62e3"",""yes_price_dollars"":""0.4300""}"
KXBTC15M-26APR281015-15,80fed457-a43a-5ad6-c968-3fd0759fb5ce,1777384833,0.43,5.0,no,"{""count_fp"":""5.00"",""created_time"":""2026-04-28T14:00:33.486456Z"",""no_price_dollars"":""0.5700"",""taker_side"":""no"",""ticker"":""KXBTC15M-26APR281015-15"",""trade_id"":""80fed457-a43a-5ad6-c968-3fd0759fb5ce"",""yes_price_dollars"":""0.4300""}"
KXBTC15M-26APR281015-15,ffbbff3b-d1d0-4412-9402-1d539ea901f1,1777384833,0.44,4.32,yes,"{""count_fp"":""4.32"",""created_time"":""2026-04-28T14:00:33.263985Z"",""no_price_dollars"":""0.5600"",""taker_side"":""yes"",""ticker"":""KXBTC15M-26APR281015-15"",""trade_id"":""ffbbff3b-d1d0-4412-9402-1d539ea901f1"",""yes_price_dollars"":""0.4400""}"
KXBTC15M-26APR281015-15,9a6f9383-d3e2-6ea3-8651-ee3d58c1db5c,1777384834,0.42,1.0,no,"{""count_fp"":""1.00"",""created_time"":""2026-04-28T14:00:34.686834Z"",""no_price_dollars"":""0.5800"",""taker_side"":""no"",""ticker"":""KXBTC15M-26APR281015-15"",""trade_id"":""9a6f9383-d3e2-6ea3-8651-ee3d58c1db5c"",""yes_price_dollars"":""0.4200""}"
KXBTC15M-26APR281015-15,1b6135eb-ea46-7fa7-2d77-0052ccc25098,1777384834,0.42,0.57,no,"{""count_fp"":""0.57"",""created_time"":""2026-04-28T14:00:34.589065Z"",""no_price_dollars"":""0.5800"",""taker_side"":""no"",""ticker"":""KXBTC15M-26APR281015-15"",""trade_id"":""1b6135eb-ea46-7fa7-2d77-0052ccc25098"",""yes_price_dollars"":""0.4200""}"
KXBTC15M-26APR281015-15,9fe35dd1-9dbe-7fa3-e254-deaf3b7885dc,1777384834,0.42,35.0,no,"{""count_fp"":""35.00"",""created_time"":""2026-04-28T14:00:34.558241Z"",""no_price_dollars"":""0.5800"",""taker_side"":""no"",""ticker"":""KXBTC15M-26APR281015-15"",""trade_id"":""9fe35dd1-9dbe-7fa3-e254-deaf3b7885dc"",""yes_price_dollars"":""0.4200""}"
KXBTC15M-26APR281015-15,9edc113b-b333-6bdf-529d-202cb99640b7,1777384834,0.42,3.0,no,"{""count_fp"":""3.00"",""created_time"":""2026-04-28T14:00:34.276635Z"",""no_price_dollars"":""0.5800"",""taker_side"":""no"",""ticker"":""KXBTC15M-26APR281015-15"",""trade_id"":""9edc113b-b333-6bdf-529d-202cb99640b7"",""yes_price_dollars"":""0.4200""}"
KXBTC15M-26APR281015-15,2be64fb8-fad2-6de7-53f0-4c3631e678e4,1777384834,0.42,1.74,no,"{""count_fp"":""1.74"",""created_time"":""2026-04-28T14:00:34.276635Z"",""no_price_dollars"":""0.5800"",""taker_side"":""no"",""ticker"":""KXBTC15M-26APR281015-15"",""trade_id"":""2be64fb8-fad2-6de7-53f0-4c3631e678e4"",""yes_price_dollars"":""0.4200""}"
KXBTC15M-26APR281015-15,762579e4-d7b5-613e-eff3-d705f635b342,1777384835,0.43,29.0,yes,"{""count_fp"":""29.00"",""created_time"":""2026-04-28T14:00:35.019678Z"",""no_price_dollars"":""0.5700"",""taker_side"":""yes"",""ticker"":""KXBTC15M-26APR281015-15"",""trade_id"":""762579e4-d7b5-613e-eff3-d705f635b342"",""yes_price_dollars"":""0.4300""}"
KXBTC15M-26APR281015-15,d09a800f-9f22-4c47-3927-312eaa05f496,1777384836,0.42,12.9,yes,"{""count_fp"":""12.90"",""created_time"":""2026-04-28T14:00:36.714272Z"",""no_price_dollars"":""0.5800"",""taker_side"":""yes"",""ticker"":""KXBTC15M-26APR281015-15"",""trade_id"":""d09a800f-9f22-4c47-3927-312eaa05f496"",""yes_price_dollars"":""0.4200""}"
KXBTC15M-26APR281015-15,9019ad39-bde9-4dab-0125-386f9afae45f,1777384836,0.42,28.82,yes,"{""count_fp"":""28.82"",""created_time"":""2026-04-28T14:00:36.714272Z"",""no_price_dollars"":""0.5800"",""taker_side"":""yes"",""ticker"":""KXBTC15M-26APR281015-15"",""trade_id"":""9019ad39-bde9-4dab-0125-386f9afae45f"",""yes_price_dollars"":""0.4200""}"
KXBTC15M-26APR281015-15,3f1d3b54-9988-4b08-2d91-87da70cd9534,1777384836,0.42,3.0,yes,"{""count_fp"":""3.00"",""created_time"":""2026-04-28T14:00:36.714272Z"",""no_price_dollars"":""0.5800"",""taker_side"":""yes"",""ticker"":""KXBTC15M-26APR281015-15"",""trade_id"":""3f1d3b54-9988-4b08-2d91-87da70cd9534"",""yes_price_dollars"":""0.4200""}"
KXBTC15M-26APR281015-15,87296480-a161-5b4f-a2ff-5107c66fae13,1777384836,0.42,11.18,yes,"{""count_fp"":""11.18"",""created_time"":""2026-04-28T14:00:36.570174Z"",""no_price_dollars"":""0.5800"",""taker_side"":""yes"",""ticker"":""KXBTC15M-26APR281015-15"",""trade_id"":""87296480-a161-5b4f-a2ff-5107c66fae13"",""yes_price_dollars"":""0.4200""}"
KXBTC15M-26APR281015-15,492e8585-6cac-6ef6-016e-dc038d37f3a4,1777384836,0.42,11.47,no,"{""count_fp"":""11.47"",""created_time"":""2026-04-28T14:00:36.179786Z"",""no_price_dollars"":""0.5800"",""taker_side"":""no"",""ticker"":""KXBTC15M-26APR281015-15"",""trade_id"":""492e8585-6cac-6ef6-016e-dc038d37f3a4"",""yes_price_dollars"":""0.4200""}"
KXBTC15M-26APR281015-15,d83a10b4-7976-4eef-4fb6-640207beae9f,1777384836,0.42,69.0,no,"{""count_fp"":""69.00"",""created_time"":""2026-04-28T14:00:36.166846Z"",""no_price_dollars"":""0.5800"",""taker_side"":""no"",""ticker"":""KXBTC15M-26APR281015-15"",""trade_id"":""d83a10b4-7976-4eef-4fb6-640207beae9f"",""yes_price_dollars"":""0.4200""}"
KXBTC15M-26APR281015-15,b5d1c1b4-c8c8-45b0-6f32-fb7f3ee2c886,1777384836,0.42,2.93,no,"{""count_fp"":""2.93"",""created_time"":""2026-04-28T14:00:36.166846Z"",""no_price_dollars"":""0.5800"",""taker_side"":""no"",""ticker"":""KXBTC15M-26APR281015-15"",""trade_id"":""b5d1c1b4-c8c8-45b0-6f32-fb7f3ee2c886"",""yes_price_dollars"":""0.4200""}"
KXBTC15M-26APR281015-15,4ff3d4da-6338-4d2a-6751-416e53004c08,1777384836,0.42,8.53,no,"{""count_fp"":""8.53"",""created_time"":""2026-04-28T14:00:36.166846Z"",""no_price_dollars"":""0.5800"",""taker_side"":""no"",""ticker"":""KXBTC15M-26APR281015-15"",""trade_id"":""4ff3d4da-6338-4d2a-6751-416e53004c08"",""yes_price_dollars"":""0.4200""}"
KXBTC15M-26APR281015-15,8e1064fd-cfac-5578-aad6-d91b29db8a5e,1777384836,0.42,0.07,no,"{""count_fp"":""0.07"",""created_time"":""2026-04-28T14:00:36.156641Z"",""no_price_dollars"":""0.5800"",""taker_side"":""no"",""ticker"":""KXBTC15M-26APR281015-15"",""trade_id"":""8e1064fd-cfac-5578-aad6-d91b29db8a5e"",""yes_price_dollars"":""0.4200""}"
KXBTC15M-26APR281015-15,57533cbd-da04-5dbd-9577-8e350f8ac027,1777384836,0.42,30.0,no,"{""count_fp"":""30.00"",""created_time"":""2026-04-28T14:00:36.156641Z"",""no_price_dollars"":""0.5800"",""taker_side"":""no"",""ticker"":""KXBTC15M-26APR281015-15"",""trade_id"":""57533cbd-da04-5dbd-9577-8e350f8ac027"",""yes_price_dollars"":""0.4200""}"
KXBTC15M-26APR281015-15,e4b1accf-0950-7e90-14c6-a8d84120f3c8,1777384837,0.41,11.2,no,"{""count_fp"":""11.20"",""created_time"":""2026-04-28T14:00:37.946076Z"",""no_price_dollars"":""0.5900"",""taker_side"":""no"",""ticker"":""KXBTC15M-26APR281015-15"",""trade_id"":""e4b1accf-0950-7e90-14c6-a8d84120f3c8"",""yes_price_dollars"":""0.4100""}"
KXBTC15M-26APR281015-15,a01bf051-f175-74f7-2347-15af6d92883e,1777384837,0.41,9.61,no,"{""count_fp"":""9.61"",""created_time"":""2026-04-28T14:00:37.946076Z"",""no_price_dollars"":""0.5900"",""taker_side"":""no"",""ticker"":""KXBTC15M-26APR281015-15"",""trade_id"":""a01bf051-f175-74f7-2347-15af6d92883e"",""yes_price_dollars"":""0.4100""}"
KXBTC15M-26APR281015-15,ae93f240-317d-61f4-686d-c60e0c2cefc8,1777384837,0.42,67.09,yes,"{""count_fp"":""67.09"",""created_time"":""2026-04-28T14:00:37.939687Z"",""no_price_dollars"":""0.5800"",""taker_side"":""yes"",""ticker"":""KXBTC15M-26APR281015-15"",""trade_id"":""ae93f240-317d-61f4-686d-c60e0c2cefc8"",""yes_price_dollars"":""0.4200""}"
KXBTC15M-26APR281015-15,ffe7a5e9-d8cd-6307-f02f-e7f56dd458d6,1777384837,0.41,20.39,no,"{""count_fp"":""20.39"",""created_time"":""2026-04-28T14:00:37.892702Z"",""no_price_dollars"":""0.5900"",""taker_side"":""no"",""ticker"":""KXBTC15M-26APR281015-15"",""trade_id"":""ffe7a5e9-d8cd-6307-f02f-e7f56dd458d6"",""yes_price_dollars"":""0.4100""}"
KXBTC15M-26APR281015-15,4c2e6d97-b420-6b78-e6b6-d2bc47ed60e4,1777384837,0.41,0.76,no,"{""count_fp"":""0.76"",""created_time"":""2026-04-28T14:00:37.892702Z"",""no_price_dollars"":""0.5900"",""taker_side"":""no"",""ticker"":""KXBTC15M-26APR281015-15"",""trade_id"":""4c2e6d97-b420-6b78-e6b6-d2bc47ed60e4"",""yes_price_dollars"":""0.4100""}"
KXBTC15M-26APR281015-15,761355a5-78fc-4d54-88c0-c718b24d9b70,1777384837,0.41,3.2,no,"{""count_fp"":""3.20"",""created_time"":""2026-04-28T14:00:37.800498Z"",""no_price_dollars"":""0.5900"",""taker_side"":""no"",""ticker"":""KXBTC15M-26APR281015-15"",""trade_id"":""761355a5-78fc-4d54-88c0-c718b24d9b70"",""yes_price_dollars"":""0.4100""}"
KXBTC15M-26APR281015-15,da3cc3ab-8b0d-443c-29d2-48a4afff3448,1777384837,0.42,405.15,yes,"{""count_fp"":""405.15"",""created_time"":""2026-04-28T14:00:37.643179Z"",""no_price_dollars"":""0.5800"",""taker_side"":""yes"",""ticker"":""KXBTC15M-26APR281015-15"",""trade_id"":""da3cc3ab-8b0d-443c-29d2-48a4afff3448"",""yes_price_dollars"":""0.4200""}"
KXBTC15M-26APR281015-15,23ca96c2-d596-4863-385d-5a6344859ad2,1777384837,0.42,38.73,yes,"{""count_fp"":""38.73"",""created_time"":""2026-04-28T14:00:37.643179Z"",""no_price_dollars"":""0.5800"",""taker_side"":""yes"",""ticker"":""KXBTC15M-26APR281015-15"",""trade_id"":""23ca96c2-d596-4863-385d-5a6344859ad2"",""yes_price_dollars"":""0.4200""}"
KXBTC15M-26APR281015-15,63d6e5b5-6c7a-4823-7637-17eec04a02fa,1777384837,0.42,4.37,yes,"{""count_fp"":""4.37"",""created_time"":""2026-04-28T14:00:37.073461Z"",""no_price_dollars"":""0.5800"",""taker_side"":""yes"",""ticker"":""KXBTC15M-26APR281015-15"",""trade_id"":""63d6e5b5-6c7a-4823-7637-17eec04a02fa"",""yes_price_dollars"":""0.4200""}"
KXBTC15M-26APR281015-15,e3bfa988-c3bf-5108-48ef-c3cbf4c8a025,1777384837,0.41,5.0,no,"{""count_fp"":""5.00"",""created_time"":""2026-04-28T14:00:37.037541Z"",""no_price_dollars"":""0.5900"",""taker_side"":""no"",""ticker"":""KXBTC15M-26APR281015-15"",""trade_id"":""e3bfa988-c3bf-5108-48ef-c3cbf4c8a025"",""yes_price_dollars"":""0.4100""}"
KXBTC15M-26APR281015-15,c9b6cb3e-5a68-5f9b-41b8-32f838d8e86a,1777384837,0.41,25.0,no,"{""count_fp"":""25.00"",""created_time"":""2026-04-28T14:00:37.037541Z"",""no_price_dollars"":""0.5900"",""taker_side"":""no"",""ticker"":""KXBTC15M-26APR281015-15"",""trade_id"":""c9b6cb3e-5a68-5f9b-41b8-32f838d8e86a"",""yes_price_dollars"":""0.4100""}"
KXBTC15M-26APR281015-15,c044b1b7-9536-5238-7cdc-f5a1f06dc3fb,1777384837,0.41,49.06,no,"{""count_fp"":""49.06"",""created_time"":""2026-04-28T14:00:37.037541Z"",""no_price_dollars"":""0.5900"",""taker_side"":""no"",""ticker"":""KXBTC15M-26APR281015-15"",""trade_id"":""c044b1b7-9536-5238-7cdc-f5a1f06dc3fb"",""yes_price_dollars"":""0.4100""}"
KXBTC15M-26APR281015-15,8e3ef675-6568-551a-561b-da6cca0a07f0,1777384837,0.41,3.0,no,"{""count_fp"":""3.00"",""created_time"":""2026-04-28T14:00:37.037541Z"",""no_price_dollars"":""0.5900"",""taker_side"":""no"",""ticker"":""KXBTC15M-26APR281015-15"",""trade_id"":""8e3ef675-6568-551a-561b-da6cca0a07f0"",""yes_price_dollars"":""0.4100""}"
KXBTC15M-26APR281015-15,ef3714e9-0486-57dc-3c3c-f2980f28fe3a,1777384838,0.4,1.0,no,"{""count_fp"":""1.00"",""created_time"":""2026-04-28T14:00:38.662518Z"",""no_price_dollars"":""0.6000"",""taker_side"":""no"",""ticker"":""KXBTC15M-26APR281015-15"",""trade_id"":""ef3714e9-0486-57dc-3c3c-f2980f28fe3a"",""yes_price_dollars"":""0.4000""}"
KXBTC15M-26APR281015-15,3e30e712-325a-4d64-41f0-ab0325ecf08e,1777384838,0.4,2.0,no,"{""count_fp"":""2.00"",""created_time"":""2026-04-28T14:00:38.329148Z"",""no_price_dollars"":""0.6000"",""taker_side"":""no"",""ticker"":""KXBTC15M-26APR281015-15"",""trade_id"":""3e30e712-325a-4d64-41f0-ab0325ecf08e"",""yes_price_dollars"":""0.4000""}"
KXBTC15M-26APR281015-15,c3839e6b-bae8-4263-4014-0b52be34a4cc,1777384838,0.41,23.42,yes,"{""count_fp"":""23.42"",""created_time"":""2026-04-28T14:00:38.256156Z"",""no_price_dollars"":""0.5900"",""taker_side"":""yes"",""ticker"":""KXBTC15M-26APR281015-15"",""trade_id"":""c3839e6b-bae8-4263-4014-0b52be34a4cc"",""yes_price_dollars"":""0.4100""}"
KXBTC15M-26APR281015-15,586aa50e-a0ba-6f27-3981-811534c9ba07,1777384839,0.4,1.0,no,"{""count_fp"":""1.00"",""created_time"":""2026-04-28T14:00:39.606774Z"",""no_price_dollars"":""0.6000"",""taker_side"":""no"",""ticker"":""KXBTC15M-26APR281015-15"",""trade_id"":""586aa50e-a0ba-6f27-3981-811534c9ba07"",""yes_price_dollars"":""0.4000""}"
KXBTC15M-26APR281015-15,d60a8faa-5e7e-534f-3ba2-d11cee2d7abf,1777384839,0.4,1.84,no,"{""count_fp"":""1.84"",""created_time"":""2026-04-28T14:00:39.557609Z"",""no_price_dollars"":""0.6000"",""taker_side"":""no"",""ticker"":""KXBTC15M-26APR281015-15"",""trade_id"":""d60a8faa-5e7e-534f-3ba2-d11cee2d7abf"",""yes_price_dollars"":""0.4000""}"
KXBTC15M-26APR281015-15,b950a2bd-26c2-5e6b-1ba9-bf8152047a6a,1777384839,0.4,3.0,no,"{""count_fp"":""3.00"",""created_time"":""2026-04-28T14:00:39.557609Z"",""no_price_dollars"":""0.6000"",""taker_side"":""no"",""ticker"":""KXBTC15M-26APR281015-15"",""trade_id"":""b950a2bd-26c2-5e6b-1ba9-bf8152047a6a"",""yes_price_dollars"":""0.4000""}"
KXBTC15M-26APR281015-15,746223d6-9867-50d6-3b41-2c0b9e5b6a56,1777384839,0.4,16.64,no,"{""count_fp"":""16.64"",""created_time"":""2026-04-28T14:00:39.557609Z"",""no_price_dollars"":""0.6000"",""taker_side"":""no"",""ticker"":""KXBTC15M-26APR281015-15"",""trade_id"":""746223d6-9867-50d6-3b41-2c0b9e5b6a56"",""yes_price_dollars"":""0.4000""}"
KXBTC15M-26APR281015-15,4184b724-6d97-71c2-65bd-53ba2d8549fa,1777384839,0.4,23.36,no,"{""count_fp"":""23.36"",""created_time"":""2026-04-28T14:00:39.546161Z"",""no_price_dollars"":""0.6000"",""taker_side"":""no"",""ticker"":""KXBTC15M-26APR281015-15"",""trade_id"":""4184b724-6d97-71c2-65bd-53ba2d8549fa"",""yes_price_dollars"":""0.4000""}"
KXBTC15M-26APR281015-15,4c09a7e1-acd9-69f0-27ad-0f27a3d762d8,1777384839,0.41,11.18,yes,"{""count_fp"":""11.18"",""created_time"":""2026-04-28T14:00:39.487163Z"",""no_price_dollars"":""0.5900"",""taker_side"":""yes"",""ticker"":""KXBTC15M-26APR281015-15"",""trade_id"":""4c09a7e1-acd9-69f0-27ad-0f27a3d762d8"",""yes_price_dollars"":""0.4100""}"
KXBTC15M-26APR281015-15,9fcb2cf9-33cd-7300-d027-d3959cf76e9c,1777384839,0.41,4.57,yes,"{""count_fp"":""4.57"",""created_time"":""2026-04-28T14:00:39.468653Z"",""no_price_dollars"":""0.5900"",""taker_side"":""yes"",""ticker"":""KXBTC15M-26APR281015-15"",""trade_id"":""9fcb2cf9-33cd-7300-d027-d3959cf76e9c"",""yes_price_dollars"":""0.4100""}"
KXBTC15M-26APR281015-15,ea8a31c5-451d-4e2c-9c6d-1608ef266738,1777384839,0.41,6.84,yes,"{""count_fp"":""6.84"",""created_time"":""2026-04-28T14:00:39.435234Z"",""no_price_dollars"":""0.5900"",""taker_side"":""yes"",""ticker"":""KXBTC15M-26APR281015-15"",""trade_id"":""ea8a31c5-451d-4e2c-9c6d-1608ef266738"",""yes_price_dollars"":""0.4100""}"
KXBTC15M-26APR281015-15,1042aecf-53d4-4e13-bc48-920eeeb65100,1777384839,0.41,16.58,yes,"{""count_fp"":""16.58"",""created_time"":""2026-04-28T14:00:39.435234Z"",""no_price_dollars"":""0.5900"",""taker_side"":""yes"",""ticker"":""KXBTC15M-26APR281015-15"",""trade_id"":""1042aecf-53d4-4e13-bc48-920eeeb65100"",""yes_price_dollars"":""0.4100""}"
KXBTC15M-26APR281015-15,f9043288-6ce0-5cc2-b642-f780a8b04393,1777384840,0.38,12.66,no,"{""count_fp"":""12.66"",""created_time"":""2026-04-28T14:00:40.721063Z"",""no_price_dollars"":""0.6200"",""taker_side"":""no"",""ticker"":""KXBTC15M-26APR281015-15"",""trade_id"":""f9043288-6ce0-5cc2-b642-f780a8b04393"",""yes_price_dollars"":""0.3800""}"
KXBTC15M-26APR281015-15,b047e1cb-b3d8-5946-9371-006022f5d905,1777384840,0.38,132.0,no,"{""count_fp"":""132.00"",""created_time"":""2026-04-28T14:00:40.721063Z"",""no_price_dollars"":""0.6200"",""taker_side"":""no"",""ticker"":""KXBTC15M-26APR281015-15"",""trade_id"":""b047e1cb-b3d8-5946-9371-006022f5d905"",""yes_price_dollars"":""0.3800""}"
KXBTC15M-26APR281015-15,962789ee-37de-523c-a0cb-078c8ea3f9c4,1777384840,0.39,12.6,no,"{""count_fp"":""12.60"",""created_time"":""2026-04-28T14:00:40.721063Z"",""no_price_dollars"":""0.6100"",""taker_side"":""no"",""ticker"":""KXBTC15M-26APR281015-15"",""trade_id"":""962789ee-37de-523c-a0cb-078c8ea3f9c4"",""yes_price_dollars"":""0.3900""}"
KXBTC15M-26APR281015-15,80cfef31-209a-5b26-b9fb-8f290543f489,1777384840,0.39,3.0,no,"{""count_fp"":""3.00"",""created_time"":""2026-04-28T14:00:40.721063Z"",""no_price_dollars"":""0.6100"",""taker_side"":""no"",""ticker"":""KXBTC15M-26APR281015-15"",""trade_id"":""80cfef31-209a-5b26-b9fb-8f290543f489"",""yes_price_dollars"":""0.3900""}"
KXBTC15M-26APR281015-15,0bcf69be-12b1-5cd7-a1f5-7838ef258bee,1777384840,0.38,2.0,no,"{""count_fp"":""2.00"",""created_time"":""2026-04-28T14:00:40.721063Z"",""no_price_dollars"":""0.6200"",""taker_side"":""no"",""ticker"":""KXBTC15M-26APR281015-15"",""trade_id"":""0bcf69be-12b1-5cd7-a1f5-7838ef258bee"",""yes_price_dollars"":""0.3800""}"
KXBTC15M-26APR281015-15,5e2a95f1-d4f5-557d-1eaa-2c6a0ed57168,1777384840,0.4,11.0,yes,"{""count_fp"":""11.00"",""created_time"":""2026-04-28T14:00:40.685212Z"",""no_price_dollars"":""0.6000"",""taker_side"":""yes"",""ticker"":""KXBTC15M-26APR281015-15"",""trade_id"":""5e2a95f1-d4f5-557d-1eaa-2c6a0ed57168"",""yes_price_dollars"":""0.4000""}"
KXBTC15M-26APR281015-15,3974d879-0ef0-445d-c6af-bb06ecab07ef,1777384840,0.4,4.68,yes,"{""count_fp"":""4.68"",""created_time"":""2026-04-28T14:00:40.392478Z"",""no_price_dollars"":""0.6000"",""taker_side"":""yes"",""ticker"":""KXBTC15M-26APR281015-15"",""trade_id"":""3974d879-0ef0-445d-c6af-bb06ecab07ef"",""yes_price_dollars"":""0.4000""}"
KXBTC15M-26APR281015-15,f902ce1b-840c-43e5-4982-67cab1f7b9ab,1777384840,0.4,4.68,yes,"{""count_fp"":""4.68"",""created_time"":""2026-04-28T14:00:40.341366Z"",""no_price_dollars"":""0.6000"",""taker_side"":""yes"",""ticker"":""KXBTC15M-26APR281015-15"",""trade_id"":""f902ce1b-840c-43e5-4982-67cab1f7b9ab"",""yes_price_dollars"":""0.4000""}"
KXBTC15M-26APR281015-15,1e522e8b-ca01-5340-a83b-5d69c33f13e0,1777384841,0.39,11.71,yes,"{""count_fp"":""11.71"",""created_time"":""2026-04-28T14:00:41.129289Z"",""no_price_dollars"":""0.6100"",""taker_side"":""yes"",""ticker"":""KXBTC15M-26APR281015-15"",""trade_id"":""1e522e8b-ca01-5340-a83b-5d69c33f13e0"",""yes_price_dollars"":""0.3900""}"
KXBTC15M-26APR281015-15,cf897ddf-1a78-42fa-16a5-2779859804c7,1777384841,0.38,27.34,no,"{""count_fp"":""27.34"",""created_time"":""2026-04-28T14:00:41.088223Z"",""no_price_dollars"":""0.6200"",""taker_side"":""no"",""ticker"":""KXBTC15M-26APR281015-15"",""trade_id"":""cf897ddf-1a78-42fa-16a5-2779859804c7"",""yes_price_dollars"":""0.3800""}"
KXBTC15M-26APR281015-15,6ee145f2-7f1c-47d1-0e14-a2d38b13ffe8,1777384841,0.38,3.0,no,"{""count_fp"":""3.00"",""created_time"":""2026-04-28T14:00:41.088223Z"",""no_price_dollars"":""0.6200"",""taker_side"":""no"",""ticker"":""KXBTC15M-26APR281015-15"",""trade_id"":""6ee145f2-7f1c-47d1-0e14-a2d38b13ffe8"",""yes_price_dollars"":""0.3800""}"
KXBTC15M-26APR281015-15,683589d9-4069-4ea4-147a-bfce0200a03f,1777384841,0.38,9.39,no,"{""count_fp"":""9.39"",""created_time"":""2026-04-28T14:00:41.088223Z"",""no_price_dollars"":""0.6200"",""taker_side"":""no"",""ticker"":""KXBTC15M-26APR281015-15"",""trade_id"":""683589d9-4069-4ea4-147a-bfce0200a03f"",""yes_price_dollars"":""0.3800""}"
KXBTC15M-26APR281015-15,0be32b03-2a24-448e-2c55-ac105474ffc9,1777384841,0.38,3.0,no,"{""count_fp"":""3.00"",""created_time"":""2026-04-28T14:00:41.088223Z"",""no_price_dollars"":""0.6200"",""taker_side"":""no"",""ticker"":""KXBTC15M-26APR281015-15"",""trade_id"":""0be32b03-2a24-448e-2c55-ac105474ffc9"",""yes_price_dollars"":""0.3800""}"
KXBTC15M-26APR281015-15,ce3a3881-b9cc-4a31-19d9-d051fc56a844,1777384842,0.38,1.57,no,"{""count_fp"":""1.57"",""created_time"":""2026-04-28T14:00:42.780063Z"",""no_price_dollars"":""0.6200"",""taker_side"":""no"",""ticker"":""KXBTC15M-26APR281015-15"",""trade_id"":""ce3a3881-b9cc-4a31-19d9-d051fc56a844"",""yes_price_dollars"":""0.3800""}"
KXBTC15M-26APR281015-15,dcae27db-f076-5f8e-02d0-9e5493e64e68,1777384842,0.39,243.87,yes,"{""count_fp"":""243.87"",""created_time"":""2026-04-28T14:00:42.742503Z"",""no_price_dollars"":""0.6100"",""taker_side"":""yes"",""ticker"":""KXBTC15M-26APR281015-15"",""trade_id"":""dcae27db-f076-5f8e-02d0-9e5493e64e68"",""yes_price_dollars"":""0.3900""}"
KXBTC15M-26APR281015-15,fd0ab527-41ad-4bad-1e1b-be07dbd0dee4,1777384842,0.39,5.84,yes,"{""count_fp"":""5.84"",""created_time"":""2026-04-28T14:00:42.628888Z"",""no_price_dollars"":""0.6100"",""taker_side"":""yes"",""ticker"":""KXBTC15M-26APR281015-15"",""trade_id"":""fd0ab527-41ad-4bad-1e1b-be07dbd0dee4"",""yes_price_dollars"":""0.3900""}"
KXBTC15M-26APR281015-15,d77d26e5-2aaa-40b6-1cd5-4870a0e26410,1777384842,0.39,60.8,yes,"{""count_fp"":""60.80"",""created_time"":""2026-04-28T14:00:42.628888Z"",""no_price_dollars"":""0.6100"",""taker_side"":""yes"",""ticker"":""KXBTC15M-26APR281015-15"",""trade_id"":""d77d26e5-2aaa-40b6-1cd5-4870a0e26410"",""yes_price_dollars"":""0.3900""}"
KXBTC15M-26APR281015-15,85b7c7e5-bb0c-4ecd-25c2-84f62b9ae818,1777384842,0.38,3.31,no,"{""count_fp"":""3.31"",""created_time"":""2026-04-28T14:00:42.457629Z"",""no_price_dollars"":""0.6200"",""taker_side"":""no"",""ticker"":""KXBTC15M-26APR281015-15"",""trade_id"":""85b7c7e5-bb0c-4ecd-25c2-84f62b9ae818"",""yes_price_dollars"":""0.3800""}"
KXBTC15M-26APR281015-15,97fcde82-0ac5-7621-6ce8-8aab67f28458,1777384842,0.39,11.71,yes,"{""count_fp"":""11.71"",""created_time"":""2026-04-28T14:00:42.111902Z"",""no_price_dollars"":""0.6100"",""taker_side"":""yes"",""ticker"":""KXBTC15M-26APR281015-15"",""trade_id"":""97fcde82-0ac5-7621-6ce8-8aab67f28458"",""yes_price_dollars"":""0.3900""}"
KXBTC15M-26APR281015-15,6db0f245-e379-45b5-ab76-6f3f3cf0036c,1777384842,0.39,7.17,yes,"{""count_fp"":""7.17"",""created_time"":""2026-04-28T14:00:42.073054Z"",""no_price_dollars"":""0.6100"",""taker_side"":""yes"",""ticker"":""KXBTC15M-26APR281015-15"",""trade_id"":""6db0f245-e379-45b5-ab76-6f3f3cf0036c"",""yes_price_dollars"":""0.3900""}"
KXBTC15M-26APR281015-15,3f9bcfa8-4485-5a49-18e8-7a1ce1cf3200,1777384842,0.39,2.34,yes,"{""count_fp"":""2.34"",""created_time"":""2026-04-28T14:00:42.021366Z"",""no_price_dollars"":""0.6100"",""taker_side"":""yes"",""ticker"":""KXBTC15M-26APR281015-15"",""trade_id"":""3f9bcfa8-4485-5a49-18e8-7a1ce1cf3200"",""yes_price_dollars"":""0.3900""}"
KXBTC15M-26APR281015-15,90705f0c-5e6e-6ea2-ed3b-1ee07bfbb95c,1777384843,0.39,20.0,yes,"{""count_fp"":""20.00"",""created_time"":""2026-04-28T14:00:43.086135Z"",""no_price_dollars"":""0.6100"",""taker_side"":""yes"",""ticker"":""KXBTC15M-26APR281015-15"",""trade_id"":""90705f0c-5e6e-6ea2-ed3b-1ee07bfbb95c"",""yes_price_dollars"":""0.3900""}"
KXBTC15M-26APR281015-15,14681a39-7c26-7af6-7552-d8ea9b80df30,1777384843,0.39,7.02,yes,"{""count_fp"":""7.02"",""created_time"":""2026-04-28T14:00:43.081006Z"",""no_price_dollars"":""0.6100"",""taker_side"":""yes"",""ticker"":""KXBTC15M-26APR281015-15"",""trade_id"":""14681a39-7c26-7af6-7552-d8ea9b80df30"",""yes_price_dollars"":""0.3900""}"
KXBTC15M-26APR281015-15,519d2961-1e34-7f41-a175-6e4b8d3f7df0,1777384844,0.38,1.0,no,"{""count_fp"":""1.00"",""created_time"":""2026-04-28T14:00:44.837929Z"",""no_price_dollars"":""0.6200"",""taker_side"":""no"",""ticker"":""KXBTC15M-26APR281015-15"",""trade_id"":""519d2961-1e34-7f41-a175-6e4b8d3f7df0"",""yes_price_dollars"":""0.3800""}"
KXBTC15M-26APR281015-15,1b7252c2-a838-4a35-d5f1-7e912f645608,1777384844,0.38,0.15,no,"{""count_fp"":""0.15"",""created_time"":""2026-04-28T14:00:44.575505Z"",""no_price_dollars"":""0.6200"",""taker_side"":""no"",""ticker"":""KXBTC15M-26APR281015-15"",""trade_id"":""1b7252c2-a838-4a35-d5f1-7e912f645608"",""yes_price_dollars"":""0.3800""}"
KXBTC15M-26APR281015-15,e8d15a0a-b79d-4ca7-4026-397ccf4cf0c1,1777384844,0.39,11.0,yes,"{""count_fp"":""11.00"",""created_time"":""2026-04-28T14:00:44.288791Z"",""no_price_dollars"":""0.6100"",""taker_side"":""yes"",""ticker"":""KXBTC15M-26APR281015-15"",""trade_id"":""e8d15a0a-b79d-4ca7-4026-397ccf4cf0c1"",""yes_price_dollars"":""0.3900""}"
KXBTC15M-26APR281015-15,4338c857-4237-4151-4434-a536d27879d8,1777384844,0.39,11.66,yes,"{""count_fp"":""11.66"",""created_time"":""2026-04-28T14:00:44.288791Z"",""no_price_dollars"":""0.6100"",""taker_side"":""yes"",""ticker"":""KXBTC15M-26APR281015-15"",""trade_id"":""4338c857-4237-4151-4434-a536d27879d8"",""yes_price_dollars"":""0.3900""}"
KXBTC15M-26APR281015-15,302c62dd-646b-7ad5-bab6-fbca8683aa47,1777384844,0.39,22.19,yes,"{""count_fp"":""22.19"",""created_time"":""2026-04-28T14:00:44.212534Z"",""no_price_dollars"":""0.6100"",""taker_side"":""yes"",""ticker"":""KXBTC15M-26APR281015-15"",""trade_id"":""302c62dd-646b-7ad5-bab6-fbca8683aa47"",""yes_price_dollars"":""0.3900""}"
KXBTC15M-26APR281015-15,b6be5433-d862-75fa-fa3c-0d032368a76c,1777384844,0.39,42.16,yes,"{""count_fp"":""42.16"",""created_time"":""2026-04-28T14:00:44.202947Z"",""no_price_dollars"":""0.6100"",""taker_side"":""yes"",""ticker"":""KXBTC15M-26APR281015-15"",""trade_id"":""b6be5433-d862-75fa-fa3c-0d032368a76c"",""yes_price_dollars"":""0.3900""}"
KXBTC15M-26APR281015-15,59e9d0c2-8612-4622-fe72-ea0f735554ac,1777384844,0.39,30.51,yes,"{""count_fp"":""30.51"",""created_time"":""2026-04-28T14:00:44.199582Z"",""no_price_dollars"":""0.6100"",""taker_side"":""yes"",""ticker"":""KXBTC15M-26APR281015-15"",""trade_id"":""59e9d0c2-8612-4622-fe72-ea0f735554ac"",""yes_price_dollars"":""0.3900""}"
KXBTC15M-26APR281015-15,553bc02c-b1e7-420d-49d2-fc5994444137,1777384845,0.39,4.91,yes,"{""count_fp"":""4.91"",""created_time"":""2026-04-28T14:00:45.978455Z"",""no_price_dollars"":""0.6100"",""taker_side"":""yes"",""ticker"":""KXBTC15M-26APR281015-15"",""trade_id"":""553bc02c-b1e7-420d-49d2-fc5994444137"",""yes_price_dollars"":""0.3900""}"
KXBTC15M-26APR281015-15,317e1adf-a494-5d6d-539c-ff73496bb104,1777384845,0.38,15.71,no,"{""count_fp"":""15.71"",""created_time"":""2026-04-28T14:00:45.441745Z"",""no_price_dollars"":""0.6200"",""taker_side"":""no"",""ticker"":""KXBTC15M-26APR281015-15"",""trade_id"":""317e1adf-a494-5d6d-539c-ff73496bb104"",""yes_price_dollars"":""0.3800""}"
KXBTC15M-26APR281015-15,de043e97-1703-5d49-d534-63cbd9eedf33,1777384845,0.39,1.0,yes,"{""count_fp"":""1.00"",""created_time"":""2026-04-28T14:00:45.214095Z"",""no_price_dollars"":""0.6100"",""taker_side"":""yes"",""ticker"":""KXBTC15M-26APR281015-15"",""trade_id"":""de043e97-1703-5d49-d534-63cbd9eedf33"",""yes_price_dollars"":""0.3900""}"
KXBTC15M-26APR281015-15,8b130ee6-cf70-60e9-eeb4-62995445c638,1777384846,0.38,1.0,no,"{""count_fp"":""1.00"",""created_time"":""2026-04-28T14:00:46.778972Z"",""no_price_dollars"":""0.6200"",""taker_side"":""no"",""ticker"":""KXBTC15M-26APR281015-15"",""trade_id"":""8b130ee6-cf70-60e9-eeb4-62995445c638"",""yes_price_dollars"":""0.3800""}"
KXBTC15M-26APR281015-15,b40932d5-d287-41d5-37cc-36b299a8c5f7,1777384846,0.39,2.45,yes,"{""count_fp"":""2.45"",""created_time"":""2026-04-28T14:00:46.306442Z"",""no_price_dollars"":""0.6100"",""taker_side"":""yes"",""ticker"":""KXBTC15M-26APR281015-15"",""trade_id"":""b40932d5-d287-41d5-37cc-36b299a8c5f7"",""yes_price_dollars"":""0.3900""}"
KXBTC15M-26APR281015-15,b93bdc4d-fd18-4ad9-807f-efead229b628,1777384846,0.38,34.0,no,"{""count_fp"":""34.00"",""created_time"":""2026-04-28T14:00:46.078057Z"",""no_price_dollars"":""0.6200"",""taker_side"":""no"",""ticker"":""KXBTC15M-26APR281015-15"",""trade_id"":""b93bdc4d-fd18-4ad9-807f-efead229b628"",""yes_price_dollars"":""0.3800""}"
KXBTC15M-26APR281015-15,18a9c730-cef8-7239-5555-0df4203b15cc,1777384847,0.38,0.62,no,"{""count_fp"":""0.62"",""created_time"":""2026-04-28T14:00:47.650905Z"",""no_price_dollars"":""0.6200"",""taker_side"":""no"",""ticker"":""KXBTC15M-26APR281015-15"",""trade_id"":""18a9c730-cef8-7239-5555-0df4203b15cc"",""yes_price_dollars"":""0.3800""}"
KXBTC15M-26APR281015-15,ce32164a-f7b0-5741-825c-9d5fd8ad75f8,1777384847,0.38,31.42,no,"{""count_fp"":""31.42"",""created_time"":""2026-04-28T14:00:47.610425Z"",""no_price_dollars"":""0.6200"",""taker_side"":""no"",""ticker"":""KXBTC15M-26APR281015-15"",""trade_id"":""ce32164a-f7b0-5741-825c-9d5fd8ad75f8"",""yes_price_dollars"":""0.3800""}"
KXBTC15M-26APR281015-15,32033095-94d8-4ca9-600c-1b008b539548,1777384847,0.38,23.56,no,"{""count_fp"":""23.56"",""created_time"":""2026-04-28T14:00:47.414625Z"",""no_price_dollars"":""0.6200"",""taker_side"":""no"",""ticker"":""KXBTC15M-26APR281015-15"",""trade_id"":""32033095-94d8-4ca9-600c-1b008b539548"",""yes_price_dollars"":""0.3800""}"
KXBTC15M-26APR281015-15,01cfdfe0-3c58-5b49-f664-f8625c01d774,1777384847,0.38,7.85,no,"{""count_fp"":""7.85"",""created_time"":""2026-04-28T14:00:47.139637Z"",""no_price_dollars"":""0.6200"",""taker_side"":""no"",""ticker"":""KXBTC15M-26APR281015-15"",""trade_id"":""01cfdfe0-3c58-5b49-f664-f8625c01d774"",""yes_price_dollars"":""0.3800""}"
KXBTC15M-26APR281015-15,67552de5-86bb-7b3f-8c32-c06f9df6d9bc,1777384847,0.39,10.0,yes,"{""count_fp"":""10.00"",""created_time"":""2026-04-28T14:00:47.013655Z"",""no_price_dollars"":""0.6100"",""taker_side"":""yes"",""ticker"":""KXBTC15M-26APR281015-15"",""trade_id"":""67552de5-86bb-7b3f-8c32-c06f9df6d9bc"",""yes_price_dollars"":""0.3900""}"
KXBTC15M-26APR281015-15,d3eac3b2-0500-75cd-62d2-ae82ce847580,1777384848,0.38,9.42,no,"{""count_fp"":""9.42"",""created_time"":""2026-04-28T14:00:48.881997Z"",""no_price_dollars"":""0.6200"",""taker_side"":""no"",""ticker"":""KXBTC15M-26APR281015-15"",""trade_id"":""d3eac3b2-0500-75cd-62d2-ae82ce847580"",""yes_price_dollars"":""0.3800""}"
KXBTC15M-26APR281015-15,1a6431f5-c078-4e7d-15cb-8f6a9e7314d4,1777384848,0.38,37.7,no,"{""count_fp"":""37.70"",""created_time"":""2026-04-28T14:00:48.787158Z"",""no_price_dollars"":""0.6200"",""taker_side"":""no"",""ticker"":""KXBTC15M-26APR281015-15"",""trade_id"":""1a6431f5-c078-4e7d-15cb-8f6a9e7314d4"",""yes_price_dollars"":""0.3800""}"
KXBTC15M-26APR281015-15,f9bbd088-7f8a-7ec9-0d91-b01061adc07e,1777384848,0.39,7.37,yes,"{""count_fp"":""7.37"",""created_time"":""2026-04-28T14:00:48.727509Z"",""no_price_dollars"":""0.6100"",""taker_side"":""yes"",""ticker"":""KXBTC15M-26APR281015-15"",""trade_id"":""f9bbd088-7f8a-7ec9-0d91-b01061adc07e"",""yes_price_dollars"":""0.3900""}"
KXBTC15M-26APR281015-15,d17f362f-2217-7435-429a-6734884e2a7b,1777384848,0.39,25.0,yes,"{""count_fp"":""25.00"",""created_time"":""2026-04-28T14:00:48.594871Z"",""no_price_dollars"":""0.6100"",""taker_side"":""yes"",""ticker"":""KXBTC15M-26APR281015-15"",""trade_id"":""d17f362f-2217-7435-429a-6734884e2a7b"",""yes_price_dollars"":""0.3900""}"
KXBTC15M-26APR281015-15,cc127b5d-1773-7667-9bdd-c8c72898d2e4,1777384848,0.39,10.0,yes,"{""count_fp"":""10.00"",""created_time"":""2026-04-28T14:00:48.584543Z"",""no_price_dollars"":""0.6100"",""taker_side"":""yes"",""ticker"":""KXBTC15M-26APR281015-15"",""trade_id"":""cc127b5d-1773-7667-9bdd-c8c72898d2e4"",""yes_price_dollars"":""0.3900""}"
KXBTC15M-26APR281015-15,5d978336-0e43-7ce9-89e5-b6ce9e84df03,1777384848,0.39,16.35,yes,"{""count_fp"":""16.35"",""created_time"":""2026-04-28T14:00:48.584543Z"",""no_price_dollars"":""0.6100"",""taker_side"":""yes"",""ticker"":""KXBTC15M-26APR281015-15"",""trade_id"":""5d978336-0e43-7ce9-89e5-b6ce9e84df03"",""yes_price_dollars"":""0.3900""}"
KXBTC15M-26APR281015-15,a4a331c8-1f6b-68f7-e98f-9efc4ed67128,1777384848,0.39,1.0,yes,"{""count_fp"":""1.00"",""created_time"":""2026-04-28T14:00:48.460095Z"",""no_price_dollars"":""0.6100"",""taker_side"":""yes"",""ticker"":""KXBTC15M-26APR281015-15"",""trade_id"":""a4a331c8-1f6b-68f7-e98f-9efc4ed67128"",""yes_price_dollars"":""0.3900""}"
KXBTC15M-26APR281015-15,07667183-9a24-5475-fa4b-b0f87d588a10,1777384848,0.38,7.85,no,"{""count_fp"":""7.85"",""created_time"":""2026-04-28T14:00:48.213269Z"",""no_price_dollars"":""0.6200"",""taker_side"":""no"",""ticker"":""KXBTC15M-26APR281015-15"",""trade_id"":""07667183-9a24-5475-fa4b-b0f87d588a10"",""yes_price_dollars"":""0.3800""}"
KXBTC15M-26APR281015-15,456bf359-d76f-67e9-f7e3-51d0cd9c0f07,1777384849,0.39,4.91,yes,"{""count_fp"":""4.91"",""created_time"":""2026-04-28T14:00:49.920883Z"",""no_price_dollars"":""0.6100"",""taker_side"":""yes"",""ticker"":""KXBTC15M-26APR281015-15"",""trade_id"":""456bf359-d76f-67e9-f7e3-51d0cd9c0f07"",""yes_price_dollars"":""0.3900""}"
KXBTC15M-26APR281015-15,478d48c4-8bdf-7ba1-d279-64115e0e23e3,1777384849,0.39,0.53,yes,"{""count_fp"":""0.53"",""created_time"":""2026-04-28T14:00:49.860425Z"",""no_price_dollars"":""0.6100"",""taker_side"":""yes"",""ticker"":""KXBTC15M-26APR281015-15"",""trade_id"":""478d48c4-8bdf-7ba1-d279-64115e0e23e3"",""yes_price_dollars"":""0.3900""}"
KXBTC15M-26APR281015-15,33c67331-6017-5c69-13b8-c1a739d72917,1777384849,0.39,4.85,yes,"{""count_fp"":""4.85"",""created_time"":""2026-04-28T14:00:49.602234Z"",""no_price_dollars"":""0.6100"",""taker_side"":""yes"",""ticker"":""KXBTC15M-26APR281015-15"",""trade_id"":""33c67331-6017-5c69-13b8-c1a739d72917"",""yes_price_dollars"":""0.3900""}"
KXBTC15M-26APR281015-15,e6f65892-eb03-69d5-23b2-a13d2db8a433,1777384849,0.39,49.18,yes,"{""count_fp"":""49.18"",""created_time"":""2026-04-28T14:00:49.299108Z"",""no_price_dollars"":""0.6100"",""taker_side"":""yes"",""ticker"":""KXBTC15M-26APR281015-15"",""trade_id"":""e6f65892-eb03-69d5-23b2-a13d2db8a433"",""yes_price_dollars"":""0.3900""}"
KXBTC15M-26APR281015-15,7249e535-b27f-5b09-37e8-2edc4043b90b,1777384849,0.39,3.17,yes,"{""count_fp"":""3.17"",""created_time"":""2026-04-28T14:00:49.278741Z"",""no_price_dollars"":""0.6100"",""taker_side"":""yes"",""ticker"":""KXBTC15M-26APR281015-15"",""trade_id"":""7249e535-b27f-5b09-37e8-2edc4043b90b"",""yes_price_dollars"":""0.3900""}"
KXBTC15M-26APR281015-15,0b15115f-ac1e-5f4f-3cb0-0a9c97190fd3,1777384849,0.39,21.0,yes,"{""count_fp"":""21.00"",""created_time"":""2026-04-28T14:00:49.278741Z"",""no_price_dollars"":""0.6100"",""taker_side"":""yes"",""ticker"":""KXBTC15M-26APR281015-15"",""trade_id"":""0b15115f-ac1e-5f4f-3cb0-0a9c97190fd3"",""yes_price_dollars"":""0.3900""}"
KXBTC15M-26APR281015-15,0b6d3bf7-c54b-4df5-f96b-773ff1e98a23,1777384849,0.39,2.45,yes,"{""count_fp"":""2.45"",""created_time"":""2026-04-28T14:00:49.211187Z"",""no_price_dollars"":""0.6100"",""taker_side"":""yes"",""ticker"":""KXBTC15M-26APR281015-15"",""trade_id"":""0b6d3bf7-c54b-4df5-f96b-773ff1e98a23"",""yes_price_dollars"":""0.3900""}"
KXBTC15M-26APR281015-15,b88ac3a2-8f3f-74c5-a391-c890309be6ef,1777384849,0.39,22.54,yes,"{""count_fp"":""22.54"",""created_time"":""2026-04-28T14:00:49.209249Z"",""no_price_dollars"":""0.6100"",""taker_side"":""yes"",""ticker"":""KXBTC15M-26APR281015-15"",""trade_id"":""b88ac3a2-8f3f-74c5-a391-c890309be6ef"",""yes_price_dollars"":""0.3900""}"
KXBTC15M-26APR281015-15,c23aabef-470f-675d-eb19-2f6b68ae378f,1777384849,0.39,0.24,yes,"{""count_fp"":""0.24"",""created_time"":""2026-04-28T14:00:49.024976Z"",""no_price_dollars"":""0.6100"",""taker_side"":""yes"",""ticker"":""KXBTC15M-26APR281015-15"",""trade_id"":""c23aabef-470f-675d-eb19-2f6b68ae378f"",""yes_price_dollars"":""0.3900""}"
KXBTC15M-26APR281015-15,ee5f8d0a-73f7-5f67-614b-805f70ca5303,1777384850,0.41,3.0,yes,"{""count_fp"":""3.00"",""created_time"":""2026-04-28T14:00:50.990046Z"",""no_price_dollars"":""0.5900"",""taker_side"":""yes"",""ticker"":""KXBTC15M-26APR281015-15"",""trade_id"":""ee5f8d0a-73f7-5f67-614b-805f70ca5303"",""yes_price_dollars"":""0.4100""}"
KXBTC15M-26APR281015-15,c97c6dff-09e0-550f-4e0e-d4c73f010064,1777384850,0.4,1.0,yes,"{""count_fp"":""1.00"",""created_time"":""2026-04-28T14:00:50.990046Z"",""no_price_dollars"":""0.6000"",""taker_side"":""yes"",""ticker"":""KXBTC15M-26APR281015-15"",""trade_id"":""c97c6dff-09e0-550f-4e0e-d4c73f010064"",""yes_price_dollars"":""0.4000""}"
KXBTC15M-26APR281015-15,9bdc65fb-bf58-5831-4e2a-fd4ea1216954,1777384850,0.39,35.0,yes,"{""count_fp"":""35.00"",""created_time"":""2026-04-28T14:00:50.990046Z"",""no_price_dollars"":""0.6100"",""taker_side"":""yes"",""ticker"":""KXBTC15M-26APR281015-15"",""trade_id"":""9bdc65fb-bf58-5831-4e2a-fd4ea1216954"",""yes_price_dollars"":""0.3900""}"
KXBTC15M-26APR281015-15,7deadc4d-1b58-50f8-5c29-1a01314b0990,1777384850,0.4,21.0,yes,"{""count_fp"":""21.00"",""created_time"":""2026-04-28T14:00:50.990046Z"",""no_price_dollars"":""0.6000"",""taker_side"":""yes"",""ticker"":""KXBTC15M-26APR281015-15"",""trade_id"":""7deadc4d-1b58-50f8-5c29-1a01314b0990"",""yes_price_dollars"":""0.4000""}"
