ticker,trade_id,ts,yes_price,count,taker_side,raw_json
KXBTC15M-26APR271715-15,e3beb54b-4b96-7d5f-a53c-c72862137001,1777323601,0.41,20.0,no,"{""count_fp"":""20.00"",""created_time"":""2026-04-27T21:00:01.232348Z"",""no_price_dollars"":""0.5900"",""taker_side"":""no"",""ticker"":""KXBTC15M-26APR271715-15"",""trade_id"":""e3beb54b-4b96-7d5f-a53c-c72862137001"",""yes_price_dollars"":""0.4100""}"
KXBTC15M-26APR271715-15,8ae8e57f-9811-7318-9549-73d4b6d58dd6,1777323601,0.35,4.0,no,"{""count_fp"":""4.00"",""created_time"":""2026-04-27T21:00:01.232348Z"",""no_price_dollars"":""0.6500"",""taker_side"":""no"",""ticker"":""KXBTC15M-26APR271715-15"",""trade_id"":""8ae8e57f-9811-7318-9549-73d4b6d58dd6"",""yes_price_dollars"":""0.3500""}"
KXBTC15M-26APR271715-15,f1d6e0e1-8b8c-703e-84a8-38645b1401f8,1777323602,0.47,1.38,no,"{""count_fp"":""1.38"",""created_time"":""2026-04-27T21:00:02.583514Z"",""no_price_dollars"":""0.5300"",""taker_side"":""no"",""ticker"":""KXBTC15M-26APR271715-15"",""trade_id"":""f1d6e0e1-8b8c-703e-84a8-38645b1401f8"",""yes_price_dollars"":""0.4700""}"
KXBTC15M-26APR271715-15,45099115-20eb-67f6-9d57-fa1b7bb92ba3,1777323603,0.41,11.0,no,"{""count_fp"":""11.00"",""created_time"":""2026-04-27T21:00:03.332052Z"",""no_price_dollars"":""0.5900"",""taker_side"":""no"",""ticker"":""KXBTC15M-26APR271715-15"",""trade_id"":""45099115-20eb-67f6-9d57-fa1b7bb92ba3"",""yes_price_dollars"":""0.4100""}"
KXBTC15M-26APR271715-15,49bffd6d-ffbe-6b4c-f43e-37b9cbaf4e01,1777323603,0.45,40.0,yes,"{""count_fp"":""40.00"",""created_time"":""2026-04-27T21:00:03.063043Z"",""no_price_dollars"":""0.5500"",""taker_side"":""yes"",""ticker"":""KXBTC15M-26APR271715-15"",""trade_id"":""49bffd6d-ffbe-6b4c-f43e-37b9cbaf4e01"",""yes_price_dollars"":""0.4500""}"
KXBTC15M-26APR271715-15,b70fccae-21a5-6e9f-0dba-0bc257d9ba43,1777323604,0.35,1.0,yes,"{""count_fp"":""1.00"",""created_time"":""2026-04-27T21:00:04.783711Z"",""no_price_dollars"":""0.6500"",""taker_side"":""yes"",""ticker"":""KXBTC15M-26APR271715-15"",""trade_id"":""b70fccae-21a5-6e9f-0dba-0bc257d9ba43"",""yes_price_dollars"":""0.3500""}"
KXBTC15M-26APR271715-15,8dd6435b-58af-6eed-2d16-af922243332e,1777323604,0.35,2.0,yes,"{""count_fp"":""2.00"",""created_time"":""2026-04-27T21:00:04.783711Z"",""no_price_dollars"":""0.6500"",""taker_side"":""yes"",""ticker"":""KXBTC15M-26APR271715-15"",""trade_id"":""8dd6435b-58af-6eed-2d16-af922243332e"",""yes_price_dollars"":""0.3500""}"
KXBTC15M-26APR271715-15,59ccf553-2778-6034-0b23-2dcd10829beb,1777323604,0.36,2.0,yes,"{""count_fp"":""2.00"",""created_time"":""2026-04-27T21:00:04.783711Z"",""no_price_dollars"":""0.6400"",""taker_side"":""yes"",""ticker"":""KXBTC15M-26APR271715-15"",""trade_id"":""59ccf553-2778-6034-0b23-2dcd10829beb"",""yes_price_dollars"":""0.3600""}"
KXBTC15M-26APR271715-15,bd9c9003-1e7e-75e3-6e75-0c3471438c0a,1777323604,0.35,10.0,yes,"{""count_fp"":""10.00"",""created_time"":""2026-04-27T21:00:04.439093Z"",""no_price_dollars"":""0.6500"",""taker_side"":""yes"",""ticker"":""KXBTC15M-26APR271715-15"",""trade_id"":""bd9c9003-1e7e-75e3-6e75-0c3471438c0a"",""yes_price_dollars"":""0.3500""}"
KXBTC15M-26APR271715-15,ab92b534-1e9e-7aef-6bb3-2528091dff04,1777323604,0.35,1.0,yes,"{""count_fp"":""1.00"",""created_time"":""2026-04-27T21:00:04.439093Z"",""no_price_dollars"":""0.6500"",""taker_side"":""yes"",""ticker"":""KXBTC15M-26APR271715-15"",""trade_id"":""ab92b534-1e9e-7aef-6bb3-2528091dff04"",""yes_price_dollars"":""0.3500""}"
KXBTC15M-26APR271715-15,8b4c5f3e-d13e-7a80-4671-df7d5ad052d1,1777323604,0.35,30.0,yes,"{""count_fp"":""30.00"",""created_time"":""2026-04-27T21:00:04.439093Z"",""no_price_dollars"":""0.6500"",""taker_side"":""yes"",""ticker"":""KXBTC15M-26APR271715-15"",""trade_id"":""8b4c5f3e-d13e-7a80-4671-df7d5ad052d1"",""yes_price_dollars"":""0.3500""}"
KXBTC15M-26APR271715-15,75466089-2931-719e-78e0-80a39d3c4735,1777323604,0.36,50.0,yes,"{""count_fp"":""50.00"",""created_time"":""2026-04-27T21:00:04.439093Z"",""no_price_dollars"":""0.6400"",""taker_side"":""yes"",""ticker"":""KXBTC15M-26APR271715-15"",""trade_id"":""75466089-2931-719e-78e0-80a39d3c4735"",""yes_price_dollars"":""0.3600""}"
KXBTC15M-26APR271715-15,51728d47-5f0d-7cea-52ea-0844540d54e4,1777323604,0.35,7.0,yes,"{""count_fp"":""7.00"",""created_time"":""2026-04-27T21:00:04.439093Z"",""no_price_dollars"":""0.6500"",""taker_side"":""yes"",""ticker"":""KXBTC15M-26APR271715-15"",""trade_id"":""51728d47-5f0d-7cea-52ea-0844540d54e4"",""yes_price_dollars"":""0.3500""}"
KXBTC15M-26APR271715-15,10115023-ba8b-74b9-5329-c8ec4ad0e9a0,1777323604,0.35,2.0,yes,"{""count_fp"":""2.00"",""created_time"":""2026-04-27T21:00:04.439093Z"",""no_price_dollars"":""0.6500"",""taker_side"":""yes"",""ticker"":""KXBTC15M-26APR271715-15"",""trade_id"":""10115023-ba8b-74b9-5329-c8ec4ad0e9a0"",""yes_price_dollars"":""0.3500""}"
KXBTC15M-26APR271715-15,09119fd5-e276-5d98-c120-b3c9a41c5c0c,1777323607,0.3,21.0,no,"{""count_fp"":""21.00"",""created_time"":""2026-04-27T21:00:07.615157Z"",""no_price_dollars"":""0.7000"",""taker_side"":""no"",""ticker"":""KXBTC15M-26APR271715-15"",""trade_id"":""09119fd5-e276-5d98-c120-b3c9a41c5c0c"",""yes_price_dollars"":""0.3000""}"
KXBTC15M-26APR271715-15,7fca9b40-46c2-6bf9-bb26-a22483f35faa,1777323607,0.35,6.0,yes,"{""count_fp"":""6.00"",""created_time"":""2026-04-27T21:00:07.326387Z"",""no_price_dollars"":""0.6500"",""taker_side"":""yes"",""ticker"":""KXBTC15M-26APR271715-15"",""trade_id"":""7fca9b40-46c2-6bf9-bb26-a22483f35faa"",""yes_price_dollars"":""0.3500""}"
KXBTC15M-26APR271715-15,523b3fd7-7f9a-6bd3-99fe-47e686e19ca5,1777323607,0.35,2.0,yes,"{""count_fp"":""2.00"",""created_time"":""2026-04-27T21:00:07.326387Z"",""no_price_dollars"":""0.6500"",""taker_side"":""yes"",""ticker"":""KXBTC15M-26APR271715-15"",""trade_id"":""523b3fd7-7f9a-6bd3-99fe-47e686e19ca5"",""yes_price_dollars"":""0.3500""}"
KXBTC15M-26APR271715-15,1cf420bf-ca46-6457-87fd-2478fb01f30c,1777323607,0.35,1.0,yes,"{""count_fp"":""1.00"",""created_time"":""2026-04-27T21:00:07.326387Z"",""no_price_dollars"":""0.6500"",""taker_side"":""yes"",""ticker"":""KXBTC15M-26APR271715-15"",""trade_id"":""1cf420bf-ca46-6457-87fd-2478fb01f30c"",""yes_price_dollars"":""0.3500""}"
KXBTC15M-26APR271715-15,18a2bb5a-bd26-6558-e31e-ec96f34b96f0,1777323607,0.3,21.63,no,"{""count_fp"":""21.63"",""created_time"":""2026-04-27T21:00:07.238518Z"",""no_price_dollars"":""0.7000"",""taker_side"":""no"",""ticker"":""KXBTC15M-26APR271715-15"",""trade_id"":""18a2bb5a-bd26-6558-e31e-ec96f34b96f0"",""yes_price_dollars"":""0.3000""}"
KXBTC15M-26APR271715-15,129d5043-aa4f-491e-14b5-b8ac146f8c52,1777323608,0.33,0.31,yes,"{""count_fp"":""0.31"",""created_time"":""2026-04-27T21:00:08.274512Z"",""no_price_dollars"":""0.6700"",""taker_side"":""yes"",""ticker"":""KXBTC15M-26APR271715-15"",""trade_id"":""129d5043-aa4f-491e-14b5-b8ac146f8c52"",""yes_price_dollars"":""0.3300""}"
KXBTC15M-26APR271715-15,7819eac6-af87-62a8-7b70-7d2022d4ff98,1777323609,0.35,10.0,yes,"{""count_fp"":""10.00"",""created_time"":""2026-04-27T21:00:09.460802Z"",""no_price_dollars"":""0.6500"",""taker_side"":""yes"",""ticker"":""KXBTC15M-26APR271715-15"",""trade_id"":""7819eac6-af87-62a8-7b70-7d2022d4ff98"",""yes_price_dollars"":""0.3500""}"
KXBTC15M-26APR271715-15,72a693d6-d148-7484-a616-93d1df7c948e,1777323609,0.35,5.46,yes,"{""count_fp"":""5.46"",""created_time"":""2026-04-27T21:00:09.272558Z"",""no_price_dollars"":""0.6500"",""taker_side"":""yes"",""ticker"":""KXBTC15M-26APR271715-15"",""trade_id"":""72a693d6-d148-7484-a616-93d1df7c948e"",""yes_price_dollars"":""0.3500""}"
KXBTC15M-26APR271715-15,f1e628d9-da83-5e16-1c28-13bbd6243f0a,1777323609,0.33,2.69,yes,"{""count_fp"":""2.69"",""created_time"":""2026-04-27T21:00:09.178125Z"",""no_price_dollars"":""0.6700"",""taker_side"":""yes"",""ticker"":""KXBTC15M-26APR271715-15"",""trade_id"":""f1e628d9-da83-5e16-1c28-13bbd6243f0a"",""yes_price_dollars"":""0.3300""}"
KXBTC15M-26APR271715-15,e56a444b-d4d8-5147-069c-14718b089675,1777323609,0.32,56.0,yes,"{""count_fp"":""56.00"",""created_time"":""2026-04-27T21:00:09.178125Z"",""no_price_dollars"":""0.6800"",""taker_side"":""yes"",""ticker"":""KXBTC15M-26APR271715-15"",""trade_id"":""e56a444b-d4d8-5147-069c-14718b089675"",""yes_price_dollars"":""0.3200""}"
KXBTC15M-26APR271715-15,a44924c5-2de7-56cf-2785-923fea544c2f,1777323609,0.32,5.0,yes,"{""count_fp"":""5.00"",""created_time"":""2026-04-27T21:00:09.178125Z"",""no_price_dollars"":""0.6800"",""taker_side"":""yes"",""ticker"":""KXBTC15M-26APR271715-15"",""trade_id"":""a44924c5-2de7-56cf-2785-923fea544c2f"",""yes_price_dollars"":""0.3200""}"
KXBTC15M-26APR271715-15,88e4424f-14d2-553d-1652-d6db6a2e9510,1777323609,0.33,2.0,yes,"{""count_fp"":""2.00"",""created_time"":""2026-04-27T21:00:09.178125Z"",""no_price_dollars"":""0.6700"",""taker_side"":""yes"",""ticker"":""KXBTC15M-26APR271715-15"",""trade_id"":""88e4424f-14d2-553d-1652-d6db6a2e9510"",""yes_price_dollars"":""0.3300""}"
KXBTC15M-26APR271715-15,7551cf3d-d40a-5581-0a41-b35f9c3ed4aa,1777323609,0.35,4.0,yes,"{""count_fp"":""4.00"",""created_time"":""2026-04-27T21:00:09.178125Z"",""no_price_dollars"":""0.6500"",""taker_side"":""yes"",""ticker"":""KXBTC15M-26APR271715-15"",""trade_id"":""7551cf3d-d40a-5581-0a41-b35f9c3ed4aa"",""yes_price_dollars"":""0.3500""}"
KXBTC15M-26APR271715-15,6723c1e3-d2bb-5928-2f15-7397ff5120d0,1777323609,0.32,2.0,yes,"{""count_fp"":""2.00"",""created_time"":""2026-04-27T21:00:09.178125Z"",""no_price_dollars"":""0.6800"",""taker_side"":""yes"",""ticker"":""KXBTC15M-26APR271715-15"",""trade_id"":""6723c1e3-d2bb-5928-2f15-7397ff5120d0"",""yes_price_dollars"":""0.3200""}"
KXBTC15M-26APR271715-15,121eef8e-e50e-5e3d-0bb7-0f4e3fc1b48c,1777323609,0.34,2.0,yes,"{""count_fp"":""2.00"",""created_time"":""2026-04-27T21:00:09.178125Z"",""no_price_dollars"":""0.6600"",""taker_side"":""yes"",""ticker"":""KXBTC15M-26APR271715-15"",""trade_id"":""121eef8e-e50e-5e3d-0bb7-0f4e3fc1b48c"",""yes_price_dollars"":""0.3400""}"
KXBTC15M-26APR271715-15,2e94652d-7572-768c-29d1-f68bd0381968,1777323610,0.3,16.79,no,"{""count_fp"":""16.79"",""created_time"":""2026-04-27T21:00:10.904672Z"",""no_price_dollars"":""0.7000"",""taker_side"":""no"",""ticker"":""KXBTC15M-26APR271715-15"",""trade_id"":""2e94652d-7572-768c-29d1-f68bd0381968"",""yes_price_dollars"":""0.3000""}"
KXBTC15M-26APR271715-15,e5fa7d2b-1b8a-7ae0-e0ff-6f7ec3dfc8bc,1777323610,0.3,1.8,no,"{""count_fp"":""1.80"",""created_time"":""2026-04-27T21:00:10.820065Z"",""no_price_dollars"":""0.7000"",""taker_side"":""no"",""ticker"":""KXBTC15M-26APR271715-15"",""trade_id"":""e5fa7d2b-1b8a-7ae0-e0ff-6f7ec3dfc8bc"",""yes_price_dollars"":""0.3000""}"
KXBTC15M-26APR271715-15,ad4fab7e-f0db-7928-fbda-de4a7be79883,1777323610,0.31,1.0,no,"{""count_fp"":""1.00"",""created_time"":""2026-04-27T21:00:10.820065Z"",""no_price_dollars"":""0.6900"",""taker_side"":""no"",""ticker"":""KXBTC15M-26APR271715-15"",""trade_id"":""ad4fab7e-f0db-7928-fbda-de4a7be79883"",""yes_price_dollars"":""0.3100""}"
KXBTC15M-26APR271715-15,46c6d321-8407-49b0-295e-d640479e6930,1777323610,0.34,10.27,yes,"{""count_fp"":""10.27"",""created_time"":""2026-04-27T21:00:10.127804Z"",""no_price_dollars"":""0.6600"",""taker_side"":""yes"",""ticker"":""KXBTC15M-26APR271715-15"",""trade_id"":""46c6d321-8407-49b0-295e-d640479e6930"",""yes_price_dollars"":""0.3400""}"
KXBTC15M-26APR271715-15,0b6251be-6643-4f7b-0d38-08f370ee9c02,1777323610,0.32,3.0,yes,"{""count_fp"":""3.00"",""created_time"":""2026-04-27T21:00:10.127804Z"",""no_price_dollars"":""0.6800"",""taker_side"":""yes"",""ticker"":""KXBTC15M-26APR271715-15"",""trade_id"":""0b6251be-6643-4f7b-0d38-08f370ee9c02"",""yes_price_dollars"":""0.3200""}"
KXBTC15M-26APR271715-15,6385cc29-510a-4960-a7ab-c3c13aa61134,1777323611,0.3,6.99,no,"{""count_fp"":""6.99"",""created_time"":""2026-04-27T21:00:11.988688Z"",""no_price_dollars"":""0.7000"",""taker_side"":""no"",""ticker"":""KXBTC15M-26APR271715-15"",""trade_id"":""6385cc29-510a-4960-a7ab-c3c13aa61134"",""yes_price_dollars"":""0.3000""}"
KXBTC15M-26APR271715-15,fb017de8-7fad-4400-d204-686b96de0fa3,1777323611,0.31,15.38,yes,"{""count_fp"":""15.38"",""created_time"":""2026-04-27T21:00:11.008586Z"",""no_price_dollars"":""0.6900"",""taker_side"":""yes"",""ticker"":""KXBTC15M-26APR271715-15"",""trade_id"":""fb017de8-7fad-4400-d204-686b96de0fa3"",""yes_price_dollars"":""0.3100""}"
KXBTC15M-26APR271715-15,f78d1517-9b07-45d9-ca71-fe1079d572c0,1777323611,0.31,11.0,yes,"{""count_fp"":""11.00"",""created_time"":""2026-04-27T21:00:11.008586Z"",""no_price_dollars"":""0.6900"",""taker_side"":""yes"",""ticker"":""KXBTC15M-26APR271715-15"",""trade_id"":""f78d1517-9b07-45d9-ca71-fe1079d572c0"",""yes_price_dollars"":""0.3100""}"
KXBTC15M-26APR271715-15,c48c1e29-ab2c-4651-e7d8-5d5e3bb7a7d1,1777323611,0.31,3.0,yes,"{""count_fp"":""3.00"",""created_time"":""2026-04-27T21:00:11.008586Z"",""no_price_dollars"":""0.6900"",""taker_side"":""yes"",""ticker"":""KXBTC15M-26APR271715-15"",""trade_id"":""c48c1e29-ab2c-4651-e7d8-5d5e3bb7a7d1"",""yes_price_dollars"":""0.3100""}"
KXBTC15M-26APR271715-15,95f195de-d345-4743-c34c-55f1e0d588a5,1777323611,0.32,70.62,yes,"{""count_fp"":""70.62"",""created_time"":""2026-04-27T21:00:11.008586Z"",""no_price_dollars"":""0.6800"",""taker_side"":""yes"",""ticker"":""KXBTC15M-26APR271715-15"",""trade_id"":""95f195de-d345-4743-c34c-55f1e0d588a5"",""yes_price_dollars"":""0.3200""}"
KXBTC15M-26APR271715-15,c19a770f-7cbd-4b58-cf83-d44e81a2fb7c,1777323612,0.3,10.0,no,"{""count_fp"":""10.00"",""created_time"":""2026-04-27T21:00:12.875779Z"",""no_price_dollars"":""0.7000"",""taker_side"":""no"",""ticker"":""KXBTC15M-26APR271715-15"",""trade_id"":""c19a770f-7cbd-4b58-cf83-d44e81a2fb7c"",""yes_price_dollars"":""0.3000""}"
KXBTC15M-26APR271715-15,271f4530-64e6-4e54-c8c0-b48836710ee8,1777323612,0.3,140.79,no,"{""count_fp"":""140.79"",""created_time"":""2026-04-27T21:00:12.875779Z"",""no_price_dollars"":""0.7000"",""taker_side"":""no"",""ticker"":""KXBTC15M-26APR271715-15"",""trade_id"":""271f4530-64e6-4e54-c8c0-b48836710ee8"",""yes_price_dollars"":""0.3000""}"
KXBTC15M-26APR271715-15,de0f19c7-1ca9-4227-77d2-ba0a0cc502d1,1777323612,0.31,11.24,yes,"{""count_fp"":""11.24"",""created_time"":""2026-04-27T21:00:12.846618Z"",""no_price_dollars"":""0.6900"",""taker_side"":""yes"",""ticker"":""KXBTC15M-26APR271715-15"",""trade_id"":""de0f19c7-1ca9-4227-77d2-ba0a0cc502d1"",""yes_price_dollars"":""0.3100""}"
KXBTC15M-26APR271715-15,c34534ce-dee7-4059-58ac-8a7eb5c6cef5,1777323612,0.31,1.0,yes,"{""count_fp"":""1.00"",""created_time"":""2026-04-27T21:00:12.191983Z"",""no_price_dollars"":""0.6900"",""taker_side"":""yes"",""ticker"":""KXBTC15M-26APR271715-15"",""trade_id"":""c34534ce-dee7-4059-58ac-8a7eb5c6cef5"",""yes_price_dollars"":""0.3100""}"
KXBTC15M-26APR271715-15,a1963e23-f5bb-755c-d8a2-ed91df514e2b,1777323613,0.29,15.38,yes,"{""count_fp"":""15.38"",""created_time"":""2026-04-27T21:00:13.834363Z"",""no_price_dollars"":""0.7100"",""taker_side"":""yes"",""ticker"":""KXBTC15M-26APR271715-15"",""trade_id"":""a1963e23-f5bb-755c-d8a2-ed91df514e2b"",""yes_price_dollars"":""0.2900""}"
KXBTC15M-26APR271715-15,f1eb97e2-0d4d-76b3-1544-ed51ac7aca0d,1777323613,0.3,109.62,yes,"{""count_fp"":""109.62"",""created_time"":""2026-04-27T21:00:13.261436Z"",""no_price_dollars"":""0.7000"",""taker_side"":""yes"",""ticker"":""KXBTC15M-26APR271715-15"",""trade_id"":""f1eb97e2-0d4d-76b3-1544-ed51ac7aca0d"",""yes_price_dollars"":""0.3000""}"
KXBTC15M-26APR271715-15,d1992746-84d8-7a71-3bf4-e3c978dd5482,1777323613,0.29,8.0,yes,"{""count_fp"":""8.00"",""created_time"":""2026-04-27T21:00:13.261436Z"",""no_price_dollars"":""0.7100"",""taker_side"":""yes"",""ticker"":""KXBTC15M-26APR271715-15"",""trade_id"":""d1992746-84d8-7a71-3bf4-e3c978dd5482"",""yes_price_dollars"":""0.2900""}"
KXBTC15M-26APR271715-15,189c0f24-2516-78fe-2472-c10240df6214,1777323613,0.29,27.0,yes,"{""count_fp"":""27.00"",""created_time"":""2026-04-27T21:00:13.261436Z"",""no_price_dollars"":""0.7100"",""taker_side"":""yes"",""ticker"":""KXBTC15M-26APR271715-15"",""trade_id"":""189c0f24-2516-78fe-2472-c10240df6214"",""yes_price_dollars"":""0.2900""}"
KXBTC15M-26APR271715-15,e2de929c-8dfb-4428-f817-23cd1408fbd9,1777323613,0.3,3.0,yes,"{""count_fp"":""3.00"",""created_time"":""2026-04-27T21:00:13.186139Z"",""no_price_dollars"":""0.7000"",""taker_side"":""yes"",""ticker"":""KXBTC15M-26APR271715-15"",""trade_id"":""e2de929c-8dfb-4428-f817-23cd1408fbd9"",""yes_price_dollars"":""0.3000""}"
KXBTC15M-26APR271715-15,a6351ede-57f5-46ef-e7f5-85501b39a2e9,1777323613,0.3,572.43,yes,"{""count_fp"":""572.43"",""created_time"":""2026-04-27T21:00:13.186139Z"",""no_price_dollars"":""0.7000"",""taker_side"":""yes"",""ticker"":""KXBTC15M-26APR271715-15"",""trade_id"":""a6351ede-57f5-46ef-e7f5-85501b39a2e9"",""yes_price_dollars"":""0.3000""}"
KXBTC15M-26APR271715-15,a0ce2137-2fc8-45d0-d6b0-d38b1a1adfb9,1777323613,0.3,40.0,yes,"{""count_fp"":""40.00"",""created_time"":""2026-04-27T21:00:13.186139Z"",""no_price_dollars"":""0.7000"",""taker_side"":""yes"",""ticker"":""KXBTC15M-26APR271715-15"",""trade_id"":""a0ce2137-2fc8-45d0-d6b0-d38b1a1adfb9"",""yes_price_dollars"":""0.3000""}"
KXBTC15M-26APR271715-15,79c83d73-ffc6-782a-7b89-157c019b727f,1777323613,0.29,1.0,no,"{""count_fp"":""1.00"",""created_time"":""2026-04-27T21:00:13.012912Z"",""no_price_dollars"":""0.7100"",""taker_side"":""no"",""ticker"":""KXBTC15M-26APR271715-15"",""trade_id"":""79c83d73-ffc6-782a-7b89-157c019b727f"",""yes_price_dollars"":""0.2900""}"
KXBTC15M-26APR271715-15,0f8c9231-1c9f-74ed-7f62-bcd4805e741c,1777323613,0.28,3.0,no,"{""count_fp"":""3.00"",""created_time"":""2026-04-27T21:00:13.012912Z"",""no_price_dollars"":""0.7200"",""taker_side"":""no"",""ticker"":""KXBTC15M-26APR271715-15"",""trade_id"":""0f8c9231-1c9f-74ed-7f62-bcd4805e741c"",""yes_price_dollars"":""0.2800""}"
KXBTC15M-26APR271715-15,0d04c412-0c20-7818-6dc6-0d94bdbffb1c,1777323613,0.27,35.0,no,"{""count_fp"":""35.00"",""created_time"":""2026-04-27T21:00:13.012912Z"",""no_price_dollars"":""0.7300"",""taker_side"":""no"",""ticker"":""KXBTC15M-26APR271715-15"",""trade_id"":""0d04c412-0c20-7818-6dc6-0d94bdbffb1c"",""yes_price_dollars"":""0.2700""}"
KXBTC15M-26APR271715-15,aca78054-69d5-4b22-d75f-1dea8776b78d,1777323614,0.3,11.63,yes,"{""count_fp"":""11.63"",""created_time"":""2026-04-27T21:00:14.787163Z"",""no_price_dollars"":""0.7000"",""taker_side"":""yes"",""ticker"":""KXBTC15M-26APR271715-15"",""trade_id"":""aca78054-69d5-4b22-d75f-1dea8776b78d"",""yes_price_dollars"":""0.3000""}"
KXBTC15M-26APR271715-15,8e6678ae-5f6d-41fa-c3f9-e14367ce1644,1777323614,0.29,40.0,yes,"{""count_fp"":""40.00"",""created_time"":""2026-04-27T21:00:14.787163Z"",""no_price_dollars"":""0.7100"",""taker_side"":""yes"",""ticker"":""KXBTC15M-26APR271715-15"",""trade_id"":""8e6678ae-5f6d-41fa-c3f9-e14367ce1644"",""yes_price_dollars"":""0.2900""}"
KXBTC15M-26APR271715-15,3fea2cea-9aa0-48c4-dfbc-b3226c33f328,1777323614,0.3,3.0,yes,"{""count_fp"":""3.00"",""created_time"":""2026-04-27T21:00:14.787163Z"",""no_price_dollars"":""0.7000"",""taker_side"":""yes"",""ticker"":""KXBTC15M-26APR271715-15"",""trade_id"":""3fea2cea-9aa0-48c4-dfbc-b3226c33f328"",""yes_price_dollars"":""0.3000""}"
KXBTC15M-26APR271715-15,063188cf-afa9-45e3-fe06-eafd44637539,1777323614,0.31,9.46,yes,"{""count_fp"":""9.46"",""created_time"":""2026-04-27T21:00:14.787163Z"",""no_price_dollars"":""0.6900"",""taker_side"":""yes"",""ticker"":""KXBTC15M-26APR271715-15"",""trade_id"":""063188cf-afa9-45e3-fe06-eafd44637539"",""yes_price_dollars"":""0.3100""}"
KXBTC15M-26APR271715-15,fd7a1cbf-88c1-4652-e9ea-b2a94fd198a1,1777323614,0.3,28.37,yes,"{""count_fp"":""28.37"",""created_time"":""2026-04-27T21:00:14.729814Z"",""no_price_dollars"":""0.7000"",""taker_side"":""yes"",""ticker"":""KXBTC15M-26APR271715-15"",""trade_id"":""fd7a1cbf-88c1-4652-e9ea-b2a94fd198a1"",""yes_price_dollars"":""0.3000""}"
KXBTC15M-26APR271715-15,c6ccc9cb-d66e-4a6d-f257-755be801dc14,1777323614,0.29,16.42,yes,"{""count_fp"":""16.42"",""created_time"":""2026-04-27T21:00:14.729814Z"",""no_price_dollars"":""0.7100"",""taker_side"":""yes"",""ticker"":""KXBTC15M-26APR271715-15"",""trade_id"":""c6ccc9cb-d66e-4a6d-f257-755be801dc14"",""yes_price_dollars"":""0.2900""}"
KXBTC15M-26APR271715-15,9eb9a7b4-2231-446b-ce3b-1a9accf68261,1777323614,0.3,1.0,yes,"{""count_fp"":""1.00"",""created_time"":""2026-04-27T21:00:14.729814Z"",""no_price_dollars"":""0.7000"",""taker_side"":""yes"",""ticker"":""KXBTC15M-26APR271715-15"",""trade_id"":""9eb9a7b4-2231-446b-ce3b-1a9accf68261"",""yes_price_dollars"":""0.3000""}"
KXBTC15M-26APR271715-15,4a74a490-92df-4474-e9ce-4731826760d3,1777323614,0.29,40.0,yes,"{""count_fp"":""40.00"",""created_time"":""2026-04-27T21:00:14.729814Z"",""no_price_dollars"":""0.7100"",""taker_side"":""yes"",""ticker"":""KXBTC15M-26APR271715-15"",""trade_id"":""4a74a490-92df-4474-e9ce-4731826760d3"",""yes_price_dollars"":""0.2900""}"
KXBTC15M-26APR271715-15,fcc8f45c-6339-6157-ba73-222c08e60ead,1777323615,0.31,15.0,yes,"{""count_fp"":""15.00"",""created_time"":""2026-04-27T21:00:15.914627Z"",""no_price_dollars"":""0.6900"",""taker_side"":""yes"",""ticker"":""KXBTC15M-26APR271715-15"",""trade_id"":""fcc8f45c-6339-6157-ba73-222c08e60ead"",""yes_price_dollars"":""0.3100""}"
KXBTC15M-26APR271715-15,b4a8c68c-e079-5222-f173-43080043eccc,1777323615,0.3,2.72,no,"{""count_fp"":""2.72"",""created_time"":""2026-04-27T21:00:15.502237Z"",""no_price_dollars"":""0.7000"",""taker_side"":""no"",""ticker"":""KXBTC15M-26APR271715-15"",""trade_id"":""b4a8c68c-e079-5222-f173-43080043eccc"",""yes_price_dollars"":""0.3000""}"
KXBTC15M-26APR271715-15,47e7d632-9e01-5f47-96d7-50c0a2702674,1777323615,0.28,1.0,no,"{""count_fp"":""1.00"",""created_time"":""2026-04-27T21:00:15.317676Z"",""no_price_dollars"":""0.7200"",""taker_side"":""no"",""ticker"":""KXBTC15M-26APR271715-15"",""trade_id"":""47e7d632-9e01-5f47-96d7-50c0a2702674"",""yes_price_dollars"":""0.2800""}"
KXBTC15M-26APR271715-15,cfeee550-62dd-69b0-f124-e14d8bb463cb,1777323615,0.28,1.0,no,"{""count_fp"":""1.00"",""created_time"":""2026-04-27T21:00:15.159386Z"",""no_price_dollars"":""0.7200"",""taker_side"":""no"",""ticker"":""KXBTC15M-26APR271715-15"",""trade_id"":""cfeee550-62dd-69b0-f124-e14d8bb463cb"",""yes_price_dollars"":""0.2800""}"
KXBTC15M-26APR271715-15,13a5cba6-7d35-631f-f127-d5b49fa2c468,1777323615,0.28,1.73,no,"{""count_fp"":""1.73"",""created_time"":""2026-04-27T21:00:15.159386Z"",""no_price_dollars"":""0.7200"",""taker_side"":""no"",""ticker"":""KXBTC15M-26APR271715-15"",""trade_id"":""13a5cba6-7d35-631f-f127-d5b49fa2c468"",""yes_price_dollars"":""0.2800""}"
KXBTC15M-26APR271715-15,e2866b2e-7581-7245-f7c8-4538357531a8,1777323616,0.3,35.0,yes,"{""count_fp"":""35.00"",""created_time"":""2026-04-27T21:00:16.939282Z"",""no_price_dollars"":""0.7000"",""taker_side"":""yes"",""ticker"":""KXBTC15M-26APR271715-15"",""trade_id"":""e2866b2e-7581-7245-f7c8-4538357531a8"",""yes_price_dollars"":""0.3000""}"
KXBTC15M-26APR271715-15,98fa4117-ee6f-4032-98c2-8cd0f272fbce,1777323616,0.29,1.36,no,"{""count_fp"":""1.36"",""created_time"":""2026-04-27T21:00:16.581411Z"",""no_price_dollars"":""0.7100"",""taker_side"":""no"",""ticker"":""KXBTC15M-26APR271715-15"",""trade_id"":""98fa4117-ee6f-4032-98c2-8cd0f272fbce"",""yes_price_dollars"":""0.2900""}"
KXBTC15M-26APR271715-15,e374cadc-3c7d-7f2a-3367-11c22019ab20,1777323616,0.3,34.86,no,"{""count_fp"":""34.86"",""created_time"":""2026-04-27T21:00:16.501643Z"",""no_price_dollars"":""0.7000"",""taker_side"":""no"",""ticker"":""KXBTC15M-26APR271715-15"",""trade_id"":""e374cadc-3c7d-7f2a-3367-11c22019ab20"",""yes_price_dollars"":""0.3000""}"
KXBTC15M-26APR271715-15,b10986ea-84c9-7a07-d2ef-1a458e4b9095,1777323616,0.31,30.27,yes,"{""count_fp"":""30.27"",""created_time"":""2026-04-27T21:00:16.151128Z"",""no_price_dollars"":""0.6900"",""taker_side"":""yes"",""ticker"":""KXBTC15M-26APR271715-15"",""trade_id"":""b10986ea-84c9-7a07-d2ef-1a458e4b9095"",""yes_price_dollars"":""0.3100""}"
KXBTC15M-26APR271715-15,755d89c4-0929-6e81-2f95-20afd7b57824,1777323617,0.3,5.0,yes,"{""count_fp"":""5.00"",""created_time"":""2026-04-27T21:00:17.778682Z"",""no_price_dollars"":""0.7000"",""taker_side"":""yes"",""ticker"":""KXBTC15M-26APR271715-15"",""trade_id"":""755d89c4-0929-6e81-2f95-20afd7b57824"",""yes_price_dollars"":""0.3000""}"
KXBTC15M-26APR271715-15,e2529b4f-28e4-727a-f930-7444fcaa21ce,1777323617,0.29,4.64,no,"{""count_fp"":""4.64"",""created_time"":""2026-04-27T21:00:17.672163Z"",""no_price_dollars"":""0.7100"",""taker_side"":""no"",""ticker"":""KXBTC15M-26APR271715-15"",""trade_id"":""e2529b4f-28e4-727a-f930-7444fcaa21ce"",""yes_price_dollars"":""0.2900""}"
KXBTC15M-26APR271715-15,b4d2840d-55db-7bfc-d582-a7d42fd7f51e,1777323617,0.29,36.23,no,"{""count_fp"":""36.23"",""created_time"":""2026-04-27T21:00:17.672163Z"",""no_price_dollars"":""0.7100"",""taker_side"":""no"",""ticker"":""KXBTC15M-26APR271715-15"",""trade_id"":""b4d2840d-55db-7bfc-d582-a7d42fd7f51e"",""yes_price_dollars"":""0.2900""}"
KXBTC15M-26APR271715-15,d2909a89-6071-7c91-8f20-8e3788baa7cc,1777323617,0.3,181.55,yes,"{""count_fp"":""181.55"",""created_time"":""2026-04-27T21:00:17.596829Z"",""no_price_dollars"":""0.7000"",""taker_side"":""yes"",""ticker"":""KXBTC15M-26APR271715-15"",""trade_id"":""d2909a89-6071-7c91-8f20-8e3788baa7cc"",""yes_price_dollars"":""0.3000""}"
KXBTC15M-26APR271715-15,4338dd7a-f9f0-54ea-ed39-3266db90f2b6,1777323617,0.29,4.0,no,"{""count_fp"":""4.00"",""created_time"":""2026-04-27T21:00:17.391978Z"",""no_price_dollars"":""0.7100"",""taker_side"":""no"",""ticker"":""KXBTC15M-26APR271715-15"",""trade_id"":""4338dd7a-f9f0-54ea-ed39-3266db90f2b6"",""yes_price_dollars"":""0.2900""}"
KXBTC15M-26APR271715-15,c216cd48-a388-6c12-211b-66d46e763172,1777323617,0.29,1.36,no,"{""count_fp"":""1.36"",""created_time"":""2026-04-27T21:00:17.349377Z"",""no_price_dollars"":""0.7100"",""taker_side"":""no"",""ticker"":""KXBTC15M-26APR271715-15"",""trade_id"":""c216cd48-a388-6c12-211b-66d46e763172"",""yes_price_dollars"":""0.2900""}"
KXBTC15M-26APR271715-15,3f0aab84-693f-695e-18a3-dc83d8043426,1777323617,0.29,0.64,no,"{""count_fp"":""0.64"",""created_time"":""2026-04-27T21:00:17.349377Z"",""no_price_dollars"":""0.7100"",""taker_side"":""no"",""ticker"":""KXBTC15M-26APR271715-15"",""trade_id"":""3f0aab84-693f-695e-18a3-dc83d8043426"",""yes_price_dollars"":""0.2900""}"
KXBTC15M-26APR271715-15,76df2eb4-88e5-4b95-2698-65ade1759984,1777323617,0.3,0.27,yes,"{""count_fp"":""0.27"",""created_time"":""2026-04-27T21:00:17.200701Z"",""no_price_dollars"":""0.7000"",""taker_side"":""yes"",""ticker"":""KXBTC15M-26APR271715-15"",""trade_id"":""76df2eb4-88e5-4b95-2698-65ade1759984"",""yes_price_dollars"":""0.3000""}"
KXBTC15M-26APR271715-15,ed8ddb6d-c5a5-5227-e752-00fb74ef5ef8,1777323618,0.28,3.65,no,"{""count_fp"":""3.65"",""created_time"":""2026-04-27T21:00:18.995728Z"",""no_price_dollars"":""0.7200"",""taker_side"":""no"",""ticker"":""KXBTC15M-26APR271715-15"",""trade_id"":""ed8ddb6d-c5a5-5227-e752-00fb74ef5ef8"",""yes_price_dollars"":""0.2800""}"
KXBTC15M-26APR271715-15,4a0f0f02-009d-5d2a-f5b4-15bd271e4034,1777323618,0.28,0.45,no,"{""count_fp"":""0.45"",""created_time"":""2026-04-27T21:00:18.995728Z"",""no_price_dollars"":""0.7200"",""taker_side"":""no"",""ticker"":""KXBTC15M-26APR271715-15"",""trade_id"":""4a0f0f02-009d-5d2a-f5b4-15bd271e4034"",""yes_price_dollars"":""0.2800""}"
KXBTC15M-26APR271715-15,9a1fecff-4f3a-61ad-e24c-53c3bb140b3c,1777323618,0.29,31.77,yes,"{""count_fp"":""31.77"",""created_time"":""2026-04-27T21:00:18.960823Z"",""no_price_dollars"":""0.7100"",""taker_side"":""yes"",""ticker"":""KXBTC15M-26APR271715-15"",""trade_id"":""9a1fecff-4f3a-61ad-e24c-53c3bb140b3c"",""yes_price_dollars"":""0.2900""}"
KXBTC15M-26APR271715-15,3e3c18b9-98f6-4b65-7e1f-06d45344c10c,1777323618,0.29,159.42,yes,"{""count_fp"":""159.42"",""created_time"":""2026-04-27T21:00:18.923895Z"",""no_price_dollars"":""0.7100"",""taker_side"":""yes"",""ticker"":""KXBTC15M-26APR271715-15"",""trade_id"":""3e3c18b9-98f6-4b65-7e1f-06d45344c10c"",""yes_price_dollars"":""0.2900""}"
KXBTC15M-26APR271715-15,9c26f93a-68f1-6a7f-c5b9-bcb61a061ccc,1777323618,0.28,3.0,no,"{""count_fp"":""3.00"",""created_time"":""2026-04-27T21:00:18.918469Z"",""no_price_dollars"":""0.7200"",""taker_side"":""no"",""ticker"":""KXBTC15M-26APR271715-15"",""trade_id"":""9c26f93a-68f1-6a7f-c5b9-bcb61a061ccc"",""yes_price_dollars"":""0.2800""}"
KXBTC15M-26APR271715-15,bb8506d5-3fd1-7217-d260-ab90d9a4465c,1777323618,0.28,0.62,no,"{""count_fp"":""0.62"",""created_time"":""2026-04-27T21:00:18.771431Z"",""no_price_dollars"":""0.7200"",""taker_side"":""no"",""ticker"":""KXBTC15M-26APR271715-15"",""trade_id"":""bb8506d5-3fd1-7217-d260-ab90d9a4465c"",""yes_price_dollars"":""0.2800""}"
KXBTC15M-26APR271715-15,45579447-10bb-7d6e-f2a7-a6d0bd11dc97,1777323618,0.29,1.0,no,"{""count_fp"":""1.00"",""created_time"":""2026-04-27T21:00:18.771431Z"",""no_price_dollars"":""0.7100"",""taker_side"":""no"",""ticker"":""KXBTC15M-26APR271715-15"",""trade_id"":""45579447-10bb-7d6e-f2a7-a6d0bd11dc97"",""yes_price_dollars"":""0.2900""}"
KXBTC15M-26APR271715-15,43d1a51e-e101-46b1-b1fc-01e64cce389c,1777323618,0.3,5.0,yes,"{""count_fp"":""5.00"",""created_time"":""2026-04-27T21:00:18.613628Z"",""no_price_dollars"":""0.7000"",""taker_side"":""yes"",""ticker"":""KXBTC15M-26APR271715-15"",""trade_id"":""43d1a51e-e101-46b1-b1fc-01e64cce389c"",""yes_price_dollars"":""0.3000""}"
KXBTC15M-26APR271715-15,aad6ff38-d6e5-57dd-f616-72f35aad0dc4,1777323618,0.3,6.15,yes,"{""count_fp"":""6.15"",""created_time"":""2026-04-27T21:00:18.464433Z"",""no_price_dollars"":""0.7000"",""taker_side"":""yes"",""ticker"":""KXBTC15M-26APR271715-15"",""trade_id"":""aad6ff38-d6e5-57dd-f616-72f35aad0dc4"",""yes_price_dollars"":""0.3000""}"
KXBTC15M-26APR271715-15,17b9c201-2441-5c29-a865-0622170abb68,1777323618,0.3,317.76,yes,"{""count_fp"":""317.76"",""created_time"":""2026-04-27T21:00:18.163301Z"",""no_price_dollars"":""0.7000"",""taker_side"":""yes"",""ticker"":""KXBTC15M-26APR271715-15"",""trade_id"":""17b9c201-2441-5c29-a865-0622170abb68"",""yes_price_dollars"":""0.3000""}"
KXBTC15M-26APR271715-15,879d87de-ebc9-6259-018c-ec18b94778dc,1777323618,0.3,158.88,yes,"{""count_fp"":""158.88"",""created_time"":""2026-04-27T21:00:18.131802Z"",""no_price_dollars"":""0.7000"",""taker_side"":""yes"",""ticker"":""KXBTC15M-26APR271715-15"",""trade_id"":""879d87de-ebc9-6259-018c-ec18b94778dc"",""yes_price_dollars"":""0.3000""}"
KXBTC15M-26APR271715-15,d77676d4-2076-69ed-9db9-bdb2d793a818,1777323619,0.29,6.35,yes,"{""count_fp"":""6.35"",""created_time"":""2026-04-27T21:00:19.573199Z"",""no_price_dollars"":""0.7100"",""taker_side"":""yes"",""ticker"":""KXBTC15M-26APR271715-15"",""trade_id"":""d77676d4-2076-69ed-9db9-bdb2d793a818"",""yes_price_dollars"":""0.2900""}"
KXBTC15M-26APR271715-15,6fb5ab8b-ef02-67d1-beff-66c7f2729e0c,1777323619,0.29,9.53,yes,"{""count_fp"":""9.53"",""created_time"":""2026-04-27T21:00:19.337143Z"",""no_price_dollars"":""0.7100"",""taker_side"":""yes"",""ticker"":""KXBTC15M-26APR271715-15"",""trade_id"":""6fb5ab8b-ef02-67d1-beff-66c7f2729e0c"",""yes_price_dollars"":""0.2900""}"
KXBTC15M-26APR271715-15,ce83ddf4-726e-776d-e127-55bab6ba8454,1777323619,0.29,2.38,yes,"{""count_fp"":""2.38"",""created_time"":""2026-04-27T21:00:19.167016Z"",""no_price_dollars"":""0.7100"",""taker_side"":""yes"",""ticker"":""KXBTC15M-26APR271715-15"",""trade_id"":""ce83ddf4-726e-776d-e127-55bab6ba8454"",""yes_price_dollars"":""0.2900""}"
KXBTC15M-26APR271715-15,deb32baf-b622-6a4d-7d36-aa8af547d43c,1777323619,0.29,6.33,yes,"{""count_fp"":""6.33"",""created_time"":""2026-04-27T21:00:19.099246Z"",""no_price_dollars"":""0.7100"",""taker_side"":""yes"",""ticker"":""KXBTC15M-26APR271715-15"",""trade_id"":""deb32baf-b622-6a4d-7d36-aa8af547d43c"",""yes_price_dollars"":""0.2900""}"
KXBTC15M-26APR271715-15,da6d99c9-8d6d-43a6-72c3-c17dfeba8898,1777323619,0.28,9.55,no,"{""count_fp"":""9.55"",""created_time"":""2026-04-27T21:00:19.036657Z"",""no_price_dollars"":""0.7200"",""taker_side"":""no"",""ticker"":""KXBTC15M-26APR271715-15"",""trade_id"":""da6d99c9-8d6d-43a6-72c3-c17dfeba8898"",""yes_price_dollars"":""0.2800""}"
KXBTC15M-26APR271715-15,c45ccfd2-3b4b-4c97-7a58-3895852da02f,1777323619,0.28,0.45,no,"{""count_fp"":""0.45"",""created_time"":""2026-04-27T21:00:19.036657Z"",""no_price_dollars"":""0.7200"",""taker_side"":""no"",""ticker"":""KXBTC15M-26APR271715-15"",""trade_id"":""c45ccfd2-3b4b-4c97-7a58-3895852da02f"",""yes_price_dollars"":""0.2800""}"
KXBTC15M-26APR271715-15,80c843da-cf78-7a5d-c2cd-7c28e32f2bdc,1777323620,0.28,100.0,yes,"{""count_fp"":""100.00"",""created_time"":""2026-04-27T21:00:20.955755Z"",""no_price_dollars"":""0.7200"",""taker_side"":""yes"",""ticker"":""KXBTC15M-26APR271715-15"",""trade_id"":""80c843da-cf78-7a5d-c2cd-7c28e32f2bdc"",""yes_price_dollars"":""0.2800""}"
KXBTC15M-26APR271715-15,edd42f40-3017-475b-9b33-68212fa3e385,1777323620,0.27,3.0,no,"{""count_fp"":""3.00"",""created_time"":""2026-04-27T21:00:20.834028Z"",""no_price_dollars"":""0.7300"",""taker_side"":""no"",""ticker"":""KXBTC15M-26APR271715-15"",""trade_id"":""edd42f40-3017-475b-9b33-68212fa3e385"",""yes_price_dollars"":""0.2700""}"
KXBTC15M-26APR271715-15,db3c5755-61dc-4a65-a349-9581cf5de4b5,1777323620,0.27,1.0,no,"{""count_fp"":""1.00"",""created_time"":""2026-04-27T21:00:20.834028Z"",""no_price_dollars"":""0.7300"",""taker_side"":""no"",""ticker"":""KXBTC15M-26APR271715-15"",""trade_id"":""db3c5755-61dc-4a65-a349-9581cf5de4b5"",""yes_price_dollars"":""0.2700""}"
KXBTC15M-26APR271715-15,55427b66-5e7b-4831-9ff0-39729de7dcfb,1777323620,0.27,2.53,no,"{""count_fp"":""2.53"",""created_time"":""2026-04-27T21:00:20.834028Z"",""no_price_dollars"":""0.7300"",""taker_side"":""no"",""ticker"":""KXBTC15M-26APR271715-15"",""trade_id"":""55427b66-5e7b-4831-9ff0-39729de7dcfb"",""yes_price_dollars"":""0.2700""}"
KXBTC15M-26APR271715-15,ea317910-cd4b-666a-a4d2-8d07007ed55c,1777323620,0.28,11.0,yes,"{""count_fp"":""11.00"",""created_time"":""2026-04-27T21:00:20.809688Z"",""no_price_dollars"":""0.7200"",""taker_side"":""yes"",""ticker"":""KXBTC15M-26APR271715-15"",""trade_id"":""ea317910-cd4b-666a-a4d2-8d07007ed55c"",""yes_price_dollars"":""0.2800""}"
KXBTC15M-26APR271715-15,3a9ec9e9-ccf8-6b01-8c19-f7475f6cf5dc,1777323620,0.28,4.86,yes,"{""count_fp"":""4.86"",""created_time"":""2026-04-27T21:00:20.809688Z"",""no_price_dollars"":""0.7200"",""taker_side"":""yes"",""ticker"":""KXBTC15M-26APR271715-15"",""trade_id"":""3a9ec9e9-ccf8-6b01-8c19-f7475f6cf5dc"",""yes_price_dollars"":""0.2800""}"
KXBTC15M-26APR271715-15,01e0139e-0692-6005-2a47-211a92a9fe10,1777323620,0.28,200.0,yes,"{""count_fp"":""200.00"",""created_time"":""2026-04-27T21:00:20.656802Z"",""no_price_dollars"":""0.7200"",""taker_side"":""yes"",""ticker"":""KXBTC15M-26APR271715-15"",""trade_id"":""01e0139e-0692-6005-2a47-211a92a9fe10"",""yes_price_dollars"":""0.2800""}"
KXBTC15M-26APR271715-15,3a944e59-f762-6835-b2bd-f87e1d1a7ec0,1777323620,0.28,114.97,yes,"{""count_fp"":""114.97"",""created_time"":""2026-04-27T21:00:20.576397Z"",""no_price_dollars"":""0.7200"",""taker_side"":""yes"",""ticker"":""KXBTC15M-26APR271715-15"",""trade_id"":""3a944e59-f762-6835-b2bd-f87e1d1a7ec0"",""yes_price_dollars"":""0.2800""}"
KXBTC15M-26APR271715-15,a3e71a58-9a1e-5935-2e49-9bb490bdf0b0,1777323620,0.28,28.11,yes,"{""count_fp"":""28.11"",""created_time"":""2026-04-27T21:00:20.522543Z"",""no_price_dollars"":""0.7200"",""taker_side"":""yes"",""ticker"":""KXBTC15M-26APR271715-15"",""trade_id"":""a3e71a58-9a1e-5935-2e49-9bb490bdf0b0"",""yes_price_dollars"":""0.2800""}"
KXBTC15M-26APR271715-15,296a4fac-7430-574b-0128-faef1a5fffcf,1777323620,0.28,4.74,yes,"{""count_fp"":""4.74"",""created_time"":""2026-04-27T21:00:20.522543Z"",""no_price_dollars"":""0.7200"",""taker_side"":""yes"",""ticker"":""KXBTC15M-26APR271715-15"",""trade_id"":""296a4fac-7430-574b-0128-faef1a5fffcf"",""yes_price_dollars"":""0.2800""}"
KXBTC15M-26APR271715-15,5ae30bb1-9204-5a5f-bba4-2fbfac4508cb,1777323620,0.28,9.85,yes,"{""count_fp"":""9.85"",""created_time"":""2026-04-27T21:00:20.446739Z"",""no_price_dollars"":""0.7200"",""taker_side"":""yes"",""ticker"":""KXBTC15M-26APR271715-15"",""trade_id"":""5ae30bb1-9204-5a5f-bba4-2fbfac4508cb"",""yes_price_dollars"":""0.2800""}"
KXBTC15M-26APR271715-15,ba35b228-bbd8-621f-bdc6-f4824381aa8b,1777323620,0.28,15.88,yes,"{""count_fp"":""15.88"",""created_time"":""2026-04-27T21:00:20.407142Z"",""no_price_dollars"":""0.7200"",""taker_side"":""yes"",""ticker"":""KXBTC15M-26APR271715-15"",""trade_id"":""ba35b228-bbd8-621f-bdc6-f4824381aa8b"",""yes_price_dollars"":""0.2800""}"
KXBTC15M-26APR271715-15,afd15b5c-631c-6a17-1ebc-a9d27c740a8f,1777323620,0.28,9.53,yes,"{""count_fp"":""9.53"",""created_time"":""2026-04-27T21:00:20.401298Z"",""no_price_dollars"":""0.7200"",""taker_side"":""yes"",""ticker"":""KXBTC15M-26APR271715-15"",""trade_id"":""afd15b5c-631c-6a17-1ebc-a9d27c740a8f"",""yes_price_dollars"":""0.2800""}"
KXBTC15M-26APR271715-15,c0be6ae6-86a2-5d6d-04eb-67aff25219b4,1777323620,0.29,9.53,yes,"{""count_fp"":""9.53"",""created_time"":""2026-04-27T21:00:20.280903Z"",""no_price_dollars"":""0.7100"",""taker_side"":""yes"",""ticker"":""KXBTC15M-26APR271715-15"",""trade_id"":""c0be6ae6-86a2-5d6d-04eb-67aff25219b4"",""yes_price_dollars"":""0.2900""}"
KXBTC15M-26APR271715-15,fdbeb87f-59fe-663b-4fab-255aa254abb6,1777323620,0.26,10.0,no,"{""count_fp"":""10.00"",""created_time"":""2026-04-27T21:00:20.258435Z"",""no_price_dollars"":""0.7400"",""taker_side"":""no"",""ticker"":""KXBTC15M-26APR271715-15"",""trade_id"":""fdbeb87f-59fe-663b-4fab-255aa254abb6"",""yes_price_dollars"":""0.2600""}"
KXBTC15M-26APR271715-15,e25dfa60-c31c-60ec-5cc7-13bcda61bea9,1777323620,0.27,40.0,no,"{""count_fp"":""40.00"",""created_time"":""2026-04-27T21:00:20.258435Z"",""no_price_dollars"":""0.7300"",""taker_side"":""no"",""ticker"":""KXBTC15M-26APR271715-15"",""trade_id"":""e25dfa60-c31c-60ec-5cc7-13bcda61bea9"",""yes_price_dollars"":""0.2700""}"
KXBTC15M-26APR271715-15,d7f1f4aa-dd47-660c-4baf-7043ad7f8829,1777323620,0.28,3.0,no,"{""count_fp"":""3.00"",""created_time"":""2026-04-27T21:00:20.258435Z"",""no_price_dollars"":""0.7200"",""taker_side"":""no"",""ticker"":""KXBTC15M-26APR271715-15"",""trade_id"":""d7f1f4aa-dd47-660c-4baf-7043ad7f8829"",""yes_price_dollars"":""0.2800""}"
KXBTC15M-26APR271715-15,cf47c90c-0d5a-6d85-5c5d-e7a33d729c7b,1777323620,0.27,1000.0,no,"{""count_fp"":""1000.00"",""created_time"":""2026-04-27T21:00:20.258435Z"",""no_price_dollars"":""0.7300"",""taker_side"":""no"",""ticker"":""KXBTC15M-26APR271715-15"",""trade_id"":""cf47c90c-0d5a-6d85-5c5d-e7a33d729c7b"",""yes_price_dollars"":""0.2700""}"
KXBTC15M-26APR271715-15,b6461516-760b-6a8c-65ba-d58df969b575,1777323620,0.28,10.0,no,"{""count_fp"":""10.00"",""created_time"":""2026-04-27T21:00:20.258435Z"",""no_price_dollars"":""0.7200"",""taker_side"":""no"",""ticker"":""KXBTC15M-26APR271715-15"",""trade_id"":""b6461516-760b-6a8c-65ba-d58df969b575"",""yes_price_dollars"":""0.2800""}"
KXBTC15M-26APR271715-15,8f30acc9-c45b-6310-67a1-00f722eadbab,1777323620,0.27,75.0,no,"{""count_fp"":""75.00"",""created_time"":""2026-04-27T21:00:20.258435Z"",""no_price_dollars"":""0.7300"",""taker_side"":""no"",""ticker"":""KXBTC15M-26APR271715-15"",""trade_id"":""8f30acc9-c45b-6310-67a1-00f722eadbab"",""yes_price_dollars"":""0.2700""}"
KXBTC15M-26APR271715-15,8177f359-9b4f-605a-487a-e8cc2d7f4a7d,1777323620,0.28,56.0,no,"{""count_fp"":""56.00"",""created_time"":""2026-04-27T21:00:20.258435Z"",""no_price_dollars"":""0.7200"",""taker_side"":""no"",""ticker"":""KXBTC15M-26APR271715-15"",""trade_id"":""8177f359-9b4f-605a-487a-e8cc2d7f4a7d"",""yes_price_dollars"":""0.2800""}"
KXBTC15M-26APR271715-15,801d85c7-721e-65f5-6187-ecd89d8053ec,1777323620,0.26,40.0,no,"{""count_fp"":""40.00"",""created_time"":""2026-04-27T21:00:20.258435Z"",""no_price_dollars"":""0.7400"",""taker_side"":""no"",""ticker"":""KXBTC15M-26APR271715-15"",""trade_id"":""801d85c7-721e-65f5-6187-ecd89d8053ec"",""yes_price_dollars"":""0.2600""}"
KXBTC15M-26APR271715-15,40a09172-1347-6d80-40fb-16994a825548,1777323620,0.27,10.0,no,"{""count_fp"":""10.00"",""created_time"":""2026-04-27T21:00:20.258435Z"",""no_price_dollars"":""0.7300"",""taker_side"":""no"",""ticker"":""KXBTC15M-26APR271715-15"",""trade_id"":""40a09172-1347-6d80-40fb-16994a825548"",""yes_price_dollars"":""0.2700""}"
KXBTC15M-26APR271715-15,3e301670-31c2-6bca-5595-6874921b3e88,1777323620,0.27,60.0,no,"{""count_fp"":""60.00"",""created_time"":""2026-04-27T21:00:20.258435Z"",""no_price_dollars"":""0.7300"",""taker_side"":""no"",""ticker"":""KXBTC15M-26APR271715-15"",""trade_id"":""3e301670-31c2-6bca-5595-6874921b3e88"",""yes_price_dollars"":""0.2700""}"
KXBTC15M-26APR271715-15,3372164b-ef1d-66e2-4027-5144f8c8529e,1777323620,0.26,373.45,no,"{""count_fp"":""373.45"",""created_time"":""2026-04-27T21:00:20.258435Z"",""no_price_dollars"":""0.7400"",""taker_side"":""no"",""ticker"":""KXBTC15M-26APR271715-15"",""trade_id"":""3372164b-ef1d-66e2-4027-5144f8c8529e"",""yes_price_dollars"":""0.2600""}"
KXBTC15M-26APR271715-15,16048cde-c507-6c1b-6796-52ea73fe38eb,1777323620,0.28,39.55,no,"{""count_fp"":""39.55"",""created_time"":""2026-04-27T21:00:20.258435Z"",""no_price_dollars"":""0.7200"",""taker_side"":""no"",""ticker"":""KXBTC15M-26APR271715-15"",""trade_id"":""16048cde-c507-6c1b-6796-52ea73fe38eb"",""yes_price_dollars"":""0.2800""}"
KXBTC15M-26APR271715-15,0dce4cb5-e098-6944-7de1-2476e3429f75,1777323620,0.28,50.0,no,"{""count_fp"":""50.00"",""created_time"":""2026-04-27T21:00:20.258435Z"",""no_price_dollars"":""0.7200"",""taker_side"":""no"",""ticker"":""KXBTC15M-26APR271715-15"",""trade_id"":""0dce4cb5-e098-6944-7de1-2476e3429f75"",""yes_price_dollars"":""0.2800""}"
KXBTC15M-26APR271715-15,0bc8da68-d33c-6a25-742c-9016529384ee,1777323620,0.27,100.0,no,"{""count_fp"":""100.00"",""created_time"":""2026-04-27T21:00:20.258435Z"",""no_price_dollars"":""0.7300"",""taker_side"":""no"",""ticker"":""KXBTC15M-26APR271715-15"",""trade_id"":""0bc8da68-d33c-6a25-742c-9016529384ee"",""yes_price_dollars"":""0.2700""}"
KXBTC15M-26APR271715-15,0709fa29-b703-6aab-4fb4-a9d9b3729ac9,1777323620,0.28,9.0,no,"{""count_fp"":""9.00"",""created_time"":""2026-04-27T21:00:20.258435Z"",""no_price_dollars"":""0.7200"",""taker_side"":""no"",""ticker"":""KXBTC15M-26APR271715-15"",""trade_id"":""0709fa29-b703-6aab-4fb4-a9d9b3729ac9"",""yes_price_dollars"":""0.2800""}"
KXBTC15M-26APR271715-15,06f9f27d-fc92-57a1-57ed-b18e00487574,1777323620,0.29,5.0,yes,"{""count_fp"":""5.00"",""created_time"":""2026-04-27T21:00:20.231312Z"",""no_price_dollars"":""0.7100"",""taker_side"":""yes"",""ticker"":""KXBTC15M-26APR271715-15"",""trade_id"":""06f9f27d-fc92-57a1-57ed-b18e00487574"",""yes_price_dollars"":""0.2900""}"
KXBTC15M-26APR271715-15,8f93ef01-d6fe-65b9-9b15-fcd53ae999cc,1777323620,0.29,1.0,yes,"{""count_fp"":""1.00"",""created_time"":""2026-04-27T21:00:20.080582Z"",""no_price_dollars"":""0.7100"",""taker_side"":""yes"",""ticker"":""KXBTC15M-26APR271715-15"",""trade_id"":""8f93ef01-d6fe-65b9-9b15-fcd53ae999cc"",""yes_price_dollars"":""0.2900""}"
KXBTC15M-26APR271715-15,dadd8306-de25-577f-842b-219b2255dcbd,1777323621,0.28,13.14,yes,"{""count_fp"":""13.14"",""created_time"":""2026-04-27T21:00:21.979211Z"",""no_price_dollars"":""0.7200"",""taker_side"":""yes"",""ticker"":""KXBTC15M-26APR271715-15"",""trade_id"":""dadd8306-de25-577f-842b-219b2255dcbd"",""yes_price_dollars"":""0.2800""}"
KXBTC15M-26APR271715-15,3c917e39-396d-4da7-d130-ff956d9d7161,1777323621,0.28,5.0,yes,"{""count_fp"":""5.00"",""created_time"":""2026-04-27T21:00:21.614031Z"",""no_price_dollars"":""0.7200"",""taker_side"":""yes"",""ticker"":""KXBTC15M-26APR271715-15"",""trade_id"":""3c917e39-396d-4da7-d130-ff956d9d7161"",""yes_price_dollars"":""0.2800""}"
KXBTC15M-26APR271715-15,857710df-7873-6cb5-9731-48c8ce55259b,1777323621,0.27,20.0,no,"{""count_fp"":""20.00"",""created_time"":""2026-04-27T21:00:21.498967Z"",""no_price_dollars"":""0.7300"",""taker_side"":""no"",""ticker"":""KXBTC15M-26APR271715-15"",""trade_id"":""857710df-7873-6cb5-9731-48c8ce55259b"",""yes_price_dollars"":""0.2700""}"
KXBTC15M-26APR271715-15,487ed1b2-22e1-48c7-9a9b-f0063dee3b61,1777323621,0.28,1.14,yes,"{""count_fp"":""1.14"",""created_time"":""2026-04-27T21:00:21.255874Z"",""no_price_dollars"":""0.7200"",""taker_side"":""yes"",""ticker"":""KXBTC15M-26APR271715-15"",""trade_id"":""487ed1b2-22e1-48c7-9a9b-f0063dee3b61"",""yes_price_dollars"":""0.2800""}"
KXBTC15M-26APR271715-15,64e3fb1d-054a-6e28-b3da-38cb9cba84b7,1777323621,0.29,2.4,yes,"{""count_fp"":""2.40"",""created_time"":""2026-04-27T21:00:21.119279Z"",""no_price_dollars"":""0.7100"",""taker_side"":""yes"",""ticker"":""KXBTC15M-26APR271715-15"",""trade_id"":""64e3fb1d-054a-6e28-b3da-38cb9cba84b7"",""yes_price_dollars"":""0.2900""}"
KXBTC15M-26APR271715-15,5b126893-0354-623d-a2a8-a01189981b78,1777323621,0.28,108.81,yes,"{""count_fp"":""108.81"",""created_time"":""2026-04-27T21:00:21.119279Z"",""no_price_dollars"":""0.7200"",""taker_side"":""yes"",""ticker"":""KXBTC15M-26APR271715-15"",""trade_id"":""5b126893-0354-623d-a2a8-a01189981b78"",""yes_price_dollars"":""0.2800""}"
KXBTC15M-26APR271715-15,d73b8ed3-507c-5131-e377-9514892d7648,1777323621,0.28,160.96,yes,"{""count_fp"":""160.96"",""created_time"":""2026-04-27T21:00:21.071945Z"",""no_price_dollars"":""0.7200"",""taker_side"":""yes"",""ticker"":""KXBTC15M-26APR271715-15"",""trade_id"":""d73b8ed3-507c-5131-e377-9514892d7648"",""yes_price_dollars"":""0.2800""}"
KXBTC15M-26APR271715-15,7e08ec0d-ad5c-67ad-68e0-a70d9de9d160,1777323621,0.28,5.0,yes,"{""count_fp"":""5.00"",""created_time"":""2026-04-27T21:00:21.062549Z"",""no_price_dollars"":""0.7200"",""taker_side"":""yes"",""ticker"":""KXBTC15M-26APR271715-15"",""trade_id"":""7e08ec0d-ad5c-67ad-68e0-a70d9de9d160"",""yes_price_dollars"":""0.2800""}"
KXBTC15M-26APR271715-15,89ba3be5-6821-40b3-aeaa-dc505192e079,1777323622,0.28,64.76,yes,"{""count_fp"":""64.76"",""created_time"":""2026-04-27T21:00:22.943095Z"",""no_price_dollars"":""0.7200"",""taker_side"":""yes"",""ticker"":""KXBTC15M-26APR271715-15"",""trade_id"":""89ba3be5-6821-40b3-aeaa-dc505192e079"",""yes_price_dollars"":""0.2800""}"
KXBTC15M-26APR271715-15,d3a8bb97-6677-7279-712a-a8fd8d8037eb,1777323622,0.27,5.53,no,"{""count_fp"":""5.53"",""created_time"":""2026-04-27T21:00:22.753552Z"",""no_price_dollars"":""0.7300"",""taker_side"":""no"",""ticker"":""KXBTC15M-26APR271715-15"",""trade_id"":""d3a8bb97-6677-7279-712a-a8fd8d8037eb"",""yes_price_dollars"":""0.2700""}"
KXBTC15M-26APR271715-15,c3c91e37-d5af-7de5-6677-d981263ea523,1777323622,0.27,17.47,no,"{""count_fp"":""17.47"",""created_time"":""2026-04-27T21:00:22.753552Z"",""no_price_dollars"":""0.7300"",""taker_side"":""no"",""ticker"":""KXBTC15M-26APR271715-15"",""trade_id"":""c3c91e37-d5af-7de5-6677-d981263ea523"",""yes_price_dollars"":""0.2700""}"
KXBTC15M-26APR271715-15,9ab4b7fc-5449-72a5-4193-5936fa2da105,1777323622,0.27,3.0,no,"{""count_fp"":""3.00"",""created_time"":""2026-04-27T21:00:22.753552Z"",""no_price_dollars"":""0.7300"",""taker_side"":""no"",""ticker"":""KXBTC15M-26APR271715-15"",""trade_id"":""9ab4b7fc-5449-72a5-4193-5936fa2da105"",""yes_price_dollars"":""0.2700""}"
KXBTC15M-26APR271715-15,37717b37-8f6d-745b-9b45-37b575708901,1777323622,0.28,5.0,yes,"{""count_fp"":""5.00"",""created_time"":""2026-04-27T21:00:22.186869Z"",""no_price_dollars"":""0.7200"",""taker_side"":""yes"",""ticker"":""KXBTC15M-26APR271715-15"",""trade_id"":""37717b37-8f6d-745b-9b45-37b575708901"",""yes_price_dollars"":""0.2800""}"
KXBTC15M-26APR271715-15,f7253db3-24fd-6007-4630-0c3670154de5,1777323622,0.28,0.52,yes,"{""count_fp"":""0.52"",""created_time"":""2026-04-27T21:00:22.108393Z"",""no_price_dollars"":""0.7200"",""taker_side"":""yes"",""ticker"":""KXBTC15M-26APR271715-15"",""trade_id"":""f7253db3-24fd-6007-4630-0c3670154de5"",""yes_price_dollars"":""0.2800""}"
KXBTC15M-26APR271715-15,32830994-7441-7da7-5117-cb5ab9d22ef9,1777323622,0.28,6.35,yes,"{""count_fp"":""6.35"",""created_time"":""2026-04-27T21:00:22.031649Z"",""no_price_dollars"":""0.7200"",""taker_side"":""yes"",""ticker"":""KXBTC15M-26APR271715-15"",""trade_id"":""32830994-7441-7da7-5117-cb5ab9d22ef9"",""yes_price_dollars"":""0.2800""}"
KXBTC15M-26APR271715-15,2fbf417d-edf1-79af-b740-d8e799426899,1777323623,0.28,3.28,yes,"{""count_fp"":""3.28"",""created_time"":""2026-04-27T21:00:23.801228Z"",""no_price_dollars"":""0.7200"",""taker_side"":""yes"",""ticker"":""KXBTC15M-26APR271715-15"",""trade_id"":""2fbf417d-edf1-79af-b740-d8e799426899"",""yes_price_dollars"":""0.2800""}"
KXBTC15M-26APR271715-15,6a3ce717-b651-6e17-08e7-73ebd2d17431,1777323623,0.28,5.0,yes,"{""count_fp"":""5.00"",""created_time"":""2026-04-27T21:00:23.765735Z"",""no_price_dollars"":""0.7200"",""taker_side"":""yes"",""ticker"":""KXBTC15M-26APR271715-15"",""trade_id"":""6a3ce717-b651-6e17-08e7-73ebd2d17431"",""yes_price_dollars"":""0.2800""}"
KXBTC15M-26APR271715-15,9d6ba0d8-c1b9-43ef-4cb7-2706cd4d91a1,1777323623,0.28,3.4,yes,"{""count_fp"":""3.40"",""created_time"":""2026-04-27T21:00:23.682202Z"",""no_price_dollars"":""0.7200"",""taker_side"":""yes"",""ticker"":""KXBTC15M-26APR271715-15"",""trade_id"":""9d6ba0d8-c1b9-43ef-4cb7-2706cd4d91a1"",""yes_price_dollars"":""0.2800""}"
KXBTC15M-26APR271715-15,05fb2eb8-d109-731b-c075-992decb00459,1777323623,0.28,111.21,yes,"{""count_fp"":""111.21"",""created_time"":""2026-04-27T21:00:23.667863Z"",""no_price_dollars"":""0.7200"",""taker_side"":""yes"",""ticker"":""KXBTC15M-26APR271715-15"",""trade_id"":""05fb2eb8-d109-731b-c075-992decb00459"",""yes_price_dollars"":""0.2800""}"
KXBTC15M-26APR271715-15,8b731b6a-3bfd-724b-bc81-66b654069ebd,1777323623,0.28,2.0,yes,"{""count_fp"":""2.00"",""created_time"":""2026-04-27T21:00:23.652026Z"",""no_price_dollars"":""0.7200"",""taker_side"":""yes"",""ticker"":""KXBTC15M-26APR271715-15"",""trade_id"":""8b731b6a-3bfd-724b-bc81-66b654069ebd"",""yes_price_dollars"":""0.2800""}"
KXBTC15M-26APR271715-15,c96acc2a-5bca-6263-8636-bb8301ff455f,1777323623,0.27,2.01,no,"{""count_fp"":""2.01"",""created_time"":""2026-04-27T21:00:23.437244Z"",""no_price_dollars"":""0.7300"",""taker_side"":""no"",""ticker"":""KXBTC15M-26APR271715-15"",""trade_id"":""c96acc2a-5bca-6263-8636-bb8301ff455f"",""yes_price_dollars"":""0.2700""}"
KXBTC15M-26APR271715-15,6674cbdf-b82d-449b-ea50-d3c2086aee8d,1777323623,0.28,6.57,yes,"{""count_fp"":""6.57"",""created_time"":""2026-04-27T21:00:23.233346Z"",""no_price_dollars"":""0.7200"",""taker_side"":""yes"",""ticker"":""KXBTC15M-26APR271715-15"",""trade_id"":""6674cbdf-b82d-449b-ea50-d3c2086aee8d"",""yes_price_dollars"":""0.2800""}"
KXBTC15M-26APR271715-15,37708458-6e71-7fcb-340d-e5ff647942b9,1777323623,0.28,6.57,yes,"{""count_fp"":""6.57"",""created_time"":""2026-04-27T21:00:23.095263Z"",""no_price_dollars"":""0.7200"",""taker_side"":""yes"",""ticker"":""KXBTC15M-26APR271715-15"",""trade_id"":""37708458-6e71-7fcb-340d-e5ff647942b9"",""yes_price_dollars"":""0.2800""}"
KXBTC15M-26APR271715-15,0c4b08e2-ff41-7fe7-2c57-28a1d5c3ed71,1777323623,0.28,5.0,yes,"{""count_fp"":""5.00"",""created_time"":""2026-04-27T21:00:23.006021Z"",""no_price_dollars"":""0.7200"",""taker_side"":""yes"",""ticker"":""KXBTC15M-26APR271715-15"",""trade_id"":""0c4b08e2-ff41-7fe7-2c57-28a1d5c3ed71"",""yes_price_dollars"":""0.2800""}"
KXBTC15M-26APR271715-15,27879eff-ab79-4a7b-3f53-34b0788ac215,1777323624,0.28,5.0,yes,"{""count_fp"":""5.00"",""created_time"":""2026-04-27T21:00:24.546716Z"",""no_price_dollars"":""0.7200"",""taker_side"":""yes"",""ticker"":""KXBTC15M-26APR271715-15"",""trade_id"":""27879eff-ab79-4a7b-3f53-34b0788ac215"",""yes_price_dollars"":""0.2800""}"
KXBTC15M-26APR271715-15,3b176c91-0991-79ab-035f-190a3f7d3f31,1777323624,0.28,10.0,yes,"{""count_fp"":""10.00"",""created_time"":""2026-04-27T21:00:24.227021Z"",""no_price_dollars"":""0.7200"",""taker_side"":""yes"",""ticker"":""KXBTC15M-26APR271715-15"",""trade_id"":""3b176c91-0991-79ab-035f-190a3f7d3f31"",""yes_price_dollars"":""0.2800""}"
KXBTC15M-26APR271715-15,4376527b-7af5-5483-a376-ba0eca494ee5,1777323624,0.28,6.8,yes,"{""count_fp"":""6.80"",""created_time"":""2026-04-27T21:00:24.187963Z"",""no_price_dollars"":""0.7200"",""taker_side"":""yes"",""ticker"":""KXBTC15M-26APR271715-15"",""trade_id"":""4376527b-7af5-5483-a376-ba0eca494ee5"",""yes_price_dollars"":""0.2800""}"
KXBTC15M-26APR271715-15,d9e18214-bf52-789f-6876-1cb3488f8473,1777323624,0.27,27.0,no,"{""count_fp"":""27.00"",""created_time"":""2026-04-27T21:00:24.162775Z"",""no_price_dollars"":""0.7300"",""taker_side"":""no"",""ticker"":""KXBTC15M-26APR271715-15"",""trade_id"":""d9e18214-bf52-789f-6876-1cb3488f8473"",""yes_price_dollars"":""0.2700""}"
KXBTC15M-26APR271715-15,e46fb861-763c-7147-fc96-56b1936f7308,1777323625,0.27,9.98,no,"{""count_fp"":""9.98"",""created_time"":""2026-04-27T21:00:25.926725Z"",""no_price_dollars"":""0.7300"",""taker_side"":""no"",""ticker"":""KXBTC15M-26APR271715-15"",""trade_id"":""e46fb861-763c-7147-fc96-56b1936f7308"",""yes_price_dollars"":""0.2700""}"
KXBTC15M-26APR271715-15,aedb5106-9f64-7b88-f942-4369ebd3e854,1777323625,0.27,1.0,no,"{""count_fp"":""1.00"",""created_time"":""2026-04-27T21:00:25.926725Z"",""no_price_dollars"":""0.7300"",""taker_side"":""no"",""ticker"":""KXBTC15M-26APR271715-15"",""trade_id"":""aedb5106-9f64-7b88-f942-4369ebd3e854"",""yes_price_dollars"":""0.2700""}"
KXBTC15M-26APR271715-15,a8f8f5bf-b714-75b1-c778-00df82b9e03f,1777323625,0.27,3.0,no,"{""count_fp"":""3.00"",""created_time"":""2026-04-27T21:00:25.926725Z"",""no_price_dollars"":""0.7300"",""taker_side"":""no"",""ticker"":""KXBTC15M-26APR271715-15"",""trade_id"":""a8f8f5bf-b714-75b1-c778-00df82b9e03f"",""yes_price_dollars"":""0.2700""}"
KXBTC15M-26APR271715-15,59ad35c4-397b-7d08-ebfe-0f45c0ad2bbf,1777323625,0.27,8.87,no,"{""count_fp"":""8.87"",""created_time"":""2026-04-27T21:00:25.926725Z"",""no_price_dollars"":""0.7300"",""taker_side"":""no"",""ticker"":""KXBTC15M-26APR271715-15"",""trade_id"":""59ad35c4-397b-7d08-ebfe-0f45c0ad2bbf"",""yes_price_dollars"":""0.2700""}"
KXBTC15M-26APR271715-15,19a88679-9f91-4cb2-2efe-9ac9762dd9dc,1777323625,0.28,37.4,yes,"{""count_fp"":""37.40"",""created_time"":""2026-04-27T21:00:25.907763Z"",""no_price_dollars"":""0.7200"",""taker_side"":""yes"",""ticker"":""KXBTC15M-26APR271715-15"",""trade_id"":""19a88679-9f91-4cb2-2efe-9ac9762dd9dc"",""yes_price_dollars"":""0.2800""}"
KXBTC15M-26APR271715-15,f59329d5-f51f-58a6-cd60-63f7db77d035,1777323625,0.28,10.0,yes,"{""count_fp"":""10.00"",""created_time"":""2026-04-27T21:00:25.756034Z"",""no_price_dollars"":""0.7200"",""taker_side"":""yes"",""ticker"":""KXBTC15M-26APR271715-15"",""trade_id"":""f59329d5-f51f-58a6-cd60-63f7db77d035"",""yes_price_dollars"":""0.2800""}"
KXBTC15M-26APR271715-15,d464fe10-ce27-56e9-d103-30301ff893e8,1777323625,0.29,1.0,yes,"{""count_fp"":""1.00"",""created_time"":""2026-04-27T21:00:25.756034Z"",""no_price_dollars"":""0.7100"",""taker_side"":""yes"",""ticker"":""KXBTC15M-26APR271715-15"",""trade_id"":""d464fe10-ce27-56e9-d103-30301ff893e8"",""yes_price_dollars"":""0.2900""}"
KXBTC15M-26APR271715-15,ce8912ab-60c9-57df-f303-223459cb52f5,1777323625,0.28,50.64,yes,"{""count_fp"":""50.64"",""created_time"":""2026-04-27T21:00:25.756034Z"",""no_price_dollars"":""0.7200"",""taker_side"":""yes"",""ticker"":""KXBTC15M-26APR271715-15"",""trade_id"":""ce8912ab-60c9-57df-f303-223459cb52f5"",""yes_price_dollars"":""0.2800""}"
KXBTC15M-26APR271715-15,bdc5b79f-f2c8-58f8-d47b-f4bd2989dfba,1777323625,0.29,400.0,yes,"{""count_fp"":""400.00"",""created_time"":""2026-04-27T21:00:25.756034Z"",""no_price_dollars"":""0.7100"",""taker_side"":""yes"",""ticker"":""KXBTC15M-26APR271715-15"",""trade_id"":""bdc5b79f-f2c8-58f8-d47b-f4bd2989dfba"",""yes_price_dollars"":""0.2900""}"
KXBTC15M-26APR271715-15,a74a2b46-c9ff-54ac-f229-39024e9c7a80,1777323625,0.29,53.8,yes,"{""count_fp"":""53.80"",""created_time"":""2026-04-27T21:00:25.756034Z"",""no_price_dollars"":""0.7100"",""taker_side"":""yes"",""ticker"":""KXBTC15M-26APR271715-15"",""trade_id"":""a74a2b46-c9ff-54ac-f229-39024e9c7a80"",""yes_price_dollars"":""0.2900""}"
KXBTC15M-26APR271715-15,8ad5021a-114d-51d1-dd3f-0ef4cd8229ad,1777323625,0.28,20.0,yes,"{""count_fp"":""20.00"",""created_time"":""2026-04-27T21:00:25.756034Z"",""no_price_dollars"":""0.7200"",""taker_side"":""yes"",""ticker"":""KXBTC15M-26APR271715-15"",""trade_id"":""8ad5021a-114d-51d1-dd3f-0ef4cd8229ad"",""yes_price_dollars"":""0.2800""}"
KXBTC15M-26APR271715-15,55df403f-dbcf-5767-d5a6-d3c72a60b3ba,1777323625,0.28,16.5,yes,"{""count_fp"":""16.50"",""created_time"":""2026-04-27T21:00:25.756034Z"",""no_price_dollars"":""0.7200"",""taker_side"":""yes"",""ticker"":""KXBTC15M-26APR271715-15"",""trade_id"":""55df403f-dbcf-5767-d5a6-d3c72a60b3ba"",""yes_price_dollars"":""0.2800""}"
KXBTC15M-26APR271715-15,4bf4cbcf-77b7-5d21-feb8-48e983422026,1777323625,0.28,40.0,yes,"{""count_fp"":""40.00"",""created_time"":""2026-04-27T21:00:25.756034Z"",""no_price_dollars"":""0.7200"",""taker_side"":""yes"",""ticker"":""KXBTC15M-26APR271715-15"",""trade_id"":""4bf4cbcf-77b7-5d21-feb8-48e983422026"",""yes_price_dollars"":""0.2800""}"
KXBTC15M-26APR271715-15,2f6bc3e5-af0e-54ec-d930-fd79dc190384,1777323625,0.28,24.0,yes,"{""count_fp"":""24.00"",""created_time"":""2026-04-27T21:00:25.756034Z"",""no_price_dollars"":""0.7200"",""taker_side"":""yes"",""ticker"":""KXBTC15M-26APR271715-15"",""trade_id"":""2f6bc3e5-af0e-54ec-d930-fd79dc190384"",""yes_price_dollars"":""0.2800""}"
KXBTC15M-26APR271715-15,10348786-d282-5224-e18b-9d3098698627,1777323625,0.29,37.6,yes,"{""count_fp"":""37.60"",""created_time"":""2026-04-27T21:00:25.756034Z"",""no_price_dollars"":""0.7100"",""taker_side"":""yes"",""ticker"":""KXBTC15M-26APR271715-15"",""trade_id"":""10348786-d282-5224-e18b-9d3098698627"",""yes_price_dollars"":""0.2900""}"
KXBTC15M-26APR271715-15,2aa95f81-9189-658b-3476-0c64a6983b8d,1777323625,0.28,89.0,yes,"{""count_fp"":""89.00"",""created_time"":""2026-04-27T21:00:25.364908Z"",""no_price_dollars"":""0.7200"",""taker_side"":""yes"",""ticker"":""KXBTC15M-26APR271715-15"",""trade_id"":""2aa95f81-9189-658b-3476-0c64a6983b8d"",""yes_price_dollars"":""0.2800""}"
KXBTC15M-26APR271715-15,941ae21c-5291-61c7-ea91-bcc0416c8cb9,1777323625,0.28,5.0,yes,"{""count_fp"":""5.00"",""created_time"":""2026-04-27T21:00:25.206691Z"",""no_price_dollars"":""0.7200"",""taker_side"":""yes"",""ticker"":""KXBTC15M-26APR271715-15"",""trade_id"":""941ae21c-5291-61c7-ea91-bcc0416c8cb9"",""yes_price_dollars"":""0.2800""}"
KXBTC15M-26APR271715-15,8cbbc8f9-db91-62e4-2f92-01650a8428bb,1777323626,0.27,340.0,yes,"{""count_fp"":""340.00"",""created_time"":""2026-04-27T21:00:26.998158Z"",""no_price_dollars"":""0.7300"",""taker_side"":""yes"",""ticker"":""KXBTC15M-26APR271715-15"",""trade_id"":""8cbbc8f9-db91-62e4-2f92-01650a8428bb"",""yes_price_dollars"":""0.2700""}"
KXBTC15M-26APR271715-15,8f18d7aa-667d-5174-0842-7f8aca44f383,1777323626,0.27,10.2,yes,"{""count_fp"":""10.20"",""created_time"":""2026-04-27T21:00:26.993032Z"",""no_price_dollars"":""0.7300"",""taker_side"":""yes"",""ticker"":""KXBTC15M-26APR271715-15"",""trade_id"":""8f18d7aa-667d-5174-0842-7f8aca44f383"",""yes_price_dollars"":""0.2700""}"
KXBTC15M-26APR271715-15,89ef26e4-1a8d-4cc8-19c8-935e37e86157,1777323626,0.27,17.0,yes,"{""count_fp"":""17.00"",""created_time"":""2026-04-27T21:00:26.987998Z"",""no_price_dollars"":""0.7300"",""taker_side"":""yes"",""ticker"":""KXBTC15M-26APR271715-15"",""trade_id"":""89ef26e4-1a8d-4cc8-19c8-935e37e86157"",""yes_price_dollars"":""0.2700""}"
KXBTC15M-26APR271715-15,0ce4b765-ad7d-68d8-2c61-fa7882ebee83,1777323626,0.27,3.0,yes,"{""count_fp"":""3.00"",""created_time"":""2026-04-27T21:00:26.960634Z"",""no_price_dollars"":""0.7300"",""taker_side"":""yes"",""ticker"":""KXBTC15M-26APR271715-15"",""trade_id"":""0ce4b765-ad7d-68d8-2c61-fa7882ebee83"",""yes_price_dollars"":""0.2700""}"
KXBTC15M-26APR271715-15,962e5685-29f3-739c-409d-c4a61d7bb573,1777323626,0.27,1.0,yes,"{""count_fp"":""1.00"",""created_time"":""2026-04-27T21:00:26.825735Z"",""no_price_dollars"":""0.7300"",""taker_side"":""yes"",""ticker"":""KXBTC15M-26APR271715-15"",""trade_id"":""962e5685-29f3-739c-409d-c4a61d7bb573"",""yes_price_dollars"":""0.2700""}"
KXBTC15M-26APR271715-15,745d7942-6acd-70e8-63a6-a3762fe093ef,1777323626,0.27,4.0,yes,"{""count_fp"":""4.00"",""created_time"":""2026-04-27T21:00:26.825735Z"",""no_price_dollars"":""0.7300"",""taker_side"":""yes"",""ticker"":""KXBTC15M-26APR271715-15"",""trade_id"":""745d7942-6acd-70e8-63a6-a3762fe093ef"",""yes_price_dollars"":""0.2700""}"
KXBTC15M-26APR271715-15,d35963b4-f1d7-40e0-2148-fac5a48d0486,1777323626,0.28,40.0,yes,"{""count_fp"":""40.00"",""created_time"":""2026-04-27T21:00:26.696022Z"",""no_price_dollars"":""0.7200"",""taker_side"":""yes"",""ticker"":""KXBTC15M-26APR271715-15"",""trade_id"":""d35963b4-f1d7-40e0-2148-fac5a48d0486"",""yes_price_dollars"":""0.2800""}"
KXBTC15M-26APR271715-15,a52b89d6-512d-420e-03a9-271cf45b22f4,1777323626,0.27,127.4,yes,"{""count_fp"":""127.40"",""created_time"":""2026-04-27T21:00:26.696022Z"",""no_price_dollars"":""0.7300"",""taker_side"":""yes"",""ticker"":""KXBTC15M-26APR271715-15"",""trade_id"":""a52b89d6-512d-420e-03a9-271cf45b22f4"",""yes_price_dollars"":""0.2700""}"
KXBTC15M-26APR271715-15,7a180b63-ba2b-4d10-302f-02eabbc7ee2c,1777323626,0.29,822.53,yes,"{""count_fp"":""822.53"",""created_time"":""2026-04-27T21:00:26.696022Z"",""no_price_dollars"":""0.7100"",""taker_side"":""yes"",""ticker"":""KXBTC15M-26APR271715-15"",""trade_id"":""7a180b63-ba2b-4d10-302f-02eabbc7ee2c"",""yes_price_dollars"":""0.2900""}"
KXBTC15M-26APR271715-15,2cab130c-d25e-4cc8-2fec-50a784043ca2,1777323626,0.28,1.0,yes,"{""count_fp"":""1.00"",""created_time"":""2026-04-27T21:00:26.696022Z"",""no_price_dollars"":""0.7200"",""taker_side"":""yes"",""ticker"":""KXBTC15M-26APR271715-15"",""trade_id"":""2cab130c-d25e-4cc8-2fec-50a784043ca2"",""yes_price_dollars"":""0.2800""}"
KXBTC15M-26APR271715-15,ac212aa5-fabd-7cd2-11a0-6608169fe628,1777323626,0.27,3.4,yes,"{""count_fp"":""3.40"",""created_time"":""2026-04-27T21:00:26.447238Z"",""no_price_dollars"":""0.7300"",""taker_side"":""yes"",""ticker"":""KXBTC15M-26APR271715-15"",""trade_id"":""ac212aa5-fabd-7cd2-11a0-6608169fe628"",""yes_price_dollars"":""0.2700""}"
KXBTC15M-26APR271715-15,5a013ba1-8481-5dde-77a8-a960a910dd58,1777323626,0.27,32.22,yes,"{""count_fp"":""32.22"",""created_time"":""2026-04-27T21:00:26.443524Z"",""no_price_dollars"":""0.7300"",""taker_side"":""yes"",""ticker"":""KXBTC15M-26APR271715-15"",""trade_id"":""5a013ba1-8481-5dde-77a8-a960a910dd58"",""yes_price_dollars"":""0.2700""}"
KXBTC15M-26APR271715-15,3d52bd9d-6601-443a-c6ca-8947b600ab4c,1777323626,0.27,336.98,yes,"{""count_fp"":""336.98"",""created_time"":""2026-04-27T21:00:26.357808Z"",""no_price_dollars"":""0.7300"",""taker_side"":""yes"",""ticker"":""KXBTC15M-26APR271715-15"",""trade_id"":""3d52bd9d-6601-443a-c6ca-8947b600ab4c"",""yes_price_dollars"":""0.2700""}"
KXBTC15M-26APR271715-15,f674f273-bd20-5b13-f7ba-4eccedac1b95,1777323626,0.27,3.0,no,"{""count_fp"":""3.00"",""created_time"":""2026-04-27T21:00:26.159425Z"",""no_price_dollars"":""0.7300"",""taker_side"":""no"",""ticker"":""KXBTC15M-26APR271715-15"",""trade_id"":""f674f273-bd20-5b13-f7ba-4eccedac1b95"",""yes_price_dollars"":""0.2700""}"
KXBTC15M-26APR271715-15,68ee7ecf-fab6-52c6-fdd5-1f9eb57b2b32,1777323626,0.26,34.26,no,"{""count_fp"":""34.26"",""created_time"":""2026-04-27T21:00:26.159425Z"",""no_price_dollars"":""0.7400"",""taker_side"":""no"",""ticker"":""KXBTC15M-26APR271715-15"",""trade_id"":""68ee7ecf-fab6-52c6-fdd5-1f9eb57b2b32"",""yes_price_dollars"":""0.2600""}"
KXBTC15M-26APR271715-15,2b5cc3c2-3eb3-531f-df30-2ff2590ad8b9,1777323626,0.27,16.13,no,"{""count_fp"":""16.13"",""created_time"":""2026-04-27T21:00:26.159425Z"",""no_price_dollars"":""0.7300"",""taker_side"":""no"",""ticker"":""KXBTC15M-26APR271715-15"",""trade_id"":""2b5cc3c2-3eb3-531f-df30-2ff2590ad8b9"",""yes_price_dollars"":""0.2700""}"
KXBTC15M-26APR271715-15,39ede942-d38d-64d6-5804-fa205faed334,1777323626,0.28,1.0,yes,"{""count_fp"":""1.00"",""created_time"":""2026-04-27T21:00:26.096107Z"",""no_price_dollars"":""0.7200"",""taker_side"":""yes"",""ticker"":""KXBTC15M-26APR271715-15"",""trade_id"":""39ede942-d38d-64d6-5804-fa205faed334"",""yes_price_dollars"":""0.2800""}"
KXBTC15M-26APR271715-15,d03021cb-3973-4433-21fe-8e9010f33411,1777323626,0.27,23.87,no,"{""count_fp"":""23.87"",""created_time"":""2026-04-27T21:00:26.091061Z"",""no_price_dollars"":""0.7300"",""taker_side"":""no"",""ticker"":""KXBTC15M-26APR271715-15"",""trade_id"":""d03021cb-3973-4433-21fe-8e9010f33411"",""yes_price_dollars"":""0.2700""}"
KXBTC15M-26APR271715-15,21ad1c12-e44f-4f30-3da5-d3052150af0b,1777323626,0.27,1.13,no,"{""count_fp"":""1.13"",""created_time"":""2026-04-27T21:00:26.091061Z"",""no_price_dollars"":""0.7300"",""taker_side"":""no"",""ticker"":""KXBTC15M-26APR271715-15"",""trade_id"":""21ad1c12-e44f-4f30-3da5-d3052150af0b"",""yes_price_dollars"":""0.2700""}"
KXBTC15M-26APR271715-15,8f8350c0-cd0d-54fe-c58d-09205c24110c,1777323626,0.28,2.0,yes,"{""count_fp"":""2.00"",""created_time"":""2026-04-27T21:00:26.073666Z"",""no_price_dollars"":""0.7200"",""taker_side"":""yes"",""ticker"":""KXBTC15M-26APR271715-15"",""trade_id"":""8f8350c0-cd0d-54fe-c58d-09205c24110c"",""yes_price_dollars"":""0.2800""}"
KXBTC15M-26APR271715-15,df59b10a-e9d1-579e-ed15-76cfe728e7c4,1777323626,0.28,5.0,yes,"{""count_fp"":""5.00"",""created_time"":""2026-04-27T21:00:26.054141Z"",""no_price_dollars"":""0.7200"",""taker_side"":""yes"",""ticker"":""KXBTC15M-26APR271715-15"",""trade_id"":""df59b10a-e9d1-579e-ed15-76cfe728e7c4"",""yes_price_dollars"":""0.2800""}"
KXBTC15M-26APR271715-15,6637af23-c8d1-7778-a5ae-9bcca7d9f62f,1777323627,0.27,5.0,yes,"{""count_fp"":""5.00"",""created_time"":""2026-04-27T21:00:27.636697Z"",""no_price_dollars"":""0.7300"",""taker_side"":""yes"",""ticker"":""KXBTC15M-26APR271715-15"",""trade_id"":""6637af23-c8d1-7778-a5ae-9bcca7d9f62f"",""yes_price_dollars"":""0.2700""}"
KXBTC15M-26APR271715-15,d1f4d4f3-4ecd-7018-ea10-cf8d04352047,1777323627,0.27,1.7,yes,"{""count_fp"":""1.70"",""created_time"":""2026-04-27T21:00:27.560018Z"",""no_price_dollars"":""0.7300"",""taker_side"":""yes"",""ticker"":""KXBTC15M-26APR271715-15"",""trade_id"":""d1f4d4f3-4ecd-7018-ea10-cf8d04352047"",""yes_price_dollars"":""0.2700""}"
KXBTC15M-26APR271715-15,df6a10b9-3a31-69f0-ee1a-bf7e4b5d3297,1777323627,0.27,23.8,yes,"{""count_fp"":""23.80"",""created_time"":""2026-04-27T21:00:27.345517Z"",""no_price_dollars"":""0.7300"",""taker_side"":""yes"",""ticker"":""KXBTC15M-26APR271715-15"",""trade_id"":""df6a10b9-3a31-69f0-ee1a-bf7e4b5d3297"",""yes_price_dollars"":""0.2700""}"
KXBTC15M-26APR271715-15,eadea72f-2fe0-6fd6-5ba6-1d56738f8afe,1777323628,0.27,24.0,yes,"{""count_fp"":""24.00"",""created_time"":""2026-04-27T21:00:28.708081Z"",""no_price_dollars"":""0.7300"",""taker_side"":""yes"",""ticker"":""KXBTC15M-26APR271715-15"",""trade_id"":""eadea72f-2fe0-6fd6-5ba6-1d56738f8afe"",""yes_price_dollars"":""0.2700""}"
KXBTC15M-26APR271715-15,00705cfe-3c89-6828-4f25-6a7db46e11cf,1777323628,0.27,16.67,yes,"{""count_fp"":""16.67"",""created_time"":""2026-04-27T21:00:28.708081Z"",""no_price_dollars"":""0.7300"",""taker_side"":""yes"",""ticker"":""KXBTC15M-26APR271715-15"",""trade_id"":""00705cfe-3c89-6828-4f25-6a7db46e11cf"",""yes_price_dollars"":""0.2700""}"
KXBTC15M-26APR271715-15,55d02ccf-0bc1-6584-d63c-e820fbea7a7b,1777323628,0.27,21.63,yes,"{""count_fp"":""21.63"",""created_time"":""2026-04-27T21:00:28.551633Z"",""no_price_dollars"":""0.7300"",""taker_side"":""yes"",""ticker"":""KXBTC15M-26APR271715-15"",""trade_id"":""55d02ccf-0bc1-6584-d63c-e820fbea7a7b"",""yes_price_dollars"":""0.2700""}"
KXBTC15M-26APR271715-15,96175ac9-7fc1-41c0-aa9b-11a5f4c7c70b,1777323628,0.27,5.0,yes,"{""count_fp"":""5.00"",""created_time"":""2026-04-27T21:00:28.481242Z"",""no_price_dollars"":""0.7300"",""taker_side"":""yes"",""ticker"":""KXBTC15M-26APR271715-15"",""trade_id"":""96175ac9-7fc1-41c0-aa9b-11a5f4c7c70b"",""yes_price_dollars"":""0.2700""}"
KXBTC15M-26APR271715-15,78fd6700-b4c9-54b8-4fe3-403d501fa0f3,1777323628,0.27,51.0,yes,"{""count_fp"":""51.00"",""created_time"":""2026-04-27T21:00:28.427143Z"",""no_price_dollars"":""0.7300"",""taker_side"":""yes"",""ticker"":""KXBTC15M-26APR271715-15"",""trade_id"":""78fd6700-b4c9-54b8-4fe3-403d501fa0f3"",""yes_price_dollars"":""0.2700""}"
KXBTC15M-26APR271715-15,274bd46a-ac16-689a-1825-d8bf3ce2b352,1777323628,0.26,11.24,no,"{""count_fp"":""11.24"",""created_time"":""2026-04-27T21:00:28.330682Z"",""no_price_dollars"":""0.7400"",""taker_side"":""no"",""ticker"":""KXBTC15M-26APR271715-15"",""trade_id"":""274bd46a-ac16-689a-1825-d8bf3ce2b352"",""yes_price_dollars"":""0.2600""}"
KXBTC15M-26APR271715-15,f8370859-3899-74c4-1a46-3f89ecc76027,1777323628,0.27,1.0,yes,"{""count_fp"":""1.00"",""created_time"":""2026-04-27T21:00:28.243787Z"",""no_price_dollars"":""0.7300"",""taker_side"":""yes"",""ticker"":""KXBTC15M-26APR271715-15"",""trade_id"":""f8370859-3899-74c4-1a46-3f89ecc76027"",""yes_price_dollars"":""0.2700""}"
KXBTC15M-26APR271715-15,dc533256-68d2-414d-aeee-2756c305d7b8,1777323629,0.28,5.0,yes,"{""count_fp"":""5.00"",""created_time"":""2026-04-27T21:00:29.864347Z"",""no_price_dollars"":""0.7200"",""taker_side"":""yes"",""ticker"":""KXBTC15M-26APR271715-15"",""trade_id"":""dc533256-68d2-414d-aeee-2756c305d7b8"",""yes_price_dollars"":""0.2800""}"
KXBTC15M-26APR271715-15,eafd6cbc-0bfc-6ccb-99df-9a7f78156b1d,1777323629,0.28,1.0,yes,"{""count_fp"":""1.00"",""created_time"":""2026-04-27T21:00:29.039317Z"",""no_price_dollars"":""0.7200"",""taker_side"":""yes"",""ticker"":""KXBTC15M-26APR271715-15"",""trade_id"":""eafd6cbc-0bfc-6ccb-99df-9a7f78156b1d"",""yes_price_dollars"":""0.2800""}"
KXBTC15M-26APR271715-15,2be8d7a2-304a-67d9-a437-bc643a091aa8,1777323629,0.28,4.0,yes,"{""count_fp"":""4.00"",""created_time"":""2026-04-27T21:00:29.039317Z"",""no_price_dollars"":""0.7200"",""taker_side"":""yes"",""ticker"":""KXBTC15M-26APR271715-15"",""trade_id"":""2be8d7a2-304a-67d9-a437-bc643a091aa8"",""yes_price_dollars"":""0.2800""}"
KXBTC15M-26APR271715-15,01d2e144-3ef5-7679-0b47-e4c498dfcfb2,1777323630,0.28,1.0,yes,"{""count_fp"":""1.00"",""created_time"":""2026-04-27T21:00:30.764833Z"",""no_price_dollars"":""0.7200"",""taker_side"":""yes"",""ticker"":""KXBTC15M-26APR271715-15"",""trade_id"":""01d2e144-3ef5-7679-0b47-e4c498dfcfb2"",""yes_price_dollars"":""0.2800""}"
KXBTC15M-26APR271715-15,0f793c13-1f19-7bdd-5d8e-154c9760a236,1777323630,0.28,9.0,yes,"{""count_fp"":""9.00"",""created_time"":""2026-04-27T21:00:30.537459Z"",""no_price_dollars"":""0.7200"",""taker_side"":""yes"",""ticker"":""KXBTC15M-26APR271715-15"",""trade_id"":""0f793c13-1f19-7bdd-5d8e-154c9760a236"",""yes_price_dollars"":""0.2800""}"
KXBTC15M-26APR271715-15,7bc1515f-a97b-45a7-d7fc-399d11e2b94a,1777323630,0.28,5.0,yes,"{""count_fp"":""5.00"",""created_time"":""2026-04-27T21:00:30.330377Z"",""no_price_dollars"":""0.7200"",""taker_side"":""yes"",""ticker"":""KXBTC15M-26APR271715-15"",""trade_id"":""7bc1515f-a97b-45a7-d7fc-399d11e2b94a"",""yes_price_dollars"":""0.2800""}"
KXBTC15M-26APR271715-15,73972789-da51-409d-c9b5-f9a4fa680b5a,1777323630,0.28,3.0,yes,"{""count_fp"":""3.00"",""created_time"":""2026-04-27T21:00:30.330377Z"",""no_price_dollars"":""0.7200"",""taker_side"":""yes"",""ticker"":""KXBTC15M-26APR271715-15"",""trade_id"":""73972789-da51-409d-c9b5-f9a4fa680b5a"",""yes_price_dollars"":""0.2800""}"
KXBTC15M-26APR271715-15,557a4986-f419-428f-e214-65d836ad20e2,1777323630,0.28,4.0,yes,"{""count_fp"":""4.00"",""created_time"":""2026-04-27T21:00:30.330377Z"",""no_price_dollars"":""0.7200"",""taker_side"":""yes"",""ticker"":""KXBTC15M-26APR271715-15"",""trade_id"":""557a4986-f419-428f-e214-65d836ad20e2"",""yes_price_dollars"":""0.2800""}"
KXBTC15M-26APR271715-15,469016c2-62a7-4584-c889-7487d5d61a04,1777323630,0.28,5.0,yes,"{""count_fp"":""5.00"",""created_time"":""2026-04-27T21:00:30.330377Z"",""no_price_dollars"":""0.7200"",""taker_side"":""yes"",""ticker"":""KXBTC15M-26APR271715-15"",""trade_id"":""469016c2-62a7-4584-c889-7487d5d61a04"",""yes_price_dollars"":""0.2800""}"
KXBTC15M-26APR271715-15,46af8400-34b4-4e8a-b889-f810393d8123,1777323631,0.28,1.0,yes,"{""count_fp"":""1.00"",""created_time"":""2026-04-27T21:00:31.983326Z"",""no_price_dollars"":""0.7200"",""taker_side"":""yes"",""ticker"":""KXBTC15M-26APR271715-15"",""trade_id"":""46af8400-34b4-4e8a-b889-f810393d8123"",""yes_price_dollars"":""0.2800""}"
KXBTC15M-26APR271715-15,057e024b-5f6c-7e62-f874-d0deb11f210f,1777323631,0.28,3.4,yes,"{""count_fp"":""3.40"",""created_time"":""2026-04-27T21:00:31.729841Z"",""no_price_dollars"":""0.7200"",""taker_side"":""yes"",""ticker"":""KXBTC15M-26APR271715-15"",""trade_id"":""057e024b-5f6c-7e62-f874-d0deb11f210f"",""yes_price_dollars"":""0.2800""}"
KXBTC15M-26APR271715-15,58b86c96-5abc-4ffa-0c73-1e370dc095df,1777323631,0.28,7.0,yes,"{""count_fp"":""7.00"",""created_time"":""2026-04-27T21:00:31.695716Z"",""no_price_dollars"":""0.7200"",""taker_side"":""yes"",""ticker"":""KXBTC15M-26APR271715-15"",""trade_id"":""58b86c96-5abc-4ffa-0c73-1e370dc095df"",""yes_price_dollars"":""0.2800""}"
KXBTC15M-26APR271715-15,c4b6478e-dbad-6b85-3ffc-913f2b6e3a1f,1777323631,0.27,3.0,no,"{""count_fp"":""3.00"",""created_time"":""2026-04-27T21:00:31.686219Z"",""no_price_dollars"":""0.7300"",""taker_side"":""no"",""ticker"":""KXBTC15M-26APR271715-15"",""trade_id"":""c4b6478e-dbad-6b85-3ffc-913f2b6e3a1f"",""yes_price_dollars"":""0.2700""}"
KXBTC15M-26APR271715-15,84f00983-b916-6086-20a9-91325f88ac43,1777323631,0.27,31.33,no,"{""count_fp"":""31.33"",""created_time"":""2026-04-27T21:00:31.686219Z"",""no_price_dollars"":""0.7300"",""taker_side"":""no"",""ticker"":""KXBTC15M-26APR271715-15"",""trade_id"":""84f00983-b916-6086-20a9-91325f88ac43"",""yes_price_dollars"":""0.2700""}"
KXBTC15M-26APR271715-15,483de792-f784-65c2-1250-46b24bacc96f,1777323631,0.27,11.0,no,"{""count_fp"":""11.00"",""created_time"":""2026-04-27T21:00:31.686219Z"",""no_price_dollars"":""0.7300"",""taker_side"":""no"",""ticker"":""KXBTC15M-26APR271715-15"",""trade_id"":""483de792-f784-65c2-1250-46b24bacc96f"",""yes_price_dollars"":""0.2700""}"
KXBTC15M-26APR271715-15,18360feb-d46b-66a8-0c09-665360e01fef,1777323631,0.27,88.68,no,"{""count_fp"":""88.68"",""created_time"":""2026-04-27T21:00:31.686219Z"",""no_price_dollars"":""0.7300"",""taker_side"":""no"",""ticker"":""KXBTC15M-26APR271715-15"",""trade_id"":""18360feb-d46b-66a8-0c09-665360e01fef"",""yes_price_dollars"":""0.2700""}"
KXBTC15M-26APR271715-15,d68d8c70-d754-441e-e307-8bcfd10733ff,1777323631,0.28,40.4,yes,"{""count_fp"":""40.40"",""created_time"":""2026-04-27T21:00:31.309525Z"",""no_price_dollars"":""0.7200"",""taker_side"":""yes"",""ticker"":""KXBTC15M-26APR271715-15"",""trade_id"":""d68d8c70-d754-441e-e307-8bcfd10733ff"",""yes_price_dollars"":""0.2800""}"
KXBTC15M-26APR271715-15,433f8358-9261-4426-d331-02530a50c780,1777323631,0.28,10.6,yes,"{""count_fp"":""10.60"",""created_time"":""2026-04-27T21:00:31.309525Z"",""no_price_dollars"":""0.7200"",""taker_side"":""yes"",""ticker"":""KXBTC15M-26APR271715-15"",""trade_id"":""433f8358-9261-4426-d331-02530a50c780"",""yes_price_dollars"":""0.2800""}"
KXBTC15M-26APR271715-15,c7ff3bf2-f7d9-7fd6-1c02-96c4687e5ab8,1777323631,0.28,1.4,yes,"{""count_fp"":""1.40"",""created_time"":""2026-04-27T21:00:31.232883Z"",""no_price_dollars"":""0.7200"",""taker_side"":""yes"",""ticker"":""KXBTC15M-26APR271715-15"",""trade_id"":""c7ff3bf2-f7d9-7fd6-1c02-96c4687e5ab8"",""yes_price_dollars"":""0.2800""}"
KXBTC15M-26APR271715-15,4643fd8a-0bbd-7c7d-00c8-081e8aa80f46,1777323631,0.28,2.0,yes,"{""count_fp"":""2.00"",""created_time"":""2026-04-27T21:00:31.232883Z"",""no_price_dollars"":""0.7200"",""taker_side"":""yes"",""ticker"":""KXBTC15M-26APR271715-15"",""trade_id"":""4643fd8a-0bbd-7c7d-00c8-081e8aa80f46"",""yes_price_dollars"":""0.2800""}"
KXBTC15M-26APR271715-15,e119440b-ee73-543e-1d60-fd5d86b5ea89,1777323631,0.27,47.33,no,"{""count_fp"":""47.33"",""created_time"":""2026-04-27T21:00:31.073451Z"",""no_price_dollars"":""0.7300"",""taker_side"":""no"",""ticker"":""KXBTC15M-26APR271715-15"",""trade_id"":""e119440b-ee73-543e-1d60-fd5d86b5ea89"",""yes_price_dollars"":""0.2700""}"
KXBTC15M-26APR271715-15,48b9a395-7d86-523a-0eca-8e94bd79d223,1777323631,0.27,8.67,no,"{""count_fp"":""8.67"",""created_time"":""2026-04-27T21:00:31.073451Z"",""no_price_dollars"":""0.7300"",""taker_side"":""no"",""ticker"":""KXBTC15M-26APR271715-15"",""trade_id"":""48b9a395-7d86-523a-0eca-8e94bd79d223"",""yes_price_dollars"":""0.2700""}"
KXBTC15M-26APR271715-15,37216c58-6dd0-79fa-77d0-b0041a32b99f,1777323632,0.28,1.0,yes,"{""count_fp"":""1.00"",""created_time"":""2026-04-27T21:00:32.120148Z"",""no_price_dollars"":""0.7200"",""taker_side"":""yes"",""ticker"":""KXBTC15M-26APR271715-15"",""trade_id"":""37216c58-6dd0-79fa-77d0-b0041a32b99f"",""yes_price_dollars"":""0.2800""}"
KXBTC15M-26APR271715-15,2db3d455-44e6-7cda-daf9-d35d51194a62,1777323633,0.26,20.0,no,"{""count_fp"":""20.00"",""created_time"":""2026-04-27T21:00:33.972184Z"",""no_price_dollars"":""0.7400"",""taker_side"":""no"",""ticker"":""KXBTC15M-26APR271715-15"",""trade_id"":""2db3d455-44e6-7cda-daf9-d35d51194a62"",""yes_price_dollars"":""0.2600""}"
KXBTC15M-26APR271715-15,c802ef0a-739c-51d6-bef3-258748f4cd7f,1777323633,0.27,2.78,yes,"{""count_fp"":""2.78"",""created_time"":""2026-04-27T21:00:33.694013Z"",""no_price_dollars"":""0.7300"",""taker_side"":""yes"",""ticker"":""KXBTC15M-26APR271715-15"",""trade_id"":""c802ef0a-739c-51d6-bef3-258748f4cd7f"",""yes_price_dollars"":""0.2700""}"
KXBTC15M-26APR271715-15,1d81f4b1-18e0-6512-6c7a-e16ea05bf8ff,1777323633,0.27,30.77,yes,"{""count_fp"":""30.77"",""created_time"":""2026-04-27T21:00:33.664373Z"",""no_price_dollars"":""0.7300"",""taker_side"":""yes"",""ticker"":""KXBTC15M-26APR271715-15"",""trade_id"":""1d81f4b1-18e0-6512-6c7a-e16ea05bf8ff"",""yes_price_dollars"":""0.2700""}"
KXBTC15M-26APR271715-15,d9f41cb1-2954-6c36-eea0-e84d595e28b3,1777323633,0.27,17.0,yes,"{""count_fp"":""17.00"",""created_time"":""2026-04-27T21:00:33.484984Z"",""no_price_dollars"":""0.7300"",""taker_side"":""yes"",""ticker"":""KXBTC15M-26APR271715-15"",""trade_id"":""d9f41cb1-2954-6c36-eea0-e84d595e28b3"",""yes_price_dollars"":""0.2700""}"
KXBTC15M-26APR271715-15,bf015d4a-5700-4a4a-c2aa-29a300e21d9f,1777323633,0.27,3.52,yes,"{""count_fp"":""3.52"",""created_time"":""2026-04-27T21:00:33.351774Z"",""no_price_dollars"":""0.7300"",""taker_side"":""yes"",""ticker"":""KXBTC15M-26APR271715-15"",""trade_id"":""bf015d4a-5700-4a4a-c2aa-29a300e21d9f"",""yes_price_dollars"":""0.2700""}"
KXBTC15M-26APR271715-15,7687a66b-f874-57ba-3c23-c4b8896b946b,1777323633,0.27,51.0,yes,"{""count_fp"":""51.00"",""created_time"":""2026-04-27T21:00:33.344172Z"",""no_price_dollars"":""0.7300"",""taker_side"":""yes"",""ticker"":""KXBTC15M-26APR271715-15"",""trade_id"":""7687a66b-f874-57ba-3c23-c4b8896b946b"",""yes_price_dollars"":""0.2700""}"
KXBTC15M-26APR271715-15,b376b641-349c-472e-49f6-98d9c519f41f,1777323633,0.27,23.8,yes,"{""count_fp"":""23.80"",""created_time"":""2026-04-27T21:00:33.243251Z"",""no_price_dollars"":""0.7300"",""taker_side"":""yes"",""ticker"":""KXBTC15M-26APR271715-15"",""trade_id"":""b376b641-349c-472e-49f6-98d9c519f41f"",""yes_price_dollars"":""0.2700""}"
KXBTC15M-26APR271715-15,fc801ef2-1cba-70a6-ba9a-06b7fe869b2e,1777323633,0.26,3.21,no,"{""count_fp"":""3.21"",""created_time"":""2026-04-27T21:00:33.113537Z"",""no_price_dollars"":""0.7400"",""taker_side"":""no"",""ticker"":""KXBTC15M-26APR271715-15"",""trade_id"":""fc801ef2-1cba-70a6-ba9a-06b7fe869b2e"",""yes_price_dollars"":""0.2600""}"
KXBTC15M-26APR271715-15,e2674c68-8f5d-7421-9139-02d47135a1e9,1777323633,0.27,3.0,no,"{""count_fp"":""3.00"",""created_time"":""2026-04-27T21:00:33.113537Z"",""no_price_dollars"":""0.7300"",""taker_side"":""no"",""ticker"":""KXBTC15M-26APR271715-15"",""trade_id"":""e2674c68-8f5d-7421-9139-02d47135a1e9"",""yes_price_dollars"":""0.2700""}"
KXBTC15M-26APR271715-15,9bdc3c02-c70b-7c9b-8489-56e468019c8f,1777323633,0.27,57.0,no,"{""count_fp"":""57.00"",""created_time"":""2026-04-27T21:00:33.113537Z"",""no_price_dollars"":""0.7300"",""taker_side"":""no"",""ticker"":""KXBTC15M-26APR271715-15"",""trade_id"":""9bdc3c02-c70b-7c9b-8489-56e468019c8f"",""yes_price_dollars"":""0.2700""}"
KXBTC15M-26APR271715-15,2a041c45-6fbb-7d34-b32d-1eff11532078,1777323633,0.27,40.0,no,"{""count_fp"":""40.00"",""created_time"":""2026-04-27T21:00:33.113537Z"",""no_price_dollars"":""0.7300"",""taker_side"":""no"",""ticker"":""KXBTC15M-26APR271715-15"",""trade_id"":""2a041c45-6fbb-7d34-b32d-1eff11532078"",""yes_price_dollars"":""0.2700""}"
KXBTC15M-26APR271715-15,0fcec944-d00b-7a81-aaeb-fbde3991bd01,1777323633,0.27,9.98,no,"{""count_fp"":""9.98"",""created_time"":""2026-04-27T21:00:33.113537Z"",""no_price_dollars"":""0.7300"",""taker_side"":""no"",""ticker"":""KXBTC15M-26APR271715-15"",""trade_id"":""0fcec944-d00b-7a81-aaeb-fbde3991bd01"",""yes_price_dollars"":""0.2700""}"
KXBTC15M-26APR271715-15,0de69c97-00eb-7f84-a1ac-a7c7ad1a9487,1777323633,0.27,104.61,no,"{""count_fp"":""104.61"",""created_time"":""2026-04-27T21:00:33.113537Z"",""no_price_dollars"":""0.7300"",""taker_side"":""no"",""ticker"":""KXBTC15M-26APR271715-15"",""trade_id"":""0de69c97-00eb-7f84-a1ac-a7c7ad1a9487"",""yes_price_dollars"":""0.2700""}"
KXBTC15M-26APR271715-15,e8abcada-e48f-5268-e2e8-fb18389289f3,1777323633,0.27,6.71,no,"{""count_fp"":""6.71"",""created_time"":""2026-04-27T21:00:33.095913Z"",""no_price_dollars"":""0.7300"",""taker_side"":""no"",""ticker"":""KXBTC15M-26APR271715-15"",""trade_id"":""e8abcada-e48f-5268-e2e8-fb18389289f3"",""yes_price_dollars"":""0.2700""}"
KXBTC15M-26APR271715-15,4bdfa1bf-987c-70a2-1abf-9b5784680b1b,1777323633,0.28,17.0,yes,"{""count_fp"":""17.00"",""created_time"":""2026-04-27T21:00:33.077326Z"",""no_price_dollars"":""0.7200"",""taker_side"":""yes"",""ticker"":""KXBTC15M-26APR271715-15"",""trade_id"":""4bdfa1bf-987c-70a2-1abf-9b5784680b1b"",""yes_price_dollars"":""0.2800""}"
KXBTC15M-26APR271715-15,734329cc-409f-5d5f-a5f0-bf37178014dd,1777323634,0.27,17.0,yes,"{""count_fp"":""17.00"",""created_time"":""2026-04-27T21:00:34.991561Z"",""no_price_dollars"":""0.7300"",""taker_side"":""yes"",""ticker"":""KXBTC15M-26APR271715-15"",""trade_id"":""734329cc-409f-5d5f-a5f0-bf37178014dd"",""yes_price_dollars"":""0.2700""}"
KXBTC15M-26APR271715-15,0ee81b5a-0883-4093-ed8d-f3443d51f4c5,1777323634,0.27,1.68,yes,"{""count_fp"":""1.68"",""created_time"":""2026-04-27T21:00:34.953026Z"",""no_price_dollars"":""0.7300"",""taker_side"":""yes"",""ticker"":""KXBTC15M-26APR271715-15"",""trade_id"":""0ee81b5a-0883-4093-ed8d-f3443d51f4c5"",""yes_price_dollars"":""0.2700""}"
KXBTC15M-26APR271715-15,6c5688f1-4cbb-622b-2f97-c8397027ddc1,1777323634,0.27,17.0,yes,"{""count_fp"":""17.00"",""created_time"":""2026-04-27T21:00:34.800607Z"",""no_price_dollars"":""0.7300"",""taker_side"":""yes"",""ticker"":""KXBTC15M-26APR271715-15"",""trade_id"":""6c5688f1-4cbb-622b-2f97-c8397027ddc1"",""yes_price_dollars"":""0.2700""}"
KXBTC15M-26APR271715-15,a4a08706-bb63-605b-c119-f01250e7a539,1777323634,0.27,70.47,yes,"{""count_fp"":""70.47"",""created_time"":""2026-04-27T21:00:34.747048Z"",""no_price_dollars"":""0.7300"",""taker_side"":""yes"",""ticker"":""KXBTC15M-26APR271715-15"",""trade_id"":""a4a08706-bb63-605b-c119-f01250e7a539"",""yes_price_dollars"":""0.2700""}"
KXBTC15M-26APR271715-15,08c8edca-3e7b-5dab-5687-b95d3ace5561,1777323634,0.27,42.28,yes,"{""count_fp"":""42.28"",""created_time"":""2026-04-27T21:00:34.501357Z"",""no_price_dollars"":""0.7300"",""taker_side"":""yes"",""ticker"":""KXBTC15M-26APR271715-15"",""trade_id"":""08c8edca-3e7b-5dab-5687-b95d3ace5561"",""yes_price_dollars"":""0.2700""}"
KXBTC15M-26APR271715-15,a9b90c60-fd57-6c6b-9680-441ec7bbbb19,1777323634,0.27,5.0,yes,"{""count_fp"":""5.00"",""created_time"":""2026-04-27T21:00:34.357591Z"",""no_price_dollars"":""0.7300"",""taker_side"":""yes"",""ticker"":""KXBTC15M-26APR271715-15"",""trade_id"":""a9b90c60-fd57-6c6b-9680-441ec7bbbb19"",""yes_price_dollars"":""0.2700""}"
KXBTC15M-26APR271715-15,6b72e53c-eab4-6d3a-7be0-700f997a5d47,1777323634,0.27,174.38,yes,"{""count_fp"":""174.38"",""created_time"":""2026-04-27T21:00:34.269847Z"",""no_price_dollars"":""0.7300"",""taker_side"":""yes"",""ticker"":""KXBTC15M-26APR271715-15"",""trade_id"":""6b72e53c-eab4-6d3a-7be0-700f997a5d47"",""yes_price_dollars"":""0.2700""}"
KXBTC15M-26APR271715-15,fa548018-92ac-76de-9a9d-cb226d00b1c3,1777323634,0.27,68.0,yes,"{""count_fp"":""68.00"",""created_time"":""2026-04-27T21:00:34.225851Z"",""no_price_dollars"":""0.7300"",""taker_side"":""yes"",""ticker"":""KXBTC15M-26APR271715-15"",""trade_id"":""fa548018-92ac-76de-9a9d-cb226d00b1c3"",""yes_price_dollars"":""0.2700""}"
KXBTC15M-26APR271715-15,fa7730bf-ed44-4dee-7d22-8a936db4b95b,1777323634,0.27,52.85,yes,"{""count_fp"":""52.85"",""created_time"":""2026-04-27T21:00:34.029803Z"",""no_price_dollars"":""0.7300"",""taker_side"":""yes"",""ticker"":""KXBTC15M-26APR271715-15"",""trade_id"":""fa7730bf-ed44-4dee-7d22-8a936db4b95b"",""yes_price_dollars"":""0.2700""}"
KXBTC15M-26APR271715-15,deb1e658-367f-6337-4def-277ff85ac3f1,1777323635,0.27,176.18,yes,"{""count_fp"":""176.18"",""created_time"":""2026-04-27T21:00:35.547868Z"",""no_price_dollars"":""0.7300"",""taker_side"":""yes"",""ticker"":""KXBTC15M-26APR271715-15"",""trade_id"":""deb1e658-367f-6337-4def-277ff85ac3f1"",""yes_price_dollars"":""0.2700""}"
KXBTC15M-26APR271715-15,a04265a1-e1cf-70ef-c67d-cbc1dfbbf82d,1777323635,0.27,4.0,yes,"{""count_fp"":""4.00"",""created_time"":""2026-04-27T21:00:35.542138Z"",""no_price_dollars"":""0.7300"",""taker_side"":""yes"",""ticker"":""KXBTC15M-26APR271715-15"",""trade_id"":""a04265a1-e1cf-70ef-c67d-cbc1dfbbf82d"",""yes_price_dollars"":""0.2700""}"
KXBTC15M-26APR271715-15,d37e382d-c19b-770f-3286-cdd6f397ff19,1777323635,0.27,17.61,yes,"{""count_fp"":""17.61"",""created_time"":""2026-04-27T21:00:35.365712Z"",""no_price_dollars"":""0.7300"",""taker_side"":""yes"",""ticker"":""KXBTC15M-26APR271715-15"",""trade_id"":""d37e382d-c19b-770f-3286-cdd6f397ff19"",""yes_price_dollars"":""0.2700""}"
KXBTC15M-26APR271715-15,47a999e7-79c7-5adf-780b-85575cba77f9,1777323635,0.27,13.57,yes,"{""count_fp"":""13.57"",""created_time"":""2026-04-27T21:00:35.105324Z"",""no_price_dollars"":""0.7300"",""taker_side"":""yes"",""ticker"":""KXBTC15M-26APR271715-15"",""trade_id"":""47a999e7-79c7-5adf-780b-85575cba77f9"",""yes_price_dollars"":""0.2700""}"
KXBTC15M-26APR271715-15,64fc13c0-e55a-5c02-d3d3-ed2478f05672,1777323636,0.26,45.12,no,"{""count_fp"":""45.12"",""created_time"":""2026-04-27T21:00:36.973764Z"",""no_price_dollars"":""0.7400"",""taker_side"":""no"",""ticker"":""KXBTC15M-26APR271715-15"",""trade_id"":""64fc13c0-e55a-5c02-d3d3-ed2478f05672"",""yes_price_dollars"":""0.2600""}"
KXBTC15M-26APR271715-15,49d3815d-9e2f-5103-efdc-64d83e9b7b39,1777323636,0.27,52.85,yes,"{""count_fp"":""52.85"",""created_time"":""2026-04-27T21:00:36.938171Z"",""no_price_dollars"":""0.7300"",""taker_side"":""yes"",""ticker"":""KXBTC15M-26APR271715-15"",""trade_id"":""49d3815d-9e2f-5103-efdc-64d83e9b7b39"",""yes_price_dollars"":""0.2700""}"
KXBTC15M-26APR271715-15,c3c68eb7-a44a-529e-10a8-b6f91f757476,1777323636,0.26,14.59,no,"{""count_fp"":""14.59"",""created_time"":""2026-04-27T21:00:36.638254Z"",""no_price_dollars"":""0.7400"",""taker_side"":""no"",""ticker"":""KXBTC15M-26APR271715-15"",""trade_id"":""c3c68eb7-a44a-529e-10a8-b6f91f757476"",""yes_price_dollars"":""0.2600""}"
KXBTC15M-26APR271715-15,686c77d7-a0d2-445e-2178-86e83f052a0e,1777323636,0.26,6.63,no,"{""count_fp"":""6.63"",""created_time"":""2026-04-27T21:00:36.615207Z"",""no_price_dollars"":""0.7400"",""taker_side"":""no"",""ticker"":""KXBTC15M-26APR271715-15"",""trade_id"":""686c77d7-a0d2-445e-2178-86e83f052a0e"",""yes_price_dollars"":""0.2600""}"
KXBTC15M-26APR271715-15,a4da6028-a97b-626b-4e90-57f036070da1,1777323636,0.27,3.0,yes,"{""count_fp"":""3.00"",""created_time"":""2026-04-27T21:00:36.432838Z"",""no_price_dollars"":""0.7300"",""taker_side"":""yes"",""ticker"":""KXBTC15M-26APR271715-15"",""trade_id"":""a4da6028-a97b-626b-4e90-57f036070da1"",""yes_price_dollars"":""0.2700""}"
KXBTC15M-26APR271715-15,c77b101c-910a-4046-4aeb-bd74c4236816,1777323636,0.26,39.46,no,"{""count_fp"":""39.46"",""created_time"":""2026-04-27T21:00:36.307116Z"",""no_price_dollars"":""0.7400"",""taker_side"":""no"",""ticker"":""KXBTC15M-26APR271715-15"",""trade_id"":""c77b101c-910a-4046-4aeb-bd74c4236816"",""yes_price_dollars"":""0.2600""}"
KXBTC15M-26APR271715-15,cb448fb1-feb2-53c2-f1c4-854afa34160e,1777323636,0.26,40.47,no,"{""count_fp"":""40.47"",""created_time"":""2026-04-27T21:00:36.040564Z"",""no_price_dollars"":""0.7400"",""taker_side"":""no"",""ticker"":""KXBTC15M-26APR271715-15"",""trade_id"":""cb448fb1-feb2-53c2-f1c4-854afa34160e"",""yes_price_dollars"":""0.2600""}"
KXBTC15M-26APR271715-15,e60da90a-65bb-69f7-1474-572a331e9899,1777323636,0.27,2.0,yes,"{""count_fp"":""2.00"",""created_time"":""2026-04-27T21:00:36.010326Z"",""no_price_dollars"":""0.7300"",""taker_side"":""yes"",""ticker"":""KXBTC15M-26APR271715-15"",""trade_id"":""e60da90a-65bb-69f7-1474-572a331e9899"",""yes_price_dollars"":""0.2700""}"
KXBTC15M-26APR271715-15,fb54eee3-78ff-67e7-89fb-3ff615140141,1777323637,0.27,17.61,yes,"{""count_fp"":""17.61"",""created_time"":""2026-04-27T21:00:37.512352Z"",""no_price_dollars"":""0.7300"",""taker_side"":""yes"",""ticker"":""KXBTC15M-26APR271715-15"",""trade_id"":""fb54eee3-78ff-67e7-89fb-3ff615140141"",""yes_price_dollars"":""0.2700""}"
KXBTC15M-26APR271715-15,feba2903-b6db-70b8-7f8c-8a6d75049dfa,1777323638,0.28,4.55,yes,"{""count_fp"":""4.55"",""created_time"":""2026-04-27T21:00:38.250847Z"",""no_price_dollars"":""0.7200"",""taker_side"":""yes"",""ticker"":""KXBTC15M-26APR271715-15"",""trade_id"":""feba2903-b6db-70b8-7f8c-8a6d75049dfa"",""yes_price_dollars"":""0.2800""}"
KXBTC15M-26APR271715-15,ec076748-fb63-7acb-7fc9-70632a2eb7f1,1777323638,0.27,10.45,yes,"{""count_fp"":""10.45"",""created_time"":""2026-04-27T21:00:38.250847Z"",""no_price_dollars"":""0.7300"",""taker_side"":""yes"",""ticker"":""KXBTC15M-26APR271715-15"",""trade_id"":""ec076748-fb63-7acb-7fc9-70632a2eb7f1"",""yes_price_dollars"":""0.2700""}"
KXBTC15M-26APR271715-15,5d82267e-dab7-7ce2-7cd8-1dd2148ab4ff,1777323638,0.27,5.0,yes,"{""count_fp"":""5.00"",""created_time"":""2026-04-27T21:00:38.250847Z"",""no_price_dollars"":""0.7300"",""taker_side"":""yes"",""ticker"":""KXBTC15M-26APR271715-15"",""trade_id"":""5d82267e-dab7-7ce2-7cd8-1dd2148ab4ff"",""yes_price_dollars"":""0.2700""}"
KXBTC15M-26APR271715-15,048d9738-25e3-7bda-7a6b-f5973a4349c2,1777323638,0.27,1.0,yes,"{""count_fp"":""1.00"",""created_time"":""2026-04-27T21:00:38.250847Z"",""no_price_dollars"":""0.7300"",""taker_side"":""yes"",""ticker"":""KXBTC15M-26APR271715-15"",""trade_id"":""048d9738-25e3-7bda-7a6b-f5973a4349c2"",""yes_price_dollars"":""0.2700""}"
KXBTC15M-26APR271715-15,29854fd4-d162-7752-ac71-93c674647d36,1777323638,0.26,13.27,no,"{""count_fp"":""13.27"",""created_time"":""2026-04-27T21:00:38.019115Z"",""no_price_dollars"":""0.7400"",""taker_side"":""no"",""ticker"":""KXBTC15M-26APR271715-15"",""trade_id"":""29854fd4-d162-7752-ac71-93c674647d36"",""yes_price_dollars"":""0.2600""}"
KXBTC15M-26APR271715-15,2d120ce5-bac2-5876-dbfe-98bce3a8a723,1777323639,0.27,51.0,yes,"{""count_fp"":""51.00"",""created_time"":""2026-04-27T21:00:39.610706Z"",""no_price_dollars"":""0.7300"",""taker_side"":""yes"",""ticker"":""KXBTC15M-26APR271715-15"",""trade_id"":""2d120ce5-bac2-5876-dbfe-98bce3a8a723"",""yes_price_dollars"":""0.2700""}"
KXBTC15M-26APR271715-15,1528b088-238a-7bf2-8add-d6875b80c182,1777323639,0.26,2.65,no,"{""count_fp"":""2.65"",""created_time"":""2026-04-27T21:00:39.430722Z"",""no_price_dollars"":""0.7400"",""taker_side"":""no"",""ticker"":""KXBTC15M-26APR271715-15"",""trade_id"":""1528b088-238a-7bf2-8add-d6875b80c182"",""yes_price_dollars"":""0.2600""}"
KXBTC15M-26APR271715-15,658c2352-3f66-7022-51d0-f8ddb6214917,1777323639,0.27,15.88,yes,"{""count_fp"":""15.88"",""created_time"":""2026-04-27T21:00:39.345438Z"",""no_price_dollars"":""0.7300"",""taker_side"":""yes"",""ticker"":""KXBTC15M-26APR271715-15"",""trade_id"":""658c2352-3f66-7022-51d0-f8ddb6214917"",""yes_price_dollars"":""0.2700""}"
KXBTC15M-26APR271715-15,e18a6cc7-9127-5ea6-c8e0-446961efabb1,1777323639,0.28,1.4,yes,"{""count_fp"":""1.40"",""created_time"":""2026-04-27T21:00:39.279611Z"",""no_price_dollars"":""0.7200"",""taker_side"":""yes"",""ticker"":""KXBTC15M-26APR271715-15"",""trade_id"":""e18a6cc7-9127-5ea6-c8e0-446961efabb1"",""yes_price_dollars"":""0.2800""}"
KXBTC15M-26APR271715-15,c17b4a36-0803-59e3-c4d3-ea4a230aefb5,1777323639,0.27,19.57,yes,"{""count_fp"":""19.57"",""created_time"":""2026-04-27T21:00:39.279611Z"",""no_price_dollars"":""0.7300"",""taker_side"":""yes"",""ticker"":""KXBTC15M-26APR271715-15"",""trade_id"":""c17b4a36-0803-59e3-c4d3-ea4a230aefb5"",""yes_price_dollars"":""0.2700""}"
KXBTC15M-26APR271715-15,94e8aa79-9203-5324-d50b-b902c167310e,1777323639,0.28,4.45,yes,"{""count_fp"":""4.45"",""created_time"":""2026-04-27T21:00:39.279611Z"",""no_price_dollars"":""0.7200"",""taker_side"":""yes"",""ticker"":""KXBTC15M-26APR271715-15"",""trade_id"":""94e8aa79-9203-5324-d50b-b902c167310e"",""yes_price_dollars"":""0.2800""}"
KXBTC15M-26APR271715-15,7471de32-bce9-553a-cc00-07e96b2abade,1777323639,0.28,2.3,yes,"{""count_fp"":""2.30"",""created_time"":""2026-04-27T21:00:39.279611Z"",""no_price_dollars"":""0.7200"",""taker_side"":""yes"",""ticker"":""KXBTC15M-26APR271715-15"",""trade_id"":""7471de32-bce9-553a-cc00-07e96b2abade"",""yes_price_dollars"":""0.2800""}"
KXBTC15M-26APR271715-15,51811678-991c-5753-da9e-2bd7d2eeceb5,1777323639,0.28,2.0,yes,"{""count_fp"":""2.00"",""created_time"":""2026-04-27T21:00:39.279611Z"",""no_price_dollars"":""0.7200"",""taker_side"":""yes"",""ticker"":""KXBTC15M-26APR271715-15"",""trade_id"":""51811678-991c-5753-da9e-2bd7d2eeceb5"",""yes_price_dollars"":""0.2800""}"
KXBTC15M-26APR271715-15,206a70c4-0664-5999-f145-8d819dfe015b,1777323639,0.28,1.0,yes,"{""count_fp"":""1.00"",""created_time"":""2026-04-27T21:00:39.279611Z"",""no_price_dollars"":""0.7200"",""taker_side"":""yes"",""ticker"":""KXBTC15M-26APR271715-15"",""trade_id"":""206a70c4-0664-5999-f145-8d819dfe015b"",""yes_price_dollars"":""0.2800""}"
KXBTC15M-26APR271715-15,14c60c1c-297f-5c35-cf16-3e189503f020,1777323639,0.28,10.6,yes,"{""count_fp"":""10.60"",""created_time"":""2026-04-27T21:00:39.279611Z"",""no_price_dollars"":""0.7200"",""taker_side"":""yes"",""ticker"":""KXBTC15M-26APR271715-15"",""trade_id"":""14c60c1c-297f-5c35-cf16-3e189503f020"",""yes_price_dollars"":""0.2800""}"
KXBTC15M-26APR271715-15,913b6f52-6fc3-6cbf-e2b2-e77f786b7c69,1777323639,0.27,1.05,yes,"{""count_fp"":""1.05"",""created_time"":""2026-04-27T21:00:39.242331Z"",""no_price_dollars"":""0.7300"",""taker_side"":""yes"",""ticker"":""KXBTC15M-26APR271715-15"",""trade_id"":""913b6f52-6fc3-6cbf-e2b2-e77f786b7c69"",""yes_price_dollars"":""0.2700""}"
KXBTC15M-26APR271715-15,2bfb7751-c5f3-4cd7-5fd6-be29f6b73dfd,1777323639,0.27,167.73,yes,"{""count_fp"":""167.73"",""created_time"":""2026-04-27T21:00:39.207332Z"",""no_price_dollars"":""0.7300"",""taker_side"":""yes"",""ticker"":""KXBTC15M-26APR271715-15"",""trade_id"":""2bfb7751-c5f3-4cd7-5fd6-be29f6b73dfd"",""yes_price_dollars"":""0.2700""}"
KXBTC15M-26APR271715-15,b651cf82-9c4f-7277-3214-cbc9046d961d,1777323639,0.27,68.52,yes,"{""count_fp"":""68.52"",""created_time"":""2026-04-27T21:00:39.152897Z"",""no_price_dollars"":""0.7300"",""taker_side"":""yes"",""ticker"":""KXBTC15M-26APR271715-15"",""trade_id"":""b651cf82-9c4f-7277-3214-cbc9046d961d"",""yes_price_dollars"":""0.2700""}"
KXBTC15M-26APR271715-15,991c7558-bd4a-64f6-910b-3f04e529e8eb,1777323640,0.27,34.32,yes,"{""count_fp"":""34.32"",""created_time"":""2026-04-27T21:00:40.869772Z"",""no_price_dollars"":""0.7300"",""taker_side"":""yes"",""ticker"":""KXBTC15M-26APR271715-15"",""trade_id"":""991c7558-bd4a-64f6-910b-3f04e529e8eb"",""yes_price_dollars"":""0.2700""}"
KXBTC15M-26APR271715-15,413a7682-2ef5-61ba-814f-e97b2dd1dae6,1777323640,0.28,0.91,yes,"{""count_fp"":""0.91"",""created_time"":""2026-04-27T21:00:40.869772Z"",""no_price_dollars"":""0.7200"",""taker_side"":""yes"",""ticker"":""KXBTC15M-26APR271715-15"",""trade_id"":""413a7682-2ef5-61ba-814f-e97b2dd1dae6"",""yes_price_dollars"":""0.2800""}"
KXBTC15M-26APR271715-15,3d4e1983-bd86-7006-28a7-4df21916c16a,1777323640,0.26,1.34,no,"{""count_fp"":""1.34"",""created_time"":""2026-04-27T21:00:40.833332Z"",""no_price_dollars"":""0.7400"",""taker_side"":""no"",""ticker"":""KXBTC15M-26APR271715-15"",""trade_id"":""3d4e1983-bd86-7006-28a7-4df21916c16a"",""yes_price_dollars"":""0.2600""}"
KXBTC15M-26APR271715-15,70795dbb-bb0a-725e-8c8e-b883e52720bb,1777323640,0.27,35.23,yes,"{""count_fp"":""35.23"",""created_time"":""2026-04-27T21:00:40.803225Z"",""no_price_dollars"":""0.7300"",""taker_side"":""yes"",""ticker"":""KXBTC15M-26APR271715-15"",""trade_id"":""70795dbb-bb0a-725e-8c8e-b883e52720bb"",""yes_price_dollars"":""0.2700""}"
KXBTC15M-26APR271715-15,1c442dcb-7952-4ae6-bba1-baf6b38cd79f,1777323640,0.27,287.64,yes,"{""count_fp"":""287.64"",""created_time"":""2026-04-27T21:00:40.779822Z"",""no_price_dollars"":""0.7300"",""taker_side"":""yes"",""ticker"":""KXBTC15M-26APR271715-15"",""trade_id"":""1c442dcb-7952-4ae6-bba1-baf6b38cd79f"",""yes_price_dollars"":""0.2700""}"
KXBTC15M-26APR271715-15,508e4e5c-27de-5e02-add1-ce5aeb24247b,1777323640,0.27,0.7,yes,"{""count_fp"":""0.70"",""created_time"":""2026-04-27T21:00:40.326941Z"",""no_price_dollars"":""0.7300"",""taker_side"":""yes"",""ticker"":""KXBTC15M-26APR271715-15"",""trade_id"":""508e4e5c-27de-5e02-add1-ce5aeb24247b"",""yes_price_dollars"":""0.2700""}"
KXBTC15M-26APR271715-15,8158b04c-0d7e-7572-6fd5-b89c6b49e7e7,1777323640,0.27,35.23,yes,"{""count_fp"":""35.23"",""created_time"":""2026-04-27T21:00:40.189005Z"",""no_price_dollars"":""0.7300"",""taker_side"":""yes"",""ticker"":""KXBTC15M-26APR271715-15"",""trade_id"":""8158b04c-0d7e-7572-6fd5-b89c6b49e7e7"",""yes_price_dollars"":""0.2700""}"
KXBTC15M-26APR271715-15,315b79cb-f978-49d4-8900-630c0f6ddf39,1777323641,0.28,1.7,yes,"{""count_fp"":""1.70"",""created_time"":""2026-04-27T21:00:41.742313Z"",""no_price_dollars"":""0.7200"",""taker_side"":""yes"",""ticker"":""KXBTC15M-26APR271715-15"",""trade_id"":""315b79cb-f978-49d4-8900-630c0f6ddf39"",""yes_price_dollars"":""0.2800""}"
KXBTC15M-26APR271715-15,e37b32c0-6341-4c5b-3731-0f9906067477,1777323641,0.28,7.0,yes,"{""count_fp"":""7.00"",""created_time"":""2026-04-27T21:00:41.424142Z"",""no_price_dollars"":""0.7200"",""taker_side"":""yes"",""ticker"":""KXBTC15M-26APR271715-15"",""trade_id"":""e37b32c0-6341-4c5b-3731-0f9906067477"",""yes_price_dollars"":""0.2800""}"
KXBTC15M-26APR271715-15,cb167205-e638-4414-183b-953ee6549162,1777323641,0.28,3.0,yes,"{""count_fp"":""3.00"",""created_time"":""2026-04-27T21:00:41.424142Z"",""no_price_dollars"":""0.7200"",""taker_side"":""yes"",""ticker"":""KXBTC15M-26APR271715-15"",""trade_id"":""cb167205-e638-4414-183b-953ee6549162"",""yes_price_dollars"":""0.2800""}"
KXBTC15M-26APR271715-15,ae4da119-6852-4433-280b-a39340535be3,1777323641,0.27,419.32,yes,"{""count_fp"":""419.32"",""created_time"":""2026-04-27T21:00:41.424142Z"",""no_price_dollars"":""0.7300"",""taker_side"":""yes"",""ticker"":""KXBTC15M-26APR271715-15"",""trade_id"":""ae4da119-6852-4433-280b-a39340535be3"",""yes_price_dollars"":""0.2700""}"
KXBTC15M-26APR271715-15,9405b681-275d-448e-0a68-f963c26ca666,1777323641,0.28,36.79,yes,"{""count_fp"":""36.79"",""created_time"":""2026-04-27T21:00:41.424142Z"",""no_price_dollars"":""0.7200"",""taker_side"":""yes"",""ticker"":""KXBTC15M-26APR271715-15"",""trade_id"":""9405b681-275d-448e-0a68-f963c26ca666"",""yes_price_dollars"":""0.2800""}"
