ticker,trade_id,ts,yes_price,count,taker_side,raw_json
KXBTC15M-26APR272015-15,c1fb5de5-47b3-784f-6767-df37aa8b97c5,1777334401,0.5,13.0,yes,"{""count_fp"":""13.00"",""created_time"":""2026-04-28T00:00:01.992294Z"",""no_price_dollars"":""0.5000"",""taker_side"":""yes"",""ticker"":""KXBTC15M-26APR272015-15"",""trade_id"":""c1fb5de5-47b3-784f-6767-df37aa8b97c5"",""yes_price_dollars"":""0.5000""}"
KXBTC15M-26APR272015-15,ab80c11e-f15b-7671-5aa3-76b33535e1ea,1777334401,0.49,1.0,yes,"{""count_fp"":""1.00"",""created_time"":""2026-04-28T00:00:01.992294Z"",""no_price_dollars"":""0.5100"",""taker_side"":""yes"",""ticker"":""KXBTC15M-26APR272015-15"",""trade_id"":""ab80c11e-f15b-7671-5aa3-76b33535e1ea"",""yes_price_dollars"":""0.4900""}"
KXBTC15M-26APR272015-15,6f7c06cc-bc6f-79fa-655c-f804c4b1ec53,1777334401,0.49,3.0,yes,"{""count_fp"":""3.00"",""created_time"":""2026-04-28T00:00:01.992294Z"",""no_price_dollars"":""0.5100"",""taker_side"":""yes"",""ticker"":""KXBTC15M-26APR272015-15"",""trade_id"":""6f7c06cc-bc6f-79fa-655c-f804c4b1ec53"",""yes_price_dollars"":""0.4900""}"
KXBTC15M-26APR272015-15,907b546d-e172-6bf9-c89f-df92f20bb3bf,1777334401,0.5,25.0,yes,"{""count_fp"":""25.00"",""created_time"":""2026-04-28T00:00:01.432687Z"",""no_price_dollars"":""0.5000"",""taker_side"":""yes"",""ticker"":""KXBTC15M-26APR272015-15"",""trade_id"":""907b546d-e172-6bf9-c89f-df92f20bb3bf"",""yes_price_dollars"":""0.5000""}"
KXBTC15M-26APR272015-15,32770f74-1acf-6d43-f8da-20eff1b2de5c,1777334401,0.5,12.0,yes,"{""count_fp"":""12.00"",""created_time"":""2026-04-28T00:00:01.432687Z"",""no_price_dollars"":""0.5000"",""taker_side"":""yes"",""ticker"":""KXBTC15M-26APR272015-15"",""trade_id"":""32770f74-1acf-6d43-f8da-20eff1b2de5c"",""yes_price_dollars"":""0.5000""}"
KXBTC15M-26APR272015-15,cd63b010-029b-5233-8d13-be0d28f5f7b7,1777334401,0.46,34.0,no,"{""count_fp"":""34.00"",""created_time"":""2026-04-28T00:00:01.328497Z"",""no_price_dollars"":""0.5400"",""taker_side"":""no"",""ticker"":""KXBTC15M-26APR272015-15"",""trade_id"":""cd63b010-029b-5233-8d13-be0d28f5f7b7"",""yes_price_dollars"":""0.4600""}"
KXBTC15M-26APR272015-15,f04f43e4-cb8e-78cc-4853-0b23a53cfe7a,1777334401,0.5,8.0,yes,"{""count_fp"":""8.00"",""created_time"":""2026-04-28T00:00:01.210829Z"",""no_price_dollars"":""0.5000"",""taker_side"":""yes"",""ticker"":""KXBTC15M-26APR272015-15"",""trade_id"":""f04f43e4-cb8e-78cc-4853-0b23a53cfe7a"",""yes_price_dollars"":""0.5000""}"
KXBTC15M-26APR272015-15,e654904b-03ff-7c78-4f11-4598e251cf69,1777334401,0.5,1.0,yes,"{""count_fp"":""1.00"",""created_time"":""2026-04-28T00:00:01.210829Z"",""no_price_dollars"":""0.5000"",""taker_side"":""yes"",""ticker"":""KXBTC15M-26APR272015-15"",""trade_id"":""e654904b-03ff-7c78-4f11-4598e251cf69"",""yes_price_dollars"":""0.5000""}"
KXBTC15M-26APR272015-15,c312ea0a-d1bb-7f84-617b-f818e81d04c3,1777334401,0.5,27.0,yes,"{""count_fp"":""27.00"",""created_time"":""2026-04-28T00:00:01.210829Z"",""no_price_dollars"":""0.5000"",""taker_side"":""yes"",""ticker"":""KXBTC15M-26APR272015-15"",""trade_id"":""c312ea0a-d1bb-7f84-617b-f818e81d04c3"",""yes_price_dollars"":""0.5000""}"
KXBTC15M-26APR272015-15,bd95607e-c90b-6e32-85f7-a585c8d68f2e,1777334402,0.49,3.0,yes,"{""count_fp"":""3.00"",""created_time"":""2026-04-28T00:00:02.701368Z"",""no_price_dollars"":""0.5100"",""taker_side"":""yes"",""ticker"":""KXBTC15M-26APR272015-15"",""trade_id"":""bd95607e-c90b-6e32-85f7-a585c8d68f2e"",""yes_price_dollars"":""0.4900""}"
KXBTC15M-26APR272015-15,53386c32-18b0-663e-8971-c1953de6a7ee,1777334402,0.49,3.0,yes,"{""count_fp"":""3.00"",""created_time"":""2026-04-28T00:00:02.701368Z"",""no_price_dollars"":""0.5100"",""taker_side"":""yes"",""ticker"":""KXBTC15M-26APR272015-15"",""trade_id"":""53386c32-18b0-663e-8971-c1953de6a7ee"",""yes_price_dollars"":""0.4900""}"
KXBTC15M-26APR272015-15,488e3bf1-528f-7c2f-b4ca-2117856bf2f9,1777334403,0.5,82.14,yes,"{""count_fp"":""82.14"",""created_time"":""2026-04-28T00:00:03.993988Z"",""no_price_dollars"":""0.5000"",""taker_side"":""yes"",""ticker"":""KXBTC15M-26APR272015-15"",""trade_id"":""488e3bf1-528f-7c2f-b4ca-2117856bf2f9"",""yes_price_dollars"":""0.5000""}"
KXBTC15M-26APR272015-15,0418ecb5-7035-7a56-ab9c-b1995e74f598,1777334403,0.51,30.0,yes,"{""count_fp"":""30.00"",""created_time"":""2026-04-28T00:00:03.993988Z"",""no_price_dollars"":""0.4900"",""taker_side"":""yes"",""ticker"":""KXBTC15M-26APR272015-15"",""trade_id"":""0418ecb5-7035-7a56-ab9c-b1995e74f598"",""yes_price_dollars"":""0.5100""}"
KXBTC15M-26APR272015-15,9aa257d3-3dcf-6713-e328-b4922a17b9e9,1777334403,0.5,7.0,yes,"{""count_fp"":""7.00"",""created_time"":""2026-04-28T00:00:03.970065Z"",""no_price_dollars"":""0.5000"",""taker_side"":""yes"",""ticker"":""KXBTC15M-26APR272015-15"",""trade_id"":""9aa257d3-3dcf-6713-e328-b4922a17b9e9"",""yes_price_dollars"":""0.5000""}"
KXBTC15M-26APR272015-15,a9abe94c-fc5b-614f-fcb3-e629f742a065,1777334403,0.5,5.86,yes,"{""count_fp"":""5.86"",""created_time"":""2026-04-28T00:00:03.657206Z"",""no_price_dollars"":""0.5000"",""taker_side"":""yes"",""ticker"":""KXBTC15M-26APR272015-15"",""trade_id"":""a9abe94c-fc5b-614f-fcb3-e629f742a065"",""yes_price_dollars"":""0.5000""}"
KXBTC15M-26APR272015-15,16394e41-470a-64ad-d852-517676ec6861,1777334403,0.49,1.14,yes,"{""count_fp"":""1.14"",""created_time"":""2026-04-28T00:00:03.657206Z"",""no_price_dollars"":""0.5100"",""taker_side"":""yes"",""ticker"":""KXBTC15M-26APR272015-15"",""trade_id"":""16394e41-470a-64ad-d852-517676ec6861"",""yes_price_dollars"":""0.4900""}"
KXBTC15M-26APR272015-15,342c392b-dd52-6509-9b82-e8d8c86ebb45,1777334403,0.49,3.86,yes,"{""count_fp"":""3.86"",""created_time"":""2026-04-28T00:00:03.561202Z"",""no_price_dollars"":""0.5100"",""taker_side"":""yes"",""ticker"":""KXBTC15M-26APR272015-15"",""trade_id"":""342c392b-dd52-6509-9b82-e8d8c86ebb45"",""yes_price_dollars"":""0.4900""}"
KXBTC15M-26APR272015-15,a0202a2f-6beb-524b-e3b8-2cb435e48535,1777334403,0.5,8.0,yes,"{""count_fp"":""8.00"",""created_time"":""2026-04-28T00:00:03.492328Z"",""no_price_dollars"":""0.5000"",""taker_side"":""yes"",""ticker"":""KXBTC15M-26APR272015-15"",""trade_id"":""a0202a2f-6beb-524b-e3b8-2cb435e48535"",""yes_price_dollars"":""0.5000""}"
KXBTC15M-26APR272015-15,75e344f3-0d1b-5b6b-f2c4-2d17ffdbf2c3,1777334403,0.46,1.0,no,"{""count_fp"":""1.00"",""created_time"":""2026-04-28T00:00:03.136211Z"",""no_price_dollars"":""0.5400"",""taker_side"":""no"",""ticker"":""KXBTC15M-26APR272015-15"",""trade_id"":""75e344f3-0d1b-5b6b-f2c4-2d17ffdbf2c3"",""yes_price_dollars"":""0.4600""}"
KXBTC15M-26APR272015-15,fb8ed17d-537a-5e6e-b439-ec4a1ee49aca,1777334403,0.49,5.0,yes,"{""count_fp"":""5.00"",""created_time"":""2026-04-28T00:00:03.131495Z"",""no_price_dollars"":""0.5100"",""taker_side"":""yes"",""ticker"":""KXBTC15M-26APR272015-15"",""trade_id"":""fb8ed17d-537a-5e6e-b439-ec4a1ee49aca"",""yes_price_dollars"":""0.4900""}"
KXBTC15M-26APR272015-15,267d5c6a-f207-5547-b2ed-717a4a3ff5f1,1777334403,0.5,4.0,yes,"{""count_fp"":""4.00"",""created_time"":""2026-04-28T00:00:03.131495Z"",""no_price_dollars"":""0.5000"",""taker_side"":""yes"",""ticker"":""KXBTC15M-26APR272015-15"",""trade_id"":""267d5c6a-f207-5547-b2ed-717a4a3ff5f1"",""yes_price_dollars"":""0.5000""}"
KXBTC15M-26APR272015-15,870d4bfa-9597-7baf-7d8c-1c950484649c,1777334403,0.49,9.0,yes,"{""count_fp"":""9.00"",""created_time"":""2026-04-28T00:00:03.053138Z"",""no_price_dollars"":""0.5100"",""taker_side"":""yes"",""ticker"":""KXBTC15M-26APR272015-15"",""trade_id"":""870d4bfa-9597-7baf-7d8c-1c950484649c"",""yes_price_dollars"":""0.4900""}"
KXBTC15M-26APR272015-15,34f920cf-9120-705c-7b0c-e2bc3aab175c,1777334403,0.48,9.0,yes,"{""count_fp"":""9.00"",""created_time"":""2026-04-28T00:00:03.053138Z"",""no_price_dollars"":""0.5200"",""taker_side"":""yes"",""ticker"":""KXBTC15M-26APR272015-15"",""trade_id"":""34f920cf-9120-705c-7b0c-e2bc3aab175c"",""yes_price_dollars"":""0.4800""}"
KXBTC15M-26APR272015-15,4d01ffb8-f738-60b3-6440-577e91089e66,1777334404,0.5,28.0,yes,"{""count_fp"":""28.00"",""created_time"":""2026-04-28T00:00:04.953622Z"",""no_price_dollars"":""0.5000"",""taker_side"":""yes"",""ticker"":""KXBTC15M-26APR272015-15"",""trade_id"":""4d01ffb8-f738-60b3-6440-577e91089e66"",""yes_price_dollars"":""0.5000""}"
KXBTC15M-26APR272015-15,9bfe4e59-be67-659b-f5f4-16950d4cbebb,1777334404,0.48,14.0,no,"{""count_fp"":""14.00"",""created_time"":""2026-04-28T00:00:04.944067Z"",""no_price_dollars"":""0.5200"",""taker_side"":""no"",""ticker"":""KXBTC15M-26APR272015-15"",""trade_id"":""9bfe4e59-be67-659b-f5f4-16950d4cbebb"",""yes_price_dollars"":""0.4800""}"
KXBTC15M-26APR272015-15,2b4dd8a7-8124-6608-fe63-bf6d1ff9ad7c,1777334404,0.47,37.68,no,"{""count_fp"":""37.68"",""created_time"":""2026-04-28T00:00:04.944067Z"",""no_price_dollars"":""0.5300"",""taker_side"":""no"",""ticker"":""KXBTC15M-26APR272015-15"",""trade_id"":""2b4dd8a7-8124-6608-fe63-bf6d1ff9ad7c"",""yes_price_dollars"":""0.4700""}"
KXBTC15M-26APR272015-15,2a6df9a7-3150-669d-e937-70831e925d5d,1777334404,0.48,25.0,no,"{""count_fp"":""25.00"",""created_time"":""2026-04-28T00:00:04.944067Z"",""no_price_dollars"":""0.5200"",""taker_side"":""no"",""ticker"":""KXBTC15M-26APR272015-15"",""trade_id"":""2a6df9a7-3150-669d-e937-70831e925d5d"",""yes_price_dollars"":""0.4800""}"
KXBTC15M-26APR272015-15,093aee37-2547-71eb-3976-e7d94d00dc7b,1777334404,0.5,8.97,no,"{""count_fp"":""8.97"",""created_time"":""2026-04-28T00:00:04.307129Z"",""no_price_dollars"":""0.5000"",""taker_side"":""no"",""ticker"":""KXBTC15M-26APR272015-15"",""trade_id"":""093aee37-2547-71eb-3976-e7d94d00dc7b"",""yes_price_dollars"":""0.5000""}"
KXBTC15M-26APR272015-15,7ad53d0a-07d2-65ab-8b91-31923a91f265,1777334405,0.48,7.0,yes,"{""count_fp"":""7.00"",""created_time"":""2026-04-28T00:00:05.904038Z"",""no_price_dollars"":""0.5200"",""taker_side"":""yes"",""ticker"":""KXBTC15M-26APR272015-15"",""trade_id"":""7ad53d0a-07d2-65ab-8b91-31923a91f265"",""yes_price_dollars"":""0.4800""}"
KXBTC15M-26APR272015-15,2102090a-166e-770e-b4b7-c369920d8c48,1777334405,0.53,8.97,yes,"{""count_fp"":""8.97"",""created_time"":""2026-04-28T00:00:05.707547Z"",""no_price_dollars"":""0.4700"",""taker_side"":""yes"",""ticker"":""KXBTC15M-26APR272015-15"",""trade_id"":""2102090a-166e-770e-b4b7-c369920d8c48"",""yes_price_dollars"":""0.5300""}"
KXBTC15M-26APR272015-15,dfc15e58-98aa-7f62-d68e-b38109e632e0,1777334405,0.54,17.7,yes,"{""count_fp"":""17.70"",""created_time"":""2026-04-28T00:00:05.449926Z"",""no_price_dollars"":""0.4600"",""taker_side"":""yes"",""ticker"":""KXBTC15M-26APR272015-15"",""trade_id"":""dfc15e58-98aa-7f62-d68e-b38109e632e0"",""yes_price_dollars"":""0.5400""}"
KXBTC15M-26APR272015-15,6f558c03-d8a0-7962-d9b3-73b811a94a0f,1777334405,0.53,67.0,yes,"{""count_fp"":""67.00"",""created_time"":""2026-04-28T00:00:05.449926Z"",""no_price_dollars"":""0.4700"",""taker_side"":""yes"",""ticker"":""KXBTC15M-26APR272015-15"",""trade_id"":""6f558c03-d8a0-7962-d9b3-73b811a94a0f"",""yes_price_dollars"":""0.5300""}"
KXBTC15M-26APR272015-15,4b8e98f5-bb48-7cab-f555-11a24b24a252,1777334405,0.5,2.0,yes,"{""count_fp"":""2.00"",""created_time"":""2026-04-28T00:00:05.449926Z"",""no_price_dollars"":""0.5000"",""taker_side"":""yes"",""ticker"":""KXBTC15M-26APR272015-15"",""trade_id"":""4b8e98f5-bb48-7cab-f555-11a24b24a252"",""yes_price_dollars"":""0.5000""}"
KXBTC15M-26APR272015-15,9e117250-221d-406e-aaa2-b15ad87e4542,1777334406,0.42,113.19,no,"{""count_fp"":""113.19"",""created_time"":""2026-04-28T00:00:06.830033Z"",""no_price_dollars"":""0.5800"",""taker_side"":""no"",""ticker"":""KXBTC15M-26APR272015-15"",""trade_id"":""9e117250-221d-406e-aaa2-b15ad87e4542"",""yes_price_dollars"":""0.4200""}"
KXBTC15M-26APR272015-15,7c4ffb88-116a-4bf9-96a7-59fcbf5c9338,1777334406,0.41,25.0,no,"{""count_fp"":""25.00"",""created_time"":""2026-04-28T00:00:06.830033Z"",""no_price_dollars"":""0.5900"",""taker_side"":""no"",""ticker"":""KXBTC15M-26APR272015-15"",""trade_id"":""7c4ffb88-116a-4bf9-96a7-59fcbf5c9338"",""yes_price_dollars"":""0.4100""}"
KXBTC15M-26APR272015-15,70f41a5c-dd55-44b9-8c34-bc062bb20eaf,1777334406,0.43,90.0,no,"{""count_fp"":""90.00"",""created_time"":""2026-04-28T00:00:06.830033Z"",""no_price_dollars"":""0.5700"",""taker_side"":""no"",""ticker"":""KXBTC15M-26APR272015-15"",""trade_id"":""70f41a5c-dd55-44b9-8c34-bc062bb20eaf"",""yes_price_dollars"":""0.4300""}"
KXBTC15M-26APR272015-15,68cfab4d-680e-41bf-b16b-0a9cc980b03b,1777334406,0.41,5.0,no,"{""count_fp"":""5.00"",""created_time"":""2026-04-28T00:00:06.830033Z"",""no_price_dollars"":""0.5900"",""taker_side"":""no"",""ticker"":""KXBTC15M-26APR272015-15"",""trade_id"":""68cfab4d-680e-41bf-b16b-0a9cc980b03b"",""yes_price_dollars"":""0.4100""}"
KXBTC15M-26APR272015-15,41d886de-8caa-481e-823e-4dd60369ef1d,1777334406,0.41,169.56,no,"{""count_fp"":""169.56"",""created_time"":""2026-04-28T00:00:06.830033Z"",""no_price_dollars"":""0.5900"",""taker_side"":""no"",""ticker"":""KXBTC15M-26APR272015-15"",""trade_id"":""41d886de-8caa-481e-823e-4dd60369ef1d"",""yes_price_dollars"":""0.4100""}"
KXBTC15M-26APR272015-15,344e974e-eec1-4317-aee5-9954c4685a17,1777334406,0.42,2.0,no,"{""count_fp"":""2.00"",""created_time"":""2026-04-28T00:00:06.830033Z"",""no_price_dollars"":""0.5800"",""taker_side"":""no"",""ticker"":""KXBTC15M-26APR272015-15"",""trade_id"":""344e974e-eec1-4317-aee5-9954c4685a17"",""yes_price_dollars"":""0.4200""}"
KXBTC15M-26APR272015-15,1b3bd40b-5e72-441b-95d2-f382e96da662,1777334406,0.44,8.34,no,"{""count_fp"":""8.34"",""created_time"":""2026-04-28T00:00:06.830033Z"",""no_price_dollars"":""0.5600"",""taker_side"":""no"",""ticker"":""KXBTC15M-26APR272015-15"",""trade_id"":""1b3bd40b-5e72-441b-95d2-f382e96da662"",""yes_price_dollars"":""0.4400""}"
KXBTC15M-26APR272015-15,e587c048-c961-5f57-e368-3553d3886051,1777334406,0.51,1.81,yes,"{""count_fp"":""1.81"",""created_time"":""2026-04-28T00:00:06.405934Z"",""no_price_dollars"":""0.4900"",""taker_side"":""yes"",""ticker"":""KXBTC15M-26APR272015-15"",""trade_id"":""e587c048-c961-5f57-e368-3553d3886051"",""yes_price_dollars"":""0.5100""}"
KXBTC15M-26APR272015-15,d5259d8e-f3fa-57a7-f812-88cefbbfdb99,1777334406,0.53,4.95,yes,"{""count_fp"":""4.95"",""created_time"":""2026-04-28T00:00:06.405934Z"",""no_price_dollars"":""0.4700"",""taker_side"":""yes"",""ticker"":""KXBTC15M-26APR272015-15"",""trade_id"":""d5259d8e-f3fa-57a7-f812-88cefbbfdb99"",""yes_price_dollars"":""0.5300""}"
KXBTC15M-26APR272015-15,67f5b7f1-ce5d-5ea6-ddc9-76c8160454a6,1777334406,0.52,30.0,yes,"{""count_fp"":""30.00"",""created_time"":""2026-04-28T00:00:06.405934Z"",""no_price_dollars"":""0.4800"",""taker_side"":""yes"",""ticker"":""KXBTC15M-26APR272015-15"",""trade_id"":""67f5b7f1-ce5d-5ea6-ddc9-76c8160454a6"",""yes_price_dollars"":""0.5200""}"
KXBTC15M-26APR272015-15,62e8afae-cdea-592e-ebc2-dfe520ffe5b2,1777334406,0.48,9.0,yes,"{""count_fp"":""9.00"",""created_time"":""2026-04-28T00:00:06.405934Z"",""no_price_dollars"":""0.5200"",""taker_side"":""yes"",""ticker"":""KXBTC15M-26APR272015-15"",""trade_id"":""62e8afae-cdea-592e-ebc2-dfe520ffe5b2"",""yes_price_dollars"":""0.4800""}"
KXBTC15M-26APR272015-15,cb859e04-f0e5-65fb-d206-09e2136767bc,1777334406,0.45,1.0,no,"{""count_fp"":""1.00"",""created_time"":""2026-04-28T00:00:06.330633Z"",""no_price_dollars"":""0.5500"",""taker_side"":""no"",""ticker"":""KXBTC15M-26APR272015-15"",""trade_id"":""cb859e04-f0e5-65fb-d206-09e2136767bc"",""yes_price_dollars"":""0.4500""}"
KXBTC15M-26APR272015-15,a24c9363-eab3-68b1-d73a-19d64d209d0d,1777334406,0.45,1.0,no,"{""count_fp"":""1.00"",""created_time"":""2026-04-28T00:00:06.330633Z"",""no_price_dollars"":""0.5500"",""taker_side"":""no"",""ticker"":""KXBTC15M-26APR272015-15"",""trade_id"":""a24c9363-eab3-68b1-d73a-19d64d209d0d"",""yes_price_dollars"":""0.4500""}"
KXBTC15M-26APR272015-15,2b269b59-a1ac-6554-d024-06c31ab5bf14,1777334406,0.45,10.0,no,"{""count_fp"":""10.00"",""created_time"":""2026-04-28T00:00:06.330633Z"",""no_price_dollars"":""0.5500"",""taker_side"":""no"",""ticker"":""KXBTC15M-26APR272015-15"",""trade_id"":""2b269b59-a1ac-6554-d024-06c31ab5bf14"",""yes_price_dollars"":""0.4500""}"
KXBTC15M-26APR272015-15,196de922-513d-6e7e-e2fb-e6342a6bc50a,1777334406,0.44,1.81,no,"{""count_fp"":""1.81"",""created_time"":""2026-04-28T00:00:06.330633Z"",""no_price_dollars"":""0.5600"",""taker_side"":""no"",""ticker"":""KXBTC15M-26APR272015-15"",""trade_id"":""196de922-513d-6e7e-e2fb-e6342a6bc50a"",""yes_price_dollars"":""0.4400""}"
KXBTC15M-26APR272015-15,ead229da-f624-494d-8d32-d295eb0ce5b6,1777334407,0.53,10.0,yes,"{""count_fp"":""10.00"",""created_time"":""2026-04-28T00:00:07.958619Z"",""no_price_dollars"":""0.4700"",""taker_side"":""yes"",""ticker"":""KXBTC15M-26APR272015-15"",""trade_id"":""ead229da-f624-494d-8d32-d295eb0ce5b6"",""yes_price_dollars"":""0.5300""}"
KXBTC15M-26APR272015-15,e04043a6-ead4-42d5-a2c9-43d580e9a3de,1777334407,0.49,2.5,yes,"{""count_fp"":""2.50"",""created_time"":""2026-04-28T00:00:07.958619Z"",""no_price_dollars"":""0.5100"",""taker_side"":""yes"",""ticker"":""KXBTC15M-26APR272015-15"",""trade_id"":""e04043a6-ead4-42d5-a2c9-43d580e9a3de"",""yes_price_dollars"":""0.4900""}"
KXBTC15M-26APR272015-15,ca206812-a63d-4470-af9c-934eabc26fc0,1777334407,0.51,1.0,yes,"{""count_fp"":""1.00"",""created_time"":""2026-04-28T00:00:07.958619Z"",""no_price_dollars"":""0.4900"",""taker_side"":""yes"",""ticker"":""KXBTC15M-26APR272015-15"",""trade_id"":""ca206812-a63d-4470-af9c-934eabc26fc0"",""yes_price_dollars"":""0.5100""}"
KXBTC15M-26APR272015-15,be7c7183-f614-423d-b514-42c7a17f6e1e,1777334407,0.5,1.0,yes,"{""count_fp"":""1.00"",""created_time"":""2026-04-28T00:00:07.958619Z"",""no_price_dollars"":""0.5000"",""taker_side"":""yes"",""ticker"":""KXBTC15M-26APR272015-15"",""trade_id"":""be7c7183-f614-423d-b514-42c7a17f6e1e"",""yes_price_dollars"":""0.5000""}"
KXBTC15M-26APR272015-15,b4866eff-0d3e-40de-bc27-a71be977c0f0,1777334407,0.54,102.3,yes,"{""count_fp"":""102.30"",""created_time"":""2026-04-28T00:00:07.958619Z"",""no_price_dollars"":""0.4600"",""taker_side"":""yes"",""ticker"":""KXBTC15M-26APR272015-15"",""trade_id"":""b4866eff-0d3e-40de-bc27-a71be977c0f0"",""yes_price_dollars"":""0.5400""}"
KXBTC15M-26APR272015-15,aa9f7302-04b3-41a6-8013-27aa88fa0879,1777334407,0.53,10.0,yes,"{""count_fp"":""10.00"",""created_time"":""2026-04-28T00:00:07.958619Z"",""no_price_dollars"":""0.4700"",""taker_side"":""yes"",""ticker"":""KXBTC15M-26APR272015-15"",""trade_id"":""aa9f7302-04b3-41a6-8013-27aa88fa0879"",""yes_price_dollars"":""0.5300""}"
KXBTC15M-26APR272015-15,a657c8c3-175d-4a14-a4dd-52bf1062c5b3,1777334407,0.5,2.0,yes,"{""count_fp"":""2.00"",""created_time"":""2026-04-28T00:00:07.958619Z"",""no_price_dollars"":""0.5000"",""taker_side"":""yes"",""ticker"":""KXBTC15M-26APR272015-15"",""trade_id"":""a657c8c3-175d-4a14-a4dd-52bf1062c5b3"",""yes_price_dollars"":""0.5000""}"
KXBTC15M-26APR272015-15,68270941-3fbf-4bdb-95b2-8bb3395a8075,1777334407,0.48,90.0,yes,"{""count_fp"":""90.00"",""created_time"":""2026-04-28T00:00:07.958619Z"",""no_price_dollars"":""0.5200"",""taker_side"":""yes"",""ticker"":""KXBTC15M-26APR272015-15"",""trade_id"":""68270941-3fbf-4bdb-95b2-8bb3395a8075"",""yes_price_dollars"":""0.4800""}"
KXBTC15M-26APR272015-15,4209de55-870a-4540-8d66-e965305e0b0d,1777334407,0.54,24.85,yes,"{""count_fp"":""24.85"",""created_time"":""2026-04-28T00:00:07.958619Z"",""no_price_dollars"":""0.4600"",""taker_side"":""yes"",""ticker"":""KXBTC15M-26APR272015-15"",""trade_id"":""4209de55-870a-4540-8d66-e965305e0b0d"",""yes_price_dollars"":""0.5400""}"
KXBTC15M-26APR272015-15,0b92e7dc-b1a9-4179-b818-5714a3489154,1777334407,0.48,113.19,yes,"{""count_fp"":""113.19"",""created_time"":""2026-04-28T00:00:07.958619Z"",""no_price_dollars"":""0.5200"",""taker_side"":""yes"",""ticker"":""KXBTC15M-26APR272015-15"",""trade_id"":""0b92e7dc-b1a9-4179-b818-5714a3489154"",""yes_price_dollars"":""0.4800""}"
KXBTC15M-26APR272015-15,0224dbaa-5f32-4393-867f-385340d4ef89,1777334407,0.53,25.05,yes,"{""count_fp"":""25.05"",""created_time"":""2026-04-28T00:00:07.958619Z"",""no_price_dollars"":""0.4700"",""taker_side"":""yes"",""ticker"":""KXBTC15M-26APR272015-15"",""trade_id"":""0224dbaa-5f32-4393-867f-385340d4ef89"",""yes_price_dollars"":""0.5300""}"
KXBTC15M-26APR272015-15,874c3535-8f89-79b1-f7ec-ed1ec3c83c18,1777334407,0.48,36.53,yes,"{""count_fp"":""36.53"",""created_time"":""2026-04-28T00:00:07.812094Z"",""no_price_dollars"":""0.5200"",""taker_side"":""yes"",""ticker"":""KXBTC15M-26APR272015-15"",""trade_id"":""874c3535-8f89-79b1-f7ec-ed1ec3c83c18"",""yes_price_dollars"":""0.4800""}"
KXBTC15M-26APR272015-15,b4a23aa5-f66a-54fc-0401-1909e3df30ad,1777334407,0.48,12.06,yes,"{""count_fp"":""12.06"",""created_time"":""2026-04-28T00:00:07.682227Z"",""no_price_dollars"":""0.5200"",""taker_side"":""yes"",""ticker"":""KXBTC15M-26APR272015-15"",""trade_id"":""b4a23aa5-f66a-54fc-0401-1909e3df30ad"",""yes_price_dollars"":""0.4800""}"
KXBTC15M-26APR272015-15,49d8470a-b8cc-5c4d-0f81-25adb0a6d712,1777334407,0.49,21.92,yes,"{""count_fp"":""21.92"",""created_time"":""2026-04-28T00:00:07.579079Z"",""no_price_dollars"":""0.5100"",""taker_side"":""yes"",""ticker"":""KXBTC15M-26APR272015-15"",""trade_id"":""49d8470a-b8cc-5c4d-0f81-25adb0a6d712"",""yes_price_dollars"":""0.4900""}"
KXBTC15M-26APR272015-15,f5bf81f4-7264-5475-bcf0-625f3f0592ea,1777334407,0.37,250.0,no,"{""count_fp"":""250.00"",""created_time"":""2026-04-28T00:00:07.400802Z"",""no_price_dollars"":""0.6300"",""taker_side"":""no"",""ticker"":""KXBTC15M-26APR272015-15"",""trade_id"":""f5bf81f4-7264-5475-bcf0-625f3f0592ea"",""yes_price_dollars"":""0.3700""}"
KXBTC15M-26APR272015-15,a2c83f9d-34a3-5c49-b74e-4d636b690eb4,1777334407,0.35,4.0,no,"{""count_fp"":""4.00"",""created_time"":""2026-04-28T00:00:07.400802Z"",""no_price_dollars"":""0.6500"",""taker_side"":""no"",""ticker"":""KXBTC15M-26APR272015-15"",""trade_id"":""a2c83f9d-34a3-5c49-b74e-4d636b690eb4"",""yes_price_dollars"":""0.3500""}"
KXBTC15M-26APR272015-15,0b9cf7c7-fc46-5486-819d-a9c1b2159510,1777334407,0.38,8.56,no,"{""count_fp"":""8.56"",""created_time"":""2026-04-28T00:00:07.400802Z"",""no_price_dollars"":""0.6200"",""taker_side"":""no"",""ticker"":""KXBTC15M-26APR272015-15"",""trade_id"":""0b9cf7c7-fc46-5486-819d-a9c1b2159510"",""yes_price_dollars"":""0.3800""}"
KXBTC15M-26APR272015-15,069bcd77-c337-5c10-a72e-69be753a9493,1777334407,0.3,49.66,no,"{""count_fp"":""49.66"",""created_time"":""2026-04-28T00:00:07.400802Z"",""no_price_dollars"":""0.7000"",""taker_side"":""no"",""ticker"":""KXBTC15M-26APR272015-15"",""trade_id"":""069bcd77-c337-5c10-a72e-69be753a9493"",""yes_price_dollars"":""0.3000""}"
KXBTC15M-26APR272015-15,d710c868-3578-5abd-3b72-b56abc9a786a,1777334407,0.49,5.58,yes,"{""count_fp"":""5.58"",""created_time"":""2026-04-28T00:00:07.371635Z"",""no_price_dollars"":""0.5100"",""taker_side"":""yes"",""ticker"":""KXBTC15M-26APR272015-15"",""trade_id"":""d710c868-3578-5abd-3b72-b56abc9a786a"",""yes_price_dollars"":""0.4900""}"
KXBTC15M-26APR272015-15,1052a5e7-7c7e-799b-74bc-1f6d2a43c45a,1777334408,0.48,2.0,no,"{""count_fp"":""2.00"",""created_time"":""2026-04-28T00:00:08.508252Z"",""no_price_dollars"":""0.5200"",""taker_side"":""no"",""ticker"":""KXBTC15M-26APR272015-15"",""trade_id"":""1052a5e7-7c7e-799b-74bc-1f6d2a43c45a"",""yes_price_dollars"":""0.4800""}"
KXBTC15M-26APR272015-15,12d467ac-d7ab-5402-de7b-0df29c194b66,1777334408,0.53,9.0,yes,"{""count_fp"":""9.00"",""created_time"":""2026-04-28T00:00:08.307044Z"",""no_price_dollars"":""0.4700"",""taker_side"":""yes"",""ticker"":""KXBTC15M-26APR272015-15"",""trade_id"":""12d467ac-d7ab-5402-de7b-0df29c194b66"",""yes_price_dollars"":""0.5300""}"
KXBTC15M-26APR272015-15,76e7e6cb-139a-4b5f-914d-a69132f3a47a,1777334409,0.48,11.73,no,"{""count_fp"":""11.73"",""created_time"":""2026-04-28T00:00:09.954576Z"",""no_price_dollars"":""0.5200"",""taker_side"":""no"",""ticker"":""KXBTC15M-26APR272015-15"",""trade_id"":""76e7e6cb-139a-4b5f-914d-a69132f3a47a"",""yes_price_dollars"":""0.4800""}"
KXBTC15M-26APR272015-15,5af4e377-ebb8-4ee2-938d-025b7454706d,1777334409,0.49,4.27,no,"{""count_fp"":""4.27"",""created_time"":""2026-04-28T00:00:09.954576Z"",""no_price_dollars"":""0.5100"",""taker_side"":""no"",""ticker"":""KXBTC15M-26APR272015-15"",""trade_id"":""5af4e377-ebb8-4ee2-938d-025b7454706d"",""yes_price_dollars"":""0.4900""}"
KXBTC15M-26APR272015-15,2653e107-6edd-44c2-bcd0-e2b6c4463939,1777334409,0.49,2.0,no,"{""count_fp"":""2.00"",""created_time"":""2026-04-28T00:00:09.954576Z"",""no_price_dollars"":""0.5100"",""taker_side"":""no"",""ticker"":""KXBTC15M-26APR272015-15"",""trade_id"":""2653e107-6edd-44c2-bcd0-e2b6c4463939"",""yes_price_dollars"":""0.4900""}"
KXBTC15M-26APR272015-15,0edfe435-ae79-53c4-d869-861957a5ee44,1777334409,0.53,0.44,yes,"{""count_fp"":""0.44"",""created_time"":""2026-04-28T00:00:09.936384Z"",""no_price_dollars"":""0.4700"",""taker_side"":""yes"",""ticker"":""KXBTC15M-26APR272015-15"",""trade_id"":""0edfe435-ae79-53c4-d869-861957a5ee44"",""yes_price_dollars"":""0.5300""}"
KXBTC15M-26APR272015-15,335172b4-502c-7ff1-7097-8d90642a884c,1777334409,0.5,2.0,no,"{""count_fp"":""2.00"",""created_time"":""2026-04-28T00:00:09.852319Z"",""no_price_dollars"":""0.5000"",""taker_side"":""no"",""ticker"":""KXBTC15M-26APR272015-15"",""trade_id"":""335172b4-502c-7ff1-7097-8d90642a884c"",""yes_price_dollars"":""0.5000""}"
KXBTC15M-26APR272015-15,2138d827-02bc-7a6a-450f-0dc7973b9cbd,1777334409,0.49,5.73,no,"{""count_fp"":""5.73"",""created_time"":""2026-04-28T00:00:09.852319Z"",""no_price_dollars"":""0.5100"",""taker_side"":""no"",""ticker"":""KXBTC15M-26APR272015-15"",""trade_id"":""2138d827-02bc-7a6a-450f-0dc7973b9cbd"",""yes_price_dollars"":""0.4900""}"
KXBTC15M-26APR272015-15,3dd3b49e-5a87-490f-4a40-ce2d763600d5,1777334410,0.53,8.0,no,"{""count_fp"":""8.00"",""created_time"":""2026-04-28T00:00:10.794916Z"",""no_price_dollars"":""0.4700"",""taker_side"":""no"",""ticker"":""KXBTC15M-26APR272015-15"",""trade_id"":""3dd3b49e-5a87-490f-4a40-ce2d763600d5"",""yes_price_dollars"":""0.5300""}"
KXBTC15M-26APR272015-15,76ae246d-97e1-4655-fec6-e0edf7f3de52,1777334410,0.54,7.17,yes,"{""count_fp"":""7.17"",""created_time"":""2026-04-28T00:00:10.726648Z"",""no_price_dollars"":""0.4600"",""taker_side"":""yes"",""ticker"":""KXBTC15M-26APR272015-15"",""trade_id"":""76ae246d-97e1-4655-fec6-e0edf7f3de52"",""yes_price_dollars"":""0.5400""}"
KXBTC15M-26APR272015-15,cdec2427-5a35-7e65-6f3f-058b613e7078,1777334410,0.53,3.0,yes,"{""count_fp"":""3.00"",""created_time"":""2026-04-28T00:00:10.652313Z"",""no_price_dollars"":""0.4700"",""taker_side"":""yes"",""ticker"":""KXBTC15M-26APR272015-15"",""trade_id"":""cdec2427-5a35-7e65-6f3f-058b613e7078"",""yes_price_dollars"":""0.5300""}"
KXBTC15M-26APR272015-15,66d048dc-4e5a-7d0e-503c-4200339196ad,1777334410,0.53,10.0,yes,"{""count_fp"":""10.00"",""created_time"":""2026-04-28T00:00:10.652313Z"",""no_price_dollars"":""0.4700"",""taker_side"":""yes"",""ticker"":""KXBTC15M-26APR272015-15"",""trade_id"":""66d048dc-4e5a-7d0e-503c-4200339196ad"",""yes_price_dollars"":""0.5300""}"
KXBTC15M-26APR272015-15,2463d21f-5142-5992-4780-68a1e95ae923,1777334410,0.54,44.85,yes,"{""count_fp"":""44.85"",""created_time"":""2026-04-28T00:00:10.261912Z"",""no_price_dollars"":""0.4600"",""taker_side"":""yes"",""ticker"":""KXBTC15M-26APR272015-15"",""trade_id"":""2463d21f-5142-5992-4780-68a1e95ae923"",""yes_price_dollars"":""0.5400""}"
KXBTC15M-26APR272015-15,fe68a253-c509-5678-937c-e146fa154b0d,1777334410,0.53,3.0,yes,"{""count_fp"":""3.00"",""created_time"":""2026-04-28T00:00:10.220805Z"",""no_price_dollars"":""0.4700"",""taker_side"":""yes"",""ticker"":""KXBTC15M-26APR272015-15"",""trade_id"":""fe68a253-c509-5678-937c-e146fa154b0d"",""yes_price_dollars"":""0.5300""}"
KXBTC15M-26APR272015-15,b24f98fe-5de2-5c60-a33a-fdcf3f73f931,1777334410,0.54,5.15,yes,"{""count_fp"":""5.15"",""created_time"":""2026-04-28T00:00:10.220805Z"",""no_price_dollars"":""0.4600"",""taker_side"":""yes"",""ticker"":""KXBTC15M-26APR272015-15"",""trade_id"":""b24f98fe-5de2-5c60-a33a-fdcf3f73f931"",""yes_price_dollars"":""0.5400""}"
KXBTC15M-26APR272015-15,88e34099-c666-5cd6-a023-98c293ce832f,1777334410,0.54,0.82,yes,"{""count_fp"":""0.82"",""created_time"":""2026-04-28T00:00:10.220805Z"",""no_price_dollars"":""0.4600"",""taker_side"":""yes"",""ticker"":""KXBTC15M-26APR272015-15"",""trade_id"":""88e34099-c666-5cd6-a023-98c293ce832f"",""yes_price_dollars"":""0.5400""}"
KXBTC15M-26APR272015-15,f54f9f73-1c3a-52c0-5715-ffac5f081da9,1777334410,0.47,36.53,no,"{""count_fp"":""36.53"",""created_time"":""2026-04-28T00:00:10.078623Z"",""no_price_dollars"":""0.5300"",""taker_side"":""no"",""ticker"":""KXBTC15M-26APR272015-15"",""trade_id"":""f54f9f73-1c3a-52c0-5715-ffac5f081da9"",""yes_price_dollars"":""0.4700""}"
KXBTC15M-26APR272015-15,f371ee02-2d60-59e1-506f-c746fe1508b9,1777334410,0.46,200.0,no,"{""count_fp"":""200.00"",""created_time"":""2026-04-28T00:00:10.078623Z"",""no_price_dollars"":""0.5400"",""taker_side"":""no"",""ticker"":""KXBTC15M-26APR272015-15"",""trade_id"":""f371ee02-2d60-59e1-506f-c746fe1508b9"",""yes_price_dollars"":""0.4600""}"
KXBTC15M-26APR272015-15,d5e9b954-a1fe-5c3b-454b-568a4dc80028,1777334410,0.46,260.23,no,"{""count_fp"":""260.23"",""created_time"":""2026-04-28T00:00:10.078623Z"",""no_price_dollars"":""0.5400"",""taker_side"":""no"",""ticker"":""KXBTC15M-26APR272015-15"",""trade_id"":""d5e9b954-a1fe-5c3b-454b-568a4dc80028"",""yes_price_dollars"":""0.4600""}"
KXBTC15M-26APR272015-15,8e463738-6717-5282-7f07-f02bf57cf4b2,1777334410,0.48,2.0,no,"{""count_fp"":""2.00"",""created_time"":""2026-04-28T00:00:10.078623Z"",""no_price_dollars"":""0.5200"",""taker_side"":""no"",""ticker"":""KXBTC15M-26APR272015-15"",""trade_id"":""8e463738-6717-5282-7f07-f02bf57cf4b2"",""yes_price_dollars"":""0.4800""}"
KXBTC15M-26APR272015-15,5586bd88-7c2a-539b-6e89-10095c2c57ea,1777334410,0.48,15.8,no,"{""count_fp"":""15.80"",""created_time"":""2026-04-28T00:00:10.078623Z"",""no_price_dollars"":""0.5200"",""taker_side"":""no"",""ticker"":""KXBTC15M-26APR272015-15"",""trade_id"":""5586bd88-7c2a-539b-6e89-10095c2c57ea"",""yes_price_dollars"":""0.4800""}"
KXBTC15M-26APR272015-15,48a0b721-d9c7-5a00-5c52-00742de9fe87,1777334410,0.47,65.0,no,"{""count_fp"":""65.00"",""created_time"":""2026-04-28T00:00:10.078623Z"",""no_price_dollars"":""0.5300"",""taker_side"":""no"",""ticker"":""KXBTC15M-26APR272015-15"",""trade_id"":""48a0b721-d9c7-5a00-5c52-00742de9fe87"",""yes_price_dollars"":""0.4700""}"
KXBTC15M-26APR272015-15,1ae870c8-5d18-5702-4b2c-5bf1467b776d,1777334410,0.46,150.0,no,"{""count_fp"":""150.00"",""created_time"":""2026-04-28T00:00:10.078623Z"",""no_price_dollars"":""0.5400"",""taker_side"":""no"",""ticker"":""KXBTC15M-26APR272015-15"",""trade_id"":""1ae870c8-5d18-5702-4b2c-5bf1467b776d"",""yes_price_dollars"":""0.4600""}"
KXBTC15M-26APR272015-15,380aa9e1-5967-76af-a2a9-71f0d60fe933,1777334411,0.5,0.71,yes,"{""count_fp"":""0.71"",""created_time"":""2026-04-28T00:00:11.768884Z"",""no_price_dollars"":""0.5000"",""taker_side"":""yes"",""ticker"":""KXBTC15M-26APR272015-15"",""trade_id"":""380aa9e1-5967-76af-a2a9-71f0d60fe933"",""yes_price_dollars"":""0.5000""}"
KXBTC15M-26APR272015-15,5f06bd01-ad52-6d6f-e876-2e4c1a58f5d4,1777334411,0.48,143.69,no,"{""count_fp"":""143.69"",""created_time"":""2026-04-28T00:00:11.418613Z"",""no_price_dollars"":""0.5200"",""taker_side"":""no"",""ticker"":""KXBTC15M-26APR272015-15"",""trade_id"":""5f06bd01-ad52-6d6f-e876-2e4c1a58f5d4"",""yes_price_dollars"":""0.4800""}"
KXBTC15M-26APR272015-15,48c6a511-c526-6e57-ad41-b2683c97a580,1777334411,0.48,179.57,no,"{""count_fp"":""179.57"",""created_time"":""2026-04-28T00:00:11.339532Z"",""no_price_dollars"":""0.5200"",""taker_side"":""no"",""ticker"":""KXBTC15M-26APR272015-15"",""trade_id"":""48c6a511-c526-6e57-ad41-b2683c97a580"",""yes_price_dollars"":""0.4800""}"
KXBTC15M-26APR272015-15,69472632-f1d6-5ce7-76d7-18498aee0d28,1777334411,0.48,0.28,no,"{""count_fp"":""0.28"",""created_time"":""2026-04-28T00:00:11.192846Z"",""no_price_dollars"":""0.5200"",""taker_side"":""no"",""ticker"":""KXBTC15M-26APR272015-15"",""trade_id"":""69472632-f1d6-5ce7-76d7-18498aee0d28"",""yes_price_dollars"":""0.4800""}"
KXBTC15M-26APR272015-15,49f5485e-0722-563b-42f4-ac7930bae363,1777334411,0.49,2.0,no,"{""count_fp"":""2.00"",""created_time"":""2026-04-28T00:00:11.192846Z"",""no_price_dollars"":""0.5100"",""taker_side"":""no"",""ticker"":""KXBTC15M-26APR272015-15"",""trade_id"":""49f5485e-0722-563b-42f4-ac7930bae363"",""yes_price_dollars"":""0.4900""}"
KXBTC15M-26APR272015-15,66c1b66e-aedf-69f7-2211-d63c5deb4bb1,1777334411,0.53,179.0,no,"{""count_fp"":""179.00"",""created_time"":""2026-04-28T00:00:11.078264Z"",""no_price_dollars"":""0.4700"",""taker_side"":""no"",""ticker"":""KXBTC15M-26APR272015-15"",""trade_id"":""66c1b66e-aedf-69f7-2211-d63c5deb4bb1"",""yes_price_dollars"":""0.5300""}"
KXBTC15M-26APR272015-15,57c3d532-e654-66e5-26df-97a727d2db33,1777334411,0.49,5.0,no,"{""count_fp"":""5.00"",""created_time"":""2026-04-28T00:00:11.078264Z"",""no_price_dollars"":""0.5100"",""taker_side"":""no"",""ticker"":""KXBTC15M-26APR272015-15"",""trade_id"":""57c3d532-e654-66e5-26df-97a727d2db33"",""yes_price_dollars"":""0.4900""}"
KXBTC15M-26APR272015-15,50b98df6-6ea1-6082-38f5-b34325f0e051,1777334411,0.52,3.0,no,"{""count_fp"":""3.00"",""created_time"":""2026-04-28T00:00:11.078264Z"",""no_price_dollars"":""0.4800"",""taker_side"":""no"",""ticker"":""KXBTC15M-26APR272015-15"",""trade_id"":""50b98df6-6ea1-6082-38f5-b34325f0e051"",""yes_price_dollars"":""0.5200""}"
KXBTC15M-26APR272015-15,a9ed11f1-c1b9-71bf-ace3-bee1d4b05b90,1777334411,0.54,32.0,yes,"{""count_fp"":""32.00"",""created_time"":""2026-04-28T00:00:11.051985Z"",""no_price_dollars"":""0.4600"",""taker_side"":""yes"",""ticker"":""KXBTC15M-26APR272015-15"",""trade_id"":""a9ed11f1-c1b9-71bf-ace3-bee1d4b05b90"",""yes_price_dollars"":""0.5400""}"
KXBTC15M-26APR272015-15,b2021fa1-eb99-7f2c-57c1-d97f872b5577,1777334412,0.52,16.69,yes,"{""count_fp"":""16.69"",""created_time"":""2026-04-28T00:00:12.268985Z"",""no_price_dollars"":""0.4800"",""taker_side"":""yes"",""ticker"":""KXBTC15M-26APR272015-15"",""trade_id"":""b2021fa1-eb99-7f2c-57c1-d97f872b5577"",""yes_price_dollars"":""0.5200""}"
KXBTC15M-26APR272015-15,2e1572d4-3a76-771d-76ca-8ab74043d848,1777334412,0.53,35.9,yes,"{""count_fp"":""35.90"",""created_time"":""2026-04-28T00:00:12.268985Z"",""no_price_dollars"":""0.4700"",""taker_side"":""yes"",""ticker"":""KXBTC15M-26APR272015-15"",""trade_id"":""2e1572d4-3a76-771d-76ca-8ab74043d848"",""yes_price_dollars"":""0.5300""}"
KXBTC15M-26APR272015-15,7d60c796-909d-7cc4-e329-e948d0ecaf7b,1777334412,0.52,0.89,yes,"{""count_fp"":""0.89"",""created_time"":""2026-04-28T00:00:12.209096Z"",""no_price_dollars"":""0.4800"",""taker_side"":""yes"",""ticker"":""KXBTC15M-26APR272015-15"",""trade_id"":""7d60c796-909d-7cc4-e329-e948d0ecaf7b"",""yes_price_dollars"":""0.5200""}"
KXBTC15M-26APR272015-15,b0648655-f43b-561b-de29-4dcd88122507,1777334412,0.5,7.29,yes,"{""count_fp"":""7.29"",""created_time"":""2026-04-28T00:00:12.127744Z"",""no_price_dollars"":""0.5000"",""taker_side"":""yes"",""ticker"":""KXBTC15M-26APR272015-15"",""trade_id"":""b0648655-f43b-561b-de29-4dcd88122507"",""yes_price_dollars"":""0.5000""}"
KXBTC15M-26APR272015-15,931a44b4-cc45-59fc-d54e-0050edc700eb,1777334412,0.51,16.98,yes,"{""count_fp"":""16.98"",""created_time"":""2026-04-28T00:00:12.127744Z"",""no_price_dollars"":""0.4900"",""taker_side"":""yes"",""ticker"":""KXBTC15M-26APR272015-15"",""trade_id"":""931a44b4-cc45-59fc-d54e-0050edc700eb"",""yes_price_dollars"":""0.5100""}"
KXBTC15M-26APR272015-15,4da005c7-4a4d-5186-cbd2-cecd1f323725,1777334412,0.5,5.0,yes,"{""count_fp"":""5.00"",""created_time"":""2026-04-28T00:00:12.127744Z"",""no_price_dollars"":""0.5000"",""taker_side"":""yes"",""ticker"":""KXBTC15M-26APR272015-15"",""trade_id"":""4da005c7-4a4d-5186-cbd2-cecd1f323725"",""yes_price_dollars"":""0.5000""}"
KXBTC15M-26APR272015-15,db87b301-b18c-7994-ca39-ff007a20e4ce,1777334413,0.5,3.0,no,"{""count_fp"":""3.00"",""created_time"":""2026-04-28T00:00:13.946802Z"",""no_price_dollars"":""0.5000"",""taker_side"":""no"",""ticker"":""KXBTC15M-26APR272015-15"",""trade_id"":""db87b301-b18c-7994-ca39-ff007a20e4ce"",""yes_price_dollars"":""0.5000""}"
KXBTC15M-26APR272015-15,5ff53e74-2d50-71a1-dd7a-97c741609141,1777334413,0.49,29.3,no,"{""count_fp"":""29.30"",""created_time"":""2026-04-28T00:00:13.946802Z"",""no_price_dollars"":""0.5100"",""taker_side"":""no"",""ticker"":""KXBTC15M-26APR272015-15"",""trade_id"":""5ff53e74-2d50-71a1-dd7a-97c741609141"",""yes_price_dollars"":""0.4900""}"
KXBTC15M-26APR272015-15,522f0068-c904-7aae-bb9e-009dfe6422b9,1777334413,0.52,5.0,yes,"{""count_fp"":""5.00"",""created_time"":""2026-04-28T00:00:13.816684Z"",""no_price_dollars"":""0.4800"",""taker_side"":""yes"",""ticker"":""KXBTC15M-26APR272015-15"",""trade_id"":""522f0068-c904-7aae-bb9e-009dfe6422b9"",""yes_price_dollars"":""0.5200""}"
KXBTC15M-26APR272015-15,cd02789b-4275-45d9-53b9-2ee1e7038519,1777334413,0.52,0.12,yes,"{""count_fp"":""0.12"",""created_time"":""2026-04-28T00:00:13.780551Z"",""no_price_dollars"":""0.4800"",""taker_side"":""yes"",""ticker"":""KXBTC15M-26APR272015-15"",""trade_id"":""cd02789b-4275-45d9-53b9-2ee1e7038519"",""yes_price_dollars"":""0.5200""}"
KXBTC15M-26APR272015-15,12301724-d414-4d6e-5efa-8e62c8c9ad71,1777334413,0.52,7.05,yes,"{""count_fp"":""7.05"",""created_time"":""2026-04-28T00:00:13.780551Z"",""no_price_dollars"":""0.4800"",""taker_side"":""yes"",""ticker"":""KXBTC15M-26APR272015-15"",""trade_id"":""12301724-d414-4d6e-5efa-8e62c8c9ad71"",""yes_price_dollars"":""0.5200""}"
KXBTC15M-26APR272015-15,428f14c2-9a35-4859-d4cf-3b3ec024ead5,1777334413,0.52,29.88,yes,"{""count_fp"":""29.88"",""created_time"":""2026-04-28T00:00:13.588484Z"",""no_price_dollars"":""0.4800"",""taker_side"":""yes"",""ticker"":""KXBTC15M-26APR272015-15"",""trade_id"":""428f14c2-9a35-4859-d4cf-3b3ec024ead5"",""yes_price_dollars"":""0.5200""}"
KXBTC15M-26APR272015-15,36333f89-6340-5e91-bc5a-55186c3fe469,1777334413,0.49,31.12,no,"{""count_fp"":""31.12"",""created_time"":""2026-04-28T00:00:13.533382Z"",""no_price_dollars"":""0.5100"",""taker_side"":""no"",""ticker"":""KXBTC15M-26APR272015-15"",""trade_id"":""36333f89-6340-5e91-bc5a-55186c3fe469"",""yes_price_dollars"":""0.4900""}"
KXBTC15M-26APR272015-15,10411691-fad3-5854-a9f3-c81950745f7a,1777334413,0.5,3.0,no,"{""count_fp"":""3.00"",""created_time"":""2026-04-28T00:00:13.533382Z"",""no_price_dollars"":""0.5000"",""taker_side"":""no"",""ticker"":""KXBTC15M-26APR272015-15"",""trade_id"":""10411691-fad3-5854-a9f3-c81950745f7a"",""yes_price_dollars"":""0.5000""}"
KXBTC15M-26APR272015-15,c9be3cc2-6634-4449-3149-f1c6a8fe3bf5,1777334413,0.49,33.78,no,"{""count_fp"":""33.78"",""created_time"":""2026-04-28T00:00:13.418275Z"",""no_price_dollars"":""0.5100"",""taker_side"":""no"",""ticker"":""KXBTC15M-26APR272015-15"",""trade_id"":""c9be3cc2-6634-4449-3149-f1c6a8fe3bf5"",""yes_price_dollars"":""0.4900""}"
KXBTC15M-26APR272015-15,1da79498-c516-48ac-1ceb-9aa661cd6a79,1777334413,0.5,3.0,no,"{""count_fp"":""3.00"",""created_time"":""2026-04-28T00:00:13.418275Z"",""no_price_dollars"":""0.5000"",""taker_side"":""no"",""ticker"":""KXBTC15M-26APR272015-15"",""trade_id"":""1da79498-c516-48ac-1ceb-9aa661cd6a79"",""yes_price_dollars"":""0.5000""}"
KXBTC15M-26APR272015-15,be3d171e-1e89-4734-3ba8-f037f12eea2b,1777334413,0.49,2.0,no,"{""count_fp"":""2.00"",""created_time"":""2026-04-28T00:00:13.221311Z"",""no_price_dollars"":""0.5100"",""taker_side"":""no"",""ticker"":""KXBTC15M-26APR272015-15"",""trade_id"":""be3d171e-1e89-4734-3ba8-f037f12eea2b"",""yes_price_dollars"":""0.4900""}"
KXBTC15M-26APR272015-15,9a080429-d218-4153-3ed3-c46d11ee75b7,1777334413,0.5,3.0,no,"{""count_fp"":""3.00"",""created_time"":""2026-04-28T00:00:13.221311Z"",""no_price_dollars"":""0.5000"",""taker_side"":""no"",""ticker"":""KXBTC15M-26APR272015-15"",""trade_id"":""9a080429-d218-4153-3ed3-c46d11ee75b7"",""yes_price_dollars"":""0.5000""}"
KXBTC15M-26APR272015-15,85664681-1c04-4e7d-14cd-5913f86a4aff,1777334413,0.49,110.0,no,"{""count_fp"":""110.00"",""created_time"":""2026-04-28T00:00:13.221311Z"",""no_price_dollars"":""0.5100"",""taker_side"":""no"",""ticker"":""KXBTC15M-26APR272015-15"",""trade_id"":""85664681-1c04-4e7d-14cd-5913f86a4aff"",""yes_price_dollars"":""0.4900""}"
KXBTC15M-26APR272015-15,2f95c692-9bee-438f-2069-63ba467decfc,1777334413,0.48,45.0,no,"{""count_fp"":""45.00"",""created_time"":""2026-04-28T00:00:13.221311Z"",""no_price_dollars"":""0.5200"",""taker_side"":""no"",""ticker"":""KXBTC15M-26APR272015-15"",""trade_id"":""2f95c692-9bee-438f-2069-63ba467decfc"",""yes_price_dollars"":""0.4800""}"
KXBTC15M-26APR272015-15,0ea21185-ea36-4dd3-3588-28b3659c6e4f,1777334413,0.51,10.0,no,"{""count_fp"":""10.00"",""created_time"":""2026-04-28T00:00:13.221311Z"",""no_price_dollars"":""0.4900"",""taker_side"":""no"",""ticker"":""KXBTC15M-26APR272015-15"",""trade_id"":""0ea21185-ea36-4dd3-3588-28b3659c6e4f"",""yes_price_dollars"":""0.5100""}"
KXBTC15M-26APR272015-15,dfe91f59-b105-5157-72a9-7f7b59186465,1777334414,0.49,22.74,no,"{""count_fp"":""22.74"",""created_time"":""2026-04-28T00:00:14.688828Z"",""no_price_dollars"":""0.5100"",""taker_side"":""no"",""ticker"":""KXBTC15M-26APR272015-15"",""trade_id"":""dfe91f59-b105-5157-72a9-7f7b59186465"",""yes_price_dollars"":""0.4900""}"
KXBTC15M-26APR272015-15,ae15240f-8389-7e6b-cf31-639f39b9d051,1777334414,0.49,3.0,no,"{""count_fp"":""3.00"",""created_time"":""2026-04-28T00:00:14.628361Z"",""no_price_dollars"":""0.5100"",""taker_side"":""no"",""ticker"":""KXBTC15M-26APR272015-15"",""trade_id"":""ae15240f-8389-7e6b-cf31-639f39b9d051"",""yes_price_dollars"":""0.4900""}"
KXBTC15M-26APR272015-15,cd23f1ca-fa74-7d92-96dd-697b31705c29,1777334414,0.52,50.0,yes,"{""count_fp"":""50.00"",""created_time"":""2026-04-28T00:00:14.557809Z"",""no_price_dollars"":""0.4800"",""taker_side"":""yes"",""ticker"":""KXBTC15M-26APR272015-15"",""trade_id"":""cd23f1ca-fa74-7d92-96dd-697b31705c29"",""yes_price_dollars"":""0.5200""}"
KXBTC15M-26APR272015-15,1831dce1-1091-430f-0d6c-d316b4e1668d,1777334414,0.49,9.47,no,"{""count_fp"":""9.47"",""created_time"":""2026-04-28T00:00:14.499871Z"",""no_price_dollars"":""0.5100"",""taker_side"":""no"",""ticker"":""KXBTC15M-26APR272015-15"",""trade_id"":""1831dce1-1091-430f-0d6c-d316b4e1668d"",""yes_price_dollars"":""0.4900""}"
KXBTC15M-26APR272015-15,e0c0a0b0-5c18-5895-e108-0463c5923aad,1777334414,0.49,17.0,no,"{""count_fp"":""17.00"",""created_time"":""2026-04-28T00:00:14.066769Z"",""no_price_dollars"":""0.5100"",""taker_side"":""no"",""ticker"":""KXBTC15M-26APR272015-15"",""trade_id"":""e0c0a0b0-5c18-5895-e108-0463c5923aad"",""yes_price_dollars"":""0.4900""}"
KXBTC15M-26APR272015-15,b12b6638-46b5-7f32-cf5d-dc776ce41fe5,1777334415,0.49,18.55,yes,"{""count_fp"":""18.55"",""created_time"":""2026-04-28T00:00:15.926618Z"",""no_price_dollars"":""0.5100"",""taker_side"":""yes"",""ticker"":""KXBTC15M-26APR272015-15"",""trade_id"":""b12b6638-46b5-7f32-cf5d-dc776ce41fe5"",""yes_price_dollars"":""0.4900""}"
KXBTC15M-26APR272015-15,fa6fdb89-45e9-59a6-8ca7-163e31d3ce89,1777334415,0.49,174.67,yes,"{""count_fp"":""174.67"",""created_time"":""2026-04-28T00:00:15.833088Z"",""no_price_dollars"":""0.5100"",""taker_side"":""yes"",""ticker"":""KXBTC15M-26APR272015-15"",""trade_id"":""fa6fdb89-45e9-59a6-8ca7-163e31d3ce89"",""yes_price_dollars"":""0.4900""}"
KXBTC15M-26APR272015-15,f5b6ce80-3156-579b-b9d0-b164bcdf0286,1777334415,0.49,56.0,yes,"{""count_fp"":""56.00"",""created_time"":""2026-04-28T00:00:15.833088Z"",""no_price_dollars"":""0.5100"",""taker_side"":""yes"",""ticker"":""KXBTC15M-26APR272015-15"",""trade_id"":""f5b6ce80-3156-579b-b9d0-b164bcdf0286"",""yes_price_dollars"":""0.4900""}"
KXBTC15M-26APR272015-15,b30d0e90-326d-5ca8-91ad-7edc23ad79fa,1777334415,0.49,12.35,yes,"{""count_fp"":""12.35"",""created_time"":""2026-04-28T00:00:15.833088Z"",""no_price_dollars"":""0.5100"",""taker_side"":""yes"",""ticker"":""KXBTC15M-26APR272015-15"",""trade_id"":""b30d0e90-326d-5ca8-91ad-7edc23ad79fa"",""yes_price_dollars"":""0.4900""}"
KXBTC15M-26APR272015-15,33766d71-c67f-5e5c-b873-2f52c44fb5e7,1777334415,0.49,22.0,yes,"{""count_fp"":""22.00"",""created_time"":""2026-04-28T00:00:15.833088Z"",""no_price_dollars"":""0.5100"",""taker_side"":""yes"",""ticker"":""KXBTC15M-26APR272015-15"",""trade_id"":""33766d71-c67f-5e5c-b873-2f52c44fb5e7"",""yes_price_dollars"":""0.4900""}"
KXBTC15M-26APR272015-15,14c04b10-723b-54c5-bd88-56efb3d9b0ab,1777334415,0.49,3.0,yes,"{""count_fp"":""3.00"",""created_time"":""2026-04-28T00:00:15.833088Z"",""no_price_dollars"":""0.5100"",""taker_side"":""yes"",""ticker"":""KXBTC15M-26APR272015-15"",""trade_id"":""14c04b10-723b-54c5-bd88-56efb3d9b0ab"",""yes_price_dollars"":""0.4900""}"
KXBTC15M-26APR272015-15,e05dc7a3-d7ee-5ba2-9cd1-d29d6fcca27d,1777334415,0.5,25.0,no,"{""count_fp"":""25.00"",""created_time"":""2026-04-28T00:00:15.239277Z"",""no_price_dollars"":""0.5000"",""taker_side"":""no"",""ticker"":""KXBTC15M-26APR272015-15"",""trade_id"":""e05dc7a3-d7ee-5ba2-9cd1-d29d6fcca27d"",""yes_price_dollars"":""0.5000""}"
KXBTC15M-26APR272015-15,d1a7a8b4-936e-56ff-9ad0-230a229b9c2c,1777334415,0.48,44.91,no,"{""count_fp"":""44.91"",""created_time"":""2026-04-28T00:00:15.239277Z"",""no_price_dollars"":""0.5200"",""taker_side"":""no"",""ticker"":""KXBTC15M-26APR272015-15"",""trade_id"":""d1a7a8b4-936e-56ff-9ad0-230a229b9c2c"",""yes_price_dollars"":""0.4800""}"
KXBTC15M-26APR272015-15,d18b1d14-3dc5-5517-9313-1a406f2daa71,1777334415,0.49,13.79,no,"{""count_fp"":""13.79"",""created_time"":""2026-04-28T00:00:15.239277Z"",""no_price_dollars"":""0.5100"",""taker_side"":""no"",""ticker"":""KXBTC15M-26APR272015-15"",""trade_id"":""d18b1d14-3dc5-5517-9313-1a406f2daa71"",""yes_price_dollars"":""0.4900""}"
KXBTC15M-26APR272015-15,8ebbe43b-a58c-5914-adb6-531168e0f292,1777334415,0.5,7.0,no,"{""count_fp"":""7.00"",""created_time"":""2026-04-28T00:00:15.239277Z"",""no_price_dollars"":""0.5000"",""taker_side"":""no"",""ticker"":""KXBTC15M-26APR272015-15"",""trade_id"":""8ebbe43b-a58c-5914-adb6-531168e0f292"",""yes_price_dollars"":""0.5000""}"
KXBTC15M-26APR272015-15,200f0616-c43f-54d7-b265-c4118f057083,1777334415,0.49,3.0,no,"{""count_fp"":""3.00"",""created_time"":""2026-04-28T00:00:15.239277Z"",""no_price_dollars"":""0.5100"",""taker_side"":""no"",""ticker"":""KXBTC15M-26APR272015-15"",""trade_id"":""200f0616-c43f-54d7-b265-c4118f057083"",""yes_price_dollars"":""0.4900""}"
KXBTC15M-26APR272015-15,071d56a6-6471-4c03-2d74-a60d0011b265,1777334415,0.49,7.0,no,"{""count_fp"":""7.00"",""created_time"":""2026-04-28T00:00:15.049061Z"",""no_price_dollars"":""0.5100"",""taker_side"":""no"",""ticker"":""KXBTC15M-26APR272015-15"",""trade_id"":""071d56a6-6471-4c03-2d74-a60d0011b265"",""yes_price_dollars"":""0.4900""}"
KXBTC15M-26APR272015-15,953d723d-e17e-6d5e-1bca-40a764f575e9,1777334416,0.49,3.0,yes,"{""count_fp"":""3.00"",""created_time"":""2026-04-28T00:00:16.987937Z"",""no_price_dollars"":""0.5100"",""taker_side"":""yes"",""ticker"":""KXBTC15M-26APR272015-15"",""trade_id"":""953d723d-e17e-6d5e-1bca-40a764f575e9"",""yes_price_dollars"":""0.4900""}"
KXBTC15M-26APR272015-15,74388e76-86a6-50f2-86df-a60b61b56435,1777334416,0.49,7.44,yes,"{""count_fp"":""7.44"",""created_time"":""2026-04-28T00:00:16.855022Z"",""no_price_dollars"":""0.5100"",""taker_side"":""yes"",""ticker"":""KXBTC15M-26APR272015-15"",""trade_id"":""74388e76-86a6-50f2-86df-a60b61b56435"",""yes_price_dollars"":""0.4900""}"
KXBTC15M-26APR272015-15,66bb82b5-10a6-43aa-9358-c08ead347c19,1777334416,0.49,5.58,yes,"{""count_fp"":""5.58"",""created_time"":""2026-04-28T00:00:16.821978Z"",""no_price_dollars"":""0.5100"",""taker_side"":""yes"",""ticker"":""KXBTC15M-26APR272015-15"",""trade_id"":""66bb82b5-10a6-43aa-9358-c08ead347c19"",""yes_price_dollars"":""0.4900""}"
KXBTC15M-26APR272015-15,fb1082d2-88be-65e2-4047-4701d22c0409,1777334416,0.49,18.6,yes,"{""count_fp"":""18.60"",""created_time"":""2026-04-28T00:00:16.812328Z"",""no_price_dollars"":""0.5100"",""taker_side"":""yes"",""ticker"":""KXBTC15M-26APR272015-15"",""trade_id"":""fb1082d2-88be-65e2-4047-4701d22c0409"",""yes_price_dollars"":""0.4900""}"
KXBTC15M-26APR272015-15,836fcfe7-f17e-53fe-4809-ff33fea166cd,1777334416,0.49,37.0,yes,"{""count_fp"":""37.00"",""created_time"":""2026-04-28T00:00:16.765291Z"",""no_price_dollars"":""0.5100"",""taker_side"":""yes"",""ticker"":""KXBTC15M-26APR272015-15"",""trade_id"":""836fcfe7-f17e-53fe-4809-ff33fea166cd"",""yes_price_dollars"":""0.4900""}"
KXBTC15M-26APR272015-15,dea964ea-d992-574a-adb6-882c9cc425dd,1777334416,0.49,39.4,yes,"{""count_fp"":""39.40"",""created_time"":""2026-04-28T00:00:16.720616Z"",""no_price_dollars"":""0.5100"",""taker_side"":""yes"",""ticker"":""KXBTC15M-26APR272015-15"",""trade_id"":""dea964ea-d992-574a-adb6-882c9cc425dd"",""yes_price_dollars"":""0.4900""}"
KXBTC15M-26APR272015-15,d5958a54-9753-6fdb-5725-49a5e5047517,1777334416,0.48,4.0,no,"{""count_fp"":""4.00"",""created_time"":""2026-04-28T00:00:16.694836Z"",""no_price_dollars"":""0.5200"",""taker_side"":""no"",""ticker"":""KXBTC15M-26APR272015-15"",""trade_id"":""d5958a54-9753-6fdb-5725-49a5e5047517"",""yes_price_dollars"":""0.4800""}"
KXBTC15M-26APR272015-15,e1b68d42-0ada-5646-f289-0b2d12e84b7a,1777334416,0.49,2.51,yes,"{""count_fp"":""2.51"",""created_time"":""2026-04-28T00:00:16.693081Z"",""no_price_dollars"":""0.5100"",""taker_side"":""yes"",""ticker"":""KXBTC15M-26APR272015-15"",""trade_id"":""e1b68d42-0ada-5646-f289-0b2d12e84b7a"",""yes_price_dollars"":""0.4900""}"
KXBTC15M-26APR272015-15,3f8d9616-14ef-5e2c-dc79-087ffe5c2818,1777334416,0.49,3.0,yes,"{""count_fp"":""3.00"",""created_time"":""2026-04-28T00:00:16.693081Z"",""no_price_dollars"":""0.5100"",""taker_side"":""yes"",""ticker"":""KXBTC15M-26APR272015-15"",""trade_id"":""3f8d9616-14ef-5e2c-dc79-087ffe5c2818"",""yes_price_dollars"":""0.4900""}"
KXBTC15M-26APR272015-15,bad907ce-beca-57d2-49fe-55c932d37c79,1777334416,0.5,34.21,yes,"{""count_fp"":""34.21"",""created_time"":""2026-04-28T00:00:16.499431Z"",""no_price_dollars"":""0.5000"",""taker_side"":""yes"",""ticker"":""KXBTC15M-26APR272015-15"",""trade_id"":""bad907ce-beca-57d2-49fe-55c932d37c79"",""yes_price_dollars"":""0.5000""}"
KXBTC15M-26APR272015-15,0789f6e5-8cd9-51a6-6c49-312e60875b6d,1777334416,0.49,3.0,yes,"{""count_fp"":""3.00"",""created_time"":""2026-04-28T00:00:16.499431Z"",""no_price_dollars"":""0.5100"",""taker_side"":""yes"",""ticker"":""KXBTC15M-26APR272015-15"",""trade_id"":""0789f6e5-8cd9-51a6-6c49-312e60875b6d"",""yes_price_dollars"":""0.4900""}"
KXBTC15M-26APR272015-15,ff6487b0-db40-4656-020b-6eedc01337a1,1777334416,0.49,36.63,yes,"{""count_fp"":""36.63"",""created_time"":""2026-04-28T00:00:16.356278Z"",""no_price_dollars"":""0.5100"",""taker_side"":""yes"",""ticker"":""KXBTC15M-26APR272015-15"",""trade_id"":""ff6487b0-db40-4656-020b-6eedc01337a1"",""yes_price_dollars"":""0.4900""}"
KXBTC15M-26APR272015-15,4e516392-c265-4cde-3427-5810f0033159,1777334416,0.49,785.91,yes,"{""count_fp"":""785.91"",""created_time"":""2026-04-28T00:00:16.356278Z"",""no_price_dollars"":""0.5100"",""taker_side"":""yes"",""ticker"":""KXBTC15M-26APR272015-15"",""trade_id"":""4e516392-c265-4cde-3427-5810f0033159"",""yes_price_dollars"":""0.4900""}"
KXBTC15M-26APR272015-15,1db1b6f5-3189-45b2-3af6-6497ea7f42a8,1777334416,0.5,98.98,yes,"{""count_fp"":""98.98"",""created_time"":""2026-04-28T00:00:16.356278Z"",""no_price_dollars"":""0.5000"",""taker_side"":""yes"",""ticker"":""KXBTC15M-26APR272015-15"",""trade_id"":""1db1b6f5-3189-45b2-3af6-6497ea7f42a8"",""yes_price_dollars"":""0.5000""}"
KXBTC15M-26APR272015-15,080d8635-934c-490e-31c6-3d3e5eb02160,1777334416,0.49,3.0,yes,"{""count_fp"":""3.00"",""created_time"":""2026-04-28T00:00:16.356278Z"",""no_price_dollars"":""0.5100"",""taker_side"":""yes"",""ticker"":""KXBTC15M-26APR272015-15"",""trade_id"":""080d8635-934c-490e-31c6-3d3e5eb02160"",""yes_price_dollars"":""0.4900""}"
KXBTC15M-26APR272015-15,ce0f6993-d53d-6e9a-cc7e-eb2a381e6831,1777334416,0.49,65.11,yes,"{""count_fp"":""65.11"",""created_time"":""2026-04-28T00:00:16.109666Z"",""no_price_dollars"":""0.5100"",""taker_side"":""yes"",""ticker"":""KXBTC15M-26APR272015-15"",""trade_id"":""ce0f6993-d53d-6e9a-cc7e-eb2a381e6831"",""yes_price_dollars"":""0.4900""}"
KXBTC15M-26APR272015-15,3237b330-a1c9-6586-c54b-d7734b75a3f1,1777334416,0.49,3.72,yes,"{""count_fp"":""3.72"",""created_time"":""2026-04-28T00:00:16.075244Z"",""no_price_dollars"":""0.5100"",""taker_side"":""yes"",""ticker"":""KXBTC15M-26APR272015-15"",""trade_id"":""3237b330-a1c9-6586-c54b-d7734b75a3f1"",""yes_price_dollars"":""0.4900""}"
KXBTC15M-26APR272015-15,808dfcf8-5401-5722-dd8f-ff8e7c14307d,1777334416,0.49,2.04,yes,"{""count_fp"":""2.04"",""created_time"":""2026-04-28T00:00:16.052343Z"",""no_price_dollars"":""0.5100"",""taker_side"":""yes"",""ticker"":""KXBTC15M-26APR272015-15"",""trade_id"":""808dfcf8-5401-5722-dd8f-ff8e7c14307d"",""yes_price_dollars"":""0.4900""}"
KXBTC15M-26APR272015-15,58b45445-43bc-414b-454b-d420ac209e8c,1777334417,0.46,88.68,no,"{""count_fp"":""88.68"",""created_time"":""2026-04-28T00:00:17.960445Z"",""no_price_dollars"":""0.5400"",""taker_side"":""no"",""ticker"":""KXBTC15M-26APR272015-15"",""trade_id"":""58b45445-43bc-414b-454b-d420ac209e8c"",""yes_price_dollars"":""0.4600""}"
KXBTC15M-26APR272015-15,8907700d-fc17-5243-f12a-dd995c4d9567,1777334417,0.48,1.0,yes,"{""count_fp"":""1.00"",""created_time"":""2026-04-28T00:00:17.929809Z"",""no_price_dollars"":""0.5200"",""taker_side"":""yes"",""ticker"":""KXBTC15M-26APR272015-15"",""trade_id"":""8907700d-fc17-5243-f12a-dd995c4d9567"",""yes_price_dollars"":""0.4800""}"
KXBTC15M-26APR272015-15,5ff9eadd-6d2b-64ca-6301-b36745794b30,1777334417,0.49,1.93,yes,"{""count_fp"":""1.93"",""created_time"":""2026-04-28T00:00:17.788103Z"",""no_price_dollars"":""0.5100"",""taker_side"":""yes"",""ticker"":""KXBTC15M-26APR272015-15"",""trade_id"":""5ff9eadd-6d2b-64ca-6301-b36745794b30"",""yes_price_dollars"":""0.4900""}"
KXBTC15M-26APR272015-15,34d4d6c9-f3ab-6f4e-390b-8f0bd8e7de68,1777334417,0.49,77.89,yes,"{""count_fp"":""77.89"",""created_time"":""2026-04-28T00:00:17.716436Z"",""no_price_dollars"":""0.5100"",""taker_side"":""yes"",""ticker"":""KXBTC15M-26APR272015-15"",""trade_id"":""34d4d6c9-f3ab-6f4e-390b-8f0bd8e7de68"",""yes_price_dollars"":""0.4900""}"
KXBTC15M-26APR272015-15,3c7786d3-9012-78ff-2b4d-887781746440,1777334417,0.48,33.41,yes,"{""count_fp"":""33.41"",""created_time"":""2026-04-28T00:00:17.667742Z"",""no_price_dollars"":""0.5200"",""taker_side"":""yes"",""ticker"":""KXBTC15M-26APR272015-15"",""trade_id"":""3c7786d3-9012-78ff-2b4d-887781746440"",""yes_price_dollars"":""0.4800""}"
KXBTC15M-26APR272015-15,7713f9dd-abc7-68ca-336d-e93f42c4cc3c,1777334417,0.49,83.63,yes,"{""count_fp"":""83.63"",""created_time"":""2026-04-28T00:00:17.638714Z"",""no_price_dollars"":""0.5100"",""taker_side"":""yes"",""ticker"":""KXBTC15M-26APR272015-15"",""trade_id"":""7713f9dd-abc7-68ca-336d-e93f42c4cc3c"",""yes_price_dollars"":""0.4900""}"
KXBTC15M-26APR272015-15,6b1f4a27-a622-635a-35ce-c3777bf19cae,1777334417,0.48,115.0,yes,"{""count_fp"":""115.00"",""created_time"":""2026-04-28T00:00:17.638714Z"",""no_price_dollars"":""0.5200"",""taker_side"":""yes"",""ticker"":""KXBTC15M-26APR272015-15"",""trade_id"":""6b1f4a27-a622-635a-35ce-c3777bf19cae"",""yes_price_dollars"":""0.4800""}"
KXBTC15M-26APR272015-15,36a0819f-7a6f-6987-3b2a-5a1a11fe257a,1777334417,0.48,3.0,yes,"{""count_fp"":""3.00"",""created_time"":""2026-04-28T00:00:17.638714Z"",""no_price_dollars"":""0.5200"",""taker_side"":""yes"",""ticker"":""KXBTC15M-26APR272015-15"",""trade_id"":""36a0819f-7a6f-6987-3b2a-5a1a11fe257a"",""yes_price_dollars"":""0.4800""}"
KXBTC15M-26APR272015-15,38e20f20-a362-6b27-9beb-5390b9ffb48d,1777334417,0.47,22.0,yes,"{""count_fp"":""22.00"",""created_time"":""2026-04-28T00:00:17.519118Z"",""no_price_dollars"":""0.5300"",""taker_side"":""yes"",""ticker"":""KXBTC15M-26APR272015-15"",""trade_id"":""38e20f20-a362-6b27-9beb-5390b9ffb48d"",""yes_price_dollars"":""0.4700""}"
KXBTC15M-26APR272015-15,2b8bc9d1-5888-6ddf-aed4-5bf88ce040f2,1777334417,0.48,17.4,yes,"{""count_fp"":""17.40"",""created_time"":""2026-04-28T00:00:17.519118Z"",""no_price_dollars"":""0.5200"",""taker_side"":""yes"",""ticker"":""KXBTC15M-26APR272015-15"",""trade_id"":""2b8bc9d1-5888-6ddf-aed4-5bf88ce040f2"",""yes_price_dollars"":""0.4800""}"
KXBTC15M-26APR272015-15,49550d1b-65c8-5bbb-037b-897c1c577c0c,1777334417,0.46,8.92,no,"{""count_fp"":""8.92"",""created_time"":""2026-04-28T00:00:17.517335Z"",""no_price_dollars"":""0.5400"",""taker_side"":""no"",""ticker"":""KXBTC15M-26APR272015-15"",""trade_id"":""49550d1b-65c8-5bbb-037b-897c1c577c0c"",""yes_price_dollars"":""0.4600""}"
KXBTC15M-26APR272015-15,d7ce564e-efcc-62eb-9abc-66cde853a8d8,1777334417,0.46,34.82,no,"{""count_fp"":""34.82"",""created_time"":""2026-04-28T00:00:17.416654Z"",""no_price_dollars"":""0.5400"",""taker_side"":""no"",""ticker"":""KXBTC15M-26APR272015-15"",""trade_id"":""d7ce564e-efcc-62eb-9abc-66cde853a8d8"",""yes_price_dollars"":""0.4600""}"
KXBTC15M-26APR272015-15,79b0e553-28a2-62b8-b011-4d3f4fde3d71,1777334417,0.46,115.0,no,"{""count_fp"":""115.00"",""created_time"":""2026-04-28T00:00:17.416654Z"",""no_price_dollars"":""0.5400"",""taker_side"":""no"",""ticker"":""KXBTC15M-26APR272015-15"",""trade_id"":""79b0e553-28a2-62b8-b011-4d3f4fde3d71"",""yes_price_dollars"":""0.4600""}"
KXBTC15M-26APR272015-15,678b1cad-19d7-6b31-9055-6184526500e5,1777334417,0.46,27.0,no,"{""count_fp"":""27.00"",""created_time"":""2026-04-28T00:00:17.416654Z"",""no_price_dollars"":""0.5400"",""taker_side"":""no"",""ticker"":""KXBTC15M-26APR272015-15"",""trade_id"":""678b1cad-19d7-6b31-9055-6184526500e5"",""yes_price_dollars"":""0.4600""}"
KXBTC15M-26APR272015-15,bca67291-ac61-71a9-09e7-0c3f483b0abe,1777334418,0.47,47.29,yes,"{""count_fp"":""47.29"",""created_time"":""2026-04-28T00:00:18.659301Z"",""no_price_dollars"":""0.5300"",""taker_side"":""yes"",""ticker"":""KXBTC15M-26APR272015-15"",""trade_id"":""bca67291-ac61-71a9-09e7-0c3f483b0abe"",""yes_price_dollars"":""0.4700""}"
KXBTC15M-26APR272015-15,0ad4fd6b-d8e1-74d6-d0cf-7d07bed725b1,1777334418,0.47,19.7,yes,"{""count_fp"":""19.70"",""created_time"":""2026-04-28T00:00:18.553953Z"",""no_price_dollars"":""0.5300"",""taker_side"":""yes"",""ticker"":""KXBTC15M-26APR272015-15"",""trade_id"":""0ad4fd6b-d8e1-74d6-d0cf-7d07bed725b1"",""yes_price_dollars"":""0.4700""}"
KXBTC15M-26APR272015-15,fcb04b4a-917d-765a-0775-ab87cc819389,1777334418,0.47,44.07,yes,"{""count_fp"":""44.07"",""created_time"":""2026-04-28T00:00:18.505183Z"",""no_price_dollars"":""0.5300"",""taker_side"":""yes"",""ticker"":""KXBTC15M-26APR272015-15"",""trade_id"":""fcb04b4a-917d-765a-0775-ab87cc819389"",""yes_price_dollars"":""0.4700""}"
KXBTC15M-26APR272015-15,b6bfcb17-0c7d-7a2a-2f16-74531035f38d,1777334418,0.47,115.0,yes,"{""count_fp"":""115.00"",""created_time"":""2026-04-28T00:00:18.505183Z"",""no_price_dollars"":""0.5300"",""taker_side"":""yes"",""ticker"":""KXBTC15M-26APR272015-15"",""trade_id"":""b6bfcb17-0c7d-7a2a-2f16-74531035f38d"",""yes_price_dollars"":""0.4700""}"
KXBTC15M-26APR272015-15,917af561-8e1e-7a1c-2a73-0173bb068577,1777334418,0.47,3.0,yes,"{""count_fp"":""3.00"",""created_time"":""2026-04-28T00:00:18.505183Z"",""no_price_dollars"":""0.5300"",""taker_side"":""yes"",""ticker"":""KXBTC15M-26APR272015-15"",""trade_id"":""917af561-8e1e-7a1c-2a73-0173bb068577"",""yes_price_dollars"":""0.4700""}"
KXBTC15M-26APR272015-15,67b990cb-9b64-7c97-21f3-741110bebf9f,1777334418,0.47,500.0,yes,"{""count_fp"":""500.00"",""created_time"":""2026-04-28T00:00:18.505183Z"",""no_price_dollars"":""0.5300"",""taker_side"":""yes"",""ticker"":""KXBTC15M-26APR272015-15"",""trade_id"":""67b990cb-9b64-7c97-21f3-741110bebf9f"",""yes_price_dollars"":""0.4700""}"
KXBTC15M-26APR272015-15,a24c3ef2-8ee9-7f37-4b73-fc02b9287d4d,1777334418,0.49,16.7,yes,"{""count_fp"":""16.70"",""created_time"":""2026-04-28T00:00:18.154824Z"",""no_price_dollars"":""0.5100"",""taker_side"":""yes"",""ticker"":""KXBTC15M-26APR272015-15"",""trade_id"":""a24c3ef2-8ee9-7f37-4b73-fc02b9287d4d"",""yes_price_dollars"":""0.4900""}"
KXBTC15M-26APR272015-15,804e2a7a-9df5-7971-6ed1-cc28b4e7393c,1777334418,0.47,3.0,yes,"{""count_fp"":""3.00"",""created_time"":""2026-04-28T00:00:18.154824Z"",""no_price_dollars"":""0.5300"",""taker_side"":""yes"",""ticker"":""KXBTC15M-26APR272015-15"",""trade_id"":""804e2a7a-9df5-7971-6ed1-cc28b4e7393c"",""yes_price_dollars"":""0.4700""}"
KXBTC15M-26APR272015-15,d6054b2b-f882-4bea-78d6-280e6fc4f5b5,1777334418,0.49,19.7,yes,"{""count_fp"":""19.70"",""created_time"":""2026-04-28T00:00:18.104037Z"",""no_price_dollars"":""0.5100"",""taker_side"":""yes"",""ticker"":""KXBTC15M-26APR272015-15"",""trade_id"":""d6054b2b-f882-4bea-78d6-280e6fc4f5b5"",""yes_price_dollars"":""0.4900""}"
KXBTC15M-26APR272015-15,e5fc7368-8406-5c52-2377-f244ce034f73,1777334419,0.47,3.0,yes,"{""count_fp"":""3.00"",""created_time"":""2026-04-28T00:00:19.875909Z"",""no_price_dollars"":""0.5300"",""taker_side"":""yes"",""ticker"":""KXBTC15M-26APR272015-15"",""trade_id"":""e5fc7368-8406-5c52-2377-f244ce034f73"",""yes_price_dollars"":""0.4700""}"
KXBTC15M-26APR272015-15,91bdcf79-1839-5ff2-10a1-a4685589e0fb,1777334419,0.47,3.15,yes,"{""count_fp"":""3.15"",""created_time"":""2026-04-28T00:00:19.875909Z"",""no_price_dollars"":""0.5300"",""taker_side"":""yes"",""ticker"":""KXBTC15M-26APR272015-15"",""trade_id"":""91bdcf79-1839-5ff2-10a1-a4685589e0fb"",""yes_price_dollars"":""0.4700""}"
KXBTC15M-26APR272015-15,8775dfb7-e080-573d-1e60-8826d0249a85,1777334419,0.46,4.0,no,"{""count_fp"":""4.00"",""created_time"":""2026-04-28T00:00:19.041804Z"",""no_price_dollars"":""0.5400"",""taker_side"":""no"",""ticker"":""KXBTC15M-26APR272015-15"",""trade_id"":""8775dfb7-e080-573d-1e60-8826d0249a85"",""yes_price_dollars"":""0.4600""}"
KXBTC15M-26APR272015-15,f484574b-19b9-60ae-1dbd-c552ef2edef9,1777334420,0.45,12.62,no,"{""count_fp"":""12.62"",""created_time"":""2026-04-28T00:00:20.952649Z"",""no_price_dollars"":""0.5500"",""taker_side"":""no"",""ticker"":""KXBTC15M-26APR272015-15"",""trade_id"":""f484574b-19b9-60ae-1dbd-c552ef2edef9"",""yes_price_dollars"":""0.4500""}"
KXBTC15M-26APR272015-15,d8ac54c0-1c13-69ee-3210-9dbb5e465476,1777334420,0.45,2.0,no,"{""count_fp"":""2.00"",""created_time"":""2026-04-28T00:00:20.952649Z"",""no_price_dollars"":""0.5500"",""taker_side"":""no"",""ticker"":""KXBTC15M-26APR272015-15"",""trade_id"":""d8ac54c0-1c13-69ee-3210-9dbb5e465476"",""yes_price_dollars"":""0.4500""}"
KXBTC15M-26APR272015-15,9b5ba866-5c0e-6fd3-2315-48de7e79a17c,1777334420,0.45,3.0,no,"{""count_fp"":""3.00"",""created_time"":""2026-04-28T00:00:20.952649Z"",""no_price_dollars"":""0.5500"",""taker_side"":""no"",""ticker"":""KXBTC15M-26APR272015-15"",""trade_id"":""9b5ba866-5c0e-6fd3-2315-48de7e79a17c"",""yes_price_dollars"":""0.4500""}"
KXBTC15M-26APR272015-15,b62e3022-24b1-70ee-9571-942908165bf7,1777334420,0.47,20.51,yes,"{""count_fp"":""20.51"",""created_time"":""2026-04-28T00:00:20.767422Z"",""no_price_dollars"":""0.5300"",""taker_side"":""yes"",""ticker"":""KXBTC15M-26APR272015-15"",""trade_id"":""b62e3022-24b1-70ee-9571-942908165bf7"",""yes_price_dollars"":""0.4700""}"
KXBTC15M-26APR272015-15,00e1e87d-0619-61ca-dac4-737b7a75f7ab,1777334420,0.47,20.51,yes,"{""count_fp"":""20.51"",""created_time"":""2026-04-28T00:00:20.674318Z"",""no_price_dollars"":""0.5300"",""taker_side"":""yes"",""ticker"":""KXBTC15M-26APR272015-15"",""trade_id"":""00e1e87d-0619-61ca-dac4-737b7a75f7ab"",""yes_price_dollars"":""0.4700""}"
KXBTC15M-26APR272015-15,6b30f0c9-baa1-6fb2-65e1-b24ce705a9ef,1777334420,0.47,10.25,yes,"{""count_fp"":""10.25"",""created_time"":""2026-04-28T00:00:20.376253Z"",""no_price_dollars"":""0.5300"",""taker_side"":""yes"",""ticker"":""KXBTC15M-26APR272015-15"",""trade_id"":""6b30f0c9-baa1-6fb2-65e1-b24ce705a9ef"",""yes_price_dollars"":""0.4700""}"
KXBTC15M-26APR272015-15,fed15995-025d-6a4e-800e-b303b116bbab,1777334420,0.47,3.0,yes,"{""count_fp"":""3.00"",""created_time"":""2026-04-28T00:00:20.291477Z"",""no_price_dollars"":""0.5300"",""taker_side"":""yes"",""ticker"":""KXBTC15M-26APR272015-15"",""trade_id"":""fed15995-025d-6a4e-800e-b303b116bbab"",""yes_price_dollars"":""0.4700""}"
KXBTC15M-26APR272015-15,99f97c55-e370-447f-271a-49f9332e330b,1777334420,0.45,3.0,no,"{""count_fp"":""3.00"",""created_time"":""2026-04-28T00:00:20.283002Z"",""no_price_dollars"":""0.5500"",""taker_side"":""no"",""ticker"":""KXBTC15M-26APR272015-15"",""trade_id"":""99f97c55-e370-447f-271a-49f9332e330b"",""yes_price_dollars"":""0.4500""}"
KXBTC15M-26APR272015-15,3cfdccf0-8e4c-43df-1b14-ef87780b1548,1777334420,0.44,37.0,no,"{""count_fp"":""37.00"",""created_time"":""2026-04-28T00:00:20.283002Z"",""no_price_dollars"":""0.5600"",""taker_side"":""no"",""ticker"":""KXBTC15M-26APR272015-15"",""trade_id"":""3cfdccf0-8e4c-43df-1b14-ef87780b1548"",""yes_price_dollars"":""0.4400""}"
KXBTC15M-26APR272015-15,33ff68d1-fbe6-4624-166a-9760880d7435,1777334420,0.45,20.0,no,"{""count_fp"":""20.00"",""created_time"":""2026-04-28T00:00:20.283002Z"",""no_price_dollars"":""0.5500"",""taker_side"":""no"",""ticker"":""KXBTC15M-26APR272015-15"",""trade_id"":""33ff68d1-fbe6-4624-166a-9760880d7435"",""yes_price_dollars"":""0.4500""}"
KXBTC15M-26APR272015-15,79c170d6-0209-6346-aa61-68f98d500747,1777334420,0.47,19.7,yes,"{""count_fp"":""19.70"",""created_time"":""2026-04-28T00:00:20.251858Z"",""no_price_dollars"":""0.5300"",""taker_side"":""yes"",""ticker"":""KXBTC15M-26APR272015-15"",""trade_id"":""79c170d6-0209-6346-aa61-68f98d500747"",""yes_price_dollars"":""0.4700""}"
KXBTC15M-26APR272015-15,af6134fc-4b59-7436-340f-23f1ed695f2a,1777334420,0.45,4.91,no,"{""count_fp"":""4.91"",""created_time"":""2026-04-28T00:00:20.059076Z"",""no_price_dollars"":""0.5500"",""taker_side"":""no"",""ticker"":""KXBTC15M-26APR272015-15"",""trade_id"":""af6134fc-4b59-7436-340f-23f1ed695f2a"",""yes_price_dollars"":""0.4500""}"
KXBTC15M-26APR272015-15,745506a2-7c61-5d4e-26fe-f3c177301ff1,1777334421,0.45,1.75,no,"{""count_fp"":""1.75"",""created_time"":""2026-04-28T00:00:21.939445Z"",""no_price_dollars"":""0.5500"",""taker_side"":""no"",""ticker"":""KXBTC15M-26APR272015-15"",""trade_id"":""745506a2-7c61-5d4e-26fe-f3c177301ff1"",""yes_price_dollars"":""0.4500""}"
KXBTC15M-26APR272015-15,2b010f96-d07c-7932-d433-c52d3aab1923,1777334421,0.47,18.13,yes,"{""count_fp"":""18.13"",""created_time"":""2026-04-28T00:00:21.848127Z"",""no_price_dollars"":""0.5300"",""taker_side"":""yes"",""ticker"":""KXBTC15M-26APR272015-15"",""trade_id"":""2b010f96-d07c-7932-d433-c52d3aab1923"",""yes_price_dollars"":""0.4700""}"
KXBTC15M-26APR272015-15,afb02d82-02a4-678b-4a86-a497e0caedcb,1777334421,0.46,1.0,yes,"{""count_fp"":""1.00"",""created_time"":""2026-04-28T00:00:21.650734Z"",""no_price_dollars"":""0.5400"",""taker_side"":""yes"",""ticker"":""KXBTC15M-26APR272015-15"",""trade_id"":""afb02d82-02a4-678b-4a86-a497e0caedcb"",""yes_price_dollars"":""0.4600""}"
KXBTC15M-26APR272015-15,a0ae4406-ea53-62e5-7cf1-d9a9798ec252,1777334421,0.47,19.62,yes,"{""count_fp"":""19.62"",""created_time"":""2026-04-28T00:00:21.650734Z"",""no_price_dollars"":""0.5300"",""taker_side"":""yes"",""ticker"":""KXBTC15M-26APR272015-15"",""trade_id"":""a0ae4406-ea53-62e5-7cf1-d9a9798ec252"",""yes_price_dollars"":""0.4700""}"
KXBTC15M-26APR272015-15,3635f2ae-6cb1-65d2-5aff-db3f77a711fb,1777334421,0.47,209.43,yes,"{""count_fp"":""209.43"",""created_time"":""2026-04-28T00:00:21.650734Z"",""no_price_dollars"":""0.5300"",""taker_side"":""yes"",""ticker"":""KXBTC15M-26APR272015-15"",""trade_id"":""3635f2ae-6cb1-65d2-5aff-db3f77a711fb"",""yes_price_dollars"":""0.4700""}"
KXBTC15M-26APR272015-15,28e864d6-fe7f-6160-7452-880935d909a5,1777334421,0.47,3.0,yes,"{""count_fp"":""3.00"",""created_time"":""2026-04-28T00:00:21.650734Z"",""no_price_dollars"":""0.5300"",""taker_side"":""yes"",""ticker"":""KXBTC15M-26APR272015-15"",""trade_id"":""28e864d6-fe7f-6160-7452-880935d909a5"",""yes_price_dollars"":""0.4700""}"
KXBTC15M-26APR272015-15,1aa13421-ead2-675b-5def-2fd6c6766fc8,1777334421,0.47,11.8,yes,"{""count_fp"":""11.80"",""created_time"":""2026-04-28T00:00:21.650734Z"",""no_price_dollars"":""0.5300"",""taker_side"":""yes"",""ticker"":""KXBTC15M-26APR272015-15"",""trade_id"":""1aa13421-ead2-675b-5def-2fd6c6766fc8"",""yes_price_dollars"":""0.4700""}"
KXBTC15M-26APR272015-15,b3a54505-3de1-6112-b688-c0bd0507569f,1777334421,0.47,1.84,yes,"{""count_fp"":""1.84"",""created_time"":""2026-04-28T00:00:21.547723Z"",""no_price_dollars"":""0.5300"",""taker_side"":""yes"",""ticker"":""KXBTC15M-26APR272015-15"",""trade_id"":""b3a54505-3de1-6112-b688-c0bd0507569f"",""yes_price_dollars"":""0.4700""}"
KXBTC15M-26APR272015-15,60472e4b-a061-72aa-c7f1-00109353bf23,1777334421,0.47,0.31,yes,"{""count_fp"":""0.31"",""created_time"":""2026-04-28T00:00:21.423928Z"",""no_price_dollars"":""0.5300"",""taker_side"":""yes"",""ticker"":""KXBTC15M-26APR272015-15"",""trade_id"":""60472e4b-a061-72aa-c7f1-00109353bf23"",""yes_price_dollars"":""0.4700""}"
KXBTC15M-26APR272015-15,6deafe8e-6bc9-526a-4bd0-02a10a7f0a13,1777334421,0.47,30.77,yes,"{""count_fp"":""30.77"",""created_time"":""2026-04-28T00:00:21.306816Z"",""no_price_dollars"":""0.5300"",""taker_side"":""yes"",""ticker"":""KXBTC15M-26APR272015-15"",""trade_id"":""6deafe8e-6bc9-526a-4bd0-02a10a7f0a13"",""yes_price_dollars"":""0.4700""}"
KXBTC15M-26APR272015-15,c96567b5-58d5-70f2-a590-a6c0b4305c4d,1777334421,0.45,1.0,no,"{""count_fp"":""1.00"",""created_time"":""2026-04-28T00:00:21.158142Z"",""no_price_dollars"":""0.5500"",""taker_side"":""no"",""ticker"":""KXBTC15M-26APR272015-15"",""trade_id"":""c96567b5-58d5-70f2-a590-a6c0b4305c4d"",""yes_price_dollars"":""0.4500""}"
KXBTC15M-26APR272015-15,84c4d5b9-12f1-6012-1f83-47eae5fda55b,1777334421,0.47,180.53,yes,"{""count_fp"":""180.53"",""created_time"":""2026-04-28T00:00:21.122171Z"",""no_price_dollars"":""0.5300"",""taker_side"":""yes"",""ticker"":""KXBTC15M-26APR272015-15"",""trade_id"":""84c4d5b9-12f1-6012-1f83-47eae5fda55b"",""yes_price_dollars"":""0.4700""}"
KXBTC15M-26APR272015-15,ff91b700-c958-4372-e27c-b59dbb1af74d,1777334422,0.47,56.0,yes,"{""count_fp"":""56.00"",""created_time"":""2026-04-28T00:00:22.958333Z"",""no_price_dollars"":""0.5300"",""taker_side"":""yes"",""ticker"":""KXBTC15M-26APR272015-15"",""trade_id"":""ff91b700-c958-4372-e27c-b59dbb1af74d"",""yes_price_dollars"":""0.4700""}"
KXBTC15M-26APR272015-15,fa6530ea-2e79-48f3-c07e-10c2cc167bd2,1777334422,0.45,13.0,yes,"{""count_fp"":""13.00"",""created_time"":""2026-04-28T00:00:22.958333Z"",""no_price_dollars"":""0.5500"",""taker_side"":""yes"",""ticker"":""KXBTC15M-26APR272015-15"",""trade_id"":""fa6530ea-2e79-48f3-c07e-10c2cc167bd2"",""yes_price_dollars"":""0.4500""}"
KXBTC15M-26APR272015-15,cf5d40ef-7a8d-4017-e00a-08820516f745,1777334422,0.47,115.0,yes,"{""count_fp"":""115.00"",""created_time"":""2026-04-28T00:00:22.958333Z"",""no_price_dollars"":""0.5300"",""taker_side"":""yes"",""ticker"":""KXBTC15M-26APR272015-15"",""trade_id"":""cf5d40ef-7a8d-4017-e00a-08820516f745"",""yes_price_dollars"":""0.4700""}"
KXBTC15M-26APR272015-15,a9dfc480-bfce-4071-da94-e932d347e56e,1777334422,0.46,9.0,yes,"{""count_fp"":""9.00"",""created_time"":""2026-04-28T00:00:22.958333Z"",""no_price_dollars"":""0.5400"",""taker_side"":""yes"",""ticker"":""KXBTC15M-26APR272015-15"",""trade_id"":""a9dfc480-bfce-4071-da94-e932d347e56e"",""yes_price_dollars"":""0.4600""}"
KXBTC15M-26APR272015-15,90043d97-57b5-4967-ccfa-1debbb8e5101,1777334422,0.48,1167.69,yes,"{""count_fp"":""1167.69"",""created_time"":""2026-04-28T00:00:22.958333Z"",""no_price_dollars"":""0.5200"",""taker_side"":""yes"",""ticker"":""KXBTC15M-26APR272015-15"",""trade_id"":""90043d97-57b5-4967-ccfa-1debbb8e5101"",""yes_price_dollars"":""0.4800""}"
KXBTC15M-26APR272015-15,555f7a68-1ea4-46ea-55e7-11f2363ca80d,1777334422,0.45,3.0,no,"{""count_fp"":""3.00"",""created_time"":""2026-04-28T00:00:22.792397Z"",""no_price_dollars"":""0.5500"",""taker_side"":""no"",""ticker"":""KXBTC15M-26APR272015-15"",""trade_id"":""555f7a68-1ea4-46ea-55e7-11f2363ca80d"",""yes_price_dollars"":""0.4500""}"
KXBTC15M-26APR272015-15,364f2808-f5da-4bc4-7a97-2c8ace629467,1777334422,0.45,20.0,no,"{""count_fp"":""20.00"",""created_time"":""2026-04-28T00:00:22.792397Z"",""no_price_dollars"":""0.5500"",""taker_side"":""no"",""ticker"":""KXBTC15M-26APR272015-15"",""trade_id"":""364f2808-f5da-4bc4-7a97-2c8ace629467"",""yes_price_dollars"":""0.4500""}"
KXBTC15M-26APR272015-15,cbd042b0-206a-4128-eb4b-2cf2715740c6,1777334422,0.45,31.0,yes,"{""count_fp"":""31.00"",""created_time"":""2026-04-28T00:00:22.521282Z"",""no_price_dollars"":""0.5500"",""taker_side"":""yes"",""ticker"":""KXBTC15M-26APR272015-15"",""trade_id"":""cbd042b0-206a-4128-eb4b-2cf2715740c6"",""yes_price_dollars"":""0.4500""}"
KXBTC15M-26APR272015-15,748030f5-4068-4a82-d731-8a51e56d0313,1777334422,0.47,12.0,yes,"{""count_fp"":""12.00"",""created_time"":""2026-04-28T00:00:22.521282Z"",""no_price_dollars"":""0.5300"",""taker_side"":""yes"",""ticker"":""KXBTC15M-26APR272015-15"",""trade_id"":""748030f5-4068-4a82-d731-8a51e56d0313"",""yes_price_dollars"":""0.4700""}"
KXBTC15M-26APR272015-15,5b685193-f502-492b-e32f-b7adb39e300a,1777334422,0.45,7.0,yes,"{""count_fp"":""7.00"",""created_time"":""2026-04-28T00:00:22.521282Z"",""no_price_dollars"":""0.5500"",""taker_side"":""yes"",""ticker"":""KXBTC15M-26APR272015-15"",""trade_id"":""5b685193-f502-492b-e32f-b7adb39e300a"",""yes_price_dollars"":""0.4500""}"
KXBTC15M-26APR272015-15,0087a1cd-6f80-73ff-f6e9-7aba4056340c,1777334422,0.44,509.97,no,"{""count_fp"":""509.97"",""created_time"":""2026-04-28T00:00:22.445889Z"",""no_price_dollars"":""0.5600"",""taker_side"":""no"",""ticker"":""KXBTC15M-26APR272015-15"",""trade_id"":""0087a1cd-6f80-73ff-f6e9-7aba4056340c"",""yes_price_dollars"":""0.4400""}"
KXBTC15M-26APR272015-15,6a912dd9-d7b0-4eb6-1a8f-ba416971a033,1777334422,0.47,2.0,yes,"{""count_fp"":""2.00"",""created_time"":""2026-04-28T00:00:22.045425Z"",""no_price_dollars"":""0.5300"",""taker_side"":""yes"",""ticker"":""KXBTC15M-26APR272015-15"",""trade_id"":""6a912dd9-d7b0-4eb6-1a8f-ba416971a033"",""yes_price_dollars"":""0.4700""}"
KXBTC15M-26APR272015-15,e2097bf9-98fa-7d63-705a-f6b4cf11fb80,1777334423,0.45,388.22,no,"{""count_fp"":""388.22"",""created_time"":""2026-04-28T00:00:23.962453Z"",""no_price_dollars"":""0.5500"",""taker_side"":""no"",""ticker"":""KXBTC15M-26APR272015-15"",""trade_id"":""e2097bf9-98fa-7d63-705a-f6b4cf11fb80"",""yes_price_dollars"":""0.4500""}"
KXBTC15M-26APR272015-15,5b336b72-98f3-7424-7632-15a3b8451bff,1777334423,0.45,56.0,no,"{""count_fp"":""56.00"",""created_time"":""2026-04-28T00:00:23.962453Z"",""no_price_dollars"":""0.5500"",""taker_side"":""no"",""ticker"":""KXBTC15M-26APR272015-15"",""trade_id"":""5b336b72-98f3-7424-7632-15a3b8451bff"",""yes_price_dollars"":""0.4500""}"
KXBTC15M-26APR272015-15,452ad53b-68a0-7a8c-4fcc-3d6aa3f388d9,1777334423,0.46,20.0,no,"{""count_fp"":""20.00"",""created_time"":""2026-04-28T00:00:23.962453Z"",""no_price_dollars"":""0.5400"",""taker_side"":""no"",""ticker"":""KXBTC15M-26APR272015-15"",""trade_id"":""452ad53b-68a0-7a8c-4fcc-3d6aa3f388d9"",""yes_price_dollars"":""0.4600""}"
KXBTC15M-26APR272015-15,39c042f0-79f2-7430-795e-3657087258db,1777334423,0.46,56.84,no,"{""count_fp"":""56.84"",""created_time"":""2026-04-28T00:00:23.962453Z"",""no_price_dollars"":""0.5400"",""taker_side"":""no"",""ticker"":""KXBTC15M-26APR272015-15"",""trade_id"":""39c042f0-79f2-7430-795e-3657087258db"",""yes_price_dollars"":""0.4600""}"
KXBTC15M-26APR272015-15,6fa722ae-bb16-70d8-f658-8b7dd81d4237,1777334423,0.46,58.16,no,"{""count_fp"":""58.16"",""created_time"":""2026-04-28T00:00:23.931211Z"",""no_price_dollars"":""0.5400"",""taker_side"":""no"",""ticker"":""KXBTC15M-26APR272015-15"",""trade_id"":""6fa722ae-bb16-70d8-f658-8b7dd81d4237"",""yes_price_dollars"":""0.4600""}"
KXBTC15M-26APR272015-15,57eb9e1b-6621-6e7c-503d-341689643f93,1777334423,0.47,3.03,yes,"{""count_fp"":""3.03"",""created_time"":""2026-04-28T00:00:23.154657Z"",""no_price_dollars"":""0.5300"",""taker_side"":""yes"",""ticker"":""KXBTC15M-26APR272015-15"",""trade_id"":""57eb9e1b-6621-6e7c-503d-341689643f93"",""yes_price_dollars"":""0.4700""}"
KXBTC15M-26APR272015-15,20a80877-a629-62e1-5bca-183e979f1757,1777334423,0.47,3.0,yes,"{""count_fp"":""3.00"",""created_time"":""2026-04-28T00:00:23.154657Z"",""no_price_dollars"":""0.5300"",""taker_side"":""yes"",""ticker"":""KXBTC15M-26APR272015-15"",""trade_id"":""20a80877-a629-62e1-5bca-183e979f1757"",""yes_price_dollars"":""0.4700""}"
KXBTC15M-26APR272015-15,36bd040e-dd83-725e-84cd-957c3cc6d314,1777334424,0.45,3.0,no,"{""count_fp"":""3.00"",""created_time"":""2026-04-28T00:00:24.971639Z"",""no_price_dollars"":""0.5500"",""taker_side"":""no"",""ticker"":""KXBTC15M-26APR272015-15"",""trade_id"":""36bd040e-dd83-725e-84cd-957c3cc6d314"",""yes_price_dollars"":""0.4500""}"
KXBTC15M-26APR272015-15,241132f9-ff7c-718f-905b-5326d6bf1aec,1777334424,0.45,4.05,no,"{""count_fp"":""4.05"",""created_time"":""2026-04-28T00:00:24.971639Z"",""no_price_dollars"":""0.5500"",""taker_side"":""no"",""ticker"":""KXBTC15M-26APR272015-15"",""trade_id"":""241132f9-ff7c-718f-905b-5326d6bf1aec"",""yes_price_dollars"":""0.4500""}"
KXBTC15M-26APR272015-15,978ded4f-6006-57eb-f280-9c7c31d81a60,1777334424,0.45,5.19,no,"{""count_fp"":""5.19"",""created_time"":""2026-04-28T00:00:24.875393Z"",""no_price_dollars"":""0.5500"",""taker_side"":""no"",""ticker"":""KXBTC15M-26APR272015-15"",""trade_id"":""978ded4f-6006-57eb-f280-9c7c31d81a60"",""yes_price_dollars"":""0.4500""}"
KXBTC15M-26APR272015-15,7bcd96c3-bb63-7b46-443a-b057b90b7bfd,1777334424,0.47,4.0,yes,"{""count_fp"":""4.00"",""created_time"":""2026-04-28T00:00:24.459901Z"",""no_price_dollars"":""0.5300"",""taker_side"":""yes"",""ticker"":""KXBTC15M-26APR272015-15"",""trade_id"":""7bcd96c3-bb63-7b46-443a-b057b90b7bfd"",""yes_price_dollars"":""0.4700""}"
KXBTC15M-26APR272015-15,e2211070-fb33-7ca6-bd7e-a8e38f95d049,1777334424,0.47,10.51,yes,"{""count_fp"":""10.51"",""created_time"":""2026-04-28T00:00:24.246936Z"",""no_price_dollars"":""0.5300"",""taker_side"":""yes"",""ticker"":""KXBTC15M-26APR272015-15"",""trade_id"":""e2211070-fb33-7ca6-bd7e-a8e38f95d049"",""yes_price_dollars"":""0.4700""}"
KXBTC15M-26APR272015-15,83b9a33a-fd37-7ced-88be-4218e5ca83b9,1777334424,0.47,10.0,yes,"{""count_fp"":""10.00"",""created_time"":""2026-04-28T00:00:24.246936Z"",""no_price_dollars"":""0.5300"",""taker_side"":""yes"",""ticker"":""KXBTC15M-26APR272015-15"",""trade_id"":""83b9a33a-fd37-7ced-88be-4218e5ca83b9"",""yes_price_dollars"":""0.4700""}"
KXBTC15M-26APR272015-15,5b379795-0cb0-6b10-073c-f33d45d84506,1777334425,0.47,30.59,yes,"{""count_fp"":""30.59"",""created_time"":""2026-04-28T00:00:25.959858Z"",""no_price_dollars"":""0.5300"",""taker_side"":""yes"",""ticker"":""KXBTC15M-26APR272015-15"",""trade_id"":""5b379795-0cb0-6b10-073c-f33d45d84506"",""yes_price_dollars"":""0.4700""}"
KXBTC15M-26APR272015-15,9e3bec09-5110-4fac-2bcf-d1ccfe141632,1777334425,0.47,1.8,yes,"{""count_fp"":""1.80"",""created_time"":""2026-04-28T00:00:25.804148Z"",""no_price_dollars"":""0.5300"",""taker_side"":""yes"",""ticker"":""KXBTC15M-26APR272015-15"",""trade_id"":""9e3bec09-5110-4fac-2bcf-d1ccfe141632"",""yes_price_dollars"":""0.4700""}"
KXBTC15M-26APR272015-15,c8e08668-f3f0-4e23-8b95-f68f2190abe7,1777334425,0.46,0.52,no,"{""count_fp"":""0.52"",""created_time"":""2026-04-28T00:00:25.688854Z"",""no_price_dollars"":""0.5400"",""taker_side"":""no"",""ticker"":""KXBTC15M-26APR272015-15"",""trade_id"":""c8e08668-f3f0-4e23-8b95-f68f2190abe7"",""yes_price_dollars"":""0.4600""}"
KXBTC15M-26APR272015-15,a3c7a92f-4450-632d-ef20-4288c63621cf,1777334425,0.46,3.0,no,"{""count_fp"":""3.00"",""created_time"":""2026-04-28T00:00:25.593711Z"",""no_price_dollars"":""0.5400"",""taker_side"":""no"",""ticker"":""KXBTC15M-26APR272015-15"",""trade_id"":""a3c7a92f-4450-632d-ef20-4288c63621cf"",""yes_price_dollars"":""0.4600""}"
KXBTC15M-26APR272015-15,4ea52ae9-0ea8-6717-e6ff-97c53199c79f,1777334425,0.46,5.97,no,"{""count_fp"":""5.97"",""created_time"":""2026-04-28T00:00:25.593711Z"",""no_price_dollars"":""0.5400"",""taker_side"":""no"",""ticker"":""KXBTC15M-26APR272015-15"",""trade_id"":""4ea52ae9-0ea8-6717-e6ff-97c53199c79f"",""yes_price_dollars"":""0.4600""}"
KXBTC15M-26APR272015-15,9d7fa80b-42b0-7c78-74e4-135cd89840c3,1777334425,0.45,9.0,no,"{""count_fp"":""9.00"",""created_time"":""2026-04-28T00:00:25.144996Z"",""no_price_dollars"":""0.5500"",""taker_side"":""no"",""ticker"":""KXBTC15M-26APR272015-15"",""trade_id"":""9d7fa80b-42b0-7c78-74e4-135cd89840c3"",""yes_price_dollars"":""0.4500""}"
KXBTC15M-26APR272015-15,5cb7e153-e9f4-6f00-4149-c774077ae763,1777334425,0.45,0.17,no,"{""count_fp"":""0.17"",""created_time"":""2026-04-28T00:00:25.127213Z"",""no_price_dollars"":""0.5500"",""taker_side"":""no"",""ticker"":""KXBTC15M-26APR272015-15"",""trade_id"":""5cb7e153-e9f4-6f00-4149-c774077ae763"",""yes_price_dollars"":""0.4500""}"
KXBTC15M-26APR272015-15,b67f3018-eaa4-4c58-5f85-7533f5ae785b,1777334425,0.45,0.71,no,"{""count_fp"":""0.71"",""created_time"":""2026-04-28T00:00:25.105175Z"",""no_price_dollars"":""0.5500"",""taker_side"":""no"",""ticker"":""KXBTC15M-26APR272015-15"",""trade_id"":""b67f3018-eaa4-4c58-5f85-7533f5ae785b"",""yes_price_dollars"":""0.4500""}"
KXBTC15M-26APR272015-15,14cea6d9-f990-41cf-70b5-2135353bbaa4,1777334425,0.45,7.95,no,"{""count_fp"":""7.95"",""created_time"":""2026-04-28T00:00:25.105175Z"",""no_price_dollars"":""0.5500"",""taker_side"":""no"",""ticker"":""KXBTC15M-26APR272015-15"",""trade_id"":""14cea6d9-f990-41cf-70b5-2135353bbaa4"",""yes_price_dollars"":""0.4500""}"
KXBTC15M-26APR272015-15,b7103047-70b8-679d-8e28-a41a7456ac6e,1777334425,0.47,9.02,yes,"{""count_fp"":""9.02"",""created_time"":""2026-04-28T00:00:25.078977Z"",""no_price_dollars"":""0.5300"",""taker_side"":""yes"",""ticker"":""KXBTC15M-26APR272015-15"",""trade_id"":""b7103047-70b8-679d-8e28-a41a7456ac6e"",""yes_price_dollars"":""0.4700""}"
KXBTC15M-26APR272015-15,82949278-e573-652a-9d5d-419366cc9145,1777334425,0.47,11.49,yes,"{""count_fp"":""11.49"",""created_time"":""2026-04-28T00:00:25.078977Z"",""no_price_dollars"":""0.5300"",""taker_side"":""yes"",""ticker"":""KXBTC15M-26APR272015-15"",""trade_id"":""82949278-e573-652a-9d5d-419366cc9145"",""yes_price_dollars"":""0.4700""}"
KXBTC15M-26APR272015-15,9b0f0e34-90a3-592b-031a-ce1b1b88b54b,1777334426,0.45,1.75,no,"{""count_fp"":""1.75"",""created_time"":""2026-04-28T00:00:26.855844Z"",""no_price_dollars"":""0.5500"",""taker_side"":""no"",""ticker"":""KXBTC15M-26APR272015-15"",""trade_id"":""9b0f0e34-90a3-592b-031a-ce1b1b88b54b"",""yes_price_dollars"":""0.4500""}"
KXBTC15M-26APR272015-15,98c25fae-9d4f-466b-811f-5bea520e6b23,1777334426,0.45,7.05,no,"{""count_fp"":""7.05"",""created_time"":""2026-04-28T00:00:26.611515Z"",""no_price_dollars"":""0.5500"",""taker_side"":""no"",""ticker"":""KXBTC15M-26APR272015-15"",""trade_id"":""98c25fae-9d4f-466b-811f-5bea520e6b23"",""yes_price_dollars"":""0.4500""}"
KXBTC15M-26APR272015-15,da237795-3065-7e0d-5405-105c6559ef76,1777334426,0.46,10.0,yes,"{""count_fp"":""10.00"",""created_time"":""2026-04-28T00:00:26.582522Z"",""no_price_dollars"":""0.5400"",""taker_side"":""yes"",""ticker"":""KXBTC15M-26APR272015-15"",""trade_id"":""da237795-3065-7e0d-5405-105c6559ef76"",""yes_price_dollars"":""0.4600""}"
KXBTC15M-26APR272015-15,faace2e9-e76d-43eb-0fc3-2fa87228f85f,1777334426,0.45,0.08,no,"{""count_fp"":""0.08"",""created_time"":""2026-04-28T00:00:26.283075Z"",""no_price_dollars"":""0.5500"",""taker_side"":""no"",""ticker"":""KXBTC15M-26APR272015-15"",""trade_id"":""faace2e9-e76d-43eb-0fc3-2fa87228f85f"",""yes_price_dollars"":""0.4500""}"
KXBTC15M-26APR272015-15,c459418a-720c-479a-20ad-de40f533b17d,1777334426,0.45,0.81,no,"{""count_fp"":""0.81"",""created_time"":""2026-04-28T00:00:26.283075Z"",""no_price_dollars"":""0.5500"",""taker_side"":""no"",""ticker"":""KXBTC15M-26APR272015-15"",""trade_id"":""c459418a-720c-479a-20ad-de40f533b17d"",""yes_price_dollars"":""0.4500""}"
KXBTC15M-26APR272015-15,5b312d13-e252-7462-6311-75bffd50478b,1777334426,0.47,10.0,yes,"{""count_fp"":""10.00"",""created_time"":""2026-04-28T00:00:26.107349Z"",""no_price_dollars"":""0.5300"",""taker_side"":""yes"",""ticker"":""KXBTC15M-26APR272015-15"",""trade_id"":""5b312d13-e252-7462-6311-75bffd50478b"",""yes_price_dollars"":""0.4700""}"
KXBTC15M-26APR272015-15,17253c1e-f063-7088-6481-5bd76baed126,1777334426,0.47,0.25,yes,"{""count_fp"":""0.25"",""created_time"":""2026-04-28T00:00:26.107349Z"",""no_price_dollars"":""0.5300"",""taker_side"":""yes"",""ticker"":""KXBTC15M-26APR272015-15"",""trade_id"":""17253c1e-f063-7088-6481-5bd76baed126"",""yes_price_dollars"":""0.4700""}"
KXBTC15M-26APR272015-15,c7601f03-d50b-716f-8d48-04846e7bdb9d,1777334426,0.46,3.51,no,"{""count_fp"":""3.51"",""created_time"":""2026-04-28T00:00:26.054469Z"",""no_price_dollars"":""0.5400"",""taker_side"":""no"",""ticker"":""KXBTC15M-26APR272015-15"",""trade_id"":""c7601f03-d50b-716f-8d48-04846e7bdb9d"",""yes_price_dollars"":""0.4600""}"
KXBTC15M-26APR272015-15,9dc9332c-6ab8-72ff-ab73-6396685e8f48,1777334426,0.46,20.0,no,"{""count_fp"":""20.00"",""created_time"":""2026-04-28T00:00:26.054469Z"",""no_price_dollars"":""0.5400"",""taker_side"":""no"",""ticker"":""KXBTC15M-26APR272015-15"",""trade_id"":""9dc9332c-6ab8-72ff-ab73-6396685e8f48"",""yes_price_dollars"":""0.4600""}"
KXBTC15M-26APR272015-15,43d34c5f-88ed-76e3-b82a-6d6223fc2dfb,1777334426,0.45,2.92,no,"{""count_fp"":""2.92"",""created_time"":""2026-04-28T00:00:26.054469Z"",""no_price_dollars"":""0.5500"",""taker_side"":""no"",""ticker"":""KXBTC15M-26APR272015-15"",""trade_id"":""43d34c5f-88ed-76e3-b82a-6d6223fc2dfb"",""yes_price_dollars"":""0.4500""}"
KXBTC15M-26APR272015-15,bf01eb41-8439-7e8e-75b1-2cd42d1f705a,1777334427,0.47,0.27,yes,"{""count_fp"":""0.27"",""created_time"":""2026-04-28T00:00:27.903989Z"",""no_price_dollars"":""0.5300"",""taker_side"":""yes"",""ticker"":""KXBTC15M-26APR272015-15"",""trade_id"":""bf01eb41-8439-7e8e-75b1-2cd42d1f705a"",""yes_price_dollars"":""0.4700""}"
KXBTC15M-26APR272015-15,daa2e98c-be08-6905-bd6d-4c709e0a63aa,1777334427,0.46,3.0,no,"{""count_fp"":""3.00"",""created_time"":""2026-04-28T00:00:27.097405Z"",""no_price_dollars"":""0.5400"",""taker_side"":""no"",""ticker"":""KXBTC15M-26APR272015-15"",""trade_id"":""daa2e98c-be08-6905-bd6d-4c709e0a63aa"",""yes_price_dollars"":""0.4600""}"
KXBTC15M-26APR272015-15,da76eb33-0e37-6227-a822-eb0476c2abcf,1777334427,0.45,18.25,no,"{""count_fp"":""18.25"",""created_time"":""2026-04-28T00:00:27.097405Z"",""no_price_dollars"":""0.5500"",""taker_side"":""no"",""ticker"":""KXBTC15M-26APR272015-15"",""trade_id"":""da76eb33-0e37-6227-a822-eb0476c2abcf"",""yes_price_dollars"":""0.4500""}"
KXBTC15M-26APR272015-15,6864100f-2ecc-6d86-8a65-57b35a9d6618,1777334427,0.45,10.0,no,"{""count_fp"":""10.00"",""created_time"":""2026-04-28T00:00:27.097405Z"",""no_price_dollars"":""0.5500"",""taker_side"":""no"",""ticker"":""KXBTC15M-26APR272015-15"",""trade_id"":""6864100f-2ecc-6d86-8a65-57b35a9d6618"",""yes_price_dollars"":""0.4500""}"
KXBTC15M-26APR272015-15,2390899a-d7c8-6660-8f30-01cc377ce18d,1777334427,0.45,12.81,no,"{""count_fp"":""12.81"",""created_time"":""2026-04-28T00:00:27.097405Z"",""no_price_dollars"":""0.5500"",""taker_side"":""no"",""ticker"":""KXBTC15M-26APR272015-15"",""trade_id"":""2390899a-d7c8-6660-8f30-01cc377ce18d"",""yes_price_dollars"":""0.4500""}"
KXBTC15M-26APR272015-15,f0f2fd4b-6950-47e6-bdfd-ee039d15b057,1777334427,0.47,194.5,yes,"{""count_fp"":""194.50"",""created_time"":""2026-04-28T00:00:27.059165Z"",""no_price_dollars"":""0.5300"",""taker_side"":""yes"",""ticker"":""KXBTC15M-26APR272015-15"",""trade_id"":""f0f2fd4b-6950-47e6-bdfd-ee039d15b057"",""yes_price_dollars"":""0.4700""}"
KXBTC15M-26APR272015-15,cf6ecdbd-9da3-40e9-9e0a-6579937b2536,1777334427,0.46,100.0,yes,"{""count_fp"":""100.00"",""created_time"":""2026-04-28T00:00:27.059165Z"",""no_price_dollars"":""0.5400"",""taker_side"":""yes"",""ticker"":""KXBTC15M-26APR272015-15"",""trade_id"":""cf6ecdbd-9da3-40e9-9e0a-6579937b2536"",""yes_price_dollars"":""0.4600""}"
KXBTC15M-26APR272015-15,a70e2abc-bd4d-4dd9-a8f4-165cc6975c32,1777334427,0.46,1.8,yes,"{""count_fp"":""1.80"",""created_time"":""2026-04-28T00:00:27.059165Z"",""no_price_dollars"":""0.5400"",""taker_side"":""yes"",""ticker"":""KXBTC15M-26APR272015-15"",""trade_id"":""a70e2abc-bd4d-4dd9-a8f4-165cc6975c32"",""yes_price_dollars"":""0.4600""}"
KXBTC15M-26APR272015-15,0dc6de07-22c5-4439-8863-8cb64aca7b30,1777334427,0.46,7.05,yes,"{""count_fp"":""7.05"",""created_time"":""2026-04-28T00:00:27.059165Z"",""no_price_dollars"":""0.5400"",""taker_side"":""yes"",""ticker"":""KXBTC15M-26APR272015-15"",""trade_id"":""0dc6de07-22c5-4439-8863-8cb64aca7b30"",""yes_price_dollars"":""0.4600""}"
KXBTC15M-26APR272015-15,cae1382d-b051-6d46-f17f-9e4e44205f22,1777334428,0.47,51.28,yes,"{""count_fp"":""51.28"",""created_time"":""2026-04-28T00:00:28.944472Z"",""no_price_dollars"":""0.5300"",""taker_side"":""yes"",""ticker"":""KXBTC15M-26APR272015-15"",""trade_id"":""cae1382d-b051-6d46-f17f-9e4e44205f22"",""yes_price_dollars"":""0.4700""}"
KXBTC15M-26APR272015-15,24883115-9145-431a-34a4-4f3a308aef72,1777334428,0.47,2.62,yes,"{""count_fp"":""2.62"",""created_time"":""2026-04-28T00:00:28.444831Z"",""no_price_dollars"":""0.5300"",""taker_side"":""yes"",""ticker"":""KXBTC15M-26APR272015-15"",""trade_id"":""24883115-9145-431a-34a4-4f3a308aef72"",""yes_price_dollars"":""0.4700""}"
KXBTC15M-26APR272015-15,eb290706-dcf5-5fe2-4c16-e2447601ddba,1777334428,0.47,4.1,yes,"{""count_fp"":""4.10"",""created_time"":""2026-04-28T00:00:28.296202Z"",""no_price_dollars"":""0.5300"",""taker_side"":""yes"",""ticker"":""KXBTC15M-26APR272015-15"",""trade_id"":""eb290706-dcf5-5fe2-4c16-e2447601ddba"",""yes_price_dollars"":""0.4700""}"
KXBTC15M-26APR272015-15,b8004cd7-b515-59e5-6094-84abbb636bfc,1777334428,0.46,3.0,no,"{""count_fp"":""3.00"",""created_time"":""2026-04-28T00:00:28.017366Z"",""no_price_dollars"":""0.5400"",""taker_side"":""no"",""ticker"":""KXBTC15M-26APR272015-15"",""trade_id"":""b8004cd7-b515-59e5-6094-84abbb636bfc"",""yes_price_dollars"":""0.4600""}"
KXBTC15M-26APR272015-15,61bb890c-9793-5461-5ca3-8868234535e2,1777334428,0.46,5.97,no,"{""count_fp"":""5.97"",""created_time"":""2026-04-28T00:00:28.017366Z"",""no_price_dollars"":""0.5400"",""taker_side"":""no"",""ticker"":""KXBTC15M-26APR272015-15"",""trade_id"":""61bb890c-9793-5461-5ca3-8868234535e2"",""yes_price_dollars"":""0.4600""}"
KXBTC15M-26APR272015-15,77840ee6-7793-5f1c-2a22-2270871da96b,1777334429,0.47,10.0,yes,"{""count_fp"":""10.00"",""created_time"":""2026-04-28T00:00:29.673331Z"",""no_price_dollars"":""0.5300"",""taker_side"":""yes"",""ticker"":""KXBTC15M-26APR272015-15"",""trade_id"":""77840ee6-7793-5f1c-2a22-2270871da96b"",""yes_price_dollars"":""0.4700""}"
KXBTC15M-26APR272015-15,0f3f2b60-d99d-5ce8-16ca-5401d4df5704,1777334429,0.47,10.0,yes,"{""count_fp"":""10.00"",""created_time"":""2026-04-28T00:00:29.673331Z"",""no_price_dollars"":""0.5300"",""taker_side"":""yes"",""ticker"":""KXBTC15M-26APR272015-15"",""trade_id"":""0f3f2b60-d99d-5ce8-16ca-5401d4df5704"",""yes_price_dollars"":""0.4700""}"
KXBTC15M-26APR272015-15,989489ab-0883-69e9-4434-7b40fea7176a,1777334429,0.46,8.0,no,"{""count_fp"":""8.00"",""created_time"":""2026-04-28T00:00:29.196998Z"",""no_price_dollars"":""0.5400"",""taker_side"":""no"",""ticker"":""KXBTC15M-26APR272015-15"",""trade_id"":""989489ab-0883-69e9-4434-7b40fea7176a"",""yes_price_dollars"":""0.4600""}"
KXBTC15M-26APR272015-15,be31d2e1-1344-7dda-3d91-4327b6683d0f,1777334430,0.45,1.0,no,"{""count_fp"":""1.00"",""created_time"":""2026-04-28T00:00:30.991698Z"",""no_price_dollars"":""0.5500"",""taker_side"":""no"",""ticker"":""KXBTC15M-26APR272015-15"",""trade_id"":""be31d2e1-1344-7dda-3d91-4327b6683d0f"",""yes_price_dollars"":""0.4500""}"
KXBTC15M-26APR272015-15,e7d3ca0a-83a2-4933-2607-b0d83c0d49ab,1777334430,0.47,1.0,yes,"{""count_fp"":""1.00"",""created_time"":""2026-04-28T00:00:30.742329Z"",""no_price_dollars"":""0.5300"",""taker_side"":""yes"",""ticker"":""KXBTC15M-26APR272015-15"",""trade_id"":""e7d3ca0a-83a2-4933-2607-b0d83c0d49ab"",""yes_price_dollars"":""0.4700""}"
KXBTC15M-26APR272015-15,1293fc0e-0227-4b88-1d9c-81c5be891245,1777334430,0.47,46.44,yes,"{""count_fp"":""46.44"",""created_time"":""2026-04-28T00:00:30.742329Z"",""no_price_dollars"":""0.5300"",""taker_side"":""yes"",""ticker"":""KXBTC15M-26APR272015-15"",""trade_id"":""1293fc0e-0227-4b88-1d9c-81c5be891245"",""yes_price_dollars"":""0.4700""}"
KXBTC15M-26APR272015-15,07335a56-eb8d-4ac4-29bf-715dcf6003cd,1777334430,0.47,10.0,yes,"{""count_fp"":""10.00"",""created_time"":""2026-04-28T00:00:30.742329Z"",""no_price_dollars"":""0.5300"",""taker_side"":""yes"",""ticker"":""KXBTC15M-26APR272015-15"",""trade_id"":""07335a56-eb8d-4ac4-29bf-715dcf6003cd"",""yes_price_dollars"":""0.4700""}"
KXBTC15M-26APR272015-15,394ce28f-0879-633f-70bd-e7ba53b37a79,1777334430,0.45,1.0,no,"{""count_fp"":""1.00"",""created_time"":""2026-04-28T00:00:30.531536Z"",""no_price_dollars"":""0.5500"",""taker_side"":""no"",""ticker"":""KXBTC15M-26APR272015-15"",""trade_id"":""394ce28f-0879-633f-70bd-e7ba53b37a79"",""yes_price_dollars"":""0.4500""}"
KXBTC15M-26APR272015-15,fe6e8c57-5bab-5dfc-4d7e-b4975875b109,1777334430,0.47,38.03,yes,"{""count_fp"":""38.03"",""created_time"":""2026-04-28T00:00:30.424848Z"",""no_price_dollars"":""0.5300"",""taker_side"":""yes"",""ticker"":""KXBTC15M-26APR272015-15"",""trade_id"":""fe6e8c57-5bab-5dfc-4d7e-b4975875b109"",""yes_price_dollars"":""0.4700""}"
KXBTC15M-26APR272015-15,8b6d8c37-e893-5794-6910-733c914244e8,1777334430,0.47,3.0,yes,"{""count_fp"":""3.00"",""created_time"":""2026-04-28T00:00:30.424848Z"",""no_price_dollars"":""0.5300"",""taker_side"":""yes"",""ticker"":""KXBTC15M-26APR272015-15"",""trade_id"":""8b6d8c37-e893-5794-6910-733c914244e8"",""yes_price_dollars"":""0.4700""}"
KXBTC15M-26APR272015-15,602ce1e9-138e-62b5-bf8d-523098bc7f0d,1777334431,0.46,2.05,yes,"{""count_fp"":""2.05"",""created_time"":""2026-04-28T00:00:31.745387Z"",""no_price_dollars"":""0.5400"",""taker_side"":""yes"",""ticker"":""KXBTC15M-26APR272015-15"",""trade_id"":""602ce1e9-138e-62b5-bf8d-523098bc7f0d"",""yes_price_dollars"":""0.4600""}"
KXBTC15M-26APR272015-15,70b313bd-9f3a-56fe-e472-38f64c571df5,1777334431,0.45,1.76,no,"{""count_fp"":""1.76"",""created_time"":""2026-04-28T00:00:31.579539Z"",""no_price_dollars"":""0.5500"",""taker_side"":""no"",""ticker"":""KXBTC15M-26APR272015-15"",""trade_id"":""70b313bd-9f3a-56fe-e472-38f64c571df5"",""yes_price_dollars"":""0.4500""}"
KXBTC15M-26APR272015-15,4b16ac2b-783e-7e9e-1048-304648c308e5,1777334431,0.45,8.6,no,"{""count_fp"":""8.60"",""created_time"":""2026-04-28T00:00:31.509849Z"",""no_price_dollars"":""0.5500"",""taker_side"":""no"",""ticker"":""KXBTC15M-26APR272015-15"",""trade_id"":""4b16ac2b-783e-7e9e-1048-304648c308e5"",""yes_price_dollars"":""0.4500""}"
KXBTC15M-26APR272015-15,017a32d9-eb38-7b15-36fb-d445d4b9d7bb,1777334431,0.45,10.0,no,"{""count_fp"":""10.00"",""created_time"":""2026-04-28T00:00:31.509849Z"",""no_price_dollars"":""0.5500"",""taker_side"":""no"",""ticker"":""KXBTC15M-26APR272015-15"",""trade_id"":""017a32d9-eb38-7b15-36fb-d445d4b9d7bb"",""yes_price_dollars"":""0.4500""}"
KXBTC15M-26APR272015-15,52382b1a-83ab-5ac0-03ae-14aab038af0d,1777334431,0.46,16.41,yes,"{""count_fp"":""16.41"",""created_time"":""2026-04-28T00:00:31.147497Z"",""no_price_dollars"":""0.5400"",""taker_side"":""yes"",""ticker"":""KXBTC15M-26APR272015-15"",""trade_id"":""52382b1a-83ab-5ac0-03ae-14aab038af0d"",""yes_price_dollars"":""0.4600""}"
KXBTC15M-26APR272015-15,9f43dfec-b1f3-4450-7193-87726dbfd501,1777334431,0.46,19.51,yes,"{""count_fp"":""19.51"",""created_time"":""2026-04-28T00:00:31.126326Z"",""no_price_dollars"":""0.5400"",""taker_side"":""yes"",""ticker"":""KXBTC15M-26APR272015-15"",""trade_id"":""9f43dfec-b1f3-4450-7193-87726dbfd501"",""yes_price_dollars"":""0.4600""}"
KXBTC15M-26APR272015-15,8efb4435-15bf-4bc6-5ce5-39e14e45255f,1777334431,0.46,1.0,yes,"{""count_fp"":""1.00"",""created_time"":""2026-04-28T00:00:31.126326Z"",""no_price_dollars"":""0.5400"",""taker_side"":""yes"",""ticker"":""KXBTC15M-26APR272015-15"",""trade_id"":""8efb4435-15bf-4bc6-5ce5-39e14e45255f"",""yes_price_dollars"":""0.4600""}"
KXBTC15M-26APR272015-15,84fa2790-78ac-7084-1ecc-77d52cbd5824,1777334431,0.45,1.0,no,"{""count_fp"":""1.00"",""created_time"":""2026-04-28T00:00:31.091568Z"",""no_price_dollars"":""0.5500"",""taker_side"":""no"",""ticker"":""KXBTC15M-26APR272015-15"",""trade_id"":""84fa2790-78ac-7084-1ecc-77d52cbd5824"",""yes_price_dollars"":""0.4500""}"
KXBTC15M-26APR272015-15,d891b9d7-069e-4f2d-bbfe-0959b83c9712,1777334432,0.46,4.1,yes,"{""count_fp"":""4.10"",""created_time"":""2026-04-28T00:00:32.489688Z"",""no_price_dollars"":""0.5400"",""taker_side"":""yes"",""ticker"":""KXBTC15M-26APR272015-15"",""trade_id"":""d891b9d7-069e-4f2d-bbfe-0959b83c9712"",""yes_price_dollars"":""0.4600""}"
KXBTC15M-26APR272015-15,b020a711-571a-6c22-9913-9ea461d357f9,1777334432,0.45,0.64,no,"{""count_fp"":""0.64"",""created_time"":""2026-04-28T00:00:32.405199Z"",""no_price_dollars"":""0.5500"",""taker_side"":""no"",""ticker"":""KXBTC15M-26APR272015-15"",""trade_id"":""b020a711-571a-6c22-9913-9ea461d357f9"",""yes_price_dollars"":""0.4500""}"
KXBTC15M-26APR272015-15,a668a317-6c67-6da2-8956-1ee46d7c9773,1777334432,0.45,7.36,no,"{""count_fp"":""7.36"",""created_time"":""2026-04-28T00:00:32.405199Z"",""no_price_dollars"":""0.5500"",""taker_side"":""no"",""ticker"":""KXBTC15M-26APR272015-15"",""trade_id"":""a668a317-6c67-6da2-8956-1ee46d7c9773"",""yes_price_dollars"":""0.4500""}"
KXBTC15M-26APR272015-15,a0affd7a-2c42-7c29-229d-d78e4394cbaa,1777334432,0.46,40.44,yes,"{""count_fp"":""40.44"",""created_time"":""2026-04-28T00:00:32.352164Z"",""no_price_dollars"":""0.5400"",""taker_side"":""yes"",""ticker"":""KXBTC15M-26APR272015-15"",""trade_id"":""a0affd7a-2c42-7c29-229d-d78e4394cbaa"",""yes_price_dollars"":""0.4600""}"
KXBTC15M-26APR272015-15,61a72646-62d2-77fd-38ed-e8a92ce2c061,1777334432,0.46,0.59,yes,"{""count_fp"":""0.59"",""created_time"":""2026-04-28T00:00:32.352164Z"",""no_price_dollars"":""0.5400"",""taker_side"":""yes"",""ticker"":""KXBTC15M-26APR272015-15"",""trade_id"":""61a72646-62d2-77fd-38ed-e8a92ce2c061"",""yes_price_dollars"":""0.4600""}"
KXBTC15M-26APR272015-15,ce5bf448-8614-693d-f9a0-0e56c01b8fa9,1777334433,0.43,400.0,no,"{""count_fp"":""400.00"",""created_time"":""2026-04-28T00:00:33.913123Z"",""no_price_dollars"":""0.5700"",""taker_side"":""no"",""ticker"":""KXBTC15M-26APR272015-15"",""trade_id"":""ce5bf448-8614-693d-f9a0-0e56c01b8fa9"",""yes_price_dollars"":""0.4300""}"
KXBTC15M-26APR272015-15,c74a9174-8615-6d78-fd8d-024d05fef6ff,1777334433,0.43,3.0,no,"{""count_fp"":""3.00"",""created_time"":""2026-04-28T00:00:33.913123Z"",""no_price_dollars"":""0.5700"",""taker_side"":""no"",""ticker"":""KXBTC15M-26APR272015-15"",""trade_id"":""c74a9174-8615-6d78-fd8d-024d05fef6ff"",""yes_price_dollars"":""0.4300""}"
KXBTC15M-26APR272015-15,829b06d6-c06f-6676-db12-bc9cc9eb3e1c,1777334433,0.43,10.0,no,"{""count_fp"":""10.00"",""created_time"":""2026-04-28T00:00:33.913123Z"",""no_price_dollars"":""0.5700"",""taker_side"":""no"",""ticker"":""KXBTC15M-26APR272015-15"",""trade_id"":""829b06d6-c06f-6676-db12-bc9cc9eb3e1c"",""yes_price_dollars"":""0.4300""}"
KXBTC15M-26APR272015-15,6e2cde98-60c7-6a32-de80-ec6e3097a63d,1777334433,0.43,3.0,no,"{""count_fp"":""3.00"",""created_time"":""2026-04-28T00:00:33.913123Z"",""no_price_dollars"":""0.5700"",""taker_side"":""no"",""ticker"":""KXBTC15M-26APR272015-15"",""trade_id"":""6e2cde98-60c7-6a32-de80-ec6e3097a63d"",""yes_price_dollars"":""0.4300""}"
