ticker,trade_id,ts,yes_price,count,taker_side,raw_json
KXBTC15M-26APR272045-45,0ca3f1ef-fa48-613c-ae31-8a6d85146269,1777336200,0.51,1.0,no,"{""count_fp"":""1.00"",""created_time"":""2026-04-28T00:30:00.845303Z"",""no_price_dollars"":""0.4900"",""taker_side"":""no"",""ticker"":""KXBTC15M-26APR272045-45"",""trade_id"":""0ca3f1ef-fa48-613c-ae31-8a6d85146269"",""yes_price_dollars"":""0.5100""}"
KXBTC15M-26APR272045-45,24014918-1a6d-65ea-f4ad-e68919e666ae,1777336200,0.5,30.0,yes,"{""count_fp"":""30.00"",""created_time"":""2026-04-28T00:30:00.656543Z"",""no_price_dollars"":""0.5000"",""taker_side"":""yes"",""ticker"":""KXBTC15M-26APR272045-45"",""trade_id"":""24014918-1a6d-65ea-f4ad-e68919e666ae"",""yes_price_dollars"":""0.5000""}"
KXBTC15M-26APR272045-45,b781a8b5-07f0-75fc-d56f-02a18b620c47,1777336200,0.49,100.0,yes,"{""count_fp"":""100.00"",""created_time"":""2026-04-28T00:30:00.480147Z"",""no_price_dollars"":""0.5100"",""taker_side"":""yes"",""ticker"":""KXBTC15M-26APR272045-45"",""trade_id"":""b781a8b5-07f0-75fc-d56f-02a18b620c47"",""yes_price_dollars"":""0.4900""}"
KXBTC15M-26APR272045-45,5bcea8f3-9d65-7aba-ff54-5b2e9190f116,1777336200,0.5,70.0,yes,"{""count_fp"":""70.00"",""created_time"":""2026-04-28T00:30:00.480147Z"",""no_price_dollars"":""0.5000"",""taker_side"":""yes"",""ticker"":""KXBTC15M-26APR272045-45"",""trade_id"":""5bcea8f3-9d65-7aba-ff54-5b2e9190f116"",""yes_price_dollars"":""0.5000""}"
KXBTC15M-26APR272045-45,2d034313-d8fd-7f08-f54d-f41675d841fd,1777336200,0.49,30.0,yes,"{""count_fp"":""30.00"",""created_time"":""2026-04-28T00:30:00.480147Z"",""no_price_dollars"":""0.5100"",""taker_side"":""yes"",""ticker"":""KXBTC15M-26APR272045-45"",""trade_id"":""2d034313-d8fd-7f08-f54d-f41675d841fd"",""yes_price_dollars"":""0.4900""}"
KXBTC15M-26APR272045-45,f201ac6a-0de7-7fea-c170-c0a03636df75,1777336201,0.51,56.0,no,"{""count_fp"":""56.00"",""created_time"":""2026-04-28T00:30:01.609073Z"",""no_price_dollars"":""0.4900"",""taker_side"":""no"",""ticker"":""KXBTC15M-26APR272045-45"",""trade_id"":""f201ac6a-0de7-7fea-c170-c0a03636df75"",""yes_price_dollars"":""0.5100""}"
KXBTC15M-26APR272045-45,5d37cccd-9eb2-762f-e833-6dc5268f433f,1777336201,0.5,51.0,no,"{""count_fp"":""51.00"",""created_time"":""2026-04-28T00:30:01.609073Z"",""no_price_dollars"":""0.5000"",""taker_side"":""no"",""ticker"":""KXBTC15M-26APR272045-45"",""trade_id"":""5d37cccd-9eb2-762f-e833-6dc5268f433f"",""yes_price_dollars"":""0.5000""}"
KXBTC15M-26APR272045-45,0fb76bd2-71a4-7b1c-f887-df0b1d0bcc29,1777336201,0.51,13.0,no,"{""count_fp"":""13.00"",""created_time"":""2026-04-28T00:30:01.609073Z"",""no_price_dollars"":""0.4900"",""taker_side"":""no"",""ticker"":""KXBTC15M-26APR272045-45"",""trade_id"":""0fb76bd2-71a4-7b1c-f887-df0b1d0bcc29"",""yes_price_dollars"":""0.5100""}"
KXBTC15M-26APR272045-45,b67a6004-9382-6f47-0971-e56fef45bb13,1777336202,0.5,10.0,no,"{""count_fp"":""10.00"",""created_time"":""2026-04-28T00:30:02.777208Z"",""no_price_dollars"":""0.5000"",""taker_side"":""no"",""ticker"":""KXBTC15M-26APR272045-45"",""trade_id"":""b67a6004-9382-6f47-0971-e56fef45bb13"",""yes_price_dollars"":""0.5000""}"
KXBTC15M-26APR272045-45,dd96ad4c-1399-7237-eca0-fcb0f54bdeee,1777336203,0.54,1.0,yes,"{""count_fp"":""1.00"",""created_time"":""2026-04-28T00:30:03.899418Z"",""no_price_dollars"":""0.4600"",""taker_side"":""yes"",""ticker"":""KXBTC15M-26APR272045-45"",""trade_id"":""dd96ad4c-1399-7237-eca0-fcb0f54bdeee"",""yes_price_dollars"":""0.5400""}"
KXBTC15M-26APR272045-45,9e7d3948-f2bb-741c-c142-be1fc4f4290b,1777336203,0.54,1.0,yes,"{""count_fp"":""1.00"",""created_time"":""2026-04-28T00:30:03.899418Z"",""no_price_dollars"":""0.4600"",""taker_side"":""yes"",""ticker"":""KXBTC15M-26APR272045-45"",""trade_id"":""9e7d3948-f2bb-741c-c142-be1fc4f4290b"",""yes_price_dollars"":""0.5400""}"
KXBTC15M-26APR272045-45,b4779910-ccc2-62ff-4277-c7032cfbc79b,1777336203,0.5,5.0,no,"{""count_fp"":""5.00"",""created_time"":""2026-04-28T00:30:03.832652Z"",""no_price_dollars"":""0.5000"",""taker_side"":""no"",""ticker"":""KXBTC15M-26APR272045-45"",""trade_id"":""b4779910-ccc2-62ff-4277-c7032cfbc79b"",""yes_price_dollars"":""0.5000""}"
KXBTC15M-26APR272045-45,ed295248-27b1-56ae-62aa-58ba759c4440,1777336204,0.52,3.0,no,"{""count_fp"":""3.00"",""created_time"":""2026-04-28T00:30:04.878403Z"",""no_price_dollars"":""0.4800"",""taker_side"":""no"",""ticker"":""KXBTC15M-26APR272045-45"",""trade_id"":""ed295248-27b1-56ae-62aa-58ba759c4440"",""yes_price_dollars"":""0.5200""}"
KXBTC15M-26APR272045-45,a605644d-12b3-5477-74d4-55464f798531,1777336204,0.52,3.0,no,"{""count_fp"":""3.00"",""created_time"":""2026-04-28T00:30:04.878403Z"",""no_price_dollars"":""0.4800"",""taker_side"":""no"",""ticker"":""KXBTC15M-26APR272045-45"",""trade_id"":""a605644d-12b3-5477-74d4-55464f798531"",""yes_price_dollars"":""0.5200""}"
KXBTC15M-26APR272045-45,7264a3db-bc28-52e9-4693-9a7090d06ce2,1777336204,0.52,5.0,no,"{""count_fp"":""5.00"",""created_time"":""2026-04-28T00:30:04.878403Z"",""no_price_dollars"":""0.4800"",""taker_side"":""no"",""ticker"":""KXBTC15M-26APR272045-45"",""trade_id"":""7264a3db-bc28-52e9-4693-9a7090d06ce2"",""yes_price_dollars"":""0.5200""}"
KXBTC15M-26APR272045-45,4a58822d-87a3-5634-4a32-262573af6ae8,1777336204,0.51,11.64,no,"{""count_fp"":""11.64"",""created_time"":""2026-04-28T00:30:04.878403Z"",""no_price_dollars"":""0.4900"",""taker_side"":""no"",""ticker"":""KXBTC15M-26APR272045-45"",""trade_id"":""4a58822d-87a3-5634-4a32-262573af6ae8"",""yes_price_dollars"":""0.5100""}"
KXBTC15M-26APR272045-45,443fd126-881c-50a5-5c50-60b012f60292,1777336204,0.52,9.0,no,"{""count_fp"":""9.00"",""created_time"":""2026-04-28T00:30:04.878403Z"",""no_price_dollars"":""0.4800"",""taker_side"":""no"",""ticker"":""KXBTC15M-26APR272045-45"",""trade_id"":""443fd126-881c-50a5-5c50-60b012f60292"",""yes_price_dollars"":""0.5200""}"
KXBTC15M-26APR272045-45,0c52d31d-6736-502d-431c-dbd98fe89632,1777336204,0.52,5.0,no,"{""count_fp"":""5.00"",""created_time"":""2026-04-28T00:30:04.878403Z"",""no_price_dollars"":""0.4800"",""taker_side"":""no"",""ticker"":""KXBTC15M-26APR272045-45"",""trade_id"":""0c52d31d-6736-502d-431c-dbd98fe89632"",""yes_price_dollars"":""0.5200""}"
KXBTC15M-26APR272045-45,09ce7fb9-112d-5d55-7b4d-faf499943803,1777336204,0.54,2.0,no,"{""count_fp"":""2.00"",""created_time"":""2026-04-28T00:30:04.878403Z"",""no_price_dollars"":""0.4600"",""taker_side"":""no"",""ticker"":""KXBTC15M-26APR272045-45"",""trade_id"":""09ce7fb9-112d-5d55-7b4d-faf499943803"",""yes_price_dollars"":""0.5400""}"
KXBTC15M-26APR272045-45,e255a513-b0c0-7823-010b-7c0b2fc00f9f,1777336204,0.55,0.89,yes,"{""count_fp"":""0.89"",""created_time"":""2026-04-28T00:30:04.862876Z"",""no_price_dollars"":""0.4500"",""taker_side"":""yes"",""ticker"":""KXBTC15M-26APR272045-45"",""trade_id"":""e255a513-b0c0-7823-010b-7c0b2fc00f9f"",""yes_price_dollars"":""0.5500""}"
KXBTC15M-26APR272045-45,f85526ea-3830-4318-46c5-86fb8ed16cd6,1777336204,0.54,10.0,yes,"{""count_fp"":""10.00"",""created_time"":""2026-04-28T00:30:04.203973Z"",""no_price_dollars"":""0.4600"",""taker_side"":""yes"",""ticker"":""KXBTC15M-26APR272045-45"",""trade_id"":""f85526ea-3830-4318-46c5-86fb8ed16cd6"",""yes_price_dollars"":""0.5400""}"
KXBTC15M-26APR272045-45,ed138461-7b89-4291-7c17-067f9db00baa,1777336204,0.54,1.0,yes,"{""count_fp"":""1.00"",""created_time"":""2026-04-28T00:30:04.203973Z"",""no_price_dollars"":""0.4600"",""taker_side"":""yes"",""ticker"":""KXBTC15M-26APR272045-45"",""trade_id"":""ed138461-7b89-4291-7c17-067f9db00baa"",""yes_price_dollars"":""0.5400""}"
KXBTC15M-26APR272045-45,c771f097-3357-457c-513f-8b75124c29e3,1777336204,0.53,56.0,yes,"{""count_fp"":""56.00"",""created_time"":""2026-04-28T00:30:04.203973Z"",""no_price_dollars"":""0.4700"",""taker_side"":""yes"",""ticker"":""KXBTC15M-26APR272045-45"",""trade_id"":""c771f097-3357-457c-513f-8b75124c29e3"",""yes_price_dollars"":""0.5300""}"
KXBTC15M-26APR272045-45,28a67b8a-8bf4-410f-66ff-f8c6f68e9af2,1777336204,0.54,1.0,yes,"{""count_fp"":""1.00"",""created_time"":""2026-04-28T00:30:04.203973Z"",""no_price_dollars"":""0.4600"",""taker_side"":""yes"",""ticker"":""KXBTC15M-26APR272045-45"",""trade_id"":""28a67b8a-8bf4-410f-66ff-f8c6f68e9af2"",""yes_price_dollars"":""0.5400""}"
KXBTC15M-26APR272045-45,0d002307-6a01-475f-7216-512ebc14cc6e,1777336204,0.54,41.0,yes,"{""count_fp"":""41.00"",""created_time"":""2026-04-28T00:30:04.203973Z"",""no_price_dollars"":""0.4600"",""taker_side"":""yes"",""ticker"":""KXBTC15M-26APR272045-45"",""trade_id"":""0d002307-6a01-475f-7216-512ebc14cc6e"",""yes_price_dollars"":""0.5400""}"
KXBTC15M-26APR272045-45,c9f7a353-fbe6-499f-5044-6e9e42a7a0a0,1777336205,0.47,9.0,no,"{""count_fp"":""9.00"",""created_time"":""2026-04-28T00:30:05.937861Z"",""no_price_dollars"":""0.5300"",""taker_side"":""no"",""ticker"":""KXBTC15M-26APR272045-45"",""trade_id"":""c9f7a353-fbe6-499f-5044-6e9e42a7a0a0"",""yes_price_dollars"":""0.4700""}"
KXBTC15M-26APR272045-45,847dc7ce-b4dc-433b-0db7-cab1a2335253,1777336205,0.49,1.0,yes,"{""count_fp"":""1.00"",""created_time"":""2026-04-28T00:30:05.617822Z"",""no_price_dollars"":""0.5100"",""taker_side"":""yes"",""ticker"":""KXBTC15M-26APR272045-45"",""trade_id"":""847dc7ce-b4dc-433b-0db7-cab1a2335253"",""yes_price_dollars"":""0.4900""}"
KXBTC15M-26APR272045-45,6490de2d-0219-6c96-3e58-de136eab7fc7,1777336205,0.48,1.0,no,"{""count_fp"":""1.00"",""created_time"":""2026-04-28T00:30:05.480916Z"",""no_price_dollars"":""0.5200"",""taker_side"":""no"",""ticker"":""KXBTC15M-26APR272045-45"",""trade_id"":""6490de2d-0219-6c96-3e58-de136eab7fc7"",""yes_price_dollars"":""0.4800""}"
KXBTC15M-26APR272045-45,c1e7b9c3-2c46-4883-bede-567c50944e8f,1777336205,0.5,4.0,no,"{""count_fp"":""4.00"",""created_time"":""2026-04-28T00:30:05.325769Z"",""no_price_dollars"":""0.5000"",""taker_side"":""no"",""ticker"":""KXBTC15M-26APR272045-45"",""trade_id"":""c1e7b9c3-2c46-4883-bede-567c50944e8f"",""yes_price_dollars"":""0.5000""}"
KXBTC15M-26APR272045-45,b71f1991-ed77-4800-a193-5838d0a99f40,1777336205,0.5,16.36,no,"{""count_fp"":""16.36"",""created_time"":""2026-04-28T00:30:05.325769Z"",""no_price_dollars"":""0.5000"",""taker_side"":""no"",""ticker"":""KXBTC15M-26APR272045-45"",""trade_id"":""b71f1991-ed77-4800-a193-5838d0a99f40"",""yes_price_dollars"":""0.5000""}"
KXBTC15M-26APR272045-45,9658bd67-1f36-4c8b-a128-69b6dfcadb49,1777336205,0.5,10.0,no,"{""count_fp"":""10.00"",""created_time"":""2026-04-28T00:30:05.325769Z"",""no_price_dollars"":""0.5000"",""taker_side"":""no"",""ticker"":""KXBTC15M-26APR272045-45"",""trade_id"":""9658bd67-1f36-4c8b-a128-69b6dfcadb49"",""yes_price_dollars"":""0.5000""}"
KXBTC15M-26APR272045-45,4564c4ff-887d-516a-6660-52f9d1cf8f1a,1777336206,0.48,8.58,yes,"{""count_fp"":""8.58"",""created_time"":""2026-04-28T00:30:06.159808Z"",""no_price_dollars"":""0.5200"",""taker_side"":""yes"",""ticker"":""KXBTC15M-26APR272045-45"",""trade_id"":""4564c4ff-887d-516a-6660-52f9d1cf8f1a"",""yes_price_dollars"":""0.4800""}"
KXBTC15M-26APR272045-45,bacc0cf8-5235-7fe2-2761-79a850b9185a,1777336206,0.48,8.81,yes,"{""count_fp"":""8.81"",""created_time"":""2026-04-28T00:30:06.000644Z"",""no_price_dollars"":""0.5200"",""taker_side"":""yes"",""ticker"":""KXBTC15M-26APR272045-45"",""trade_id"":""bacc0cf8-5235-7fe2-2761-79a850b9185a"",""yes_price_dollars"":""0.4800""}"
KXBTC15M-26APR272045-45,ec85d4bf-7649-6671-7349-84e2ce56b733,1777336208,0.51,24.39,no,"{""count_fp"":""24.39"",""created_time"":""2026-04-28T00:30:08.978182Z"",""no_price_dollars"":""0.4900"",""taker_side"":""no"",""ticker"":""KXBTC15M-26APR272045-45"",""trade_id"":""ec85d4bf-7649-6671-7349-84e2ce56b733"",""yes_price_dollars"":""0.5100""}"
KXBTC15M-26APR272045-45,d8fcd049-18b7-6b96-4129-8484a5aa4b82,1777336208,0.48,11.27,no,"{""count_fp"":""11.27"",""created_time"":""2026-04-28T00:30:08.978182Z"",""no_price_dollars"":""0.5200"",""taker_side"":""no"",""ticker"":""KXBTC15M-26APR272045-45"",""trade_id"":""d8fcd049-18b7-6b96-4129-8484a5aa4b82"",""yes_price_dollars"":""0.4800""}"
KXBTC15M-26APR272045-45,b90ba998-f7c9-6592-4915-6c0b6b4d42a9,1777336208,0.48,10.0,no,"{""count_fp"":""10.00"",""created_time"":""2026-04-28T00:30:08.978182Z"",""no_price_dollars"":""0.5200"",""taker_side"":""no"",""ticker"":""KXBTC15M-26APR272045-45"",""trade_id"":""b90ba998-f7c9-6592-4915-6c0b6b4d42a9"",""yes_price_dollars"":""0.4800""}"
KXBTC15M-26APR272045-45,b2360b9e-da09-76d7-2538-13052e42b6c4,1777336208,0.48,10.0,no,"{""count_fp"":""10.00"",""created_time"":""2026-04-28T00:30:08.166902Z"",""no_price_dollars"":""0.5200"",""taker_side"":""no"",""ticker"":""KXBTC15M-26APR272045-45"",""trade_id"":""b2360b9e-da09-76d7-2538-13052e42b6c4"",""yes_price_dollars"":""0.4800""}"
KXBTC15M-26APR272045-45,14145056-21ee-7a4f-36f9-c4973e1c96e0,1777336208,0.47,35.66,no,"{""count_fp"":""35.66"",""created_time"":""2026-04-28T00:30:08.166902Z"",""no_price_dollars"":""0.5300"",""taker_side"":""no"",""ticker"":""KXBTC15M-26APR272045-45"",""trade_id"":""14145056-21ee-7a4f-36f9-c4973e1c96e0"",""yes_price_dollars"":""0.4700""}"
KXBTC15M-26APR272045-45,8dd5bade-52cf-6b2d-63aa-5ab1ef1786d1,1777336209,0.54,24.26,yes,"{""count_fp"":""24.26"",""created_time"":""2026-04-28T00:30:09.349163Z"",""no_price_dollars"":""0.4600"",""taker_side"":""yes"",""ticker"":""KXBTC15M-26APR272045-45"",""trade_id"":""8dd5bade-52cf-6b2d-63aa-5ab1ef1786d1"",""yes_price_dollars"":""0.5400""}"
KXBTC15M-26APR272045-45,65c2f8e0-9d90-6722-5e18-a581fbf6d4e4,1777336209,0.53,17.0,yes,"{""count_fp"":""17.00"",""created_time"":""2026-04-28T00:30:09.349163Z"",""no_price_dollars"":""0.4700"",""taker_side"":""yes"",""ticker"":""KXBTC15M-26APR272045-45"",""trade_id"":""65c2f8e0-9d90-6722-5e18-a581fbf6d4e4"",""yes_price_dollars"":""0.5300""}"
KXBTC15M-26APR272045-45,426c5c27-293f-7c9b-8a01-18c41a33e460,1777336209,0.53,282.17,yes,"{""count_fp"":""282.17"",""created_time"":""2026-04-28T00:30:09.112209Z"",""no_price_dollars"":""0.4700"",""taker_side"":""yes"",""ticker"":""KXBTC15M-26APR272045-45"",""trade_id"":""426c5c27-293f-7c9b-8a01-18c41a33e460"",""yes_price_dollars"":""0.5300""}"
KXBTC15M-26APR272045-45,4ef7abff-ea34-792e-8274-b34c6a30f600,1777336210,0.52,117.0,no,"{""count_fp"":""117.00"",""created_time"":""2026-04-28T00:30:10.954332Z"",""no_price_dollars"":""0.4800"",""taker_side"":""no"",""ticker"":""KXBTC15M-26APR272045-45"",""trade_id"":""4ef7abff-ea34-792e-8274-b34c6a30f600"",""yes_price_dollars"":""0.5200""}"
KXBTC15M-26APR272045-45,fac4ec03-e0a1-58a0-21e9-a0bcc61735bf,1777336210,0.53,5.38,yes,"{""count_fp"":""5.38"",""created_time"":""2026-04-28T00:30:10.862677Z"",""no_price_dollars"":""0.4700"",""taker_side"":""yes"",""ticker"":""KXBTC15M-26APR272045-45"",""trade_id"":""fac4ec03-e0a1-58a0-21e9-a0bcc61735bf"",""yes_price_dollars"":""0.5300""}"
KXBTC15M-26APR272045-45,61352748-a3b8-7594-2cab-862a6af23833,1777336211,0.52,17.71,yes,"{""count_fp"":""17.71"",""created_time"":""2026-04-28T00:30:11.587543Z"",""no_price_dollars"":""0.4800"",""taker_side"":""yes"",""ticker"":""KXBTC15M-26APR272045-45"",""trade_id"":""61352748-a3b8-7594-2cab-862a6af23833"",""yes_price_dollars"":""0.5200""}"
KXBTC15M-26APR272045-45,bda44cda-a510-78f8-3e74-582a0cb92f57,1777336211,0.52,5.0,yes,"{""count_fp"":""5.00"",""created_time"":""2026-04-28T00:30:11.517532Z"",""no_price_dollars"":""0.4800"",""taker_side"":""yes"",""ticker"":""KXBTC15M-26APR272045-45"",""trade_id"":""bda44cda-a510-78f8-3e74-582a0cb92f57"",""yes_price_dollars"":""0.5200""}"
KXBTC15M-26APR272045-45,a7e2e691-3a17-601b-e8ef-16092adcd22b,1777336211,0.52,22.15,yes,"{""count_fp"":""22.15"",""created_time"":""2026-04-28T00:30:11.434457Z"",""no_price_dollars"":""0.4800"",""taker_side"":""yes"",""ticker"":""KXBTC15M-26APR272045-45"",""trade_id"":""a7e2e691-3a17-601b-e8ef-16092adcd22b"",""yes_price_dollars"":""0.5200""}"
KXBTC15M-26APR272045-45,9557a805-c535-690a-e20f-e797e925d6ac,1777336211,0.51,3.0,yes,"{""count_fp"":""3.00"",""created_time"":""2026-04-28T00:30:11.434457Z"",""no_price_dollars"":""0.4900"",""taker_side"":""yes"",""ticker"":""KXBTC15M-26APR272045-45"",""trade_id"":""9557a805-c535-690a-e20f-e797e925d6ac"",""yes_price_dollars"":""0.5100""}"
KXBTC15M-26APR272045-45,23c1c697-1f1e-6a13-d153-096af8dc0050,1777336211,0.51,19.0,yes,"{""count_fp"":""19.00"",""created_time"":""2026-04-28T00:30:11.434457Z"",""no_price_dollars"":""0.4900"",""taker_side"":""yes"",""ticker"":""KXBTC15M-26APR272045-45"",""trade_id"":""23c1c697-1f1e-6a13-d153-096af8dc0050"",""yes_price_dollars"":""0.5100""}"
KXBTC15M-26APR272045-45,bc8bf838-0e8d-7238-99c9-6b1a2dc57dcd,1777336211,0.51,38.14,no,"{""count_fp"":""38.14"",""created_time"":""2026-04-28T00:30:11.012275Z"",""no_price_dollars"":""0.4900"",""taker_side"":""no"",""ticker"":""KXBTC15M-26APR272045-45"",""trade_id"":""bc8bf838-0e8d-7238-99c9-6b1a2dc57dcd"",""yes_price_dollars"":""0.5100""}"
KXBTC15M-26APR272045-45,e044dc3b-1c32-5822-88f1-806169834560,1777336212,0.53,5.88,yes,"{""count_fp"":""5.88"",""created_time"":""2026-04-28T00:30:12.816073Z"",""no_price_dollars"":""0.4700"",""taker_side"":""yes"",""ticker"":""KXBTC15M-26APR272045-45"",""trade_id"":""e044dc3b-1c32-5822-88f1-806169834560"",""yes_price_dollars"":""0.5300""}"
KXBTC15M-26APR272045-45,93f21e9a-6a63-5020-89d7-9ce30d3e4ef6,1777336212,0.51,14.0,yes,"{""count_fp"":""14.00"",""created_time"":""2026-04-28T00:30:12.816073Z"",""no_price_dollars"":""0.4900"",""taker_side"":""yes"",""ticker"":""KXBTC15M-26APR272045-45"",""trade_id"":""93f21e9a-6a63-5020-89d7-9ce30d3e4ef6"",""yes_price_dollars"":""0.5100""}"
KXBTC15M-26APR272045-45,9268fd86-dbc5-518c-9532-cf67ae87649a,1777336212,0.51,3.0,yes,"{""count_fp"":""3.00"",""created_time"":""2026-04-28T00:30:12.816073Z"",""no_price_dollars"":""0.4900"",""taker_side"":""yes"",""ticker"":""KXBTC15M-26APR272045-45"",""trade_id"":""9268fd86-dbc5-518c-9532-cf67ae87649a"",""yes_price_dollars"":""0.5100""}"
KXBTC15M-26APR272045-45,64f518e0-2580-5208-a984-1b56af429126,1777336212,0.52,10.0,yes,"{""count_fp"":""10.00"",""created_time"":""2026-04-28T00:30:12.816073Z"",""no_price_dollars"":""0.4800"",""taker_side"":""yes"",""ticker"":""KXBTC15M-26APR272045-45"",""trade_id"":""64f518e0-2580-5208-a984-1b56af429126"",""yes_price_dollars"":""0.5200""}"
KXBTC15M-26APR272045-45,50d9fcc9-6bc1-5fd7-9a8a-97251d795cfa,1777336212,0.51,56.0,yes,"{""count_fp"":""56.00"",""created_time"":""2026-04-28T00:30:12.816073Z"",""no_price_dollars"":""0.4900"",""taker_side"":""yes"",""ticker"":""KXBTC15M-26APR272045-45"",""trade_id"":""50d9fcc9-6bc1-5fd7-9a8a-97251d795cfa"",""yes_price_dollars"":""0.5100""}"
KXBTC15M-26APR272045-45,46c00dcc-1e62-5c56-0f54-0d84314ac74b,1777336213,0.46,47.13,no,"{""count_fp"":""47.13"",""created_time"":""2026-04-28T00:30:13.553338Z"",""no_price_dollars"":""0.5400"",""taker_side"":""no"",""ticker"":""KXBTC15M-26APR272045-45"",""trade_id"":""46c00dcc-1e62-5c56-0f54-0d84314ac74b"",""yes_price_dollars"":""0.4600""}"
KXBTC15M-26APR272045-45,12ebbe4e-9a23-5b55-0bcd-c7e182ee87ee,1777336213,0.46,58.87,no,"{""count_fp"":""58.87"",""created_time"":""2026-04-28T00:30:13.553338Z"",""no_price_dollars"":""0.5400"",""taker_side"":""no"",""ticker"":""KXBTC15M-26APR272045-45"",""trade_id"":""12ebbe4e-9a23-5b55-0bcd-c7e182ee87ee"",""yes_price_dollars"":""0.4600""}"
KXBTC15M-26APR272045-45,6ebe92e8-09c8-642d-9767-a87e8af5c6e5,1777336213,0.48,25.0,yes,"{""count_fp"":""25.00"",""created_time"":""2026-04-28T00:30:13.523046Z"",""no_price_dollars"":""0.5200"",""taker_side"":""yes"",""ticker"":""KXBTC15M-26APR272045-45"",""trade_id"":""6ebe92e8-09c8-642d-9767-a87e8af5c6e5"",""yes_price_dollars"":""0.4800""}"
KXBTC15M-26APR272045-45,b1d83fa6-ad40-5e3c-d9dd-93c2de34d42a,1777336213,0.46,100.0,no,"{""count_fp"":""100.00"",""created_time"":""2026-04-28T00:30:13.416248Z"",""no_price_dollars"":""0.5400"",""taker_side"":""no"",""ticker"":""KXBTC15M-26APR272045-45"",""trade_id"":""b1d83fa6-ad40-5e3c-d9dd-93c2de34d42a"",""yes_price_dollars"":""0.4600""}"
KXBTC15M-26APR272045-45,98fdf8a6-b47f-5f28-fc84-31d8c16dbdb6,1777336213,0.46,1.0,no,"{""count_fp"":""1.00"",""created_time"":""2026-04-28T00:30:13.416248Z"",""no_price_dollars"":""0.5400"",""taker_side"":""no"",""ticker"":""KXBTC15M-26APR272045-45"",""trade_id"":""98fdf8a6-b47f-5f28-fc84-31d8c16dbdb6"",""yes_price_dollars"":""0.4600""}"
KXBTC15M-26APR272045-45,58455fd3-e33a-5c8e-da81-196632ad8aa7,1777336213,0.46,72.87,no,"{""count_fp"":""72.87"",""created_time"":""2026-04-28T00:30:13.416248Z"",""no_price_dollars"":""0.5400"",""taker_side"":""no"",""ticker"":""KXBTC15M-26APR272045-45"",""trade_id"":""58455fd3-e33a-5c8e-da81-196632ad8aa7"",""yes_price_dollars"":""0.4600""}"
KXBTC15M-26APR272045-45,3f69a7ec-abda-5717-f4db-76431d856670,1777336213,0.47,55.34,no,"{""count_fp"":""55.34"",""created_time"":""2026-04-28T00:30:13.414912Z"",""no_price_dollars"":""0.5300"",""taker_side"":""no"",""ticker"":""KXBTC15M-26APR272045-45"",""trade_id"":""3f69a7ec-abda-5717-f4db-76431d856670"",""yes_price_dollars"":""0.4700""}"
KXBTC15M-26APR272045-45,f6582300-7da8-795f-d215-87be52fddfac,1777336213,0.48,3.0,no,"{""count_fp"":""3.00"",""created_time"":""2026-04-28T00:30:13.315579Z"",""no_price_dollars"":""0.5200"",""taker_side"":""no"",""ticker"":""KXBTC15M-26APR272045-45"",""trade_id"":""f6582300-7da8-795f-d215-87be52fddfac"",""yes_price_dollars"":""0.4800""}"
KXBTC15M-26APR272045-45,9a7053b6-fcb1-78c3-f033-b94a84472099,1777336213,0.49,29.0,no,"{""count_fp"":""29.00"",""created_time"":""2026-04-28T00:30:13.315579Z"",""no_price_dollars"":""0.5100"",""taker_side"":""no"",""ticker"":""KXBTC15M-26APR272045-45"",""trade_id"":""9a7053b6-fcb1-78c3-f033-b94a84472099"",""yes_price_dollars"":""0.4900""}"
KXBTC15M-26APR272045-45,15f21ad0-ad82-6afa-f6c4-e1fe5f9cb694,1777336214,0.48,6.03,yes,"{""count_fp"":""6.03"",""created_time"":""2026-04-28T00:30:14.671438Z"",""no_price_dollars"":""0.5200"",""taker_side"":""yes"",""ticker"":""KXBTC15M-26APR272045-45"",""trade_id"":""15f21ad0-ad82-6afa-f6c4-e1fe5f9cb694"",""yes_price_dollars"":""0.4800""}"
KXBTC15M-26APR272045-45,fb536abd-55af-67e5-f0e6-03181395b4c2,1777336214,0.47,68.8,no,"{""count_fp"":""68.80"",""created_time"":""2026-04-28T00:30:14.600886Z"",""no_price_dollars"":""0.5300"",""taker_side"":""no"",""ticker"":""KXBTC15M-26APR272045-45"",""trade_id"":""fb536abd-55af-67e5-f0e6-03181395b4c2"",""yes_price_dollars"":""0.4700""}"
KXBTC15M-26APR272045-45,79760285-79fb-6f7f-d438-2bc83c3a308b,1777336214,0.47,3.0,no,"{""count_fp"":""3.00"",""created_time"":""2026-04-28T00:30:14.600886Z"",""no_price_dollars"":""0.5300"",""taker_side"":""no"",""ticker"":""KXBTC15M-26APR272045-45"",""trade_id"":""79760285-79fb-6f7f-d438-2bc83c3a308b"",""yes_price_dollars"":""0.4700""}"
KXBTC15M-26APR272045-45,b54e8e54-8e18-5111-8bc3-51b516c3a50f,1777336214,0.48,23.0,yes,"{""count_fp"":""23.00"",""created_time"":""2026-04-28T00:30:14.124059Z"",""no_price_dollars"":""0.5200"",""taker_side"":""yes"",""ticker"":""KXBTC15M-26APR272045-45"",""trade_id"":""b54e8e54-8e18-5111-8bc3-51b516c3a50f"",""yes_price_dollars"":""0.4800""}"
KXBTC15M-26APR272045-45,3793029f-157e-5d6a-bf3e-c48423f687a8,1777336214,0.48,5.43,yes,"{""count_fp"":""5.43"",""created_time"":""2026-04-28T00:30:14.124059Z"",""no_price_dollars"":""0.5200"",""taker_side"":""yes"",""ticker"":""KXBTC15M-26APR272045-45"",""trade_id"":""3793029f-157e-5d6a-bf3e-c48423f687a8"",""yes_price_dollars"":""0.4800""}"
KXBTC15M-26APR272045-45,47fdcdde-f3db-6489-4615-070ded0f4416,1777336215,0.47,45.66,no,"{""count_fp"":""45.66"",""created_time"":""2026-04-28T00:30:15.863866Z"",""no_price_dollars"":""0.5300"",""taker_side"":""no"",""ticker"":""KXBTC15M-26APR272045-45"",""trade_id"":""47fdcdde-f3db-6489-4615-070ded0f4416"",""yes_price_dollars"":""0.4700""}"
KXBTC15M-26APR272045-45,faa5e0ed-b671-55ea-ef9f-70db0fa9a719,1777336216,0.48,19.53,yes,"{""count_fp"":""19.53"",""created_time"":""2026-04-28T00:30:16.663619Z"",""no_price_dollars"":""0.5200"",""taker_side"":""yes"",""ticker"":""KXBTC15M-26APR272045-45"",""trade_id"":""faa5e0ed-b671-55ea-ef9f-70db0fa9a719"",""yes_price_dollars"":""0.4800""}"
KXBTC15M-26APR272045-45,f1ebabfe-d92f-5fa6-c848-7ba3fb267d72,1777336216,0.48,3.0,yes,"{""count_fp"":""3.00"",""created_time"":""2026-04-28T00:30:16.663619Z"",""no_price_dollars"":""0.5200"",""taker_side"":""yes"",""ticker"":""KXBTC15M-26APR272045-45"",""trade_id"":""f1ebabfe-d92f-5fa6-c848-7ba3fb267d72"",""yes_price_dollars"":""0.4800""}"
KXBTC15M-26APR272045-45,e203bce3-c0e2-5452-e1f8-ad98159085bc,1777336216,0.48,15.75,yes,"{""count_fp"":""15.75"",""created_time"":""2026-04-28T00:30:16.663619Z"",""no_price_dollars"":""0.5200"",""taker_side"":""yes"",""ticker"":""KXBTC15M-26APR272045-45"",""trade_id"":""e203bce3-c0e2-5452-e1f8-ad98159085bc"",""yes_price_dollars"":""0.4800""}"
KXBTC15M-26APR272045-45,578e0fba-7d70-586f-c900-0b4a6584a82c,1777336216,0.48,0.92,yes,"{""count_fp"":""0.92"",""created_time"":""2026-04-28T00:30:16.663619Z"",""no_price_dollars"":""0.5200"",""taker_side"":""yes"",""ticker"":""KXBTC15M-26APR272045-45"",""trade_id"":""578e0fba-7d70-586f-c900-0b4a6584a82c"",""yes_price_dollars"":""0.4800""}"
KXBTC15M-26APR272045-45,42a0a91d-a6e3-5250-d4b3-f9725863c00d,1777336216,0.48,1.0,yes,"{""count_fp"":""1.00"",""created_time"":""2026-04-28T00:30:16.663619Z"",""no_price_dollars"":""0.5200"",""taker_side"":""yes"",""ticker"":""KXBTC15M-26APR272045-45"",""trade_id"":""42a0a91d-a6e3-5250-d4b3-f9725863c00d"",""yes_price_dollars"":""0.4800""}"
KXBTC15M-26APR272045-45,af7a7009-092a-7f02-24fc-8fba6fa53718,1777336216,0.48,12.06,yes,"{""count_fp"":""12.06"",""created_time"":""2026-04-28T00:30:16.660051Z"",""no_price_dollars"":""0.5200"",""taker_side"":""yes"",""ticker"":""KXBTC15M-26APR272045-45"",""trade_id"":""af7a7009-092a-7f02-24fc-8fba6fa53718"",""yes_price_dollars"":""0.4800""}"
KXBTC15M-26APR272045-45,64abdb26-f3d2-74ae-1a51-934ffc25b984,1777336216,0.48,68.34,yes,"{""count_fp"":""68.34"",""created_time"":""2026-04-28T00:30:16.550029Z"",""no_price_dollars"":""0.5200"",""taker_side"":""yes"",""ticker"":""KXBTC15M-26APR272045-45"",""trade_id"":""64abdb26-f3d2-74ae-1a51-934ffc25b984"",""yes_price_dollars"":""0.4800""}"
KXBTC15M-26APR272045-45,2594e104-3b72-7312-59e1-b4c7a5460d9c,1777336216,0.48,3.51,yes,"{""count_fp"":""3.51"",""created_time"":""2026-04-28T00:30:16.387166Z"",""no_price_dollars"":""0.5200"",""taker_side"":""yes"",""ticker"":""KXBTC15M-26APR272045-45"",""trade_id"":""2594e104-3b72-7312-59e1-b4c7a5460d9c"",""yes_price_dollars"":""0.4800""}"
KXBTC15M-26APR272045-45,4a78d4fe-25b9-5324-e40e-af22f3258d10,1777336217,0.48,20.0,yes,"{""count_fp"":""20.00"",""created_time"":""2026-04-28T00:30:17.910641Z"",""no_price_dollars"":""0.5200"",""taker_side"":""yes"",""ticker"":""KXBTC15M-26APR272045-45"",""trade_id"":""4a78d4fe-25b9-5324-e40e-af22f3258d10"",""yes_price_dollars"":""0.4800""}"
KXBTC15M-26APR272045-45,cca05fcd-431f-63a9-99aa-0d54c964538a,1777336217,0.47,2.0,no,"{""count_fp"":""2.00"",""created_time"":""2026-04-28T00:30:17.569847Z"",""no_price_dollars"":""0.5300"",""taker_side"":""no"",""ticker"":""KXBTC15M-26APR272045-45"",""trade_id"":""cca05fcd-431f-63a9-99aa-0d54c964538a"",""yes_price_dollars"":""0.4700""}"
KXBTC15M-26APR272045-45,d507488a-969d-7022-dae6-a817e5992841,1777336217,0.48,200.0,yes,"{""count_fp"":""200.00"",""created_time"":""2026-04-28T00:30:17.236452Z"",""no_price_dollars"":""0.5200"",""taker_side"":""yes"",""ticker"":""KXBTC15M-26APR272045-45"",""trade_id"":""d507488a-969d-7022-dae6-a817e5992841"",""yes_price_dollars"":""0.4800""}"
KXBTC15M-26APR272045-45,97525465-45d9-5d06-3575-5e3d57165065,1777336217,0.48,30.15,yes,"{""count_fp"":""30.15"",""created_time"":""2026-04-28T00:30:17.177808Z"",""no_price_dollars"":""0.5200"",""taker_side"":""yes"",""ticker"":""KXBTC15M-26APR272045-45"",""trade_id"":""97525465-45d9-5d06-3575-5e3d57165065"",""yes_price_dollars"":""0.4800""}"
KXBTC15M-26APR272045-45,0f53fdc2-db0d-79f2-e623-6013216f7159,1777336217,0.48,5.0,yes,"{""count_fp"":""5.00"",""created_time"":""2026-04-28T00:30:17.083584Z"",""no_price_dollars"":""0.5200"",""taker_side"":""yes"",""ticker"":""KXBTC15M-26APR272045-45"",""trade_id"":""0f53fdc2-db0d-79f2-e623-6013216f7159"",""yes_price_dollars"":""0.4800""}"
KXBTC15M-26APR272045-45,1b047fd3-e89b-73d9-bf07-e2c24223fa32,1777336218,0.47,10.94,no,"{""count_fp"":""10.94"",""created_time"":""2026-04-28T00:30:18.942531Z"",""no_price_dollars"":""0.5300"",""taker_side"":""no"",""ticker"":""KXBTC15M-26APR272045-45"",""trade_id"":""1b047fd3-e89b-73d9-bf07-e2c24223fa32"",""yes_price_dollars"":""0.4700""}"
KXBTC15M-26APR272045-45,ac4ba727-6ea5-4e90-b8dc-cfd246417ecc,1777336218,0.48,21.5,yes,"{""count_fp"":""21.50"",""created_time"":""2026-04-28T00:30:18.364653Z"",""no_price_dollars"":""0.5200"",""taker_side"":""yes"",""ticker"":""KXBTC15M-26APR272045-45"",""trade_id"":""ac4ba727-6ea5-4e90-b8dc-cfd246417ecc"",""yes_price_dollars"":""0.4800""}"
KXBTC15M-26APR272045-45,12e93081-b3cd-58fc-6f34-a45227e38ce8,1777336218,0.48,40.0,yes,"{""count_fp"":""40.00"",""created_time"":""2026-04-28T00:30:18.342841Z"",""no_price_dollars"":""0.5200"",""taker_side"":""yes"",""ticker"":""KXBTC15M-26APR272045-45"",""trade_id"":""12e93081-b3cd-58fc-6f34-a45227e38ce8"",""yes_price_dollars"":""0.4800""}"
KXBTC15M-26APR272045-45,94f3447a-c549-4c6c-aab2-3030e1040c34,1777336218,0.48,40.2,yes,"{""count_fp"":""40.20"",""created_time"":""2026-04-28T00:30:18.034981Z"",""no_price_dollars"":""0.5200"",""taker_side"":""yes"",""ticker"":""KXBTC15M-26APR272045-45"",""trade_id"":""94f3447a-c549-4c6c-aab2-3030e1040c34"",""yes_price_dollars"":""0.4800""}"
KXBTC15M-26APR272045-45,8233a5ec-563f-42e9-5eda-300ffc1ca58a,1777336219,0.47,91.33,no,"{""count_fp"":""91.33"",""created_time"":""2026-04-28T00:30:19.533918Z"",""no_price_dollars"":""0.5300"",""taker_side"":""no"",""ticker"":""KXBTC15M-26APR272045-45"",""trade_id"":""8233a5ec-563f-42e9-5eda-300ffc1ca58a"",""yes_price_dollars"":""0.4700""}"
KXBTC15M-26APR272045-45,201223b6-58c7-45e9-64c7-5a6caf18350a,1777336219,0.47,1.82,no,"{""count_fp"":""1.82"",""created_time"":""2026-04-28T00:30:19.307911Z"",""no_price_dollars"":""0.5300"",""taker_side"":""no"",""ticker"":""KXBTC15M-26APR272045-45"",""trade_id"":""201223b6-58c7-45e9-64c7-5a6caf18350a"",""yes_price_dollars"":""0.4700""}"
KXBTC15M-26APR272045-45,376dec72-fd29-418c-ebb8-94ddb0326b88,1777336219,0.48,22.11,yes,"{""count_fp"":""22.11"",""created_time"":""2026-04-28T00:30:19.260677Z"",""no_price_dollars"":""0.5200"",""taker_side"":""yes"",""ticker"":""KXBTC15M-26APR272045-45"",""trade_id"":""376dec72-fd29-418c-ebb8-94ddb0326b88"",""yes_price_dollars"":""0.4800""}"
KXBTC15M-26APR272045-45,5c181296-7499-4920-7bee-e84e91297924,1777336219,0.48,4.0,yes,"{""count_fp"":""4.00"",""created_time"":""2026-04-28T00:30:19.176484Z"",""no_price_dollars"":""0.5200"",""taker_side"":""yes"",""ticker"":""KXBTC15M-26APR272045-45"",""trade_id"":""5c181296-7499-4920-7bee-e84e91297924"",""yes_price_dollars"":""0.4800""}"
KXBTC15M-26APR272045-45,e6c9d52c-dcaf-4a4d-352c-b3628b26566e,1777336219,0.47,26.0,no,"{""count_fp"":""26.00"",""created_time"":""2026-04-28T00:30:19.084545Z"",""no_price_dollars"":""0.5300"",""taker_side"":""no"",""ticker"":""KXBTC15M-26APR272045-45"",""trade_id"":""e6c9d52c-dcaf-4a4d-352c-b3628b26566e"",""yes_price_dollars"":""0.4700""}"
KXBTC15M-26APR272045-45,292c3342-97a3-5bd5-8dbb-86df07bd155a,1777336220,0.47,9.13,no,"{""count_fp"":""9.13"",""created_time"":""2026-04-28T00:30:20.353627Z"",""no_price_dollars"":""0.5300"",""taker_side"":""no"",""ticker"":""KXBTC15M-26APR272045-45"",""trade_id"":""292c3342-97a3-5bd5-8dbb-86df07bd155a"",""yes_price_dollars"":""0.4700""}"
KXBTC15M-26APR272045-45,17f895c6-94e3-4dad-ff4a-4bee6bedad06,1777336220,0.47,0.15,no,"{""count_fp"":""0.15"",""created_time"":""2026-04-28T00:30:20.308072Z"",""no_price_dollars"":""0.5300"",""taker_side"":""no"",""ticker"":""KXBTC15M-26APR272045-45"",""trade_id"":""17f895c6-94e3-4dad-ff4a-4bee6bedad06"",""yes_price_dollars"":""0.4700""}"
KXBTC15M-26APR272045-45,7854d396-3e63-65e9-9422-6239cde6b232,1777336220,0.47,18.26,no,"{""count_fp"":""18.26"",""created_time"":""2026-04-28T00:30:20.300643Z"",""no_price_dollars"":""0.5300"",""taker_side"":""no"",""ticker"":""KXBTC15M-26APR272045-45"",""trade_id"":""7854d396-3e63-65e9-9422-6239cde6b232"",""yes_price_dollars"":""0.4700""}"
KXBTC15M-26APR272045-45,efc42274-77ab-5ae9-715c-ef4cc71cfc42,1777336221,0.47,146.13,no,"{""count_fp"":""146.13"",""created_time"":""2026-04-28T00:30:21.732554Z"",""no_price_dollars"":""0.5300"",""taker_side"":""no"",""ticker"":""KXBTC15M-26APR272045-45"",""trade_id"":""efc42274-77ab-5ae9-715c-ef4cc71cfc42"",""yes_price_dollars"":""0.4700""}"
KXBTC15M-26APR272045-45,43ee6b9f-d5b7-70fd-253b-b3f146a28322,1777336221,0.47,9.13,no,"{""count_fp"":""9.13"",""created_time"":""2026-04-28T00:30:21.461184Z"",""no_price_dollars"":""0.5300"",""taker_side"":""no"",""ticker"":""KXBTC15M-26APR272045-45"",""trade_id"":""43ee6b9f-d5b7-70fd-253b-b3f146a28322"",""yes_price_dollars"":""0.4700""}"
KXBTC15M-26APR272045-45,e946e8e4-a4f3-6db1-14e1-38f599150e6e,1777336222,0.47,45.66,no,"{""count_fp"":""45.66"",""created_time"":""2026-04-28T00:30:22.904871Z"",""no_price_dollars"":""0.5300"",""taker_side"":""no"",""ticker"":""KXBTC15M-26APR272045-45"",""trade_id"":""e946e8e4-a4f3-6db1-14e1-38f599150e6e"",""yes_price_dollars"":""0.4700""}"
KXBTC15M-26APR272045-45,606a05ee-8243-5905-b7dd-b93ee8368112,1777336222,0.47,5.0,no,"{""count_fp"":""5.00"",""created_time"":""2026-04-28T00:30:22.731017Z"",""no_price_dollars"":""0.5300"",""taker_side"":""no"",""ticker"":""KXBTC15M-26APR272045-45"",""trade_id"":""606a05ee-8243-5905-b7dd-b93ee8368112"",""yes_price_dollars"":""0.4700""}"
KXBTC15M-26APR272045-45,243f4850-586b-5929-7351-0597e4b6de36,1777336222,0.47,40.0,no,"{""count_fp"":""40.00"",""created_time"":""2026-04-28T00:30:22.618752Z"",""no_price_dollars"":""0.5300"",""taker_side"":""no"",""ticker"":""KXBTC15M-26APR272045-45"",""trade_id"":""243f4850-586b-5929-7351-0597e4b6de36"",""yes_price_dollars"":""0.4700""}"
KXBTC15M-26APR272045-45,e46d581d-8043-6d09-192c-45b478593fae,1777336222,0.47,5.48,no,"{""count_fp"":""5.48"",""created_time"":""2026-04-28T00:30:22.224501Z"",""no_price_dollars"":""0.5300"",""taker_side"":""no"",""ticker"":""KXBTC15M-26APR272045-45"",""trade_id"":""e46d581d-8043-6d09-192c-45b478593fae"",""yes_price_dollars"":""0.4700""}"
KXBTC15M-26APR272045-45,8a381eac-96da-64d3-74c3-6de9aef6a1ef,1777336222,0.48,1.0,yes,"{""count_fp"":""1.00"",""created_time"":""2026-04-28T00:30:22.049527Z"",""no_price_dollars"":""0.5200"",""taker_side"":""yes"",""ticker"":""KXBTC15M-26APR272045-45"",""trade_id"":""8a381eac-96da-64d3-74c3-6de9aef6a1ef"",""yes_price_dollars"":""0.4800""}"
KXBTC15M-26APR272045-45,6b533f0d-490c-6cd1-69f2-3844cdc3532a,1777336222,0.48,10.0,yes,"{""count_fp"":""10.00"",""created_time"":""2026-04-28T00:30:22.049527Z"",""no_price_dollars"":""0.5200"",""taker_side"":""yes"",""ticker"":""KXBTC15M-26APR272045-45"",""trade_id"":""6b533f0d-490c-6cd1-69f2-3844cdc3532a"",""yes_price_dollars"":""0.4800""}"
KXBTC15M-26APR272045-45,6154ba1d-fbe0-605f-66ae-00ce1f961ef1,1777336222,0.48,23.08,yes,"{""count_fp"":""23.08"",""created_time"":""2026-04-28T00:30:22.049527Z"",""no_price_dollars"":""0.5200"",""taker_side"":""yes"",""ticker"":""KXBTC15M-26APR272045-45"",""trade_id"":""6154ba1d-fbe0-605f-66ae-00ce1f961ef1"",""yes_price_dollars"":""0.4800""}"
KXBTC15M-26APR272045-45,7d6f94ad-b8df-6fe1-b1d3-60389c3ca27a,1777336223,0.47,9.13,no,"{""count_fp"":""9.13"",""created_time"":""2026-04-28T00:30:23.861307Z"",""no_price_dollars"":""0.5300"",""taker_side"":""no"",""ticker"":""KXBTC15M-26APR272045-45"",""trade_id"":""7d6f94ad-b8df-6fe1-b1d3-60389c3ca27a"",""yes_price_dollars"":""0.4700""}"
KXBTC15M-26APR272045-45,710e2d0c-f573-6bed-bb6a-179c66c5f0e6,1777336223,0.47,45.66,no,"{""count_fp"":""45.66"",""created_time"":""2026-04-28T00:30:23.658481Z"",""no_price_dollars"":""0.5300"",""taker_side"":""no"",""ticker"":""KXBTC15M-26APR272045-45"",""trade_id"":""710e2d0c-f573-6bed-bb6a-179c66c5f0e6"",""yes_price_dollars"":""0.4700""}"
KXBTC15M-26APR272045-45,9486e50c-0300-6b3b-b5b3-82f31705ec8d,1777336223,0.48,11.24,yes,"{""count_fp"":""11.24"",""created_time"":""2026-04-28T00:30:23.605952Z"",""no_price_dollars"":""0.5200"",""taker_side"":""yes"",""ticker"":""KXBTC15M-26APR272045-45"",""trade_id"":""9486e50c-0300-6b3b-b5b3-82f31705ec8d"",""yes_price_dollars"":""0.4800""}"
KXBTC15M-26APR272045-45,81c270dc-4205-6e8c-8d9a-906bf2de8c24,1777336223,0.48,20.92,yes,"{""count_fp"":""20.92"",""created_time"":""2026-04-28T00:30:23.605952Z"",""no_price_dollars"":""0.5200"",""taker_side"":""yes"",""ticker"":""KXBTC15M-26APR272045-45"",""trade_id"":""81c270dc-4205-6e8c-8d9a-906bf2de8c24"",""yes_price_dollars"":""0.4800""}"
KXBTC15M-26APR272045-45,2d13ff92-be8f-6bad-448f-a85420e4cec6,1777336223,0.47,2.0,no,"{""count_fp"":""2.00"",""created_time"":""2026-04-28T00:30:23.343281Z"",""no_price_dollars"":""0.5300"",""taker_side"":""no"",""ticker"":""KXBTC15M-26APR272045-45"",""trade_id"":""2d13ff92-be8f-6bad-448f-a85420e4cec6"",""yes_price_dollars"":""0.4700""}"
KXBTC15M-26APR272045-45,20c04cd3-d8ec-7eeb-c9cc-bdd6bc84f7dd,1777336223,0.48,25.0,yes,"{""count_fp"":""25.00"",""created_time"":""2026-04-28T00:30:23.268517Z"",""no_price_dollars"":""0.5200"",""taker_side"":""yes"",""ticker"":""KXBTC15M-26APR272045-45"",""trade_id"":""20c04cd3-d8ec-7eeb-c9cc-bdd6bc84f7dd"",""yes_price_dollars"":""0.4800""}"
KXBTC15M-26APR272045-45,3d370ab2-5ef4-6833-ee69-f95c3ad8c585,1777336223,0.48,20.1,yes,"{""count_fp"":""20.10"",""created_time"":""2026-04-28T00:30:23.198493Z"",""no_price_dollars"":""0.5200"",""taker_side"":""yes"",""ticker"":""KXBTC15M-26APR272045-45"",""trade_id"":""3d370ab2-5ef4-6833-ee69-f95c3ad8c585"",""yes_price_dollars"":""0.4800""}"
KXBTC15M-26APR272045-45,b7a9a53f-4fc0-51b3-596c-4e78d578ec99,1777336223,0.48,20.08,yes,"{""count_fp"":""20.08"",""created_time"":""2026-04-28T00:30:23.166995Z"",""no_price_dollars"":""0.5200"",""taker_side"":""yes"",""ticker"":""KXBTC15M-26APR272045-45"",""trade_id"":""b7a9a53f-4fc0-51b3-596c-4e78d578ec99"",""yes_price_dollars"":""0.4800""}"
KXBTC15M-26APR272045-45,ecc4c5a1-46eb-58d5-5731-c1367fbcb7c6,1777336223,0.47,8.0,no,"{""count_fp"":""8.00"",""created_time"":""2026-04-28T00:30:23.084748Z"",""no_price_dollars"":""0.5300"",""taker_side"":""no"",""ticker"":""KXBTC15M-26APR272045-45"",""trade_id"":""ecc4c5a1-46eb-58d5-5731-c1367fbcb7c6"",""yes_price_dollars"":""0.4700""}"
KXBTC15M-26APR272045-45,0b671512-dbc5-4294-5a5b-11f4415d9b8c,1777336224,0.48,10.05,yes,"{""count_fp"":""10.05"",""created_time"":""2026-04-28T00:30:24.990681Z"",""no_price_dollars"":""0.5200"",""taker_side"":""yes"",""ticker"":""KXBTC15M-26APR272045-45"",""trade_id"":""0b671512-dbc5-4294-5a5b-11f4415d9b8c"",""yes_price_dollars"":""0.4800""}"
KXBTC15M-26APR272045-45,e2b64701-cf5b-6e3d-2608-86214fa42e26,1777336224,0.47,9.13,no,"{""count_fp"":""9.13"",""created_time"":""2026-04-28T00:30:24.833482Z"",""no_price_dollars"":""0.5300"",""taker_side"":""no"",""ticker"":""KXBTC15M-26APR272045-45"",""trade_id"":""e2b64701-cf5b-6e3d-2608-86214fa42e26"",""yes_price_dollars"":""0.4700""}"
KXBTC15M-26APR272045-45,e565dfd5-ec8f-6cdd-d880-062fd7e5e886,1777336224,0.47,0.18,no,"{""count_fp"":""0.18"",""created_time"":""2026-04-28T00:30:24.781771Z"",""no_price_dollars"":""0.5300"",""taker_side"":""no"",""ticker"":""KXBTC15M-26APR272045-45"",""trade_id"":""e565dfd5-ec8f-6cdd-d880-062fd7e5e886"",""yes_price_dollars"":""0.4700""}"
KXBTC15M-26APR272045-45,bed5fab6-64cb-4451-1b77-e4ca2b36e5ca,1777336224,0.47,18.26,no,"{""count_fp"":""18.26"",""created_time"":""2026-04-28T00:30:24.766383Z"",""no_price_dollars"":""0.5300"",""taker_side"":""no"",""ticker"":""KXBTC15M-26APR272045-45"",""trade_id"":""bed5fab6-64cb-4451-1b77-e4ca2b36e5ca"",""yes_price_dollars"":""0.4700""}"
KXBTC15M-26APR272045-45,1890ac0b-5acd-51cc-330f-20a5392061a0,1777336224,0.48,150.76,yes,"{""count_fp"":""150.76"",""created_time"":""2026-04-28T00:30:24.488939Z"",""no_price_dollars"":""0.5200"",""taker_side"":""yes"",""ticker"":""KXBTC15M-26APR272045-45"",""trade_id"":""1890ac0b-5acd-51cc-330f-20a5392061a0"",""yes_price_dollars"":""0.4800""}"
KXBTC15M-26APR272045-45,62d40648-428d-46b0-01b2-588c1e4f6758,1777336224,0.48,1.8,yes,"{""count_fp"":""1.80"",""created_time"":""2026-04-28T00:30:24.072619Z"",""no_price_dollars"":""0.5200"",""taker_side"":""yes"",""ticker"":""KXBTC15M-26APR272045-45"",""trade_id"":""62d40648-428d-46b0-01b2-588c1e4f6758"",""yes_price_dollars"":""0.4800""}"
KXBTC15M-26APR272045-45,e3046fd8-2bb9-5a10-ce65-fa4ce7352f5c,1777336225,0.48,20.1,yes,"{""count_fp"":""20.10"",""created_time"":""2026-04-28T00:30:25.807427Z"",""no_price_dollars"":""0.5200"",""taker_side"":""yes"",""ticker"":""KXBTC15M-26APR272045-45"",""trade_id"":""e3046fd8-2bb9-5a10-ce65-fa4ce7352f5c"",""yes_price_dollars"":""0.4800""}"
KXBTC15M-26APR272045-45,cd693bbc-5e79-7b64-0b73-d74234612a20,1777336225,0.48,28.14,yes,"{""count_fp"":""28.14"",""created_time"":""2026-04-28T00:30:25.156348Z"",""no_price_dollars"":""0.5200"",""taker_side"":""yes"",""ticker"":""KXBTC15M-26APR272045-45"",""trade_id"":""cd693bbc-5e79-7b64-0b73-d74234612a20"",""yes_price_dollars"":""0.4800""}"
KXBTC15M-26APR272045-45,0f322583-6ec9-4648-d98b-6c66599ceb3c,1777336225,0.48,8.84,yes,"{""count_fp"":""8.84"",""created_time"":""2026-04-28T00:30:25.065883Z"",""no_price_dollars"":""0.5200"",""taker_side"":""yes"",""ticker"":""KXBTC15M-26APR272045-45"",""trade_id"":""0f322583-6ec9-4648-d98b-6c66599ceb3c"",""yes_price_dollars"":""0.4800""}"
KXBTC15M-26APR272045-45,96dbdaff-c57d-5e48-287d-b31ece75c154,1777336226,0.48,4.02,yes,"{""count_fp"":""4.02"",""created_time"":""2026-04-28T00:30:26.889401Z"",""no_price_dollars"":""0.5200"",""taker_side"":""yes"",""ticker"":""KXBTC15M-26APR272045-45"",""trade_id"":""96dbdaff-c57d-5e48-287d-b31ece75c154"",""yes_price_dollars"":""0.4800""}"
KXBTC15M-26APR272045-45,228b5b04-cd8f-7b11-001a-2462fb9c500e,1777336226,0.47,18.26,no,"{""count_fp"":""18.26"",""created_time"":""2026-04-28T00:30:26.889289Z"",""no_price_dollars"":""0.5300"",""taker_side"":""no"",""ticker"":""KXBTC15M-26APR272045-45"",""trade_id"":""228b5b04-cd8f-7b11-001a-2462fb9c500e"",""yes_price_dollars"":""0.4700""}"
KXBTC15M-26APR272045-45,9c5a7d28-e5b1-43ac-9b1a-4d95b3991e44,1777336226,0.48,2.0,yes,"{""count_fp"":""2.00"",""created_time"":""2026-04-28T00:30:26.783896Z"",""no_price_dollars"":""0.5200"",""taker_side"":""yes"",""ticker"":""KXBTC15M-26APR272045-45"",""trade_id"":""9c5a7d28-e5b1-43ac-9b1a-4d95b3991e44"",""yes_price_dollars"":""0.4800""}"
KXBTC15M-26APR272045-45,78713108-3133-6921-a0ed-4582da0d2812,1777336227,0.47,456.67,no,"{""count_fp"":""456.67"",""created_time"":""2026-04-28T00:30:27.953218Z"",""no_price_dollars"":""0.5300"",""taker_side"":""no"",""ticker"":""KXBTC15M-26APR272045-45"",""trade_id"":""78713108-3133-6921-a0ed-4582da0d2812"",""yes_price_dollars"":""0.4700""}"
KXBTC15M-26APR272045-45,e882ef67-c1d5-492c-3581-db7610202258,1777336227,0.48,35.2,yes,"{""count_fp"":""35.20"",""created_time"":""2026-04-28T00:30:27.872814Z"",""no_price_dollars"":""0.5200"",""taker_side"":""yes"",""ticker"":""KXBTC15M-26APR272045-45"",""trade_id"":""e882ef67-c1d5-492c-3581-db7610202258"",""yes_price_dollars"":""0.4800""}"
KXBTC15M-26APR272045-45,5d27337b-61ef-4a3a-139c-7a232005b546,1777336227,0.48,5.0,yes,"{""count_fp"":""5.00"",""created_time"":""2026-04-28T00:30:27.872814Z"",""no_price_dollars"":""0.5200"",""taker_side"":""yes"",""ticker"":""KXBTC15M-26APR272045-45"",""trade_id"":""5d27337b-61ef-4a3a-139c-7a232005b546"",""yes_price_dollars"":""0.4800""}"
KXBTC15M-26APR272045-45,53fe9a7d-d3a5-6158-18e4-653b8b92ad0c,1777336227,0.48,30.0,yes,"{""count_fp"":""30.00"",""created_time"":""2026-04-28T00:30:27.590402Z"",""no_price_dollars"":""0.5200"",""taker_side"":""yes"",""ticker"":""KXBTC15M-26APR272045-45"",""trade_id"":""53fe9a7d-d3a5-6158-18e4-653b8b92ad0c"",""yes_price_dollars"":""0.4800""}"
KXBTC15M-26APR272045-45,dc060c36-742d-5cb4-9a41-6978a1b9a40c,1777336227,0.48,2.01,yes,"{""count_fp"":""2.01"",""created_time"":""2026-04-28T00:30:27.517473Z"",""no_price_dollars"":""0.5200"",""taker_side"":""yes"",""ticker"":""KXBTC15M-26APR272045-45"",""trade_id"":""dc060c36-742d-5cb4-9a41-6978a1b9a40c"",""yes_price_dollars"":""0.4800""}"
KXBTC15M-26APR272045-45,82d4c3a2-2b4b-57d5-27a7-4b865118b4ea,1777336227,0.47,47.49,no,"{""count_fp"":""47.49"",""created_time"":""2026-04-28T00:30:27.342257Z"",""no_price_dollars"":""0.5300"",""taker_side"":""no"",""ticker"":""KXBTC15M-26APR272045-45"",""trade_id"":""82d4c3a2-2b4b-57d5-27a7-4b865118b4ea"",""yes_price_dollars"":""0.4700""}"
KXBTC15M-26APR272045-45,252cc507-a0fb-6d45-1505-dbf5e9d96bfe,1777336227,0.47,45.66,no,"{""count_fp"":""45.66"",""created_time"":""2026-04-28T00:30:27.057316Z"",""no_price_dollars"":""0.5300"",""taker_side"":""no"",""ticker"":""KXBTC15M-26APR272045-45"",""trade_id"":""252cc507-a0fb-6d45-1505-dbf5e9d96bfe"",""yes_price_dollars"":""0.4700""}"
KXBTC15M-26APR272045-45,fbccb10d-9627-6c1b-71de-28d34f806e7c,1777336228,0.5,1.0,yes,"{""count_fp"":""1.00"",""created_time"":""2026-04-28T00:30:28.521701Z"",""no_price_dollars"":""0.5000"",""taker_side"":""yes"",""ticker"":""KXBTC15M-26APR272045-45"",""trade_id"":""fbccb10d-9627-6c1b-71de-28d34f806e7c"",""yes_price_dollars"":""0.5000""}"
KXBTC15M-26APR272045-45,ec2aeb03-9cda-6f62-6e01-7136767787f8,1777336228,0.51,599.06,yes,"{""count_fp"":""599.06"",""created_time"":""2026-04-28T00:30:28.521701Z"",""no_price_dollars"":""0.4900"",""taker_side"":""yes"",""ticker"":""KXBTC15M-26APR272045-45"",""trade_id"":""ec2aeb03-9cda-6f62-6e01-7136767787f8"",""yes_price_dollars"":""0.5100""}"
KXBTC15M-26APR272045-45,e73763e3-981a-676b-6547-11f10bf963bf,1777336228,0.51,2.0,yes,"{""count_fp"":""2.00"",""created_time"":""2026-04-28T00:30:28.521701Z"",""no_price_dollars"":""0.4900"",""taker_side"":""yes"",""ticker"":""KXBTC15M-26APR272045-45"",""trade_id"":""e73763e3-981a-676b-6547-11f10bf963bf"",""yes_price_dollars"":""0.5100""}"
KXBTC15M-26APR272045-45,dd32f60c-b92d-6820-4380-19523f9003d8,1777336228,0.49,20.0,yes,"{""count_fp"":""20.00"",""created_time"":""2026-04-28T00:30:28.521701Z"",""no_price_dollars"":""0.5100"",""taker_side"":""yes"",""ticker"":""KXBTC15M-26APR272045-45"",""trade_id"":""dd32f60c-b92d-6820-4380-19523f9003d8"",""yes_price_dollars"":""0.4900""}"
KXBTC15M-26APR272045-45,8fcd0974-0b0d-691a-7761-c9d281f64d63,1777336228,0.51,3.0,yes,"{""count_fp"":""3.00"",""created_time"":""2026-04-28T00:30:28.521701Z"",""no_price_dollars"":""0.4900"",""taker_side"":""yes"",""ticker"":""KXBTC15M-26APR272045-45"",""trade_id"":""8fcd0974-0b0d-691a-7761-c9d281f64d63"",""yes_price_dollars"":""0.5100""}"
KXBTC15M-26APR272045-45,8d018766-be10-679f-6a10-ccfae25b1106,1777336228,0.49,70.0,yes,"{""count_fp"":""70.00"",""created_time"":""2026-04-28T00:30:28.521701Z"",""no_price_dollars"":""0.5100"",""taker_side"":""yes"",""ticker"":""KXBTC15M-26APR272045-45"",""trade_id"":""8d018766-be10-679f-6a10-ccfae25b1106"",""yes_price_dollars"":""0.4900""}"
KXBTC15M-26APR272045-45,66055c0a-0f41-6629-44ee-9f7fe0e955ea,1777336228,0.5,56.0,yes,"{""count_fp"":""56.00"",""created_time"":""2026-04-28T00:30:28.521701Z"",""no_price_dollars"":""0.5000"",""taker_side"":""yes"",""ticker"":""KXBTC15M-26APR272045-45"",""trade_id"":""66055c0a-0f41-6629-44ee-9f7fe0e955ea"",""yes_price_dollars"":""0.5000""}"
KXBTC15M-26APR272045-45,64354093-07dc-6440-5418-71b7634d89aa,1777336228,0.5,3.0,yes,"{""count_fp"":""3.00"",""created_time"":""2026-04-28T00:30:28.521701Z"",""no_price_dollars"":""0.5000"",""taker_side"":""yes"",""ticker"":""KXBTC15M-26APR272045-45"",""trade_id"":""64354093-07dc-6440-5418-71b7634d89aa"",""yes_price_dollars"":""0.5000""}"
KXBTC15M-26APR272045-45,5a810f74-457e-697f-7b1e-16d69feed6ad,1777336228,0.5,1.0,yes,"{""count_fp"":""1.00"",""created_time"":""2026-04-28T00:30:28.521701Z"",""no_price_dollars"":""0.5000"",""taker_side"":""yes"",""ticker"":""KXBTC15M-26APR272045-45"",""trade_id"":""5a810f74-457e-697f-7b1e-16d69feed6ad"",""yes_price_dollars"":""0.5000""}"
KXBTC15M-26APR272045-45,4b0293f0-e55b-6056-5f2e-bfd994f054bb,1777336228,0.5,1.0,yes,"{""count_fp"":""1.00"",""created_time"":""2026-04-28T00:30:28.521701Z"",""no_price_dollars"":""0.5000"",""taker_side"":""yes"",""ticker"":""KXBTC15M-26APR272045-45"",""trade_id"":""4b0293f0-e55b-6056-5f2e-bfd994f054bb"",""yes_price_dollars"":""0.5000""}"
KXBTC15M-26APR272045-45,2c82ad0f-0fa3-62dd-4820-d282626cee7c,1777336228,0.48,55.02,yes,"{""count_fp"":""55.02"",""created_time"":""2026-04-28T00:30:28.521701Z"",""no_price_dollars"":""0.5200"",""taker_side"":""yes"",""ticker"":""KXBTC15M-26APR272045-45"",""trade_id"":""2c82ad0f-0fa3-62dd-4820-d282626cee7c"",""yes_price_dollars"":""0.4800""}"
KXBTC15M-26APR272045-45,245298dc-ec4c-6450-656a-4e2dcce86327,1777336228,0.5,10.0,yes,"{""count_fp"":""10.00"",""created_time"":""2026-04-28T00:30:28.521701Z"",""no_price_dollars"":""0.5000"",""taker_side"":""yes"",""ticker"":""KXBTC15M-26APR272045-45"",""trade_id"":""245298dc-ec4c-6450-656a-4e2dcce86327"",""yes_price_dollars"":""0.5000""}"
KXBTC15M-26APR272045-45,1c16ed09-a204-66a7-69aa-e1877bcf87b1,1777336228,0.5,7.0,yes,"{""count_fp"":""7.00"",""created_time"":""2026-04-28T00:30:28.521701Z"",""no_price_dollars"":""0.5000"",""taker_side"":""yes"",""ticker"":""KXBTC15M-26APR272045-45"",""trade_id"":""1c16ed09-a204-66a7-69aa-e1877bcf87b1"",""yes_price_dollars"":""0.5000""}"
KXBTC15M-26APR272045-45,01a19de8-8d21-6b3c-7c1c-fb92db0b1938,1777336228,0.48,500.0,yes,"{""count_fp"":""500.00"",""created_time"":""2026-04-28T00:30:28.521701Z"",""no_price_dollars"":""0.5200"",""taker_side"":""yes"",""ticker"":""KXBTC15M-26APR272045-45"",""trade_id"":""01a19de8-8d21-6b3c-7c1c-fb92db0b1938"",""yes_price_dollars"":""0.4800""}"
KXBTC15M-26APR272045-45,9ec2bb7c-d45f-5ff5-7ba6-d97d31c922c8,1777336228,0.48,40.2,yes,"{""count_fp"":""40.20"",""created_time"":""2026-04-28T00:30:28.197846Z"",""no_price_dollars"":""0.5200"",""taker_side"":""yes"",""ticker"":""KXBTC15M-26APR272045-45"",""trade_id"":""9ec2bb7c-d45f-5ff5-7ba6-d97d31c922c8"",""yes_price_dollars"":""0.4800""}"
KXBTC15M-26APR272045-45,c313c235-84fb-752d-75c0-2fb12c0b28b4,1777336228,0.48,154.78,yes,"{""count_fp"":""154.78"",""created_time"":""2026-04-28T00:30:28.029758Z"",""no_price_dollars"":""0.5200"",""taker_side"":""yes"",""ticker"":""KXBTC15M-26APR272045-45"",""trade_id"":""c313c235-84fb-752d-75c0-2fb12c0b28b4"",""yes_price_dollars"":""0.4800""}"
KXBTC15M-26APR272045-45,e60924d7-a699-55e9-fc30-1ef930b546da,1777336229,0.47,1.45,no,"{""count_fp"":""1.45"",""created_time"":""2026-04-28T00:30:29.235405Z"",""no_price_dollars"":""0.5300"",""taker_side"":""no"",""ticker"":""KXBTC15M-26APR272045-45"",""trade_id"":""e60924d7-a699-55e9-fc30-1ef930b546da"",""yes_price_dollars"":""0.4700""}"
KXBTC15M-26APR272045-45,e4268478-cc19-5824-e9c0-236467cd5e77,1777336229,0.47,16.55,no,"{""count_fp"":""16.55"",""created_time"":""2026-04-28T00:30:29.235405Z"",""no_price_dollars"":""0.5300"",""taker_side"":""no"",""ticker"":""KXBTC15M-26APR272045-45"",""trade_id"":""e4268478-cc19-5824-e9c0-236467cd5e77"",""yes_price_dollars"":""0.4700""}"
KXBTC15M-26APR272045-45,e8845af8-629b-6640-e018-bc29aa66d77b,1777336229,0.47,251.0,no,"{""count_fp"":""251.00"",""created_time"":""2026-04-28T00:30:29.210445Z"",""no_price_dollars"":""0.5300"",""taker_side"":""no"",""ticker"":""KXBTC15M-26APR272045-45"",""trade_id"":""e8845af8-629b-6640-e018-bc29aa66d77b"",""yes_price_dollars"":""0.4700""}"
KXBTC15M-26APR272045-45,cc31064d-2fa0-6898-cfca-6b2e01335840,1777336229,0.48,55.0,no,"{""count_fp"":""55.00"",""created_time"":""2026-04-28T00:30:29.210445Z"",""no_price_dollars"":""0.5200"",""taker_side"":""no"",""ticker"":""KXBTC15M-26APR272045-45"",""trade_id"":""cc31064d-2fa0-6898-cfca-6b2e01335840"",""yes_price_dollars"":""0.4800""}"
KXBTC15M-26APR272045-45,ad686b68-b837-6861-c35e-6f6d19c3aea6,1777336229,0.47,290.55,no,"{""count_fp"":""290.55"",""created_time"":""2026-04-28T00:30:29.210445Z"",""no_price_dollars"":""0.5300"",""taker_side"":""no"",""ticker"":""KXBTC15M-26APR272045-45"",""trade_id"":""ad686b68-b837-6861-c35e-6f6d19c3aea6"",""yes_price_dollars"":""0.4700""}"
KXBTC15M-26APR272045-45,a865e388-4061-6954-ea7a-d529f4d974c0,1777336229,0.48,3.0,no,"{""count_fp"":""3.00"",""created_time"":""2026-04-28T00:30:29.210445Z"",""no_price_dollars"":""0.5200"",""taker_side"":""no"",""ticker"":""KXBTC15M-26APR272045-45"",""trade_id"":""a865e388-4061-6954-ea7a-d529f4d974c0"",""yes_price_dollars"":""0.4800""}"
KXBTC15M-26APR272045-45,9f030d17-4578-692f-dd96-62b2305f000d,1777336229,0.48,10.0,no,"{""count_fp"":""10.00"",""created_time"":""2026-04-28T00:30:29.210445Z"",""no_price_dollars"":""0.5200"",""taker_side"":""no"",""ticker"":""KXBTC15M-26APR272045-45"",""trade_id"":""9f030d17-4578-692f-dd96-62b2305f000d"",""yes_price_dollars"":""0.4800""}"
KXBTC15M-26APR272045-45,8954819b-4875-608f-e95c-0ceccf5f993f,1777336229,0.48,117.0,no,"{""count_fp"":""117.00"",""created_time"":""2026-04-28T00:30:29.210445Z"",""no_price_dollars"":""0.5200"",""taker_side"":""no"",""ticker"":""KXBTC15M-26APR272045-45"",""trade_id"":""8954819b-4875-608f-e95c-0ceccf5f993f"",""yes_price_dollars"":""0.4800""}"
KXBTC15M-26APR272045-45,31efeae7-e1c1-6de4-d7ba-44a258258e3f,1777336229,0.47,217.45,no,"{""count_fp"":""217.45"",""created_time"":""2026-04-28T00:30:29.210445Z"",""no_price_dollars"":""0.5300"",""taker_side"":""no"",""ticker"":""KXBTC15M-26APR272045-45"",""trade_id"":""31efeae7-e1c1-6de4-d7ba-44a258258e3f"",""yes_price_dollars"":""0.4700""}"
KXBTC15M-26APR272045-45,12ef262b-559e-6a53-def3-e32d28c9dc86,1777336229,0.48,56.0,no,"{""count_fp"":""56.00"",""created_time"":""2026-04-28T00:30:29.210445Z"",""no_price_dollars"":""0.5200"",""taker_side"":""no"",""ticker"":""KXBTC15M-26APR272045-45"",""trade_id"":""12ef262b-559e-6a53-def3-e32d28c9dc86"",""yes_price_dollars"":""0.4800""}"
KXBTC15M-26APR272045-45,332e9d95-8d7b-542c-32c9-8548f348790d,1777336230,0.48,94.78,yes,"{""count_fp"":""94.78"",""created_time"":""2026-04-28T00:30:30.334236Z"",""no_price_dollars"":""0.5200"",""taker_side"":""yes"",""ticker"":""KXBTC15M-26APR272045-45"",""trade_id"":""332e9d95-8d7b-542c-32c9-8548f348790d"",""yes_price_dollars"":""0.4800""}"
KXBTC15M-26APR272045-45,d7702816-72f2-7632-307f-fcb5f8565400,1777336231,0.47,5.0,no,"{""count_fp"":""5.00"",""created_time"":""2026-04-28T00:30:31.981238Z"",""no_price_dollars"":""0.5300"",""taker_side"":""no"",""ticker"":""KXBTC15M-26APR272045-45"",""trade_id"":""d7702816-72f2-7632-307f-fcb5f8565400"",""yes_price_dollars"":""0.4700""}"
KXBTC15M-26APR272045-45,f97fa80c-d6bf-40c8-a8bd-8a4630575395,1777336231,0.48,243.22,yes,"{""count_fp"":""243.22"",""created_time"":""2026-04-28T00:30:31.902795Z"",""no_price_dollars"":""0.5200"",""taker_side"":""yes"",""ticker"":""KXBTC15M-26APR272045-45"",""trade_id"":""f97fa80c-d6bf-40c8-a8bd-8a4630575395"",""yes_price_dollars"":""0.4800""}"
KXBTC15M-26APR272045-45,be6be4af-59bf-499c-615a-34d4111e2749,1777336231,0.48,10.05,yes,"{""count_fp"":""10.05"",""created_time"":""2026-04-28T00:30:31.687658Z"",""no_price_dollars"":""0.5200"",""taker_side"":""yes"",""ticker"":""KXBTC15M-26APR272045-45"",""trade_id"":""be6be4af-59bf-499c-615a-34d4111e2749"",""yes_price_dollars"":""0.4800""}"
KXBTC15M-26APR272045-45,8b58d9f7-360e-41ce-70b0-216721a7c754,1777336231,0.47,50.0,no,"{""count_fp"":""50.00"",""created_time"":""2026-04-28T00:30:31.353596Z"",""no_price_dollars"":""0.5300"",""taker_side"":""no"",""ticker"":""KXBTC15M-26APR272045-45"",""trade_id"":""8b58d9f7-360e-41ce-70b0-216721a7c754"",""yes_price_dollars"":""0.4700""}"
KXBTC15M-26APR272045-45,26e5a1f4-acbf-5058-a458-fb1308ce525d,1777336231,0.48,1.0,yes,"{""count_fp"":""1.00"",""created_time"":""2026-04-28T00:30:31.165735Z"",""no_price_dollars"":""0.5200"",""taker_side"":""yes"",""ticker"":""KXBTC15M-26APR272045-45"",""trade_id"":""26e5a1f4-acbf-5058-a458-fb1308ce525d"",""yes_price_dollars"":""0.4800""}"
KXBTC15M-26APR272045-45,82e7e39d-1896-4a62-fbe8-5250f3ef55cc,1777336232,0.47,36.53,no,"{""count_fp"":""36.53"",""created_time"":""2026-04-28T00:30:32.884687Z"",""no_price_dollars"":""0.5300"",""taker_side"":""no"",""ticker"":""KXBTC15M-26APR272045-45"",""trade_id"":""82e7e39d-1896-4a62-fbe8-5250f3ef55cc"",""yes_price_dollars"":""0.4700""}"
KXBTC15M-26APR272045-45,443313ef-755b-7284-481c-c6d913517bbd,1777336232,0.48,2.0,yes,"{""count_fp"":""2.00"",""created_time"":""2026-04-28T00:30:32.535537Z"",""no_price_dollars"":""0.5200"",""taker_side"":""yes"",""ticker"":""KXBTC15M-26APR272045-45"",""trade_id"":""443313ef-755b-7284-481c-c6d913517bbd"",""yes_price_dollars"":""0.4800""}"
KXBTC15M-26APR272045-45,cabbf573-198a-5c02-8561-556884f721c8,1777336232,0.47,32.88,no,"{""count_fp"":""32.88"",""created_time"":""2026-04-28T00:30:32.343222Z"",""no_price_dollars"":""0.5300"",""taker_side"":""no"",""ticker"":""KXBTC15M-26APR272045-45"",""trade_id"":""cabbf573-198a-5c02-8561-556884f721c8"",""yes_price_dollars"":""0.4700""}"
KXBTC15M-26APR272045-45,4852fa2f-24ae-5c0e-50df-96290ac0ea54,1777336232,0.47,9.13,no,"{""count_fp"":""9.13"",""created_time"":""2026-04-28T00:30:32.020085Z"",""no_price_dollars"":""0.5300"",""taker_side"":""no"",""ticker"":""KXBTC15M-26APR272045-45"",""trade_id"":""4852fa2f-24ae-5c0e-50df-96290ac0ea54"",""yes_price_dollars"":""0.4700""}"
KXBTC15M-26APR272045-45,99a43ee4-69e7-49c4-9bb6-449b8812d71d,1777336234,0.45,8.04,yes,"{""count_fp"":""8.04"",""created_time"":""2026-04-28T00:30:34.932299Z"",""no_price_dollars"":""0.5500"",""taker_side"":""yes"",""ticker"":""KXBTC15M-26APR272045-45"",""trade_id"":""99a43ee4-69e7-49c4-9bb6-449b8812d71d"",""yes_price_dollars"":""0.4500""}"
KXBTC15M-26APR272045-45,e4bff171-f1c6-6d94-8449-79c1c235715d,1777336234,0.45,20.0,no,"{""count_fp"":""20.00"",""created_time"":""2026-04-28T00:30:34.741866Z"",""no_price_dollars"":""0.5500"",""taker_side"":""no"",""ticker"":""KXBTC15M-26APR272045-45"",""trade_id"":""e4bff171-f1c6-6d94-8449-79c1c235715d"",""yes_price_dollars"":""0.4500""}"
KXBTC15M-26APR272045-45,c5100fa3-1bb9-62a8-95c9-6f19907fd650,1777336234,0.45,1.0,no,"{""count_fp"":""1.00"",""created_time"":""2026-04-28T00:30:34.741866Z"",""no_price_dollars"":""0.5500"",""taker_side"":""no"",""ticker"":""KXBTC15M-26APR272045-45"",""trade_id"":""c5100fa3-1bb9-62a8-95c9-6f19907fd650"",""yes_price_dollars"":""0.4500""}"
KXBTC15M-26APR272045-45,ac875c36-1661-67f1-a4c8-32691cb31862,1777336234,0.44,1.0,no,"{""count_fp"":""1.00"",""created_time"":""2026-04-28T00:30:34.741866Z"",""no_price_dollars"":""0.5600"",""taker_side"":""no"",""ticker"":""KXBTC15M-26APR272045-45"",""trade_id"":""ac875c36-1661-67f1-a4c8-32691cb31862"",""yes_price_dollars"":""0.4400""}"
KXBTC15M-26APR272045-45,a6347ad8-c280-6f1b-a0eb-9e9501fb87da,1777336234,0.45,3.0,no,"{""count_fp"":""3.00"",""created_time"":""2026-04-28T00:30:34.741866Z"",""no_price_dollars"":""0.5500"",""taker_side"":""no"",""ticker"":""KXBTC15M-26APR272045-45"",""trade_id"":""a6347ad8-c280-6f1b-a0eb-9e9501fb87da"",""yes_price_dollars"":""0.4500""}"
KXBTC15M-26APR272045-45,a47b1b02-bf58-62d9-b007-78f75e751c56,1777336234,0.44,2.64,no,"{""count_fp"":""2.64"",""created_time"":""2026-04-28T00:30:34.741866Z"",""no_price_dollars"":""0.5600"",""taker_side"":""no"",""ticker"":""KXBTC15M-26APR272045-45"",""trade_id"":""a47b1b02-bf58-62d9-b007-78f75e751c56"",""yes_price_dollars"":""0.4400""}"
KXBTC15M-26APR272045-45,7f1fd937-391f-66e9-9a43-e6c53f2950c3,1777336234,0.45,1.0,no,"{""count_fp"":""1.00"",""created_time"":""2026-04-28T00:30:34.741866Z"",""no_price_dollars"":""0.5500"",""taker_side"":""no"",""ticker"":""KXBTC15M-26APR272045-45"",""trade_id"":""7f1fd937-391f-66e9-9a43-e6c53f2950c3"",""yes_price_dollars"":""0.4500""}"
KXBTC15M-26APR272045-45,5265dd0b-c456-616b-ae8d-179c2c70fb5d,1777336234,0.45,0.36,no,"{""count_fp"":""0.36"",""created_time"":""2026-04-28T00:30:34.741866Z"",""no_price_dollars"":""0.5500"",""taker_side"":""no"",""ticker"":""KXBTC15M-26APR272045-45"",""trade_id"":""5265dd0b-c456-616b-ae8d-179c2c70fb5d"",""yes_price_dollars"":""0.4500""}"
KXBTC15M-26APR272045-45,21011ec4-6a52-607a-bd6b-b8c4cb54a076,1777336234,0.44,10.0,no,"{""count_fp"":""10.00"",""created_time"":""2026-04-28T00:30:34.741866Z"",""no_price_dollars"":""0.5600"",""taker_side"":""no"",""ticker"":""KXBTC15M-26APR272045-45"",""trade_id"":""21011ec4-6a52-607a-bd6b-b8c4cb54a076"",""yes_price_dollars"":""0.4400""}"
KXBTC15M-26APR272045-45,0363afac-a25f-6366-af4f-f44760c8f90b,1777336234,0.45,1.0,no,"{""count_fp"":""1.00"",""created_time"":""2026-04-28T00:30:34.741866Z"",""no_price_dollars"":""0.5500"",""taker_side"":""no"",""ticker"":""KXBTC15M-26APR272045-45"",""trade_id"":""0363afac-a25f-6366-af4f-f44760c8f90b"",""yes_price_dollars"":""0.4500""}"
KXBTC15M-26APR272045-45,f72da0a1-3eea-7eef-1a34-5a1d0e7a73e1,1777336234,0.45,0.64,no,"{""count_fp"":""0.64"",""created_time"":""2026-04-28T00:30:34.198615Z"",""no_price_dollars"":""0.5500"",""taker_side"":""no"",""ticker"":""KXBTC15M-26APR272045-45"",""trade_id"":""f72da0a1-3eea-7eef-1a34-5a1d0e7a73e1"",""yes_price_dollars"":""0.4500""}"
KXBTC15M-26APR272045-45,cbc23d85-ed66-4f8a-dad8-e2d48506c79c,1777336234,0.47,66.44,no,"{""count_fp"":""66.44"",""created_time"":""2026-04-28T00:30:34.110541Z"",""no_price_dollars"":""0.5300"",""taker_side"":""no"",""ticker"":""KXBTC15M-26APR272045-45"",""trade_id"":""cbc23d85-ed66-4f8a-dad8-e2d48506c79c"",""yes_price_dollars"":""0.4700""}"
KXBTC15M-26APR272045-45,c39fd6c7-4bcb-5cc0-2c8f-612c2a89b9a9,1777336234,0.48,50.0,yes,"{""count_fp"":""50.00"",""created_time"":""2026-04-28T00:30:34.085625Z"",""no_price_dollars"":""0.5200"",""taker_side"":""yes"",""ticker"":""KXBTC15M-26APR272045-45"",""trade_id"":""c39fd6c7-4bcb-5cc0-2c8f-612c2a89b9a9"",""yes_price_dollars"":""0.4800""}"
KXBTC15M-26APR272045-45,2a4635a1-7883-4e7c-f906-fe0384e17c75,1777336235,0.45,3.0,yes,"{""count_fp"":""3.00"",""created_time"":""2026-04-28T00:30:35.719309Z"",""no_price_dollars"":""0.5500"",""taker_side"":""yes"",""ticker"":""KXBTC15M-26APR272045-45"",""trade_id"":""2a4635a1-7883-4e7c-f906-fe0384e17c75"",""yes_price_dollars"":""0.4500""}"
KXBTC15M-26APR272045-45,d5f4df57-5d24-5d85-be9e-115bfba64366,1777336235,0.44,205.85,no,"{""count_fp"":""205.85"",""created_time"":""2026-04-28T00:30:35.579839Z"",""no_price_dollars"":""0.5600"",""taker_side"":""no"",""ticker"":""KXBTC15M-26APR272045-45"",""trade_id"":""d5f4df57-5d24-5d85-be9e-115bfba64366"",""yes_price_dollars"":""0.4400""}"
KXBTC15M-26APR272045-45,d16cc44a-53c3-7e74-0612-6163adbf12a9,1777336235,0.45,12.06,yes,"{""count_fp"":""12.06"",""created_time"":""2026-04-28T00:30:35.208937Z"",""no_price_dollars"":""0.5500"",""taker_side"":""yes"",""ticker"":""KXBTC15M-26APR272045-45"",""trade_id"":""d16cc44a-53c3-7e74-0612-6163adbf12a9"",""yes_price_dollars"":""0.4500""}"
KXBTC15M-26APR272045-45,96fc20f1-3a80-7db7-6ece-911c69346844,1777336236,0.45,80.39,yes,"{""count_fp"":""80.39"",""created_time"":""2026-04-28T00:30:36.837019Z"",""no_price_dollars"":""0.5500"",""taker_side"":""yes"",""ticker"":""KXBTC15M-26APR272045-45"",""trade_id"":""96fc20f1-3a80-7db7-6ece-911c69346844"",""yes_price_dollars"":""0.4500""}"
KXBTC15M-26APR272045-45,f03d5f75-8892-7a7c-17a1-4fe040fcbad1,1777336236,0.45,0.5,yes,"{""count_fp"":""0.50"",""created_time"":""2026-04-28T00:30:36.474443Z"",""no_price_dollars"":""0.5500"",""taker_side"":""yes"",""ticker"":""KXBTC15M-26APR272045-45"",""trade_id"":""f03d5f75-8892-7a7c-17a1-4fe040fcbad1"",""yes_price_dollars"":""0.4500""}"
KXBTC15M-26APR272045-45,e7b2777b-4a32-733e-2fb3-7e75e2fefbcd,1777336236,0.45,117.0,yes,"{""count_fp"":""117.00"",""created_time"":""2026-04-28T00:30:36.474443Z"",""no_price_dollars"":""0.5500"",""taker_side"":""yes"",""ticker"":""KXBTC15M-26APR272045-45"",""trade_id"":""e7b2777b-4a32-733e-2fb3-7e75e2fefbcd"",""yes_price_dollars"":""0.4500""}"
KXBTC15M-26APR272045-45,c1c205e4-6e6b-703b-10a2-e51be49486c5,1777336236,0.45,30.0,yes,"{""count_fp"":""30.00"",""created_time"":""2026-04-28T00:30:36.474443Z"",""no_price_dollars"":""0.5500"",""taker_side"":""yes"",""ticker"":""KXBTC15M-26APR272045-45"",""trade_id"":""c1c205e4-6e6b-703b-10a2-e51be49486c5"",""yes_price_dollars"":""0.4500""}"
KXBTC15M-26APR272045-45,b1d80977-cd8b-714a-0952-45fa036b15db,1777336236,0.45,10.0,yes,"{""count_fp"":""10.00"",""created_time"":""2026-04-28T00:30:36.474443Z"",""no_price_dollars"":""0.5500"",""taker_side"":""yes"",""ticker"":""KXBTC15M-26APR272045-45"",""trade_id"":""b1d80977-cd8b-714a-0952-45fa036b15db"",""yes_price_dollars"":""0.4500""}"
KXBTC15M-26APR272045-45,a5150916-ad39-7d50-176a-cddd26aa2c80,1777336236,0.45,26.0,yes,"{""count_fp"":""26.00"",""created_time"":""2026-04-28T00:30:36.474443Z"",""no_price_dollars"":""0.5500"",""taker_side"":""yes"",""ticker"":""KXBTC15M-26APR272045-45"",""trade_id"":""a5150916-ad39-7d50-176a-cddd26aa2c80"",""yes_price_dollars"":""0.4500""}"
KXBTC15M-26APR272045-45,6d563e82-2d90-7a5f-3c40-9eb299695bb0,1777336236,0.45,30.47,yes,"{""count_fp"":""30.47"",""created_time"":""2026-04-28T00:30:36.474443Z"",""no_price_dollars"":""0.5500"",""taker_side"":""yes"",""ticker"":""KXBTC15M-26APR272045-45"",""trade_id"":""6d563e82-2d90-7a5f-3c40-9eb299695bb0"",""yes_price_dollars"":""0.4500""}"
KXBTC15M-26APR272045-45,111a2bb0-40d7-4df4-159b-0c8e860738a9,1777336236,0.45,74.37,yes,"{""count_fp"":""74.37"",""created_time"":""2026-04-28T00:30:36.212302Z"",""no_price_dollars"":""0.5500"",""taker_side"":""yes"",""ticker"":""KXBTC15M-26APR272045-45"",""trade_id"":""111a2bb0-40d7-4df4-159b-0c8e860738a9"",""yes_price_dollars"":""0.4500""}"
KXBTC15M-26APR272045-45,384968ef-30af-6210-d54e-9dd6a992a179,1777336236,0.45,0.2,yes,"{""count_fp"":""0.20"",""created_time"":""2026-04-28T00:30:36.147528Z"",""no_price_dollars"":""0.5500"",""taker_side"":""yes"",""ticker"":""KXBTC15M-26APR272045-45"",""trade_id"":""384968ef-30af-6210-d54e-9dd6a992a179"",""yes_price_dollars"":""0.4500""}"
KXBTC15M-26APR272045-45,75459437-dd14-436b-9ce3-fd7925437810,1777336237,0.45,31.89,yes,"{""count_fp"":""31.89"",""created_time"":""2026-04-28T00:30:37.890363Z"",""no_price_dollars"":""0.5500"",""taker_side"":""yes"",""ticker"":""KXBTC15M-26APR272045-45"",""trade_id"":""75459437-dd14-436b-9ce3-fd7925437810"",""yes_price_dollars"":""0.4500""}"
KXBTC15M-26APR272045-45,ae3ecf1c-670c-5a87-6c5d-e44763403010,1777336237,0.45,92.16,yes,"{""count_fp"":""92.16"",""created_time"":""2026-04-28T00:30:37.882301Z"",""no_price_dollars"":""0.5500"",""taker_side"":""yes"",""ticker"":""KXBTC15M-26APR272045-45"",""trade_id"":""ae3ecf1c-670c-5a87-6c5d-e44763403010"",""yes_price_dollars"":""0.4500""}"
KXBTC15M-26APR272045-45,6b5a08b1-1d04-6697-2a25-7c5c9c115864,1777336238,0.45,8.55,yes,"{""count_fp"":""8.55"",""created_time"":""2026-04-28T00:30:38.885327Z"",""no_price_dollars"":""0.5500"",""taker_side"":""yes"",""ticker"":""KXBTC15M-26APR272045-45"",""trade_id"":""6b5a08b1-1d04-6697-2a25-7c5c9c115864"",""yes_price_dollars"":""0.4500""}"
KXBTC15M-26APR272045-45,4cb75c84-f344-75cf-07cb-eca35fc6cbfc,1777336238,0.45,106.99,yes,"{""count_fp"":""106.99"",""created_time"":""2026-04-28T00:30:38.845836Z"",""no_price_dollars"":""0.5500"",""taker_side"":""yes"",""ticker"":""KXBTC15M-26APR272045-45"",""trade_id"":""4cb75c84-f344-75cf-07cb-eca35fc6cbfc"",""yes_price_dollars"":""0.4500""}"
KXBTC15M-26APR272045-45,2851de26-0e00-444f-cb98-179fe73622cc,1777336238,0.45,53.49,yes,"{""count_fp"":""53.49"",""created_time"":""2026-04-28T00:30:38.572849Z"",""no_price_dollars"":""0.5500"",""taker_side"":""yes"",""ticker"":""KXBTC15M-26APR272045-45"",""trade_id"":""2851de26-0e00-444f-cb98-179fe73622cc"",""yes_price_dollars"":""0.4500""}"
KXBTC15M-26APR272045-45,f8f0e76c-6ac8-5207-f4ac-230d5ebef2b4,1777336238,0.45,2.13,yes,"{""count_fp"":""2.13"",""created_time"":""2026-04-28T00:30:38.194707Z"",""no_price_dollars"":""0.5500"",""taker_side"":""yes"",""ticker"":""KXBTC15M-26APR272045-45"",""trade_id"":""f8f0e76c-6ac8-5207-f4ac-230d5ebef2b4"",""yes_price_dollars"":""0.4500""}"
KXBTC15M-26APR272045-45,1b1a12b3-0fac-4ac3-37d9-a5f991a0dd30,1777336239,0.45,2.13,yes,"{""count_fp"":""2.13"",""created_time"":""2026-04-28T00:30:39.873515Z"",""no_price_dollars"":""0.5500"",""taker_side"":""yes"",""ticker"":""KXBTC15M-26APR272045-45"",""trade_id"":""1b1a12b3-0fac-4ac3-37d9-a5f991a0dd30"",""yes_price_dollars"":""0.4500""}"
KXBTC15M-26APR272045-45,aad0f940-3314-4897-a29b-8b12e8f11ecc,1777336239,0.45,4.23,yes,"{""count_fp"":""4.23"",""created_time"":""2026-04-28T00:30:39.541916Z"",""no_price_dollars"":""0.5500"",""taker_side"":""yes"",""ticker"":""KXBTC15M-26APR272045-45"",""trade_id"":""aad0f940-3314-4897-a29b-8b12e8f11ecc"",""yes_price_dollars"":""0.4500""}"
KXBTC15M-26APR272045-45,9fdff3e4-a1cc-54b1-0cd0-0f9cce473311,1777336239,0.44,1.0,no,"{""count_fp"":""1.00"",""created_time"":""2026-04-28T00:30:39.345914Z"",""no_price_dollars"":""0.5600"",""taker_side"":""no"",""ticker"":""KXBTC15M-26APR272045-45"",""trade_id"":""9fdff3e4-a1cc-54b1-0cd0-0f9cce473311"",""yes_price_dollars"":""0.4400""}"
KXBTC15M-26APR272045-45,c7943d0a-5998-426f-8a0c-437c6a37eedc,1777336239,0.45,8.0,yes,"{""count_fp"":""8.00"",""created_time"":""2026-04-28T00:30:39.070127Z"",""no_price_dollars"":""0.5500"",""taker_side"":""yes"",""ticker"":""KXBTC15M-26APR272045-45"",""trade_id"":""c7943d0a-5998-426f-8a0c-437c6a37eedc"",""yes_price_dollars"":""0.4500""}"
KXBTC15M-26APR272045-45,69c17adb-ee73-496c-4998-19e13fd6130f,1777336240,0.43,500.0,yes,"{""count_fp"":""500.00"",""created_time"":""2026-04-28T00:30:40.608707Z"",""no_price_dollars"":""0.5700"",""taker_side"":""yes"",""ticker"":""KXBTC15M-26APR272045-45"",""trade_id"":""69c17adb-ee73-496c-4998-19e13fd6130f"",""yes_price_dollars"":""0.4300""}"
KXBTC15M-26APR272045-45,4803ad37-6c13-4b92-4e3b-c9b0052715d0,1777336240,0.43,10.0,yes,"{""count_fp"":""10.00"",""created_time"":""2026-04-28T00:30:40.608707Z"",""no_price_dollars"":""0.5700"",""taker_side"":""yes"",""ticker"":""KXBTC15M-26APR272045-45"",""trade_id"":""4803ad37-6c13-4b92-4e3b-c9b0052715d0"",""yes_price_dollars"":""0.4300""}"
KXBTC15M-26APR272045-45,2dcb6a36-6dcc-49a9-44dc-6cf0bfd3bb46,1777336240,0.43,14.0,yes,"{""count_fp"":""14.00"",""created_time"":""2026-04-28T00:30:40.608707Z"",""no_price_dollars"":""0.5700"",""taker_side"":""yes"",""ticker"":""KXBTC15M-26APR272045-45"",""trade_id"":""2dcb6a36-6dcc-49a9-44dc-6cf0bfd3bb46"",""yes_price_dollars"":""0.4300""}"
KXBTC15M-26APR272045-45,0a0fc635-0186-418c-4076-e1e735d2e7eb,1777336240,0.44,0.95,yes,"{""count_fp"":""0.95"",""created_time"":""2026-04-28T00:30:40.608707Z"",""no_price_dollars"":""0.5600"",""taker_side"":""yes"",""ticker"":""KXBTC15M-26APR272045-45"",""trade_id"":""0a0fc635-0186-418c-4076-e1e735d2e7eb"",""yes_price_dollars"":""0.4400""}"
KXBTC15M-26APR272045-45,01bf7992-ee0e-419f-576f-2238d41ef5aa,1777336240,0.44,117.0,yes,"{""count_fp"":""117.00"",""created_time"":""2026-04-28T00:30:40.608707Z"",""no_price_dollars"":""0.5600"",""taker_side"":""yes"",""ticker"":""KXBTC15M-26APR272045-45"",""trade_id"":""01bf7992-ee0e-419f-576f-2238d41ef5aa"",""yes_price_dollars"":""0.4400""}"
KXBTC15M-26APR272045-45,eeafab34-81b4-5756-eefd-a50a7ec5beec,1777336240,0.43,1.0,no,"{""count_fp"":""1.00"",""created_time"":""2026-04-28T00:30:40.322695Z"",""no_price_dollars"":""0.5700"",""taker_side"":""no"",""ticker"":""KXBTC15M-26APR272045-45"",""trade_id"":""eeafab34-81b4-5756-eefd-a50a7ec5beec"",""yes_price_dollars"":""0.4300""}"
KXBTC15M-26APR272045-45,a965d951-aace-5167-c5f8-b777e5e6f32e,1777336240,0.41,15.83,no,"{""count_fp"":""15.83"",""created_time"":""2026-04-28T00:30:40.322695Z"",""no_price_dollars"":""0.5900"",""taker_side"":""no"",""ticker"":""KXBTC15M-26APR272045-45"",""trade_id"":""a965d951-aace-5167-c5f8-b777e5e6f32e"",""yes_price_dollars"":""0.4100""}"
KXBTC15M-26APR272045-45,916365f4-c3ac-5029-fe4d-c4ce93f43692,1777336240,0.42,10.0,no,"{""count_fp"":""10.00"",""created_time"":""2026-04-28T00:30:40.322695Z"",""no_price_dollars"":""0.5800"",""taker_side"":""no"",""ticker"":""KXBTC15M-26APR272045-45"",""trade_id"":""916365f4-c3ac-5029-fe4d-c4ce93f43692"",""yes_price_dollars"":""0.4200""}"
KXBTC15M-26APR272045-45,63598630-9b86-5623-c13d-580257ea280f,1777336240,0.42,65.0,no,"{""count_fp"":""65.00"",""created_time"":""2026-04-28T00:30:40.322695Z"",""no_price_dollars"":""0.5800"",""taker_side"":""no"",""ticker"":""KXBTC15M-26APR272045-45"",""trade_id"":""63598630-9b86-5623-c13d-580257ea280f"",""yes_price_dollars"":""0.4200""}"
KXBTC15M-26APR272045-45,5826eaeb-edbc-5006-f80b-4c1924940c0d,1777336240,0.42,2.0,no,"{""count_fp"":""2.00"",""created_time"":""2026-04-28T00:30:40.322695Z"",""no_price_dollars"":""0.5800"",""taker_side"":""no"",""ticker"":""KXBTC15M-26APR272045-45"",""trade_id"":""5826eaeb-edbc-5006-f80b-4c1924940c0d"",""yes_price_dollars"":""0.4200""}"
KXBTC15M-26APR272045-45,2a372c0b-4940-58ef-d8b6-1d99dbfde480,1777336240,0.44,2.61,no,"{""count_fp"":""2.61"",""created_time"":""2026-04-28T00:30:40.322695Z"",""no_price_dollars"":""0.5600"",""taker_side"":""no"",""ticker"":""KXBTC15M-26APR272045-45"",""trade_id"":""2a372c0b-4940-58ef-d8b6-1d99dbfde480"",""yes_price_dollars"":""0.4400""}"
KXBTC15M-26APR272045-45,18bab3e4-3478-59aa-daa4-c85d7f1d28cb,1777336240,0.42,1.0,no,"{""count_fp"":""1.00"",""created_time"":""2026-04-28T00:30:40.322695Z"",""no_price_dollars"":""0.5800"",""taker_side"":""no"",""ticker"":""KXBTC15M-26APR272045-45"",""trade_id"":""18bab3e4-3478-59aa-daa4-c85d7f1d28cb"",""yes_price_dollars"":""0.4200""}"
KXBTC15M-26APR272045-45,189880e1-d17f-50c2-eda6-6f36933455b3,1777336240,0.43,3.0,no,"{""count_fp"":""3.00"",""created_time"":""2026-04-28T00:30:40.322695Z"",""no_price_dollars"":""0.5700"",""taker_side"":""no"",""ticker"":""KXBTC15M-26APR272045-45"",""trade_id"":""189880e1-d17f-50c2-eda6-6f36933455b3"",""yes_price_dollars"":""0.4300""}"
KXBTC15M-26APR272045-45,befed2dc-2758-4273-ec49-a0be15b4c030,1777336240,0.44,17.39,no,"{""count_fp"":""17.39"",""created_time"":""2026-04-28T00:30:40.232051Z"",""no_price_dollars"":""0.5600"",""taker_side"":""no"",""ticker"":""KXBTC15M-26APR272045-45"",""trade_id"":""befed2dc-2758-4273-ec49-a0be15b4c030"",""yes_price_dollars"":""0.4400""}"
KXBTC15M-26APR272045-45,482e0b68-77e3-46ed-f0c7-f1c34f5c333a,1777336240,0.44,1.0,no,"{""count_fp"":""1.00"",""created_time"":""2026-04-28T00:30:40.232051Z"",""no_price_dollars"":""0.5600"",""taker_side"":""no"",""ticker"":""KXBTC15M-26APR272045-45"",""trade_id"":""482e0b68-77e3-46ed-f0c7-f1c34f5c333a"",""yes_price_dollars"":""0.4400""}"
KXBTC15M-26APR272045-45,5ea053f0-8c4f-7e4f-4e2c-a3778d704a13,1777336241,0.44,43.21,yes,"{""count_fp"":""43.21"",""created_time"":""2026-04-28T00:30:41.839897Z"",""no_price_dollars"":""0.5600"",""taker_side"":""yes"",""ticker"":""KXBTC15M-26APR272045-45"",""trade_id"":""5ea053f0-8c4f-7e4f-4e2c-a3778d704a13"",""yes_price_dollars"":""0.4400""}"
KXBTC15M-26APR272045-45,b218838f-0ce6-6931-27db-0fc65b8cf8e4,1777336241,0.44,0.95,yes,"{""count_fp"":""0.95"",""created_time"":""2026-04-28T00:30:41.117348Z"",""no_price_dollars"":""0.5600"",""taker_side"":""yes"",""ticker"":""KXBTC15M-26APR272045-45"",""trade_id"":""b218838f-0ce6-6931-27db-0fc65b8cf8e4"",""yes_price_dollars"":""0.4400""}"
KXBTC15M-26APR272045-45,401b426d-dbf3-6c9f-3b3b-9939b0f3d6db,1777336241,0.44,1.39,yes,"{""count_fp"":""1.39"",""created_time"":""2026-04-28T00:30:41.117348Z"",""no_price_dollars"":""0.5600"",""taker_side"":""yes"",""ticker"":""KXBTC15M-26APR272045-45"",""trade_id"":""401b426d-dbf3-6c9f-3b3b-9939b0f3d6db"",""yes_price_dollars"":""0.4400""}"
KXBTC15M-26APR272045-45,3f2fa604-8cb2-669c-2dd3-c95b15c2b7a7,1777336241,0.44,19.05,yes,"{""count_fp"":""19.05"",""created_time"":""2026-04-28T00:30:41.117348Z"",""no_price_dollars"":""0.5600"",""taker_side"":""yes"",""ticker"":""KXBTC15M-26APR272045-45"",""trade_id"":""3f2fa604-8cb2-669c-2dd3-c95b15c2b7a7"",""yes_price_dollars"":""0.4400""}"
KXBTC15M-26APR272045-45,ffd505eb-829e-4bb7-cb4b-45c32922d350,1777336242,0.43,10.0,no,"{""count_fp"":""10.00"",""created_time"":""2026-04-28T00:30:42.996947Z"",""no_price_dollars"":""0.5700"",""taker_side"":""no"",""ticker"":""KXBTC15M-26APR272045-45"",""trade_id"":""ffd505eb-829e-4bb7-cb4b-45c32922d350"",""yes_price_dollars"":""0.4300""}"
KXBTC15M-26APR272045-45,f7f08d85-4ff2-6d27-065d-72cdc8131178,1777336242,0.43,1.0,no,"{""count_fp"":""1.00"",""created_time"":""2026-04-28T00:30:42.880203Z"",""no_price_dollars"":""0.5700"",""taker_side"":""no"",""ticker"":""KXBTC15M-26APR272045-45"",""trade_id"":""f7f08d85-4ff2-6d27-065d-72cdc8131178"",""yes_price_dollars"":""0.4300""}"
KXBTC15M-26APR272045-45,70217215-2a8f-768b-d240-082638598827,1777336242,0.44,306.17,yes,"{""count_fp"":""306.17"",""created_time"":""2026-04-28T00:30:42.732007Z"",""no_price_dollars"":""0.5600"",""taker_side"":""yes"",""ticker"":""KXBTC15M-26APR272045-45"",""trade_id"":""70217215-2a8f-768b-d240-082638598827"",""yes_price_dollars"":""0.4400""}"
KXBTC15M-26APR272045-45,d459b8b3-9d27-6747-8e2d-7088e656d54b,1777336242,0.44,75.0,yes,"{""count_fp"":""75.00"",""created_time"":""2026-04-28T00:30:42.323943Z"",""no_price_dollars"":""0.5600"",""taker_side"":""yes"",""ticker"":""KXBTC15M-26APR272045-45"",""trade_id"":""d459b8b3-9d27-6747-8e2d-7088e656d54b"",""yes_price_dollars"":""0.4400""}"
KXBTC15M-26APR272045-45,ed8a942c-15e9-7e8f-b53f-01cc9715c24b,1777336243,0.43,20.0,no,"{""count_fp"":""20.00"",""created_time"":""2026-04-28T00:30:43.986462Z"",""no_price_dollars"":""0.5700"",""taker_side"":""no"",""ticker"":""KXBTC15M-26APR272045-45"",""trade_id"":""ed8a942c-15e9-7e8f-b53f-01cc9715c24b"",""yes_price_dollars"":""0.4300""}"
KXBTC15M-26APR272045-45,9312c880-b8ff-7e61-ace0-6de21855be49,1777336243,0.42,0.81,no,"{""count_fp"":""0.81"",""created_time"":""2026-04-28T00:30:43.986462Z"",""no_price_dollars"":""0.5800"",""taker_side"":""no"",""ticker"":""KXBTC15M-26APR272045-45"",""trade_id"":""9312c880-b8ff-7e61-ace0-6de21855be49"",""yes_price_dollars"":""0.4200""}"
KXBTC15M-26APR272045-45,7c7bdca6-00fa-77bb-844e-c05c73b00220,1777336243,0.42,3.0,no,"{""count_fp"":""3.00"",""created_time"":""2026-04-28T00:30:43.986462Z"",""no_price_dollars"":""0.5800"",""taker_side"":""no"",""ticker"":""KXBTC15M-26APR272045-45"",""trade_id"":""7c7bdca6-00fa-77bb-844e-c05c73b00220"",""yes_price_dollars"":""0.4200""}"
KXBTC15M-26APR272045-45,5dd19b51-398e-78fb-a9af-df083659a53e,1777336243,0.43,40.0,no,"{""count_fp"":""40.00"",""created_time"":""2026-04-28T00:30:43.986462Z"",""no_price_dollars"":""0.5700"",""taker_side"":""no"",""ticker"":""KXBTC15M-26APR272045-45"",""trade_id"":""5dd19b51-398e-78fb-a9af-df083659a53e"",""yes_price_dollars"":""0.4300""}"
KXBTC15M-26APR272045-45,44da90f7-214e-7a47-b9b3-b516917d4278,1777336243,0.43,100.9,no,"{""count_fp"":""100.90"",""created_time"":""2026-04-28T00:30:43.986462Z"",""no_price_dollars"":""0.5700"",""taker_side"":""no"",""ticker"":""KXBTC15M-26APR272045-45"",""trade_id"":""44da90f7-214e-7a47-b9b3-b516917d4278"",""yes_price_dollars"":""0.4300""}"
KXBTC15M-26APR272045-45,03a7adce-099d-65c4-2442-4101b4847637,1777336243,0.44,2.18,yes,"{""count_fp"":""2.18"",""created_time"":""2026-04-28T00:30:43.973565Z"",""no_price_dollars"":""0.5600"",""taker_side"":""yes"",""ticker"":""KXBTC15M-26APR272045-45"",""trade_id"":""03a7adce-099d-65c4-2442-4101b4847637"",""yes_price_dollars"":""0.4400""}"
KXBTC15M-26APR272045-45,8dbda47d-bcba-4137-091d-96c000340464,1777336243,0.43,5.1,no,"{""count_fp"":""5.10"",""created_time"":""2026-04-28T00:30:43.789913Z"",""no_price_dollars"":""0.5700"",""taker_side"":""no"",""ticker"":""KXBTC15M-26APR272045-45"",""trade_id"":""8dbda47d-bcba-4137-091d-96c000340464"",""yes_price_dollars"":""0.4300""}"
KXBTC15M-26APR272045-45,d84c55a7-87a5-7180-099f-5fe17d997c2b,1777336243,0.44,22.99,yes,"{""count_fp"":""22.99"",""created_time"":""2026-04-28T00:30:43.626061Z"",""no_price_dollars"":""0.5600"",""taker_side"":""yes"",""ticker"":""KXBTC15M-26APR272045-45"",""trade_id"":""d84c55a7-87a5-7180-099f-5fe17d997c2b"",""yes_price_dollars"":""0.4400""}"
KXBTC15M-26APR272045-45,39956840-c30b-7113-2329-4cf8328efb6f,1777336243,0.44,20.74,yes,"{""count_fp"":""20.74"",""created_time"":""2026-04-28T00:30:43.626061Z"",""no_price_dollars"":""0.5600"",""taker_side"":""yes"",""ticker"":""KXBTC15M-26APR272045-45"",""trade_id"":""39956840-c30b-7113-2329-4cf8328efb6f"",""yes_price_dollars"":""0.4400""}"
KXBTC15M-26APR272045-45,f7185b3f-20df-78cd-6deb-867efd8b2501,1777336244,0.42,16.34,no,"{""count_fp"":""16.34"",""created_time"":""2026-04-28T00:30:44.539279Z"",""no_price_dollars"":""0.5800"",""taker_side"":""no"",""ticker"":""KXBTC15M-26APR272045-45"",""trade_id"":""f7185b3f-20df-78cd-6deb-867efd8b2501"",""yes_price_dollars"":""0.4200""}"
KXBTC15M-26APR272045-45,7a185d06-eccf-45cd-30ec-3f75bf950f2d,1777336244,0.42,5.26,no,"{""count_fp"":""5.26"",""created_time"":""2026-04-28T00:30:44.430354Z"",""no_price_dollars"":""0.5800"",""taker_side"":""no"",""ticker"":""KXBTC15M-26APR272045-45"",""trade_id"":""7a185d06-eccf-45cd-30ec-3f75bf950f2d"",""yes_price_dollars"":""0.4200""}"
KXBTC15M-26APR272045-45,9d7920ac-8f9b-5ed4-d95a-c668f10295ca,1777336245,0.43,22.36,yes,"{""count_fp"":""22.36"",""created_time"":""2026-04-28T00:30:45.967965Z"",""no_price_dollars"":""0.5700"",""taker_side"":""yes"",""ticker"":""KXBTC15M-26APR272045-45"",""trade_id"":""9d7920ac-8f9b-5ed4-d95a-c668f10295ca"",""yes_price_dollars"":""0.4300""}"
KXBTC15M-26APR272045-45,3a699472-e5e7-5a18-f1ee-3399171fbf7a,1777336245,0.43,10.93,yes,"{""count_fp"":""10.93"",""created_time"":""2026-04-28T00:30:45.475999Z"",""no_price_dollars"":""0.5700"",""taker_side"":""yes"",""ticker"":""KXBTC15M-26APR272045-45"",""trade_id"":""3a699472-e5e7-5a18-f1ee-3399171fbf7a"",""yes_price_dollars"":""0.4300""}"
KXBTC15M-26APR272045-45,cdf1d51e-70df-5d98-422f-6e4912030fb6,1777336245,0.43,10.0,yes,"{""count_fp"":""10.00"",""created_time"":""2026-04-28T00:30:45.215259Z"",""no_price_dollars"":""0.5700"",""taker_side"":""yes"",""ticker"":""KXBTC15M-26APR272045-45"",""trade_id"":""cdf1d51e-70df-5d98-422f-6e4912030fb6"",""yes_price_dollars"":""0.4300""}"
KXBTC15M-26APR272045-45,32ef1e07-a913-4d10-f5c7-b06a3bb7812a,1777336245,0.43,21.86,yes,"{""count_fp"":""21.86"",""created_time"":""2026-04-28T00:30:45.132103Z"",""no_price_dollars"":""0.5700"",""taker_side"":""yes"",""ticker"":""KXBTC15M-26APR272045-45"",""trade_id"":""32ef1e07-a913-4d10-f5c7-b06a3bb7812a"",""yes_price_dollars"":""0.4300""}"
KXBTC15M-26APR272045-45,64362910-5cc3-69f5-e929-047a5773801d,1777336245,0.42,35.43,no,"{""count_fp"":""35.43"",""created_time"":""2026-04-28T00:30:45.045501Z"",""no_price_dollars"":""0.5800"",""taker_side"":""no"",""ticker"":""KXBTC15M-26APR272045-45"",""trade_id"":""64362910-5cc3-69f5-e929-047a5773801d"",""yes_price_dollars"":""0.4200""}"
KXBTC15M-26APR272045-45,41b7004e-79b7-47e9-6e9b-054b56b58d69,1777336246,0.42,31.82,no,"{""count_fp"":""31.82"",""created_time"":""2026-04-28T00:30:46.789354Z"",""no_price_dollars"":""0.5800"",""taker_side"":""no"",""ticker"":""KXBTC15M-26APR272045-45"",""trade_id"":""41b7004e-79b7-47e9-6e9b-054b56b58d69"",""yes_price_dollars"":""0.4200""}"
KXBTC15M-26APR272045-45,0ba56ce0-a12b-6588-f33e-d6d717697ee6,1777336246,0.43,22.36,yes,"{""count_fp"":""22.36"",""created_time"":""2026-04-28T00:30:46.638706Z"",""no_price_dollars"":""0.5700"",""taker_side"":""yes"",""ticker"":""KXBTC15M-26APR272045-45"",""trade_id"":""0ba56ce0-a12b-6588-f33e-d6d717697ee6"",""yes_price_dollars"":""0.4300""}"
KXBTC15M-26APR272045-45,3974f5ef-1eb7-5614-f70b-fb6c94059d0a,1777336246,0.43,18.0,yes,"{""count_fp"":""18.00"",""created_time"":""2026-04-28T00:30:46.473098Z"",""no_price_dollars"":""0.5700"",""taker_side"":""yes"",""ticker"":""KXBTC15M-26APR272045-45"",""trade_id"":""3974f5ef-1eb7-5614-f70b-fb6c94059d0a"",""yes_price_dollars"":""0.4300""}"
KXBTC15M-26APR272045-45,e98ba5dd-86fb-6f5d-c182-f1539f306825,1777336246,0.42,2.19,no,"{""count_fp"":""2.19"",""created_time"":""2026-04-28T00:30:46.436523Z"",""no_price_dollars"":""0.5800"",""taker_side"":""no"",""ticker"":""KXBTC15M-26APR272045-45"",""trade_id"":""e98ba5dd-86fb-6f5d-c182-f1539f306825"",""yes_price_dollars"":""0.4200""}"
KXBTC15M-26APR272045-45,21e62aeb-34f7-7bf0-76e7-a13ce2a84a0e,1777336246,0.43,17.89,yes,"{""count_fp"":""17.89"",""created_time"":""2026-04-28T00:30:46.001454Z"",""no_price_dollars"":""0.5700"",""taker_side"":""yes"",""ticker"":""KXBTC15M-26APR272045-45"",""trade_id"":""21e62aeb-34f7-7bf0-76e7-a13ce2a84a0e"",""yes_price_dollars"":""0.4300""}"
KXBTC15M-26APR272045-45,4efa6a9a-9567-489c-ce4f-1696b919ee46,1777336247,0.43,22.36,yes,"{""count_fp"":""22.36"",""created_time"":""2026-04-28T00:30:47.949124Z"",""no_price_dollars"":""0.5700"",""taker_side"":""yes"",""ticker"":""KXBTC15M-26APR272045-45"",""trade_id"":""4efa6a9a-9567-489c-ce4f-1696b919ee46"",""yes_price_dollars"":""0.4300""}"
KXBTC15M-26APR272045-45,d2220a96-2c3b-5734-8f43-d097727e87da,1777336247,0.43,2.23,yes,"{""count_fp"":""2.23"",""created_time"":""2026-04-28T00:30:47.302309Z"",""no_price_dollars"":""0.5700"",""taker_side"":""yes"",""ticker"":""KXBTC15M-26APR272045-45"",""trade_id"":""d2220a96-2c3b-5734-8f43-d097727e87da"",""yes_price_dollars"":""0.4300""}"
KXBTC15M-26APR272045-45,918e8401-2274-4204-5b59-6b3b42dcb37a,1777336248,0.42,2.37,no,"{""count_fp"":""2.37"",""created_time"":""2026-04-28T00:30:48.966689Z"",""no_price_dollars"":""0.5800"",""taker_side"":""no"",""ticker"":""KXBTC15M-26APR272045-45"",""trade_id"":""918e8401-2274-4204-5b59-6b3b42dcb37a"",""yes_price_dollars"":""0.4200""}"
KXBTC15M-26APR272045-45,f10d26ee-e53b-4e00-fd18-1046e10a2c56,1777336248,0.43,7.37,yes,"{""count_fp"":""7.37"",""created_time"":""2026-04-28T00:30:48.168865Z"",""no_price_dollars"":""0.5700"",""taker_side"":""yes"",""ticker"":""KXBTC15M-26APR272045-45"",""trade_id"":""f10d26ee-e53b-4e00-fd18-1046e10a2c56"",""yes_price_dollars"":""0.4300""}"
KXBTC15M-26APR272045-45,e518a878-ed87-5798-fb91-fed59f82e4da,1777336248,0.43,4.47,yes,"{""count_fp"":""4.47"",""created_time"":""2026-04-28T00:30:48.139801Z"",""no_price_dollars"":""0.5700"",""taker_side"":""yes"",""ticker"":""KXBTC15M-26APR272045-45"",""trade_id"":""e518a878-ed87-5798-fb91-fed59f82e4da"",""yes_price_dollars"":""0.4300""}"
KXBTC15M-26APR272045-45,d621bb05-9063-43d4-cd70-4e077c4904fe,1777336248,0.43,17.89,yes,"{""count_fp"":""17.89"",""created_time"":""2026-04-28T00:30:48.034433Z"",""no_price_dollars"":""0.5700"",""taker_side"":""yes"",""ticker"":""KXBTC15M-26APR272045-45"",""trade_id"":""d621bb05-9063-43d4-cd70-4e077c4904fe"",""yes_price_dollars"":""0.4300""}"
KXBTC15M-26APR272045-45,02ad572b-c26d-6ec3-9f47-319416fbc3e3,1777336249,0.43,22.36,yes,"{""count_fp"":""22.36"",""created_time"":""2026-04-28T00:30:49.819579Z"",""no_price_dollars"":""0.5700"",""taker_side"":""yes"",""ticker"":""KXBTC15M-26APR272045-45"",""trade_id"":""02ad572b-c26d-6ec3-9f47-319416fbc3e3"",""yes_price_dollars"":""0.4300""}"
KXBTC15M-26APR272045-45,1235e46d-f400-4bdc-f212-b8686d03c4d2,1777336249,0.42,16.74,no,"{""count_fp"":""16.74"",""created_time"":""2026-04-28T00:30:49.596784Z"",""no_price_dollars"":""0.5800"",""taker_side"":""no"",""ticker"":""KXBTC15M-26APR272045-45"",""trade_id"":""1235e46d-f400-4bdc-f212-b8686d03c4d2"",""yes_price_dollars"":""0.4200""}"
KXBTC15M-26APR272045-45,5c1ccc05-2b58-4f50-ccd9-5312e4235386,1777336249,0.42,21.77,no,"{""count_fp"":""21.77"",""created_time"":""2026-04-28T00:30:49.377649Z"",""no_price_dollars"":""0.5800"",""taker_side"":""no"",""ticker"":""KXBTC15M-26APR272045-45"",""trade_id"":""5c1ccc05-2b58-4f50-ccd9-5312e4235386"",""yes_price_dollars"":""0.4200""}"
KXBTC15M-26APR272045-45,c469eb23-218d-51d0-c95c-37c0c03a648b,1777336249,0.44,165.94,yes,"{""count_fp"":""165.94"",""created_time"":""2026-04-28T00:30:49.205434Z"",""no_price_dollars"":""0.5600"",""taker_side"":""yes"",""ticker"":""KXBTC15M-26APR272045-45"",""trade_id"":""c469eb23-218d-51d0-c95c-37c0c03a648b"",""yes_price_dollars"":""0.4400""}"
KXBTC15M-26APR272045-45,4c51c56f-cb4f-5e2b-f2aa-24ae688629f7,1777336249,0.43,499.0,yes,"{""count_fp"":""499.00"",""created_time"":""2026-04-28T00:30:49.205434Z"",""no_price_dollars"":""0.5700"",""taker_side"":""yes"",""ticker"":""KXBTC15M-26APR272045-45"",""trade_id"":""4c51c56f-cb4f-5e2b-f2aa-24ae688629f7"",""yes_price_dollars"":""0.4300""}"
KXBTC15M-26APR272045-45,80d237a4-9883-4d6b-7fc9-289aa2892d33,1777336249,0.43,1.0,yes,"{""count_fp"":""1.00"",""created_time"":""2026-04-28T00:30:49.182735Z"",""no_price_dollars"":""0.5700"",""taker_side"":""yes"",""ticker"":""KXBTC15M-26APR272045-45"",""trade_id"":""80d237a4-9883-4d6b-7fc9-289aa2892d33"",""yes_price_dollars"":""0.4300""}"
KXBTC15M-26APR272045-45,e209972e-20b9-62d4-75c5-b7bcfa3f0945,1777336249,0.43,20.0,yes,"{""count_fp"":""20.00"",""created_time"":""2026-04-28T00:30:49.046402Z"",""no_price_dollars"":""0.5700"",""taker_side"":""yes"",""ticker"":""KXBTC15M-26APR272045-45"",""trade_id"":""e209972e-20b9-62d4-75c5-b7bcfa3f0945"",""yes_price_dollars"":""0.4300""}"
KXBTC15M-26APR272045-45,d77017ba-8e32-668e-618c-213d238580c5,1777336249,0.43,10.0,yes,"{""count_fp"":""10.00"",""created_time"":""2026-04-28T00:30:49.046402Z"",""no_price_dollars"":""0.5700"",""taker_side"":""yes"",""ticker"":""KXBTC15M-26APR272045-45"",""trade_id"":""d77017ba-8e32-668e-618c-213d238580c5"",""yes_price_dollars"":""0.4300""}"
KXBTC15M-26APR272045-45,d5f9f7a0-ab9c-60ff-6ef1-d8bf39c08e81,1777336249,0.43,30.0,yes,"{""count_fp"":""30.00"",""created_time"":""2026-04-28T00:30:49.046402Z"",""no_price_dollars"":""0.5700"",""taker_side"":""yes"",""ticker"":""KXBTC15M-26APR272045-45"",""trade_id"":""d5f9f7a0-ab9c-60ff-6ef1-d8bf39c08e81"",""yes_price_dollars"":""0.4300""}"
KXBTC15M-26APR272045-45,cc152a98-2874-6e10-4853-dacc0ae117da,1777336249,0.43,19.0,yes,"{""count_fp"":""19.00"",""created_time"":""2026-04-28T00:30:49.046402Z"",""no_price_dollars"":""0.5700"",""taker_side"":""yes"",""ticker"":""KXBTC15M-26APR272045-45"",""trade_id"":""cc152a98-2874-6e10-4853-dacc0ae117da"",""yes_price_dollars"":""0.4300""}"
KXBTC15M-26APR272045-45,4a9e2929-eb07-6bf0-61f8-756d9c5a07ca,1777336249,0.43,287.28,yes,"{""count_fp"":""287.28"",""created_time"":""2026-04-28T00:30:49.046402Z"",""no_price_dollars"":""0.5700"",""taker_side"":""yes"",""ticker"":""KXBTC15M-26APR272045-45"",""trade_id"":""4a9e2929-eb07-6bf0-61f8-756d9c5a07ca"",""yes_price_dollars"":""0.4300""}"
KXBTC15M-26APR272045-45,1691f8d1-7795-6c04-7b2e-e27dffbb93b3,1777336249,0.44,945.91,yes,"{""count_fp"":""945.91"",""created_time"":""2026-04-28T00:30:49.046402Z"",""no_price_dollars"":""0.5600"",""taker_side"":""yes"",""ticker"":""KXBTC15M-26APR272045-45"",""trade_id"":""1691f8d1-7795-6c04-7b2e-e27dffbb93b3"",""yes_price_dollars"":""0.4400""}"
KXBTC15M-26APR272045-45,cd61d8e2-c0db-5048-0763-97b138548a1a,1777336249,0.43,35.0,yes,"{""count_fp"":""35.00"",""created_time"":""2026-04-28T00:30:49.014149Z"",""no_price_dollars"":""0.5700"",""taker_side"":""yes"",""ticker"":""KXBTC15M-26APR272045-45"",""trade_id"":""cd61d8e2-c0db-5048-0763-97b138548a1a"",""yes_price_dollars"":""0.4300""}"
KXBTC15M-26APR272045-45,f30a8ec2-e90c-7d4c-ca25-166477bc6f4e,1777336249,0.42,3.68,no,"{""count_fp"":""3.68"",""created_time"":""2026-04-28T00:30:49.010159Z"",""no_price_dollars"":""0.5800"",""taker_side"":""no"",""ticker"":""KXBTC15M-26APR272045-45"",""trade_id"":""f30a8ec2-e90c-7d4c-ca25-166477bc6f4e"",""yes_price_dollars"":""0.4200""}"
KXBTC15M-26APR272045-45,bbb67e6c-f255-5528-d84f-9afdac6c931c,1777336250,0.42,17.89,yes,"{""count_fp"":""17.89"",""created_time"":""2026-04-28T00:30:50.769092Z"",""no_price_dollars"":""0.5800"",""taker_side"":""yes"",""ticker"":""KXBTC15M-26APR272045-45"",""trade_id"":""bbb67e6c-f255-5528-d84f-9afdac6c931c"",""yes_price_dollars"":""0.4200""}"
KXBTC15M-26APR272045-45,7d48df84-cdc5-4d64-144d-e6fe4fd02198,1777336250,0.42,22.13,yes,"{""count_fp"":""22.13"",""created_time"":""2026-04-28T00:30:50.704929Z"",""no_price_dollars"":""0.5800"",""taker_side"":""yes"",""ticker"":""KXBTC15M-26APR272045-45"",""trade_id"":""7d48df84-cdc5-4d64-144d-e6fe4fd02198"",""yes_price_dollars"":""0.4200""}"
KXBTC15M-26APR272045-45,6112edc5-4269-4388-1cf9-73c47f9a7dc4,1777336250,0.42,11.18,yes,"{""count_fp"":""11.18"",""created_time"":""2026-04-28T00:30:50.657375Z"",""no_price_dollars"":""0.5800"",""taker_side"":""yes"",""ticker"":""KXBTC15M-26APR272045-45"",""trade_id"":""6112edc5-4269-4388-1cf9-73c47f9a7dc4"",""yes_price_dollars"":""0.4200""}"
KXBTC15M-26APR272045-45,6d006177-9f81-5068-3108-5d32d3437434,1777336250,0.42,23.0,yes,"{""count_fp"":""23.00"",""created_time"":""2026-04-28T00:30:50.635691Z"",""no_price_dollars"":""0.5800"",""taker_side"":""yes"",""ticker"":""KXBTC15M-26APR272045-45"",""trade_id"":""6d006177-9f81-5068-3108-5d32d3437434"",""yes_price_dollars"":""0.4200""}"
KXBTC15M-26APR272045-45,ddb4aa4a-d759-4d68-dbbd-717ad254aa84,1777336250,0.42,11.18,yes,"{""count_fp"":""11.18"",""created_time"":""2026-04-28T00:30:50.008843Z"",""no_price_dollars"":""0.5800"",""taker_side"":""yes"",""ticker"":""KXBTC15M-26APR272045-45"",""trade_id"":""ddb4aa4a-d759-4d68-dbbd-717ad254aa84"",""yes_price_dollars"":""0.4200""}"
KXBTC15M-26APR272045-45,fd43dd05-d42b-5602-d43c-43d1a07dcb1a,1777336250,0.42,10.0,no,"{""count_fp"":""10.00"",""created_time"":""2026-04-28T00:30:50.002632Z"",""no_price_dollars"":""0.5800"",""taker_side"":""no"",""ticker"":""KXBTC15M-26APR272045-45"",""trade_id"":""fd43dd05-d42b-5602-d43c-43d1a07dcb1a"",""yes_price_dollars"":""0.4200""}"
KXBTC15M-26APR272045-45,f7b45b95-46ba-571b-ce3e-e0d85bf6f308,1777336250,0.42,117.0,no,"{""count_fp"":""117.00"",""created_time"":""2026-04-28T00:30:50.002632Z"",""no_price_dollars"":""0.5800"",""taker_side"":""no"",""ticker"":""KXBTC15M-26APR272045-45"",""trade_id"":""f7b45b95-46ba-571b-ce3e-e0d85bf6f308"",""yes_price_dollars"":""0.4200""}"
KXBTC15M-26APR272045-45,c1244023-99e6-5fa2-f6b5-9afd818eaade,1777336250,0.42,1.0,no,"{""count_fp"":""1.00"",""created_time"":""2026-04-28T00:30:50.002632Z"",""no_price_dollars"":""0.5800"",""taker_side"":""no"",""ticker"":""KXBTC15M-26APR272045-45"",""trade_id"":""c1244023-99e6-5fa2-f6b5-9afd818eaade"",""yes_price_dollars"":""0.4200""}"
KXBTC15M-26APR272045-45,9b2ee0a3-0e44-56eb-ef0f-1d9df0863189,1777336250,0.42,100.0,no,"{""count_fp"":""100.00"",""created_time"":""2026-04-28T00:30:50.002632Z"",""no_price_dollars"":""0.5800"",""taker_side"":""no"",""ticker"":""KXBTC15M-26APR272045-45"",""trade_id"":""9b2ee0a3-0e44-56eb-ef0f-1d9df0863189"",""yes_price_dollars"":""0.4200""}"
KXBTC15M-26APR272045-45,600c8c28-f013-5e5d-fc9a-1b77c8b51561,1777336250,0.42,400.0,no,"{""count_fp"":""400.00"",""created_time"":""2026-04-28T00:30:50.002632Z"",""no_price_dollars"":""0.5800"",""taker_side"":""no"",""ticker"":""KXBTC15M-26APR272045-45"",""trade_id"":""600c8c28-f013-5e5d-fc9a-1b77c8b51561"",""yes_price_dollars"":""0.4200""}"
KXBTC15M-26APR272045-45,0ba55a9b-94d0-5588-ffa6-4640f53c7362,1777336250,0.42,11.44,no,"{""count_fp"":""11.44"",""created_time"":""2026-04-28T00:30:50.002632Z"",""no_price_dollars"":""0.5800"",""taker_side"":""no"",""ticker"":""KXBTC15M-26APR272045-45"",""trade_id"":""0ba55a9b-94d0-5588-ffa6-4640f53c7362"",""yes_price_dollars"":""0.4200""}"
KXBTC15M-26APR272045-45,1b41177f-80a6-4b8b-220f-36d6cf1edf96,1777336251,0.41,18.11,no,"{""count_fp"":""18.11"",""created_time"":""2026-04-28T00:30:51.658262Z"",""no_price_dollars"":""0.5900"",""taker_side"":""no"",""ticker"":""KXBTC15M-26APR272045-45"",""trade_id"":""1b41177f-80a6-4b8b-220f-36d6cf1edf96"",""yes_price_dollars"":""0.4100""}"
KXBTC15M-26APR272045-45,cd609c9f-3a75-4f68-edfa-f60bb98e9220,1777336251,0.42,11.18,yes,"{""count_fp"":""11.18"",""created_time"":""2026-04-28T00:30:51.483303Z"",""no_price_dollars"":""0.5800"",""taker_side"":""yes"",""ticker"":""KXBTC15M-26APR272045-45"",""trade_id"":""cd609c9f-3a75-4f68-edfa-f60bb98e9220"",""yes_price_dollars"":""0.4200""}"
KXBTC15M-26APR272045-45,0eb9b533-3849-5384-4578-1108722337e0,1777336251,0.42,57.2,yes,"{""count_fp"":""57.20"",""created_time"":""2026-04-28T00:30:51.442268Z"",""no_price_dollars"":""0.5800"",""taker_side"":""yes"",""ticker"":""KXBTC15M-26APR272045-45"",""trade_id"":""0eb9b533-3849-5384-4578-1108722337e0"",""yes_price_dollars"":""0.4200""}"
KXBTC15M-26APR272045-45,47bebeae-5fba-61e7-98f3-76058b8a91be,1777336251,0.41,0.32,no,"{""count_fp"":""0.32"",""created_time"":""2026-04-28T00:30:51.249663Z"",""no_price_dollars"":""0.5900"",""taker_side"":""no"",""ticker"":""KXBTC15M-26APR272045-45"",""trade_id"":""47bebeae-5fba-61e7-98f3-76058b8a91be"",""yes_price_dollars"":""0.4100""}"
KXBTC15M-26APR272045-45,a7a6982e-f7d1-5530-9a0f-a36023d3a340,1777336252,0.42,11.44,yes,"{""count_fp"":""11.44"",""created_time"":""2026-04-28T00:30:52.154035Z"",""no_price_dollars"":""0.5800"",""taker_side"":""yes"",""ticker"":""KXBTC15M-26APR272045-45"",""trade_id"":""a7a6982e-f7d1-5530-9a0f-a36023d3a340"",""yes_price_dollars"":""0.4200""}"
KXBTC15M-26APR272045-45,450ac0ec-931d-4fc8-08b4-2989bf0e11c4,1777336253,0.42,34.32,yes,"{""count_fp"":""34.32"",""created_time"":""2026-04-28T00:30:53.833219Z"",""no_price_dollars"":""0.5800"",""taker_side"":""yes"",""ticker"":""KXBTC15M-26APR272045-45"",""trade_id"":""450ac0ec-931d-4fc8-08b4-2989bf0e11c4"",""yes_price_dollars"":""0.4200""}"
KXBTC15M-26APR272045-45,1adebd6f-e8dd-73b4-65f2-2ff1cbcda8c8,1777336253,0.42,22.88,yes,"{""count_fp"":""22.88"",""created_time"":""2026-04-28T00:30:53.817431Z"",""no_price_dollars"":""0.5800"",""taker_side"":""yes"",""ticker"":""KXBTC15M-26APR272045-45"",""trade_id"":""1adebd6f-e8dd-73b4-65f2-2ff1cbcda8c8"",""yes_price_dollars"":""0.4200""}"
KXBTC15M-26APR272045-45,e60c3415-6dba-742b-3bf6-441e47d31a9a,1777336253,0.41,11.0,no,"{""count_fp"":""11.00"",""created_time"":""2026-04-28T00:30:53.660223Z"",""no_price_dollars"":""0.5900"",""taker_side"":""no"",""ticker"":""KXBTC15M-26APR272045-45"",""trade_id"":""e60c3415-6dba-742b-3bf6-441e47d31a9a"",""yes_price_dollars"":""0.4100""}"
KXBTC15M-26APR272045-45,acaeb444-b632-7acf-19d7-dc58b7b2ee46,1777336253,0.41,1.64,no,"{""count_fp"":""1.64"",""created_time"":""2026-04-28T00:30:53.255192Z"",""no_price_dollars"":""0.5900"",""taker_side"":""no"",""ticker"":""KXBTC15M-26APR272045-45"",""trade_id"":""acaeb444-b632-7acf-19d7-dc58b7b2ee46"",""yes_price_dollars"":""0.4100""}"
KXBTC15M-26APR272045-45,10ef0859-c035-77ec-c356-c913ad3ae498,1777336253,0.42,6.86,yes,"{""count_fp"":""6.86"",""created_time"":""2026-04-28T00:30:53.251438Z"",""no_price_dollars"":""0.5800"",""taker_side"":""yes"",""ticker"":""KXBTC15M-26APR272045-45"",""trade_id"":""10ef0859-c035-77ec-c356-c913ad3ae498"",""yes_price_dollars"":""0.4200""}"
KXBTC15M-26APR272045-45,0713dea9-86ae-5733-b9f2-3a6a05089952,1777336254,0.41,2.0,no,"{""count_fp"":""2.00"",""created_time"":""2026-04-28T00:30:54.954611Z"",""no_price_dollars"":""0.5900"",""taker_side"":""no"",""ticker"":""KXBTC15M-26APR272045-45"",""trade_id"":""0713dea9-86ae-5733-b9f2-3a6a05089952"",""yes_price_dollars"":""0.4100""}"
KXBTC15M-26APR272045-45,f5cd27ba-15d5-4040-7817-648ddc9f3870,1777336254,0.42,0.73,yes,"{""count_fp"":""0.73"",""created_time"":""2026-04-28T00:30:54.939906Z"",""no_price_dollars"":""0.5800"",""taker_side"":""yes"",""ticker"":""KXBTC15M-26APR272045-45"",""trade_id"":""f5cd27ba-15d5-4040-7817-648ddc9f3870"",""yes_price_dollars"":""0.4200""}"
KXBTC15M-26APR272045-45,05bbd4db-94ad-4f18-0c91-22c750a7ecb4,1777336254,0.42,50.0,yes,"{""count_fp"":""50.00"",""created_time"":""2026-04-28T00:30:54.843346Z"",""no_price_dollars"":""0.5800"",""taker_side"":""yes"",""ticker"":""KXBTC15M-26APR272045-45"",""trade_id"":""05bbd4db-94ad-4f18-0c91-22c750a7ecb4"",""yes_price_dollars"":""0.4200""}"
KXBTC15M-26APR272045-45,20e6d7a9-50ae-51c3-8836-ab80155ffb06,1777336254,0.41,4.94,no,"{""count_fp"":""4.94"",""created_time"":""2026-04-28T00:30:54.763911Z"",""no_price_dollars"":""0.5900"",""taker_side"":""no"",""ticker"":""KXBTC15M-26APR272045-45"",""trade_id"":""20e6d7a9-50ae-51c3-8836-ab80155ffb06"",""yes_price_dollars"":""0.4100""}"
KXBTC15M-26APR272045-45,1c7d3c26-6a72-5e2b-e940-ccf46bbbe1a2,1777336254,0.41,2.39,no,"{""count_fp"":""2.39"",""created_time"":""2026-04-28T00:30:54.442845Z"",""no_price_dollars"":""0.5900"",""taker_side"":""no"",""ticker"":""KXBTC15M-26APR272045-45"",""trade_id"":""1c7d3c26-6a72-5e2b-e940-ccf46bbbe1a2"",""yes_price_dollars"":""0.4100""}"
