ticker,trade_id,ts,yes_price,count,taker_side,raw_json
KXBTC15M-26APR271630-30,4d67c426-ea0f-7fa4-22bb-3110be5b70f4,1777320900,0.53,1.0,no,"{""count_fp"":""1.00"",""created_time"":""2026-04-27T20:15:00.971692Z"",""no_price_dollars"":""0.4700"",""taker_side"":""no"",""ticker"":""KXBTC15M-26APR271630-30"",""trade_id"":""4d67c426-ea0f-7fa4-22bb-3110be5b70f4"",""yes_price_dollars"":""0.5300""}"
KXBTC15M-26APR271630-30,e959860f-4b63-71fb-b2ce-6081d6e518cf,1777320901,0.51,56.0,no,"{""count_fp"":""56.00"",""created_time"":""2026-04-27T20:15:01.641161Z"",""no_price_dollars"":""0.4900"",""taker_side"":""no"",""ticker"":""KXBTC15M-26APR271630-30"",""trade_id"":""e959860f-4b63-71fb-b2ce-6081d6e518cf"",""yes_price_dollars"":""0.5100""}"
KXBTC15M-26APR271630-30,c4573426-567f-73d2-8fa8-f385bbbbb24f,1777320901,0.53,12.0,no,"{""count_fp"":""12.00"",""created_time"":""2026-04-27T20:15:01.641161Z"",""no_price_dollars"":""0.4700"",""taker_side"":""no"",""ticker"":""KXBTC15M-26APR271630-30"",""trade_id"":""c4573426-567f-73d2-8fa8-f385bbbbb24f"",""yes_price_dollars"":""0.5300""}"
KXBTC15M-26APR271630-30,af4b6caa-0572-78f5-902f-bd6cef6421be,1777320901,0.5,38.0,no,"{""count_fp"":""38.00"",""created_time"":""2026-04-27T20:15:01.641161Z"",""no_price_dollars"":""0.5000"",""taker_side"":""no"",""ticker"":""KXBTC15M-26APR271630-30"",""trade_id"":""af4b6caa-0572-78f5-902f-bd6cef6421be"",""yes_price_dollars"":""0.5000""}"
KXBTC15M-26APR271630-30,78e67f00-71fd-7200-91e8-c635724f99bc,1777320901,0.53,14.0,no,"{""count_fp"":""14.00"",""created_time"":""2026-04-27T20:15:01.641161Z"",""no_price_dollars"":""0.4700"",""taker_side"":""no"",""ticker"":""KXBTC15M-26APR271630-30"",""trade_id"":""78e67f00-71fd-7200-91e8-c635724f99bc"",""yes_price_dollars"":""0.5300""}"
KXBTC15M-26APR271630-30,ec8f92d9-6e87-4762-d8b5-3d99e30288e7,1777320901,0.53,6.0,no,"{""count_fp"":""6.00"",""created_time"":""2026-04-27T20:15:01.579825Z"",""no_price_dollars"":""0.4700"",""taker_side"":""no"",""ticker"":""KXBTC15M-26APR271630-30"",""trade_id"":""ec8f92d9-6e87-4762-d8b5-3d99e30288e7"",""yes_price_dollars"":""0.5300""}"
KXBTC15M-26APR271630-30,fdfb65e7-d3fa-59b9-9dfc-d92e89615097,1777320903,0.51,83.61,no,"{""count_fp"":""83.61"",""created_time"":""2026-04-27T20:15:03.735404Z"",""no_price_dollars"":""0.4900"",""taker_side"":""no"",""ticker"":""KXBTC15M-26APR271630-30"",""trade_id"":""fdfb65e7-d3fa-59b9-9dfc-d92e89615097"",""yes_price_dollars"":""0.5100""}"
KXBTC15M-26APR271630-30,78eb3f41-6cfa-5921-9a9f-91efb685525a,1777320903,0.52,13.0,no,"{""count_fp"":""13.00"",""created_time"":""2026-04-27T20:15:03.735404Z"",""no_price_dollars"":""0.4800"",""taker_side"":""no"",""ticker"":""KXBTC15M-26APR271630-30"",""trade_id"":""78eb3f41-6cfa-5921-9a9f-91efb685525a"",""yes_price_dollars"":""0.5200""}"
KXBTC15M-26APR271630-30,c21e2388-7a9e-5e45-55df-1a2077fe9ce2,1777320903,0.52,1.0,no,"{""count_fp"":""1.00"",""created_time"":""2026-04-27T20:15:03.367203Z"",""no_price_dollars"":""0.4800"",""taker_side"":""no"",""ticker"":""KXBTC15M-26APR271630-30"",""trade_id"":""c21e2388-7a9e-5e45-55df-1a2077fe9ce2"",""yes_price_dollars"":""0.5200""}"
KXBTC15M-26APR271630-30,293a0948-52f7-5e56-148d-639e6c38c33e,1777320904,0.53,1.0,no,"{""count_fp"":""1.00"",""created_time"":""2026-04-27T20:15:04.889874Z"",""no_price_dollars"":""0.4700"",""taker_side"":""no"",""ticker"":""KXBTC15M-26APR271630-30"",""trade_id"":""293a0948-52f7-5e56-148d-639e6c38c33e"",""yes_price_dollars"":""0.5300""}"
KXBTC15M-26APR271630-30,14741e57-37be-5e55-08e6-b75125bf437e,1777320904,0.5,31.0,no,"{""count_fp"":""31.00"",""created_time"":""2026-04-27T20:15:04.889874Z"",""no_price_dollars"":""0.5000"",""taker_side"":""no"",""ticker"":""KXBTC15M-26APR271630-30"",""trade_id"":""14741e57-37be-5e55-08e6-b75125bf437e"",""yes_price_dollars"":""0.5000""}"
KXBTC15M-26APR271630-30,36392f24-3d4a-620e-4a11-7938dfb1aa7d,1777320904,0.52,2.0,no,"{""count_fp"":""2.00"",""created_time"":""2026-04-27T20:15:04.641185Z"",""no_price_dollars"":""0.4800"",""taker_side"":""no"",""ticker"":""KXBTC15M-26APR271630-30"",""trade_id"":""36392f24-3d4a-620e-4a11-7938dfb1aa7d"",""yes_price_dollars"":""0.5200""}"
KXBTC15M-26APR271630-30,a2e05fb8-a7db-73a8-4cbc-08d40e7bebad,1777320904,0.54,1.76,yes,"{""count_fp"":""1.76"",""created_time"":""2026-04-27T20:15:04.618774Z"",""no_price_dollars"":""0.4600"",""taker_side"":""yes"",""ticker"":""KXBTC15M-26APR271630-30"",""trade_id"":""a2e05fb8-a7db-73a8-4cbc-08d40e7bebad"",""yes_price_dollars"":""0.5400""}"
KXBTC15M-26APR271630-30,6751118b-3235-6881-da8c-6044e6063bed,1777320904,0.53,1.0,no,"{""count_fp"":""1.00"",""created_time"":""2026-04-27T20:15:04.617278Z"",""no_price_dollars"":""0.4700"",""taker_side"":""no"",""ticker"":""KXBTC15M-26APR271630-30"",""trade_id"":""6751118b-3235-6881-da8c-6044e6063bed"",""yes_price_dollars"":""0.5300""}"
KXBTC15M-26APR271630-30,13f7964d-8c62-64e2-c94e-bd0f062d2a45,1777320904,0.52,7.0,no,"{""count_fp"":""7.00"",""created_time"":""2026-04-27T20:15:04.617278Z"",""no_price_dollars"":""0.4800"",""taker_side"":""no"",""ticker"":""KXBTC15M-26APR271630-30"",""trade_id"":""13f7964d-8c62-64e2-c94e-bd0f062d2a45"",""yes_price_dollars"":""0.5200""}"
KXBTC15M-26APR271630-30,9550ce01-7632-4540-0284-91b31c823e7a,1777320904,0.52,1.0,no,"{""count_fp"":""1.00"",""created_time"":""2026-04-27T20:15:04.016528Z"",""no_price_dollars"":""0.4800"",""taker_side"":""no"",""ticker"":""KXBTC15M-26APR271630-30"",""trade_id"":""9550ce01-7632-4540-0284-91b31c823e7a"",""yes_price_dollars"":""0.5200""}"
KXBTC15M-26APR271630-30,9b0adb3c-1c7a-6863-73a4-8a44f3bc6fff,1777320905,0.52,3.95,no,"{""count_fp"":""3.95"",""created_time"":""2026-04-27T20:15:05.928983Z"",""no_price_dollars"":""0.4800"",""taker_side"":""no"",""ticker"":""KXBTC15M-26APR271630-30"",""trade_id"":""9b0adb3c-1c7a-6863-73a4-8a44f3bc6fff"",""yes_price_dollars"":""0.5200""}"
KXBTC15M-26APR271630-30,76f49e6c-f08c-693f-7c54-47d177991923,1777320905,0.51,1.69,no,"{""count_fp"":""1.69"",""created_time"":""2026-04-27T20:15:05.928983Z"",""no_price_dollars"":""0.4900"",""taker_side"":""no"",""ticker"":""KXBTC15M-26APR271630-30"",""trade_id"":""76f49e6c-f08c-693f-7c54-47d177991923"",""yes_price_dollars"":""0.5100""}"
KXBTC15M-26APR271630-30,384632e0-3893-6c2a-4ec2-64500f3af671,1777320905,0.52,10.0,no,"{""count_fp"":""10.00"",""created_time"":""2026-04-27T20:15:05.928983Z"",""no_price_dollars"":""0.4800"",""taker_side"":""no"",""ticker"":""KXBTC15M-26APR271630-30"",""trade_id"":""384632e0-3893-6c2a-4ec2-64500f3af671"",""yes_price_dollars"":""0.5200""}"
KXBTC15M-26APR271630-30,90c2f2b8-aa8a-77cb-81b2-f81ba81f2d1f,1777320905,0.52,10.05,no,"{""count_fp"":""10.05"",""created_time"":""2026-04-27T20:15:05.436004Z"",""no_price_dollars"":""0.4800"",""taker_side"":""no"",""ticker"":""KXBTC15M-26APR271630-30"",""trade_id"":""90c2f2b8-aa8a-77cb-81b2-f81ba81f2d1f"",""yes_price_dollars"":""0.5200""}"
KXBTC15M-26APR271630-30,8b416f20-f0b7-4a00-466f-c3d7f395e361,1777320906,0.54,44.85,yes,"{""count_fp"":""44.85"",""created_time"":""2026-04-27T20:15:06.946077Z"",""no_price_dollars"":""0.4600"",""taker_side"":""yes"",""ticker"":""KXBTC15M-26APR271630-30"",""trade_id"":""8b416f20-f0b7-4a00-466f-c3d7f395e361"",""yes_price_dollars"":""0.5400""}"
KXBTC15M-26APR271630-30,05eaa3b3-f7ef-41ac-2ccb-f43754bf28c5,1777320906,0.54,44.85,yes,"{""count_fp"":""44.85"",""created_time"":""2026-04-27T20:15:06.644259Z"",""no_price_dollars"":""0.4600"",""taker_side"":""yes"",""ticker"":""KXBTC15M-26APR271630-30"",""trade_id"":""05eaa3b3-f7ef-41ac-2ccb-f43754bf28c5"",""yes_price_dollars"":""0.5400""}"
KXBTC15M-26APR271630-30,5c224675-a44c-4615-4c44-5d50bc507dd9,1777320906,0.51,45.69,no,"{""count_fp"":""45.69"",""created_time"":""2026-04-27T20:15:06.370226Z"",""no_price_dollars"":""0.4900"",""taker_side"":""no"",""ticker"":""KXBTC15M-26APR271630-30"",""trade_id"":""5c224675-a44c-4615-4c44-5d50bc507dd9"",""yes_price_dollars"":""0.5100""}"
KXBTC15M-26APR271630-30,47063b7d-0540-42c7-6f18-d3b73a9a923b,1777320906,0.51,54.31,no,"{""count_fp"":""54.31"",""created_time"":""2026-04-27T20:15:06.370226Z"",""no_price_dollars"":""0.4900"",""taker_side"":""no"",""ticker"":""KXBTC15M-26APR271630-30"",""trade_id"":""47063b7d-0540-42c7-6f18-d3b73a9a923b"",""yes_price_dollars"":""0.5100""}"
KXBTC15M-26APR271630-30,b32dfb47-92c7-73a4-3ce2-b27faa8585bd,1777320906,0.54,1.0,yes,"{""count_fp"":""1.00"",""created_time"":""2026-04-27T20:15:06.142859Z"",""no_price_dollars"":""0.4600"",""taker_side"":""yes"",""ticker"":""KXBTC15M-26APR271630-30"",""trade_id"":""b32dfb47-92c7-73a4-3ce2-b27faa8585bd"",""yes_price_dollars"":""0.5400""}"
KXBTC15M-26APR271630-30,ea808561-113a-7c05-2738-55cf6141854a,1777320907,0.5,38.64,no,"{""count_fp"":""38.64"",""created_time"":""2026-04-27T20:15:07.582686Z"",""no_price_dollars"":""0.5000"",""taker_side"":""no"",""ticker"":""KXBTC15M-26APR271630-30"",""trade_id"":""ea808561-113a-7c05-2738-55cf6141854a"",""yes_price_dollars"":""0.5000""}"
KXBTC15M-26APR271630-30,e9c9d05b-3459-6c69-25e7-7d52cafd4f2d,1777320908,0.49,14.0,no,"{""count_fp"":""14.00"",""created_time"":""2026-04-27T20:15:08.594098Z"",""no_price_dollars"":""0.5100"",""taker_side"":""no"",""ticker"":""KXBTC15M-26APR271630-30"",""trade_id"":""e9c9d05b-3459-6c69-25e7-7d52cafd4f2d"",""yes_price_dollars"":""0.4900""}"
KXBTC15M-26APR271630-30,4f3e9c40-fb45-67da-16df-8852c53f9275,1777320908,0.48,61.48,no,"{""count_fp"":""61.48"",""created_time"":""2026-04-27T20:15:08.594098Z"",""no_price_dollars"":""0.5200"",""taker_side"":""no"",""ticker"":""KXBTC15M-26APR271630-30"",""trade_id"":""4f3e9c40-fb45-67da-16df-8852c53f9275"",""yes_price_dollars"":""0.4800""}"
KXBTC15M-26APR271630-30,1610d226-9184-646d-10ab-26edb85839a5,1777320908,0.49,16.67,no,"{""count_fp"":""16.67"",""created_time"":""2026-04-27T20:15:08.594098Z"",""no_price_dollars"":""0.5100"",""taker_side"":""no"",""ticker"":""KXBTC15M-26APR271630-30"",""trade_id"":""1610d226-9184-646d-10ab-26edb85839a5"",""yes_price_dollars"":""0.4900""}"
KXBTC15M-26APR271630-30,9dbb8f52-08e9-5c28-a6f6-5b8033f4e362,1777320909,0.48,18.6,no,"{""count_fp"":""18.60"",""created_time"":""2026-04-27T20:15:09.852995Z"",""no_price_dollars"":""0.5200"",""taker_side"":""no"",""ticker"":""KXBTC15M-26APR271630-30"",""trade_id"":""9dbb8f52-08e9-5c28-a6f6-5b8033f4e362"",""yes_price_dollars"":""0.4800""}"
KXBTC15M-26APR271630-30,ee5bbc84-b6e7-7ded-08dc-41c7db8834de,1777320909,0.5,68.0,yes,"{""count_fp"":""68.00"",""created_time"":""2026-04-27T20:15:09.453263Z"",""no_price_dollars"":""0.5000"",""taker_side"":""yes"",""ticker"":""KXBTC15M-26APR271630-30"",""trade_id"":""ee5bbc84-b6e7-7ded-08dc-41c7db8834de"",""yes_price_dollars"":""0.5000""}"
KXBTC15M-26APR271630-30,ad247eaa-94c3-7107-3bb2-e552df6555b4,1777320909,0.52,57.0,yes,"{""count_fp"":""57.00"",""created_time"":""2026-04-27T20:15:09.453263Z"",""no_price_dollars"":""0.4800"",""taker_side"":""yes"",""ticker"":""KXBTC15M-26APR271630-30"",""trade_id"":""ad247eaa-94c3-7107-3bb2-e552df6555b4"",""yes_price_dollars"":""0.5200""}"
KXBTC15M-26APR271630-30,a7491b7f-9076-7a6b-1bc7-6a7abea4b4cd,1777320909,0.5,66.0,yes,"{""count_fp"":""66.00"",""created_time"":""2026-04-27T20:15:09.453263Z"",""no_price_dollars"":""0.5000"",""taker_side"":""yes"",""ticker"":""KXBTC15M-26APR271630-30"",""trade_id"":""a7491b7f-9076-7a6b-1bc7-6a7abea4b4cd"",""yes_price_dollars"":""0.5000""}"
KXBTC15M-26APR271630-30,a30f6609-39ed-7d8a-087f-5634bc5c20fa,1777320909,0.53,27.14,yes,"{""count_fp"":""27.14"",""created_time"":""2026-04-27T20:15:09.453263Z"",""no_price_dollars"":""0.4700"",""taker_side"":""yes"",""ticker"":""KXBTC15M-26APR271630-30"",""trade_id"":""a30f6609-39ed-7d8a-087f-5634bc5c20fa"",""yes_price_dollars"":""0.5300""}"
KXBTC15M-26APR271630-30,41153dee-8dbb-7b77-06e1-7ab1de47a662,1777320909,0.5,31.03,yes,"{""count_fp"":""31.03"",""created_time"":""2026-04-27T20:15:09.453263Z"",""no_price_dollars"":""0.5000"",""taker_side"":""yes"",""ticker"":""KXBTC15M-26APR271630-30"",""trade_id"":""41153dee-8dbb-7b77-06e1-7ab1de47a662"",""yes_price_dollars"":""0.5000""}"
KXBTC15M-26APR271630-30,239044d2-ac77-7bc3-0b29-bbf890ef0149,1777320909,0.52,1.0,yes,"{""count_fp"":""1.00"",""created_time"":""2026-04-27T20:15:09.453263Z"",""no_price_dollars"":""0.4800"",""taker_side"":""yes"",""ticker"":""KXBTC15M-26APR271630-30"",""trade_id"":""239044d2-ac77-7bc3-0b29-bbf890ef0149"",""yes_price_dollars"":""0.5200""}"
KXBTC15M-26APR271630-30,0a4aa5a7-9140-79ba-379c-1c1f84d32d05,1777320909,0.5,64.0,yes,"{""count_fp"":""64.00"",""created_time"":""2026-04-27T20:15:09.453263Z"",""no_price_dollars"":""0.5000"",""taker_side"":""yes"",""ticker"":""KXBTC15M-26APR271630-30"",""trade_id"":""0a4aa5a7-9140-79ba-379c-1c1f84d32d05"",""yes_price_dollars"":""0.5000""}"
KXBTC15M-26APR271630-30,1ccb007c-a21b-686f-001d-137ea2df15f2,1777320909,0.5,8.97,yes,"{""count_fp"":""8.97"",""created_time"":""2026-04-27T20:15:09.426916Z"",""no_price_dollars"":""0.5000"",""taker_side"":""yes"",""ticker"":""KXBTC15M-26APR271630-30"",""trade_id"":""1ccb007c-a21b-686f-001d-137ea2df15f2"",""yes_price_dollars"":""0.5000""}"
KXBTC15M-26APR271630-30,5c32ea55-657b-46d7-e323-2a34e432f2c3,1777320909,0.5,36.0,yes,"{""count_fp"":""36.00"",""created_time"":""2026-04-27T20:15:09.270765Z"",""no_price_dollars"":""0.5000"",""taker_side"":""yes"",""ticker"":""KXBTC15M-26APR271630-30"",""trade_id"":""5c32ea55-657b-46d7-e323-2a34e432f2c3"",""yes_price_dollars"":""0.5000""}"
KXBTC15M-26APR271630-30,4454e02f-2feb-440b-e5fe-d5890f26f0a6,1777320909,0.5,2.0,yes,"{""count_fp"":""2.00"",""created_time"":""2026-04-27T20:15:09.270765Z"",""no_price_dollars"":""0.5000"",""taker_side"":""yes"",""ticker"":""KXBTC15M-26APR271630-30"",""trade_id"":""4454e02f-2feb-440b-e5fe-d5890f26f0a6"",""yes_price_dollars"":""0.5000""}"
KXBTC15M-26APR271630-30,b18d60b4-9dbd-4264-d31c-e22e9b370bb6,1777320909,0.48,20.0,no,"{""count_fp"":""20.00"",""created_time"":""2026-04-27T20:15:09.141584Z"",""no_price_dollars"":""0.5200"",""taker_side"":""no"",""ticker"":""KXBTC15M-26APR271630-30"",""trade_id"":""b18d60b4-9dbd-4264-d31c-e22e9b370bb6"",""yes_price_dollars"":""0.4800""}"
KXBTC15M-26APR271630-30,4ea3bf56-b80e-7cfe-e973-c5da63efcf19,1777320910,0.5,2.0,no,"{""count_fp"":""2.00"",""created_time"":""2026-04-27T20:15:10.677583Z"",""no_price_dollars"":""0.5000"",""taker_side"":""no"",""ticker"":""KXBTC15M-26APR271630-30"",""trade_id"":""4ea3bf56-b80e-7cfe-e973-c5da63efcf19"",""yes_price_dollars"":""0.5000""}"
KXBTC15M-26APR271630-30,eab44d0d-d742-6fce-a2ca-74ecf61dc8c7,1777320910,0.51,5.38,yes,"{""count_fp"":""5.38"",""created_time"":""2026-04-27T20:15:10.599272Z"",""no_price_dollars"":""0.4900"",""taker_side"":""yes"",""ticker"":""KXBTC15M-26APR271630-30"",""trade_id"":""eab44d0d-d742-6fce-a2ca-74ecf61dc8c7"",""yes_price_dollars"":""0.5100""}"
KXBTC15M-26APR271630-30,74c88898-7f7e-6832-f15b-5514181b5265,1777320910,0.5,19.23,no,"{""count_fp"":""19.23"",""created_time"":""2026-04-27T20:15:10.506547Z"",""no_price_dollars"":""0.5000"",""taker_side"":""no"",""ticker"":""KXBTC15M-26APR271630-30"",""trade_id"":""74c88898-7f7e-6832-f15b-5514181b5265"",""yes_price_dollars"":""0.5000""}"
KXBTC15M-26APR271630-30,69a50cf0-186e-4fc2-1a22-88ca29564869,1777320910,0.5,2.02,no,"{""count_fp"":""2.02"",""created_time"":""2026-04-27T20:15:10.392947Z"",""no_price_dollars"":""0.5000"",""taker_side"":""no"",""ticker"":""KXBTC15M-26APR271630-30"",""trade_id"":""69a50cf0-186e-4fc2-1a22-88ca29564869"",""yes_price_dollars"":""0.5000""}"
KXBTC15M-26APR271630-30,24275e93-0737-4595-0fc4-2a6998eb4bc2,1777320910,0.5,1.77,no,"{""count_fp"":""1.77"",""created_time"":""2026-04-27T20:15:10.392947Z"",""no_price_dollars"":""0.5000"",""taker_side"":""no"",""ticker"":""KXBTC15M-26APR271630-30"",""trade_id"":""24275e93-0737-4595-0fc4-2a6998eb4bc2"",""yes_price_dollars"":""0.5000""}"
KXBTC15M-26APR271630-30,e73e1196-ff17-59a5-95fe-8185d7e5916a,1777320910,0.5,38.23,no,"{""count_fp"":""38.23"",""created_time"":""2026-04-27T20:15:10.187109Z"",""no_price_dollars"":""0.5000"",""taker_side"":""no"",""ticker"":""KXBTC15M-26APR271630-30"",""trade_id"":""e73e1196-ff17-59a5-95fe-8185d7e5916a"",""yes_price_dollars"":""0.5000""}"
KXBTC15M-26APR271630-30,5fd65b80-3192-5603-92f7-c3ed9b47ca3d,1777320911,0.51,27.19,yes,"{""count_fp"":""27.19"",""created_time"":""2026-04-27T20:15:11.987454Z"",""no_price_dollars"":""0.4900"",""taker_side"":""yes"",""ticker"":""KXBTC15M-26APR271630-30"",""trade_id"":""5fd65b80-3192-5603-92f7-c3ed9b47ca3d"",""yes_price_dollars"":""0.5100""}"
KXBTC15M-26APR271630-30,f36985a6-bf58-7fb7-29db-f376e4f16cb1,1777320911,0.48,479.85,no,"{""count_fp"":""479.85"",""created_time"":""2026-04-27T20:15:11.888489Z"",""no_price_dollars"":""0.5200"",""taker_side"":""no"",""ticker"":""KXBTC15M-26APR271630-30"",""trade_id"":""f36985a6-bf58-7fb7-29db-f376e4f16cb1"",""yes_price_dollars"":""0.4800""}"
KXBTC15M-26APR271630-30,ebb4e69f-32c3-7ad4-37eb-a04113f2f79a,1777320911,0.48,40.0,no,"{""count_fp"":""40.00"",""created_time"":""2026-04-27T20:15:11.888489Z"",""no_price_dollars"":""0.5200"",""taker_side"":""no"",""ticker"":""KXBTC15M-26APR271630-30"",""trade_id"":""ebb4e69f-32c3-7ad4-37eb-a04113f2f79a"",""yes_price_dollars"":""0.4800""}"
KXBTC15M-26APR271630-30,9f0e9db1-eb8e-77fe-2cc6-ff4725b20aa0,1777320911,0.5,39.82,no,"{""count_fp"":""39.82"",""created_time"":""2026-04-27T20:15:11.888489Z"",""no_price_dollars"":""0.5000"",""taker_side"":""no"",""ticker"":""KXBTC15M-26APR271630-30"",""trade_id"":""9f0e9db1-eb8e-77fe-2cc6-ff4725b20aa0"",""yes_price_dollars"":""0.5000""}"
KXBTC15M-26APR271630-30,6aadc09c-fc8b-7426-28c9-31aea798e06a,1777320911,0.51,40.0,no,"{""count_fp"":""40.00"",""created_time"":""2026-04-27T20:15:11.888489Z"",""no_price_dollars"":""0.4900"",""taker_side"":""no"",""ticker"":""KXBTC15M-26APR271630-30"",""trade_id"":""6aadc09c-fc8b-7426-28c9-31aea798e06a"",""yes_price_dollars"":""0.5100""}"
KXBTC15M-26APR271630-30,62787173-b89c-7e0c-3388-485ae387ef18,1777320911,0.5,1.0,no,"{""count_fp"":""1.00"",""created_time"":""2026-04-27T20:15:11.888489Z"",""no_price_dollars"":""0.5000"",""taker_side"":""no"",""ticker"":""KXBTC15M-26APR271630-30"",""trade_id"":""62787173-b89c-7e0c-3388-485ae387ef18"",""yes_price_dollars"":""0.5000""}"
KXBTC15M-26APR271630-30,45b5bdf5-311a-756a-3a1f-541a4bfdd312,1777320911,0.5,40.0,no,"{""count_fp"":""40.00"",""created_time"":""2026-04-27T20:15:11.888489Z"",""no_price_dollars"":""0.5000"",""taker_side"":""no"",""ticker"":""KXBTC15M-26APR271630-30"",""trade_id"":""45b5bdf5-311a-756a-3a1f-541a4bfdd312"",""yes_price_dollars"":""0.5000""}"
KXBTC15M-26APR271630-30,3d52ebe6-5a9d-7978-28d3-6872569a342e,1777320911,0.48,36.4,no,"{""count_fp"":""36.40"",""created_time"":""2026-04-27T20:15:11.888489Z"",""no_price_dollars"":""0.5200"",""taker_side"":""no"",""ticker"":""KXBTC15M-26APR271630-30"",""trade_id"":""3d52ebe6-5a9d-7978-28d3-6872569a342e"",""yes_price_dollars"":""0.4800""}"
KXBTC15M-26APR271630-30,32c9d7f7-c88a-74a1-3f83-cf37aedbd139,1777320911,0.48,150.0,no,"{""count_fp"":""150.00"",""created_time"":""2026-04-27T20:15:11.888489Z"",""no_price_dollars"":""0.5200"",""taker_side"":""no"",""ticker"":""KXBTC15M-26APR271630-30"",""trade_id"":""32c9d7f7-c88a-74a1-3f83-cf37aedbd139"",""yes_price_dollars"":""0.4800""}"
KXBTC15M-26APR271630-30,0a23927b-fc76-70dd-1d5c-cb8f8b3eeae2,1777320911,0.49,40.0,no,"{""count_fp"":""40.00"",""created_time"":""2026-04-27T20:15:11.888489Z"",""no_price_dollars"":""0.5100"",""taker_side"":""no"",""ticker"":""KXBTC15M-26APR271630-30"",""trade_id"":""0a23927b-fc76-70dd-1d5c-cb8f8b3eeae2"",""yes_price_dollars"":""0.4900""}"
KXBTC15M-26APR271630-30,a28e326c-8a07-5178-2cd9-222a40abc415,1777320911,0.53,39.89,yes,"{""count_fp"":""39.89"",""created_time"":""2026-04-27T20:15:11.443963Z"",""no_price_dollars"":""0.4700"",""taker_side"":""yes"",""ticker"":""KXBTC15M-26APR271630-30"",""trade_id"":""a28e326c-8a07-5178-2cd9-222a40abc415"",""yes_price_dollars"":""0.5300""}"
KXBTC15M-26APR271630-30,9135923e-825a-52f6-2f9c-e8a51122aef9,1777320911,0.51,1.0,yes,"{""count_fp"":""1.00"",""created_time"":""2026-04-27T20:15:11.443963Z"",""no_price_dollars"":""0.4900"",""taker_side"":""yes"",""ticker"":""KXBTC15M-26APR271630-30"",""trade_id"":""9135923e-825a-52f6-2f9c-e8a51122aef9"",""yes_price_dollars"":""0.5100""}"
KXBTC15M-26APR271630-30,f020b5b4-dc06-72c2-1fdd-71359c56a8f4,1777320911,0.5,0.93,no,"{""count_fp"":""0.93"",""created_time"":""2026-04-27T20:15:11.432617Z"",""no_price_dollars"":""0.5000"",""taker_side"":""no"",""ticker"":""KXBTC15M-26APR271630-30"",""trade_id"":""f020b5b4-dc06-72c2-1fdd-71359c56a8f4"",""yes_price_dollars"":""0.5000""}"
KXBTC15M-26APR271630-30,9cfcfd14-4a3a-5642-b687-20c95400aba8,1777320911,0.5,9.25,no,"{""count_fp"":""9.25"",""created_time"":""2026-04-27T20:15:11.346987Z"",""no_price_dollars"":""0.5000"",""taker_side"":""no"",""ticker"":""KXBTC15M-26APR271630-30"",""trade_id"":""9cfcfd14-4a3a-5642-b687-20c95400aba8"",""yes_price_dollars"":""0.5000""}"
KXBTC15M-26APR271630-30,5d118fcf-7bb6-5cd2-bbf6-31d56a059dad,1777320911,0.5,0.75,no,"{""count_fp"":""0.75"",""created_time"":""2026-04-27T20:15:11.346987Z"",""no_price_dollars"":""0.5000"",""taker_side"":""no"",""ticker"":""KXBTC15M-26APR271630-30"",""trade_id"":""5d118fcf-7bb6-5cd2-bbf6-31d56a059dad"",""yes_price_dollars"":""0.5000""}"
KXBTC15M-26APR271630-30,21dcbbb5-5bf4-5f9a-b82d-27d0cf538394,1777320911,0.5,10.0,no,"{""count_fp"":""10.00"",""created_time"":""2026-04-27T20:15:11.346987Z"",""no_price_dollars"":""0.5000"",""taker_side"":""no"",""ticker"":""KXBTC15M-26APR271630-30"",""trade_id"":""21dcbbb5-5bf4-5f9a-b82d-27d0cf538394"",""yes_price_dollars"":""0.5000""}"
KXBTC15M-26APR271630-30,b68cb0f7-0f1a-4bc6-756d-cc2ff7bb872d,1777320911,0.5,1.0,no,"{""count_fp"":""1.00"",""created_time"":""2026-04-27T20:15:11.339905Z"",""no_price_dollars"":""0.5000"",""taker_side"":""no"",""ticker"":""KXBTC15M-26APR271630-30"",""trade_id"":""b68cb0f7-0f1a-4bc6-756d-cc2ff7bb872d"",""yes_price_dollars"":""0.5000""}"
KXBTC15M-26APR271630-30,b36ff226-2e0b-62b9-0cc2-4fa37a794991,1777320912,0.52,1.0,yes,"{""count_fp"":""1.00"",""created_time"":""2026-04-27T20:15:12.361315Z"",""no_price_dollars"":""0.4800"",""taker_side"":""yes"",""ticker"":""KXBTC15M-26APR271630-30"",""trade_id"":""b36ff226-2e0b-62b9-0cc2-4fa37a794991"",""yes_price_dollars"":""0.5200""}"
KXBTC15M-26APR271630-30,4ad3477f-6bca-6460-3f58-3337dae171c8,1777320912,0.52,35.38,yes,"{""count_fp"":""35.38"",""created_time"":""2026-04-27T20:15:12.361315Z"",""no_price_dollars"":""0.4800"",""taker_side"":""yes"",""ticker"":""KXBTC15M-26APR271630-30"",""trade_id"":""4ad3477f-6bca-6460-3f58-3337dae171c8"",""yes_price_dollars"":""0.5200""}"
KXBTC15M-26APR271630-30,2a8d1df2-1922-6c33-00e8-bb66b7fd3ccd,1777320912,0.51,12.81,yes,"{""count_fp"":""12.81"",""created_time"":""2026-04-27T20:15:12.361315Z"",""no_price_dollars"":""0.4900"",""taker_side"":""yes"",""ticker"":""KXBTC15M-26APR271630-30"",""trade_id"":""2a8d1df2-1922-6c33-00e8-bb66b7fd3ccd"",""yes_price_dollars"":""0.5100""}"
KXBTC15M-26APR271630-30,e16153e6-3598-5dfe-76c0-ae4ceb32a6fa,1777320912,0.49,8.3,no,"{""count_fp"":""8.30"",""created_time"":""2026-04-27T20:15:12.087543Z"",""no_price_dollars"":""0.5100"",""taker_side"":""no"",""ticker"":""KXBTC15M-26APR271630-30"",""trade_id"":""e16153e6-3598-5dfe-76c0-ae4ceb32a6fa"",""yes_price_dollars"":""0.4900""}"
KXBTC15M-26APR271630-30,6a496991-19d9-5641-4652-1739fecc6eb0,1777320912,0.5,1.0,no,"{""count_fp"":""1.00"",""created_time"":""2026-04-27T20:15:12.087543Z"",""no_price_dollars"":""0.5000"",""taker_side"":""no"",""ticker"":""KXBTC15M-26APR271630-30"",""trade_id"":""6a496991-19d9-5641-4652-1739fecc6eb0"",""yes_price_dollars"":""0.5000""}"
KXBTC15M-26APR271630-30,eea7f94f-6880-732f-b5ac-3c1d1a091615,1777320913,0.5,20.0,no,"{""count_fp"":""20.00"",""created_time"":""2026-04-27T20:15:13.764832Z"",""no_price_dollars"":""0.5000"",""taker_side"":""no"",""ticker"":""KXBTC15M-26APR271630-30"",""trade_id"":""eea7f94f-6880-732f-b5ac-3c1d1a091615"",""yes_price_dollars"":""0.5000""}"
KXBTC15M-26APR271630-30,6000aad3-1764-4c27-a2fc-b2f6c42f5d81,1777320913,0.5,47.11,no,"{""count_fp"":""47.11"",""created_time"":""2026-04-27T20:15:13.626812Z"",""no_price_dollars"":""0.5000"",""taker_side"":""no"",""ticker"":""KXBTC15M-26APR271630-30"",""trade_id"":""6000aad3-1764-4c27-a2fc-b2f6c42f5d81"",""yes_price_dollars"":""0.5000""}"
KXBTC15M-26APR271630-30,611070f4-f1ec-63ba-18ca-7b739806383d,1777320913,0.5,38.0,no,"{""count_fp"":""38.00"",""created_time"":""2026-04-27T20:15:13.534682Z"",""no_price_dollars"":""0.5000"",""taker_side"":""no"",""ticker"":""KXBTC15M-26APR271630-30"",""trade_id"":""611070f4-f1ec-63ba-18ca-7b739806383d"",""yes_price_dollars"":""0.5000""}"
KXBTC15M-26APR271630-30,07832977-c49c-6063-1569-9b1fa02d567d,1777320913,0.5,0.64,no,"{""count_fp"":""0.64"",""created_time"":""2026-04-27T20:15:13.534682Z"",""no_price_dollars"":""0.5000"",""taker_side"":""no"",""ticker"":""KXBTC15M-26APR271630-30"",""trade_id"":""07832977-c49c-6063-1569-9b1fa02d567d"",""yes_price_dollars"":""0.5000""}"
KXBTC15M-26APR271630-30,ee739088-9c71-7bcd-7b69-82bf50c851ed,1777320913,0.51,1.0,yes,"{""count_fp"":""1.00"",""created_time"":""2026-04-27T20:15:13.436226Z"",""no_price_dollars"":""0.4900"",""taker_side"":""yes"",""ticker"":""KXBTC15M-26APR271630-30"",""trade_id"":""ee739088-9c71-7bcd-7b69-82bf50c851ed"",""yes_price_dollars"":""0.5100""}"
KXBTC15M-26APR271630-30,9d377615-aafc-5946-c469-1148d708d8d9,1777320913,0.5,2.0,no,"{""count_fp"":""2.00"",""created_time"":""2026-04-27T20:15:13.197948Z"",""no_price_dollars"":""0.5000"",""taker_side"":""no"",""ticker"":""KXBTC15M-26APR271630-30"",""trade_id"":""9d377615-aafc-5946-c469-1148d708d8d9"",""yes_price_dollars"":""0.5000""}"
KXBTC15M-26APR271630-30,132bcea1-37a4-5ec6-f318-8c7e016af01c,1777320913,0.5,1.0,no,"{""count_fp"":""1.00"",""created_time"":""2026-04-27T20:15:13.197948Z"",""no_price_dollars"":""0.5000"",""taker_side"":""no"",""ticker"":""KXBTC15M-26APR271630-30"",""trade_id"":""132bcea1-37a4-5ec6-f318-8c7e016af01c"",""yes_price_dollars"":""0.5000""}"
KXBTC15M-26APR271630-30,96133776-2a8b-6215-6968-15683c856e94,1777320914,0.51,1.0,yes,"{""count_fp"":""1.00"",""created_time"":""2026-04-27T20:15:14.905897Z"",""no_price_dollars"":""0.4900"",""taker_side"":""yes"",""ticker"":""KXBTC15M-26APR271630-30"",""trade_id"":""96133776-2a8b-6215-6968-15683c856e94"",""yes_price_dollars"":""0.5100""}"
KXBTC15M-26APR271630-30,1e29fe1e-c10a-612b-57a8-cb43398fcd3b,1777320914,0.52,19.0,yes,"{""count_fp"":""19.00"",""created_time"":""2026-04-27T20:15:14.905897Z"",""no_price_dollars"":""0.4800"",""taker_side"":""yes"",""ticker"":""KXBTC15M-26APR271630-30"",""trade_id"":""1e29fe1e-c10a-612b-57a8-cb43398fcd3b"",""yes_price_dollars"":""0.5200""}"
KXBTC15M-26APR271630-30,e4f63348-2538-4007-ea1f-020900241299,1777320914,0.5,500.0,no,"{""count_fp"":""500.00"",""created_time"":""2026-04-27T20:15:14.883594Z"",""no_price_dollars"":""0.5000"",""taker_side"":""no"",""ticker"":""KXBTC15M-26APR271630-30"",""trade_id"":""e4f63348-2538-4007-ea1f-020900241299"",""yes_price_dollars"":""0.5000""}"
KXBTC15M-26APR271630-30,f23dca4b-eb74-625f-2f1f-08a2b1ad01f9,1777320914,0.5,93.63,no,"{""count_fp"":""93.63"",""created_time"":""2026-04-27T20:15:14.711791Z"",""no_price_dollars"":""0.5000"",""taker_side"":""no"",""ticker"":""KXBTC15M-26APR271630-30"",""trade_id"":""f23dca4b-eb74-625f-2f1f-08a2b1ad01f9"",""yes_price_dollars"":""0.5000""}"
KXBTC15M-26APR271630-30,668954e7-6fdc-7952-3f9b-ae1b50d05811,1777320914,0.52,26.0,yes,"{""count_fp"":""26.00"",""created_time"":""2026-04-27T20:15:14.428284Z"",""no_price_dollars"":""0.4800"",""taker_side"":""yes"",""ticker"":""KXBTC15M-26APR271630-30"",""trade_id"":""668954e7-6fdc-7952-3f9b-ae1b50d05811"",""yes_price_dollars"":""0.5200""}"
KXBTC15M-26APR271630-30,4acc5244-56ee-73ac-1f11-eaa26cdfc4da,1777320914,0.53,10.63,yes,"{""count_fp"":""10.63"",""created_time"":""2026-04-27T20:15:14.428284Z"",""no_price_dollars"":""0.4700"",""taker_side"":""yes"",""ticker"":""KXBTC15M-26APR271630-30"",""trade_id"":""4acc5244-56ee-73ac-1f11-eaa26cdfc4da"",""yes_price_dollars"":""0.5300""}"
KXBTC15M-26APR271630-30,64fb9145-2fa8-739d-f70b-a784ad36ad7e,1777320914,0.51,1.0,yes,"{""count_fp"":""1.00"",""created_time"":""2026-04-27T20:15:14.401127Z"",""no_price_dollars"":""0.4900"",""taker_side"":""yes"",""ticker"":""KXBTC15M-26APR271630-30"",""trade_id"":""64fb9145-2fa8-739d-f70b-a784ad36ad7e"",""yes_price_dollars"":""0.5100""}"
KXBTC15M-26APR271630-30,5e17e321-fed0-7256-c9bf-f5b0b6d75bed,1777320914,0.52,14.0,yes,"{""count_fp"":""14.00"",""created_time"":""2026-04-27T20:15:14.401127Z"",""no_price_dollars"":""0.4800"",""taker_side"":""yes"",""ticker"":""KXBTC15M-26APR271630-30"",""trade_id"":""5e17e321-fed0-7256-c9bf-f5b0b6d75bed"",""yes_price_dollars"":""0.5200""}"
KXBTC15M-26APR271630-30,a0e6cea1-ecb8-732b-ae5f-df774bebce81,1777320914,0.5,0.77,no,"{""count_fp"":""0.77"",""created_time"":""2026-04-27T20:15:14.262988Z"",""no_price_dollars"":""0.5000"",""taker_side"":""no"",""ticker"":""KXBTC15M-26APR271630-30"",""trade_id"":""a0e6cea1-ecb8-732b-ae5f-df774bebce81"",""yes_price_dollars"":""0.5000""}"
KXBTC15M-26APR271630-30,a0def4af-1e5c-52e3-55df-5157acd042b1,1777320914,0.5,38.64,no,"{""count_fp"":""38.64"",""created_time"":""2026-04-27T20:15:14.081651Z"",""no_price_dollars"":""0.5000"",""taker_side"":""no"",""ticker"":""KXBTC15M-26APR271630-30"",""trade_id"":""a0def4af-1e5c-52e3-55df-5157acd042b1"",""yes_price_dollars"":""0.5000""}"
KXBTC15M-26APR271630-30,b8eaec55-a1ee-47f4-a13d-d11ae2d57dfe,1777320915,0.53,33.12,yes,"{""count_fp"":""33.12"",""created_time"":""2026-04-27T20:15:15.847308Z"",""no_price_dollars"":""0.4700"",""taker_side"":""yes"",""ticker"":""KXBTC15M-26APR271630-30"",""trade_id"":""b8eaec55-a1ee-47f4-a13d-d11ae2d57dfe"",""yes_price_dollars"":""0.5300""}"
KXBTC15M-26APR271630-30,a4cfde75-60e3-4f68-884c-2a25607d99d9,1777320915,0.54,2.34,yes,"{""count_fp"":""2.34"",""created_time"":""2026-04-27T20:15:15.847308Z"",""no_price_dollars"":""0.4600"",""taker_side"":""yes"",""ticker"":""KXBTC15M-26APR271630-30"",""trade_id"":""a4cfde75-60e3-4f68-884c-2a25607d99d9"",""yes_price_dollars"":""0.5400""}"
KXBTC15M-26APR271630-30,89f9b01c-ef4a-42a5-afe2-c70ebd6020be,1777320915,0.53,40.0,yes,"{""count_fp"":""40.00"",""created_time"":""2026-04-27T20:15:15.847308Z"",""no_price_dollars"":""0.4700"",""taker_side"":""yes"",""ticker"":""KXBTC15M-26APR271630-30"",""trade_id"":""89f9b01c-ef4a-42a5-afe2-c70ebd6020be"",""yes_price_dollars"":""0.5300""}"
KXBTC15M-26APR271630-30,060b02b8-22da-4fd3-a9c4-1bbb12762667,1777320915,0.52,15.4,yes,"{""count_fp"":""15.40"",""created_time"":""2026-04-27T20:15:15.847308Z"",""no_price_dollars"":""0.4800"",""taker_side"":""yes"",""ticker"":""KXBTC15M-26APR271630-30"",""trade_id"":""060b02b8-22da-4fd3-a9c4-1bbb12762667"",""yes_price_dollars"":""0.5200""}"
KXBTC15M-26APR271630-30,c3722c69-9e0e-7869-c27c-d13e1b5a9816,1777320915,0.51,3.61,no,"{""count_fp"":""3.61"",""created_time"":""2026-04-27T20:15:15.522989Z"",""no_price_dollars"":""0.4900"",""taker_side"":""no"",""ticker"":""KXBTC15M-26APR271630-30"",""trade_id"":""c3722c69-9e0e-7869-c27c-d13e1b5a9816"",""yes_price_dollars"":""0.5100""}"
KXBTC15M-26APR271630-30,477ad071-fa9d-7461-dbc1-b47d98c95656,1777320915,0.51,100.0,no,"{""count_fp"":""100.00"",""created_time"":""2026-04-27T20:15:15.522989Z"",""no_price_dollars"":""0.4900"",""taker_side"":""no"",""ticker"":""KXBTC15M-26APR271630-30"",""trade_id"":""477ad071-fa9d-7461-dbc1-b47d98c95656"",""yes_price_dollars"":""0.5100""}"
KXBTC15M-26APR271630-30,461ff19a-0eed-7e7e-fcc9-374151498f8c,1777320915,0.51,11.33,no,"{""count_fp"":""11.33"",""created_time"":""2026-04-27T20:15:15.522989Z"",""no_price_dollars"":""0.4900"",""taker_side"":""no"",""ticker"":""KXBTC15M-26APR271630-30"",""trade_id"":""461ff19a-0eed-7e7e-fcc9-374151498f8c"",""yes_price_dollars"":""0.5100""}"
KXBTC15M-26APR271630-30,034712cd-9d1c-7989-e5dc-e7a21bfb1784,1777320915,0.51,1.0,no,"{""count_fp"":""1.00"",""created_time"":""2026-04-27T20:15:15.522989Z"",""no_price_dollars"":""0.4900"",""taker_side"":""no"",""ticker"":""KXBTC15M-26APR271630-30"",""trade_id"":""034712cd-9d1c-7989-e5dc-e7a21bfb1784"",""yes_price_dollars"":""0.5100""}"
KXBTC15M-26APR271630-30,838a084e-ae3a-45df-54d4-0f34f8027ec3,1777320915,0.52,1.87,yes,"{""count_fp"":""1.87"",""created_time"":""2026-04-27T20:15:15.315668Z"",""no_price_dollars"":""0.4800"",""taker_side"":""yes"",""ticker"":""KXBTC15M-26APR271630-30"",""trade_id"":""838a084e-ae3a-45df-54d4-0f34f8027ec3"",""yes_price_dollars"":""0.5200""}"
KXBTC15M-26APR271630-30,ea9ded09-f380-7e03-b12f-ade39847400d,1777320915,0.5,79.75,no,"{""count_fp"":""79.75"",""created_time"":""2026-04-27T20:15:15.080963Z"",""no_price_dollars"":""0.5000"",""taker_side"":""no"",""ticker"":""KXBTC15M-26APR271630-30"",""trade_id"":""ea9ded09-f380-7e03-b12f-ade39847400d"",""yes_price_dollars"":""0.5000""}"
KXBTC15M-26APR271630-30,3d1634f7-cc35-75dd-b422-44606800b766,1777320915,0.51,24.55,no,"{""count_fp"":""24.55"",""created_time"":""2026-04-27T20:15:15.080963Z"",""no_price_dollars"":""0.4900"",""taker_side"":""no"",""ticker"":""KXBTC15M-26APR271630-30"",""trade_id"":""3d1634f7-cc35-75dd-b422-44606800b766"",""yes_price_dollars"":""0.5100""}"
KXBTC15M-26APR271630-30,21ad5001-23a9-4817-f9a7-be512401d4c0,1777320916,0.51,49.26,no,"{""count_fp"":""49.26"",""created_time"":""2026-04-27T20:15:16.887201Z"",""no_price_dollars"":""0.4900"",""taker_side"":""no"",""ticker"":""KXBTC15M-26APR271630-30"",""trade_id"":""21ad5001-23a9-4817-f9a7-be512401d4c0"",""yes_price_dollars"":""0.5100""}"
KXBTC15M-26APR271630-30,05a4bdd5-1ca9-74db-c51c-bf05db32db98,1777320916,0.51,9.85,no,"{""count_fp"":""9.85"",""created_time"":""2026-04-27T20:15:16.444652Z"",""no_price_dollars"":""0.4900"",""taker_side"":""no"",""ticker"":""KXBTC15M-26APR271630-30"",""trade_id"":""05a4bdd5-1ca9-74db-c51c-bf05db32db98"",""yes_price_dollars"":""0.5100""}"
KXBTC15M-26APR271630-30,c616afd5-5a78-4d8e-0474-f4e4fde7be17,1777320916,0.52,1.0,yes,"{""count_fp"":""1.00"",""created_time"":""2026-04-27T20:15:16.279313Z"",""no_price_dollars"":""0.4800"",""taker_side"":""yes"",""ticker"":""KXBTC15M-26APR271630-30"",""trade_id"":""c616afd5-5a78-4d8e-0474-f4e4fde7be17"",""yes_price_dollars"":""0.5200""}"
KXBTC15M-26APR271630-30,8a87bb40-ed62-4b0c-37ec-e24680fc1638,1777320916,0.52,17.53,yes,"{""count_fp"":""17.53"",""created_time"":""2026-04-27T20:15:16.279313Z"",""no_price_dollars"":""0.4800"",""taker_side"":""yes"",""ticker"":""KXBTC15M-26APR271630-30"",""trade_id"":""8a87bb40-ed62-4b0c-37ec-e24680fc1638"",""yes_price_dollars"":""0.5200""}"
KXBTC15M-26APR271630-30,97302a00-d156-6b09-1211-807545bd3095,1777320916,0.51,11.33,no,"{""count_fp"":""11.33"",""created_time"":""2026-04-27T20:15:16.159209Z"",""no_price_dollars"":""0.4900"",""taker_side"":""no"",""ticker"":""KXBTC15M-26APR271630-30"",""trade_id"":""97302a00-d156-6b09-1211-807545bd3095"",""yes_price_dollars"":""0.5100""}"
KXBTC15M-26APR271630-30,7ec82134-e4c5-6e1f-2763-5232be8ae038,1777320916,0.51,29.43,no,"{""count_fp"":""29.43"",""created_time"":""2026-04-27T20:15:16.159209Z"",""no_price_dollars"":""0.4900"",""taker_side"":""no"",""ticker"":""KXBTC15M-26APR271630-30"",""trade_id"":""7ec82134-e4c5-6e1f-2763-5232be8ae038"",""yes_price_dollars"":""0.5100""}"
KXBTC15M-26APR271630-30,65a9b2d0-f883-637a-2293-08cb711e5e6f,1777320916,0.51,40.0,no,"{""count_fp"":""40.00"",""created_time"":""2026-04-27T20:15:16.159209Z"",""no_price_dollars"":""0.4900"",""taker_side"":""no"",""ticker"":""KXBTC15M-26APR271630-30"",""trade_id"":""65a9b2d0-f883-637a-2293-08cb711e5e6f"",""yes_price_dollars"":""0.5100""}"
KXBTC15M-26APR271630-30,25bef3b2-6bca-60a1-0004-2aef044718c6,1777320916,0.51,0.39,no,"{""count_fp"":""0.39"",""created_time"":""2026-04-27T20:15:16.159209Z"",""no_price_dollars"":""0.4900"",""taker_side"":""no"",""ticker"":""KXBTC15M-26APR271630-30"",""trade_id"":""25bef3b2-6bca-60a1-0004-2aef044718c6"",""yes_price_dollars"":""0.5100""}"
KXBTC15M-26APR271630-30,7e344155-b7a6-4dc0-1c6e-6245e115e212,1777320917,0.51,1.0,no,"{""count_fp"":""1.00"",""created_time"":""2026-04-27T20:15:17.594678Z"",""no_price_dollars"":""0.4900"",""taker_side"":""no"",""ticker"":""KXBTC15M-26APR271630-30"",""trade_id"":""7e344155-b7a6-4dc0-1c6e-6245e115e212"",""yes_price_dollars"":""0.5100""}"
KXBTC15M-26APR271630-30,44ef08be-cd9a-4ca8-21cc-739bdb838034,1777320917,0.51,4.0,no,"{""count_fp"":""4.00"",""created_time"":""2026-04-27T20:15:17.594678Z"",""no_price_dollars"":""0.4900"",""taker_side"":""no"",""ticker"":""KXBTC15M-26APR271630-30"",""trade_id"":""44ef08be-cd9a-4ca8-21cc-739bdb838034"",""yes_price_dollars"":""0.5100""}"
KXBTC15M-26APR271630-30,f5917fa6-416d-5601-a23b-53e64aeff827,1777320917,0.51,305.99,no,"{""count_fp"":""305.99"",""created_time"":""2026-04-27T20:15:17.478656Z"",""no_price_dollars"":""0.4900"",""taker_side"":""no"",""ticker"":""KXBTC15M-26APR271630-30"",""trade_id"":""f5917fa6-416d-5601-a23b-53e64aeff827"",""yes_price_dollars"":""0.5100""}"
KXBTC15M-26APR271630-30,dc4c14a4-3e0f-582f-aa38-e93eb6ccad83,1777320917,0.51,40.0,no,"{""count_fp"":""40.00"",""created_time"":""2026-04-27T20:15:17.478656Z"",""no_price_dollars"":""0.4900"",""taker_side"":""no"",""ticker"":""KXBTC15M-26APR271630-30"",""trade_id"":""dc4c14a4-3e0f-582f-aa38-e93eb6ccad83"",""yes_price_dollars"":""0.5100""}"
KXBTC15M-26APR271630-30,54717c20-a2ac-5ddd-93b3-dd6fdc524fca,1777320917,0.51,11.33,no,"{""count_fp"":""11.33"",""created_time"":""2026-04-27T20:15:17.478656Z"",""no_price_dollars"":""0.4900"",""taker_side"":""no"",""ticker"":""KXBTC15M-26APR271630-30"",""trade_id"":""54717c20-a2ac-5ddd-93b3-dd6fdc524fca"",""yes_price_dollars"":""0.5100""}"
KXBTC15M-26APR271630-30,3c2420f9-52e1-5424-8241-27ed63a32055,1777320917,0.51,51.06,no,"{""count_fp"":""51.06"",""created_time"":""2026-04-27T20:15:17.478656Z"",""no_price_dollars"":""0.4900"",""taker_side"":""no"",""ticker"":""KXBTC15M-26APR271630-30"",""trade_id"":""3c2420f9-52e1-5424-8241-27ed63a32055"",""yes_price_dollars"":""0.5100""}"
KXBTC15M-26APR271630-30,360396c3-0ac4-512e-b22d-a4d3e3271c4d,1777320917,0.51,100.0,no,"{""count_fp"":""100.00"",""created_time"":""2026-04-27T20:15:17.478656Z"",""no_price_dollars"":""0.4900"",""taker_side"":""no"",""ticker"":""KXBTC15M-26APR271630-30"",""trade_id"":""360396c3-0ac4-512e-b22d-a4d3e3271c4d"",""yes_price_dollars"":""0.5100""}"
KXBTC15M-26APR271630-30,b857dcfd-9ea6-5186-1cef-1879b97255b9,1777320917,0.52,10.0,yes,"{""count_fp"":""10.00"",""created_time"":""2026-04-27T20:15:17.168633Z"",""no_price_dollars"":""0.4800"",""taker_side"":""yes"",""ticker"":""KXBTC15M-26APR271630-30"",""trade_id"":""b857dcfd-9ea6-5186-1cef-1879b97255b9"",""yes_price_dollars"":""0.5200""}"
KXBTC15M-26APR271630-30,c969e4ad-19e1-5e61-32a4-0e42526374bb,1777320917,0.51,47.63,no,"{""count_fp"":""47.63"",""created_time"":""2026-04-27T20:15:17.078448Z"",""no_price_dollars"":""0.4900"",""taker_side"":""no"",""ticker"":""KXBTC15M-26APR271630-30"",""trade_id"":""c969e4ad-19e1-5e61-32a4-0e42526374bb"",""yes_price_dollars"":""0.5100""}"
KXBTC15M-26APR271630-30,91a9ad2e-58c9-6d1d-5353-ed8f803d8f33,1777320917,0.51,46.38,no,"{""count_fp"":""46.38"",""created_time"":""2026-04-27T20:15:17.045166Z"",""no_price_dollars"":""0.4900"",""taker_side"":""no"",""ticker"":""KXBTC15M-26APR271630-30"",""trade_id"":""91a9ad2e-58c9-6d1d-5353-ed8f803d8f33"",""yes_price_dollars"":""0.5100""}"
KXBTC15M-26APR271630-30,103119ef-9152-7ec4-2f48-1294b9327a60,1777320917,0.52,18.17,yes,"{""count_fp"":""18.17"",""created_time"":""2026-04-27T20:15:17.022642Z"",""no_price_dollars"":""0.4800"",""taker_side"":""yes"",""ticker"":""KXBTC15M-26APR271630-30"",""trade_id"":""103119ef-9152-7ec4-2f48-1294b9327a60"",""yes_price_dollars"":""0.5200""}"
KXBTC15M-26APR271630-30,7d52c28d-5e49-4254-5de3-b5867444905d,1777320918,0.51,0.96,no,"{""count_fp"":""0.96"",""created_time"":""2026-04-27T20:15:18.554944Z"",""no_price_dollars"":""0.4900"",""taker_side"":""no"",""ticker"":""KXBTC15M-26APR271630-30"",""trade_id"":""7d52c28d-5e49-4254-5de3-b5867444905d"",""yes_price_dollars"":""0.5100""}"
KXBTC15M-26APR271630-30,8d1527a9-d3f9-6538-85ec-3954632333dd,1777320918,0.51,157.63,no,"{""count_fp"":""157.63"",""created_time"":""2026-04-27T20:15:18.465689Z"",""no_price_dollars"":""0.4900"",""taker_side"":""no"",""ticker"":""KXBTC15M-26APR271630-30"",""trade_id"":""8d1527a9-d3f9-6538-85ec-3954632333dd"",""yes_price_dollars"":""0.5100""}"
KXBTC15M-26APR271630-30,2347a44c-5c59-5b60-5b02-dc0ae1d30c59,1777320918,0.51,10.0,no,"{""count_fp"":""10.00"",""created_time"":""2026-04-27T20:15:18.418776Z"",""no_price_dollars"":""0.4900"",""taker_side"":""no"",""ticker"":""KXBTC15M-26APR271630-30"",""trade_id"":""2347a44c-5c59-5b60-5b02-dc0ae1d30c59"",""yes_price_dollars"":""0.5100""}"
KXBTC15M-26APR271630-30,d8685cb2-8886-75f9-effc-57ccbe51ba01,1777320918,0.52,9.14,yes,"{""count_fp"":""9.14"",""created_time"":""2026-04-27T20:15:18.340958Z"",""no_price_dollars"":""0.4800"",""taker_side"":""yes"",""ticker"":""KXBTC15M-26APR271630-30"",""trade_id"":""d8685cb2-8886-75f9-effc-57ccbe51ba01"",""yes_price_dollars"":""0.5200""}"
KXBTC15M-26APR271630-30,9eadaafa-f56a-5234-24e0-568e757a12f8,1777320918,0.51,29.55,no,"{""count_fp"":""29.55"",""created_time"":""2026-04-27T20:15:18.090449Z"",""no_price_dollars"":""0.4900"",""taker_side"":""no"",""ticker"":""KXBTC15M-26APR271630-30"",""trade_id"":""9eadaafa-f56a-5234-24e0-568e757a12f8"",""yes_price_dollars"":""0.5100""}"
KXBTC15M-26APR271630-30,232ad6aa-ab6d-67b4-33d6-effc29dbe5a5,1777320919,0.51,19.7,no,"{""count_fp"":""19.70"",""created_time"":""2026-04-27T20:15:19.664356Z"",""no_price_dollars"":""0.4900"",""taker_side"":""no"",""ticker"":""KXBTC15M-26APR271630-30"",""trade_id"":""232ad6aa-ab6d-67b4-33d6-effc29dbe5a5"",""yes_price_dollars"":""0.5100""}"
KXBTC15M-26APR271630-30,7f867aff-165e-6c0d-1e7a-21ed31a9d9cd,1777320919,0.52,14.88,yes,"{""count_fp"":""14.88"",""created_time"":""2026-04-27T20:15:19.527307Z"",""no_price_dollars"":""0.4800"",""taker_side"":""yes"",""ticker"":""KXBTC15M-26APR271630-30"",""trade_id"":""7f867aff-165e-6c0d-1e7a-21ed31a9d9cd"",""yes_price_dollars"":""0.5200""}"
KXBTC15M-26APR271630-30,4a8421ae-9559-48f8-f1fc-993188a639e9,1777320919,0.51,5.91,no,"{""count_fp"":""5.91"",""created_time"":""2026-04-27T20:15:19.428208Z"",""no_price_dollars"":""0.4900"",""taker_side"":""no"",""ticker"":""KXBTC15M-26APR271630-30"",""trade_id"":""4a8421ae-9559-48f8-f1fc-993188a639e9"",""yes_price_dollars"":""0.5100""}"
KXBTC15M-26APR271630-30,09131787-e752-49bd-6d88-fed713f22051,1777320919,0.52,1.67,yes,"{""count_fp"":""1.67"",""created_time"":""2026-04-27T20:15:19.199601Z"",""no_price_dollars"":""0.4800"",""taker_side"":""yes"",""ticker"":""KXBTC15M-26APR271630-30"",""trade_id"":""09131787-e752-49bd-6d88-fed713f22051"",""yes_price_dollars"":""0.5200""}"
KXBTC15M-26APR271630-30,3c65208c-8e0e-54a1-9e94-142dc8d20415,1777320919,0.52,9.0,yes,"{""count_fp"":""9.00"",""created_time"":""2026-04-27T20:15:19.091994Z"",""no_price_dollars"":""0.4800"",""taker_side"":""yes"",""ticker"":""KXBTC15M-26APR271630-30"",""trade_id"":""3c65208c-8e0e-54a1-9e94-142dc8d20415"",""yes_price_dollars"":""0.5200""}"
KXBTC15M-26APR271630-30,4422f6af-a8e3-514a-f1b5-1d053314f4ac,1777320920,0.51,29.55,no,"{""count_fp"":""29.55"",""created_time"":""2026-04-27T20:15:20.965417Z"",""no_price_dollars"":""0.4900"",""taker_side"":""no"",""ticker"":""KXBTC15M-26APR271630-30"",""trade_id"":""4422f6af-a8e3-514a-f1b5-1d053314f4ac"",""yes_price_dollars"":""0.5100""}"
KXBTC15M-26APR271630-30,e779cade-884a-4e31-1959-a00c6d048689,1777320920,0.52,3.58,yes,"{""count_fp"":""3.58"",""created_time"":""2026-04-27T20:15:20.852306Z"",""no_price_dollars"":""0.4800"",""taker_side"":""yes"",""ticker"":""KXBTC15M-26APR271630-30"",""trade_id"":""e779cade-884a-4e31-1959-a00c6d048689"",""yes_price_dollars"":""0.5200""}"
KXBTC15M-26APR271630-30,bd817e64-73bb-40e8-35ae-370e0f0ea319,1777320920,0.54,5.2,yes,"{""count_fp"":""5.20"",""created_time"":""2026-04-27T20:15:20.852306Z"",""no_price_dollars"":""0.4600"",""taker_side"":""yes"",""ticker"":""KXBTC15M-26APR271630-30"",""trade_id"":""bd817e64-73bb-40e8-35ae-370e0f0ea319"",""yes_price_dollars"":""0.5400""}"
KXBTC15M-26APR271630-30,7722309c-312d-4740-3caf-1f926d5c24e7,1777320920,0.52,9.0,yes,"{""count_fp"":""9.00"",""created_time"":""2026-04-27T20:15:20.852306Z"",""no_price_dollars"":""0.4800"",""taker_side"":""yes"",""ticker"":""KXBTC15M-26APR271630-30"",""trade_id"":""7722309c-312d-4740-3caf-1f926d5c24e7"",""yes_price_dollars"":""0.5200""}"
KXBTC15M-26APR271630-30,35fee049-7703-4c34-057a-555095a21562,1777320920,0.54,5.49,yes,"{""count_fp"":""5.49"",""created_time"":""2026-04-27T20:15:20.852306Z"",""no_price_dollars"":""0.4600"",""taker_side"":""yes"",""ticker"":""KXBTC15M-26APR271630-30"",""trade_id"":""35fee049-7703-4c34-057a-555095a21562"",""yes_price_dollars"":""0.5400""}"
KXBTC15M-26APR271630-30,244152dd-4548-4e65-21f2-03916b50483c,1777320920,0.52,10.0,yes,"{""count_fp"":""10.00"",""created_time"":""2026-04-27T20:15:20.852306Z"",""no_price_dollars"":""0.4800"",""taker_side"":""yes"",""ticker"":""KXBTC15M-26APR271630-30"",""trade_id"":""244152dd-4548-4e65-21f2-03916b50483c"",""yes_price_dollars"":""0.5200""}"
KXBTC15M-26APR271630-30,1642b785-85db-49dd-3e42-6d076791b5d7,1777320920,0.53,40.0,yes,"{""count_fp"":""40.00"",""created_time"":""2026-04-27T20:15:20.852306Z"",""no_price_dollars"":""0.4700"",""taker_side"":""yes"",""ticker"":""KXBTC15M-26APR271630-30"",""trade_id"":""1642b785-85db-49dd-3e42-6d076791b5d7"",""yes_price_dollars"":""0.5300""}"
KXBTC15M-26APR271630-30,3ee7aade-b3cb-4dde-3e3a-31a616a4382c,1777320920,0.51,23.64,no,"{""count_fp"":""23.64"",""created_time"":""2026-04-27T20:15:20.796762Z"",""no_price_dollars"":""0.4900"",""taker_side"":""no"",""ticker"":""KXBTC15M-26APR271630-30"",""trade_id"":""3ee7aade-b3cb-4dde-3e3a-31a616a4382c"",""yes_price_dollars"":""0.5100""}"
KXBTC15M-26APR271630-30,65755844-125f-751e-406c-a3bc255380f4,1777320920,0.51,25.61,no,"{""count_fp"":""25.61"",""created_time"":""2026-04-27T20:15:20.776167Z"",""no_price_dollars"":""0.4900"",""taker_side"":""no"",""ticker"":""KXBTC15M-26APR271630-30"",""trade_id"":""65755844-125f-751e-406c-a3bc255380f4"",""yes_price_dollars"":""0.5100""}"
KXBTC15M-26APR271630-30,b9e0cf77-56af-69ca-339b-fab678d7b67c,1777320920,0.51,206.6,no,"{""count_fp"":""206.60"",""created_time"":""2026-04-27T20:15:20.655852Z"",""no_price_dollars"":""0.4900"",""taker_side"":""no"",""ticker"":""KXBTC15M-26APR271630-30"",""trade_id"":""b9e0cf77-56af-69ca-339b-fab678d7b67c"",""yes_price_dollars"":""0.5100""}"
KXBTC15M-26APR271630-30,6c298ed1-1ea4-62aa-045a-d8f939a55d86,1777320920,0.51,40.0,no,"{""count_fp"":""40.00"",""created_time"":""2026-04-27T20:15:20.655852Z"",""no_price_dollars"":""0.4900"",""taker_side"":""no"",""ticker"":""KXBTC15M-26APR271630-30"",""trade_id"":""6c298ed1-1ea4-62aa-045a-d8f939a55d86"",""yes_price_dollars"":""0.5100""}"
KXBTC15M-26APR271630-30,4241c6e8-739f-6a45-28a5-011a097027bb,1777320920,0.51,3.0,no,"{""count_fp"":""3.00"",""created_time"":""2026-04-27T20:15:20.655852Z"",""no_price_dollars"":""0.4900"",""taker_side"":""no"",""ticker"":""KXBTC15M-26APR271630-30"",""trade_id"":""4241c6e8-739f-6a45-28a5-011a097027bb"",""yes_price_dollars"":""0.5100""}"
KXBTC15M-26APR271630-30,6b39c26c-3b0a-5030-ced3-598281ee2434,1777320920,0.51,20.64,no,"{""count_fp"":""20.64"",""created_time"":""2026-04-27T20:15:20.556587Z"",""no_price_dollars"":""0.4900"",""taker_side"":""no"",""ticker"":""KXBTC15M-26APR271630-30"",""trade_id"":""6b39c26c-3b0a-5030-ced3-598281ee2434"",""yes_price_dollars"":""0.5100""}"
KXBTC15M-26APR271630-30,0bf53121-16ce-5075-f895-7fc1e22290ec,1777320920,0.51,9.36,no,"{""count_fp"":""9.36"",""created_time"":""2026-04-27T20:15:20.556587Z"",""no_price_dollars"":""0.4900"",""taker_side"":""no"",""ticker"":""KXBTC15M-26APR271630-30"",""trade_id"":""0bf53121-16ce-5075-f895-7fc1e22290ec"",""yes_price_dollars"":""0.5100""}"
KXBTC15M-26APR271630-30,431634c6-10fe-7621-af44-6cd56cd44bc4,1777320920,0.51,1.97,no,"{""count_fp"":""1.97"",""created_time"":""2026-04-27T20:15:20.312052Z"",""no_price_dollars"":""0.4900"",""taker_side"":""no"",""ticker"":""KXBTC15M-26APR271630-30"",""trade_id"":""431634c6-10fe-7621-af44-6cd56cd44bc4"",""yes_price_dollars"":""0.5100""}"
KXBTC15M-26APR271630-30,79c6ab83-8db9-4418-50d0-13e61ea4c7dd,1777320920,0.51,78.62,no,"{""count_fp"":""78.62"",""created_time"":""2026-04-27T20:15:20.234544Z"",""no_price_dollars"":""0.4900"",""taker_side"":""no"",""ticker"":""KXBTC15M-26APR271630-30"",""trade_id"":""79c6ab83-8db9-4418-50d0-13e61ea4c7dd"",""yes_price_dollars"":""0.5100""}"
KXBTC15M-26APR271630-30,0f84e5ad-4f0d-6f78-eac1-41ab773423ad,1777320920,0.51,49.26,no,"{""count_fp"":""49.26"",""created_time"":""2026-04-27T20:15:20.056523Z"",""no_price_dollars"":""0.4900"",""taker_side"":""no"",""ticker"":""KXBTC15M-26APR271630-30"",""trade_id"":""0f84e5ad-4f0d-6f78-eac1-41ab773423ad"",""yes_price_dollars"":""0.5100""}"
KXBTC15M-26APR271630-30,e0f6e4d5-b4a9-6a8c-2498-36115d8f30ac,1777320921,0.52,3.72,yes,"{""count_fp"":""3.72"",""created_time"":""2026-04-27T20:15:21.633255Z"",""no_price_dollars"":""0.4800"",""taker_side"":""yes"",""ticker"":""KXBTC15M-26APR271630-30"",""trade_id"":""e0f6e4d5-b4a9-6a8c-2498-36115d8f30ac"",""yes_price_dollars"":""0.5200""}"
KXBTC15M-26APR271630-30,cb81bf4a-5da8-4b9d-5b0f-d53f1aca2fd1,1777320921,0.51,98.52,no,"{""count_fp"":""98.52"",""created_time"":""2026-04-27T20:15:21.583774Z"",""no_price_dollars"":""0.4900"",""taker_side"":""no"",""ticker"":""KXBTC15M-26APR271630-30"",""trade_id"":""cb81bf4a-5da8-4b9d-5b0f-d53f1aca2fd1"",""yes_price_dollars"":""0.5100""}"
KXBTC15M-26APR271630-30,2cb644e6-24c0-7bc9-539e-7f11cdabf0a9,1777320921,0.51,70.42,no,"{""count_fp"":""70.42"",""created_time"":""2026-04-27T20:15:21.389821Z"",""no_price_dollars"":""0.4900"",""taker_side"":""no"",""ticker"":""KXBTC15M-26APR271630-30"",""trade_id"":""2cb644e6-24c0-7bc9-539e-7f11cdabf0a9"",""yes_price_dollars"":""0.5100""}"
KXBTC15M-26APR271630-30,2502a043-69f8-7f6b-76b6-de8ccdf5facc,1777320921,0.51,97.06,no,"{""count_fp"":""97.06"",""created_time"":""2026-04-27T20:15:21.389821Z"",""no_price_dollars"":""0.4900"",""taker_side"":""no"",""ticker"":""KXBTC15M-26APR271630-30"",""trade_id"":""2502a043-69f8-7f6b-76b6-de8ccdf5facc"",""yes_price_dollars"":""0.5100""}"
KXBTC15M-26APR271630-30,db22f7bb-0d5c-68d3-6df8-db5de9e90520,1777320921,0.51,2.94,no,"{""count_fp"":""2.94"",""created_time"":""2026-04-27T20:15:21.301847Z"",""no_price_dollars"":""0.4900"",""taker_side"":""no"",""ticker"":""KXBTC15M-26APR271630-30"",""trade_id"":""db22f7bb-0d5c-68d3-6df8-db5de9e90520"",""yes_price_dollars"":""0.5100""}"
KXBTC15M-26APR271630-30,9540ac9b-dc59-636d-40bd-6ea67ccc3946,1777320921,0.51,1.0,no,"{""count_fp"":""1.00"",""created_time"":""2026-04-27T20:15:21.301847Z"",""no_price_dollars"":""0.4900"",""taker_side"":""no"",""ticker"":""KXBTC15M-26APR271630-30"",""trade_id"":""9540ac9b-dc59-636d-40bd-6ea67ccc3946"",""yes_price_dollars"":""0.5100""}"
KXBTC15M-26APR271630-30,e8baf380-9a0d-5014-fb6b-673375a7a4b0,1777320921,0.52,18.6,yes,"{""count_fp"":""18.60"",""created_time"":""2026-04-27T20:15:21.248007Z"",""no_price_dollars"":""0.4800"",""taker_side"":""yes"",""ticker"":""KXBTC15M-26APR271630-30"",""trade_id"":""e8baf380-9a0d-5014-fb6b-673375a7a4b0"",""yes_price_dollars"":""0.5200""}"
KXBTC15M-26APR271630-30,e766fb13-7055-4d58-8d08-fe31c718efac,1777320921,0.52,14.88,yes,"{""count_fp"":""14.88"",""created_time"":""2026-04-27T20:15:21.100572Z"",""no_price_dollars"":""0.4800"",""taker_side"":""yes"",""ticker"":""KXBTC15M-26APR271630-30"",""trade_id"":""e766fb13-7055-4d58-8d08-fe31c718efac"",""yes_price_dollars"":""0.5200""}"
KXBTC15M-26APR271630-30,ce6e443d-de93-403c-de68-592bc8bf0f5c,1777320921,0.51,40.0,no,"{""count_fp"":""40.00"",""created_time"":""2026-04-27T20:15:21.053043Z"",""no_price_dollars"":""0.4900"",""taker_side"":""no"",""ticker"":""KXBTC15M-26APR271630-30"",""trade_id"":""ce6e443d-de93-403c-de68-592bc8bf0f5c"",""yes_price_dollars"":""0.5100""}"
KXBTC15M-26APR271630-30,c816b8f5-0845-4c32-f467-eca8ae9e9581,1777320921,0.51,3.0,no,"{""count_fp"":""3.00"",""created_time"":""2026-04-27T20:15:21.053043Z"",""no_price_dollars"":""0.4900"",""taker_side"":""no"",""ticker"":""KXBTC15M-26APR271630-30"",""trade_id"":""c816b8f5-0845-4c32-f467-eca8ae9e9581"",""yes_price_dollars"":""0.5100""}"
KXBTC15M-26APR271630-30,ba1376e0-5770-4477-e63c-8a65c03a6529,1777320921,0.5,319.61,no,"{""count_fp"":""319.61"",""created_time"":""2026-04-27T20:15:21.053043Z"",""no_price_dollars"":""0.5000"",""taker_side"":""no"",""ticker"":""KXBTC15M-26APR271630-30"",""trade_id"":""ba1376e0-5770-4477-e63c-8a65c03a6529"",""yes_price_dollars"":""0.5000""}"
KXBTC15M-26APR271630-30,b29db9f9-6d57-491b-fcaf-865c33d9dbe3,1777320921,0.5,40.0,no,"{""count_fp"":""40.00"",""created_time"":""2026-04-27T20:15:21.053043Z"",""no_price_dollars"":""0.5000"",""taker_side"":""no"",""ticker"":""KXBTC15M-26APR271630-30"",""trade_id"":""b29db9f9-6d57-491b-fcaf-865c33d9dbe3"",""yes_price_dollars"":""0.5000""}"
KXBTC15M-26APR271630-30,ab629326-35e2-416a-e43c-5b2a591a5667,1777320921,0.5,800.0,no,"{""count_fp"":""800.00"",""created_time"":""2026-04-27T20:15:21.053043Z"",""no_price_dollars"":""0.5000"",""taker_side"":""no"",""ticker"":""KXBTC15M-26APR271630-30"",""trade_id"":""ab629326-35e2-416a-e43c-5b2a591a5667"",""yes_price_dollars"":""0.5000""}"
KXBTC15M-26APR271630-30,aa5fe4be-352e-4550-f44e-67a01436aff0,1777320921,0.51,99.81,no,"{""count_fp"":""99.81"",""created_time"":""2026-04-27T20:15:21.053043Z"",""no_price_dollars"":""0.4900"",""taker_side"":""no"",""ticker"":""KXBTC15M-26APR271630-30"",""trade_id"":""aa5fe4be-352e-4550-f44e-67a01436aff0"",""yes_price_dollars"":""0.5100""}"
KXBTC15M-26APR271630-30,769c294b-469b-4e02-f3ec-4e503a5e24a0,1777320921,0.51,214.6,no,"{""count_fp"":""214.60"",""created_time"":""2026-04-27T20:15:21.053043Z"",""no_price_dollars"":""0.4900"",""taker_side"":""no"",""ticker"":""KXBTC15M-26APR271630-30"",""trade_id"":""769c294b-469b-4e02-f3ec-4e503a5e24a0"",""yes_price_dollars"":""0.5100""}"
KXBTC15M-26APR271630-30,4f49ff9e-7e8d-49de-feb6-da3cb1df7783,1777320921,0.5,42.0,no,"{""count_fp"":""42.00"",""created_time"":""2026-04-27T20:15:21.053043Z"",""no_price_dollars"":""0.5000"",""taker_side"":""no"",""ticker"":""KXBTC15M-26APR271630-30"",""trade_id"":""4f49ff9e-7e8d-49de-feb6-da3cb1df7783"",""yes_price_dollars"":""0.5000""}"
KXBTC15M-26APR271630-30,4d591712-8e57-48e2-efa5-b77c15f9d2dd,1777320921,0.5,368.52,no,"{""count_fp"":""368.52"",""created_time"":""2026-04-27T20:15:21.053043Z"",""no_price_dollars"":""0.5000"",""taker_side"":""no"",""ticker"":""KXBTC15M-26APR271630-30"",""trade_id"":""4d591712-8e57-48e2-efa5-b77c15f9d2dd"",""yes_price_dollars"":""0.5000""}"
KXBTC15M-26APR271630-30,25528cd1-bea7-404a-d09d-f07d7ba11963,1777320921,0.51,9.36,no,"{""count_fp"":""9.36"",""created_time"":""2026-04-27T20:15:21.053043Z"",""no_price_dollars"":""0.4900"",""taker_side"":""no"",""ticker"":""KXBTC15M-26APR271630-30"",""trade_id"":""25528cd1-bea7-404a-d09d-f07d7ba11963"",""yes_price_dollars"":""0.5100""}"
KXBTC15M-26APR271630-30,20250198-f0bd-499c-c27a-082bed22f7bf,1777320921,0.51,1.97,no,"{""count_fp"":""1.97"",""created_time"":""2026-04-27T20:15:21.053043Z"",""no_price_dollars"":""0.4900"",""taker_side"":""no"",""ticker"":""KXBTC15M-26APR271630-30"",""trade_id"":""20250198-f0bd-499c-c27a-082bed22f7bf"",""yes_price_dollars"":""0.5100""}"
KXBTC15M-26APR271630-30,8c21c223-d61d-4f2b-588e-1e45d2101fc0,1777320922,0.52,100.0,no,"{""count_fp"":""100.00"",""created_time"":""2026-04-27T20:15:22.797799Z"",""no_price_dollars"":""0.4800"",""taker_side"":""no"",""ticker"":""KXBTC15M-26APR271630-30"",""trade_id"":""8c21c223-d61d-4f2b-588e-1e45d2101fc0"",""yes_price_dollars"":""0.5200""}"
KXBTC15M-26APR271630-30,8012d854-8a34-4d95-5dd7-29b4178a35e9,1777320922,0.52,500.0,no,"{""count_fp"":""500.00"",""created_time"":""2026-04-27T20:15:22.797799Z"",""no_price_dollars"":""0.4800"",""taker_side"":""no"",""ticker"":""KXBTC15M-26APR271630-30"",""trade_id"":""8012d854-8a34-4d95-5dd7-29b4178a35e9"",""yes_price_dollars"":""0.5200""}"
KXBTC15M-26APR271630-30,5d46d27c-3bb4-44f3-6d27-95e9d0e2cd09,1777320922,0.52,334.92,no,"{""count_fp"":""334.92"",""created_time"":""2026-04-27T20:15:22.797799Z"",""no_price_dollars"":""0.4800"",""taker_side"":""no"",""ticker"":""KXBTC15M-26APR271630-30"",""trade_id"":""5d46d27c-3bb4-44f3-6d27-95e9d0e2cd09"",""yes_price_dollars"":""0.5200""}"
KXBTC15M-26APR271630-30,2f0620bc-c53d-42d3-4a93-bb96f025020c,1777320922,0.52,40.0,no,"{""count_fp"":""40.00"",""created_time"":""2026-04-27T20:15:22.797799Z"",""no_price_dollars"":""0.4800"",""taker_side"":""no"",""ticker"":""KXBTC15M-26APR271630-30"",""trade_id"":""2f0620bc-c53d-42d3-4a93-bb96f025020c"",""yes_price_dollars"":""0.5200""}"
KXBTC15M-26APR271630-30,2d58c3ec-d774-7641-2004-d646cf50216d,1777320922,0.52,49.26,no,"{""count_fp"":""49.26"",""created_time"":""2026-04-27T20:15:22.350758Z"",""no_price_dollars"":""0.4800"",""taker_side"":""no"",""ticker"":""KXBTC15M-26APR271630-30"",""trade_id"":""2d58c3ec-d774-7641-2004-d646cf50216d"",""yes_price_dollars"":""0.5200""}"
KXBTC15M-26APR271630-30,a293d1e5-af20-4f25-bcba-66001bef3a15,1777320922,0.52,49.26,no,"{""count_fp"":""49.26"",""created_time"":""2026-04-27T20:15:22.340763Z"",""no_price_dollars"":""0.4800"",""taker_side"":""no"",""ticker"":""KXBTC15M-26APR271630-30"",""trade_id"":""a293d1e5-af20-4f25-bcba-66001bef3a15"",""yes_price_dollars"":""0.5200""}"
KXBTC15M-26APR271630-30,7efbf133-7787-45d4-a950-6a3358ff33c3,1777320922,0.52,100.0,no,"{""count_fp"":""100.00"",""created_time"":""2026-04-27T20:15:22.329208Z"",""no_price_dollars"":""0.4800"",""taker_side"":""no"",""ticker"":""KXBTC15M-26APR271630-30"",""trade_id"":""7efbf133-7787-45d4-a950-6a3358ff33c3"",""yes_price_dollars"":""0.5200""}"
KXBTC15M-26APR271630-30,35dd89be-9733-4188-9855-f4bdff9a1cc1,1777320922,0.52,34.0,no,"{""count_fp"":""34.00"",""created_time"":""2026-04-27T20:15:22.329208Z"",""no_price_dollars"":""0.4800"",""taker_side"":""no"",""ticker"":""KXBTC15M-26APR271630-30"",""trade_id"":""35dd89be-9733-4188-9855-f4bdff9a1cc1"",""yes_price_dollars"":""0.5200""}"
KXBTC15M-26APR271630-30,1e3b9b31-b0f0-4679-98a1-938e4d551611,1777320922,0.52,130.04,no,"{""count_fp"":""130.04"",""created_time"":""2026-04-27T20:15:22.329208Z"",""no_price_dollars"":""0.4800"",""taker_side"":""no"",""ticker"":""KXBTC15M-26APR271630-30"",""trade_id"":""1e3b9b31-b0f0-4679-98a1-938e4d551611"",""yes_price_dollars"":""0.5200""}"
KXBTC15M-26APR271630-30,be7ee3e0-8907-7f78-c02f-7f30271aeb09,1777320922,0.52,6.0,no,"{""count_fp"":""6.00"",""created_time"":""2026-04-27T20:15:22.300287Z"",""no_price_dollars"":""0.4800"",""taker_side"":""no"",""ticker"":""KXBTC15M-26APR271630-30"",""trade_id"":""be7ee3e0-8907-7f78-c02f-7f30271aeb09"",""yes_price_dollars"":""0.5200""}"
KXBTC15M-26APR271630-30,b63a2348-c9e8-7c56-d50b-898f0df50362,1777320922,0.52,3.0,no,"{""count_fp"":""3.00"",""created_time"":""2026-04-27T20:15:22.300287Z"",""no_price_dollars"":""0.4800"",""taker_side"":""no"",""ticker"":""KXBTC15M-26APR271630-30"",""trade_id"":""b63a2348-c9e8-7c56-d50b-898f0df50362"",""yes_price_dollars"":""0.5200""}"
KXBTC15M-26APR271630-30,d1430a06-522c-4668-7947-6ffe660f5657,1777320922,0.53,1.0,yes,"{""count_fp"":""1.00"",""created_time"":""2026-04-27T20:15:22.144974Z"",""no_price_dollars"":""0.4700"",""taker_side"":""yes"",""ticker"":""KXBTC15M-26APR271630-30"",""trade_id"":""d1430a06-522c-4668-7947-6ffe660f5657"",""yes_price_dollars"":""0.5300""}"
KXBTC15M-26APR271630-30,cc9667c2-d512-4132-70f3-5ddcb3a2fc14,1777320922,0.53,10.0,yes,"{""count_fp"":""10.00"",""created_time"":""2026-04-27T20:15:22.144974Z"",""no_price_dollars"":""0.4700"",""taker_side"":""yes"",""ticker"":""KXBTC15M-26APR271630-30"",""trade_id"":""cc9667c2-d512-4132-70f3-5ddcb3a2fc14"",""yes_price_dollars"":""0.5300""}"
KXBTC15M-26APR271630-30,9823009d-8dae-460b-4b39-2411ba740166,1777320922,0.53,40.0,yes,"{""count_fp"":""40.00"",""created_time"":""2026-04-27T20:15:22.144974Z"",""no_price_dollars"":""0.4700"",""taker_side"":""yes"",""ticker"":""KXBTC15M-26APR271630-30"",""trade_id"":""9823009d-8dae-460b-4b39-2411ba740166"",""yes_price_dollars"":""0.5300""}"
KXBTC15M-26APR271630-30,858d850e-5c37-4750-772b-f6e22926985e,1777320922,0.54,4.51,yes,"{""count_fp"":""4.51"",""created_time"":""2026-04-27T20:15:22.144974Z"",""no_price_dollars"":""0.4600"",""taker_side"":""yes"",""ticker"":""KXBTC15M-26APR271630-30"",""trade_id"":""858d850e-5c37-4750-772b-f6e22926985e"",""yes_price_dollars"":""0.5400""}"
KXBTC15M-26APR271630-30,39b9ac85-7253-4365-59ca-cfd51c0b7d9c,1777320922,0.54,5.05,yes,"{""count_fp"":""5.05"",""created_time"":""2026-04-27T20:15:22.144974Z"",""no_price_dollars"":""0.4600"",""taker_side"":""yes"",""ticker"":""KXBTC15M-26APR271630-30"",""trade_id"":""39b9ac85-7253-4365-59ca-cfd51c0b7d9c"",""yes_price_dollars"":""0.5400""}"
KXBTC15M-26APR271630-30,2b9727e4-824d-4fe4-6d3d-5d3c3b63dd9c,1777320922,0.52,2.8,yes,"{""count_fp"":""2.80"",""created_time"":""2026-04-27T20:15:22.144974Z"",""no_price_dollars"":""0.4800"",""taker_side"":""yes"",""ticker"":""KXBTC15M-26APR271630-30"",""trade_id"":""2b9727e4-824d-4fe4-6d3d-5d3c3b63dd9c"",""yes_price_dollars"":""0.5200""}"
KXBTC15M-26APR271630-30,badc1f7f-a10d-6b01-0d35-2660faf67d2c,1777320923,0.52,3.0,no,"{""count_fp"":""3.00"",""created_time"":""2026-04-27T20:15:23.111475Z"",""no_price_dollars"":""0.4800"",""taker_side"":""no"",""ticker"":""KXBTC15M-26APR271630-30"",""trade_id"":""badc1f7f-a10d-6b01-0d35-2660faf67d2c"",""yes_price_dollars"":""0.5200""}"
KXBTC15M-26APR271630-30,662cafc0-eaeb-6c8b-05f6-39f54371217e,1777320923,0.52,9.0,no,"{""count_fp"":""9.00"",""created_time"":""2026-04-27T20:15:23.111475Z"",""no_price_dollars"":""0.4800"",""taker_side"":""no"",""ticker"":""KXBTC15M-26APR271630-30"",""trade_id"":""662cafc0-eaeb-6c8b-05f6-39f54371217e"",""yes_price_dollars"":""0.5200""}"
KXBTC15M-26APR271630-30,5074accb-0bb4-6bf5-15b5-a747aa3afe76,1777320923,0.52,10.05,no,"{""count_fp"":""10.05"",""created_time"":""2026-04-27T20:15:23.111475Z"",""no_price_dollars"":""0.4800"",""taker_side"":""no"",""ticker"":""KXBTC15M-26APR271630-30"",""trade_id"":""5074accb-0bb4-6bf5-15b5-a747aa3afe76"",""yes_price_dollars"":""0.5200""}"
KXBTC15M-26APR271630-30,44de94fe-6ec5-6d79-11cd-fadc9bcb8a8a,1777320923,0.52,37.95,no,"{""count_fp"":""37.95"",""created_time"":""2026-04-27T20:15:23.111475Z"",""no_price_dollars"":""0.4800"",""taker_side"":""no"",""ticker"":""KXBTC15M-26APR271630-30"",""trade_id"":""44de94fe-6ec5-6d79-11cd-fadc9bcb8a8a"",""yes_price_dollars"":""0.5200""}"
KXBTC15M-26APR271630-30,bb5801bb-8fdf-60a8-3533-d86c2b0a2fb1,1777320924,0.53,35.0,no,"{""count_fp"":""35.00"",""created_time"":""2026-04-27T20:15:24.574183Z"",""no_price_dollars"":""0.4700"",""taker_side"":""no"",""ticker"":""KXBTC15M-26APR271630-30"",""trade_id"":""bb5801bb-8fdf-60a8-3533-d86c2b0a2fb1"",""yes_price_dollars"":""0.5300""}"
KXBTC15M-26APR271630-30,3c20c61a-b934-6ba8-1e2f-e546a8423576,1777320924,0.53,4.4,no,"{""count_fp"":""4.40"",""created_time"":""2026-04-27T20:15:24.574183Z"",""no_price_dollars"":""0.4700"",""taker_side"":""no"",""ticker"":""KXBTC15M-26APR271630-30"",""trade_id"":""3c20c61a-b934-6ba8-1e2f-e546a8423576"",""yes_price_dollars"":""0.5300""}"
KXBTC15M-26APR271630-30,6a021370-2bc2-7877-d9c8-0cf0e48e9538,1777320924,0.53,3.0,no,"{""count_fp"":""3.00"",""created_time"":""2026-04-27T20:15:24.384223Z"",""no_price_dollars"":""0.4700"",""taker_side"":""no"",""ticker"":""KXBTC15M-26APR271630-30"",""trade_id"":""6a021370-2bc2-7877-d9c8-0cf0e48e9538"",""yes_price_dollars"":""0.5300""}"
KXBTC15M-26APR271630-30,4c087cad-1e37-7cac-cbc4-1190387262cd,1777320924,0.53,5.0,no,"{""count_fp"":""5.00"",""created_time"":""2026-04-27T20:15:24.384223Z"",""no_price_dollars"":""0.4700"",""taker_side"":""no"",""ticker"":""KXBTC15M-26APR271630-30"",""trade_id"":""4c087cad-1e37-7cac-cbc4-1190387262cd"",""yes_price_dollars"":""0.5300""}"
KXBTC15M-26APR271630-30,e0f4e2c7-9de8-427e-2a57-426240b0f979,1777320924,0.56,30.0,yes,"{""count_fp"":""30.00"",""created_time"":""2026-04-27T20:15:24.298675Z"",""no_price_dollars"":""0.4400"",""taker_side"":""yes"",""ticker"":""KXBTC15M-26APR271630-30"",""trade_id"":""e0f4e2c7-9de8-427e-2a57-426240b0f979"",""yes_price_dollars"":""0.5600""}"
KXBTC15M-26APR271630-30,d04a57f1-8eb6-4087-0309-8b058605814f,1777320924,0.55,20.0,yes,"{""count_fp"":""20.00"",""created_time"":""2026-04-27T20:15:24.298675Z"",""no_price_dollars"":""0.4500"",""taker_side"":""yes"",""ticker"":""KXBTC15M-26APR271630-30"",""trade_id"":""d04a57f1-8eb6-4087-0309-8b058605814f"",""yes_price_dollars"":""0.5500""}"
KXBTC15M-26APR271630-30,bbf822d5-f831-46c0-23a2-8a8d85f3de42,1777320924,0.55,56.0,yes,"{""count_fp"":""56.00"",""created_time"":""2026-04-27T20:15:24.298675Z"",""no_price_dollars"":""0.4500"",""taker_side"":""yes"",""ticker"":""KXBTC15M-26APR271630-30"",""trade_id"":""bbf822d5-f831-46c0-23a2-8a8d85f3de42"",""yes_price_dollars"":""0.5500""}"
KXBTC15M-26APR271630-30,9360878e-4590-40fe-1b17-9858f4ed38b0,1777320924,0.55,8.0,yes,"{""count_fp"":""8.00"",""created_time"":""2026-04-27T20:15:24.298675Z"",""no_price_dollars"":""0.4500"",""taker_side"":""yes"",""ticker"":""KXBTC15M-26APR271630-30"",""trade_id"":""9360878e-4590-40fe-1b17-9858f4ed38b0"",""yes_price_dollars"":""0.5500""}"
KXBTC15M-26APR271630-30,8fe884ee-0e47-48c4-0e0f-126a17078a83,1777320924,0.55,3.0,yes,"{""count_fp"":""3.00"",""created_time"":""2026-04-27T20:15:24.298675Z"",""no_price_dollars"":""0.4500"",""taker_side"":""yes"",""ticker"":""KXBTC15M-26APR271630-30"",""trade_id"":""8fe884ee-0e47-48c4-0e0f-126a17078a83"",""yes_price_dollars"":""0.5500""}"
KXBTC15M-26APR271630-30,675600d5-ed08-44cf-06d2-1f5b305a8e09,1777320924,0.55,11.34,yes,"{""count_fp"":""11.34"",""created_time"":""2026-04-27T20:15:24.298675Z"",""no_price_dollars"":""0.4500"",""taker_side"":""yes"",""ticker"":""KXBTC15M-26APR271630-30"",""trade_id"":""675600d5-ed08-44cf-06d2-1f5b305a8e09"",""yes_price_dollars"":""0.5500""}"
KXBTC15M-26APR271630-30,5ab5c74f-9fe9-421b-1f22-5b70fbdcfb0e,1777320924,0.55,40.0,yes,"{""count_fp"":""40.00"",""created_time"":""2026-04-27T20:15:24.298675Z"",""no_price_dollars"":""0.4500"",""taker_side"":""yes"",""ticker"":""KXBTC15M-26APR271630-30"",""trade_id"":""5ab5c74f-9fe9-421b-1f22-5b70fbdcfb0e"",""yes_price_dollars"":""0.5500""}"
KXBTC15M-26APR271630-30,4f3a13a5-8f1d-4a0e-24b1-a2fe15dc9767,1777320924,0.56,4.52,yes,"{""count_fp"":""4.52"",""created_time"":""2026-04-27T20:15:24.298675Z"",""no_price_dollars"":""0.4400"",""taker_side"":""yes"",""ticker"":""KXBTC15M-26APR271630-30"",""trade_id"":""4f3a13a5-8f1d-4a0e-24b1-a2fe15dc9767"",""yes_price_dollars"":""0.5600""}"
KXBTC15M-26APR271630-30,c445b0dc-00c4-77e4-7ccb-157827b4d266,1777320924,0.52,1.0,no,"{""count_fp"":""1.00"",""created_time"":""2026-04-27T20:15:24.293914Z"",""no_price_dollars"":""0.4800"",""taker_side"":""no"",""ticker"":""KXBTC15M-26APR271630-30"",""trade_id"":""c445b0dc-00c4-77e4-7ccb-157827b4d266"",""yes_price_dollars"":""0.5200""}"
KXBTC15M-26APR271630-30,d9bffb80-ff99-6e53-807c-15ce0e88034d,1777320924,0.55,1.0,yes,"{""count_fp"":""1.00"",""created_time"":""2026-04-27T20:15:24.287212Z"",""no_price_dollars"":""0.4500"",""taker_side"":""yes"",""ticker"":""KXBTC15M-26APR271630-30"",""trade_id"":""d9bffb80-ff99-6e53-807c-15ce0e88034d"",""yes_price_dollars"":""0.5500""}"
KXBTC15M-26APR271630-30,9190f360-2a7f-6b2f-bee6-9cc0d877b1b8,1777320924,0.53,1.0,yes,"{""count_fp"":""1.00"",""created_time"":""2026-04-27T20:15:24.287212Z"",""no_price_dollars"":""0.4700"",""taker_side"":""yes"",""ticker"":""KXBTC15M-26APR271630-30"",""trade_id"":""9190f360-2a7f-6b2f-bee6-9cc0d877b1b8"",""yes_price_dollars"":""0.5300""}"
KXBTC15M-26APR271630-30,4b8f4c4b-4a80-66af-bce8-050ea769b4c9,1777320924,0.55,18.66,yes,"{""count_fp"":""18.66"",""created_time"":""2026-04-27T20:15:24.287212Z"",""no_price_dollars"":""0.4500"",""taker_side"":""yes"",""ticker"":""KXBTC15M-26APR271630-30"",""trade_id"":""4b8f4c4b-4a80-66af-bce8-050ea769b4c9"",""yes_price_dollars"":""0.5500""}"
KXBTC15M-26APR271630-30,4309f93c-47cb-6f38-b3c9-9f1106d38cef,1777320924,0.55,20.0,yes,"{""count_fp"":""20.00"",""created_time"":""2026-04-27T20:15:24.287212Z"",""no_price_dollars"":""0.4500"",""taker_side"":""yes"",""ticker"":""KXBTC15M-26APR271630-30"",""trade_id"":""4309f93c-47cb-6f38-b3c9-9f1106d38cef"",""yes_price_dollars"":""0.5500""}"
KXBTC15M-26APR271630-30,371df02a-35df-6a8e-ad39-2fdd1e186b71,1777320924,0.54,2.17,yes,"{""count_fp"":""2.17"",""created_time"":""2026-04-27T20:15:24.287212Z"",""no_price_dollars"":""0.4600"",""taker_side"":""yes"",""ticker"":""KXBTC15M-26APR271630-30"",""trade_id"":""371df02a-35df-6a8e-ad39-2fdd1e186b71"",""yes_price_dollars"":""0.5400""}"
KXBTC15M-26APR271630-30,138a2261-06e6-66ec-b8f1-b7ce10ee62b3,1777320924,0.55,1.0,yes,"{""count_fp"":""1.00"",""created_time"":""2026-04-27T20:15:24.287212Z"",""no_price_dollars"":""0.4500"",""taker_side"":""yes"",""ticker"":""KXBTC15M-26APR271630-30"",""trade_id"":""138a2261-06e6-66ec-b8f1-b7ce10ee62b3"",""yes_price_dollars"":""0.5500""}"
KXBTC15M-26APR271630-30,b5426759-1703-7f88-030a-8a73f4df59d0,1777320924,0.53,1.0,yes,"{""count_fp"":""1.00"",""created_time"":""2026-04-27T20:15:24.018024Z"",""no_price_dollars"":""0.4700"",""taker_side"":""yes"",""ticker"":""KXBTC15M-26APR271630-30"",""trade_id"":""b5426759-1703-7f88-030a-8a73f4df59d0"",""yes_price_dollars"":""0.5300""}"
KXBTC15M-26APR271630-30,4f3fafd9-8bdf-7812-31d4-037f01d89d11,1777320924,0.54,37.83,yes,"{""count_fp"":""37.83"",""created_time"":""2026-04-27T20:15:24.018024Z"",""no_price_dollars"":""0.4600"",""taker_side"":""yes"",""ticker"":""KXBTC15M-26APR271630-30"",""trade_id"":""4f3fafd9-8bdf-7812-31d4-037f01d89d11"",""yes_price_dollars"":""0.5400""}"
KXBTC15M-26APR271630-30,3dde209c-549b-7512-2427-0bafd1080385,1777320924,0.54,5.0,yes,"{""count_fp"":""5.00"",""created_time"":""2026-04-27T20:15:24.018024Z"",""no_price_dollars"":""0.4600"",""taker_side"":""yes"",""ticker"":""KXBTC15M-26APR271630-30"",""trade_id"":""3dde209c-549b-7512-2427-0bafd1080385"",""yes_price_dollars"":""0.5400""}"
KXBTC15M-26APR271630-30,a21c576e-1511-440a-6020-d0cd027b145e,1777320925,0.58,86.0,yes,"{""count_fp"":""86.00"",""created_time"":""2026-04-27T20:15:25.974431Z"",""no_price_dollars"":""0.4200"",""taker_side"":""yes"",""ticker"":""KXBTC15M-26APR271630-30"",""trade_id"":""a21c576e-1511-440a-6020-d0cd027b145e"",""yes_price_dollars"":""0.5800""}"
KXBTC15M-26APR271630-30,82f8f3c8-6f76-46fe-6f03-c7c83b39758e,1777320925,0.58,20.0,yes,"{""count_fp"":""20.00"",""created_time"":""2026-04-27T20:15:25.974431Z"",""no_price_dollars"":""0.4200"",""taker_side"":""yes"",""ticker"":""KXBTC15M-26APR271630-30"",""trade_id"":""82f8f3c8-6f76-46fe-6f03-c7c83b39758e"",""yes_price_dollars"":""0.5800""}"
KXBTC15M-26APR271630-30,6134536b-8be4-687e-9e5d-32ee83faead3,1777320925,0.57,200.0,yes,"{""count_fp"":""200.00"",""created_time"":""2026-04-27T20:15:25.913925Z"",""no_price_dollars"":""0.4300"",""taker_side"":""yes"",""ticker"":""KXBTC15M-26APR271630-30"",""trade_id"":""6134536b-8be4-687e-9e5d-32ee83faead3"",""yes_price_dollars"":""0.5700""}"
KXBTC15M-26APR271630-30,5aa9e602-1ec1-6574-890b-38b20379fa9f,1777320925,0.57,128.23,yes,"{""count_fp"":""128.23"",""created_time"":""2026-04-27T20:15:25.913925Z"",""no_price_dollars"":""0.4300"",""taker_side"":""yes"",""ticker"":""KXBTC15M-26APR271630-30"",""trade_id"":""5aa9e602-1ec1-6574-890b-38b20379fa9f"",""yes_price_dollars"":""0.5700""}"
KXBTC15M-26APR271630-30,1f768863-e626-62c0-8c51-d31695ae8eba,1777320925,0.57,200.0,yes,"{""count_fp"":""200.00"",""created_time"":""2026-04-27T20:15:25.913925Z"",""no_price_dollars"":""0.4300"",""taker_side"":""yes"",""ticker"":""KXBTC15M-26APR271630-30"",""trade_id"":""1f768863-e626-62c0-8c51-d31695ae8eba"",""yes_price_dollars"":""0.5700""}"
KXBTC15M-26APR271630-30,da3b1c98-b691-5350-31bc-db96fb62ccdb,1777320925,0.57,39.96,yes,"{""count_fp"":""39.96"",""created_time"":""2026-04-27T20:15:25.911369Z"",""no_price_dollars"":""0.4300"",""taker_side"":""yes"",""ticker"":""KXBTC15M-26APR271630-30"",""trade_id"":""da3b1c98-b691-5350-31bc-db96fb62ccdb"",""yes_price_dollars"":""0.5700""}"
KXBTC15M-26APR271630-30,e254df76-7f79-61f0-37cc-ffcab668c417,1777320925,0.57,24.43,yes,"{""count_fp"":""24.43"",""created_time"":""2026-04-27T20:15:25.900515Z"",""no_price_dollars"":""0.4300"",""taker_side"":""yes"",""ticker"":""KXBTC15M-26APR271630-30"",""trade_id"":""e254df76-7f79-61f0-37cc-ffcab668c417"",""yes_price_dollars"":""0.5700""}"
KXBTC15M-26APR271630-30,9ab7194a-d5b6-479b-fe14-93ebd103cb6b,1777320925,0.57,20.0,yes,"{""count_fp"":""20.00"",""created_time"":""2026-04-27T20:15:25.861353Z"",""no_price_dollars"":""0.4300"",""taker_side"":""yes"",""ticker"":""KXBTC15M-26APR271630-30"",""trade_id"":""9ab7194a-d5b6-479b-fe14-93ebd103cb6b"",""yes_price_dollars"":""0.5700""}"
KXBTC15M-26APR271630-30,428ecb97-a332-47d6-c983-f9e10b97b486,1777320925,0.57,8.34,yes,"{""count_fp"":""8.34"",""created_time"":""2026-04-27T20:15:25.861353Z"",""no_price_dollars"":""0.4300"",""taker_side"":""yes"",""ticker"":""KXBTC15M-26APR271630-30"",""trade_id"":""428ecb97-a332-47d6-c983-f9e10b97b486"",""yes_price_dollars"":""0.5700""}"
KXBTC15M-26APR271630-30,277bfddd-e561-4de4-fbd7-97bb3988171b,1777320925,0.57,7.38,yes,"{""count_fp"":""7.38"",""created_time"":""2026-04-27T20:15:25.861353Z"",""no_price_dollars"":""0.4300"",""taker_side"":""yes"",""ticker"":""KXBTC15M-26APR271630-30"",""trade_id"":""277bfddd-e561-4de4-fbd7-97bb3988171b"",""yes_price_dollars"":""0.5700""}"
KXBTC15M-26APR271630-30,90bd81fd-4726-4bce-ce0f-fff30c3328c6,1777320925,0.57,21.66,yes,"{""count_fp"":""21.66"",""created_time"":""2026-04-27T20:15:25.823925Z"",""no_price_dollars"":""0.4300"",""taker_side"":""yes"",""ticker"":""KXBTC15M-26APR271630-30"",""trade_id"":""90bd81fd-4726-4bce-ce0f-fff30c3328c6"",""yes_price_dollars"":""0.5700""}"
KXBTC15M-26APR271630-30,6cbed757-1052-5215-1d15-796658ca9257,1777320925,0.56,11.74,yes,"{""count_fp"":""11.74"",""created_time"":""2026-04-27T20:15:25.812066Z"",""no_price_dollars"":""0.4400"",""taker_side"":""yes"",""ticker"":""KXBTC15M-26APR271630-30"",""trade_id"":""6cbed757-1052-5215-1d15-796658ca9257"",""yes_price_dollars"":""0.5600""}"
KXBTC15M-26APR271630-30,5fb06234-4e72-70a1-09db-d0d4a8e89622,1777320925,0.56,37.45,yes,"{""count_fp"":""37.45"",""created_time"":""2026-04-27T20:15:25.795863Z"",""no_price_dollars"":""0.4400"",""taker_side"":""yes"",""ticker"":""KXBTC15M-26APR271630-30"",""trade_id"":""5fb06234-4e72-70a1-09db-d0d4a8e89622"",""yes_price_dollars"":""0.5600""}"
KXBTC15M-26APR271630-30,863b427e-ec8f-496f-73c7-faa2d22c72a6,1777320925,0.56,10.0,yes,"{""count_fp"":""10.00"",""created_time"":""2026-04-27T20:15:25.789065Z"",""no_price_dollars"":""0.4400"",""taker_side"":""yes"",""ticker"":""KXBTC15M-26APR271630-30"",""trade_id"":""863b427e-ec8f-496f-73c7-faa2d22c72a6"",""yes_price_dollars"":""0.5600""}"
KXBTC15M-26APR271630-30,245d9401-2392-4ab5-6c38-ccbf934e05a2,1777320925,0.56,42.55,yes,"{""count_fp"":""42.55"",""created_time"":""2026-04-27T20:15:25.789065Z"",""no_price_dollars"":""0.4400"",""taker_side"":""yes"",""ticker"":""KXBTC15M-26APR271630-30"",""trade_id"":""245d9401-2392-4ab5-6c38-ccbf934e05a2"",""yes_price_dollars"":""0.5600""}"
KXBTC15M-26APR271630-30,1c391fc3-8d69-473a-6c79-3a9aa1d50b6b,1777320925,0.56,0.74,yes,"{""count_fp"":""0.74"",""created_time"":""2026-04-27T20:15:25.789065Z"",""no_price_dollars"":""0.4400"",""taker_side"":""yes"",""ticker"":""KXBTC15M-26APR271630-30"",""trade_id"":""1c391fc3-8d69-473a-6c79-3a9aa1d50b6b"",""yes_price_dollars"":""0.5600""}"
KXBTC15M-26APR271630-30,10caa639-122c-729a-55e9-bde2c58ab088,1777320925,0.55,10.0,yes,"{""count_fp"":""10.00"",""created_time"":""2026-04-27T20:15:25.771025Z"",""no_price_dollars"":""0.4500"",""taker_side"":""yes"",""ticker"":""KXBTC15M-26APR271630-30"",""trade_id"":""10caa639-122c-729a-55e9-bde2c58ab088"",""yes_price_dollars"":""0.5500""}"
KXBTC15M-26APR271630-30,efec0e43-3862-576f-f74e-df1fe03200e5,1777320925,0.55,15.67,yes,"{""count_fp"":""15.67"",""created_time"":""2026-04-27T20:15:25.628049Z"",""no_price_dollars"":""0.4500"",""taker_side"":""yes"",""ticker"":""KXBTC15M-26APR271630-30"",""trade_id"":""efec0e43-3862-576f-f74e-df1fe03200e5"",""yes_price_dollars"":""0.5500""}"
KXBTC15M-26APR271630-30,8ae44e47-0990-78e4-bf92-f36f4894333e,1777320925,0.54,301.52,no,"{""count_fp"":""301.52"",""created_time"":""2026-04-27T20:15:25.621212Z"",""no_price_dollars"":""0.4600"",""taker_side"":""no"",""ticker"":""KXBTC15M-26APR271630-30"",""trade_id"":""8ae44e47-0990-78e4-bf92-f36f4894333e"",""yes_price_dollars"":""0.5400""}"
KXBTC15M-26APR271630-30,c380b836-ee58-6720-8769-99a4b8ecb4ea,1777320925,0.54,40.2,no,"{""count_fp"":""40.20"",""created_time"":""2026-04-27T20:15:25.434586Z"",""no_price_dollars"":""0.4600"",""taker_side"":""no"",""ticker"":""KXBTC15M-26APR271630-30"",""trade_id"":""c380b836-ee58-6720-8769-99a4b8ecb4ea"",""yes_price_dollars"":""0.5400""}"
KXBTC15M-26APR271630-30,e3de1344-d068-7360-ee02-b7f583231f8e,1777320925,0.54,2.61,no,"{""count_fp"":""2.61"",""created_time"":""2026-04-27T20:15:25.341775Z"",""no_price_dollars"":""0.4600"",""taker_side"":""no"",""ticker"":""KXBTC15M-26APR271630-30"",""trade_id"":""e3de1344-d068-7360-ee02-b7f583231f8e"",""yes_price_dollars"":""0.5400""}"
KXBTC15M-26APR271630-30,f4c9a323-cc1d-5aec-b86a-2f5447c27bf9,1777320925,0.55,10.0,yes,"{""count_fp"":""10.00"",""created_time"":""2026-04-27T20:15:25.300075Z"",""no_price_dollars"":""0.4500"",""taker_side"":""yes"",""ticker"":""KXBTC15M-26APR271630-30"",""trade_id"":""f4c9a323-cc1d-5aec-b86a-2f5447c27bf9"",""yes_price_dollars"":""0.5500""}"
KXBTC15M-26APR271630-30,dd4e5d5e-131b-5c7f-9615-6ed75804630d,1777320925,0.55,3.0,yes,"{""count_fp"":""3.00"",""created_time"":""2026-04-27T20:15:25.300075Z"",""no_price_dollars"":""0.4500"",""taker_side"":""yes"",""ticker"":""KXBTC15M-26APR271630-30"",""trade_id"":""dd4e5d5e-131b-5c7f-9615-6ed75804630d"",""yes_price_dollars"":""0.5500""}"
KXBTC15M-26APR271630-30,c66a2015-230c-51b1-8069-09ed0962b45b,1777320925,0.55,40.0,yes,"{""count_fp"":""40.00"",""created_time"":""2026-04-27T20:15:25.300075Z"",""no_price_dollars"":""0.4500"",""taker_side"":""yes"",""ticker"":""KXBTC15M-26APR271630-30"",""trade_id"":""c66a2015-230c-51b1-8069-09ed0962b45b"",""yes_price_dollars"":""0.5500""}"
KXBTC15M-26APR271630-30,c5a6a99a-8a4d-50ce-bc5e-e8033c1036fb,1777320925,0.56,14.74,yes,"{""count_fp"":""14.74"",""created_time"":""2026-04-27T20:15:25.300075Z"",""no_price_dollars"":""0.4400"",""taker_side"":""yes"",""ticker"":""KXBTC15M-26APR271630-30"",""trade_id"":""c5a6a99a-8a4d-50ce-bc5e-e8033c1036fb"",""yes_price_dollars"":""0.5600""}"
KXBTC15M-26APR271630-30,f53bf7ff-5345-545e-2984-7c8ecebf8672,1777320926,0.58,5.68,yes,"{""count_fp"":""5.68"",""created_time"":""2026-04-27T20:15:26.559097Z"",""no_price_dollars"":""0.4200"",""taker_side"":""yes"",""ticker"":""KXBTC15M-26APR271630-30"",""trade_id"":""f53bf7ff-5345-545e-2984-7c8ecebf8672"",""yes_price_dollars"":""0.5800""}"
KXBTC15M-26APR271630-30,62d5dcf5-35d2-7875-4840-ce008921cb8f,1777320927,0.57,10.05,no,"{""count_fp"":""10.05"",""created_time"":""2026-04-27T20:15:27.956649Z"",""no_price_dollars"":""0.4300"",""taker_side"":""no"",""ticker"":""KXBTC15M-26APR271630-30"",""trade_id"":""62d5dcf5-35d2-7875-4840-ce008921cb8f"",""yes_price_dollars"":""0.5700""}"
KXBTC15M-26APR271630-30,23a20e59-9485-6804-098c-c13e4552034f,1777320927,0.58,1.67,yes,"{""count_fp"":""1.67"",""created_time"":""2026-04-27T20:15:27.605825Z"",""no_price_dollars"":""0.4200"",""taker_side"":""yes"",""ticker"":""KXBTC15M-26APR271630-30"",""trade_id"":""23a20e59-9485-6804-098c-c13e4552034f"",""yes_price_dollars"":""0.5800""}"
KXBTC15M-26APR271630-30,8e7d8a9a-a5f2-7839-1f47-499e0565c393,1777320927,0.57,3.0,no,"{""count_fp"":""3.00"",""created_time"":""2026-04-27T20:15:27.596216Z"",""no_price_dollars"":""0.4300"",""taker_side"":""no"",""ticker"":""KXBTC15M-26APR271630-30"",""trade_id"":""8e7d8a9a-a5f2-7839-1f47-499e0565c393"",""yes_price_dollars"":""0.5700""}"
KXBTC15M-26APR271630-30,5ccef54a-db12-5a69-6c95-6d1116543167,1777320927,0.57,2.23,no,"{""count_fp"":""2.23"",""created_time"":""2026-04-27T20:15:27.447871Z"",""no_price_dollars"":""0.4300"",""taker_side"":""no"",""ticker"":""KXBTC15M-26APR271630-30"",""trade_id"":""5ccef54a-db12-5a69-6c95-6d1116543167"",""yes_price_dollars"":""0.5700""}"
KXBTC15M-26APR271630-30,9dac2f39-9bca-7861-54ea-6e8a8e0c043f,1777320927,0.57,16.0,no,"{""count_fp"":""16.00"",""created_time"":""2026-04-27T20:15:27.389322Z"",""no_price_dollars"":""0.4300"",""taker_side"":""no"",""ticker"":""KXBTC15M-26APR271630-30"",""trade_id"":""9dac2f39-9bca-7861-54ea-6e8a8e0c043f"",""yes_price_dollars"":""0.5700""}"
KXBTC15M-26APR271630-30,a7610033-0f3d-43f6-3437-000f002e6f7e,1777320927,0.58,108.32,yes,"{""count_fp"":""108.32"",""created_time"":""2026-04-27T20:15:27.124072Z"",""no_price_dollars"":""0.4200"",""taker_side"":""yes"",""ticker"":""KXBTC15M-26APR271630-30"",""trade_id"":""a7610033-0f3d-43f6-3437-000f002e6f7e"",""yes_price_dollars"":""0.5800""}"
KXBTC15M-26APR271630-30,5261bc43-f155-4c1c-2620-fd8bcb72f797,1777320927,0.58,91.68,yes,"{""count_fp"":""91.68"",""created_time"":""2026-04-27T20:15:27.124072Z"",""no_price_dollars"":""0.4200"",""taker_side"":""yes"",""ticker"":""KXBTC15M-26APR271630-30"",""trade_id"":""5261bc43-f155-4c1c-2620-fd8bcb72f797"",""yes_price_dollars"":""0.5800""}"
KXBTC15M-26APR271630-30,ffca6bce-9d16-4505-2037-26d7198998f7,1777320927,0.57,4.02,no,"{""count_fp"":""4.02"",""created_time"":""2026-04-27T20:15:27.032279Z"",""no_price_dollars"":""0.4300"",""taker_side"":""no"",""ticker"":""KXBTC15M-26APR271630-30"",""trade_id"":""ffca6bce-9d16-4505-2037-26d7198998f7"",""yes_price_dollars"":""0.5700""}"
KXBTC15M-26APR271630-30,617aae8a-81d9-52b0-cbaa-611dfa7edc6b,1777320928,0.58,3.34,yes,"{""count_fp"":""3.34"",""created_time"":""2026-04-27T20:15:28.547841Z"",""no_price_dollars"":""0.4200"",""taker_side"":""yes"",""ticker"":""KXBTC15M-26APR271630-30"",""trade_id"":""617aae8a-81d9-52b0-cbaa-611dfa7edc6b"",""yes_price_dollars"":""0.5800""}"
KXBTC15M-26APR271630-30,03236c67-1343-74da-5894-fbd299404ed9,1777320929,0.57,10.0,no,"{""count_fp"":""10.00"",""created_time"":""2026-04-27T20:15:29.925579Z"",""no_price_dollars"":""0.4300"",""taker_side"":""no"",""ticker"":""KXBTC15M-26APR271630-30"",""trade_id"":""03236c67-1343-74da-5894-fbd299404ed9"",""yes_price_dollars"":""0.5700""}"
KXBTC15M-26APR271630-30,6cfde456-f05c-40ab-0d50-f8376fbe02e9,1777320929,0.57,82.74,no,"{""count_fp"":""82.74"",""created_time"":""2026-04-27T20:15:29.539593Z"",""no_price_dollars"":""0.4300"",""taker_side"":""no"",""ticker"":""KXBTC15M-26APR271630-30"",""trade_id"":""6cfde456-f05c-40ab-0d50-f8376fbe02e9"",""yes_price_dollars"":""0.5700""}"
KXBTC15M-26APR271630-30,f6158e4e-c8b1-5290-183d-a8e8ce0a8b83,1777320929,0.58,8.37,yes,"{""count_fp"":""8.37"",""created_time"":""2026-04-27T20:15:29.472686Z"",""no_price_dollars"":""0.4200"",""taker_side"":""yes"",""ticker"":""KXBTC15M-26APR271630-30"",""trade_id"":""f6158e4e-c8b1-5290-183d-a8e8ce0a8b83"",""yes_price_dollars"":""0.5800""}"
KXBTC15M-26APR271630-30,99669b12-2985-5a38-2582-1f4cf35b4b93,1777320929,0.58,10.0,yes,"{""count_fp"":""10.00"",""created_time"":""2026-04-27T20:15:29.161256Z"",""no_price_dollars"":""0.4200"",""taker_side"":""yes"",""ticker"":""KXBTC15M-26APR271630-30"",""trade_id"":""99669b12-2985-5a38-2582-1f4cf35b4b93"",""yes_price_dollars"":""0.5800""}"
KXBTC15M-26APR271630-30,a0577e2a-70f1-721f-c037-261b75d26c14,1777320929,0.57,1.0,no,"{""count_fp"":""1.00"",""created_time"":""2026-04-27T20:15:29.048316Z"",""no_price_dollars"":""0.4300"",""taker_side"":""no"",""ticker"":""KXBTC15M-26APR271630-30"",""trade_id"":""a0577e2a-70f1-721f-c037-261b75d26c14"",""yes_price_dollars"":""0.5700""}"
KXBTC15M-26APR271630-30,30338542-3cf8-735f-e77a-1e45f44233d1,1777320929,0.57,222.63,no,"{""count_fp"":""222.63"",""created_time"":""2026-04-27T20:15:29.048316Z"",""no_price_dollars"":""0.4300"",""taker_side"":""no"",""ticker"":""KXBTC15M-26APR271630-30"",""trade_id"":""30338542-3cf8-735f-e77a-1e45f44233d1"",""yes_price_dollars"":""0.5700""}"
KXBTC15M-26APR271630-30,366e97d7-26c9-4627-3746-aee5f0e6d780,1777320929,0.57,2.0,no,"{""count_fp"":""2.00"",""created_time"":""2026-04-27T20:15:29.041727Z"",""no_price_dollars"":""0.4300"",""taker_side"":""no"",""ticker"":""KXBTC15M-26APR271630-30"",""trade_id"":""366e97d7-26c9-4627-3746-aee5f0e6d780"",""yes_price_dollars"":""0.5700""}"
KXBTC15M-26APR271630-30,0a56528a-8c26-49b5-27ab-65c413484b3b,1777320929,0.57,4.7,no,"{""count_fp"":""4.70"",""created_time"":""2026-04-27T20:15:29.041727Z"",""no_price_dollars"":""0.4300"",""taker_side"":""no"",""ticker"":""KXBTC15M-26APR271630-30"",""trade_id"":""0a56528a-8c26-49b5-27ab-65c413484b3b"",""yes_price_dollars"":""0.5700""}"
KXBTC15M-26APR271630-30,3a8980ff-b80c-7a20-54ba-dc2415c98926,1777320930,0.57,335.45,no,"{""count_fp"":""335.45"",""created_time"":""2026-04-27T20:15:30.970448Z"",""no_price_dollars"":""0.4300"",""taker_side"":""no"",""ticker"":""KXBTC15M-26APR271630-30"",""trade_id"":""3a8980ff-b80c-7a20-54ba-dc2415c98926"",""yes_price_dollars"":""0.5700""}"
KXBTC15M-26APR271630-30,30952401-ba4b-41ee-5903-4e3b599ef8fc,1777320930,0.58,10.04,yes,"{""count_fp"":""10.04"",""created_time"":""2026-04-27T20:15:30.946342Z"",""no_price_dollars"":""0.4200"",""taker_side"":""yes"",""ticker"":""KXBTC15M-26APR271630-30"",""trade_id"":""30952401-ba4b-41ee-5903-4e3b599ef8fc"",""yes_price_dollars"":""0.5800""}"
KXBTC15M-26APR271630-30,c8039150-5a23-6efe-9672-eb6d1c7ac5c0,1777320930,0.58,33.14,yes,"{""count_fp"":""33.14"",""created_time"":""2026-04-27T20:15:30.927548Z"",""no_price_dollars"":""0.4200"",""taker_side"":""yes"",""ticker"":""KXBTC15M-26APR271630-30"",""trade_id"":""c8039150-5a23-6efe-9672-eb6d1c7ac5c0"",""yes_price_dollars"":""0.5800""}"
KXBTC15M-26APR271630-30,69ace81a-7aac-6951-8cf2-923c558f2663,1777320930,0.58,30.0,yes,"{""count_fp"":""30.00"",""created_time"":""2026-04-27T20:15:30.927548Z"",""no_price_dollars"":""0.4200"",""taker_side"":""yes"",""ticker"":""KXBTC15M-26APR271630-30"",""trade_id"":""69ace81a-7aac-6951-8cf2-923c558f2663"",""yes_price_dollars"":""0.5800""}"
KXBTC15M-26APR271630-30,58569e3a-8a50-669b-ada3-467338e64624,1777320930,0.58,40.0,yes,"{""count_fp"":""40.00"",""created_time"":""2026-04-27T20:15:30.927548Z"",""no_price_dollars"":""0.4200"",""taker_side"":""yes"",""ticker"":""KXBTC15M-26APR271630-30"",""trade_id"":""58569e3a-8a50-669b-ada3-467338e64624"",""yes_price_dollars"":""0.5800""}"
KXBTC15M-26APR271630-30,16423fc7-e0d9-6ba8-8435-2507f36915e7,1777320930,0.58,62.86,yes,"{""count_fp"":""62.86"",""created_time"":""2026-04-27T20:15:30.927548Z"",""no_price_dollars"":""0.4200"",""taker_side"":""yes"",""ticker"":""KXBTC15M-26APR271630-30"",""trade_id"":""16423fc7-e0d9-6ba8-8435-2507f36915e7"",""yes_price_dollars"":""0.5800""}"
KXBTC15M-26APR271630-30,1c2f2011-18b9-5eb8-9904-03a0e255c6f7,1777320930,0.58,3.34,yes,"{""count_fp"":""3.34"",""created_time"":""2026-04-27T20:15:30.746038Z"",""no_price_dollars"":""0.4200"",""taker_side"":""yes"",""ticker"":""KXBTC15M-26APR271630-30"",""trade_id"":""1c2f2011-18b9-5eb8-9904-03a0e255c6f7"",""yes_price_dollars"":""0.5800""}"
KXBTC15M-26APR271630-30,7c7d7076-c775-5f1c-ed70-ed31b45bd88b,1777320930,0.58,16.74,yes,"{""count_fp"":""16.74"",""created_time"":""2026-04-27T20:15:30.733126Z"",""no_price_dollars"":""0.4200"",""taker_side"":""yes"",""ticker"":""KXBTC15M-26APR271630-30"",""trade_id"":""7c7d7076-c775-5f1c-ed70-ed31b45bd88b"",""yes_price_dollars"":""0.5800""}"
KXBTC15M-26APR271630-30,1de16fd8-b148-71a4-3acf-75dae5207efa,1777320930,0.57,5.0,no,"{""count_fp"":""5.00"",""created_time"":""2026-04-27T20:15:30.618472Z"",""no_price_dollars"":""0.4300"",""taker_side"":""no"",""ticker"":""KXBTC15M-26APR271630-30"",""trade_id"":""1de16fd8-b148-71a4-3acf-75dae5207efa"",""yes_price_dollars"":""0.5700""}"
KXBTC15M-26APR271630-30,c4f84b4b-c549-52a0-77d8-2fed5fa52a53,1777320930,0.58,2.0,yes,"{""count_fp"":""2.00"",""created_time"":""2026-04-27T20:15:30.581643Z"",""no_price_dollars"":""0.4200"",""taker_side"":""yes"",""ticker"":""KXBTC15M-26APR271630-30"",""trade_id"":""c4f84b4b-c549-52a0-77d8-2fed5fa52a53"",""yes_price_dollars"":""0.5800""}"
KXBTC15M-26APR271630-30,ac453c41-e6f4-7b14-ff91-cbf2e15fe86a,1777320930,0.57,1.0,no,"{""count_fp"":""1.00"",""created_time"":""2026-04-27T20:15:30.547249Z"",""no_price_dollars"":""0.4300"",""taker_side"":""no"",""ticker"":""KXBTC15M-26APR271630-30"",""trade_id"":""ac453c41-e6f4-7b14-ff91-cbf2e15fe86a"",""yes_price_dollars"":""0.5700""}"
KXBTC15M-26APR271630-30,cf77aad5-7446-61c0-f827-27f78d6b0025,1777320930,0.57,25.34,no,"{""count_fp"":""25.34"",""created_time"":""2026-04-27T20:15:30.351176Z"",""no_price_dollars"":""0.4300"",""taker_side"":""no"",""ticker"":""KXBTC15M-26APR271630-30"",""trade_id"":""cf77aad5-7446-61c0-f827-27f78d6b0025"",""yes_price_dollars"":""0.5700""}"
KXBTC15M-26APR271630-30,02b5997c-9a9a-4644-1bf5-30158c6e31f5,1777320930,0.57,35.31,no,"{""count_fp"":""35.31"",""created_time"":""2026-04-27T20:15:30.339652Z"",""no_price_dollars"":""0.4300"",""taker_side"":""no"",""ticker"":""KXBTC15M-26APR271630-30"",""trade_id"":""02b5997c-9a9a-4644-1bf5-30158c6e31f5"",""yes_price_dollars"":""0.5700""}"
KXBTC15M-26APR271630-30,fade7900-8212-4da0-1a1d-b1b350c49f21,1777320931,0.57,21.89,no,"{""count_fp"":""21.89"",""created_time"":""2026-04-27T20:15:31.912545Z"",""no_price_dollars"":""0.4300"",""taker_side"":""no"",""ticker"":""KXBTC15M-26APR271630-30"",""trade_id"":""fade7900-8212-4da0-1a1d-b1b350c49f21"",""yes_price_dollars"":""0.5700""}"
KXBTC15M-26APR271630-30,89a2095e-d493-4db5-2e75-37f3d41db98a,1777320931,0.57,3.11,no,"{""count_fp"":""3.11"",""created_time"":""2026-04-27T20:15:31.912545Z"",""no_price_dollars"":""0.4300"",""taker_side"":""no"",""ticker"":""KXBTC15M-26APR271630-30"",""trade_id"":""89a2095e-d493-4db5-2e75-37f3d41db98a"",""yes_price_dollars"":""0.5700""}"
KXBTC15M-26APR271630-30,491318bc-0f2f-6192-2834-25d69506b20c,1777320931,0.58,16.74,yes,"{""count_fp"":""16.74"",""created_time"":""2026-04-27T20:15:31.741765Z"",""no_price_dollars"":""0.4200"",""taker_side"":""yes"",""ticker"":""KXBTC15M-26APR271630-30"",""trade_id"":""491318bc-0f2f-6192-2834-25d69506b20c"",""yes_price_dollars"":""0.5800""}"
KXBTC15M-26APR271630-30,fcd991a2-0bef-7cce-4558-1fcdc0d8aaa4,1777320931,0.58,25.12,yes,"{""count_fp"":""25.12"",""created_time"":""2026-04-27T20:15:31.700137Z"",""no_price_dollars"":""0.4200"",""taker_side"":""yes"",""ticker"":""KXBTC15M-26APR271630-30"",""trade_id"":""fcd991a2-0bef-7cce-4558-1fcdc0d8aaa4"",""yes_price_dollars"":""0.5800""}"
KXBTC15M-26APR271630-30,11386285-939b-47e6-636f-d6190e48a09c,1777320931,0.58,5.0,yes,"{""count_fp"":""5.00"",""created_time"":""2026-04-27T20:15:31.272373Z"",""no_price_dollars"":""0.4200"",""taker_side"":""yes"",""ticker"":""KXBTC15M-26APR271630-30"",""trade_id"":""11386285-939b-47e6-636f-d6190e48a09c"",""yes_price_dollars"":""0.5800""}"
KXBTC15M-26APR271630-30,11f683e3-03fb-5986-34d9-2e920b80f840,1777320931,0.58,166.62,yes,"{""count_fp"":""166.62"",""created_time"":""2026-04-27T20:15:31.227817Z"",""no_price_dollars"":""0.4200"",""taker_side"":""yes"",""ticker"":""KXBTC15M-26APR271630-30"",""trade_id"":""11f683e3-03fb-5986-34d9-2e920b80f840"",""yes_price_dollars"":""0.5800""}"
KXBTC15M-26APR271630-30,974bb29e-c14f-5d6e-a3ae-ec5b3a025df4,1777320931,0.58,33.49,yes,"{""count_fp"":""33.49"",""created_time"":""2026-04-27T20:15:31.130943Z"",""no_price_dollars"":""0.4200"",""taker_side"":""yes"",""ticker"":""KXBTC15M-26APR271630-30"",""trade_id"":""974bb29e-c14f-5d6e-a3ae-ec5b3a025df4"",""yes_price_dollars"":""0.5800""}"
KXBTC15M-26APR271630-30,f6ad3c5f-dda1-7c38-9437-ce2b8498cf25,1777320932,0.57,13.0,no,"{""count_fp"":""13.00"",""created_time"":""2026-04-27T20:15:32.929187Z"",""no_price_dollars"":""0.4300"",""taker_side"":""no"",""ticker"":""KXBTC15M-26APR271630-30"",""trade_id"":""f6ad3c5f-dda1-7c38-9437-ce2b8498cf25"",""yes_price_dollars"":""0.5700""}"
KXBTC15M-26APR271630-30,fc4c1154-8df5-4dbc-5f2c-8ccb5d4df719,1777320932,0.57,25.0,no,"{""count_fp"":""25.00"",""created_time"":""2026-04-27T20:15:32.826191Z"",""no_price_dollars"":""0.4300"",""taker_side"":""no"",""ticker"":""KXBTC15M-26APR271630-30"",""trade_id"":""fc4c1154-8df5-4dbc-5f2c-8ccb5d4df719"",""yes_price_dollars"":""0.5700""}"
KXBTC15M-26APR271630-30,22e1bcae-e652-4c08-6f8e-56d8fb4de419,1777320932,0.57,15.0,no,"{""count_fp"":""15.00"",""created_time"":""2026-04-27T20:15:32.826191Z"",""no_price_dollars"":""0.4300"",""taker_side"":""no"",""ticker"":""KXBTC15M-26APR271630-30"",""trade_id"":""22e1bcae-e652-4c08-6f8e-56d8fb4de419"",""yes_price_dollars"":""0.5700""}"
KXBTC15M-26APR271630-30,7fd49e7b-3a3a-659b-5d94-c95e96dcab17,1777320932,0.58,3.0,yes,"{""count_fp"":""3.00"",""created_time"":""2026-04-27T20:15:32.745903Z"",""no_price_dollars"":""0.4200"",""taker_side"":""yes"",""ticker"":""KXBTC15M-26APR271630-30"",""trade_id"":""7fd49e7b-3a3a-659b-5d94-c95e96dcab17"",""yes_price_dollars"":""0.5800""}"
KXBTC15M-26APR271630-30,798e2158-bfd3-64b5-7a97-c80b15d85b8f,1777320932,0.58,12.07,yes,"{""count_fp"":""12.07"",""created_time"":""2026-04-27T20:15:32.745903Z"",""no_price_dollars"":""0.4200"",""taker_side"":""yes"",""ticker"":""KXBTC15M-26APR271630-30"",""trade_id"":""798e2158-bfd3-64b5-7a97-c80b15d85b8f"",""yes_price_dollars"":""0.5800""}"
KXBTC15M-26APR271630-30,da04c6fb-733a-4f44-db64-653c09f9e101,1777320932,0.57,5.0,no,"{""count_fp"":""5.00"",""created_time"":""2026-04-27T20:15:32.580986Z"",""no_price_dollars"":""0.4300"",""taker_side"":""no"",""ticker"":""KXBTC15M-26APR271630-30"",""trade_id"":""da04c6fb-733a-4f44-db64-653c09f9e101"",""yes_price_dollars"":""0.5700""}"
KXBTC15M-26APR271630-30,c165993b-02c7-5d71-9973-f5866fb2c3c7,1777320933,0.58,6.69,yes,"{""count_fp"":""6.69"",""created_time"":""2026-04-27T20:15:33.825134Z"",""no_price_dollars"":""0.4200"",""taker_side"":""yes"",""ticker"":""KXBTC15M-26APR271630-30"",""trade_id"":""c165993b-02c7-5d71-9973-f5866fb2c3c7"",""yes_price_dollars"":""0.5800""}"
KXBTC15M-26APR271630-30,a2552dfc-30f3-4cb5-1500-640ed4c4e66f,1777320933,0.58,9.37,yes,"{""count_fp"":""9.37"",""created_time"":""2026-04-27T20:15:33.283533Z"",""no_price_dollars"":""0.4200"",""taker_side"":""yes"",""ticker"":""KXBTC15M-26APR271630-30"",""trade_id"":""a2552dfc-30f3-4cb5-1500-640ed4c4e66f"",""yes_price_dollars"":""0.5800""}"
KXBTC15M-26APR271630-30,3a5617ab-61f9-40d8-d3ec-77492ada1c99,1777320933,0.57,27.05,no,"{""count_fp"":""27.05"",""created_time"":""2026-04-27T20:15:33.256501Z"",""no_price_dollars"":""0.4300"",""taker_side"":""no"",""ticker"":""KXBTC15M-26APR271630-30"",""trade_id"":""3a5617ab-61f9-40d8-d3ec-77492ada1c99"",""yes_price_dollars"":""0.5700""}"
KXBTC15M-26APR271630-30,4678df1a-62a5-49e0-7b16-a90c51c66471,1777320933,0.57,1.11,no,"{""count_fp"":""1.11"",""created_time"":""2026-04-27T20:15:33.084476Z"",""no_price_dollars"":""0.4300"",""taker_side"":""no"",""ticker"":""KXBTC15M-26APR271630-30"",""trade_id"":""4678df1a-62a5-49e0-7b16-a90c51c66471"",""yes_price_dollars"":""0.5700""}"
KXBTC15M-26APR271630-30,8288bc51-ef59-4e96-abeb-c98aa7306805,1777320934,0.58,5.22,yes,"{""count_fp"":""5.22"",""created_time"":""2026-04-27T20:15:34.724015Z"",""no_price_dollars"":""0.4200"",""taker_side"":""yes"",""ticker"":""KXBTC15M-26APR271630-30"",""trade_id"":""8288bc51-ef59-4e96-abeb-c98aa7306805"",""yes_price_dollars"":""0.5800""}"
KXBTC15M-26APR271630-30,143e39db-ac25-4870-9482-73b434ee41fa,1777320934,0.58,21.98,yes,"{""count_fp"":""21.98"",""created_time"":""2026-04-27T20:15:34.724015Z"",""no_price_dollars"":""0.4200"",""taker_side"":""yes"",""ticker"":""KXBTC15M-26APR271630-30"",""trade_id"":""143e39db-ac25-4870-9482-73b434ee41fa"",""yes_price_dollars"":""0.5800""}"
KXBTC15M-26APR271630-30,363ff6d5-8afd-432c-4755-0ac5e17d2f32,1777320934,0.58,2.0,yes,"{""count_fp"":""2.00"",""created_time"":""2026-04-27T20:15:34.688836Z"",""no_price_dollars"":""0.4200"",""taker_side"":""yes"",""ticker"":""KXBTC15M-26APR271630-30"",""trade_id"":""363ff6d5-8afd-432c-4755-0ac5e17d2f32"",""yes_price_dollars"":""0.5800""}"
KXBTC15M-26APR271630-30,9665fbe3-8319-4f0c-8d2d-ed29d2a571c6,1777320934,0.58,5.02,yes,"{""count_fp"":""5.02"",""created_time"":""2026-04-27T20:15:34.472426Z"",""no_price_dollars"":""0.4200"",""taker_side"":""yes"",""ticker"":""KXBTC15M-26APR271630-30"",""trade_id"":""9665fbe3-8319-4f0c-8d2d-ed29d2a571c6"",""yes_price_dollars"":""0.5800""}"
KXBTC15M-26APR271630-30,9a58b17b-62b9-5dc0-4178-5a85df34c8ca,1777320934,0.58,1.0,yes,"{""count_fp"":""1.00"",""created_time"":""2026-04-27T20:15:34.371823Z"",""no_price_dollars"":""0.4200"",""taker_side"":""yes"",""ticker"":""KXBTC15M-26APR271630-30"",""trade_id"":""9a58b17b-62b9-5dc0-4178-5a85df34c8ca"",""yes_price_dollars"":""0.5800""}"
KXBTC15M-26APR271630-30,aba7b18e-d549-44c0-a869-d2b4415392f9,1777320934,0.57,6.7,no,"{""count_fp"":""6.70"",""created_time"":""2026-04-27T20:15:34.129768Z"",""no_price_dollars"":""0.4300"",""taker_side"":""no"",""ticker"":""KXBTC15M-26APR271630-30"",""trade_id"":""aba7b18e-d549-44c0-a869-d2b4415392f9"",""yes_price_dollars"":""0.5700""}"
KXBTC15M-26APR271630-30,9d676795-e4c7-7025-a746-e039466b10e7,1777320934,0.58,11.87,yes,"{""count_fp"":""11.87"",""created_time"":""2026-04-27T20:15:34.109046Z"",""no_price_dollars"":""0.4200"",""taker_side"":""yes"",""ticker"":""KXBTC15M-26APR271630-30"",""trade_id"":""9d676795-e4c7-7025-a746-e039466b10e7"",""yes_price_dollars"":""0.5800""}"
KXBTC15M-26APR271630-30,0101472f-6785-7c89-b47b-9af52c0efdcc,1777320934,0.58,4.78,yes,"{""count_fp"":""4.78"",""created_time"":""2026-04-27T20:15:34.109046Z"",""no_price_dollars"":""0.4200"",""taker_side"":""yes"",""ticker"":""KXBTC15M-26APR271630-30"",""trade_id"":""0101472f-6785-7c89-b47b-9af52c0efdcc"",""yes_price_dollars"":""0.5800""}"
KXBTC15M-26APR271630-30,e3db5121-87f7-5779-c65d-27669e8f5be5,1777320935,0.59,22.63,yes,"{""count_fp"":""22.63"",""created_time"":""2026-04-27T20:15:35.968987Z"",""no_price_dollars"":""0.4100"",""taker_side"":""yes"",""ticker"":""KXBTC15M-26APR271630-30"",""trade_id"":""e3db5121-87f7-5779-c65d-27669e8f5be5"",""yes_price_dollars"":""0.5900""}"
KXBTC15M-26APR271630-30,6b0896ac-304b-5871-c00f-f5bc70a32fd9,1777320935,0.6,2.1,yes,"{""count_fp"":""2.10"",""created_time"":""2026-04-27T20:15:35.968987Z"",""no_price_dollars"":""0.4000"",""taker_side"":""yes"",""ticker"":""KXBTC15M-26APR271630-30"",""trade_id"":""6b0896ac-304b-5871-c00f-f5bc70a32fd9"",""yes_price_dollars"":""0.6000""}"
KXBTC15M-26APR271630-30,15882dbb-97b8-5553-c561-1bb3f85af936,1777320935,0.59,56.0,yes,"{""count_fp"":""56.00"",""created_time"":""2026-04-27T20:15:35.968987Z"",""no_price_dollars"":""0.4100"",""taker_side"":""yes"",""ticker"":""KXBTC15M-26APR271630-30"",""trade_id"":""15882dbb-97b8-5553-c561-1bb3f85af936"",""yes_price_dollars"":""0.5900""}"
KXBTC15M-26APR271630-30,bd7acdcd-ff0c-56ab-1317-a53e11fd604e,1777320935,0.59,3.0,yes,"{""count_fp"":""3.00"",""created_time"":""2026-04-27T20:15:35.953592Z"",""no_price_dollars"":""0.4100"",""taker_side"":""yes"",""ticker"":""KXBTC15M-26APR271630-30"",""trade_id"":""bd7acdcd-ff0c-56ab-1317-a53e11fd604e"",""yes_price_dollars"":""0.5900""}"
KXBTC15M-26APR271630-30,ab2b7cf6-71db-5f2d-18b7-80802dabcdc1,1777320935,0.59,0.37,yes,"{""count_fp"":""0.37"",""created_time"":""2026-04-27T20:15:35.953592Z"",""no_price_dollars"":""0.4100"",""taker_side"":""yes"",""ticker"":""KXBTC15M-26APR271630-30"",""trade_id"":""ab2b7cf6-71db-5f2d-18b7-80802dabcdc1"",""yes_price_dollars"":""0.5900""}"
KXBTC15M-26APR271630-30,32084633-9611-5f97-0a76-bfaed6948108,1777320935,0.59,1.63,yes,"{""count_fp"":""1.63"",""created_time"":""2026-04-27T20:15:35.953592Z"",""no_price_dollars"":""0.4100"",""taker_side"":""yes"",""ticker"":""KXBTC15M-26APR271630-30"",""trade_id"":""32084633-9611-5f97-0a76-bfaed6948108"",""yes_price_dollars"":""0.5900""}"
