ticker,trade_id,ts,yes_price,count,taker_side,raw_json
KXBTC15M-26APR280815-15,9e67cc5e-e167-52fb-f13c-5aa353ee0b92,1777377601,0.54,1.0,yes,"{""count_fp"":""1.00"",""created_time"":""2026-04-28T12:00:01.758296Z"",""no_price_dollars"":""0.4600"",""taker_side"":""yes"",""ticker"":""KXBTC15M-26APR280815-15"",""trade_id"":""9e67cc5e-e167-52fb-f13c-5aa353ee0b92"",""yes_price_dollars"":""0.5400""}"
KXBTC15M-26APR280815-15,c7aff863-0254-57f2-ba7b-e5cac7312d25,1777377602,0.63,89.0,yes,"{""count_fp"":""89.00"",""created_time"":""2026-04-28T12:00:02.667671Z"",""no_price_dollars"":""0.3700"",""taker_side"":""yes"",""ticker"":""KXBTC15M-26APR280815-15"",""trade_id"":""c7aff863-0254-57f2-ba7b-e5cac7312d25"",""yes_price_dollars"":""0.6300""}"
KXBTC15M-26APR280815-15,ad8dcff5-6b70-5029-a30c-74889b730015,1777377602,0.62,17.0,yes,"{""count_fp"":""17.00"",""created_time"":""2026-04-28T12:00:02.667671Z"",""no_price_dollars"":""0.3800"",""taker_side"":""yes"",""ticker"":""KXBTC15M-26APR280815-15"",""trade_id"":""ad8dcff5-6b70-5029-a30c-74889b730015"",""yes_price_dollars"":""0.6200""}"
KXBTC15M-26APR280815-15,603c32ef-e016-5e6b-8454-759cf9e5f0c9,1777377602,0.59,1.0,no,"{""count_fp"":""1.00"",""created_time"":""2026-04-28T12:00:02.475508Z"",""no_price_dollars"":""0.4100"",""taker_side"":""no"",""ticker"":""KXBTC15M-26APR280815-15"",""trade_id"":""603c32ef-e016-5e6b-8454-759cf9e5f0c9"",""yes_price_dollars"":""0.5900""}"
KXBTC15M-26APR280815-15,4ccb4b27-0b78-78d1-d29e-f86dfc67a215,1777377602,0.62,115.0,yes,"{""count_fp"":""115.00"",""created_time"":""2026-04-28T12:00:02.471962Z"",""no_price_dollars"":""0.3800"",""taker_side"":""yes"",""ticker"":""KXBTC15M-26APR280815-15"",""trade_id"":""4ccb4b27-0b78-78d1-d29e-f86dfc67a215"",""yes_price_dollars"":""0.6200""}"
KXBTC15M-26APR280815-15,48382f26-0018-7123-fe52-20259f1c7c56,1777377602,0.61,51.0,yes,"{""count_fp"":""51.00"",""created_time"":""2026-04-28T12:00:02.471962Z"",""no_price_dollars"":""0.3900"",""taker_side"":""yes"",""ticker"":""KXBTC15M-26APR280815-15"",""trade_id"":""48382f26-0018-7123-fe52-20259f1c7c56"",""yes_price_dollars"":""0.6100""}"
KXBTC15M-26APR280815-15,bd3e264e-ee50-6f33-7927-c8ac3ea1274a,1777377602,0.61,81.0,yes,"{""count_fp"":""81.00"",""created_time"":""2026-04-28T12:00:02.454016Z"",""no_price_dollars"":""0.3900"",""taker_side"":""yes"",""ticker"":""KXBTC15M-26APR280815-15"",""trade_id"":""bd3e264e-ee50-6f33-7927-c8ac3ea1274a"",""yes_price_dollars"":""0.6100""}"
KXBTC15M-26APR280815-15,3c836f42-eb6d-62f0-5f4d-01146e564390,1777377602,0.6,119.0,yes,"{""count_fp"":""119.00"",""created_time"":""2026-04-28T12:00:02.454016Z"",""no_price_dollars"":""0.4000"",""taker_side"":""yes"",""ticker"":""KXBTC15M-26APR280815-15"",""trade_id"":""3c836f42-eb6d-62f0-5f4d-01146e564390"",""yes_price_dollars"":""0.6000""}"
KXBTC15M-26APR280815-15,eb3a0cf8-c0fe-7e96-f4d3-4da747c54663,1777377602,0.59,5.0,yes,"{""count_fp"":""5.00"",""created_time"":""2026-04-28T12:00:02.415202Z"",""no_price_dollars"":""0.4100"",""taker_side"":""yes"",""ticker"":""KXBTC15M-26APR280815-15"",""trade_id"":""eb3a0cf8-c0fe-7e96-f4d3-4da747c54663"",""yes_price_dollars"":""0.5900""}"
KXBTC15M-26APR280815-15,a788b150-579f-7d2b-e625-06b44ba94d0e,1777377602,0.59,119.0,yes,"{""count_fp"":""119.00"",""created_time"":""2026-04-28T12:00:02.415202Z"",""no_price_dollars"":""0.4100"",""taker_side"":""yes"",""ticker"":""KXBTC15M-26APR280815-15"",""trade_id"":""a788b150-579f-7d2b-e625-06b44ba94d0e"",""yes_price_dollars"":""0.5900""}"
KXBTC15M-26APR280815-15,ee791c26-7e0d-7bb8-d85b-9afc637e5897,1777377602,0.58,1.0,yes,"{""count_fp"":""1.00"",""created_time"":""2026-04-28T12:00:02.413683Z"",""no_price_dollars"":""0.4200"",""taker_side"":""yes"",""ticker"":""KXBTC15M-26APR280815-15"",""trade_id"":""ee791c26-7e0d-7bb8-d85b-9afc637e5897"",""yes_price_dollars"":""0.5800""}"
KXBTC15M-26APR280815-15,ea7ff314-e612-75d2-e02c-990b7cb796bc,1777377602,0.58,1.0,yes,"{""count_fp"":""1.00"",""created_time"":""2026-04-28T12:00:02.413683Z"",""no_price_dollars"":""0.4200"",""taker_side"":""yes"",""ticker"":""KXBTC15M-26APR280815-15"",""trade_id"":""ea7ff314-e612-75d2-e02c-990b7cb796bc"",""yes_price_dollars"":""0.5800""}"
KXBTC15M-26APR280815-15,bb42418b-28cd-78db-cde1-920368f5ee4e,1777377602,0.57,1.0,yes,"{""count_fp"":""1.00"",""created_time"":""2026-04-28T12:00:02.413683Z"",""no_price_dollars"":""0.4300"",""taker_side"":""yes"",""ticker"":""KXBTC15M-26APR280815-15"",""trade_id"":""bb42418b-28cd-78db-cde1-920368f5ee4e"",""yes_price_dollars"":""0.5700""}"
KXBTC15M-26APR280815-15,b63c5d81-9224-7da9-e22d-83ca2203336f,1777377602,0.56,1.0,yes,"{""count_fp"":""1.00"",""created_time"":""2026-04-28T12:00:02.413683Z"",""no_price_dollars"":""0.4400"",""taker_side"":""yes"",""ticker"":""KXBTC15M-26APR280815-15"",""trade_id"":""b63c5d81-9224-7da9-e22d-83ca2203336f"",""yes_price_dollars"":""0.5600""}"
KXBTC15M-26APR280815-15,0a9d38cb-32ee-7056-f955-cf8bf1a98376,1777377602,0.55,1.0,yes,"{""count_fp"":""1.00"",""created_time"":""2026-04-28T12:00:02.413683Z"",""no_price_dollars"":""0.4500"",""taker_side"":""yes"",""ticker"":""KXBTC15M-26APR280815-15"",""trade_id"":""0a9d38cb-32ee-7056-f955-cf8bf1a98376"",""yes_price_dollars"":""0.5500""}"
KXBTC15M-26APR280815-15,4b8cd3e0-408c-624a-3181-3845f10d1041,1777377603,0.63,36.0,yes,"{""count_fp"":""36.00"",""created_time"":""2026-04-28T12:00:03.572957Z"",""no_price_dollars"":""0.3700"",""taker_side"":""yes"",""ticker"":""KXBTC15M-26APR280815-15"",""trade_id"":""4b8cd3e0-408c-624a-3181-3845f10d1041"",""yes_price_dollars"":""0.6300""}"
KXBTC15M-26APR280815-15,2213a48d-a427-60f3-3db0-0c90e6cb2216,1777377603,0.63,1.0,yes,"{""count_fp"":""1.00"",""created_time"":""2026-04-28T12:00:03.572957Z"",""no_price_dollars"":""0.3700"",""taker_side"":""yes"",""ticker"":""KXBTC15M-26APR280815-15"",""trade_id"":""2213a48d-a427-60f3-3db0-0c90e6cb2216"",""yes_price_dollars"":""0.6300""}"
KXBTC15M-26APR280815-15,6726bcfd-7290-6f12-1a48-2663275d51c9,1777377603,0.63,14.0,yes,"{""count_fp"":""14.00"",""created_time"":""2026-04-28T12:00:03.141102Z"",""no_price_dollars"":""0.3700"",""taker_side"":""yes"",""ticker"":""KXBTC15M-26APR280815-15"",""trade_id"":""6726bcfd-7290-6f12-1a48-2663275d51c9"",""yes_price_dollars"":""0.6300""}"
KXBTC15M-26APR280815-15,7e93ac5f-f632-5713-08eb-b1eca189e0d9,1777377604,0.59,51.53,no,"{""count_fp"":""51.53"",""created_time"":""2026-04-28T12:00:04.306275Z"",""no_price_dollars"":""0.4100"",""taker_side"":""no"",""ticker"":""KXBTC15M-26APR280815-15"",""trade_id"":""7e93ac5f-f632-5713-08eb-b1eca189e0d9"",""yes_price_dollars"":""0.5900""}"
KXBTC15M-26APR280815-15,86c8eaea-7967-51ad-e119-7442ececf390,1777377605,0.64,5.0,yes,"{""count_fp"":""5.00"",""created_time"":""2026-04-28T12:00:05.840533Z"",""no_price_dollars"":""0.3600"",""taker_side"":""yes"",""ticker"":""KXBTC15M-26APR280815-15"",""trade_id"":""86c8eaea-7967-51ad-e119-7442ececf390"",""yes_price_dollars"":""0.6400""}"
KXBTC15M-26APR280815-15,7bbd300c-7bf7-4041-2179-3799323c2828,1777377605,0.64,7.62,yes,"{""count_fp"":""7.62"",""created_time"":""2026-04-28T12:00:05.823418Z"",""no_price_dollars"":""0.3600"",""taker_side"":""yes"",""ticker"":""KXBTC15M-26APR280815-15"",""trade_id"":""7bbd300c-7bf7-4041-2179-3799323c2828"",""yes_price_dollars"":""0.6400""}"
KXBTC15M-26APR280815-15,73bc432e-df43-5301-874a-6336d22b2e2c,1777377605,0.64,120.82,yes,"{""count_fp"":""120.82"",""created_time"":""2026-04-28T12:00:05.805862Z"",""no_price_dollars"":""0.3600"",""taker_side"":""yes"",""ticker"":""KXBTC15M-26APR280815-15"",""trade_id"":""73bc432e-df43-5301-874a-6336d22b2e2c"",""yes_price_dollars"":""0.6400""}"
KXBTC15M-26APR280815-15,e790a132-0eb2-6701-6e8d-dbf72f9869fb,1777377605,0.6,0.25,no,"{""count_fp"":""0.25"",""created_time"":""2026-04-28T12:00:05.671331Z"",""no_price_dollars"":""0.4000"",""taker_side"":""no"",""ticker"":""KXBTC15M-26APR280815-15"",""trade_id"":""e790a132-0eb2-6701-6e8d-dbf72f9869fb"",""yes_price_dollars"":""0.6000""}"
KXBTC15M-26APR280815-15,6ec4b41b-efb6-6cb2-4005-325c1131d052,1777377605,0.6,10.0,no,"{""count_fp"":""10.00"",""created_time"":""2026-04-28T12:00:05.671331Z"",""no_price_dollars"":""0.4000"",""taker_side"":""no"",""ticker"":""KXBTC15M-26APR280815-15"",""trade_id"":""6ec4b41b-efb6-6cb2-4005-325c1131d052"",""yes_price_dollars"":""0.6000""}"
KXBTC15M-26APR280815-15,d372d57a-bdc6-7463-0bf8-5ba366d7c8e5,1777377605,0.59,1.0,no,"{""count_fp"":""1.00"",""created_time"":""2026-04-28T12:00:05.218628Z"",""no_price_dollars"":""0.4100"",""taker_side"":""no"",""ticker"":""KXBTC15M-26APR280815-15"",""trade_id"":""d372d57a-bdc6-7463-0bf8-5ba366d7c8e5"",""yes_price_dollars"":""0.5900""}"
KXBTC15M-26APR280815-15,d83d53b4-0056-51a7-2cdd-409e8101c351,1777377605,0.59,2.0,no,"{""count_fp"":""2.00"",""created_time"":""2026-04-28T12:00:05.161401Z"",""no_price_dollars"":""0.4100"",""taker_side"":""no"",""ticker"":""KXBTC15M-26APR280815-15"",""trade_id"":""d83d53b4-0056-51a7-2cdd-409e8101c351"",""yes_price_dollars"":""0.5900""}"
KXBTC15M-26APR280815-15,aa3eeae5-6e47-6b33-f37f-1a75916f8cea,1777377606,0.61,2.34,no,"{""count_fp"":""2.34"",""created_time"":""2026-04-28T12:00:06.652785Z"",""no_price_dollars"":""0.3900"",""taker_side"":""no"",""ticker"":""KXBTC15M-26APR280815-15"",""trade_id"":""aa3eeae5-6e47-6b33-f37f-1a75916f8cea"",""yes_price_dollars"":""0.6100""}"
KXBTC15M-26APR280815-15,8c336851-fda8-74c5-cb2e-84a1a40128cf,1777377606,0.64,15.0,yes,"{""count_fp"":""15.00"",""created_time"":""2026-04-28T12:00:06.294473Z"",""no_price_dollars"":""0.3600"",""taker_side"":""yes"",""ticker"":""KXBTC15M-26APR280815-15"",""trade_id"":""8c336851-fda8-74c5-cb2e-84a1a40128cf"",""yes_price_dollars"":""0.6400""}"
KXBTC15M-26APR280815-15,3a5b222d-435b-7159-d2a1-b40fea8930a8,1777377606,0.64,5.56,yes,"{""count_fp"":""5.56"",""created_time"":""2026-04-28T12:00:06.294473Z"",""no_price_dollars"":""0.3600"",""taker_side"":""yes"",""ticker"":""KXBTC15M-26APR280815-15"",""trade_id"":""3a5b222d-435b-7159-d2a1-b40fea8930a8"",""yes_price_dollars"":""0.6400""}"
KXBTC15M-26APR280815-15,2848b2de-cc0b-7024-efa3-3023450a448d,1777377606,0.64,9.44,yes,"{""count_fp"":""9.44"",""created_time"":""2026-04-28T12:00:06.294473Z"",""no_price_dollars"":""0.3600"",""taker_side"":""yes"",""ticker"":""KXBTC15M-26APR280815-15"",""trade_id"":""2848b2de-cc0b-7024-efa3-3023450a448d"",""yes_price_dollars"":""0.6400""}"
KXBTC15M-26APR280815-15,ad9da12e-721a-6a9f-4024-0dc5688109ad,1777377607,0.61,7.02,no,"{""count_fp"":""7.02"",""created_time"":""2026-04-28T12:00:07.417066Z"",""no_price_dollars"":""0.3900"",""taker_side"":""no"",""ticker"":""KXBTC15M-26APR280815-15"",""trade_id"":""ad9da12e-721a-6a9f-4024-0dc5688109ad"",""yes_price_dollars"":""0.6100""}"
KXBTC15M-26APR280815-15,bc8ad5a5-21ae-419d-d276-155027733292,1777377607,0.61,2.0,no,"{""count_fp"":""2.00"",""created_time"":""2026-04-28T12:00:07.137287Z"",""no_price_dollars"":""0.3900"",""taker_side"":""no"",""ticker"":""KXBTC15M-26APR280815-15"",""trade_id"":""bc8ad5a5-21ae-419d-d276-155027733292"",""yes_price_dollars"":""0.6100""}"
KXBTC15M-26APR280815-15,8bb81300-ae0e-44cf-c695-4783c0dc3725,1777377607,0.61,32.98,no,"{""count_fp"":""32.98"",""created_time"":""2026-04-28T12:00:07.137287Z"",""no_price_dollars"":""0.3900"",""taker_side"":""no"",""ticker"":""KXBTC15M-26APR280815-15"",""trade_id"":""8bb81300-ae0e-44cf-c695-4783c0dc3725"",""yes_price_dollars"":""0.6100""}"
KXBTC15M-26APR280815-15,0480a5c4-fa03-4dd3-dfa3-bff2ab3ec218,1777377607,0.61,1.0,no,"{""count_fp"":""1.00"",""created_time"":""2026-04-28T12:00:07.137287Z"",""no_price_dollars"":""0.3900"",""taker_side"":""no"",""ticker"":""KXBTC15M-26APR280815-15"",""trade_id"":""0480a5c4-fa03-4dd3-dfa3-bff2ab3ec218"",""yes_price_dollars"":""0.6100""}"
KXBTC15M-26APR280815-15,c4543a9f-f4b8-6975-b006-7fa130383ab9,1777377608,0.65,4.0,yes,"{""count_fp"":""4.00"",""created_time"":""2026-04-28T12:00:08.875768Z"",""no_price_dollars"":""0.3500"",""taker_side"":""yes"",""ticker"":""KXBTC15M-26APR280815-15"",""trade_id"":""c4543a9f-f4b8-6975-b006-7fa130383ab9"",""yes_price_dollars"":""0.6500""}"
KXBTC15M-26APR280815-15,496507ff-122f-68aa-8c87-c137118f21aa,1777377608,0.65,138.0,yes,"{""count_fp"":""138.00"",""created_time"":""2026-04-28T12:00:08.875768Z"",""no_price_dollars"":""0.3500"",""taker_side"":""yes"",""ticker"":""KXBTC15M-26APR280815-15"",""trade_id"":""496507ff-122f-68aa-8c87-c137118f21aa"",""yes_price_dollars"":""0.6500""}"
KXBTC15M-26APR280815-15,4760b767-56f4-6264-b249-4fd44d643ed3,1777377608,0.65,45.7,yes,"{""count_fp"":""45.70"",""created_time"":""2026-04-28T12:00:08.875768Z"",""no_price_dollars"":""0.3500"",""taker_side"":""yes"",""ticker"":""KXBTC15M-26APR280815-15"",""trade_id"":""4760b767-56f4-6264-b249-4fd44d643ed3"",""yes_price_dollars"":""0.6500""}"
KXBTC15M-26APR280815-15,7d2358db-1939-61d2-8bb2-20187bef3a01,1777377609,0.63,1.0,no,"{""count_fp"":""1.00"",""created_time"":""2026-04-28T12:00:09.521401Z"",""no_price_dollars"":""0.3700"",""taker_side"":""no"",""ticker"":""KXBTC15M-26APR280815-15"",""trade_id"":""7d2358db-1939-61d2-8bb2-20187bef3a01"",""yes_price_dollars"":""0.6300""}"
KXBTC15M-26APR280815-15,65d65477-bc1e-61cb-a831-6883c4c51285,1777377609,0.63,19.0,no,"{""count_fp"":""19.00"",""created_time"":""2026-04-28T12:00:09.521401Z"",""no_price_dollars"":""0.3700"",""taker_side"":""no"",""ticker"":""KXBTC15M-26APR280815-15"",""trade_id"":""65d65477-bc1e-61cb-a831-6883c4c51285"",""yes_price_dollars"":""0.6300""}"
KXBTC15M-26APR280815-15,1879815c-78e8-66d9-979f-8791937a8d9c,1777377609,0.63,40.59,no,"{""count_fp"":""40.59"",""created_time"":""2026-04-28T12:00:09.521401Z"",""no_price_dollars"":""0.3700"",""taker_side"":""no"",""ticker"":""KXBTC15M-26APR280815-15"",""trade_id"":""1879815c-78e8-66d9-979f-8791937a8d9c"",""yes_price_dollars"":""0.6300""}"
KXBTC15M-26APR280815-15,58f7144b-5112-4159-136d-a6285717e26f,1777377610,0.65,8.0,no,"{""count_fp"":""8.00"",""created_time"":""2026-04-28T12:00:10.346335Z"",""no_price_dollars"":""0.3500"",""taker_side"":""no"",""ticker"":""KXBTC15M-26APR280815-15"",""trade_id"":""58f7144b-5112-4159-136d-a6285717e26f"",""yes_price_dollars"":""0.6500""}"
KXBTC15M-26APR280815-15,0430a8b2-e9d7-490b-0675-667ecbf3f601,1777377610,0.65,1.0,no,"{""count_fp"":""1.00"",""created_time"":""2026-04-28T12:00:10.346335Z"",""no_price_dollars"":""0.3500"",""taker_side"":""no"",""ticker"":""KXBTC15M-26APR280815-15"",""trade_id"":""0430a8b2-e9d7-490b-0675-667ecbf3f601"",""yes_price_dollars"":""0.6500""}"
KXBTC15M-26APR280815-15,cc53f62f-2bd8-5e35-ec00-e9384d295d40,1777377610,0.7,10.0,yes,"{""count_fp"":""10.00"",""created_time"":""2026-04-28T12:00:10.178784Z"",""no_price_dollars"":""0.3000"",""taker_side"":""yes"",""ticker"":""KXBTC15M-26APR280815-15"",""trade_id"":""cc53f62f-2bd8-5e35-ec00-e9384d295d40"",""yes_price_dollars"":""0.7000""}"
KXBTC15M-26APR280815-15,c83033c5-00e9-51a2-c57f-8c6957d538b1,1777377610,0.66,3.0,yes,"{""count_fp"":""3.00"",""created_time"":""2026-04-28T12:00:10.178784Z"",""no_price_dollars"":""0.3400"",""taker_side"":""yes"",""ticker"":""KXBTC15M-26APR280815-15"",""trade_id"":""c83033c5-00e9-51a2-c57f-8c6957d538b1"",""yes_price_dollars"":""0.6600""}"
KXBTC15M-26APR280815-15,5db50c00-66c5-50f3-f1e9-0e038916aea7,1777377610,0.69,10.0,yes,"{""count_fp"":""10.00"",""created_time"":""2026-04-28T12:00:10.178784Z"",""no_price_dollars"":""0.3100"",""taker_side"":""yes"",""ticker"":""KXBTC15M-26APR280815-15"",""trade_id"":""5db50c00-66c5-50f3-f1e9-0e038916aea7"",""yes_price_dollars"":""0.6900""}"
KXBTC15M-26APR280815-15,10efc1c4-5cd6-5bcb-c5b4-540929ef83f0,1777377610,0.7,6.0,yes,"{""count_fp"":""6.00"",""created_time"":""2026-04-28T12:00:10.178784Z"",""no_price_dollars"":""0.3000"",""taker_side"":""yes"",""ticker"":""KXBTC15M-26APR280815-15"",""trade_id"":""10efc1c4-5cd6-5bcb-c5b4-540929ef83f0"",""yes_price_dollars"":""0.7000""}"
KXBTC15M-26APR280815-15,ddf60ecb-ac4b-63dd-b759-afa3b2bf2954,1777377611,0.68,1.0,yes,"{""count_fp"":""1.00"",""created_time"":""2026-04-28T12:00:11.448371Z"",""no_price_dollars"":""0.3200"",""taker_side"":""yes"",""ticker"":""KXBTC15M-26APR280815-15"",""trade_id"":""ddf60ecb-ac4b-63dd-b759-afa3b2bf2954"",""yes_price_dollars"":""0.6800""}"
KXBTC15M-26APR280815-15,ce7e0105-b8f5-616d-f890-52ebe5bc73eb,1777377611,0.65,0.76,no,"{""count_fp"":""0.76"",""created_time"":""2026-04-28T12:00:11.246845Z"",""no_price_dollars"":""0.3500"",""taker_side"":""no"",""ticker"":""KXBTC15M-26APR280815-15"",""trade_id"":""ce7e0105-b8f5-616d-f890-52ebe5bc73eb"",""yes_price_dollars"":""0.6500""}"
KXBTC15M-26APR280815-15,539f456a-02cc-6243-f282-4a1c28aff307,1777377611,0.66,1.0,no,"{""count_fp"":""1.00"",""created_time"":""2026-04-28T12:00:11.246845Z"",""no_price_dollars"":""0.3400"",""taker_side"":""no"",""ticker"":""KXBTC15M-26APR280815-15"",""trade_id"":""539f456a-02cc-6243-f282-4a1c28aff307"",""yes_price_dollars"":""0.6600""}"
KXBTC15M-26APR280815-15,d8d9bbff-2ee6-5003-2588-45ecff6d96cc,1777377611,0.71,14.0,yes,"{""count_fp"":""14.00"",""created_time"":""2026-04-28T12:00:11.192901Z"",""no_price_dollars"":""0.2900"",""taker_side"":""yes"",""ticker"":""KXBTC15M-26APR280815-15"",""trade_id"":""d8d9bbff-2ee6-5003-2588-45ecff6d96cc"",""yes_price_dollars"":""0.7100""}"
KXBTC15M-26APR280815-15,9eb5ca1b-c274-5944-2ec8-7cbe6ea771bb,1777377611,0.68,93.83,yes,"{""count_fp"":""93.83"",""created_time"":""2026-04-28T12:00:11.192901Z"",""no_price_dollars"":""0.3200"",""taker_side"":""yes"",""ticker"":""KXBTC15M-26APR280815-15"",""trade_id"":""9eb5ca1b-c274-5944-2ec8-7cbe6ea771bb"",""yes_price_dollars"":""0.6800""}"
KXBTC15M-26APR280815-15,998bfa5f-7dfd-5194-1712-c37051954968,1777377611,0.67,3.0,yes,"{""count_fp"":""3.00"",""created_time"":""2026-04-28T12:00:11.192901Z"",""no_price_dollars"":""0.3300"",""taker_side"":""yes"",""ticker"":""KXBTC15M-26APR280815-15"",""trade_id"":""998bfa5f-7dfd-5194-1712-c37051954968"",""yes_price_dollars"":""0.6700""}"
KXBTC15M-26APR280815-15,6b9b5d9f-5848-5761-2347-017b287e36df,1777377611,0.68,10.0,yes,"{""count_fp"":""10.00"",""created_time"":""2026-04-28T12:00:11.192901Z"",""no_price_dollars"":""0.3200"",""taker_side"":""yes"",""ticker"":""KXBTC15M-26APR280815-15"",""trade_id"":""6b9b5d9f-5848-5761-2347-017b287e36df"",""yes_price_dollars"":""0.6800""}"
KXBTC15M-26APR280815-15,2fa7a68c-64ce-556c-20d4-a2e371c202f9,1777377611,0.72,30.17,yes,"{""count_fp"":""30.17"",""created_time"":""2026-04-28T12:00:11.192901Z"",""no_price_dollars"":""0.2800"",""taker_side"":""yes"",""ticker"":""KXBTC15M-26APR280815-15"",""trade_id"":""2fa7a68c-64ce-556c-20d4-a2e371c202f9"",""yes_price_dollars"":""0.7200""}"
KXBTC15M-26APR280815-15,a7b41af9-690e-47ae-0eb4-c8d02f3761ae,1777377613,0.66,3.0,yes,"{""count_fp"":""3.00"",""created_time"":""2026-04-28T12:00:13.837011Z"",""no_price_dollars"":""0.3400"",""taker_side"":""yes"",""ticker"":""KXBTC15M-26APR280815-15"",""trade_id"":""a7b41af9-690e-47ae-0eb4-c8d02f3761ae"",""yes_price_dollars"":""0.6600""}"
KXBTC15M-26APR280815-15,4ee89d64-aaf3-4ec5-2138-898f16c9831c,1777377613,0.67,2.0,yes,"{""count_fp"":""2.00"",""created_time"":""2026-04-28T12:00:13.837011Z"",""no_price_dollars"":""0.3300"",""taker_side"":""yes"",""ticker"":""KXBTC15M-26APR280815-15"",""trade_id"":""4ee89d64-aaf3-4ec5-2138-898f16c9831c"",""yes_price_dollars"":""0.6700""}"
KXBTC15M-26APR280815-15,4b4a1595-1e0a-4d58-1de9-ca00444d4601,1777377613,0.7,34.83,yes,"{""count_fp"":""34.83"",""created_time"":""2026-04-28T12:00:13.837011Z"",""no_price_dollars"":""0.3000"",""taker_side"":""yes"",""ticker"":""KXBTC15M-26APR280815-15"",""trade_id"":""4b4a1595-1e0a-4d58-1de9-ca00444d4601"",""yes_price_dollars"":""0.7000""}"
KXBTC15M-26APR280815-15,3fcbb0fb-fa2d-438b-37fb-2da7a2e7988a,1777377613,0.67,5.0,yes,"{""count_fp"":""5.00"",""created_time"":""2026-04-28T12:00:13.837011Z"",""no_price_dollars"":""0.3300"",""taker_side"":""yes"",""ticker"":""KXBTC15M-26APR280815-15"",""trade_id"":""3fcbb0fb-fa2d-438b-37fb-2da7a2e7988a"",""yes_price_dollars"":""0.6700""}"
KXBTC15M-26APR280815-15,3a404534-053f-44fa-2f84-7ecebb6fab3c,1777377613,0.72,51.98,yes,"{""count_fp"":""51.98"",""created_time"":""2026-04-28T12:00:13.837011Z"",""no_price_dollars"":""0.2800"",""taker_side"":""yes"",""ticker"":""KXBTC15M-26APR280815-15"",""trade_id"":""3a404534-053f-44fa-2f84-7ecebb6fab3c"",""yes_price_dollars"":""0.7200""}"
KXBTC15M-26APR280815-15,23dd3820-29cc-4721-0078-51e729ded582,1777377613,0.66,1.0,yes,"{""count_fp"":""1.00"",""created_time"":""2026-04-28T12:00:13.837011Z"",""no_price_dollars"":""0.3400"",""taker_side"":""yes"",""ticker"":""KXBTC15M-26APR280815-15"",""trade_id"":""23dd3820-29cc-4721-0078-51e729ded582"",""yes_price_dollars"":""0.6600""}"
KXBTC15M-26APR280815-15,22607d0e-a806-499b-2aa7-feb96719dbe6,1777377613,0.7,2.0,yes,"{""count_fp"":""2.00"",""created_time"":""2026-04-28T12:00:13.837011Z"",""no_price_dollars"":""0.3000"",""taker_side"":""yes"",""ticker"":""KXBTC15M-26APR280815-15"",""trade_id"":""22607d0e-a806-499b-2aa7-feb96719dbe6"",""yes_price_dollars"":""0.7000""}"
KXBTC15M-26APR280815-15,1628c844-adef-4601-3753-a4cd0c216302,1777377613,0.71,20.0,yes,"{""count_fp"":""20.00"",""created_time"":""2026-04-28T12:00:13.837011Z"",""no_price_dollars"":""0.2900"",""taker_side"":""yes"",""ticker"":""KXBTC15M-26APR280815-15"",""trade_id"":""1628c844-adef-4601-3753-a4cd0c216302"",""yes_price_dollars"":""0.7100""}"
KXBTC15M-26APR280815-15,0b8665a4-bf96-4b20-16c7-42607546d4ca,1777377613,0.67,44.41,yes,"{""count_fp"":""44.41"",""created_time"":""2026-04-28T12:00:13.837011Z"",""no_price_dollars"":""0.3300"",""taker_side"":""yes"",""ticker"":""KXBTC15M-26APR280815-15"",""trade_id"":""0b8665a4-bf96-4b20-16c7-42607546d4ca"",""yes_price_dollars"":""0.6700""}"
KXBTC15M-26APR280815-15,58d068ac-464e-6366-5f90-719ea9bc550f,1777377613,0.66,1.4,yes,"{""count_fp"":""1.40"",""created_time"":""2026-04-28T12:00:13.524169Z"",""no_price_dollars"":""0.3400"",""taker_side"":""yes"",""ticker"":""KXBTC15M-26APR280815-15"",""trade_id"":""58d068ac-464e-6366-5f90-719ea9bc550f"",""yes_price_dollars"":""0.6600""}"
KXBTC15M-26APR280815-15,b6ec180c-7ddb-4a13-19ee-7180fd732e72,1777377613,0.67,3.0,yes,"{""count_fp"":""3.00"",""created_time"":""2026-04-28T12:00:13.093446Z"",""no_price_dollars"":""0.3300"",""taker_side"":""yes"",""ticker"":""KXBTC15M-26APR280815-15"",""trade_id"":""b6ec180c-7ddb-4a13-19ee-7180fd732e72"",""yes_price_dollars"":""0.6700""}"
KXBTC15M-26APR280815-15,b4c41efb-9f14-5058-d942-26ef66cea320,1777377614,0.64,20.0,no,"{""count_fp"":""20.00"",""created_time"":""2026-04-28T12:00:14.584998Z"",""no_price_dollars"":""0.3600"",""taker_side"":""no"",""ticker"":""KXBTC15M-26APR280815-15"",""trade_id"":""b4c41efb-9f14-5058-d942-26ef66cea320"",""yes_price_dollars"":""0.6400""}"
KXBTC15M-26APR280815-15,b1b9d4f3-37e7-5928-dd12-329335dbb7b8,1777377614,0.64,3.0,no,"{""count_fp"":""3.00"",""created_time"":""2026-04-28T12:00:14.584998Z"",""no_price_dollars"":""0.3600"",""taker_side"":""no"",""ticker"":""KXBTC15M-26APR280815-15"",""trade_id"":""b1b9d4f3-37e7-5928-dd12-329335dbb7b8"",""yes_price_dollars"":""0.6400""}"
KXBTC15M-26APR280815-15,f60f5549-b855-50c5-6fe8-743f5468f9fc,1777377615,0.65,56.0,yes,"{""count_fp"":""56.00"",""created_time"":""2026-04-28T12:00:15.963358Z"",""no_price_dollars"":""0.3500"",""taker_side"":""yes"",""ticker"":""KXBTC15M-26APR280815-15"",""trade_id"":""f60f5549-b855-50c5-6fe8-743f5468f9fc"",""yes_price_dollars"":""0.6500""}"
KXBTC15M-26APR280815-15,a7a9ead9-b10d-59ec-73f7-96c94934c7df,1777377615,0.65,15.0,yes,"{""count_fp"":""15.00"",""created_time"":""2026-04-28T12:00:15.963358Z"",""no_price_dollars"":""0.3500"",""taker_side"":""yes"",""ticker"":""KXBTC15M-26APR280815-15"",""trade_id"":""a7a9ead9-b10d-59ec-73f7-96c94934c7df"",""yes_price_dollars"":""0.6500""}"
KXBTC15M-26APR280815-15,4b12fbcc-0b7a-5cbb-5fc6-2ae0028e5c17,1777377615,0.66,2.57,yes,"{""count_fp"":""2.57"",""created_time"":""2026-04-28T12:00:15.963358Z"",""no_price_dollars"":""0.3400"",""taker_side"":""yes"",""ticker"":""KXBTC15M-26APR280815-15"",""trade_id"":""4b12fbcc-0b7a-5cbb-5fc6-2ae0028e5c17"",""yes_price_dollars"":""0.6600""}"
KXBTC15M-26APR280815-15,97cf0a79-51e1-52f2-cd42-24c9096c0d10,1777377615,0.66,5.0,yes,"{""count_fp"":""5.00"",""created_time"":""2026-04-28T12:00:15.516962Z"",""no_price_dollars"":""0.3400"",""taker_side"":""yes"",""ticker"":""KXBTC15M-26APR280815-15"",""trade_id"":""97cf0a79-51e1-52f2-cd42-24c9096c0d10"",""yes_price_dollars"":""0.6600""}"
KXBTC15M-26APR280815-15,6581bf37-7e17-5ba6-dbe3-ea94f38dfc38,1777377615,0.67,23.85,yes,"{""count_fp"":""23.85"",""created_time"":""2026-04-28T12:00:15.516962Z"",""no_price_dollars"":""0.3300"",""taker_side"":""yes"",""ticker"":""KXBTC15M-26APR280815-15"",""trade_id"":""6581bf37-7e17-5ba6-dbe3-ea94f38dfc38"",""yes_price_dollars"":""0.6700""}"
KXBTC15M-26APR280815-15,316973c1-cf47-56a1-d54a-1f597c8afb84,1777377615,0.66,20.75,yes,"{""count_fp"":""20.75"",""created_time"":""2026-04-28T12:00:15.516962Z"",""no_price_dollars"":""0.3400"",""taker_side"":""yes"",""ticker"":""KXBTC15M-26APR280815-15"",""trade_id"":""316973c1-cf47-56a1-d54a-1f597c8afb84"",""yes_price_dollars"":""0.6600""}"
KXBTC15M-26APR280815-15,3b02f026-c8eb-4a41-a666-ddc7c75af4a0,1777377615,0.66,25.0,yes,"{""count_fp"":""25.00"",""created_time"":""2026-04-28T12:00:15.449669Z"",""no_price_dollars"":""0.3400"",""taker_side"":""yes"",""ticker"":""KXBTC15M-26APR280815-15"",""trade_id"":""3b02f026-c8eb-4a41-a666-ddc7c75af4a0"",""yes_price_dollars"":""0.6600""}"
KXBTC15M-26APR280815-15,6b38b895-999b-4805-553a-6e75df684ed8,1777377615,0.66,5.58,yes,"{""count_fp"":""5.58"",""created_time"":""2026-04-28T12:00:15.405791Z"",""no_price_dollars"":""0.3400"",""taker_side"":""yes"",""ticker"":""KXBTC15M-26APR280815-15"",""trade_id"":""6b38b895-999b-4805-553a-6e75df684ed8"",""yes_price_dollars"":""0.6600""}"
KXBTC15M-26APR280815-15,0e1bf14b-1c25-4cfa-63f5-af46a43bc49e,1777377615,0.65,3.0,yes,"{""count_fp"":""3.00"",""created_time"":""2026-04-28T12:00:15.405791Z"",""no_price_dollars"":""0.3500"",""taker_side"":""yes"",""ticker"":""KXBTC15M-26APR280815-15"",""trade_id"":""0e1bf14b-1c25-4cfa-63f5-af46a43bc49e"",""yes_price_dollars"":""0.6500""}"
KXBTC15M-26APR280815-15,77971a69-dff8-41fb-c06d-c66b23c435d3,1777377615,0.65,3.0,yes,"{""count_fp"":""3.00"",""created_time"":""2026-04-28T12:00:15.172781Z"",""no_price_dollars"":""0.3500"",""taker_side"":""yes"",""ticker"":""KXBTC15M-26APR280815-15"",""trade_id"":""77971a69-dff8-41fb-c06d-c66b23c435d3"",""yes_price_dollars"":""0.6500""}"
KXBTC15M-26APR280815-15,2b09a76c-741f-4241-f897-e9874aa20f64,1777377615,0.66,137.0,yes,"{""count_fp"":""137.00"",""created_time"":""2026-04-28T12:00:15.172781Z"",""no_price_dollars"":""0.3400"",""taker_side"":""yes"",""ticker"":""KXBTC15M-26APR280815-15"",""trade_id"":""2b09a76c-741f-4241-f897-e9874aa20f64"",""yes_price_dollars"":""0.6600""}"
KXBTC15M-26APR280815-15,00febaa3-d30a-4a3f-f872-8e30a74b20a3,1777377615,0.65,10.0,yes,"{""count_fp"":""10.00"",""created_time"":""2026-04-28T12:00:15.172781Z"",""no_price_dollars"":""0.3500"",""taker_side"":""yes"",""ticker"":""KXBTC15M-26APR280815-15"",""trade_id"":""00febaa3-d30a-4a3f-f872-8e30a74b20a3"",""yes_price_dollars"":""0.6500""}"
KXBTC15M-26APR280815-15,3bfbd261-f45f-6772-e94c-2cf1831348bc,1777377616,0.65,10.35,yes,"{""count_fp"":""10.35"",""created_time"":""2026-04-28T12:00:16.357382Z"",""no_price_dollars"":""0.3500"",""taker_side"":""yes"",""ticker"":""KXBTC15M-26APR280815-15"",""trade_id"":""3bfbd261-f45f-6772-e94c-2cf1831348bc"",""yes_price_dollars"":""0.6500""}"
KXBTC15M-26APR280815-15,d097a5cd-5d5d-4cbe-7a70-34d23387dd6a,1777377616,0.64,3.0,yes,"{""count_fp"":""3.00"",""created_time"":""2026-04-28T12:00:16.077325Z"",""no_price_dollars"":""0.3600"",""taker_side"":""yes"",""ticker"":""KXBTC15M-26APR280815-15"",""trade_id"":""d097a5cd-5d5d-4cbe-7a70-34d23387dd6a"",""yes_price_dollars"":""0.6400""}"
KXBTC15M-26APR280815-15,757c6585-ca7b-447a-52fa-08ae4a024934,1777377616,0.65,17.0,yes,"{""count_fp"":""17.00"",""created_time"":""2026-04-28T12:00:16.077325Z"",""no_price_dollars"":""0.3500"",""taker_side"":""yes"",""ticker"":""KXBTC15M-26APR280815-15"",""trade_id"":""757c6585-ca7b-447a-52fa-08ae4a024934"",""yes_price_dollars"":""0.6500""}"
KXBTC15M-26APR280815-15,09dd3bb9-7dcf-7d7e-5944-888fc17f1d4c,1777377617,0.64,2.25,yes,"{""count_fp"":""2.25"",""created_time"":""2026-04-28T12:00:17.505429Z"",""no_price_dollars"":""0.3600"",""taker_side"":""yes"",""ticker"":""KXBTC15M-26APR280815-15"",""trade_id"":""09dd3bb9-7dcf-7d7e-5944-888fc17f1d4c"",""yes_price_dollars"":""0.6400""}"
KXBTC15M-26APR280815-15,c9c6fe08-cd26-7494-6527-5e0d52395b76,1777377617,0.63,16.0,no,"{""count_fp"":""16.00"",""created_time"":""2026-04-28T12:00:17.415202Z"",""no_price_dollars"":""0.3700"",""taker_side"":""no"",""ticker"":""KXBTC15M-26APR280815-15"",""trade_id"":""c9c6fe08-cd26-7494-6527-5e0d52395b76"",""yes_price_dollars"":""0.6300""}"
KXBTC15M-26APR280815-15,afb6ca3c-0c89-7b50-5ed3-9ff42a0b02a3,1777377617,0.63,5.47,no,"{""count_fp"":""5.47"",""created_time"":""2026-04-28T12:00:17.415202Z"",""no_price_dollars"":""0.3700"",""taker_side"":""no"",""ticker"":""KXBTC15M-26APR280815-15"",""trade_id"":""afb6ca3c-0c89-7b50-5ed3-9ff42a0b02a3"",""yes_price_dollars"":""0.6300""}"
KXBTC15M-26APR280815-15,72d8caf9-8da7-7743-57b9-2ee18673c33a,1777377617,0.63,40.0,no,"{""count_fp"":""40.00"",""created_time"":""2026-04-28T12:00:17.415202Z"",""no_price_dollars"":""0.3700"",""taker_side"":""no"",""ticker"":""KXBTC15M-26APR280815-15"",""trade_id"":""72d8caf9-8da7-7743-57b9-2ee18673c33a"",""yes_price_dollars"":""0.6300""}"
KXBTC15M-26APR280815-15,cb1312d6-71fb-7812-f3f8-5a12cdfd850c,1777377617,0.64,35.29,yes,"{""count_fp"":""35.29"",""created_time"":""2026-04-28T12:00:17.363264Z"",""no_price_dollars"":""0.3600"",""taker_side"":""yes"",""ticker"":""KXBTC15M-26APR280815-15"",""trade_id"":""cb1312d6-71fb-7812-f3f8-5a12cdfd850c"",""yes_price_dollars"":""0.6400""}"
KXBTC15M-26APR280815-15,b3261159-f4cb-78f8-e800-cbc4a5f6f13f,1777377617,0.64,3.0,yes,"{""count_fp"":""3.00"",""created_time"":""2026-04-28T12:00:17.363264Z"",""no_price_dollars"":""0.3600"",""taker_side"":""yes"",""ticker"":""KXBTC15M-26APR280815-15"",""trade_id"":""b3261159-f4cb-78f8-e800-cbc4a5f6f13f"",""yes_price_dollars"":""0.6400""}"
KXBTC15M-26APR280815-15,2a6948d5-9610-6cc0-ef8d-8441935f80bb,1777377618,0.63,4.0,no,"{""count_fp"":""4.00"",""created_time"":""2026-04-28T12:00:18.891376Z"",""no_price_dollars"":""0.3700"",""taker_side"":""no"",""ticker"":""KXBTC15M-26APR280815-15"",""trade_id"":""2a6948d5-9610-6cc0-ef8d-8441935f80bb"",""yes_price_dollars"":""0.6300""}"
KXBTC15M-26APR280815-15,834225c2-9d13-454a-78f1-10204f71ac38,1777377618,0.64,40.0,yes,"{""count_fp"":""40.00"",""created_time"":""2026-04-28T12:00:18.814772Z"",""no_price_dollars"":""0.3600"",""taker_side"":""yes"",""ticker"":""KXBTC15M-26APR280815-15"",""trade_id"":""834225c2-9d13-454a-78f1-10204f71ac38"",""yes_price_dollars"":""0.6400""}"
KXBTC15M-26APR280815-15,f51641b7-fd1b-7cf7-c88a-7297767cb21a,1777377618,0.62,101.96,no,"{""count_fp"":""101.96"",""created_time"":""2026-04-28T12:00:18.227549Z"",""no_price_dollars"":""0.3800"",""taker_side"":""no"",""ticker"":""KXBTC15M-26APR280815-15"",""trade_id"":""f51641b7-fd1b-7cf7-c88a-7297767cb21a"",""yes_price_dollars"":""0.6200""}"
KXBTC15M-26APR280815-15,7f21f07f-8e6e-7bda-ed03-82bc6f3b6ca1,1777377618,0.63,24.53,no,"{""count_fp"":""24.53"",""created_time"":""2026-04-28T12:00:18.227549Z"",""no_price_dollars"":""0.3700"",""taker_side"":""no"",""ticker"":""KXBTC15M-26APR280815-15"",""trade_id"":""7f21f07f-8e6e-7bda-ed03-82bc6f3b6ca1"",""yes_price_dollars"":""0.6300""}"
KXBTC15M-26APR280815-15,37ba449e-1de1-7500-2e5e-cedec4cd037f,1777377618,0.63,8.53,no,"{""count_fp"":""8.53"",""created_time"":""2026-04-28T12:00:18.029088Z"",""no_price_dollars"":""0.3700"",""taker_side"":""no"",""ticker"":""KXBTC15M-26APR280815-15"",""trade_id"":""37ba449e-1de1-7500-2e5e-cedec4cd037f"",""yes_price_dollars"":""0.6300""}"
KXBTC15M-26APR280815-15,01a89c69-67a2-7da6-0a9a-d51baca9baa5,1777377618,0.63,15.47,no,"{""count_fp"":""15.47"",""created_time"":""2026-04-28T12:00:18.029088Z"",""no_price_dollars"":""0.3700"",""taker_side"":""no"",""ticker"":""KXBTC15M-26APR280815-15"",""trade_id"":""01a89c69-67a2-7da6-0a9a-d51baca9baa5"",""yes_price_dollars"":""0.6300""}"
KXBTC15M-26APR280815-15,653f47aa-22b0-6f39-3ea9-6fa121688d5f,1777377619,0.63,4.57,yes,"{""count_fp"":""4.57"",""created_time"":""2026-04-28T12:00:19.795059Z"",""no_price_dollars"":""0.3700"",""taker_side"":""yes"",""ticker"":""KXBTC15M-26APR280815-15"",""trade_id"":""653f47aa-22b0-6f39-3ea9-6fa121688d5f"",""yes_price_dollars"":""0.6300""}"
KXBTC15M-26APR280815-15,a1567925-f1ce-4d7b-8899-4ee417c49064,1777377619,0.63,24.0,no,"{""count_fp"":""24.00"",""created_time"":""2026-04-28T12:00:19.673246Z"",""no_price_dollars"":""0.3700"",""taker_side"":""no"",""ticker"":""KXBTC15M-26APR280815-15"",""trade_id"":""a1567925-f1ce-4d7b-8899-4ee417c49064"",""yes_price_dollars"":""0.6300""}"
KXBTC15M-26APR280815-15,6c54b36d-dccb-48f6-9e27-2fae5de0cffe,1777377619,0.63,37.37,no,"{""count_fp"":""37.37"",""created_time"":""2026-04-28T12:00:19.673246Z"",""no_price_dollars"":""0.3700"",""taker_side"":""no"",""ticker"":""KXBTC15M-26APR280815-15"",""trade_id"":""6c54b36d-dccb-48f6-9e27-2fae5de0cffe"",""yes_price_dollars"":""0.6300""}"
KXBTC15M-26APR280815-15,27bbe0e8-04ef-4698-811e-e817d347f719,1777377619,0.63,24.0,no,"{""count_fp"":""24.00"",""created_time"":""2026-04-28T12:00:19.673246Z"",""no_price_dollars"":""0.3700"",""taker_side"":""no"",""ticker"":""KXBTC15M-26APR280815-15"",""trade_id"":""27bbe0e8-04ef-4698-811e-e817d347f719"",""yes_price_dollars"":""0.6300""}"
KXBTC15M-26APR280815-15,436d44af-61e6-6b5f-640f-434fb5bb634f,1777377619,0.64,7.62,yes,"{""count_fp"":""7.62"",""created_time"":""2026-04-28T12:00:19.613725Z"",""no_price_dollars"":""0.3600"",""taker_side"":""yes"",""ticker"":""KXBTC15M-26APR280815-15"",""trade_id"":""436d44af-61e6-6b5f-640f-434fb5bb634f"",""yes_price_dollars"":""0.6400""}"
KXBTC15M-26APR280815-15,c07bf292-992a-7c57-0285-759a1c542c3b,1777377619,0.65,2.82,yes,"{""count_fp"":""2.82"",""created_time"":""2026-04-28T12:00:19.465085Z"",""no_price_dollars"":""0.3500"",""taker_side"":""yes"",""ticker"":""KXBTC15M-26APR280815-15"",""trade_id"":""c07bf292-992a-7c57-0285-759a1c542c3b"",""yes_price_dollars"":""0.6500""}"
KXBTC15M-26APR280815-15,8996421e-820c-7ff6-0ee9-843fef44b21a,1777377619,0.64,40.0,yes,"{""count_fp"":""40.00"",""created_time"":""2026-04-28T12:00:19.465085Z"",""no_price_dollars"":""0.3600"",""taker_side"":""yes"",""ticker"":""KXBTC15M-26APR280815-15"",""trade_id"":""8996421e-820c-7ff6-0ee9-843fef44b21a"",""yes_price_dollars"":""0.6400""}"
KXBTC15M-26APR280815-15,6b906f8b-1e99-73a6-1f6b-231bf711c55f,1777377619,0.64,14.38,yes,"{""count_fp"":""14.38"",""created_time"":""2026-04-28T12:00:19.465085Z"",""no_price_dollars"":""0.3600"",""taker_side"":""yes"",""ticker"":""KXBTC15M-26APR280815-15"",""trade_id"":""6b906f8b-1e99-73a6-1f6b-231bf711c55f"",""yes_price_dollars"":""0.6400""}"
KXBTC15M-26APR280815-15,3f00e058-85ac-70ab-3432-b1d0297fc893,1777377619,0.64,10.0,yes,"{""count_fp"":""10.00"",""created_time"":""2026-04-28T12:00:19.465085Z"",""no_price_dollars"":""0.3600"",""taker_side"":""yes"",""ticker"":""KXBTC15M-26APR280815-15"",""trade_id"":""3f00e058-85ac-70ab-3432-b1d0297fc893"",""yes_price_dollars"":""0.6400""}"
KXBTC15M-26APR280815-15,12b56d87-1351-72b1-1d0f-85f2ad6395c4,1777377619,0.64,9.0,yes,"{""count_fp"":""9.00"",""created_time"":""2026-04-28T12:00:19.465085Z"",""no_price_dollars"":""0.3600"",""taker_side"":""yes"",""ticker"":""KXBTC15M-26APR280815-15"",""trade_id"":""12b56d87-1351-72b1-1d0f-85f2ad6395c4"",""yes_price_dollars"":""0.6400""}"
KXBTC15M-26APR280815-15,2a5399cf-3c18-7eec-d58c-aa32c90cbc3b,1777377619,0.63,20.0,no,"{""count_fp"":""20.00"",""created_time"":""2026-04-28T12:00:19.120928Z"",""no_price_dollars"":""0.3700"",""taker_side"":""no"",""ticker"":""KXBTC15M-26APR280815-15"",""trade_id"":""2a5399cf-3c18-7eec-d58c-aa32c90cbc3b"",""yes_price_dollars"":""0.6300""}"
KXBTC15M-26APR280815-15,265e750b-0d14-60fe-cc14-56842a4d3efb,1777377620,0.6,7.62,yes,"{""count_fp"":""7.62"",""created_time"":""2026-04-28T12:00:20.879305Z"",""no_price_dollars"":""0.4000"",""taker_side"":""yes"",""ticker"":""KXBTC15M-26APR280815-15"",""trade_id"":""265e750b-0d14-60fe-cc14-56842a4d3efb"",""yes_price_dollars"":""0.6000""}"
KXBTC15M-26APR280815-15,d91c392f-c755-7c2a-97e9-5595ae879c56,1777377620,0.6,27.0,no,"{""count_fp"":""27.00"",""created_time"":""2026-04-28T12:00:20.848802Z"",""no_price_dollars"":""0.4000"",""taker_side"":""no"",""ticker"":""KXBTC15M-26APR280815-15"",""trade_id"":""d91c392f-c755-7c2a-97e9-5595ae879c56"",""yes_price_dollars"":""0.6000""}"
KXBTC15M-26APR280815-15,c54f3484-ae9e-7262-8568-2e5ea9fe2dc2,1777377620,0.6,5.0,no,"{""count_fp"":""5.00"",""created_time"":""2026-04-28T12:00:20.848802Z"",""no_price_dollars"":""0.4000"",""taker_side"":""no"",""ticker"":""KXBTC15M-26APR280815-15"",""trade_id"":""c54f3484-ae9e-7262-8568-2e5ea9fe2dc2"",""yes_price_dollars"":""0.6000""}"
KXBTC15M-26APR280815-15,877fbcb7-7716-7805-adcb-227760a2a02e,1777377620,0.6,30.0,no,"{""count_fp"":""30.00"",""created_time"":""2026-04-28T12:00:20.848802Z"",""no_price_dollars"":""0.4000"",""taker_side"":""no"",""ticker"":""KXBTC15M-26APR280815-15"",""trade_id"":""877fbcb7-7716-7805-adcb-227760a2a02e"",""yes_price_dollars"":""0.6000""}"
KXBTC15M-26APR280815-15,7ccfedbc-8fdd-7885-a6d1-a1f15f0b3c30,1777377620,0.6,60.0,no,"{""count_fp"":""60.00"",""created_time"":""2026-04-28T12:00:20.848802Z"",""no_price_dollars"":""0.4000"",""taker_side"":""no"",""ticker"":""KXBTC15M-26APR280815-15"",""trade_id"":""7ccfedbc-8fdd-7885-a6d1-a1f15f0b3c30"",""yes_price_dollars"":""0.6000""}"
KXBTC15M-26APR280815-15,44b0e798-1b4b-7142-94cc-3ad622e92816,1777377620,0.6,3.0,no,"{""count_fp"":""3.00"",""created_time"":""2026-04-28T12:00:20.848802Z"",""no_price_dollars"":""0.4000"",""taker_side"":""no"",""ticker"":""KXBTC15M-26APR280815-15"",""trade_id"":""44b0e798-1b4b-7142-94cc-3ad622e92816"",""yes_price_dollars"":""0.6000""}"
KXBTC15M-26APR280815-15,4cf05131-6a1a-43a0-b31c-0812aea593aa,1777377620,0.61,40.0,no,"{""count_fp"":""40.00"",""created_time"":""2026-04-28T12:00:20.838971Z"",""no_price_dollars"":""0.3900"",""taker_side"":""no"",""ticker"":""KXBTC15M-26APR280815-15"",""trade_id"":""4cf05131-6a1a-43a0-b31c-0812aea593aa"",""yes_price_dollars"":""0.6100""}"
KXBTC15M-26APR280815-15,07b31a2e-41b9-5035-1a90-e8939124fae2,1777377620,0.62,7.62,yes,"{""count_fp"":""7.62"",""created_time"":""2026-04-28T12:00:20.803909Z"",""no_price_dollars"":""0.3800"",""taker_side"":""yes"",""ticker"":""KXBTC15M-26APR280815-15"",""trade_id"":""07b31a2e-41b9-5035-1a90-e8939124fae2"",""yes_price_dollars"":""0.6200""}"
KXBTC15M-26APR280815-15,1b72d94e-aaa3-65ed-635b-7f2f7db0981b,1777377620,0.62,15.0,yes,"{""count_fp"":""15.00"",""created_time"":""2026-04-28T12:00:20.339981Z"",""no_price_dollars"":""0.3800"",""taker_side"":""yes"",""ticker"":""KXBTC15M-26APR280815-15"",""trade_id"":""1b72d94e-aaa3-65ed-635b-7f2f7db0981b"",""yes_price_dollars"":""0.6200""}"
KXBTC15M-26APR280815-15,3ef2cb1f-6d49-6c8b-7843-f5ae4e530026,1777377621,0.6,10.66,yes,"{""count_fp"":""10.66"",""created_time"":""2026-04-28T12:00:21.559941Z"",""no_price_dollars"":""0.4000"",""taker_side"":""yes"",""ticker"":""KXBTC15M-26APR280815-15"",""trade_id"":""3ef2cb1f-6d49-6c8b-7843-f5ae4e530026"",""yes_price_dollars"":""0.6000""}"
KXBTC15M-26APR280815-15,bf67cd55-7239-7b77-e39f-a789c2840afa,1777377622,0.6,3.75,yes,"{""count_fp"":""3.75"",""created_time"":""2026-04-28T12:00:22.901015Z"",""no_price_dollars"":""0.4000"",""taker_side"":""yes"",""ticker"":""KXBTC15M-26APR280815-15"",""trade_id"":""bf67cd55-7239-7b77-e39f-a789c2840afa"",""yes_price_dollars"":""0.6000""}"
KXBTC15M-26APR280815-15,0d794458-6fd5-4a5f-c26c-051f9274eafe,1777377622,0.59,25.76,no,"{""count_fp"":""25.76"",""created_time"":""2026-04-28T12:00:22.577815Z"",""no_price_dollars"":""0.4100"",""taker_side"":""no"",""ticker"":""KXBTC15M-26APR280815-15"",""trade_id"":""0d794458-6fd5-4a5f-c26c-051f9274eafe"",""yes_price_dollars"":""0.5900""}"
KXBTC15M-26APR280815-15,54cda4a7-74a9-7637-58b7-1719c1c6f27e,1777377622,0.6,18.0,yes,"{""count_fp"":""18.00"",""created_time"":""2026-04-28T12:00:22.504259Z"",""no_price_dollars"":""0.4000"",""taker_side"":""yes"",""ticker"":""KXBTC15M-26APR280815-15"",""trade_id"":""54cda4a7-74a9-7637-58b7-1719c1c6f27e"",""yes_price_dollars"":""0.6000""}"
KXBTC15M-26APR280815-15,c10a7902-e009-6823-0760-7c2e10e017fe,1777377622,0.6,405.31,yes,"{""count_fp"":""405.31"",""created_time"":""2026-04-28T12:00:22.406827Z"",""no_price_dollars"":""0.4000"",""taker_side"":""yes"",""ticker"":""KXBTC15M-26APR280815-15"",""trade_id"":""c10a7902-e009-6823-0760-7c2e10e017fe"",""yes_price_dollars"":""0.6000""}"
KXBTC15M-26APR280815-15,dba33e13-1a61-53bb-6254-cc554c31408e,1777377622,0.59,2.0,no,"{""count_fp"":""2.00"",""created_time"":""2026-04-28T12:00:22.380081Z"",""no_price_dollars"":""0.4100"",""taker_side"":""no"",""ticker"":""KXBTC15M-26APR280815-15"",""trade_id"":""dba33e13-1a61-53bb-6254-cc554c31408e"",""yes_price_dollars"":""0.5900""}"
KXBTC15M-26APR280815-15,fce2647d-a21c-496c-e973-fc1b1afb65b4,1777377623,0.58,4.0,no,"{""count_fp"":""4.00"",""created_time"":""2026-04-28T12:00:23.996894Z"",""no_price_dollars"":""0.4200"",""taker_side"":""no"",""ticker"":""KXBTC15M-26APR280815-15"",""trade_id"":""fce2647d-a21c-496c-e973-fc1b1afb65b4"",""yes_price_dollars"":""0.5800""}"
KXBTC15M-26APR280815-15,e6150d97-f334-4f9b-ccb3-e84f3f70c11c,1777377623,0.59,15.0,no,"{""count_fp"":""15.00"",""created_time"":""2026-04-28T12:00:23.996894Z"",""no_price_dollars"":""0.4100"",""taker_side"":""no"",""ticker"":""KXBTC15M-26APR280815-15"",""trade_id"":""e6150d97-f334-4f9b-ccb3-e84f3f70c11c"",""yes_price_dollars"":""0.5900""}"
KXBTC15M-26APR280815-15,5ce24b4c-e41f-4880-c450-746b93fb5547,1777377623,0.59,1.0,no,"{""count_fp"":""1.00"",""created_time"":""2026-04-28T12:00:23.996894Z"",""no_price_dollars"":""0.4100"",""taker_side"":""no"",""ticker"":""KXBTC15M-26APR280815-15"",""trade_id"":""5ce24b4c-e41f-4880-c450-746b93fb5547"",""yes_price_dollars"":""0.5900""}"
KXBTC15M-26APR280815-15,ee5c6212-17ad-76e8-7c73-d86f33d5a025,1777377623,0.6,40.53,yes,"{""count_fp"":""40.53"",""created_time"":""2026-04-28T12:00:23.598418Z"",""no_price_dollars"":""0.4000"",""taker_side"":""yes"",""ticker"":""KXBTC15M-26APR280815-15"",""trade_id"":""ee5c6212-17ad-76e8-7c73-d86f33d5a025"",""yes_price_dollars"":""0.6000""}"
KXBTC15M-26APR280815-15,3df7f436-df49-631c-f38d-6d32b6387351,1777377623,0.6,1.76,yes,"{""count_fp"":""1.76"",""created_time"":""2026-04-28T12:00:23.533784Z"",""no_price_dollars"":""0.4000"",""taker_side"":""yes"",""ticker"":""KXBTC15M-26APR280815-15"",""trade_id"":""3df7f436-df49-631c-f38d-6d32b6387351"",""yes_price_dollars"":""0.6000""}"
KXBTC15M-26APR280815-15,f7195450-5802-448d-0510-3cfc140bdd83,1777377623,0.6,56.0,yes,"{""count_fp"":""56.00"",""created_time"":""2026-04-28T12:00:23.408971Z"",""no_price_dollars"":""0.4000"",""taker_side"":""yes"",""ticker"":""KXBTC15M-26APR280815-15"",""trade_id"":""f7195450-5802-448d-0510-3cfc140bdd83"",""yes_price_dollars"":""0.6000""}"
KXBTC15M-26APR280815-15,e96c4dfe-6df7-4c9a-3d55-ca7df5e1c333,1777377623,0.6,8.18,yes,"{""count_fp"":""8.18"",""created_time"":""2026-04-28T12:00:23.408971Z"",""no_price_dollars"":""0.4000"",""taker_side"":""yes"",""ticker"":""KXBTC15M-26APR280815-15"",""trade_id"":""e96c4dfe-6df7-4c9a-3d55-ca7df5e1c333"",""yes_price_dollars"":""0.6000""}"
KXBTC15M-26APR280815-15,90490064-5534-44c9-27cf-faba0dac5615,1777377623,0.6,15.0,yes,"{""count_fp"":""15.00"",""created_time"":""2026-04-28T12:00:23.408971Z"",""no_price_dollars"":""0.4000"",""taker_side"":""yes"",""ticker"":""KXBTC15M-26APR280815-15"",""trade_id"":""90490064-5534-44c9-27cf-faba0dac5615"",""yes_price_dollars"":""0.6000""}"
KXBTC15M-26APR280815-15,74fe2d91-3ec1-4784-1b34-c58c0a494359,1777377623,0.6,18.09,yes,"{""count_fp"":""18.09"",""created_time"":""2026-04-28T12:00:23.408971Z"",""no_price_dollars"":""0.4000"",""taker_side"":""yes"",""ticker"":""KXBTC15M-26APR280815-15"",""trade_id"":""74fe2d91-3ec1-4784-1b34-c58c0a494359"",""yes_price_dollars"":""0.6000""}"
KXBTC15M-26APR280815-15,a5000425-fb69-41c3-7a10-6c637c78ba92,1777377623,0.6,16.18,yes,"{""count_fp"":""16.18"",""created_time"":""2026-04-28T12:00:23.144047Z"",""no_price_dollars"":""0.4000"",""taker_side"":""yes"",""ticker"":""KXBTC15M-26APR280815-15"",""trade_id"":""a5000425-fb69-41c3-7a10-6c637c78ba92"",""yes_price_dollars"":""0.6000""}"
KXBTC15M-26APR280815-15,4b01778a-5f87-47c2-734a-b6e79cc62133,1777377623,0.6,8.82,yes,"{""count_fp"":""8.82"",""created_time"":""2026-04-28T12:00:23.144047Z"",""no_price_dollars"":""0.4000"",""taker_side"":""yes"",""ticker"":""KXBTC15M-26APR280815-15"",""trade_id"":""4b01778a-5f87-47c2-734a-b6e79cc62133"",""yes_price_dollars"":""0.6000""}"
KXBTC15M-26APR280815-15,83648d82-ad3d-6567-3b8a-21b6a9e35ae6,1777377624,0.55,137.27,yes,"{""count_fp"":""137.27"",""created_time"":""2026-04-28T12:00:24.789086Z"",""no_price_dollars"":""0.4500"",""taker_side"":""yes"",""ticker"":""KXBTC15M-26APR280815-15"",""trade_id"":""83648d82-ad3d-6567-3b8a-21b6a9e35ae6"",""yes_price_dollars"":""0.5500""}"
KXBTC15M-26APR280815-15,fae10488-5071-7667-35d0-1fbd63a71fa1,1777377624,0.55,5.53,no,"{""count_fp"":""5.53"",""created_time"":""2026-04-28T12:00:24.555762Z"",""no_price_dollars"":""0.4500"",""taker_side"":""no"",""ticker"":""KXBTC15M-26APR280815-15"",""trade_id"":""fae10488-5071-7667-35d0-1fbd63a71fa1"",""yes_price_dollars"":""0.5500""}"
KXBTC15M-26APR280815-15,d0d421ee-8ee6-70b1-0630-1c8ea2a73d38,1777377624,0.55,17.07,no,"{""count_fp"":""17.07"",""created_time"":""2026-04-28T12:00:24.555762Z"",""no_price_dollars"":""0.4500"",""taker_side"":""no"",""ticker"":""KXBTC15M-26APR280815-15"",""trade_id"":""d0d421ee-8ee6-70b1-0630-1c8ea2a73d38"",""yes_price_dollars"":""0.5500""}"
KXBTC15M-26APR280815-15,ab5d283d-0802-606f-6181-d828cfdb2613,1777377624,0.56,5.0,no,"{""count_fp"":""5.00"",""created_time"":""2026-04-28T12:00:24.541108Z"",""no_price_dollars"":""0.4400"",""taker_side"":""no"",""ticker"":""KXBTC15M-26APR280815-15"",""trade_id"":""ab5d283d-0802-606f-6181-d828cfdb2613"",""yes_price_dollars"":""0.5600""}"
KXBTC15M-26APR280815-15,5d870762-cb94-60c2-485e-e6d6033deddf,1777377624,0.55,9.0,no,"{""count_fp"":""9.00"",""created_time"":""2026-04-28T12:00:24.541108Z"",""no_price_dollars"":""0.4500"",""taker_side"":""no"",""ticker"":""KXBTC15M-26APR280815-15"",""trade_id"":""5d870762-cb94-60c2-485e-e6d6033deddf"",""yes_price_dollars"":""0.5500""}"
KXBTC15M-26APR280815-15,2d594ba8-192a-6995-6fd9-785fc2695008,1777377624,0.55,111.93,no,"{""count_fp"":""111.93"",""created_time"":""2026-04-28T12:00:24.541108Z"",""no_price_dollars"":""0.4500"",""taker_side"":""no"",""ticker"":""KXBTC15M-26APR280815-15"",""trade_id"":""2d594ba8-192a-6995-6fd9-785fc2695008"",""yes_price_dollars"":""0.5500""}"
KXBTC15M-26APR280815-15,d65230e2-6c41-55be-32ae-7be1056dd1e6,1777377625,0.55,37.0,yes,"{""count_fp"":""37.00"",""created_time"":""2026-04-28T12:00:25.652635Z"",""no_price_dollars"":""0.4500"",""taker_side"":""yes"",""ticker"":""KXBTC15M-26APR280815-15"",""trade_id"":""d65230e2-6c41-55be-32ae-7be1056dd1e6"",""yes_price_dollars"":""0.5500""}"
KXBTC15M-26APR280815-15,28b8d25c-387e-591d-0d63-14ab03348b75,1777377625,0.56,3.53,yes,"{""count_fp"":""3.53"",""created_time"":""2026-04-28T12:00:25.652635Z"",""no_price_dollars"":""0.4400"",""taker_side"":""yes"",""ticker"":""KXBTC15M-26APR280815-15"",""trade_id"":""28b8d25c-387e-591d-0d63-14ab03348b75"",""yes_price_dollars"":""0.5600""}"
KXBTC15M-26APR280815-15,17125017-9b91-51b6-887d-562ad3c16692,1777377625,0.55,9.0,yes,"{""count_fp"":""9.00"",""created_time"":""2026-04-28T12:00:25.405013Z"",""no_price_dollars"":""0.4500"",""taker_side"":""yes"",""ticker"":""KXBTC15M-26APR280815-15"",""trade_id"":""17125017-9b91-51b6-887d-562ad3c16692"",""yes_price_dollars"":""0.5500""}"
KXBTC15M-26APR280815-15,f43d4b62-72fa-4f08-8093-4a4b67de65f5,1777377625,0.55,3.0,yes,"{""count_fp"":""3.00"",""created_time"":""2026-04-28T12:00:25.280904Z"",""no_price_dollars"":""0.4500"",""taker_side"":""yes"",""ticker"":""KXBTC15M-26APR280815-15"",""trade_id"":""f43d4b62-72fa-4f08-8093-4a4b67de65f5"",""yes_price_dollars"":""0.5500""}"
KXBTC15M-26APR280815-15,53c3ae5a-9555-4dd2-8812-38f355b5db86,1777377625,0.55,1.0,yes,"{""count_fp"":""1.00"",""created_time"":""2026-04-28T12:00:25.280904Z"",""no_price_dollars"":""0.4500"",""taker_side"":""yes"",""ticker"":""KXBTC15M-26APR280815-15"",""trade_id"":""53c3ae5a-9555-4dd2-8812-38f355b5db86"",""yes_price_dollars"":""0.5500""}"
KXBTC15M-26APR280815-15,34e1d2fc-6277-6fe1-874d-e30c955e994b,1777377625,0.54,1.0,no,"{""count_fp"":""1.00"",""created_time"":""2026-04-28T12:00:25.067109Z"",""no_price_dollars"":""0.4600"",""taker_side"":""no"",""ticker"":""KXBTC15M-26APR280815-15"",""trade_id"":""34e1d2fc-6277-6fe1-874d-e30c955e994b"",""yes_price_dollars"":""0.5400""}"
KXBTC15M-26APR280815-15,ef8d4f65-42e7-5642-b347-cd9a9686c142,1777377626,0.54,40.0,no,"{""count_fp"":""40.00"",""created_time"":""2026-04-28T12:00:26.996979Z"",""no_price_dollars"":""0.4600"",""taker_side"":""no"",""ticker"":""KXBTC15M-26APR280815-15"",""trade_id"":""ef8d4f65-42e7-5642-b347-cd9a9686c142"",""yes_price_dollars"":""0.5400""}"
KXBTC15M-26APR280815-15,7ea9af1b-ea79-5c33-a763-acae9767f6dd,1777377626,0.54,36.64,no,"{""count_fp"":""36.64"",""created_time"":""2026-04-28T12:00:26.996979Z"",""no_price_dollars"":""0.4600"",""taker_side"":""no"",""ticker"":""KXBTC15M-26APR280815-15"",""trade_id"":""7ea9af1b-ea79-5c33-a763-acae9767f6dd"",""yes_price_dollars"":""0.5400""}"
KXBTC15M-26APR280815-15,78c1e859-d01e-5ed9-a797-af43708689d9,1777377626,0.54,3.0,no,"{""count_fp"":""3.00"",""created_time"":""2026-04-28T12:00:26.996979Z"",""no_price_dollars"":""0.4600"",""taker_side"":""no"",""ticker"":""KXBTC15M-26APR280815-15"",""trade_id"":""78c1e859-d01e-5ed9-a797-af43708689d9"",""yes_price_dollars"":""0.5400""}"
KXBTC15M-26APR280815-15,47508996-413e-5c73-8bdf-2b695cdeeb84,1777377626,0.54,14.36,no,"{""count_fp"":""14.36"",""created_time"":""2026-04-28T12:00:26.996979Z"",""no_price_dollars"":""0.4600"",""taker_side"":""no"",""ticker"":""KXBTC15M-26APR280815-15"",""trade_id"":""47508996-413e-5c73-8bdf-2b695cdeeb84"",""yes_price_dollars"":""0.5400""}"
KXBTC15M-26APR280815-15,0f5aff78-6316-5042-9e6c-1b10e3fb6db5,1777377626,0.54,1.0,no,"{""count_fp"":""1.00"",""created_time"":""2026-04-28T12:00:26.996979Z"",""no_price_dollars"":""0.4600"",""taker_side"":""no"",""ticker"":""KXBTC15M-26APR280815-15"",""trade_id"":""0f5aff78-6316-5042-9e6c-1b10e3fb6db5"",""yes_price_dollars"":""0.5400""}"
KXBTC15M-26APR280815-15,053a04fe-c04c-754a-03c9-33fe02c5ca91,1777377626,0.55,1.76,yes,"{""count_fp"":""1.76"",""created_time"":""2026-04-28T12:00:26.427288Z"",""no_price_dollars"":""0.4500"",""taker_side"":""yes"",""ticker"":""KXBTC15M-26APR280815-15"",""trade_id"":""053a04fe-c04c-754a-03c9-33fe02c5ca91"",""yes_price_dollars"":""0.5500""}"
KXBTC15M-26APR280815-15,846b1598-d636-7dc8-cea6-a2e67e533c07,1777377627,0.53,15.38,yes,"{""count_fp"":""15.38"",""created_time"":""2026-04-28T12:00:27.606983Z"",""no_price_dollars"":""0.4700"",""taker_side"":""yes"",""ticker"":""KXBTC15M-26APR280815-15"",""trade_id"":""846b1598-d636-7dc8-cea6-a2e67e533c07"",""yes_price_dollars"":""0.5300""}"
KXBTC15M-26APR280815-15,a0bb873e-6981-7108-2d38-cda74a32154d,1777377627,0.53,42.48,yes,"{""count_fp"":""42.48"",""created_time"":""2026-04-28T12:00:27.597396Z"",""no_price_dollars"":""0.4700"",""taker_side"":""yes"",""ticker"":""KXBTC15M-26APR280815-15"",""trade_id"":""a0bb873e-6981-7108-2d38-cda74a32154d"",""yes_price_dollars"":""0.5300""}"
KXBTC15M-26APR280815-15,ec5b5113-1fe9-4da4-20c0-f2cc4cb78c81,1777377627,0.53,21.14,yes,"{""count_fp"":""21.14"",""created_time"":""2026-04-28T12:00:27.595107Z"",""no_price_dollars"":""0.4700"",""taker_side"":""yes"",""ticker"":""KXBTC15M-26APR280815-15"",""trade_id"":""ec5b5113-1fe9-4da4-20c0-f2cc4cb78c81"",""yes_price_dollars"":""0.5300""}"
KXBTC15M-26APR280815-15,dc4ac0e3-d79a-73b1-7b78-d29344264ac1,1777377627,0.52,1.19,yes,"{""count_fp"":""1.19"",""created_time"":""2026-04-28T12:00:27.214458Z"",""no_price_dollars"":""0.4800"",""taker_side"":""yes"",""ticker"":""KXBTC15M-26APR280815-15"",""trade_id"":""dc4ac0e3-d79a-73b1-7b78-d29344264ac1"",""yes_price_dollars"":""0.5200""}"
KXBTC15M-26APR280815-15,96f1fb5c-f457-712e-70bd-66cd569067c8,1777377627,0.53,59.81,yes,"{""count_fp"":""59.81"",""created_time"":""2026-04-28T12:00:27.214458Z"",""no_price_dollars"":""0.4700"",""taker_side"":""yes"",""ticker"":""KXBTC15M-26APR280815-15"",""trade_id"":""96f1fb5c-f457-712e-70bd-66cd569067c8"",""yes_price_dollars"":""0.5300""}"
KXBTC15M-26APR280815-15,3c70a784-bcc7-7325-5496-3e6ebd3ecc2e,1777377627,0.53,40.0,yes,"{""count_fp"":""40.00"",""created_time"":""2026-04-28T12:00:27.214458Z"",""no_price_dollars"":""0.4700"",""taker_side"":""yes"",""ticker"":""KXBTC15M-26APR280815-15"",""trade_id"":""3c70a784-bcc7-7325-5496-3e6ebd3ecc2e"",""yes_price_dollars"":""0.5300""}"
KXBTC15M-26APR280815-15,a7f9a368-0c6e-4c89-5077-f5f5d6933971,1777377627,0.52,8.81,yes,"{""count_fp"":""8.81"",""created_time"":""2026-04-28T12:00:27.193782Z"",""no_price_dollars"":""0.4800"",""taker_side"":""yes"",""ticker"":""KXBTC15M-26APR280815-15"",""trade_id"":""a7f9a368-0c6e-4c89-5077-f5f5d6933971"",""yes_price_dollars"":""0.5200""}"
KXBTC15M-26APR280815-15,d1ed2f29-f787-4559-3bb8-aeb386d530a5,1777377627,0.52,17.0,no,"{""count_fp"":""17.00"",""created_time"":""2026-04-28T12:00:27.106429Z"",""no_price_dollars"":""0.4800"",""taker_side"":""no"",""ticker"":""KXBTC15M-26APR280815-15"",""trade_id"":""d1ed2f29-f787-4559-3bb8-aeb386d530a5"",""yes_price_dollars"":""0.5200""}"
KXBTC15M-26APR280815-15,d111cb3e-cf15-4754-26b7-cf54758c021f,1777377627,0.52,35.0,no,"{""count_fp"":""35.00"",""created_time"":""2026-04-28T12:00:27.106429Z"",""no_price_dollars"":""0.4800"",""taker_side"":""no"",""ticker"":""KXBTC15M-26APR280815-15"",""trade_id"":""d111cb3e-cf15-4754-26b7-cf54758c021f"",""yes_price_dollars"":""0.5200""}"
KXBTC15M-26APR280815-15,b454a255-bb98-4a7d-1c8f-40bb06d17a20,1777377627,0.52,2.0,no,"{""count_fp"":""2.00"",""created_time"":""2026-04-28T12:00:27.106429Z"",""no_price_dollars"":""0.4800"",""taker_side"":""no"",""ticker"":""KXBTC15M-26APR280815-15"",""trade_id"":""b454a255-bb98-4a7d-1c8f-40bb06d17a20"",""yes_price_dollars"":""0.5200""}"
KXBTC15M-26APR280815-15,516ce28e-b5a0-4955-294a-4e236d72b616,1777377627,0.52,24.0,no,"{""count_fp"":""24.00"",""created_time"":""2026-04-28T12:00:27.106429Z"",""no_price_dollars"":""0.4800"",""taker_side"":""no"",""ticker"":""KXBTC15M-26APR280815-15"",""trade_id"":""516ce28e-b5a0-4955-294a-4e236d72b616"",""yes_price_dollars"":""0.5200""}"
KXBTC15M-26APR280815-15,28a089a0-7517-47a2-3f45-96606dc87e82,1777377627,0.52,35.0,no,"{""count_fp"":""35.00"",""created_time"":""2026-04-28T12:00:27.106429Z"",""no_price_dollars"":""0.4800"",""taker_side"":""no"",""ticker"":""KXBTC15M-26APR280815-15"",""trade_id"":""28a089a0-7517-47a2-3f45-96606dc87e82"",""yes_price_dollars"":""0.5200""}"
KXBTC15M-26APR280815-15,0d84def2-fbe2-4e43-393e-a5d6523dd4d6,1777377627,0.52,17.0,no,"{""count_fp"":""17.00"",""created_time"":""2026-04-28T12:00:27.106429Z"",""no_price_dollars"":""0.4800"",""taker_side"":""no"",""ticker"":""KXBTC15M-26APR280815-15"",""trade_id"":""0d84def2-fbe2-4e43-393e-a5d6523dd4d6"",""yes_price_dollars"":""0.5200""}"
KXBTC15M-26APR280815-15,ad6e9001-3192-5074-129c-56043e50a10d,1777377627,0.53,1.0,no,"{""count_fp"":""1.00"",""created_time"":""2026-04-28T12:00:27.005467Z"",""no_price_dollars"":""0.4700"",""taker_side"":""no"",""ticker"":""KXBTC15M-26APR280815-15"",""trade_id"":""ad6e9001-3192-5074-129c-56043e50a10d"",""yes_price_dollars"":""0.5300""}"
KXBTC15M-26APR280815-15,9f0b1e84-24d9-5b0b-24e1-196b5542d15d,1777377627,0.54,0.36,no,"{""count_fp"":""0.36"",""created_time"":""2026-04-28T12:00:27.005467Z"",""no_price_dollars"":""0.4600"",""taker_side"":""no"",""ticker"":""KXBTC15M-26APR280815-15"",""trade_id"":""9f0b1e84-24d9-5b0b-24e1-196b5542d15d"",""yes_price_dollars"":""0.5400""}"
KXBTC15M-26APR280815-15,01f3cd40-b1c8-527d-3a4d-e661c7243180,1777377627,0.53,173.02,no,"{""count_fp"":""173.02"",""created_time"":""2026-04-28T12:00:27.005467Z"",""no_price_dollars"":""0.4700"",""taker_side"":""no"",""ticker"":""KXBTC15M-26APR280815-15"",""trade_id"":""01f3cd40-b1c8-527d-3a4d-e661c7243180"",""yes_price_dollars"":""0.5300""}"
KXBTC15M-26APR280815-15,9c3c14b9-ef39-604c-df50-38ef90471299,1777377628,0.55,55.47,yes,"{""count_fp"":""55.47"",""created_time"":""2026-04-28T12:00:28.852908Z"",""no_price_dollars"":""0.4500"",""taker_side"":""yes"",""ticker"":""KXBTC15M-26APR280815-15"",""trade_id"":""9c3c14b9-ef39-604c-df50-38ef90471299"",""yes_price_dollars"":""0.5500""}"
KXBTC15M-26APR280815-15,4249cb54-28e5-6df5-de0d-919697a424a7,1777377628,0.55,40.0,yes,"{""count_fp"":""40.00"",""created_time"":""2026-04-28T12:00:28.852908Z"",""no_price_dollars"":""0.4500"",""taker_side"":""yes"",""ticker"":""KXBTC15M-26APR280815-15"",""trade_id"":""4249cb54-28e5-6df5-de0d-919697a424a7"",""yes_price_dollars"":""0.5500""}"
KXBTC15M-26APR280815-15,2376121e-dc70-6abe-ce60-c537180b9141,1777377628,0.55,4.53,yes,"{""count_fp"":""4.53"",""created_time"":""2026-04-28T12:00:28.852908Z"",""no_price_dollars"":""0.4500"",""taker_side"":""yes"",""ticker"":""KXBTC15M-26APR280815-15"",""trade_id"":""2376121e-dc70-6abe-ce60-c537180b9141"",""yes_price_dollars"":""0.5500""}"
KXBTC15M-26APR280815-15,a0f97a29-d637-5eab-0042-6b5661555383,1777377628,0.54,14.36,no,"{""count_fp"":""14.36"",""created_time"":""2026-04-28T12:00:28.727507Z"",""no_price_dollars"":""0.4600"",""taker_side"":""no"",""ticker"":""KXBTC15M-26APR280815-15"",""trade_id"":""a0f97a29-d637-5eab-0042-6b5661555383"",""yes_price_dollars"":""0.5400""}"
KXBTC15M-26APR280815-15,390814f5-1c19-5b2c-1a1f-3892783e5e72,1777377628,0.54,6.15,no,"{""count_fp"":""6.15"",""created_time"":""2026-04-28T12:00:28.727507Z"",""no_price_dollars"":""0.4600"",""taker_side"":""no"",""ticker"":""KXBTC15M-26APR280815-15"",""trade_id"":""390814f5-1c19-5b2c-1a1f-3892783e5e72"",""yes_price_dollars"":""0.5400""}"
KXBTC15M-26APR280815-15,5753bd8a-d578-7d6e-e6cd-ce31b6023781,1777377628,0.55,4.0,yes,"{""count_fp"":""4.00"",""created_time"":""2026-04-28T12:00:28.707067Z"",""no_price_dollars"":""0.4500"",""taker_side"":""yes"",""ticker"":""KXBTC15M-26APR280815-15"",""trade_id"":""5753bd8a-d578-7d6e-e6cd-ce31b6023781"",""yes_price_dollars"":""0.5500""}"
KXBTC15M-26APR280815-15,cc201d64-eaa8-7656-998a-718183bc8ce5,1777377628,0.55,0.71,yes,"{""count_fp"":""0.71"",""created_time"":""2026-04-28T12:00:28.359638Z"",""no_price_dollars"":""0.4500"",""taker_side"":""yes"",""ticker"":""KXBTC15M-26APR280815-15"",""trade_id"":""cc201d64-eaa8-7656-998a-718183bc8ce5"",""yes_price_dollars"":""0.5500""}"
KXBTC15M-26APR280815-15,8c5d5a2a-4a2d-7aff-cdb6-5e72d28c1c89,1777377628,0.54,2.01,no,"{""count_fp"":""2.01"",""created_time"":""2026-04-28T12:00:28.249148Z"",""no_price_dollars"":""0.4600"",""taker_side"":""no"",""ticker"":""KXBTC15M-26APR280815-15"",""trade_id"":""8c5d5a2a-4a2d-7aff-cdb6-5e72d28c1c89"",""yes_price_dollars"":""0.5400""}"
KXBTC15M-26APR280815-15,5dfb88af-425b-76f3-f137-adcc855f3cbd,1777377628,0.54,39.88,no,"{""count_fp"":""39.88"",""created_time"":""2026-04-28T12:00:28.249148Z"",""no_price_dollars"":""0.4600"",""taker_side"":""no"",""ticker"":""KXBTC15M-26APR280815-15"",""trade_id"":""5dfb88af-425b-76f3-f137-adcc855f3cbd"",""yes_price_dollars"":""0.5400""}"
KXBTC15M-26APR280815-15,8948d30a-376f-75b3-7b92-9c6e5aa6d7f5,1777377628,0.54,0.12,no,"{""count_fp"":""0.12"",""created_time"":""2026-04-28T12:00:28.045019Z"",""no_price_dollars"":""0.4600"",""taker_side"":""no"",""ticker"":""KXBTC15M-26APR280815-15"",""trade_id"":""8948d30a-376f-75b3-7b92-9c6e5aa6d7f5"",""yes_price_dollars"":""0.5400""}"
KXBTC15M-26APR280815-15,d20e4d0d-dedf-7fcf-3008-c26b274b15dd,1777377629,0.55,0.7,yes,"{""count_fp"":""0.70"",""created_time"":""2026-04-28T12:00:29.752112Z"",""no_price_dollars"":""0.4500"",""taker_side"":""yes"",""ticker"":""KXBTC15M-26APR280815-15"",""trade_id"":""d20e4d0d-dedf-7fcf-3008-c26b274b15dd"",""yes_price_dollars"":""0.5500""}"
KXBTC15M-26APR280815-15,77de48c4-cc4d-6350-cded-5b4d4b23541a,1777377629,0.54,10.25,no,"{""count_fp"":""10.25"",""created_time"":""2026-04-28T12:00:29.462917Z"",""no_price_dollars"":""0.4600"",""taker_side"":""no"",""ticker"":""KXBTC15M-26APR280815-15"",""trade_id"":""77de48c4-cc4d-6350-cded-5b4d4b23541a"",""yes_price_dollars"":""0.5400""}"
KXBTC15M-26APR280815-15,767e8704-e611-4790-dcf8-dafe213c15d9,1777377629,0.55,20.0,yes,"{""count_fp"":""20.00"",""created_time"":""2026-04-28T12:00:29.102282Z"",""no_price_dollars"":""0.4500"",""taker_side"":""yes"",""ticker"":""KXBTC15M-26APR280815-15"",""trade_id"":""767e8704-e611-4790-dcf8-dafe213c15d9"",""yes_price_dollars"":""0.5500""}"
KXBTC15M-26APR280815-15,98a818f7-a0c9-7454-eac6-c8f228372abe,1777377630,0.54,16.6,no,"{""count_fp"":""16.60"",""created_time"":""2026-04-28T12:00:30.977758Z"",""no_price_dollars"":""0.4600"",""taker_side"":""no"",""ticker"":""KXBTC15M-26APR280815-15"",""trade_id"":""98a818f7-a0c9-7454-eac6-c8f228372abe"",""yes_price_dollars"":""0.5400""}"
KXBTC15M-26APR280815-15,0af5dc5f-4a23-7cf8-df27-3678cd6b4f0f,1777377630,0.54,1.0,no,"{""count_fp"":""1.00"",""created_time"":""2026-04-28T12:00:30.977758Z"",""no_price_dollars"":""0.4600"",""taker_side"":""no"",""ticker"":""KXBTC15M-26APR280815-15"",""trade_id"":""0af5dc5f-4a23-7cf8-df27-3678cd6b4f0f"",""yes_price_dollars"":""0.5400""}"
KXBTC15M-26APR280815-15,69b949d9-6645-615f-9664-1385625e8b9a,1777377630,0.56,1.0,yes,"{""count_fp"":""1.00"",""created_time"":""2026-04-28T12:00:30.658529Z"",""no_price_dollars"":""0.4400"",""taker_side"":""yes"",""ticker"":""KXBTC15M-26APR280815-15"",""trade_id"":""69b949d9-6645-615f-9664-1385625e8b9a"",""yes_price_dollars"":""0.5600""}"
KXBTC15M-26APR280815-15,d696b8a1-d4cc-7aee-07ed-8f5510324d6f,1777377631,0.54,10.0,no,"{""count_fp"":""10.00"",""created_time"":""2026-04-28T12:00:31.829917Z"",""no_price_dollars"":""0.4600"",""taker_side"":""no"",""ticker"":""KXBTC15M-26APR280815-15"",""trade_id"":""d696b8a1-d4cc-7aee-07ed-8f5510324d6f"",""yes_price_dollars"":""0.5400""}"
KXBTC15M-26APR280815-15,baa92de2-7139-7524-38f4-b9413a60bd18,1777377631,0.54,3.0,no,"{""count_fp"":""3.00"",""created_time"":""2026-04-28T12:00:31.829917Z"",""no_price_dollars"":""0.4600"",""taker_side"":""no"",""ticker"":""KXBTC15M-26APR280815-15"",""trade_id"":""baa92de2-7139-7524-38f4-b9413a60bd18"",""yes_price_dollars"":""0.5400""}"
KXBTC15M-26APR280815-15,09f77869-4969-7f3b-0a7f-e0fb0b9be281,1777377631,0.54,10.0,no,"{""count_fp"":""10.00"",""created_time"":""2026-04-28T12:00:31.829917Z"",""no_price_dollars"":""0.4600"",""taker_side"":""no"",""ticker"":""KXBTC15M-26APR280815-15"",""trade_id"":""09f77869-4969-7f3b-0a7f-e0fb0b9be281"",""yes_price_dollars"":""0.5400""}"
KXBTC15M-26APR280815-15,beaf646e-1dd3-6202-607f-0e8509aa4d1c,1777377631,0.55,20.82,yes,"{""count_fp"":""20.82"",""created_time"":""2026-04-28T12:00:31.657844Z"",""no_price_dollars"":""0.4500"",""taker_side"":""yes"",""ticker"":""KXBTC15M-26APR280815-15"",""trade_id"":""beaf646e-1dd3-6202-607f-0e8509aa4d1c"",""yes_price_dollars"":""0.5500""}"
KXBTC15M-26APR280815-15,07619d9f-99a7-7ae6-3e12-8e975b279370,1777377631,0.55,17.61,yes,"{""count_fp"":""17.61"",""created_time"":""2026-04-28T12:00:31.629536Z"",""no_price_dollars"":""0.4500"",""taker_side"":""yes"",""ticker"":""KXBTC15M-26APR280815-15"",""trade_id"":""07619d9f-99a7-7ae6-3e12-8e975b279370"",""yes_price_dollars"":""0.5500""}"
KXBTC15M-26APR280815-15,805b2fa5-55ef-4dd2-6dee-ceb114e3c398,1777377631,0.55,21.94,yes,"{""count_fp"":""21.94"",""created_time"":""2026-04-28T12:00:31.610747Z"",""no_price_dollars"":""0.4500"",""taker_side"":""yes"",""ticker"":""KXBTC15M-26APR280815-15"",""trade_id"":""805b2fa5-55ef-4dd2-6dee-ceb114e3c398"",""yes_price_dollars"":""0.5500""}"
KXBTC15M-26APR280815-15,6e8eff05-bbeb-611e-46d2-e5b0677d636c,1777377631,0.55,24.09,yes,"{""count_fp"":""24.09"",""created_time"":""2026-04-28T12:00:31.557781Z"",""no_price_dollars"":""0.4500"",""taker_side"":""yes"",""ticker"":""KXBTC15M-26APR280815-15"",""trade_id"":""6e8eff05-bbeb-611e-46d2-e5b0677d636c"",""yes_price_dollars"":""0.5500""}"
KXBTC15M-26APR280815-15,a79e52c0-4f22-5720-c923-15031473d8da,1777377632,0.52,1.0,yes,"{""count_fp"":""1.00"",""created_time"":""2026-04-28T12:00:32.968924Z"",""no_price_dollars"":""0.4800"",""taker_side"":""yes"",""ticker"":""KXBTC15M-26APR280815-15"",""trade_id"":""a79e52c0-4f22-5720-c923-15031473d8da"",""yes_price_dollars"":""0.5200""}"
KXBTC15M-26APR280815-15,091d050c-8e5e-4180-ae8e-a77d8e655b96,1777377632,0.52,3.58,yes,"{""count_fp"":""3.58"",""created_time"":""2026-04-28T12:00:32.501003Z"",""no_price_dollars"":""0.4800"",""taker_side"":""yes"",""ticker"":""KXBTC15M-26APR280815-15"",""trade_id"":""091d050c-8e5e-4180-ae8e-a77d8e655b96"",""yes_price_dollars"":""0.5200""}"
KXBTC15M-26APR280815-15,b39816fb-f29e-60a8-2729-5a734d68d5fe,1777377633,0.52,9.13,yes,"{""count_fp"":""9.13"",""created_time"":""2026-04-28T12:00:33.811097Z"",""no_price_dollars"":""0.4800"",""taker_side"":""yes"",""ticker"":""KXBTC15M-26APR280815-15"",""trade_id"":""b39816fb-f29e-60a8-2729-5a734d68d5fe"",""yes_price_dollars"":""0.5200""}"
KXBTC15M-26APR280815-15,6222e0a2-2a22-72ac-b9ea-4ecb2a088a6e,1777377633,0.52,8.8,yes,"{""count_fp"":""8.80"",""created_time"":""2026-04-28T12:00:33.274656Z"",""no_price_dollars"":""0.4800"",""taker_side"":""yes"",""ticker"":""KXBTC15M-26APR280815-15"",""trade_id"":""6222e0a2-2a22-72ac-b9ea-4ecb2a088a6e"",""yes_price_dollars"":""0.5200""}"
KXBTC15M-26APR280815-15,128890f3-af41-7704-1f30-a447e675e29d,1777377634,0.52,2.79,yes,"{""count_fp"":""2.79"",""created_time"":""2026-04-28T12:00:34.998765Z"",""no_price_dollars"":""0.4800"",""taker_side"":""yes"",""ticker"":""KXBTC15M-26APR280815-15"",""trade_id"":""128890f3-af41-7704-1f30-a447e675e29d"",""yes_price_dollars"":""0.5200""}"
KXBTC15M-26APR280815-15,99b7bb6a-b202-704b-12f5-3e8046b06307,1777377634,0.51,0.66,no,"{""count_fp"":""0.66"",""created_time"":""2026-04-28T12:00:34.576187Z"",""no_price_dollars"":""0.4900"",""taker_side"":""no"",""ticker"":""KXBTC15M-26APR280815-15"",""trade_id"":""99b7bb6a-b202-704b-12f5-3e8046b06307"",""yes_price_dollars"":""0.5100""}"
KXBTC15M-26APR280815-15,99f2870f-9aa6-66c8-6605-559c8a951aa6,1777377634,0.52,17.49,yes,"{""count_fp"":""17.49"",""created_time"":""2026-04-28T12:00:34.446912Z"",""no_price_dollars"":""0.4800"",""taker_side"":""yes"",""ticker"":""KXBTC15M-26APR280815-15"",""trade_id"":""99f2870f-9aa6-66c8-6605-559c8a951aa6"",""yes_price_dollars"":""0.5200""}"
KXBTC15M-26APR280815-15,59cd11a2-68f5-6160-7832-4aabadbcb539,1777377634,0.52,75.53,yes,"{""count_fp"":""75.53"",""created_time"":""2026-04-28T12:00:34.446912Z"",""no_price_dollars"":""0.4800"",""taker_side"":""yes"",""ticker"":""KXBTC15M-26APR280815-15"",""trade_id"":""59cd11a2-68f5-6160-7832-4aabadbcb539"",""yes_price_dollars"":""0.5200""}"
KXBTC15M-26APR280815-15,7c7ffb36-ff2e-64f3-2fb5-1aec46f5d4db,1777377634,0.51,1.0,no,"{""count_fp"":""1.00"",""created_time"":""2026-04-28T12:00:34.351673Z"",""no_price_dollars"":""0.4900"",""taker_side"":""no"",""ticker"":""KXBTC15M-26APR280815-15"",""trade_id"":""7c7ffb36-ff2e-64f3-2fb5-1aec46f5d4db"",""yes_price_dollars"":""0.5100""}"
KXBTC15M-26APR280815-15,30428bcd-656d-7e20-6d30-3ad7e59a97ed,1777377635,0.52,93.02,yes,"{""count_fp"":""93.02"",""created_time"":""2026-04-28T12:00:35.249854Z"",""no_price_dollars"":""0.4800"",""taker_side"":""yes"",""ticker"":""KXBTC15M-26APR280815-15"",""trade_id"":""30428bcd-656d-7e20-6d30-3ad7e59a97ed"",""yes_price_dollars"":""0.5200""}"
KXBTC15M-26APR280815-15,67f0b23a-d0d2-6d8f-faed-66def6d5983f,1777377635,0.51,1.97,no,"{""count_fp"":""1.97"",""created_time"":""2026-04-28T12:00:35.054002Z"",""no_price_dollars"":""0.4900"",""taker_side"":""no"",""ticker"":""KXBTC15M-26APR280815-15"",""trade_id"":""67f0b23a-d0d2-6d8f-faed-66def6d5983f"",""yes_price_dollars"":""0.5100""}"
KXBTC15M-26APR280815-15,390843ee-8a52-6293-7156-4712699734ab,1777377635,0.51,9.85,no,"{""count_fp"":""9.85"",""created_time"":""2026-04-28T12:00:35.026798Z"",""no_price_dollars"":""0.4900"",""taker_side"":""no"",""ticker"":""KXBTC15M-26APR280815-15"",""trade_id"":""390843ee-8a52-6293-7156-4712699734ab"",""yes_price_dollars"":""0.5100""}"
KXBTC15M-26APR280815-15,ed8305fb-5beb-685a-0385-94ac560185ff,1777377636,0.51,4.65,yes,"{""count_fp"":""4.65"",""created_time"":""2026-04-28T12:00:36.874304Z"",""no_price_dollars"":""0.4900"",""taker_side"":""yes"",""ticker"":""KXBTC15M-26APR280815-15"",""trade_id"":""ed8305fb-5beb-685a-0385-94ac560185ff"",""yes_price_dollars"":""0.5100""}"
KXBTC15M-26APR280815-15,a0d0bf65-7ae3-59dd-1e5b-9aad9018944e,1777377636,0.51,23.18,no,"{""count_fp"":""23.18"",""created_time"":""2026-04-28T12:00:36.561726Z"",""no_price_dollars"":""0.4900"",""taker_side"":""no"",""ticker"":""KXBTC15M-26APR280815-15"",""trade_id"":""a0d0bf65-7ae3-59dd-1e5b-9aad9018944e"",""yes_price_dollars"":""0.5100""}"
KXBTC15M-26APR280815-15,92fb111e-25b3-7f09-a877-ea37ad4a20da,1777377636,0.51,1.0,no,"{""count_fp"":""1.00"",""created_time"":""2026-04-28T12:00:36.298187Z"",""no_price_dollars"":""0.4900"",""taker_side"":""no"",""ticker"":""KXBTC15M-26APR280815-15"",""trade_id"":""92fb111e-25b3-7f09-a877-ea37ad4a20da"",""yes_price_dollars"":""0.5100""}"
KXBTC15M-26APR280815-15,863bb73c-f887-4e65-66ea-1120d6594e9a,1777377636,0.51,3.82,no,"{""count_fp"":""3.82"",""created_time"":""2026-04-28T12:00:36.153171Z"",""no_price_dollars"":""0.4900"",""taker_side"":""no"",""ticker"":""KXBTC15M-26APR280815-15"",""trade_id"":""863bb73c-f887-4e65-66ea-1120d6594e9a"",""yes_price_dollars"":""0.5100""}"
KXBTC15M-26APR280815-15,10fcbec1-0e77-71d4-c39a-754849de74d8,1777377637,0.5,20.91,no,"{""count_fp"":""20.91"",""created_time"":""2026-04-28T12:00:37.897884Z"",""no_price_dollars"":""0.5000"",""taker_side"":""no"",""ticker"":""KXBTC15M-26APR280815-15"",""trade_id"":""10fcbec1-0e77-71d4-c39a-754849de74d8"",""yes_price_dollars"":""0.5000""}"
KXBTC15M-26APR280815-15,84d9b6a0-5901-4640-8204-0d848d12be45,1777377637,0.51,1.86,yes,"{""count_fp"":""1.86"",""created_time"":""2026-04-28T12:00:37.793613Z"",""no_price_dollars"":""0.4900"",""taker_side"":""yes"",""ticker"":""KXBTC15M-26APR280815-15"",""trade_id"":""84d9b6a0-5901-4640-8204-0d848d12be45"",""yes_price_dollars"":""0.5100""}"
KXBTC15M-26APR280815-15,06d762d9-0599-67f8-e85c-7b7c80962a1d,1777377637,0.51,47.65,yes,"{""count_fp"":""47.65"",""created_time"":""2026-04-28T12:00:37.455183Z"",""no_price_dollars"":""0.4900"",""taker_side"":""yes"",""ticker"":""KXBTC15M-26APR280815-15"",""trade_id"":""06d762d9-0599-67f8-e85c-7b7c80962a1d"",""yes_price_dollars"":""0.5100""}"
KXBTC15M-26APR280815-15,042952dc-9d3f-6d52-d425-9157e9d8664b,1777377637,0.51,35.35,yes,"{""count_fp"":""35.35"",""created_time"":""2026-04-28T12:00:37.455183Z"",""no_price_dollars"":""0.4900"",""taker_side"":""yes"",""ticker"":""KXBTC15M-26APR280815-15"",""trade_id"":""042952dc-9d3f-6d52-d425-9157e9d8664b"",""yes_price_dollars"":""0.5100""}"
KXBTC15M-26APR280815-15,9c4ac538-a613-4563-26ed-40208d4ed690,1777377638,0.49,7.0,yes,"{""count_fp"":""7.00"",""created_time"":""2026-04-28T12:00:38.506969Z"",""no_price_dollars"":""0.5100"",""taker_side"":""yes"",""ticker"":""KXBTC15M-26APR280815-15"",""trade_id"":""9c4ac538-a613-4563-26ed-40208d4ed690"",""yes_price_dollars"":""0.4900""}"
KXBTC15M-26APR280815-15,3e96df85-55d3-57af-0b0f-e7ae92c1f180,1777377638,0.49,1.48,yes,"{""count_fp"":""1.48"",""created_time"":""2026-04-28T12:00:38.380378Z"",""no_price_dollars"":""0.5100"",""taker_side"":""yes"",""ticker"":""KXBTC15M-26APR280815-15"",""trade_id"":""3e96df85-55d3-57af-0b0f-e7ae92c1f180"",""yes_price_dollars"":""0.4900""}"
KXBTC15M-26APR280815-15,84d69ebf-d53a-4488-7732-676c7d24141a,1777377638,0.49,30.0,no,"{""count_fp"":""30.00"",""created_time"":""2026-04-28T12:00:38.307307Z"",""no_price_dollars"":""0.5100"",""taker_side"":""no"",""ticker"":""KXBTC15M-26APR280815-15"",""trade_id"":""84d69ebf-d53a-4488-7732-676c7d24141a"",""yes_price_dollars"":""0.4900""}"
KXBTC15M-26APR280815-15,23564477-c231-4e9a-5ae9-11afcbf117d0,1777377638,0.5,0.61,no,"{""count_fp"":""0.61"",""created_time"":""2026-04-28T12:00:38.307307Z"",""no_price_dollars"":""0.5000"",""taker_side"":""no"",""ticker"":""KXBTC15M-26APR280815-15"",""trade_id"":""23564477-c231-4e9a-5ae9-11afcbf117d0"",""yes_price_dollars"":""0.5000""}"
KXBTC15M-26APR280815-15,29cdf750-a421-43ec-f3d8-3baf7ef0ce85,1777377639,0.48,19.0,yes,"{""count_fp"":""19.00"",""created_time"":""2026-04-28T12:00:39.756714Z"",""no_price_dollars"":""0.5200"",""taker_side"":""yes"",""ticker"":""KXBTC15M-26APR280815-15"",""trade_id"":""29cdf750-a421-43ec-f3d8-3baf7ef0ce85"",""yes_price_dollars"":""0.4800""}"
KXBTC15M-26APR280815-15,62b314cb-c212-7556-910b-22c1aacf4cca,1777377639,0.47,2.0,no,"{""count_fp"":""2.00"",""created_time"":""2026-04-28T12:00:39.681249Z"",""no_price_dollars"":""0.5300"",""taker_side"":""no"",""ticker"":""KXBTC15M-26APR280815-15"",""trade_id"":""62b314cb-c212-7556-910b-22c1aacf4cca"",""yes_price_dollars"":""0.4700""}"
KXBTC15M-26APR280815-15,a29fef58-ee52-7b04-1cd9-31bae18b12c6,1777377639,0.47,2.0,no,"{""count_fp"":""2.00"",""created_time"":""2026-04-28T12:00:39.452873Z"",""no_price_dollars"":""0.5300"",""taker_side"":""no"",""ticker"":""KXBTC15M-26APR280815-15"",""trade_id"":""a29fef58-ee52-7b04-1cd9-31bae18b12c6"",""yes_price_dollars"":""0.4700""}"
KXBTC15M-26APR280815-15,f45023a4-8028-457b-6acd-45d3a8776f75,1777377639,0.47,50.0,no,"{""count_fp"":""50.00"",""created_time"":""2026-04-28T12:00:39.399544Z"",""no_price_dollars"":""0.5300"",""taker_side"":""no"",""ticker"":""KXBTC15M-26APR280815-15"",""trade_id"":""f45023a4-8028-457b-6acd-45d3a8776f75"",""yes_price_dollars"":""0.4700""}"
KXBTC15M-26APR280815-15,d329808d-e83c-406d-729e-9e54366fc334,1777377639,0.47,149.74,no,"{""count_fp"":""149.74"",""created_time"":""2026-04-28T12:00:39.399544Z"",""no_price_dollars"":""0.5300"",""taker_side"":""no"",""ticker"":""KXBTC15M-26APR280815-15"",""trade_id"":""d329808d-e83c-406d-729e-9e54366fc334"",""yes_price_dollars"":""0.4700""}"
KXBTC15M-26APR280815-15,bb495a31-b94d-41c4-6093-50a54ff8624e,1777377639,0.47,2.0,no,"{""count_fp"":""2.00"",""created_time"":""2026-04-28T12:00:39.399544Z"",""no_price_dollars"":""0.5300"",""taker_side"":""no"",""ticker"":""KXBTC15M-26APR280815-15"",""trade_id"":""bb495a31-b94d-41c4-6093-50a54ff8624e"",""yes_price_dollars"":""0.4700""}"
KXBTC15M-26APR280815-15,b671d881-73f2-40d3-43e5-4c2a42e4a24f,1777377639,0.47,15.0,no,"{""count_fp"":""15.00"",""created_time"":""2026-04-28T12:00:39.399544Z"",""no_price_dollars"":""0.5300"",""taker_side"":""no"",""ticker"":""KXBTC15M-26APR280815-15"",""trade_id"":""b671d881-73f2-40d3-43e5-4c2a42e4a24f"",""yes_price_dollars"":""0.4700""}"
KXBTC15M-26APR280815-15,b15d181a-4938-4ce5-5e94-5f60da6da0ee,1777377639,0.48,26.0,no,"{""count_fp"":""26.00"",""created_time"":""2026-04-28T12:00:39.399544Z"",""no_price_dollars"":""0.5200"",""taker_side"":""no"",""ticker"":""KXBTC15M-26APR280815-15"",""trade_id"":""b15d181a-4938-4ce5-5e94-5f60da6da0ee"",""yes_price_dollars"":""0.4800""}"
KXBTC15M-26APR280815-15,9854f323-2011-4479-6d57-7a77d252a8e7,1777377639,0.47,9.11,no,"{""count_fp"":""9.11"",""created_time"":""2026-04-28T12:00:39.399544Z"",""no_price_dollars"":""0.5300"",""taker_side"":""no"",""ticker"":""KXBTC15M-26APR280815-15"",""trade_id"":""9854f323-2011-4479-6d57-7a77d252a8e7"",""yes_price_dollars"":""0.4700""}"
KXBTC15M-26APR280815-15,79620723-0263-472f-68ea-9b5264710b11,1777377639,0.48,32.0,no,"{""count_fp"":""32.00"",""created_time"":""2026-04-28T12:00:39.399544Z"",""no_price_dollars"":""0.5200"",""taker_side"":""no"",""ticker"":""KXBTC15M-26APR280815-15"",""trade_id"":""79620723-0263-472f-68ea-9b5264710b11"",""yes_price_dollars"":""0.4800""}"
KXBTC15M-26APR280815-15,6aef3f06-73fe-48d2-45e8-dd97bd9527a9,1777377639,0.47,11.0,no,"{""count_fp"":""11.00"",""created_time"":""2026-04-28T12:00:39.399544Z"",""no_price_dollars"":""0.5300"",""taker_side"":""no"",""ticker"":""KXBTC15M-26APR280815-15"",""trade_id"":""6aef3f06-73fe-48d2-45e8-dd97bd9527a9"",""yes_price_dollars"":""0.4700""}"
KXBTC15M-26APR280815-15,5c75b4a6-84a1-41f4-4de6-74ce068d669f,1777377639,0.47,3.0,no,"{""count_fp"":""3.00"",""created_time"":""2026-04-28T12:00:39.399544Z"",""no_price_dollars"":""0.5300"",""taker_side"":""no"",""ticker"":""KXBTC15M-26APR280815-15"",""trade_id"":""5c75b4a6-84a1-41f4-4de6-74ce068d669f"",""yes_price_dollars"":""0.4700""}"
KXBTC15M-26APR280815-15,33b0e146-d190-449e-7901-e6dbd53b54d1,1777377639,0.47,40.0,no,"{""count_fp"":""40.00"",""created_time"":""2026-04-28T12:00:39.399544Z"",""no_price_dollars"":""0.5300"",""taker_side"":""no"",""ticker"":""KXBTC15M-26APR280815-15"",""trade_id"":""33b0e146-d190-449e-7901-e6dbd53b54d1"",""yes_price_dollars"":""0.4700""}"
KXBTC15M-26APR280815-15,25b9fc90-e7f0-4de2-5afc-47ce47527a26,1777377639,0.48,32.0,no,"{""count_fp"":""32.00"",""created_time"":""2026-04-28T12:00:39.399544Z"",""no_price_dollars"":""0.5200"",""taker_side"":""no"",""ticker"":""KXBTC15M-26APR280815-15"",""trade_id"":""25b9fc90-e7f0-4de2-5afc-47ce47527a26"",""yes_price_dollars"":""0.4800""}"
KXBTC15M-26APR280815-15,11d52eb7-f55a-4e06-45f2-db4d69484498,1777377639,0.47,3.0,no,"{""count_fp"":""3.00"",""created_time"":""2026-04-28T12:00:39.399544Z"",""no_price_dollars"":""0.5300"",""taker_side"":""no"",""ticker"":""KXBTC15M-26APR280815-15"",""trade_id"":""11d52eb7-f55a-4e06-45f2-db4d69484498"",""yes_price_dollars"":""0.4700""}"
KXBTC15M-26APR280815-15,10a000fa-ad51-4d0c-47e6-0618658bf6af,1777377639,0.47,10.0,no,"{""count_fp"":""10.00"",""created_time"":""2026-04-28T12:00:39.399544Z"",""no_price_dollars"":""0.5300"",""taker_side"":""no"",""ticker"":""KXBTC15M-26APR280815-15"",""trade_id"":""10a000fa-ad51-4d0c-47e6-0618658bf6af"",""yes_price_dollars"":""0.4700""}"
KXBTC15M-26APR280815-15,6e721bc5-d83b-4a07-c4da-09124d4fc0bc,1777377639,0.49,3.72,yes,"{""count_fp"":""3.72"",""created_time"":""2026-04-28T12:00:39.018858Z"",""no_price_dollars"":""0.5100"",""taker_side"":""yes"",""ticker"":""KXBTC15M-26APR280815-15"",""trade_id"":""6e721bc5-d83b-4a07-c4da-09124d4fc0bc"",""yes_price_dollars"":""0.4900""}"
KXBTC15M-26APR280815-15,70c39298-92da-6449-4919-c2afa8bb2f65,1777377640,0.47,8.0,yes,"{""count_fp"":""8.00"",""created_time"":""2026-04-28T12:00:40.409404Z"",""no_price_dollars"":""0.5300"",""taker_side"":""yes"",""ticker"":""KXBTC15M-26APR280815-15"",""trade_id"":""70c39298-92da-6449-4919-c2afa8bb2f65"",""yes_price_dollars"":""0.4700""}"
KXBTC15M-26APR280815-15,c1314b15-5abe-45c6-2afb-d8677b726068,1777377641,0.46,24.11,no,"{""count_fp"":""24.11"",""created_time"":""2026-04-28T12:00:41.257644Z"",""no_price_dollars"":""0.5400"",""taker_side"":""no"",""ticker"":""KXBTC15M-26APR280815-15"",""trade_id"":""c1314b15-5abe-45c6-2afb-d8677b726068"",""yes_price_dollars"":""0.4600""}"
KXBTC15M-26APR280815-15,6007954b-8b9f-4564-139f-db961f9f628c,1777377641,0.46,1.0,no,"{""count_fp"":""1.00"",""created_time"":""2026-04-28T12:00:41.257644Z"",""no_price_dollars"":""0.5400"",""taker_side"":""no"",""ticker"":""KXBTC15M-26APR280815-15"",""trade_id"":""6007954b-8b9f-4564-139f-db961f9f628c"",""yes_price_dollars"":""0.4600""}"
KXBTC15M-26APR280815-15,9e909794-bdb2-7f26-d68e-3177bb75a6c4,1777377642,0.46,16.13,no,"{""count_fp"":""16.13"",""created_time"":""2026-04-28T12:00:42.933423Z"",""no_price_dollars"":""0.5400"",""taker_side"":""no"",""ticker"":""KXBTC15M-26APR280815-15"",""trade_id"":""9e909794-bdb2-7f26-d68e-3177bb75a6c4"",""yes_price_dollars"":""0.4600""}"
KXBTC15M-26APR280815-15,7eed9ad0-c7b3-7145-c318-ea169ce09d00,1777377642,0.46,14.36,no,"{""count_fp"":""14.36"",""created_time"":""2026-04-28T12:00:42.933423Z"",""no_price_dollars"":""0.5400"",""taker_side"":""no"",""ticker"":""KXBTC15M-26APR280815-15"",""trade_id"":""7eed9ad0-c7b3-7145-c318-ea169ce09d00"",""yes_price_dollars"":""0.4600""}"
KXBTC15M-26APR280815-15,e45f92e8-7f6e-41ba-8471-d658fc936f74,1777377642,0.46,8.0,no,"{""count_fp"":""8.00"",""created_time"":""2026-04-28T12:00:42.843538Z"",""no_price_dollars"":""0.5400"",""taker_side"":""no"",""ticker"":""KXBTC15M-26APR280815-15"",""trade_id"":""e45f92e8-7f6e-41ba-8471-d658fc936f74"",""yes_price_dollars"":""0.4600""}"
KXBTC15M-26APR280815-15,82b6b4eb-9a32-4c96-5e29-ba95bfa387f4,1777377642,0.46,71.76,no,"{""count_fp"":""71.76"",""created_time"":""2026-04-28T12:00:42.352361Z"",""no_price_dollars"":""0.5400"",""taker_side"":""no"",""ticker"":""KXBTC15M-26APR280815-15"",""trade_id"":""82b6b4eb-9a32-4c96-5e29-ba95bfa387f4"",""yes_price_dollars"":""0.4600""}"
KXBTC15M-26APR280815-15,a4dd54df-0e1d-409b-606d-92524ac69353,1777377643,0.52,1.0,yes,"{""count_fp"":""1.00"",""created_time"":""2026-04-28T12:00:43.969879Z"",""no_price_dollars"":""0.4800"",""taker_side"":""yes"",""ticker"":""KXBTC15M-26APR280815-15"",""trade_id"":""a4dd54df-0e1d-409b-606d-92524ac69353"",""yes_price_dollars"":""0.5200""}"
KXBTC15M-26APR280815-15,c0f42d32-87fb-4a77-e1b3-7322377a94b8,1777377643,0.51,13.0,no,"{""count_fp"":""13.00"",""created_time"":""2026-04-28T12:00:43.693227Z"",""no_price_dollars"":""0.4900"",""taker_side"":""no"",""ticker"":""KXBTC15M-26APR280815-15"",""trade_id"":""c0f42d32-87fb-4a77-e1b3-7322377a94b8"",""yes_price_dollars"":""0.5100""}"
KXBTC15M-26APR280815-15,467cf3e3-b8f0-7d44-9a95-bb05bf11a67c,1777377643,0.51,1.0,yes,"{""count_fp"":""1.00"",""created_time"":""2026-04-28T12:00:43.553652Z"",""no_price_dollars"":""0.4900"",""taker_side"":""yes"",""ticker"":""KXBTC15M-26APR280815-15"",""trade_id"":""467cf3e3-b8f0-7d44-9a95-bb05bf11a67c"",""yes_price_dollars"":""0.5100""}"
KXBTC15M-26APR280815-15,f4065beb-5ab6-4e86-dec4-7015b2b24c06,1777377643,0.5,19.0,yes,"{""count_fp"":""19.00"",""created_time"":""2026-04-28T12:00:43.530598Z"",""no_price_dollars"":""0.5000"",""taker_side"":""yes"",""ticker"":""KXBTC15M-26APR280815-15"",""trade_id"":""f4065beb-5ab6-4e86-dec4-7015b2b24c06"",""yes_price_dollars"":""0.5000""}"
KXBTC15M-26APR280815-15,70386597-dd78-4c8d-cfed-515d4f7d8189,1777377643,0.5,13.27,yes,"{""count_fp"":""13.27"",""created_time"":""2026-04-28T12:00:43.530598Z"",""no_price_dollars"":""0.5000"",""taker_side"":""yes"",""ticker"":""KXBTC15M-26APR280815-15"",""trade_id"":""70386597-dd78-4c8d-cfed-515d4f7d8189"",""yes_price_dollars"":""0.5000""}"
KXBTC15M-26APR280815-15,5bbcb178-7689-4ae4-de83-10dd168dca1d,1777377643,0.5,479.48,yes,"{""count_fp"":""479.48"",""created_time"":""2026-04-28T12:00:43.530598Z"",""no_price_dollars"":""0.5000"",""taker_side"":""yes"",""ticker"":""KXBTC15M-26APR280815-15"",""trade_id"":""5bbcb178-7689-4ae4-de83-10dd168dca1d"",""yes_price_dollars"":""0.5000""}"
KXBTC15M-26APR280815-15,02960a08-2d04-4760-fa26-a841c3ec6887,1777377643,0.5,3.0,yes,"{""count_fp"":""3.00"",""created_time"":""2026-04-28T12:00:43.530598Z"",""no_price_dollars"":""0.5000"",""taker_side"":""yes"",""ticker"":""KXBTC15M-26APR280815-15"",""trade_id"":""02960a08-2d04-4760-fa26-a841c3ec6887"",""yes_price_dollars"":""0.5000""}"
KXBTC15M-26APR280815-15,a416097b-a401-462a-e427-3b084835e9b7,1777377643,0.49,16.14,no,"{""count_fp"":""16.14"",""created_time"":""2026-04-28T12:00:43.111073Z"",""no_price_dollars"":""0.5100"",""taker_side"":""no"",""ticker"":""KXBTC15M-26APR280815-15"",""trade_id"":""a416097b-a401-462a-e427-3b084835e9b7"",""yes_price_dollars"":""0.4900""}"
KXBTC15M-26APR280815-15,f9e61c9d-e8d1-4fe0-f24d-db283e7c0211,1777377643,0.48,20.52,yes,"{""count_fp"":""20.52"",""created_time"":""2026-04-28T12:00:43.007255Z"",""no_price_dollars"":""0.5200"",""taker_side"":""yes"",""ticker"":""KXBTC15M-26APR280815-15"",""trade_id"":""f9e61c9d-e8d1-4fe0-f24d-db283e7c0211"",""yes_price_dollars"":""0.4800""}"
KXBTC15M-26APR280815-15,539c66a6-b0d9-433a-ff98-5aa071b79935,1777377643,0.48,3.16,yes,"{""count_fp"":""3.16"",""created_time"":""2026-04-28T12:00:43.007255Z"",""no_price_dollars"":""0.5200"",""taker_side"":""yes"",""ticker"":""KXBTC15M-26APR280815-15"",""trade_id"":""539c66a6-b0d9-433a-ff98-5aa071b79935"",""yes_price_dollars"":""0.4800""}"
KXBTC15M-26APR280815-15,7be5b1b4-f0d6-7bfd-8bfd-6269437797c5,1777377643,0.47,2.0,yes,"{""count_fp"":""2.00"",""created_time"":""2026-04-28T12:00:43.006266Z"",""no_price_dollars"":""0.5300"",""taker_side"":""yes"",""ticker"":""KXBTC15M-26APR280815-15"",""trade_id"":""7be5b1b4-f0d6-7bfd-8bfd-6269437797c5"",""yes_price_dollars"":""0.4700""}"
KXBTC15M-26APR280815-15,47a82530-0a69-7627-8cbe-a0512e78e4e7,1777377643,0.48,13.0,yes,"{""count_fp"":""13.00"",""created_time"":""2026-04-28T12:00:43.006266Z"",""no_price_dollars"":""0.5200"",""taker_side"":""yes"",""ticker"":""KXBTC15M-26APR280815-15"",""trade_id"":""47a82530-0a69-7627-8cbe-a0512e78e4e7"",""yes_price_dollars"":""0.4800""}"
KXBTC15M-26APR280815-15,23fcfe8d-c7e1-79ca-ae6d-71574fbc70c9,1777377643,0.48,27.84,yes,"{""count_fp"":""27.84"",""created_time"":""2026-04-28T12:00:43.006266Z"",""no_price_dollars"":""0.5200"",""taker_side"":""yes"",""ticker"":""KXBTC15M-26APR280815-15"",""trade_id"":""23fcfe8d-c7e1-79ca-ae6d-71574fbc70c9"",""yes_price_dollars"":""0.4800""}"
KXBTC15M-26APR280815-15,0a813df6-775f-5944-eb84-2b530a7fa863,1777377644,0.51,9.66,no,"{""count_fp"":""9.66"",""created_time"":""2026-04-28T12:00:44.945176Z"",""no_price_dollars"":""0.4900"",""taker_side"":""no"",""ticker"":""KXBTC15M-26APR280815-15"",""trade_id"":""0a813df6-775f-5944-eb84-2b530a7fa863"",""yes_price_dollars"":""0.5100""}"
KXBTC15M-26APR280815-15,b5c5ccc3-856b-5619-5072-ada4eb5b1dbd,1777377644,0.51,9.85,no,"{""count_fp"":""9.85"",""created_time"":""2026-04-28T12:00:44.857911Z"",""no_price_dollars"":""0.4900"",""taker_side"":""no"",""ticker"":""KXBTC15M-26APR280815-15"",""trade_id"":""b5c5ccc3-856b-5619-5072-ada4eb5b1dbd"",""yes_price_dollars"":""0.5100""}"
KXBTC15M-26APR280815-15,f8cae252-9a08-784f-0f26-14472b9a181c,1777377644,0.51,40.0,no,"{""count_fp"":""40.00"",""created_time"":""2026-04-28T12:00:44.129394Z"",""no_price_dollars"":""0.4900"",""taker_side"":""no"",""ticker"":""KXBTC15M-26APR280815-15"",""trade_id"":""f8cae252-9a08-784f-0f26-14472b9a181c"",""yes_price_dollars"":""0.5100""}"
KXBTC15M-26APR280815-15,778f7148-3d95-7a9e-0b62-db415130aa0a,1777377644,0.5,40.0,no,"{""count_fp"":""40.00"",""created_time"":""2026-04-28T12:00:44.129394Z"",""no_price_dollars"":""0.5000"",""taker_side"":""no"",""ticker"":""KXBTC15M-26APR280815-15"",""trade_id"":""778f7148-3d95-7a9e-0b62-db415130aa0a"",""yes_price_dollars"":""0.5000""}"
KXBTC15M-26APR280815-15,4f7a5cbf-2cc3-7c01-12ac-0483fc01ea9c,1777377644,0.5,0.73,no,"{""count_fp"":""0.73"",""created_time"":""2026-04-28T12:00:44.129394Z"",""no_price_dollars"":""0.5000"",""taker_side"":""no"",""ticker"":""KXBTC15M-26APR280815-15"",""trade_id"":""4f7a5cbf-2cc3-7c01-12ac-0483fc01ea9c"",""yes_price_dollars"":""0.5000""}"
KXBTC15M-26APR280815-15,3b1972e3-a95b-7183-c86d-5aeb9cff5ae3,1777377645,0.51,1.86,yes,"{""count_fp"":""1.86"",""created_time"":""2026-04-28T12:00:45.901088Z"",""no_price_dollars"":""0.4900"",""taker_side"":""yes"",""ticker"":""KXBTC15M-26APR280815-15"",""trade_id"":""3b1972e3-a95b-7183-c86d-5aeb9cff5ae3"",""yes_price_dollars"":""0.5100""}"
KXBTC15M-26APR280815-15,f091e112-f040-5d1a-04dc-8a7d3f28b66e,1777377645,0.51,8.68,no,"{""count_fp"":""8.68"",""created_time"":""2026-04-28T12:00:45.826736Z"",""no_price_dollars"":""0.4900"",""taker_side"":""no"",""ticker"":""KXBTC15M-26APR280815-15"",""trade_id"":""f091e112-f040-5d1a-04dc-8a7d3f28b66e"",""yes_price_dollars"":""0.5100""}"
KXBTC15M-26APR280815-15,d20808fc-b2bf-5f03-25f6-d8167976550e,1777377645,0.49,81.3,no,"{""count_fp"":""81.30"",""created_time"":""2026-04-28T12:00:45.826736Z"",""no_price_dollars"":""0.5100"",""taker_side"":""no"",""ticker"":""KXBTC15M-26APR280815-15"",""trade_id"":""d20808fc-b2bf-5f03-25f6-d8167976550e"",""yes_price_dollars"":""0.4900""}"
KXBTC15M-26APR280815-15,cbf98b0c-3b6f-5d37-3d48-f9f1e6b303ac,1777377645,0.5,40.0,no,"{""count_fp"":""40.00"",""created_time"":""2026-04-28T12:00:45.826736Z"",""no_price_dollars"":""0.5000"",""taker_side"":""no"",""ticker"":""KXBTC15M-26APR280815-15"",""trade_id"":""cbf98b0c-3b6f-5d37-3d48-f9f1e6b303ac"",""yes_price_dollars"":""0.5000""}"
KXBTC15M-26APR280815-15,6b880883-c089-5e7a-3bd6-dcb5d4c210bf,1777377645,0.49,23.86,no,"{""count_fp"":""23.86"",""created_time"":""2026-04-28T12:00:45.826736Z"",""no_price_dollars"":""0.5100"",""taker_side"":""no"",""ticker"":""KXBTC15M-26APR280815-15"",""trade_id"":""6b880883-c089-5e7a-3bd6-dcb5d4c210bf"",""yes_price_dollars"":""0.4900""}"
KXBTC15M-26APR280815-15,17e45c84-8d96-5fb0-2377-7e851aba012e,1777377645,0.49,56.0,no,"{""count_fp"":""56.00"",""created_time"":""2026-04-28T12:00:45.826736Z"",""no_price_dollars"":""0.5100"",""taker_side"":""no"",""ticker"":""KXBTC15M-26APR280815-15"",""trade_id"":""17e45c84-8d96-5fb0-2377-7e851aba012e"",""yes_price_dollars"":""0.4900""}"
KXBTC15M-26APR280815-15,177df3f3-dcb4-56a6-154f-2150ca91f7df,1777377645,0.51,20.0,no,"{""count_fp"":""20.00"",""created_time"":""2026-04-28T12:00:45.826736Z"",""no_price_dollars"":""0.4900"",""taker_side"":""no"",""ticker"":""KXBTC15M-26APR280815-15"",""trade_id"":""177df3f3-dcb4-56a6-154f-2150ca91f7df"",""yes_price_dollars"":""0.5100""}"
KXBTC15M-26APR280815-15,989bf329-c347-50dc-a9b6-c1c413ca739f,1777377645,0.51,0.34,no,"{""count_fp"":""0.34"",""created_time"":""2026-04-28T12:00:45.365495Z"",""no_price_dollars"":""0.4900"",""taker_side"":""no"",""ticker"":""KXBTC15M-26APR280815-15"",""trade_id"":""989bf329-c347-50dc-a9b6-c1c413ca739f"",""yes_price_dollars"":""0.5100""}"
KXBTC15M-26APR280815-15,565a9f9f-7914-5ffa-90fe-4613781749b2,1777377645,0.51,0.66,no,"{""count_fp"":""0.66"",""created_time"":""2026-04-28T12:00:45.365495Z"",""no_price_dollars"":""0.4900"",""taker_side"":""no"",""ticker"":""KXBTC15M-26APR280815-15"",""trade_id"":""565a9f9f-7914-5ffa-90fe-4613781749b2"",""yes_price_dollars"":""0.5100""}"
KXBTC15M-26APR280815-15,1c024add-cc09-4e35-40e3-83c81bc0859a,1777377645,0.52,0.94,yes,"{""count_fp"":""0.94"",""created_time"":""2026-04-28T12:00:45.329992Z"",""no_price_dollars"":""0.4800"",""taker_side"":""yes"",""ticker"":""KXBTC15M-26APR280815-15"",""trade_id"":""1c024add-cc09-4e35-40e3-83c81bc0859a"",""yes_price_dollars"":""0.5200""}"
KXBTC15M-26APR280815-15,0520a0cb-73cd-7795-941d-94889f2180ee,1777377645,0.52,2.0,yes,"{""count_fp"":""2.00"",""created_time"":""2026-04-28T12:00:45.150559Z"",""no_price_dollars"":""0.4800"",""taker_side"":""yes"",""ticker"":""KXBTC15M-26APR280815-15"",""trade_id"":""0520a0cb-73cd-7795-941d-94889f2180ee"",""yes_price_dollars"":""0.5200""}"
KXBTC15M-26APR280815-15,8a5d28da-b821-540f-abdf-13896bb1e42b,1777377645,0.52,2.0,yes,"{""count_fp"":""2.00"",""created_time"":""2026-04-28T12:00:45.049568Z"",""no_price_dollars"":""0.4800"",""taker_side"":""yes"",""ticker"":""KXBTC15M-26APR280815-15"",""trade_id"":""8a5d28da-b821-540f-abdf-13896bb1e42b"",""yes_price_dollars"":""0.5200""}"
KXBTC15M-26APR280815-15,09ed041e-1d95-51e1-bc93-6b3a005719f2,1777377645,0.52,6.0,yes,"{""count_fp"":""6.00"",""created_time"":""2026-04-28T12:00:45.049568Z"",""no_price_dollars"":""0.4800"",""taker_side"":""yes"",""ticker"":""KXBTC15M-26APR280815-15"",""trade_id"":""09ed041e-1d95-51e1-bc93-6b3a005719f2"",""yes_price_dollars"":""0.5200""}"
KXBTC15M-26APR280815-15,90559cdc-fa33-5b57-3815-e4979b94035a,1777377646,0.51,5.58,yes,"{""count_fp"":""5.58"",""created_time"":""2026-04-28T12:00:46.855529Z"",""no_price_dollars"":""0.4900"",""taker_side"":""yes"",""ticker"":""KXBTC15M-26APR280815-15"",""trade_id"":""90559cdc-fa33-5b57-3815-e4979b94035a"",""yes_price_dollars"":""0.5100""}"
KXBTC15M-26APR280815-15,88043354-0bba-7912-7f41-2a4649dde17e,1777377646,0.49,2.0,no,"{""count_fp"":""2.00"",""created_time"":""2026-04-28T12:00:46.753062Z"",""no_price_dollars"":""0.5100"",""taker_side"":""no"",""ticker"":""KXBTC15M-26APR280815-15"",""trade_id"":""88043354-0bba-7912-7f41-2a4649dde17e"",""yes_price_dollars"":""0.4900""}"
KXBTC15M-26APR280815-15,b6cc8247-d778-48c1-73cd-52fbb8a60ff8,1777377646,0.52,287.85,yes,"{""count_fp"":""287.85"",""created_time"":""2026-04-28T12:00:46.588298Z"",""no_price_dollars"":""0.4800"",""taker_side"":""yes"",""ticker"":""KXBTC15M-26APR280815-15"",""trade_id"":""b6cc8247-d778-48c1-73cd-52fbb8a60ff8"",""yes_price_dollars"":""0.5200""}"
KXBTC15M-26APR280815-15,f16a657f-c40b-5717-0b32-6ed0b57ad467,1777377646,0.51,38.14,yes,"{""count_fp"":""38.14"",""created_time"":""2026-04-28T12:00:46.569604Z"",""no_price_dollars"":""0.4900"",""taker_side"":""yes"",""ticker"":""KXBTC15M-26APR280815-15"",""trade_id"":""f16a657f-c40b-5717-0b32-6ed0b57ad467"",""yes_price_dollars"":""0.5100""}"
KXBTC15M-26APR280815-15,f13c3dc3-ada4-5ec5-0dee-96becbb8d63e,1777377646,0.5,10.0,yes,"{""count_fp"":""10.00"",""created_time"":""2026-04-28T12:00:46.569604Z"",""no_price_dollars"":""0.5000"",""taker_side"":""yes"",""ticker"":""KXBTC15M-26APR280815-15"",""trade_id"":""f13c3dc3-ada4-5ec5-0dee-96becbb8d63e"",""yes_price_dollars"":""0.5000""}"
KXBTC15M-26APR280815-15,bfd73c53-38d3-5224-0db3-c52449736add,1777377646,0.52,40.0,yes,"{""count_fp"":""40.00"",""created_time"":""2026-04-28T12:00:46.569604Z"",""no_price_dollars"":""0.4800"",""taker_side"":""yes"",""ticker"":""KXBTC15M-26APR280815-15"",""trade_id"":""bfd73c53-38d3-5224-0db3-c52449736add"",""yes_price_dollars"":""0.5200""}"
KXBTC15M-26APR280815-15,b678ba8c-7ced-577f-320a-67affebf920d,1777377646,0.5,12.0,yes,"{""count_fp"":""12.00"",""created_time"":""2026-04-28T12:00:46.569604Z"",""no_price_dollars"":""0.5000"",""taker_side"":""yes"",""ticker"":""KXBTC15M-26APR280815-15"",""trade_id"":""b678ba8c-7ced-577f-320a-67affebf920d"",""yes_price_dollars"":""0.5000""}"
KXBTC15M-26APR280815-15,a9d0bdce-2371-55f3-282a-5c098145485b,1777377646,0.51,14.66,yes,"{""count_fp"":""14.66"",""created_time"":""2026-04-28T12:00:46.569604Z"",""no_price_dollars"":""0.4900"",""taker_side"":""yes"",""ticker"":""KXBTC15M-26APR280815-15"",""trade_id"":""a9d0bdce-2371-55f3-282a-5c098145485b"",""yes_price_dollars"":""0.5100""}"
KXBTC15M-26APR280815-15,a204eacf-4500-5475-369d-430d30dfc1c8,1777377646,0.52,195.7,yes,"{""count_fp"":""195.70"",""created_time"":""2026-04-28T12:00:46.569604Z"",""no_price_dollars"":""0.4800"",""taker_side"":""yes"",""ticker"":""KXBTC15M-26APR280815-15"",""trade_id"":""a204eacf-4500-5475-369d-430d30dfc1c8"",""yes_price_dollars"":""0.5200""}"
KXBTC15M-26APR280815-15,4fdb1e77-c2a5-5118-2fd3-b509fcf3caed,1777377646,0.51,3.0,yes,"{""count_fp"":""3.00"",""created_time"":""2026-04-28T12:00:46.569604Z"",""no_price_dollars"":""0.4900"",""taker_side"":""yes"",""ticker"":""KXBTC15M-26APR280815-15"",""trade_id"":""4fdb1e77-c2a5-5118-2fd3-b509fcf3caed"",""yes_price_dollars"":""0.5100""}"
KXBTC15M-26APR280815-15,24436964-239b-5c0e-3b43-02b4a4cfb869,1777377646,0.5,40.0,yes,"{""count_fp"":""40.00"",""created_time"":""2026-04-28T12:00:46.569604Z"",""no_price_dollars"":""0.5000"",""taker_side"":""yes"",""ticker"":""KXBTC15M-26APR280815-15"",""trade_id"":""24436964-239b-5c0e-3b43-02b4a4cfb869"",""yes_price_dollars"":""0.5000""}"
KXBTC15M-26APR280815-15,db8eca90-0c3c-72ae-9a86-7987d7684e98,1777377646,0.49,3.0,no,"{""count_fp"":""3.00"",""created_time"":""2026-04-28T12:00:46.107703Z"",""no_price_dollars"":""0.5100"",""taker_side"":""no"",""ticker"":""KXBTC15M-26APR280815-15"",""trade_id"":""db8eca90-0c3c-72ae-9a86-7987d7684e98"",""yes_price_dollars"":""0.4900""}"
KXBTC15M-26APR280815-15,b300fc2f-5473-75bf-9548-73bca6fb858c,1777377646,0.48,24.02,no,"{""count_fp"":""24.02"",""created_time"":""2026-04-28T12:00:46.107703Z"",""no_price_dollars"":""0.5200"",""taker_side"":""no"",""ticker"":""KXBTC15M-26APR280815-15"",""trade_id"":""b300fc2f-5473-75bf-9548-73bca6fb858c"",""yes_price_dollars"":""0.4800""}"
KXBTC15M-26APR280815-15,a275fb55-9b64-76e9-8bc4-fc302cd7f83c,1777377646,0.48,400.0,no,"{""count_fp"":""400.00"",""created_time"":""2026-04-28T12:00:46.107703Z"",""no_price_dollars"":""0.5200"",""taker_side"":""no"",""ticker"":""KXBTC15M-26APR280815-15"",""trade_id"":""a275fb55-9b64-76e9-8bc4-fc302cd7f83c"",""yes_price_dollars"":""0.4800""}"
KXBTC15M-26APR280815-15,8f36e935-2675-7213-ac3b-94279950339f,1777377646,0.49,40.0,no,"{""count_fp"":""40.00"",""created_time"":""2026-04-28T12:00:46.107703Z"",""no_price_dollars"":""0.5100"",""taker_side"":""no"",""ticker"":""KXBTC15M-26APR280815-15"",""trade_id"":""8f36e935-2675-7213-ac3b-94279950339f"",""yes_price_dollars"":""0.4900""}"
KXBTC15M-26APR280815-15,7ec3a2a1-7f6f-7466-998a-4dc9b6d62476,1777377646,0.49,17.0,no,"{""count_fp"":""17.00"",""created_time"":""2026-04-28T12:00:46.107703Z"",""no_price_dollars"":""0.5100"",""taker_side"":""no"",""ticker"":""KXBTC15M-26APR280815-15"",""trade_id"":""7ec3a2a1-7f6f-7466-998a-4dc9b6d62476"",""yes_price_dollars"":""0.4900""}"
KXBTC15M-26APR280815-15,7c8125d4-52ff-74db-9f61-d2358d86cc9e,1777377646,0.49,918.74,no,"{""count_fp"":""918.74"",""created_time"":""2026-04-28T12:00:46.107703Z"",""no_price_dollars"":""0.5100"",""taker_side"":""no"",""ticker"":""KXBTC15M-26APR280815-15"",""trade_id"":""7c8125d4-52ff-74db-9f61-d2358d86cc9e"",""yes_price_dollars"":""0.4900""}"
KXBTC15M-26APR280815-15,72b4412a-491d-760f-8680-8e312731546e,1777377646,0.48,1.0,no,"{""count_fp"":""1.00"",""created_time"":""2026-04-28T12:00:46.107703Z"",""no_price_dollars"":""0.5200"",""taker_side"":""no"",""ticker"":""KXBTC15M-26APR280815-15"",""trade_id"":""72b4412a-491d-760f-8680-8e312731546e"",""yes_price_dollars"":""0.4800""}"
KXBTC15M-26APR280815-15,66901d36-0ce3-7dd4-9e6b-67806bd42521,1777377646,0.48,388.68,no,"{""count_fp"":""388.68"",""created_time"":""2026-04-28T12:00:46.107703Z"",""no_price_dollars"":""0.5200"",""taker_side"":""no"",""ticker"":""KXBTC15M-26APR280815-15"",""trade_id"":""66901d36-0ce3-7dd4-9e6b-67806bd42521"",""yes_price_dollars"":""0.4800""}"
KXBTC15M-26APR280815-15,527a4818-7518-7f52-9d24-446c7fefb0e7,1777377646,0.5,0.66,no,"{""count_fp"":""0.66"",""created_time"":""2026-04-28T12:00:46.107703Z"",""no_price_dollars"":""0.5000"",""taker_side"":""no"",""ticker"":""KXBTC15M-26APR280815-15"",""trade_id"":""527a4818-7518-7f52-9d24-446c7fefb0e7"",""yes_price_dollars"":""0.5000""}"
KXBTC15M-26APR280815-15,3d2fcd6a-f22b-764a-96c0-4f45d45f54b0,1777377646,0.48,40.0,no,"{""count_fp"":""40.00"",""created_time"":""2026-04-28T12:00:46.107703Z"",""no_price_dollars"":""0.5200"",""taker_side"":""no"",""ticker"":""KXBTC15M-26APR280815-15"",""trade_id"":""3d2fcd6a-f22b-764a-96c0-4f45d45f54b0"",""yes_price_dollars"":""0.4800""}"
KXBTC15M-26APR280815-15,3a44651b-f937-7e4d-bef7-2596bcb64417,1777377646,0.49,12.0,no,"{""count_fp"":""12.00"",""created_time"":""2026-04-28T12:00:46.107703Z"",""no_price_dollars"":""0.5100"",""taker_side"":""no"",""ticker"":""KXBTC15M-26APR280815-15"",""trade_id"":""3a44651b-f937-7e4d-bef7-2596bcb64417"",""yes_price_dollars"":""0.4900""}"
KXBTC15M-26APR280815-15,f933f5e8-059d-5e64-8dac-132cda042bc7,1777377647,0.5,20.0,no,"{""count_fp"":""20.00"",""created_time"":""2026-04-28T12:00:47.802387Z"",""no_price_dollars"":""0.5000"",""taker_side"":""no"",""ticker"":""KXBTC15M-26APR280815-15"",""trade_id"":""f933f5e8-059d-5e64-8dac-132cda042bc7"",""yes_price_dollars"":""0.5000""}"
KXBTC15M-26APR280815-15,debe8e64-a5f4-57ae-97b4-ae72c476c378,1777377647,0.5,1.76,no,"{""count_fp"":""1.76"",""created_time"":""2026-04-28T12:00:47.802387Z"",""no_price_dollars"":""0.5000"",""taker_side"":""no"",""ticker"":""KXBTC15M-26APR280815-15"",""trade_id"":""debe8e64-a5f4-57ae-97b4-ae72c476c378"",""yes_price_dollars"":""0.5000""}"
KXBTC15M-26APR280815-15,dcfa08cc-59ee-5eb1-b004-39e69e87c856,1777377647,0.48,1.0,no,"{""count_fp"":""1.00"",""created_time"":""2026-04-28T12:00:47.802387Z"",""no_price_dollars"":""0.5200"",""taker_side"":""no"",""ticker"":""KXBTC15M-26APR280815-15"",""trade_id"":""dcfa08cc-59ee-5eb1-b004-39e69e87c856"",""yes_price_dollars"":""0.4800""}"
