ticker,trade_id,ts,yes_price,count,taker_side,raw_json
KXBTC15M-26APR280800-00,20726a3e-facd-47a1-4b63-ac4d8b6eea83,1777376700,0.54,1.0,yes,"{""count_fp"":""1.00"",""created_time"":""2026-04-28T11:45:00.734217Z"",""no_price_dollars"":""0.4600"",""taker_side"":""yes"",""ticker"":""KXBTC15M-26APR280800-00"",""trade_id"":""20726a3e-facd-47a1-4b63-ac4d8b6eea83"",""yes_price_dollars"":""0.5400""}"
KXBTC15M-26APR280800-00,ce012ebb-f656-5a77-0be3-f9c0ca31f895,1777376700,0.5,3.0,yes,"{""count_fp"":""3.00"",""created_time"":""2026-04-28T11:45:00.327492Z"",""no_price_dollars"":""0.5000"",""taker_side"":""yes"",""ticker"":""KXBTC15M-26APR280800-00"",""trade_id"":""ce012ebb-f656-5a77-0be3-f9c0ca31f895"",""yes_price_dollars"":""0.5000""}"
KXBTC15M-26APR280800-00,118c48df-5f42-5a2f-3a47-3c426a3a4389,1777376700,0.5,8.0,yes,"{""count_fp"":""8.00"",""created_time"":""2026-04-28T11:45:00.041771Z"",""no_price_dollars"":""0.5000"",""taker_side"":""yes"",""ticker"":""KXBTC15M-26APR280800-00"",""trade_id"":""118c48df-5f42-5a2f-3a47-3c426a3a4389"",""yes_price_dollars"":""0.5000""}"
KXBTC15M-26APR280800-00,bef4d61b-807f-793b-4411-d67475eb8327,1777376701,0.59,5.0,yes,"{""count_fp"":""5.00"",""created_time"":""2026-04-28T11:45:01.458125Z"",""no_price_dollars"":""0.4100"",""taker_side"":""yes"",""ticker"":""KXBTC15M-26APR280800-00"",""trade_id"":""bef4d61b-807f-793b-4411-d67475eb8327"",""yes_price_dollars"":""0.5900""}"
KXBTC15M-26APR280800-00,9f97b1b7-be6f-77be-4226-c54cb9cd16bf,1777376701,0.56,1.0,yes,"{""count_fp"":""1.00"",""created_time"":""2026-04-28T11:45:01.458125Z"",""no_price_dollars"":""0.4400"",""taker_side"":""yes"",""ticker"":""KXBTC15M-26APR280800-00"",""trade_id"":""9f97b1b7-be6f-77be-4226-c54cb9cd16bf"",""yes_price_dollars"":""0.5600""}"
KXBTC15M-26APR280800-00,9be32aac-8fc3-7d97-6c87-eadb4d037f2e,1777376701,0.58,1.0,yes,"{""count_fp"":""1.00"",""created_time"":""2026-04-28T11:45:01.458125Z"",""no_price_dollars"":""0.4200"",""taker_side"":""yes"",""ticker"":""KXBTC15M-26APR280800-00"",""trade_id"":""9be32aac-8fc3-7d97-6c87-eadb4d037f2e"",""yes_price_dollars"":""0.5800""}"
KXBTC15M-26APR280800-00,8e07356a-7c1a-7499-55ab-4fbce40fe1be,1777376701,0.57,1.0,yes,"{""count_fp"":""1.00"",""created_time"":""2026-04-28T11:45:01.458125Z"",""no_price_dollars"":""0.4300"",""taker_side"":""yes"",""ticker"":""KXBTC15M-26APR280800-00"",""trade_id"":""8e07356a-7c1a-7499-55ab-4fbce40fe1be"",""yes_price_dollars"":""0.5700""}"
KXBTC15M-26APR280800-00,7080a94f-10e9-7ab5-519b-d87f4edf904a,1777376701,0.59,119.0,yes,"{""count_fp"":""119.00"",""created_time"":""2026-04-28T11:45:01.458125Z"",""no_price_dollars"":""0.4100"",""taker_side"":""yes"",""ticker"":""KXBTC15M-26APR280800-00"",""trade_id"":""7080a94f-10e9-7ab5-519b-d87f4edf904a"",""yes_price_dollars"":""0.5900""}"
KXBTC15M-26APR280800-00,57dc58dc-0126-7827-5289-f39413d407d9,1777376701,0.58,1.0,yes,"{""count_fp"":""1.00"",""created_time"":""2026-04-28T11:45:01.458125Z"",""no_price_dollars"":""0.4200"",""taker_side"":""yes"",""ticker"":""KXBTC15M-26APR280800-00"",""trade_id"":""57dc58dc-0126-7827-5289-f39413d407d9"",""yes_price_dollars"":""0.5800""}"
KXBTC15M-26APR280800-00,2d5e6912-c003-7b5f-5743-d1d9a1546d00,1777376701,0.55,1.0,yes,"{""count_fp"":""1.00"",""created_time"":""2026-04-28T11:45:01.458125Z"",""no_price_dollars"":""0.4500"",""taker_side"":""yes"",""ticker"":""KXBTC15M-26APR280800-00"",""trade_id"":""2d5e6912-c003-7b5f-5743-d1d9a1546d00"",""yes_price_dollars"":""0.5500""}"
KXBTC15M-26APR280800-00,5fd00d83-fa35-6dbe-f416-52ab702459aa,1777376702,0.55,1.0,no,"{""count_fp"":""1.00"",""created_time"":""2026-04-28T11:45:02.303364Z"",""no_price_dollars"":""0.4500"",""taker_side"":""no"",""ticker"":""KXBTC15M-26APR280800-00"",""trade_id"":""5fd00d83-fa35-6dbe-f416-52ab702459aa"",""yes_price_dollars"":""0.5500""}"
KXBTC15M-26APR280800-00,bf0fcacc-6cd8-49cf-889b-f0bf4cc081e3,1777376704,0.57,49.42,yes,"{""count_fp"":""49.42"",""created_time"":""2026-04-28T11:45:04.421025Z"",""no_price_dollars"":""0.4300"",""taker_side"":""yes"",""ticker"":""KXBTC15M-26APR280800-00"",""trade_id"":""bf0fcacc-6cd8-49cf-889b-f0bf4cc081e3"",""yes_price_dollars"":""0.5700""}"
KXBTC15M-26APR280800-00,e8d38a26-4d72-6979-11a2-1301910964f5,1777376704,0.58,20.0,no,"{""count_fp"":""20.00"",""created_time"":""2026-04-28T11:45:04.347373Z"",""no_price_dollars"":""0.4200"",""taker_side"":""no"",""ticker"":""KXBTC15M-26APR280800-00"",""trade_id"":""e8d38a26-4d72-6979-11a2-1301910964f5"",""yes_price_dollars"":""0.5800""}"
KXBTC15M-26APR280800-00,16f3c366-d333-52bb-fa16-37245327b073,1777376705,0.56,17.0,yes,"{""count_fp"":""17.00"",""created_time"":""2026-04-28T11:45:05.311263Z"",""no_price_dollars"":""0.4400"",""taker_side"":""yes"",""ticker"":""KXBTC15M-26APR280800-00"",""trade_id"":""16f3c366-d333-52bb-fa16-37245327b073"",""yes_price_dollars"":""0.5600""}"
KXBTC15M-26APR280800-00,d40b762b-39c3-7c57-2f55-bc48fbbc7847,1777376705,0.56,4.0,yes,"{""count_fp"":""4.00"",""created_time"":""2026-04-28T11:45:05.175545Z"",""no_price_dollars"":""0.4400"",""taker_side"":""yes"",""ticker"":""KXBTC15M-26APR280800-00"",""trade_id"":""d40b762b-39c3-7c57-2f55-bc48fbbc7847"",""yes_price_dollars"":""0.5600""}"
KXBTC15M-26APR280800-00,777d0280-6785-70ef-6bc6-283be8b86e49,1777376706,0.56,13.83,yes,"{""count_fp"":""13.83"",""created_time"":""2026-04-28T11:45:06.516785Z"",""no_price_dollars"":""0.4400"",""taker_side"":""yes"",""ticker"":""KXBTC15M-26APR280800-00"",""trade_id"":""777d0280-6785-70ef-6bc6-283be8b86e49"",""yes_price_dollars"":""0.5600""}"
KXBTC15M-26APR280800-00,5dfa5f11-041b-73fd-4a93-c044b9f774b8,1777376706,0.56,36.14,yes,"{""count_fp"":""36.14"",""created_time"":""2026-04-28T11:45:06.516785Z"",""no_price_dollars"":""0.4400"",""taker_side"":""yes"",""ticker"":""KXBTC15M-26APR280800-00"",""trade_id"":""5dfa5f11-041b-73fd-4a93-c044b9f774b8"",""yes_price_dollars"":""0.5600""}"
KXBTC15M-26APR280800-00,3ea7abe1-f20b-7c03-4a9d-898d104e859f,1777376706,0.56,2.0,yes,"{""count_fp"":""2.00"",""created_time"":""2026-04-28T11:45:06.516785Z"",""no_price_dollars"":""0.4400"",""taker_side"":""yes"",""ticker"":""KXBTC15M-26APR280800-00"",""trade_id"":""3ea7abe1-f20b-7c03-4a9d-898d104e859f"",""yes_price_dollars"":""0.5600""}"
KXBTC15M-26APR280800-00,b2ca4ac9-eb39-67fe-43ad-a954faffc342,1777376706,0.55,9.0,no,"{""count_fp"":""9.00"",""created_time"":""2026-04-28T11:45:06.169925Z"",""no_price_dollars"":""0.4500"",""taker_side"":""no"",""ticker"":""KXBTC15M-26APR280800-00"",""trade_id"":""b2ca4ac9-eb39-67fe-43ad-a954faffc342"",""yes_price_dollars"":""0.5500""}"
KXBTC15M-26APR280800-00,2a27a4c6-5ad2-6052-7e50-0595e6af021c,1777376706,0.54,5.84,no,"{""count_fp"":""5.84"",""created_time"":""2026-04-28T11:45:06.169925Z"",""no_price_dollars"":""0.4600"",""taker_side"":""no"",""ticker"":""KXBTC15M-26APR280800-00"",""trade_id"":""2a27a4c6-5ad2-6052-7e50-0595e6af021c"",""yes_price_dollars"":""0.5400""}"
KXBTC15M-26APR280800-00,eae811f1-0cb7-4a95-bd92-3073072c4178,1777376707,0.56,8.0,yes,"{""count_fp"":""8.00"",""created_time"":""2026-04-28T11:45:07.650287Z"",""no_price_dollars"":""0.4400"",""taker_side"":""yes"",""ticker"":""KXBTC15M-26APR280800-00"",""trade_id"":""eae811f1-0cb7-4a95-bd92-3073072c4178"",""yes_price_dollars"":""0.5600""}"
KXBTC15M-26APR280800-00,dee95b48-c03f-6a65-def6-c0b7e4874080,1777376707,0.56,3.0,yes,"{""count_fp"":""3.00"",""created_time"":""2026-04-28T11:45:07.406261Z"",""no_price_dollars"":""0.4400"",""taker_side"":""yes"",""ticker"":""KXBTC15M-26APR280800-00"",""trade_id"":""dee95b48-c03f-6a65-def6-c0b7e4874080"",""yes_price_dollars"":""0.5600""}"
KXBTC15M-26APR280800-00,cd3852bf-c5eb-4cb1-1da7-6061eb48c42b,1777376707,0.56,15.0,yes,"{""count_fp"":""15.00"",""created_time"":""2026-04-28T11:45:07.277121Z"",""no_price_dollars"":""0.4400"",""taker_side"":""yes"",""ticker"":""KXBTC15M-26APR280800-00"",""trade_id"":""cd3852bf-c5eb-4cb1-1da7-6061eb48c42b"",""yes_price_dollars"":""0.5600""}"
KXBTC15M-26APR280800-00,79fdbbcf-ec93-4041-201d-5e5048d74994,1777376707,0.56,4.05,yes,"{""count_fp"":""4.05"",""created_time"":""2026-04-28T11:45:07.277121Z"",""no_price_dollars"":""0.4400"",""taker_side"":""yes"",""ticker"":""KXBTC15M-26APR280800-00"",""trade_id"":""79fdbbcf-ec93-4041-201d-5e5048d74994"",""yes_price_dollars"":""0.5600""}"
KXBTC15M-26APR280800-00,2eb0c67f-123f-6d70-0b14-7a0ff399dbcc,1777376708,0.56,359.0,yes,"{""count_fp"":""359.00"",""created_time"":""2026-04-28T11:45:08.692006Z"",""no_price_dollars"":""0.4400"",""taker_side"":""yes"",""ticker"":""KXBTC15M-26APR280800-00"",""trade_id"":""2eb0c67f-123f-6d70-0b14-7a0ff399dbcc"",""yes_price_dollars"":""0.5600""}"
KXBTC15M-26APR280800-00,b8fba210-293b-7ae9-2aad-5f575f261334,1777376708,0.55,55.49,yes,"{""count_fp"":""55.49"",""created_time"":""2026-04-28T11:45:08.521415Z"",""no_price_dollars"":""0.4500"",""taker_side"":""yes"",""ticker"":""KXBTC15M-26APR280800-00"",""trade_id"":""b8fba210-293b-7ae9-2aad-5f575f261334"",""yes_price_dollars"":""0.5500""}"
KXBTC15M-26APR280800-00,5a2b15a7-047f-7ae4-1979-66f3b88bb627,1777376708,0.55,177.59,yes,"{""count_fp"":""177.59"",""created_time"":""2026-04-28T11:45:08.521415Z"",""no_price_dollars"":""0.4500"",""taker_side"":""yes"",""ticker"":""KXBTC15M-26APR280800-00"",""trade_id"":""5a2b15a7-047f-7ae4-1979-66f3b88bb627"",""yes_price_dollars"":""0.5500""}"
KXBTC15M-26APR280800-00,386b3684-e2e4-7edd-2b27-d4beb5c1eff2,1777376708,0.55,200.0,yes,"{""count_fp"":""200.00"",""created_time"":""2026-04-28T11:45:08.521415Z"",""no_price_dollars"":""0.4500"",""taker_side"":""yes"",""ticker"":""KXBTC15M-26APR280800-00"",""trade_id"":""386b3684-e2e4-7edd-2b27-d4beb5c1eff2"",""yes_price_dollars"":""0.5500""}"
KXBTC15M-26APR280800-00,2d37c26f-4aeb-7325-883d-14b0f9a34864,1777376708,0.55,26.0,yes,"{""count_fp"":""26.00"",""created_time"":""2026-04-28T11:45:08.337818Z"",""no_price_dollars"":""0.4500"",""taker_side"":""yes"",""ticker"":""KXBTC15M-26APR280800-00"",""trade_id"":""2d37c26f-4aeb-7325-883d-14b0f9a34864"",""yes_price_dollars"":""0.5500""}"
KXBTC15M-26APR280800-00,62a479ca-463f-680d-7c67-9d0d7d1f5454,1777376708,0.55,17.32,yes,"{""count_fp"":""17.32"",""created_time"":""2026-04-28T11:45:08.134203Z"",""no_price_dollars"":""0.4500"",""taker_side"":""yes"",""ticker"":""KXBTC15M-26APR280800-00"",""trade_id"":""62a479ca-463f-680d-7c67-9d0d7d1f5454"",""yes_price_dollars"":""0.5500""}"
KXBTC15M-26APR280800-00,71545037-0d45-690f-1314-182139f5cef0,1777376709,0.56,92.18,no,"{""count_fp"":""92.18"",""created_time"":""2026-04-28T11:45:09.006636Z"",""no_price_dollars"":""0.4400"",""taker_side"":""no"",""ticker"":""KXBTC15M-26APR280800-00"",""trade_id"":""71545037-0d45-690f-1314-182139f5cef0"",""yes_price_dollars"":""0.5600""}"
KXBTC15M-26APR280800-00,b095adc7-8849-7233-392c-42867e738e60,1777376710,0.56,40.1,no,"{""count_fp"":""40.10"",""created_time"":""2026-04-28T11:45:10.990831Z"",""no_price_dollars"":""0.4400"",""taker_side"":""no"",""ticker"":""KXBTC15M-26APR280800-00"",""trade_id"":""b095adc7-8849-7233-392c-42867e738e60"",""yes_price_dollars"":""0.5600""}"
KXBTC15M-26APR280800-00,af97fa50-135d-7759-17af-a87d521988d2,1777376710,0.56,0.9,no,"{""count_fp"":""0.90"",""created_time"":""2026-04-28T11:45:10.990831Z"",""no_price_dollars"":""0.4400"",""taker_side"":""no"",""ticker"":""KXBTC15M-26APR280800-00"",""trade_id"":""af97fa50-135d-7759-17af-a87d521988d2"",""yes_price_dollars"":""0.5600""}"
KXBTC15M-26APR280800-00,bd8dbbb9-52cb-4c0a-a84d-1226008ed3ac,1777376710,0.57,2.97,yes,"{""count_fp"":""2.97"",""created_time"":""2026-04-28T11:45:10.879929Z"",""no_price_dollars"":""0.4300"",""taker_side"":""yes"",""ticker"":""KXBTC15M-26APR280800-00"",""trade_id"":""bd8dbbb9-52cb-4c0a-a84d-1226008ed3ac"",""yes_price_dollars"":""0.5700""}"
KXBTC15M-26APR280800-00,57f81d2d-2bc4-4bbe-8dd2-601d81aa5790,1777376710,0.57,6.03,yes,"{""count_fp"":""6.03"",""created_time"":""2026-04-28T11:45:10.879929Z"",""no_price_dollars"":""0.4300"",""taker_side"":""yes"",""ticker"":""KXBTC15M-26APR280800-00"",""trade_id"":""57f81d2d-2bc4-4bbe-8dd2-601d81aa5790"",""yes_price_dollars"":""0.5700""}"
KXBTC15M-26APR280800-00,0aa75b24-b6ff-61fe-a6a4-bc1be6fa7e24,1777376710,0.57,17.03,yes,"{""count_fp"":""17.03"",""created_time"":""2026-04-28T11:45:10.547509Z"",""no_price_dollars"":""0.4300"",""taker_side"":""yes"",""ticker"":""KXBTC15M-26APR280800-00"",""trade_id"":""0aa75b24-b6ff-61fe-a6a4-bc1be6fa7e24"",""yes_price_dollars"":""0.5700""}"
KXBTC15M-26APR280800-00,b3e84be7-57f9-48bb-c997-7731c36da448,1777376710,0.56,8.72,no,"{""count_fp"":""8.72"",""created_time"":""2026-04-28T11:45:10.114971Z"",""no_price_dollars"":""0.4400"",""taker_side"":""no"",""ticker"":""KXBTC15M-26APR280800-00"",""trade_id"":""b3e84be7-57f9-48bb-c997-7731c36da448"",""yes_price_dollars"":""0.5600""}"
KXBTC15M-26APR280800-00,80f1b7f6-0b90-4def-671e-88bbf9554496,1777376711,0.55,25.45,yes,"{""count_fp"":""25.45"",""created_time"":""2026-04-28T11:45:11.903969Z"",""no_price_dollars"":""0.4500"",""taker_side"":""yes"",""ticker"":""KXBTC15M-26APR280800-00"",""trade_id"":""80f1b7f6-0b90-4def-671e-88bbf9554496"",""yes_price_dollars"":""0.5500""}"
KXBTC15M-26APR280800-00,f2be9698-85e1-4f0d-dc2d-71c6ce32ac29,1777376711,0.55,3.0,yes,"{""count_fp"":""3.00"",""created_time"":""2026-04-28T11:45:11.561945Z"",""no_price_dollars"":""0.4500"",""taker_side"":""yes"",""ticker"":""KXBTC15M-26APR280800-00"",""trade_id"":""f2be9698-85e1-4f0d-dc2d-71c6ce32ac29"",""yes_price_dollars"":""0.5500""}"
KXBTC15M-26APR280800-00,838fcca1-9678-440f-fddd-5ba1aa817bbe,1777376711,0.55,82.15,yes,"{""count_fp"":""82.15"",""created_time"":""2026-04-28T11:45:11.561945Z"",""no_price_dollars"":""0.4500"",""taker_side"":""yes"",""ticker"":""KXBTC15M-26APR280800-00"",""trade_id"":""838fcca1-9678-440f-fddd-5ba1aa817bbe"",""yes_price_dollars"":""0.5500""}"
KXBTC15M-26APR280800-00,be975924-3b5d-7ce5-e60e-67d5d448ff76,1777376711,0.56,29.1,no,"{""count_fp"":""29.10"",""created_time"":""2026-04-28T11:45:11.061558Z"",""no_price_dollars"":""0.4400"",""taker_side"":""no"",""ticker"":""KXBTC15M-26APR280800-00"",""trade_id"":""be975924-3b5d-7ce5-e60e-67d5d448ff76"",""yes_price_dollars"":""0.5600""}"
KXBTC15M-26APR280800-00,c2bae6fe-a9e8-77fb-0d88-01f7782b739c,1777376712,0.59,20.0,no,"{""count_fp"":""20.00"",""created_time"":""2026-04-28T11:45:12.616316Z"",""no_price_dollars"":""0.4100"",""taker_side"":""no"",""ticker"":""KXBTC15M-26APR280800-00"",""trade_id"":""c2bae6fe-a9e8-77fb-0d88-01f7782b739c"",""yes_price_dollars"":""0.5900""}"
KXBTC15M-26APR280800-00,fef250fd-934d-55f4-c097-a691e28df723,1777376712,0.54,416.0,no,"{""count_fp"":""416.00"",""created_time"":""2026-04-28T11:45:12.443237Z"",""no_price_dollars"":""0.4600"",""taker_side"":""no"",""ticker"":""KXBTC15M-26APR280800-00"",""trade_id"":""fef250fd-934d-55f4-c097-a691e28df723"",""yes_price_dollars"":""0.5400""}"
KXBTC15M-26APR280800-00,fd409d07-7d25-5c1a-f350-821cddaa0c6e,1777376712,0.54,10.0,no,"{""count_fp"":""10.00"",""created_time"":""2026-04-28T11:45:12.443237Z"",""no_price_dollars"":""0.4600"",""taker_side"":""no"",""ticker"":""KXBTC15M-26APR280800-00"",""trade_id"":""fd409d07-7d25-5c1a-f350-821cddaa0c6e"",""yes_price_dollars"":""0.5400""}"
KXBTC15M-26APR280800-00,f53d00cd-24bd-5bfa-cc5c-d110dfe2df3a,1777376712,0.54,15.0,no,"{""count_fp"":""15.00"",""created_time"":""2026-04-28T11:45:12.443237Z"",""no_price_dollars"":""0.4600"",""taker_side"":""no"",""ticker"":""KXBTC15M-26APR280800-00"",""trade_id"":""f53d00cd-24bd-5bfa-cc5c-d110dfe2df3a"",""yes_price_dollars"":""0.5400""}"
KXBTC15M-26APR280800-00,eb7dc1a9-45f7-5353-cf49-a388d78b6010,1777376712,0.54,40.0,no,"{""count_fp"":""40.00"",""created_time"":""2026-04-28T11:45:12.443237Z"",""no_price_dollars"":""0.4600"",""taker_side"":""no"",""ticker"":""KXBTC15M-26APR280800-00"",""trade_id"":""eb7dc1a9-45f7-5353-cf49-a388d78b6010"",""yes_price_dollars"":""0.5400""}"
KXBTC15M-26APR280800-00,ced73ea6-f63e-540a-e454-3e61e21a390a,1777376712,0.55,40.0,no,"{""count_fp"":""40.00"",""created_time"":""2026-04-28T11:45:12.443237Z"",""no_price_dollars"":""0.4500"",""taker_side"":""no"",""ticker"":""KXBTC15M-26APR280800-00"",""trade_id"":""ced73ea6-f63e-540a-e454-3e61e21a390a"",""yes_price_dollars"":""0.5500""}"
KXBTC15M-26APR280800-00,bc4c7487-bea6-5061-e2d1-2222d77f659e,1777376712,0.54,3.0,no,"{""count_fp"":""3.00"",""created_time"":""2026-04-28T11:45:12.443237Z"",""no_price_dollars"":""0.4600"",""taker_side"":""no"",""ticker"":""KXBTC15M-26APR280800-00"",""trade_id"":""bc4c7487-bea6-5061-e2d1-2222d77f659e"",""yes_price_dollars"":""0.5400""}"
KXBTC15M-26APR280800-00,b923400b-1444-51d1-dfa0-389fedb4c9db,1777376712,0.54,5.0,no,"{""count_fp"":""5.00"",""created_time"":""2026-04-28T11:45:12.443237Z"",""no_price_dollars"":""0.4600"",""taker_side"":""no"",""ticker"":""KXBTC15M-26APR280800-00"",""trade_id"":""b923400b-1444-51d1-dfa0-389fedb4c9db"",""yes_price_dollars"":""0.5400""}"
KXBTC15M-26APR280800-00,b5ca6ecc-4aa3-5792-ee0a-584d8b194a73,1777376712,0.54,40.0,no,"{""count_fp"":""40.00"",""created_time"":""2026-04-28T11:45:12.443237Z"",""no_price_dollars"":""0.4600"",""taker_side"":""no"",""ticker"":""KXBTC15M-26APR280800-00"",""trade_id"":""b5ca6ecc-4aa3-5792-ee0a-584d8b194a73"",""yes_price_dollars"":""0.5400""}"
KXBTC15M-26APR280800-00,5097b968-f225-5775-e2e6-1eddc1a72a6b,1777376712,0.54,400.0,no,"{""count_fp"":""400.00"",""created_time"":""2026-04-28T11:45:12.443237Z"",""no_price_dollars"":""0.4600"",""taker_side"":""no"",""ticker"":""KXBTC15M-26APR280800-00"",""trade_id"":""5097b968-f225-5775-e2e6-1eddc1a72a6b"",""yes_price_dollars"":""0.5400""}"
KXBTC15M-26APR280800-00,366e0d53-2a23-526a-cdd0-69b476bc6b79,1777376712,0.54,5.58,no,"{""count_fp"":""5.58"",""created_time"":""2026-04-28T11:45:12.443237Z"",""no_price_dollars"":""0.4600"",""taker_side"":""no"",""ticker"":""KXBTC15M-26APR280800-00"",""trade_id"":""366e0d53-2a23-526a-cdd0-69b476bc6b79"",""yes_price_dollars"":""0.5400""}"
KXBTC15M-26APR280800-00,fa9931e8-5614-460f-84e0-4c99fbc27091,1777376712,0.61,40.0,yes,"{""count_fp"":""40.00"",""created_time"":""2026-04-28T11:45:12.426222Z"",""no_price_dollars"":""0.3900"",""taker_side"":""yes"",""ticker"":""KXBTC15M-26APR280800-00"",""trade_id"":""fa9931e8-5614-460f-84e0-4c99fbc27091"",""yes_price_dollars"":""0.6100""}"
KXBTC15M-26APR280800-00,f205061d-a49c-4d8a-ae34-f6c2363a7e50,1777376712,0.57,49.97,yes,"{""count_fp"":""49.97"",""created_time"":""2026-04-28T11:45:12.426222Z"",""no_price_dollars"":""0.4300"",""taker_side"":""yes"",""ticker"":""KXBTC15M-26APR280800-00"",""trade_id"":""f205061d-a49c-4d8a-ae34-f6c2363a7e50"",""yes_price_dollars"":""0.5700""}"
KXBTC15M-26APR280800-00,e6cb660f-373e-478a-959a-bf014101c1a9,1777376712,0.6,40.0,yes,"{""count_fp"":""40.00"",""created_time"":""2026-04-28T11:45:12.426222Z"",""no_price_dollars"":""0.4000"",""taker_side"":""yes"",""ticker"":""KXBTC15M-26APR280800-00"",""trade_id"":""e6cb660f-373e-478a-959a-bf014101c1a9"",""yes_price_dollars"":""0.6000""}"
KXBTC15M-26APR280800-00,e423db10-ebd1-45b7-b9e2-727d2d58aeba,1777376712,0.61,132.0,yes,"{""count_fp"":""132.00"",""created_time"":""2026-04-28T11:45:12.426222Z"",""no_price_dollars"":""0.3900"",""taker_side"":""yes"",""ticker"":""KXBTC15M-26APR280800-00"",""trade_id"":""e423db10-ebd1-45b7-b9e2-727d2d58aeba"",""yes_price_dollars"":""0.6100""}"
KXBTC15M-26APR280800-00,cbf27832-ac94-4bee-be43-24450baa8406,1777376712,0.62,65.0,yes,"{""count_fp"":""65.00"",""created_time"":""2026-04-28T11:45:12.426222Z"",""no_price_dollars"":""0.3800"",""taker_side"":""yes"",""ticker"":""KXBTC15M-26APR280800-00"",""trade_id"":""cbf27832-ac94-4bee-be43-24450baa8406"",""yes_price_dollars"":""0.6200""}"
KXBTC15M-26APR280800-00,c90eb6d6-9d95-4e79-9502-0d6e04da1c3b,1777376712,0.63,40.0,yes,"{""count_fp"":""40.00"",""created_time"":""2026-04-28T11:45:12.426222Z"",""no_price_dollars"":""0.3700"",""taker_side"":""yes"",""ticker"":""KXBTC15M-26APR280800-00"",""trade_id"":""c90eb6d6-9d95-4e79-9502-0d6e04da1c3b"",""yes_price_dollars"":""0.6300""}"
KXBTC15M-26APR280800-00,c555368e-ff89-42d6-8a74-0cf0014e9967,1777376712,0.62,1.0,yes,"{""count_fp"":""1.00"",""created_time"":""2026-04-28T11:45:12.426222Z"",""no_price_dollars"":""0.3800"",""taker_side"":""yes"",""ticker"":""KXBTC15M-26APR280800-00"",""trade_id"":""c555368e-ff89-42d6-8a74-0cf0014e9967"",""yes_price_dollars"":""0.6200""}"
KXBTC15M-26APR280800-00,c3ece4cf-670b-4640-a8fc-76c5617da25b,1777376712,0.58,40.0,yes,"{""count_fp"":""40.00"",""created_time"":""2026-04-28T11:45:12.426222Z"",""no_price_dollars"":""0.4200"",""taker_side"":""yes"",""ticker"":""KXBTC15M-26APR280800-00"",""trade_id"":""c3ece4cf-670b-4640-a8fc-76c5617da25b"",""yes_price_dollars"":""0.5800""}"
KXBTC15M-26APR280800-00,b0b1b72b-41f1-4f6f-a1e8-24d5d9b63adc,1777376712,0.63,139.0,yes,"{""count_fp"":""139.00"",""created_time"":""2026-04-28T11:45:12.426222Z"",""no_price_dollars"":""0.3700"",""taker_side"":""yes"",""ticker"":""KXBTC15M-26APR280800-00"",""trade_id"":""b0b1b72b-41f1-4f6f-a1e8-24d5d9b63adc"",""yes_price_dollars"":""0.6300""}"
KXBTC15M-26APR280800-00,a754d140-62a7-4e73-b7ac-7eb66bffd1d5,1777376712,0.59,25.0,yes,"{""count_fp"":""25.00"",""created_time"":""2026-04-28T11:45:12.426222Z"",""no_price_dollars"":""0.4100"",""taker_side"":""yes"",""ticker"":""KXBTC15M-26APR280800-00"",""trade_id"":""a754d140-62a7-4e73-b7ac-7eb66bffd1d5"",""yes_price_dollars"":""0.5900""}"
KXBTC15M-26APR280800-00,8b88d2dc-eea1-4fe4-b3c2-bccc841d7ac8,1777376712,0.64,139.0,yes,"{""count_fp"":""139.00"",""created_time"":""2026-04-28T11:45:12.426222Z"",""no_price_dollars"":""0.3600"",""taker_side"":""yes"",""ticker"":""KXBTC15M-26APR280800-00"",""trade_id"":""8b88d2dc-eea1-4fe4-b3c2-bccc841d7ac8"",""yes_price_dollars"":""0.6400""}"
KXBTC15M-26APR280800-00,7e3d0412-4581-4792-a621-bc9c03834849,1777376712,0.62,132.0,yes,"{""count_fp"":""132.00"",""created_time"":""2026-04-28T11:45:12.426222Z"",""no_price_dollars"":""0.3800"",""taker_side"":""yes"",""ticker"":""KXBTC15M-26APR280800-00"",""trade_id"":""7e3d0412-4581-4792-a621-bc9c03834849"",""yes_price_dollars"":""0.6200""}"
KXBTC15M-26APR280800-00,7d03eb86-51d3-44ac-be48-cde9fa61c7bf,1777376712,0.59,400.0,yes,"{""count_fp"":""400.00"",""created_time"":""2026-04-28T11:45:12.426222Z"",""no_price_dollars"":""0.4100"",""taker_side"":""yes"",""ticker"":""KXBTC15M-26APR280800-00"",""trade_id"":""7d03eb86-51d3-44ac-be48-cde9fa61c7bf"",""yes_price_dollars"":""0.5900""}"
KXBTC15M-26APR280800-00,6b7a6fc2-fabf-4c19-85f0-edf5a6a0f122,1777376712,0.6,119.0,yes,"{""count_fp"":""119.00"",""created_time"":""2026-04-28T11:45:12.426222Z"",""no_price_dollars"":""0.4000"",""taker_side"":""yes"",""ticker"":""KXBTC15M-26APR280800-00"",""trade_id"":""6b7a6fc2-fabf-4c19-85f0-edf5a6a0f122"",""yes_price_dollars"":""0.6000""}"
KXBTC15M-26APR280800-00,62a4004e-dde3-47a4-9a96-48af4d6c9a95,1777376712,0.64,40.0,yes,"{""count_fp"":""40.00"",""created_time"":""2026-04-28T11:45:12.426222Z"",""no_price_dollars"":""0.3600"",""taker_side"":""yes"",""ticker"":""KXBTC15M-26APR280800-00"",""trade_id"":""62a4004e-dde3-47a4-9a96-48af4d6c9a95"",""yes_price_dollars"":""0.6400""}"
KXBTC15M-26APR280800-00,5234e3aa-76a8-43e3-b356-4f2d4d667c2c,1777376712,0.61,1.0,yes,"{""count_fp"":""1.00"",""created_time"":""2026-04-28T11:45:12.426222Z"",""no_price_dollars"":""0.3900"",""taker_side"":""yes"",""ticker"":""KXBTC15M-26APR280800-00"",""trade_id"":""5234e3aa-76a8-43e3-b356-4f2d4d667c2c"",""yes_price_dollars"":""0.6100""}"
KXBTC15M-26APR280800-00,45702e61-a50d-476f-878a-06e9b8a5a226,1777376712,0.65,52.58,yes,"{""count_fp"":""52.58"",""created_time"":""2026-04-28T11:45:12.426222Z"",""no_price_dollars"":""0.3500"",""taker_side"":""yes"",""ticker"":""KXBTC15M-26APR280800-00"",""trade_id"":""45702e61-a50d-476f-878a-06e9b8a5a226"",""yes_price_dollars"":""0.6500""}"
KXBTC15M-26APR280800-00,40a4181d-8f41-4020-8fab-a73e702eac79,1777376712,0.59,16.0,yes,"{""count_fp"":""16.00"",""created_time"":""2026-04-28T11:45:12.426222Z"",""no_price_dollars"":""0.4100"",""taker_side"":""yes"",""ticker"":""KXBTC15M-26APR280800-00"",""trade_id"":""40a4181d-8f41-4020-8fab-a73e702eac79"",""yes_price_dollars"":""0.5900""}"
KXBTC15M-26APR280800-00,2eb9ada2-f9c9-4d0a-a952-4da19556a748,1777376712,0.58,1.0,yes,"{""count_fp"":""1.00"",""created_time"":""2026-04-28T11:45:12.426222Z"",""no_price_dollars"":""0.4200"",""taker_side"":""yes"",""ticker"":""KXBTC15M-26APR280800-00"",""trade_id"":""2eb9ada2-f9c9-4d0a-a952-4da19556a748"",""yes_price_dollars"":""0.5800""}"
KXBTC15M-26APR280800-00,2bc9535f-acf5-4f8e-a53a-d30966a4e81d,1777376712,0.62,40.0,yes,"{""count_fp"":""40.00"",""created_time"":""2026-04-28T11:45:12.426222Z"",""no_price_dollars"":""0.3800"",""taker_side"":""yes"",""ticker"":""KXBTC15M-26APR280800-00"",""trade_id"":""2bc9535f-acf5-4f8e-a53a-d30966a4e81d"",""yes_price_dollars"":""0.6200""}"
KXBTC15M-26APR280800-00,28746709-5ceb-4041-a3d4-a84bd53a8422,1777376712,0.59,40.0,yes,"{""count_fp"":""40.00"",""created_time"":""2026-04-28T11:45:12.426222Z"",""no_price_dollars"":""0.4100"",""taker_side"":""yes"",""ticker"":""KXBTC15M-26APR280800-00"",""trade_id"":""28746709-5ceb-4041-a3d4-a84bd53a8422"",""yes_price_dollars"":""0.5900""}"
KXBTC15M-26APR280800-00,23e5aa0f-2141-4298-8ef4-13143016a236,1777376712,0.63,1.0,yes,"{""count_fp"":""1.00"",""created_time"":""2026-04-28T11:45:12.426222Z"",""no_price_dollars"":""0.3700"",""taker_side"":""yes"",""ticker"":""KXBTC15M-26APR280800-00"",""trade_id"":""23e5aa0f-2141-4298-8ef4-13143016a236"",""yes_price_dollars"":""0.6300""}"
KXBTC15M-26APR280800-00,1fda91b8-1050-44cc-9fde-0a6e8923d82b,1777376712,0.57,3.0,yes,"{""count_fp"":""3.00"",""created_time"":""2026-04-28T11:45:12.426222Z"",""no_price_dollars"":""0.4300"",""taker_side"":""yes"",""ticker"":""KXBTC15M-26APR280800-00"",""trade_id"":""1fda91b8-1050-44cc-9fde-0a6e8923d82b"",""yes_price_dollars"":""0.5700""}"
KXBTC15M-26APR280800-00,04afa289-fd90-44a7-8dbe-69857ed7093a,1777376712,0.56,7.95,yes,"{""count_fp"":""7.95"",""created_time"":""2026-04-28T11:45:12.426222Z"",""no_price_dollars"":""0.4400"",""taker_side"":""yes"",""ticker"":""KXBTC15M-26APR280800-00"",""trade_id"":""04afa289-fd90-44a7-8dbe-69857ed7093a"",""yes_price_dollars"":""0.5600""}"
KXBTC15M-26APR280800-00,df44538d-8bd7-6aa5-eda1-62068c8f62d9,1777376713,0.61,8.0,yes,"{""count_fp"":""8.00"",""created_time"":""2026-04-28T11:45:13.178002Z"",""no_price_dollars"":""0.3900"",""taker_side"":""yes"",""ticker"":""KXBTC15M-26APR280800-00"",""trade_id"":""df44538d-8bd7-6aa5-eda1-62068c8f62d9"",""yes_price_dollars"":""0.6100""}"
KXBTC15M-26APR280800-00,d4a6f654-6aa8-6fe7-ff0f-d796de20f489,1777376713,0.6,120.0,yes,"{""count_fp"":""120.00"",""created_time"":""2026-04-28T11:45:13.178002Z"",""no_price_dollars"":""0.4000"",""taker_side"":""yes"",""ticker"":""KXBTC15M-26APR280800-00"",""trade_id"":""d4a6f654-6aa8-6fe7-ff0f-d796de20f489"",""yes_price_dollars"":""0.6000""}"
KXBTC15M-26APR280800-00,cb158a89-4ae4-6645-ee9b-d2a671b2d7e4,1777376713,0.61,40.0,yes,"{""count_fp"":""40.00"",""created_time"":""2026-04-28T11:45:13.178002Z"",""no_price_dollars"":""0.3900"",""taker_side"":""yes"",""ticker"":""KXBTC15M-26APR280800-00"",""trade_id"":""cb158a89-4ae4-6645-ee9b-d2a671b2d7e4"",""yes_price_dollars"":""0.6100""}"
KXBTC15M-26APR280800-00,54d58866-d5b4-4c72-6aa0-a32a3d0fb1a3,1777376713,0.6,3.0,yes,"{""count_fp"":""3.00"",""created_time"":""2026-04-28T11:45:13.162957Z"",""no_price_dollars"":""0.4000"",""taker_side"":""yes"",""ticker"":""KXBTC15M-26APR280800-00"",""trade_id"":""54d58866-d5b4-4c72-6aa0-a32a3d0fb1a3"",""yes_price_dollars"":""0.6000""}"
KXBTC15M-26APR280800-00,2e634ca8-49ec-4db7-6bb6-d7ffa48e5b19,1777376713,0.6,30.0,yes,"{""count_fp"":""30.00"",""created_time"":""2026-04-28T11:45:13.162957Z"",""no_price_dollars"":""0.4000"",""taker_side"":""yes"",""ticker"":""KXBTC15M-26APR280800-00"",""trade_id"":""2e634ca8-49ec-4db7-6bb6-d7ffa48e5b19"",""yes_price_dollars"":""0.6000""}"
KXBTC15M-26APR280800-00,7cf6bdb1-fd22-72c5-9fd2-288ed7288b57,1777376714,0.6,1.05,yes,"{""count_fp"":""1.05"",""created_time"":""2026-04-28T11:45:14.782835Z"",""no_price_dollars"":""0.4000"",""taker_side"":""yes"",""ticker"":""KXBTC15M-26APR280800-00"",""trade_id"":""7cf6bdb1-fd22-72c5-9fd2-288ed7288b57"",""yes_price_dollars"":""0.6000""}"
KXBTC15M-26APR280800-00,d722f7c4-c85d-4aef-3088-121e0b251888,1777376714,0.56,56.0,no,"{""count_fp"":""56.00"",""created_time"":""2026-04-28T11:45:14.588168Z"",""no_price_dollars"":""0.4400"",""taker_side"":""no"",""ticker"":""KXBTC15M-26APR280800-00"",""trade_id"":""d722f7c4-c85d-4aef-3088-121e0b251888"",""yes_price_dollars"":""0.5600""}"
KXBTC15M-26APR280800-00,b618d2a1-c83e-4971-1cfc-ed9ae93e30d0,1777376714,0.58,40.0,no,"{""count_fp"":""40.00"",""created_time"":""2026-04-28T11:45:14.588168Z"",""no_price_dollars"":""0.4200"",""taker_side"":""no"",""ticker"":""KXBTC15M-26APR280800-00"",""trade_id"":""b618d2a1-c83e-4971-1cfc-ed9ae93e30d0"",""yes_price_dollars"":""0.5800""}"
KXBTC15M-26APR280800-00,5bbe6d1a-8163-4334-24cd-3132df70e6f7,1777376714,0.57,40.0,no,"{""count_fp"":""40.00"",""created_time"":""2026-04-28T11:45:14.588168Z"",""no_price_dollars"":""0.4300"",""taker_side"":""no"",""ticker"":""KXBTC15M-26APR280800-00"",""trade_id"":""5bbe6d1a-8163-4334-24cd-3132df70e6f7"",""yes_price_dollars"":""0.5700""}"
KXBTC15M-26APR280800-00,4a4dc1ca-00d0-4bfe-252d-f718d3a59f0e,1777376714,0.56,40.0,no,"{""count_fp"":""40.00"",""created_time"":""2026-04-28T11:45:14.588168Z"",""no_price_dollars"":""0.4400"",""taker_side"":""no"",""ticker"":""KXBTC15M-26APR280800-00"",""trade_id"":""4a4dc1ca-00d0-4bfe-252d-f718d3a59f0e"",""yes_price_dollars"":""0.5600""}"
KXBTC15M-26APR280800-00,48fabf4a-500e-4599-3007-5d16faf0ac03,1777376714,0.57,3.0,no,"{""count_fp"":""3.00"",""created_time"":""2026-04-28T11:45:14.588168Z"",""no_price_dollars"":""0.4300"",""taker_side"":""no"",""ticker"":""KXBTC15M-26APR280800-00"",""trade_id"":""48fabf4a-500e-4599-3007-5d16faf0ac03"",""yes_price_dollars"":""0.5700""}"
KXBTC15M-26APR280800-00,1a294334-1b72-49d1-3a4e-49314f98af29,1777376714,0.59,36.13,no,"{""count_fp"":""36.13"",""created_time"":""2026-04-28T11:45:14.588168Z"",""no_price_dollars"":""0.4100"",""taker_side"":""no"",""ticker"":""KXBTC15M-26APR280800-00"",""trade_id"":""1a294334-1b72-49d1-3a4e-49314f98af29"",""yes_price_dollars"":""0.5900""}"
KXBTC15M-26APR280800-00,04ca5a6e-90be-4149-04ec-1cbdd8fd2eae,1777376714,0.56,0.38,no,"{""count_fp"":""0.38"",""created_time"":""2026-04-28T11:45:14.588168Z"",""no_price_dollars"":""0.4400"",""taker_side"":""no"",""ticker"":""KXBTC15M-26APR280800-00"",""trade_id"":""04ca5a6e-90be-4149-04ec-1cbdd8fd2eae"",""yes_price_dollars"":""0.5600""}"
KXBTC15M-26APR280800-00,5306b8fc-efdc-7022-e0db-cfa200c4cc04,1777376714,0.59,2.0,no,"{""count_fp"":""2.00"",""created_time"":""2026-04-28T11:45:14.083839Z"",""no_price_dollars"":""0.4100"",""taker_side"":""no"",""ticker"":""KXBTC15M-26APR280800-00"",""trade_id"":""5306b8fc-efdc-7022-e0db-cfa200c4cc04"",""yes_price_dollars"":""0.5900""}"
KXBTC15M-26APR280800-00,2e689b78-d494-68bd-e0e6-3622967e2803,1777376716,0.62,3.0,no,"{""count_fp"":""3.00"",""created_time"":""2026-04-28T11:45:16.685457Z"",""no_price_dollars"":""0.3800"",""taker_side"":""no"",""ticker"":""KXBTC15M-26APR280800-00"",""trade_id"":""2e689b78-d494-68bd-e0e6-3622967e2803"",""yes_price_dollars"":""0.6200""}"
KXBTC15M-26APR280800-00,021ba17d-a99a-6843-e517-6b314b986802,1777376716,0.61,13.0,no,"{""count_fp"":""13.00"",""created_time"":""2026-04-28T11:45:16.685457Z"",""no_price_dollars"":""0.3900"",""taker_side"":""no"",""ticker"":""KXBTC15M-26APR280800-00"",""trade_id"":""021ba17d-a99a-6843-e517-6b314b986802"",""yes_price_dollars"":""0.6100""}"
KXBTC15M-26APR280800-00,bcf77c81-a5db-5541-711a-a08e5095ec0e,1777376716,0.61,73.67,yes,"{""count_fp"":""73.67"",""created_time"":""2026-04-28T11:45:16.510973Z"",""no_price_dollars"":""0.3900"",""taker_side"":""yes"",""ticker"":""KXBTC15M-26APR280800-00"",""trade_id"":""bcf77c81-a5db-5541-711a-a08e5095ec0e"",""yes_price_dollars"":""0.6100""}"
KXBTC15M-26APR280800-00,495f696e-dd87-7791-9a1d-3ccd576fc152,1777376716,0.61,20.63,yes,"{""count_fp"":""20.63"",""created_time"":""2026-04-28T11:45:16.505047Z"",""no_price_dollars"":""0.3900"",""taker_side"":""yes"",""ticker"":""KXBTC15M-26APR280800-00"",""trade_id"":""495f696e-dd87-7791-9a1d-3ccd576fc152"",""yes_price_dollars"":""0.6100""}"
KXBTC15M-26APR280800-00,9a846747-d896-4f1f-c8ab-e2b49118dfc9,1777376717,0.6,14.0,yes,"{""count_fp"":""14.00"",""created_time"":""2026-04-28T11:45:17.359623Z"",""no_price_dollars"":""0.4000"",""taker_side"":""yes"",""ticker"":""KXBTC15M-26APR280800-00"",""trade_id"":""9a846747-d896-4f1f-c8ab-e2b49118dfc9"",""yes_price_dollars"":""0.6000""}"
KXBTC15M-26APR280800-00,6fc2bfb6-89e2-5342-a747-f267e65dc76e,1777376718,0.61,2.39,no,"{""count_fp"":""2.39"",""created_time"":""2026-04-28T11:45:18.780211Z"",""no_price_dollars"":""0.3900"",""taker_side"":""no"",""ticker"":""KXBTC15M-26APR280800-00"",""trade_id"":""6fc2bfb6-89e2-5342-a747-f267e65dc76e"",""yes_price_dollars"":""0.6100""}"
KXBTC15M-26APR280800-00,44f94232-958f-47b2-dbb9-c4174ee3fe07,1777376718,0.62,3.0,yes,"{""count_fp"":""3.00"",""created_time"":""2026-04-28T11:45:18.718118Z"",""no_price_dollars"":""0.3800"",""taker_side"":""yes"",""ticker"":""KXBTC15M-26APR280800-00"",""trade_id"":""44f94232-958f-47b2-dbb9-c4174ee3fe07"",""yes_price_dollars"":""0.6200""}"
KXBTC15M-26APR280800-00,9c3819ff-fa7c-73ba-a11c-3971ea8b8f3f,1777376718,0.6,10.37,yes,"{""count_fp"":""10.37"",""created_time"":""2026-04-28T11:45:18.331761Z"",""no_price_dollars"":""0.4000"",""taker_side"":""yes"",""ticker"":""KXBTC15M-26APR280800-00"",""trade_id"":""9c3819ff-fa7c-73ba-a11c-3971ea8b8f3f"",""yes_price_dollars"":""0.6000""}"
KXBTC15M-26APR280800-00,63a21045-ea52-7136-995e-f83d4c8de481,1777376718,0.6,38.78,yes,"{""count_fp"":""38.78"",""created_time"":""2026-04-28T11:45:18.331761Z"",""no_price_dollars"":""0.4000"",""taker_side"":""yes"",""ticker"":""KXBTC15M-26APR280800-00"",""trade_id"":""63a21045-ea52-7136-995e-f83d4c8de481"",""yes_price_dollars"":""0.6000""}"
KXBTC15M-26APR280800-00,f9fff632-43a0-50da-c6a6-1cd204b73b73,1777376718,0.6,41.54,yes,"{""count_fp"":""41.54"",""created_time"":""2026-04-28T11:45:18.329803Z"",""no_price_dollars"":""0.4000"",""taker_side"":""yes"",""ticker"":""KXBTC15M-26APR280800-00"",""trade_id"":""f9fff632-43a0-50da-c6a6-1cd204b73b73"",""yes_price_dollars"":""0.6000""}"
KXBTC15M-26APR280800-00,ad64ec2f-c238-58e2-d1e7-82f8404ea11b,1777376718,0.6,3.09,yes,"{""count_fp"":""3.09"",""created_time"":""2026-04-28T11:45:18.191803Z"",""no_price_dollars"":""0.4000"",""taker_side"":""yes"",""ticker"":""KXBTC15M-26APR280800-00"",""trade_id"":""ad64ec2f-c238-58e2-d1e7-82f8404ea11b"",""yes_price_dollars"":""0.6000""}"
KXBTC15M-26APR280800-00,c44476c9-2a8e-4c59-3eb9-f66b366e7dc6,1777376719,0.61,7.77,yes,"{""count_fp"":""7.77"",""created_time"":""2026-04-28T11:45:19.756885Z"",""no_price_dollars"":""0.3900"",""taker_side"":""yes"",""ticker"":""KXBTC15M-26APR280800-00"",""trade_id"":""c44476c9-2a8e-4c59-3eb9-f66b366e7dc6"",""yes_price_dollars"":""0.6100""}"
KXBTC15M-26APR280800-00,5a0e100a-29fa-4415-0efe-9a49c0b45782,1777376719,0.61,23.82,yes,"{""count_fp"":""23.82"",""created_time"":""2026-04-28T11:45:19.054543Z"",""no_price_dollars"":""0.3900"",""taker_side"":""yes"",""ticker"":""KXBTC15M-26APR280800-00"",""trade_id"":""5a0e100a-29fa-4415-0efe-9a49c0b45782"",""yes_price_dollars"":""0.6100""}"
KXBTC15M-26APR280800-00,8e4eb41a-40ee-7dcf-b7bd-31e650684f4a,1777376720,0.61,7.97,yes,"{""count_fp"":""7.97"",""created_time"":""2026-04-28T11:45:20.325544Z"",""no_price_dollars"":""0.3900"",""taker_side"":""yes"",""ticker"":""KXBTC15M-26APR280800-00"",""trade_id"":""8e4eb41a-40ee-7dcf-b7bd-31e650684f4a"",""yes_price_dollars"":""0.6100""}"
KXBTC15M-26APR280800-00,e459f637-43b6-421f-e790-2cf148d6568e,1777376720,0.61,7.54,yes,"{""count_fp"":""7.54"",""created_time"":""2026-04-28T11:45:20.000976Z"",""no_price_dollars"":""0.3900"",""taker_side"":""yes"",""ticker"":""KXBTC15M-26APR280800-00"",""trade_id"":""e459f637-43b6-421f-e790-2cf148d6568e"",""yes_price_dollars"":""0.6100""}"
KXBTC15M-26APR280800-00,559f583d-827a-4331-c28e-2636fb95700e,1777376720,0.61,8.41,yes,"{""count_fp"":""8.41"",""created_time"":""2026-04-28T11:45:20.000976Z"",""no_price_dollars"":""0.3900"",""taker_side"":""yes"",""ticker"":""KXBTC15M-26APR280800-00"",""trade_id"":""559f583d-827a-4331-c28e-2636fb95700e"",""yes_price_dollars"":""0.6100""}"
KXBTC15M-26APR280800-00,6883c7fb-0228-6f98-1913-3aed49578dbf,1777376721,0.62,1.0,no,"{""count_fp"":""1.00"",""created_time"":""2026-04-28T11:45:21.998022Z"",""no_price_dollars"":""0.3800"",""taker_side"":""no"",""ticker"":""KXBTC15M-26APR280800-00"",""trade_id"":""6883c7fb-0228-6f98-1913-3aed49578dbf"",""yes_price_dollars"":""0.6200""}"
KXBTC15M-26APR280800-00,53ff1b05-8268-7a28-a2bb-811d1f9d8dba,1777376721,0.61,21.59,no,"{""count_fp"":""21.59"",""created_time"":""2026-04-28T11:45:21.764436Z"",""no_price_dollars"":""0.3900"",""taker_side"":""no"",""ticker"":""KXBTC15M-26APR280800-00"",""trade_id"":""53ff1b05-8268-7a28-a2bb-811d1f9d8dba"",""yes_price_dollars"":""0.6100""}"
KXBTC15M-26APR280800-00,a2239c80-8b39-7775-ca4f-7524ca772448,1777376721,0.64,4.0,yes,"{""count_fp"":""4.00"",""created_time"":""2026-04-28T11:45:21.379164Z"",""no_price_dollars"":""0.3600"",""taker_side"":""yes"",""ticker"":""KXBTC15M-26APR280800-00"",""trade_id"":""a2239c80-8b39-7775-ca4f-7524ca772448"",""yes_price_dollars"":""0.6400""}"
KXBTC15M-26APR280800-00,fcaed95d-0cd5-6493-7ee0-eac0f76ff419,1777376721,0.64,40.0,yes,"{""count_fp"":""40.00"",""created_time"":""2026-04-28T11:45:21.374816Z"",""no_price_dollars"":""0.3600"",""taker_side"":""yes"",""ticker"":""KXBTC15M-26APR280800-00"",""trade_id"":""fcaed95d-0cd5-6493-7ee0-eac0f76ff419"",""yes_price_dollars"":""0.6400""}"
KXBTC15M-26APR280800-00,e36aaf30-8ed8-6f60-440c-b43c1eb14175,1777376721,0.63,10.0,yes,"{""count_fp"":""10.00"",""created_time"":""2026-04-28T11:45:21.374816Z"",""no_price_dollars"":""0.3700"",""taker_side"":""yes"",""ticker"":""KXBTC15M-26APR280800-00"",""trade_id"":""e36aaf30-8ed8-6f60-440c-b43c1eb14175"",""yes_price_dollars"":""0.6300""}"
KXBTC15M-26APR280800-00,beccbcd7-2df0-621e-44f5-56e43a279fdc,1777376721,0.63,500.0,yes,"{""count_fp"":""500.00"",""created_time"":""2026-04-28T11:45:21.374816Z"",""no_price_dollars"":""0.3700"",""taker_side"":""yes"",""ticker"":""KXBTC15M-26APR280800-00"",""trade_id"":""beccbcd7-2df0-621e-44f5-56e43a279fdc"",""yes_price_dollars"":""0.6300""}"
KXBTC15M-26APR280800-00,a7029229-2776-6117-4bbc-6e7862e2d1ea,1777376721,0.61,84.49,yes,"{""count_fp"":""84.49"",""created_time"":""2026-04-28T11:45:21.374816Z"",""no_price_dollars"":""0.3900"",""taker_side"":""yes"",""ticker"":""KXBTC15M-26APR280800-00"",""trade_id"":""a7029229-2776-6117-4bbc-6e7862e2d1ea"",""yes_price_dollars"":""0.6100""}"
KXBTC15M-26APR280800-00,9715db16-9469-64db-77a2-2d4b3a4e35d0,1777376721,0.63,16.0,yes,"{""count_fp"":""16.00"",""created_time"":""2026-04-28T11:45:21.374816Z"",""no_price_dollars"":""0.3700"",""taker_side"":""yes"",""ticker"":""KXBTC15M-26APR280800-00"",""trade_id"":""9715db16-9469-64db-77a2-2d4b3a4e35d0"",""yes_price_dollars"":""0.6300""}"
KXBTC15M-26APR280800-00,9150b411-6415-6549-60dd-01943204cfec,1777376721,0.64,11.42,yes,"{""count_fp"":""11.42"",""created_time"":""2026-04-28T11:45:21.374816Z"",""no_price_dollars"":""0.3600"",""taker_side"":""yes"",""ticker"":""KXBTC15M-26APR280800-00"",""trade_id"":""9150b411-6415-6549-60dd-01943204cfec"",""yes_price_dollars"":""0.6400""}"
KXBTC15M-26APR280800-00,657edeaa-88e7-6590-7149-75d2a137e13d,1777376721,0.63,40.0,yes,"{""count_fp"":""40.00"",""created_time"":""2026-04-28T11:45:21.374816Z"",""no_price_dollars"":""0.3700"",""taker_side"":""yes"",""ticker"":""KXBTC15M-26APR280800-00"",""trade_id"":""657edeaa-88e7-6590-7149-75d2a137e13d"",""yes_price_dollars"":""0.6300""}"
KXBTC15M-26APR280800-00,579c93ed-bf2e-61e4-604d-c8e6b54aba85,1777376721,0.62,408.0,yes,"{""count_fp"":""408.00"",""created_time"":""2026-04-28T11:45:21.374816Z"",""no_price_dollars"":""0.3800"",""taker_side"":""yes"",""ticker"":""KXBTC15M-26APR280800-00"",""trade_id"":""579c93ed-bf2e-61e4-604d-c8e6b54aba85"",""yes_price_dollars"":""0.6200""}"
KXBTC15M-26APR280800-00,1b3f6bb6-9357-6bc6-71c8-d894725e8dd7,1777376721,0.62,37.0,yes,"{""count_fp"":""37.00"",""created_time"":""2026-04-28T11:45:21.374816Z"",""no_price_dollars"":""0.3800"",""taker_side"":""yes"",""ticker"":""KXBTC15M-26APR280800-00"",""trade_id"":""1b3f6bb6-9357-6bc6-71c8-d894725e8dd7"",""yes_price_dollars"":""0.6200""}"
KXBTC15M-26APR280800-00,14aff7bd-01c1-6d98-6c0f-b9509a3bf334,1777376721,0.63,400.0,yes,"{""count_fp"":""400.00"",""created_time"":""2026-04-28T11:45:21.374816Z"",""no_price_dollars"":""0.3700"",""taker_side"":""yes"",""ticker"":""KXBTC15M-26APR280800-00"",""trade_id"":""14aff7bd-01c1-6d98-6c0f-b9509a3bf334"",""yes_price_dollars"":""0.6300""}"
KXBTC15M-26APR280800-00,03e1f4d3-81e3-64a0-45db-0ff28496ffde,1777376721,0.63,3.0,yes,"{""count_fp"":""3.00"",""created_time"":""2026-04-28T11:45:21.374816Z"",""no_price_dollars"":""0.3700"",""taker_side"":""yes"",""ticker"":""KXBTC15M-26APR280800-00"",""trade_id"":""03e1f4d3-81e3-64a0-45db-0ff28496ffde"",""yes_price_dollars"":""0.6300""}"
KXBTC15M-26APR280800-00,c87ebaa9-736c-716b-4c5b-31d24a1d27a5,1777376722,0.63,2.0,no,"{""count_fp"":""2.00"",""created_time"":""2026-04-28T11:45:22.418085Z"",""no_price_dollars"":""0.3700"",""taker_side"":""no"",""ticker"":""KXBTC15M-26APR280800-00"",""trade_id"":""c87ebaa9-736c-716b-4c5b-31d24a1d27a5"",""yes_price_dollars"":""0.6300""}"
KXBTC15M-26APR280800-00,05b31c9a-fb41-7457-5891-754426c58c83,1777376722,0.63,100.0,yes,"{""count_fp"":""100.00"",""created_time"":""2026-04-28T11:45:22.308833Z"",""no_price_dollars"":""0.3700"",""taker_side"":""yes"",""ticker"":""KXBTC15M-26APR280800-00"",""trade_id"":""05b31c9a-fb41-7457-5891-754426c58c83"",""yes_price_dollars"":""0.6300""}"
KXBTC15M-26APR280800-00,32fe31e8-8408-7a9c-ebe8-4655dc35a6ff,1777376722,0.62,11.99,no,"{""count_fp"":""11.99"",""created_time"":""2026-04-28T11:45:22.007504Z"",""no_price_dollars"":""0.3800"",""taker_side"":""no"",""ticker"":""KXBTC15M-26APR280800-00"",""trade_id"":""32fe31e8-8408-7a9c-ebe8-4655dc35a6ff"",""yes_price_dollars"":""0.6200""}"
KXBTC15M-26APR280800-00,e4520a20-20bc-5f8c-356f-64c6c51835d6,1777376723,0.61,11.35,no,"{""count_fp"":""11.35"",""created_time"":""2026-04-28T11:45:23.929409Z"",""no_price_dollars"":""0.3900"",""taker_side"":""no"",""ticker"":""KXBTC15M-26APR280800-00"",""trade_id"":""e4520a20-20bc-5f8c-356f-64c6c51835d6"",""yes_price_dollars"":""0.6100""}"
KXBTC15M-26APR280800-00,4be4602a-0871-5ac5-1c4f-a2f972fbfc38,1777376723,0.63,1.0,no,"{""count_fp"":""1.00"",""created_time"":""2026-04-28T11:45:23.929409Z"",""no_price_dollars"":""0.3700"",""taker_side"":""no"",""ticker"":""KXBTC15M-26APR280800-00"",""trade_id"":""4be4602a-0871-5ac5-1c4f-a2f972fbfc38"",""yes_price_dollars"":""0.6300""}"
KXBTC15M-26APR280800-00,9ac00984-467a-4022-f2b0-e809cd109cdf,1777376723,0.64,1.0,yes,"{""count_fp"":""1.00"",""created_time"":""2026-04-28T11:45:23.135963Z"",""no_price_dollars"":""0.3600"",""taker_side"":""yes"",""ticker"":""KXBTC15M-26APR280800-00"",""trade_id"":""9ac00984-467a-4022-f2b0-e809cd109cdf"",""yes_price_dollars"":""0.6400""}"
KXBTC15M-26APR280800-00,f03be952-6c2d-71e8-c3c4-b587412c1e4a,1777376724,0.61,76.2,yes,"{""count_fp"":""76.20"",""created_time"":""2026-04-28T11:45:24.754192Z"",""no_price_dollars"":""0.3900"",""taker_side"":""yes"",""ticker"":""KXBTC15M-26APR280800-00"",""trade_id"":""f03be952-6c2d-71e8-c3c4-b587412c1e4a"",""yes_price_dollars"":""0.6100""}"
KXBTC15M-26APR280800-00,7ffc5bb2-52d9-68dc-3f03-9e25a9a9fc02,1777376724,0.62,182.24,yes,"{""count_fp"":""182.24"",""created_time"":""2026-04-28T11:45:24.111086Z"",""no_price_dollars"":""0.3800"",""taker_side"":""yes"",""ticker"":""KXBTC15M-26APR280800-00"",""trade_id"":""7ffc5bb2-52d9-68dc-3f03-9e25a9a9fc02"",""yes_price_dollars"":""0.6200""}"
KXBTC15M-26APR280800-00,7e154318-3d02-6116-11fd-46f1f191fde0,1777376724,0.62,3.0,yes,"{""count_fp"":""3.00"",""created_time"":""2026-04-28T11:45:24.111086Z"",""no_price_dollars"":""0.3800"",""taker_side"":""yes"",""ticker"":""KXBTC15M-26APR280800-00"",""trade_id"":""7e154318-3d02-6116-11fd-46f1f191fde0"",""yes_price_dollars"":""0.6200""}"
KXBTC15M-26APR280800-00,45c11dab-91ca-6595-03c1-032cb9b45544,1777376724,0.62,40.0,yes,"{""count_fp"":""40.00"",""created_time"":""2026-04-28T11:45:24.111086Z"",""no_price_dollars"":""0.3800"",""taker_side"":""yes"",""ticker"":""KXBTC15M-26APR280800-00"",""trade_id"":""45c11dab-91ca-6595-03c1-032cb9b45544"",""yes_price_dollars"":""0.6200""}"
KXBTC15M-26APR280800-00,6744f0cf-ed30-701d-89ff-da1692dc0eb4,1777376725,0.61,15.71,yes,"{""count_fp"":""15.71"",""created_time"":""2026-04-28T11:45:25.367196Z"",""no_price_dollars"":""0.3900"",""taker_side"":""yes"",""ticker"":""KXBTC15M-26APR280800-00"",""trade_id"":""6744f0cf-ed30-701d-89ff-da1692dc0eb4"",""yes_price_dollars"":""0.6100""}"
KXBTC15M-26APR280800-00,c8bb97f0-c0bd-6b44-1058-c2ea6df67a6a,1777376725,0.61,304.81,yes,"{""count_fp"":""304.81"",""created_time"":""2026-04-28T11:45:25.038965Z"",""no_price_dollars"":""0.3900"",""taker_side"":""yes"",""ticker"":""KXBTC15M-26APR280800-00"",""trade_id"":""c8bb97f0-c0bd-6b44-1058-c2ea6df67a6a"",""yes_price_dollars"":""0.6100""}"
KXBTC15M-26APR280800-00,72d52668-3f7a-739d-17c8-f2f7ad1c8007,1777376726,0.61,1.59,yes,"{""count_fp"":""1.59"",""created_time"":""2026-04-28T11:45:26.883939Z"",""no_price_dollars"":""0.3900"",""taker_side"":""yes"",""ticker"":""KXBTC15M-26APR280800-00"",""trade_id"":""72d52668-3f7a-739d-17c8-f2f7ad1c8007"",""yes_price_dollars"":""0.6100""}"
KXBTC15M-26APR280800-00,894decb4-2d3e-46d1-cd69-4c08c438cd8b,1777376726,0.61,12.56,yes,"{""count_fp"":""12.56"",""created_time"":""2026-04-28T11:45:26.857375Z"",""no_price_dollars"":""0.3900"",""taker_side"":""yes"",""ticker"":""KXBTC15M-26APR280800-00"",""trade_id"":""894decb4-2d3e-46d1-cd69-4c08c438cd8b"",""yes_price_dollars"":""0.6100""}"
KXBTC15M-26APR280800-00,7f967348-48e3-60a5-a7e5-0de327dc5d6c,1777376727,0.61,10.0,yes,"{""count_fp"":""10.00"",""created_time"":""2026-04-28T11:45:27.820415Z"",""no_price_dollars"":""0.3900"",""taker_side"":""yes"",""ticker"":""KXBTC15M-26APR280800-00"",""trade_id"":""7f967348-48e3-60a5-a7e5-0de327dc5d6c"",""yes_price_dollars"":""0.6100""}"
KXBTC15M-26APR280800-00,c36ab063-3327-4559-7d38-61f285b2ea10,1777376727,0.61,23.2,yes,"{""count_fp"":""23.20"",""created_time"":""2026-04-28T11:45:27.444935Z"",""no_price_dollars"":""0.3900"",""taker_side"":""yes"",""ticker"":""KXBTC15M-26APR280800-00"",""trade_id"":""c36ab063-3327-4559-7d38-61f285b2ea10"",""yes_price_dollars"":""0.6100""}"
KXBTC15M-26APR280800-00,3f5e94ad-a00b-4e25-6474-0a182233ca10,1777376727,0.61,1.11,yes,"{""count_fp"":""1.11"",""created_time"":""2026-04-28T11:45:27.271648Z"",""no_price_dollars"":""0.3900"",""taker_side"":""yes"",""ticker"":""KXBTC15M-26APR280800-00"",""trade_id"":""3f5e94ad-a00b-4e25-6474-0a182233ca10"",""yes_price_dollars"":""0.6100""}"
KXBTC15M-26APR280800-00,e5966b5c-c1cb-6b3d-4405-6acaa06d8168,1777376727,0.61,17.55,yes,"{""count_fp"":""17.55"",""created_time"":""2026-04-28T11:45:27.226948Z"",""no_price_dollars"":""0.3900"",""taker_side"":""yes"",""ticker"":""KXBTC15M-26APR280800-00"",""trade_id"":""e5966b5c-c1cb-6b3d-4405-6acaa06d8168"",""yes_price_dollars"":""0.6100""}"
KXBTC15M-26APR280800-00,51516c0b-8717-4b11-66fa-ce511107bdd0,1777376727,0.61,31.91,yes,"{""count_fp"":""31.91"",""created_time"":""2026-04-28T11:45:27.197281Z"",""no_price_dollars"":""0.3900"",""taker_side"":""yes"",""ticker"":""KXBTC15M-26APR280800-00"",""trade_id"":""51516c0b-8717-4b11-66fa-ce511107bdd0"",""yes_price_dollars"":""0.6100""}"
KXBTC15M-26APR280800-00,d81a36f5-4d80-5bb1-2a58-7a8a0e0cf09a,1777376728,0.6,25.0,no,"{""count_fp"":""25.00"",""created_time"":""2026-04-28T11:45:28.413515Z"",""no_price_dollars"":""0.4000"",""taker_side"":""no"",""ticker"":""KXBTC15M-26APR280800-00"",""trade_id"":""d81a36f5-4d80-5bb1-2a58-7a8a0e0cf09a"",""yes_price_dollars"":""0.6000""}"
KXBTC15M-26APR280800-00,d7ab8db1-61bf-5670-0f3f-7c8a63ae46e1,1777376728,0.6,9.0,no,"{""count_fp"":""9.00"",""created_time"":""2026-04-28T11:45:28.413515Z"",""no_price_dollars"":""0.4000"",""taker_side"":""no"",""ticker"":""KXBTC15M-26APR280800-00"",""trade_id"":""d7ab8db1-61bf-5670-0f3f-7c8a63ae46e1"",""yes_price_dollars"":""0.6000""}"
KXBTC15M-26APR280800-00,685e7070-10e1-5533-0704-c03511e940a7,1777376728,0.6,30.0,no,"{""count_fp"":""30.00"",""created_time"":""2026-04-28T11:45:28.413515Z"",""no_price_dollars"":""0.4000"",""taker_side"":""no"",""ticker"":""KXBTC15M-26APR280800-00"",""trade_id"":""685e7070-10e1-5533-0704-c03511e940a7"",""yes_price_dollars"":""0.6000""}"
KXBTC15M-26APR280800-00,1909ec36-92c0-593b-3fb1-10a89f2e05ad,1777376728,0.6,25.0,no,"{""count_fp"":""25.00"",""created_time"":""2026-04-28T11:45:28.413515Z"",""no_price_dollars"":""0.4000"",""taker_side"":""no"",""ticker"":""KXBTC15M-26APR280800-00"",""trade_id"":""1909ec36-92c0-593b-3fb1-10a89f2e05ad"",""yes_price_dollars"":""0.6000""}"
KXBTC15M-26APR280800-00,f8861f32-9017-6cd9-616f-0adc22477a9c,1777376728,0.61,256.04,yes,"{""count_fp"":""256.04"",""created_time"":""2026-04-28T11:45:28.147462Z"",""no_price_dollars"":""0.3900"",""taker_side"":""yes"",""ticker"":""KXBTC15M-26APR280800-00"",""trade_id"":""f8861f32-9017-6cd9-616f-0adc22477a9c"",""yes_price_dollars"":""0.6100""}"
KXBTC15M-26APR280800-00,094e4c99-2d1f-44cd-023b-feba15cfce80,1777376728,0.61,5.72,yes,"{""count_fp"":""5.72"",""created_time"":""2026-04-28T11:45:28.099728Z"",""no_price_dollars"":""0.3900"",""taker_side"":""yes"",""ticker"":""KXBTC15M-26APR280800-00"",""trade_id"":""094e4c99-2d1f-44cd-023b-feba15cfce80"",""yes_price_dollars"":""0.6100""}"
KXBTC15M-26APR280800-00,7aa92c76-d4de-780e-a092-20101a4386b8,1777376729,0.58,21.0,no,"{""count_fp"":""21.00"",""created_time"":""2026-04-28T11:45:29.905094Z"",""no_price_dollars"":""0.4200"",""taker_side"":""no"",""ticker"":""KXBTC15M-26APR280800-00"",""trade_id"":""7aa92c76-d4de-780e-a092-20101a4386b8"",""yes_price_dollars"":""0.5800""}"
KXBTC15M-26APR280800-00,b32d6dd3-b08b-64b5-2087-11afacfa0940,1777376729,0.59,57.66,yes,"{""count_fp"":""57.66"",""created_time"":""2026-04-28T11:45:29.846474Z"",""no_price_dollars"":""0.4100"",""taker_side"":""yes"",""ticker"":""KXBTC15M-26APR280800-00"",""trade_id"":""b32d6dd3-b08b-64b5-2087-11afacfa0940"",""yes_price_dollars"":""0.5900""}"
KXBTC15M-26APR280800-00,d5a37f21-072f-7279-9e7c-03d71ca7e01c,1777376729,0.59,3.0,yes,"{""count_fp"":""3.00"",""created_time"":""2026-04-28T11:45:29.164886Z"",""no_price_dollars"":""0.4100"",""taker_side"":""yes"",""ticker"":""KXBTC15M-26APR280800-00"",""trade_id"":""d5a37f21-072f-7279-9e7c-03d71ca7e01c"",""yes_price_dollars"":""0.5900""}"
KXBTC15M-26APR280800-00,3a6482a0-bdf3-7911-a96d-d71c94523ee8,1777376729,0.59,4.97,yes,"{""count_fp"":""4.97"",""created_time"":""2026-04-28T11:45:29.164886Z"",""no_price_dollars"":""0.4100"",""taker_side"":""yes"",""ticker"":""KXBTC15M-26APR280800-00"",""trade_id"":""3a6482a0-bdf3-7911-a96d-d71c94523ee8"",""yes_price_dollars"":""0.5900""}"
KXBTC15M-26APR280800-00,a948974d-5e5e-407c-f0d4-f5fb6e927837,1777376730,0.56,16.47,yes,"{""count_fp"":""16.47"",""created_time"":""2026-04-28T11:45:30.916865Z"",""no_price_dollars"":""0.4400"",""taker_side"":""yes"",""ticker"":""KXBTC15M-26APR280800-00"",""trade_id"":""a948974d-5e5e-407c-f0d4-f5fb6e927837"",""yes_price_dollars"":""0.5600""}"
KXBTC15M-26APR280800-00,b3bab011-bfc6-6610-1d0c-84756f157feb,1777376730,0.56,1.0,yes,"{""count_fp"":""1.00"",""created_time"":""2026-04-28T11:45:30.410494Z"",""no_price_dollars"":""0.4400"",""taker_side"":""yes"",""ticker"":""KXBTC15M-26APR280800-00"",""trade_id"":""b3bab011-bfc6-6610-1d0c-84756f157feb"",""yes_price_dollars"":""0.5600""}"
KXBTC15M-26APR280800-00,37029683-4b54-7ca2-0eac-9d519c988b96,1777376730,0.57,11.0,no,"{""count_fp"":""11.00"",""created_time"":""2026-04-28T11:45:30.321763Z"",""no_price_dollars"":""0.4300"",""taker_side"":""no"",""ticker"":""KXBTC15M-26APR280800-00"",""trade_id"":""37029683-4b54-7ca2-0eac-9d519c988b96"",""yes_price_dollars"":""0.5700""}"
KXBTC15M-26APR280800-00,b36facb4-c1bf-4491-1e7b-77dcd22f339c,1777376730,0.58,24.91,yes,"{""count_fp"":""24.91"",""created_time"":""2026-04-28T11:45:30.319596Z"",""no_price_dollars"":""0.4200"",""taker_side"":""yes"",""ticker"":""KXBTC15M-26APR280800-00"",""trade_id"":""b36facb4-c1bf-4491-1e7b-77dcd22f339c"",""yes_price_dollars"":""0.5800""}"
KXBTC15M-26APR280800-00,f044fa39-9bc7-71fd-f1e1-81707ee54904,1777376730,0.58,22.21,yes,"{""count_fp"":""22.21"",""created_time"":""2026-04-28T11:45:30.273037Z"",""no_price_dollars"":""0.4200"",""taker_side"":""yes"",""ticker"":""KXBTC15M-26APR280800-00"",""trade_id"":""f044fa39-9bc7-71fd-f1e1-81707ee54904"",""yes_price_dollars"":""0.5800""}"
KXBTC15M-26APR280800-00,e397b0b6-4844-7377-e47d-a3eed1479584,1777376730,0.58,0.85,yes,"{""count_fp"":""0.85"",""created_time"":""2026-04-28T11:45:30.273037Z"",""no_price_dollars"":""0.4200"",""taker_side"":""yes"",""ticker"":""KXBTC15M-26APR280800-00"",""trade_id"":""e397b0b6-4844-7377-e47d-a3eed1479584"",""yes_price_dollars"":""0.5800""}"
KXBTC15M-26APR280800-00,9d7e2f84-ffa8-70d7-b14a-e6d3bac05f6c,1777376730,0.58,24.71,yes,"{""count_fp"":""24.71"",""created_time"":""2026-04-28T11:45:30.267873Z"",""no_price_dollars"":""0.4200"",""taker_side"":""yes"",""ticker"":""KXBTC15M-26APR280800-00"",""trade_id"":""9d7e2f84-ffa8-70d7-b14a-e6d3bac05f6c"",""yes_price_dollars"":""0.5800""}"
KXBTC15M-26APR280800-00,d6555727-831c-489f-64a4-df7803eddbb0,1777376730,0.58,14.44,yes,"{""count_fp"":""14.44"",""created_time"":""2026-04-28T11:45:30.249774Z"",""no_price_dollars"":""0.4200"",""taker_side"":""yes"",""ticker"":""KXBTC15M-26APR280800-00"",""trade_id"":""d6555727-831c-489f-64a4-df7803eddbb0"",""yes_price_dollars"":""0.5800""}"
KXBTC15M-26APR280800-00,df4c4e7a-519e-607a-c1e8-4036b44ce074,1777376730,0.58,6.0,no,"{""count_fp"":""6.00"",""created_time"":""2026-04-28T11:45:30.139607Z"",""no_price_dollars"":""0.4200"",""taker_side"":""no"",""ticker"":""KXBTC15M-26APR280800-00"",""trade_id"":""df4c4e7a-519e-607a-c1e8-4036b44ce074"",""yes_price_dollars"":""0.5800""}"
KXBTC15M-26APR280800-00,3f8373d2-5921-63b6-e3fd-54b75d41249b,1777376730,0.58,21.0,no,"{""count_fp"":""21.00"",""created_time"":""2026-04-28T11:45:30.139607Z"",""no_price_dollars"":""0.4200"",""taker_side"":""no"",""ticker"":""KXBTC15M-26APR280800-00"",""trade_id"":""3f8373d2-5921-63b6-e3fd-54b75d41249b"",""yes_price_dollars"":""0.5800""}"
KXBTC15M-26APR280800-00,c748e418-5eca-7422-9f11-b56243b1afa5,1777376731,0.54,1.0,no,"{""count_fp"":""1.00"",""created_time"":""2026-04-28T11:45:31.966082Z"",""no_price_dollars"":""0.4600"",""taker_side"":""no"",""ticker"":""KXBTC15M-26APR280800-00"",""trade_id"":""c748e418-5eca-7422-9f11-b56243b1afa5"",""yes_price_dollars"":""0.5400""}"
KXBTC15M-26APR280800-00,6e688745-536c-7dd9-a157-0e7f67395e20,1777376731,0.54,12.0,no,"{""count_fp"":""12.00"",""created_time"":""2026-04-28T11:45:31.966082Z"",""no_price_dollars"":""0.4600"",""taker_side"":""no"",""ticker"":""KXBTC15M-26APR280800-00"",""trade_id"":""6e688745-536c-7dd9-a157-0e7f67395e20"",""yes_price_dollars"":""0.5400""}"
KXBTC15M-26APR280800-00,63ba7a57-54fd-4646-e097-8f705a24dd30,1777376731,0.54,19.0,no,"{""count_fp"":""19.00"",""created_time"":""2026-04-28T11:45:31.949766Z"",""no_price_dollars"":""0.4600"",""taker_side"":""no"",""ticker"":""KXBTC15M-26APR280800-00"",""trade_id"":""63ba7a57-54fd-4646-e097-8f705a24dd30"",""yes_price_dollars"":""0.5400""}"
KXBTC15M-26APR280800-00,60b12913-e394-4b16-eb66-f558345ad82f,1777376731,0.54,15.0,no,"{""count_fp"":""15.00"",""created_time"":""2026-04-28T11:45:31.949766Z"",""no_price_dollars"":""0.4600"",""taker_side"":""no"",""ticker"":""KXBTC15M-26APR280800-00"",""trade_id"":""60b12913-e394-4b16-eb66-f558345ad82f"",""yes_price_dollars"":""0.5400""}"
KXBTC15M-26APR280800-00,4f5c9d0a-2252-4ece-d743-e9f860dd3305,1777376731,0.54,14.0,no,"{""count_fp"":""14.00"",""created_time"":""2026-04-28T11:45:31.949766Z"",""no_price_dollars"":""0.4600"",""taker_side"":""no"",""ticker"":""KXBTC15M-26APR280800-00"",""trade_id"":""4f5c9d0a-2252-4ece-d743-e9f860dd3305"",""yes_price_dollars"":""0.5400""}"
KXBTC15M-26APR280800-00,a4a5a15d-d50d-599a-37c5-27415c8ebad8,1777376731,0.55,40.0,no,"{""count_fp"":""40.00"",""created_time"":""2026-04-28T11:45:31.640895Z"",""no_price_dollars"":""0.4500"",""taker_side"":""no"",""ticker"":""KXBTC15M-26APR280800-00"",""trade_id"":""a4a5a15d-d50d-599a-37c5-27415c8ebad8"",""yes_price_dollars"":""0.5500""}"
KXBTC15M-26APR280800-00,276139e7-4a0d-5f19-1c38-83abf1de0695,1777376731,0.55,15.0,no,"{""count_fp"":""15.00"",""created_time"":""2026-04-28T11:45:31.640895Z"",""no_price_dollars"":""0.4500"",""taker_side"":""no"",""ticker"":""KXBTC15M-26APR280800-00"",""trade_id"":""276139e7-4a0d-5f19-1c38-83abf1de0695"",""yes_price_dollars"":""0.5500""}"
KXBTC15M-26APR280800-00,02c6f905-1329-5062-2bd7-b80173fee70d,1777376731,0.55,20.0,no,"{""count_fp"":""20.00"",""created_time"":""2026-04-28T11:45:31.640895Z"",""no_price_dollars"":""0.4500"",""taker_side"":""no"",""ticker"":""KXBTC15M-26APR280800-00"",""trade_id"":""02c6f905-1329-5062-2bd7-b80173fee70d"",""yes_price_dollars"":""0.5500""}"
KXBTC15M-26APR280800-00,4fb70f3c-019a-4209-093c-25eb5fca5266,1777376732,0.53,2.0,no,"{""count_fp"":""2.00"",""created_time"":""2026-04-28T11:45:32.836025Z"",""no_price_dollars"":""0.4700"",""taker_side"":""no"",""ticker"":""KXBTC15M-26APR280800-00"",""trade_id"":""4fb70f3c-019a-4209-093c-25eb5fca5266"",""yes_price_dollars"":""0.5300""}"
KXBTC15M-26APR280800-00,f87ca903-dde6-5142-cd7e-2356a6eaad90,1777376733,0.52,0.62,no,"{""count_fp"":""0.62"",""created_time"":""2026-04-28T11:45:33.193441Z"",""no_price_dollars"":""0.4800"",""taker_side"":""no"",""ticker"":""KXBTC15M-26APR280800-00"",""trade_id"":""f87ca903-dde6-5142-cd7e-2356a6eaad90"",""yes_price_dollars"":""0.5200""}"
KXBTC15M-26APR280800-00,e9c8f604-7619-4f7d-3662-714581cd2fca,1777376734,0.52,2.0,no,"{""count_fp"":""2.00"",""created_time"":""2026-04-28T11:45:34.774817Z"",""no_price_dollars"":""0.4800"",""taker_side"":""no"",""ticker"":""KXBTC15M-26APR280800-00"",""trade_id"":""e9c8f604-7619-4f7d-3662-714581cd2fca"",""yes_price_dollars"":""0.5200""}"
KXBTC15M-26APR280800-00,8465d029-9939-43ad-491c-de7597773aa2,1777376734,0.52,28.93,no,"{""count_fp"":""28.93"",""created_time"":""2026-04-28T11:45:34.727023Z"",""no_price_dollars"":""0.4800"",""taker_side"":""no"",""ticker"":""KXBTC15M-26APR280800-00"",""trade_id"":""8465d029-9939-43ad-491c-de7597773aa2"",""yes_price_dollars"":""0.5200""}"
KXBTC15M-26APR280800-00,4a18fefe-16f9-49c3-7b29-70b0c7378acb,1777376734,0.52,11.27,no,"{""count_fp"":""11.27"",""created_time"":""2026-04-28T11:45:34.727023Z"",""no_price_dollars"":""0.4800"",""taker_side"":""no"",""ticker"":""KXBTC15M-26APR280800-00"",""trade_id"":""4a18fefe-16f9-49c3-7b29-70b0c7378acb"",""yes_price_dollars"":""0.5200""}"
KXBTC15M-26APR280800-00,1848584a-888d-6f1b-2d54-c00a0c3f9603,1777376734,0.52,2.01,no,"{""count_fp"":""2.01"",""created_time"":""2026-04-28T11:45:34.560749Z"",""no_price_dollars"":""0.4800"",""taker_side"":""no"",""ticker"":""KXBTC15M-26APR280800-00"",""trade_id"":""1848584a-888d-6f1b-2d54-c00a0c3f9603"",""yes_price_dollars"":""0.5200""}"
KXBTC15M-26APR280800-00,689184c9-f110-5036-8d20-78792c6616de,1777376734,0.53,0.98,yes,"{""count_fp"":""0.98"",""created_time"":""2026-04-28T11:45:34.445264Z"",""no_price_dollars"":""0.4700"",""taker_side"":""yes"",""ticker"":""KXBTC15M-26APR280800-00"",""trade_id"":""689184c9-f110-5036-8d20-78792c6616de"",""yes_price_dollars"":""0.5300""}"
KXBTC15M-26APR280800-00,60a199ab-07d8-6b06-0024-981242c3142e,1777376734,0.53,3.0,yes,"{""count_fp"":""3.00"",""created_time"":""2026-04-28T11:45:34.438231Z"",""no_price_dollars"":""0.4700"",""taker_side"":""yes"",""ticker"":""KXBTC15M-26APR280800-00"",""trade_id"":""60a199ab-07d8-6b06-0024-981242c3142e"",""yes_price_dollars"":""0.5300""}"
KXBTC15M-26APR280800-00,f589de57-66e9-4225-5dd6-5c1915ae45a9,1777376734,0.53,3.0,yes,"{""count_fp"":""3.00"",""created_time"":""2026-04-28T11:45:34.436117Z"",""no_price_dollars"":""0.4700"",""taker_side"":""yes"",""ticker"":""KXBTC15M-26APR280800-00"",""trade_id"":""f589de57-66e9-4225-5dd6-5c1915ae45a9"",""yes_price_dollars"":""0.5300""}"
KXBTC15M-26APR280800-00,64074e24-c6c8-4f7e-6ec3-e06b42b49476,1777376734,0.53,22.0,yes,"{""count_fp"":""22.00"",""created_time"":""2026-04-28T11:45:34.436117Z"",""no_price_dollars"":""0.4700"",""taker_side"":""yes"",""ticker"":""KXBTC15M-26APR280800-00"",""trade_id"":""64074e24-c6c8-4f7e-6ec3-e06b42b49476"",""yes_price_dollars"":""0.5300""}"
KXBTC15M-26APR280800-00,de3baa54-e6c4-5a87-0d66-91d63743c4f7,1777376734,0.52,8.0,no,"{""count_fp"":""8.00"",""created_time"":""2026-04-28T11:45:34.101226Z"",""no_price_dollars"":""0.4800"",""taker_side"":""no"",""ticker"":""KXBTC15M-26APR280800-00"",""trade_id"":""de3baa54-e6c4-5a87-0d66-91d63743c4f7"",""yes_price_dollars"":""0.5200""}"
KXBTC15M-26APR280800-00,79aec334-17a5-5d93-2f16-6076f7397fc7,1777376734,0.52,3.72,no,"{""count_fp"":""3.72"",""created_time"":""2026-04-28T11:45:34.101226Z"",""no_price_dollars"":""0.4800"",""taker_side"":""no"",""ticker"":""KXBTC15M-26APR280800-00"",""trade_id"":""79aec334-17a5-5d93-2f16-6076f7397fc7"",""yes_price_dollars"":""0.5200""}"
KXBTC15M-26APR280800-00,0965b4fe-f7bc-56d7-396f-60cb4f78f32f,1777376734,0.52,8.0,no,"{""count_fp"":""8.00"",""created_time"":""2026-04-28T11:45:34.101226Z"",""no_price_dollars"":""0.4800"",""taker_side"":""no"",""ticker"":""KXBTC15M-26APR280800-00"",""trade_id"":""0965b4fe-f7bc-56d7-396f-60cb4f78f32f"",""yes_price_dollars"":""0.5200""}"
KXBTC15M-26APR280800-00,02dd5307-ef36-5c36-30d8-5fd31bc75d80,1777376734,0.52,0.38,no,"{""count_fp"":""0.38"",""created_time"":""2026-04-28T11:45:34.101226Z"",""no_price_dollars"":""0.4800"",""taker_side"":""no"",""ticker"":""KXBTC15M-26APR280800-00"",""trade_id"":""02dd5307-ef36-5c36-30d8-5fd31bc75d80"",""yes_price_dollars"":""0.5200""}"
KXBTC15M-26APR280800-00,7df149f8-a59b-627d-d722-3df5b81ff28c,1777376735,0.53,1.81,yes,"{""count_fp"":""1.81"",""created_time"":""2026-04-28T11:45:35.817847Z"",""no_price_dollars"":""0.4700"",""taker_side"":""yes"",""ticker"":""KXBTC15M-26APR280800-00"",""trade_id"":""7df149f8-a59b-627d-d722-3df5b81ff28c"",""yes_price_dollars"":""0.5300""}"
KXBTC15M-26APR280800-00,177af8c4-4cc1-575d-d94c-755a345664d6,1777376735,0.52,2.0,no,"{""count_fp"":""2.00"",""created_time"":""2026-04-28T11:45:35.547373Z"",""no_price_dollars"":""0.4800"",""taker_side"":""no"",""ticker"":""KXBTC15M-26APR280800-00"",""trade_id"":""177af8c4-4cc1-575d-d94c-755a345664d6"",""yes_price_dollars"":""0.5200""}"
KXBTC15M-26APR280800-00,92bc4ce4-4921-53c9-c2a6-414546aff9ba,1777376735,0.52,4.02,no,"{""count_fp"":""4.02"",""created_time"":""2026-04-28T11:45:35.497437Z"",""no_price_dollars"":""0.4800"",""taker_side"":""no"",""ticker"":""KXBTC15M-26APR280800-00"",""trade_id"":""92bc4ce4-4921-53c9-c2a6-414546aff9ba"",""yes_price_dollars"":""0.5200""}"
KXBTC15M-26APR280800-00,b8f66b76-de83-6831-6a34-3da6a93131a8,1777376735,0.53,1.0,yes,"{""count_fp"":""1.00"",""created_time"":""2026-04-28T11:45:35.131768Z"",""no_price_dollars"":""0.4700"",""taker_side"":""yes"",""ticker"":""KXBTC15M-26APR280800-00"",""trade_id"":""b8f66b76-de83-6831-6a34-3da6a93131a8"",""yes_price_dollars"":""0.5300""}"
KXBTC15M-26APR280800-00,3b78b981-5cc8-62f8-7d49-61a4dd93e0d4,1777376736,0.52,20.0,no,"{""count_fp"":""20.00"",""created_time"":""2026-04-28T11:45:36.794112Z"",""no_price_dollars"":""0.4800"",""taker_side"":""no"",""ticker"":""KXBTC15M-26APR280800-00"",""trade_id"":""3b78b981-5cc8-62f8-7d49-61a4dd93e0d4"",""yes_price_dollars"":""0.5200""}"
KXBTC15M-26APR280800-00,97071eda-0de7-4b9b-4cbc-66da22c69489,1777376736,0.53,20.0,yes,"{""count_fp"":""20.00"",""created_time"":""2026-04-28T11:45:36.459333Z"",""no_price_dollars"":""0.4700"",""taker_side"":""yes"",""ticker"":""KXBTC15M-26APR280800-00"",""trade_id"":""97071eda-0de7-4b9b-4cbc-66da22c69489"",""yes_price_dollars"":""0.5300""}"
KXBTC15M-26APR280800-00,a2bc5cb2-4443-7951-086a-fed05b022c08,1777376736,0.53,75.0,yes,"{""count_fp"":""75.00"",""created_time"":""2026-04-28T11:45:36.281149Z"",""no_price_dollars"":""0.4700"",""taker_side"":""yes"",""ticker"":""KXBTC15M-26APR280800-00"",""trade_id"":""a2bc5cb2-4443-7951-086a-fed05b022c08"",""yes_price_dollars"":""0.5300""}"
KXBTC15M-26APR280800-00,430686cf-f0ec-4034-2c83-449c3cb9f002,1777376737,0.51,1.0,no,"{""count_fp"":""1.00"",""created_time"":""2026-04-28T11:45:37.946617Z"",""no_price_dollars"":""0.4900"",""taker_side"":""no"",""ticker"":""KXBTC15M-26APR280800-00"",""trade_id"":""430686cf-f0ec-4034-2c83-449c3cb9f002"",""yes_price_dollars"":""0.5100""}"
KXBTC15M-26APR280800-00,82e4400b-b29b-5389-d2c9-b2413a6eba97,1777376737,0.52,19.0,yes,"{""count_fp"":""19.00"",""created_time"":""2026-04-28T11:45:37.576398Z"",""no_price_dollars"":""0.4800"",""taker_side"":""yes"",""ticker"":""KXBTC15M-26APR280800-00"",""trade_id"":""82e4400b-b29b-5389-d2c9-b2413a6eba97"",""yes_price_dollars"":""0.5200""}"
KXBTC15M-26APR280800-00,594c8f82-b099-585e-c84c-e9a838413d95,1777376737,0.52,40.0,yes,"{""count_fp"":""40.00"",""created_time"":""2026-04-28T11:45:37.576398Z"",""no_price_dollars"":""0.4800"",""taker_side"":""yes"",""ticker"":""KXBTC15M-26APR280800-00"",""trade_id"":""594c8f82-b099-585e-c84c-e9a838413d95"",""yes_price_dollars"":""0.5200""}"
KXBTC15M-26APR280800-00,e75680f8-adab-40b1-1635-e4720cced457,1777376738,0.52,46.51,yes,"{""count_fp"":""46.51"",""created_time"":""2026-04-28T11:45:38.820887Z"",""no_price_dollars"":""0.4800"",""taker_side"":""yes"",""ticker"":""KXBTC15M-26APR280800-00"",""trade_id"":""e75680f8-adab-40b1-1635-e4720cced457"",""yes_price_dollars"":""0.5200""}"
KXBTC15M-26APR280800-00,9af42d2d-eb70-4560-6356-97c5ae281c7e,1777376738,0.51,5.9,no,"{""count_fp"":""5.90"",""created_time"":""2026-04-28T11:45:38.575711Z"",""no_price_dollars"":""0.4900"",""taker_side"":""no"",""ticker"":""KXBTC15M-26APR280800-00"",""trade_id"":""9af42d2d-eb70-4560-6356-97c5ae281c7e"",""yes_price_dollars"":""0.5100""}"
KXBTC15M-26APR280800-00,e2cb8627-20d7-4995-96e8-51db44d9784b,1777376738,0.52,4.01,yes,"{""count_fp"":""4.01"",""created_time"":""2026-04-28T11:45:38.523625Z"",""no_price_dollars"":""0.4800"",""taker_side"":""yes"",""ticker"":""KXBTC15M-26APR280800-00"",""trade_id"":""e2cb8627-20d7-4995-96e8-51db44d9784b"",""yes_price_dollars"":""0.5200""}"
KXBTC15M-26APR280800-00,e8df9991-f6af-495d-d2ae-69789e20b1cb,1777376739,0.52,38.0,yes,"{""count_fp"":""38.00"",""created_time"":""2026-04-28T11:45:39.289393Z"",""no_price_dollars"":""0.4800"",""taker_side"":""yes"",""ticker"":""KXBTC15M-26APR280800-00"",""trade_id"":""e8df9991-f6af-495d-d2ae-69789e20b1cb"",""yes_price_dollars"":""0.5200""}"
KXBTC15M-26APR280800-00,b3d35ee3-ae03-4d09-f9c8-3f7fa599e47f,1777376739,0.52,361.68,yes,"{""count_fp"":""361.68"",""created_time"":""2026-04-28T11:45:39.243475Z"",""no_price_dollars"":""0.4800"",""taker_side"":""yes"",""ticker"":""KXBTC15M-26APR280800-00"",""trade_id"":""b3d35ee3-ae03-4d09-f9c8-3f7fa599e47f"",""yes_price_dollars"":""0.5200""}"
KXBTC15M-26APR280800-00,cff0a6fb-7ee8-46c8-0c74-c4545ad177d6,1777376739,0.51,9.83,no,"{""count_fp"":""9.83"",""created_time"":""2026-04-28T11:45:39.237233Z"",""no_price_dollars"":""0.4900"",""taker_side"":""no"",""ticker"":""KXBTC15M-26APR280800-00"",""trade_id"":""cff0a6fb-7ee8-46c8-0c74-c4545ad177d6"",""yes_price_dollars"":""0.5100""}"
KXBTC15M-26APR280800-00,80a364de-c1d3-5271-0d9a-36330eb500b7,1777376739,0.52,18.6,yes,"{""count_fp"":""18.60"",""created_time"":""2026-04-28T11:45:39.117589Z"",""no_price_dollars"":""0.4800"",""taker_side"":""yes"",""ticker"":""KXBTC15M-26APR280800-00"",""trade_id"":""80a364de-c1d3-5271-0d9a-36330eb500b7"",""yes_price_dollars"":""0.5200""}"
KXBTC15M-26APR280800-00,0a42217b-149f-52f5-fbc0-1bac6160f2d7,1777376739,0.52,9.13,yes,"{""count_fp"":""9.13"",""created_time"":""2026-04-28T11:45:39.005052Z"",""no_price_dollars"":""0.4800"",""taker_side"":""yes"",""ticker"":""KXBTC15M-26APR280800-00"",""trade_id"":""0a42217b-149f-52f5-fbc0-1bac6160f2d7"",""yes_price_dollars"":""0.5200""}"
KXBTC15M-26APR280800-00,8b13d2f1-e5ce-5143-001f-3d65e81f29af,1777376740,0.5,77.13,no,"{""count_fp"":""77.13"",""created_time"":""2026-04-28T11:45:40.771587Z"",""no_price_dollars"":""0.5000"",""taker_side"":""no"",""ticker"":""KXBTC15M-26APR280800-00"",""trade_id"":""8b13d2f1-e5ce-5143-001f-3d65e81f29af"",""yes_price_dollars"":""0.5000""}"
KXBTC15M-26APR280800-00,741eaabc-98d2-55f4-00c7-5fafb38b50a0,1777376740,0.51,30.0,no,"{""count_fp"":""30.00"",""created_time"":""2026-04-28T11:45:40.771587Z"",""no_price_dollars"":""0.4900"",""taker_side"":""no"",""ticker"":""KXBTC15M-26APR280800-00"",""trade_id"":""741eaabc-98d2-55f4-00c7-5fafb38b50a0"",""yes_price_dollars"":""0.5100""}"
KXBTC15M-26APR280800-00,6f18ea29-e0e5-5512-2293-2860d4b35e49,1777376740,0.51,3.87,no,"{""count_fp"":""3.87"",""created_time"":""2026-04-28T11:45:40.771587Z"",""no_price_dollars"":""0.4900"",""taker_side"":""no"",""ticker"":""KXBTC15M-26APR280800-00"",""trade_id"":""6f18ea29-e0e5-5512-2293-2860d4b35e49"",""yes_price_dollars"":""0.5100""}"
KXBTC15M-26APR280800-00,b2993a40-87d8-5d50-73e6-e4330605010a,1777376740,0.51,13.27,no,"{""count_fp"":""13.27"",""created_time"":""2026-04-28T11:45:40.318928Z"",""no_price_dollars"":""0.4900"",""taker_side"":""no"",""ticker"":""KXBTC15M-26APR280800-00"",""trade_id"":""b2993a40-87d8-5d50-73e6-e4330605010a"",""yes_price_dollars"":""0.5100""}"
KXBTC15M-26APR280800-00,6bcd9af8-d351-5f9a-6403-544f606c7661,1777376740,0.51,26.13,no,"{""count_fp"":""26.13"",""created_time"":""2026-04-28T11:45:40.318928Z"",""no_price_dollars"":""0.4900"",""taker_side"":""no"",""ticker"":""KXBTC15M-26APR280800-00"",""trade_id"":""6bcd9af8-d351-5f9a-6403-544f606c7661"",""yes_price_dollars"":""0.5100""}"
KXBTC15M-26APR280800-00,9ea811b6-1fce-5de3-14d0-896c266993eb,1777376741,0.5,1.0,no,"{""count_fp"":""1.00"",""created_time"":""2026-04-28T11:45:41.087373Z"",""no_price_dollars"":""0.5000"",""taker_side"":""no"",""ticker"":""KXBTC15M-26APR280800-00"",""trade_id"":""9ea811b6-1fce-5de3-14d0-896c266993eb"",""yes_price_dollars"":""0.5000""}"
KXBTC15M-26APR280800-00,fc835ba8-32bf-5c7a-2d1e-f2f6a4202025,1777376741,0.51,6.3,yes,"{""count_fp"":""6.30"",""created_time"":""2026-04-28T11:45:41.009138Z"",""no_price_dollars"":""0.4900"",""taker_side"":""yes"",""ticker"":""KXBTC15M-26APR280800-00"",""trade_id"":""fc835ba8-32bf-5c7a-2d1e-f2f6a4202025"",""yes_price_dollars"":""0.5100""}"
KXBTC15M-26APR280800-00,b1fd67e1-afc8-5528-1198-e2111d4b3f64,1777376741,0.51,3.0,yes,"{""count_fp"":""3.00"",""created_time"":""2026-04-28T11:45:41.009138Z"",""no_price_dollars"":""0.4900"",""taker_side"":""yes"",""ticker"":""KXBTC15M-26APR280800-00"",""trade_id"":""b1fd67e1-afc8-5528-1198-e2111d4b3f64"",""yes_price_dollars"":""0.5100""}"
KXBTC15M-26APR280800-00,37f94561-5a1f-681e-e49e-a847982daa71,1777376742,0.51,0.18,yes,"{""count_fp"":""0.18"",""created_time"":""2026-04-28T11:45:42.775919Z"",""no_price_dollars"":""0.4900"",""taker_side"":""yes"",""ticker"":""KXBTC15M-26APR280800-00"",""trade_id"":""37f94561-5a1f-681e-e49e-a847982daa71"",""yes_price_dollars"":""0.5100""}"
KXBTC15M-26APR280800-00,99529585-b142-4287-e873-1d2011dfe7eb,1777376742,0.5,19.3,no,"{""count_fp"":""19.30"",""created_time"":""2026-04-28T11:45:42.624743Z"",""no_price_dollars"":""0.5000"",""taker_side"":""no"",""ticker"":""KXBTC15M-26APR280800-00"",""trade_id"":""99529585-b142-4287-e873-1d2011dfe7eb"",""yes_price_dollars"":""0.5000""}"
KXBTC15M-26APR280800-00,a2186809-34ae-7d77-13ce-a4670a3c1d03,1777376743,0.5,47.0,no,"{""count_fp"":""47.00"",""created_time"":""2026-04-28T11:45:43.619375Z"",""no_price_dollars"":""0.5000"",""taker_side"":""no"",""ticker"":""KXBTC15M-26APR280800-00"",""trade_id"":""a2186809-34ae-7d77-13ce-a4670a3c1d03"",""yes_price_dollars"":""0.5000""}"
KXBTC15M-26APR280800-00,954dd8e7-ff33-6562-04ab-dec45b10e6f5,1777376743,0.51,12.5,yes,"{""count_fp"":""12.50"",""created_time"":""2026-04-28T11:45:43.546377Z"",""no_price_dollars"":""0.4900"",""taker_side"":""yes"",""ticker"":""KXBTC15M-26APR280800-00"",""trade_id"":""954dd8e7-ff33-6562-04ab-dec45b10e6f5"",""yes_price_dollars"":""0.5100""}"
KXBTC15M-26APR280800-00,e20d763a-dbe6-73db-7ab7-9e002822d323,1777376743,0.5,135.26,no,"{""count_fp"":""135.26"",""created_time"":""2026-04-28T11:45:43.107689Z"",""no_price_dollars"":""0.5000"",""taker_side"":""no"",""ticker"":""KXBTC15M-26APR280800-00"",""trade_id"":""e20d763a-dbe6-73db-7ab7-9e002822d323"",""yes_price_dollars"":""0.5000""}"
KXBTC15M-26APR280800-00,c8e4f72f-07a3-6772-a095-bbd38c79fa11,1777376744,0.51,75.82,yes,"{""count_fp"":""75.82"",""created_time"":""2026-04-28T11:45:44.727294Z"",""no_price_dollars"":""0.4900"",""taker_side"":""yes"",""ticker"":""KXBTC15M-26APR280800-00"",""trade_id"":""c8e4f72f-07a3-6772-a095-bbd38c79fa11"",""yes_price_dollars"":""0.5100""}"
KXBTC15M-26APR280800-00,16fd7648-8fcb-6c72-5a58-94f0316ffa25,1777376744,0.51,79.62,yes,"{""count_fp"":""79.62"",""created_time"":""2026-04-28T11:45:44.364184Z"",""no_price_dollars"":""0.4900"",""taker_side"":""yes"",""ticker"":""KXBTC15M-26APR280800-00"",""trade_id"":""16fd7648-8fcb-6c72-5a58-94f0316ffa25"",""yes_price_dollars"":""0.5100""}"
KXBTC15M-26APR280800-00,aeadfab0-de43-5576-1079-bd62015fd915,1777376745,0.51,160.35,yes,"{""count_fp"":""160.35"",""created_time"":""2026-04-28T11:45:45.853744Z"",""no_price_dollars"":""0.4900"",""taker_side"":""yes"",""ticker"":""KXBTC15M-26APR280800-00"",""trade_id"":""aeadfab0-de43-5576-1079-bd62015fd915"",""yes_price_dollars"":""0.5100""}"
KXBTC15M-26APR280800-00,fc9568a0-ed1b-74fa-589f-1dedb69a1f1a,1777376745,0.5,29.22,no,"{""count_fp"":""29.22"",""created_time"":""2026-04-28T11:45:45.349935Z"",""no_price_dollars"":""0.5000"",""taker_side"":""no"",""ticker"":""KXBTC15M-26APR280800-00"",""trade_id"":""fc9568a0-ed1b-74fa-589f-1dedb69a1f1a"",""yes_price_dollars"":""0.5000""}"
KXBTC15M-26APR280800-00,f37551ce-812c-719e-41b0-18377d188f82,1777376745,0.5,120.0,no,"{""count_fp"":""120.00"",""created_time"":""2026-04-28T11:45:45.349935Z"",""no_price_dollars"":""0.5000"",""taker_side"":""no"",""ticker"":""KXBTC15M-26APR280800-00"",""trade_id"":""f37551ce-812c-719e-41b0-18377d188f82"",""yes_price_dollars"":""0.5000""}"
KXBTC15M-26APR280800-00,d6ce53a2-4070-72c2-5291-a2dad7a3f980,1777376745,0.5,1.0,no,"{""count_fp"":""1.00"",""created_time"":""2026-04-28T11:45:45.349935Z"",""no_price_dollars"":""0.5000"",""taker_side"":""no"",""ticker"":""KXBTC15M-26APR280800-00"",""trade_id"":""d6ce53a2-4070-72c2-5291-a2dad7a3f980"",""yes_price_dollars"":""0.5000""}"
KXBTC15M-26APR280800-00,cff273d3-838a-7a58-57b9-3aa55253b0d9,1777376745,0.5,16.0,no,"{""count_fp"":""16.00"",""created_time"":""2026-04-28T11:45:45.349935Z"",""no_price_dollars"":""0.5000"",""taker_side"":""no"",""ticker"":""KXBTC15M-26APR280800-00"",""trade_id"":""cff273d3-838a-7a58-57b9-3aa55253b0d9"",""yes_price_dollars"":""0.5000""}"
KXBTC15M-26APR280800-00,976b939a-707a-77c4-46c0-6fee5c1eb9af,1777376745,0.5,10.0,no,"{""count_fp"":""10.00"",""created_time"":""2026-04-28T11:45:45.349935Z"",""no_price_dollars"":""0.5000"",""taker_side"":""no"",""ticker"":""KXBTC15M-26APR280800-00"",""trade_id"":""976b939a-707a-77c4-46c0-6fee5c1eb9af"",""yes_price_dollars"":""0.5000""}"
KXBTC15M-26APR280800-00,7d6e36c5-f051-70c5-5961-80f5a37deb9e,1777376745,0.5,1.0,no,"{""count_fp"":""1.00"",""created_time"":""2026-04-28T11:45:45.349935Z"",""no_price_dollars"":""0.5000"",""taker_side"":""no"",""ticker"":""KXBTC15M-26APR280800-00"",""trade_id"":""7d6e36c5-f051-70c5-5961-80f5a37deb9e"",""yes_price_dollars"":""0.5000""}"
KXBTC15M-26APR280800-00,61694c1f-1eb6-789e-4c76-dca942e14a69,1777376745,0.5,40.0,no,"{""count_fp"":""40.00"",""created_time"":""2026-04-28T11:45:45.349935Z"",""no_price_dollars"":""0.5000"",""taker_side"":""no"",""ticker"":""KXBTC15M-26APR280800-00"",""trade_id"":""61694c1f-1eb6-789e-4c76-dca942e14a69"",""yes_price_dollars"":""0.5000""}"
KXBTC15M-26APR280800-00,594b1a31-35cb-7d75-64d4-fa75e336eda8,1777376745,0.5,1.0,no,"{""count_fp"":""1.00"",""created_time"":""2026-04-28T11:45:45.349935Z"",""no_price_dollars"":""0.5000"",""taker_side"":""no"",""ticker"":""KXBTC15M-26APR280800-00"",""trade_id"":""594b1a31-35cb-7d75-64d4-fa75e336eda8"",""yes_price_dollars"":""0.5000""}"
KXBTC15M-26APR280800-00,44250111-9f57-730b-7fc7-4454e275e783,1777376745,0.5,128.0,no,"{""count_fp"":""128.00"",""created_time"":""2026-04-28T11:45:45.349935Z"",""no_price_dollars"":""0.5000"",""taker_side"":""no"",""ticker"":""KXBTC15M-26APR280800-00"",""trade_id"":""44250111-9f57-730b-7fc7-4454e275e783"",""yes_price_dollars"":""0.5000""}"
KXBTC15M-26APR280800-00,12ce055d-2599-7262-7421-c601b7eaf97d,1777376745,0.5,30.0,no,"{""count_fp"":""30.00"",""created_time"":""2026-04-28T11:45:45.349935Z"",""no_price_dollars"":""0.5000"",""taker_side"":""no"",""ticker"":""KXBTC15M-26APR280800-00"",""trade_id"":""12ce055d-2599-7262-7421-c601b7eaf97d"",""yes_price_dollars"":""0.5000""}"
KXBTC15M-26APR280800-00,0db0df4b-49ae-7f43-7335-a2266d152963,1777376745,0.5,312.78,no,"{""count_fp"":""312.78"",""created_time"":""2026-04-28T11:45:45.349935Z"",""no_price_dollars"":""0.5000"",""taker_side"":""no"",""ticker"":""KXBTC15M-26APR280800-00"",""trade_id"":""0db0df4b-49ae-7f43-7335-a2266d152963"",""yes_price_dollars"":""0.5000""}"
KXBTC15M-26APR280800-00,25400b8c-67e7-592e-488a-bb46037893f9,1777376746,0.51,9.47,yes,"{""count_fp"":""9.47"",""created_time"":""2026-04-28T11:45:46.543822Z"",""no_price_dollars"":""0.4900"",""taker_side"":""yes"",""ticker"":""KXBTC15M-26APR280800-00"",""trade_id"":""25400b8c-67e7-592e-488a-bb46037893f9"",""yes_price_dollars"":""0.5100""}"
KXBTC15M-26APR280800-00,e4dad89b-9b2b-763e-d431-bf86d6e57e11,1777376747,0.5,30.0,yes,"{""count_fp"":""30.00"",""created_time"":""2026-04-28T11:45:47.692945Z"",""no_price_dollars"":""0.5000"",""taker_side"":""yes"",""ticker"":""KXBTC15M-26APR280800-00"",""trade_id"":""e4dad89b-9b2b-763e-d431-bf86d6e57e11"",""yes_price_dollars"":""0.5000""}"
KXBTC15M-26APR280800-00,176c0b76-a6fb-7bd2-bf5c-fbbc943d2805,1777376747,0.5,0.25,yes,"{""count_fp"":""0.25"",""created_time"":""2026-04-28T11:45:47.511792Z"",""no_price_dollars"":""0.5000"",""taker_side"":""yes"",""ticker"":""KXBTC15M-26APR280800-00"",""trade_id"":""176c0b76-a6fb-7bd2-bf5c-fbbc943d2805"",""yes_price_dollars"":""0.5000""}"
KXBTC15M-26APR280800-00,406ff182-be9b-720a-de46-704fd504c4b1,1777376747,0.51,2.0,yes,"{""count_fp"":""2.00"",""created_time"":""2026-04-28T11:45:47.006255Z"",""no_price_dollars"":""0.4900"",""taker_side"":""yes"",""ticker"":""KXBTC15M-26APR280800-00"",""trade_id"":""406ff182-be9b-720a-de46-704fd504c4b1"",""yes_price_dollars"":""0.5100""}"
KXBTC15M-26APR280800-00,d214c1f3-3c8b-427e-82a4-febe4dbb59dd,1777376748,0.5,94.0,yes,"{""count_fp"":""94.00"",""created_time"":""2026-04-28T11:45:48.593056Z"",""no_price_dollars"":""0.5000"",""taker_side"":""yes"",""ticker"":""KXBTC15M-26APR280800-00"",""trade_id"":""d214c1f3-3c8b-427e-82a4-febe4dbb59dd"",""yes_price_dollars"":""0.5000""}"
KXBTC15M-26APR280800-00,bac486d0-7127-6f02-7b53-fa96028210c5,1777376748,0.5,18.0,yes,"{""count_fp"":""18.00"",""created_time"":""2026-04-28T11:45:48.465745Z"",""no_price_dollars"":""0.5000"",""taker_side"":""yes"",""ticker"":""KXBTC15M-26APR280800-00"",""trade_id"":""bac486d0-7127-6f02-7b53-fa96028210c5"",""yes_price_dollars"":""0.5000""}"
KXBTC15M-26APR280800-00,6bb4af46-22db-7d3f-e80a-abd698646618,1777376749,0.48,2.0,yes,"{""count_fp"":""2.00"",""created_time"":""2026-04-28T11:45:49.906905Z"",""no_price_dollars"":""0.5200"",""taker_side"":""yes"",""ticker"":""KXBTC15M-26APR280800-00"",""trade_id"":""6bb4af46-22db-7d3f-e80a-abd698646618"",""yes_price_dollars"":""0.4800""}"
KXBTC15M-26APR280800-00,824283a5-42e6-5635-87bf-fdec5cfbd449,1777376749,0.48,19.68,no,"{""count_fp"":""19.68"",""created_time"":""2026-04-28T11:45:49.573317Z"",""no_price_dollars"":""0.5200"",""taker_side"":""no"",""ticker"":""KXBTC15M-26APR280800-00"",""trade_id"":""824283a5-42e6-5635-87bf-fdec5cfbd449"",""yes_price_dollars"":""0.4800""}"
KXBTC15M-26APR280800-00,d19450d8-e1b0-47d8-129f-1b9a2270fd36,1777376749,0.49,40.0,no,"{""count_fp"":""40.00"",""created_time"":""2026-04-28T11:45:49.342036Z"",""no_price_dollars"":""0.5100"",""taker_side"":""no"",""ticker"":""KXBTC15M-26APR280800-00"",""trade_id"":""d19450d8-e1b0-47d8-129f-1b9a2270fd36"",""yes_price_dollars"":""0.4900""}"
KXBTC15M-26APR280800-00,c7c12411-a62e-4931-3c03-c5af1ab25969,1777376749,0.48,20.32,no,"{""count_fp"":""20.32"",""created_time"":""2026-04-28T11:45:49.342036Z"",""no_price_dollars"":""0.5200"",""taker_side"":""no"",""ticker"":""KXBTC15M-26APR280800-00"",""trade_id"":""c7c12411-a62e-4931-3c03-c5af1ab25969"",""yes_price_dollars"":""0.4800""}"
KXBTC15M-26APR280800-00,8baa1c50-f39c-483e-0871-2dbf0725eb02,1777376749,0.48,6.0,no,"{""count_fp"":""6.00"",""created_time"":""2026-04-28T11:45:49.342036Z"",""no_price_dollars"":""0.5200"",""taker_side"":""no"",""ticker"":""KXBTC15M-26APR280800-00"",""trade_id"":""8baa1c50-f39c-483e-0871-2dbf0725eb02"",""yes_price_dollars"":""0.4800""}"
KXBTC15M-26APR280800-00,768c507c-8284-4ec4-0a6c-1a3c2c55d518,1777376749,0.49,9.06,no,"{""count_fp"":""9.06"",""created_time"":""2026-04-28T11:45:49.342036Z"",""no_price_dollars"":""0.5100"",""taker_side"":""no"",""ticker"":""KXBTC15M-26APR280800-00"",""trade_id"":""768c507c-8284-4ec4-0a6c-1a3c2c55d518"",""yes_price_dollars"":""0.4900""}"
KXBTC15M-26APR280800-00,2eea0ed7-bebc-4e41-0e0f-45d337cb960d,1777376749,0.49,17.0,no,"{""count_fp"":""17.00"",""created_time"":""2026-04-28T11:45:49.342036Z"",""no_price_dollars"":""0.5100"",""taker_side"":""no"",""ticker"":""KXBTC15M-26APR280800-00"",""trade_id"":""2eea0ed7-bebc-4e41-0e0f-45d337cb960d"",""yes_price_dollars"":""0.4900""}"
KXBTC15M-26APR280800-00,ad0a20b8-5610-4af4-a45e-b38c8bfde8e0,1777376749,0.49,1.89,no,"{""count_fp"":""1.89"",""created_time"":""2026-04-28T11:45:49.003018Z"",""no_price_dollars"":""0.5100"",""taker_side"":""no"",""ticker"":""KXBTC15M-26APR280800-00"",""trade_id"":""ad0a20b8-5610-4af4-a45e-b38c8bfde8e0"",""yes_price_dollars"":""0.4900""}"
KXBTC15M-26APR280800-00,c2a202c2-4e87-6d7b-418d-c602a35bbf10,1777376750,0.48,3.79,yes,"{""count_fp"":""3.79"",""created_time"":""2026-04-28T11:45:50.991353Z"",""no_price_dollars"":""0.5200"",""taker_side"":""yes"",""ticker"":""KXBTC15M-26APR280800-00"",""trade_id"":""c2a202c2-4e87-6d7b-418d-c602a35bbf10"",""yes_price_dollars"":""0.4800""}"
KXBTC15M-26APR280800-00,c8b8e9e0-c3b7-5136-5894-224212f244bd,1777376751,0.48,74.93,yes,"{""count_fp"":""74.93"",""created_time"":""2026-04-28T11:45:51.609791Z"",""no_price_dollars"":""0.5200"",""taker_side"":""yes"",""ticker"":""KXBTC15M-26APR280800-00"",""trade_id"":""c8b8e9e0-c3b7-5136-5894-224212f244bd"",""yes_price_dollars"":""0.4800""}"
KXBTC15M-26APR280800-00,9fd75e6f-b39f-5d7b-6493-7c42ec246418,1777376751,0.48,14.53,yes,"{""count_fp"":""14.53"",""created_time"":""2026-04-28T11:45:51.609791Z"",""no_price_dollars"":""0.5200"",""taker_side"":""yes"",""ticker"":""KXBTC15M-26APR280800-00"",""trade_id"":""9fd75e6f-b39f-5d7b-6493-7c42ec246418"",""yes_price_dollars"":""0.4800""}"
KXBTC15M-26APR280800-00,026483e5-c009-523c-478d-59829b4dd208,1777376751,0.48,3.0,yes,"{""count_fp"":""3.00"",""created_time"":""2026-04-28T11:45:51.609791Z"",""no_price_dollars"":""0.5200"",""taker_side"":""yes"",""ticker"":""KXBTC15M-26APR280800-00"",""trade_id"":""026483e5-c009-523c-478d-59829b4dd208"",""yes_price_dollars"":""0.4800""}"
KXBTC15M-26APR280800-00,14222c9b-92af-4223-f6f2-76003e42490c,1777376752,0.47,1.82,no,"{""count_fp"":""1.82"",""created_time"":""2026-04-28T11:45:52.968759Z"",""no_price_dollars"":""0.5300"",""taker_side"":""no"",""ticker"":""KXBTC15M-26APR280800-00"",""trade_id"":""14222c9b-92af-4223-f6f2-76003e42490c"",""yes_price_dollars"":""0.4700""}"
KXBTC15M-26APR280800-00,f2504aa8-123a-47b2-29ea-2c0b3bb5fcf7,1777376752,0.48,299.15,yes,"{""count_fp"":""299.15"",""created_time"":""2026-04-28T11:45:52.827104Z"",""no_price_dollars"":""0.5200"",""taker_side"":""yes"",""ticker"":""KXBTC15M-26APR280800-00"",""trade_id"":""f2504aa8-123a-47b2-29ea-2c0b3bb5fcf7"",""yes_price_dollars"":""0.4800""}"
KXBTC15M-26APR280800-00,97904f16-e7a8-4073-2e8f-8db5901bcfe9,1777376752,0.48,20.0,yes,"{""count_fp"":""20.00"",""created_time"":""2026-04-28T11:45:52.827104Z"",""no_price_dollars"":""0.5200"",""taker_side"":""yes"",""ticker"":""KXBTC15M-26APR280800-00"",""trade_id"":""97904f16-e7a8-4073-2e8f-8db5901bcfe9"",""yes_price_dollars"":""0.4800""}"
KXBTC15M-26APR280800-00,fa283838-2a51-7ae3-4a70-24f4a7d5f728,1777376752,0.46,90.4,no,"{""count_fp"":""90.40"",""created_time"":""2026-04-28T11:45:52.717517Z"",""no_price_dollars"":""0.5400"",""taker_side"":""no"",""ticker"":""KXBTC15M-26APR280800-00"",""trade_id"":""fa283838-2a51-7ae3-4a70-24f4a7d5f728"",""yes_price_dollars"":""0.4600""}"
KXBTC15M-26APR280800-00,d25f9163-a729-70c7-70f8-8b6378383606,1777376752,0.47,10.0,no,"{""count_fp"":""10.00"",""created_time"":""2026-04-28T11:45:52.717517Z"",""no_price_dollars"":""0.5300"",""taker_side"":""no"",""ticker"":""KXBTC15M-26APR280800-00"",""trade_id"":""d25f9163-a729-70c7-70f8-8b6378383606"",""yes_price_dollars"":""0.4700""}"
KXBTC15M-26APR280800-00,cd53e3a5-4b40-7236-55d7-6bb306ecf2e2,1777376752,0.47,10.0,no,"{""count_fp"":""10.00"",""created_time"":""2026-04-28T11:45:52.717517Z"",""no_price_dollars"":""0.5300"",""taker_side"":""no"",""ticker"":""KXBTC15M-26APR280800-00"",""trade_id"":""cd53e3a5-4b40-7236-55d7-6bb306ecf2e2"",""yes_price_dollars"":""0.4700""}"
KXBTC15M-26APR280800-00,b8ba58fd-0fad-7632-7da0-7cf64d2ff679,1777376752,0.47,7.0,no,"{""count_fp"":""7.00"",""created_time"":""2026-04-28T11:45:52.717517Z"",""no_price_dollars"":""0.5300"",""taker_side"":""no"",""ticker"":""KXBTC15M-26APR280800-00"",""trade_id"":""b8ba58fd-0fad-7632-7da0-7cf64d2ff679"",""yes_price_dollars"":""0.4700""}"
KXBTC15M-26APR280800-00,86eeb5e1-c9a7-77e5-4b9b-0b265e0a147f,1777376752,0.47,20.6,no,"{""count_fp"":""20.60"",""created_time"":""2026-04-28T11:45:52.717517Z"",""no_price_dollars"":""0.5300"",""taker_side"":""no"",""ticker"":""KXBTC15M-26APR280800-00"",""trade_id"":""86eeb5e1-c9a7-77e5-4b9b-0b265e0a147f"",""yes_price_dollars"":""0.4700""}"
KXBTC15M-26APR280800-00,21df4493-9169-7d68-4466-f4666701430f,1777376752,0.46,1.0,no,"{""count_fp"":""1.00"",""created_time"":""2026-04-28T11:45:52.717517Z"",""no_price_dollars"":""0.5400"",""taker_side"":""no"",""ticker"":""KXBTC15M-26APR280800-00"",""trade_id"":""21df4493-9169-7d68-4466-f4666701430f"",""yes_price_dollars"":""0.4600""}"
KXBTC15M-26APR280800-00,0126e1be-b197-7f55-734e-762a06603831,1777376752,0.47,1.0,no,"{""count_fp"":""1.00"",""created_time"":""2026-04-28T11:45:52.717517Z"",""no_price_dollars"":""0.5300"",""taker_side"":""no"",""ticker"":""KXBTC15M-26APR280800-00"",""trade_id"":""0126e1be-b197-7f55-734e-762a06603831"",""yes_price_dollars"":""0.4700""}"
KXBTC15M-26APR280800-00,f86bfa34-4867-5f40-2842-c5fb83a159f4,1777376752,0.47,8.0,no,"{""count_fp"":""8.00"",""created_time"":""2026-04-28T11:45:52.551938Z"",""no_price_dollars"":""0.5300"",""taker_side"":""no"",""ticker"":""KXBTC15M-26APR280800-00"",""trade_id"":""f86bfa34-4867-5f40-2842-c5fb83a159f4"",""yes_price_dollars"":""0.4700""}"
KXBTC15M-26APR280800-00,d13c84e9-83eb-5215-1d27-fc5b417730b3,1777376752,0.47,19.4,no,"{""count_fp"":""19.40"",""created_time"":""2026-04-28T11:45:52.551938Z"",""no_price_dollars"":""0.5300"",""taker_side"":""no"",""ticker"":""KXBTC15M-26APR280800-00"",""trade_id"":""d13c84e9-83eb-5215-1d27-fc5b417730b3"",""yes_price_dollars"":""0.4700""}"
KXBTC15M-26APR280800-00,825c02fb-e05e-4666-0551-273fcc7f58ab,1777376753,0.48,20.08,yes,"{""count_fp"":""20.08"",""created_time"":""2026-04-28T11:45:53.763017Z"",""no_price_dollars"":""0.5200"",""taker_side"":""yes"",""ticker"":""KXBTC15M-26APR280800-00"",""trade_id"":""825c02fb-e05e-4666-0551-273fcc7f58ab"",""yes_price_dollars"":""0.4800""}"
KXBTC15M-26APR280800-00,4f2b1a82-e552-7042-6f8d-95bf7f1a0be3,1777376754,0.47,98.49,yes,"{""count_fp"":""98.49"",""created_time"":""2026-04-28T11:45:54.863223Z"",""no_price_dollars"":""0.5300"",""taker_side"":""yes"",""ticker"":""KXBTC15M-26APR280800-00"",""trade_id"":""4f2b1a82-e552-7042-6f8d-95bf7f1a0be3"",""yes_price_dollars"":""0.4700""}"
KXBTC15M-26APR280800-00,c3306581-567e-4b92-ae22-ee2b6db92893,1777376754,0.47,158.03,yes,"{""count_fp"":""158.03"",""created_time"":""2026-04-28T11:45:54.222001Z"",""no_price_dollars"":""0.5300"",""taker_side"":""yes"",""ticker"":""KXBTC15M-26APR280800-00"",""trade_id"":""c3306581-567e-4b92-ae22-ee2b6db92893"",""yes_price_dollars"":""0.4700""}"
KXBTC15M-26APR280800-00,fac469f6-a8b6-4971-3e54-37dddea718cf,1777376754,0.47,1.0,yes,"{""count_fp"":""1.00"",""created_time"":""2026-04-28T11:45:54.004574Z"",""no_price_dollars"":""0.5300"",""taker_side"":""yes"",""ticker"":""KXBTC15M-26APR280800-00"",""trade_id"":""fac469f6-a8b6-4971-3e54-37dddea718cf"",""yes_price_dollars"":""0.4700""}"
KXBTC15M-26APR280800-00,1189aeb8-546c-5bb8-3afb-9d1f15bd1734,1777376756,0.45,1.11,no,"{""count_fp"":""1.11"",""created_time"":""2026-04-28T11:45:56.813023Z"",""no_price_dollars"":""0.5500"",""taker_side"":""no"",""ticker"":""KXBTC15M-26APR280800-00"",""trade_id"":""1189aeb8-546c-5bb8-3afb-9d1f15bd1734"",""yes_price_dollars"":""0.4500""}"
KXBTC15M-26APR280800-00,e085e943-bcfa-7eca-5d29-d2fac7ae3bca,1777376756,0.46,40.0,no,"{""count_fp"":""40.00"",""created_time"":""2026-04-28T11:45:56.765202Z"",""no_price_dollars"":""0.5400"",""taker_side"":""no"",""ticker"":""KXBTC15M-26APR280800-00"",""trade_id"":""e085e943-bcfa-7eca-5d29-d2fac7ae3bca"",""yes_price_dollars"":""0.4600""}"
KXBTC15M-26APR280800-00,da36e2d3-8a98-75af-4377-9a18adf157fc,1777376756,0.45,8.0,no,"{""count_fp"":""8.00"",""created_time"":""2026-04-28T11:45:56.765202Z"",""no_price_dollars"":""0.5500"",""taker_side"":""no"",""ticker"":""KXBTC15M-26APR280800-00"",""trade_id"":""da36e2d3-8a98-75af-4377-9a18adf157fc"",""yes_price_dollars"":""0.4500""}"
KXBTC15M-26APR280800-00,b650f197-93c9-770f-77e7-0b93d0e5fa18,1777376756,0.46,29.6,no,"{""count_fp"":""29.60"",""created_time"":""2026-04-28T11:45:56.765202Z"",""no_price_dollars"":""0.5400"",""taker_side"":""no"",""ticker"":""KXBTC15M-26APR280800-00"",""trade_id"":""b650f197-93c9-770f-77e7-0b93d0e5fa18"",""yes_price_dollars"":""0.4600""}"
KXBTC15M-26APR280800-00,a6c58420-0477-749e-45b1-5233e7aa4d59,1777376756,0.45,40.0,no,"{""count_fp"":""40.00"",""created_time"":""2026-04-28T11:45:56.765202Z"",""no_price_dollars"":""0.5500"",""taker_side"":""no"",""ticker"":""KXBTC15M-26APR280800-00"",""trade_id"":""a6c58420-0477-749e-45b1-5233e7aa4d59"",""yes_price_dollars"":""0.4500""}"
KXBTC15M-26APR280800-00,a4447764-651b-76b6-6dc4-900a89c3661f,1777376756,0.46,1.0,no,"{""count_fp"":""1.00"",""created_time"":""2026-04-28T11:45:56.765202Z"",""no_price_dollars"":""0.5400"",""taker_side"":""no"",""ticker"":""KXBTC15M-26APR280800-00"",""trade_id"":""a4447764-651b-76b6-6dc4-900a89c3661f"",""yes_price_dollars"":""0.4600""}"
KXBTC15M-26APR280800-00,7efb3a04-c1e5-79b0-6eaf-3dbaa88a9356,1777376756,0.45,1.0,no,"{""count_fp"":""1.00"",""created_time"":""2026-04-28T11:45:56.765202Z"",""no_price_dollars"":""0.5500"",""taker_side"":""no"",""ticker"":""KXBTC15M-26APR280800-00"",""trade_id"":""7efb3a04-c1e5-79b0-6eaf-3dbaa88a9356"",""yes_price_dollars"":""0.4500""}"
KXBTC15M-26APR280800-00,7aa23522-2377-7b53-72ca-2525ae283dac,1777376756,0.45,1.0,no,"{""count_fp"":""1.00"",""created_time"":""2026-04-28T11:45:56.765202Z"",""no_price_dollars"":""0.5500"",""taker_side"":""no"",""ticker"":""KXBTC15M-26APR280800-00"",""trade_id"":""7aa23522-2377-7b53-72ca-2525ae283dac"",""yes_price_dollars"":""0.4500""}"
KXBTC15M-26APR280800-00,5debb6dc-5f37-7212-77fc-9d01de6cff66,1777376756,0.45,4.0,no,"{""count_fp"":""4.00"",""created_time"":""2026-04-28T11:45:56.765202Z"",""no_price_dollars"":""0.5500"",""taker_side"":""no"",""ticker"":""KXBTC15M-26APR280800-00"",""trade_id"":""5debb6dc-5f37-7212-77fc-9d01de6cff66"",""yes_price_dollars"":""0.4500""}"
KXBTC15M-26APR280800-00,54534c0c-ec22-793a-64da-404374d65ce2,1777376756,0.46,17.0,no,"{""count_fp"":""17.00"",""created_time"":""2026-04-28T11:45:56.765202Z"",""no_price_dollars"":""0.5400"",""taker_side"":""no"",""ticker"":""KXBTC15M-26APR280800-00"",""trade_id"":""54534c0c-ec22-793a-64da-404374d65ce2"",""yes_price_dollars"":""0.4600""}"
KXBTC15M-26APR280800-00,27de3f78-cce0-70d0-7634-4de7cd2d6cec,1777376756,0.45,36.18,no,"{""count_fp"":""36.18"",""created_time"":""2026-04-28T11:45:56.765202Z"",""no_price_dollars"":""0.5500"",""taker_side"":""no"",""ticker"":""KXBTC15M-26APR280800-00"",""trade_id"":""27de3f78-cce0-70d0-7634-4de7cd2d6cec"",""yes_price_dollars"":""0.4500""}"
KXBTC15M-26APR280800-00,8ba3d60c-60c9-476c-d652-59d3873b1f29,1777376756,0.47,3.0,yes,"{""count_fp"":""3.00"",""created_time"":""2026-04-28T11:45:56.216401Z"",""no_price_dollars"":""0.5300"",""taker_side"":""yes"",""ticker"":""KXBTC15M-26APR280800-00"",""trade_id"":""8ba3d60c-60c9-476c-d652-59d3873b1f29"",""yes_price_dollars"":""0.4700""}"
KXBTC15M-26APR280800-00,6f63cf90-7294-42ec-dac1-fe9b7b735db5,1777376756,0.47,20.0,yes,"{""count_fp"":""20.00"",""created_time"":""2026-04-28T11:45:56.216401Z"",""no_price_dollars"":""0.5300"",""taker_side"":""yes"",""ticker"":""KXBTC15M-26APR280800-00"",""trade_id"":""6f63cf90-7294-42ec-dac1-fe9b7b735db5"",""yes_price_dollars"":""0.4700""}"
KXBTC15M-26APR280800-00,6ba84d1c-c594-4f7e-f87c-8de285bff94c,1777376756,0.47,14.0,yes,"{""count_fp"":""14.00"",""created_time"":""2026-04-28T11:45:56.216401Z"",""no_price_dollars"":""0.5300"",""taker_side"":""yes"",""ticker"":""KXBTC15M-26APR280800-00"",""trade_id"":""6ba84d1c-c594-4f7e-f87c-8de285bff94c"",""yes_price_dollars"":""0.4700""}"
KXBTC15M-26APR280800-00,16f1d95b-0ecb-4a8c-ff63-351f58bec8ab,1777376756,0.47,10.0,yes,"{""count_fp"":""10.00"",""created_time"":""2026-04-28T11:45:56.216401Z"",""no_price_dollars"":""0.5300"",""taker_side"":""yes"",""ticker"":""KXBTC15M-26APR280800-00"",""trade_id"":""16f1d95b-0ecb-4a8c-ff63-351f58bec8ab"",""yes_price_dollars"":""0.4700""}"
KXBTC15M-26APR280800-00,35469be4-2e94-5af8-82c3-fcb496dbf224,1777376758,0.45,16.92,no,"{""count_fp"":""16.92"",""created_time"":""2026-04-28T11:45:58.875551Z"",""no_price_dollars"":""0.5500"",""taker_side"":""no"",""ticker"":""KXBTC15M-26APR280800-00"",""trade_id"":""35469be4-2e94-5af8-82c3-fcb496dbf224"",""yes_price_dollars"":""0.4500""}"
KXBTC15M-26APR280800-00,fc63c76b-0900-4902-6b39-8bf9786b159c,1777376758,0.46,1.0,yes,"{""count_fp"":""1.00"",""created_time"":""2026-04-28T11:45:58.148093Z"",""no_price_dollars"":""0.5400"",""taker_side"":""yes"",""ticker"":""KXBTC15M-26APR280800-00"",""trade_id"":""fc63c76b-0900-4902-6b39-8bf9786b159c"",""yes_price_dollars"":""0.4600""}"
KXBTC15M-26APR280800-00,86a91f2b-2068-4308-ad8b-ac19d1d6da30,1777376759,0.45,5.28,no,"{""count_fp"":""5.28"",""created_time"":""2026-04-28T11:45:59.825226Z"",""no_price_dollars"":""0.5500"",""taker_side"":""no"",""ticker"":""KXBTC15M-26APR280800-00"",""trade_id"":""86a91f2b-2068-4308-ad8b-ac19d1d6da30"",""yes_price_dollars"":""0.4500""}"
KXBTC15M-26APR280800-00,445694f1-ce58-4318-e69a-78ec7dc65c70,1777376759,0.45,18.61,no,"{""count_fp"":""18.61"",""created_time"":""2026-04-28T11:45:59.598635Z"",""no_price_dollars"":""0.5500"",""taker_side"":""no"",""ticker"":""KXBTC15M-26APR280800-00"",""trade_id"":""445694f1-ce58-4318-e69a-78ec7dc65c70"",""yes_price_dollars"":""0.4500""}"
KXBTC15M-26APR280800-00,77cf7a63-da94-4064-73fb-c6af04949f40,1777376759,0.45,88.12,no,"{""count_fp"":""88.12"",""created_time"":""2026-04-28T11:45:59.392828Z"",""no_price_dollars"":""0.5500"",""taker_side"":""no"",""ticker"":""KXBTC15M-26APR280800-00"",""trade_id"":""77cf7a63-da94-4064-73fb-c6af04949f40"",""yes_price_dollars"":""0.4500""}"
KXBTC15M-26APR280800-00,a034da58-e3cc-6c5a-30c0-e0e8716c72a4,1777376760,0.46,3.97,yes,"{""count_fp"":""3.97"",""created_time"":""2026-04-28T11:46:00.789727Z"",""no_price_dollars"":""0.5400"",""taker_side"":""yes"",""ticker"":""KXBTC15M-26APR280800-00"",""trade_id"":""a034da58-e3cc-6c5a-30c0-e0e8716c72a4"",""yes_price_dollars"":""0.4600""}"
KXBTC15M-26APR280800-00,c795d836-3d70-68f4-3c9d-bc7705aa1da4,1777376760,0.45,1.0,no,"{""count_fp"":""1.00"",""created_time"":""2026-04-28T11:46:00.721539Z"",""no_price_dollars"":""0.5500"",""taker_side"":""no"",""ticker"":""KXBTC15M-26APR280800-00"",""trade_id"":""c795d836-3d70-68f4-3c9d-bc7705aa1da4"",""yes_price_dollars"":""0.4500""}"
KXBTC15M-26APR280800-00,c2c72059-4544-4c44-6438-ea0eb1c2951c,1777376760,0.45,0.25,no,"{""count_fp"":""0.25"",""created_time"":""2026-04-28T11:46:00.655487Z"",""no_price_dollars"":""0.5500"",""taker_side"":""no"",""ticker"":""KXBTC15M-26APR280800-00"",""trade_id"":""c2c72059-4544-4c44-6438-ea0eb1c2951c"",""yes_price_dollars"":""0.4500""}"
KXBTC15M-26APR280800-00,da34c623-ba48-46dc-742b-5a123aa829e4,1777376760,0.45,12.0,no,"{""count_fp"":""12.00"",""created_time"":""2026-04-28T11:46:00.101734Z"",""no_price_dollars"":""0.5500"",""taker_side"":""no"",""ticker"":""KXBTC15M-26APR280800-00"",""trade_id"":""da34c623-ba48-46dc-742b-5a123aa829e4"",""yes_price_dollars"":""0.4500""}"
KXBTC15M-26APR280800-00,905f132a-60c0-611a-b790-72e371698a48,1777376760,0.46,2.08,yes,"{""count_fp"":""2.08"",""created_time"":""2026-04-28T11:46:00.086615Z"",""no_price_dollars"":""0.5400"",""taker_side"":""yes"",""ticker"":""KXBTC15M-26APR280800-00"",""trade_id"":""905f132a-60c0-611a-b790-72e371698a48"",""yes_price_dollars"":""0.4600""}"
KXBTC15M-26APR280800-00,386cf86d-b94c-53a2-b262-25c66028a084,1777376760,0.46,10.93,yes,"{""count_fp"":""10.93"",""created_time"":""2026-04-28T11:46:00.023223Z"",""no_price_dollars"":""0.5400"",""taker_side"":""yes"",""ticker"":""KXBTC15M-26APR280800-00"",""trade_id"":""386cf86d-b94c-53a2-b262-25c66028a084"",""yes_price_dollars"":""0.4600""}"
KXBTC15M-26APR280800-00,194c498d-838c-45a8-0a6f-a162750f5c5c,1777376761,0.45,176.26,no,"{""count_fp"":""176.26"",""created_time"":""2026-04-28T11:46:01.457743Z"",""no_price_dollars"":""0.5500"",""taker_side"":""no"",""ticker"":""KXBTC15M-26APR280800-00"",""trade_id"":""194c498d-838c-45a8-0a6f-a162750f5c5c"",""yes_price_dollars"":""0.4500""}"
KXBTC15M-26APR280800-00,f33226ef-e33c-69f4-f6cc-288923c2a2e4,1777376761,0.45,44.06,no,"{""count_fp"":""44.06"",""created_time"":""2026-04-28T11:46:01.447147Z"",""no_price_dollars"":""0.5500"",""taker_side"":""no"",""ticker"":""KXBTC15M-26APR280800-00"",""trade_id"":""f33226ef-e33c-69f4-f6cc-288923c2a2e4"",""yes_price_dollars"":""0.4500""}"
KXBTC15M-26APR280800-00,de3e91c3-3c7c-5b18-2454-6ed0b4ab62a8,1777376761,0.45,88.13,no,"{""count_fp"":""88.13"",""created_time"":""2026-04-28T11:46:01.167307Z"",""no_price_dollars"":""0.5500"",""taker_side"":""no"",""ticker"":""KXBTC15M-26APR280800-00"",""trade_id"":""de3e91c3-3c7c-5b18-2454-6ed0b4ab62a8"",""yes_price_dollars"":""0.4500""}"
KXBTC15M-26APR280800-00,d3a5fd9c-8169-497d-f3b3-78c67fdc213b,1777376762,0.44,1.04,yes,"{""count_fp"":""1.04"",""created_time"":""2026-04-28T11:46:02.969437Z"",""no_price_dollars"":""0.5600"",""taker_side"":""yes"",""ticker"":""KXBTC15M-26APR280800-00"",""trade_id"":""d3a5fd9c-8169-497d-f3b3-78c67fdc213b"",""yes_price_dollars"":""0.4400""}"
KXBTC15M-26APR280800-00,ef3c473b-6f34-49ed-1a7f-9ca0e94e9e2f,1777376762,0.44,5.1,no,"{""count_fp"":""5.10"",""created_time"":""2026-04-28T11:46:02.905479Z"",""no_price_dollars"":""0.5600"",""taker_side"":""no"",""ticker"":""KXBTC15M-26APR280800-00"",""trade_id"":""ef3c473b-6f34-49ed-1a7f-9ca0e94e9e2f"",""yes_price_dollars"":""0.4400""}"
KXBTC15M-26APR280800-00,21f592b6-7fff-78ce-63c6-73de845ebf61,1777376762,0.44,1.0,no,"{""count_fp"":""1.00"",""created_time"":""2026-04-28T11:46:02.896443Z"",""no_price_dollars"":""0.5600"",""taker_side"":""no"",""ticker"":""KXBTC15M-26APR280800-00"",""trade_id"":""21f592b6-7fff-78ce-63c6-73de845ebf61"",""yes_price_dollars"":""0.4400""}"
