ticker,trade_id,ts,yes_price,count,taker_side,raw_json
KXBTC15M-26APR281045-45,a43e878c-989b-5f48-c01a-ac21db883421,1777386600,0.51,2.0,no,"{""count_fp"":""2.00"",""created_time"":""2026-04-28T14:30:00.707163Z"",""no_price_dollars"":""0.4900"",""taker_side"":""no"",""ticker"":""KXBTC15M-26APR281045-45"",""trade_id"":""a43e878c-989b-5f48-c01a-ac21db883421"",""yes_price_dollars"":""0.5100""}"
KXBTC15M-26APR281045-45,8f1bf18d-71ef-4328-f380-e73dcc97a618,1777386600,0.52,1.0,yes,"{""count_fp"":""1.00"",""created_time"":""2026-04-28T14:30:00.704692Z"",""no_price_dollars"":""0.4800"",""taker_side"":""yes"",""ticker"":""KXBTC15M-26APR281045-45"",""trade_id"":""8f1bf18d-71ef-4328-f380-e73dcc97a618"",""yes_price_dollars"":""0.5200""}"
KXBTC15M-26APR281045-45,218d905c-c5a7-42f3-f514-421402bccb62,1777386600,0.51,8.0,yes,"{""count_fp"":""8.00"",""created_time"":""2026-04-28T14:30:00.301528Z"",""no_price_dollars"":""0.4900"",""taker_side"":""yes"",""ticker"":""KXBTC15M-26APR281045-45"",""trade_id"":""218d905c-c5a7-42f3-f514-421402bccb62"",""yes_price_dollars"":""0.5100""}"
KXBTC15M-26APR281045-45,e6c95aeb-64c5-6b5a-f75c-1930c0924bdf,1777386600,0.5,8.0,yes,"{""count_fp"":""8.00"",""created_time"":""2026-04-28T14:30:00.202347Z"",""no_price_dollars"":""0.5000"",""taker_side"":""yes"",""ticker"":""KXBTC15M-26APR281045-45"",""trade_id"":""e6c95aeb-64c5-6b5a-f75c-1930c0924bdf"",""yes_price_dollars"":""0.5000""}"
KXBTC15M-26APR281045-45,95c917a1-574e-6ba0-c3c7-2b9d98385e9f,1777386600,0.49,8.0,yes,"{""count_fp"":""8.00"",""created_time"":""2026-04-28T14:30:00.202347Z"",""no_price_dollars"":""0.5100"",""taker_side"":""yes"",""ticker"":""KXBTC15M-26APR281045-45"",""trade_id"":""95c917a1-574e-6ba0-c3c7-2b9d98385e9f"",""yes_price_dollars"":""0.4900""}"
KXBTC15M-26APR281045-45,035505cf-9ae8-6aa9-c5e3-24fa2b54b48a,1777386600,0.5,1.0,yes,"{""count_fp"":""1.00"",""created_time"":""2026-04-28T14:30:00.202347Z"",""no_price_dollars"":""0.5000"",""taker_side"":""yes"",""ticker"":""KXBTC15M-26APR281045-45"",""trade_id"":""035505cf-9ae8-6aa9-c5e3-24fa2b54b48a"",""yes_price_dollars"":""0.5000""}"
KXBTC15M-26APR281045-45,0d9f99ff-e276-646a-beaf-609bbf39bf06,1777386601,0.49,2.0,yes,"{""count_fp"":""2.00"",""created_time"":""2026-04-28T14:30:01.809639Z"",""no_price_dollars"":""0.5100"",""taker_side"":""yes"",""ticker"":""KXBTC15M-26APR281045-45"",""trade_id"":""0d9f99ff-e276-646a-beaf-609bbf39bf06"",""yes_price_dollars"":""0.4900""}"
KXBTC15M-26APR281045-45,48844ceb-2e1b-592c-ff7f-d40054ec24a1,1777386601,0.48,12.07,yes,"{""count_fp"":""12.07"",""created_time"":""2026-04-28T14:30:01.756473Z"",""no_price_dollars"":""0.5200"",""taker_side"":""yes"",""ticker"":""KXBTC15M-26APR281045-45"",""trade_id"":""48844ceb-2e1b-592c-ff7f-d40054ec24a1"",""yes_price_dollars"":""0.4800""}"
KXBTC15M-26APR281045-45,295d2428-a25a-537a-c448-059fc8b12b1a,1777386601,0.49,0.93,yes,"{""count_fp"":""0.93"",""created_time"":""2026-04-28T14:30:01.756473Z"",""no_price_dollars"":""0.5100"",""taker_side"":""yes"",""ticker"":""KXBTC15M-26APR281045-45"",""trade_id"":""295d2428-a25a-537a-c448-059fc8b12b1a"",""yes_price_dollars"":""0.4900""}"
KXBTC15M-26APR281045-45,d48dd019-1f23-5522-1c34-1b5557f6ebb9,1777386601,0.47,5.0,yes,"{""count_fp"":""5.00"",""created_time"":""2026-04-28T14:30:01.609571Z"",""no_price_dollars"":""0.5300"",""taker_side"":""yes"",""ticker"":""KXBTC15M-26APR281045-45"",""trade_id"":""d48dd019-1f23-5522-1c34-1b5557f6ebb9"",""yes_price_dollars"":""0.4700""}"
KXBTC15M-26APR281045-45,90e3be83-509b-5480-05da-3d323754d082,1777386601,0.48,8.0,yes,"{""count_fp"":""8.00"",""created_time"":""2026-04-28T14:30:01.609571Z"",""no_price_dollars"":""0.5200"",""taker_side"":""yes"",""ticker"":""KXBTC15M-26APR281045-45"",""trade_id"":""90e3be83-509b-5480-05da-3d323754d082"",""yes_price_dollars"":""0.4800""}"
KXBTC15M-26APR281045-45,6f959630-7c64-5f6a-3b8f-c64aae858149,1777386601,0.47,14.0,yes,"{""count_fp"":""14.00"",""created_time"":""2026-04-28T14:30:01.609571Z"",""no_price_dollars"":""0.5300"",""taker_side"":""yes"",""ticker"":""KXBTC15M-26APR281045-45"",""trade_id"":""6f959630-7c64-5f6a-3b8f-c64aae858149"",""yes_price_dollars"":""0.4700""}"
KXBTC15M-26APR281045-45,0de4f601-7450-5ee4-09c7-7ff2d940550b,1777386601,0.48,93.0,yes,"{""count_fp"":""93.00"",""created_time"":""2026-04-28T14:30:01.609571Z"",""no_price_dollars"":""0.5200"",""taker_side"":""yes"",""ticker"":""KXBTC15M-26APR281045-45"",""trade_id"":""0de4f601-7450-5ee4-09c7-7ff2d940550b"",""yes_price_dollars"":""0.4800""}"
KXBTC15M-26APR281045-45,05a53b30-4583-71b0-3194-cf4759f4686a,1777386601,0.48,12.0,yes,"{""count_fp"":""12.00"",""created_time"":""2026-04-28T14:30:01.436052Z"",""no_price_dollars"":""0.5200"",""taker_side"":""yes"",""ticker"":""KXBTC15M-26APR281045-45"",""trade_id"":""05a53b30-4583-71b0-3194-cf4759f4686a"",""yes_price_dollars"":""0.4800""}"
KXBTC15M-26APR281045-45,7f0a3347-0e79-69b1-4bf8-486a1b8829b2,1777386601,0.52,7.0,yes,"{""count_fp"":""7.00"",""created_time"":""2026-04-28T14:30:01.034604Z"",""no_price_dollars"":""0.4800"",""taker_side"":""yes"",""ticker"":""KXBTC15M-26APR281045-45"",""trade_id"":""7f0a3347-0e79-69b1-4bf8-486a1b8829b2"",""yes_price_dollars"":""0.5200""}"
KXBTC15M-26APR281045-45,70549874-f314-6acf-5ed2-269580b70c1e,1777386601,0.52,5.0,yes,"{""count_fp"":""5.00"",""created_time"":""2026-04-28T14:30:01.034604Z"",""no_price_dollars"":""0.4800"",""taker_side"":""yes"",""ticker"":""KXBTC15M-26APR281045-45"",""trade_id"":""70549874-f314-6acf-5ed2-269580b70c1e"",""yes_price_dollars"":""0.5200""}"
KXBTC15M-26APR281045-45,52e8d08f-591b-624c-6a86-fce6e9d3b3d0,1777386601,0.52,7.0,yes,"{""count_fp"":""7.00"",""created_time"":""2026-04-28T14:30:01.034604Z"",""no_price_dollars"":""0.4800"",""taker_side"":""yes"",""ticker"":""KXBTC15M-26APR281045-45"",""trade_id"":""52e8d08f-591b-624c-6a86-fce6e9d3b3d0"",""yes_price_dollars"":""0.5200""}"
KXBTC15M-26APR281045-45,f7bd63d3-81f2-70e9-c8ae-98bae448e10e,1777386602,0.45,1.0,no,"{""count_fp"":""1.00"",""created_time"":""2026-04-28T14:30:02.933669Z"",""no_price_dollars"":""0.5500"",""taker_side"":""no"",""ticker"":""KXBTC15M-26APR281045-45"",""trade_id"":""f7bd63d3-81f2-70e9-c8ae-98bae448e10e"",""yes_price_dollars"":""0.4500""}"
KXBTC15M-26APR281045-45,8f02dfc8-c2ae-7070-f7b5-417a1381fb22,1777386602,0.45,9.0,no,"{""count_fp"":""9.00"",""created_time"":""2026-04-28T14:30:02.933669Z"",""no_price_dollars"":""0.5500"",""taker_side"":""no"",""ticker"":""KXBTC15M-26APR281045-45"",""trade_id"":""8f02dfc8-c2ae-7070-f7b5-417a1381fb22"",""yes_price_dollars"":""0.4500""}"
KXBTC15M-26APR281045-45,566f9b03-d7e6-7e7f-ddfd-dd9752df25bb,1777386602,0.45,14.0,no,"{""count_fp"":""14.00"",""created_time"":""2026-04-28T14:30:02.933669Z"",""no_price_dollars"":""0.5500"",""taker_side"":""no"",""ticker"":""KXBTC15M-26APR281045-45"",""trade_id"":""566f9b03-d7e6-7e7f-ddfd-dd9752df25bb"",""yes_price_dollars"":""0.4500""}"
KXBTC15M-26APR281045-45,032ac51f-9ea3-7e07-c17e-f9097b9c44d3,1777386602,0.45,1.0,no,"{""count_fp"":""1.00"",""created_time"":""2026-04-28T14:30:02.933669Z"",""no_price_dollars"":""0.5500"",""taker_side"":""no"",""ticker"":""KXBTC15M-26APR281045-45"",""trade_id"":""032ac51f-9ea3-7e07-c17e-f9097b9c44d3"",""yes_price_dollars"":""0.4500""}"
KXBTC15M-26APR281045-45,62c7b444-d0ed-7ae9-40bd-29295ebe095a,1777386602,0.46,30.0,yes,"{""count_fp"":""30.00"",""created_time"":""2026-04-28T14:30:02.879909Z"",""no_price_dollars"":""0.5400"",""taker_side"":""yes"",""ticker"":""KXBTC15M-26APR281045-45"",""trade_id"":""62c7b444-d0ed-7ae9-40bd-29295ebe095a"",""yes_price_dollars"":""0.4600""}"
KXBTC15M-26APR281045-45,a2196162-2ef8-408f-b92f-e2f58531fd8d,1777386602,0.45,1.0,no,"{""count_fp"":""1.00"",""created_time"":""2026-04-28T14:30:02.095534Z"",""no_price_dollars"":""0.5500"",""taker_side"":""no"",""ticker"":""KXBTC15M-26APR281045-45"",""trade_id"":""a2196162-2ef8-408f-b92f-e2f58531fd8d"",""yes_price_dollars"":""0.4500""}"
KXBTC15M-26APR281045-45,57676f69-7ac6-4531-8d92-948fa604872e,1777386602,0.45,8.0,no,"{""count_fp"":""8.00"",""created_time"":""2026-04-28T14:30:02.095534Z"",""no_price_dollars"":""0.5500"",""taker_side"":""no"",""ticker"":""KXBTC15M-26APR281045-45"",""trade_id"":""57676f69-7ac6-4531-8d92-948fa604872e"",""yes_price_dollars"":""0.4500""}"
KXBTC15M-26APR281045-45,4a5cc8cb-4101-40bd-aece-efd57f5fee26,1777386602,0.45,8.0,no,"{""count_fp"":""8.00"",""created_time"":""2026-04-28T14:30:02.095534Z"",""no_price_dollars"":""0.5500"",""taker_side"":""no"",""ticker"":""KXBTC15M-26APR281045-45"",""trade_id"":""4a5cc8cb-4101-40bd-aece-efd57f5fee26"",""yes_price_dollars"":""0.4500""}"
KXBTC15M-26APR281045-45,34d61718-34d3-4c3a-8db0-e360b8f596db,1777386602,0.45,14.0,no,"{""count_fp"":""14.00"",""created_time"":""2026-04-28T14:30:02.095534Z"",""no_price_dollars"":""0.5500"",""taker_side"":""no"",""ticker"":""KXBTC15M-26APR281045-45"",""trade_id"":""34d61718-34d3-4c3a-8db0-e360b8f596db"",""yes_price_dollars"":""0.4500""}"
KXBTC15M-26APR281045-45,8f14a9ee-f4a3-5e29-7998-1462f3b34e76,1777386603,0.47,3.0,yes,"{""count_fp"":""3.00"",""created_time"":""2026-04-28T14:30:03.890504Z"",""no_price_dollars"":""0.5300"",""taker_side"":""yes"",""ticker"":""KXBTC15M-26APR281045-45"",""trade_id"":""8f14a9ee-f4a3-5e29-7998-1462f3b34e76"",""yes_price_dollars"":""0.4700""}"
KXBTC15M-26APR281045-45,8eda09f5-72f7-58f8-acd2-71a9e4a37b85,1777386603,0.45,10.0,no,"{""count_fp"":""10.00"",""created_time"":""2026-04-28T14:30:03.701237Z"",""no_price_dollars"":""0.5500"",""taker_side"":""no"",""ticker"":""KXBTC15M-26APR281045-45"",""trade_id"":""8eda09f5-72f7-58f8-acd2-71a9e4a37b85"",""yes_price_dollars"":""0.4500""}"
KXBTC15M-26APR281045-45,f90e9633-5ac6-5ab7-a614-773e6bd9bb44,1777386603,0.46,10.0,yes,"{""count_fp"":""10.00"",""created_time"":""2026-04-28T14:30:03.513257Z"",""no_price_dollars"":""0.5400"",""taker_side"":""yes"",""ticker"":""KXBTC15M-26APR281045-45"",""trade_id"":""f90e9633-5ac6-5ab7-a614-773e6bd9bb44"",""yes_price_dollars"":""0.4600""}"
KXBTC15M-26APR281045-45,ff92471e-cf64-6282-3db0-ae3a5fddb4b5,1777386603,0.44,1.0,no,"{""count_fp"":""1.00"",""created_time"":""2026-04-28T14:30:03.333694Z"",""no_price_dollars"":""0.5600"",""taker_side"":""no"",""ticker"":""KXBTC15M-26APR281045-45"",""trade_id"":""ff92471e-cf64-6282-3db0-ae3a5fddb4b5"",""yes_price_dollars"":""0.4400""}"
KXBTC15M-26APR281045-45,c6c09099-68bd-6fd9-3dd2-8d20eeb5aac4,1777386603,0.43,1.0,no,"{""count_fp"":""1.00"",""created_time"":""2026-04-28T14:30:03.333694Z"",""no_price_dollars"":""0.5700"",""taker_side"":""no"",""ticker"":""KXBTC15M-26APR281045-45"",""trade_id"":""c6c09099-68bd-6fd9-3dd2-8d20eeb5aac4"",""yes_price_dollars"":""0.4300""}"
KXBTC15M-26APR281045-45,c147c15a-3147-6c01-0ffa-d6cb8b947550,1777386603,0.42,1.0,no,"{""count_fp"":""1.00"",""created_time"":""2026-04-28T14:30:03.333694Z"",""no_price_dollars"":""0.5800"",""taker_side"":""no"",""ticker"":""KXBTC15M-26APR281045-45"",""trade_id"":""c147c15a-3147-6c01-0ffa-d6cb8b947550"",""yes_price_dollars"":""0.4200""}"
KXBTC15M-26APR281045-45,8d66e8f0-ad92-6ce4-1bf5-c3b5bb8b6d1a,1777386603,0.45,3.0,no,"{""count_fp"":""3.00"",""created_time"":""2026-04-28T14:30:03.333694Z"",""no_price_dollars"":""0.5500"",""taker_side"":""no"",""ticker"":""KXBTC15M-26APR281045-45"",""trade_id"":""8d66e8f0-ad92-6ce4-1bf5-c3b5bb8b6d1a"",""yes_price_dollars"":""0.4500""}"
KXBTC15M-26APR281045-45,612e7305-6d43-60da-637b-2e290f4769be,1777386603,0.46,5.0,yes,"{""count_fp"":""5.00"",""created_time"":""2026-04-28T14:30:03.222888Z"",""no_price_dollars"":""0.5400"",""taker_side"":""yes"",""ticker"":""KXBTC15M-26APR281045-45"",""trade_id"":""612e7305-6d43-60da-637b-2e290f4769be"",""yes_price_dollars"":""0.4600""}"
KXBTC15M-26APR281045-45,1982470e-d331-6391-6478-4294f4d9d6b2,1777386603,0.46,3.0,yes,"{""count_fp"":""3.00"",""created_time"":""2026-04-28T14:30:03.222888Z"",""no_price_dollars"":""0.5400"",""taker_side"":""yes"",""ticker"":""KXBTC15M-26APR281045-45"",""trade_id"":""1982470e-d331-6391-6478-4294f4d9d6b2"",""yes_price_dollars"":""0.4600""}"
KXBTC15M-26APR281045-45,95d452f7-68ce-6a4c-38c9-7f4b0a5a552e,1777386603,0.45,6.0,no,"{""count_fp"":""6.00"",""created_time"":""2026-04-28T14:30:03.134906Z"",""no_price_dollars"":""0.5500"",""taker_side"":""no"",""ticker"":""KXBTC15M-26APR281045-45"",""trade_id"":""95d452f7-68ce-6a4c-38c9-7f4b0a5a552e"",""yes_price_dollars"":""0.4500""}"
KXBTC15M-26APR281045-45,14ad67d7-d6bb-6c15-bc53-4d64156839a5,1777386604,0.46,16.75,yes,"{""count_fp"":""16.75"",""created_time"":""2026-04-28T14:30:04.518802Z"",""no_price_dollars"":""0.5400"",""taker_side"":""yes"",""ticker"":""KXBTC15M-26APR281045-45"",""trade_id"":""14ad67d7-d6bb-6c15-bc53-4d64156839a5"",""yes_price_dollars"":""0.4600""}"
KXBTC15M-26APR281045-45,859ef4f4-cfdf-76d5-23e0-9116b20cc6d9,1777386604,0.46,120.0,yes,"{""count_fp"":""120.00"",""created_time"":""2026-04-28T14:30:04.213631Z"",""no_price_dollars"":""0.5400"",""taker_side"":""yes"",""ticker"":""KXBTC15M-26APR281045-45"",""trade_id"":""859ef4f4-cfdf-76d5-23e0-9116b20cc6d9"",""yes_price_dollars"":""0.4600""}"
KXBTC15M-26APR281045-45,9ddbe96a-934d-4194-a527-a7c86945778d,1777386605,0.43,49.0,no,"{""count_fp"":""49.00"",""created_time"":""2026-04-28T14:30:05.664413Z"",""no_price_dollars"":""0.5700"",""taker_side"":""no"",""ticker"":""KXBTC15M-26APR281045-45"",""trade_id"":""9ddbe96a-934d-4194-a527-a7c86945778d"",""yes_price_dollars"":""0.4300""}"
KXBTC15M-26APR281045-45,2e0cd195-ee92-4cc8-8077-c39601835049,1777386605,0.43,10.0,no,"{""count_fp"":""10.00"",""created_time"":""2026-04-28T14:30:05.664413Z"",""no_price_dollars"":""0.5700"",""taker_side"":""no"",""ticker"":""KXBTC15M-26APR281045-45"",""trade_id"":""2e0cd195-ee92-4cc8-8077-c39601835049"",""yes_price_dollars"":""0.4300""}"
KXBTC15M-26APR281045-45,e1622e56-0ab5-4f05-4a80-6db15d99b3b6,1777386605,0.45,23.0,yes,"{""count_fp"":""23.00"",""created_time"":""2026-04-28T14:30:05.059129Z"",""no_price_dollars"":""0.5500"",""taker_side"":""yes"",""ticker"":""KXBTC15M-26APR281045-45"",""trade_id"":""e1622e56-0ab5-4f05-4a80-6db15d99b3b6"",""yes_price_dollars"":""0.4500""}"
KXBTC15M-26APR281045-45,d2b2b03f-a42b-4159-7b4b-e6e8cadea582,1777386605,0.45,7.0,yes,"{""count_fp"":""7.00"",""created_time"":""2026-04-28T14:30:05.059129Z"",""no_price_dollars"":""0.5500"",""taker_side"":""yes"",""ticker"":""KXBTC15M-26APR281045-45"",""trade_id"":""d2b2b03f-a42b-4159-7b4b-e6e8cadea582"",""yes_price_dollars"":""0.4500""}"
KXBTC15M-26APR281045-45,d8854699-052f-5b23-2902-199e9125738a,1777386606,0.43,8.21,no,"{""count_fp"":""8.21"",""created_time"":""2026-04-28T14:30:06.485586Z"",""no_price_dollars"":""0.5700"",""taker_side"":""no"",""ticker"":""KXBTC15M-26APR281045-45"",""trade_id"":""d8854699-052f-5b23-2902-199e9125738a"",""yes_price_dollars"":""0.4300""}"
KXBTC15M-26APR281045-45,ad366a91-1408-5078-010a-5d23dc493920,1777386606,0.43,4.93,no,"{""count_fp"":""4.93"",""created_time"":""2026-04-28T14:30:06.485586Z"",""no_price_dollars"":""0.5700"",""taker_side"":""no"",""ticker"":""KXBTC15M-26APR281045-45"",""trade_id"":""ad366a91-1408-5078-010a-5d23dc493920"",""yes_price_dollars"":""0.4300""}"
KXBTC15M-26APR281045-45,d1bf0b31-21ad-7778-b113-4c4517502c71,1777386606,0.43,14.0,no,"{""count_fp"":""14.00"",""created_time"":""2026-04-28T14:30:06.192378Z"",""no_price_dollars"":""0.5700"",""taker_side"":""no"",""ticker"":""KXBTC15M-26APR281045-45"",""trade_id"":""d1bf0b31-21ad-7778-b113-4c4517502c71"",""yes_price_dollars"":""0.4300""}"
KXBTC15M-26APR281045-45,77a1c115-38b4-7754-9b80-04cb8bee9f74,1777386606,0.43,13.07,no,"{""count_fp"":""13.07"",""created_time"":""2026-04-28T14:30:06.192378Z"",""no_price_dollars"":""0.5700"",""taker_side"":""no"",""ticker"":""KXBTC15M-26APR281045-45"",""trade_id"":""77a1c115-38b4-7754-9b80-04cb8bee9f74"",""yes_price_dollars"":""0.4300""}"
KXBTC15M-26APR281045-45,4aef80dc-34b4-77c2-e8f4-3f2736c329a1,1777386607,0.44,109.34,yes,"{""count_fp"":""109.34"",""created_time"":""2026-04-28T14:30:07.972093Z"",""no_price_dollars"":""0.5600"",""taker_side"":""yes"",""ticker"":""KXBTC15M-26APR281045-45"",""trade_id"":""4aef80dc-34b4-77c2-e8f4-3f2736c329a1"",""yes_price_dollars"":""0.4400""}"
KXBTC15M-26APR281045-45,84047c59-64f7-5bd8-56a1-6f5ba1aa1fc6,1777386607,0.42,2.0,no,"{""count_fp"":""2.00"",""created_time"":""2026-04-28T14:30:07.442363Z"",""no_price_dollars"":""0.5800"",""taker_side"":""no"",""ticker"":""KXBTC15M-26APR281045-45"",""trade_id"":""84047c59-64f7-5bd8-56a1-6f5ba1aa1fc6"",""yes_price_dollars"":""0.4200""}"
KXBTC15M-26APR281045-45,26423a44-6e77-5e21-6150-f48a292ddfb8,1777386607,0.41,48.33,no,"{""count_fp"":""48.33"",""created_time"":""2026-04-28T14:30:07.442363Z"",""no_price_dollars"":""0.5900"",""taker_side"":""no"",""ticker"":""KXBTC15M-26APR281045-45"",""trade_id"":""26423a44-6e77-5e21-6150-f48a292ddfb8"",""yes_price_dollars"":""0.4100""}"
KXBTC15M-26APR281045-45,93dfb495-20f4-4536-b9be-c62f7e1c2035,1777386607,0.44,10.28,yes,"{""count_fp"":""10.28"",""created_time"":""2026-04-28T14:30:07.382016Z"",""no_price_dollars"":""0.5600"",""taker_side"":""yes"",""ticker"":""KXBTC15M-26APR281045-45"",""trade_id"":""93dfb495-20f4-4536-b9be-c62f7e1c2035"",""yes_price_dollars"":""0.4400""}"
KXBTC15M-26APR281045-45,6e3b4b9c-1542-4f98-b5a6-c6350c5e31e2,1777386607,0.44,1.0,yes,"{""count_fp"":""1.00"",""created_time"":""2026-04-28T14:30:07.382016Z"",""no_price_dollars"":""0.5600"",""taker_side"":""yes"",""ticker"":""KXBTC15M-26APR281045-45"",""trade_id"":""6e3b4b9c-1542-4f98-b5a6-c6350c5e31e2"",""yes_price_dollars"":""0.4400""}"
KXBTC15M-26APR281045-45,3c29c133-133e-7445-7e6a-16b2b0bd6b35,1777386607,0.43,15.0,no,"{""count_fp"":""15.00"",""created_time"":""2026-04-28T14:30:07.138253Z"",""no_price_dollars"":""0.5700"",""taker_side"":""no"",""ticker"":""KXBTC15M-26APR281045-45"",""trade_id"":""3c29c133-133e-7445-7e6a-16b2b0bd6b35"",""yes_price_dollars"":""0.4300""}"
KXBTC15M-26APR281045-45,2266bbad-d3d3-7137-5e71-2f1f0f8369ba,1777386607,0.43,5.12,no,"{""count_fp"":""5.12"",""created_time"":""2026-04-28T14:30:07.138253Z"",""no_price_dollars"":""0.5700"",""taker_side"":""no"",""ticker"":""KXBTC15M-26APR281045-45"",""trade_id"":""2266bbad-d3d3-7137-5e71-2f1f0f8369ba"",""yes_price_dollars"":""0.4300""}"
KXBTC15M-26APR281045-45,d3aed186-6463-557d-63dd-d38d98b88366,1777386608,0.42,15.0,yes,"{""count_fp"":""15.00"",""created_time"":""2026-04-28T14:30:08.931174Z"",""no_price_dollars"":""0.5800"",""taker_side"":""yes"",""ticker"":""KXBTC15M-26APR281045-45"",""trade_id"":""d3aed186-6463-557d-63dd-d38d98b88366"",""yes_price_dollars"":""0.4200""}"
KXBTC15M-26APR281045-45,e376fe95-7848-7c82-ce34-f158610aa8ad,1777386608,0.43,107.0,yes,"{""count_fp"":""107.00"",""created_time"":""2026-04-28T14:30:08.517151Z"",""no_price_dollars"":""0.5700"",""taker_side"":""yes"",""ticker"":""KXBTC15M-26APR281045-45"",""trade_id"":""e376fe95-7848-7c82-ce34-f158610aa8ad"",""yes_price_dollars"":""0.4300""}"
KXBTC15M-26APR281045-45,4d2374c2-158a-7b90-b9d5-b973439e7c5e,1777386608,0.44,6.56,yes,"{""count_fp"":""6.56"",""created_time"":""2026-04-28T14:30:08.230757Z"",""no_price_dollars"":""0.5600"",""taker_side"":""yes"",""ticker"":""KXBTC15M-26APR281045-45"",""trade_id"":""4d2374c2-158a-7b90-b9d5-b973439e7c5e"",""yes_price_dollars"":""0.4400""}"
KXBTC15M-26APR281045-45,1e96a71f-a106-49c8-1a16-423fb101f076,1777386609,0.43,3.0,yes,"{""count_fp"":""3.00"",""created_time"":""2026-04-28T14:30:09.971255Z"",""no_price_dollars"":""0.5700"",""taker_side"":""yes"",""ticker"":""KXBTC15M-26APR281045-45"",""trade_id"":""1e96a71f-a106-49c8-1a16-423fb101f076"",""yes_price_dollars"":""0.4300""}"
KXBTC15M-26APR281045-45,89fab523-329e-6428-4de5-e7b656e39746,1777386609,0.43,18.0,yes,"{""count_fp"":""18.00"",""created_time"":""2026-04-28T14:30:09.807727Z"",""no_price_dollars"":""0.5700"",""taker_side"":""yes"",""ticker"":""KXBTC15M-26APR281045-45"",""trade_id"":""89fab523-329e-6428-4de5-e7b656e39746"",""yes_price_dollars"":""0.4300""}"
KXBTC15M-26APR281045-45,bde501d7-cf0f-4907-fbe5-ac13315cf44a,1777386609,0.43,2.0,yes,"{""count_fp"":""2.00"",""created_time"":""2026-04-28T14:30:09.788546Z"",""no_price_dollars"":""0.5700"",""taker_side"":""yes"",""ticker"":""KXBTC15M-26APR281045-45"",""trade_id"":""bde501d7-cf0f-4907-fbe5-ac13315cf44a"",""yes_price_dollars"":""0.4300""}"
KXBTC15M-26APR281045-45,b674508d-2183-451c-d761-82e6c00a15d3,1777386609,0.43,5.0,yes,"{""count_fp"":""5.00"",""created_time"":""2026-04-28T14:30:09.788546Z"",""no_price_dollars"":""0.5700"",""taker_side"":""yes"",""ticker"":""KXBTC15M-26APR281045-45"",""trade_id"":""b674508d-2183-451c-d761-82e6c00a15d3"",""yes_price_dollars"":""0.4300""}"
KXBTC15M-26APR281045-45,20a2eb0e-0e1a-4d1c-cc68-30448c7a8a6a,1777386609,0.43,2.0,yes,"{""count_fp"":""2.00"",""created_time"":""2026-04-28T14:30:09.788546Z"",""no_price_dollars"":""0.5700"",""taker_side"":""yes"",""ticker"":""KXBTC15M-26APR281045-45"",""trade_id"":""20a2eb0e-0e1a-4d1c-cc68-30448c7a8a6a"",""yes_price_dollars"":""0.4300""}"
KXBTC15M-26APR281045-45,1c1fc348-9f56-4ef4-e6e1-9ab6f966b3c3,1777386609,0.43,1.0,yes,"{""count_fp"":""1.00"",""created_time"":""2026-04-28T14:30:09.788546Z"",""no_price_dollars"":""0.5700"",""taker_side"":""yes"",""ticker"":""KXBTC15M-26APR281045-45"",""trade_id"":""1c1fc348-9f56-4ef4-e6e1-9ab6f966b3c3"",""yes_price_dollars"":""0.4300""}"
KXBTC15M-26APR281045-45,c5429d79-3e10-5828-5c3a-b53c143ccadc,1777386609,0.41,2.0,no,"{""count_fp"":""2.00"",""created_time"":""2026-04-28T14:30:09.442789Z"",""no_price_dollars"":""0.5900"",""taker_side"":""no"",""ticker"":""KXBTC15M-26APR281045-45"",""trade_id"":""c5429d79-3e10-5828-5c3a-b53c143ccadc"",""yes_price_dollars"":""0.4100""}"
KXBTC15M-26APR281045-45,31bead74-939a-4520-138a-820a2ab8ffa2,1777386609,0.43,1.0,yes,"{""count_fp"":""1.00"",""created_time"":""2026-04-28T14:30:09.208953Z"",""no_price_dollars"":""0.5700"",""taker_side"":""yes"",""ticker"":""KXBTC15M-26APR281045-45"",""trade_id"":""31bead74-939a-4520-138a-820a2ab8ffa2"",""yes_price_dollars"":""0.4300""}"
KXBTC15M-26APR281045-45,08232e44-8089-4370-1dd9-60dda542706d,1777386609,0.43,28.61,yes,"{""count_fp"":""28.61"",""created_time"":""2026-04-28T14:30:09.208953Z"",""no_price_dollars"":""0.5700"",""taker_side"":""yes"",""ticker"":""KXBTC15M-26APR281045-45"",""trade_id"":""08232e44-8089-4370-1dd9-60dda542706d"",""yes_price_dollars"":""0.4300""}"
KXBTC15M-26APR281045-45,0157a6fa-03ab-42aa-2d19-908af200b711,1777386609,0.42,1.0,yes,"{""count_fp"":""1.00"",""created_time"":""2026-04-28T14:30:09.208953Z"",""no_price_dollars"":""0.5800"",""taker_side"":""yes"",""ticker"":""KXBTC15M-26APR281045-45"",""trade_id"":""0157a6fa-03ab-42aa-2d19-908af200b711"",""yes_price_dollars"":""0.4200""}"
KXBTC15M-26APR281045-45,97e568fe-ea1b-4f36-1820-e629548faf27,1777386609,0.41,5.0,no,"{""count_fp"":""5.00"",""created_time"":""2026-04-28T14:30:09.170386Z"",""no_price_dollars"":""0.5900"",""taker_side"":""no"",""ticker"":""KXBTC15M-26APR281045-45"",""trade_id"":""97e568fe-ea1b-4f36-1820-e629548faf27"",""yes_price_dollars"":""0.4100""}"
KXBTC15M-26APR281045-45,68409043-498f-489d-1667-84476a7632c8,1777386609,0.41,70.67,no,"{""count_fp"":""70.67"",""created_time"":""2026-04-28T14:30:09.170386Z"",""no_price_dollars"":""0.5900"",""taker_side"":""no"",""ticker"":""KXBTC15M-26APR281045-45"",""trade_id"":""68409043-498f-489d-1667-84476a7632c8"",""yes_price_dollars"":""0.4100""}"
KXBTC15M-26APR281045-45,2990a1fd-1164-4d67-38a0-7a45b6cc0d0d,1777386609,0.41,5.0,no,"{""count_fp"":""5.00"",""created_time"":""2026-04-28T14:30:09.170386Z"",""no_price_dollars"":""0.5900"",""taker_side"":""no"",""ticker"":""KXBTC15M-26APR281045-45"",""trade_id"":""2990a1fd-1164-4d67-38a0-7a45b6cc0d0d"",""yes_price_dollars"":""0.4100""}"
KXBTC15M-26APR281045-45,26845658-e3bc-4dfc-16c8-dfcb314961a8,1777386609,0.41,0.06,no,"{""count_fp"":""0.06"",""created_time"":""2026-04-28T14:30:09.170386Z"",""no_price_dollars"":""0.5900"",""taker_side"":""no"",""ticker"":""KXBTC15M-26APR281045-45"",""trade_id"":""26845658-e3bc-4dfc-16c8-dfcb314961a8"",""yes_price_dollars"":""0.4100""}"
KXBTC15M-26APR281045-45,cbbe6957-c69e-42a7-d37e-6a0830fd7334,1777386609,0.42,5.0,yes,"{""count_fp"":""5.00"",""created_time"":""2026-04-28T14:30:09.114055Z"",""no_price_dollars"":""0.5800"",""taker_side"":""yes"",""ticker"":""KXBTC15M-26APR281045-45"",""trade_id"":""cbbe6957-c69e-42a7-d37e-6a0830fd7334"",""yes_price_dollars"":""0.4200""}"
KXBTC15M-26APR281045-45,477cd384-bce8-4f21-d201-5c0fc9c68470,1777386609,0.42,1.0,yes,"{""count_fp"":""1.00"",""created_time"":""2026-04-28T14:30:09.114055Z"",""no_price_dollars"":""0.5800"",""taker_side"":""yes"",""ticker"":""KXBTC15M-26APR281045-45"",""trade_id"":""477cd384-bce8-4f21-d201-5c0fc9c68470"",""yes_price_dollars"":""0.4200""}"
KXBTC15M-26APR281045-45,2c7b708d-b550-43fa-ff34-28e033340745,1777386609,0.42,197.39,yes,"{""count_fp"":""197.39"",""created_time"":""2026-04-28T14:30:09.114055Z"",""no_price_dollars"":""0.5800"",""taker_side"":""yes"",""ticker"":""KXBTC15M-26APR281045-45"",""trade_id"":""2c7b708d-b550-43fa-ff34-28e033340745"",""yes_price_dollars"":""0.4200""}"
KXBTC15M-26APR281045-45,63e96e00-a886-7c50-48d7-c1273665b28a,1777386610,0.43,8.23,yes,"{""count_fp"":""8.23"",""created_time"":""2026-04-28T14:30:10.896131Z"",""no_price_dollars"":""0.5700"",""taker_side"":""yes"",""ticker"":""KXBTC15M-26APR281045-45"",""trade_id"":""63e96e00-a886-7c50-48d7-c1273665b28a"",""yes_price_dollars"":""0.4300""}"
KXBTC15M-26APR281045-45,42f5b6e4-478f-7709-6f33-c3bc66d4c763,1777386610,0.42,2.77,yes,"{""count_fp"":""2.77"",""created_time"":""2026-04-28T14:30:10.896131Z"",""no_price_dollars"":""0.5800"",""taker_side"":""yes"",""ticker"":""KXBTC15M-26APR281045-45"",""trade_id"":""42f5b6e4-478f-7709-6f33-c3bc66d4c763"",""yes_price_dollars"":""0.4200""}"
KXBTC15M-26APR281045-45,d1b8b33a-7640-69d8-b22b-778b1a17b72c,1777386610,0.41,12.94,no,"{""count_fp"":""12.94"",""created_time"":""2026-04-28T14:30:10.855843Z"",""no_price_dollars"":""0.5900"",""taker_side"":""no"",""ticker"":""KXBTC15M-26APR281045-45"",""trade_id"":""d1b8b33a-7640-69d8-b22b-778b1a17b72c"",""yes_price_dollars"":""0.4100""}"
KXBTC15M-26APR281045-45,7fe8f5b6-bf0f-4d79-7a4b-2d485bf989e3,1777386610,0.42,2.23,yes,"{""count_fp"":""2.23"",""created_time"":""2026-04-28T14:30:10.567058Z"",""no_price_dollars"":""0.5800"",""taker_side"":""yes"",""ticker"":""KXBTC15M-26APR281045-45"",""trade_id"":""7fe8f5b6-bf0f-4d79-7a4b-2d485bf989e3"",""yes_price_dollars"":""0.4200""}"
KXBTC15M-26APR281045-45,f2dc4f5e-fe5c-4620-96dc-31fe796de8d4,1777386610,0.41,5.0,no,"{""count_fp"":""5.00"",""created_time"":""2026-04-28T14:30:10.009069Z"",""no_price_dollars"":""0.5900"",""taker_side"":""no"",""ticker"":""KXBTC15M-26APR281045-45"",""trade_id"":""f2dc4f5e-fe5c-4620-96dc-31fe796de8d4"",""yes_price_dollars"":""0.4100""}"
KXBTC15M-26APR281045-45,97ce132c-0426-4d03-6a98-812f0e1a67be,1777386611,0.44,3.87,yes,"{""count_fp"":""3.87"",""created_time"":""2026-04-28T14:30:11.531939Z"",""no_price_dollars"":""0.5600"",""taker_side"":""yes"",""ticker"":""KXBTC15M-26APR281045-45"",""trade_id"":""97ce132c-0426-4d03-6a98-812f0e1a67be"",""yes_price_dollars"":""0.4400""}"
KXBTC15M-26APR281045-45,66d3bbf7-cd37-4ee5-5080-965a604cf6b9,1777386611,0.42,3.0,yes,"{""count_fp"":""3.00"",""created_time"":""2026-04-28T14:30:11.531939Z"",""no_price_dollars"":""0.5800"",""taker_side"":""yes"",""ticker"":""KXBTC15M-26APR281045-45"",""trade_id"":""66d3bbf7-cd37-4ee5-5080-965a604cf6b9"",""yes_price_dollars"":""0.4200""}"
KXBTC15M-26APR281045-45,4b040001-8447-4f61-5cf4-60e1ee88442d,1777386611,0.43,13.25,yes,"{""count_fp"":""13.25"",""created_time"":""2026-04-28T14:30:11.531939Z"",""no_price_dollars"":""0.5700"",""taker_side"":""yes"",""ticker"":""KXBTC15M-26APR281045-45"",""trade_id"":""4b040001-8447-4f61-5cf4-60e1ee88442d"",""yes_price_dollars"":""0.4300""}"
KXBTC15M-26APR281045-45,f56d2ae0-0f44-573c-2eee-52a195c19897,1777386611,0.4,6.7,yes,"{""count_fp"":""6.70"",""created_time"":""2026-04-28T14:30:11.316986Z"",""no_price_dollars"":""0.6000"",""taker_side"":""yes"",""ticker"":""KXBTC15M-26APR281045-45"",""trade_id"":""f56d2ae0-0f44-573c-2eee-52a195c19897"",""yes_price_dollars"":""0.4000""}"
KXBTC15M-26APR281045-45,f9f1b9e9-62c7-5953-ad59-0c273a82fb90,1777386611,0.37,8.81,no,"{""count_fp"":""8.81"",""created_time"":""2026-04-28T14:30:11.026409Z"",""no_price_dollars"":""0.6300"",""taker_side"":""no"",""ticker"":""KXBTC15M-26APR281045-45"",""trade_id"":""f9f1b9e9-62c7-5953-ad59-0c273a82fb90"",""yes_price_dollars"":""0.3700""}"
KXBTC15M-26APR281045-45,eba2768d-d1cc-594d-81c9-3d1c8cd3f32e,1777386611,0.38,132.0,no,"{""count_fp"":""132.00"",""created_time"":""2026-04-28T14:30:11.026409Z"",""no_price_dollars"":""0.6200"",""taker_side"":""no"",""ticker"":""KXBTC15M-26APR281045-45"",""trade_id"":""eba2768d-d1cc-594d-81c9-3d1c8cd3f32e"",""yes_price_dollars"":""0.3800""}"
KXBTC15M-26APR281045-45,ac506888-280a-5b86-85d7-2b85897cec07,1777386611,0.39,37.79,no,"{""count_fp"":""37.79"",""created_time"":""2026-04-28T14:30:11.026409Z"",""no_price_dollars"":""0.6100"",""taker_side"":""no"",""ticker"":""KXBTC15M-26APR281045-45"",""trade_id"":""ac506888-280a-5b86-85d7-2b85897cec07"",""yes_price_dollars"":""0.3900""}"
KXBTC15M-26APR281045-45,3e6b79b5-ce7a-50f2-aaec-beaf175ac7f2,1777386611,0.39,132.0,no,"{""count_fp"":""132.00"",""created_time"":""2026-04-28T14:30:11.026409Z"",""no_price_dollars"":""0.6100"",""taker_side"":""no"",""ticker"":""KXBTC15M-26APR281045-45"",""trade_id"":""3e6b79b5-ce7a-50f2-aaec-beaf175ac7f2"",""yes_price_dollars"":""0.3900""}"
KXBTC15M-26APR281045-45,44ba4b09-3563-6379-fef3-a961c233a0c8,1777386612,0.41,1.0,no,"{""count_fp"":""1.00"",""created_time"":""2026-04-28T14:30:12.598614Z"",""no_price_dollars"":""0.5900"",""taker_side"":""no"",""ticker"":""KXBTC15M-26APR281045-45"",""trade_id"":""44ba4b09-3563-6379-fef3-a961c233a0c8"",""yes_price_dollars"":""0.4100""}"
KXBTC15M-26APR281045-45,8c6e049d-2055-4de0-531f-9af3bf4c5a8a,1777386612,0.42,3.0,yes,"{""count_fp"":""3.00"",""created_time"":""2026-04-28T14:30:12.256898Z"",""no_price_dollars"":""0.5800"",""taker_side"":""yes"",""ticker"":""KXBTC15M-26APR281045-45"",""trade_id"":""8c6e049d-2055-4de0-531f-9af3bf4c5a8a"",""yes_price_dollars"":""0.4200""}"
KXBTC15M-26APR281045-45,4e3d57d6-573d-4d0c-bba9-3cbaa10b76d2,1777386612,0.4,3.0,no,"{""count_fp"":""3.00"",""created_time"":""2026-04-28T14:30:12.194998Z"",""no_price_dollars"":""0.6000"",""taker_side"":""no"",""ticker"":""KXBTC15M-26APR281045-45"",""trade_id"":""4e3d57d6-573d-4d0c-bba9-3cbaa10b76d2"",""yes_price_dollars"":""0.4000""}"
KXBTC15M-26APR281045-45,60218e5a-2e0a-6459-c8fb-63acc21a7034,1777386613,0.4,1.0,no,"{""count_fp"":""1.00"",""created_time"":""2026-04-28T14:30:13.938124Z"",""no_price_dollars"":""0.6000"",""taker_side"":""no"",""ticker"":""KXBTC15M-26APR281045-45"",""trade_id"":""60218e5a-2e0a-6459-c8fb-63acc21a7034"",""yes_price_dollars"":""0.4000""}"
KXBTC15M-26APR281045-45,cfdf0772-4235-775e-d3e4-c62e224f4771,1777386613,0.41,40.0,yes,"{""count_fp"":""40.00"",""created_time"":""2026-04-28T14:30:13.368815Z"",""no_price_dollars"":""0.5900"",""taker_side"":""yes"",""ticker"":""KXBTC15M-26APR281045-45"",""trade_id"":""cfdf0772-4235-775e-d3e4-c62e224f4771"",""yes_price_dollars"":""0.4100""}"
KXBTC15M-26APR281045-45,89386378-5c82-7c0b-eb76-b4d280738bcc,1777386613,0.42,21.83,yes,"{""count_fp"":""21.83"",""created_time"":""2026-04-28T14:30:13.368815Z"",""no_price_dollars"":""0.5800"",""taker_side"":""yes"",""ticker"":""KXBTC15M-26APR281045-45"",""trade_id"":""89386378-5c82-7c0b-eb76-b4d280738bcc"",""yes_price_dollars"":""0.4200""}"
KXBTC15M-26APR281045-45,462d64ec-a851-718b-deb4-cb7624e40008,1777386613,0.42,3.0,yes,"{""count_fp"":""3.00"",""created_time"":""2026-04-28T14:30:13.368815Z"",""no_price_dollars"":""0.5800"",""taker_side"":""yes"",""ticker"":""KXBTC15M-26APR281045-45"",""trade_id"":""462d64ec-a851-718b-deb4-cb7624e40008"",""yes_price_dollars"":""0.4200""}"
KXBTC15M-26APR281045-45,40089b82-42af-759f-ffb3-0739bedfe87b,1777386613,0.4,5.0,yes,"{""count_fp"":""5.00"",""created_time"":""2026-04-28T14:30:13.368815Z"",""no_price_dollars"":""0.6000"",""taker_side"":""yes"",""ticker"":""KXBTC15M-26APR281045-45"",""trade_id"":""40089b82-42af-759f-ffb3-0739bedfe87b"",""yes_price_dollars"":""0.4000""}"
KXBTC15M-26APR281045-45,37d79fbf-f786-729b-eaec-8f86c94812d6,1777386613,0.4,40.0,yes,"{""count_fp"":""40.00"",""created_time"":""2026-04-28T14:30:13.368815Z"",""no_price_dollars"":""0.6000"",""taker_side"":""yes"",""ticker"":""KXBTC15M-26APR281045-45"",""trade_id"":""37d79fbf-f786-729b-eaec-8f86c94812d6"",""yes_price_dollars"":""0.4000""}"
KXBTC15M-26APR281045-45,d5f27568-b7d1-552f-7f82-39efcaa2a606,1777386613,0.41,40.0,yes,"{""count_fp"":""40.00"",""created_time"":""2026-04-28T14:30:13.105434Z"",""no_price_dollars"":""0.5900"",""taker_side"":""yes"",""ticker"":""KXBTC15M-26APR281045-45"",""trade_id"":""d5f27568-b7d1-552f-7f82-39efcaa2a606"",""yes_price_dollars"":""0.4100""}"
KXBTC15M-26APR281045-45,c0067234-a185-5008-5d65-820af1052063,1777386613,0.42,40.0,yes,"{""count_fp"":""40.00"",""created_time"":""2026-04-28T14:30:13.105434Z"",""no_price_dollars"":""0.5800"",""taker_side"":""yes"",""ticker"":""KXBTC15M-26APR281045-45"",""trade_id"":""c0067234-a185-5008-5d65-820af1052063"",""yes_price_dollars"":""0.4200""}"
KXBTC15M-26APR281045-45,80ab5617-bdde-52b6-5e17-24416ca21e62,1777386613,0.4,10.0,yes,"{""count_fp"":""10.00"",""created_time"":""2026-04-28T14:30:13.105434Z"",""no_price_dollars"":""0.6000"",""taker_side"":""yes"",""ticker"":""KXBTC15M-26APR281045-45"",""trade_id"":""80ab5617-bdde-52b6-5e17-24416ca21e62"",""yes_price_dollars"":""0.4000""}"
KXBTC15M-26APR281045-45,5b7d1fa8-73a1-5789-53d2-383c24f9cc80,1777386613,0.43,313.69,yes,"{""count_fp"":""313.69"",""created_time"":""2026-04-28T14:30:13.105434Z"",""no_price_dollars"":""0.5700"",""taker_side"":""yes"",""ticker"":""KXBTC15M-26APR281045-45"",""trade_id"":""5b7d1fa8-73a1-5789-53d2-383c24f9cc80"",""yes_price_dollars"":""0.4300""}"
KXBTC15M-26APR281045-45,49c61c06-c430-51b6-762f-9fb66b79825c,1777386613,0.4,40.0,yes,"{""count_fp"":""40.00"",""created_time"":""2026-04-28T14:30:13.105434Z"",""no_price_dollars"":""0.6000"",""taker_side"":""yes"",""ticker"":""KXBTC15M-26APR281045-45"",""trade_id"":""49c61c06-c430-51b6-762f-9fb66b79825c"",""yes_price_dollars"":""0.4000""}"
KXBTC15M-26APR281045-45,c816e17d-514c-463b-3165-0c98fa7eafa3,1777386613,0.39,23.65,no,"{""count_fp"":""23.65"",""created_time"":""2026-04-28T14:30:13.093656Z"",""no_price_dollars"":""0.6100"",""taker_side"":""no"",""ticker"":""KXBTC15M-26APR281045-45"",""trade_id"":""c816e17d-514c-463b-3165-0c98fa7eafa3"",""yes_price_dollars"":""0.3900""}"
KXBTC15M-26APR281045-45,f54e5b4a-edd0-558e-cbd4-01d977ccf0f7,1777386613,0.4,12.05,no,"{""count_fp"":""12.05"",""created_time"":""2026-04-28T14:30:13.015104Z"",""no_price_dollars"":""0.6000"",""taker_side"":""no"",""ticker"":""KXBTC15M-26APR281045-45"",""trade_id"":""f54e5b4a-edd0-558e-cbd4-01d977ccf0f7"",""yes_price_dollars"":""0.4000""}"
KXBTC15M-26APR281045-45,598277d0-9abc-5ffb-e371-d9511532a8f3,1777386613,0.39,289.56,no,"{""count_fp"":""289.56"",""created_time"":""2026-04-28T14:30:13.015104Z"",""no_price_dollars"":""0.6100"",""taker_side"":""no"",""ticker"":""KXBTC15M-26APR281045-45"",""trade_id"":""598277d0-9abc-5ffb-e371-d9511532a8f3"",""yes_price_dollars"":""0.3900""}"
KXBTC15M-26APR281045-45,30f9063c-dc32-5a03-e0c9-d4fa3a5d9990,1777386613,0.39,111.0,no,"{""count_fp"":""111.00"",""created_time"":""2026-04-28T14:30:13.015104Z"",""no_price_dollars"":""0.6100"",""taker_side"":""no"",""ticker"":""KXBTC15M-26APR281045-45"",""trade_id"":""30f9063c-dc32-5a03-e0c9-d4fa3a5d9990"",""yes_price_dollars"":""0.3900""}"
KXBTC15M-26APR281045-45,41d85beb-e550-408f-57de-83d1b2959360,1777386614,0.41,10.0,yes,"{""count_fp"":""10.00"",""created_time"":""2026-04-28T14:30:14.879524Z"",""no_price_dollars"":""0.5900"",""taker_side"":""yes"",""ticker"":""KXBTC15M-26APR281045-45"",""trade_id"":""41d85beb-e550-408f-57de-83d1b2959360"",""yes_price_dollars"":""0.4100""}"
KXBTC15M-26APR281045-45,e51cea00-4b31-5f79-4c42-8045bb4f2981,1777386614,0.4,0.87,no,"{""count_fp"":""0.87"",""created_time"":""2026-04-28T14:30:14.395526Z"",""no_price_dollars"":""0.6000"",""taker_side"":""no"",""ticker"":""KXBTC15M-26APR281045-45"",""trade_id"":""e51cea00-4b31-5f79-4c42-8045bb4f2981"",""yes_price_dollars"":""0.4000""}"
KXBTC15M-26APR281045-45,f05128c6-be35-7a2c-a175-e3e2381df8bb,1777386614,0.41,5.0,yes,"{""count_fp"":""5.00"",""created_time"":""2026-04-28T14:30:14.111433Z"",""no_price_dollars"":""0.5900"",""taker_side"":""yes"",""ticker"":""KXBTC15M-26APR281045-45"",""trade_id"":""f05128c6-be35-7a2c-a175-e3e2381df8bb"",""yes_price_dollars"":""0.4100""}"
KXBTC15M-26APR281045-45,e9f3a1e4-0255-7987-b3ba-9f8c87d9cf59,1777386614,0.43,40.0,yes,"{""count_fp"":""40.00"",""created_time"":""2026-04-28T14:30:14.111433Z"",""no_price_dollars"":""0.5700"",""taker_side"":""yes"",""ticker"":""KXBTC15M-26APR281045-45"",""trade_id"":""e9f3a1e4-0255-7987-b3ba-9f8c87d9cf59"",""yes_price_dollars"":""0.4300""}"
KXBTC15M-26APR281045-45,bd1263fd-dd3d-7541-ad34-06090ba3f320,1777386614,0.43,786.69,yes,"{""count_fp"":""786.69"",""created_time"":""2026-04-28T14:30:14.111433Z"",""no_price_dollars"":""0.5700"",""taker_side"":""yes"",""ticker"":""KXBTC15M-26APR281045-45"",""trade_id"":""bd1263fd-dd3d-7541-ad34-06090ba3f320"",""yes_price_dollars"":""0.4300""}"
KXBTC15M-26APR281045-45,9e324cac-dcce-7baf-8270-443053a538bc,1777386614,0.42,18.17,yes,"{""count_fp"":""18.17"",""created_time"":""2026-04-28T14:30:14.111433Z"",""no_price_dollars"":""0.5800"",""taker_side"":""yes"",""ticker"":""KXBTC15M-26APR281045-45"",""trade_id"":""9e324cac-dcce-7baf-8270-443053a538bc"",""yes_price_dollars"":""0.4200""}"
KXBTC15M-26APR281045-45,947a53c4-3f19-7dd3-8355-01ee9abcd747,1777386614,0.42,1.0,yes,"{""count_fp"":""1.00"",""created_time"":""2026-04-28T14:30:14.111433Z"",""no_price_dollars"":""0.5800"",""taker_side"":""yes"",""ticker"":""KXBTC15M-26APR281045-45"",""trade_id"":""947a53c4-3f19-7dd3-8355-01ee9abcd747"",""yes_price_dollars"":""0.4200""}"
KXBTC15M-26APR281045-45,751c29a7-2cd9-7447-b21e-45e8217b37ea,1777386614,0.43,173.86,yes,"{""count_fp"":""173.86"",""created_time"":""2026-04-28T14:30:14.111433Z"",""no_price_dollars"":""0.5700"",""taker_side"":""yes"",""ticker"":""KXBTC15M-26APR281045-45"",""trade_id"":""751c29a7-2cd9-7447-b21e-45e8217b37ea"",""yes_price_dollars"":""0.4300""}"
KXBTC15M-26APR281045-45,56fc5cc4-0b6a-7a05-bc27-6155a7aeec33,1777386614,0.41,1.0,yes,"{""count_fp"":""1.00"",""created_time"":""2026-04-28T14:30:14.111433Z"",""no_price_dollars"":""0.5900"",""taker_side"":""yes"",""ticker"":""KXBTC15M-26APR281045-45"",""trade_id"":""56fc5cc4-0b6a-7a05-bc27-6155a7aeec33"",""yes_price_dollars"":""0.4100""}"
KXBTC15M-26APR281045-45,96cd78b0-399f-754e-ba5c-31f0340f9e45,1777386614,0.41,8.0,yes,"{""count_fp"":""8.00"",""created_time"":""2026-04-28T14:30:14.079127Z"",""no_price_dollars"":""0.5900"",""taker_side"":""yes"",""ticker"":""KXBTC15M-26APR281045-45"",""trade_id"":""96cd78b0-399f-754e-ba5c-31f0340f9e45"",""yes_price_dollars"":""0.4100""}"
KXBTC15M-26APR281045-45,dd049466-b74c-6231-e0f3-46fef0828b15,1777386615,0.42,10.0,no,"{""count_fp"":""10.00"",""created_time"":""2026-04-28T14:30:15.921859Z"",""no_price_dollars"":""0.5800"",""taker_side"":""no"",""ticker"":""KXBTC15M-26APR281045-45"",""trade_id"":""dd049466-b74c-6231-e0f3-46fef0828b15"",""yes_price_dollars"":""0.4200""}"
KXBTC15M-26APR281045-45,dd25ca7f-aeb4-4fa1-667d-a6b5c3336585,1777386615,0.42,10.58,no,"{""count_fp"":""10.58"",""created_time"":""2026-04-28T14:30:15.899584Z"",""no_price_dollars"":""0.5800"",""taker_side"":""no"",""ticker"":""KXBTC15M-26APR281045-45"",""trade_id"":""dd25ca7f-aeb4-4fa1-667d-a6b5c3336585"",""yes_price_dollars"":""0.4200""}"
KXBTC15M-26APR281045-45,22dfdfac-f604-4e76-65ef-543ce3de0487,1777386615,0.42,111.0,no,"{""count_fp"":""111.00"",""created_time"":""2026-04-28T14:30:15.899584Z"",""no_price_dollars"":""0.5800"",""taker_side"":""no"",""ticker"":""KXBTC15M-26APR281045-45"",""trade_id"":""22dfdfac-f604-4e76-65ef-543ce3de0487"",""yes_price_dollars"":""0.4200""}"
KXBTC15M-26APR281045-45,9cee2d7a-3907-4359-125b-30394095a816,1777386615,0.43,3.0,no,"{""count_fp"":""3.00"",""created_time"":""2026-04-28T14:30:15.796523Z"",""no_price_dollars"":""0.5700"",""taker_side"":""no"",""ticker"":""KXBTC15M-26APR281045-45"",""trade_id"":""9cee2d7a-3907-4359-125b-30394095a816"",""yes_price_dollars"":""0.4300""}"
KXBTC15M-26APR281045-45,8a0efc70-eb33-7b12-e1cb-c2bab48ad2dc,1777386615,0.43,5.0,yes,"{""count_fp"":""5.00"",""created_time"":""2026-04-28T14:30:15.720985Z"",""no_price_dollars"":""0.5700"",""taker_side"":""yes"",""ticker"":""KXBTC15M-26APR281045-45"",""trade_id"":""8a0efc70-eb33-7b12-e1cb-c2bab48ad2dc"",""yes_price_dollars"":""0.4300""}"
KXBTC15M-26APR281045-45,f6423e90-8daf-7ad3-1b65-6d5c918fdfc4,1777386615,0.41,1.56,yes,"{""count_fp"":""1.56"",""created_time"":""2026-04-28T14:30:15.073833Z"",""no_price_dollars"":""0.5900"",""taker_side"":""yes"",""ticker"":""KXBTC15M-26APR281045-45"",""trade_id"":""f6423e90-8daf-7ad3-1b65-6d5c918fdfc4"",""yes_price_dollars"":""0.4100""}"
KXBTC15M-26APR281045-45,9117b434-56ba-76e0-1747-8a7d62faaab8,1777386615,0.41,5.0,yes,"{""count_fp"":""5.00"",""created_time"":""2026-04-28T14:30:15.050516Z"",""no_price_dollars"":""0.5900"",""taker_side"":""yes"",""ticker"":""KXBTC15M-26APR281045-45"",""trade_id"":""9117b434-56ba-76e0-1747-8a7d62faaab8"",""yes_price_dollars"":""0.4100""}"
KXBTC15M-26APR281045-45,45df029a-c7b7-7a7f-0d6f-5410165e0be8,1777386615,0.41,18.44,yes,"{""count_fp"":""18.44"",""created_time"":""2026-04-28T14:30:15.050516Z"",""no_price_dollars"":""0.5900"",""taker_side"":""yes"",""ticker"":""KXBTC15M-26APR281045-45"",""trade_id"":""45df029a-c7b7-7a7f-0d6f-5410165e0be8"",""yes_price_dollars"":""0.4100""}"
KXBTC15M-26APR281045-45,5077eecc-2d66-40d8-d665-747e2818d996,1777386616,0.44,61.38,yes,"{""count_fp"":""61.38"",""created_time"":""2026-04-28T14:30:16.768032Z"",""no_price_dollars"":""0.5600"",""taker_side"":""yes"",""ticker"":""KXBTC15M-26APR281045-45"",""trade_id"":""5077eecc-2d66-40d8-d665-747e2818d996"",""yes_price_dollars"":""0.4400""}"
KXBTC15M-26APR281045-45,23c991ff-b734-48ea-e9e6-bd9d5b396232,1777386616,0.44,0.01,yes,"{""count_fp"":""0.01"",""created_time"":""2026-04-28T14:30:16.768032Z"",""no_price_dollars"":""0.5600"",""taker_side"":""yes"",""ticker"":""KXBTC15M-26APR281045-45"",""trade_id"":""23c991ff-b734-48ea-e9e6-bd9d5b396232"",""yes_price_dollars"":""0.4400""}"
KXBTC15M-26APR281045-45,20f23b3d-a9f3-45f5-d714-b6e05f792a74,1777386616,0.44,3.0,yes,"{""count_fp"":""3.00"",""created_time"":""2026-04-28T14:30:16.768032Z"",""no_price_dollars"":""0.5600"",""taker_side"":""yes"",""ticker"":""KXBTC15M-26APR281045-45"",""trade_id"":""20f23b3d-a9f3-45f5-d714-b6e05f792a74"",""yes_price_dollars"":""0.4400""}"
KXBTC15M-26APR281045-45,5c2036d0-2b95-5067-5a59-f29192df32c6,1777386617,0.43,14.0,yes,"{""count_fp"":""14.00"",""created_time"":""2026-04-28T14:30:17.448101Z"",""no_price_dollars"":""0.5700"",""taker_side"":""yes"",""ticker"":""KXBTC15M-26APR281045-45"",""trade_id"":""5c2036d0-2b95-5067-5a59-f29192df32c6"",""yes_price_dollars"":""0.4300""}"
KXBTC15M-26APR281045-45,b44e6d44-f4dc-479d-cc2e-98bee9642453,1777386617,0.43,40.0,no,"{""count_fp"":""40.00"",""created_time"":""2026-04-28T14:30:17.332009Z"",""no_price_dollars"":""0.5700"",""taker_side"":""no"",""ticker"":""KXBTC15M-26APR281045-45"",""trade_id"":""b44e6d44-f4dc-479d-cc2e-98bee9642453"",""yes_price_dollars"":""0.4300""}"
KXBTC15M-26APR281045-45,582aba6b-2e6d-4e5b-e4b9-fc2d9e5745dc,1777386617,0.42,1.11,no,"{""count_fp"":""1.11"",""created_time"":""2026-04-28T14:30:17.332009Z"",""no_price_dollars"":""0.5800"",""taker_side"":""no"",""ticker"":""KXBTC15M-26APR281045-45"",""trade_id"":""582aba6b-2e6d-4e5b-e4b9-fc2d9e5745dc"",""yes_price_dollars"":""0.4200""}"
KXBTC15M-26APR281045-45,377a681f-923a-4de1-cddb-99759cdda15a,1777386617,0.42,58.58,no,"{""count_fp"":""58.58"",""created_time"":""2026-04-28T14:30:17.332009Z"",""no_price_dollars"":""0.5800"",""taker_side"":""no"",""ticker"":""KXBTC15M-26APR281045-45"",""trade_id"":""377a681f-923a-4de1-cddb-99759cdda15a"",""yes_price_dollars"":""0.4200""}"
KXBTC15M-26APR281045-45,c8c4ced1-7257-712d-fdb0-be0c78b700a9,1777386617,0.43,40.0,no,"{""count_fp"":""40.00"",""created_time"":""2026-04-28T14:30:17.256141Z"",""no_price_dollars"":""0.5700"",""taker_side"":""no"",""ticker"":""KXBTC15M-26APR281045-45"",""trade_id"":""c8c4ced1-7257-712d-fdb0-be0c78b700a9"",""yes_price_dollars"":""0.4300""}"
KXBTC15M-26APR281045-45,8641e420-9b18-7035-fe61-7980850cb30d,1777386617,0.42,19.42,no,"{""count_fp"":""19.42"",""created_time"":""2026-04-28T14:30:17.256141Z"",""no_price_dollars"":""0.5800"",""taker_side"":""no"",""ticker"":""KXBTC15M-26APR281045-45"",""trade_id"":""8641e420-9b18-7035-fe61-7980850cb30d"",""yes_price_dollars"":""0.4200""}"
KXBTC15M-26APR281045-45,6a0dad04-d257-77ce-c587-b9487ee0a0f3,1777386617,0.43,10.0,no,"{""count_fp"":""10.00"",""created_time"":""2026-04-28T14:30:17.256141Z"",""no_price_dollars"":""0.5700"",""taker_side"":""no"",""ticker"":""KXBTC15M-26APR281045-45"",""trade_id"":""6a0dad04-d257-77ce-c587-b9487ee0a0f3"",""yes_price_dollars"":""0.4300""}"
KXBTC15M-26APR281045-45,684c49d3-1202-730f-fed1-e70115c2b067,1777386617,0.42,3.0,no,"{""count_fp"":""3.00"",""created_time"":""2026-04-28T14:30:17.256141Z"",""no_price_dollars"":""0.5800"",""taker_side"":""no"",""ticker"":""KXBTC15M-26APR281045-45"",""trade_id"":""684c49d3-1202-730f-fed1-e70115c2b067"",""yes_price_dollars"":""0.4200""}"
KXBTC15M-26APR281045-45,2f821920-e6c5-771f-eac8-30b0a6c766f8,1777386617,0.42,28.89,no,"{""count_fp"":""28.89"",""created_time"":""2026-04-28T14:30:17.256141Z"",""no_price_dollars"":""0.5800"",""taker_side"":""no"",""ticker"":""KXBTC15M-26APR281045-45"",""trade_id"":""2f821920-e6c5-771f-eac8-30b0a6c766f8"",""yes_price_dollars"":""0.4200""}"
KXBTC15M-26APR281045-45,83911e0d-8b12-79c7-b1e5-ff17c993a15c,1777386617,0.44,54.0,yes,"{""count_fp"":""54.00"",""created_time"":""2026-04-28T14:30:17.204185Z"",""no_price_dollars"":""0.5600"",""taker_side"":""yes"",""ticker"":""KXBTC15M-26APR281045-45"",""trade_id"":""83911e0d-8b12-79c7-b1e5-ff17c993a15c"",""yes_price_dollars"":""0.4400""}"
KXBTC15M-26APR281045-45,a1eb2e83-4f0e-4c73-d96f-f7f7f804379c,1777386617,0.44,16.53,yes,"{""count_fp"":""16.53"",""created_time"":""2026-04-28T14:30:17.014197Z"",""no_price_dollars"":""0.5600"",""taker_side"":""yes"",""ticker"":""KXBTC15M-26APR281045-45"",""trade_id"":""a1eb2e83-4f0e-4c73-d96f-f7f7f804379c"",""yes_price_dollars"":""0.4400""}"
KXBTC15M-26APR281045-45,5fed76ed-5e07-4ba3-ce0b-311de719e44b,1777386617,0.44,5.0,yes,"{""count_fp"":""5.00"",""created_time"":""2026-04-28T14:30:17.014197Z"",""no_price_dollars"":""0.5600"",""taker_side"":""yes"",""ticker"":""KXBTC15M-26APR281045-45"",""trade_id"":""5fed76ed-5e07-4ba3-ce0b-311de719e44b"",""yes_price_dollars"":""0.4400""}"
KXBTC15M-26APR281045-45,4893558c-0382-6451-e248-31da2c3c7823,1777386618,0.42,1.87,no,"{""count_fp"":""1.87"",""created_time"":""2026-04-28T14:30:18.823398Z"",""no_price_dollars"":""0.5800"",""taker_side"":""no"",""ticker"":""KXBTC15M-26APR281045-45"",""trade_id"":""4893558c-0382-6451-e248-31da2c3c7823"",""yes_price_dollars"":""0.4200""}"
KXBTC15M-26APR281045-45,31adeda2-3af6-5929-b098-4d550cbddb53,1777386618,0.42,28.13,no,"{""count_fp"":""28.13"",""created_time"":""2026-04-28T14:30:18.792831Z"",""no_price_dollars"":""0.5800"",""taker_side"":""no"",""ticker"":""KXBTC15M-26APR281045-45"",""trade_id"":""31adeda2-3af6-5929-b098-4d550cbddb53"",""yes_price_dollars"":""0.4200""}"
KXBTC15M-26APR281045-45,488f1ff5-9708-4c26-8a62-03cc65de2bd6,1777386618,0.42,10.0,no,"{""count_fp"":""10.00"",""created_time"":""2026-04-28T14:30:18.118734Z"",""no_price_dollars"":""0.5800"",""taker_side"":""no"",""ticker"":""KXBTC15M-26APR281045-45"",""trade_id"":""488f1ff5-9708-4c26-8a62-03cc65de2bd6"",""yes_price_dollars"":""0.4200""}"
KXBTC15M-26APR281045-45,c8c52454-8c52-5fa9-4746-6b8fab3c9d78,1777386618,0.43,1.0,yes,"{""count_fp"":""1.00"",""created_time"":""2026-04-28T14:30:18.075231Z"",""no_price_dollars"":""0.5700"",""taker_side"":""yes"",""ticker"":""KXBTC15M-26APR281045-45"",""trade_id"":""c8c52454-8c52-5fa9-4746-6b8fab3c9d78"",""yes_price_dollars"":""0.4300""}"
KXBTC15M-26APR281045-45,13711611-0fd1-5ff3-4d04-32fc74d30e76,1777386618,0.43,7.0,yes,"{""count_fp"":""7.00"",""created_time"":""2026-04-28T14:30:18.075231Z"",""no_price_dollars"":""0.5700"",""taker_side"":""yes"",""ticker"":""KXBTC15M-26APR281045-45"",""trade_id"":""13711611-0fd1-5ff3-4d04-32fc74d30e76"",""yes_price_dollars"":""0.4300""}"
KXBTC15M-26APR281045-45,8bcbb08a-8f18-53cd-7311-7c79afea7c4f,1777386619,0.41,24.59,yes,"{""count_fp"":""24.59"",""created_time"":""2026-04-28T14:30:19.636974Z"",""no_price_dollars"":""0.5900"",""taker_side"":""yes"",""ticker"":""KXBTC15M-26APR281045-45"",""trade_id"":""8bcbb08a-8f18-53cd-7311-7c79afea7c4f"",""yes_price_dollars"":""0.4100""}"
KXBTC15M-26APR281045-45,9260276b-be38-787d-e5b9-a69eb83b8993,1777386619,0.41,67.09,yes,"{""count_fp"":""67.09"",""created_time"":""2026-04-28T14:30:19.521248Z"",""no_price_dollars"":""0.5900"",""taker_side"":""yes"",""ticker"":""KXBTC15M-26APR281045-45"",""trade_id"":""9260276b-be38-787d-e5b9-a69eb83b8993"",""yes_price_dollars"":""0.4100""}"
KXBTC15M-26APR281045-45,8b716b00-8334-5d3d-7f6b-68e44a947bbb,1777386619,0.41,33.54,yes,"{""count_fp"":""33.54"",""created_time"":""2026-04-28T14:30:19.508806Z"",""no_price_dollars"":""0.5900"",""taker_side"":""yes"",""ticker"":""KXBTC15M-26APR281045-45"",""trade_id"":""8b716b00-8334-5d3d-7f6b-68e44a947bbb"",""yes_price_dollars"":""0.4100""}"
KXBTC15M-26APR281045-45,a67e6cdb-c3fe-4da1-778a-1a8531ea4759,1777386619,0.42,26.83,yes,"{""count_fp"":""26.83"",""created_time"":""2026-04-28T14:30:19.338425Z"",""no_price_dollars"":""0.5800"",""taker_side"":""yes"",""ticker"":""KXBTC15M-26APR281045-45"",""trade_id"":""a67e6cdb-c3fe-4da1-778a-1a8531ea4759"",""yes_price_dollars"":""0.4200""}"
KXBTC15M-26APR281045-45,f25cb83f-d7cf-617e-0c10-1e142aa568ac,1777386619,0.41,40.47,yes,"{""count_fp"":""40.47"",""created_time"":""2026-04-28T14:30:19.323285Z"",""no_price_dollars"":""0.5900"",""taker_side"":""yes"",""ticker"":""KXBTC15M-26APR281045-45"",""trade_id"":""f25cb83f-d7cf-617e-0c10-1e142aa568ac"",""yes_price_dollars"":""0.4100""}"
KXBTC15M-26APR281045-45,eccd9345-486c-64d5-0346-120aa3835d46,1777386619,0.41,40.0,yes,"{""count_fp"":""40.00"",""created_time"":""2026-04-28T14:30:19.323285Z"",""no_price_dollars"":""0.5900"",""taker_side"":""yes"",""ticker"":""KXBTC15M-26APR281045-45"",""trade_id"":""eccd9345-486c-64d5-0346-120aa3835d46"",""yes_price_dollars"":""0.4100""}"
KXBTC15M-26APR281045-45,a472e98e-0d91-69c9-1ccf-e5eebc83c072,1777386619,0.42,56.0,yes,"{""count_fp"":""56.00"",""created_time"":""2026-04-28T14:30:19.323285Z"",""no_price_dollars"":""0.5800"",""taker_side"":""yes"",""ticker"":""KXBTC15M-26APR281045-45"",""trade_id"":""a472e98e-0d91-69c9-1ccf-e5eebc83c072"",""yes_price_dollars"":""0.4200""}"
KXBTC15M-26APR281045-45,7d17af97-647a-64df-1a29-eba066394d62,1777386619,0.41,10.0,yes,"{""count_fp"":""10.00"",""created_time"":""2026-04-28T14:30:19.323285Z"",""no_price_dollars"":""0.5900"",""taker_side"":""yes"",""ticker"":""KXBTC15M-26APR281045-45"",""trade_id"":""7d17af97-647a-64df-1a29-eba066394d62"",""yes_price_dollars"":""0.4100""}"
KXBTC15M-26APR281045-45,36c54ee8-5a7a-6ba4-0af1-a4c5a38b1281,1777386619,0.42,40.0,yes,"{""count_fp"":""40.00"",""created_time"":""2026-04-28T14:30:19.323285Z"",""no_price_dollars"":""0.5800"",""taker_side"":""yes"",""ticker"":""KXBTC15M-26APR281045-45"",""trade_id"":""36c54ee8-5a7a-6ba4-0af1-a4c5a38b1281"",""yes_price_dollars"":""0.4200""}"
KXBTC15M-26APR281045-45,36bedff3-d9fe-660d-28b8-ca6e255faf10,1777386619,0.41,500.0,yes,"{""count_fp"":""500.00"",""created_time"":""2026-04-28T14:30:19.323285Z"",""no_price_dollars"":""0.5900"",""taker_side"":""yes"",""ticker"":""KXBTC15M-26APR281045-45"",""trade_id"":""36bedff3-d9fe-660d-28b8-ca6e255faf10"",""yes_price_dollars"":""0.4100""}"
KXBTC15M-26APR281045-45,301eb299-e056-6451-16f7-09c4413ca621,1777386619,0.42,33.03,yes,"{""count_fp"":""33.03"",""created_time"":""2026-04-28T14:30:19.323285Z"",""no_price_dollars"":""0.5800"",""taker_side"":""yes"",""ticker"":""KXBTC15M-26APR281045-45"",""trade_id"":""301eb299-e056-6451-16f7-09c4413ca621"",""yes_price_dollars"":""0.4200""}"
KXBTC15M-26APR281045-45,1aae4889-aa10-5a01-a8ae-8ef48f9c24da,1777386619,0.4,5.0,no,"{""count_fp"":""5.00"",""created_time"":""2026-04-28T14:30:19.071775Z"",""no_price_dollars"":""0.6000"",""taker_side"":""no"",""ticker"":""KXBTC15M-26APR281045-45"",""trade_id"":""1aae4889-aa10-5a01-a8ae-8ef48f9c24da"",""yes_price_dollars"":""0.4000""}"
KXBTC15M-26APR281045-45,6aa12d03-2914-78cd-8a3f-059dc7352e53,1777386620,0.4,1.0,yes,"{""count_fp"":""1.00"",""created_time"":""2026-04-28T14:30:20.824933Z"",""no_price_dollars"":""0.6000"",""taker_side"":""yes"",""ticker"":""KXBTC15M-26APR281045-45"",""trade_id"":""6aa12d03-2914-78cd-8a3f-059dc7352e53"",""yes_price_dollars"":""0.4000""}"
KXBTC15M-26APR281045-45,4e3c74e4-5344-40f9-58e7-206ce97c8db7,1777386620,0.4,12.0,yes,"{""count_fp"":""12.00"",""created_time"":""2026-04-28T14:30:20.782681Z"",""no_price_dollars"":""0.6000"",""taker_side"":""yes"",""ticker"":""KXBTC15M-26APR281045-45"",""trade_id"":""4e3c74e4-5344-40f9-58e7-206ce97c8db7"",""yes_price_dollars"":""0.4000""}"
KXBTC15M-26APR281045-45,651e270a-edfc-4c49-2d7d-8f7029015f33,1777386620,0.4,1.0,yes,"{""count_fp"":""1.00"",""created_time"":""2026-04-28T14:30:20.536244Z"",""no_price_dollars"":""0.6000"",""taker_side"":""yes"",""ticker"":""KXBTC15M-26APR281045-45"",""trade_id"":""651e270a-edfc-4c49-2d7d-8f7029015f33"",""yes_price_dollars"":""0.4000""}"
KXBTC15M-26APR281045-45,16e0c316-c668-4719-281e-7adf89c98eeb,1777386620,0.4,22.97,yes,"{""count_fp"":""22.97"",""created_time"":""2026-04-28T14:30:20.520523Z"",""no_price_dollars"":""0.6000"",""taker_side"":""yes"",""ticker"":""KXBTC15M-26APR281045-45"",""trade_id"":""16e0c316-c668-4719-281e-7adf89c98eeb"",""yes_price_dollars"":""0.4000""}"
KXBTC15M-26APR281045-45,a098be3d-81cc-5c53-3868-b95b111e643f,1777386620,0.39,64.14,no,"{""count_fp"":""64.14"",""created_time"":""2026-04-28T14:30:20.369971Z"",""no_price_dollars"":""0.6100"",""taker_side"":""no"",""ticker"":""KXBTC15M-26APR281045-45"",""trade_id"":""a098be3d-81cc-5c53-3868-b95b111e643f"",""yes_price_dollars"":""0.3900""}"
KXBTC15M-26APR281045-45,3b693c62-3630-69e7-a9ce-67c04e236eff,1777386620,0.39,20.06,no,"{""count_fp"":""20.06"",""created_time"":""2026-04-28T14:30:20.353352Z"",""no_price_dollars"":""0.6100"",""taker_side"":""no"",""ticker"":""KXBTC15M-26APR281045-45"",""trade_id"":""3b693c62-3630-69e7-a9ce-67c04e236eff"",""yes_price_dollars"":""0.3900""}"
KXBTC15M-26APR281045-45,b76eb696-e0c4-7e13-3eb0-d6baccaaa158,1777386620,0.4,3.0,no,"{""count_fp"":""3.00"",""created_time"":""2026-04-28T14:30:20.341606Z"",""no_price_dollars"":""0.6000"",""taker_side"":""no"",""ticker"":""KXBTC15M-26APR281045-45"",""trade_id"":""b76eb696-e0c4-7e13-3eb0-d6baccaaa158"",""yes_price_dollars"":""0.4000""}"
KXBTC15M-26APR281045-45,0c0fbe9d-38e3-748c-33fe-68eb1f3f58b4,1777386620,0.4,17.0,no,"{""count_fp"":""17.00"",""created_time"":""2026-04-28T14:30:20.341606Z"",""no_price_dollars"":""0.6000"",""taker_side"":""no"",""ticker"":""KXBTC15M-26APR281045-45"",""trade_id"":""0c0fbe9d-38e3-748c-33fe-68eb1f3f58b4"",""yes_price_dollars"":""0.4000""}"
KXBTC15M-26APR281045-45,0555f13e-79b0-7002-37a8-29d9f7f97ba3,1777386620,0.4,5.58,no,"{""count_fp"":""5.58"",""created_time"":""2026-04-28T14:30:20.341606Z"",""no_price_dollars"":""0.6000"",""taker_side"":""no"",""ticker"":""KXBTC15M-26APR281045-45"",""trade_id"":""0555f13e-79b0-7002-37a8-29d9f7f97ba3"",""yes_price_dollars"":""0.4000""}"
KXBTC15M-26APR281045-45,60611a92-15b0-6e15-5680-1852da5a3333,1777386620,0.41,2.0,yes,"{""count_fp"":""2.00"",""created_time"":""2026-04-28T14:30:20.328397Z"",""no_price_dollars"":""0.5900"",""taker_side"":""yes"",""ticker"":""KXBTC15M-26APR281045-45"",""trade_id"":""60611a92-15b0-6e15-5680-1852da5a3333"",""yes_price_dollars"":""0.4100""}"
KXBTC15M-26APR281045-45,657afcae-5f08-6731-2559-db9c95ceed7b,1777386620,0.41,23.42,yes,"{""count_fp"":""23.42"",""created_time"":""2026-04-28T14:30:20.264459Z"",""no_price_dollars"":""0.5900"",""taker_side"":""yes"",""ticker"":""KXBTC15M-26APR281045-45"",""trade_id"":""657afcae-5f08-6731-2559-db9c95ceed7b"",""yes_price_dollars"":""0.4100""}"
KXBTC15M-26APR281045-45,18fb6c92-4ce0-6c56-99ad-dc26b9bf62e7,1777386620,0.4,32.42,no,"{""count_fp"":""32.42"",""created_time"":""2026-04-28T14:30:20.074449Z"",""no_price_dollars"":""0.6000"",""taker_side"":""no"",""ticker"":""KXBTC15M-26APR281045-45"",""trade_id"":""18fb6c92-4ce0-6c56-99ad-dc26b9bf62e7"",""yes_price_dollars"":""0.4000""}"
KXBTC15M-26APR281045-45,77ce8dca-2ab0-757d-3bed-caf5e51fc7df,1777386620,0.41,10.0,yes,"{""count_fp"":""10.00"",""created_time"":""2026-04-28T14:30:20.065953Z"",""no_price_dollars"":""0.5900"",""taker_side"":""yes"",""ticker"":""KXBTC15M-26APR281045-45"",""trade_id"":""77ce8dca-2ab0-757d-3bed-caf5e51fc7df"",""yes_price_dollars"":""0.4100""}"
KXBTC15M-26APR281045-45,3896fd74-a344-768d-8ea9-86ccced8584b,1777386620,0.41,8.0,yes,"{""count_fp"":""8.00"",""created_time"":""2026-04-28T14:30:20.062277Z"",""no_price_dollars"":""0.5900"",""taker_side"":""yes"",""ticker"":""KXBTC15M-26APR281045-45"",""trade_id"":""3896fd74-a344-768d-8ea9-86ccced8584b"",""yes_price_dollars"":""0.4100""}"
KXBTC15M-26APR281045-45,6f3eb925-0a68-7bff-fec5-63caeea1f603,1777386621,0.39,0.79,no,"{""count_fp"":""0.79"",""created_time"":""2026-04-28T14:30:21.894616Z"",""no_price_dollars"":""0.6100"",""taker_side"":""no"",""ticker"":""KXBTC15M-26APR281045-45"",""trade_id"":""6f3eb925-0a68-7bff-fec5-63caeea1f603"",""yes_price_dollars"":""0.3900""}"
KXBTC15M-26APR281045-45,1513dde3-8600-43b9-e964-f94103613a4f,1777386621,0.4,11.71,yes,"{""count_fp"":""11.71"",""created_time"":""2026-04-28T14:30:21.599862Z"",""no_price_dollars"":""0.6000"",""taker_side"":""yes"",""ticker"":""KXBTC15M-26APR281045-45"",""trade_id"":""1513dde3-8600-43b9-e964-f94103613a4f"",""yes_price_dollars"":""0.4000""}"
KXBTC15M-26APR281045-45,4fcd3f06-9dd4-702d-d078-3c5716ffdd97,1777386621,0.4,11.99,yes,"{""count_fp"":""11.99"",""created_time"":""2026-04-28T14:30:21.516533Z"",""no_price_dollars"":""0.6000"",""taker_side"":""yes"",""ticker"":""KXBTC15M-26APR281045-45"",""trade_id"":""4fcd3f06-9dd4-702d-d078-3c5716ffdd97"",""yes_price_dollars"":""0.4000""}"
KXBTC15M-26APR281045-45,2e2557c4-6db4-6cdb-a7f9-f087a63859eb,1777386621,0.39,15.0,no,"{""count_fp"":""15.00"",""created_time"":""2026-04-28T14:30:21.444647Z"",""no_price_dollars"":""0.6100"",""taker_side"":""no"",""ticker"":""KXBTC15M-26APR281045-45"",""trade_id"":""2e2557c4-6db4-6cdb-a7f9-f087a63859eb"",""yes_price_dollars"":""0.3900""}"
KXBTC15M-26APR281045-45,820d58c4-5cfc-7c4d-db32-3f7bac1c72af,1777386621,0.4,1.0,yes,"{""count_fp"":""1.00"",""created_time"":""2026-04-28T14:30:21.354616Z"",""no_price_dollars"":""0.6000"",""taker_side"":""yes"",""ticker"":""KXBTC15M-26APR281045-45"",""trade_id"":""820d58c4-5cfc-7c4d-db32-3f7bac1c72af"",""yes_price_dollars"":""0.4000""}"
KXBTC15M-26APR281045-45,e5d04aec-7dd0-553d-3ef9-e49f29394e13,1777386621,0.4,128.82,yes,"{""count_fp"":""128.82"",""created_time"":""2026-04-28T14:30:21.263844Z"",""no_price_dollars"":""0.6000"",""taker_side"":""yes"",""ticker"":""KXBTC15M-26APR281045-45"",""trade_id"":""e5d04aec-7dd0-553d-3ef9-e49f29394e13"",""yes_price_dollars"":""0.4000""}"
KXBTC15M-26APR281045-45,57184991-481c-43a5-22d5-dbdf5cfe519f,1777386621,0.4,1.0,yes,"{""count_fp"":""1.00"",""created_time"":""2026-04-28T14:30:21.099521Z"",""no_price_dollars"":""0.6000"",""taker_side"":""yes"",""ticker"":""KXBTC15M-26APR281045-45"",""trade_id"":""57184991-481c-43a5-22d5-dbdf5cfe519f"",""yes_price_dollars"":""0.4000""}"
KXBTC15M-26APR281045-45,73a83d25-1610-695b-9940-efa3d7177a1b,1777386622,0.39,0.95,no,"{""count_fp"":""0.95"",""created_time"":""2026-04-28T14:30:22.988509Z"",""no_price_dollars"":""0.6100"",""taker_side"":""no"",""ticker"":""KXBTC15M-26APR281045-45"",""trade_id"":""73a83d25-1610-695b-9940-efa3d7177a1b"",""yes_price_dollars"":""0.3900""}"
KXBTC15M-26APR281045-45,6032265d-c9b0-740f-8d85-ecb7fcbf5243,1777386622,0.39,255.32,no,"{""count_fp"":""255.32"",""created_time"":""2026-04-28T14:30:22.632105Z"",""no_price_dollars"":""0.6100"",""taker_side"":""no"",""ticker"":""KXBTC15M-26APR281045-45"",""trade_id"":""6032265d-c9b0-740f-8d85-ecb7fcbf5243"",""yes_price_dollars"":""0.3900""}"
KXBTC15M-26APR281045-45,7d3d9d3a-b0a4-427b-4a61-c4c28cc412bf,1777386622,0.39,1.59,no,"{""count_fp"":""1.59"",""created_time"":""2026-04-28T14:30:22.568673Z"",""no_price_dollars"":""0.6100"",""taker_side"":""no"",""ticker"":""KXBTC15M-26APR281045-45"",""trade_id"":""7d3d9d3a-b0a4-427b-4a61-c4c28cc412bf"",""yes_price_dollars"":""0.3900""}"
KXBTC15M-26APR281045-45,f8b27841-c72f-4c47-2a80-15c43d3c61ff,1777386622,0.4,40.0,yes,"{""count_fp"":""40.00"",""created_time"":""2026-04-28T14:30:22.468543Z"",""no_price_dollars"":""0.6000"",""taker_side"":""yes"",""ticker"":""KXBTC15M-26APR281045-45"",""trade_id"":""f8b27841-c72f-4c47-2a80-15c43d3c61ff"",""yes_price_dollars"":""0.4000""}"
KXBTC15M-26APR281045-45,dabbf859-5699-4db0-35f8-4c8fd838460f,1777386622,0.4,32.0,yes,"{""count_fp"":""32.00"",""created_time"":""2026-04-28T14:30:22.468543Z"",""no_price_dollars"":""0.6000"",""taker_side"":""yes"",""ticker"":""KXBTC15M-26APR281045-45"",""trade_id"":""dabbf859-5699-4db0-35f8-4c8fd838460f"",""yes_price_dollars"":""0.4000""}"
KXBTC15M-26APR281045-45,99934782-7d1d-4c61-1595-cb173d66135c,1777386622,0.4,62.92,yes,"{""count_fp"":""62.92"",""created_time"":""2026-04-28T14:30:22.468543Z"",""no_price_dollars"":""0.6000"",""taker_side"":""yes"",""ticker"":""KXBTC15M-26APR281045-45"",""trade_id"":""99934782-7d1d-4c61-1595-cb173d66135c"",""yes_price_dollars"":""0.4000""}"
KXBTC15M-26APR281045-45,87201e4c-812b-4663-0b30-720dc3093057,1777386622,0.4,5.0,yes,"{""count_fp"":""5.00"",""created_time"":""2026-04-28T14:30:22.468543Z"",""no_price_dollars"":""0.6000"",""taker_side"":""yes"",""ticker"":""KXBTC15M-26APR281045-45"",""trade_id"":""87201e4c-812b-4663-0b30-720dc3093057"",""yes_price_dollars"":""0.4000""}"
KXBTC15M-26APR281045-45,67521149-c8d5-40b8-34b9-80cfc33181e4,1777386622,0.4,100.0,yes,"{""count_fp"":""100.00"",""created_time"":""2026-04-28T14:30:22.468543Z"",""no_price_dollars"":""0.6000"",""taker_side"":""yes"",""ticker"":""KXBTC15M-26APR281045-45"",""trade_id"":""67521149-c8d5-40b8-34b9-80cfc33181e4"",""yes_price_dollars"":""0.4000""}"
KXBTC15M-26APR281045-45,d983aae1-bdd0-693d-39ae-7454f01a07ab,1777386622,0.4,1.0,yes,"{""count_fp"":""1.00"",""created_time"":""2026-04-28T14:30:22.162295Z"",""no_price_dollars"":""0.6000"",""taker_side"":""yes"",""ticker"":""KXBTC15M-26APR281045-45"",""trade_id"":""d983aae1-bdd0-693d-39ae-7454f01a07ab"",""yes_price_dollars"":""0.4000""}"
KXBTC15M-26APR281045-45,cf006e2d-b795-58a9-b33d-1c79102dd2b0,1777386623,0.4,2.63,yes,"{""count_fp"":""2.63"",""created_time"":""2026-04-28T14:30:23.995718Z"",""no_price_dollars"":""0.6000"",""taker_side"":""yes"",""ticker"":""KXBTC15M-26APR281045-45"",""trade_id"":""cf006e2d-b795-58a9-b33d-1c79102dd2b0"",""yes_price_dollars"":""0.4000""}"
KXBTC15M-26APR281045-45,42203d58-8284-6343-01c5-04fceb5f3983,1777386623,0.39,50.0,no,"{""count_fp"":""50.00"",""created_time"":""2026-04-28T14:30:23.657867Z"",""no_price_dollars"":""0.6100"",""taker_side"":""no"",""ticker"":""KXBTC15M-26APR281045-45"",""trade_id"":""42203d58-8284-6343-01c5-04fceb5f3983"",""yes_price_dollars"":""0.3900""}"
KXBTC15M-26APR281045-45,0f10c0ca-46a5-4c0d-e702-bf660dbbecbc,1777386623,0.4,50.0,yes,"{""count_fp"":""50.00"",""created_time"":""2026-04-28T14:30:23.600299Z"",""no_price_dollars"":""0.6000"",""taker_side"":""yes"",""ticker"":""KXBTC15M-26APR281045-45"",""trade_id"":""0f10c0ca-46a5-4c0d-e702-bf660dbbecbc"",""yes_price_dollars"":""0.4000""}"
KXBTC15M-26APR281045-45,b31ee6db-f638-638b-3a33-b63495de3ad7,1777386623,0.39,1.59,no,"{""count_fp"":""1.59"",""created_time"":""2026-04-28T14:30:23.410163Z"",""no_price_dollars"":""0.6100"",""taker_side"":""no"",""ticker"":""KXBTC15M-26APR281045-45"",""trade_id"":""b31ee6db-f638-638b-3a33-b63495de3ad7"",""yes_price_dollars"":""0.3900""}"
KXBTC15M-26APR281045-45,d832baf9-0d80-5a9b-e214-07521ca0a587,1777386623,0.39,20.74,no,"{""count_fp"":""20.74"",""created_time"":""2026-04-28T14:30:23.322999Z"",""no_price_dollars"":""0.6100"",""taker_side"":""no"",""ticker"":""KXBTC15M-26APR281045-45"",""trade_id"":""d832baf9-0d80-5a9b-e214-07521ca0a587"",""yes_price_dollars"":""0.3900""}"
KXBTC15M-26APR281045-45,0779ca04-0454-6137-aabd-47dd03db1923,1777386623,0.39,64.94,no,"{""count_fp"":""64.94"",""created_time"":""2026-04-28T14:30:23.183682Z"",""no_price_dollars"":""0.6100"",""taker_side"":""no"",""ticker"":""KXBTC15M-26APR281045-45"",""trade_id"":""0779ca04-0454-6137-aabd-47dd03db1923"",""yes_price_dollars"":""0.3900""}"
KXBTC15M-26APR281045-45,92644849-ff49-41d9-51dc-d2daa1f79eb8,1777386623,0.4,10.0,yes,"{""count_fp"":""10.00"",""created_time"":""2026-04-28T14:30:23.014672Z"",""no_price_dollars"":""0.6000"",""taker_side"":""yes"",""ticker"":""KXBTC15M-26APR281045-45"",""trade_id"":""92644849-ff49-41d9-51dc-d2daa1f79eb8"",""yes_price_dollars"":""0.4000""}"
KXBTC15M-26APR281045-45,d4b45c41-1ded-6fe1-be03-ec37c01c6580,1777386624,0.4,40.78,yes,"{""count_fp"":""40.78"",""created_time"":""2026-04-28T14:30:24.994989Z"",""no_price_dollars"":""0.6000"",""taker_side"":""yes"",""ticker"":""KXBTC15M-26APR281045-45"",""trade_id"":""d4b45c41-1ded-6fe1-be03-ec37c01c6580"",""yes_price_dollars"":""0.4000""}"
KXBTC15M-26APR281045-45,9a5d619e-07f0-50df-09d5-3f0c316457c7,1777386624,0.39,79.78,no,"{""count_fp"":""79.78"",""created_time"":""2026-04-28T14:30:24.977819Z"",""no_price_dollars"":""0.6100"",""taker_side"":""no"",""ticker"":""KXBTC15M-26APR281045-45"",""trade_id"":""9a5d619e-07f0-50df-09d5-3f0c316457c7"",""yes_price_dollars"":""0.3900""}"
KXBTC15M-26APR281045-45,d3da200c-122d-6761-3c31-fc837d2c96a4,1777386624,0.4,11.03,yes,"{""count_fp"":""11.03"",""created_time"":""2026-04-28T14:30:24.883273Z"",""no_price_dollars"":""0.6000"",""taker_side"":""yes"",""ticker"":""KXBTC15M-26APR281045-45"",""trade_id"":""d3da200c-122d-6761-3c31-fc837d2c96a4"",""yes_price_dollars"":""0.4000""}"
KXBTC15M-26APR281045-45,fc9b6c59-dbd9-4a75-8740-b57bbaf65d7c,1777386624,0.4,131.95,yes,"{""count_fp"":""131.95"",""created_time"":""2026-04-28T14:30:24.875558Z"",""no_price_dollars"":""0.6000"",""taker_side"":""yes"",""ticker"":""KXBTC15M-26APR281045-45"",""trade_id"":""fc9b6c59-dbd9-4a75-8740-b57bbaf65d7c"",""yes_price_dollars"":""0.4000""}"
KXBTC15M-26APR281045-45,ca221658-0a80-4cbf-f6d4-fd5e10d4bcef,1777386624,0.39,19.14,no,"{""count_fp"":""19.14"",""created_time"":""2026-04-28T14:30:24.816476Z"",""no_price_dollars"":""0.6100"",""taker_side"":""no"",""ticker"":""KXBTC15M-26APR281045-45"",""trade_id"":""ca221658-0a80-4cbf-f6d4-fd5e10d4bcef"",""yes_price_dollars"":""0.3900""}"
KXBTC15M-26APR281045-45,a268129f-a5fc-7083-4396-194f6b16872f,1777386624,0.39,40.98,no,"{""count_fp"":""40.98"",""created_time"":""2026-04-28T14:30:24.496978Z"",""no_price_dollars"":""0.6100"",""taker_side"":""no"",""ticker"":""KXBTC15M-26APR281045-45"",""trade_id"":""a268129f-a5fc-7083-4396-194f6b16872f"",""yes_price_dollars"":""0.3900""}"
KXBTC15M-26APR281045-45,d3e23d12-b568-6257-d748-09576d2aeb8b,1777386624,0.39,22.45,no,"{""count_fp"":""22.45"",""created_time"":""2026-04-28T14:30:24.492123Z"",""no_price_dollars"":""0.6100"",""taker_side"":""no"",""ticker"":""KXBTC15M-26APR281045-45"",""trade_id"":""d3e23d12-b568-6257-d748-09576d2aeb8b"",""yes_price_dollars"":""0.3900""}"
KXBTC15M-26APR281045-45,4bcb08af-756d-4d7d-3884-926c0b90d970,1777386624,0.4,54.67,yes,"{""count_fp"":""54.67"",""created_time"":""2026-04-28T14:30:24.420682Z"",""no_price_dollars"":""0.6000"",""taker_side"":""yes"",""ticker"":""KXBTC15M-26APR281045-45"",""trade_id"":""4bcb08af-756d-4d7d-3884-926c0b90d970"",""yes_price_dollars"":""0.4000""}"
KXBTC15M-26APR281045-45,b8451ee5-445c-734b-38f8-3f3d6627ee93,1777386624,0.39,15.95,no,"{""count_fp"":""15.95"",""created_time"":""2026-04-28T14:30:24.363694Z"",""no_price_dollars"":""0.6100"",""taker_side"":""no"",""ticker"":""KXBTC15M-26APR281045-45"",""trade_id"":""b8451ee5-445c-734b-38f8-3f3d6627ee93"",""yes_price_dollars"":""0.3900""}"
KXBTC15M-26APR281045-45,8747e9f0-7df9-6f31-32c9-913cf8d1772c,1777386624,0.4,19.19,yes,"{""count_fp"":""19.19"",""created_time"":""2026-04-28T14:30:24.330293Z"",""no_price_dollars"":""0.6000"",""taker_side"":""yes"",""ticker"":""KXBTC15M-26APR281045-45"",""trade_id"":""8747e9f0-7df9-6f31-32c9-913cf8d1772c"",""yes_price_dollars"":""0.4000""}"
KXBTC15M-26APR281045-45,930a8328-2e84-4b9f-d641-5892f50b2ecf,1777386624,0.39,21.27,no,"{""count_fp"":""21.27"",""created_time"":""2026-04-28T14:30:24.090983Z"",""no_price_dollars"":""0.6100"",""taker_side"":""no"",""ticker"":""KXBTC15M-26APR281045-45"",""trade_id"":""930a8328-2e84-4b9f-d641-5892f50b2ecf"",""yes_price_dollars"":""0.3900""}"
KXBTC15M-26APR281045-45,1b441eea-7195-6999-afe2-d99c61bc98ac,1777386624,0.4,35.98,yes,"{""count_fp"":""35.98"",""created_time"":""2026-04-28T14:30:24.043908Z"",""no_price_dollars"":""0.6000"",""taker_side"":""yes"",""ticker"":""KXBTC15M-26APR281045-45"",""trade_id"":""1b441eea-7195-6999-afe2-d99c61bc98ac"",""yes_price_dollars"":""0.4000""}"
KXBTC15M-26APR281045-45,a1d12878-0b09-5f61-868f-be6e3c3f9520,1777386624,0.4,0.22,yes,"{""count_fp"":""0.22"",""created_time"":""2026-04-28T14:30:24.009146Z"",""no_price_dollars"":""0.6000"",""taker_side"":""yes"",""ticker"":""KXBTC15M-26APR281045-45"",""trade_id"":""a1d12878-0b09-5f61-868f-be6e3c3f9520"",""yes_price_dollars"":""0.4000""}"
KXBTC15M-26APR281045-45,87b52c99-b558-5e5a-e509-a502bb39872f,1777386625,0.4,24.0,yes,"{""count_fp"":""24.00"",""created_time"":""2026-04-28T14:30:25.843348Z"",""no_price_dollars"":""0.6000"",""taker_side"":""yes"",""ticker"":""KXBTC15M-26APR281045-45"",""trade_id"":""87b52c99-b558-5e5a-e509-a502bb39872f"",""yes_price_dollars"":""0.4000""}"
KXBTC15M-26APR281045-45,480e85f7-5e7c-451a-8a6b-9f7c6b07c1ff,1777386625,0.4,21.51,yes,"{""count_fp"":""21.51"",""created_time"":""2026-04-28T14:30:25.686613Z"",""no_price_dollars"":""0.6000"",""taker_side"":""yes"",""ticker"":""KXBTC15M-26APR281045-45"",""trade_id"":""480e85f7-5e7c-451a-8a6b-9f7c6b07c1ff"",""yes_price_dollars"":""0.4000""}"
KXBTC15M-26APR281045-45,005af3f3-a960-79be-c25e-55c592a03fef,1777386625,0.4,24.77,yes,"{""count_fp"":""24.77"",""created_time"":""2026-04-28T14:30:25.635955Z"",""no_price_dollars"":""0.6000"",""taker_side"":""yes"",""ticker"":""KXBTC15M-26APR281045-45"",""trade_id"":""005af3f3-a960-79be-c25e-55c592a03fef"",""yes_price_dollars"":""0.4000""}"
KXBTC15M-26APR281045-45,fe4200d0-1e58-538a-940c-a6c5df0d2a5f,1777386625,0.4,1.16,yes,"{""count_fp"":""1.16"",""created_time"":""2026-04-28T14:30:25.630023Z"",""no_price_dollars"":""0.6000"",""taker_side"":""yes"",""ticker"":""KXBTC15M-26APR281045-45"",""trade_id"":""fe4200d0-1e58-538a-940c-a6c5df0d2a5f"",""yes_price_dollars"":""0.4000""}"
KXBTC15M-26APR281045-45,22acd470-e4a4-7b92-21bc-b89d33503da7,1777386625,0.4,21.77,yes,"{""count_fp"":""21.77"",""created_time"":""2026-04-28T14:30:25.608023Z"",""no_price_dollars"":""0.6000"",""taker_side"":""yes"",""ticker"":""KXBTC15M-26APR281045-45"",""trade_id"":""22acd470-e4a4-7b92-21bc-b89d33503da7"",""yes_price_dollars"":""0.4000""}"
KXBTC15M-26APR281045-45,9b05618f-8f60-767a-ac73-7866156d6137,1777386625,0.4,23.13,yes,"{""count_fp"":""23.13"",""created_time"":""2026-04-28T14:30:25.596644Z"",""no_price_dollars"":""0.6000"",""taker_side"":""yes"",""ticker"":""KXBTC15M-26APR281045-45"",""trade_id"":""9b05618f-8f60-767a-ac73-7866156d6137"",""yes_price_dollars"":""0.4000""}"
KXBTC15M-26APR281045-45,a9fabe2b-7e04-73d3-4aa0-2fa9512196db,1777386625,0.39,7.97,no,"{""count_fp"":""7.97"",""created_time"":""2026-04-28T14:30:25.565764Z"",""no_price_dollars"":""0.6100"",""taker_side"":""no"",""ticker"":""KXBTC15M-26APR281045-45"",""trade_id"":""a9fabe2b-7e04-73d3-4aa0-2fa9512196db"",""yes_price_dollars"":""0.3900""}"
KXBTC15M-26APR281045-45,48a4488c-ff1c-6a42-5222-daeba7927d03,1777386625,0.4,30.75,yes,"{""count_fp"":""30.75"",""created_time"":""2026-04-28T14:30:25.554957Z"",""no_price_dollars"":""0.6000"",""taker_side"":""yes"",""ticker"":""KXBTC15M-26APR281045-45"",""trade_id"":""48a4488c-ff1c-6a42-5222-daeba7927d03"",""yes_price_dollars"":""0.4000""}"
KXBTC15M-26APR281045-45,46bb988e-b754-508b-114c-922e5e97444b,1777386625,0.39,1.0,no,"{""count_fp"":""1.00"",""created_time"":""2026-04-28T14:30:25.543149Z"",""no_price_dollars"":""0.6100"",""taker_side"":""no"",""ticker"":""KXBTC15M-26APR281045-45"",""trade_id"":""46bb988e-b754-508b-114c-922e5e97444b"",""yes_price_dollars"":""0.3900""}"
KXBTC15M-26APR281045-45,62a6f532-6c58-488e-820d-84c454a93cfb,1777386625,0.4,20.49,yes,"{""count_fp"":""20.49"",""created_time"":""2026-04-28T14:30:25.517752Z"",""no_price_dollars"":""0.6000"",""taker_side"":""yes"",""ticker"":""KXBTC15M-26APR281045-45"",""trade_id"":""62a6f532-6c58-488e-820d-84c454a93cfb"",""yes_price_dollars"":""0.4000""}"
KXBTC15M-26APR281045-45,c1bf3273-da43-42dd-5cbd-a3a7de815cd5,1777386625,0.4,35.48,yes,"{""count_fp"":""35.48"",""created_time"":""2026-04-28T14:30:25.503212Z"",""no_price_dollars"":""0.6000"",""taker_side"":""yes"",""ticker"":""KXBTC15M-26APR281045-45"",""trade_id"":""c1bf3273-da43-42dd-5cbd-a3a7de815cd5"",""yes_price_dollars"":""0.4000""}"
KXBTC15M-26APR281045-45,93c46cd5-30f2-46c7-6565-5bb690d911ba,1777386625,0.4,5.0,yes,"{""count_fp"":""5.00"",""created_time"":""2026-04-28T14:30:25.503212Z"",""no_price_dollars"":""0.6000"",""taker_side"":""yes"",""ticker"":""KXBTC15M-26APR281045-45"",""trade_id"":""93c46cd5-30f2-46c7-6565-5bb690d911ba"",""yes_price_dollars"":""0.4000""}"
KXBTC15M-26APR281045-45,6cce28c6-5474-47f6-7632-b49b26c6897b,1777386625,0.4,16.53,yes,"{""count_fp"":""16.53"",""created_time"":""2026-04-28T14:30:25.503212Z"",""no_price_dollars"":""0.6000"",""taker_side"":""yes"",""ticker"":""KXBTC15M-26APR281045-45"",""trade_id"":""6cce28c6-5474-47f6-7632-b49b26c6897b"",""yes_price_dollars"":""0.4000""}"
KXBTC15M-26APR281045-45,b45bd76c-da4f-6421-145e-dec0b07ff021,1777386625,0.4,40.88,yes,"{""count_fp"":""40.88"",""created_time"":""2026-04-28T14:30:25.493246Z"",""no_price_dollars"":""0.6000"",""taker_side"":""yes"",""ticker"":""KXBTC15M-26APR281045-45"",""trade_id"":""b45bd76c-da4f-6421-145e-dec0b07ff021"",""yes_price_dollars"":""0.4000""}"
KXBTC15M-26APR281045-45,8620bc5b-05a3-7cb5-8c5f-d5000f989571,1777386625,0.4,23.64,yes,"{""count_fp"":""23.64"",""created_time"":""2026-04-28T14:30:25.481775Z"",""no_price_dollars"":""0.6000"",""taker_side"":""yes"",""ticker"":""KXBTC15M-26APR281045-45"",""trade_id"":""8620bc5b-05a3-7cb5-8c5f-d5000f989571"",""yes_price_dollars"":""0.4000""}"
KXBTC15M-26APR281045-45,aff6e92a-12f0-60bd-5d58-b2b09ed191fa,1777386625,0.4,10.0,yes,"{""count_fp"":""10.00"",""created_time"":""2026-04-28T14:30:25.295247Z"",""no_price_dollars"":""0.6000"",""taker_side"":""yes"",""ticker"":""KXBTC15M-26APR281045-45"",""trade_id"":""aff6e92a-12f0-60bd-5d58-b2b09ed191fa"",""yes_price_dollars"":""0.4000""}"
KXBTC15M-26APR281045-45,f0be42bb-2821-7c7d-c79b-cf7e549e493f,1777386625,0.4,5.0,yes,"{""count_fp"":""5.00"",""created_time"":""2026-04-28T14:30:25.256605Z"",""no_price_dollars"":""0.6000"",""taker_side"":""yes"",""ticker"":""KXBTC15M-26APR281045-45"",""trade_id"":""f0be42bb-2821-7c7d-c79b-cf7e549e493f"",""yes_price_dollars"":""0.4000""}"
KXBTC15M-26APR281045-45,e899b8bd-51d5-7a79-cdb9-9aefdd685b99,1777386625,0.4,100.0,yes,"{""count_fp"":""100.00"",""created_time"":""2026-04-28T14:30:25.256605Z"",""no_price_dollars"":""0.6000"",""taker_side"":""yes"",""ticker"":""KXBTC15M-26APR281045-45"",""trade_id"":""e899b8bd-51d5-7a79-cdb9-9aefdd685b99"",""yes_price_dollars"":""0.4000""}"
KXBTC15M-26APR281045-45,3912d87b-9d8b-7a47-df0d-ed2754e39e31,1777386625,0.4,1.0,yes,"{""count_fp"":""1.00"",""created_time"":""2026-04-28T14:30:25.256605Z"",""no_price_dollars"":""0.6000"",""taker_side"":""yes"",""ticker"":""KXBTC15M-26APR281045-45"",""trade_id"":""3912d87b-9d8b-7a47-df0d-ed2754e39e31"",""yes_price_dollars"":""0.4000""}"
KXBTC15M-26APR281045-45,14a6a146-de7a-78d1-e180-7a45bad007f5,1777386625,0.4,13.37,yes,"{""count_fp"":""13.37"",""created_time"":""2026-04-28T14:30:25.256605Z"",""no_price_dollars"":""0.6000"",""taker_side"":""yes"",""ticker"":""KXBTC15M-26APR281045-45"",""trade_id"":""14a6a146-de7a-78d1-e180-7a45bad007f5"",""yes_price_dollars"":""0.4000""}"
KXBTC15M-26APR281045-45,05be2836-e30d-7145-ee23-0c3d57f6ef68,1777386625,0.4,80.63,yes,"{""count_fp"":""80.63"",""created_time"":""2026-04-28T14:30:25.256605Z"",""no_price_dollars"":""0.6000"",""taker_side"":""yes"",""ticker"":""KXBTC15M-26APR281045-45"",""trade_id"":""05be2836-e30d-7145-ee23-0c3d57f6ef68"",""yes_price_dollars"":""0.4000""}"
KXBTC15M-26APR281045-45,c642a15c-ede8-6cfa-b57b-00bd6752e87f,1777386626,0.4,100.0,yes,"{""count_fp"":""100.00"",""created_time"":""2026-04-28T14:30:26.997715Z"",""no_price_dollars"":""0.6000"",""taker_side"":""yes"",""ticker"":""KXBTC15M-26APR281045-45"",""trade_id"":""c642a15c-ede8-6cfa-b57b-00bd6752e87f"",""yes_price_dollars"":""0.4000""}"
KXBTC15M-26APR281045-45,e500234b-1efc-584e-c894-fe9175012e79,1777386626,0.39,21.21,no,"{""count_fp"":""21.21"",""created_time"":""2026-04-28T14:30:26.594924Z"",""no_price_dollars"":""0.6100"",""taker_side"":""no"",""ticker"":""KXBTC15M-26APR281045-45"",""trade_id"":""e500234b-1efc-584e-c894-fe9175012e79"",""yes_price_dollars"":""0.3900""}"
KXBTC15M-26APR281045-45,aa386299-2e40-53cb-cd6b-1f7096ae3a27,1777386626,0.39,18.68,no,"{""count_fp"":""18.68"",""created_time"":""2026-04-28T14:30:26.594924Z"",""no_price_dollars"":""0.6100"",""taker_side"":""no"",""ticker"":""KXBTC15M-26APR281045-45"",""trade_id"":""aa386299-2e40-53cb-cd6b-1f7096ae3a27"",""yes_price_dollars"":""0.3900""}"
KXBTC15M-26APR281045-45,6020f955-64e4-609e-fbb7-75dee1f35c03,1777386626,0.4,7.19,yes,"{""count_fp"":""7.19"",""created_time"":""2026-04-28T14:30:26.176398Z"",""no_price_dollars"":""0.6000"",""taker_side"":""yes"",""ticker"":""KXBTC15M-26APR281045-45"",""trade_id"":""6020f955-64e4-609e-fbb7-75dee1f35c03"",""yes_price_dollars"":""0.4000""}"
KXBTC15M-26APR281045-45,b6085426-a0a4-45a6-3e93-880ec839e28f,1777386626,0.4,4.79,yes,"{""count_fp"":""4.79"",""created_time"":""2026-04-28T14:30:26.131376Z"",""no_price_dollars"":""0.6000"",""taker_side"":""yes"",""ticker"":""KXBTC15M-26APR281045-45"",""trade_id"":""b6085426-a0a4-45a6-3e93-880ec839e28f"",""yes_price_dollars"":""0.4000""}"
KXBTC15M-26APR281045-45,a1807b29-7590-67d6-e8c1-ad9050b12bf7,1777386626,0.4,20.27,yes,"{""count_fp"":""20.27"",""created_time"":""2026-04-28T14:30:26.082197Z"",""no_price_dollars"":""0.6000"",""taker_side"":""yes"",""ticker"":""KXBTC15M-26APR281045-45"",""trade_id"":""a1807b29-7590-67d6-e8c1-ad9050b12bf7"",""yes_price_dollars"":""0.4000""}"
KXBTC15M-26APR281045-45,c30074f1-bce3-620f-3a4d-f6e637d62f60,1777386627,0.4,14.87,yes,"{""count_fp"":""14.87"",""created_time"":""2026-04-28T14:30:27.974823Z"",""no_price_dollars"":""0.6000"",""taker_side"":""yes"",""ticker"":""KXBTC15M-26APR281045-45"",""trade_id"":""c30074f1-bce3-620f-3a4d-f6e637d62f60"",""yes_price_dollars"":""0.4000""}"
KXBTC15M-26APR281045-45,b31bd6e4-ac4f-560f-8416-11d881da8d20,1777386627,0.4,2.39,yes,"{""count_fp"":""2.39"",""created_time"":""2026-04-28T14:30:27.374445Z"",""no_price_dollars"":""0.6000"",""taker_side"":""yes"",""ticker"":""KXBTC15M-26APR281045-45"",""trade_id"":""b31bd6e4-ac4f-560f-8416-11d881da8d20"",""yes_price_dollars"":""0.4000""}"
KXBTC15M-26APR281045-45,c291b1d5-2097-75fb-1b04-39e6761d38f4,1777386627,0.4,10.0,yes,"{""count_fp"":""10.00"",""created_time"":""2026-04-28T14:30:27.362673Z"",""no_price_dollars"":""0.6000"",""taker_side"":""yes"",""ticker"":""KXBTC15M-26APR281045-45"",""trade_id"":""c291b1d5-2097-75fb-1b04-39e6761d38f4"",""yes_price_dollars"":""0.4000""}"
KXBTC15M-26APR281045-45,fd81a95b-1f73-7b43-5a80-a517687fb5ac,1777386627,0.4,0.95,yes,"{""count_fp"":""0.95"",""created_time"":""2026-04-28T14:30:27.333696Z"",""no_price_dollars"":""0.6000"",""taker_side"":""yes"",""ticker"":""KXBTC15M-26APR281045-45"",""trade_id"":""fd81a95b-1f73-7b43-5a80-a517687fb5ac"",""yes_price_dollars"":""0.4000""}"
KXBTC15M-26APR281045-45,f9c02e30-7b7f-5959-e2d7-a163319cd932,1777386627,0.39,4.77,no,"{""count_fp"":""4.77"",""created_time"":""2026-04-28T14:30:27.204911Z"",""no_price_dollars"":""0.6100"",""taker_side"":""no"",""ticker"":""KXBTC15M-26APR281045-45"",""trade_id"":""f9c02e30-7b7f-5959-e2d7-a163319cd932"",""yes_price_dollars"":""0.3900""}"
KXBTC15M-26APR281045-45,8546a40b-f35c-568a-e7c0-682ef1031439,1777386627,0.39,8.79,no,"{""count_fp"":""8.79"",""created_time"":""2026-04-28T14:30:27.204911Z"",""no_price_dollars"":""0.6100"",""taker_side"":""no"",""ticker"":""KXBTC15M-26APR281045-45"",""trade_id"":""8546a40b-f35c-568a-e7c0-682ef1031439"",""yes_price_dollars"":""0.3900""}"
KXBTC15M-26APR281045-45,9bb6f410-d0b0-7f16-52a4-881c36ff3c5f,1777386627,0.4,29.09,yes,"{""count_fp"":""29.09"",""created_time"":""2026-04-28T14:30:27.075317Z"",""no_price_dollars"":""0.6000"",""taker_side"":""yes"",""ticker"":""KXBTC15M-26APR281045-45"",""trade_id"":""9bb6f410-d0b0-7f16-52a4-881c36ff3c5f"",""yes_price_dollars"":""0.4000""}"
KXBTC15M-26APR281045-45,cd02dcbc-a5a4-62d0-5c5d-0d6574eabf20,1777386627,0.4,39.06,yes,"{""count_fp"":""39.06"",""created_time"":""2026-04-28T14:30:27.063084Z"",""no_price_dollars"":""0.6000"",""taker_side"":""yes"",""ticker"":""KXBTC15M-26APR281045-45"",""trade_id"":""cd02dcbc-a5a4-62d0-5c5d-0d6574eabf20"",""yes_price_dollars"":""0.4000""}"
KXBTC15M-26APR281045-45,90089a29-0e24-689e-6772-ecd539ba68c7,1777386627,0.4,114.94,yes,"{""count_fp"":""114.94"",""created_time"":""2026-04-28T14:30:27.063084Z"",""no_price_dollars"":""0.6000"",""taker_side"":""yes"",""ticker"":""KXBTC15M-26APR281045-45"",""trade_id"":""90089a29-0e24-689e-6772-ecd539ba68c7"",""yes_price_dollars"":""0.4000""}"
KXBTC15M-26APR281045-45,2e0384a9-b26a-6748-7a64-2831b0aba757,1777386627,0.4,20.0,yes,"{""count_fp"":""20.00"",""created_time"":""2026-04-28T14:30:27.063084Z"",""no_price_dollars"":""0.6000"",""taker_side"":""yes"",""ticker"":""KXBTC15M-26APR281045-45"",""trade_id"":""2e0384a9-b26a-6748-7a64-2831b0aba757"",""yes_price_dollars"":""0.4000""}"
KXBTC15M-26APR281045-45,07be2168-d276-60d2-54ac-8d6138cc2a2d,1777386627,0.4,21.0,yes,"{""count_fp"":""21.00"",""created_time"":""2026-04-28T14:30:27.063084Z"",""no_price_dollars"":""0.6000"",""taker_side"":""yes"",""ticker"":""KXBTC15M-26APR281045-45"",""trade_id"":""07be2168-d276-60d2-54ac-8d6138cc2a2d"",""yes_price_dollars"":""0.4000""}"
KXBTC15M-26APR281045-45,befe0d07-9a46-6591-741a-dfec4ab561ae,1777386628,0.4,63.11,no,"{""count_fp"":""63.11"",""created_time"":""2026-04-28T14:30:28.840622Z"",""no_price_dollars"":""0.6000"",""taker_side"":""no"",""ticker"":""KXBTC15M-26APR281045-45"",""trade_id"":""befe0d07-9a46-6591-741a-dfec4ab561ae"",""yes_price_dollars"":""0.4000""}"
KXBTC15M-26APR281045-45,b5117c14-59aa-697b-4e7a-00177722cbc3,1777386628,0.4,3.0,no,"{""count_fp"":""3.00"",""created_time"":""2026-04-28T14:30:28.840622Z"",""no_price_dollars"":""0.6000"",""taker_side"":""no"",""ticker"":""KXBTC15M-26APR281045-45"",""trade_id"":""b5117c14-59aa-697b-4e7a-00177722cbc3"",""yes_price_dollars"":""0.4000""}"
KXBTC15M-26APR281045-45,04eb623b-1f93-63cc-7b7f-837e8b504d5f,1777386628,0.4,39.21,no,"{""count_fp"":""39.21"",""created_time"":""2026-04-28T14:30:28.840622Z"",""no_price_dollars"":""0.6000"",""taker_side"":""no"",""ticker"":""KXBTC15M-26APR281045-45"",""trade_id"":""04eb623b-1f93-63cc-7b7f-837e8b504d5f"",""yes_price_dollars"":""0.4000""}"
KXBTC15M-26APR281045-45,d2138141-b0c3-55a8-ca57-e46023ba82fd,1777386628,0.41,18.0,yes,"{""count_fp"":""18.00"",""created_time"":""2026-04-28T14:30:28.734551Z"",""no_price_dollars"":""0.5900"",""taker_side"":""yes"",""ticker"":""KXBTC15M-26APR281045-45"",""trade_id"":""d2138141-b0c3-55a8-ca57-e46023ba82fd"",""yes_price_dollars"":""0.4100""}"
KXBTC15M-26APR281045-45,146c19ad-e37f-5c4c-f119-911a44fb8df1,1777386628,0.41,3.69,yes,"{""count_fp"":""3.69"",""created_time"":""2026-04-28T14:30:28.500283Z"",""no_price_dollars"":""0.5900"",""taker_side"":""yes"",""ticker"":""KXBTC15M-26APR281045-45"",""trade_id"":""146c19ad-e37f-5c4c-f119-911a44fb8df1"",""yes_price_dollars"":""0.4100""}"
KXBTC15M-26APR281045-45,12064427-94c4-5502-d971-c17ed5bf68d3,1777386628,0.41,1.0,yes,"{""count_fp"":""1.00"",""created_time"":""2026-04-28T14:30:28.500283Z"",""no_price_dollars"":""0.5900"",""taker_side"":""yes"",""ticker"":""KXBTC15M-26APR281045-45"",""trade_id"":""12064427-94c4-5502-d971-c17ed5bf68d3"",""yes_price_dollars"":""0.4100""}"
KXBTC15M-26APR281045-45,1e556f75-6737-6c80-46a8-d17ae1bb99a3,1777386628,0.4,0.79,no,"{""count_fp"":""0.79"",""created_time"":""2026-04-28T14:30:28.291945Z"",""no_price_dollars"":""0.6000"",""taker_side"":""no"",""ticker"":""KXBTC15M-26APR281045-45"",""trade_id"":""1e556f75-6737-6c80-46a8-d17ae1bb99a3"",""yes_price_dollars"":""0.4000""}"
KXBTC15M-26APR281045-45,b307aaf9-a637-528f-8785-cba6499a5414,1777386628,0.4,33.36,yes,"{""count_fp"":""33.36"",""created_time"":""2026-04-28T14:30:28.206411Z"",""no_price_dollars"":""0.6000"",""taker_side"":""yes"",""ticker"":""KXBTC15M-26APR281045-45"",""trade_id"":""b307aaf9-a637-528f-8785-cba6499a5414"",""yes_price_dollars"":""0.4000""}"
KXBTC15M-26APR281045-45,1050dd54-bf73-58eb-6514-0cb1e7d94854,1777386628,0.4,20.17,yes,"{""count_fp"":""20.17"",""created_time"":""2026-04-28T14:30:28.186374Z"",""no_price_dollars"":""0.6000"",""taker_side"":""yes"",""ticker"":""KXBTC15M-26APR281045-45"",""trade_id"":""1050dd54-bf73-58eb-6514-0cb1e7d94854"",""yes_price_dollars"":""0.4000""}"
KXBTC15M-26APR281045-45,aac36b54-1373-404f-99e6-33f515b63ca0,1777386628,0.4,54.09,yes,"{""count_fp"":""54.09"",""created_time"":""2026-04-28T14:30:28.174292Z"",""no_price_dollars"":""0.6000"",""taker_side"":""yes"",""ticker"":""KXBTC15M-26APR281045-45"",""trade_id"":""aac36b54-1373-404f-99e6-33f515b63ca0"",""yes_price_dollars"":""0.4000""}"
KXBTC15M-26APR281045-45,bce5de57-c81f-6297-c8e6-5fa20e621064,1777386628,0.4,21.17,yes,"{""count_fp"":""21.17"",""created_time"":""2026-04-28T14:30:28.168787Z"",""no_price_dollars"":""0.6000"",""taker_side"":""yes"",""ticker"":""KXBTC15M-26APR281045-45"",""trade_id"":""bce5de57-c81f-6297-c8e6-5fa20e621064"",""yes_price_dollars"":""0.4000""}"
KXBTC15M-26APR281045-45,6ed3a6e3-f9ce-5805-d3c2-deca0e5ecd22,1777386628,0.39,26.32,no,"{""count_fp"":""26.32"",""created_time"":""2026-04-28T14:30:28.109301Z"",""no_price_dollars"":""0.6100"",""taker_side"":""no"",""ticker"":""KXBTC15M-26APR281045-45"",""trade_id"":""6ed3a6e3-f9ce-5805-d3c2-deca0e5ecd22"",""yes_price_dollars"":""0.3900""}"
KXBTC15M-26APR281045-45,69174b42-a41d-5043-e3ea-2445da8b0ffc,1777386628,0.39,3.0,no,"{""count_fp"":""3.00"",""created_time"":""2026-04-28T14:30:28.109301Z"",""no_price_dollars"":""0.6100"",""taker_side"":""no"",""ticker"":""KXBTC15M-26APR281045-45"",""trade_id"":""69174b42-a41d-5043-e3ea-2445da8b0ffc"",""yes_price_dollars"":""0.3900""}"
KXBTC15M-26APR281045-45,14790f54-6bae-5bae-f28d-e2fce1ca5428,1777386628,0.39,7.38,no,"{""count_fp"":""7.38"",""created_time"":""2026-04-28T14:30:28.109301Z"",""no_price_dollars"":""0.6100"",""taker_side"":""no"",""ticker"":""KXBTC15M-26APR281045-45"",""trade_id"":""14790f54-6bae-5bae-f28d-e2fce1ca5428"",""yes_price_dollars"":""0.3900""}"
KXBTC15M-26APR281045-45,25fe665c-8153-4adf-4e34-e2039ced52b0,1777386628,0.4,15.0,yes,"{""count_fp"":""15.00"",""created_time"":""2026-04-28T14:30:28.039632Z"",""no_price_dollars"":""0.6000"",""taker_side"":""yes"",""ticker"":""KXBTC15M-26APR281045-45"",""trade_id"":""25fe665c-8153-4adf-4e34-e2039ced52b0"",""yes_price_dollars"":""0.4000""}"
KXBTC15M-26APR281045-45,da159375-9243-4720-c6b6-ac07965a7c7e,1777386629,0.41,1.55,no,"{""count_fp"":""1.55"",""created_time"":""2026-04-28T14:30:29.991971Z"",""no_price_dollars"":""0.5900"",""taker_side"":""no"",""ticker"":""KXBTC15M-26APR281045-45"",""trade_id"":""da159375-9243-4720-c6b6-ac07965a7c7e"",""yes_price_dollars"":""0.4100""}"
KXBTC15M-26APR281045-45,1854a5d1-8878-40e6-ea11-83ad9f7fdd59,1777386629,0.41,1.69,no,"{""count_fp"":""1.69"",""created_time"":""2026-04-28T14:30:29.991971Z"",""no_price_dollars"":""0.5900"",""taker_side"":""no"",""ticker"":""KXBTC15M-26APR281045-45"",""trade_id"":""1854a5d1-8878-40e6-ea11-83ad9f7fdd59"",""yes_price_dollars"":""0.4100""}"
KXBTC15M-26APR281045-45,9ab081e8-932e-58d2-c1af-43e7ba115a3e,1777386629,0.42,63.08,yes,"{""count_fp"":""63.08"",""created_time"":""2026-04-28T14:30:29.681128Z"",""no_price_dollars"":""0.5800"",""taker_side"":""yes"",""ticker"":""KXBTC15M-26APR281045-45"",""trade_id"":""9ab081e8-932e-58d2-c1af-43e7ba115a3e"",""yes_price_dollars"":""0.4200""}"
KXBTC15M-26APR281045-45,39fc00c4-b7c4-7a88-d4c1-9c64b37b9b90,1777386629,0.41,0.31,yes,"{""count_fp"":""0.31"",""created_time"":""2026-04-28T14:30:29.660266Z"",""no_price_dollars"":""0.5900"",""taker_side"":""yes"",""ticker"":""KXBTC15M-26APR281045-45"",""trade_id"":""39fc00c4-b7c4-7a88-d4c1-9c64b37b9b90"",""yes_price_dollars"":""0.4100""}"
KXBTC15M-26APR281045-45,6ff2999f-d521-6d82-65eb-2d9aa39b5c79,1777386629,0.41,21.0,yes,"{""count_fp"":""21.00"",""created_time"":""2026-04-28T14:30:29.652386Z"",""no_price_dollars"":""0.5900"",""taker_side"":""yes"",""ticker"":""KXBTC15M-26APR281045-45"",""trade_id"":""6ff2999f-d521-6d82-65eb-2d9aa39b5c79"",""yes_price_dollars"":""0.4100""}"
KXBTC15M-26APR281045-45,6a96b2fe-5a9f-6868-78da-c7bdd5370b01,1777386629,0.41,478.31,yes,"{""count_fp"":""478.31"",""created_time"":""2026-04-28T14:30:29.652386Z"",""no_price_dollars"":""0.5900"",""taker_side"":""yes"",""ticker"":""KXBTC15M-26APR281045-45"",""trade_id"":""6a96b2fe-5a9f-6868-78da-c7bdd5370b01"",""yes_price_dollars"":""0.4100""}"
KXBTC15M-26APR281045-45,0e9c4572-46c8-6f78-6b3b-33ff01d28948,1777386629,0.41,5.69,yes,"{""count_fp"":""5.69"",""created_time"":""2026-04-28T14:30:29.652386Z"",""no_price_dollars"":""0.5900"",""taker_side"":""yes"",""ticker"":""KXBTC15M-26APR281045-45"",""trade_id"":""0e9c4572-46c8-6f78-6b3b-33ff01d28948"",""yes_price_dollars"":""0.4100""}"
KXBTC15M-26APR281045-45,2e533e5a-1b06-6de1-cbe0-930eb633584e,1777386629,0.4,7.97,no,"{""count_fp"":""7.97"",""created_time"":""2026-04-28T14:30:29.307967Z"",""no_price_dollars"":""0.6000"",""taker_side"":""no"",""ticker"":""KXBTC15M-26APR281045-45"",""trade_id"":""2e533e5a-1b06-6de1-cbe0-930eb633584e"",""yes_price_dollars"":""0.4000""}"
KXBTC15M-26APR281045-45,5fb84d41-0d2a-627f-4218-fa0aa832c8a1,1777386630,0.43,25.0,no,"{""count_fp"":""25.00"",""created_time"":""2026-04-28T14:30:30.820927Z"",""no_price_dollars"":""0.5700"",""taker_side"":""no"",""ticker"":""KXBTC15M-26APR281045-45"",""trade_id"":""5fb84d41-0d2a-627f-4218-fa0aa832c8a1"",""yes_price_dollars"":""0.4300""}"
KXBTC15M-26APR281045-45,0f5eb88b-36a2-4eef-74a8-50cd31bbcd39,1777386630,0.43,1.0,no,"{""count_fp"":""1.00"",""created_time"":""2026-04-28T14:30:30.640299Z"",""no_price_dollars"":""0.5700"",""taker_side"":""no"",""ticker"":""KXBTC15M-26APR281045-45"",""trade_id"":""0f5eb88b-36a2-4eef-74a8-50cd31bbcd39"",""yes_price_dollars"":""0.4300""}"
KXBTC15M-26APR281045-45,04c5e34a-541c-78e9-87d4-8789bd9bf7ae,1777386630,0.42,0.92,yes,"{""count_fp"":""0.92"",""created_time"":""2026-04-28T14:30:30.542684Z"",""no_price_dollars"":""0.5800"",""taker_side"":""yes"",""ticker"":""KXBTC15M-26APR281045-45"",""trade_id"":""04c5e34a-541c-78e9-87d4-8789bd9bf7ae"",""yes_price_dollars"":""0.4200""}"
KXBTC15M-26APR281045-45,c8ef6c0e-1aa8-7b21-e7d8-fc8939c79576,1777386630,0.42,7.08,yes,"{""count_fp"":""7.08"",""created_time"":""2026-04-28T14:30:30.533913Z"",""no_price_dollars"":""0.5800"",""taker_side"":""yes"",""ticker"":""KXBTC15M-26APR281045-45"",""trade_id"":""c8ef6c0e-1aa8-7b21-e7d8-fc8939c79576"",""yes_price_dollars"":""0.4200""}"
KXBTC15M-26APR281045-45,39a2308a-17d2-771e-ecf5-cbe12803fe96,1777386630,0.42,626.92,yes,"{""count_fp"":""626.92"",""created_time"":""2026-04-28T14:30:30.533913Z"",""no_price_dollars"":""0.5800"",""taker_side"":""yes"",""ticker"":""KXBTC15M-26APR281045-45"",""trade_id"":""39a2308a-17d2-771e-ecf5-cbe12803fe96"",""yes_price_dollars"":""0.4200""}"
KXBTC15M-26APR281045-45,17866876-8add-7d9c-fbd6-63489d0da563,1777386630,0.42,3.0,yes,"{""count_fp"":""3.00"",""created_time"":""2026-04-28T14:30:30.533913Z"",""no_price_dollars"":""0.5800"",""taker_side"":""yes"",""ticker"":""KXBTC15M-26APR281045-45"",""trade_id"":""17866876-8add-7d9c-fbd6-63489d0da563"",""yes_price_dollars"":""0.4200""}"
KXBTC15M-26APR281045-45,c0debecb-620a-501e-e4f0-7dbc7658d2b6,1777386630,0.42,10.0,yes,"{""count_fp"":""10.00"",""created_time"":""2026-04-28T14:30:30.504445Z"",""no_price_dollars"":""0.5800"",""taker_side"":""yes"",""ticker"":""KXBTC15M-26APR281045-45"",""trade_id"":""c0debecb-620a-501e-e4f0-7dbc7658d2b6"",""yes_price_dollars"":""0.4200""}"
KXBTC15M-26APR281045-45,c6b449b4-49f6-4a75-fe02-8c402348873a,1777386630,0.41,2.08,no,"{""count_fp"":""2.08"",""created_time"":""2026-04-28T14:30:30.056701Z"",""no_price_dollars"":""0.5900"",""taker_side"":""no"",""ticker"":""KXBTC15M-26APR281045-45"",""trade_id"":""c6b449b4-49f6-4a75-fe02-8c402348873a"",""yes_price_dollars"":""0.4100""}"
KXBTC15M-26APR281045-45,156b094c-e58f-4a88-f6dd-38dcff802c96,1777386630,0.41,38.45,no,"{""count_fp"":""38.45"",""created_time"":""2026-04-28T14:30:30.056701Z"",""no_price_dollars"":""0.5900"",""taker_side"":""no"",""ticker"":""KXBTC15M-26APR281045-45"",""trade_id"":""156b094c-e58f-4a88-f6dd-38dcff802c96"",""yes_price_dollars"":""0.4100""}"
KXBTC15M-26APR281045-45,c43b07b6-7fc3-605e-7eca-a09364e51fb7,1777386631,0.43,16.82,no,"{""count_fp"":""16.82"",""created_time"":""2026-04-28T14:30:31.696973Z"",""no_price_dollars"":""0.5700"",""taker_side"":""no"",""ticker"":""KXBTC15M-26APR281045-45"",""trade_id"":""c43b07b6-7fc3-605e-7eca-a09364e51fb7"",""yes_price_dollars"":""0.4300""}"
KXBTC15M-26APR281045-45,c1a55b8a-8bd0-694e-4b42-627dea09bf95,1777386631,0.42,4.69,no,"{""count_fp"":""4.69"",""created_time"":""2026-04-28T14:30:31.696973Z"",""no_price_dollars"":""0.5800"",""taker_side"":""no"",""ticker"":""KXBTC15M-26APR281045-45"",""trade_id"":""c1a55b8a-8bd0-694e-4b42-627dea09bf95"",""yes_price_dollars"":""0.4200""}"
KXBTC15M-26APR281045-45,2cdf6aa2-d6e6-5795-19b2-4987d495ba11,1777386631,0.44,3.0,yes,"{""count_fp"":""3.00"",""created_time"":""2026-04-28T14:30:31.470229Z"",""no_price_dollars"":""0.5600"",""taker_side"":""yes"",""ticker"":""KXBTC15M-26APR281045-45"",""trade_id"":""2cdf6aa2-d6e6-5795-19b2-4987d495ba11"",""yes_price_dollars"":""0.4400""}"
KXBTC15M-26APR281045-45,bebc2666-c883-4242-8940-4fa020cb4153,1777386631,0.43,13.18,no,"{""count_fp"":""13.18"",""created_time"":""2026-04-28T14:30:31.334938Z"",""no_price_dollars"":""0.5700"",""taker_side"":""no"",""ticker"":""KXBTC15M-26APR281045-45"",""trade_id"":""bebc2666-c883-4242-8940-4fa020cb4153"",""yes_price_dollars"":""0.4300""}"
KXBTC15M-26APR281045-45,cfbd542b-84c1-676a-6c35-e01b0157e994,1777386631,0.43,1.0,no,"{""count_fp"":""1.00"",""created_time"":""2026-04-28T14:30:31.327721Z"",""no_price_dollars"":""0.5700"",""taker_side"":""no"",""ticker"":""KXBTC15M-26APR281045-45"",""trade_id"":""cfbd542b-84c1-676a-6c35-e01b0157e994"",""yes_price_dollars"":""0.4300""}"
KXBTC15M-26APR281045-45,39beb8b3-8595-6b5e-799f-c1069ee2b6c0,1777386631,0.43,1.0,no,"{""count_fp"":""1.00"",""created_time"":""2026-04-28T14:30:31.309485Z"",""no_price_dollars"":""0.5700"",""taker_side"":""no"",""ticker"":""KXBTC15M-26APR281045-45"",""trade_id"":""39beb8b3-8595-6b5e-799f-c1069ee2b6c0"",""yes_price_dollars"":""0.4300""}"
KXBTC15M-26APR281045-45,ad63852e-2fcc-5944-c718-7db8ca8e0f60,1777386631,0.43,19.75,no,"{""count_fp"":""19.75"",""created_time"":""2026-04-28T14:30:31.207325Z"",""no_price_dollars"":""0.5700"",""taker_side"":""no"",""ticker"":""KXBTC15M-26APR281045-45"",""trade_id"":""ad63852e-2fcc-5944-c718-7db8ca8e0f60"",""yes_price_dollars"":""0.4300""}"
KXBTC15M-26APR281045-45,124e6874-ea74-761f-e8b0-56f50e854830,1777386632,0.41,39.38,no,"{""count_fp"":""39.38"",""created_time"":""2026-04-28T14:30:32.945981Z"",""no_price_dollars"":""0.5900"",""taker_side"":""no"",""ticker"":""KXBTC15M-26APR281045-45"",""trade_id"":""124e6874-ea74-761f-e8b0-56f50e854830"",""yes_price_dollars"":""0.4100""}"
KXBTC15M-26APR281045-45,b3ba0901-978c-4a13-49aa-3e838f1d2c2c,1777386632,0.41,43.63,no,"{""count_fp"":""43.63"",""created_time"":""2026-04-28T14:30:32.935467Z"",""no_price_dollars"":""0.5900"",""taker_side"":""no"",""ticker"":""KXBTC15M-26APR281045-45"",""trade_id"":""b3ba0901-978c-4a13-49aa-3e838f1d2c2c"",""yes_price_dollars"":""0.4100""}"
KXBTC15M-26APR281045-45,d6482c7b-06a4-718f-4389-fd8d6affc1a4,1777386632,0.41,30.68,no,"{""count_fp"":""30.68"",""created_time"":""2026-04-28T14:30:32.932089Z"",""no_price_dollars"":""0.5900"",""taker_side"":""no"",""ticker"":""KXBTC15M-26APR281045-45"",""trade_id"":""d6482c7b-06a4-718f-4389-fd8d6affc1a4"",""yes_price_dollars"":""0.4100""}"
KXBTC15M-26APR281045-45,5ff0e427-17e8-76c3-42ee-b3c09df17284,1777386632,0.41,23.38,no,"{""count_fp"":""23.38"",""created_time"":""2026-04-28T14:30:32.856009Z"",""no_price_dollars"":""0.5900"",""taker_side"":""no"",""ticker"":""KXBTC15M-26APR281045-45"",""trade_id"":""5ff0e427-17e8-76c3-42ee-b3c09df17284"",""yes_price_dollars"":""0.4100""}"
KXBTC15M-26APR281045-45,efc7dfe9-6028-6e24-d121-305bcca3eb67,1777386632,0.42,10.0,no,"{""count_fp"":""10.00"",""created_time"":""2026-04-28T14:30:32.785983Z"",""no_price_dollars"":""0.5800"",""taker_side"":""no"",""ticker"":""KXBTC15M-26APR281045-45"",""trade_id"":""efc7dfe9-6028-6e24-d121-305bcca3eb67"",""yes_price_dollars"":""0.4200""}"
KXBTC15M-26APR281045-45,df031d7f-867a-6539-c470-078574c23674,1777386632,0.42,16.0,no,"{""count_fp"":""16.00"",""created_time"":""2026-04-28T14:30:32.785983Z"",""no_price_dollars"":""0.5800"",""taker_side"":""no"",""ticker"":""KXBTC15M-26APR281045-45"",""trade_id"":""df031d7f-867a-6539-c470-078574c23674"",""yes_price_dollars"":""0.4200""}"
KXBTC15M-26APR281045-45,63d5abd8-ee1b-6f90-d97c-5f71f2a89706,1777386632,0.42,1.47,no,"{""count_fp"":""1.47"",""created_time"":""2026-04-28T14:30:32.785983Z"",""no_price_dollars"":""0.5800"",""taker_side"":""no"",""ticker"":""KXBTC15M-26APR281045-45"",""trade_id"":""63d5abd8-ee1b-6f90-d97c-5f71f2a89706"",""yes_price_dollars"":""0.4200""}"
KXBTC15M-26APR281045-45,b5f30299-5bb8-556e-ea37-ee2b56969df9,1777386632,0.42,7.71,no,"{""count_fp"":""7.71"",""created_time"":""2026-04-28T14:30:32.775905Z"",""no_price_dollars"":""0.5800"",""taker_side"":""no"",""ticker"":""KXBTC15M-26APR281045-45"",""trade_id"":""b5f30299-5bb8-556e-ea37-ee2b56969df9"",""yes_price_dollars"":""0.4200""}"
KXBTC15M-26APR281045-45,9898f863-3f7a-55db-c524-02478f3c0bab,1777386632,0.42,1.0,no,"{""count_fp"":""1.00"",""created_time"":""2026-04-28T14:30:32.775905Z"",""no_price_dollars"":""0.5800"",""taker_side"":""no"",""ticker"":""KXBTC15M-26APR281045-45"",""trade_id"":""9898f863-3f7a-55db-c524-02478f3c0bab"",""yes_price_dollars"":""0.4200""}"
KXBTC15M-26APR281045-45,16765e4f-67af-5626-eb42-4340119441bc,1777386632,0.42,1.0,no,"{""count_fp"":""1.00"",""created_time"":""2026-04-28T14:30:32.775905Z"",""no_price_dollars"":""0.5800"",""taker_side"":""no"",""ticker"":""KXBTC15M-26APR281045-45"",""trade_id"":""16765e4f-67af-5626-eb42-4340119441bc"",""yes_price_dollars"":""0.4200""}"
KXBTC15M-26APR281045-45,13839afc-b1e3-5784-dab7-7876d68b1e02,1777386632,0.42,14.53,no,"{""count_fp"":""14.53"",""created_time"":""2026-04-28T14:30:32.775905Z"",""no_price_dollars"":""0.5800"",""taker_side"":""no"",""ticker"":""KXBTC15M-26APR281045-45"",""trade_id"":""13839afc-b1e3-5784-dab7-7876d68b1e02"",""yes_price_dollars"":""0.4200""}"
