ticker,trade_id,ts,yes_price,count,taker_side,raw_json
KXBTC15M-26APR280230-30,f1170797-7ddf-6ab9-059a-7a298f73323d,1777356901,0.56,77.0,no,"{""count_fp"":""77.00"",""created_time"":""2026-04-28T06:15:01.716023Z"",""no_price_dollars"":""0.4400"",""taker_side"":""no"",""ticker"":""KXBTC15M-26APR280230-30"",""trade_id"":""f1170797-7ddf-6ab9-059a-7a298f73323d"",""yes_price_dollars"":""0.5600""}"
KXBTC15M-26APR280230-30,baf489f7-ae77-6cdd-a693-44d31714bb9d,1777356901,0.56,120.0,no,"{""count_fp"":""120.00"",""created_time"":""2026-04-28T06:15:01.685852Z"",""no_price_dollars"":""0.4400"",""taker_side"":""no"",""ticker"":""KXBTC15M-26APR280230-30"",""trade_id"":""baf489f7-ae77-6cdd-a693-44d31714bb9d"",""yes_price_dollars"":""0.5600""}"
KXBTC15M-26APR280230-30,f24f3bc5-117f-6615-ceeb-5eb150644e52,1777356901,0.53,4.0,yes,"{""count_fp"":""4.00"",""created_time"":""2026-04-28T06:15:01.675951Z"",""no_price_dollars"":""0.4700"",""taker_side"":""yes"",""ticker"":""KXBTC15M-26APR280230-30"",""trade_id"":""f24f3bc5-117f-6615-ceeb-5eb150644e52"",""yes_price_dollars"":""0.5300""}"
KXBTC15M-26APR280230-30,9699ed4d-267e-6b11-cc42-5bb04309f465,1777356901,0.56,1.0,yes,"{""count_fp"":""1.00"",""created_time"":""2026-04-28T06:15:01.675951Z"",""no_price_dollars"":""0.4400"",""taker_side"":""yes"",""ticker"":""KXBTC15M-26APR280230-30"",""trade_id"":""9699ed4d-267e-6b11-cc42-5bb04309f465"",""yes_price_dollars"":""0.5600""}"
KXBTC15M-26APR280230-30,5cd2136f-79e8-688e-da3d-99714efb6b6c,1777356901,0.53,56.0,yes,"{""count_fp"":""56.00"",""created_time"":""2026-04-28T06:15:01.675951Z"",""no_price_dollars"":""0.4700"",""taker_side"":""yes"",""ticker"":""KXBTC15M-26APR280230-30"",""trade_id"":""5cd2136f-79e8-688e-da3d-99714efb6b6c"",""yes_price_dollars"":""0.5300""}"
KXBTC15M-26APR280230-30,5b0b7cbf-cb37-626b-e68b-e101610882f5,1777356901,0.54,1.0,yes,"{""count_fp"":""1.00"",""created_time"":""2026-04-28T06:15:01.675951Z"",""no_price_dollars"":""0.4600"",""taker_side"":""yes"",""ticker"":""KXBTC15M-26APR280230-30"",""trade_id"":""5b0b7cbf-cb37-626b-e68b-e101610882f5"",""yes_price_dollars"":""0.5400""}"
KXBTC15M-26APR280230-30,56168bd3-ae63-6674-cbbd-26db8262f877,1777356901,0.55,1.0,yes,"{""count_fp"":""1.00"",""created_time"":""2026-04-28T06:15:01.675951Z"",""no_price_dollars"":""0.4500"",""taker_side"":""yes"",""ticker"":""KXBTC15M-26APR280230-30"",""trade_id"":""56168bd3-ae63-6674-cbbd-26db8262f877"",""yes_price_dollars"":""0.5500""}"
KXBTC15M-26APR280230-30,553f3568-db67-4741-61cf-53751bbc6166,1777356901,0.51,13.0,no,"{""count_fp"":""13.00"",""created_time"":""2026-04-28T06:15:01.655234Z"",""no_price_dollars"":""0.4900"",""taker_side"":""no"",""ticker"":""KXBTC15M-26APR280230-30"",""trade_id"":""553f3568-db67-4741-61cf-53751bbc6166"",""yes_price_dollars"":""0.5100""}"
KXBTC15M-26APR280230-30,3019d123-a463-5d7d-65dc-8ea0ba2b981e,1777356901,0.51,12.0,no,"{""count_fp"":""12.00"",""created_time"":""2026-04-28T06:15:01.468609Z"",""no_price_dollars"":""0.4900"",""taker_side"":""no"",""ticker"":""KXBTC15M-26APR280230-30"",""trade_id"":""3019d123-a463-5d7d-65dc-8ea0ba2b981e"",""yes_price_dollars"":""0.5100""}"
KXBTC15M-26APR280230-30,f4e3c437-328f-54dd-fe63-29f03c03ab52,1777356903,0.53,4.0,no,"{""count_fp"":""4.00"",""created_time"":""2026-04-28T06:15:03.829827Z"",""no_price_dollars"":""0.4700"",""taker_side"":""no"",""ticker"":""KXBTC15M-26APR280230-30"",""trade_id"":""f4e3c437-328f-54dd-fe63-29f03c03ab52"",""yes_price_dollars"":""0.5300""}"
KXBTC15M-26APR280230-30,c2e5e60f-d4d3-486d-5001-49cdf3cec9aa,1777356904,0.53,6.0,no,"{""count_fp"":""6.00"",""created_time"":""2026-04-28T06:15:04.847998Z"",""no_price_dollars"":""0.4700"",""taker_side"":""no"",""ticker"":""KXBTC15M-26APR280230-30"",""trade_id"":""c2e5e60f-d4d3-486d-5001-49cdf3cec9aa"",""yes_price_dollars"":""0.5300""}"
KXBTC15M-26APR280230-30,582e8298-e843-63ec-52cf-e4d22cac9e30,1777356904,0.54,7.05,yes,"{""count_fp"":""7.05"",""created_time"":""2026-04-28T06:15:04.650209Z"",""no_price_dollars"":""0.4600"",""taker_side"":""yes"",""ticker"":""KXBTC15M-26APR280230-30"",""trade_id"":""582e8298-e843-63ec-52cf-e4d22cac9e30"",""yes_price_dollars"":""0.5400""}"
KXBTC15M-26APR280230-30,98c02fe9-a103-7150-e719-6d0456f740a8,1777356905,0.54,43.94,yes,"{""count_fp"":""43.94"",""created_time"":""2026-04-28T06:15:05.108847Z"",""no_price_dollars"":""0.4600"",""taker_side"":""yes"",""ticker"":""KXBTC15M-26APR280230-30"",""trade_id"":""98c02fe9-a103-7150-e719-6d0456f740a8"",""yes_price_dollars"":""0.5400""}"
KXBTC15M-26APR280230-30,2d563b31-e12b-6625-618d-045bb255772a,1777356906,0.53,1.0,no,"{""count_fp"":""1.00"",""created_time"":""2026-04-28T06:15:06.672675Z"",""no_price_dollars"":""0.4700"",""taker_side"":""no"",""ticker"":""KXBTC15M-26APR280230-30"",""trade_id"":""2d563b31-e12b-6625-618d-045bb255772a"",""yes_price_dollars"":""0.5300""}"
KXBTC15M-26APR280230-30,0dee1635-2b4f-7ba8-5feb-b5fa624161f4,1777356906,0.54,8.81,yes,"{""count_fp"":""8.81"",""created_time"":""2026-04-28T06:15:06.666307Z"",""no_price_dollars"":""0.4600"",""taker_side"":""yes"",""ticker"":""KXBTC15M-26APR280230-30"",""trade_id"":""0dee1635-2b4f-7ba8-5feb-b5fa624161f4"",""yes_price_dollars"":""0.5400""}"
KXBTC15M-26APR280230-30,28234656-ec87-651c-4fb5-4b7c7fe94eec,1777356906,0.54,50.0,yes,"{""count_fp"":""50.00"",""created_time"":""2026-04-28T06:15:06.187729Z"",""no_price_dollars"":""0.4600"",""taker_side"":""yes"",""ticker"":""KXBTC15M-26APR280230-30"",""trade_id"":""28234656-ec87-651c-4fb5-4b7c7fe94eec"",""yes_price_dollars"":""0.5400""}"
KXBTC15M-26APR280230-30,426055f9-d453-7ef1-5d15-d58337bb5f66,1777356907,0.53,3.0,no,"{""count_fp"":""3.00"",""created_time"":""2026-04-28T06:15:07.895987Z"",""no_price_dollars"":""0.4700"",""taker_side"":""no"",""ticker"":""KXBTC15M-26APR280230-30"",""trade_id"":""426055f9-d453-7ef1-5d15-d58337bb5f66"",""yes_price_dollars"":""0.5300""}"
KXBTC15M-26APR280230-30,5bd916d5-0cbb-78e0-12f6-5beb161ac6e0,1777356907,0.54,8.97,yes,"{""count_fp"":""8.97"",""created_time"":""2026-04-28T06:15:07.781292Z"",""no_price_dollars"":""0.4600"",""taker_side"":""yes"",""ticker"":""KXBTC15M-26APR280230-30"",""trade_id"":""5bd916d5-0cbb-78e0-12f6-5beb161ac6e0"",""yes_price_dollars"":""0.5400""}"
KXBTC15M-26APR280230-30,ce1f1230-114b-5d2c-8660-dfd6e27e03d8,1777356907,0.54,1.0,yes,"{""count_fp"":""1.00"",""created_time"":""2026-04-28T06:15:07.562569Z"",""no_price_dollars"":""0.4600"",""taker_side"":""yes"",""ticker"":""KXBTC15M-26APR280230-30"",""trade_id"":""ce1f1230-114b-5d2c-8660-dfd6e27e03d8"",""yes_price_dollars"":""0.5400""}"
KXBTC15M-26APR280230-30,d9d0234e-eb96-7d57-9139-2f8ce8802194,1777356908,0.54,5.44,yes,"{""count_fp"":""5.44"",""created_time"":""2026-04-28T06:15:08.476554Z"",""no_price_dollars"":""0.4600"",""taker_side"":""yes"",""ticker"":""KXBTC15M-26APR280230-30"",""trade_id"":""d9d0234e-eb96-7d57-9139-2f8ce8802194"",""yes_price_dollars"":""0.5400""}"
KXBTC15M-26APR280230-30,809c14d1-0289-71fc-80a5-e786cdcd0019,1777356908,0.54,171.56,yes,"{""count_fp"":""171.56"",""created_time"":""2026-04-28T06:15:08.476554Z"",""no_price_dollars"":""0.4600"",""taker_side"":""yes"",""ticker"":""KXBTC15M-26APR280230-30"",""trade_id"":""809c14d1-0289-71fc-80a5-e786cdcd0019"",""yes_price_dollars"":""0.5400""}"
KXBTC15M-26APR280230-30,eb857255-4ad0-6a8d-1ce8-59a78650c9d0,1777356908,0.54,20.0,yes,"{""count_fp"":""20.00"",""created_time"":""2026-04-28T06:15:08.389174Z"",""no_price_dollars"":""0.4600"",""taker_side"":""yes"",""ticker"":""KXBTC15M-26APR280230-30"",""trade_id"":""eb857255-4ad0-6a8d-1ce8-59a78650c9d0"",""yes_price_dollars"":""0.5400""}"
KXBTC15M-26APR280230-30,ce8b5610-d8fa-67e7-2865-5a88a18771b8,1777356908,0.54,8.56,yes,"{""count_fp"":""8.56"",""created_time"":""2026-04-28T06:15:08.389174Z"",""no_price_dollars"":""0.4600"",""taker_side"":""yes"",""ticker"":""KXBTC15M-26APR280230-30"",""trade_id"":""ce8b5610-d8fa-67e7-2865-5a88a18771b8"",""yes_price_dollars"":""0.5400""}"
KXBTC15M-26APR280230-30,6b97ae06-b4d5-65a1-2e24-058ca5cc18d7,1777356908,0.54,30.0,yes,"{""count_fp"":""30.00"",""created_time"":""2026-04-28T06:15:08.389174Z"",""no_price_dollars"":""0.4600"",""taker_side"":""yes"",""ticker"":""KXBTC15M-26APR280230-30"",""trade_id"":""6b97ae06-b4d5-65a1-2e24-058ca5cc18d7"",""yes_price_dollars"":""0.5400""}"
KXBTC15M-26APR280230-30,450621c3-2fdb-62d3-1aa8-d6edc5a1531e,1777356908,0.54,24.44,yes,"{""count_fp"":""24.44"",""created_time"":""2026-04-28T06:15:08.389174Z"",""no_price_dollars"":""0.4600"",""taker_side"":""yes"",""ticker"":""KXBTC15M-26APR280230-30"",""trade_id"":""450621c3-2fdb-62d3-1aa8-d6edc5a1531e"",""yes_price_dollars"":""0.5400""}"
KXBTC15M-26APR280230-30,26aed4fb-12db-6a5a-1639-dbbb37b1b9b8,1777356908,0.54,2.0,yes,"{""count_fp"":""2.00"",""created_time"":""2026-04-28T06:15:08.389174Z"",""no_price_dollars"":""0.4600"",""taker_side"":""yes"",""ticker"":""KXBTC15M-26APR280230-30"",""trade_id"":""26aed4fb-12db-6a5a-1639-dbbb37b1b9b8"",""yes_price_dollars"":""0.5400""}"
KXBTC15M-26APR280230-30,dd33b2a8-2f0b-7b08-a94d-e3521a77433c,1777356908,0.5,56.0,no,"{""count_fp"":""56.00"",""created_time"":""2026-04-28T06:15:08.361295Z"",""no_price_dollars"":""0.5000"",""taker_side"":""no"",""ticker"":""KXBTC15M-26APR280230-30"",""trade_id"":""dd33b2a8-2f0b-7b08-a94d-e3521a77433c"",""yes_price_dollars"":""0.5000""}"
KXBTC15M-26APR280230-30,d518affc-54bb-752d-bb8a-87cb0b6cbb47,1777356908,0.49,11.75,no,"{""count_fp"":""11.75"",""created_time"":""2026-04-28T06:15:08.361295Z"",""no_price_dollars"":""0.5100"",""taker_side"":""no"",""ticker"":""KXBTC15M-26APR280230-30"",""trade_id"":""d518affc-54bb-752d-bb8a-87cb0b6cbb47"",""yes_price_dollars"":""0.4900""}"
KXBTC15M-26APR280230-30,52f10a1c-bd8b-7ae5-a2a7-86ea6aa57647,1777356908,0.5,10.0,no,"{""count_fp"":""10.00"",""created_time"":""2026-04-28T06:15:08.361295Z"",""no_price_dollars"":""0.5000"",""taker_side"":""no"",""ticker"":""KXBTC15M-26APR280230-30"",""trade_id"":""52f10a1c-bd8b-7ae5-a2a7-86ea6aa57647"",""yes_price_dollars"":""0.5000""}"
KXBTC15M-26APR280230-30,4cfdbb3d-e1db-7ddd-8b2b-928658df3800,1777356908,0.52,3.0,no,"{""count_fp"":""3.00"",""created_time"":""2026-04-28T06:15:08.361295Z"",""no_price_dollars"":""0.4800"",""taker_side"":""no"",""ticker"":""KXBTC15M-26APR280230-30"",""trade_id"":""4cfdbb3d-e1db-7ddd-8b2b-928658df3800"",""yes_price_dollars"":""0.5200""}"
KXBTC15M-26APR280230-30,4a26112d-bc70-740c-850b-6bfd0706f6a3,1777356908,0.52,9.0,no,"{""count_fp"":""9.00"",""created_time"":""2026-04-28T06:15:08.361295Z"",""no_price_dollars"":""0.4800"",""taker_side"":""no"",""ticker"":""KXBTC15M-26APR280230-30"",""trade_id"":""4a26112d-bc70-740c-850b-6bfd0706f6a3"",""yes_price_dollars"":""0.5200""}"
KXBTC15M-26APR280230-30,42624de6-3814-7ff2-a40c-a15f512e6827,1777356908,0.52,5.0,no,"{""count_fp"":""5.00"",""created_time"":""2026-04-28T06:15:08.361295Z"",""no_price_dollars"":""0.4800"",""taker_side"":""no"",""ticker"":""KXBTC15M-26APR280230-30"",""trade_id"":""42624de6-3814-7ff2-a40c-a15f512e6827"",""yes_price_dollars"":""0.5200""}"
KXBTC15M-26APR280230-30,1976a0d7-59b3-77fd-9987-4cc2f82678e2,1777356908,0.53,88.44,no,"{""count_fp"":""88.44"",""created_time"":""2026-04-28T06:15:08.361295Z"",""no_price_dollars"":""0.4700"",""taker_side"":""no"",""ticker"":""KXBTC15M-26APR280230-30"",""trade_id"":""1976a0d7-59b3-77fd-9987-4cc2f82678e2"",""yes_price_dollars"":""0.5300""}"
KXBTC15M-26APR280230-30,0d3e757e-e3e4-7f2e-acde-b6575d0a2136,1777356908,0.52,5.0,no,"{""count_fp"":""5.00"",""created_time"":""2026-04-28T06:15:08.361295Z"",""no_price_dollars"":""0.4800"",""taker_side"":""no"",""ticker"":""KXBTC15M-26APR280230-30"",""trade_id"":""0d3e757e-e3e4-7f2e-acde-b6575d0a2136"",""yes_price_dollars"":""0.5200""}"
KXBTC15M-26APR280230-30,053f31bd-6b1d-7962-9edc-c0a6230b09b7,1777356908,0.52,3.0,no,"{""count_fp"":""3.00"",""created_time"":""2026-04-28T06:15:08.361295Z"",""no_price_dollars"":""0.4800"",""taker_side"":""no"",""ticker"":""KXBTC15M-26APR280230-30"",""trade_id"":""053f31bd-6b1d-7962-9edc-c0a6230b09b7"",""yes_price_dollars"":""0.5200""}"
KXBTC15M-26APR280230-30,3c133783-d537-5318-6a48-7901dc9accc0,1777356908,0.54,0.23,yes,"{""count_fp"":""0.23"",""created_time"":""2026-04-28T06:15:08.353403Z"",""no_price_dollars"":""0.4600"",""taker_side"":""yes"",""ticker"":""KXBTC15M-26APR280230-30"",""trade_id"":""3c133783-d537-5318-6a48-7901dc9accc0"",""yes_price_dollars"":""0.5400""}"
KXBTC15M-26APR280230-30,056316a1-1e47-5f6b-4004-f9ac126eff0e,1777356908,0.54,1.56,yes,"{""count_fp"":""1.56"",""created_time"":""2026-04-28T06:15:08.353403Z"",""no_price_dollars"":""0.4600"",""taker_side"":""yes"",""ticker"":""KXBTC15M-26APR280230-30"",""trade_id"":""056316a1-1e47-5f6b-4004-f9ac126eff0e"",""yes_price_dollars"":""0.5400""}"
KXBTC15M-26APR280230-30,cbcc5e51-8020-4cfe-f111-429e81190c5f,1777356909,0.52,102.51,no,"{""count_fp"":""102.51"",""created_time"":""2026-04-28T06:15:09.582768Z"",""no_price_dollars"":""0.4800"",""taker_side"":""no"",""ticker"":""KXBTC15M-26APR280230-30"",""trade_id"":""cbcc5e51-8020-4cfe-f111-429e81190c5f"",""yes_price_dollars"":""0.5200""}"
KXBTC15M-26APR280230-30,d23c7ae4-3e21-5fa2-4043-454ab006e3c1,1777356909,0.52,10.0,no,"{""count_fp"":""10.00"",""created_time"":""2026-04-28T06:15:09.338218Z"",""no_price_dollars"":""0.4800"",""taker_side"":""no"",""ticker"":""KXBTC15M-26APR280230-30"",""trade_id"":""d23c7ae4-3e21-5fa2-4043-454ab006e3c1"",""yes_price_dollars"":""0.5200""}"
KXBTC15M-26APR280230-30,86413ab4-0900-554e-7b49-487686a887bb,1777356909,0.52,9.0,no,"{""count_fp"":""9.00"",""created_time"":""2026-04-28T06:15:09.338218Z"",""no_price_dollars"":""0.4800"",""taker_side"":""no"",""ticker"":""KXBTC15M-26APR280230-30"",""trade_id"":""86413ab4-0900-554e-7b49-487686a887bb"",""yes_price_dollars"":""0.5200""}"
KXBTC15M-26APR280230-30,2c83cf2b-917d-5df8-67de-df8980088b5c,1777356909,0.52,5.0,no,"{""count_fp"":""5.00"",""created_time"":""2026-04-28T06:15:09.338218Z"",""no_price_dollars"":""0.4800"",""taker_side"":""no"",""ticker"":""KXBTC15M-26APR280230-30"",""trade_id"":""2c83cf2b-917d-5df8-67de-df8980088b5c"",""yes_price_dollars"":""0.5200""}"
KXBTC15M-26APR280230-30,fe165a54-c32d-446d-33fe-483e7a06f24c,1777356909,0.54,2.0,yes,"{""count_fp"":""2.00"",""created_time"":""2026-04-28T06:15:09.023849Z"",""no_price_dollars"":""0.4600"",""taker_side"":""yes"",""ticker"":""KXBTC15M-26APR280230-30"",""trade_id"":""fe165a54-c32d-446d-33fe-483e7a06f24c"",""yes_price_dollars"":""0.5400""}"
KXBTC15M-26APR280230-30,cbc877db-0cdc-47f9-039a-aee4a4b0dea1,1777356909,0.54,56.0,yes,"{""count_fp"":""56.00"",""created_time"":""2026-04-28T06:15:09.023849Z"",""no_price_dollars"":""0.4600"",""taker_side"":""yes"",""ticker"":""KXBTC15M-26APR280230-30"",""trade_id"":""cbc877db-0cdc-47f9-039a-aee4a4b0dea1"",""yes_price_dollars"":""0.5400""}"
KXBTC15M-26APR280230-30,c2c46e26-c431-40dd-35c5-c243936e4253,1777356909,0.54,10.0,yes,"{""count_fp"":""10.00"",""created_time"":""2026-04-28T06:15:09.023849Z"",""no_price_dollars"":""0.4600"",""taker_side"":""yes"",""ticker"":""KXBTC15M-26APR280230-30"",""trade_id"":""c2c46e26-c431-40dd-35c5-c243936e4253"",""yes_price_dollars"":""0.5400""}"
KXBTC15M-26APR280230-30,3a9d7c29-ac1b-4901-1b01-f9a14beb9001,1777356909,0.54,3.76,yes,"{""count_fp"":""3.76"",""created_time"":""2026-04-28T06:15:09.023849Z"",""no_price_dollars"":""0.4600"",""taker_side"":""yes"",""ticker"":""KXBTC15M-26APR280230-30"",""trade_id"":""3a9d7c29-ac1b-4901-1b01-f9a14beb9001"",""yes_price_dollars"":""0.5400""}"
KXBTC15M-26APR280230-30,efaddd36-497a-5a28-5ae8-8ce2fb011986,1777356910,0.54,10.0,yes,"{""count_fp"":""10.00"",""created_time"":""2026-04-28T06:15:10.398682Z"",""no_price_dollars"":""0.4600"",""taker_side"":""yes"",""ticker"":""KXBTC15M-26APR280230-30"",""trade_id"":""efaddd36-497a-5a28-5ae8-8ce2fb011986"",""yes_price_dollars"":""0.5400""}"
KXBTC15M-26APR280230-30,92724a0f-1999-7f42-d981-3c3b888a3850,1777356910,0.54,5.0,yes,"{""count_fp"":""5.00"",""created_time"":""2026-04-28T06:15:10.269654Z"",""no_price_dollars"":""0.4600"",""taker_side"":""yes"",""ticker"":""KXBTC15M-26APR280230-30"",""trade_id"":""92724a0f-1999-7f42-d981-3c3b888a3850"",""yes_price_dollars"":""0.5400""}"
KXBTC15M-26APR280230-30,6ee31bff-dd23-76bd-eb34-f8685f177519,1777356910,0.54,4.8,yes,"{""count_fp"":""4.80"",""created_time"":""2026-04-28T06:15:10.269654Z"",""no_price_dollars"":""0.4600"",""taker_side"":""yes"",""ticker"":""KXBTC15M-26APR280230-30"",""trade_id"":""6ee31bff-dd23-76bd-eb34-f8685f177519"",""yes_price_dollars"":""0.5400""}"
KXBTC15M-26APR280230-30,585a2f64-e272-754c-d456-be10c6b48d0e,1777356910,0.54,1.2,yes,"{""count_fp"":""1.20"",""created_time"":""2026-04-28T06:15:10.269654Z"",""no_price_dollars"":""0.4600"",""taker_side"":""yes"",""ticker"":""KXBTC15M-26APR280230-30"",""trade_id"":""585a2f64-e272-754c-d456-be10c6b48d0e"",""yes_price_dollars"":""0.5400""}"
KXBTC15M-26APR280230-30,8dc90ff4-0b6b-4257-0d58-fbdd18b39707,1777356911,0.51,8.0,yes,"{""count_fp"":""8.00"",""created_time"":""2026-04-28T06:15:11.852583Z"",""no_price_dollars"":""0.4900"",""taker_side"":""yes"",""ticker"":""KXBTC15M-26APR280230-30"",""trade_id"":""8dc90ff4-0b6b-4257-0d58-fbdd18b39707"",""yes_price_dollars"":""0.5100""}"
KXBTC15M-26APR280230-30,4a6bfdf8-5d74-4fcb-3199-c618473ebcd0,1777356911,0.51,18.91,yes,"{""count_fp"":""18.91"",""created_time"":""2026-04-28T06:15:11.852583Z"",""no_price_dollars"":""0.4900"",""taker_side"":""yes"",""ticker"":""KXBTC15M-26APR280230-30"",""trade_id"":""4a6bfdf8-5d74-4fcb-3199-c618473ebcd0"",""yes_price_dollars"":""0.5100""}"
KXBTC15M-26APR280230-30,c93ede7b-d113-4425-e4a6-407f78793461,1777356911,0.51,30.0,no,"{""count_fp"":""30.00"",""created_time"":""2026-04-28T06:15:11.284135Z"",""no_price_dollars"":""0.4900"",""taker_side"":""no"",""ticker"":""KXBTC15M-26APR280230-30"",""trade_id"":""c93ede7b-d113-4425-e4a6-407f78793461"",""yes_price_dollars"":""0.5100""}"
KXBTC15M-26APR280230-30,ce3c8bef-9d62-60bc-6707-43b58aa110ee,1777356911,0.54,18.8,yes,"{""count_fp"":""18.80"",""created_time"":""2026-04-28T06:15:11.225604Z"",""no_price_dollars"":""0.4600"",""taker_side"":""yes"",""ticker"":""KXBTC15M-26APR280230-30"",""trade_id"":""ce3c8bef-9d62-60bc-6707-43b58aa110ee"",""yes_price_dollars"":""0.5400""}"
KXBTC15M-26APR280230-30,c3cd37c3-f5f8-6c39-423a-f7d0fb13f6e8,1777356911,0.54,5.44,yes,"{""count_fp"":""5.44"",""created_time"":""2026-04-28T06:15:11.225604Z"",""no_price_dollars"":""0.4600"",""taker_side"":""yes"",""ticker"":""KXBTC15M-26APR280230-30"",""trade_id"":""c3cd37c3-f5f8-6c39-423a-f7d0fb13f6e8"",""yes_price_dollars"":""0.5400""}"
KXBTC15M-26APR280230-30,8c2be24a-3ea5-6074-6733-06b854d0d321,1777356911,0.54,19.61,yes,"{""count_fp"":""19.61"",""created_time"":""2026-04-28T06:15:11.225604Z"",""no_price_dollars"":""0.4600"",""taker_side"":""yes"",""ticker"":""KXBTC15M-26APR280230-30"",""trade_id"":""8c2be24a-3ea5-6074-6733-06b854d0d321"",""yes_price_dollars"":""0.5400""}"
KXBTC15M-26APR280230-30,86ada18b-e7c9-6852-5bf7-26250b0351c4,1777356911,0.54,1.0,yes,"{""count_fp"":""1.00"",""created_time"":""2026-04-28T06:15:11.225604Z"",""no_price_dollars"":""0.4600"",""taker_side"":""yes"",""ticker"":""KXBTC15M-26APR280230-30"",""trade_id"":""86ada18b-e7c9-6852-5bf7-26250b0351c4"",""yes_price_dollars"":""0.5400""}"
KXBTC15M-26APR280230-30,ef62f4aa-be9e-5e6a-d468-97dc02659607,1777356912,0.5,21.0,no,"{""count_fp"":""21.00"",""created_time"":""2026-04-28T06:15:12.962743Z"",""no_price_dollars"":""0.5000"",""taker_side"":""no"",""ticker"":""KXBTC15M-26APR280230-30"",""trade_id"":""ef62f4aa-be9e-5e6a-d468-97dc02659607"",""yes_price_dollars"":""0.5000""}"
KXBTC15M-26APR280230-30,5cf19adf-c30d-6966-c2f1-32c06ffa54ff,1777356912,0.5,1.0,no,"{""count_fp"":""1.00"",""created_time"":""2026-04-28T06:15:12.318433Z"",""no_price_dollars"":""0.5000"",""taker_side"":""no"",""ticker"":""KXBTC15M-26APR280230-30"",""trade_id"":""5cf19adf-c30d-6966-c2f1-32c06ffa54ff"",""yes_price_dollars"":""0.5000""}"
KXBTC15M-26APR280230-30,4676897d-878a-6572-ce2b-c7f2cca3715f,1777356912,0.5,79.0,no,"{""count_fp"":""79.00"",""created_time"":""2026-04-28T06:15:12.318433Z"",""no_price_dollars"":""0.5000"",""taker_side"":""no"",""ticker"":""KXBTC15M-26APR280230-30"",""trade_id"":""4676897d-878a-6572-ce2b-c7f2cca3715f"",""yes_price_dollars"":""0.5000""}"
KXBTC15M-26APR280230-30,6ff4d61f-3b64-7fae-eadf-852fde7c1d3f,1777356913,0.51,2.0,yes,"{""count_fp"":""2.00"",""created_time"":""2026-04-28T06:15:13.764596Z"",""no_price_dollars"":""0.4900"",""taker_side"":""yes"",""ticker"":""KXBTC15M-26APR280230-30"",""trade_id"":""6ff4d61f-3b64-7fae-eadf-852fde7c1d3f"",""yes_price_dollars"":""0.5100""}"
KXBTC15M-26APR280230-30,fda01e85-ea18-76c6-7c4e-225aacc63d0b,1777356914,0.51,792.05,yes,"{""count_fp"":""792.05"",""created_time"":""2026-04-28T06:15:14.981176Z"",""no_price_dollars"":""0.4900"",""taker_side"":""yes"",""ticker"":""KXBTC15M-26APR280230-30"",""trade_id"":""fda01e85-ea18-76c6-7c4e-225aacc63d0b"",""yes_price_dollars"":""0.5100""}"
KXBTC15M-26APR280230-30,fabba2dc-c1eb-73bf-7135-116198a01c6c,1777356914,0.5,21.09,yes,"{""count_fp"":""21.09"",""created_time"":""2026-04-28T06:15:14.981176Z"",""no_price_dollars"":""0.5000"",""taker_side"":""yes"",""ticker"":""KXBTC15M-26APR280230-30"",""trade_id"":""fabba2dc-c1eb-73bf-7135-116198a01c6c"",""yes_price_dollars"":""0.5000""}"
KXBTC15M-26APR280230-30,c927347a-0aa0-728d-724e-96d02918077e,1777356914,0.5,11.59,yes,"{""count_fp"":""11.59"",""created_time"":""2026-04-28T06:15:14.981176Z"",""no_price_dollars"":""0.5000"",""taker_side"":""yes"",""ticker"":""KXBTC15M-26APR280230-30"",""trade_id"":""c927347a-0aa0-728d-724e-96d02918077e"",""yes_price_dollars"":""0.5000""}"
KXBTC15M-26APR280230-30,c17c9c62-f117-50ab-bf9a-b6d04497ba30,1777356914,0.5,2.0,yes,"{""count_fp"":""2.00"",""created_time"":""2026-04-28T06:15:14.632102Z"",""no_price_dollars"":""0.5000"",""taker_side"":""yes"",""ticker"":""KXBTC15M-26APR280230-30"",""trade_id"":""c17c9c62-f117-50ab-bf9a-b6d04497ba30"",""yes_price_dollars"":""0.5000""}"
KXBTC15M-26APR280230-30,d49b1e03-b7ae-456b-b955-a191e1e34af2,1777356914,0.5,18.91,no,"{""count_fp"":""18.91"",""created_time"":""2026-04-28T06:15:14.523873Z"",""no_price_dollars"":""0.5000"",""taker_side"":""no"",""ticker"":""KXBTC15M-26APR280230-30"",""trade_id"":""d49b1e03-b7ae-456b-b955-a191e1e34af2"",""yes_price_dollars"":""0.5000""}"
KXBTC15M-26APR280230-30,2a659c2d-65d4-402d-bc4d-1ef79ad101fe,1777356914,0.5,8.0,no,"{""count_fp"":""8.00"",""created_time"":""2026-04-28T06:15:14.523873Z"",""no_price_dollars"":""0.5000"",""taker_side"":""no"",""ticker"":""KXBTC15M-26APR280230-30"",""trade_id"":""2a659c2d-65d4-402d-bc4d-1ef79ad101fe"",""yes_price_dollars"":""0.5000""}"
KXBTC15M-26APR280230-30,9fe31c7b-db30-4aea-6864-7fdddcbc2e7f,1777356915,0.5,18.95,yes,"{""count_fp"":""18.95"",""created_time"":""2026-04-28T06:15:15.956997Z"",""no_price_dollars"":""0.5000"",""taker_side"":""yes"",""ticker"":""KXBTC15M-26APR280230-30"",""trade_id"":""9fe31c7b-db30-4aea-6864-7fdddcbc2e7f"",""yes_price_dollars"":""0.5000""}"
KXBTC15M-26APR280230-30,799dc969-57d0-7fa6-5506-0b0dcfc78b5f,1777356915,0.5,51.78,yes,"{""count_fp"":""51.78"",""created_time"":""2026-04-28T06:15:15.770595Z"",""no_price_dollars"":""0.5000"",""taker_side"":""yes"",""ticker"":""KXBTC15M-26APR280230-30"",""trade_id"":""799dc969-57d0-7fa6-5506-0b0dcfc78b5f"",""yes_price_dollars"":""0.5000""}"
KXBTC15M-26APR280230-30,a64bd3f0-997c-69b4-1998-a275c89a871c,1777356915,0.49,5.0,no,"{""count_fp"":""5.00"",""created_time"":""2026-04-28T06:15:15.683038Z"",""no_price_dollars"":""0.5100"",""taker_side"":""no"",""ticker"":""KXBTC15M-26APR280230-30"",""trade_id"":""a64bd3f0-997c-69b4-1998-a275c89a871c"",""yes_price_dollars"":""0.4900""}"
KXBTC15M-26APR280230-30,bd78ee7e-fec0-5358-0c67-c8d75e5856b8,1777356915,0.49,28.08,no,"{""count_fp"":""28.08"",""created_time"":""2026-04-28T06:15:15.207182Z"",""no_price_dollars"":""0.5100"",""taker_side"":""no"",""ticker"":""KXBTC15M-26APR280230-30"",""trade_id"":""bd78ee7e-fec0-5358-0c67-c8d75e5856b8"",""yes_price_dollars"":""0.4900""}"
KXBTC15M-26APR280230-30,3aa27876-7eea-5055-0814-c153b8fb5ae1,1777356915,0.49,40.0,no,"{""count_fp"":""40.00"",""created_time"":""2026-04-28T06:15:15.207182Z"",""no_price_dollars"":""0.5100"",""taker_side"":""no"",""ticker"":""KXBTC15M-26APR280230-30"",""trade_id"":""3aa27876-7eea-5055-0814-c153b8fb5ae1"",""yes_price_dollars"":""0.4900""}"
KXBTC15M-26APR280230-30,36197222-c348-50cd-11ea-4a9e66a70428,1777356915,0.5,40.0,no,"{""count_fp"":""40.00"",""created_time"":""2026-04-28T06:15:15.207182Z"",""no_price_dollars"":""0.5000"",""taker_side"":""no"",""ticker"":""KXBTC15M-26APR280230-30"",""trade_id"":""36197222-c348-50cd-11ea-4a9e66a70428"",""yes_price_dollars"":""0.5000""}"
KXBTC15M-26APR280230-30,1b8f36fe-cda4-6b7e-d1b5-a93658a7ed9b,1777356916,0.5,3.79,yes,"{""count_fp"":""3.79"",""created_time"":""2026-04-28T06:15:16.979254Z"",""no_price_dollars"":""0.5000"",""taker_side"":""yes"",""ticker"":""KXBTC15M-26APR280230-30"",""trade_id"":""1b8f36fe-cda4-6b7e-d1b5-a93658a7ed9b"",""yes_price_dollars"":""0.5000""}"
KXBTC15M-26APR280230-30,dae734ee-cbef-743d-7f34-154996e789af,1777356916,0.48,21.08,no,"{""count_fp"":""21.08"",""created_time"":""2026-04-28T06:15:16.588505Z"",""no_price_dollars"":""0.5200"",""taker_side"":""no"",""ticker"":""KXBTC15M-26APR280230-30"",""trade_id"":""dae734ee-cbef-743d-7f34-154996e789af"",""yes_price_dollars"":""0.4800""}"
KXBTC15M-26APR280230-30,b37699c4-4aa9-798f-7f3b-a39aa6c512ad,1777356916,0.49,12.92,no,"{""count_fp"":""12.92"",""created_time"":""2026-04-28T06:15:16.588505Z"",""no_price_dollars"":""0.5100"",""taker_side"":""no"",""ticker"":""KXBTC15M-26APR280230-30"",""trade_id"":""b37699c4-4aa9-798f-7f3b-a39aa6c512ad"",""yes_price_dollars"":""0.4900""}"
KXBTC15M-26APR280230-30,28e32b85-d418-76cf-57e3-dce26eaa2863,1777356916,0.49,4.0,no,"{""count_fp"":""4.00"",""created_time"":""2026-04-28T06:15:16.588505Z"",""no_price_dollars"":""0.5100"",""taker_side"":""no"",""ticker"":""KXBTC15M-26APR280230-30"",""trade_id"":""28e32b85-d418-76cf-57e3-dce26eaa2863"",""yes_price_dollars"":""0.4900""}"
KXBTC15M-26APR280230-30,27f67ca2-5f30-75b6-8eb9-4c92940a2ddf,1777356916,0.5,20.0,yes,"{""count_fp"":""20.00"",""created_time"":""2026-04-28T06:15:16.339562Z"",""no_price_dollars"":""0.5000"",""taker_side"":""yes"",""ticker"":""KXBTC15M-26APR280230-30"",""trade_id"":""27f67ca2-5f30-75b6-8eb9-4c92940a2ddf"",""yes_price_dollars"":""0.5000""}"
KXBTC15M-26APR280230-30,98f7affb-cc04-7fec-dfc5-f3664b427fac,1777356916,0.49,22.92,no,"{""count_fp"":""22.92"",""created_time"":""2026-04-28T06:15:16.108005Z"",""no_price_dollars"":""0.5100"",""taker_side"":""no"",""ticker"":""KXBTC15M-26APR280230-30"",""trade_id"":""98f7affb-cc04-7fec-dfc5-f3664b427fac"",""yes_price_dollars"":""0.4900""}"
KXBTC15M-26APR280230-30,3afb38e3-3d51-7a8f-ffb0-aadfa21211e1,1777356916,0.49,27.08,no,"{""count_fp"":""27.08"",""created_time"":""2026-04-28T06:15:16.108005Z"",""no_price_dollars"":""0.5100"",""taker_side"":""no"",""ticker"":""KXBTC15M-26APR280230-30"",""trade_id"":""3afb38e3-3d51-7a8f-ffb0-aadfa21211e1"",""yes_price_dollars"":""0.4900""}"
KXBTC15M-26APR280230-30,ca51d554-f19f-6e47-b9ae-b925acef17d6,1777356917,0.49,19.32,yes,"{""count_fp"":""19.32"",""created_time"":""2026-04-28T06:15:17.966818Z"",""no_price_dollars"":""0.5100"",""taker_side"":""yes"",""ticker"":""KXBTC15M-26APR280230-30"",""trade_id"":""ca51d554-f19f-6e47-b9ae-b925acef17d6"",""yes_price_dollars"":""0.4900""}"
KXBTC15M-26APR280230-30,eda614c7-c6cb-481a-e3da-5d9446c20ad0,1777356917,0.48,9.51,no,"{""count_fp"":""9.51"",""created_time"":""2026-04-28T06:15:17.870924Z"",""no_price_dollars"":""0.5200"",""taker_side"":""no"",""ticker"":""KXBTC15M-26APR280230-30"",""trade_id"":""eda614c7-c6cb-481a-e3da-5d9446c20ad0"",""yes_price_dollars"":""0.4800""}"
KXBTC15M-26APR280230-30,5c58efdd-d2fa-40a3-df42-026ed840c9d2,1777356917,0.48,37.0,no,"{""count_fp"":""37.00"",""created_time"":""2026-04-28T06:15:17.870924Z"",""no_price_dollars"":""0.5200"",""taker_side"":""no"",""ticker"":""KXBTC15M-26APR280230-30"",""trade_id"":""5c58efdd-d2fa-40a3-df42-026ed840c9d2"",""yes_price_dollars"":""0.4800""}"
KXBTC15M-26APR280230-30,989340ba-a266-5fbf-2b55-3dc3491b5b1a,1777356917,0.48,3.0,no,"{""count_fp"":""3.00"",""created_time"":""2026-04-28T06:15:17.579126Z"",""no_price_dollars"":""0.5200"",""taker_side"":""no"",""ticker"":""KXBTC15M-26APR280230-30"",""trade_id"":""989340ba-a266-5fbf-2b55-3dc3491b5b1a"",""yes_price_dollars"":""0.4800""}"
KXBTC15M-26APR280230-30,ae5f2a30-6527-6f3d-dcdb-ba7f3df4dc46,1777356917,0.48,40.0,no,"{""count_fp"":""40.00"",""created_time"":""2026-04-28T06:15:17.192668Z"",""no_price_dollars"":""0.5200"",""taker_side"":""no"",""ticker"":""KXBTC15M-26APR280230-30"",""trade_id"":""ae5f2a30-6527-6f3d-dcdb-ba7f3df4dc46"",""yes_price_dollars"":""0.4800""}"
KXBTC15M-26APR280230-30,6ee5b816-d10c-6d19-c3b8-224aecbaef1c,1777356917,0.48,53.32,no,"{""count_fp"":""53.32"",""created_time"":""2026-04-28T06:15:17.192668Z"",""no_price_dollars"":""0.5200"",""taker_side"":""no"",""ticker"":""KXBTC15M-26APR280230-30"",""trade_id"":""6ee5b816-d10c-6d19-c3b8-224aecbaef1c"",""yes_price_dollars"":""0.4800""}"
KXBTC15M-26APR280230-30,aef7fac3-0bb5-53c4-70ac-a8efaf17c216,1777356918,0.49,40.0,yes,"{""count_fp"":""40.00"",""created_time"":""2026-04-28T06:15:18.699046Z"",""no_price_dollars"":""0.5100"",""taker_side"":""yes"",""ticker"":""KXBTC15M-26APR280230-30"",""trade_id"":""aef7fac3-0bb5-53c4-70ac-a8efaf17c216"",""yes_price_dollars"":""0.4900""}"
KXBTC15M-26APR280230-30,88ea1c28-27ce-5257-7268-baa2bec8adbb,1777356918,0.49,17.97,yes,"{""count_fp"":""17.97"",""created_time"":""2026-04-28T06:15:18.699046Z"",""no_price_dollars"":""0.5100"",""taker_side"":""yes"",""ticker"":""KXBTC15M-26APR280230-30"",""trade_id"":""88ea1c28-27ce-5257-7268-baa2bec8adbb"",""yes_price_dollars"":""0.4900""}"
KXBTC15M-26APR280230-30,fd1d5c55-39a8-52c9-644b-12ee1838ff9a,1777356918,0.48,10.0,no,"{""count_fp"":""10.00"",""created_time"":""2026-04-28T06:15:18.666107Z"",""no_price_dollars"":""0.5200"",""taker_side"":""no"",""ticker"":""KXBTC15M-26APR280230-30"",""trade_id"":""fd1d5c55-39a8-52c9-644b-12ee1838ff9a"",""yes_price_dollars"":""0.4800""}"
KXBTC15M-26APR280230-30,967e0b84-2c7e-6510-bb40-946a068da913,1777356918,0.48,45.9,no,"{""count_fp"":""45.90"",""created_time"":""2026-04-28T06:15:18.658101Z"",""no_price_dollars"":""0.5200"",""taker_side"":""no"",""ticker"":""KXBTC15M-26APR280230-30"",""trade_id"":""967e0b84-2c7e-6510-bb40-946a068da913"",""yes_price_dollars"":""0.4800""}"
KXBTC15M-26APR280230-30,e5d7801f-5b66-6628-eb90-19040c90f4e5,1777356918,0.49,0.74,no,"{""count_fp"":""0.74"",""created_time"":""2026-04-28T06:15:18.654708Z"",""no_price_dollars"":""0.5100"",""taker_side"":""no"",""ticker"":""KXBTC15M-26APR280230-30"",""trade_id"":""e5d7801f-5b66-6628-eb90-19040c90f4e5"",""yes_price_dollars"":""0.4900""}"
KXBTC15M-26APR280230-30,8cf3da0f-c8f2-6114-de42-a038f6a4c4d7,1777356918,0.48,33.98,no,"{""count_fp"":""33.98"",""created_time"":""2026-04-28T06:15:18.654708Z"",""no_price_dollars"":""0.5200"",""taker_side"":""no"",""ticker"":""KXBTC15M-26APR280230-30"",""trade_id"":""8cf3da0f-c8f2-6114-de42-a038f6a4c4d7"",""yes_price_dollars"":""0.4800""}"
KXBTC15M-26APR280230-30,5b00e65e-1c74-6082-3276-58ee99891458,1777356918,0.49,0.74,no,"{""count_fp"":""0.74"",""created_time"":""2026-04-28T06:15:18.654145Z"",""no_price_dollars"":""0.5100"",""taker_side"":""no"",""ticker"":""KXBTC15M-26APR280230-30"",""trade_id"":""5b00e65e-1c74-6082-3276-58ee99891458"",""yes_price_dollars"":""0.4900""}"
KXBTC15M-26APR280230-30,2b333f7c-4fba-683c-1f87-34f78b7350d5,1777356918,0.49,9.26,no,"{""count_fp"":""9.26"",""created_time"":""2026-04-28T06:15:18.654145Z"",""no_price_dollars"":""0.5100"",""taker_side"":""no"",""ticker"":""KXBTC15M-26APR280230-30"",""trade_id"":""2b333f7c-4fba-683c-1f87-34f78b7350d5"",""yes_price_dollars"":""0.4900""}"
KXBTC15M-26APR280230-30,7fe08471-d10c-6cde-19d7-713dcceb1014,1777356918,0.49,0.18,no,"{""count_fp"":""0.18"",""created_time"":""2026-04-28T06:15:18.549691Z"",""no_price_dollars"":""0.5100"",""taker_side"":""no"",""ticker"":""KXBTC15M-26APR280230-30"",""trade_id"":""7fe08471-d10c-6cde-19d7-713dcceb1014"",""yes_price_dollars"":""0.4900""}"
KXBTC15M-26APR280230-30,64c632b3-d0cc-552a-fe9d-6361987797ef,1777356918,0.5,56.03,yes,"{""count_fp"":""56.03"",""created_time"":""2026-04-28T06:15:18.465331Z"",""no_price_dollars"":""0.5000"",""taker_side"":""yes"",""ticker"":""KXBTC15M-26APR280230-30"",""trade_id"":""64c632b3-d0cc-552a-fe9d-6361987797ef"",""yes_price_dollars"":""0.5000""}"
KXBTC15M-26APR280230-30,206115fc-d18a-6c90-86c0-f50fe78a2fc5,1777356918,0.48,92.3,no,"{""count_fp"":""92.30"",""created_time"":""2026-04-28T06:15:18.394041Z"",""no_price_dollars"":""0.5200"",""taker_side"":""no"",""ticker"":""KXBTC15M-26APR280230-30"",""trade_id"":""206115fc-d18a-6c90-86c0-f50fe78a2fc5"",""yes_price_dollars"":""0.4800""}"
KXBTC15M-26APR280230-30,2b8cb43a-5b80-7ac2-eacb-fcdc8d6f8803,1777356918,0.5,9.66,yes,"{""count_fp"":""9.66"",""created_time"":""2026-04-28T06:15:18.229439Z"",""no_price_dollars"":""0.5000"",""taker_side"":""yes"",""ticker"":""KXBTC15M-26APR280230-30"",""trade_id"":""2b8cb43a-5b80-7ac2-eacb-fcdc8d6f8803"",""yes_price_dollars"":""0.5000""}"
KXBTC15M-26APR280230-30,e913321c-b25e-558d-2ce6-eb7a601a1338,1777356918,0.49,9.51,yes,"{""count_fp"":""9.51"",""created_time"":""2026-04-28T06:15:18.185021Z"",""no_price_dollars"":""0.5100"",""taker_side"":""yes"",""ticker"":""KXBTC15M-26APR280230-30"",""trade_id"":""e913321c-b25e-558d-2ce6-eb7a601a1338"",""yes_price_dollars"":""0.4900""}"
KXBTC15M-26APR280230-30,b9959485-a6bf-5f0f-0749-84c720f7092a,1777356918,0.49,20.68,yes,"{""count_fp"":""20.68"",""created_time"":""2026-04-28T06:15:18.185021Z"",""no_price_dollars"":""0.5100"",""taker_side"":""yes"",""ticker"":""KXBTC15M-26APR280230-30"",""trade_id"":""b9959485-a6bf-5f0f-0749-84c720f7092a"",""yes_price_dollars"":""0.4900""}"
KXBTC15M-26APR280230-30,a4eda963-f36e-5f7f-095d-060a9d58a238,1777356918,0.49,10.0,yes,"{""count_fp"":""10.00"",""created_time"":""2026-04-28T06:15:18.185021Z"",""no_price_dollars"":""0.5100"",""taker_side"":""yes"",""ticker"":""KXBTC15M-26APR280230-30"",""trade_id"":""a4eda963-f36e-5f7f-095d-060a9d58a238"",""yes_price_dollars"":""0.4900""}"
KXBTC15M-26APR280230-30,5fd8133c-e64c-5c8e-1997-62cdd6f032a7,1777356918,0.5,537.58,yes,"{""count_fp"":""537.58"",""created_time"":""2026-04-28T06:15:18.185021Z"",""no_price_dollars"":""0.5000"",""taker_side"":""yes"",""ticker"":""KXBTC15M-26APR280230-30"",""trade_id"":""5fd8133c-e64c-5c8e-1997-62cdd6f032a7"",""yes_price_dollars"":""0.5000""}"
KXBTC15M-26APR280230-30,8f5504a1-0e36-73fd-530c-c0ada0e8abc2,1777356919,0.48,10.0,no,"{""count_fp"":""10.00"",""created_time"":""2026-04-28T06:15:19.934592Z"",""no_price_dollars"":""0.5200"",""taker_side"":""no"",""ticker"":""KXBTC15M-26APR280230-30"",""trade_id"":""8f5504a1-0e36-73fd-530c-c0ada0e8abc2"",""yes_price_dollars"":""0.4800""}"
KXBTC15M-26APR280230-30,7e4e7e28-9902-7fc4-62dc-285ec91f5be3,1777356919,0.47,51.1,no,"{""count_fp"":""51.10"",""created_time"":""2026-04-28T06:15:19.934592Z"",""no_price_dollars"":""0.5300"",""taker_side"":""no"",""ticker"":""KXBTC15M-26APR280230-30"",""trade_id"":""7e4e7e28-9902-7fc4-62dc-285ec91f5be3"",""yes_price_dollars"":""0.4700""}"
KXBTC15M-26APR280230-30,5a7e3b60-c27c-707b-7e2a-d3e82662219b,1777356919,0.48,40.0,no,"{""count_fp"":""40.00"",""created_time"":""2026-04-28T06:15:19.934592Z"",""no_price_dollars"":""0.5200"",""taker_side"":""no"",""ticker"":""KXBTC15M-26APR280230-30"",""trade_id"":""5a7e3b60-c27c-707b-7e2a-d3e82662219b"",""yes_price_dollars"":""0.4800""}"
KXBTC15M-26APR280230-30,3488baac-6908-7c57-7b4b-5fcbbfe119d5,1777356919,0.47,40.0,no,"{""count_fp"":""40.00"",""created_time"":""2026-04-28T06:15:19.934592Z"",""no_price_dollars"":""0.5300"",""taker_side"":""no"",""ticker"":""KXBTC15M-26APR280230-30"",""trade_id"":""3488baac-6908-7c57-7b4b-5fcbbfe119d5"",""yes_price_dollars"":""0.4700""}"
KXBTC15M-26APR280230-30,f7a91eb0-670d-4171-35a8-7c02b3d7d820,1777356919,0.49,40.0,yes,"{""count_fp"":""40.00"",""created_time"":""2026-04-28T06:15:19.081855Z"",""no_price_dollars"":""0.5100"",""taker_side"":""yes"",""ticker"":""KXBTC15M-26APR280230-30"",""trade_id"":""f7a91eb0-670d-4171-35a8-7c02b3d7d820"",""yes_price_dollars"":""0.4900""}"
KXBTC15M-26APR280230-30,f6f18c37-e563-4f34-08eb-86268f81a519,1777356919,0.48,4.0,yes,"{""count_fp"":""4.00"",""created_time"":""2026-04-28T06:15:19.081855Z"",""no_price_dollars"":""0.5200"",""taker_side"":""yes"",""ticker"":""KXBTC15M-26APR280230-30"",""trade_id"":""f6f18c37-e563-4f34-08eb-86268f81a519"",""yes_price_dollars"":""0.4800""}"
KXBTC15M-26APR280230-30,d1fea173-a667-4205-0128-f9ef3057b5b6,1777356919,0.48,10.0,yes,"{""count_fp"":""10.00"",""created_time"":""2026-04-28T06:15:19.081855Z"",""no_price_dollars"":""0.5200"",""taker_side"":""yes"",""ticker"":""KXBTC15M-26APR280230-30"",""trade_id"":""d1fea173-a667-4205-0128-f9ef3057b5b6"",""yes_price_dollars"":""0.4800""}"
KXBTC15M-26APR280230-30,372ac2f9-4a34-40df-330a-9c750f8baa3e,1777356919,0.49,3.0,yes,"{""count_fp"":""3.00"",""created_time"":""2026-04-28T06:15:19.081855Z"",""no_price_dollars"":""0.5100"",""taker_side"":""yes"",""ticker"":""KXBTC15M-26APR280230-30"",""trade_id"":""372ac2f9-4a34-40df-330a-9c750f8baa3e"",""yes_price_dollars"":""0.4900""}"
KXBTC15M-26APR280230-30,1d90136d-02e5-4461-14d5-541524e3ed12,1777356919,0.49,29.94,yes,"{""count_fp"":""29.94"",""created_time"":""2026-04-28T06:15:19.081855Z"",""no_price_dollars"":""0.5100"",""taker_side"":""yes"",""ticker"":""KXBTC15M-26APR280230-30"",""trade_id"":""1d90136d-02e5-4461-14d5-541524e3ed12"",""yes_price_dollars"":""0.4900""}"
KXBTC15M-26APR280230-30,eca218d6-f83c-6bbb-16b4-8014e2d51131,1777356920,0.49,48.37,yes,"{""count_fp"":""48.37"",""created_time"":""2026-04-28T06:15:20.848887Z"",""no_price_dollars"":""0.5100"",""taker_side"":""yes"",""ticker"":""KXBTC15M-26APR280230-30"",""trade_id"":""eca218d6-f83c-6bbb-16b4-8014e2d51131"",""yes_price_dollars"":""0.4900""}"
KXBTC15M-26APR280230-30,d4c8c5f7-02b2-6bf3-1255-d945854a83fe,1777356920,0.49,9.32,yes,"{""count_fp"":""9.32"",""created_time"":""2026-04-28T06:15:20.848887Z"",""no_price_dollars"":""0.5100"",""taker_side"":""yes"",""ticker"":""KXBTC15M-26APR280230-30"",""trade_id"":""d4c8c5f7-02b2-6bf3-1255-d945854a83fe"",""yes_price_dollars"":""0.4900""}"
KXBTC15M-26APR280230-30,6ee48ea6-950d-6f2e-3b82-44393de6d63a,1777356920,0.49,39.34,yes,"{""count_fp"":""39.34"",""created_time"":""2026-04-28T06:15:20.848887Z"",""no_price_dollars"":""0.5100"",""taker_side"":""yes"",""ticker"":""KXBTC15M-26APR280230-30"",""trade_id"":""6ee48ea6-950d-6f2e-3b82-44393de6d63a"",""yes_price_dollars"":""0.4900""}"
KXBTC15M-26APR280230-30,44247d0b-bcf1-6bdd-a2c1-a2d93dd7ad4f,1777356920,0.48,1.15,no,"{""count_fp"":""1.15"",""created_time"":""2026-04-28T06:15:20.774602Z"",""no_price_dollars"":""0.5200"",""taker_side"":""no"",""ticker"":""KXBTC15M-26APR280230-30"",""trade_id"":""44247d0b-bcf1-6bdd-a2c1-a2d93dd7ad4f"",""yes_price_dollars"":""0.4800""}"
KXBTC15M-26APR280230-30,18fd385d-2fe6-6b42-b343-a5f7eb7aad4f,1777356920,0.48,25.85,no,"{""count_fp"":""25.85"",""created_time"":""2026-04-28T06:15:20.774602Z"",""no_price_dollars"":""0.5200"",""taker_side"":""no"",""ticker"":""KXBTC15M-26APR280230-30"",""trade_id"":""18fd385d-2fe6-6b42-b343-a5f7eb7aad4f"",""yes_price_dollars"":""0.4800""}"
KXBTC15M-26APR280230-30,f5e370eb-81ba-6a12-fdca-44ffd1db7650,1777356920,0.49,1.34,yes,"{""count_fp"":""1.34"",""created_time"":""2026-04-28T06:15:20.687368Z"",""no_price_dollars"":""0.5100"",""taker_side"":""yes"",""ticker"":""KXBTC15M-26APR280230-30"",""trade_id"":""f5e370eb-81ba-6a12-fdca-44ffd1db7650"",""yes_price_dollars"":""0.4900""}"
KXBTC15M-26APR280230-30,f14818fd-56e5-6756-d2c3-005c4146ad7a,1777356920,0.49,0.66,yes,"{""count_fp"":""0.66"",""created_time"":""2026-04-28T06:15:20.687368Z"",""no_price_dollars"":""0.5100"",""taker_side"":""yes"",""ticker"":""KXBTC15M-26APR280230-30"",""trade_id"":""f14818fd-56e5-6756-d2c3-005c4146ad7a"",""yes_price_dollars"":""0.4900""}"
KXBTC15M-26APR280230-30,c162bc4a-ede2-78ee-4165-76db3388ccfc,1777356920,0.49,5.66,yes,"{""count_fp"":""5.66"",""created_time"":""2026-04-28T06:15:20.645658Z"",""no_price_dollars"":""0.5100"",""taker_side"":""yes"",""ticker"":""KXBTC15M-26APR280230-30"",""trade_id"":""c162bc4a-ede2-78ee-4165-76db3388ccfc"",""yes_price_dollars"":""0.4900""}"
KXBTC15M-26APR280230-30,3d2b8c34-3628-7eef-61ce-f8e199bea297,1777356920,0.49,3.03,yes,"{""count_fp"":""3.03"",""created_time"":""2026-04-28T06:15:20.645658Z"",""no_price_dollars"":""0.5100"",""taker_side"":""yes"",""ticker"":""KXBTC15M-26APR280230-30"",""trade_id"":""3d2b8c34-3628-7eef-61ce-f8e199bea297"",""yes_price_dollars"":""0.4900""}"
KXBTC15M-26APR280230-30,46aa2b97-d27a-556a-ad05-63b019b7e692,1777356920,0.49,10.0,yes,"{""count_fp"":""10.00"",""created_time"":""2026-04-28T06:15:20.391079Z"",""no_price_dollars"":""0.5100"",""taker_side"":""yes"",""ticker"":""KXBTC15M-26APR280230-30"",""trade_id"":""46aa2b97-d27a-556a-ad05-63b019b7e692"",""yes_price_dollars"":""0.4900""}"
KXBTC15M-26APR280230-30,0a913442-712c-5e1f-91eb-563c79a57137,1777356920,0.49,9.32,yes,"{""count_fp"":""9.32"",""created_time"":""2026-04-28T06:15:20.391079Z"",""no_price_dollars"":""0.5100"",""taker_side"":""yes"",""ticker"":""KXBTC15M-26APR280230-30"",""trade_id"":""0a913442-712c-5e1f-91eb-563c79a57137"",""yes_price_dollars"":""0.4900""}"
KXBTC15M-26APR280230-30,f1fed034-d764-7cf7-5be8-582052eef145,1777356921,0.49,4.0,yes,"{""count_fp"":""4.00"",""created_time"":""2026-04-28T06:15:21.971176Z"",""no_price_dollars"":""0.5100"",""taker_side"":""yes"",""ticker"":""KXBTC15M-26APR280230-30"",""trade_id"":""f1fed034-d764-7cf7-5be8-582052eef145"",""yes_price_dollars"":""0.4900""}"
KXBTC15M-26APR280230-30,11fee51b-6f40-70ef-a159-30387df9034d,1777356921,0.49,29.55,yes,"{""count_fp"":""29.55"",""created_time"":""2026-04-28T06:15:21.906885Z"",""no_price_dollars"":""0.5100"",""taker_side"":""yes"",""ticker"":""KXBTC15M-26APR280230-30"",""trade_id"":""11fee51b-6f40-70ef-a159-30387df9034d"",""yes_price_dollars"":""0.4900""}"
KXBTC15M-26APR280230-30,7775d285-3cd4-4343-d6ff-f8c8e1e595f9,1777356921,0.49,386.0,yes,"{""count_fp"":""386.00"",""created_time"":""2026-04-28T06:15:21.372394Z"",""no_price_dollars"":""0.5100"",""taker_side"":""yes"",""ticker"":""KXBTC15M-26APR280230-30"",""trade_id"":""7775d285-3cd4-4343-d6ff-f8c8e1e595f9"",""yes_price_dollars"":""0.4900""}"
KXBTC15M-26APR280230-30,562d472f-1168-698f-397d-e3a42ffda589,1777356921,0.49,19.7,yes,"{""count_fp"":""19.70"",""created_time"":""2026-04-28T06:15:21.372003Z"",""no_price_dollars"":""0.5100"",""taker_side"":""yes"",""ticker"":""KXBTC15M-26APR280230-30"",""trade_id"":""562d472f-1168-698f-397d-e3a42ffda589"",""yes_price_dollars"":""0.4900""}"
KXBTC15M-26APR280230-30,e26723e6-35f8-55e3-c9d3-04cd4d908891,1777356921,0.49,48.69,yes,"{""count_fp"":""48.69"",""created_time"":""2026-04-28T06:15:21.285589Z"",""no_price_dollars"":""0.5100"",""taker_side"":""yes"",""ticker"":""KXBTC15M-26APR280230-30"",""trade_id"":""e26723e6-35f8-55e3-c9d3-04cd4d908891"",""yes_price_dollars"":""0.4900""}"
KXBTC15M-26APR280230-30,f99c1933-9748-62fb-592c-15ff6b847d89,1777356921,0.49,3.86,yes,"{""count_fp"":""3.86"",""created_time"":""2026-04-28T06:15:21.100262Z"",""no_price_dollars"":""0.5100"",""taker_side"":""yes"",""ticker"":""KXBTC15M-26APR280230-30"",""trade_id"":""f99c1933-9748-62fb-592c-15ff6b847d89"",""yes_price_dollars"":""0.4900""}"
KXBTC15M-26APR280230-30,26235e01-ba11-404b-2fcd-14fd688f02c2,1777356921,0.48,1.82,no,"{""count_fp"":""1.82"",""created_time"":""2026-04-28T06:15:21.098525Z"",""no_price_dollars"":""0.5200"",""taker_side"":""no"",""ticker"":""KXBTC15M-26APR280230-30"",""trade_id"":""26235e01-ba11-404b-2fcd-14fd688f02c2"",""yes_price_dollars"":""0.4800""}"
KXBTC15M-26APR280230-30,f15b2e5c-ee3a-6317-16f4-fba8e6089828,1777356922,0.49,30.97,yes,"{""count_fp"":""30.97"",""created_time"":""2026-04-28T06:15:22.864516Z"",""no_price_dollars"":""0.5100"",""taker_side"":""yes"",""ticker"":""KXBTC15M-26APR280230-30"",""trade_id"":""f15b2e5c-ee3a-6317-16f4-fba8e6089828"",""yes_price_dollars"":""0.4900""}"
KXBTC15M-26APR280230-30,6aba11ab-9965-6bcf-29bc-34ef5e2a5ca4,1777356922,0.49,3.03,yes,"{""count_fp"":""3.03"",""created_time"":""2026-04-28T06:15:22.864516Z"",""no_price_dollars"":""0.5100"",""taker_side"":""yes"",""ticker"":""KXBTC15M-26APR280230-30"",""trade_id"":""6aba11ab-9965-6bcf-29bc-34ef5e2a5ca4"",""yes_price_dollars"":""0.4900""}"
KXBTC15M-26APR280230-30,fb2aec31-46af-734c-9d8d-5165244259c6,1777356922,0.48,1.0,no,"{""count_fp"":""1.00"",""created_time"":""2026-04-28T06:15:22.855475Z"",""no_price_dollars"":""0.5200"",""taker_side"":""no"",""ticker"":""KXBTC15M-26APR280230-30"",""trade_id"":""fb2aec31-46af-734c-9d8d-5165244259c6"",""yes_price_dollars"":""0.4800""}"
KXBTC15M-26APR280230-30,f06f8307-72e1-7684-a050-fb888c06e660,1777356922,0.48,1.35,no,"{""count_fp"":""1.35"",""created_time"":""2026-04-28T06:15:22.855475Z"",""no_price_dollars"":""0.5200"",""taker_side"":""no"",""ticker"":""KXBTC15M-26APR280230-30"",""trade_id"":""f06f8307-72e1-7684-a050-fb888c06e660"",""yes_price_dollars"":""0.4800""}"
KXBTC15M-26APR280230-30,bd72f951-ff1d-7167-b393-914255120c12,1777356922,0.48,2.64,no,"{""count_fp"":""2.64"",""created_time"":""2026-04-28T06:15:22.855475Z"",""no_price_dollars"":""0.5200"",""taker_side"":""no"",""ticker"":""KXBTC15M-26APR280230-30"",""trade_id"":""bd72f951-ff1d-7167-b393-914255120c12"",""yes_price_dollars"":""0.4800""}"
KXBTC15M-26APR280230-30,5f1df257-839b-74fc-8ae6-fe5f0a338056,1777356922,0.48,24.97,no,"{""count_fp"":""24.97"",""created_time"":""2026-04-28T06:15:22.855475Z"",""no_price_dollars"":""0.5200"",""taker_side"":""no"",""ticker"":""KXBTC15M-26APR280230-30"",""trade_id"":""5f1df257-839b-74fc-8ae6-fe5f0a338056"",""yes_price_dollars"":""0.4800""}"
KXBTC15M-26APR280230-30,23f1f8aa-7026-7f88-96b3-66b0853ce3fb,1777356922,0.47,150.09,no,"{""count_fp"":""150.09"",""created_time"":""2026-04-28T06:15:22.855475Z"",""no_price_dollars"":""0.5300"",""taker_side"":""no"",""ticker"":""KXBTC15M-26APR280230-30"",""trade_id"":""23f1f8aa-7026-7f88-96b3-66b0853ce3fb"",""yes_price_dollars"":""0.4700""}"
KXBTC15M-26APR280230-30,36308878-7a6c-7dff-ecc2-143d3de63169,1777356922,0.49,128.08,yes,"{""count_fp"":""128.08"",""created_time"":""2026-04-28T06:15:22.667782Z"",""no_price_dollars"":""0.5100"",""taker_side"":""yes"",""ticker"":""KXBTC15M-26APR280230-30"",""trade_id"":""36308878-7a6c-7dff-ecc2-143d3de63169"",""yes_price_dollars"":""0.4900""}"
KXBTC15M-26APR280230-30,43d2ccc7-ea3d-51d3-ec13-88927bea07ca,1777356922,0.48,1.86,no,"{""count_fp"":""1.86"",""created_time"":""2026-04-28T06:15:22.610479Z"",""no_price_dollars"":""0.5200"",""taker_side"":""no"",""ticker"":""KXBTC15M-26APR280230-30"",""trade_id"":""43d2ccc7-ea3d-51d3-ec13-88927bea07ca"",""yes_price_dollars"":""0.4800""}"
KXBTC15M-26APR280230-30,581f09d5-597c-777f-5c23-14eda4bc0271,1777356922,0.49,29.55,yes,"{""count_fp"":""29.55"",""created_time"":""2026-04-28T06:15:22.608412Z"",""no_price_dollars"":""0.5100"",""taker_side"":""yes"",""ticker"":""KXBTC15M-26APR280230-30"",""trade_id"":""581f09d5-597c-777f-5c23-14eda4bc0271"",""yes_price_dollars"":""0.4900""}"
KXBTC15M-26APR280230-30,70824b9c-45d8-69ab-9c4b-df87563bd991,1777356922,0.49,1.97,yes,"{""count_fp"":""1.97"",""created_time"":""2026-04-28T06:15:22.397019Z"",""no_price_dollars"":""0.5100"",""taker_side"":""yes"",""ticker"":""KXBTC15M-26APR280230-30"",""trade_id"":""70824b9c-45d8-69ab-9c4b-df87563bd991"",""yes_price_dollars"":""0.4900""}"
KXBTC15M-26APR280230-30,087279c5-432c-403a-693a-5340fb2e9113,1777356923,0.49,5.0,yes,"{""count_fp"":""5.00"",""created_time"":""2026-04-28T06:15:23.935368Z"",""no_price_dollars"":""0.5100"",""taker_side"":""yes"",""ticker"":""KXBTC15M-26APR280230-30"",""trade_id"":""087279c5-432c-403a-693a-5340fb2e9113"",""yes_price_dollars"":""0.4900""}"
KXBTC15M-26APR280230-30,f9429d2a-7655-436d-27bd-02d3da4a301a,1777356923,0.49,10.0,yes,"{""count_fp"":""10.00"",""created_time"":""2026-04-28T06:15:23.865806Z"",""no_price_dollars"":""0.5100"",""taker_side"":""yes"",""ticker"":""KXBTC15M-26APR280230-30"",""trade_id"":""f9429d2a-7655-436d-27bd-02d3da4a301a"",""yes_price_dollars"":""0.4900""}"
KXBTC15M-26APR280230-30,ce69e45c-39ee-4fed-0f26-9d211f82ba43,1777356923,0.49,40.0,yes,"{""count_fp"":""40.00"",""created_time"":""2026-04-28T06:15:23.865806Z"",""no_price_dollars"":""0.5100"",""taker_side"":""yes"",""ticker"":""KXBTC15M-26APR280230-30"",""trade_id"":""ce69e45c-39ee-4fed-0f26-9d211f82ba43"",""yes_price_dollars"":""0.4900""}"
KXBTC15M-26APR280230-30,a8d98cd2-8b94-4cc4-0fc4-91625a3c905d,1777356923,0.5,34.95,yes,"{""count_fp"":""34.95"",""created_time"":""2026-04-28T06:15:23.865806Z"",""no_price_dollars"":""0.5000"",""taker_side"":""yes"",""ticker"":""KXBTC15M-26APR280230-30"",""trade_id"":""a8d98cd2-8b94-4cc4-0fc4-91625a3c905d"",""yes_price_dollars"":""0.5000""}"
KXBTC15M-26APR280230-30,9e58c563-50bb-4072-0344-5f66721773d3,1777356923,0.5,150.5,yes,"{""count_fp"":""150.50"",""created_time"":""2026-04-28T06:15:23.865806Z"",""no_price_dollars"":""0.5000"",""taker_side"":""yes"",""ticker"":""KXBTC15M-26APR280230-30"",""trade_id"":""9e58c563-50bb-4072-0344-5f66721773d3"",""yes_price_dollars"":""0.5000""}"
KXBTC15M-26APR280230-30,70917bc0-fb57-453b-1c83-9794b6418aa8,1777356923,0.49,12.35,yes,"{""count_fp"":""12.35"",""created_time"":""2026-04-28T06:15:23.865806Z"",""no_price_dollars"":""0.5100"",""taker_side"":""yes"",""ticker"":""KXBTC15M-26APR280230-30"",""trade_id"":""70917bc0-fb57-453b-1c83-9794b6418aa8"",""yes_price_dollars"":""0.4900""}"
KXBTC15M-26APR280230-30,a80165dc-92d2-4c58-56d0-d9228537969b,1777356923,0.47,298.81,no,"{""count_fp"":""298.81"",""created_time"":""2026-04-28T06:15:23.366659Z"",""no_price_dollars"":""0.5300"",""taker_side"":""no"",""ticker"":""KXBTC15M-26APR280230-30"",""trade_id"":""a80165dc-92d2-4c58-56d0-d9228537969b"",""yes_price_dollars"":""0.4700""}"
KXBTC15M-26APR280230-30,9399253e-73d2-4613-53fa-47b65a17317e,1777356923,0.47,26.55,no,"{""count_fp"":""26.55"",""created_time"":""2026-04-28T06:15:23.366659Z"",""no_price_dollars"":""0.5300"",""taker_side"":""no"",""ticker"":""KXBTC15M-26APR280230-30"",""trade_id"":""9399253e-73d2-4613-53fa-47b65a17317e"",""yes_price_dollars"":""0.4700""}"
KXBTC15M-26APR280230-30,9314bf5b-f991-4996-6f8b-72c30eedcf80,1777356923,0.48,3.68,no,"{""count_fp"":""3.68"",""created_time"":""2026-04-28T06:15:23.366659Z"",""no_price_dollars"":""0.5200"",""taker_side"":""no"",""ticker"":""KXBTC15M-26APR280230-30"",""trade_id"":""9314bf5b-f991-4996-6f8b-72c30eedcf80"",""yes_price_dollars"":""0.4800""}"
KXBTC15M-26APR280230-30,8f91cfeb-f587-400f-5926-b3df10477b81,1777356923,0.48,12.1,no,"{""count_fp"":""12.10"",""created_time"":""2026-04-28T06:15:23.366659Z"",""no_price_dollars"":""0.5200"",""taker_side"":""no"",""ticker"":""KXBTC15M-26APR280230-30"",""trade_id"":""8f91cfeb-f587-400f-5926-b3df10477b81"",""yes_price_dollars"":""0.4800""}"
KXBTC15M-26APR280230-30,5243ed65-8cdb-5807-2a71-8cee9300005d,1777356923,0.48,27.9,no,"{""count_fp"":""27.90"",""created_time"":""2026-04-28T06:15:23.275856Z"",""no_price_dollars"":""0.5200"",""taker_side"":""no"",""ticker"":""KXBTC15M-26APR280230-30"",""trade_id"":""5243ed65-8cdb-5807-2a71-8cee9300005d"",""yes_price_dollars"":""0.4800""}"
KXBTC15M-26APR280230-30,81b07139-07a6-730b-75c7-4c3f56c7560c,1777356923,0.49,9.03,yes,"{""count_fp"":""9.03"",""created_time"":""2026-04-28T06:15:23.111423Z"",""no_price_dollars"":""0.5100"",""taker_side"":""yes"",""ticker"":""KXBTC15M-26APR280230-30"",""trade_id"":""81b07139-07a6-730b-75c7-4c3f56c7560c"",""yes_price_dollars"":""0.4900""}"
KXBTC15M-26APR280230-30,59136461-cdb8-7d7c-7d19-1472d773e4a5,1777356923,0.5,5.05,yes,"{""count_fp"":""5.05"",""created_time"":""2026-04-28T06:15:23.111423Z"",""no_price_dollars"":""0.5000"",""taker_side"":""yes"",""ticker"":""KXBTC15M-26APR280230-30"",""trade_id"":""59136461-cdb8-7d7c-7d19-1472d773e4a5"",""yes_price_dollars"":""0.5000""}"
KXBTC15M-26APR280230-30,4e0baf22-f4e2-7947-7c26-64ae4660630a,1777356923,0.49,11.0,yes,"{""count_fp"":""11.00"",""created_time"":""2026-04-28T06:15:23.111423Z"",""no_price_dollars"":""0.5100"",""taker_side"":""yes"",""ticker"":""KXBTC15M-26APR280230-30"",""trade_id"":""4e0baf22-f4e2-7947-7c26-64ae4660630a"",""yes_price_dollars"":""0.4900""}"
KXBTC15M-26APR280230-30,32de92cd-f25b-7c8b-608b-450875fad2db,1777356923,0.49,3.03,yes,"{""count_fp"":""3.03"",""created_time"":""2026-04-28T06:15:23.111423Z"",""no_price_dollars"":""0.5100"",""taker_side"":""yes"",""ticker"":""KXBTC15M-26APR280230-30"",""trade_id"":""32de92cd-f25b-7c8b-608b-450875fad2db"",""yes_price_dollars"":""0.4900""}"
KXBTC15M-26APR280230-30,2f0d3494-9bf1-7acf-7f94-18815921d5c4,1777356923,0.49,9.32,yes,"{""count_fp"":""9.32"",""created_time"":""2026-04-28T06:15:23.111423Z"",""no_price_dollars"":""0.5100"",""taker_side"":""yes"",""ticker"":""KXBTC15M-26APR280230-30"",""trade_id"":""2f0d3494-9bf1-7acf-7f94-18815921d5c4"",""yes_price_dollars"":""0.4900""}"
KXBTC15M-26APR280230-30,ab161ecb-3720-6e69-0a4c-40bedb41e324,1777356924,0.48,0.35,no,"{""count_fp"":""0.35"",""created_time"":""2026-04-28T06:15:24.261662Z"",""no_price_dollars"":""0.5200"",""taker_side"":""no"",""ticker"":""KXBTC15M-26APR280230-30"",""trade_id"":""ab161ecb-3720-6e69-0a4c-40bedb41e324"",""yes_price_dollars"":""0.4800""}"
KXBTC15M-26APR280230-30,d686dbde-8d91-71c7-ae12-47b1dfe87324,1777356924,0.48,1.35,no,"{""count_fp"":""1.35"",""created_time"":""2026-04-28T06:15:24.249802Z"",""no_price_dollars"":""0.5200"",""taker_side"":""no"",""ticker"":""KXBTC15M-26APR280230-30"",""trade_id"":""d686dbde-8d91-71c7-ae12-47b1dfe87324"",""yes_price_dollars"":""0.4800""}"
KXBTC15M-26APR280230-30,083bccaf-709c-7ddd-b337-f9cc07dcec9c,1777356924,0.48,9.65,no,"{""count_fp"":""9.65"",""created_time"":""2026-04-28T06:15:24.249802Z"",""no_price_dollars"":""0.5200"",""taker_side"":""no"",""ticker"":""KXBTC15M-26APR280230-30"",""trade_id"":""083bccaf-709c-7ddd-b337-f9cc07dcec9c"",""yes_price_dollars"":""0.4800""}"
KXBTC15M-26APR280230-30,ed76296b-4414-6012-4c2f-c8a25bbf5dd8,1777356925,0.47,2.0,yes,"{""count_fp"":""2.00"",""created_time"":""2026-04-28T06:15:25.745419Z"",""no_price_dollars"":""0.5300"",""taker_side"":""yes"",""ticker"":""KXBTC15M-26APR280230-30"",""trade_id"":""ed76296b-4414-6012-4c2f-c8a25bbf5dd8"",""yes_price_dollars"":""0.4700""}"
KXBTC15M-26APR280230-30,d1ea7fd7-d4d8-765d-3e09-8c7badd4b7db,1777356925,0.46,7.17,no,"{""count_fp"":""7.17"",""created_time"":""2026-04-28T06:15:25.685993Z"",""no_price_dollars"":""0.5400"",""taker_side"":""no"",""ticker"":""KXBTC15M-26APR280230-30"",""trade_id"":""d1ea7fd7-d4d8-765d-3e09-8c7badd4b7db"",""yes_price_dollars"":""0.4600""}"
KXBTC15M-26APR280230-30,df9d88d3-5e4c-51ff-4c96-2675028032ea,1777356925,0.46,1.0,no,"{""count_fp"":""1.00"",""created_time"":""2026-04-28T06:15:25.640319Z"",""no_price_dollars"":""0.5400"",""taker_side"":""no"",""ticker"":""KXBTC15M-26APR280230-30"",""trade_id"":""df9d88d3-5e4c-51ff-4c96-2675028032ea"",""yes_price_dollars"":""0.4600""}"
KXBTC15M-26APR280230-30,007a5dcd-990c-5a41-4923-829effb2f3b3,1777356925,0.46,6.14,no,"{""count_fp"":""6.14"",""created_time"":""2026-04-28T06:15:25.640319Z"",""no_price_dollars"":""0.5400"",""taker_side"":""no"",""ticker"":""KXBTC15M-26APR280230-30"",""trade_id"":""007a5dcd-990c-5a41-4923-829effb2f3b3"",""yes_price_dollars"":""0.4600""}"
KXBTC15M-26APR280230-30,5a417ff2-99e0-4c66-f725-ab8ee4469cf4,1777356925,0.47,11.92,yes,"{""count_fp"":""11.92"",""created_time"":""2026-04-28T06:15:25.319213Z"",""no_price_dollars"":""0.5300"",""taker_side"":""yes"",""ticker"":""KXBTC15M-26APR280230-30"",""trade_id"":""5a417ff2-99e0-4c66-f725-ab8ee4469cf4"",""yes_price_dollars"":""0.4700""}"
KXBTC15M-26APR280230-30,e7714bf9-4b04-7b72-f618-dab96ae923b3,1777356926,0.47,30.77,yes,"{""count_fp"":""30.77"",""created_time"":""2026-04-28T06:15:26.926107Z"",""no_price_dollars"":""0.5300"",""taker_side"":""yes"",""ticker"":""KXBTC15M-26APR280230-30"",""trade_id"":""e7714bf9-4b04-7b72-f618-dab96ae923b3"",""yes_price_dollars"":""0.4700""}"
KXBTC15M-26APR280230-30,995b98e1-564c-439e-9836-50ec36b0d497,1777356926,0.47,135.4,yes,"{""count_fp"":""135.40"",""created_time"":""2026-04-28T06:15:26.836357Z"",""no_price_dollars"":""0.5300"",""taker_side"":""yes"",""ticker"":""KXBTC15M-26APR280230-30"",""trade_id"":""995b98e1-564c-439e-9836-50ec36b0d497"",""yes_price_dollars"":""0.4700""}"
KXBTC15M-26APR280230-30,be90ab15-6720-4626-aa38-c0818282e923,1777356926,0.47,3.02,yes,"{""count_fp"":""3.02"",""created_time"":""2026-04-28T06:15:26.537567Z"",""no_price_dollars"":""0.5300"",""taker_side"":""yes"",""ticker"":""KXBTC15M-26APR280230-30"",""trade_id"":""be90ab15-6720-4626-aa38-c0818282e923"",""yes_price_dollars"":""0.4700""}"
KXBTC15M-26APR280230-30,912a04f5-baf8-40ee-840d-0bf1041346f4,1777356926,0.47,1.08,yes,"{""count_fp"":""1.08"",""created_time"":""2026-04-28T06:15:26.537567Z"",""no_price_dollars"":""0.5300"",""taker_side"":""yes"",""ticker"":""KXBTC15M-26APR280230-30"",""trade_id"":""912a04f5-baf8-40ee-840d-0bf1041346f4"",""yes_price_dollars"":""0.4700""}"
KXBTC15M-26APR280230-30,b486eb87-cb94-7cd2-24ba-5c5bfac3aa93,1777356927,0.47,2.0,yes,"{""count_fp"":""2.00"",""created_time"":""2026-04-28T06:15:27.781226Z"",""no_price_dollars"":""0.5300"",""taker_side"":""yes"",""ticker"":""KXBTC15M-26APR280230-30"",""trade_id"":""b486eb87-cb94-7cd2-24ba-5c5bfac3aa93"",""yes_price_dollars"":""0.4700""}"
KXBTC15M-26APR280230-30,f0e31032-2e38-7eda-acc0-816b6b6f336f,1777356927,0.47,15.0,yes,"{""count_fp"":""15.00"",""created_time"":""2026-04-28T06:15:27.483509Z"",""no_price_dollars"":""0.5300"",""taker_side"":""yes"",""ticker"":""KXBTC15M-26APR280230-30"",""trade_id"":""f0e31032-2e38-7eda-acc0-816b6b6f336f"",""yes_price_dollars"":""0.4700""}"
KXBTC15M-26APR280230-30,7562f6d2-e877-5ec5-3eea-5ac94488ba0a,1777356927,0.46,1.0,no,"{""count_fp"":""1.00"",""created_time"":""2026-04-28T06:15:27.338875Z"",""no_price_dollars"":""0.5400"",""taker_side"":""no"",""ticker"":""KXBTC15M-26APR280230-30"",""trade_id"":""7562f6d2-e877-5ec5-3eea-5ac94488ba0a"",""yes_price_dollars"":""0.4600""}"
KXBTC15M-26APR280230-30,3a8a71d1-9d68-4f90-66a7-16115051d37f,1777356928,0.46,8.97,no,"{""count_fp"":""8.97"",""created_time"":""2026-04-28T06:15:28.535753Z"",""no_price_dollars"":""0.5400"",""taker_side"":""no"",""ticker"":""KXBTC15M-26APR280230-30"",""trade_id"":""3a8a71d1-9d68-4f90-66a7-16115051d37f"",""yes_price_dollars"":""0.4600""}"
KXBTC15M-26APR280230-30,e6a27407-37bc-54f3-608c-7ffe3321c243,1777356928,0.45,1.0,no,"{""count_fp"":""1.00"",""created_time"":""2026-04-28T06:15:28.206885Z"",""no_price_dollars"":""0.5500"",""taker_side"":""no"",""ticker"":""KXBTC15M-26APR280230-30"",""trade_id"":""e6a27407-37bc-54f3-608c-7ffe3321c243"",""yes_price_dollars"":""0.4500""}"
KXBTC15M-26APR280230-30,b218b05f-48a3-59c6-676f-6424e271c813,1777356928,0.46,300.0,no,"{""count_fp"":""300.00"",""created_time"":""2026-04-28T06:15:28.206885Z"",""no_price_dollars"":""0.5400"",""taker_side"":""no"",""ticker"":""KXBTC15M-26APR280230-30"",""trade_id"":""b218b05f-48a3-59c6-676f-6424e271c813"",""yes_price_dollars"":""0.4600""}"
KXBTC15M-26APR280230-30,968ff2b1-7423-5ac3-65e4-8124549782d3,1777356928,0.45,4.5,no,"{""count_fp"":""4.50"",""created_time"":""2026-04-28T06:15:28.206885Z"",""no_price_dollars"":""0.5500"",""taker_side"":""no"",""ticker"":""KXBTC15M-26APR280230-30"",""trade_id"":""968ff2b1-7423-5ac3-65e4-8124549782d3"",""yes_price_dollars"":""0.4500""}"
KXBTC15M-26APR280230-30,9515b81f-0587-5c18-7f86-5a7f8edb3316,1777356928,0.45,3.0,no,"{""count_fp"":""3.00"",""created_time"":""2026-04-28T06:15:28.206885Z"",""no_price_dollars"":""0.5500"",""taker_side"":""no"",""ticker"":""KXBTC15M-26APR280230-30"",""trade_id"":""9515b81f-0587-5c18-7f86-5a7f8edb3316"",""yes_price_dollars"":""0.4500""}"
KXBTC15M-26APR280230-30,8ddd7f89-4b72-5acf-74ba-55447a19fc0e,1777356928,0.45,2.0,no,"{""count_fp"":""2.00"",""created_time"":""2026-04-28T06:15:28.206885Z"",""no_price_dollars"":""0.5500"",""taker_side"":""no"",""ticker"":""KXBTC15M-26APR280230-30"",""trade_id"":""8ddd7f89-4b72-5acf-74ba-55447a19fc0e"",""yes_price_dollars"":""0.4500""}"
KXBTC15M-26APR280230-30,86c9d0bb-1522-5a6a-4470-a00d7518e9f3,1777356928,0.45,40.0,no,"{""count_fp"":""40.00"",""created_time"":""2026-04-28T06:15:28.206885Z"",""no_price_dollars"":""0.5500"",""taker_side"":""no"",""ticker"":""KXBTC15M-26APR280230-30"",""trade_id"":""86c9d0bb-1522-5a6a-4470-a00d7518e9f3"",""yes_price_dollars"":""0.4500""}"
KXBTC15M-26APR280230-30,6bba0ab1-d0ec-5475-7a1d-83b57e944b47,1777356928,0.45,2.0,no,"{""count_fp"":""2.00"",""created_time"":""2026-04-28T06:15:28.206885Z"",""no_price_dollars"":""0.5500"",""taker_side"":""no"",""ticker"":""KXBTC15M-26APR280230-30"",""trade_id"":""6bba0ab1-d0ec-5475-7a1d-83b57e944b47"",""yes_price_dollars"":""0.4500""}"
KXBTC15M-26APR280230-30,589e5b3f-f144-5686-4e78-8cf13746b15d,1777356928,0.45,80.0,no,"{""count_fp"":""80.00"",""created_time"":""2026-04-28T06:15:28.206885Z"",""no_price_dollars"":""0.5500"",""taker_side"":""no"",""ticker"":""KXBTC15M-26APR280230-30"",""trade_id"":""589e5b3f-f144-5686-4e78-8cf13746b15d"",""yes_price_dollars"":""0.4500""}"
KXBTC15M-26APR280230-30,39951111-c6f9-5cda-5bab-df6e6d03403f,1777356928,0.45,1.0,no,"{""count_fp"":""1.00"",""created_time"":""2026-04-28T06:15:28.206885Z"",""no_price_dollars"":""0.5500"",""taker_side"":""no"",""ticker"":""KXBTC15M-26APR280230-30"",""trade_id"":""39951111-c6f9-5cda-5bab-df6e6d03403f"",""yes_price_dollars"":""0.4500""}"
KXBTC15M-26APR280230-30,2a12d32d-a40a-5bf6-69d9-0fae641b1f33,1777356928,0.46,65.2,no,"{""count_fp"":""65.20"",""created_time"":""2026-04-28T06:15:28.206885Z"",""no_price_dollars"":""0.5400"",""taker_side"":""no"",""ticker"":""KXBTC15M-26APR280230-30"",""trade_id"":""2a12d32d-a40a-5bf6-69d9-0fae641b1f33"",""yes_price_dollars"":""0.4600""}"
KXBTC15M-26APR280230-30,bade9583-499e-7e60-3774-a7895f7aecb2,1777356928,0.46,0.98,no,"{""count_fp"":""0.98"",""created_time"":""2026-04-28T06:15:28.198034Z"",""no_price_dollars"":""0.5400"",""taker_side"":""no"",""ticker"":""KXBTC15M-26APR280230-30"",""trade_id"":""bade9583-499e-7e60-3774-a7895f7aecb2"",""yes_price_dollars"":""0.4600""}"
KXBTC15M-26APR280230-30,b9c09f44-1c07-7b91-3885-4974286d0196,1777356928,0.46,18.0,no,"{""count_fp"":""18.00"",""created_time"":""2026-04-28T06:15:28.198034Z"",""no_price_dollars"":""0.5400"",""taker_side"":""no"",""ticker"":""KXBTC15M-26APR280230-30"",""trade_id"":""b9c09f44-1c07-7b91-3885-4974286d0196"",""yes_price_dollars"":""0.4600""}"
KXBTC15M-26APR280230-30,b97805af-628f-726c-20a2-a75480c4779f,1777356928,0.46,26.0,no,"{""count_fp"":""26.00"",""created_time"":""2026-04-28T06:15:28.198034Z"",""no_price_dollars"":""0.5400"",""taker_side"":""no"",""ticker"":""KXBTC15M-26APR280230-30"",""trade_id"":""b97805af-628f-726c-20a2-a75480c4779f"",""yes_price_dollars"":""0.4600""}"
KXBTC15M-26APR280230-30,9da856b6-d5f4-7b82-04ac-cc0dcb45dd32,1777356928,0.46,40.0,no,"{""count_fp"":""40.00"",""created_time"":""2026-04-28T06:15:28.198034Z"",""no_price_dollars"":""0.5400"",""taker_side"":""no"",""ticker"":""KXBTC15M-26APR280230-30"",""trade_id"":""9da856b6-d5f4-7b82-04ac-cc0dcb45dd32"",""yes_price_dollars"":""0.4600""}"
KXBTC15M-26APR280230-30,7068a767-e4ef-7575-22c6-cdbce55cc2f3,1777356928,0.46,56.0,no,"{""count_fp"":""56.00"",""created_time"":""2026-04-28T06:15:28.198034Z"",""no_price_dollars"":""0.5400"",""taker_side"":""no"",""ticker"":""KXBTC15M-26APR280230-30"",""trade_id"":""7068a767-e4ef-7575-22c6-cdbce55cc2f3"",""yes_price_dollars"":""0.4600""}"
KXBTC15M-26APR280230-30,6cc9f7a6-6ab2-7a32-0a3f-406fe16cce54,1777356928,0.46,3.0,no,"{""count_fp"":""3.00"",""created_time"":""2026-04-28T06:15:28.198034Z"",""no_price_dollars"":""0.5400"",""taker_side"":""no"",""ticker"":""KXBTC15M-26APR280230-30"",""trade_id"":""6cc9f7a6-6ab2-7a32-0a3f-406fe16cce54"",""yes_price_dollars"":""0.4600""}"
KXBTC15M-26APR280230-30,1b98fef1-f09a-78f2-3370-ded2b78f9da7,1777356928,0.46,34.8,no,"{""count_fp"":""34.80"",""created_time"":""2026-04-28T06:15:28.198034Z"",""no_price_dollars"":""0.5400"",""taker_side"":""no"",""ticker"":""KXBTC15M-26APR280230-30"",""trade_id"":""1b98fef1-f09a-78f2-3370-ded2b78f9da7"",""yes_price_dollars"":""0.4600""}"
KXBTC15M-26APR280230-30,a269e5d6-0cac-44cb-4332-9f2b564bd3b8,1777356929,0.46,59.67,no,"{""count_fp"":""59.67"",""created_time"":""2026-04-28T06:15:29.841919Z"",""no_price_dollars"":""0.5400"",""taker_side"":""no"",""ticker"":""KXBTC15M-26APR280230-30"",""trade_id"":""a269e5d6-0cac-44cb-4332-9f2b564bd3b8"",""yes_price_dollars"":""0.4600""}"
KXBTC15M-26APR280230-30,59fe96f9-6314-4c24-58f7-94d84e37569b,1777356929,0.46,30.03,no,"{""count_fp"":""30.03"",""created_time"":""2026-04-28T06:15:29.841919Z"",""no_price_dollars"":""0.5400"",""taker_side"":""no"",""ticker"":""KXBTC15M-26APR280230-30"",""trade_id"":""59fe96f9-6314-4c24-58f7-94d84e37569b"",""yes_price_dollars"":""0.4600""}"
KXBTC15M-26APR280230-30,aef27fd6-205c-50e4-f475-d60dc715fe07,1777356929,0.46,1.0,no,"{""count_fp"":""1.00"",""created_time"":""2026-04-28T06:15:29.055577Z"",""no_price_dollars"":""0.5400"",""taker_side"":""no"",""ticker"":""KXBTC15M-26APR280230-30"",""trade_id"":""aef27fd6-205c-50e4-f475-d60dc715fe07"",""yes_price_dollars"":""0.4600""}"
KXBTC15M-26APR280230-30,f5e2b807-0d84-7d9f-7539-87517e8c2304,1777356930,0.46,3.97,no,"{""count_fp"":""3.97"",""created_time"":""2026-04-28T06:15:30.716212Z"",""no_price_dollars"":""0.5400"",""taker_side"":""no"",""ticker"":""KXBTC15M-26APR280230-30"",""trade_id"":""f5e2b807-0d84-7d9f-7539-87517e8c2304"",""yes_price_dollars"":""0.4600""}"
KXBTC15M-26APR280230-30,df26a34e-ae3b-7c51-6ff3-a59a270650fb,1777356930,0.46,1.41,no,"{""count_fp"":""1.41"",""created_time"":""2026-04-28T06:15:30.716212Z"",""no_price_dollars"":""0.5400"",""taker_side"":""no"",""ticker"":""KXBTC15M-26APR280230-30"",""trade_id"":""df26a34e-ae3b-7c51-6ff3-a59a270650fb"",""yes_price_dollars"":""0.4600""}"
KXBTC15M-26APR280230-30,8e83b9f4-a7cc-4b4b-90cd-b3c23f83d744,1777356930,0.46,25.0,no,"{""count_fp"":""25.00"",""created_time"":""2026-04-28T06:15:30.552659Z"",""no_price_dollars"":""0.5400"",""taker_side"":""no"",""ticker"":""KXBTC15M-26APR280230-30"",""trade_id"":""8e83b9f4-a7cc-4b4b-90cd-b3c23f83d744"",""yes_price_dollars"":""0.4600""}"
KXBTC15M-26APR280230-30,e5903241-0360-5e1b-74e8-4b901ddfc800,1777356930,0.46,12.55,no,"{""count_fp"":""12.55"",""created_time"":""2026-04-28T06:15:30.385467Z"",""no_price_dollars"":""0.5400"",""taker_side"":""no"",""ticker"":""KXBTC15M-26APR280230-30"",""trade_id"":""e5903241-0360-5e1b-74e8-4b901ddfc800"",""yes_price_dollars"":""0.4600""}"
KXBTC15M-26APR280230-30,a570dde6-73c8-44f6-58af-4690f45aadfb,1777356930,0.47,16.41,yes,"{""count_fp"":""16.41"",""created_time"":""2026-04-28T06:15:30.088057Z"",""no_price_dollars"":""0.5300"",""taker_side"":""yes"",""ticker"":""KXBTC15M-26APR280230-30"",""trade_id"":""a570dde6-73c8-44f6-58af-4690f45aadfb"",""yes_price_dollars"":""0.4700""}"
KXBTC15M-26APR280230-30,fe4e0511-e5c8-667e-5841-80cfb8f630cf,1777356931,0.47,38.97,yes,"{""count_fp"":""38.97"",""created_time"":""2026-04-28T06:15:31.648787Z"",""no_price_dollars"":""0.5300"",""taker_side"":""yes"",""ticker"":""KXBTC15M-26APR280230-30"",""trade_id"":""fe4e0511-e5c8-667e-5841-80cfb8f630cf"",""yes_price_dollars"":""0.4700""}"
KXBTC15M-26APR280230-30,480ae7ab-4ae0-6dde-0e1f-f7a4b2fb2d97,1777356931,0.47,30.0,yes,"{""count_fp"":""30.00"",""created_time"":""2026-04-28T06:15:31.210628Z"",""no_price_dollars"":""0.5300"",""taker_side"":""yes"",""ticker"":""KXBTC15M-26APR280230-30"",""trade_id"":""480ae7ab-4ae0-6dde-0e1f-f7a4b2fb2d97"",""yes_price_dollars"":""0.4700""}"
KXBTC15M-26APR280230-30,692da000-78f7-4277-2ebe-48a43bf77a7b,1777356932,0.45,200.0,no,"{""count_fp"":""200.00"",""created_time"":""2026-04-28T06:15:32.660263Z"",""no_price_dollars"":""0.5500"",""taker_side"":""no"",""ticker"":""KXBTC15M-26APR280230-30"",""trade_id"":""692da000-78f7-4277-2ebe-48a43bf77a7b"",""yes_price_dollars"":""0.4500""}"
KXBTC15M-26APR280230-30,f00b1f62-a890-522a-63b8-907704721fae,1777356932,0.46,1.41,no,"{""count_fp"":""1.41"",""created_time"":""2026-04-28T06:15:32.539339Z"",""no_price_dollars"":""0.5400"",""taker_side"":""no"",""ticker"":""KXBTC15M-26APR280230-30"",""trade_id"":""f00b1f62-a890-522a-63b8-907704721fae"",""yes_price_dollars"":""0.4600""}"
KXBTC15M-26APR280230-30,ef448880-63fb-538b-6cf8-d26f65fa4037,1777356932,0.45,0.38,no,"{""count_fp"":""0.38"",""created_time"":""2026-04-28T06:15:32.539339Z"",""no_price_dollars"":""0.5500"",""taker_side"":""no"",""ticker"":""KXBTC15M-26APR280230-30"",""trade_id"":""ef448880-63fb-538b-6cf8-d26f65fa4037"",""yes_price_dollars"":""0.4500""}"
KXBTC15M-26APR280230-30,e5706979-fde1-5910-dce3-8c4d3d02750b,1777356932,0.46,0.24,no,"{""count_fp"":""0.24"",""created_time"":""2026-04-28T06:15:32.221011Z"",""no_price_dollars"":""0.5400"",""taker_side"":""no"",""ticker"":""KXBTC15M-26APR280230-30"",""trade_id"":""e5706979-fde1-5910-dce3-8c4d3d02750b"",""yes_price_dollars"":""0.4600""}"
KXBTC15M-26APR280230-30,c0ae87ea-1537-5ead-f165-ecaf3fbfad47,1777356932,0.46,0.76,no,"{""count_fp"":""0.76"",""created_time"":""2026-04-28T06:15:32.221011Z"",""no_price_dollars"":""0.5400"",""taker_side"":""no"",""ticker"":""KXBTC15M-26APR280230-30"",""trade_id"":""c0ae87ea-1537-5ead-f165-ecaf3fbfad47"",""yes_price_dollars"":""0.4600""}"
KXBTC15M-26APR280230-30,a3cb41bd-aae4-5c46-3b85-d3732afbc18b,1777356932,0.47,0.61,yes,"{""count_fp"":""0.61"",""created_time"":""2026-04-28T06:15:32.059741Z"",""no_price_dollars"":""0.5300"",""taker_side"":""yes"",""ticker"":""KXBTC15M-26APR280230-30"",""trade_id"":""a3cb41bd-aae4-5c46-3b85-d3732afbc18b"",""yes_price_dollars"":""0.4700""}"
KXBTC15M-26APR280230-30,adc4bd25-09ef-5138-cdf7-3cf8ae6fcfa5,1777356932,0.46,1.41,no,"{""count_fp"":""1.41"",""created_time"":""2026-04-28T06:15:32.039681Z"",""no_price_dollars"":""0.5400"",""taker_side"":""no"",""ticker"":""KXBTC15M-26APR280230-30"",""trade_id"":""adc4bd25-09ef-5138-cdf7-3cf8ae6fcfa5"",""yes_price_dollars"":""0.4600""}"
KXBTC15M-26APR280230-30,ac25d600-7275-5648-dcb0-428068641507,1777356932,0.46,5.76,no,"{""count_fp"":""5.76"",""created_time"":""2026-04-28T06:15:32.039681Z"",""no_price_dollars"":""0.5400"",""taker_side"":""no"",""ticker"":""KXBTC15M-26APR280230-30"",""trade_id"":""ac25d600-7275-5648-dcb0-428068641507"",""yes_price_dollars"":""0.4600""}"
KXBTC15M-26APR280230-30,808e591b-2c6f-4ae8-571a-3ef7ef8f1152,1777356933,0.46,24.61,yes,"{""count_fp"":""24.61"",""created_time"":""2026-04-28T06:15:33.741976Z"",""no_price_dollars"":""0.5400"",""taker_side"":""yes"",""ticker"":""KXBTC15M-26APR280230-30"",""trade_id"":""808e591b-2c6f-4ae8-571a-3ef7ef8f1152"",""yes_price_dollars"":""0.4600""}"
KXBTC15M-26APR280230-30,8caed363-b652-45c7-ed7d-cdb66235d22f,1777356934,0.45,2.0,no,"{""count_fp"":""2.00"",""created_time"":""2026-04-28T06:15:34.838816Z"",""no_price_dollars"":""0.5500"",""taker_side"":""no"",""ticker"":""KXBTC15M-26APR280230-30"",""trade_id"":""8caed363-b652-45c7-ed7d-cdb66235d22f"",""yes_price_dollars"":""0.4500""}"
KXBTC15M-26APR280230-30,c9b38794-62e9-70cc-09cf-53525c98f36d,1777356934,0.46,2.25,yes,"{""count_fp"":""2.25"",""created_time"":""2026-04-28T06:15:34.200478Z"",""no_price_dollars"":""0.5400"",""taker_side"":""yes"",""ticker"":""KXBTC15M-26APR280230-30"",""trade_id"":""c9b38794-62e9-70cc-09cf-53525c98f36d"",""yes_price_dollars"":""0.4600""}"
KXBTC15M-26APR280230-30,b6e957ea-a4d3-75dc-3e0d-88532fb6a6ce,1777356934,0.46,15.39,yes,"{""count_fp"":""15.39"",""created_time"":""2026-04-28T06:15:34.200478Z"",""no_price_dollars"":""0.5400"",""taker_side"":""yes"",""ticker"":""KXBTC15M-26APR280230-30"",""trade_id"":""b6e957ea-a4d3-75dc-3e0d-88532fb6a6ce"",""yes_price_dollars"":""0.4600""}"
KXBTC15M-26APR280230-30,dfe14985-051b-5ab2-c77d-a03980bee2a1,1777356935,0.45,16.1,yes,"{""count_fp"":""16.10"",""created_time"":""2026-04-28T06:15:35.955232Z"",""no_price_dollars"":""0.5500"",""taker_side"":""yes"",""ticker"":""KXBTC15M-26APR280230-30"",""trade_id"":""dfe14985-051b-5ab2-c77d-a03980bee2a1"",""yes_price_dollars"":""0.4500""}"
KXBTC15M-26APR280230-30,386788ac-f473-4c5a-5213-de888d2fccf5,1777356935,0.45,2.09,yes,"{""count_fp"":""2.09"",""created_time"":""2026-04-28T06:15:35.484179Z"",""no_price_dollars"":""0.5500"",""taker_side"":""yes"",""ticker"":""KXBTC15M-26APR280230-30"",""trade_id"":""386788ac-f473-4c5a-5213-de888d2fccf5"",""yes_price_dollars"":""0.4500""}"
KXBTC15M-26APR280230-30,ff8bb5ba-5dd3-4d3c-1952-96e84e550b2b,1777356935,0.44,29.84,no,"{""count_fp"":""29.84"",""created_time"":""2026-04-28T06:15:35.417281Z"",""no_price_dollars"":""0.5600"",""taker_side"":""no"",""ticker"":""KXBTC15M-26APR280230-30"",""trade_id"":""ff8bb5ba-5dd3-4d3c-1952-96e84e550b2b"",""yes_price_dollars"":""0.4400""}"
KXBTC15M-26APR280230-30,c4d3f311-4025-4929-1b63-d790fbfcdc9c,1777356935,0.44,1.0,no,"{""count_fp"":""1.00"",""created_time"":""2026-04-28T06:15:35.417281Z"",""no_price_dollars"":""0.5600"",""taker_side"":""no"",""ticker"":""KXBTC15M-26APR280230-30"",""trade_id"":""c4d3f311-4025-4929-1b63-d790fbfcdc9c"",""yes_price_dollars"":""0.4400""}"
KXBTC15M-26APR280230-30,900a416a-96e3-4b3a-323e-3deed64f847f,1777356935,0.45,2.0,no,"{""count_fp"":""2.00"",""created_time"":""2026-04-28T06:15:35.417281Z"",""no_price_dollars"":""0.5500"",""taker_side"":""no"",""ticker"":""KXBTC15M-26APR280230-30"",""trade_id"":""900a416a-96e3-4b3a-323e-3deed64f847f"",""yes_price_dollars"":""0.4500""}"
KXBTC15M-26APR280230-30,40fe67af-99fb-4840-1dc9-2e247764715f,1777356935,0.45,1.0,no,"{""count_fp"":""1.00"",""created_time"":""2026-04-28T06:15:35.417281Z"",""no_price_dollars"":""0.5500"",""taker_side"":""no"",""ticker"":""KXBTC15M-26APR280230-30"",""trade_id"":""40fe67af-99fb-4840-1dc9-2e247764715f"",""yes_price_dollars"":""0.4500""}"
KXBTC15M-26APR280230-30,d5095521-38f8-75a6-9305-925ba94be94b,1777356935,0.46,3.36,yes,"{""count_fp"":""3.36"",""created_time"":""2026-04-28T06:15:35.220646Z"",""no_price_dollars"":""0.5400"",""taker_side"":""yes"",""ticker"":""KXBTC15M-26APR280230-30"",""trade_id"":""d5095521-38f8-75a6-9305-925ba94be94b"",""yes_price_dollars"":""0.4600""}"
KXBTC15M-26APR280230-30,64947b48-96f5-7cec-9cac-be837c63e79d,1777356935,0.46,0.83,yes,"{""count_fp"":""0.83"",""created_time"":""2026-04-28T06:15:35.220646Z"",""no_price_dollars"":""0.5400"",""taker_side"":""yes"",""ticker"":""KXBTC15M-26APR280230-30"",""trade_id"":""64947b48-96f5-7cec-9cac-be837c63e79d"",""yes_price_dollars"":""0.4600""}"
KXBTC15M-26APR280230-30,61323381-d928-7638-88cd-edbc52f3429e,1777356935,0.46,10.47,yes,"{""count_fp"":""10.47"",""created_time"":""2026-04-28T06:15:35.220646Z"",""no_price_dollars"":""0.5400"",""taker_side"":""yes"",""ticker"":""KXBTC15M-26APR280230-30"",""trade_id"":""61323381-d928-7638-88cd-edbc52f3429e"",""yes_price_dollars"":""0.4600""}"
KXBTC15M-26APR280230-30,168b8a47-2ced-6a80-a9cc-2adceb9b4cb9,1777356935,0.46,1.0,yes,"{""count_fp"":""1.00"",""created_time"":""2026-04-28T06:15:35.194571Z"",""no_price_dollars"":""0.5400"",""taker_side"":""yes"",""ticker"":""KXBTC15M-26APR280230-30"",""trade_id"":""168b8a47-2ced-6a80-a9cc-2adceb9b4cb9"",""yes_price_dollars"":""0.4600""}"
KXBTC15M-26APR280230-30,a0b85799-2720-5f20-e40c-7c12f1152556,1777356936,0.39,45.68,no,"{""count_fp"":""45.68"",""created_time"":""2026-04-28T06:15:36.998832Z"",""no_price_dollars"":""0.6100"",""taker_side"":""no"",""ticker"":""KXBTC15M-26APR280230-30"",""trade_id"":""a0b85799-2720-5f20-e40c-7c12f1152556"",""yes_price_dollars"":""0.3900""}"
KXBTC15M-26APR280230-30,702e9b8a-96b8-5c58-3c91-ee2d3ee65ba2,1777356936,0.39,109.18,no,"{""count_fp"":""109.18"",""created_time"":""2026-04-28T06:15:36.997174Z"",""no_price_dollars"":""0.6100"",""taker_side"":""no"",""ticker"":""KXBTC15M-26APR280230-30"",""trade_id"":""702e9b8a-96b8-5c58-3c91-ee2d3ee65ba2"",""yes_price_dollars"":""0.3900""}"
KXBTC15M-26APR280230-30,9595a7bd-b204-592c-abe9-ca0b36b011da,1777356936,0.39,82.31,no,"{""count_fp"":""82.31"",""created_time"":""2026-04-28T06:15:36.997147Z"",""no_price_dollars"":""0.6100"",""taker_side"":""no"",""ticker"":""KXBTC15M-26APR280230-30"",""trade_id"":""9595a7bd-b204-592c-abe9-ca0b36b011da"",""yes_price_dollars"":""0.3900""}"
KXBTC15M-26APR280230-30,c6fef00a-8e56-7dfa-a995-349599f9df6f,1777356936,0.39,50.0,no,"{""count_fp"":""50.00"",""created_time"":""2026-04-28T06:15:36.990299Z"",""no_price_dollars"":""0.6100"",""taker_side"":""no"",""ticker"":""KXBTC15M-26APR280230-30"",""trade_id"":""c6fef00a-8e56-7dfa-a995-349599f9df6f"",""yes_price_dollars"":""0.3900""}"
KXBTC15M-26APR280230-30,5ddee4ff-ad39-7d5d-9842-00a8a946c58d,1777356936,0.39,33.0,no,"{""count_fp"":""33.00"",""created_time"":""2026-04-28T06:15:36.990299Z"",""no_price_dollars"":""0.6100"",""taker_side"":""no"",""ticker"":""KXBTC15M-26APR280230-30"",""trade_id"":""5ddee4ff-ad39-7d5d-9842-00a8a946c58d"",""yes_price_dollars"":""0.3900""}"
KXBTC15M-26APR280230-30,58d48e68-bf5a-710a-b714-08044f2f9c73,1777356936,0.39,3.0,no,"{""count_fp"":""3.00"",""created_time"":""2026-04-28T06:15:36.990299Z"",""no_price_dollars"":""0.6100"",""taker_side"":""no"",""ticker"":""KXBTC15M-26APR280230-30"",""trade_id"":""58d48e68-bf5a-710a-b714-08044f2f9c73"",""yes_price_dollars"":""0.3900""}"
KXBTC15M-26APR280230-30,1ce578c7-4d9b-7141-9eb9-ba345d1553d3,1777356936,0.39,32.17,no,"{""count_fp"":""32.17"",""created_time"":""2026-04-28T06:15:36.990299Z"",""no_price_dollars"":""0.6100"",""taker_side"":""no"",""ticker"":""KXBTC15M-26APR280230-30"",""trade_id"":""1ce578c7-4d9b-7141-9eb9-ba345d1553d3"",""yes_price_dollars"":""0.3900""}"
KXBTC15M-26APR280230-30,17cb51f2-949c-7664-bde8-d5eff750c9c2,1777356936,0.39,104.83,no,"{""count_fp"":""104.83"",""created_time"":""2026-04-28T06:15:36.990299Z"",""no_price_dollars"":""0.6100"",""taker_side"":""no"",""ticker"":""KXBTC15M-26APR280230-30"",""trade_id"":""17cb51f2-949c-7664-bde8-d5eff750c9c2"",""yes_price_dollars"":""0.3900""}"
KXBTC15M-26APR280230-30,ed354086-f865-60c2-468c-35882da7561a,1777356936,0.4,2.0,no,"{""count_fp"":""2.00"",""created_time"":""2026-04-28T06:15:36.984062Z"",""no_price_dollars"":""0.6000"",""taker_side"":""no"",""ticker"":""KXBTC15M-26APR280230-30"",""trade_id"":""ed354086-f865-60c2-468c-35882da7561a"",""yes_price_dollars"":""0.4000""}"
KXBTC15M-26APR280230-30,bccfdd72-189d-656a-62c0-21fc37b5fa79,1777356936,0.4,3.0,no,"{""count_fp"":""3.00"",""created_time"":""2026-04-28T06:15:36.984062Z"",""no_price_dollars"":""0.6000"",""taker_side"":""no"",""ticker"":""KXBTC15M-26APR280230-30"",""trade_id"":""bccfdd72-189d-656a-62c0-21fc37b5fa79"",""yes_price_dollars"":""0.4000""}"
KXBTC15M-26APR280230-30,43d01589-5d59-61b1-7f3c-650ab692452d,1777356936,0.39,99.0,no,"{""count_fp"":""99.00"",""created_time"":""2026-04-28T06:15:36.984062Z"",""no_price_dollars"":""0.6100"",""taker_side"":""no"",""ticker"":""KXBTC15M-26APR280230-30"",""trade_id"":""43d01589-5d59-61b1-7f3c-650ab692452d"",""yes_price_dollars"":""0.3900""}"
KXBTC15M-26APR280230-30,0ee73a2a-c566-694c-4874-a913e133d49d,1777356936,0.4,119.0,no,"{""count_fp"":""119.00"",""created_time"":""2026-04-28T06:15:36.984062Z"",""no_price_dollars"":""0.6000"",""taker_side"":""no"",""ticker"":""KXBTC15M-26APR280230-30"",""trade_id"":""0ee73a2a-c566-694c-4874-a913e133d49d"",""yes_price_dollars"":""0.4000""}"
KXBTC15M-26APR280230-30,ef597373-4930-4b66-c6dc-80f2691b0063,1777356936,0.41,3.0,no,"{""count_fp"":""3.00"",""created_time"":""2026-04-28T06:15:36.971921Z"",""no_price_dollars"":""0.5900"",""taker_side"":""no"",""ticker"":""KXBTC15M-26APR280230-30"",""trade_id"":""ef597373-4930-4b66-c6dc-80f2691b0063"",""yes_price_dollars"":""0.4100""}"
KXBTC15M-26APR280230-30,aa72a4ed-4965-44a2-fd53-b375477dd75f,1777356936,0.41,5.0,no,"{""count_fp"":""5.00"",""created_time"":""2026-04-28T06:15:36.971921Z"",""no_price_dollars"":""0.5900"",""taker_side"":""no"",""ticker"":""KXBTC15M-26APR280230-30"",""trade_id"":""aa72a4ed-4965-44a2-fd53-b375477dd75f"",""yes_price_dollars"":""0.4100""}"
KXBTC15M-26APR280230-30,9d346454-b43f-4f51-d7fe-e6265253df3e,1777356936,0.41,5.0,no,"{""count_fp"":""5.00"",""created_time"":""2026-04-28T06:15:36.971921Z"",""no_price_dollars"":""0.5900"",""taker_side"":""no"",""ticker"":""KXBTC15M-26APR280230-30"",""trade_id"":""9d346454-b43f-4f51-d7fe-e6265253df3e"",""yes_price_dollars"":""0.4100""}"
KXBTC15M-26APR280230-30,07a6d07c-9e3b-4fcd-ca72-98f7f4288b96,1777356936,0.41,86.74,no,"{""count_fp"":""86.74"",""created_time"":""2026-04-28T06:15:36.971921Z"",""no_price_dollars"":""0.5900"",""taker_side"":""no"",""ticker"":""KXBTC15M-26APR280230-30"",""trade_id"":""07a6d07c-9e3b-4fcd-ca72-98f7f4288b96"",""yes_price_dollars"":""0.4100""}"
KXBTC15M-26APR280230-30,d2312a36-aa1b-44b9-66d1-b1517080f6d6,1777356936,0.41,32.26,no,"{""count_fp"":""32.26"",""created_time"":""2026-04-28T06:15:36.949612Z"",""no_price_dollars"":""0.5900"",""taker_side"":""no"",""ticker"":""KXBTC15M-26APR280230-30"",""trade_id"":""d2312a36-aa1b-44b9-66d1-b1517080f6d6"",""yes_price_dollars"":""0.4100""}"
KXBTC15M-26APR280230-30,a9ad7f57-d955-610d-2579-58c466b438c7,1777356936,0.43,19.0,yes,"{""count_fp"":""19.00"",""created_time"":""2026-04-28T06:15:36.941873Z"",""no_price_dollars"":""0.5700"",""taker_side"":""yes"",""ticker"":""KXBTC15M-26APR280230-30"",""trade_id"":""a9ad7f57-d955-610d-2579-58c466b438c7"",""yes_price_dollars"":""0.4300""}"
KXBTC15M-26APR280230-30,43a2f174-f044-66fa-1060-b36ad112638f,1777356936,0.43,989.72,yes,"{""count_fp"":""989.72"",""created_time"":""2026-04-28T06:15:36.941873Z"",""no_price_dollars"":""0.5700"",""taker_side"":""yes"",""ticker"":""KXBTC15M-26APR280230-30"",""trade_id"":""43a2f174-f044-66fa-1060-b36ad112638f"",""yes_price_dollars"":""0.4300""}"
KXBTC15M-26APR280230-30,33199f39-a67a-69f7-3a78-d306a9076886,1777356936,0.43,40.0,yes,"{""count_fp"":""40.00"",""created_time"":""2026-04-28T06:15:36.941873Z"",""no_price_dollars"":""0.5700"",""taker_side"":""yes"",""ticker"":""KXBTC15M-26APR280230-30"",""trade_id"":""33199f39-a67a-69f7-3a78-d306a9076886"",""yes_price_dollars"":""0.4300""}"
KXBTC15M-26APR280230-30,b0ccc253-4b07-5d9d-088b-9dcf2846f53b,1777356936,0.42,2.0,no,"{""count_fp"":""2.00"",""created_time"":""2026-04-28T06:15:36.931328Z"",""no_price_dollars"":""0.5800"",""taker_side"":""no"",""ticker"":""KXBTC15M-26APR280230-30"",""trade_id"":""b0ccc253-4b07-5d9d-088b-9dcf2846f53b"",""yes_price_dollars"":""0.4200""}"
KXBTC15M-26APR280230-30,74095e7e-379b-5119-350f-260423303cc7,1777356936,0.42,1.0,no,"{""count_fp"":""1.00"",""created_time"":""2026-04-28T06:15:36.931328Z"",""no_price_dollars"":""0.5800"",""taker_side"":""no"",""ticker"":""KXBTC15M-26APR280230-30"",""trade_id"":""74095e7e-379b-5119-350f-260423303cc7"",""yes_price_dollars"":""0.4200""}"
KXBTC15M-26APR280230-30,32ed2eb3-e088-5a05-2d88-df51b2b0443f,1777356936,0.42,3.0,no,"{""count_fp"":""3.00"",""created_time"":""2026-04-28T06:15:36.931328Z"",""no_price_dollars"":""0.5800"",""taker_side"":""no"",""ticker"":""KXBTC15M-26APR280230-30"",""trade_id"":""32ed2eb3-e088-5a05-2d88-df51b2b0443f"",""yes_price_dollars"":""0.4200""}"
KXBTC15M-26APR280230-30,270fa37e-c9bd-5e25-12cd-5bd1d07e858a,1777356936,0.42,1.0,no,"{""count_fp"":""1.00"",""created_time"":""2026-04-28T06:15:36.931328Z"",""no_price_dollars"":""0.5800"",""taker_side"":""no"",""ticker"":""KXBTC15M-26APR280230-30"",""trade_id"":""270fa37e-c9bd-5e25-12cd-5bd1d07e858a"",""yes_price_dollars"":""0.4200""}"
KXBTC15M-26APR280230-30,61d3ad36-b7c0-6b22-0ae8-e569dc968b55,1777356936,0.43,22.9,no,"{""count_fp"":""22.90"",""created_time"":""2026-04-28T06:15:36.900094Z"",""no_price_dollars"":""0.5700"",""taker_side"":""no"",""ticker"":""KXBTC15M-26APR280230-30"",""trade_id"":""61d3ad36-b7c0-6b22-0ae8-e569dc968b55"",""yes_price_dollars"":""0.4300""}"
KXBTC15M-26APR280230-30,39d25d86-1444-5822-a487-64f8cc07a62d,1777356936,0.43,22.35,no,"{""count_fp"":""22.35"",""created_time"":""2026-04-28T06:15:36.890593Z"",""no_price_dollars"":""0.5700"",""taker_side"":""no"",""ticker"":""KXBTC15M-26APR280230-30"",""trade_id"":""39d25d86-1444-5822-a487-64f8cc07a62d"",""yes_price_dollars"":""0.4300""}"
KXBTC15M-26APR280230-30,e9ee45fd-3ed8-5146-ff36-a9167aad1e21,1777356936,0.43,14.75,no,"{""count_fp"":""14.75"",""created_time"":""2026-04-28T06:15:36.885947Z"",""no_price_dollars"":""0.5700"",""taker_side"":""no"",""ticker"":""KXBTC15M-26APR280230-30"",""trade_id"":""e9ee45fd-3ed8-5146-ff36-a9167aad1e21"",""yes_price_dollars"":""0.4300""}"
KXBTC15M-26APR280230-30,e4a70c55-6ca0-5f5f-d826-2ed6907c4696,1777356936,0.43,3.0,no,"{""count_fp"":""3.00"",""created_time"":""2026-04-28T06:15:36.885947Z"",""no_price_dollars"":""0.5700"",""taker_side"":""no"",""ticker"":""KXBTC15M-26APR280230-30"",""trade_id"":""e4a70c55-6ca0-5f5f-d826-2ed6907c4696"",""yes_price_dollars"":""0.4300""}"
KXBTC15M-26APR280230-30,9afd116f-4b14-5c4f-d478-1751f5ab5c31,1777356936,0.43,1.0,no,"{""count_fp"":""1.00"",""created_time"":""2026-04-28T06:15:36.885947Z"",""no_price_dollars"":""0.5700"",""taker_side"":""no"",""ticker"":""KXBTC15M-26APR280230-30"",""trade_id"":""9afd116f-4b14-5c4f-d478-1751f5ab5c31"",""yes_price_dollars"":""0.4300""}"
KXBTC15M-26APR280230-30,3eed51ef-7997-52b7-f214-f5e568541e0a,1777356936,0.44,0.25,no,"{""count_fp"":""0.25"",""created_time"":""2026-04-28T06:15:36.885947Z"",""no_price_dollars"":""0.5600"",""taker_side"":""no"",""ticker"":""KXBTC15M-26APR280230-30"",""trade_id"":""3eed51ef-7997-52b7-f214-f5e568541e0a"",""yes_price_dollars"":""0.4400""}"
KXBTC15M-26APR280230-30,7acd4309-852f-4bf3-f812-952511af8ba2,1777356936,0.44,1.0,no,"{""count_fp"":""1.00"",""created_time"":""2026-04-28T06:15:36.881161Z"",""no_price_dollars"":""0.5600"",""taker_side"":""no"",""ticker"":""KXBTC15M-26APR280230-30"",""trade_id"":""7acd4309-852f-4bf3-f812-952511af8ba2"",""yes_price_dollars"":""0.4400""}"
KXBTC15M-26APR280230-30,479ca374-48c4-4128-cb16-45f4b10fcd6c,1777356936,0.44,15.0,no,"{""count_fp"":""15.00"",""created_time"":""2026-04-28T06:15:36.881161Z"",""no_price_dollars"":""0.5600"",""taker_side"":""no"",""ticker"":""KXBTC15M-26APR280230-30"",""trade_id"":""479ca374-48c4-4128-cb16-45f4b10fcd6c"",""yes_price_dollars"":""0.4400""}"
KXBTC15M-26APR280230-30,0af4fc6b-55d7-4dee-f558-04c8c5c416e9,1777356936,0.44,3.0,no,"{""count_fp"":""3.00"",""created_time"":""2026-04-28T06:15:36.881161Z"",""no_price_dollars"":""0.5600"",""taker_side"":""no"",""ticker"":""KXBTC15M-26APR280230-30"",""trade_id"":""0af4fc6b-55d7-4dee-f558-04c8c5c416e9"",""yes_price_dollars"":""0.4400""}"
KXBTC15M-26APR280230-30,fba3bb2a-db43-45ca-0108-81463726fc3d,1777356936,0.45,20.94,yes,"{""count_fp"":""20.94"",""created_time"":""2026-04-28T06:15:36.411769Z"",""no_price_dollars"":""0.5500"",""taker_side"":""yes"",""ticker"":""KXBTC15M-26APR280230-30"",""trade_id"":""fba3bb2a-db43-45ca-0108-81463726fc3d"",""yes_price_dollars"":""0.4500""}"
KXBTC15M-26APR280230-30,5df0e971-69f1-68b1-152f-cf55d2135ba2,1777356937,0.33,65.0,yes,"{""count_fp"":""65.00"",""created_time"":""2026-04-28T06:15:37.256237Z"",""no_price_dollars"":""0.6700"",""taker_side"":""yes"",""ticker"":""KXBTC15M-26APR280230-30"",""trade_id"":""5df0e971-69f1-68b1-152f-cf55d2135ba2"",""yes_price_dollars"":""0.3300""}"
KXBTC15M-26APR280230-30,5eb2d420-8cc7-5aff-8f62-015d064ae7d3,1777356937,0.33,15.0,yes,"{""count_fp"":""15.00"",""created_time"":""2026-04-28T06:15:37.228563Z"",""no_price_dollars"":""0.6700"",""taker_side"":""yes"",""ticker"":""KXBTC15M-26APR280230-30"",""trade_id"":""5eb2d420-8cc7-5aff-8f62-015d064ae7d3"",""yes_price_dollars"":""0.3300""}"
KXBTC15M-26APR280230-30,9c7c0cf7-9a3f-4d33-b4ba-3065e329f447,1777356937,0.33,2.0,yes,"{""count_fp"":""2.00"",""created_time"":""2026-04-28T06:15:37.170883Z"",""no_price_dollars"":""0.6700"",""taker_side"":""yes"",""ticker"":""KXBTC15M-26APR280230-30"",""trade_id"":""9c7c0cf7-9a3f-4d33-b4ba-3065e329f447"",""yes_price_dollars"":""0.3300""}"
KXBTC15M-26APR280230-30,93a1e90c-a1e4-4fb5-4a11-1566d6735789,1777356937,0.35,25.0,yes,"{""count_fp"":""25.00"",""created_time"":""2026-04-28T06:15:37.091839Z"",""no_price_dollars"":""0.6500"",""taker_side"":""yes"",""ticker"":""KXBTC15M-26APR280230-30"",""trade_id"":""93a1e90c-a1e4-4fb5-4a11-1566d6735789"",""yes_price_dollars"":""0.3500""}"
KXBTC15M-26APR280230-30,29731501-5b58-4a01-5c05-ecdbc1cd7af8,1777356937,0.34,40.0,yes,"{""count_fp"":""40.00"",""created_time"":""2026-04-28T06:15:37.091839Z"",""no_price_dollars"":""0.6600"",""taker_side"":""yes"",""ticker"":""KXBTC15M-26APR280230-30"",""trade_id"":""29731501-5b58-4a01-5c05-ecdbc1cd7af8"",""yes_price_dollars"":""0.3400""}"
KXBTC15M-26APR280230-30,e4157c7f-a26f-48f9-4b57-bfb469775e95,1777356937,0.33,106.0,no,"{""count_fp"":""106.00"",""created_time"":""2026-04-28T06:15:37.090014Z"",""no_price_dollars"":""0.6700"",""taker_side"":""no"",""ticker"":""KXBTC15M-26APR280230-30"",""trade_id"":""e4157c7f-a26f-48f9-4b57-bfb469775e95"",""yes_price_dollars"":""0.3300""}"
KXBTC15M-26APR280230-30,852d45b1-43ab-6944-b706-bd94eef83629,1777356937,0.38,342.0,no,"{""count_fp"":""342.00"",""created_time"":""2026-04-28T06:15:37.012895Z"",""no_price_dollars"":""0.6200"",""taker_side"":""no"",""ticker"":""KXBTC15M-26APR280230-30"",""trade_id"":""852d45b1-43ab-6944-b706-bd94eef83629"",""yes_price_dollars"":""0.3800""}"
KXBTC15M-26APR280230-30,630e6477-ebf9-6681-a46d-b2a53711ba06,1777356937,0.36,40.0,no,"{""count_fp"":""40.00"",""created_time"":""2026-04-28T06:15:37.012895Z"",""no_price_dollars"":""0.6400"",""taker_side"":""no"",""ticker"":""KXBTC15M-26APR280230-30"",""trade_id"":""630e6477-ebf9-6681-a46d-b2a53711ba06"",""yes_price_dollars"":""0.3600""}"
KXBTC15M-26APR280230-30,f6b195a0-3991-46e6-fedb-7ef9dc2d796c,1777356937,0.38,3.0,no,"{""count_fp"":""3.00"",""created_time"":""2026-04-28T06:15:37.001549Z"",""no_price_dollars"":""0.6200"",""taker_side"":""no"",""ticker"":""KXBTC15M-26APR280230-30"",""trade_id"":""f6b195a0-3991-46e6-fedb-7ef9dc2d796c"",""yes_price_dollars"":""0.3800""}"
KXBTC15M-26APR280230-30,edfc2d6b-348b-4bcc-f53e-9a1f66544e8d,1777356937,0.35,40.0,no,"{""count_fp"":""40.00"",""created_time"":""2026-04-28T06:15:37.001549Z"",""no_price_dollars"":""0.6500"",""taker_side"":""no"",""ticker"":""KXBTC15M-26APR280230-30"",""trade_id"":""edfc2d6b-348b-4bcc-f53e-9a1f66544e8d"",""yes_price_dollars"":""0.3500""}"
KXBTC15M-26APR280230-30,eb49ea96-4fba-4302-fc99-82b893991d29,1777356937,0.33,3.0,no,"{""count_fp"":""3.00"",""created_time"":""2026-04-28T06:15:37.001549Z"",""no_price_dollars"":""0.6700"",""taker_side"":""no"",""ticker"":""KXBTC15M-26APR280230-30"",""trade_id"":""eb49ea96-4fba-4302-fc99-82b893991d29"",""yes_price_dollars"":""0.3300""}"
KXBTC15M-26APR280230-30,e1d7b1d9-74b8-4af3-e948-b9a6d3a0694f,1777356937,0.34,40.0,no,"{""count_fp"":""40.00"",""created_time"":""2026-04-28T06:15:37.001549Z"",""no_price_dollars"":""0.6600"",""taker_side"":""no"",""ticker"":""KXBTC15M-26APR280230-30"",""trade_id"":""e1d7b1d9-74b8-4af3-e948-b9a6d3a0694f"",""yes_price_dollars"":""0.3400""}"
KXBTC15M-26APR280230-30,dbca4ad0-3d42-43fc-fe56-cc657ad3b5b9,1777356937,0.35,1480.0,no,"{""count_fp"":""1480.00"",""created_time"":""2026-04-28T06:15:37.001549Z"",""no_price_dollars"":""0.6500"",""taker_side"":""no"",""ticker"":""KXBTC15M-26APR280230-30"",""trade_id"":""dbca4ad0-3d42-43fc-fe56-cc657ad3b5b9"",""yes_price_dollars"":""0.3500""}"
KXBTC15M-26APR280230-30,d71298fc-330d-44c4-ea17-9a8df55ef0a8,1777356937,0.36,10.0,no,"{""count_fp"":""10.00"",""created_time"":""2026-04-28T06:15:37.001549Z"",""no_price_dollars"":""0.6400"",""taker_side"":""no"",""ticker"":""KXBTC15M-26APR280230-30"",""trade_id"":""d71298fc-330d-44c4-ea17-9a8df55ef0a8"",""yes_price_dollars"":""0.3600""}"
KXBTC15M-26APR280230-30,ccb5bd85-2190-4241-cf5e-7a57e0a0f30c,1777356937,0.37,139.0,no,"{""count_fp"":""139.00"",""created_time"":""2026-04-28T06:15:37.001549Z"",""no_price_dollars"":""0.6300"",""taker_side"":""no"",""ticker"":""KXBTC15M-26APR280230-30"",""trade_id"":""ccb5bd85-2190-4241-cf5e-7a57e0a0f30c"",""yes_price_dollars"":""0.3700""}"
KXBTC15M-26APR280230-30,c094d587-c0d0-4949-eeb5-8652ddf64d06,1777356937,0.36,3.0,no,"{""count_fp"":""3.00"",""created_time"":""2026-04-28T06:15:37.001549Z"",""no_price_dollars"":""0.6400"",""taker_side"":""no"",""ticker"":""KXBTC15M-26APR280230-30"",""trade_id"":""c094d587-c0d0-4949-eeb5-8652ddf64d06"",""yes_price_dollars"":""0.3600""}"
KXBTC15M-26APR280230-30,b7979653-a217-4b28-da57-b05e0d3f7381,1777356937,0.35,4.0,no,"{""count_fp"":""4.00"",""created_time"":""2026-04-28T06:15:37.001549Z"",""no_price_dollars"":""0.6500"",""taker_side"":""no"",""ticker"":""KXBTC15M-26APR280230-30"",""trade_id"":""b7979653-a217-4b28-da57-b05e0d3f7381"",""yes_price_dollars"":""0.3500""}"
KXBTC15M-26APR280230-30,b3778090-ced1-4e8a-da50-a750c84b8bc3,1777356937,0.33,40.0,no,"{""count_fp"":""40.00"",""created_time"":""2026-04-28T06:15:37.001549Z"",""no_price_dollars"":""0.6700"",""taker_side"":""no"",""ticker"":""KXBTC15M-26APR280230-30"",""trade_id"":""b3778090-ced1-4e8a-da50-a750c84b8bc3"",""yes_price_dollars"":""0.3300""}"
KXBTC15M-26APR280230-30,9a68af89-fd05-4e29-e14d-3a2b156abe8a,1777356937,0.38,2.0,no,"{""count_fp"":""2.00"",""created_time"":""2026-04-28T06:15:37.001549Z"",""no_price_dollars"":""0.6200"",""taker_side"":""no"",""ticker"":""KXBTC15M-26APR280230-30"",""trade_id"":""9a68af89-fd05-4e29-e14d-3a2b156abe8a"",""yes_price_dollars"":""0.3800""}"
KXBTC15M-26APR280230-30,95009ddf-59d8-4136-e588-dbecfd81dfc6,1777356937,0.36,139.0,no,"{""count_fp"":""139.00"",""created_time"":""2026-04-28T06:15:37.001549Z"",""no_price_dollars"":""0.6400"",""taker_side"":""no"",""ticker"":""KXBTC15M-26APR280230-30"",""trade_id"":""95009ddf-59d8-4136-e588-dbecfd81dfc6"",""yes_price_dollars"":""0.3600""}"
KXBTC15M-26APR280230-30,887f991a-144b-4e2c-d62e-e21660777a6f,1777356937,0.38,2.0,no,"{""count_fp"":""2.00"",""created_time"":""2026-04-28T06:15:37.001549Z"",""no_price_dollars"":""0.6200"",""taker_side"":""no"",""ticker"":""KXBTC15M-26APR280230-30"",""trade_id"":""887f991a-144b-4e2c-d62e-e21660777a6f"",""yes_price_dollars"":""0.3800""}"
KXBTC15M-26APR280230-30,78285a32-0d3b-4b41-cdc6-2f9837b2bda2,1777356937,0.35,138.0,no,"{""count_fp"":""138.00"",""created_time"":""2026-04-28T06:15:37.001549Z"",""no_price_dollars"":""0.6500"",""taker_side"":""no"",""ticker"":""KXBTC15M-26APR280230-30"",""trade_id"":""78285a32-0d3b-4b41-cdc6-2f9837b2bda2"",""yes_price_dollars"":""0.3500""}"
KXBTC15M-26APR280230-30,62dd67f4-6e44-445d-ceb9-dcb59aaf97c1,1777356937,0.37,3.0,no,"{""count_fp"":""3.00"",""created_time"":""2026-04-28T06:15:37.001549Z"",""no_price_dollars"":""0.6300"",""taker_side"":""no"",""ticker"":""KXBTC15M-26APR280230-30"",""trade_id"":""62dd67f4-6e44-445d-ceb9-dcb59aaf97c1"",""yes_price_dollars"":""0.3700""}"
KXBTC15M-26APR280230-30,60f6f7dc-54ac-4ff1-dab2-23d42d734df8,1777356937,0.34,400.0,no,"{""count_fp"":""400.00"",""created_time"":""2026-04-28T06:15:37.001549Z"",""no_price_dollars"":""0.6600"",""taker_side"":""no"",""ticker"":""KXBTC15M-26APR280230-30"",""trade_id"":""60f6f7dc-54ac-4ff1-dab2-23d42d734df8"",""yes_price_dollars"":""0.3400""}"
KXBTC15M-26APR280230-30,51cac46d-33b8-4189-cb44-bada3dc801e0,1777356937,0.33,0.16,no,"{""count_fp"":""0.16"",""created_time"":""2026-04-28T06:15:37.001549Z"",""no_price_dollars"":""0.6700"",""taker_side"":""no"",""ticker"":""KXBTC15M-26APR280230-30"",""trade_id"":""51cac46d-33b8-4189-cb44-bada3dc801e0"",""yes_price_dollars"":""0.3300""}"
KXBTC15M-26APR280230-30,32fe60bf-95d3-490f-f166-6d37182b9569,1777356937,0.38,132.0,no,"{""count_fp"":""132.00"",""created_time"":""2026-04-28T06:15:37.001549Z"",""no_price_dollars"":""0.6200"",""taker_side"":""no"",""ticker"":""KXBTC15M-26APR280230-30"",""trade_id"":""32fe60bf-95d3-490f-f166-6d37182b9569"",""yes_price_dollars"":""0.3800""}"
KXBTC15M-26APR280230-30,2e00b1df-1b3b-4be1-e8c8-9afe4a895b9a,1777356937,0.35,13.0,no,"{""count_fp"":""13.00"",""created_time"":""2026-04-28T06:15:37.001549Z"",""no_price_dollars"":""0.6500"",""taker_side"":""no"",""ticker"":""KXBTC15M-26APR280230-30"",""trade_id"":""2e00b1df-1b3b-4be1-e8c8-9afe4a895b9a"",""yes_price_dollars"":""0.3500""}"
KXBTC15M-26APR280230-30,23a64661-24d6-44c7-d599-65b387d38a3e,1777356937,0.35,3.0,no,"{""count_fp"":""3.00"",""created_time"":""2026-04-28T06:15:37.001549Z"",""no_price_dollars"":""0.6500"",""taker_side"":""no"",""ticker"":""KXBTC15M-26APR280230-30"",""trade_id"":""23a64661-24d6-44c7-d599-65b387d38a3e"",""yes_price_dollars"":""0.3500""}"
KXBTC15M-26APR280230-30,22ff2a88-d1a0-4c7f-d1d7-1c755388c77a,1777356937,0.37,2.0,no,"{""count_fp"":""2.00"",""created_time"":""2026-04-28T06:15:37.001549Z"",""no_price_dollars"":""0.6300"",""taker_side"":""no"",""ticker"":""KXBTC15M-26APR280230-30"",""trade_id"":""22ff2a88-d1a0-4c7f-d1d7-1c755388c77a"",""yes_price_dollars"":""0.3700""}"
KXBTC15M-26APR280230-30,1c75221f-6b95-4a76-ce4c-732741fd1c66,1777356937,0.34,3.0,no,"{""count_fp"":""3.00"",""created_time"":""2026-04-28T06:15:37.001549Z"",""no_price_dollars"":""0.6600"",""taker_side"":""no"",""ticker"":""KXBTC15M-26APR280230-30"",""trade_id"":""1c75221f-6b95-4a76-ce4c-732741fd1c66"",""yes_price_dollars"":""0.3400""}"
KXBTC15M-26APR280230-30,f90ad985-f205-4350-aa17-6061587ece75,1777356938,0.32,2.86,yes,"{""count_fp"":""2.86"",""created_time"":""2026-04-28T06:15:38.864792Z"",""no_price_dollars"":""0.6800"",""taker_side"":""yes"",""ticker"":""KXBTC15M-26APR280230-30"",""trade_id"":""f90ad985-f205-4350-aa17-6061587ece75"",""yes_price_dollars"":""0.3200""}"
KXBTC15M-26APR280230-30,abb776b0-77a5-70b6-46bd-7b0e4debfd19,1777356938,0.32,1.0,no,"{""count_fp"":""1.00"",""created_time"":""2026-04-28T06:15:38.765822Z"",""no_price_dollars"":""0.6800"",""taker_side"":""no"",""ticker"":""KXBTC15M-26APR280230-30"",""trade_id"":""abb776b0-77a5-70b6-46bd-7b0e4debfd19"",""yes_price_dollars"":""0.3200""}"
KXBTC15M-26APR280230-30,03fe7a9b-8bb4-7140-49fc-7816ffa11542,1777356938,0.32,40.0,no,"{""count_fp"":""40.00"",""created_time"":""2026-04-28T06:15:38.765822Z"",""no_price_dollars"":""0.6800"",""taker_side"":""no"",""ticker"":""KXBTC15M-26APR280230-30"",""trade_id"":""03fe7a9b-8bb4-7140-49fc-7816ffa11542"",""yes_price_dollars"":""0.3200""}"
KXBTC15M-26APR280230-30,ef8a2de4-14c5-741d-ca81-d90837b042be,1777356938,0.33,72.36,yes,"{""count_fp"":""72.36"",""created_time"":""2026-04-28T06:15:38.563327Z"",""no_price_dollars"":""0.6700"",""taker_side"":""yes"",""ticker"":""KXBTC15M-26APR280230-30"",""trade_id"":""ef8a2de4-14c5-741d-ca81-d90837b042be"",""yes_price_dollars"":""0.3300""}"
KXBTC15M-26APR280230-30,b51f69ac-6109-70c2-546f-e85b94cf73e9,1777356938,0.32,1.0,no,"{""count_fp"":""1.00"",""created_time"":""2026-04-28T06:15:38.054323Z"",""no_price_dollars"":""0.6800"",""taker_side"":""no"",""ticker"":""KXBTC15M-26APR280230-30"",""trade_id"":""b51f69ac-6109-70c2-546f-e85b94cf73e9"",""yes_price_dollars"":""0.3200""}"
KXBTC15M-26APR280230-30,c367215c-3b2d-65d9-e2cc-553876bb7efc,1777356939,0.31,7.0,yes,"{""count_fp"":""7.00"",""created_time"":""2026-04-28T06:15:39.902594Z"",""no_price_dollars"":""0.6900"",""taker_side"":""yes"",""ticker"":""KXBTC15M-26APR280230-30"",""trade_id"":""c367215c-3b2d-65d9-e2cc-553876bb7efc"",""yes_price_dollars"":""0.3100""}"
KXBTC15M-26APR280230-30,b5e831c0-9a25-63b9-2412-d5e6244b553c,1777356939,0.31,23.25,yes,"{""count_fp"":""23.25"",""created_time"":""2026-04-28T06:15:39.834594Z"",""no_price_dollars"":""0.6900"",""taker_side"":""yes"",""ticker"":""KXBTC15M-26APR280230-30"",""trade_id"":""b5e831c0-9a25-63b9-2412-d5e6244b553c"",""yes_price_dollars"":""0.3100""}"
KXBTC15M-26APR280230-30,49e57e14-bbd9-6ce1-bb75-2ba8d8424a08,1777356939,0.31,0.18,yes,"{""count_fp"":""0.18"",""created_time"":""2026-04-28T06:15:39.668088Z"",""no_price_dollars"":""0.6900"",""taker_side"":""yes"",""ticker"":""KXBTC15M-26APR280230-30"",""trade_id"":""49e57e14-bbd9-6ce1-bb75-2ba8d8424a08"",""yes_price_dollars"":""0.3100""}"
