ticker,trade_id,ts,yes_price,count,taker_side,raw_json
KXBTC15M-26APR280700-00,efa2dbb5-e986-6b11-41a7-97163bd5f587,1777373101,0.5,1.0,no,"{""count_fp"":""1.00"",""created_time"":""2026-04-28T10:45:01.586037Z"",""no_price_dollars"":""0.5000"",""taker_side"":""no"",""ticker"":""KXBTC15M-26APR280700-00"",""trade_id"":""efa2dbb5-e986-6b11-41a7-97163bd5f587"",""yes_price_dollars"":""0.5000""}"
KXBTC15M-26APR280700-00,a839276e-4dcb-64e1-60ca-3704b4be2b7a,1777373101,0.5,10.0,no,"{""count_fp"":""10.00"",""created_time"":""2026-04-28T10:45:01.586037Z"",""no_price_dollars"":""0.5000"",""taker_side"":""no"",""ticker"":""KXBTC15M-26APR280700-00"",""trade_id"":""a839276e-4dcb-64e1-60ca-3704b4be2b7a"",""yes_price_dollars"":""0.5000""}"
KXBTC15M-26APR280700-00,7e0c686f-86a0-6b0c-5ef7-5f48607ae21d,1777373101,0.5,1.0,no,"{""count_fp"":""1.00"",""created_time"":""2026-04-28T10:45:01.586037Z"",""no_price_dollars"":""0.5000"",""taker_side"":""no"",""ticker"":""KXBTC15M-26APR280700-00"",""trade_id"":""7e0c686f-86a0-6b0c-5ef7-5f48607ae21d"",""yes_price_dollars"":""0.5000""}"
KXBTC15M-26APR280700-00,73001422-c57e-5eb9-f25e-bbcb38f31c35,1777373102,0.53,199.0,no,"{""count_fp"":""199.00"",""created_time"":""2026-04-28T10:45:02.890031Z"",""no_price_dollars"":""0.4700"",""taker_side"":""no"",""ticker"":""KXBTC15M-26APR280700-00"",""trade_id"":""73001422-c57e-5eb9-f25e-bbcb38f31c35"",""yes_price_dollars"":""0.5300""}"
KXBTC15M-26APR280700-00,1500f9c3-b856-5a5f-ffb6-2f1a8d50fb49,1777373102,0.53,1.0,no,"{""count_fp"":""1.00"",""created_time"":""2026-04-28T10:45:02.890031Z"",""no_price_dollars"":""0.4700"",""taker_side"":""no"",""ticker"":""KXBTC15M-26APR280700-00"",""trade_id"":""1500f9c3-b856-5a5f-ffb6-2f1a8d50fb49"",""yes_price_dollars"":""0.5300""}"
KXBTC15M-26APR280700-00,3fdc9b56-6374-5f6b-2d36-bc2c2c1aade9,1777373102,0.53,56.0,yes,"{""count_fp"":""56.00"",""created_time"":""2026-04-28T10:45:02.863961Z"",""no_price_dollars"":""0.4700"",""taker_side"":""yes"",""ticker"":""KXBTC15M-26APR280700-00"",""trade_id"":""3fdc9b56-6374-5f6b-2d36-bc2c2c1aade9"",""yes_price_dollars"":""0.5300""}"
KXBTC15M-26APR280700-00,2e089946-d7e0-50eb-0898-3c684a8196ac,1777373102,0.52,38.0,yes,"{""count_fp"":""38.00"",""created_time"":""2026-04-28T10:45:02.863961Z"",""no_price_dollars"":""0.4800"",""taker_side"":""yes"",""ticker"":""KXBTC15M-26APR280700-00"",""trade_id"":""2e089946-d7e0-50eb-0898-3c684a8196ac"",""yes_price_dollars"":""0.5200""}"
KXBTC15M-26APR280700-00,2e04e2a0-1447-5b0c-122c-e68b1dc1bfba,1777373102,0.54,1.0,yes,"{""count_fp"":""1.00"",""created_time"":""2026-04-28T10:45:02.863961Z"",""no_price_dollars"":""0.4600"",""taker_side"":""yes"",""ticker"":""KXBTC15M-26APR280700-00"",""trade_id"":""2e04e2a0-1447-5b0c-122c-e68b1dc1bfba"",""yes_price_dollars"":""0.5400""}"
KXBTC15M-26APR280700-00,b61f3450-1324-7908-658a-0c48f739153d,1777373102,0.5,1.0,no,"{""count_fp"":""1.00"",""created_time"":""2026-04-28T10:45:02.632132Z"",""no_price_dollars"":""0.5000"",""taker_side"":""no"",""ticker"":""KXBTC15M-26APR280700-00"",""trade_id"":""b61f3450-1324-7908-658a-0c48f739153d"",""yes_price_dollars"":""0.5000""}"
KXBTC15M-26APR280700-00,6cd7b963-6d4c-7a4f-6895-cbbc02a52f04,1777373102,0.52,2.0,yes,"{""count_fp"":""2.00"",""created_time"":""2026-04-28T10:45:02.580523Z"",""no_price_dollars"":""0.4800"",""taker_side"":""yes"",""ticker"":""KXBTC15M-26APR280700-00"",""trade_id"":""6cd7b963-6d4c-7a4f-6895-cbbc02a52f04"",""yes_price_dollars"":""0.5200""}"
KXBTC15M-26APR280700-00,d4f35cf0-07ec-7002-df25-02d2afba1766,1777373105,0.53,40.2,no,"{""count_fp"":""40.20"",""created_time"":""2026-04-28T10:45:05.592001Z"",""no_price_dollars"":""0.4700"",""taker_side"":""no"",""ticker"":""KXBTC15M-26APR280700-00"",""trade_id"":""d4f35cf0-07ec-7002-df25-02d2afba1766"",""yes_price_dollars"":""0.5300""}"
KXBTC15M-26APR280700-00,9e6f9963-5b50-7b36-724a-47cb4b86b67e,1777373105,0.53,6.03,no,"{""count_fp"":""6.03"",""created_time"":""2026-04-28T10:45:05.246938Z"",""no_price_dollars"":""0.4700"",""taker_side"":""no"",""ticker"":""KXBTC15M-26APR280700-00"",""trade_id"":""9e6f9963-5b50-7b36-724a-47cb4b86b67e"",""yes_price_dollars"":""0.5300""}"
KXBTC15M-26APR280700-00,ef504783-c950-5fc9-ee69-0d1ddbb9fd98,1777373105,0.55,23.0,yes,"{""count_fp"":""23.00"",""created_time"":""2026-04-28T10:45:05.173234Z"",""no_price_dollars"":""0.4500"",""taker_side"":""yes"",""ticker"":""KXBTC15M-26APR280700-00"",""trade_id"":""ef504783-c950-5fc9-ee69-0d1ddbb9fd98"",""yes_price_dollars"":""0.5500""}"
KXBTC15M-26APR280700-00,e134d9a2-1abd-5e01-c1a0-851c227ba1e5,1777373105,0.55,14.0,yes,"{""count_fp"":""14.00"",""created_time"":""2026-04-28T10:45:05.173234Z"",""no_price_dollars"":""0.4500"",""taker_side"":""yes"",""ticker"":""KXBTC15M-26APR280700-00"",""trade_id"":""e134d9a2-1abd-5e01-c1a0-851c227ba1e5"",""yes_price_dollars"":""0.5500""}"
KXBTC15M-26APR280700-00,50cd2eb9-5fc8-58d1-ff1c-50ab9cb1f057,1777373105,0.55,1.0,yes,"{""count_fp"":""1.00"",""created_time"":""2026-04-28T10:45:05.173234Z"",""no_price_dollars"":""0.4500"",""taker_side"":""yes"",""ticker"":""KXBTC15M-26APR280700-00"",""trade_id"":""50cd2eb9-5fc8-58d1-ff1c-50ab9cb1f057"",""yes_price_dollars"":""0.5500""}"
KXBTC15M-26APR280700-00,24856868-fcef-517a-c9b2-f76ea3bd2c85,1777373105,0.55,1.0,yes,"{""count_fp"":""1.00"",""created_time"":""2026-04-28T10:45:05.173234Z"",""no_price_dollars"":""0.4500"",""taker_side"":""yes"",""ticker"":""KXBTC15M-26APR280700-00"",""trade_id"":""24856868-fcef-517a-c9b2-f76ea3bd2c85"",""yes_price_dollars"":""0.5500""}"
KXBTC15M-26APR280700-00,f8bf2c4f-7740-7cf9-f449-178c4068c1b8,1777373107,0.54,1.74,yes,"{""count_fp"":""1.74"",""created_time"":""2026-04-28T10:45:07.573792Z"",""no_price_dollars"":""0.4600"",""taker_side"":""yes"",""ticker"":""KXBTC15M-26APR280700-00"",""trade_id"":""f8bf2c4f-7740-7cf9-f449-178c4068c1b8"",""yes_price_dollars"":""0.5400""}"
KXBTC15M-26APR280700-00,bbc357a3-41fb-6549-054d-4f787b404935,1777373107,0.53,3.0,no,"{""count_fp"":""3.00"",""created_time"":""2026-04-28T10:45:07.304939Z"",""no_price_dollars"":""0.4700"",""taker_side"":""no"",""ticker"":""KXBTC15M-26APR280700-00"",""trade_id"":""bbc357a3-41fb-6549-054d-4f787b404935"",""yes_price_dollars"":""0.5300""}"
KXBTC15M-26APR280700-00,7b1d988f-0a8a-537c-64fd-d03bfaa88143,1777373108,0.52,44.23,yes,"{""count_fp"":""44.23"",""created_time"":""2026-04-28T10:45:08.902823Z"",""no_price_dollars"":""0.4800"",""taker_side"":""yes"",""ticker"":""KXBTC15M-26APR280700-00"",""trade_id"":""7b1d988f-0a8a-537c-64fd-d03bfaa88143"",""yes_price_dollars"":""0.5200""}"
KXBTC15M-26APR280700-00,52a1c6b6-d9c5-6b06-e668-404c0b83fc25,1777373109,0.52,17.34,yes,"{""count_fp"":""17.34"",""created_time"":""2026-04-28T10:45:09.708307Z"",""no_price_dollars"":""0.4800"",""taker_side"":""yes"",""ticker"":""KXBTC15M-26APR280700-00"",""trade_id"":""52a1c6b6-d9c5-6b06-e668-404c0b83fc25"",""yes_price_dollars"":""0.5200""}"
KXBTC15M-26APR280700-00,9deedc2f-9504-6354-9d3b-ceb71f4567df,1777373110,0.5,18.6,yes,"{""count_fp"":""18.60"",""created_time"":""2026-04-28T10:45:10.690077Z"",""no_price_dollars"":""0.5000"",""taker_side"":""yes"",""ticker"":""KXBTC15M-26APR280700-00"",""trade_id"":""9deedc2f-9504-6354-9d3b-ceb71f4567df"",""yes_price_dollars"":""0.5000""}"
KXBTC15M-26APR280700-00,3a0e41db-5408-6be0-ac5b-691581f07a43,1777373110,0.49,10.0,yes,"{""count_fp"":""10.00"",""created_time"":""2026-04-28T10:45:10.442093Z"",""no_price_dollars"":""0.5100"",""taker_side"":""yes"",""ticker"":""KXBTC15M-26APR280700-00"",""trade_id"":""3a0e41db-5408-6be0-ac5b-691581f07a43"",""yes_price_dollars"":""0.4900""}"
KXBTC15M-26APR280700-00,c2ec4a42-887c-71c4-56d7-14993de5228d,1777373110,0.5,118.0,no,"{""count_fp"":""118.00"",""created_time"":""2026-04-28T10:45:10.305975Z"",""no_price_dollars"":""0.5000"",""taker_side"":""no"",""ticker"":""KXBTC15M-26APR280700-00"",""trade_id"":""c2ec4a42-887c-71c4-56d7-14993de5228d"",""yes_price_dollars"":""0.5000""}"
KXBTC15M-26APR280700-00,af1d6fe3-32e6-7574-4ea3-21ca96019869,1777373110,0.5,1.0,no,"{""count_fp"":""1.00"",""created_time"":""2026-04-28T10:45:10.305975Z"",""no_price_dollars"":""0.5000"",""taker_side"":""no"",""ticker"":""KXBTC15M-26APR280700-00"",""trade_id"":""af1d6fe3-32e6-7574-4ea3-21ca96019869"",""yes_price_dollars"":""0.5000""}"
KXBTC15M-26APR280700-00,99536683-4bf0-7a36-5595-c70b3d313fcb,1777373110,0.5,6.74,no,"{""count_fp"":""6.74"",""created_time"":""2026-04-28T10:45:10.305975Z"",""no_price_dollars"":""0.5000"",""taker_side"":""no"",""ticker"":""KXBTC15M-26APR280700-00"",""trade_id"":""99536683-4bf0-7a36-5595-c70b3d313fcb"",""yes_price_dollars"":""0.5000""}"
KXBTC15M-26APR280700-00,fa1ff159-fa87-4138-6354-1d28fab0ba5a,1777373110,0.51,9.0,no,"{""count_fp"":""9.00"",""created_time"":""2026-04-28T10:45:10.304269Z"",""no_price_dollars"":""0.4900"",""taker_side"":""no"",""ticker"":""KXBTC15M-26APR280700-00"",""trade_id"":""fa1ff159-fa87-4138-6354-1d28fab0ba5a"",""yes_price_dollars"":""0.5100""}"
KXBTC15M-26APR280700-00,f9a6dbe0-9aaa-4f33-7e40-aa076f4be6b9,1777373110,0.51,14.0,no,"{""count_fp"":""14.00"",""created_time"":""2026-04-28T10:45:10.304269Z"",""no_price_dollars"":""0.4900"",""taker_side"":""no"",""ticker"":""KXBTC15M-26APR280700-00"",""trade_id"":""f9a6dbe0-9aaa-4f33-7e40-aa076f4be6b9"",""yes_price_dollars"":""0.5100""}"
KXBTC15M-26APR280700-00,c2015bed-59e6-4c91-5b8f-ebedee55d6f7,1777373110,0.51,56.0,no,"{""count_fp"":""56.00"",""created_time"":""2026-04-28T10:45:10.304269Z"",""no_price_dollars"":""0.4900"",""taker_side"":""no"",""ticker"":""KXBTC15M-26APR280700-00"",""trade_id"":""c2015bed-59e6-4c91-5b8f-ebedee55d6f7"",""yes_price_dollars"":""0.5100""}"
KXBTC15M-26APR280700-00,74f46022-2751-416d-4381-e895ecd7fda2,1777373110,0.51,18.0,no,"{""count_fp"":""18.00"",""created_time"":""2026-04-28T10:45:10.304269Z"",""no_price_dollars"":""0.4900"",""taker_side"":""no"",""ticker"":""KXBTC15M-26APR280700-00"",""trade_id"":""74f46022-2751-416d-4381-e895ecd7fda2"",""yes_price_dollars"":""0.5100""}"
KXBTC15M-26APR280700-00,65df45c7-9d05-4c4f-4e37-1c4eae429700,1777373110,0.51,5.0,no,"{""count_fp"":""5.00"",""created_time"":""2026-04-28T10:45:10.304269Z"",""no_price_dollars"":""0.4900"",""taker_side"":""no"",""ticker"":""KXBTC15M-26APR280700-00"",""trade_id"":""65df45c7-9d05-4c4f-4e37-1c4eae429700"",""yes_price_dollars"":""0.5100""}"
KXBTC15M-26APR280700-00,08cae861-4beb-400a-5f58-b54cb9025e86,1777373110,0.51,5.0,no,"{""count_fp"":""5.00"",""created_time"":""2026-04-28T10:45:10.304269Z"",""no_price_dollars"":""0.4900"",""taker_side"":""no"",""ticker"":""KXBTC15M-26APR280700-00"",""trade_id"":""08cae861-4beb-400a-5f58-b54cb9025e86"",""yes_price_dollars"":""0.5100""}"
KXBTC15M-26APR280700-00,566d9338-bdd1-768e-d5ab-ac0c73ad6321,1777373110,0.52,5.0,yes,"{""count_fp"":""5.00"",""created_time"":""2026-04-28T10:45:10.201882Z"",""no_price_dollars"":""0.4800"",""taker_side"":""yes"",""ticker"":""KXBTC15M-26APR280700-00"",""trade_id"":""566d9338-bdd1-768e-d5ab-ac0c73ad6321"",""yes_price_dollars"":""0.5200""}"
KXBTC15M-26APR280700-00,412790fb-391e-4392-8b7b-10c251feb407,1777373112,0.5,43.92,yes,"{""count_fp"":""43.92"",""created_time"":""2026-04-28T10:45:12.743388Z"",""no_price_dollars"":""0.5000"",""taker_side"":""yes"",""ticker"":""KXBTC15M-26APR280700-00"",""trade_id"":""412790fb-391e-4392-8b7b-10c251feb407"",""yes_price_dollars"":""0.5000""}"
KXBTC15M-26APR280700-00,cba9bd7f-e0be-4a09-dc11-8f32c21e69a2,1777373112,0.5,9.55,yes,"{""count_fp"":""9.55"",""created_time"":""2026-04-28T10:45:12.716896Z"",""no_price_dollars"":""0.5000"",""taker_side"":""yes"",""ticker"":""KXBTC15M-26APR280700-00"",""trade_id"":""cba9bd7f-e0be-4a09-dc11-8f32c21e69a2"",""yes_price_dollars"":""0.5000""}"
KXBTC15M-26APR280700-00,678e7198-7ad3-47ed-d6f2-d22070897565,1777373112,0.49,3.0,yes,"{""count_fp"":""3.00"",""created_time"":""2026-04-28T10:45:12.716896Z"",""no_price_dollars"":""0.5100"",""taker_side"":""yes"",""ticker"":""KXBTC15M-26APR280700-00"",""trade_id"":""678e7198-7ad3-47ed-d6f2-d22070897565"",""yes_price_dollars"":""0.4900""}"
KXBTC15M-26APR280700-00,3ad79ee9-2fe2-43f6-c761-244d72d2a543,1777373112,0.5,179.24,yes,"{""count_fp"":""179.24"",""created_time"":""2026-04-28T10:45:12.716896Z"",""no_price_dollars"":""0.5000"",""taker_side"":""yes"",""ticker"":""KXBTC15M-26APR280700-00"",""trade_id"":""3ad79ee9-2fe2-43f6-c761-244d72d2a543"",""yes_price_dollars"":""0.5000""}"
KXBTC15M-26APR280700-00,136ceb0a-1e4a-4fcd-90f3-3cf3500ab0c6,1777373112,0.5,3.72,yes,"{""count_fp"":""3.72"",""created_time"":""2026-04-28T10:45:12.382636Z"",""no_price_dollars"":""0.5000"",""taker_side"":""yes"",""ticker"":""KXBTC15M-26APR280700-00"",""trade_id"":""136ceb0a-1e4a-4fcd-90f3-3cf3500ab0c6"",""yes_price_dollars"":""0.5000""}"
KXBTC15M-26APR280700-00,9377bf9c-58c0-6cd3-36df-34ac21a93c28,1777373113,0.48,3.0,yes,"{""count_fp"":""3.00"",""created_time"":""2026-04-28T10:45:13.528691Z"",""no_price_dollars"":""0.5200"",""taker_side"":""yes"",""ticker"":""KXBTC15M-26APR280700-00"",""trade_id"":""9377bf9c-58c0-6cd3-36df-34ac21a93c28"",""yes_price_dollars"":""0.4800""}"
KXBTC15M-26APR280700-00,68b8c0d7-e36d-6e6a-0fcc-399bbad42200,1777373113,0.49,0.86,yes,"{""count_fp"":""0.86"",""created_time"":""2026-04-28T10:45:13.528691Z"",""no_price_dollars"":""0.5100"",""taker_side"":""yes"",""ticker"":""KXBTC15M-26APR280700-00"",""trade_id"":""68b8c0d7-e36d-6e6a-0fcc-399bbad42200"",""yes_price_dollars"":""0.4900""}"
KXBTC15M-26APR280700-00,502ff3db-bf3d-4f71-aa8b-d42cdf5d6989,1777373114,0.48,2.0,no,"{""count_fp"":""2.00"",""created_time"":""2026-04-28T10:45:14.875371Z"",""no_price_dollars"":""0.5200"",""taker_side"":""no"",""ticker"":""KXBTC15M-26APR280700-00"",""trade_id"":""502ff3db-bf3d-4f71-aa8b-d42cdf5d6989"",""yes_price_dollars"":""0.4800""}"
KXBTC15M-26APR280700-00,0e40f2f6-1e3d-4bc2-8484-2a01b6eb8184,1777373114,0.49,1.0,yes,"{""count_fp"":""1.00"",""created_time"":""2026-04-28T10:45:14.447082Z"",""no_price_dollars"":""0.5100"",""taker_side"":""yes"",""ticker"":""KXBTC15M-26APR280700-00"",""trade_id"":""0e40f2f6-1e3d-4bc2-8484-2a01b6eb8184"",""yes_price_dollars"":""0.4900""}"
KXBTC15M-26APR280700-00,dc94fe1b-b173-7513-4512-c04ac7c9826a,1777373115,0.49,35.73,yes,"{""count_fp"":""35.73"",""created_time"":""2026-04-28T10:45:15.865162Z"",""no_price_dollars"":""0.5100"",""taker_side"":""yes"",""ticker"":""KXBTC15M-26APR280700-00"",""trade_id"":""dc94fe1b-b173-7513-4512-c04ac7c9826a"",""yes_price_dollars"":""0.4900""}"
KXBTC15M-26APR280700-00,b31602f3-03b1-7956-7d87-effed3b4e648,1777373115,0.49,2.27,yes,"{""count_fp"":""2.27"",""created_time"":""2026-04-28T10:45:15.865162Z"",""no_price_dollars"":""0.5100"",""taker_side"":""yes"",""ticker"":""KXBTC15M-26APR280700-00"",""trade_id"":""b31602f3-03b1-7956-7d87-effed3b4e648"",""yes_price_dollars"":""0.4900""}"
KXBTC15M-26APR280700-00,f7a84388-da21-61aa-c39f-4c85b1044f58,1777373115,0.49,3.94,yes,"{""count_fp"":""3.94"",""created_time"":""2026-04-28T10:45:15.787419Z"",""no_price_dollars"":""0.5100"",""taker_side"":""yes"",""ticker"":""KXBTC15M-26APR280700-00"",""trade_id"":""f7a84388-da21-61aa-c39f-4c85b1044f58"",""yes_price_dollars"":""0.4900""}"
KXBTC15M-26APR280700-00,5ab6ce1e-5535-7045-faa3-7a4bf400ed0d,1777373115,0.48,18.6,no,"{""count_fp"":""18.60"",""created_time"":""2026-04-28T10:45:15.557607Z"",""no_price_dollars"":""0.5200"",""taker_side"":""no"",""ticker"":""KXBTC15M-26APR280700-00"",""trade_id"":""5ab6ce1e-5535-7045-faa3-7a4bf400ed0d"",""yes_price_dollars"":""0.4800""}"
KXBTC15M-26APR280700-00,4d43d19e-0d0b-6f2f-a363-ad686ab43dea,1777373117,0.49,4.92,yes,"{""count_fp"":""4.92"",""created_time"":""2026-04-28T10:45:17.926606Z"",""no_price_dollars"":""0.5100"",""taker_side"":""yes"",""ticker"":""KXBTC15M-26APR280700-00"",""trade_id"":""4d43d19e-0d0b-6f2f-a363-ad686ab43dea"",""yes_price_dollars"":""0.4900""}"
KXBTC15M-26APR280700-00,e0552f95-ca1f-6213-a597-16ca00a55ede,1777373117,0.49,1.97,yes,"{""count_fp"":""1.97"",""created_time"":""2026-04-28T10:45:17.744708Z"",""no_price_dollars"":""0.5100"",""taker_side"":""yes"",""ticker"":""KXBTC15M-26APR280700-00"",""trade_id"":""e0552f95-ca1f-6213-a597-16ca00a55ede"",""yes_price_dollars"":""0.4900""}"
KXBTC15M-26APR280700-00,cea99615-5bdf-671c-087e-ca8a326754d0,1777373117,0.49,7.0,yes,"{""count_fp"":""7.00"",""created_time"":""2026-04-28T10:45:17.593619Z"",""no_price_dollars"":""0.5100"",""taker_side"":""yes"",""ticker"":""KXBTC15M-26APR280700-00"",""trade_id"":""cea99615-5bdf-671c-087e-ca8a326754d0"",""yes_price_dollars"":""0.4900""}"
KXBTC15M-26APR280700-00,472fcdfe-cafd-4a69-83e6-47ec4fa6059d,1777373117,0.48,12.0,no,"{""count_fp"":""12.00"",""created_time"":""2026-04-28T10:45:17.121445Z"",""no_price_dollars"":""0.5200"",""taker_side"":""no"",""ticker"":""KXBTC15M-26APR280700-00"",""trade_id"":""472fcdfe-cafd-4a69-83e6-47ec4fa6059d"",""yes_price_dollars"":""0.4800""}"
KXBTC15M-26APR280700-00,4999cad3-b79b-7b67-8ebf-6659ff1e4736,1777373118,0.49,39.4,yes,"{""count_fp"":""39.40"",""created_time"":""2026-04-28T10:45:18.641638Z"",""no_price_dollars"":""0.5100"",""taker_side"":""yes"",""ticker"":""KXBTC15M-26APR280700-00"",""trade_id"":""4999cad3-b79b-7b67-8ebf-6659ff1e4736"",""yes_price_dollars"":""0.4900""}"
KXBTC15M-26APR280700-00,f6705a8f-3d73-5877-796a-d7f6b5f961a6,1777373119,0.49,1.97,yes,"{""count_fp"":""1.97"",""created_time"":""2026-04-28T10:45:19.950106Z"",""no_price_dollars"":""0.5100"",""taker_side"":""yes"",""ticker"":""KXBTC15M-26APR280700-00"",""trade_id"":""f6705a8f-3d73-5877-796a-d7f6b5f961a6"",""yes_price_dollars"":""0.4900""}"
KXBTC15M-26APR280700-00,ed362f27-bbdf-4ef7-5c47-5a8798c17686,1777373119,0.49,19.4,yes,"{""count_fp"":""19.40"",""created_time"":""2026-04-28T10:45:19.167655Z"",""no_price_dollars"":""0.5100"",""taker_side"":""yes"",""ticker"":""KXBTC15M-26APR280700-00"",""trade_id"":""ed362f27-bbdf-4ef7-5c47-5a8798c17686"",""yes_price_dollars"":""0.4900""}"
KXBTC15M-26APR280700-00,3c6441a6-e12f-401e-5abb-1bcc17f92aec,1777373119,0.49,20.0,yes,"{""count_fp"":""20.00"",""created_time"":""2026-04-28T10:45:19.167655Z"",""no_price_dollars"":""0.5100"",""taker_side"":""yes"",""ticker"":""KXBTC15M-26APR280700-00"",""trade_id"":""3c6441a6-e12f-401e-5abb-1bcc17f92aec"",""yes_price_dollars"":""0.4900""}"
KXBTC15M-26APR280700-00,e43c5ed2-4a73-7817-d9f2-c4999ceb7a6a,1777373120,0.49,2.0,yes,"{""count_fp"":""2.00"",""created_time"":""2026-04-28T10:45:20.338871Z"",""no_price_dollars"":""0.5100"",""taker_side"":""yes"",""ticker"":""KXBTC15M-26APR280700-00"",""trade_id"":""e43c5ed2-4a73-7817-d9f2-c4999ceb7a6a"",""yes_price_dollars"":""0.4900""}"
KXBTC15M-26APR280700-00,75f9b136-dea7-6a2b-f5ed-ccf1aa4a5c3e,1777373120,0.49,72.9,yes,"{""count_fp"":""72.90"",""created_time"":""2026-04-28T10:45:20.316116Z"",""no_price_dollars"":""0.5100"",""taker_side"":""yes"",""ticker"":""KXBTC15M-26APR280700-00"",""trade_id"":""75f9b136-dea7-6a2b-f5ed-ccf1aa4a5c3e"",""yes_price_dollars"":""0.4900""}"
KXBTC15M-26APR280700-00,fe17a172-421d-6d99-dc09-8ad404fb709d,1777373121,0.48,7.4,no,"{""count_fp"":""7.40"",""created_time"":""2026-04-28T10:45:21.401498Z"",""no_price_dollars"":""0.5200"",""taker_side"":""no"",""ticker"":""KXBTC15M-26APR280700-00"",""trade_id"":""fe17a172-421d-6d99-dc09-8ad404fb709d"",""yes_price_dollars"":""0.4800""}"
KXBTC15M-26APR280700-00,ab8ad507-cb1e-672e-d5f7-3c279298f95c,1777373121,0.48,7.6,no,"{""count_fp"":""7.60"",""created_time"":""2026-04-28T10:45:21.401498Z"",""no_price_dollars"":""0.5200"",""taker_side"":""no"",""ticker"":""KXBTC15M-26APR280700-00"",""trade_id"":""ab8ad507-cb1e-672e-d5f7-3c279298f95c"",""yes_price_dollars"":""0.4800""}"
KXBTC15M-26APR280700-00,43c1ceb8-ac2f-6733-4cc7-270a1080619e,1777373122,0.49,6.0,yes,"{""count_fp"":""6.00"",""created_time"":""2026-04-28T10:45:22.009201Z"",""no_price_dollars"":""0.5100"",""taker_side"":""yes"",""ticker"":""KXBTC15M-26APR280700-00"",""trade_id"":""43c1ceb8-ac2f-6733-4cc7-270a1080619e"",""yes_price_dollars"":""0.4900""}"
KXBTC15M-26APR280700-00,46ad2152-f947-489b-235e-2a6892931f46,1777373123,0.49,27.58,yes,"{""count_fp"":""27.58"",""created_time"":""2026-04-28T10:45:23.231524Z"",""no_price_dollars"":""0.5100"",""taker_side"":""yes"",""ticker"":""KXBTC15M-26APR280700-00"",""trade_id"":""46ad2152-f947-489b-235e-2a6892931f46"",""yes_price_dollars"":""0.4900""}"
KXBTC15M-26APR280700-00,c565082b-6be7-72a7-3c90-2a0ba4a684da,1777373123,0.49,1.0,yes,"{""count_fp"":""1.00"",""created_time"":""2026-04-28T10:45:23.053549Z"",""no_price_dollars"":""0.5100"",""taker_side"":""yes"",""ticker"":""KXBTC15M-26APR280700-00"",""trade_id"":""c565082b-6be7-72a7-3c90-2a0ba4a684da"",""yes_price_dollars"":""0.4900""}"
KXBTC15M-26APR280700-00,f5f06ac8-dbdc-7e80-195a-e8a7a393936c,1777373124,0.5,40.0,yes,"{""count_fp"":""40.00"",""created_time"":""2026-04-28T10:45:24.695585Z"",""no_price_dollars"":""0.5000"",""taker_side"":""yes"",""ticker"":""KXBTC15M-26APR280700-00"",""trade_id"":""f5f06ac8-dbdc-7e80-195a-e8a7a393936c"",""yes_price_dollars"":""0.5000""}"
KXBTC15M-26APR280700-00,66e35efb-44ff-792f-00e6-1f8665870312,1777373124,0.49,95.7,yes,"{""count_fp"":""95.70"",""created_time"":""2026-04-28T10:45:24.695585Z"",""no_price_dollars"":""0.5100"",""taker_side"":""yes"",""ticker"":""KXBTC15M-26APR280700-00"",""trade_id"":""66e35efb-44ff-792f-00e6-1f8665870312"",""yes_price_dollars"":""0.4900""}"
KXBTC15M-26APR280700-00,5011f8fd-72bf-7f56-1891-4fc0435713fd,1777373124,0.5,94.66,yes,"{""count_fp"":""94.66"",""created_time"":""2026-04-28T10:45:24.695585Z"",""no_price_dollars"":""0.5000"",""taker_side"":""yes"",""ticker"":""KXBTC15M-26APR280700-00"",""trade_id"":""5011f8fd-72bf-7f56-1891-4fc0435713fd"",""yes_price_dollars"":""0.5000""}"
KXBTC15M-26APR280700-00,3245effd-18f6-793f-20dc-4d18d261dc3e,1777373124,0.5,13.27,yes,"{""count_fp"":""13.27"",""created_time"":""2026-04-28T10:45:24.695585Z"",""no_price_dollars"":""0.5000"",""taker_side"":""yes"",""ticker"":""KXBTC15M-26APR280700-00"",""trade_id"":""3245effd-18f6-793f-20dc-4d18d261dc3e"",""yes_price_dollars"":""0.5000""}"
KXBTC15M-26APR280700-00,149209d9-83c7-74eb-0a70-89c27bbddea6,1777373124,0.49,3.94,yes,"{""count_fp"":""3.94"",""created_time"":""2026-04-28T10:45:24.494989Z"",""no_price_dollars"":""0.5100"",""taker_side"":""yes"",""ticker"":""KXBTC15M-26APR280700-00"",""trade_id"":""149209d9-83c7-74eb-0a70-89c27bbddea6"",""yes_price_dollars"":""0.4900""}"
KXBTC15M-26APR280700-00,eb0ffac2-b233-643b-b33b-62b5c6ae3f3a,1777373124,0.49,13.79,yes,"{""count_fp"":""13.79"",""created_time"":""2026-04-28T10:45:24.318779Z"",""no_price_dollars"":""0.5100"",""taker_side"":""yes"",""ticker"":""KXBTC15M-26APR280700-00"",""trade_id"":""eb0ffac2-b233-643b-b33b-62b5c6ae3f3a"",""yes_price_dollars"":""0.4900""}"
KXBTC15M-26APR280700-00,f756e1f5-91e2-7e7a-bb42-4f1b9eeb3ab8,1777373124,0.48,48.4,no,"{""count_fp"":""48.40"",""created_time"":""2026-04-28T10:45:24.178941Z"",""no_price_dollars"":""0.5200"",""taker_side"":""no"",""ticker"":""KXBTC15M-26APR280700-00"",""trade_id"":""f756e1f5-91e2-7e7a-bb42-4f1b9eeb3ab8"",""yes_price_dollars"":""0.4800""}"
KXBTC15M-26APR280700-00,c24613e9-d39a-768f-80e8-c1242480a995,1777373124,0.48,34.62,no,"{""count_fp"":""34.62"",""created_time"":""2026-04-28T10:45:24.178941Z"",""no_price_dollars"":""0.5200"",""taker_side"":""no"",""ticker"":""KXBTC15M-26APR280700-00"",""trade_id"":""c24613e9-d39a-768f-80e8-c1242480a995"",""yes_price_dollars"":""0.4800""}"
KXBTC15M-26APR280700-00,bb77d561-e8ee-77d7-b65f-bec45561cd8b,1777373124,0.48,10.0,no,"{""count_fp"":""10.00"",""created_time"":""2026-04-28T10:45:24.178941Z"",""no_price_dollars"":""0.5200"",""taker_side"":""no"",""ticker"":""KXBTC15M-26APR280700-00"",""trade_id"":""bb77d561-e8ee-77d7-b65f-bec45561cd8b"",""yes_price_dollars"":""0.4800""}"
KXBTC15M-26APR280700-00,e8408576-e30b-630b-1bf8-a3b05719be82,1777373124,0.49,18.7,yes,"{""count_fp"":""18.70"",""created_time"":""2026-04-28T10:45:24.171521Z"",""no_price_dollars"":""0.5100"",""taker_side"":""yes"",""ticker"":""KXBTC15M-26APR280700-00"",""trade_id"":""e8408576-e30b-630b-1bf8-a3b05719be82"",""yes_price_dollars"":""0.4900""}"
KXBTC15M-26APR280700-00,43210b26-c887-6f01-37aa-06e2aed3a8cc,1777373124,0.49,1.0,yes,"{""count_fp"":""1.00"",""created_time"":""2026-04-28T10:45:24.171521Z"",""no_price_dollars"":""0.5100"",""taker_side"":""yes"",""ticker"":""KXBTC15M-26APR280700-00"",""trade_id"":""43210b26-c887-6f01-37aa-06e2aed3a8cc"",""yes_price_dollars"":""0.4900""}"
KXBTC15M-26APR280700-00,b8273fd6-961e-6043-9669-eae6ea06180d,1777373125,0.48,0.18,no,"{""count_fp"":""0.18"",""created_time"":""2026-04-28T10:45:25.967156Z"",""no_price_dollars"":""0.5200"",""taker_side"":""no"",""ticker"":""KXBTC15M-26APR280700-00"",""trade_id"":""b8273fd6-961e-6043-9669-eae6ea06180d"",""yes_price_dollars"":""0.4800""}"
KXBTC15M-26APR280700-00,f6103302-679e-49a7-9bed-91eb62334211,1777373125,0.48,100.0,no,"{""count_fp"":""100.00"",""created_time"":""2026-04-28T10:45:25.614981Z"",""no_price_dollars"":""0.5200"",""taker_side"":""no"",""ticker"":""KXBTC15M-26APR280700-00"",""trade_id"":""f6103302-679e-49a7-9bed-91eb62334211"",""yes_price_dollars"":""0.4800""}"
KXBTC15M-26APR280700-00,ec146501-7461-535b-148e-4d0b77c055c1,1777373125,0.49,17.0,no,"{""count_fp"":""17.00"",""created_time"":""2026-04-28T10:45:25.469127Z"",""no_price_dollars"":""0.5100"",""taker_side"":""no"",""ticker"":""KXBTC15M-26APR280700-00"",""trade_id"":""ec146501-7461-535b-148e-4d0b77c055c1"",""yes_price_dollars"":""0.4900""}"
KXBTC15M-26APR280700-00,b39b7f1c-3aaa-569e-32a7-c8d3eafeea7e,1777373125,0.49,20.0,no,"{""count_fp"":""20.00"",""created_time"":""2026-04-28T10:45:25.469127Z"",""no_price_dollars"":""0.5100"",""taker_side"":""no"",""ticker"":""KXBTC15M-26APR280700-00"",""trade_id"":""b39b7f1c-3aaa-569e-32a7-c8d3eafeea7e"",""yes_price_dollars"":""0.4900""}"
KXBTC15M-26APR280700-00,b21859b5-99c1-5b5d-202e-9b0e56a50bfc,1777373125,0.49,50.0,no,"{""count_fp"":""50.00"",""created_time"":""2026-04-28T10:45:25.469127Z"",""no_price_dollars"":""0.5100"",""taker_side"":""no"",""ticker"":""KXBTC15M-26APR280700-00"",""trade_id"":""b21859b5-99c1-5b5d-202e-9b0e56a50bfc"",""yes_price_dollars"":""0.4900""}"
KXBTC15M-26APR280700-00,86aa9369-ccaa-5503-094a-b32bedf3a401,1777373125,0.48,6.93,no,"{""count_fp"":""6.93"",""created_time"":""2026-04-28T10:45:25.469127Z"",""no_price_dollars"":""0.5200"",""taker_side"":""no"",""ticker"":""KXBTC15M-26APR280700-00"",""trade_id"":""86aa9369-ccaa-5503-094a-b32bedf3a401"",""yes_price_dollars"":""0.4800""}"
KXBTC15M-26APR280700-00,caedc5c8-5556-4e62-437f-7749c40991a6,1777373126,0.51,100.0,yes,"{""count_fp"":""100.00"",""created_time"":""2026-04-28T10:45:26.897492Z"",""no_price_dollars"":""0.4900"",""taker_side"":""yes"",""ticker"":""KXBTC15M-26APR280700-00"",""trade_id"":""caedc5c8-5556-4e62-437f-7749c40991a6"",""yes_price_dollars"":""0.5100""}"
KXBTC15M-26APR280700-00,9bb20e71-c25a-49b0-7f97-38bb1644a049,1777373126,0.51,1.0,yes,"{""count_fp"":""1.00"",""created_time"":""2026-04-28T10:45:26.897492Z"",""no_price_dollars"":""0.4900"",""taker_side"":""yes"",""ticker"":""KXBTC15M-26APR280700-00"",""trade_id"":""9bb20e71-c25a-49b0-7f97-38bb1644a049"",""yes_price_dollars"":""0.5100""}"
KXBTC15M-26APR280700-00,12c91197-630c-4757-5483-40b0434ccefc,1777373126,0.51,73.51,yes,"{""count_fp"":""73.51"",""created_time"":""2026-04-28T10:45:26.897492Z"",""no_price_dollars"":""0.4900"",""taker_side"":""yes"",""ticker"":""KXBTC15M-26APR280700-00"",""trade_id"":""12c91197-630c-4757-5483-40b0434ccefc"",""yes_price_dollars"":""0.5100""}"
KXBTC15M-26APR280700-00,661774a0-f310-513f-e197-516de915a35c,1777373126,0.51,144.0,yes,"{""count_fp"":""144.00"",""created_time"":""2026-04-28T10:45:26.894294Z"",""no_price_dollars"":""0.4900"",""taker_side"":""yes"",""ticker"":""KXBTC15M-26APR280700-00"",""trade_id"":""661774a0-f310-513f-e197-516de915a35c"",""yes_price_dollars"":""0.5100""}"
KXBTC15M-26APR280700-00,bf7deb11-c444-49f3-256f-df92471a7602,1777373126,0.49,1.0,no,"{""count_fp"":""1.00"",""created_time"":""2026-04-28T10:45:26.588055Z"",""no_price_dollars"":""0.5100"",""taker_side"":""no"",""ticker"":""KXBTC15M-26APR280700-00"",""trade_id"":""bf7deb11-c444-49f3-256f-df92471a7602"",""yes_price_dollars"":""0.4900""}"
KXBTC15M-26APR280700-00,0434e453-d4f2-489b-2950-96e77721e6eb,1777373126,0.49,8.47,no,"{""count_fp"":""8.47"",""created_time"":""2026-04-28T10:45:26.588055Z"",""no_price_dollars"":""0.5100"",""taker_side"":""no"",""ticker"":""KXBTC15M-26APR280700-00"",""trade_id"":""0434e453-d4f2-489b-2950-96e77721e6eb"",""yes_price_dollars"":""0.4900""}"
KXBTC15M-26APR280700-00,d5753ea6-87c5-43f5-8cb9-43811331e75b,1777373127,0.5,1.0,no,"{""count_fp"":""1.00"",""created_time"":""2026-04-28T10:45:27.959218Z"",""no_price_dollars"":""0.5000"",""taker_side"":""no"",""ticker"":""KXBTC15M-26APR280700-00"",""trade_id"":""d5753ea6-87c5-43f5-8cb9-43811331e75b"",""yes_price_dollars"":""0.5000""}"
KXBTC15M-26APR280700-00,ac59d7e4-64eb-7836-1366-aa2988aefce1,1777373127,0.51,61.0,yes,"{""count_fp"":""61.00"",""created_time"":""2026-04-28T10:45:27.111451Z"",""no_price_dollars"":""0.4900"",""taker_side"":""yes"",""ticker"":""KXBTC15M-26APR280700-00"",""trade_id"":""ac59d7e4-64eb-7836-1366-aa2988aefce1"",""yes_price_dollars"":""0.5100""}"
KXBTC15M-26APR280700-00,3c092c27-36ca-7536-1c34-246c207b3129,1777373127,0.51,1.0,yes,"{""count_fp"":""1.00"",""created_time"":""2026-04-28T10:45:27.111451Z"",""no_price_dollars"":""0.4900"",""taker_side"":""yes"",""ticker"":""KXBTC15M-26APR280700-00"",""trade_id"":""3c092c27-36ca-7536-1c34-246c207b3129"",""yes_price_dollars"":""0.5100""}"
KXBTC15M-26APR280700-00,0fa58b13-9b77-7837-2f65-40dcc5077120,1777373127,0.51,100.0,yes,"{""count_fp"":""100.00"",""created_time"":""2026-04-28T10:45:27.111451Z"",""no_price_dollars"":""0.4900"",""taker_side"":""yes"",""ticker"":""KXBTC15M-26APR280700-00"",""trade_id"":""0fa58b13-9b77-7837-2f65-40dcc5077120"",""yes_price_dollars"":""0.5100""}"
KXBTC15M-26APR280700-00,5f471393-9317-5bdc-e02c-640e2ca6a5c4,1777373128,0.51,18.95,yes,"{""count_fp"":""18.95"",""created_time"":""2026-04-28T10:45:28.952325Z"",""no_price_dollars"":""0.4900"",""taker_side"":""yes"",""ticker"":""KXBTC15M-26APR280700-00"",""trade_id"":""5f471393-9317-5bdc-e02c-640e2ca6a5c4"",""yes_price_dollars"":""0.5100""}"
KXBTC15M-26APR280700-00,2e67ecdd-a13b-53a0-f395-e41aee1df744,1777373128,0.51,34.12,yes,"{""count_fp"":""34.12"",""created_time"":""2026-04-28T10:45:28.507507Z"",""no_price_dollars"":""0.4900"",""taker_side"":""yes"",""ticker"":""KXBTC15M-26APR280700-00"",""trade_id"":""2e67ecdd-a13b-53a0-f395-e41aee1df744"",""yes_price_dollars"":""0.5100""}"
KXBTC15M-26APR280700-00,6c59508a-8439-6c80-5e0f-d2501c4afe9c,1777373128,0.51,100.0,yes,"{""count_fp"":""100.00"",""created_time"":""2026-04-28T10:45:28.190855Z"",""no_price_dollars"":""0.4900"",""taker_side"":""yes"",""ticker"":""KXBTC15M-26APR280700-00"",""trade_id"":""6c59508a-8439-6c80-5e0f-d2501c4afe9c"",""yes_price_dollars"":""0.5100""}"
KXBTC15M-26APR280700-00,01faa160-f83f-69a2-4df9-aaa008ddae4d,1777373128,0.51,1.0,yes,"{""count_fp"":""1.00"",""created_time"":""2026-04-28T10:45:28.190855Z"",""no_price_dollars"":""0.4900"",""taker_side"":""yes"",""ticker"":""KXBTC15M-26APR280700-00"",""trade_id"":""01faa160-f83f-69a2-4df9-aaa008ddae4d"",""yes_price_dollars"":""0.5100""}"
KXBTC15M-26APR280700-00,f8dde0a3-99ba-7cee-6d5f-b0b132bc2735,1777373128,0.5,20.0,no,"{""count_fp"":""20.00"",""created_time"":""2026-04-28T10:45:28.092334Z"",""no_price_dollars"":""0.5000"",""taker_side"":""no"",""ticker"":""KXBTC15M-26APR280700-00"",""trade_id"":""f8dde0a3-99ba-7cee-6d5f-b0b132bc2735"",""yes_price_dollars"":""0.5000""}"
KXBTC15M-26APR280700-00,ee36775b-66a0-79f1-7d7a-74ed2fc56f5d,1777373128,0.5,11.0,no,"{""count_fp"":""11.00"",""created_time"":""2026-04-28T10:45:28.092334Z"",""no_price_dollars"":""0.5000"",""taker_side"":""no"",""ticker"":""KXBTC15M-26APR280700-00"",""trade_id"":""ee36775b-66a0-79f1-7d7a-74ed2fc56f5d"",""yes_price_dollars"":""0.5000""}"
KXBTC15M-26APR280700-00,4fbc604d-0713-7108-7eb9-9ebfd3a22232,1777373128,0.5,10.0,no,"{""count_fp"":""10.00"",""created_time"":""2026-04-28T10:45:28.092334Z"",""no_price_dollars"":""0.5000"",""taker_side"":""no"",""ticker"":""KXBTC15M-26APR280700-00"",""trade_id"":""4fbc604d-0713-7108-7eb9-9ebfd3a22232"",""yes_price_dollars"":""0.5000""}"
KXBTC15M-26APR280700-00,3793cfc9-5749-737d-5cb0-c25a56c0c463,1777373128,0.5,39.0,no,"{""count_fp"":""39.00"",""created_time"":""2026-04-28T10:45:28.092334Z"",""no_price_dollars"":""0.5000"",""taker_side"":""no"",""ticker"":""KXBTC15M-26APR280700-00"",""trade_id"":""3793cfc9-5749-737d-5cb0-c25a56c0c463"",""yes_price_dollars"":""0.5000""}"
KXBTC15M-26APR280700-00,6dc5802a-75d2-5da6-d927-f57ecb9de155,1777373129,0.5,0.42,no,"{""count_fp"":""0.42"",""created_time"":""2026-04-28T10:45:29.919026Z"",""no_price_dollars"":""0.5000"",""taker_side"":""no"",""ticker"":""KXBTC15M-26APR280700-00"",""trade_id"":""6dc5802a-75d2-5da6-d927-f57ecb9de155"",""yes_price_dollars"":""0.5000""}"
KXBTC15M-26APR280700-00,0c122a36-89e2-5fa7-d8c8-8be0e8002724,1777373129,0.5,0.58,no,"{""count_fp"":""0.58"",""created_time"":""2026-04-28T10:45:29.919026Z"",""no_price_dollars"":""0.5000"",""taker_side"":""no"",""ticker"":""KXBTC15M-26APR280700-00"",""trade_id"":""0c122a36-89e2-5fa7-d8c8-8be0e8002724"",""yes_price_dollars"":""0.5000""}"
KXBTC15M-26APR280700-00,ff60d3e0-6576-42cf-d7a8-140a8a829620,1777373129,0.5,19.42,no,"{""count_fp"":""19.42"",""created_time"":""2026-04-28T10:45:29.515367Z"",""no_price_dollars"":""0.5000"",""taker_side"":""no"",""ticker"":""KXBTC15M-26APR280700-00"",""trade_id"":""ff60d3e0-6576-42cf-d7a8-140a8a829620"",""yes_price_dollars"":""0.5000""}"
KXBTC15M-26APR280700-00,f83fecd9-0334-41a3-f40b-974080f0ba26,1777373129,0.5,40.0,no,"{""count_fp"":""40.00"",""created_time"":""2026-04-28T10:45:29.515367Z"",""no_price_dollars"":""0.5000"",""taker_side"":""no"",""ticker"":""KXBTC15M-26APR280700-00"",""trade_id"":""f83fecd9-0334-41a3-f40b-974080f0ba26"",""yes_price_dollars"":""0.5000""}"
KXBTC15M-26APR280700-00,8e4ee4b0-384c-4b2d-f5f8-d1818c505b35,1777373129,0.5,14.0,no,"{""count_fp"":""14.00"",""created_time"":""2026-04-28T10:45:29.515367Z"",""no_price_dollars"":""0.5000"",""taker_side"":""no"",""ticker"":""KXBTC15M-26APR280700-00"",""trade_id"":""8e4ee4b0-384c-4b2d-f5f8-d1818c505b35"",""yes_price_dollars"":""0.5000""}"
KXBTC15M-26APR280700-00,d75fda55-c9b3-4070-f432-16d04095c264,1777373129,0.51,1.0,yes,"{""count_fp"":""1.00"",""created_time"":""2026-04-28T10:45:29.383908Z"",""no_price_dollars"":""0.4900"",""taker_side"":""yes"",""ticker"":""KXBTC15M-26APR280700-00"",""trade_id"":""d75fda55-c9b3-4070-f432-16d04095c264"",""yes_price_dollars"":""0.5100""}"
KXBTC15M-26APR280700-00,a0fb4c66-4b73-4020-cc57-4bac6a368fe8,1777373129,0.51,15.14,yes,"{""count_fp"":""15.14"",""created_time"":""2026-04-28T10:45:29.037411Z"",""no_price_dollars"":""0.4900"",""taker_side"":""yes"",""ticker"":""KXBTC15M-26APR280700-00"",""trade_id"":""a0fb4c66-4b73-4020-cc57-4bac6a368fe8"",""yes_price_dollars"":""0.5100""}"
KXBTC15M-26APR280700-00,af38096f-914f-6b3a-edf1-cfee69e518d4,1777373130,0.5,4.0,no,"{""count_fp"":""4.00"",""created_time"":""2026-04-28T10:45:30.564942Z"",""no_price_dollars"":""0.5000"",""taker_side"":""no"",""ticker"":""KXBTC15M-26APR280700-00"",""trade_id"":""af38096f-914f-6b3a-edf1-cfee69e518d4"",""yes_price_dollars"":""0.5000""}"
KXBTC15M-26APR280700-00,6615489f-6e67-6c82-b45a-5b165683c638,1777373130,0.5,20.0,no,"{""count_fp"":""20.00"",""created_time"":""2026-04-28T10:45:30.562244Z"",""no_price_dollars"":""0.5000"",""taker_side"":""no"",""ticker"":""KXBTC15M-26APR280700-00"",""trade_id"":""6615489f-6e67-6c82-b45a-5b165683c638"",""yes_price_dollars"":""0.5000""}"
KXBTC15M-26APR280700-00,46fc0f27-6a89-6a75-9546-23df2cf4bf98,1777373130,0.5,16.0,no,"{""count_fp"":""16.00"",""created_time"":""2026-04-28T10:45:30.562244Z"",""no_price_dollars"":""0.5000"",""taker_side"":""no"",""ticker"":""KXBTC15M-26APR280700-00"",""trade_id"":""46fc0f27-6a89-6a75-9546-23df2cf4bf98"",""yes_price_dollars"":""0.5000""}"
KXBTC15M-26APR280700-00,135fb924-38e6-67f2-ae72-bc69b3dab888,1777373130,0.5,17.0,no,"{""count_fp"":""17.00"",""created_time"":""2026-04-28T10:45:30.562244Z"",""no_price_dollars"":""0.5000"",""taker_side"":""no"",""ticker"":""KXBTC15M-26APR280700-00"",""trade_id"":""135fb924-38e6-67f2-ae72-bc69b3dab888"",""yes_price_dollars"":""0.5000""}"
KXBTC15M-26APR280700-00,a6cceee8-c8e7-4714-da0c-45d17736c1cc,1777373130,0.51,3.79,yes,"{""count_fp"":""3.79"",""created_time"":""2026-04-28T10:45:30.554385Z"",""no_price_dollars"":""0.4900"",""taker_side"":""yes"",""ticker"":""KXBTC15M-26APR280700-00"",""trade_id"":""a6cceee8-c8e7-4714-da0c-45d17736c1cc"",""yes_price_dollars"":""0.5100""}"
KXBTC15M-26APR280700-00,13a06190-00cb-46b3-f33c-a77716b547cd,1777373131,0.49,1.0,no,"{""count_fp"":""1.00"",""created_time"":""2026-04-28T10:45:31.927768Z"",""no_price_dollars"":""0.5100"",""taker_side"":""no"",""ticker"":""KXBTC15M-26APR280700-00"",""trade_id"":""13a06190-00cb-46b3-f33c-a77716b547cd"",""yes_price_dollars"":""0.4900""}"
KXBTC15M-26APR280700-00,8362c9e5-f5a3-5a8f-bb7a-6663dfdb82d9,1777373131,0.49,8.46,no,"{""count_fp"":""8.46"",""created_time"":""2026-04-28T10:45:31.903719Z"",""no_price_dollars"":""0.5100"",""taker_side"":""no"",""ticker"":""KXBTC15M-26APR280700-00"",""trade_id"":""8362c9e5-f5a3-5a8f-bb7a-6663dfdb82d9"",""yes_price_dollars"":""0.4900""}"
KXBTC15M-26APR280700-00,3952cf82-3641-525c-9221-dd721b7ee075,1777373131,0.49,1.0,no,"{""count_fp"":""1.00"",""created_time"":""2026-04-28T10:45:31.903719Z"",""no_price_dollars"":""0.5100"",""taker_side"":""no"",""ticker"":""KXBTC15M-26APR280700-00"",""trade_id"":""3952cf82-3641-525c-9221-dd721b7ee075"",""yes_price_dollars"":""0.4900""}"
KXBTC15M-26APR280700-00,2e4d762d-9d77-7bb8-a516-f20a52da0e72,1777373132,0.49,9.47,no,"{""count_fp"":""9.47"",""created_time"":""2026-04-28T10:45:32.571312Z"",""no_price_dollars"":""0.5100"",""taker_side"":""no"",""ticker"":""KXBTC15M-26APR280700-00"",""trade_id"":""2e4d762d-9d77-7bb8-a516-f20a52da0e72"",""yes_price_dollars"":""0.4900""}"
KXBTC15M-26APR280700-00,2b2af9da-1182-43c5-9dad-edd3d3c480b2,1777373132,0.5,19.32,yes,"{""count_fp"":""19.32"",""created_time"":""2026-04-28T10:45:32.409562Z"",""no_price_dollars"":""0.5000"",""taker_side"":""yes"",""ticker"":""KXBTC15M-26APR280700-00"",""trade_id"":""2b2af9da-1182-43c5-9dad-edd3d3c480b2"",""yes_price_dollars"":""0.5000""}"
KXBTC15M-26APR280700-00,d5e0d51f-f2da-6bab-a89e-6a34c1e8b0a9,1777373132,0.49,45.62,no,"{""count_fp"":""45.62"",""created_time"":""2026-04-28T10:45:32.182069Z"",""no_price_dollars"":""0.5100"",""taker_side"":""no"",""ticker"":""KXBTC15M-26APR280700-00"",""trade_id"":""d5e0d51f-f2da-6bab-a89e-6a34c1e8b0a9"",""yes_price_dollars"":""0.4900""}"
KXBTC15M-26APR280700-00,c3b20f61-e87b-680f-9181-eb587ca6d841,1777373132,0.49,28.57,no,"{""count_fp"":""28.57"",""created_time"":""2026-04-28T10:45:32.182069Z"",""no_price_dollars"":""0.5100"",""taker_side"":""no"",""ticker"":""KXBTC15M-26APR280700-00"",""trade_id"":""c3b20f61-e87b-680f-9181-eb587ca6d841"",""yes_price_dollars"":""0.4900""}"
KXBTC15M-26APR280700-00,d5931b69-f6e7-6e97-fc61-cdd1f653dc09,1777373132,0.49,1.97,no,"{""count_fp"":""1.97"",""created_time"":""2026-04-28T10:45:32.051102Z"",""no_price_dollars"":""0.5100"",""taker_side"":""no"",""ticker"":""KXBTC15M-26APR280700-00"",""trade_id"":""d5931b69-f6e7-6e97-fc61-cdd1f653dc09"",""yes_price_dollars"":""0.4900""}"
KXBTC15M-26APR280700-00,458c02ad-d45f-5854-68a5-ee5b3070b12e,1777373133,0.49,1.0,no,"{""count_fp"":""1.00"",""created_time"":""2026-04-28T10:45:33.980737Z"",""no_price_dollars"":""0.5100"",""taker_side"":""no"",""ticker"":""KXBTC15M-26APR280700-00"",""trade_id"":""458c02ad-d45f-5854-68a5-ee5b3070b12e"",""yes_price_dollars"":""0.4900""}"
KXBTC15M-26APR280700-00,695f9c27-5e3f-4e20-9d72-dd67f06f08c2,1777373133,0.49,0.52,no,"{""count_fp"":""0.52"",""created_time"":""2026-04-28T10:45:33.482218Z"",""no_price_dollars"":""0.5100"",""taker_side"":""no"",""ticker"":""KXBTC15M-26APR280700-00"",""trade_id"":""695f9c27-5e3f-4e20-9d72-dd67f06f08c2"",""yes_price_dollars"":""0.4900""}"
KXBTC15M-26APR280700-00,6b77a9ab-19c9-411d-0a00-dddf933bafbb,1777373133,0.5,19.32,yes,"{""count_fp"":""19.32"",""created_time"":""2026-04-28T10:45:33.295328Z"",""no_price_dollars"":""0.5000"",""taker_side"":""yes"",""ticker"":""KXBTC15M-26APR280700-00"",""trade_id"":""6b77a9ab-19c9-411d-0a00-dddf933bafbb"",""yes_price_dollars"":""0.5000""}"
KXBTC15M-26APR280700-00,60a60690-9361-7a31-fa15-100f62d17a43,1777373134,0.5,13.52,yes,"{""count_fp"":""13.52"",""created_time"":""2026-04-28T10:45:34.474207Z"",""no_price_dollars"":""0.5000"",""taker_side"":""yes"",""ticker"":""KXBTC15M-26APR280700-00"",""trade_id"":""60a60690-9361-7a31-fa15-100f62d17a43"",""yes_price_dollars"":""0.5000""}"
KXBTC15M-26APR280700-00,bedd50eb-3a53-7ccc-ae4b-4b1dbc04e802,1777373134,0.49,1.0,no,"{""count_fp"":""1.00"",""created_time"":""2026-04-28T10:45:34.322306Z"",""no_price_dollars"":""0.5100"",""taker_side"":""no"",""ticker"":""KXBTC15M-26APR280700-00"",""trade_id"":""bedd50eb-3a53-7ccc-ae4b-4b1dbc04e802"",""yes_price_dollars"":""0.4900""}"
KXBTC15M-26APR280700-00,05b0c676-85c7-742c-be7e-d7fea6626dca,1777373135,0.49,1.0,no,"{""count_fp"":""1.00"",""created_time"":""2026-04-28T10:45:35.619866Z"",""no_price_dollars"":""0.5100"",""taker_side"":""no"",""ticker"":""KXBTC15M-26APR280700-00"",""trade_id"":""05b0c676-85c7-742c-be7e-d7fea6626dca"",""yes_price_dollars"":""0.4900""}"
KXBTC15M-26APR280700-00,77e77f60-12f7-6e44-6716-b5f7fa08d782,1777373135,0.49,5.68,no,"{""count_fp"":""5.68"",""created_time"":""2026-04-28T10:45:35.466852Z"",""no_price_dollars"":""0.5100"",""taker_side"":""no"",""ticker"":""KXBTC15M-26APR280700-00"",""trade_id"":""77e77f60-12f7-6e44-6716-b5f7fa08d782"",""yes_price_dollars"":""0.4900""}"
KXBTC15M-26APR280700-00,7ac2578a-f277-7fb4-36bc-3999a7b824a6,1777373136,0.49,1.0,no,"{""count_fp"":""1.00"",""created_time"":""2026-04-28T10:45:36.004085Z"",""no_price_dollars"":""0.5100"",""taker_side"":""no"",""ticker"":""KXBTC15M-26APR280700-00"",""trade_id"":""7ac2578a-f277-7fb4-36bc-3999a7b824a6"",""yes_price_dollars"":""0.4900""}"
KXBTC15M-26APR280700-00,d601c363-40b4-51b2-d316-a7e3026f3aca,1777373137,0.49,1.0,no,"{""count_fp"":""1.00"",""created_time"":""2026-04-28T10:45:37.993428Z"",""no_price_dollars"":""0.5100"",""taker_side"":""no"",""ticker"":""KXBTC15M-26APR280700-00"",""trade_id"":""d601c363-40b4-51b2-d316-a7e3026f3aca"",""yes_price_dollars"":""0.4900""}"
KXBTC15M-26APR280700-00,be5f15cb-c372-7231-e9e9-d358c9e1f4c2,1777373137,0.5,9.84,yes,"{""count_fp"":""9.84"",""created_time"":""2026-04-28T10:45:37.509581Z"",""no_price_dollars"":""0.5000"",""taker_side"":""yes"",""ticker"":""KXBTC15M-26APR280700-00"",""trade_id"":""be5f15cb-c372-7231-e9e9-d358c9e1f4c2"",""yes_price_dollars"":""0.5000""}"
KXBTC15M-26APR280700-00,90eb9eb2-6b91-7b3d-e267-c51df8257697,1777373137,0.5,22.16,yes,"{""count_fp"":""22.16"",""created_time"":""2026-04-28T10:45:37.509581Z"",""no_price_dollars"":""0.5000"",""taker_side"":""yes"",""ticker"":""KXBTC15M-26APR280700-00"",""trade_id"":""90eb9eb2-6b91-7b3d-e267-c51df8257697"",""yes_price_dollars"":""0.5000""}"
KXBTC15M-26APR280700-00,de226c92-adf0-647e-4dc6-0f0c14d4e50e,1777373137,0.49,17.0,no,"{""count_fp"":""17.00"",""created_time"":""2026-04-28T10:45:37.472239Z"",""no_price_dollars"":""0.5100"",""taker_side"":""no"",""ticker"":""KXBTC15M-26APR280700-00"",""trade_id"":""de226c92-adf0-647e-4dc6-0f0c14d4e50e"",""yes_price_dollars"":""0.4900""}"
KXBTC15M-26APR280700-00,6a5b23fe-93d0-706a-5a3b-06de918072fa,1777373137,0.49,26.33,no,"{""count_fp"":""26.33"",""created_time"":""2026-04-28T10:45:37.204418Z"",""no_price_dollars"":""0.5100"",""taker_side"":""no"",""ticker"":""KXBTC15M-26APR280700-00"",""trade_id"":""6a5b23fe-93d0-706a-5a3b-06de918072fa"",""yes_price_dollars"":""0.4900""}"
KXBTC15M-26APR280700-00,6aaca891-1ffc-4bfa-812b-33cb4466a026,1777373137,0.49,18.95,no,"{""count_fp"":""18.95"",""created_time"":""2026-04-28T10:45:37.149703Z"",""no_price_dollars"":""0.5100"",""taker_side"":""no"",""ticker"":""KXBTC15M-26APR280700-00"",""trade_id"":""6aaca891-1ffc-4bfa-812b-33cb4466a026"",""yes_price_dollars"":""0.4900""}"
KXBTC15M-26APR280700-00,f70164f4-eabc-4cd2-0d8f-174b181f5c5a,1777373138,0.49,18.95,no,"{""count_fp"":""18.95"",""created_time"":""2026-04-28T10:45:38.829745Z"",""no_price_dollars"":""0.5100"",""taker_side"":""no"",""ticker"":""KXBTC15M-26APR280700-00"",""trade_id"":""f70164f4-eabc-4cd2-0d8f-174b181f5c5a"",""yes_price_dollars"":""0.4900""}"
KXBTC15M-26APR280700-00,89b14243-da78-56ce-31de-912e9c770f22,1777373138,0.49,4.0,no,"{""count_fp"":""4.00"",""created_time"":""2026-04-28T10:45:38.745743Z"",""no_price_dollars"":""0.5100"",""taker_side"":""no"",""ticker"":""KXBTC15M-26APR280700-00"",""trade_id"":""89b14243-da78-56ce-31de-912e9c770f22"",""yes_price_dollars"":""0.4900""}"
KXBTC15M-26APR280700-00,bfe51c69-0520-6ce0-2532-da337a24212f,1777373139,0.52,11.56,yes,"{""count_fp"":""11.56"",""created_time"":""2026-04-28T10:45:39.124882Z"",""no_price_dollars"":""0.4800"",""taker_side"":""yes"",""ticker"":""KXBTC15M-26APR280700-00"",""trade_id"":""bfe51c69-0520-6ce0-2532-da337a24212f"",""yes_price_dollars"":""0.5200""}"
KXBTC15M-26APR280700-00,b9228881-8fc6-6b6d-3ccb-88eca9be01f2,1777373139,0.5,89.84,yes,"{""count_fp"":""89.84"",""created_time"":""2026-04-28T10:45:39.124882Z"",""no_price_dollars"":""0.5000"",""taker_side"":""yes"",""ticker"":""KXBTC15M-26APR280700-00"",""trade_id"":""b9228881-8fc6-6b6d-3ccb-88eca9be01f2"",""yes_price_dollars"":""0.5000""}"
KXBTC15M-26APR280700-00,b2f86d2f-4293-6b76-0b58-b86215c8ca19,1777373139,0.52,401.17,yes,"{""count_fp"":""401.17"",""created_time"":""2026-04-28T10:45:39.124882Z"",""no_price_dollars"":""0.4800"",""taker_side"":""yes"",""ticker"":""KXBTC15M-26APR280700-00"",""trade_id"":""b2f86d2f-4293-6b76-0b58-b86215c8ca19"",""yes_price_dollars"":""0.5200""}"
KXBTC15M-26APR280700-00,7c4c5bbd-e44c-6919-15d2-fe0bdf53d3d1,1777373139,0.51,3.0,yes,"{""count_fp"":""3.00"",""created_time"":""2026-04-28T10:45:39.124882Z"",""no_price_dollars"":""0.4900"",""taker_side"":""yes"",""ticker"":""KXBTC15M-26APR280700-00"",""trade_id"":""7c4c5bbd-e44c-6919-15d2-fe0bdf53d3d1"",""yes_price_dollars"":""0.5100""}"
KXBTC15M-26APR280700-00,35e7c2c7-c1ab-6548-1fd3-b91fe40834e8,1777373139,0.52,40.0,yes,"{""count_fp"":""40.00"",""created_time"":""2026-04-28T10:45:39.124882Z"",""no_price_dollars"":""0.4800"",""taker_side"":""yes"",""ticker"":""KXBTC15M-26APR280700-00"",""trade_id"":""35e7c2c7-c1ab-6548-1fd3-b91fe40834e8"",""yes_price_dollars"":""0.5200""}"
KXBTC15M-26APR280700-00,34783338-c85a-6870-0617-ac93b2968511,1777373139,0.51,1.0,yes,"{""count_fp"":""1.00"",""created_time"":""2026-04-28T10:45:39.124882Z"",""no_price_dollars"":""0.4900"",""taker_side"":""yes"",""ticker"":""KXBTC15M-26APR280700-00"",""trade_id"":""34783338-c85a-6870-0617-ac93b2968511"",""yes_price_dollars"":""0.5100""}"
KXBTC15M-26APR280700-00,16852e4b-d884-639c-10fa-1ffc27686b9a,1777373139,0.52,3.0,yes,"{""count_fp"":""3.00"",""created_time"":""2026-04-28T10:45:39.124882Z"",""no_price_dollars"":""0.4800"",""taker_side"":""yes"",""ticker"":""KXBTC15M-26APR280700-00"",""trade_id"":""16852e4b-d884-639c-10fa-1ffc27686b9a"",""yes_price_dollars"":""0.5200""}"
KXBTC15M-26APR280700-00,151e085c-ed9c-6e1f-22a4-50748e2a61de,1777373139,0.51,22.0,yes,"{""count_fp"":""22.00"",""created_time"":""2026-04-28T10:45:39.124882Z"",""no_price_dollars"":""0.4900"",""taker_side"":""yes"",""ticker"":""KXBTC15M-26APR280700-00"",""trade_id"":""151e085c-ed9c-6e1f-22a4-50748e2a61de"",""yes_price_dollars"":""0.5100""}"
KXBTC15M-26APR280700-00,11493bc9-df71-67e2-170d-9a369ff73b53,1777373139,0.51,40.0,yes,"{""count_fp"":""40.00"",""created_time"":""2026-04-28T10:45:39.124882Z"",""no_price_dollars"":""0.4900"",""taker_side"":""yes"",""ticker"":""KXBTC15M-26APR280700-00"",""trade_id"":""11493bc9-df71-67e2-170d-9a369ff73b53"",""yes_price_dollars"":""0.5100""}"
KXBTC15M-26APR280700-00,051c7465-b720-6a02-08dc-885bc9cd0642,1777373139,0.5,10.0,yes,"{""count_fp"":""10.00"",""created_time"":""2026-04-28T10:45:39.124882Z"",""no_price_dollars"":""0.5000"",""taker_side"":""yes"",""ticker"":""KXBTC15M-26APR280700-00"",""trade_id"":""051c7465-b720-6a02-08dc-885bc9cd0642"",""yes_price_dollars"":""0.5000""}"
KXBTC15M-26APR280700-00,e681740c-442c-6c66-34bf-e7da4d489adf,1777373140,0.5,9.66,no,"{""count_fp"":""9.66"",""created_time"":""2026-04-28T10:45:40.330617Z"",""no_price_dollars"":""0.5000"",""taker_side"":""no"",""ticker"":""KXBTC15M-26APR280700-00"",""trade_id"":""e681740c-442c-6c66-34bf-e7da4d489adf"",""yes_price_dollars"":""0.5000""}"
KXBTC15M-26APR280700-00,efb49e76-0b6e-653d-a6d1-c9c1fac216d8,1777373141,0.51,100.0,yes,"{""count_fp"":""100.00"",""created_time"":""2026-04-28T10:45:41.627888Z"",""no_price_dollars"":""0.4900"",""taker_side"":""yes"",""ticker"":""KXBTC15M-26APR280700-00"",""trade_id"":""efb49e76-0b6e-653d-a6d1-c9c1fac216d8"",""yes_price_dollars"":""0.5100""}"
KXBTC15M-26APR280700-00,e479f1df-7436-6bd9-a4fd-1e5bd6101f4a,1777373141,0.51,6.0,yes,"{""count_fp"":""6.00"",""created_time"":""2026-04-28T10:45:41.627888Z"",""no_price_dollars"":""0.4900"",""taker_side"":""yes"",""ticker"":""KXBTC15M-26APR280700-00"",""trade_id"":""e479f1df-7436-6bd9-a4fd-1e5bd6101f4a"",""yes_price_dollars"":""0.5100""}"
KXBTC15M-26APR280700-00,ccf5ec93-2deb-6562-8768-002a4e131b0d,1777373141,0.52,6.14,yes,"{""count_fp"":""6.14"",""created_time"":""2026-04-28T10:45:41.627888Z"",""no_price_dollars"":""0.4800"",""taker_side"":""yes"",""ticker"":""KXBTC15M-26APR280700-00"",""trade_id"":""ccf5ec93-2deb-6562-8768-002a4e131b0d"",""yes_price_dollars"":""0.5200""}"
KXBTC15M-26APR280700-00,73a06f4e-c957-6f31-ae77-7eb72625c8d4,1777373141,0.51,40.0,yes,"{""count_fp"":""40.00"",""created_time"":""2026-04-28T10:45:41.627888Z"",""no_price_dollars"":""0.4900"",""taker_side"":""yes"",""ticker"":""KXBTC15M-26APR280700-00"",""trade_id"":""73a06f4e-c957-6f31-ae77-7eb72625c8d4"",""yes_price_dollars"":""0.5100""}"
KXBTC15M-26APR280700-00,6a411fdd-dfae-6099-b3de-76016c999f03,1777373141,0.51,3.0,yes,"{""count_fp"":""3.00"",""created_time"":""2026-04-28T10:45:41.627888Z"",""no_price_dollars"":""0.4900"",""taker_side"":""yes"",""ticker"":""KXBTC15M-26APR280700-00"",""trade_id"":""6a411fdd-dfae-6099-b3de-76016c999f03"",""yes_price_dollars"":""0.5100""}"
KXBTC15M-26APR280700-00,4c8a6655-2efd-6c10-8a28-a3a60e715c4f,1777373141,0.51,14.66,yes,"{""count_fp"":""14.66"",""created_time"":""2026-04-28T10:45:41.627888Z"",""no_price_dollars"":""0.4900"",""taker_side"":""yes"",""ticker"":""KXBTC15M-26APR280700-00"",""trade_id"":""4c8a6655-2efd-6c10-8a28-a3a60e715c4f"",""yes_price_dollars"":""0.5100""}"
KXBTC15M-26APR280700-00,39010fc8-daef-64fa-abc3-cfc9ae8caa23,1777373141,0.51,10.0,yes,"{""count_fp"":""10.00"",""created_time"":""2026-04-28T10:45:41.627888Z"",""no_price_dollars"":""0.4900"",""taker_side"":""yes"",""ticker"":""KXBTC15M-26APR280700-00"",""trade_id"":""39010fc8-daef-64fa-abc3-cfc9ae8caa23"",""yes_price_dollars"":""0.5100""}"
KXBTC15M-26APR280700-00,dba002f0-c4e1-7928-f0a3-f18f221e57fa,1777373142,0.5,8.0,no,"{""count_fp"":""8.00"",""created_time"":""2026-04-28T10:45:42.410235Z"",""no_price_dollars"":""0.5000"",""taker_side"":""no"",""ticker"":""KXBTC15M-26APR280700-00"",""trade_id"":""dba002f0-c4e1-7928-f0a3-f18f221e57fa"",""yes_price_dollars"":""0.5000""}"
KXBTC15M-26APR280700-00,175788cd-b48c-72a5-c950-652d47857756,1777373142,0.5,3.37,no,"{""count_fp"":""3.37"",""created_time"":""2026-04-28T10:45:42.410235Z"",""no_price_dollars"":""0.5000"",""taker_side"":""no"",""ticker"":""KXBTC15M-26APR280700-00"",""trade_id"":""175788cd-b48c-72a5-c950-652d47857756"",""yes_price_dollars"":""0.5000""}"
KXBTC15M-26APR280700-00,9306bcba-f871-6cbc-49b3-aad5da87ed96,1777373142,0.5,1.0,no,"{""count_fp"":""1.00"",""created_time"":""2026-04-28T10:45:42.030077Z"",""no_price_dollars"":""0.5000"",""taker_side"":""no"",""ticker"":""KXBTC15M-26APR280700-00"",""trade_id"":""9306bcba-f871-6cbc-49b3-aad5da87ed96"",""yes_price_dollars"":""0.5000""}"
KXBTC15M-26APR280700-00,07825ad6-5934-7472-68a6-7b4e7c3e4c57,1777373143,0.51,5.0,yes,"{""count_fp"":""5.00"",""created_time"":""2026-04-28T10:45:43.274921Z"",""no_price_dollars"":""0.4900"",""taker_side"":""yes"",""ticker"":""KXBTC15M-26APR280700-00"",""trade_id"":""07825ad6-5934-7472-68a6-7b4e7c3e4c57"",""yes_price_dollars"":""0.5100""}"
KXBTC15M-26APR280700-00,768937e1-f0b3-6155-1693-fc50202ea955,1777373144,0.45,18.0,no,"{""count_fp"":""18.00"",""created_time"":""2026-04-28T10:45:44.846753Z"",""no_price_dollars"":""0.5500"",""taker_side"":""no"",""ticker"":""KXBTC15M-26APR280700-00"",""trade_id"":""768937e1-f0b3-6155-1693-fc50202ea955"",""yes_price_dollars"":""0.4500""}"
KXBTC15M-26APR280700-00,bc4f6256-a4d0-5496-43c8-f76abad93c54,1777373144,0.44,1.0,no,"{""count_fp"":""1.00"",""created_time"":""2026-04-28T10:45:44.834162Z"",""no_price_dollars"":""0.5600"",""taker_side"":""no"",""ticker"":""KXBTC15M-26APR280700-00"",""trade_id"":""bc4f6256-a4d0-5496-43c8-f76abad93c54"",""yes_price_dollars"":""0.4400""}"
KXBTC15M-26APR280700-00,3f9164a9-0e45-5657-773d-a9daa8bbbf18,1777373144,0.44,1.0,no,"{""count_fp"":""1.00"",""created_time"":""2026-04-28T10:45:44.834162Z"",""no_price_dollars"":""0.5600"",""taker_side"":""no"",""ticker"":""KXBTC15M-26APR280700-00"",""trade_id"":""3f9164a9-0e45-5657-773d-a9daa8bbbf18"",""yes_price_dollars"":""0.4400""}"
KXBTC15M-26APR280700-00,17e1cf5c-b1c4-5ae5-50bb-36a454632f2e,1777373144,0.44,20.0,no,"{""count_fp"":""20.00"",""created_time"":""2026-04-28T10:45:44.834162Z"",""no_price_dollars"":""0.5600"",""taker_side"":""no"",""ticker"":""KXBTC15M-26APR280700-00"",""trade_id"":""17e1cf5c-b1c4-5ae5-50bb-36a454632f2e"",""yes_price_dollars"":""0.4400""}"
KXBTC15M-26APR280700-00,f5d5aca7-8862-52e2-4646-6c9cfb55211b,1777373144,0.45,16.32,no,"{""count_fp"":""16.32"",""created_time"":""2026-04-28T10:45:44.817816Z"",""no_price_dollars"":""0.5500"",""taker_side"":""no"",""ticker"":""KXBTC15M-26APR280700-00"",""trade_id"":""f5d5aca7-8862-52e2-4646-6c9cfb55211b"",""yes_price_dollars"":""0.4500""}"
KXBTC15M-26APR280700-00,e6311a1a-74dc-5c13-52b5-fb538532ed73,1777373144,0.45,40.0,no,"{""count_fp"":""40.00"",""created_time"":""2026-04-28T10:45:44.817816Z"",""no_price_dollars"":""0.5500"",""taker_side"":""no"",""ticker"":""KXBTC15M-26APR280700-00"",""trade_id"":""e6311a1a-74dc-5c13-52b5-fb538532ed73"",""yes_price_dollars"":""0.4500""}"
KXBTC15M-26APR280700-00,5c35b275-6298-5a66-4753-3595fb23b93a,1777373144,0.45,1.0,no,"{""count_fp"":""1.00"",""created_time"":""2026-04-28T10:45:44.817816Z"",""no_price_dollars"":""0.5500"",""taker_side"":""no"",""ticker"":""KXBTC15M-26APR280700-00"",""trade_id"":""5c35b275-6298-5a66-4753-3595fb23b93a"",""yes_price_dollars"":""0.4500""}"
KXBTC15M-26APR280700-00,5b126d02-8b13-5b70-7a25-8283c2e8845c,1777373144,0.45,1.0,no,"{""count_fp"":""1.00"",""created_time"":""2026-04-28T10:45:44.817816Z"",""no_price_dollars"":""0.5500"",""taker_side"":""no"",""ticker"":""KXBTC15M-26APR280700-00"",""trade_id"":""5b126d02-8b13-5b70-7a25-8283c2e8845c"",""yes_price_dollars"":""0.4500""}"
KXBTC15M-26APR280700-00,149ec9a4-8b48-52d2-41d3-5759870aad86,1777373144,0.45,16.0,no,"{""count_fp"":""16.00"",""created_time"":""2026-04-28T10:45:44.817816Z"",""no_price_dollars"":""0.5500"",""taker_side"":""no"",""ticker"":""KXBTC15M-26APR280700-00"",""trade_id"":""149ec9a4-8b48-52d2-41d3-5759870aad86"",""yes_price_dollars"":""0.4500""}"
KXBTC15M-26APR280700-00,f69120e0-68a1-582a-b62e-83e68f552432,1777373144,0.46,20.0,no,"{""count_fp"":""20.00"",""created_time"":""2026-04-28T10:45:44.817146Z"",""no_price_dollars"":""0.5400"",""taker_side"":""no"",""ticker"":""KXBTC15M-26APR280700-00"",""trade_id"":""f69120e0-68a1-582a-b62e-83e68f552432"",""yes_price_dollars"":""0.4600""}"
KXBTC15M-26APR280700-00,71fb7c56-b849-520a-9957-8493f0ec8b43,1777373144,0.46,3.0,no,"{""count_fp"":""3.00"",""created_time"":""2026-04-28T10:45:44.817146Z"",""no_price_dollars"":""0.5400"",""taker_side"":""no"",""ticker"":""KXBTC15M-26APR280700-00"",""trade_id"":""71fb7c56-b849-520a-9957-8493f0ec8b43"",""yes_price_dollars"":""0.4600""}"
KXBTC15M-26APR280700-00,fffa673b-1fcb-4e64-4da6-c6adcff21b56,1777373144,0.46,120.0,no,"{""count_fp"":""120.00"",""created_time"":""2026-04-28T10:45:44.480765Z"",""no_price_dollars"":""0.5400"",""taker_side"":""no"",""ticker"":""KXBTC15M-26APR280700-00"",""trade_id"":""fffa673b-1fcb-4e64-4da6-c6adcff21b56"",""yes_price_dollars"":""0.4600""}"
KXBTC15M-26APR280700-00,fbb33af3-9be7-4647-7058-8ad1d277cafc,1777373144,0.46,1.0,no,"{""count_fp"":""1.00"",""created_time"":""2026-04-28T10:45:44.480765Z"",""no_price_dollars"":""0.5400"",""taker_side"":""no"",""ticker"":""KXBTC15M-26APR280700-00"",""trade_id"":""fbb33af3-9be7-4647-7058-8ad1d277cafc"",""yes_price_dollars"":""0.4600""}"
KXBTC15M-26APR280700-00,ed42d49d-7db2-4364-419c-1ab7dc18ed72,1777373144,0.46,1.0,no,"{""count_fp"":""1.00"",""created_time"":""2026-04-28T10:45:44.480765Z"",""no_price_dollars"":""0.5400"",""taker_side"":""no"",""ticker"":""KXBTC15M-26APR280700-00"",""trade_id"":""ed42d49d-7db2-4364-419c-1ab7dc18ed72"",""yes_price_dollars"":""0.4600""}"
KXBTC15M-26APR280700-00,910a436d-6243-4c07-67b3-27e62631fc20,1777373144,0.46,16.0,no,"{""count_fp"":""16.00"",""created_time"":""2026-04-28T10:45:44.480765Z"",""no_price_dollars"":""0.5400"",""taker_side"":""no"",""ticker"":""KXBTC15M-26APR280700-00"",""trade_id"":""910a436d-6243-4c07-67b3-27e62631fc20"",""yes_price_dollars"":""0.4600""}"
KXBTC15M-26APR280700-00,27e0eac3-1a0a-4691-51ac-9c687302acfc,1777373144,0.46,1.0,no,"{""count_fp"":""1.00"",""created_time"":""2026-04-28T10:45:44.480765Z"",""no_price_dollars"":""0.5400"",""taker_side"":""no"",""ticker"":""KXBTC15M-26APR280700-00"",""trade_id"":""27e0eac3-1a0a-4691-51ac-9c687302acfc"",""yes_price_dollars"":""0.4600""}"
KXBTC15M-26APR280700-00,047c9d90-c967-4c11-692f-2a1c0e73aeaa,1777373144,0.46,1.0,no,"{""count_fp"":""1.00"",""created_time"":""2026-04-28T10:45:44.480765Z"",""no_price_dollars"":""0.5400"",""taker_side"":""no"",""ticker"":""KXBTC15M-26APR280700-00"",""trade_id"":""047c9d90-c967-4c11-692f-2a1c0e73aeaa"",""yes_price_dollars"":""0.4600""}"
KXBTC15M-26APR280700-00,e20246f4-7a45-65ea-80ec-fcb5487066f4,1777373144,0.47,1.0,no,"{""count_fp"":""1.00"",""created_time"":""2026-04-28T10:45:44.410703Z"",""no_price_dollars"":""0.5300"",""taker_side"":""no"",""ticker"":""KXBTC15M-26APR280700-00"",""trade_id"":""e20246f4-7a45-65ea-80ec-fcb5487066f4"",""yes_price_dollars"":""0.4700""}"
KXBTC15M-26APR280700-00,cfa11ecb-283f-630d-8fba-3e77ac4bbba7,1777373144,0.47,40.0,no,"{""count_fp"":""40.00"",""created_time"":""2026-04-28T10:45:44.410703Z"",""no_price_dollars"":""0.5300"",""taker_side"":""no"",""ticker"":""KXBTC15M-26APR280700-00"",""trade_id"":""cfa11ecb-283f-630d-8fba-3e77ac4bbba7"",""yes_price_dollars"":""0.4700""}"
KXBTC15M-26APR280700-00,c56f5b4d-e5d4-6a29-b9eb-60142beeafb1,1777373144,0.47,16.03,no,"{""count_fp"":""16.03"",""created_time"":""2026-04-28T10:45:44.410703Z"",""no_price_dollars"":""0.5300"",""taker_side"":""no"",""ticker"":""KXBTC15M-26APR280700-00"",""trade_id"":""c56f5b4d-e5d4-6a29-b9eb-60142beeafb1"",""yes_price_dollars"":""0.4700""}"
KXBTC15M-26APR280700-00,b05338e3-3a0d-6333-9584-abd325713da8,1777373144,0.47,20.0,no,"{""count_fp"":""20.00"",""created_time"":""2026-04-28T10:45:44.410703Z"",""no_price_dollars"":""0.5300"",""taker_side"":""no"",""ticker"":""KXBTC15M-26APR280700-00"",""trade_id"":""b05338e3-3a0d-6333-9584-abd325713da8"",""yes_price_dollars"":""0.4700""}"
KXBTC15M-26APR280700-00,79cc7385-f2ae-6960-b0e6-2f923ee437ad,1777373144,0.47,1.0,no,"{""count_fp"":""1.00"",""created_time"":""2026-04-28T10:45:44.410703Z"",""no_price_dollars"":""0.5300"",""taker_side"":""no"",""ticker"":""KXBTC15M-26APR280700-00"",""trade_id"":""79cc7385-f2ae-6960-b0e6-2f923ee437ad"",""yes_price_dollars"":""0.4700""}"
KXBTC15M-26APR280700-00,4e6c0459-be02-6f17-8d92-30dae4fb0d85,1777373144,0.47,354.38,no,"{""count_fp"":""354.38"",""created_time"":""2026-04-28T10:45:44.410703Z"",""no_price_dollars"":""0.5300"",""taker_side"":""no"",""ticker"":""KXBTC15M-26APR280700-00"",""trade_id"":""4e6c0459-be02-6f17-8d92-30dae4fb0d85"",""yes_price_dollars"":""0.4700""}"
KXBTC15M-26APR280700-00,0418ce15-9df5-5215-4908-c68f87d52049,1777373144,0.5,16.0,no,"{""count_fp"":""16.00"",""created_time"":""2026-04-28T10:45:44.398004Z"",""no_price_dollars"":""0.5000"",""taker_side"":""no"",""ticker"":""KXBTC15M-26APR280700-00"",""trade_id"":""0418ce15-9df5-5215-4908-c68f87d52049"",""yes_price_dollars"":""0.5000""}"
KXBTC15M-26APR280700-00,f610aa8a-c703-69d2-6e23-2ba2239ef8fe,1777373144,0.5,40.0,no,"{""count_fp"":""40.00"",""created_time"":""2026-04-28T10:45:44.394426Z"",""no_price_dollars"":""0.5000"",""taker_side"":""no"",""ticker"":""KXBTC15M-26APR280700-00"",""trade_id"":""f610aa8a-c703-69d2-6e23-2ba2239ef8fe"",""yes_price_dollars"":""0.5000""}"
KXBTC15M-26APR280700-00,e3574554-2a2c-654b-5b22-602719b76c38,1777373144,0.5,3.37,no,"{""count_fp"":""3.37"",""created_time"":""2026-04-28T10:45:44.394426Z"",""no_price_dollars"":""0.5000"",""taker_side"":""no"",""ticker"":""KXBTC15M-26APR280700-00"",""trade_id"":""e3574554-2a2c-654b-5b22-602719b76c38"",""yes_price_dollars"":""0.5000""}"
KXBTC15M-26APR280700-00,ac9b6dc5-b787-6ca0-79da-2b6a85dfc9c5,1777373144,0.5,1.0,no,"{""count_fp"":""1.00"",""created_time"":""2026-04-28T10:45:44.394426Z"",""no_price_dollars"":""0.5000"",""taker_side"":""no"",""ticker"":""KXBTC15M-26APR280700-00"",""trade_id"":""ac9b6dc5-b787-6ca0-79da-2b6a85dfc9c5"",""yes_price_dollars"":""0.5000""}"
KXBTC15M-26APR280700-00,aaacf86b-b323-622b-5e43-db34febd7042,1777373144,0.5,1.0,no,"{""count_fp"":""1.00"",""created_time"":""2026-04-28T10:45:44.394426Z"",""no_price_dollars"":""0.5000"",""taker_side"":""no"",""ticker"":""KXBTC15M-26APR280700-00"",""trade_id"":""aaacf86b-b323-622b-5e43-db34febd7042"",""yes_price_dollars"":""0.5000""}"
KXBTC15M-26APR280700-00,99549fcc-e444-6bad-5ea9-9eb504b17081,1777373144,0.5,4.0,no,"{""count_fp"":""4.00"",""created_time"":""2026-04-28T10:45:44.394426Z"",""no_price_dollars"":""0.5000"",""taker_side"":""no"",""ticker"":""KXBTC15M-26APR280700-00"",""trade_id"":""99549fcc-e444-6bad-5ea9-9eb504b17081"",""yes_price_dollars"":""0.5000""}"
KXBTC15M-26APR280700-00,917fdaaf-3bf5-6106-622c-daedfe14a958,1777373144,0.5,0.38,no,"{""count_fp"":""0.38"",""created_time"":""2026-04-28T10:45:44.394426Z"",""no_price_dollars"":""0.5000"",""taker_side"":""no"",""ticker"":""KXBTC15M-26APR280700-00"",""trade_id"":""917fdaaf-3bf5-6106-622c-daedfe14a958"",""yes_price_dollars"":""0.5000""}"
KXBTC15M-26APR280700-00,4ea94eed-9d10-6dad-7267-56d86a389a0e,1777373144,0.5,15.25,no,"{""count_fp"":""15.25"",""created_time"":""2026-04-28T10:45:44.394426Z"",""no_price_dollars"":""0.5000"",""taker_side"":""no"",""ticker"":""KXBTC15M-26APR280700-00"",""trade_id"":""4ea94eed-9d10-6dad-7267-56d86a389a0e"",""yes_price_dollars"":""0.5000""}"
KXBTC15M-26APR280700-00,1bcff5fa-0ff0-63c8-7634-b15ac393c8e1,1777373144,0.5,20.0,no,"{""count_fp"":""20.00"",""created_time"":""2026-04-28T10:45:44.394426Z"",""no_price_dollars"":""0.5000"",""taker_side"":""no"",""ticker"":""KXBTC15M-26APR280700-00"",""trade_id"":""1bcff5fa-0ff0-63c8-7634-b15ac393c8e1"",""yes_price_dollars"":""0.5000""}"
KXBTC15M-26APR280700-00,00e4f965-eca7-6e90-6568-5b6b7f0d5479,1777373144,0.5,11.0,no,"{""count_fp"":""11.00"",""created_time"":""2026-04-28T10:45:44.394426Z"",""no_price_dollars"":""0.5000"",""taker_side"":""no"",""ticker"":""KXBTC15M-26APR280700-00"",""trade_id"":""00e4f965-eca7-6e90-6568-5b6b7f0d5479"",""yes_price_dollars"":""0.5000""}"
KXBTC15M-26APR280700-00,3770f91a-b5cc-6671-4a23-5d56a5b5809a,1777373144,0.5,0.38,no,"{""count_fp"":""0.38"",""created_time"":""2026-04-28T10:45:44.150935Z"",""no_price_dollars"":""0.5000"",""taker_side"":""no"",""ticker"":""KXBTC15M-26APR280700-00"",""trade_id"":""3770f91a-b5cc-6671-4a23-5d56a5b5809a"",""yes_price_dollars"":""0.5000""}"
KXBTC15M-26APR280700-00,c3524b09-b36c-7275-86fc-f92b77518352,1777373144,0.5,1.0,no,"{""count_fp"":""1.00"",""created_time"":""2026-04-28T10:45:44.049358Z"",""no_price_dollars"":""0.5000"",""taker_side"":""no"",""ticker"":""KXBTC15M-26APR280700-00"",""trade_id"":""c3524b09-b36c-7275-86fc-f92b77518352"",""yes_price_dollars"":""0.5000""}"
KXBTC15M-26APR280700-00,0eecd6fa-ca3a-73e3-af99-eb8add8f1b31,1777373145,0.44,2.0,yes,"{""count_fp"":""2.00"",""created_time"":""2026-04-28T10:45:45.183386Z"",""no_price_dollars"":""0.5600"",""taker_side"":""yes"",""ticker"":""KXBTC15M-26APR280700-00"",""trade_id"":""0eecd6fa-ca3a-73e3-af99-eb8add8f1b31"",""yes_price_dollars"":""0.4400""}"
KXBTC15M-26APR280700-00,181b45c8-daf7-5ad0-b118-a7c78c52df3f,1777373146,0.45,6.41,yes,"{""count_fp"":""6.41"",""created_time"":""2026-04-28T10:45:46.879573Z"",""no_price_dollars"":""0.5500"",""taker_side"":""yes"",""ticker"":""KXBTC15M-26APR280700-00"",""trade_id"":""181b45c8-daf7-5ad0-b118-a7c78c52df3f"",""yes_price_dollars"":""0.4500""}"
KXBTC15M-26APR280700-00,0c5458ee-1ae5-53dc-355e-a69379dd39f5,1777373146,0.44,34.64,no,"{""count_fp"":""34.64"",""created_time"":""2026-04-28T10:45:46.779241Z"",""no_price_dollars"":""0.5600"",""taker_side"":""no"",""ticker"":""KXBTC15M-26APR280700-00"",""trade_id"":""0c5458ee-1ae5-53dc-355e-a69379dd39f5"",""yes_price_dollars"":""0.4400""}"
KXBTC15M-26APR280700-00,8c5f0873-d313-5b98-c24e-99a495b35917,1777373146,0.45,2.41,yes,"{""count_fp"":""2.41"",""created_time"":""2026-04-28T10:45:46.749358Z"",""no_price_dollars"":""0.5500"",""taker_side"":""yes"",""ticker"":""KXBTC15M-26APR280700-00"",""trade_id"":""8c5f0873-d313-5b98-c24e-99a495b35917"",""yes_price_dollars"":""0.4500""}"
KXBTC15M-26APR280700-00,392cc5ab-3fe5-41ac-c64d-0d02d6181891,1777373146,0.44,1.0,no,"{""count_fp"":""1.00"",""created_time"":""2026-04-28T10:45:46.058319Z"",""no_price_dollars"":""0.5600"",""taker_side"":""no"",""ticker"":""KXBTC15M-26APR280700-00"",""trade_id"":""392cc5ab-3fe5-41ac-c64d-0d02d6181891"",""yes_price_dollars"":""0.4400""}"
KXBTC15M-26APR280700-00,dd3f03a9-e8d1-532e-e22a-b4fa978e478c,1777373147,0.44,12.67,no,"{""count_fp"":""12.67"",""created_time"":""2026-04-28T10:45:47.085656Z"",""no_price_dollars"":""0.5600"",""taker_side"":""no"",""ticker"":""KXBTC15M-26APR280700-00"",""trade_id"":""dd3f03a9-e8d1-532e-e22a-b4fa978e478c"",""yes_price_dollars"":""0.4400""}"
KXBTC15M-26APR280700-00,08bc4b4d-f2a9-5fc8-d7a0-806909b1a6c1,1777373147,0.44,4.36,no,"{""count_fp"":""4.36"",""created_time"":""2026-04-28T10:45:47.085656Z"",""no_price_dollars"":""0.5600"",""taker_side"":""no"",""ticker"":""KXBTC15M-26APR280700-00"",""trade_id"":""08bc4b4d-f2a9-5fc8-d7a0-806909b1a6c1"",""yes_price_dollars"":""0.4400""}"
KXBTC15M-26APR280700-00,ed895de2-c27d-654a-08e1-32ccba632dc4,1777373148,0.44,1.0,no,"{""count_fp"":""1.00"",""created_time"":""2026-04-28T10:45:48.070676Z"",""no_price_dollars"":""0.5600"",""taker_side"":""no"",""ticker"":""KXBTC15M-26APR280700-00"",""trade_id"":""ed895de2-c27d-654a-08e1-32ccba632dc4"",""yes_price_dollars"":""0.4400""}"
KXBTC15M-26APR280700-00,e90b24dc-598f-5398-c709-f959a71427cb,1777373148,0.45,9.66,yes,"{""count_fp"":""9.66"",""created_time"":""2026-04-28T10:45:48.067522Z"",""no_price_dollars"":""0.5500"",""taker_side"":""yes"",""ticker"":""KXBTC15M-26APR280700-00"",""trade_id"":""e90b24dc-598f-5398-c709-f959a71427cb"",""yes_price_dollars"":""0.4500""}"
KXBTC15M-26APR280700-00,d836bd5c-6a06-7977-3bcd-314949958361,1777373149,0.44,1.0,no,"{""count_fp"":""1.00"",""created_time"":""2026-04-28T10:45:49.341375Z"",""no_price_dollars"":""0.5600"",""taker_side"":""no"",""ticker"":""KXBTC15M-26APR280700-00"",""trade_id"":""d836bd5c-6a06-7977-3bcd-314949958361"",""yes_price_dollars"":""0.4400""}"
KXBTC15M-26APR280700-00,7fdadbea-baad-70bc-0f0b-82b94a7374b6,1777373149,0.44,5.0,no,"{""count_fp"":""5.00"",""created_time"":""2026-04-28T10:45:49.341375Z"",""no_price_dollars"":""0.5600"",""taker_side"":""no"",""ticker"":""KXBTC15M-26APR280700-00"",""trade_id"":""7fdadbea-baad-70bc-0f0b-82b94a7374b6"",""yes_price_dollars"":""0.4400""}"
KXBTC15M-26APR280700-00,5691797b-1ad9-7fdd-173d-486bd556d8b0,1777373149,0.44,12.67,no,"{""count_fp"":""12.67"",""created_time"":""2026-04-28T10:45:49.341375Z"",""no_price_dollars"":""0.5600"",""taker_side"":""no"",""ticker"":""KXBTC15M-26APR280700-00"",""trade_id"":""5691797b-1ad9-7fdd-173d-486bd556d8b0"",""yes_price_dollars"":""0.4400""}"
KXBTC15M-26APR280700-00,4f5ad777-9f3a-7324-2ee2-7caafafc51a6,1777373149,0.44,15.0,no,"{""count_fp"":""15.00"",""created_time"":""2026-04-28T10:45:49.341375Z"",""no_price_dollars"":""0.5600"",""taker_side"":""no"",""ticker"":""KXBTC15M-26APR280700-00"",""trade_id"":""4f5ad777-9f3a-7324-2ee2-7caafafc51a6"",""yes_price_dollars"":""0.4400""}"
KXBTC15M-26APR280700-00,3b945d61-453d-749e-0a36-bd4bb7c236e8,1777373149,0.44,6.33,no,"{""count_fp"":""6.33"",""created_time"":""2026-04-28T10:45:49.341375Z"",""no_price_dollars"":""0.5600"",""taker_side"":""no"",""ticker"":""KXBTC15M-26APR280700-00"",""trade_id"":""3b945d61-453d-749e-0a36-bd4bb7c236e8"",""yes_price_dollars"":""0.4400""}"
KXBTC15M-26APR280700-00,387718b5-5533-7738-35b2-86b29ccf33cc,1777373149,0.44,3.25,no,"{""count_fp"":""3.25"",""created_time"":""2026-04-28T10:45:49.341375Z"",""no_price_dollars"":""0.5600"",""taker_side"":""no"",""ticker"":""KXBTC15M-26APR280700-00"",""trade_id"":""387718b5-5533-7738-35b2-86b29ccf33cc"",""yes_price_dollars"":""0.4400""}"
KXBTC15M-26APR280700-00,6e1eff8a-e23b-5cc4-691c-0bfe5f78cdff,1777373149,0.45,21.52,yes,"{""count_fp"":""21.52"",""created_time"":""2026-04-28T10:45:49.225097Z"",""no_price_dollars"":""0.5500"",""taker_side"":""yes"",""ticker"":""KXBTC15M-26APR280700-00"",""trade_id"":""6e1eff8a-e23b-5cc4-691c-0bfe5f78cdff"",""yes_price_dollars"":""0.4500""}"
KXBTC15M-26APR280700-00,05f1c014-790a-526f-5c00-19b411ba0238,1777373149,0.45,191.22,yes,"{""count_fp"":""191.22"",""created_time"":""2026-04-28T10:45:49.225097Z"",""no_price_dollars"":""0.5500"",""taker_side"":""yes"",""ticker"":""KXBTC15M-26APR280700-00"",""trade_id"":""05f1c014-790a-526f-5c00-19b411ba0238"",""yes_price_dollars"":""0.4500""}"
KXBTC15M-26APR280700-00,f34c5697-27f7-6bf1-bc17-542fbf2a27cd,1777373152,0.44,14.25,no,"{""count_fp"":""14.25"",""created_time"":""2026-04-28T10:45:52.646127Z"",""no_price_dollars"":""0.5600"",""taker_side"":""no"",""ticker"":""KXBTC15M-26APR280700-00"",""trade_id"":""f34c5697-27f7-6bf1-bc17-542fbf2a27cd"",""yes_price_dollars"":""0.4400""}"
KXBTC15M-26APR280700-00,d1061861-da1b-6664-aa25-18d9eec6d2e0,1777373152,0.44,34.75,no,"{""count_fp"":""34.75"",""created_time"":""2026-04-28T10:45:52.646127Z"",""no_price_dollars"":""0.5600"",""taker_side"":""no"",""ticker"":""KXBTC15M-26APR280700-00"",""trade_id"":""d1061861-da1b-6664-aa25-18d9eec6d2e0"",""yes_price_dollars"":""0.4400""}"
KXBTC15M-26APR280700-00,c8189fd5-0a15-6a2e-bcfd-6c4f6ac27e9f,1777373152,0.44,17.0,no,"{""count_fp"":""17.00"",""created_time"":""2026-04-28T10:45:52.646127Z"",""no_price_dollars"":""0.5600"",""taker_side"":""no"",""ticker"":""KXBTC15M-26APR280700-00"",""trade_id"":""c8189fd5-0a15-6a2e-bcfd-6c4f6ac27e9f"",""yes_price_dollars"":""0.4400""}"
KXBTC15M-26APR280700-00,b261c191-9487-653d-ac7b-89ff08755581,1777373152,0.44,3.0,no,"{""count_fp"":""3.00"",""created_time"":""2026-04-28T10:45:52.646127Z"",""no_price_dollars"":""0.5600"",""taker_side"":""no"",""ticker"":""KXBTC15M-26APR280700-00"",""trade_id"":""b261c191-9487-653d-ac7b-89ff08755581"",""yes_price_dollars"":""0.4400""}"
KXBTC15M-26APR280700-00,50246394-9997-6a82-81d9-26910e2a108a,1777373152,0.44,11.0,no,"{""count_fp"":""11.00"",""created_time"":""2026-04-28T10:45:52.646127Z"",""no_price_dollars"":""0.5600"",""taker_side"":""no"",""ticker"":""KXBTC15M-26APR280700-00"",""trade_id"":""50246394-9997-6a82-81d9-26910e2a108a"",""yes_price_dollars"":""0.4400""}"
KXBTC15M-26APR280700-00,2acda478-42e8-6aa3-b9d2-81b518614007,1777373152,0.44,1.0,no,"{""count_fp"":""1.00"",""created_time"":""2026-04-28T10:45:52.646127Z"",""no_price_dollars"":""0.5600"",""taker_side"":""no"",""ticker"":""KXBTC15M-26APR280700-00"",""trade_id"":""2acda478-42e8-6aa3-b9d2-81b518614007"",""yes_price_dollars"":""0.4400""}"
KXBTC15M-26APR280700-00,258a572b-e5e4-6144-ae00-8c9e39aa3b84,1777373152,0.44,19.0,no,"{""count_fp"":""19.00"",""created_time"":""2026-04-28T10:45:52.646127Z"",""no_price_dollars"":""0.5600"",""taker_side"":""no"",""ticker"":""KXBTC15M-26APR280700-00"",""trade_id"":""258a572b-e5e4-6144-ae00-8c9e39aa3b84"",""yes_price_dollars"":""0.4400""}"
KXBTC15M-26APR280700-00,70ec950b-ac9b-57c4-7491-51b1a3e40be7,1777373152,0.45,1.0,yes,"{""count_fp"":""1.00"",""created_time"":""2026-04-28T10:45:52.601442Z"",""no_price_dollars"":""0.5500"",""taker_side"":""yes"",""ticker"":""KXBTC15M-26APR280700-00"",""trade_id"":""70ec950b-ac9b-57c4-7491-51b1a3e40be7"",""yes_price_dollars"":""0.4500""}"
KXBTC15M-26APR280700-00,fc127d8a-ed8f-6324-33ba-bb621354f4e3,1777373153,0.45,10.0,yes,"{""count_fp"":""10.00"",""created_time"":""2026-04-28T10:45:53.765414Z"",""no_price_dollars"":""0.5500"",""taker_side"":""yes"",""ticker"":""KXBTC15M-26APR280700-00"",""trade_id"":""fc127d8a-ed8f-6324-33ba-bb621354f4e3"",""yes_price_dollars"":""0.4500""}"
KXBTC15M-26APR280700-00,e9448e6e-6c4f-5687-1c51-31ed37d6268a,1777373153,0.44,1.0,no,"{""count_fp"":""1.00"",""created_time"":""2026-04-28T10:45:53.451583Z"",""no_price_dollars"":""0.5600"",""taker_side"":""no"",""ticker"":""KXBTC15M-26APR280700-00"",""trade_id"":""e9448e6e-6c4f-5687-1c51-31ed37d6268a"",""yes_price_dollars"":""0.4400""}"
KXBTC15M-26APR280700-00,4774eb77-a0de-5a3f-c6a1-5e113ce807dc,1777373154,0.45,0.53,yes,"{""count_fp"":""0.53"",""created_time"":""2026-04-28T10:45:54.969873Z"",""no_price_dollars"":""0.5500"",""taker_side"":""yes"",""ticker"":""KXBTC15M-26APR280700-00"",""trade_id"":""4774eb77-a0de-5a3f-c6a1-5e113ce807dc"",""yes_price_dollars"":""0.4500""}"
KXBTC15M-26APR280700-00,183a64af-e9cf-65ff-b08d-c4762911c852,1777373154,0.44,5.19,no,"{""count_fp"":""5.19"",""created_time"":""2026-04-28T10:45:54.874629Z"",""no_price_dollars"":""0.5600"",""taker_side"":""no"",""ticker"":""KXBTC15M-26APR280700-00"",""trade_id"":""183a64af-e9cf-65ff-b08d-c4762911c852"",""yes_price_dollars"":""0.4400""}"
KXBTC15M-26APR280700-00,fb3d1a43-6b3a-66bb-03bd-3264d015f3a8,1777373154,0.45,3.82,yes,"{""count_fp"":""3.82"",""created_time"":""2026-04-28T10:45:54.562492Z"",""no_price_dollars"":""0.5500"",""taker_side"":""yes"",""ticker"":""KXBTC15M-26APR280700-00"",""trade_id"":""fb3d1a43-6b3a-66bb-03bd-3264d015f3a8"",""yes_price_dollars"":""0.4500""}"
KXBTC15M-26APR280700-00,28fa381d-7c57-63c6-02b9-cc16d3844c47,1777373154,0.45,11.15,yes,"{""count_fp"":""11.15"",""created_time"":""2026-04-28T10:45:54.562492Z"",""no_price_dollars"":""0.5500"",""taker_side"":""yes"",""ticker"":""KXBTC15M-26APR280700-00"",""trade_id"":""28fa381d-7c57-63c6-02b9-cc16d3844c47"",""yes_price_dollars"":""0.4500""}"
KXBTC15M-26APR280700-00,eb9c82bb-88ff-45b8-f480-ab43c90ff813,1777373154,0.45,7.51,yes,"{""count_fp"":""7.51"",""created_time"":""2026-04-28T10:45:54.499519Z"",""no_price_dollars"":""0.5500"",""taker_side"":""yes"",""ticker"":""KXBTC15M-26APR280700-00"",""trade_id"":""eb9c82bb-88ff-45b8-f480-ab43c90ff813"",""yes_price_dollars"":""0.4500""}"
KXBTC15M-26APR280700-00,94c5be24-2be6-47a6-c638-50faf0543e52,1777373154,0.45,10.0,yes,"{""count_fp"":""10.00"",""created_time"":""2026-04-28T10:45:54.499519Z"",""no_price_dollars"":""0.5500"",""taker_side"":""yes"",""ticker"":""KXBTC15M-26APR280700-00"",""trade_id"":""94c5be24-2be6-47a6-c638-50faf0543e52"",""yes_price_dollars"":""0.4500""}"
KXBTC15M-26APR280700-00,66e429df-f993-4dd2-fe1e-5cdb3ebacb07,1777373154,0.45,3.82,yes,"{""count_fp"":""3.82"",""created_time"":""2026-04-28T10:45:54.499519Z"",""no_price_dollars"":""0.5500"",""taker_side"":""yes"",""ticker"":""KXBTC15M-26APR280700-00"",""trade_id"":""66e429df-f993-4dd2-fe1e-5cdb3ebacb07"",""yes_price_dollars"":""0.4500""}"
KXBTC15M-26APR280700-00,4e01d0a5-1413-4edc-bc5a-390bdb92f72b,1777373154,0.45,1.49,yes,"{""count_fp"":""1.49"",""created_time"":""2026-04-28T10:45:54.356614Z"",""no_price_dollars"":""0.5500"",""taker_side"":""yes"",""ticker"":""KXBTC15M-26APR280700-00"",""trade_id"":""4e01d0a5-1413-4edc-bc5a-390bdb92f72b"",""yes_price_dollars"":""0.4500""}"
KXBTC15M-26APR280700-00,532fd400-67bf-476b-ea1c-d19bbfe37732,1777373154,0.44,1.0,no,"{""count_fp"":""1.00"",""created_time"":""2026-04-28T10:45:54.089582Z"",""no_price_dollars"":""0.5600"",""taker_side"":""no"",""ticker"":""KXBTC15M-26APR280700-00"",""trade_id"":""532fd400-67bf-476b-ea1c-d19bbfe37732"",""yes_price_dollars"":""0.4400""}"
KXBTC15M-26APR280700-00,fdc6cc77-7156-4ae4-0dcc-9f89fb9f32bc,1777373156,0.44,1.73,no,"{""count_fp"":""1.73"",""created_time"":""2026-04-28T10:45:56.989587Z"",""no_price_dollars"":""0.5600"",""taker_side"":""no"",""ticker"":""KXBTC15M-26APR280700-00"",""trade_id"":""fdc6cc77-7156-4ae4-0dcc-9f89fb9f32bc"",""yes_price_dollars"":""0.4400""}"
KXBTC15M-26APR280700-00,3e63eb84-f79e-5a44-7320-45c689758e84,1777373156,0.44,1.0,no,"{""count_fp"":""1.00"",""created_time"":""2026-04-28T10:45:56.100888Z"",""no_price_dollars"":""0.5600"",""taker_side"":""no"",""ticker"":""KXBTC15M-26APR280700-00"",""trade_id"":""3e63eb84-f79e-5a44-7320-45c689758e84"",""yes_price_dollars"":""0.4400""}"
KXBTC15M-26APR280700-00,adf6ae3e-7de7-6292-a291-6b1a763476d7,1777373157,0.42,9.0,no,"{""count_fp"":""9.00"",""created_time"":""2026-04-28T10:45:57.452834Z"",""no_price_dollars"":""0.5800"",""taker_side"":""no"",""ticker"":""KXBTC15M-26APR280700-00"",""trade_id"":""adf6ae3e-7de7-6292-a291-6b1a763476d7"",""yes_price_dollars"":""0.4200""}"
KXBTC15M-26APR280700-00,a3d39fea-5a0d-6648-b9a8-67aa4205b731,1777373157,0.42,12.0,no,"{""count_fp"":""12.00"",""created_time"":""2026-04-28T10:45:57.452834Z"",""no_price_dollars"":""0.5800"",""taker_side"":""no"",""ticker"":""KXBTC15M-26APR280700-00"",""trade_id"":""a3d39fea-5a0d-6648-b9a8-67aa4205b731"",""yes_price_dollars"":""0.4200""}"
KXBTC15M-26APR280700-00,869b65b4-83d4-62c9-b4b6-3a5991123b05,1777373157,0.42,1.0,no,"{""count_fp"":""1.00"",""created_time"":""2026-04-28T10:45:57.452834Z"",""no_price_dollars"":""0.5800"",""taker_side"":""no"",""ticker"":""KXBTC15M-26APR280700-00"",""trade_id"":""869b65b4-83d4-62c9-b4b6-3a5991123b05"",""yes_price_dollars"":""0.4200""}"
KXBTC15M-26APR280700-00,216709cb-4fff-603d-8d77-0479ac200e34,1777373157,0.42,1.0,no,"{""count_fp"":""1.00"",""created_time"":""2026-04-28T10:45:57.452834Z"",""no_price_dollars"":""0.5800"",""taker_side"":""no"",""ticker"":""KXBTC15M-26APR280700-00"",""trade_id"":""216709cb-4fff-603d-8d77-0479ac200e34"",""yes_price_dollars"":""0.4200""}"
KXBTC15M-26APR280700-00,9e739812-03ce-5d11-af85-8ba404c2e4c1,1777373157,0.44,1.04,yes,"{""count_fp"":""1.04"",""created_time"":""2026-04-28T10:45:57.090059Z"",""no_price_dollars"":""0.5600"",""taker_side"":""yes"",""ticker"":""KXBTC15M-26APR280700-00"",""trade_id"":""9e739812-03ce-5d11-af85-8ba404c2e4c1"",""yes_price_dollars"":""0.4400""}"
KXBTC15M-26APR280700-00,b6e428bf-ce07-7f95-0714-9b52e05f2fae,1777373157,0.43,1.0,no,"{""count_fp"":""1.00"",""created_time"":""2026-04-28T10:45:57.089723Z"",""no_price_dollars"":""0.5700"",""taker_side"":""no"",""ticker"":""KXBTC15M-26APR280700-00"",""trade_id"":""b6e428bf-ce07-7f95-0714-9b52e05f2fae"",""yes_price_dollars"":""0.4300""}"
KXBTC15M-26APR280700-00,6985f9c3-1cff-755b-1039-5dd400beaa2b,1777373157,0.43,56.0,no,"{""count_fp"":""56.00"",""created_time"":""2026-04-28T10:45:57.089723Z"",""no_price_dollars"":""0.5700"",""taker_side"":""no"",""ticker"":""KXBTC15M-26APR280700-00"",""trade_id"":""6985f9c3-1cff-755b-1039-5dd400beaa2b"",""yes_price_dollars"":""0.4300""}"
KXBTC15M-26APR280700-00,f5095d9b-3e87-7d50-378e-7b06289ed7ad,1777373157,0.44,14.25,no,"{""count_fp"":""14.25"",""created_time"":""2026-04-28T10:45:57.003535Z"",""no_price_dollars"":""0.5600"",""taker_side"":""no"",""ticker"":""KXBTC15M-26APR280700-00"",""trade_id"":""f5095d9b-3e87-7d50-378e-7b06289ed7ad"",""yes_price_dollars"":""0.4400""}"
KXBTC15M-26APR280700-00,dc21089e-7dce-7fde-33a8-2ff910f47d9e,1777373157,0.44,5.0,no,"{""count_fp"":""5.00"",""created_time"":""2026-04-28T10:45:57.003535Z"",""no_price_dollars"":""0.5600"",""taker_side"":""no"",""ticker"":""KXBTC15M-26APR280700-00"",""trade_id"":""dc21089e-7dce-7fde-33a8-2ff910f47d9e"",""yes_price_dollars"":""0.4400""}"
KXBTC15M-26APR280700-00,d6192730-dade-7104-1070-2722da822878,1777373157,0.44,4.17,no,"{""count_fp"":""4.17"",""created_time"":""2026-04-28T10:45:57.003535Z"",""no_price_dollars"":""0.5600"",""taker_side"":""no"",""ticker"":""KXBTC15M-26APR280700-00"",""trade_id"":""d6192730-dade-7104-1070-2722da822878"",""yes_price_dollars"":""0.4400""}"
KXBTC15M-26APR280700-00,cd9fc553-d9a8-7769-2c8b-4d879534216c,1777373157,0.44,18.0,no,"{""count_fp"":""18.00"",""created_time"":""2026-04-28T10:45:57.003535Z"",""no_price_dollars"":""0.5600"",""taker_side"":""no"",""ticker"":""KXBTC15M-26APR280700-00"",""trade_id"":""cd9fc553-d9a8-7769-2c8b-4d879534216c"",""yes_price_dollars"":""0.4400""}"
KXBTC15M-26APR280700-00,14993b3e-f02a-7f58-33ed-ff1dfa69eea8,1777373157,0.44,20.0,no,"{""count_fp"":""20.00"",""created_time"":""2026-04-28T10:45:57.003535Z"",""no_price_dollars"":""0.5600"",""taker_side"":""no"",""ticker"":""KXBTC15M-26APR280700-00"",""trade_id"":""14993b3e-f02a-7f58-33ed-ff1dfa69eea8"",""yes_price_dollars"":""0.4400""}"
KXBTC15M-26APR280700-00,1391bd24-d77e-75b2-02aa-4fa43a189b77,1777373157,0.44,10.0,no,"{""count_fp"":""10.00"",""created_time"":""2026-04-28T10:45:57.003535Z"",""no_price_dollars"":""0.5600"",""taker_side"":""no"",""ticker"":""KXBTC15M-26APR280700-00"",""trade_id"":""1391bd24-d77e-75b2-02aa-4fa43a189b77"",""yes_price_dollars"":""0.4400""}"
KXBTC15M-26APR280700-00,b4ed76d4-30b6-5bbd-e510-884d81473162,1777373158,0.43,17.11,yes,"{""count_fp"":""17.11"",""created_time"":""2026-04-28T10:45:58.507772Z"",""no_price_dollars"":""0.5700"",""taker_side"":""yes"",""ticker"":""KXBTC15M-26APR280700-00"",""trade_id"":""b4ed76d4-30b6-5bbd-e510-884d81473162"",""yes_price_dollars"":""0.4300""}"
KXBTC15M-26APR280700-00,306f9762-6186-4419-546f-14f7e5ee1d12,1777373158,0.43,21.39,yes,"{""count_fp"":""21.39"",""created_time"":""2026-04-28T10:45:58.228072Z"",""no_price_dollars"":""0.5700"",""taker_side"":""yes"",""ticker"":""KXBTC15M-26APR280700-00"",""trade_id"":""306f9762-6186-4419-546f-14f7e5ee1d12"",""yes_price_dollars"":""0.4300""}"
KXBTC15M-26APR280700-00,837f1589-dc33-4848-6fd3-945eeb65ac78,1777373159,0.43,55.9,yes,"{""count_fp"":""55.90"",""created_time"":""2026-04-28T10:45:59.839822Z"",""no_price_dollars"":""0.5700"",""taker_side"":""yes"",""ticker"":""KXBTC15M-26APR280700-00"",""trade_id"":""837f1589-dc33-4848-6fd3-945eeb65ac78"",""yes_price_dollars"":""0.4300""}"
KXBTC15M-26APR280700-00,30f1e1ed-585e-5855-bc67-2a7d96450a42,1777373159,0.43,1.5,yes,"{""count_fp"":""1.50"",""created_time"":""2026-04-28T10:45:59.085347Z"",""no_price_dollars"":""0.5700"",""taker_side"":""yes"",""ticker"":""KXBTC15M-26APR280700-00"",""trade_id"":""30f1e1ed-585e-5855-bc67-2a7d96450a42"",""yes_price_dollars"":""0.4300""}"
KXBTC15M-26APR280700-00,2e869d7f-1e43-56c0-a844-b14acf1004c8,1777373159,0.43,248.5,yes,"{""count_fp"":""248.50"",""created_time"":""2026-04-28T10:45:59.085347Z"",""no_price_dollars"":""0.5700"",""taker_side"":""yes"",""ticker"":""KXBTC15M-26APR280700-00"",""trade_id"":""2e869d7f-1e43-56c0-a844-b14acf1004c8"",""yes_price_dollars"":""0.4300""}"
KXBTC15M-26APR280700-00,94853436-31d2-4423-42b2-f2165e430410,1777373160,0.43,22.36,yes,"{""count_fp"":""22.36"",""created_time"":""2026-04-28T10:46:00.786773Z"",""no_price_dollars"":""0.5700"",""taker_side"":""yes"",""ticker"":""KXBTC15M-26APR280700-00"",""trade_id"":""94853436-31d2-4423-42b2-f2165e430410"",""yes_price_dollars"":""0.4300""}"
KXBTC15M-26APR280700-00,8864e1ad-9f7a-68a7-4dab-61b3fa1a41e8,1777373160,0.43,1.06,yes,"{""count_fp"":""1.06"",""created_time"":""2026-04-28T10:46:00.583325Z"",""no_price_dollars"":""0.5700"",""taker_side"":""yes"",""ticker"":""KXBTC15M-26APR280700-00"",""trade_id"":""8864e1ad-9f7a-68a7-4dab-61b3fa1a41e8"",""yes_price_dollars"":""0.4300""}"
KXBTC15M-26APR280700-00,f13c35c1-c1c3-61bb-e580-ae6f1712d37c,1777373160,0.41,119.0,no,"{""count_fp"":""119.00"",""created_time"":""2026-04-28T10:46:00.103318Z"",""no_price_dollars"":""0.5900"",""taker_side"":""no"",""ticker"":""KXBTC15M-26APR280700-00"",""trade_id"":""f13c35c1-c1c3-61bb-e580-ae6f1712d37c"",""yes_price_dollars"":""0.4100""}"
KXBTC15M-26APR280700-00,ef2b4cc6-91e7-6c82-ec70-e6338b1266bb,1777373160,0.4,40.0,no,"{""count_fp"":""40.00"",""created_time"":""2026-04-28T10:46:00.103318Z"",""no_price_dollars"":""0.6000"",""taker_side"":""no"",""ticker"":""KXBTC15M-26APR280700-00"",""trade_id"":""ef2b4cc6-91e7-6c82-ec70-e6338b1266bb"",""yes_price_dollars"":""0.4000""}"
KXBTC15M-26APR280700-00,a25ad0cb-e816-6f15-d50d-7ec4dd113ad4,1777373160,0.42,7.0,no,"{""count_fp"":""7.00"",""created_time"":""2026-04-28T10:46:00.103318Z"",""no_price_dollars"":""0.5800"",""taker_side"":""no"",""ticker"":""KXBTC15M-26APR280700-00"",""trade_id"":""a25ad0cb-e816-6f15-d50d-7ec4dd113ad4"",""yes_price_dollars"":""0.4200""}"
KXBTC15M-26APR280700-00,96f02876-2ff4-6b38-e4c6-e735e8376f09,1777373160,0.4,1.0,no,"{""count_fp"":""1.00"",""created_time"":""2026-04-28T10:46:00.103318Z"",""no_price_dollars"":""0.6000"",""taker_side"":""no"",""ticker"":""KXBTC15M-26APR280700-00"",""trade_id"":""96f02876-2ff4-6b38-e4c6-e735e8376f09"",""yes_price_dollars"":""0.4000""}"
KXBTC15M-26APR280700-00,7d590f3e-cd3f-6deb-cbed-da5ba6a2d876,1777373160,0.41,25.0,no,"{""count_fp"":""25.00"",""created_time"":""2026-04-28T10:46:00.103318Z"",""no_price_dollars"":""0.5900"",""taker_side"":""no"",""ticker"":""KXBTC15M-26APR280700-00"",""trade_id"":""7d590f3e-cd3f-6deb-cbed-da5ba6a2d876"",""yes_price_dollars"":""0.4100""}"
KXBTC15M-26APR280700-00,6dcf45bd-b902-6a1e-cb1d-665fa490baa7,1777373160,0.39,43.94,no,"{""count_fp"":""43.94"",""created_time"":""2026-04-28T10:46:00.103318Z"",""no_price_dollars"":""0.6100"",""taker_side"":""no"",""ticker"":""KXBTC15M-26APR280700-00"",""trade_id"":""6dcf45bd-b902-6a1e-cb1d-665fa490baa7"",""yes_price_dollars"":""0.3900""}"
KXBTC15M-26APR280700-00,5daadfcb-ddee-68af-eccd-73b3921feda0,1777373160,0.41,5.0,no,"{""count_fp"":""5.00"",""created_time"":""2026-04-28T10:46:00.103318Z"",""no_price_dollars"":""0.5900"",""taker_side"":""no"",""ticker"":""KXBTC15M-26APR280700-00"",""trade_id"":""5daadfcb-ddee-68af-eccd-73b3921feda0"",""yes_price_dollars"":""0.4100""}"
KXBTC15M-26APR280700-00,38c0ca52-8881-6430-d3f1-f4980c0900f3,1777373160,0.41,40.0,no,"{""count_fp"":""40.00"",""created_time"":""2026-04-28T10:46:00.103318Z"",""no_price_dollars"":""0.5900"",""taker_side"":""no"",""ticker"":""KXBTC15M-26APR280700-00"",""trade_id"":""38c0ca52-8881-6430-d3f1-f4980c0900f3"",""yes_price_dollars"":""0.4100""}"
KXBTC15M-26APR280700-00,3180fef0-f947-67ae-de7c-343950a5a97f,1777373160,0.42,0.05,no,"{""count_fp"":""0.05"",""created_time"":""2026-04-28T10:46:00.103318Z"",""no_price_dollars"":""0.5800"",""taker_side"":""no"",""ticker"":""KXBTC15M-26APR280700-00"",""trade_id"":""3180fef0-f947-67ae-de7c-343950a5a97f"",""yes_price_dollars"":""0.4200""}"
KXBTC15M-26APR280700-00,312b88e8-dca4-6e7b-c0c7-7aece2511440,1777373160,0.41,5.0,no,"{""count_fp"":""5.00"",""created_time"":""2026-04-28T10:46:00.103318Z"",""no_price_dollars"":""0.5900"",""taker_side"":""no"",""ticker"":""KXBTC15M-26APR280700-00"",""trade_id"":""312b88e8-dca4-6e7b-c0c7-7aece2511440"",""yes_price_dollars"":""0.4100""}"
KXBTC15M-26APR280700-00,2f68df47-1066-6289-d6fb-b9ad7ac65ebd,1777373160,0.41,3.0,no,"{""count_fp"":""3.00"",""created_time"":""2026-04-28T10:46:00.103318Z"",""no_price_dollars"":""0.5900"",""taker_side"":""no"",""ticker"":""KXBTC15M-26APR280700-00"",""trade_id"":""2f68df47-1066-6289-d6fb-b9ad7ac65ebd"",""yes_price_dollars"":""0.4100""}"
KXBTC15M-26APR280700-00,05ecc24c-3762-6681-cb5a-81ae1b4a260c,1777373160,0.4,119.0,no,"{""count_fp"":""119.00"",""created_time"":""2026-04-28T10:46:00.103318Z"",""no_price_dollars"":""0.6000"",""taker_side"":""no"",""ticker"":""KXBTC15M-26APR280700-00"",""trade_id"":""05ecc24c-3762-6681-cb5a-81ae1b4a260c"",""yes_price_dollars"":""0.4000""}"
KXBTC15M-26APR280700-00,8295f341-e9ba-6d73-b2c5-dd6341ddaa00,1777373161,0.43,9.0,yes,"{""count_fp"":""9.00"",""created_time"":""2026-04-28T10:46:01.895658Z"",""no_price_dollars"":""0.5700"",""taker_side"":""yes"",""ticker"":""KXBTC15M-26APR280700-00"",""trade_id"":""8295f341-e9ba-6d73-b2c5-dd6341ddaa00"",""yes_price_dollars"":""0.4300""}"
KXBTC15M-26APR280700-00,8ce3114e-1e27-5c8c-b75c-50a91808181f,1777373162,0.42,1.0,no,"{""count_fp"":""1.00"",""created_time"":""2026-04-28T10:46:02.118559Z"",""no_price_dollars"":""0.5800"",""taker_side"":""no"",""ticker"":""KXBTC15M-26APR280700-00"",""trade_id"":""8ce3114e-1e27-5c8c-b75c-50a91808181f"",""yes_price_dollars"":""0.4200""}"
KXBTC15M-26APR280700-00,b3bb1269-9908-4b0d-0d43-2f665f785922,1777373163,0.41,1.0,no,"{""count_fp"":""1.00"",""created_time"":""2026-04-28T10:46:03.972303Z"",""no_price_dollars"":""0.5900"",""taker_side"":""no"",""ticker"":""KXBTC15M-26APR280700-00"",""trade_id"":""b3bb1269-9908-4b0d-0d43-2f665f785922"",""yes_price_dollars"":""0.4100""}"
KXBTC15M-26APR280700-00,dde1fedc-c0bc-5b84-6e70-5068065e3941,1777373163,0.42,4.47,yes,"{""count_fp"":""4.47"",""created_time"":""2026-04-28T10:46:03.949958Z"",""no_price_dollars"":""0.5800"",""taker_side"":""yes"",""ticker"":""KXBTC15M-26APR280700-00"",""trade_id"":""dde1fedc-c0bc-5b84-6e70-5068065e3941"",""yes_price_dollars"":""0.4200""}"
KXBTC15M-26APR280700-00,76114426-965c-7fe0-654b-8f336d857a71,1777373163,0.42,11.0,yes,"{""count_fp"":""11.00"",""created_time"":""2026-04-28T10:46:03.341458Z"",""no_price_dollars"":""0.5800"",""taker_side"":""yes"",""ticker"":""KXBTC15M-26APR280700-00"",""trade_id"":""76114426-965c-7fe0-654b-8f336d857a71"",""yes_price_dollars"":""0.4200""}"
KXBTC15M-26APR280700-00,897bb903-32a7-5e84-3b15-6ebfad1c3147,1777373163,0.42,13.89,no,"{""count_fp"":""13.89"",""created_time"":""2026-04-28T10:46:03.186056Z"",""no_price_dollars"":""0.5800"",""taker_side"":""no"",""ticker"":""KXBTC15M-26APR280700-00"",""trade_id"":""897bb903-32a7-5e84-3b15-6ebfad1c3147"",""yes_price_dollars"":""0.4200""}"
KXBTC15M-26APR280700-00,07bffc65-2614-56ab-337f-e91a87359ceb,1777373163,0.41,2.81,no,"{""count_fp"":""2.81"",""created_time"":""2026-04-28T10:46:03.186056Z"",""no_price_dollars"":""0.5900"",""taker_side"":""no"",""ticker"":""KXBTC15M-26APR280700-00"",""trade_id"":""07bffc65-2614-56ab-337f-e91a87359ceb"",""yes_price_dollars"":""0.4100""}"
KXBTC15M-26APR280700-00,8a648744-a38e-5be7-1f3f-d2a1b497ef94,1777373164,0.42,1.0,yes,"{""count_fp"":""1.00"",""created_time"":""2026-04-28T10:46:04.837353Z"",""no_price_dollars"":""0.5800"",""taker_side"":""yes"",""ticker"":""KXBTC15M-26APR280700-00"",""trade_id"":""8a648744-a38e-5be7-1f3f-d2a1b497ef94"",""yes_price_dollars"":""0.4200""}"
KXBTC15M-26APR280700-00,aa0ab0a5-558e-6922-432e-8b2158cf5313,1777373164,0.4,120.91,no,"{""count_fp"":""120.91"",""created_time"":""2026-04-28T10:46:04.568303Z"",""no_price_dollars"":""0.6000"",""taker_side"":""no"",""ticker"":""KXBTC15M-26APR280700-00"",""trade_id"":""aa0ab0a5-558e-6922-432e-8b2158cf5313"",""yes_price_dollars"":""0.4000""}"
KXBTC15M-26APR280700-00,1bcc1283-1bf3-6b0f-7f58-7ce2723b85ea,1777373164,0.41,40.0,no,"{""count_fp"":""40.00"",""created_time"":""2026-04-28T10:46:04.568303Z"",""no_price_dollars"":""0.5900"",""taker_side"":""no"",""ticker"":""KXBTC15M-26APR280700-00"",""trade_id"":""1bcc1283-1bf3-6b0f-7f58-7ce2723b85ea"",""yes_price_dollars"":""0.4100""}"
KXBTC15M-26APR280700-00,deaf4ed4-a384-5039-72f0-d42732fb310e,1777373164,0.41,14.73,no,"{""count_fp"":""14.73"",""created_time"":""2026-04-28T10:46:04.515788Z"",""no_price_dollars"":""0.5900"",""taker_side"":""no"",""ticker"":""KXBTC15M-26APR280700-00"",""trade_id"":""deaf4ed4-a384-5039-72f0-d42732fb310e"",""yes_price_dollars"":""0.4100""}"
KXBTC15M-26APR280700-00,b2b72873-09c2-5e51-7a72-1a71febf2ea9,1777373164,0.41,4.0,no,"{""count_fp"":""4.00"",""created_time"":""2026-04-28T10:46:04.515788Z"",""no_price_dollars"":""0.5900"",""taker_side"":""no"",""ticker"":""KXBTC15M-26APR280700-00"",""trade_id"":""b2b72873-09c2-5e51-7a72-1a71febf2ea9"",""yes_price_dollars"":""0.4100""}"
KXBTC15M-26APR280700-00,a8792945-6afb-521c-696f-e46eb22184a4,1777373164,0.41,10.0,no,"{""count_fp"":""10.00"",""created_time"":""2026-04-28T10:46:04.515788Z"",""no_price_dollars"":""0.5900"",""taker_side"":""no"",""ticker"":""KXBTC15M-26APR280700-00"",""trade_id"":""a8792945-6afb-521c-696f-e46eb22184a4"",""yes_price_dollars"":""0.4100""}"
KXBTC15M-26APR280700-00,94f1a0af-fc1d-562c-5cc7-238ea5b5f0cb,1777373164,0.41,3.0,no,"{""count_fp"":""3.00"",""created_time"":""2026-04-28T10:46:04.515788Z"",""no_price_dollars"":""0.5900"",""taker_side"":""no"",""ticker"":""KXBTC15M-26APR280700-00"",""trade_id"":""94f1a0af-fc1d-562c-5cc7-238ea5b5f0cb"",""yes_price_dollars"":""0.4100""}"
KXBTC15M-26APR280700-00,32706570-40f5-59d7-5902-3eb43eb90c64,1777373164,0.4,40.0,no,"{""count_fp"":""40.00"",""created_time"":""2026-04-28T10:46:04.515788Z"",""no_price_dollars"":""0.6000"",""taker_side"":""no"",""ticker"":""KXBTC15M-26APR280700-00"",""trade_id"":""32706570-40f5-59d7-5902-3eb43eb90c64"",""yes_price_dollars"":""0.4000""}"
KXBTC15M-26APR280700-00,22457bbf-4f14-5957-5fa0-bbd66ccd5343,1777373164,0.41,40.0,no,"{""count_fp"":""40.00"",""created_time"":""2026-04-28T10:46:04.515788Z"",""no_price_dollars"":""0.5900"",""taker_side"":""no"",""ticker"":""KXBTC15M-26APR280700-00"",""trade_id"":""22457bbf-4f14-5957-5fa0-bbd66ccd5343"",""yes_price_dollars"":""0.4100""}"
KXBTC15M-26APR280700-00,094c0a01-6d8e-5ad6-6d50-be9b6d08a6df,1777373164,0.4,115.74,no,"{""count_fp"":""115.74"",""created_time"":""2026-04-28T10:46:04.515788Z"",""no_price_dollars"":""0.6000"",""taker_side"":""no"",""ticker"":""KXBTC15M-26APR280700-00"",""trade_id"":""094c0a01-6d8e-5ad6-6d50-be9b6d08a6df"",""yes_price_dollars"":""0.4000""}"
KXBTC15M-26APR280700-00,df453a99-b8d0-4201-cdc0-f9ee1e7d93be,1777373164,0.41,1.0,no,"{""count_fp"":""1.00"",""created_time"":""2026-04-28T10:46:04.125408Z"",""no_price_dollars"":""0.5900"",""taker_side"":""no"",""ticker"":""KXBTC15M-26APR280700-00"",""trade_id"":""df453a99-b8d0-4201-cdc0-f9ee1e7d93be"",""yes_price_dollars"":""0.4100""}"
KXBTC15M-26APR280700-00,753e9472-f6c6-6543-de26-ec5ea605eb84,1777373165,0.42,0.38,yes,"{""count_fp"":""0.38"",""created_time"":""2026-04-28T10:46:05.597287Z"",""no_price_dollars"":""0.5800"",""taker_side"":""yes"",""ticker"":""KXBTC15M-26APR280700-00"",""trade_id"":""753e9472-f6c6-6543-de26-ec5ea605eb84"",""yes_price_dollars"":""0.4200""}"
KXBTC15M-26APR280700-00,d226e1c5-2997-7479-cd0d-1cc0a5f83c32,1777373165,0.41,1.0,no,"{""count_fp"":""1.00"",""created_time"":""2026-04-28T10:46:05.350044Z"",""no_price_dollars"":""0.5900"",""taker_side"":""no"",""ticker"":""KXBTC15M-26APR280700-00"",""trade_id"":""d226e1c5-2997-7479-cd0d-1cc0a5f83c32"",""yes_price_dollars"":""0.4100""}"
KXBTC15M-26APR280700-00,95f2d192-fe72-67fb-0101-fe4125a3e430,1777373166,0.42,114.4,yes,"{""count_fp"":""114.40"",""created_time"":""2026-04-28T10:46:06.345773Z"",""no_price_dollars"":""0.5800"",""taker_side"":""yes"",""ticker"":""KXBTC15M-26APR280700-00"",""trade_id"":""95f2d192-fe72-67fb-0101-fe4125a3e430"",""yes_price_dollars"":""0.4200""}"
KXBTC15M-26APR280700-00,a1f5a17c-bb3f-5d45-731f-7225a836dbfe,1777373166,0.41,8.0,no,"{""count_fp"":""8.00"",""created_time"":""2026-04-28T10:46:06.150991Z"",""no_price_dollars"":""0.5900"",""taker_side"":""no"",""ticker"":""KXBTC15M-26APR280700-00"",""trade_id"":""a1f5a17c-bb3f-5d45-731f-7225a836dbfe"",""yes_price_dollars"":""0.4100""}"
KXBTC15M-26APR280700-00,92cfb902-57b3-5aa4-49c5-911135bd0443,1777373166,0.41,2.0,no,"{""count_fp"":""2.00"",""created_time"":""2026-04-28T10:46:06.150991Z"",""no_price_dollars"":""0.5900"",""taker_side"":""no"",""ticker"":""KXBTC15M-26APR280700-00"",""trade_id"":""92cfb902-57b3-5aa4-49c5-911135bd0443"",""yes_price_dollars"":""0.4100""}"
KXBTC15M-26APR280700-00,23c55e4f-caf9-5e67-56d1-f5bea2dd3350,1777373168,0.41,1.37,yes,"{""count_fp"":""1.37"",""created_time"":""2026-04-28T10:46:08.694273Z"",""no_price_dollars"":""0.5900"",""taker_side"":""yes"",""ticker"":""KXBTC15M-26APR280700-00"",""trade_id"":""23c55e4f-caf9-5e67-56d1-f5bea2dd3350"",""yes_price_dollars"":""0.4100""}"
KXBTC15M-26APR280700-00,fb5f8987-3239-5343-926b-25bb70443ab8,1777373168,0.41,20.0,yes,"{""count_fp"":""20.00"",""created_time"":""2026-04-28T10:46:08.319867Z"",""no_price_dollars"":""0.5900"",""taker_side"":""yes"",""ticker"":""KXBTC15M-26APR280700-00"",""trade_id"":""fb5f8987-3239-5343-926b-25bb70443ab8"",""yes_price_dollars"":""0.4100""}"
KXBTC15M-26APR280700-00,c4167d60-a621-4c66-6623-d6c575673dea,1777373168,0.4,7.8,no,"{""count_fp"":""7.80"",""created_time"":""2026-04-28T10:46:08.220915Z"",""no_price_dollars"":""0.6000"",""taker_side"":""no"",""ticker"":""KXBTC15M-26APR280700-00"",""trade_id"":""c4167d60-a621-4c66-6623-d6c575673dea"",""yes_price_dollars"":""0.4000""}"
KXBTC15M-26APR280700-00,31460c44-d615-7aa6-2ceb-c0c521d62aa6,1777373169,0.4,16.21,no,"{""count_fp"":""16.21"",""created_time"":""2026-04-28T10:46:09.373704Z"",""no_price_dollars"":""0.6000"",""taker_side"":""no"",""ticker"":""KXBTC15M-26APR280700-00"",""trade_id"":""31460c44-d615-7aa6-2ceb-c0c521d62aa6"",""yes_price_dollars"":""0.4000""}"
KXBTC15M-26APR280700-00,b19b571b-4589-6aae-35e9-36ad75d6e51a,1777373170,0.4,1.0,no,"{""count_fp"":""1.00"",""created_time"":""2026-04-28T10:46:10.145021Z"",""no_price_dollars"":""0.6000"",""taker_side"":""no"",""ticker"":""KXBTC15M-26APR280700-00"",""trade_id"":""b19b571b-4589-6aae-35e9-36ad75d6e51a"",""yes_price_dollars"":""0.4000""}"
KXBTC15M-26APR280700-00,b39f3598-d8fd-604e-0678-cd4d5d15a17e,1777373170,0.4,4.86,no,"{""count_fp"":""4.86"",""created_time"":""2026-04-28T10:46:10.071026Z"",""no_price_dollars"":""0.6000"",""taker_side"":""no"",""ticker"":""KXBTC15M-26APR280700-00"",""trade_id"":""b39f3598-d8fd-604e-0678-cd4d5d15a17e"",""yes_price_dollars"":""0.4000""}"
KXBTC15M-26APR280700-00,35812bdc-fd16-4e40-7138-9d328b72edce,1777373171,0.41,2.34,yes,"{""count_fp"":""2.34"",""created_time"":""2026-04-28T10:46:11.247937Z"",""no_price_dollars"":""0.5900"",""taker_side"":""yes"",""ticker"":""KXBTC15M-26APR280700-00"",""trade_id"":""35812bdc-fd16-4e40-7138-9d328b72edce"",""yes_price_dollars"":""0.4100""}"
KXBTC15M-26APR280700-00,d9102c5d-b424-7999-64e2-c15ee3637005,1777373171,0.41,10.0,yes,"{""count_fp"":""10.00"",""created_time"":""2026-04-28T10:46:11.183353Z"",""no_price_dollars"":""0.5900"",""taker_side"":""yes"",""ticker"":""KXBTC15M-26APR280700-00"",""trade_id"":""d9102c5d-b424-7999-64e2-c15ee3637005"",""yes_price_dollars"":""0.4100""}"
KXBTC15M-26APR280700-00,ad2d89eb-f269-7f2b-4c03-b6690c7e29a8,1777373171,0.41,3.63,yes,"{""count_fp"":""3.63"",""created_time"":""2026-04-28T10:46:11.183353Z"",""no_price_dollars"":""0.5900"",""taker_side"":""yes"",""ticker"":""KXBTC15M-26APR280700-00"",""trade_id"":""ad2d89eb-f269-7f2b-4c03-b6690c7e29a8"",""yes_price_dollars"":""0.4100""}"
KXBTC15M-26APR280700-00,90e118d4-602f-76ba-66b3-cf6c575876b1,1777373171,0.41,21.0,yes,"{""count_fp"":""21.00"",""created_time"":""2026-04-28T10:46:11.183353Z"",""no_price_dollars"":""0.5900"",""taker_side"":""yes"",""ticker"":""KXBTC15M-26APR280700-00"",""trade_id"":""90e118d4-602f-76ba-66b3-cf6c575876b1"",""yes_price_dollars"":""0.4100""}"
KXBTC15M-26APR280700-00,792c1c23-a9e6-7dc0-732a-83bfc0d52ec6,1777373171,0.41,4.37,yes,"{""count_fp"":""4.37"",""created_time"":""2026-04-28T10:46:11.183353Z"",""no_price_dollars"":""0.5900"",""taker_side"":""yes"",""ticker"":""KXBTC15M-26APR280700-00"",""trade_id"":""792c1c23-a9e6-7dc0-732a-83bfc0d52ec6"",""yes_price_dollars"":""0.4100""}"
KXBTC15M-26APR280700-00,055dc392-dfe0-55c3-b4a1-8a48177c4008,1777373172,0.4,1.0,no,"{""count_fp"":""1.00"",""created_time"":""2026-04-28T10:46:12.177662Z"",""no_price_dollars"":""0.6000"",""taker_side"":""no"",""ticker"":""KXBTC15M-26APR280700-00"",""trade_id"":""055dc392-dfe0-55c3-b4a1-8a48177c4008"",""yes_price_dollars"":""0.4000""}"
