ticker,trade_id,ts,yes_price,count,taker_side,raw_json
KXBTC15M-26APR271445-45,6845998f-ec28-6438-e7ba-added74884a8,1777314601,0.5,3.0,no,"{""count_fp"":""3.00"",""created_time"":""2026-04-27T18:30:01.769928Z"",""no_price_dollars"":""0.5000"",""taker_side"":""no"",""ticker"":""KXBTC15M-26APR271445-45"",""trade_id"":""6845998f-ec28-6438-e7ba-added74884a8"",""yes_price_dollars"":""0.5000""}"
KXBTC15M-26APR271445-45,46c8eead-bf64-5930-e6b6-3edaadf8cb34,1777314601,0.5,1.0,no,"{""count_fp"":""1.00"",""created_time"":""2026-04-27T18:30:01.716064Z"",""no_price_dollars"":""0.5000"",""taker_side"":""no"",""ticker"":""KXBTC15M-26APR271445-45"",""trade_id"":""46c8eead-bf64-5930-e6b6-3edaadf8cb34"",""yes_price_dollars"":""0.5000""}"
KXBTC15M-26APR271445-45,50bbdfbd-09a9-536d-a972-a95f9855d5b5,1777314601,0.5,4.0,yes,"{""count_fp"":""4.00"",""created_time"":""2026-04-27T18:30:01.436597Z"",""no_price_dollars"":""0.5000"",""taker_side"":""yes"",""ticker"":""KXBTC15M-26APR271445-45"",""trade_id"":""50bbdfbd-09a9-536d-a972-a95f9855d5b5"",""yes_price_dollars"":""0.5000""}"
KXBTC15M-26APR271445-45,a3351273-ec69-67dd-b098-9d09449184b5,1777314601,0.5,1.0,yes,"{""count_fp"":""1.00"",""created_time"":""2026-04-27T18:30:01.286439Z"",""no_price_dollars"":""0.5000"",""taker_side"":""yes"",""ticker"":""KXBTC15M-26APR271445-45"",""trade_id"":""a3351273-ec69-67dd-b098-9d09449184b5"",""yes_price_dollars"":""0.5000""}"
KXBTC15M-26APR271445-45,520c2aad-7457-6f99-ba0b-87e478bf3742,1777314601,0.5,1.0,yes,"{""count_fp"":""1.00"",""created_time"":""2026-04-27T18:30:01.286439Z"",""no_price_dollars"":""0.5000"",""taker_side"":""yes"",""ticker"":""KXBTC15M-26APR271445-45"",""trade_id"":""520c2aad-7457-6f99-ba0b-87e478bf3742"",""yes_price_dollars"":""0.5000""}"
KXBTC15M-26APR271445-45,78eb30ca-9006-6598-6a20-e7bfe48fc9b5,1777314601,0.49,30.0,no,"{""count_fp"":""30.00"",""created_time"":""2026-04-27T18:30:01.160462Z"",""no_price_dollars"":""0.5100"",""taker_side"":""no"",""ticker"":""KXBTC15M-26APR271445-45"",""trade_id"":""78eb30ca-9006-6598-6a20-e7bfe48fc9b5"",""yes_price_dollars"":""0.4900""}"
KXBTC15M-26APR271445-45,b9a5c4e6-e181-4601-144c-cbde19c9b23e,1777314602,0.5,4.0,no,"{""count_fp"":""4.00"",""created_time"":""2026-04-27T18:30:02.273705Z"",""no_price_dollars"":""0.5000"",""taker_side"":""no"",""ticker"":""KXBTC15M-26APR271445-45"",""trade_id"":""b9a5c4e6-e181-4601-144c-cbde19c9b23e"",""yes_price_dollars"":""0.5000""}"
KXBTC15M-26APR271445-45,8371cac7-73a3-45be-884a-e2dd4270f1f9,1777314603,0.52,15.0,yes,"{""count_fp"":""15.00"",""created_time"":""2026-04-27T18:30:03.999859Z"",""no_price_dollars"":""0.4800"",""taker_side"":""yes"",""ticker"":""KXBTC15M-26APR271445-45"",""trade_id"":""8371cac7-73a3-45be-884a-e2dd4270f1f9"",""yes_price_dollars"":""0.5200""}"
KXBTC15M-26APR271445-45,72680ef4-bc66-65a7-8b8f-10077e93e2f2,1777314603,0.5,11.0,no,"{""count_fp"":""11.00"",""created_time"":""2026-04-27T18:30:03.896103Z"",""no_price_dollars"":""0.5000"",""taker_side"":""no"",""ticker"":""KXBTC15M-26APR271445-45"",""trade_id"":""72680ef4-bc66-65a7-8b8f-10077e93e2f2"",""yes_price_dollars"":""0.5000""}"
KXBTC15M-26APR271445-45,dafdd113-5d6d-7571-a612-c168ff8d6279,1777314603,0.5,5.0,yes,"{""count_fp"":""5.00"",""created_time"":""2026-04-27T18:30:03.114529Z"",""no_price_dollars"":""0.5000"",""taker_side"":""yes"",""ticker"":""KXBTC15M-26APR271445-45"",""trade_id"":""dafdd113-5d6d-7571-a612-c168ff8d6279"",""yes_price_dollars"":""0.5000""}"
KXBTC15M-26APR271445-45,c7cb2a4e-cb1e-7f5b-b1b4-c98f2713690b,1777314603,0.5,10.0,yes,"{""count_fp"":""10.00"",""created_time"":""2026-04-27T18:30:03.114529Z"",""no_price_dollars"":""0.5000"",""taker_side"":""yes"",""ticker"":""KXBTC15M-26APR271445-45"",""trade_id"":""c7cb2a4e-cb1e-7f5b-b1b4-c98f2713690b"",""yes_price_dollars"":""0.5000""}"
KXBTC15M-26APR271445-45,c3f53002-265e-7af9-9431-6ede831dec33,1777314603,0.5,4.0,yes,"{""count_fp"":""4.00"",""created_time"":""2026-04-27T18:30:03.114529Z"",""no_price_dollars"":""0.5000"",""taker_side"":""yes"",""ticker"":""KXBTC15M-26APR271445-45"",""trade_id"":""c3f53002-265e-7af9-9431-6ede831dec33"",""yes_price_dollars"":""0.5000""}"
KXBTC15M-26APR271445-45,3f831fa0-0e5c-6fd6-8acf-fc771da67a8c,1777314604,0.52,10.0,yes,"{""count_fp"":""10.00"",""created_time"":""2026-04-27T18:30:04.562336Z"",""no_price_dollars"":""0.4800"",""taker_side"":""yes"",""ticker"":""KXBTC15M-26APR271445-45"",""trade_id"":""3f831fa0-0e5c-6fd6-8acf-fc771da67a8c"",""yes_price_dollars"":""0.5200""}"
KXBTC15M-26APR271445-45,3d84a97a-6a02-65f6-9126-e142c75a140e,1777314604,0.51,1.0,yes,"{""count_fp"":""1.00"",""created_time"":""2026-04-27T18:30:04.562336Z"",""no_price_dollars"":""0.4900"",""taker_side"":""yes"",""ticker"":""KXBTC15M-26APR271445-45"",""trade_id"":""3d84a97a-6a02-65f6-9126-e142c75a140e"",""yes_price_dollars"":""0.5100""}"
KXBTC15M-26APR271445-45,dbbe60de-c4eb-5e86-1a54-2f8cbbc0c227,1777314604,0.53,2.0,yes,"{""count_fp"":""2.00"",""created_time"":""2026-04-27T18:30:04.421028Z"",""no_price_dollars"":""0.4700"",""taker_side"":""yes"",""ticker"":""KXBTC15M-26APR271445-45"",""trade_id"":""dbbe60de-c4eb-5e86-1a54-2f8cbbc0c227"",""yes_price_dollars"":""0.5300""}"
KXBTC15M-26APR271445-45,ce09dc3c-7c25-52da-15e6-41ff8d981012,1777314604,0.53,0.48,yes,"{""count_fp"":""0.48"",""created_time"":""2026-04-27T18:30:04.421028Z"",""no_price_dollars"":""0.4700"",""taker_side"":""yes"",""ticker"":""KXBTC15M-26APR271445-45"",""trade_id"":""ce09dc3c-7c25-52da-15e6-41ff8d981012"",""yes_price_dollars"":""0.5300""}"
KXBTC15M-26APR271445-45,8563c096-d9b1-54c5-2b6e-5d559788a1ce,1777314604,0.53,2.0,yes,"{""count_fp"":""2.00"",""created_time"":""2026-04-27T18:30:04.421028Z"",""no_price_dollars"":""0.4700"",""taker_side"":""yes"",""ticker"":""KXBTC15M-26APR271445-45"",""trade_id"":""8563c096-d9b1-54c5-2b6e-5d559788a1ce"",""yes_price_dollars"":""0.5300""}"
KXBTC15M-26APR271445-45,841b06f1-2667-50d1-21ea-b8468f08d804,1777314604,0.52,1.0,yes,"{""count_fp"":""1.00"",""created_time"":""2026-04-27T18:30:04.421028Z"",""no_price_dollars"":""0.4800"",""taker_side"":""yes"",""ticker"":""KXBTC15M-26APR271445-45"",""trade_id"":""841b06f1-2667-50d1-21ea-b8468f08d804"",""yes_price_dollars"":""0.5200""}"
KXBTC15M-26APR271445-45,ea971d27-7e11-66f1-7f4c-ceda073f5546,1777314605,0.52,5.0,yes,"{""count_fp"":""5.00"",""created_time"":""2026-04-27T18:30:05.469185Z"",""no_price_dollars"":""0.4800"",""taker_side"":""yes"",""ticker"":""KXBTC15M-26APR271445-45"",""trade_id"":""ea971d27-7e11-66f1-7f4c-ceda073f5546"",""yes_price_dollars"":""0.5200""}"
KXBTC15M-26APR271445-45,e1315bf3-5abd-662a-4273-aca6d4bf9aa6,1777314605,0.53,4.16,yes,"{""count_fp"":""4.16"",""created_time"":""2026-04-27T18:30:05.469185Z"",""no_price_dollars"":""0.4700"",""taker_side"":""yes"",""ticker"":""KXBTC15M-26APR271445-45"",""trade_id"":""e1315bf3-5abd-662a-4273-aca6d4bf9aa6"",""yes_price_dollars"":""0.5300""}"
KXBTC15M-26APR271445-45,7cfc1b7b-fc9d-4a5e-1837-e3e9cf97e064,1777314605,0.51,1.0,yes,"{""count_fp"":""1.00"",""created_time"":""2026-04-27T18:30:05.228626Z"",""no_price_dollars"":""0.4900"",""taker_side"":""yes"",""ticker"":""KXBTC15M-26APR271445-45"",""trade_id"":""7cfc1b7b-fc9d-4a5e-1837-e3e9cf97e064"",""yes_price_dollars"":""0.5100""}"
KXBTC15M-26APR271445-45,f37e7ec9-a10d-545d-8e62-2482ab366f37,1777314606,0.53,10.0,yes,"{""count_fp"":""10.00"",""created_time"":""2026-04-27T18:30:06.367655Z"",""no_price_dollars"":""0.4700"",""taker_side"":""yes"",""ticker"":""KXBTC15M-26APR271445-45"",""trade_id"":""f37e7ec9-a10d-545d-8e62-2482ab366f37"",""yes_price_dollars"":""0.5300""}"
KXBTC15M-26APR271445-45,d77c04b9-3d33-5b6b-b815-fc2d7ab1f9eb,1777314606,0.54,1.0,yes,"{""count_fp"":""1.00"",""created_time"":""2026-04-27T18:30:06.367655Z"",""no_price_dollars"":""0.4600"",""taker_side"":""yes"",""ticker"":""KXBTC15M-26APR271445-45"",""trade_id"":""d77c04b9-3d33-5b6b-b815-fc2d7ab1f9eb"",""yes_price_dollars"":""0.5400""}"
KXBTC15M-26APR271445-45,ba790aed-bc8c-5398-8931-717135781b94,1777314606,0.54,75.0,yes,"{""count_fp"":""75.00"",""created_time"":""2026-04-27T18:30:06.367655Z"",""no_price_dollars"":""0.4600"",""taker_side"":""yes"",""ticker"":""KXBTC15M-26APR271445-45"",""trade_id"":""ba790aed-bc8c-5398-8931-717135781b94"",""yes_price_dollars"":""0.5400""}"
KXBTC15M-26APR271445-45,afc461a7-bc78-53e6-84be-02f2a3c9c256,1777314606,0.54,0.09,yes,"{""count_fp"":""0.09"",""created_time"":""2026-04-27T18:30:06.367655Z"",""no_price_dollars"":""0.4600"",""taker_side"":""yes"",""ticker"":""KXBTC15M-26APR271445-45"",""trade_id"":""afc461a7-bc78-53e6-84be-02f2a3c9c256"",""yes_price_dollars"":""0.5400""}"
KXBTC15M-26APR271445-45,7ea066cb-77d6-5215-ad08-e46aa548a0b9,1777314606,0.53,4.0,yes,"{""count_fp"":""4.00"",""created_time"":""2026-04-27T18:30:06.367655Z"",""no_price_dollars"":""0.4700"",""taker_side"":""yes"",""ticker"":""KXBTC15M-26APR271445-45"",""trade_id"":""7ea066cb-77d6-5215-ad08-e46aa548a0b9"",""yes_price_dollars"":""0.5300""}"
KXBTC15M-26APR271445-45,786cc0d3-70d8-5714-9025-a00c9e4ac0c5,1777314606,0.53,5.0,yes,"{""count_fp"":""5.00"",""created_time"":""2026-04-27T18:30:06.367655Z"",""no_price_dollars"":""0.4700"",""taker_side"":""yes"",""ticker"":""KXBTC15M-26APR271445-45"",""trade_id"":""786cc0d3-70d8-5714-9025-a00c9e4ac0c5"",""yes_price_dollars"":""0.5300""}"
KXBTC15M-26APR271445-45,0240979d-8589-5da6-bb9f-8210b57137e2,1777314606,0.53,3.36,yes,"{""count_fp"":""3.36"",""created_time"":""2026-04-27T18:30:06.367655Z"",""no_price_dollars"":""0.4700"",""taker_side"":""yes"",""ticker"":""KXBTC15M-26APR271445-45"",""trade_id"":""0240979d-8589-5da6-bb9f-8210b57137e2"",""yes_price_dollars"":""0.5300""}"
KXBTC15M-26APR271445-45,dce09eba-5974-762f-8fc4-7cab04769ed6,1777314606,0.51,29.0,no,"{""count_fp"":""29.00"",""created_time"":""2026-04-27T18:30:06.117872Z"",""no_price_dollars"":""0.4900"",""taker_side"":""no"",""ticker"":""KXBTC15M-26APR271445-45"",""trade_id"":""dce09eba-5974-762f-8fc4-7cab04769ed6"",""yes_price_dollars"":""0.5100""}"
KXBTC15M-26APR271445-45,c6072249-6b80-7b64-a159-3b39f2633115,1777314606,0.51,9.0,no,"{""count_fp"":""9.00"",""created_time"":""2026-04-27T18:30:06.117872Z"",""no_price_dollars"":""0.4900"",""taker_side"":""no"",""ticker"":""KXBTC15M-26APR271445-45"",""trade_id"":""c6072249-6b80-7b64-a159-3b39f2633115"",""yes_price_dollars"":""0.5100""}"
KXBTC15M-26APR271445-45,b13aa4d2-b1c1-7044-846e-9a414276288c,1777314606,0.51,10.0,no,"{""count_fp"":""10.00"",""created_time"":""2026-04-27T18:30:06.117872Z"",""no_price_dollars"":""0.4900"",""taker_side"":""no"",""ticker"":""KXBTC15M-26APR271445-45"",""trade_id"":""b13aa4d2-b1c1-7044-846e-9a414276288c"",""yes_price_dollars"":""0.5100""}"
KXBTC15M-26APR271445-45,99415665-4d91-7db9-a8dc-f5595765d117,1777314606,0.48,6.81,no,"{""count_fp"":""6.81"",""created_time"":""2026-04-27T18:30:06.117872Z"",""no_price_dollars"":""0.5200"",""taker_side"":""no"",""ticker"":""KXBTC15M-26APR271445-45"",""trade_id"":""99415665-4d91-7db9-a8dc-f5595765d117"",""yes_price_dollars"":""0.4800""}"
KXBTC15M-26APR271445-45,03d21040-b645-7271-9050-2df09d301384,1777314606,0.48,1.0,no,"{""count_fp"":""1.00"",""created_time"":""2026-04-27T18:30:06.117872Z"",""no_price_dollars"":""0.5200"",""taker_side"":""no"",""ticker"":""KXBTC15M-26APR271445-45"",""trade_id"":""03d21040-b645-7271-9050-2df09d301384"",""yes_price_dollars"":""0.4800""}"
KXBTC15M-26APR271445-45,f413aa6f-0743-4b99-2a0d-48453dc844b1,1777314607,0.46,1.0,no,"{""count_fp"":""1.00"",""created_time"":""2026-04-27T18:30:07.539142Z"",""no_price_dollars"":""0.5400"",""taker_side"":""no"",""ticker"":""KXBTC15M-26APR271445-45"",""trade_id"":""f413aa6f-0743-4b99-2a0d-48453dc844b1"",""yes_price_dollars"":""0.4600""}"
KXBTC15M-26APR271445-45,cf925680-3504-48da-3256-10656f24d71e,1777314607,0.49,20.0,no,"{""count_fp"":""20.00"",""created_time"":""2026-04-27T18:30:07.539142Z"",""no_price_dollars"":""0.5100"",""taker_side"":""no"",""ticker"":""KXBTC15M-26APR271445-45"",""trade_id"":""cf925680-3504-48da-3256-10656f24d71e"",""yes_price_dollars"":""0.4900""}"
KXBTC15M-26APR271445-45,c1e3b57b-b931-4978-1cb7-0e6ebc05f933,1777314607,0.45,1.0,no,"{""count_fp"":""1.00"",""created_time"":""2026-04-27T18:30:07.539142Z"",""no_price_dollars"":""0.5500"",""taker_side"":""no"",""ticker"":""KXBTC15M-26APR271445-45"",""trade_id"":""c1e3b57b-b931-4978-1cb7-0e6ebc05f933"",""yes_price_dollars"":""0.4500""}"
KXBTC15M-26APR271445-45,aec51ec2-5589-424c-1d44-e63dbce4338d,1777314607,0.45,18.83,no,"{""count_fp"":""18.83"",""created_time"":""2026-04-27T18:30:07.539142Z"",""no_price_dollars"":""0.5500"",""taker_side"":""no"",""ticker"":""KXBTC15M-26APR271445-45"",""trade_id"":""aec51ec2-5589-424c-1d44-e63dbce4338d"",""yes_price_dollars"":""0.4500""}"
KXBTC15M-26APR271445-45,7d468f4f-2535-4cb8-07b7-158e9b54d8f1,1777314607,0.45,1.0,no,"{""count_fp"":""1.00"",""created_time"":""2026-04-27T18:30:07.539142Z"",""no_price_dollars"":""0.5500"",""taker_side"":""no"",""ticker"":""KXBTC15M-26APR271445-45"",""trade_id"":""7d468f4f-2535-4cb8-07b7-158e9b54d8f1"",""yes_price_dollars"":""0.4500""}"
KXBTC15M-26APR271445-45,4fe49cbd-8b4d-422b-0fe7-5e25a0b61129,1777314607,0.46,100.0,no,"{""count_fp"":""100.00"",""created_time"":""2026-04-27T18:30:07.539142Z"",""no_price_dollars"":""0.5400"",""taker_side"":""no"",""ticker"":""KXBTC15M-26APR271445-45"",""trade_id"":""4fe49cbd-8b4d-422b-0fe7-5e25a0b61129"",""yes_price_dollars"":""0.4600""}"
KXBTC15M-26APR271445-45,25f72517-0143-424b-1b22-3008a5b60a6d,1777314607,0.46,1.0,no,"{""count_fp"":""1.00"",""created_time"":""2026-04-27T18:30:07.539142Z"",""no_price_dollars"":""0.5400"",""taker_side"":""no"",""ticker"":""KXBTC15M-26APR271445-45"",""trade_id"":""25f72517-0143-424b-1b22-3008a5b60a6d"",""yes_price_dollars"":""0.4600""}"
KXBTC15M-26APR271445-45,1f8a1fe5-dbcf-4a36-3e5c-40bf98983bcf,1777314607,0.47,56.0,no,"{""count_fp"":""56.00"",""created_time"":""2026-04-27T18:30:07.539142Z"",""no_price_dollars"":""0.5300"",""taker_side"":""no"",""ticker"":""KXBTC15M-26APR271445-45"",""trade_id"":""1f8a1fe5-dbcf-4a36-3e5c-40bf98983bcf"",""yes_price_dollars"":""0.4700""}"
KXBTC15M-26APR271445-45,c2d9b8c2-9ed5-65cf-29ed-839498c4a31f,1777314607,0.53,5.0,yes,"{""count_fp"":""5.00"",""created_time"":""2026-04-27T18:30:07.443866Z"",""no_price_dollars"":""0.4700"",""taker_side"":""yes"",""ticker"":""KXBTC15M-26APR271445-45"",""trade_id"":""c2d9b8c2-9ed5-65cf-29ed-839498c4a31f"",""yes_price_dollars"":""0.5300""}"
KXBTC15M-26APR271445-45,42425aa4-5269-68f8-2742-1878637c1d24,1777314607,0.53,1.0,yes,"{""count_fp"":""1.00"",""created_time"":""2026-04-27T18:30:07.443866Z"",""no_price_dollars"":""0.4700"",""taker_side"":""yes"",""ticker"":""KXBTC15M-26APR271445-45"",""trade_id"":""42425aa4-5269-68f8-2742-1878637c1d24"",""yes_price_dollars"":""0.5300""}"
KXBTC15M-26APR271445-45,2b4b216d-59fd-6361-1662-2f85edc47d75,1777314607,0.54,117.79,yes,"{""count_fp"":""117.79"",""created_time"":""2026-04-27T18:30:07.443866Z"",""no_price_dollars"":""0.4600"",""taker_side"":""yes"",""ticker"":""KXBTC15M-26APR271445-45"",""trade_id"":""2b4b216d-59fd-6361-1662-2f85edc47d75"",""yes_price_dollars"":""0.5400""}"
KXBTC15M-26APR271445-45,0240252f-5bef-6ba1-16a2-a26b5e6b3107,1777314607,0.53,56.0,yes,"{""count_fp"":""56.00"",""created_time"":""2026-04-27T18:30:07.443866Z"",""no_price_dollars"":""0.4700"",""taker_side"":""yes"",""ticker"":""KXBTC15M-26APR271445-45"",""trade_id"":""0240252f-5bef-6ba1-16a2-a26b5e6b3107"",""yes_price_dollars"":""0.5300""}"
KXBTC15M-26APR271445-45,f3da6644-88dd-5b5a-a8cb-bf9d67bf67d5,1777314607,0.53,1.0,yes,"{""count_fp"":""1.00"",""created_time"":""2026-04-27T18:30:07.354886Z"",""no_price_dollars"":""0.4700"",""taker_side"":""yes"",""ticker"":""KXBTC15M-26APR271445-45"",""trade_id"":""f3da6644-88dd-5b5a-a8cb-bf9d67bf67d5"",""yes_price_dollars"":""0.5300""}"
KXBTC15M-26APR271445-45,eefeccc9-8f70-53c7-ae43-10cf39126a38,1777314607,0.53,5.0,yes,"{""count_fp"":""5.00"",""created_time"":""2026-04-27T18:30:07.354886Z"",""no_price_dollars"":""0.4700"",""taker_side"":""yes"",""ticker"":""KXBTC15M-26APR271445-45"",""trade_id"":""eefeccc9-8f70-53c7-ae43-10cf39126a38"",""yes_price_dollars"":""0.5300""}"
KXBTC15M-26APR271445-45,9ce21dd8-9659-5c31-b08b-c695fd0f3001,1777314607,0.53,30.26,yes,"{""count_fp"":""30.26"",""created_time"":""2026-04-27T18:30:07.354886Z"",""no_price_dollars"":""0.4700"",""taker_side"":""yes"",""ticker"":""KXBTC15M-26APR271445-45"",""trade_id"":""9ce21dd8-9659-5c31-b08b-c695fd0f3001"",""yes_price_dollars"":""0.5300""}"
KXBTC15M-26APR271445-45,22601dd5-18d6-6e37-3152-aec299d7b84c,1777314608,0.5,1.0,no,"{""count_fp"":""1.00"",""created_time"":""2026-04-27T18:30:08.986623Z"",""no_price_dollars"":""0.5000"",""taker_side"":""no"",""ticker"":""KXBTC15M-26APR271445-45"",""trade_id"":""22601dd5-18d6-6e37-3152-aec299d7b84c"",""yes_price_dollars"":""0.5000""}"
KXBTC15M-26APR271445-45,c3c65243-ce52-644d-2462-b7740d595f7d,1777314608,0.46,5.26,no,"{""count_fp"":""5.26"",""created_time"":""2026-04-27T18:30:08.862572Z"",""no_price_dollars"":""0.5400"",""taker_side"":""no"",""ticker"":""KXBTC15M-26APR271445-45"",""trade_id"":""c3c65243-ce52-644d-2462-b7740d595f7d"",""yes_price_dollars"":""0.4600""}"
KXBTC15M-26APR271445-45,e8704a00-c02e-7ead-d656-d2ccae482795,1777314608,0.46,14.94,no,"{""count_fp"":""14.94"",""created_time"":""2026-04-27T18:30:08.836974Z"",""no_price_dollars"":""0.5400"",""taker_side"":""no"",""ticker"":""KXBTC15M-26APR271445-45"",""trade_id"":""e8704a00-c02e-7ead-d656-d2ccae482795"",""yes_price_dollars"":""0.4600""}"
KXBTC15M-26APR271445-45,b6f85a84-a439-784d-f6bb-a935cf5b8ec3,1777314608,0.48,10.0,no,"{""count_fp"":""10.00"",""created_time"":""2026-04-27T18:30:08.836974Z"",""no_price_dollars"":""0.5200"",""taker_side"":""no"",""ticker"":""KXBTC15M-26APR271445-45"",""trade_id"":""b6f85a84-a439-784d-f6bb-a935cf5b8ec3"",""yes_price_dollars"":""0.4800""}"
KXBTC15M-26APR271445-45,ccbb568e-7963-7202-7aa3-79ac7ced6b78,1777314608,0.47,1.0,no,"{""count_fp"":""1.00"",""created_time"":""2026-04-27T18:30:08.686476Z"",""no_price_dollars"":""0.5300"",""taker_side"":""no"",""ticker"":""KXBTC15M-26APR271445-45"",""trade_id"":""ccbb568e-7963-7202-7aa3-79ac7ced6b78"",""yes_price_dollars"":""0.4700""}"
KXBTC15M-26APR271445-45,a52460d5-aabc-7c3d-4ad2-e7c60d746043,1777314608,0.47,0.82,no,"{""count_fp"":""0.82"",""created_time"":""2026-04-27T18:30:08.686476Z"",""no_price_dollars"":""0.5300"",""taker_side"":""no"",""ticker"":""KXBTC15M-26APR271445-45"",""trade_id"":""a52460d5-aabc-7c3d-4ad2-e7c60d746043"",""yes_price_dollars"":""0.4700""}"
KXBTC15M-26APR271445-45,fc34ec24-c6e7-6861-851c-4cb8b28d41a5,1777314609,0.55,200.0,yes,"{""count_fp"":""200.00"",""created_time"":""2026-04-27T18:30:09.633897Z"",""no_price_dollars"":""0.4500"",""taker_side"":""yes"",""ticker"":""KXBTC15M-26APR271445-45"",""trade_id"":""fc34ec24-c6e7-6861-851c-4cb8b28d41a5"",""yes_price_dollars"":""0.5500""}"
KXBTC15M-26APR271445-45,ebc96ebf-603b-61c9-a0da-456fb7e809d7,1777314609,0.58,1.0,yes,"{""count_fp"":""1.00"",""created_time"":""2026-04-27T18:30:09.633897Z"",""no_price_dollars"":""0.4200"",""taker_side"":""yes"",""ticker"":""KXBTC15M-26APR271445-45"",""trade_id"":""ebc96ebf-603b-61c9-a0da-456fb7e809d7"",""yes_price_dollars"":""0.5800""}"
KXBTC15M-26APR271445-45,d400bc06-4b2c-6702-b383-849aba35735d,1777314609,0.59,25.0,yes,"{""count_fp"":""25.00"",""created_time"":""2026-04-27T18:30:09.633897Z"",""no_price_dollars"":""0.4100"",""taker_side"":""yes"",""ticker"":""KXBTC15M-26APR271445-45"",""trade_id"":""d400bc06-4b2c-6702-b383-849aba35735d"",""yes_price_dollars"":""0.5900""}"
KXBTC15M-26APR271445-45,a28f8c00-f2e9-68ab-bce0-5f37817e3924,1777314609,0.61,132.0,yes,"{""count_fp"":""132.00"",""created_time"":""2026-04-27T18:30:09.633897Z"",""no_price_dollars"":""0.3900"",""taker_side"":""yes"",""ticker"":""KXBTC15M-26APR271445-45"",""trade_id"":""a28f8c00-f2e9-68ab-bce0-5f37817e3924"",""yes_price_dollars"":""0.6100""}"
KXBTC15M-26APR271445-45,9dab9445-d912-6c57-9138-9beb512b0a42,1777314609,0.51,5.0,yes,"{""count_fp"":""5.00"",""created_time"":""2026-04-27T18:30:09.633897Z"",""no_price_dollars"":""0.4900"",""taker_side"":""yes"",""ticker"":""KXBTC15M-26APR271445-45"",""trade_id"":""9dab9445-d912-6c57-9138-9beb512b0a42"",""yes_price_dollars"":""0.5100""}"
KXBTC15M-26APR271445-45,8a8c778a-0f0a-68f6-a58c-18337a8b86bc,1777314609,0.53,1.0,yes,"{""count_fp"":""1.00"",""created_time"":""2026-04-27T18:30:09.633897Z"",""no_price_dollars"":""0.4700"",""taker_side"":""yes"",""ticker"":""KXBTC15M-26APR271445-45"",""trade_id"":""8a8c778a-0f0a-68f6-a58c-18337a8b86bc"",""yes_price_dollars"":""0.5300""}"
KXBTC15M-26APR271445-45,612eee53-0e6c-6989-bbe6-c13943d287f5,1777314609,0.59,119.0,yes,"{""count_fp"":""119.00"",""created_time"":""2026-04-27T18:30:09.633897Z"",""no_price_dollars"":""0.4100"",""taker_side"":""yes"",""ticker"":""KXBTC15M-26APR271445-45"",""trade_id"":""612eee53-0e6c-6989-bbe6-c13943d287f5"",""yes_price_dollars"":""0.5900""}"
KXBTC15M-26APR271445-45,3b67cfb7-b396-6e83-add2-79550501f493,1777314609,0.58,26.96,yes,"{""count_fp"":""26.96"",""created_time"":""2026-04-27T18:30:09.633897Z"",""no_price_dollars"":""0.4200"",""taker_side"":""yes"",""ticker"":""KXBTC15M-26APR271445-45"",""trade_id"":""3b67cfb7-b396-6e83-add2-79550501f493"",""yes_price_dollars"":""0.5800""}"
KXBTC15M-26APR271445-45,277f4bfe-9d6e-66b7-a0a1-f838fb9e7e17,1777314609,0.62,132.0,yes,"{""count_fp"":""132.00"",""created_time"":""2026-04-27T18:30:09.633897Z"",""no_price_dollars"":""0.3800"",""taker_side"":""yes"",""ticker"":""KXBTC15M-26APR271445-45"",""trade_id"":""277f4bfe-9d6e-66b7-a0a1-f838fb9e7e17"",""yes_price_dollars"":""0.6200""}"
KXBTC15M-26APR271445-45,26913610-5b08-6fe5-85af-23e87baf23f9,1777314609,0.58,5.0,yes,"{""count_fp"":""5.00"",""created_time"":""2026-04-27T18:30:09.633897Z"",""no_price_dollars"":""0.4200"",""taker_side"":""yes"",""ticker"":""KXBTC15M-26APR271445-45"",""trade_id"":""26913610-5b08-6fe5-85af-23e87baf23f9"",""yes_price_dollars"":""0.5800""}"
KXBTC15M-26APR271445-45,20adebca-4200-6a46-9c58-a90a5677c2c7,1777314609,0.6,119.0,yes,"{""count_fp"":""119.00"",""created_time"":""2026-04-27T18:30:09.633897Z"",""no_price_dollars"":""0.4000"",""taker_side"":""yes"",""ticker"":""KXBTC15M-26APR271445-45"",""trade_id"":""20adebca-4200-6a46-9c58-a90a5677c2c7"",""yes_price_dollars"":""0.6000""}"
KXBTC15M-26APR271445-45,19a75975-4a20-649d-9081-2d2bc026c2d8,1777314609,0.51,2.0,yes,"{""count_fp"":""2.00"",""created_time"":""2026-04-27T18:30:09.633897Z"",""no_price_dollars"":""0.4900"",""taker_side"":""yes"",""ticker"":""KXBTC15M-26APR271445-45"",""trade_id"":""19a75975-4a20-649d-9081-2d2bc026c2d8"",""yes_price_dollars"":""0.5100""}"
KXBTC15M-26APR271445-45,15f17f68-795a-6d24-8cbf-11e271954d6b,1777314609,0.51,2.0,yes,"{""count_fp"":""2.00"",""created_time"":""2026-04-27T18:30:09.633897Z"",""no_price_dollars"":""0.4900"",""taker_side"":""yes"",""ticker"":""KXBTC15M-26APR271445-45"",""trade_id"":""15f17f68-795a-6d24-8cbf-11e271954d6b"",""yes_price_dollars"":""0.5100""}"
KXBTC15M-26APR271445-45,0672350d-84cf-607c-8b54-979501f37f9b,1777314609,0.53,2.0,yes,"{""count_fp"":""2.00"",""created_time"":""2026-04-27T18:30:09.633897Z"",""no_price_dollars"":""0.4700"",""taker_side"":""yes"",""ticker"":""KXBTC15M-26APR271445-45"",""trade_id"":""0672350d-84cf-607c-8b54-979501f37f9b"",""yes_price_dollars"":""0.5300""}"
KXBTC15M-26APR271445-45,e640ae98-0a32-4d1f-049a-686eb542a7a8,1777314609,0.5,14.95,no,"{""count_fp"":""14.95"",""created_time"":""2026-04-27T18:30:09.205501Z"",""no_price_dollars"":""0.5000"",""taker_side"":""no"",""ticker"":""KXBTC15M-26APR271445-45"",""trade_id"":""e640ae98-0a32-4d1f-049a-686eb542a7a8"",""yes_price_dollars"":""0.5000""}"
KXBTC15M-26APR271445-45,2a941035-6d18-47bc-173b-5149ba66d901,1777314609,0.53,4.0,no,"{""count_fp"":""4.00"",""created_time"":""2026-04-27T18:30:09.205501Z"",""no_price_dollars"":""0.4700"",""taker_side"":""no"",""ticker"":""KXBTC15M-26APR271445-45"",""trade_id"":""2a941035-6d18-47bc-173b-5149ba66d901"",""yes_price_dollars"":""0.5300""}"
KXBTC15M-26APR271445-45,4bf40e18-bb15-6ce3-5d64-e751f42b8ef7,1777314609,0.53,5.0,yes,"{""count_fp"":""5.00"",""created_time"":""2026-04-27T18:30:09.184311Z"",""no_price_dollars"":""0.4700"",""taker_side"":""yes"",""ticker"":""KXBTC15M-26APR271445-45"",""trade_id"":""4bf40e18-bb15-6ce3-5d64-e751f42b8ef7"",""yes_price_dollars"":""0.5300""}"
KXBTC15M-26APR271445-45,cf3916cf-0a2d-61b5-4cd9-9346906f2681,1777314609,0.53,200.0,yes,"{""count_fp"":""200.00"",""created_time"":""2026-04-27T18:30:09.125385Z"",""no_price_dollars"":""0.4700"",""taker_side"":""yes"",""ticker"":""KXBTC15M-26APR271445-45"",""trade_id"":""cf3916cf-0a2d-61b5-4cd9-9346906f2681"",""yes_price_dollars"":""0.5300""}"
KXBTC15M-26APR271445-45,cee12c0e-f555-6037-5c66-82d68c6bbafa,1777314609,0.51,5.0,yes,"{""count_fp"":""5.00"",""created_time"":""2026-04-27T18:30:09.125385Z"",""no_price_dollars"":""0.4900"",""taker_side"":""yes"",""ticker"":""KXBTC15M-26APR271445-45"",""trade_id"":""cee12c0e-f555-6037-5c66-82d68c6bbafa"",""yes_price_dollars"":""0.5100""}"
KXBTC15M-26APR271445-45,be06a08e-3746-6a1e-68f7-7e8e83dfe415,1777314609,0.56,1.0,yes,"{""count_fp"":""1.00"",""created_time"":""2026-04-27T18:30:09.125385Z"",""no_price_dollars"":""0.4400"",""taker_side"":""yes"",""ticker"":""KXBTC15M-26APR271445-45"",""trade_id"":""be06a08e-3746-6a1e-68f7-7e8e83dfe415"",""yes_price_dollars"":""0.5600""}"
KXBTC15M-26APR271445-45,93ea4f74-d788-6603-6291-5d52599ba4b4,1777314609,0.57,1.0,yes,"{""count_fp"":""1.00"",""created_time"":""2026-04-27T18:30:09.125385Z"",""no_price_dollars"":""0.4300"",""taker_side"":""yes"",""ticker"":""KXBTC15M-26APR271445-45"",""trade_id"":""93ea4f74-d788-6603-6291-5d52599ba4b4"",""yes_price_dollars"":""0.5700""}"
KXBTC15M-26APR271445-45,885f408e-35de-6247-582f-5c0c7cfce8df,1777314609,0.57,48.04,yes,"{""count_fp"":""48.04"",""created_time"":""2026-04-27T18:30:09.125385Z"",""no_price_dollars"":""0.4300"",""taker_side"":""yes"",""ticker"":""KXBTC15M-26APR271445-45"",""trade_id"":""885f408e-35de-6247-582f-5c0c7cfce8df"",""yes_price_dollars"":""0.5700""}"
KXBTC15M-26APR271445-45,6c39dea8-5fef-6bfb-532f-dd1c77c93623,1777314609,0.55,1.0,yes,"{""count_fp"":""1.00"",""created_time"":""2026-04-27T18:30:09.125385Z"",""no_price_dollars"":""0.4500"",""taker_side"":""yes"",""ticker"":""KXBTC15M-26APR271445-45"",""trade_id"":""6c39dea8-5fef-6bfb-532f-dd1c77c93623"",""yes_price_dollars"":""0.5500""}"
KXBTC15M-26APR271445-45,e414ed00-f53c-5f44-86a0-58f4bb193deb,1777314610,0.51,5.0,yes,"{""count_fp"":""5.00"",""created_time"":""2026-04-27T18:30:10.827239Z"",""no_price_dollars"":""0.4900"",""taker_side"":""yes"",""ticker"":""KXBTC15M-26APR271445-45"",""trade_id"":""e414ed00-f53c-5f44-86a0-58f4bb193deb"",""yes_price_dollars"":""0.5100""}"
KXBTC15M-26APR271445-45,a2da22bb-e26a-54a1-a111-2ca320cd9762,1777314610,0.52,3.98,yes,"{""count_fp"":""3.98"",""created_time"":""2026-04-27T18:30:10.827239Z"",""no_price_dollars"":""0.4800"",""taker_side"":""yes"",""ticker"":""KXBTC15M-26APR271445-45"",""trade_id"":""a2da22bb-e26a-54a1-a111-2ca320cd9762"",""yes_price_dollars"":""0.5200""}"
KXBTC15M-26APR271445-45,bdd3a1c3-12a5-4a1c-a2b4-68ffce8fd5c9,1777314610,0.49,1.0,yes,"{""count_fp"":""1.00"",""created_time"":""2026-04-27T18:30:10.442704Z"",""no_price_dollars"":""0.5100"",""taker_side"":""yes"",""ticker"":""KXBTC15M-26APR271445-45"",""trade_id"":""bdd3a1c3-12a5-4a1c-a2b4-68ffce8fd5c9"",""yes_price_dollars"":""0.4900""}"
KXBTC15M-26APR271445-45,bdc4e0b5-181a-4e00-bd7d-7d3b022db2d7,1777314610,0.51,2.0,yes,"{""count_fp"":""2.00"",""created_time"":""2026-04-27T18:30:10.442704Z"",""no_price_dollars"":""0.4900"",""taker_side"":""yes"",""ticker"":""KXBTC15M-26APR271445-45"",""trade_id"":""bdc4e0b5-181a-4e00-bd7d-7d3b022db2d7"",""yes_price_dollars"":""0.5100""}"
KXBTC15M-26APR271445-45,9833797e-a629-4422-bb6b-9c93024c9542,1777314610,0.51,5.0,yes,"{""count_fp"":""5.00"",""created_time"":""2026-04-27T18:30:10.442704Z"",""no_price_dollars"":""0.4900"",""taker_side"":""yes"",""ticker"":""KXBTC15M-26APR271445-45"",""trade_id"":""9833797e-a629-4422-bb6b-9c93024c9542"",""yes_price_dollars"":""0.5100""}"
KXBTC15M-26APR271445-45,92259e5e-f4b7-4845-8c3d-16be497b1e16,1777314610,0.51,20.0,yes,"{""count_fp"":""20.00"",""created_time"":""2026-04-27T18:30:10.442704Z"",""no_price_dollars"":""0.4900"",""taker_side"":""yes"",""ticker"":""KXBTC15M-26APR271445-45"",""trade_id"":""92259e5e-f4b7-4845-8c3d-16be497b1e16"",""yes_price_dollars"":""0.5100""}"
KXBTC15M-26APR271445-45,4d42612a-679f-40be-9b76-8e6f7a828f26,1777314610,0.58,57.73,yes,"{""count_fp"":""57.73"",""created_time"":""2026-04-27T18:30:10.442704Z"",""no_price_dollars"":""0.4200"",""taker_side"":""yes"",""ticker"":""KXBTC15M-26APR271445-45"",""trade_id"":""4d42612a-679f-40be-9b76-8e6f7a828f26"",""yes_price_dollars"":""0.5800""}"
KXBTC15M-26APR271445-45,e9e0ecda-a2c0-557c-e9d8-5c5c76ba8389,1777314610,0.48,1.0,no,"{""count_fp"":""1.00"",""created_time"":""2026-04-27T18:30:10.381943Z"",""no_price_dollars"":""0.5200"",""taker_side"":""no"",""ticker"":""KXBTC15M-26APR271445-45"",""trade_id"":""e9e0ecda-a2c0-557c-e9d8-5c5c76ba8389"",""yes_price_dollars"":""0.4800""}"
KXBTC15M-26APR271445-45,2606a0b8-8275-5edb-c98a-8d4d7afa49a6,1777314610,0.47,34.88,no,"{""count_fp"":""34.88"",""created_time"":""2026-04-27T18:30:10.381943Z"",""no_price_dollars"":""0.5300"",""taker_side"":""no"",""ticker"":""KXBTC15M-26APR271445-45"",""trade_id"":""2606a0b8-8275-5edb-c98a-8d4d7afa49a6"",""yes_price_dollars"":""0.4700""}"
KXBTC15M-26APR271445-45,6a187340-ed09-50ce-7581-9d0c982945e6,1777314611,0.49,12.78,yes,"{""count_fp"":""12.78"",""created_time"":""2026-04-27T18:30:11.924703Z"",""no_price_dollars"":""0.5100"",""taker_side"":""yes"",""ticker"":""KXBTC15M-26APR271445-45"",""trade_id"":""6a187340-ed09-50ce-7581-9d0c982945e6"",""yes_price_dollars"":""0.4900""}"
KXBTC15M-26APR271445-45,9b75d370-4b55-5a56-2ccc-d78e14f4649e,1777314611,0.49,31.86,yes,"{""count_fp"":""31.86"",""created_time"":""2026-04-27T18:30:11.854465Z"",""no_price_dollars"":""0.5100"",""taker_side"":""yes"",""ticker"":""KXBTC15M-26APR271445-45"",""trade_id"":""9b75d370-4b55-5a56-2ccc-d78e14f4649e"",""yes_price_dollars"":""0.4900""}"
KXBTC15M-26APR271445-45,80dc4c96-f7f1-514e-f264-8e2a7c10ee5a,1777314611,0.49,91.0,yes,"{""count_fp"":""91.00"",""created_time"":""2026-04-27T18:30:11.511358Z"",""no_price_dollars"":""0.5100"",""taker_side"":""yes"",""ticker"":""KXBTC15M-26APR271445-45"",""trade_id"":""80dc4c96-f7f1-514e-f264-8e2a7c10ee5a"",""yes_price_dollars"":""0.4900""}"
KXBTC15M-26APR271445-45,d7071161-a51d-4386-90aa-7f1e3fcad5a6,1777314611,0.49,20.0,yes,"{""count_fp"":""20.00"",""created_time"":""2026-04-27T18:30:11.171648Z"",""no_price_dollars"":""0.5100"",""taker_side"":""yes"",""ticker"":""KXBTC15M-26APR271445-45"",""trade_id"":""d7071161-a51d-4386-90aa-7f1e3fcad5a6"",""yes_price_dollars"":""0.4900""}"
KXBTC15M-26APR271445-45,c1867c0e-4fd1-7cb2-e071-969f115e0a1a,1777314611,0.49,50.0,yes,"{""count_fp"":""50.00"",""created_time"":""2026-04-27T18:30:11.167472Z"",""no_price_dollars"":""0.5100"",""taker_side"":""yes"",""ticker"":""KXBTC15M-26APR271445-45"",""trade_id"":""c1867c0e-4fd1-7cb2-e071-969f115e0a1a"",""yes_price_dollars"":""0.4900""}"
KXBTC15M-26APR271445-45,c0a39283-bba5-6630-10e2-351cb27e8b35,1777314611,0.47,16.63,no,"{""count_fp"":""16.63"",""created_time"":""2026-04-27T18:30:11.104874Z"",""no_price_dollars"":""0.5300"",""taker_side"":""no"",""ticker"":""KXBTC15M-26APR271445-45"",""trade_id"":""c0a39283-bba5-6630-10e2-351cb27e8b35"",""yes_price_dollars"":""0.4700""}"
KXBTC15M-26APR271445-45,75341b9f-95e8-6e00-0dee-4ff35f1524ab,1777314611,0.48,1.0,no,"{""count_fp"":""1.00"",""created_time"":""2026-04-27T18:30:11.104874Z"",""no_price_dollars"":""0.5200"",""taker_side"":""no"",""ticker"":""KXBTC15M-26APR271445-45"",""trade_id"":""75341b9f-95e8-6e00-0dee-4ff35f1524ab"",""yes_price_dollars"":""0.4800""}"
KXBTC15M-26APR271445-45,e9973887-b7be-4d09-cbac-66f9ebdc8652,1777314612,0.5,834.5,yes,"{""count_fp"":""834.50"",""created_time"":""2026-04-27T18:30:12.628171Z"",""no_price_dollars"":""0.5000"",""taker_side"":""yes"",""ticker"":""KXBTC15M-26APR271445-45"",""trade_id"":""e9973887-b7be-4d09-cbac-66f9ebdc8652"",""yes_price_dollars"":""0.5000""}"
KXBTC15M-26APR271445-45,c4c85cc6-b070-47c2-f737-8ddcd50c5786,1777314612,0.52,2.0,yes,"{""count_fp"":""2.00"",""created_time"":""2026-04-27T18:30:12.628171Z"",""no_price_dollars"":""0.4800"",""taker_side"":""yes"",""ticker"":""KXBTC15M-26APR271445-45"",""trade_id"":""c4c85cc6-b070-47c2-f737-8ddcd50c5786"",""yes_price_dollars"":""0.5200""}"
KXBTC15M-26APR271445-45,5f6cd9f1-dc9b-4b3b-e082-a9540cd98d4d,1777314612,0.52,56.0,yes,"{""count_fp"":""56.00"",""created_time"":""2026-04-27T18:30:12.628171Z"",""no_price_dollars"":""0.4800"",""taker_side"":""yes"",""ticker"":""KXBTC15M-26APR271445-45"",""trade_id"":""5f6cd9f1-dc9b-4b3b-e082-a9540cd98d4d"",""yes_price_dollars"":""0.5200""}"
KXBTC15M-26APR271445-45,502c2763-58f4-4dba-e206-7a4b539bf44b,1777314612,0.5,1.0,yes,"{""count_fp"":""1.00"",""created_time"":""2026-04-27T18:30:12.628171Z"",""no_price_dollars"":""0.5000"",""taker_side"":""yes"",""ticker"":""KXBTC15M-26APR271445-45"",""trade_id"":""502c2763-58f4-4dba-e206-7a4b539bf44b"",""yes_price_dollars"":""0.5000""}"
KXBTC15M-26APR271445-45,09bc05b1-dfe5-433a-dfd5-b13089b96ef2,1777314612,0.52,36.86,yes,"{""count_fp"":""36.86"",""created_time"":""2026-04-27T18:30:12.628171Z"",""no_price_dollars"":""0.4800"",""taker_side"":""yes"",""ticker"":""KXBTC15M-26APR271445-45"",""trade_id"":""09bc05b1-dfe5-433a-dfd5-b13089b96ef2"",""yes_price_dollars"":""0.5200""}"
KXBTC15M-26APR271445-45,fc9288d5-3d4d-6f14-aded-d8079d960e7d,1777314612,0.49,1.0,yes,"{""count_fp"":""1.00"",""created_time"":""2026-04-27T18:30:12.583405Z"",""no_price_dollars"":""0.5100"",""taker_side"":""yes"",""ticker"":""KXBTC15M-26APR271445-45"",""trade_id"":""fc9288d5-3d4d-6f14-aded-d8079d960e7d"",""yes_price_dollars"":""0.4900""}"
KXBTC15M-26APR271445-45,473133eb-bf7e-6105-8693-876113bd504a,1777314612,0.5,192.09,yes,"{""count_fp"":""192.09"",""created_time"":""2026-04-27T18:30:12.583405Z"",""no_price_dollars"":""0.5000"",""taker_side"":""yes"",""ticker"":""KXBTC15M-26APR271445-45"",""trade_id"":""473133eb-bf7e-6105-8693-876113bd504a"",""yes_price_dollars"":""0.5000""}"
KXBTC15M-26APR271445-45,c6127784-c583-4674-1f8d-a617f5424157,1777314612,0.49,1.0,yes,"{""count_fp"":""1.00"",""created_time"":""2026-04-27T18:30:12.462503Z"",""no_price_dollars"":""0.5100"",""taker_side"":""yes"",""ticker"":""KXBTC15M-26APR271445-45"",""trade_id"":""c6127784-c583-4674-1f8d-a617f5424157"",""yes_price_dollars"":""0.4900""}"
KXBTC15M-26APR271445-45,2764ef33-5222-4dad-1a34-36718fc225de,1777314612,0.5,4.66,yes,"{""count_fp"":""4.66"",""created_time"":""2026-04-27T18:30:12.462503Z"",""no_price_dollars"":""0.5000"",""taker_side"":""yes"",""ticker"":""KXBTC15M-26APR271445-45"",""trade_id"":""2764ef33-5222-4dad-1a34-36718fc225de"",""yes_price_dollars"":""0.5000""}"
KXBTC15M-26APR271445-45,1122a8d2-e967-4ebd-3f7b-539e6bdcb820,1777314612,0.49,3.0,yes,"{""count_fp"":""3.00"",""created_time"":""2026-04-27T18:30:12.462503Z"",""no_price_dollars"":""0.5100"",""taker_side"":""yes"",""ticker"":""KXBTC15M-26APR271445-45"",""trade_id"":""1122a8d2-e967-4ebd-3f7b-539e6bdcb820"",""yes_price_dollars"":""0.4900""}"
KXBTC15M-26APR271445-45,ce5ab4b6-2c8b-73b6-5ff1-140080848618,1777314612,0.49,3.0,yes,"{""count_fp"":""3.00"",""created_time"":""2026-04-27T18:30:12.331807Z"",""no_price_dollars"":""0.5100"",""taker_side"":""yes"",""ticker"":""KXBTC15M-26APR271445-45"",""trade_id"":""ce5ab4b6-2c8b-73b6-5ff1-140080848618"",""yes_price_dollars"":""0.4900""}"
KXBTC15M-26APR271445-45,49385d84-f0be-7761-48f7-7f20f9b574d2,1777314612,0.5,68.77,yes,"{""count_fp"":""68.77"",""created_time"":""2026-04-27T18:30:12.331807Z"",""no_price_dollars"":""0.5000"",""taker_side"":""yes"",""ticker"":""KXBTC15M-26APR271445-45"",""trade_id"":""49385d84-f0be-7761-48f7-7f20f9b574d2"",""yes_price_dollars"":""0.5000""}"
KXBTC15M-26APR271445-45,8011ef41-ab75-78e2-58b1-9d88d2535056,1777314612,0.49,3.0,yes,"{""count_fp"":""3.00"",""created_time"":""2026-04-27T18:30:12.262992Z"",""no_price_dollars"":""0.5100"",""taker_side"":""yes"",""ticker"":""KXBTC15M-26APR271445-45"",""trade_id"":""8011ef41-ab75-78e2-58b1-9d88d2535056"",""yes_price_dollars"":""0.4900""}"
KXBTC15M-26APR271445-45,578b4757-6a27-7796-5a07-26617324e648,1777314612,0.49,2.0,yes,"{""count_fp"":""2.00"",""created_time"":""2026-04-27T18:30:12.262992Z"",""no_price_dollars"":""0.5100"",""taker_side"":""yes"",""ticker"":""KXBTC15M-26APR271445-45"",""trade_id"":""578b4757-6a27-7796-5a07-26617324e648"",""yes_price_dollars"":""0.4900""}"
KXBTC15M-26APR271445-45,ea81bcb9-8b41-60d7-bdfb-6a8a69886c7e,1777314613,0.47,8.95,no,"{""count_fp"":""8.95"",""created_time"":""2026-04-27T18:30:13.874985Z"",""no_price_dollars"":""0.5300"",""taker_side"":""no"",""ticker"":""KXBTC15M-26APR271445-45"",""trade_id"":""ea81bcb9-8b41-60d7-bdfb-6a8a69886c7e"",""yes_price_dollars"":""0.4700""}"
KXBTC15M-26APR271445-45,be60e38b-8e36-5082-bf88-8c88a879468a,1777314613,0.48,1.0,no,"{""count_fp"":""1.00"",""created_time"":""2026-04-27T18:30:13.805031Z"",""no_price_dollars"":""0.5200"",""taker_side"":""no"",""ticker"":""KXBTC15M-26APR271445-45"",""trade_id"":""be60e38b-8e36-5082-bf88-8c88a879468a"",""yes_price_dollars"":""0.4800""}"
KXBTC15M-26APR271445-45,d9cfada7-3148-74ed-8161-058582ae1fce,1777314613,0.49,3.0,yes,"{""count_fp"":""3.00"",""created_time"":""2026-04-27T18:30:13.670523Z"",""no_price_dollars"":""0.5100"",""taker_side"":""yes"",""ticker"":""KXBTC15M-26APR271445-45"",""trade_id"":""d9cfada7-3148-74ed-8161-058582ae1fce"",""yes_price_dollars"":""0.4900""}"
KXBTC15M-26APR271445-45,40a3edc7-5bbd-76c4-9a26-2b97581e207f,1777314613,0.52,10.29,yes,"{""count_fp"":""10.29"",""created_time"":""2026-04-27T18:30:13.670523Z"",""no_price_dollars"":""0.4800"",""taker_side"":""yes"",""ticker"":""KXBTC15M-26APR271445-45"",""trade_id"":""40a3edc7-5bbd-76c4-9a26-2b97581e207f"",""yes_price_dollars"":""0.5200""}"
KXBTC15M-26APR271445-45,0be45bc2-bba4-722d-bb06-e8728f128489,1777314613,0.49,1.0,yes,"{""count_fp"":""1.00"",""created_time"":""2026-04-27T18:30:13.670523Z"",""no_price_dollars"":""0.5100"",""taker_side"":""yes"",""ticker"":""KXBTC15M-26APR271445-45"",""trade_id"":""0be45bc2-bba4-722d-bb06-e8728f128489"",""yes_price_dollars"":""0.4900""}"
KXBTC15M-26APR271445-45,57f3b370-5d01-7eab-890b-383a6d629f07,1777314613,0.49,2.0,yes,"{""count_fp"":""2.00"",""created_time"":""2026-04-27T18:30:13.311622Z"",""no_price_dollars"":""0.5100"",""taker_side"":""yes"",""ticker"":""KXBTC15M-26APR271445-45"",""trade_id"":""57f3b370-5d01-7eab-890b-383a6d629f07"",""yes_price_dollars"":""0.4900""}"
KXBTC15M-26APR271445-45,1cdd430f-84ef-7e03-bd33-f102ff558452,1777314613,0.49,1.0,yes,"{""count_fp"":""1.00"",""created_time"":""2026-04-27T18:30:13.311622Z"",""no_price_dollars"":""0.5100"",""taker_side"":""yes"",""ticker"":""KXBTC15M-26APR271445-45"",""trade_id"":""1cdd430f-84ef-7e03-bd33-f102ff558452"",""yes_price_dollars"":""0.4900""}"
KXBTC15M-26APR271445-45,9b36e112-f77d-71b2-75cf-1b1824659bf2,1777314614,0.53,16.51,yes,"{""count_fp"":""16.51"",""created_time"":""2026-04-27T18:30:14.953993Z"",""no_price_dollars"":""0.4700"",""taker_side"":""yes"",""ticker"":""KXBTC15M-26APR271445-45"",""trade_id"":""9b36e112-f77d-71b2-75cf-1b1824659bf2"",""yes_price_dollars"":""0.5300""}"
KXBTC15M-26APR271445-45,6fc601bf-a532-74a6-588e-dc7798fce6fd,1777314614,0.52,895.86,yes,"{""count_fp"":""895.86"",""created_time"":""2026-04-27T18:30:14.953993Z"",""no_price_dollars"":""0.4800"",""taker_side"":""yes"",""ticker"":""KXBTC15M-26APR271445-45"",""trade_id"":""6fc601bf-a532-74a6-588e-dc7798fce6fd"",""yes_price_dollars"":""0.5200""}"
KXBTC15M-26APR271445-45,30703521-d968-7eb0-4fb6-95dedc9640fd,1777314614,0.51,1.0,yes,"{""count_fp"":""1.00"",""created_time"":""2026-04-27T18:30:14.953993Z"",""no_price_dollars"":""0.4900"",""taker_side"":""yes"",""ticker"":""KXBTC15M-26APR271445-45"",""trade_id"":""30703521-d968-7eb0-4fb6-95dedc9640fd"",""yes_price_dollars"":""0.5100""}"
KXBTC15M-26APR271445-45,c527af42-158f-5704-17a4-f17b6fe545f2,1777314614,0.51,3.0,yes,"{""count_fp"":""3.00"",""created_time"":""2026-04-27T18:30:14.922296Z"",""no_price_dollars"":""0.4900"",""taker_side"":""yes"",""ticker"":""KXBTC15M-26APR271445-45"",""trade_id"":""c527af42-158f-5704-17a4-f17b6fe545f2"",""yes_price_dollars"":""0.5100""}"
KXBTC15M-26APR271445-45,69972532-7192-5f02-33a7-dc9a65f473dd,1777314614,0.52,2.96,yes,"{""count_fp"":""2.96"",""created_time"":""2026-04-27T18:30:14.922296Z"",""no_price_dollars"":""0.4800"",""taker_side"":""yes"",""ticker"":""KXBTC15M-26APR271445-45"",""trade_id"":""69972532-7192-5f02-33a7-dc9a65f473dd"",""yes_price_dollars"":""0.5200""}"
KXBTC15M-26APR271445-45,5ca91fe1-5c14-506d-0b4b-cdbdb9bbf83f,1777314614,0.51,5.0,yes,"{""count_fp"":""5.00"",""created_time"":""2026-04-27T18:30:14.922296Z"",""no_price_dollars"":""0.4900"",""taker_side"":""yes"",""ticker"":""KXBTC15M-26APR271445-45"",""trade_id"":""5ca91fe1-5c14-506d-0b4b-cdbdb9bbf83f"",""yes_price_dollars"":""0.5100""}"
KXBTC15M-26APR271445-45,8a322f61-dc5f-6d46-488e-eec9e93d5f94,1777314614,0.51,1.0,yes,"{""count_fp"":""1.00"",""created_time"":""2026-04-27T18:30:14.842186Z"",""no_price_dollars"":""0.4900"",""taker_side"":""yes"",""ticker"":""KXBTC15M-26APR271445-45"",""trade_id"":""8a322f61-dc5f-6d46-488e-eec9e93d5f94"",""yes_price_dollars"":""0.5100""}"
KXBTC15M-26APR271445-45,3b4de13b-387a-66e6-58df-89711ff4fa79,1777314614,0.52,17.29,yes,"{""count_fp"":""17.29"",""created_time"":""2026-04-27T18:30:14.842186Z"",""no_price_dollars"":""0.4800"",""taker_side"":""yes"",""ticker"":""KXBTC15M-26APR271445-45"",""trade_id"":""3b4de13b-387a-66e6-58df-89711ff4fa79"",""yes_price_dollars"":""0.5200""}"
KXBTC15M-26APR271445-45,ebd273ad-9632-6abe-1605-376a107237c9,1777314614,0.52,181.69,yes,"{""count_fp"":""181.69"",""created_time"":""2026-04-27T18:30:14.761876Z"",""no_price_dollars"":""0.4800"",""taker_side"":""yes"",""ticker"":""KXBTC15M-26APR271445-45"",""trade_id"":""ebd273ad-9632-6abe-1605-376a107237c9"",""yes_price_dollars"":""0.5200""}"
KXBTC15M-26APR271445-45,d7ebc6c7-d05b-6a1c-3636-5d8124efbb31,1777314614,0.51,1.0,yes,"{""count_fp"":""1.00"",""created_time"":""2026-04-27T18:30:14.761876Z"",""no_price_dollars"":""0.4900"",""taker_side"":""yes"",""ticker"":""KXBTC15M-26APR271445-45"",""trade_id"":""d7ebc6c7-d05b-6a1c-3636-5d8124efbb31"",""yes_price_dollars"":""0.5100""}"
KXBTC15M-26APR271445-45,5a229361-622d-77df-dcdd-e9c75e846091,1777314614,0.49,3.0,yes,"{""count_fp"":""3.00"",""created_time"":""2026-04-27T18:30:14.452331Z"",""no_price_dollars"":""0.5100"",""taker_side"":""yes"",""ticker"":""KXBTC15M-26APR271445-45"",""trade_id"":""5a229361-622d-77df-dcdd-e9c75e846091"",""yes_price_dollars"":""0.4900""}"
KXBTC15M-26APR271445-45,94eff264-34e7-6242-1c9b-5dd12a201b85,1777314614,0.47,36.54,no,"{""count_fp"":""36.54"",""created_time"":""2026-04-27T18:30:14.420197Z"",""no_price_dollars"":""0.5300"",""taker_side"":""no"",""ticker"":""KXBTC15M-26APR271445-45"",""trade_id"":""94eff264-34e7-6242-1c9b-5dd12a201b85"",""yes_price_dollars"":""0.4700""}"
KXBTC15M-26APR271445-45,f07151fa-42c9-49f4-13c8-b99a192a4ad9,1777314614,0.47,0.84,no,"{""count_fp"":""0.84"",""created_time"":""2026-04-27T18:30:14.384275Z"",""no_price_dollars"":""0.5300"",""taker_side"":""no"",""ticker"":""KXBTC15M-26APR271445-45"",""trade_id"":""f07151fa-42c9-49f4-13c8-b99a192a4ad9"",""yes_price_dollars"":""0.4700""}"
KXBTC15M-26APR271445-45,aade7747-aa89-44cf-3573-660d9759a2a6,1777314614,0.47,30.25,no,"{""count_fp"":""30.25"",""created_time"":""2026-04-27T18:30:14.384275Z"",""no_price_dollars"":""0.5300"",""taker_side"":""no"",""ticker"":""KXBTC15M-26APR271445-45"",""trade_id"":""aade7747-aa89-44cf-3573-660d9759a2a6"",""yes_price_dollars"":""0.4700""}"
KXBTC15M-26APR271445-45,7ae2e9fb-e703-419a-1ed3-0bac46afba8d,1777314614,0.47,5.45,no,"{""count_fp"":""5.45"",""created_time"":""2026-04-27T18:30:14.384275Z"",""no_price_dollars"":""0.5300"",""taker_side"":""no"",""ticker"":""KXBTC15M-26APR271445-45"",""trade_id"":""7ae2e9fb-e703-419a-1ed3-0bac46afba8d"",""yes_price_dollars"":""0.4700""}"
KXBTC15M-26APR271445-45,887c6cc0-6a79-7607-46d3-ef5fabcba7be,1777314614,0.47,5.0,no,"{""count_fp"":""5.00"",""created_time"":""2026-04-27T18:30:14.229766Z"",""no_price_dollars"":""0.5300"",""taker_side"":""no"",""ticker"":""KXBTC15M-26APR271445-45"",""trade_id"":""887c6cc0-6a79-7607-46d3-ef5fabcba7be"",""yes_price_dollars"":""0.4700""}"
KXBTC15M-26APR271445-45,a7cad3bc-1be0-7750-9a33-7e8285c78a5d,1777314615,0.48,10.0,no,"{""count_fp"":""10.00"",""created_time"":""2026-04-27T18:30:15.922845Z"",""no_price_dollars"":""0.5200"",""taker_side"":""no"",""ticker"":""KXBTC15M-26APR271445-45"",""trade_id"":""a7cad3bc-1be0-7750-9a33-7e8285c78a5d"",""yes_price_dollars"":""0.4800""}"
KXBTC15M-26APR271445-45,7b512199-1077-75f8-6f99-8ac8b1776c1e,1777314615,0.48,0.63,no,"{""count_fp"":""0.63"",""created_time"":""2026-04-27T18:30:15.799614Z"",""no_price_dollars"":""0.5200"",""taker_side"":""no"",""ticker"":""KXBTC15M-26APR271445-45"",""trade_id"":""7b512199-1077-75f8-6f99-8ac8b1776c1e"",""yes_price_dollars"":""0.4800""}"
KXBTC15M-26APR271445-45,4d5503f9-2ba0-7a24-62f2-bfd50b2204e9,1777314615,0.48,24.37,no,"{""count_fp"":""24.37"",""created_time"":""2026-04-27T18:30:15.799614Z"",""no_price_dollars"":""0.5200"",""taker_side"":""no"",""ticker"":""KXBTC15M-26APR271445-45"",""trade_id"":""4d5503f9-2ba0-7a24-62f2-bfd50b2204e9"",""yes_price_dollars"":""0.4800""}"
KXBTC15M-26APR271445-45,a8e4c05e-f86b-6900-608d-5de1c4c2098a,1777314615,0.48,0.37,no,"{""count_fp"":""0.37"",""created_time"":""2026-04-27T18:30:15.764933Z"",""no_price_dollars"":""0.5200"",""taker_side"":""no"",""ticker"":""KXBTC15M-26APR271445-45"",""trade_id"":""a8e4c05e-f86b-6900-608d-5de1c4c2098a"",""yes_price_dollars"":""0.4800""}"
KXBTC15M-26APR271445-45,6c06228e-9e61-6086-0fac-cf6303106f5c,1777314615,0.5,1.0,no,"{""count_fp"":""1.00"",""created_time"":""2026-04-27T18:30:15.559147Z"",""no_price_dollars"":""0.5000"",""taker_side"":""no"",""ticker"":""KXBTC15M-26APR271445-45"",""trade_id"":""6c06228e-9e61-6086-0fac-cf6303106f5c"",""yes_price_dollars"":""0.5000""}"
KXBTC15M-26APR271445-45,ebbbb618-fadd-57aa-4846-5caea3089ce6,1777314615,0.51,3.0,yes,"{""count_fp"":""3.00"",""created_time"":""2026-04-27T18:30:15.461948Z"",""no_price_dollars"":""0.4900"",""taker_side"":""yes"",""ticker"":""KXBTC15M-26APR271445-45"",""trade_id"":""ebbbb618-fadd-57aa-4846-5caea3089ce6"",""yes_price_dollars"":""0.5100""}"
KXBTC15M-26APR271445-45,9d75d18a-fa64-5ea9-731c-0d1de318bb7c,1777314615,0.51,0.78,yes,"{""count_fp"":""0.78"",""created_time"":""2026-04-27T18:30:15.461948Z"",""no_price_dollars"":""0.4900"",""taker_side"":""yes"",""ticker"":""KXBTC15M-26APR271445-45"",""trade_id"":""9d75d18a-fa64-5ea9-731c-0d1de318bb7c"",""yes_price_dollars"":""0.5100""}"
KXBTC15M-26APR271445-45,d480fb7d-73b0-5618-19b5-2192ed8fbad5,1777314616,0.48,197.73,no,"{""count_fp"":""197.73"",""created_time"":""2026-04-27T18:30:16.011231Z"",""no_price_dollars"":""0.5200"",""taker_side"":""no"",""ticker"":""KXBTC15M-26APR271445-45"",""trade_id"":""d480fb7d-73b0-5618-19b5-2192ed8fbad5"",""yes_price_dollars"":""0.4800""}"
KXBTC15M-26APR271445-45,aa3e9a96-81bc-68b4-58da-bf74f3e144b5,1777314617,0.48,9.18,no,"{""count_fp"":""9.18"",""created_time"":""2026-04-27T18:30:17.890222Z"",""no_price_dollars"":""0.5200"",""taker_side"":""no"",""ticker"":""KXBTC15M-26APR271445-45"",""trade_id"":""aa3e9a96-81bc-68b4-58da-bf74f3e144b5"",""yes_price_dollars"":""0.4800""}"
KXBTC15M-26APR271445-45,af8a4c46-00c4-7d44-d388-1883cda9da11,1777314617,0.48,23.28,no,"{""count_fp"":""23.28"",""created_time"":""2026-04-27T18:30:17.888383Z"",""no_price_dollars"":""0.5200"",""taker_side"":""no"",""ticker"":""KXBTC15M-26APR271445-45"",""trade_id"":""af8a4c46-00c4-7d44-d388-1883cda9da11"",""yes_price_dollars"":""0.4800""}"
KXBTC15M-26APR271445-45,9231b612-5274-72dc-409d-362850e753bd,1777314617,0.48,20.49,no,"{""count_fp"":""20.49"",""created_time"":""2026-04-27T18:30:17.665047Z"",""no_price_dollars"":""0.5200"",""taker_side"":""no"",""ticker"":""KXBTC15M-26APR271445-45"",""trade_id"":""9231b612-5274-72dc-409d-362850e753bd"",""yes_price_dollars"":""0.4800""}"
KXBTC15M-26APR271445-45,702db735-9781-5f8c-eb8c-b55e0f140bae,1777314617,0.49,100.0,yes,"{""count_fp"":""100.00"",""created_time"":""2026-04-27T18:30:17.489087Z"",""no_price_dollars"":""0.5100"",""taker_side"":""yes"",""ticker"":""KXBTC15M-26APR271445-45"",""trade_id"":""702db735-9781-5f8c-eb8c-b55e0f140bae"",""yes_price_dollars"":""0.4900""}"
KXBTC15M-26APR271445-45,b7b9f18d-c7b9-7a4c-1aad-a47a1b72b3ea,1777314617,0.49,59.1,yes,"{""count_fp"":""59.10"",""created_time"":""2026-04-27T18:30:17.433019Z"",""no_price_dollars"":""0.5100"",""taker_side"":""yes"",""ticker"":""KXBTC15M-26APR271445-45"",""trade_id"":""b7b9f18d-c7b9-7a4c-1aad-a47a1b72b3ea"",""yes_price_dollars"":""0.4900""}"
KXBTC15M-26APR271445-45,fbd00159-c705-72bc-046c-febcc3e1a7be,1777314617,0.49,3.0,yes,"{""count_fp"":""3.00"",""created_time"":""2026-04-27T18:30:17.198836Z"",""no_price_dollars"":""0.5100"",""taker_side"":""yes"",""ticker"":""KXBTC15M-26APR271445-45"",""trade_id"":""fbd00159-c705-72bc-046c-febcc3e1a7be"",""yes_price_dollars"":""0.4900""}"
KXBTC15M-26APR271445-45,f938d0c1-6619-544c-41f2-981645d8c15e,1777314618,0.49,30.0,yes,"{""count_fp"":""30.00"",""created_time"":""2026-04-27T18:30:18.522009Z"",""no_price_dollars"":""0.5100"",""taker_side"":""yes"",""ticker"":""KXBTC15M-26APR271445-45"",""trade_id"":""f938d0c1-6619-544c-41f2-981645d8c15e"",""yes_price_dollars"":""0.4900""}"
KXBTC15M-26APR271445-45,756b0b7a-ffdc-7f58-b5e4-da8f926c5ca9,1777314618,0.48,9.3,no,"{""count_fp"":""9.30"",""created_time"":""2026-04-27T18:30:18.195879Z"",""no_price_dollars"":""0.5200"",""taker_side"":""no"",""ticker"":""KXBTC15M-26APR271445-45"",""trade_id"":""756b0b7a-ffdc-7f58-b5e4-da8f926c5ca9"",""yes_price_dollars"":""0.4800""}"
KXBTC15M-26APR271445-45,af7cd7b3-39bd-651c-d31f-59142f286916,1777314619,0.49,39.4,yes,"{""count_fp"":""39.40"",""created_time"":""2026-04-27T18:30:19.923004Z"",""no_price_dollars"":""0.5100"",""taker_side"":""yes"",""ticker"":""KXBTC15M-26APR271445-45"",""trade_id"":""af7cd7b3-39bd-651c-d31f-59142f286916"",""yes_price_dollars"":""0.4900""}"
KXBTC15M-26APR271445-45,7e747861-ee05-7784-bdc0-5109995da5ea,1777314619,0.49,39.4,yes,"{""count_fp"":""39.40"",""created_time"":""2026-04-27T18:30:19.810565Z"",""no_price_dollars"":""0.5100"",""taker_side"":""yes"",""ticker"":""KXBTC15M-26APR271445-45"",""trade_id"":""7e747861-ee05-7784-bdc0-5109995da5ea"",""yes_price_dollars"":""0.4900""}"
KXBTC15M-26APR271445-45,ae53a874-7f84-585c-194e-53bc5d00e05d,1777314619,0.48,27.9,no,"{""count_fp"":""27.90"",""created_time"":""2026-04-27T18:30:19.780151Z"",""no_price_dollars"":""0.5200"",""taker_side"":""no"",""ticker"":""KXBTC15M-26APR271445-45"",""trade_id"":""ae53a874-7f84-585c-194e-53bc5d00e05d"",""yes_price_dollars"":""0.4800""}"
KXBTC15M-26APR271445-45,a58cb7f7-3dfc-7064-f300-b7dc544779ad,1777314619,0.48,1.67,no,"{""count_fp"":""1.67"",""created_time"":""2026-04-27T18:30:19.656623Z"",""no_price_dollars"":""0.5200"",""taker_side"":""no"",""ticker"":""KXBTC15M-26APR271445-45"",""trade_id"":""a58cb7f7-3dfc-7064-f300-b7dc544779ad"",""yes_price_dollars"":""0.4800""}"
KXBTC15M-26APR271445-45,093178f2-63c5-4ac8-78b3-c35c59044296,1777314619,0.49,3.94,yes,"{""count_fp"":""3.94"",""created_time"":""2026-04-27T18:30:19.609187Z"",""no_price_dollars"":""0.5100"",""taker_side"":""yes"",""ticker"":""KXBTC15M-26APR271445-45"",""trade_id"":""093178f2-63c5-4ac8-78b3-c35c59044296"",""yes_price_dollars"":""0.4900""}"
KXBTC15M-26APR271445-45,111f7030-8acd-5a74-b1b7-745a55bd5f22,1777314619,0.49,10.0,yes,"{""count_fp"":""10.00"",""created_time"":""2026-04-27T18:30:19.354853Z"",""no_price_dollars"":""0.5100"",""taker_side"":""yes"",""ticker"":""KXBTC15M-26APR271445-45"",""trade_id"":""111f7030-8acd-5a74-b1b7-745a55bd5f22"",""yes_price_dollars"":""0.4900""}"
KXBTC15M-26APR271445-45,c1ab19a7-0f24-60e4-4e49-753ffb718919,1777314620,0.48,4.0,no,"{""count_fp"":""4.00"",""created_time"":""2026-04-27T18:30:20.774958Z"",""no_price_dollars"":""0.5200"",""taker_side"":""no"",""ticker"":""KXBTC15M-26APR271445-45"",""trade_id"":""c1ab19a7-0f24-60e4-4e49-753ffb718919"",""yes_price_dollars"":""0.4800""}"
KXBTC15M-26APR271445-45,b0153ec8-a77e-6638-b5da-faa565303544,1777314620,0.49,5.54,yes,"{""count_fp"":""5.54"",""created_time"":""2026-04-27T18:30:20.616406Z"",""no_price_dollars"":""0.5100"",""taker_side"":""yes"",""ticker"":""KXBTC15M-26APR271445-45"",""trade_id"":""b0153ec8-a77e-6638-b5da-faa565303544"",""yes_price_dollars"":""0.4900""}"
KXBTC15M-26APR271445-45,a1bbf5cb-efc1-60dc-b869-0b552437825a,1777314620,0.49,14.16,yes,"{""count_fp"":""14.16"",""created_time"":""2026-04-27T18:30:20.616406Z"",""no_price_dollars"":""0.5100"",""taker_side"":""yes"",""ticker"":""KXBTC15M-26APR271445-45"",""trade_id"":""a1bbf5cb-efc1-60dc-b869-0b552437825a"",""yes_price_dollars"":""0.4900""}"
KXBTC15M-26APR271445-45,7a538a35-6377-40c5-80b2-560da6d64311,1777314621,0.49,78.36,yes,"{""count_fp"":""78.36"",""created_time"":""2026-04-27T18:30:21.854587Z"",""no_price_dollars"":""0.5100"",""taker_side"":""yes"",""ticker"":""KXBTC15M-26APR271445-45"",""trade_id"":""7a538a35-6377-40c5-80b2-560da6d64311"",""yes_price_dollars"":""0.4900""}"
KXBTC15M-26APR271445-45,9f4ec565-7543-70cb-3afd-d3689babdf03,1777314621,0.49,2.0,yes,"{""count_fp"":""2.00"",""created_time"":""2026-04-27T18:30:21.679771Z"",""no_price_dollars"":""0.5100"",""taker_side"":""yes"",""ticker"":""KXBTC15M-26APR271445-45"",""trade_id"":""9f4ec565-7543-70cb-3afd-d3689babdf03"",""yes_price_dollars"":""0.4900""}"
KXBTC15M-26APR271445-45,3972ab23-9247-76b1-20c9-77f5ee251331,1777314621,0.49,89.44,yes,"{""count_fp"":""89.44"",""created_time"":""2026-04-27T18:30:21.679771Z"",""no_price_dollars"":""0.5100"",""taker_side"":""yes"",""ticker"":""KXBTC15M-26APR271445-45"",""trade_id"":""3972ab23-9247-76b1-20c9-77f5ee251331"",""yes_price_dollars"":""0.4900""}"
KXBTC15M-26APR271445-45,0a7ec546-c812-7b18-0172-d351ef715f18,1777314621,0.49,7.08,yes,"{""count_fp"":""7.08"",""created_time"":""2026-04-27T18:30:21.679771Z"",""no_price_dollars"":""0.5100"",""taker_side"":""yes"",""ticker"":""KXBTC15M-26APR271445-45"",""trade_id"":""0a7ec546-c812-7b18-0172-d351ef715f18"",""yes_price_dollars"":""0.4900""}"
KXBTC15M-26APR271445-45,b8440e9f-aeac-41f6-bcfb-3e7d6e8da0ed,1777314621,0.48,32.35,no,"{""count_fp"":""32.35"",""created_time"":""2026-04-27T18:30:21.542593Z"",""no_price_dollars"":""0.5200"",""taker_side"":""no"",""ticker"":""KXBTC15M-26APR271445-45"",""trade_id"":""b8440e9f-aeac-41f6-bcfb-3e7d6e8da0ed"",""yes_price_dollars"":""0.4800""}"
KXBTC15M-26APR271445-45,0f597b70-37c1-4a3d-bf33-4e163ee5368f,1777314621,0.48,3.0,no,"{""count_fp"":""3.00"",""created_time"":""2026-04-27T18:30:21.542593Z"",""no_price_dollars"":""0.5200"",""taker_side"":""no"",""ticker"":""KXBTC15M-26APR271445-45"",""trade_id"":""0f597b70-37c1-4a3d-bf33-4e163ee5368f"",""yes_price_dollars"":""0.4800""}"
KXBTC15M-26APR271445-45,7e25f129-666a-73a8-1e50-61f223396d44,1777314621,0.49,17.6,yes,"{""count_fp"":""17.60"",""created_time"":""2026-04-27T18:30:21.231937Z"",""no_price_dollars"":""0.5100"",""taker_side"":""yes"",""ticker"":""KXBTC15M-26APR271445-45"",""trade_id"":""7e25f129-666a-73a8-1e50-61f223396d44"",""yes_price_dollars"":""0.4900""}"
KXBTC15M-26APR271445-45,4a6ac7d5-274e-49f4-672e-61c7df24da74,1777314621,0.49,9.78,yes,"{""count_fp"":""9.78"",""created_time"":""2026-04-27T18:30:21.183734Z"",""no_price_dollars"":""0.5100"",""taker_side"":""yes"",""ticker"":""KXBTC15M-26APR271445-45"",""trade_id"":""4a6ac7d5-274e-49f4-672e-61c7df24da74"",""yes_price_dollars"":""0.4900""}"
KXBTC15M-26APR271445-45,a8034640-7e90-4bd2-4a39-d3be96d4a3f9,1777314622,0.49,4.0,no,"{""count_fp"":""4.00"",""created_time"":""2026-04-27T18:30:22.975224Z"",""no_price_dollars"":""0.5100"",""taker_side"":""no"",""ticker"":""KXBTC15M-26APR271445-45"",""trade_id"":""a8034640-7e90-4bd2-4a39-d3be96d4a3f9"",""yes_price_dollars"":""0.4900""}"
KXBTC15M-26APR271445-45,5b0dedb0-f818-50e9-41da-532a80f4a99b,1777314622,0.49,2.0,yes,"{""count_fp"":""2.00"",""created_time"":""2026-04-27T18:30:22.482769Z"",""no_price_dollars"":""0.5100"",""taker_side"":""yes"",""ticker"":""KXBTC15M-26APR271445-45"",""trade_id"":""5b0dedb0-f818-50e9-41da-532a80f4a99b"",""yes_price_dollars"":""0.4900""}"
KXBTC15M-26APR271445-45,abd798aa-5ae0-44dd-c88d-92c9887e91b7,1777314622,0.49,0.98,yes,"{""count_fp"":""0.98"",""created_time"":""2026-04-27T18:30:22.475401Z"",""no_price_dollars"":""0.5100"",""taker_side"":""yes"",""ticker"":""KXBTC15M-26APR271445-45"",""trade_id"":""abd798aa-5ae0-44dd-c88d-92c9887e91b7"",""yes_price_dollars"":""0.4900""}"
KXBTC15M-26APR271445-45,c7a8333f-26c6-70b0-946a-df56149a444a,1777314622,0.49,2.0,yes,"{""count_fp"":""2.00"",""created_time"":""2026-04-27T18:30:22.289279Z"",""no_price_dollars"":""0.5100"",""taker_side"":""yes"",""ticker"":""KXBTC15M-26APR271445-45"",""trade_id"":""c7a8333f-26c6-70b0-946a-df56149a444a"",""yes_price_dollars"":""0.4900""}"
KXBTC15M-26APR271445-45,5b74f446-16b4-7d22-a6d5-ee819df9c13f,1777314622,0.49,32.12,yes,"{""count_fp"":""32.12"",""created_time"":""2026-04-27T18:30:22.289279Z"",""no_price_dollars"":""0.5100"",""taker_side"":""yes"",""ticker"":""KXBTC15M-26APR271445-45"",""trade_id"":""5b74f446-16b4-7d22-a6d5-ee819df9c13f"",""yes_price_dollars"":""0.4900""}"
KXBTC15M-26APR271445-45,208580b8-791a-74c4-89b8-b8d4b6d12f69,1777314622,0.5,4.69,yes,"{""count_fp"":""4.69"",""created_time"":""2026-04-27T18:30:22.289279Z"",""no_price_dollars"":""0.5000"",""taker_side"":""yes"",""ticker"":""KXBTC15M-26APR271445-45"",""trade_id"":""208580b8-791a-74c4-89b8-b8d4b6d12f69"",""yes_price_dollars"":""0.5000""}"
KXBTC15M-26APR271445-45,bce0e2af-4ad8-67de-1280-f14c50043a1f,1777314622,0.49,7.88,yes,"{""count_fp"":""7.88"",""created_time"":""2026-04-27T18:30:22.263157Z"",""no_price_dollars"":""0.5100"",""taker_side"":""yes"",""ticker"":""KXBTC15M-26APR271445-45"",""trade_id"":""bce0e2af-4ad8-67de-1280-f14c50043a1f"",""yes_price_dollars"":""0.4900""}"
KXBTC15M-26APR271445-45,3134741b-8c6d-5dee-b8bb-cd2a1c93380a,1777314623,0.5,18.91,yes,"{""count_fp"":""18.91"",""created_time"":""2026-04-27T18:30:23.558775Z"",""no_price_dollars"":""0.5000"",""taker_side"":""yes"",""ticker"":""KXBTC15M-26APR271445-45"",""trade_id"":""3134741b-8c6d-5dee-b8bb-cd2a1c93380a"",""yes_price_dollars"":""0.5000""}"
KXBTC15M-26APR271445-45,b0150388-cc11-5b3e-0daf-2fd0e0857cb2,1777314623,0.5,1.0,yes,"{""count_fp"":""1.00"",""created_time"":""2026-04-27T18:30:23.484276Z"",""no_price_dollars"":""0.5000"",""taker_side"":""yes"",""ticker"":""KXBTC15M-26APR271445-45"",""trade_id"":""b0150388-cc11-5b3e-0daf-2fd0e0857cb2"",""yes_price_dollars"":""0.5000""}"
KXBTC15M-26APR271445-45,54127ff0-26b0-5d0b-0bc2-8ad739749477,1777314623,0.5,1.0,yes,"{""count_fp"":""1.00"",""created_time"":""2026-04-27T18:30:23.484276Z"",""no_price_dollars"":""0.5000"",""taker_side"":""yes"",""ticker"":""KXBTC15M-26APR271445-45"",""trade_id"":""54127ff0-26b0-5d0b-0bc2-8ad739749477"",""yes_price_dollars"":""0.5000""}"
KXBTC15M-26APR271445-45,0f0ef6b9-9958-566f-3dc3-0ff3bccf54ea,1777314623,0.5,5.0,yes,"{""count_fp"":""5.00"",""created_time"":""2026-04-27T18:30:23.484276Z"",""no_price_dollars"":""0.5000"",""taker_side"":""yes"",""ticker"":""KXBTC15M-26APR271445-45"",""trade_id"":""0f0ef6b9-9958-566f-3dc3-0ff3bccf54ea"",""yes_price_dollars"":""0.5000""}"
KXBTC15M-26APR271445-45,6215ad42-8378-5366-3619-413e4db9bb79,1777314624,0.49,18.95,no,"{""count_fp"":""18.95"",""created_time"":""2026-04-27T18:30:24.744826Z"",""no_price_dollars"":""0.5100"",""taker_side"":""no"",""ticker"":""KXBTC15M-26APR271445-45"",""trade_id"":""6215ad42-8378-5366-3619-413e4db9bb79"",""yes_price_dollars"":""0.4900""}"
KXBTC15M-26APR271445-45,02c2e5cc-8dd5-650a-45f7-651311b0cef2,1777314624,0.5,57.97,yes,"{""count_fp"":""57.97"",""created_time"":""2026-04-27T18:30:24.548598Z"",""no_price_dollars"":""0.5000"",""taker_side"":""yes"",""ticker"":""KXBTC15M-26APR271445-45"",""trade_id"":""02c2e5cc-8dd5-650a-45f7-651311b0cef2"",""yes_price_dollars"":""0.5000""}"
KXBTC15M-26APR271445-45,f23d4dde-eed9-66ea-56c3-bfb0d0e56506,1777314624,0.5,0.77,yes,"{""count_fp"":""0.77"",""created_time"":""2026-04-27T18:30:24.514262Z"",""no_price_dollars"":""0.5000"",""taker_side"":""yes"",""ticker"":""KXBTC15M-26APR271445-45"",""trade_id"":""f23d4dde-eed9-66ea-56c3-bfb0d0e56506"",""yes_price_dollars"":""0.5000""}"
KXBTC15M-26APR271445-45,87418e69-3c7d-4686-2823-9a369ef48a26,1777314624,0.5,28.98,yes,"{""count_fp"":""28.98"",""created_time"":""2026-04-27T18:30:24.039368Z"",""no_price_dollars"":""0.5000"",""taker_side"":""yes"",""ticker"":""KXBTC15M-26APR271445-45"",""trade_id"":""87418e69-3c7d-4686-2823-9a369ef48a26"",""yes_price_dollars"":""0.5000""}"
KXBTC15M-26APR271445-45,e28c48e0-ed46-6a05-b7d8-d16e07e1a88d,1777314625,0.5,5.0,yes,"{""count_fp"":""5.00"",""created_time"":""2026-04-27T18:30:25.783162Z"",""no_price_dollars"":""0.5000"",""taker_side"":""yes"",""ticker"":""KXBTC15M-26APR271445-45"",""trade_id"":""e28c48e0-ed46-6a05-b7d8-d16e07e1a88d"",""yes_price_dollars"":""0.5000""}"
KXBTC15M-26APR271445-45,d8f1ad22-81df-6cad-a67a-50bcc987cddd,1777314625,0.51,154.84,yes,"{""count_fp"":""154.84"",""created_time"":""2026-04-27T18:30:25.783162Z"",""no_price_dollars"":""0.4900"",""taker_side"":""yes"",""ticker"":""KXBTC15M-26APR271445-45"",""trade_id"":""d8f1ad22-81df-6cad-a67a-50bcc987cddd"",""yes_price_dollars"":""0.5100""}"
KXBTC15M-26APR271445-45,ccc39231-69db-67c2-ab8f-2f857b195e01,1777314625,0.5,20.0,yes,"{""count_fp"":""20.00"",""created_time"":""2026-04-27T18:30:25.783162Z"",""no_price_dollars"":""0.5000"",""taker_side"":""yes"",""ticker"":""KXBTC15M-26APR271445-45"",""trade_id"":""ccc39231-69db-67c2-ab8f-2f857b195e01"",""yes_price_dollars"":""0.5000""}"
KXBTC15M-26APR271445-45,a99d83b2-9fc9-63f1-9c78-cd37f150d2b1,1777314625,0.5,2.0,yes,"{""count_fp"":""2.00"",""created_time"":""2026-04-27T18:30:25.783162Z"",""no_price_dollars"":""0.5000"",""taker_side"":""yes"",""ticker"":""KXBTC15M-26APR271445-45"",""trade_id"":""a99d83b2-9fc9-63f1-9c78-cd37f150d2b1"",""yes_price_dollars"":""0.5000""}"
KXBTC15M-26APR271445-45,a5c429cb-4a5f-6d54-adc4-0ac481b989cf,1777314625,0.51,40.0,yes,"{""count_fp"":""40.00"",""created_time"":""2026-04-27T18:30:25.783162Z"",""no_price_dollars"":""0.4900"",""taker_side"":""yes"",""ticker"":""KXBTC15M-26APR271445-45"",""trade_id"":""a5c429cb-4a5f-6d54-adc4-0ac481b989cf"",""yes_price_dollars"":""0.5100""}"
KXBTC15M-26APR271445-45,3d9b052d-4def-6a6e-a915-1add1cc053e7,1777314625,0.5,40.0,yes,"{""count_fp"":""40.00"",""created_time"":""2026-04-27T18:30:25.783162Z"",""no_price_dollars"":""0.5000"",""taker_side"":""yes"",""ticker"":""KXBTC15M-26APR271445-45"",""trade_id"":""3d9b052d-4def-6a6e-a915-1add1cc053e7"",""yes_price_dollars"":""0.5000""}"
KXBTC15M-26APR271445-45,1e5546fe-8019-6ed6-8281-c8053db223be,1777314625,0.5,77.16,yes,"{""count_fp"":""77.16"",""created_time"":""2026-04-27T18:30:25.783162Z"",""no_price_dollars"":""0.5000"",""taker_side"":""yes"",""ticker"":""KXBTC15M-26APR271445-45"",""trade_id"":""1e5546fe-8019-6ed6-8281-c8053db223be"",""yes_price_dollars"":""0.5000""}"
KXBTC15M-26APR271445-45,125ae30a-1162-6f88-b7ef-43cba43c34c4,1777314625,0.5,56.0,yes,"{""count_fp"":""56.00"",""created_time"":""2026-04-27T18:30:25.783162Z"",""no_price_dollars"":""0.5000"",""taker_side"":""yes"",""ticker"":""KXBTC15M-26APR271445-45"",""trade_id"":""125ae30a-1162-6f88-b7ef-43cba43c34c4"",""yes_price_dollars"":""0.5000""}"
KXBTC15M-26APR271445-45,c99c5991-a6ed-5a5a-d522-45cc823e4b62,1777314625,0.5,4.44,yes,"{""count_fp"":""4.44"",""created_time"":""2026-04-27T18:30:25.773968Z"",""no_price_dollars"":""0.5000"",""taker_side"":""yes"",""ticker"":""KXBTC15M-26APR271445-45"",""trade_id"":""c99c5991-a6ed-5a5a-d522-45cc823e4b62"",""yes_price_dollars"":""0.5000""}"
KXBTC15M-26APR271445-45,09d0b325-8c9d-75f2-37d8-a1ddb0585d8e,1777314625,0.5,193.23,yes,"{""count_fp"":""193.23"",""created_time"":""2026-04-27T18:30:25.756534Z"",""no_price_dollars"":""0.5000"",""taker_side"":""yes"",""ticker"":""KXBTC15M-26APR271445-45"",""trade_id"":""09d0b325-8c9d-75f2-37d8-a1ddb0585d8e"",""yes_price_dollars"":""0.5000""}"
KXBTC15M-26APR271445-45,61f191bf-f8a1-7fde-eaaf-bcf63421e9b2,1777314625,0.5,79.22,yes,"{""count_fp"":""79.22"",""created_time"":""2026-04-27T18:30:25.404327Z"",""no_price_dollars"":""0.5000"",""taker_side"":""yes"",""ticker"":""KXBTC15M-26APR271445-45"",""trade_id"":""61f191bf-f8a1-7fde-eaaf-bcf63421e9b2"",""yes_price_dollars"":""0.5000""}"
KXBTC15M-26APR271445-45,4b28c381-1a50-69aa-568f-45f60c4e44c1,1777314625,0.49,3.0,no,"{""count_fp"":""3.00"",""created_time"":""2026-04-27T18:30:25.315667Z"",""no_price_dollars"":""0.5100"",""taker_side"":""no"",""ticker"":""KXBTC15M-26APR271445-45"",""trade_id"":""4b28c381-1a50-69aa-568f-45f60c4e44c1"",""yes_price_dollars"":""0.4900""}"
KXBTC15M-26APR271445-45,02f49436-df79-58ba-e48a-d9a6e9b833aa,1777314625,0.5,19.32,yes,"{""count_fp"":""19.32"",""created_time"":""2026-04-27T18:30:25.223034Z"",""no_price_dollars"":""0.5000"",""taker_side"":""yes"",""ticker"":""KXBTC15M-26APR271445-45"",""trade_id"":""02f49436-df79-58ba-e48a-d9a6e9b833aa"",""yes_price_dollars"":""0.5000""}"
KXBTC15M-26APR271445-45,17d0f782-32d5-6daa-2688-97d7c44f8016,1777314625,0.5,19.0,yes,"{""count_fp"":""19.00"",""created_time"":""2026-04-27T18:30:25.091323Z"",""no_price_dollars"":""0.5000"",""taker_side"":""yes"",""ticker"":""KXBTC15M-26APR271445-45"",""trade_id"":""17d0f782-32d5-6daa-2688-97d7c44f8016"",""yes_price_dollars"":""0.5000""}"
KXBTC15M-26APR271445-45,6869c5b1-cc23-7d89-13ca-f9150690f28d,1777314626,0.51,15.35,yes,"{""count_fp"":""15.35"",""created_time"":""2026-04-27T18:30:26.896982Z"",""no_price_dollars"":""0.4900"",""taker_side"":""yes"",""ticker"":""KXBTC15M-26APR271445-45"",""trade_id"":""6869c5b1-cc23-7d89-13ca-f9150690f28d"",""yes_price_dollars"":""0.5100""}"
KXBTC15M-26APR271445-45,8ef550e9-d210-66e9-9ec5-9570e645d09b,1777314626,0.5,1.89,no,"{""count_fp"":""1.89"",""created_time"":""2026-04-27T18:30:26.755105Z"",""no_price_dollars"":""0.5000"",""taker_side"":""no"",""ticker"":""KXBTC15M-26APR271445-45"",""trade_id"":""8ef550e9-d210-66e9-9ec5-9570e645d09b"",""yes_price_dollars"":""0.5000""}"
KXBTC15M-26APR271445-45,d50d806c-a1dc-75d9-672e-2b39cbdc02cb,1777314626,0.5,10.0,no,"{""count_fp"":""10.00"",""created_time"":""2026-04-27T18:30:26.634524Z"",""no_price_dollars"":""0.5000"",""taker_side"":""no"",""ticker"":""KXBTC15M-26APR271445-45"",""trade_id"":""d50d806c-a1dc-75d9-672e-2b39cbdc02cb"",""yes_price_dollars"":""0.5000""}"
KXBTC15M-26APR271445-45,46db8483-9430-65a1-b5bc-3e1bd2238b27,1777314627,0.5,28.11,no,"{""count_fp"":""28.11"",""created_time"":""2026-04-27T18:30:27.713729Z"",""no_price_dollars"":""0.5000"",""taker_side"":""no"",""ticker"":""KXBTC15M-26APR271445-45"",""trade_id"":""46db8483-9430-65a1-b5bc-3e1bd2238b27"",""yes_price_dollars"":""0.5000""}"
KXBTC15M-26APR271445-45,2414d771-c9aa-6be0-aa26-8e5337bcf228,1777314627,0.5,9.75,no,"{""count_fp"":""9.75"",""created_time"":""2026-04-27T18:30:27.713729Z"",""no_price_dollars"":""0.5000"",""taker_side"":""no"",""ticker"":""KXBTC15M-26APR271445-45"",""trade_id"":""2414d771-c9aa-6be0-aa26-8e5337bcf228"",""yes_price_dollars"":""0.5000""}"
KXBTC15M-26APR271445-45,cdde2dab-612b-5195-a524-33dd7789fbd1,1777314627,0.51,85.21,yes,"{""count_fp"":""85.21"",""created_time"":""2026-04-27T18:30:27.037919Z"",""no_price_dollars"":""0.4900"",""taker_side"":""yes"",""ticker"":""KXBTC15M-26APR271445-45"",""trade_id"":""cdde2dab-612b-5195-a524-33dd7789fbd1"",""yes_price_dollars"":""0.5100""}"
KXBTC15M-26APR271445-45,ab485c8b-6658-6503-ef38-743d41585223,1777314628,0.5,56.87,yes,"{""count_fp"":""56.87"",""created_time"":""2026-04-27T18:30:28.852436Z"",""no_price_dollars"":""0.5000"",""taker_side"":""yes"",""ticker"":""KXBTC15M-26APR271445-45"",""trade_id"":""ab485c8b-6658-6503-ef38-743d41585223"",""yes_price_dollars"":""0.5000""}"
KXBTC15M-26APR271445-45,f5ed6fa9-b6cd-71c1-25f8-c1c22303f84e,1777314628,0.49,3.0,no,"{""count_fp"":""3.00"",""created_time"":""2026-04-27T18:30:28.845313Z"",""no_price_dollars"":""0.5100"",""taker_side"":""no"",""ticker"":""KXBTC15M-26APR271445-45"",""trade_id"":""f5ed6fa9-b6cd-71c1-25f8-c1c22303f84e"",""yes_price_dollars"":""0.4900""}"
KXBTC15M-26APR271445-45,df5101ad-276c-7ec6-2609-241b62518abd,1777314628,0.48,34.67,no,"{""count_fp"":""34.67"",""created_time"":""2026-04-27T18:30:28.845313Z"",""no_price_dollars"":""0.5200"",""taker_side"":""no"",""ticker"":""KXBTC15M-26APR271445-45"",""trade_id"":""df5101ad-276c-7ec6-2609-241b62518abd"",""yes_price_dollars"":""0.4800""}"
KXBTC15M-26APR271445-45,77244442-d96a-7c2f-3af1-4522bd62645a,1777314628,0.48,40.0,no,"{""count_fp"":""40.00"",""created_time"":""2026-04-27T18:30:28.845313Z"",""no_price_dollars"":""0.5200"",""taker_side"":""no"",""ticker"":""KXBTC15M-26APR271445-45"",""trade_id"":""77244442-d96a-7c2f-3af1-4522bd62645a"",""yes_price_dollars"":""0.4800""}"
KXBTC15M-26APR271445-45,347ad9c3-4beb-7560-1cc6-bb793506491c,1777314628,0.49,10.0,no,"{""count_fp"":""10.00"",""created_time"":""2026-04-27T18:30:28.845313Z"",""no_price_dollars"":""0.5100"",""taker_side"":""no"",""ticker"":""KXBTC15M-26APR271445-45"",""trade_id"":""347ad9c3-4beb-7560-1cc6-bb793506491c"",""yes_price_dollars"":""0.4900""}"
KXBTC15M-26APR271445-45,db2bd636-459c-4f15-385b-d8d9cc36b631,1777314628,0.49,0.86,no,"{""count_fp"":""0.86"",""created_time"":""2026-04-27T18:30:28.576886Z"",""no_price_dollars"":""0.5100"",""taker_side"":""no"",""ticker"":""KXBTC15M-26APR271445-45"",""trade_id"":""db2bd636-459c-4f15-385b-d8d9cc36b631"",""yes_price_dollars"":""0.4900""}"
KXBTC15M-26APR271445-45,cd431cf4-3f7b-4228-0ff7-53d7146f9c46,1777314628,0.49,36.0,no,"{""count_fp"":""36.00"",""created_time"":""2026-04-27T18:30:28.576886Z"",""no_price_dollars"":""0.5100"",""taker_side"":""no"",""ticker"":""KXBTC15M-26APR271445-45"",""trade_id"":""cd431cf4-3f7b-4228-0ff7-53d7146f9c46"",""yes_price_dollars"":""0.4900""}"
KXBTC15M-26APR271445-45,6e8e8fdb-4bf9-4a2a-2bcc-ead5574ade42,1777314628,0.49,1.0,no,"{""count_fp"":""1.00"",""created_time"":""2026-04-27T18:30:28.576886Z"",""no_price_dollars"":""0.5100"",""taker_side"":""no"",""ticker"":""KXBTC15M-26APR271445-45"",""trade_id"":""6e8e8fdb-4bf9-4a2a-2bcc-ead5574ade42"",""yes_price_dollars"":""0.4900""}"
KXBTC15M-26APR271445-45,038b1727-f59f-56c0-9ce7-42a8c80a181e,1777314628,0.49,4.0,no,"{""count_fp"":""4.00"",""created_time"":""2026-04-27T18:30:28.575305Z"",""no_price_dollars"":""0.5100"",""taker_side"":""no"",""ticker"":""KXBTC15M-26APR271445-45"",""trade_id"":""038b1727-f59f-56c0-9ce7-42a8c80a181e"",""yes_price_dollars"":""0.4900""}"
KXBTC15M-26APR271445-45,4c943f71-858c-4e2f-5f21-392b96b8e0af,1777314628,0.5,9.41,yes,"{""count_fp"":""9.41"",""created_time"":""2026-04-27T18:30:28.368118Z"",""no_price_dollars"":""0.5000"",""taker_side"":""yes"",""ticker"":""KXBTC15M-26APR271445-45"",""trade_id"":""4c943f71-858c-4e2f-5f21-392b96b8e0af"",""yes_price_dollars"":""0.5000""}"
KXBTC15M-26APR271445-45,dc1a9337-c350-56a2-ba59-55794309df99,1777314628,0.48,13.98,no,"{""count_fp"":""13.98"",""created_time"":""2026-04-27T18:30:28.243972Z"",""no_price_dollars"":""0.5200"",""taker_side"":""no"",""ticker"":""KXBTC15M-26APR271445-45"",""trade_id"":""dc1a9337-c350-56a2-ba59-55794309df99"",""yes_price_dollars"":""0.4800""}"
KXBTC15M-26APR271445-45,c736ef31-10f7-509c-b1bc-b82235314c60,1777314628,0.49,20.0,no,"{""count_fp"":""20.00"",""created_time"":""2026-04-27T18:30:28.243972Z"",""no_price_dollars"":""0.5100"",""taker_side"":""no"",""ticker"":""KXBTC15M-26APR271445-45"",""trade_id"":""c736ef31-10f7-509c-b1bc-b82235314c60"",""yes_price_dollars"":""0.4900""}"
KXBTC15M-26APR271445-45,a893053c-d416-51a4-9edc-f91630133513,1777314628,0.49,1.0,no,"{""count_fp"":""1.00"",""created_time"":""2026-04-27T18:30:28.243972Z"",""no_price_dollars"":""0.5100"",""taker_side"":""no"",""ticker"":""KXBTC15M-26APR271445-45"",""trade_id"":""a893053c-d416-51a4-9edc-f91630133513"",""yes_price_dollars"":""0.4900""}"
KXBTC15M-26APR271445-45,a4348da7-1c38-5f25-9f2d-96c1e2f6eb63,1777314628,0.49,3.0,no,"{""count_fp"":""3.00"",""created_time"":""2026-04-27T18:30:28.243972Z"",""no_price_dollars"":""0.5100"",""taker_side"":""no"",""ticker"":""KXBTC15M-26APR271445-45"",""trade_id"":""a4348da7-1c38-5f25-9f2d-96c1e2f6eb63"",""yes_price_dollars"":""0.4900""}"
KXBTC15M-26APR271445-45,49b8ee5f-bb90-5022-b0e7-fd8b8171b479,1777314628,0.49,14.05,no,"{""count_fp"":""14.05"",""created_time"":""2026-04-27T18:30:28.243972Z"",""no_price_dollars"":""0.5100"",""taker_side"":""no"",""ticker"":""KXBTC15M-26APR271445-45"",""trade_id"":""49b8ee5f-bb90-5022-b0e7-fd8b8171b479"",""yes_price_dollars"":""0.4900""}"
KXBTC15M-26APR271445-45,48a0d403-ac4e-54e0-8416-b3ae71cc0664,1777314628,0.5,0.25,no,"{""count_fp"":""0.25"",""created_time"":""2026-04-27T18:30:28.243972Z"",""no_price_dollars"":""0.5000"",""taker_side"":""no"",""ticker"":""KXBTC15M-26APR271445-45"",""trade_id"":""48a0d403-ac4e-54e0-8416-b3ae71cc0664"",""yes_price_dollars"":""0.5000""}"
KXBTC15M-26APR271445-45,085182e6-e173-5e37-ba03-34b217bceeb8,1777314628,0.5,40.0,no,"{""count_fp"":""40.00"",""created_time"":""2026-04-27T18:30:28.243972Z"",""no_price_dollars"":""0.5000"",""taker_side"":""no"",""ticker"":""KXBTC15M-26APR271445-45"",""trade_id"":""085182e6-e173-5e37-ba03-34b217bceeb8"",""yes_price_dollars"":""0.5000""}"
KXBTC15M-26APR271445-45,2ac88892-53d8-7dbb-d7fd-82fe617d142f,1777314628,0.51,9.47,yes,"{""count_fp"":""9.47"",""created_time"":""2026-04-27T18:30:28.142605Z"",""no_price_dollars"":""0.4900"",""taker_side"":""yes"",""ticker"":""KXBTC15M-26APR271445-45"",""trade_id"":""2ac88892-53d8-7dbb-d7fd-82fe617d142f"",""yes_price_dollars"":""0.5100""}"
KXBTC15M-26APR271445-45,8fb72337-9c59-5f6f-c0b5-07a7dedb47a8,1777314628,0.51,5.0,yes,"{""count_fp"":""5.00"",""created_time"":""2026-04-27T18:30:28.088416Z"",""no_price_dollars"":""0.4900"",""taker_side"":""yes"",""ticker"":""KXBTC15M-26APR271445-45"",""trade_id"":""8fb72337-9c59-5f6f-c0b5-07a7dedb47a8"",""yes_price_dollars"":""0.5100""}"
KXBTC15M-26APR271445-45,331b983c-22ac-5253-e906-3fbf2c8ec7a7,1777314628,0.51,3.28,yes,"{""count_fp"":""3.28"",""created_time"":""2026-04-27T18:30:28.088416Z"",""no_price_dollars"":""0.4900"",""taker_side"":""yes"",""ticker"":""KXBTC15M-26APR271445-45"",""trade_id"":""331b983c-22ac-5253-e906-3fbf2c8ec7a7"",""yes_price_dollars"":""0.5100""}"
KXBTC15M-26APR271445-45,01b3c415-95b9-54c2-f771-5092ba6d974c,1777314628,0.51,20.0,yes,"{""count_fp"":""20.00"",""created_time"":""2026-04-27T18:30:28.088416Z"",""no_price_dollars"":""0.4900"",""taker_side"":""yes"",""ticker"":""KXBTC15M-26APR271445-45"",""trade_id"":""01b3c415-95b9-54c2-f771-5092ba6d974c"",""yes_price_dollars"":""0.5100""}"
KXBTC15M-26APR271445-45,4b53c282-4fb7-5c41-7644-ba45c9a236f7,1777314629,0.48,36.69,no,"{""count_fp"":""36.69"",""created_time"":""2026-04-27T18:30:29.994173Z"",""no_price_dollars"":""0.5200"",""taker_side"":""no"",""ticker"":""KXBTC15M-26APR271445-45"",""trade_id"":""4b53c282-4fb7-5c41-7644-ba45c9a236f7"",""yes_price_dollars"":""0.4800""}"
KXBTC15M-26APR271445-45,d203c9cc-3a64-71ff-f0c3-cb492c91524b,1777314629,0.49,9.47,yes,"{""count_fp"":""9.47"",""created_time"":""2026-04-27T18:30:29.426837Z"",""no_price_dollars"":""0.5100"",""taker_side"":""yes"",""ticker"":""KXBTC15M-26APR271445-45"",""trade_id"":""d203c9cc-3a64-71ff-f0c3-cb492c91524b"",""yes_price_dollars"":""0.4900""}"
KXBTC15M-26APR271445-45,674947d9-f2a0-6123-d95d-c038aa752adb,1777314629,0.49,72.07,yes,"{""count_fp"":""72.07"",""created_time"":""2026-04-27T18:30:29.116738Z"",""no_price_dollars"":""0.5100"",""taker_side"":""yes"",""ticker"":""KXBTC15M-26APR271445-45"",""trade_id"":""674947d9-f2a0-6123-d95d-c038aa752adb"",""yes_price_dollars"":""0.4900""}"
KXBTC15M-26APR271445-45,20acc752-b131-6a4e-d710-0183d1be8726,1777314629,0.49,40.0,yes,"{""count_fp"":""40.00"",""created_time"":""2026-04-27T18:30:29.116738Z"",""no_price_dollars"":""0.5100"",""taker_side"":""yes"",""ticker"":""KXBTC15M-26APR271445-45"",""trade_id"":""20acc752-b131-6a4e-d710-0183d1be8726"",""yes_price_dollars"":""0.4900""}"
KXBTC15M-26APR271445-45,ebe5608e-d26c-62e3-b41b-7c8c5f719bdb,1777314630,0.49,2.0,yes,"{""count_fp"":""2.00"",""created_time"":""2026-04-27T18:30:30.839117Z"",""no_price_dollars"":""0.5100"",""taker_side"":""yes"",""ticker"":""KXBTC15M-26APR271445-45"",""trade_id"":""ebe5608e-d26c-62e3-b41b-7c8c5f719bdb"",""yes_price_dollars"":""0.4900""}"
KXBTC15M-26APR271445-45,f3638d51-9897-6609-6edb-6b671a868ef3,1777314630,0.48,3.31,no,"{""count_fp"":""3.31"",""created_time"":""2026-04-27T18:30:30.339783Z"",""no_price_dollars"":""0.5200"",""taker_side"":""no"",""ticker"":""KXBTC15M-26APR271445-45"",""trade_id"":""f3638d51-9897-6609-6edb-6b671a868ef3"",""yes_price_dollars"":""0.4800""}"
KXBTC15M-26APR271445-45,cbd03415-bd92-61ba-6540-c1e782ea5f30,1777314630,0.48,0.69,no,"{""count_fp"":""0.69"",""created_time"":""2026-04-27T18:30:30.339783Z"",""no_price_dollars"":""0.5200"",""taker_side"":""no"",""ticker"":""KXBTC15M-26APR271445-45"",""trade_id"":""cbd03415-bd92-61ba-6540-c1e782ea5f30"",""yes_price_dollars"":""0.4800""}"
KXBTC15M-26APR271445-45,37170d9d-884e-7544-fd0e-fc8e3e9b6152,1777314631,0.48,9.3,no,"{""count_fp"":""9.30"",""created_time"":""2026-04-27T18:30:31.911577Z"",""no_price_dollars"":""0.5200"",""taker_side"":""no"",""ticker"":""KXBTC15M-26APR271445-45"",""trade_id"":""37170d9d-884e-7544-fd0e-fc8e3e9b6152"",""yes_price_dollars"":""0.4800""}"
KXBTC15M-26APR271445-45,be2d5ebd-5b60-699b-7c42-78ac23be588f,1777314631,0.49,82.75,yes,"{""count_fp"":""82.75"",""created_time"":""2026-04-27T18:30:31.832033Z"",""no_price_dollars"":""0.5100"",""taker_side"":""yes"",""ticker"":""KXBTC15M-26APR271445-45"",""trade_id"":""be2d5ebd-5b60-699b-7c42-78ac23be588f"",""yes_price_dollars"":""0.4900""}"
KXBTC15M-26APR271445-45,de8cb7fe-8632-479c-1ef5-6500ee323643,1777314631,0.48,10.0,no,"{""count_fp"":""10.00"",""created_time"":""2026-04-27T18:30:31.670966Z"",""no_price_dollars"":""0.5200"",""taker_side"":""no"",""ticker"":""KXBTC15M-26APR271445-45"",""trade_id"":""de8cb7fe-8632-479c-1ef5-6500ee323643"",""yes_price_dollars"":""0.4800""}"
KXBTC15M-26APR271445-45,4de11739-73da-4220-3478-b6145f1a0e36,1777314631,0.48,8.6,no,"{""count_fp"":""8.60"",""created_time"":""2026-04-27T18:30:31.670966Z"",""no_price_dollars"":""0.5200"",""taker_side"":""no"",""ticker"":""KXBTC15M-26APR271445-45"",""trade_id"":""4de11739-73da-4220-3478-b6145f1a0e36"",""yes_price_dollars"":""0.4800""}"
KXBTC15M-26APR271445-45,f131a0db-d120-4c5f-ffce-12fde7f5a407,1777314631,0.49,38.64,yes,"{""count_fp"":""38.64"",""created_time"":""2026-04-27T18:30:31.331098Z"",""no_price_dollars"":""0.5100"",""taker_side"":""yes"",""ticker"":""KXBTC15M-26APR271445-45"",""trade_id"":""f131a0db-d120-4c5f-ffce-12fde7f5a407"",""yes_price_dollars"":""0.4900""}"
KXBTC15M-26APR271445-45,5a6386a9-0cf2-40ac-369a-ea9f3b54ed2b,1777314631,0.48,1.0,no,"{""count_fp"":""1.00"",""created_time"":""2026-04-27T18:30:31.260308Z"",""no_price_dollars"":""0.5200"",""taker_side"":""no"",""ticker"":""KXBTC15M-26APR271445-45"",""trade_id"":""5a6386a9-0cf2-40ac-369a-ea9f3b54ed2b"",""yes_price_dollars"":""0.4800""}"
KXBTC15M-26APR271445-45,ddc5bbb7-a6ee-6126-caaa-3218a1dc772c,1777314631,0.48,0.31,no,"{""count_fp"":""0.31"",""created_time"":""2026-04-27T18:30:31.112435Z"",""no_price_dollars"":""0.5200"",""taker_side"":""no"",""ticker"":""KXBTC15M-26APR271445-45"",""trade_id"":""ddc5bbb7-a6ee-6126-caaa-3218a1dc772c"",""yes_price_dollars"":""0.4800""}"
KXBTC15M-26APR271445-45,d636ebdd-8893-6ff6-d8e7-8e3653c89bbf,1777314631,0.48,0.67,no,"{""count_fp"":""0.67"",""created_time"":""2026-04-27T18:30:31.112435Z"",""no_price_dollars"":""0.5200"",""taker_side"":""no"",""ticker"":""KXBTC15M-26APR271445-45"",""trade_id"":""d636ebdd-8893-6ff6-d8e7-8e3653c89bbf"",""yes_price_dollars"":""0.4800""}"
KXBTC15M-26APR271445-45,e3cac929-9830-6bc7-80aa-2789f6b290cf,1777314632,0.49,16.42,yes,"{""count_fp"":""16.42"",""created_time"":""2026-04-27T18:30:32.987987Z"",""no_price_dollars"":""0.5100"",""taker_side"":""yes"",""ticker"":""KXBTC15M-26APR271445-45"",""trade_id"":""e3cac929-9830-6bc7-80aa-2789f6b290cf"",""yes_price_dollars"":""0.4900""}"
KXBTC15M-26APR271445-45,04581651-8baa-7b20-460d-29a195bcceee,1777314632,0.48,22.32,no,"{""count_fp"":""22.32"",""created_time"":""2026-04-27T18:30:32.946939Z"",""no_price_dollars"":""0.5200"",""taker_side"":""no"",""ticker"":""KXBTC15M-26APR271445-45"",""trade_id"":""04581651-8baa-7b20-460d-29a195bcceee"",""yes_price_dollars"":""0.4800""}"
KXBTC15M-26APR271445-45,bb558ed6-29a2-580c-1e8b-e0ed6ede2c9e,1777314632,0.48,3.0,no,"{""count_fp"":""3.00"",""created_time"":""2026-04-27T18:30:32.799314Z"",""no_price_dollars"":""0.5200"",""taker_side"":""no"",""ticker"":""KXBTC15M-26APR271445-45"",""trade_id"":""bb558ed6-29a2-580c-1e8b-e0ed6ede2c9e"",""yes_price_dollars"":""0.4800""}"
KXBTC15M-26APR271445-45,eff65668-4ff4-701b-4ce7-901b82ba6a33,1777314632,0.49,1.0,yes,"{""count_fp"":""1.00"",""created_time"":""2026-04-27T18:30:32.718824Z"",""no_price_dollars"":""0.5100"",""taker_side"":""yes"",""ticker"":""KXBTC15M-26APR271445-45"",""trade_id"":""eff65668-4ff4-701b-4ce7-901b82ba6a33"",""yes_price_dollars"":""0.4900""}"
KXBTC15M-26APR271445-45,417a0d77-5ee8-61fb-e308-c4e6b572177b,1777314632,0.49,1.0,yes,"{""count_fp"":""1.00"",""created_time"":""2026-04-27T18:30:32.507678Z"",""no_price_dollars"":""0.5100"",""taker_side"":""yes"",""ticker"":""KXBTC15M-26APR271445-45"",""trade_id"":""417a0d77-5ee8-61fb-e308-c4e6b572177b"",""yes_price_dollars"":""0.4900""}"
KXBTC15M-26APR271445-45,41c770c5-b186-5f20-e6bb-dd974337d5de,1777314632,0.48,1.0,no,"{""count_fp"":""1.00"",""created_time"":""2026-04-27T18:30:32.171924Z"",""no_price_dollars"":""0.5200"",""taker_side"":""no"",""ticker"":""KXBTC15M-26APR271445-45"",""trade_id"":""41c770c5-b186-5f20-e6bb-dd974337d5de"",""yes_price_dollars"":""0.4800""}"
KXBTC15M-26APR271445-45,10a48be8-6cbf-6144-d3c6-a0e96cf26a36,1777314633,0.47,1.0,no,"{""count_fp"":""1.00"",""created_time"":""2026-04-27T18:30:33.972398Z"",""no_price_dollars"":""0.5300"",""taker_side"":""no"",""ticker"":""KXBTC15M-26APR271445-45"",""trade_id"":""10a48be8-6cbf-6144-d3c6-a0e96cf26a36"",""yes_price_dollars"":""0.4700""}"
KXBTC15M-26APR271445-45,da693073-a468-5460-c88f-b446e84641c9,1777314633,0.48,12.0,no,"{""count_fp"":""12.00"",""created_time"":""2026-04-27T18:30:33.767608Z"",""no_price_dollars"":""0.5200"",""taker_side"":""no"",""ticker"":""KXBTC15M-26APR271445-45"",""trade_id"":""da693073-a468-5460-c88f-b446e84641c9"",""yes_price_dollars"":""0.4800""}"
KXBTC15M-26APR271445-45,d67718b4-41b9-5881-dc7a-dcb05e892ec2,1777314633,0.48,4.54,no,"{""count_fp"":""4.54"",""created_time"":""2026-04-27T18:30:33.767608Z"",""no_price_dollars"":""0.5200"",""taker_side"":""no"",""ticker"":""KXBTC15M-26APR271445-45"",""trade_id"":""d67718b4-41b9-5881-dc7a-dcb05e892ec2"",""yes_price_dollars"":""0.4800""}"
KXBTC15M-26APR271445-45,9d0c5e4f-3be4-5786-e841-ba463a2331dd,1777314633,0.48,3.0,no,"{""count_fp"":""3.00"",""created_time"":""2026-04-27T18:30:33.767608Z"",""no_price_dollars"":""0.5200"",""taker_side"":""no"",""ticker"":""KXBTC15M-26APR271445-45"",""trade_id"":""9d0c5e4f-3be4-5786-e841-ba463a2331dd"",""yes_price_dollars"":""0.4800""}"
KXBTC15M-26APR271445-45,0f11a57a-51fd-50a4-e459-376a3b08f6d8,1777314633,0.48,10.0,no,"{""count_fp"":""10.00"",""created_time"":""2026-04-27T18:30:33.767608Z"",""no_price_dollars"":""0.5200"",""taker_side"":""no"",""ticker"":""KXBTC15M-26APR271445-45"",""trade_id"":""0f11a57a-51fd-50a4-e459-376a3b08f6d8"",""yes_price_dollars"":""0.4800""}"
KXBTC15M-26APR271445-45,fb37f997-98bd-595f-d477-8bcddca5239f,1777314633,0.48,5.48,no,"{""count_fp"":""5.48"",""created_time"":""2026-04-27T18:30:33.175769Z"",""no_price_dollars"":""0.5200"",""taker_side"":""no"",""ticker"":""KXBTC15M-26APR271445-45"",""trade_id"":""fb37f997-98bd-595f-d477-8bcddca5239f"",""yes_price_dollars"":""0.4800""}"
KXBTC15M-26APR271445-45,e9203fb8-ac81-561e-f8dc-a0b9beb5aed2,1777314633,0.48,10.0,no,"{""count_fp"":""10.00"",""created_time"":""2026-04-27T18:30:33.175769Z"",""no_price_dollars"":""0.5200"",""taker_side"":""no"",""ticker"":""KXBTC15M-26APR271445-45"",""trade_id"":""e9203fb8-ac81-561e-f8dc-a0b9beb5aed2"",""yes_price_dollars"":""0.4800""}"
KXBTC15M-26APR271445-45,e53cbb3e-d38a-5bd3-dad6-5312ea6ad42a,1777314633,0.48,3.0,no,"{""count_fp"":""3.00"",""created_time"":""2026-04-27T18:30:33.175769Z"",""no_price_dollars"":""0.5200"",""taker_side"":""no"",""ticker"":""KXBTC15M-26APR271445-45"",""trade_id"":""e53cbb3e-d38a-5bd3-dad6-5312ea6ad42a"",""yes_price_dollars"":""0.4800""}"
KXBTC15M-26APR271445-45,bdadf1ef-bfbe-5368-c84c-1fd740ecff9a,1777314633,0.48,11.78,no,"{""count_fp"":""11.78"",""created_time"":""2026-04-27T18:30:33.175769Z"",""no_price_dollars"":""0.5200"",""taker_side"":""no"",""ticker"":""KXBTC15M-26APR271445-45"",""trade_id"":""bdadf1ef-bfbe-5368-c84c-1fd740ecff9a"",""yes_price_dollars"":""0.4800""}"
KXBTC15M-26APR271445-45,debebb84-fb5b-79ff-0fde-109b5c0e2776,1777314634,0.45,0.6,yes,"{""count_fp"":""0.60"",""created_time"":""2026-04-27T18:30:34.791077Z"",""no_price_dollars"":""0.5500"",""taker_side"":""yes"",""ticker"":""KXBTC15M-26APR271445-45"",""trade_id"":""debebb84-fb5b-79ff-0fde-109b5c0e2776"",""yes_price_dollars"":""0.4500""}"
KXBTC15M-26APR271445-45,8b6688ae-d478-7a3b-14a5-04c62c71523b,1777314634,0.45,1.4,yes,"{""count_fp"":""1.40"",""created_time"":""2026-04-27T18:30:34.791077Z"",""no_price_dollars"":""0.5500"",""taker_side"":""yes"",""ticker"":""KXBTC15M-26APR271445-45"",""trade_id"":""8b6688ae-d478-7a3b-14a5-04c62c71523b"",""yes_price_dollars"":""0.4500""}"
KXBTC15M-26APR271445-45,3b6eab4c-cb7f-5aa7-f784-4bea2d7f86e2,1777314634,0.45,39.4,yes,"{""count_fp"":""39.40"",""created_time"":""2026-04-27T18:30:34.499324Z"",""no_price_dollars"":""0.5500"",""taker_side"":""yes"",""ticker"":""KXBTC15M-26APR271445-45"",""trade_id"":""3b6eab4c-cb7f-5aa7-f784-4bea2d7f86e2"",""yes_price_dollars"":""0.4500""}"
KXBTC15M-26APR271445-45,b5dd3d63-184e-55bd-1f5c-dd72564864ab,1777314634,0.45,10.0,no,"{""count_fp"":""10.00"",""created_time"":""2026-04-27T18:30:34.393819Z"",""no_price_dollars"":""0.5500"",""taker_side"":""no"",""ticker"":""KXBTC15M-26APR271445-45"",""trade_id"":""b5dd3d63-184e-55bd-1f5c-dd72564864ab"",""yes_price_dollars"":""0.4500""}"
KXBTC15M-26APR271445-45,afb9be5a-28ee-52ca-0419-a9f8334cab2a,1777314634,0.45,5.0,no,"{""count_fp"":""5.00"",""created_time"":""2026-04-27T18:30:34.393819Z"",""no_price_dollars"":""0.5500"",""taker_side"":""no"",""ticker"":""KXBTC15M-26APR271445-45"",""trade_id"":""afb9be5a-28ee-52ca-0419-a9f8334cab2a"",""yes_price_dollars"":""0.4500""}"
KXBTC15M-26APR271445-45,6aded69f-876c-591d-3ec5-262f44e7796c,1777314634,0.45,40.0,no,"{""count_fp"":""40.00"",""created_time"":""2026-04-27T18:30:34.393819Z"",""no_price_dollars"":""0.5500"",""taker_side"":""no"",""ticker"":""KXBTC15M-26APR271445-45"",""trade_id"":""6aded69f-876c-591d-3ec5-262f44e7796c"",""yes_price_dollars"":""0.4500""}"
KXBTC15M-26APR271445-45,62c27955-7136-56e9-30ca-0d73c5034f46,1777314634,0.45,6.0,no,"{""count_fp"":""6.00"",""created_time"":""2026-04-27T18:30:34.393819Z"",""no_price_dollars"":""0.5500"",""taker_side"":""no"",""ticker"":""KXBTC15M-26APR271445-45"",""trade_id"":""62c27955-7136-56e9-30ca-0d73c5034f46"",""yes_price_dollars"":""0.4500""}"
KXBTC15M-26APR271445-45,521d15bb-2db3-5fdf-0067-f749a2aa85c7,1777314634,0.46,10.0,no,"{""count_fp"":""10.00"",""created_time"":""2026-04-27T18:30:34.393819Z"",""no_price_dollars"":""0.5400"",""taker_side"":""no"",""ticker"":""KXBTC15M-26APR271445-45"",""trade_id"":""521d15bb-2db3-5fdf-0067-f749a2aa85c7"",""yes_price_dollars"":""0.4600""}"
KXBTC15M-26APR271445-45,1988bf25-7cc3-7cbe-7336-53a8ff5cd28b,1777314634,0.47,3.0,no,"{""count_fp"":""3.00"",""created_time"":""2026-04-27T18:30:34.391221Z"",""no_price_dollars"":""0.5300"",""taker_side"":""no"",""ticker"":""KXBTC15M-26APR271445-45"",""trade_id"":""1988bf25-7cc3-7cbe-7336-53a8ff5cd28b"",""yes_price_dollars"":""0.4700""}"
KXBTC15M-26APR271445-45,ac0f4847-778c-54ce-2f39-22b9c07c2bab,1777314634,0.47,10.0,no,"{""count_fp"":""10.00"",""created_time"":""2026-04-27T18:30:34.387507Z"",""no_price_dollars"":""0.5300"",""taker_side"":""no"",""ticker"":""KXBTC15M-26APR271445-45"",""trade_id"":""ac0f4847-778c-54ce-2f39-22b9c07c2bab"",""yes_price_dollars"":""0.4700""}"
KXBTC15M-26APR271445-45,0c3bdb51-73b3-5ba4-2dbc-26cf63420f86,1777314634,0.47,11.04,no,"{""count_fp"":""11.04"",""created_time"":""2026-04-27T18:30:34.387507Z"",""no_price_dollars"":""0.5300"",""taker_side"":""no"",""ticker"":""KXBTC15M-26APR271445-45"",""trade_id"":""0c3bdb51-73b3-5ba4-2dbc-26cf63420f86"",""yes_price_dollars"":""0.4700""}"
KXBTC15M-26APR271445-45,38cbdba7-fe64-7c2b-c846-1d6cb138d0fb,1777314635,0.45,20.1,yes,"{""count_fp"":""20.10"",""created_time"":""2026-04-27T18:30:35.995949Z"",""no_price_dollars"":""0.5500"",""taker_side"":""yes"",""ticker"":""KXBTC15M-26APR271445-45"",""trade_id"":""38cbdba7-fe64-7c2b-c846-1d6cb138d0fb"",""yes_price_dollars"":""0.4500""}"
KXBTC15M-26APR271445-45,2ef18676-560c-7ba7-43da-9fe441cabf7b,1777314635,0.45,2.0,yes,"{""count_fp"":""2.00"",""created_time"":""2026-04-27T18:30:35.211505Z"",""no_price_dollars"":""0.5500"",""taker_side"":""yes"",""ticker"":""KXBTC15M-26APR271445-45"",""trade_id"":""2ef18676-560c-7ba7-43da-9fe441cabf7b"",""yes_price_dollars"":""0.4500""}"
KXBTC15M-26APR271445-45,82de598e-8989-689e-9bf7-ec0a15ef58cd,1777314636,0.44,2.07,no,"{""count_fp"":""2.07"",""created_time"":""2026-04-27T18:30:36.858728Z"",""no_price_dollars"":""0.5600"",""taker_side"":""no"",""ticker"":""KXBTC15M-26APR271445-45"",""trade_id"":""82de598e-8989-689e-9bf7-ec0a15ef58cd"",""yes_price_dollars"":""0.4400""}"
KXBTC15M-26APR271445-45,a2ddfa8d-71ce-509e-20d4-3a20fb5ee2d9,1777314636,0.45,13.0,yes,"{""count_fp"":""13.00"",""created_time"":""2026-04-27T18:30:36.858492Z"",""no_price_dollars"":""0.5500"",""taker_side"":""yes"",""ticker"":""KXBTC15M-26APR271445-45"",""trade_id"":""a2ddfa8d-71ce-509e-20d4-3a20fb5ee2d9"",""yes_price_dollars"":""0.4500""}"
KXBTC15M-26APR271445-45,ecc9ebe1-7fab-4647-c504-cf82dd4f6183,1777314636,0.44,10.0,no,"{""count_fp"":""10.00"",""created_time"":""2026-04-27T18:30:36.830449Z"",""no_price_dollars"":""0.5600"",""taker_side"":""no"",""ticker"":""KXBTC15M-26APR271445-45"",""trade_id"":""ecc9ebe1-7fab-4647-c504-cf82dd4f6183"",""yes_price_dollars"":""0.4400""}"
KXBTC15M-26APR271445-45,b7858597-fae5-48c2-d6ea-779049e3bf41,1777314636,0.44,1.0,no,"{""count_fp"":""1.00"",""created_time"":""2026-04-27T18:30:36.830449Z"",""no_price_dollars"":""0.5600"",""taker_side"":""no"",""ticker"":""KXBTC15M-26APR271445-45"",""trade_id"":""b7858597-fae5-48c2-d6ea-779049e3bf41"",""yes_price_dollars"":""0.4400""}"
KXBTC15M-26APR271445-45,b526d52e-f92e-41aa-ea2e-dfecd27948c1,1777314636,0.44,3.0,no,"{""count_fp"":""3.00"",""created_time"":""2026-04-27T18:30:36.830449Z"",""no_price_dollars"":""0.5600"",""taker_side"":""no"",""ticker"":""KXBTC15M-26APR271445-45"",""trade_id"":""b526d52e-f92e-41aa-ea2e-dfecd27948c1"",""yes_price_dollars"":""0.4400""}"
KXBTC15M-26APR271445-45,802307f7-d281-4793-e59e-b12b04b31d69,1777314636,0.44,2.0,no,"{""count_fp"":""2.00"",""created_time"":""2026-04-27T18:30:36.830449Z"",""no_price_dollars"":""0.5600"",""taker_side"":""no"",""ticker"":""KXBTC15M-26APR271445-45"",""trade_id"":""802307f7-d281-4793-e59e-b12b04b31d69"",""yes_price_dollars"":""0.4400""}"
KXBTC15M-26APR271445-45,1bcbdddb-c005-40de-f9ae-8b2ae4746440,1777314636,0.44,1.0,no,"{""count_fp"":""1.00"",""created_time"":""2026-04-27T18:30:36.830449Z"",""no_price_dollars"":""0.5600"",""taker_side"":""no"",""ticker"":""KXBTC15M-26APR271445-45"",""trade_id"":""1bcbdddb-c005-40de-f9ae-8b2ae4746440"",""yes_price_dollars"":""0.4400""}"
KXBTC15M-26APR271445-45,c3ba2ab0-bf86-7fde-bc8f-8e0d43099919,1777314636,0.45,60.0,yes,"{""count_fp"":""60.00"",""created_time"":""2026-04-27T18:30:36.602124Z"",""no_price_dollars"":""0.5500"",""taker_side"":""yes"",""ticker"":""KXBTC15M-26APR271445-45"",""trade_id"":""c3ba2ab0-bf86-7fde-bc8f-8e0d43099919"",""yes_price_dollars"":""0.4500""}"
KXBTC15M-26APR271445-45,8de323d8-a537-7a72-8ab6-be500e1c62b9,1777314636,0.45,40.0,yes,"{""count_fp"":""40.00"",""created_time"":""2026-04-27T18:30:36.602124Z"",""no_price_dollars"":""0.5500"",""taker_side"":""yes"",""ticker"":""KXBTC15M-26APR271445-45"",""trade_id"":""8de323d8-a537-7a72-8ab6-be500e1c62b9"",""yes_price_dollars"":""0.4500""}"
KXBTC15M-26APR271445-45,a81286a4-3053-4004-6dd5-416537f23470,1777314637,0.49,26.25,yes,"{""count_fp"":""26.25"",""created_time"":""2026-04-27T18:30:37.960371Z"",""no_price_dollars"":""0.5100"",""taker_side"":""yes"",""ticker"":""KXBTC15M-26APR271445-45"",""trade_id"":""a81286a4-3053-4004-6dd5-416537f23470"",""yes_price_dollars"":""0.4900""}"
KXBTC15M-26APR271445-45,8ad9ae5e-2ae1-6e94-e182-b5cd241bdcbd,1777314637,0.48,25.4,yes,"{""count_fp"":""25.40"",""created_time"":""2026-04-27T18:30:37.909981Z"",""no_price_dollars"":""0.5200"",""taker_side"":""yes"",""ticker"":""KXBTC15M-26APR271445-45"",""trade_id"":""8ad9ae5e-2ae1-6e94-e182-b5cd241bdcbd"",""yes_price_dollars"":""0.4800""}"
KXBTC15M-26APR271445-45,83151742-335d-4b9e-40e4-afb9b1fb7f67,1777314637,0.48,2.0,yes,"{""count_fp"":""2.00"",""created_time"":""2026-04-27T18:30:37.717857Z"",""no_price_dollars"":""0.5200"",""taker_side"":""yes"",""ticker"":""KXBTC15M-26APR271445-45"",""trade_id"":""83151742-335d-4b9e-40e4-afb9b1fb7f67"",""yes_price_dollars"":""0.4800""}"
KXBTC15M-26APR271445-45,0c0b774b-5e0e-4a62-5556-b4ef61b18b85,1777314637,0.48,5.0,yes,"{""count_fp"":""5.00"",""created_time"":""2026-04-27T18:30:37.717857Z"",""no_price_dollars"":""0.5200"",""taker_side"":""yes"",""ticker"":""KXBTC15M-26APR271445-45"",""trade_id"":""0c0b774b-5e0e-4a62-5556-b4ef61b18b85"",""yes_price_dollars"":""0.4800""}"
KXBTC15M-26APR271445-45,00900fe4-4697-4947-7afe-d87e2c2084c0,1777314637,0.48,3.0,yes,"{""count_fp"":""3.00"",""created_time"":""2026-04-27T18:30:37.717857Z"",""no_price_dollars"":""0.5200"",""taker_side"":""yes"",""ticker"":""KXBTC15M-26APR271445-45"",""trade_id"":""00900fe4-4697-4947-7afe-d87e2c2084c0"",""yes_price_dollars"":""0.4800""}"
KXBTC15M-26APR271445-45,7af1d3c0-48ce-5266-c998-edde40cf5249,1777314637,0.45,427.0,yes,"{""count_fp"":""427.00"",""created_time"":""2026-04-27T18:30:37.585061Z"",""no_price_dollars"":""0.5500"",""taker_side"":""yes"",""ticker"":""KXBTC15M-26APR271445-45"",""trade_id"":""7af1d3c0-48ce-5266-c998-edde40cf5249"",""yes_price_dollars"":""0.4500""}"
KXBTC15M-26APR271445-45,1c3506a9-e007-5351-eb67-be7bdd7cd2a9,1777314637,0.45,1.0,yes,"{""count_fp"":""1.00"",""created_time"":""2026-04-27T18:30:37.585061Z"",""no_price_dollars"":""0.5500"",""taker_side"":""yes"",""ticker"":""KXBTC15M-26APR271445-45"",""trade_id"":""1c3506a9-e007-5351-eb67-be7bdd7cd2a9"",""yes_price_dollars"":""0.4500""}"
KXBTC15M-26APR271445-45,1d293fb4-09d1-4382-4e59-9a1837e67335,1777314637,0.44,1.0,no,"{""count_fp"":""1.00"",""created_time"":""2026-04-27T18:30:37.207194Z"",""no_price_dollars"":""0.5600"",""taker_side"":""no"",""ticker"":""KXBTC15M-26APR271445-45"",""trade_id"":""1d293fb4-09d1-4382-4e59-9a1837e67335"",""yes_price_dollars"":""0.4400""}"
KXBTC15M-26APR271445-45,0e39c9a2-069d-6612-f3d1-b02d393aa98d,1777314637,0.44,12.78,no,"{""count_fp"":""12.78"",""created_time"":""2026-04-27T18:30:37.077125Z"",""no_price_dollars"":""0.5600"",""taker_side"":""no"",""ticker"":""KXBTC15M-26APR271445-45"",""trade_id"":""0e39c9a2-069d-6612-f3d1-b02d393aa98d"",""yes_price_dollars"":""0.4400""}"
KXBTC15M-26APR271445-45,8020cbbd-a239-587b-df99-bae0f8e19e0e,1777314638,0.48,15.0,no,"{""count_fp"":""15.00"",""created_time"":""2026-04-27T18:30:38.764693Z"",""no_price_dollars"":""0.5200"",""taker_side"":""no"",""ticker"":""KXBTC15M-26APR271445-45"",""trade_id"":""8020cbbd-a239-587b-df99-bae0f8e19e0e"",""yes_price_dollars"":""0.4800""}"
KXBTC15M-26APR271445-45,971fe059-7541-7ebd-93d7-d10af1d49def,1777314638,0.49,5.0,yes,"{""count_fp"":""5.00"",""created_time"":""2026-04-27T18:30:38.666451Z"",""no_price_dollars"":""0.5100"",""taker_side"":""yes"",""ticker"":""KXBTC15M-26APR271445-45"",""trade_id"":""971fe059-7541-7ebd-93d7-d10af1d49def"",""yes_price_dollars"":""0.4900""}"
KXBTC15M-26APR271445-45,6084e87a-c749-7ef0-9036-e82ec2351f1d,1777314638,0.49,91.61,yes,"{""count_fp"":""91.61"",""created_time"":""2026-04-27T18:30:38.666451Z"",""no_price_dollars"":""0.5100"",""taker_side"":""yes"",""ticker"":""KXBTC15M-26APR271445-45"",""trade_id"":""6084e87a-c749-7ef0-9036-e82ec2351f1d"",""yes_price_dollars"":""0.4900""}"
KXBTC15M-26APR271445-45,49934c04-2d81-73b3-86f7-cf1ae7839d66,1777314638,0.48,18.26,no,"{""count_fp"":""18.26"",""created_time"":""2026-04-27T18:30:38.292617Z"",""no_price_dollars"":""0.5200"",""taker_side"":""no"",""ticker"":""KXBTC15M-26APR271445-45"",""trade_id"":""49934c04-2d81-73b3-86f7-cf1ae7839d66"",""yes_price_dollars"":""0.4800""}"
KXBTC15M-26APR271445-45,60a5afb0-02d9-7d00-6efa-7b305206c7bd,1777314639,0.49,258.67,yes,"{""count_fp"":""258.67"",""created_time"":""2026-04-27T18:30:39.940599Z"",""no_price_dollars"":""0.5100"",""taker_side"":""yes"",""ticker"":""KXBTC15M-26APR271445-45"",""trade_id"":""60a5afb0-02d9-7d00-6efa-7b305206c7bd"",""yes_price_dollars"":""0.4900""}"
KXBTC15M-26APR271445-45,575f08db-7d80-798c-73ea-fd6cf793a4cc,1777314639,0.49,5.0,yes,"{""count_fp"":""5.00"",""created_time"":""2026-04-27T18:30:39.940599Z"",""no_price_dollars"":""0.5100"",""taker_side"":""yes"",""ticker"":""KXBTC15M-26APR271445-45"",""trade_id"":""575f08db-7d80-798c-73ea-fd6cf793a4cc"",""yes_price_dollars"":""0.4900""}"
KXBTC15M-26APR271445-45,540f504a-409a-7533-4581-dfc4681b4441,1777314639,0.5,25.98,yes,"{""count_fp"":""25.98"",""created_time"":""2026-04-27T18:30:39.940599Z"",""no_price_dollars"":""0.5000"",""taker_side"":""yes"",""ticker"":""KXBTC15M-26APR271445-45"",""trade_id"":""540f504a-409a-7533-4581-dfc4681b4441"",""yes_price_dollars"":""0.5000""}"
KXBTC15M-26APR271445-45,c8628ef8-768c-4a34-53ac-82615c301539,1777314639,0.48,18.0,no,"{""count_fp"":""18.00"",""created_time"":""2026-04-27T18:30:39.669458Z"",""no_price_dollars"":""0.5200"",""taker_side"":""no"",""ticker"":""KXBTC15M-26APR271445-45"",""trade_id"":""c8628ef8-768c-4a34-53ac-82615c301539"",""yes_price_dollars"":""0.4800""}"
KXBTC15M-26APR271445-45,d70a9700-6995-6cf0-0916-6d289bbc404d,1777314639,0.49,70.91,yes,"{""count_fp"":""70.91"",""created_time"":""2026-04-27T18:30:39.613059Z"",""no_price_dollars"":""0.5100"",""taker_side"":""yes"",""ticker"":""KXBTC15M-26APR271445-45"",""trade_id"":""d70a9700-6995-6cf0-0916-6d289bbc404d"",""yes_price_dollars"":""0.4900""}"
KXBTC15M-26APR271445-45,5129669e-6d24-69c8-a151-fe05f148e1ed,1777314639,0.48,4.65,no,"{""count_fp"":""4.65"",""created_time"":""2026-04-27T18:30:39.604349Z"",""no_price_dollars"":""0.5200"",""taker_side"":""no"",""ticker"":""KXBTC15M-26APR271445-45"",""trade_id"":""5129669e-6d24-69c8-a151-fe05f148e1ed"",""yes_price_dollars"":""0.4800""}"
KXBTC15M-26APR271445-45,d24d310f-465c-4a70-7fb3-86226b16b361,1777314639,0.48,47.89,no,"{""count_fp"":""47.89"",""created_time"":""2026-04-27T18:30:39.512562Z"",""no_price_dollars"":""0.5200"",""taker_side"":""no"",""ticker"":""KXBTC15M-26APR271445-45"",""trade_id"":""d24d310f-465c-4a70-7fb3-86226b16b361"",""yes_price_dollars"":""0.4800""}"
KXBTC15M-26APR271445-45,24fe402f-3201-5c3f-1599-5c67fd14ec46,1777314639,0.48,2.41,no,"{""count_fp"":""2.41"",""created_time"":""2026-04-27T18:30:39.254224Z"",""no_price_dollars"":""0.5200"",""taker_side"":""no"",""ticker"":""KXBTC15M-26APR271445-45"",""trade_id"":""24fe402f-3201-5c3f-1599-5c67fd14ec46"",""yes_price_dollars"":""0.4800""}"
