ticker,trade_id,ts,yes_price,count,taker_side,raw_json
KXBTC15M-26APR280445-45,cf2a4c0d-691f-5c81-53a0-7fca4239bfb5,1777365000,0.54,1.0,yes,"{""count_fp"":""1.00"",""created_time"":""2026-04-28T08:30:00.931481Z"",""no_price_dollars"":""0.4600"",""taker_side"":""yes"",""ticker"":""KXBTC15M-26APR280445-45"",""trade_id"":""cf2a4c0d-691f-5c81-53a0-7fca4239bfb5"",""yes_price_dollars"":""0.5400""}"
KXBTC15M-26APR280445-45,1bbc65d3-1163-5aa0-a17e-064bcb0a4972,1777365001,0.54,63.0,yes,"{""count_fp"":""63.00"",""created_time"":""2026-04-28T08:30:01.695422Z"",""no_price_dollars"":""0.4600"",""taker_side"":""yes"",""ticker"":""KXBTC15M-26APR280445-45"",""trade_id"":""1bbc65d3-1163-5aa0-a17e-064bcb0a4972"",""yes_price_dollars"":""0.5400""}"
KXBTC15M-26APR280445-45,d86ae650-0b01-5581-ef6b-56be743411f7,1777365001,0.5,49.0,yes,"{""count_fp"":""49.00"",""created_time"":""2026-04-28T08:30:01.490054Z"",""no_price_dollars"":""0.5000"",""taker_side"":""yes"",""ticker"":""KXBTC15M-26APR280445-45"",""trade_id"":""d86ae650-0b01-5581-ef6b-56be743411f7"",""yes_price_dollars"":""0.5000""}"
KXBTC15M-26APR280445-45,af49ce91-c449-425e-b38e-94964f460d48,1777365001,0.51,61.0,no,"{""count_fp"":""61.00"",""created_time"":""2026-04-28T08:30:01.452385Z"",""no_price_dollars"":""0.4900"",""taker_side"":""no"",""ticker"":""KXBTC15M-26APR280445-45"",""trade_id"":""af49ce91-c449-425e-b38e-94964f460d48"",""yes_price_dollars"":""0.5100""}"
KXBTC15M-26APR280445-45,7ea608de-4d88-4e6c-a45d-f599240f914f,1777365001,0.5,10.0,no,"{""count_fp"":""10.00"",""created_time"":""2026-04-28T08:30:01.452385Z"",""no_price_dollars"":""0.5000"",""taker_side"":""no"",""ticker"":""KXBTC15M-26APR280445-45"",""trade_id"":""7ea608de-4d88-4e6c-a45d-f599240f914f"",""yes_price_dollars"":""0.5000""}"
KXBTC15M-26APR280445-45,7d1ca73f-36a9-65be-995c-a373f63ab3f8,1777365001,0.54,2.0,no,"{""count_fp"":""2.00"",""created_time"":""2026-04-28T08:30:01.353555Z"",""no_price_dollars"":""0.4600"",""taker_side"":""no"",""ticker"":""KXBTC15M-26APR280445-45"",""trade_id"":""7d1ca73f-36a9-65be-995c-a373f63ab3f8"",""yes_price_dollars"":""0.5400""}"
KXBTC15M-26APR280445-45,cf9cbc64-5f63-5d84-36c2-4f1f86b08a5b,1777365004,0.49,12.0,no,"{""count_fp"":""12.00"",""created_time"":""2026-04-28T08:30:04.161986Z"",""no_price_dollars"":""0.5100"",""taker_side"":""no"",""ticker"":""KXBTC15M-26APR280445-45"",""trade_id"":""cf9cbc64-5f63-5d84-36c2-4f1f86b08a5b"",""yes_price_dollars"":""0.4900""}"
KXBTC15M-26APR280445-45,b3e7434c-52c9-47c2-a71b-4023c2b4c488,1777365005,0.51,3.79,no,"{""count_fp"":""3.79"",""created_time"":""2026-04-28T08:30:05.862984Z"",""no_price_dollars"":""0.4900"",""taker_side"":""no"",""ticker"":""KXBTC15M-26APR280445-45"",""trade_id"":""b3e7434c-52c9-47c2-a71b-4023c2b4c488"",""yes_price_dollars"":""0.5100""}"
KXBTC15M-26APR280445-45,37f6314d-be51-7eea-4700-df311809e384,1777365005,0.51,1.0,no,"{""count_fp"":""1.00"",""created_time"":""2026-04-28T08:30:05.725602Z"",""no_price_dollars"":""0.4900"",""taker_side"":""no"",""ticker"":""KXBTC15M-26APR280445-45"",""trade_id"":""37f6314d-be51-7eea-4700-df311809e384"",""yes_price_dollars"":""0.5100""}"
KXBTC15M-26APR280445-45,4c12a560-70ef-5320-b45e-c0f9ddb5185b,1777365005,0.49,5.48,no,"{""count_fp"":""5.48"",""created_time"":""2026-04-28T08:30:05.277872Z"",""no_price_dollars"":""0.5100"",""taker_side"":""no"",""ticker"":""KXBTC15M-26APR280445-45"",""trade_id"":""4c12a560-70ef-5320-b45e-c0f9ddb5185b"",""yes_price_dollars"":""0.4900""}"
KXBTC15M-26APR280445-45,fae500c4-a067-62d2-a7f2-370d013f4f76,1777365006,0.55,203.39,yes,"{""count_fp"":""203.39"",""created_time"":""2026-04-28T08:30:06.709608Z"",""no_price_dollars"":""0.4500"",""taker_side"":""yes"",""ticker"":""KXBTC15M-26APR280445-45"",""trade_id"":""fae500c4-a067-62d2-a7f2-370d013f4f76"",""yes_price_dollars"":""0.5500""}"
KXBTC15M-26APR280445-45,f4b75a06-e1e6-6164-9e18-f8d5f4830d23,1777365006,0.55,1.0,yes,"{""count_fp"":""1.00"",""created_time"":""2026-04-28T08:30:06.709608Z"",""no_price_dollars"":""0.4500"",""taker_side"":""yes"",""ticker"":""KXBTC15M-26APR280445-45"",""trade_id"":""f4b75a06-e1e6-6164-9e18-f8d5f4830d23"",""yes_price_dollars"":""0.5500""}"
KXBTC15M-26APR280445-45,e5b73607-8f12-64bd-9137-e2bfee7f92dc,1777365006,0.54,5.0,yes,"{""count_fp"":""5.00"",""created_time"":""2026-04-28T08:30:06.709608Z"",""no_price_dollars"":""0.4600"",""taker_side"":""yes"",""ticker"":""KXBTC15M-26APR280445-45"",""trade_id"":""e5b73607-8f12-64bd-9137-e2bfee7f92dc"",""yes_price_dollars"":""0.5400""}"
KXBTC15M-26APR280445-45,a928c9d2-0ad5-6b15-b9df-45c3d529bf0a,1777365006,0.55,30.0,yes,"{""count_fp"":""30.00"",""created_time"":""2026-04-28T08:30:06.709608Z"",""no_price_dollars"":""0.4500"",""taker_side"":""yes"",""ticker"":""KXBTC15M-26APR280445-45"",""trade_id"":""a928c9d2-0ad5-6b15-b9df-45c3d529bf0a"",""yes_price_dollars"":""0.5500""}"
KXBTC15M-26APR280445-45,7639c891-cab6-6b99-b015-e8c3cacec388,1777365006,0.55,16.0,yes,"{""count_fp"":""16.00"",""created_time"":""2026-04-28T08:30:06.709608Z"",""no_price_dollars"":""0.4500"",""taker_side"":""yes"",""ticker"":""KXBTC15M-26APR280445-45"",""trade_id"":""7639c891-cab6-6b99-b015-e8c3cacec388"",""yes_price_dollars"":""0.5500""}"
KXBTC15M-26APR280445-45,609ec64d-45a0-6e13-ae27-9db6ecc11eef,1777365006,0.55,17.48,yes,"{""count_fp"":""17.48"",""created_time"":""2026-04-28T08:30:06.709608Z"",""no_price_dollars"":""0.4500"",""taker_side"":""yes"",""ticker"":""KXBTC15M-26APR280445-45"",""trade_id"":""609ec64d-45a0-6e13-ae27-9db6ecc11eef"",""yes_price_dollars"":""0.5500""}"
KXBTC15M-26APR280445-45,51c73b11-77ca-674c-98f3-deb884628342,1777365006,0.54,30.0,yes,"{""count_fp"":""30.00"",""created_time"":""2026-04-28T08:30:06.709608Z"",""no_price_dollars"":""0.4600"",""taker_side"":""yes"",""ticker"":""KXBTC15M-26APR280445-45"",""trade_id"":""51c73b11-77ca-674c-98f3-deb884628342"",""yes_price_dollars"":""0.5400""}"
KXBTC15M-26APR280445-45,473a8834-216c-632b-8945-df375a3c17ce,1777365006,0.55,6.0,yes,"{""count_fp"":""6.00"",""created_time"":""2026-04-28T08:30:06.709608Z"",""no_price_dollars"":""0.4500"",""taker_side"":""yes"",""ticker"":""KXBTC15M-26APR280445-45"",""trade_id"":""473a8834-216c-632b-8945-df375a3c17ce"",""yes_price_dollars"":""0.5500""}"
KXBTC15M-26APR280445-45,3556c40b-25f8-605f-80f7-b938450f8721,1777365006,0.54,10.0,yes,"{""count_fp"":""10.00"",""created_time"":""2026-04-28T08:30:06.709608Z"",""no_price_dollars"":""0.4600"",""taker_side"":""yes"",""ticker"":""KXBTC15M-26APR280445-45"",""trade_id"":""3556c40b-25f8-605f-80f7-b938450f8721"",""yes_price_dollars"":""0.5400""}"
KXBTC15M-26APR280445-45,2b8671fe-ed7a-6d6a-9fcc-6d3e5d9f047b,1777365006,0.55,1.0,yes,"{""count_fp"":""1.00"",""created_time"":""2026-04-28T08:30:06.709608Z"",""no_price_dollars"":""0.4500"",""taker_side"":""yes"",""ticker"":""KXBTC15M-26APR280445-45"",""trade_id"":""2b8671fe-ed7a-6d6a-9fcc-6d3e5d9f047b"",""yes_price_dollars"":""0.5500""}"
KXBTC15M-26APR280445-45,28009a9d-7bcd-6177-a149-0c0e22ec4788,1777365006,0.55,12.0,yes,"{""count_fp"":""12.00"",""created_time"":""2026-04-28T08:30:06.709608Z"",""no_price_dollars"":""0.4500"",""taker_side"":""yes"",""ticker"":""KXBTC15M-26APR280445-45"",""trade_id"":""28009a9d-7bcd-6177-a149-0c0e22ec4788"",""yes_price_dollars"":""0.5500""}"
KXBTC15M-26APR280445-45,1e5bac72-1f8d-647b-b83d-8e244ec66e75,1777365006,0.54,75.15,yes,"{""count_fp"":""75.15"",""created_time"":""2026-04-28T08:30:06.709608Z"",""no_price_dollars"":""0.4600"",""taker_side"":""yes"",""ticker"":""KXBTC15M-26APR280445-45"",""trade_id"":""1e5bac72-1f8d-647b-b83d-8e244ec66e75"",""yes_price_dollars"":""0.5400""}"
KXBTC15M-26APR280445-45,0f1ffcfc-d7c7-6704-a59f-c784dfc9a81a,1777365006,0.55,12.0,yes,"{""count_fp"":""12.00"",""created_time"":""2026-04-28T08:30:06.709608Z"",""no_price_dollars"":""0.4500"",""taker_side"":""yes"",""ticker"":""KXBTC15M-26APR280445-45"",""trade_id"":""0f1ffcfc-d7c7-6704-a59f-c784dfc9a81a"",""yes_price_dollars"":""0.5500""}"
KXBTC15M-26APR280445-45,08ecaadf-b87a-642f-97b7-f1bf34d96d2b,1777365006,0.55,6.0,yes,"{""count_fp"":""6.00"",""created_time"":""2026-04-28T08:30:06.709608Z"",""no_price_dollars"":""0.4500"",""taker_side"":""yes"",""ticker"":""KXBTC15M-26APR280445-45"",""trade_id"":""08ecaadf-b87a-642f-97b7-f1bf34d96d2b"",""yes_price_dollars"":""0.5500""}"
KXBTC15M-26APR280445-45,06a323c9-87f7-62ab-a492-94f1909a7276,1777365006,0.55,10.0,yes,"{""count_fp"":""10.00"",""created_time"":""2026-04-28T08:30:06.709608Z"",""no_price_dollars"":""0.4500"",""taker_side"":""yes"",""ticker"":""KXBTC15M-26APR280445-45"",""trade_id"":""06a323c9-87f7-62ab-a492-94f1909a7276"",""yes_price_dollars"":""0.5500""}"
KXBTC15M-26APR280445-45,afe924f4-8dcd-57a3-a928-aedb91885201,1777365006,0.54,44.85,yes,"{""count_fp"":""44.85"",""created_time"":""2026-04-28T08:30:06.525924Z"",""no_price_dollars"":""0.4600"",""taker_side"":""yes"",""ticker"":""KXBTC15M-26APR280445-45"",""trade_id"":""afe924f4-8dcd-57a3-a928-aedb91885201"",""yes_price_dollars"":""0.5400""}"
KXBTC15M-26APR280445-45,1a50e22d-6bc2-4040-7ca2-f3d0ea714cae,1777365007,0.54,3.0,no,"{""count_fp"":""3.00"",""created_time"":""2026-04-28T08:30:07.937456Z"",""no_price_dollars"":""0.4600"",""taker_side"":""no"",""ticker"":""KXBTC15M-26APR280445-45"",""trade_id"":""1a50e22d-6bc2-4040-7ca2-f3d0ea714cae"",""yes_price_dollars"":""0.5400""}"
KXBTC15M-26APR280445-45,b88b54aa-b0e9-759f-d5ea-a57ff8d427fa,1777365008,0.54,1.0,no,"{""count_fp"":""1.00"",""created_time"":""2026-04-28T08:30:08.853252Z"",""no_price_dollars"":""0.4600"",""taker_side"":""no"",""ticker"":""KXBTC15M-26APR280445-45"",""trade_id"":""b88b54aa-b0e9-759f-d5ea-a57ff8d427fa"",""yes_price_dollars"":""0.5400""}"
KXBTC15M-26APR280445-45,8f9b1aa3-a1f5-7518-f402-98c22b74a6dd,1777365008,0.53,74.07,no,"{""count_fp"":""74.07"",""created_time"":""2026-04-28T08:30:08.853252Z"",""no_price_dollars"":""0.4700"",""taker_side"":""no"",""ticker"":""KXBTC15M-26APR280445-45"",""trade_id"":""8f9b1aa3-a1f5-7518-f402-98c22b74a6dd"",""yes_price_dollars"":""0.5300""}"
KXBTC15M-26APR280445-45,829f9022-96df-7031-ec90-1d78e793c2bb,1777365008,0.53,10.0,no,"{""count_fp"":""10.00"",""created_time"":""2026-04-28T08:30:08.853252Z"",""no_price_dollars"":""0.4700"",""taker_side"":""no"",""ticker"":""KXBTC15M-26APR280445-45"",""trade_id"":""829f9022-96df-7031-ec90-1d78e793c2bb"",""yes_price_dollars"":""0.5300""}"
KXBTC15M-26APR280445-45,54b70cb3-2118-7684-f0f3-f67c5a6cc844,1777365008,0.53,1.0,no,"{""count_fp"":""1.00"",""created_time"":""2026-04-28T08:30:08.853252Z"",""no_price_dollars"":""0.4700"",""taker_side"":""no"",""ticker"":""KXBTC15M-26APR280445-45"",""trade_id"":""54b70cb3-2118-7684-f0f3-f67c5a6cc844"",""yes_price_dollars"":""0.5300""}"
KXBTC15M-26APR280445-45,15f28d71-6461-7a2a-cf06-938d39fd8294,1777365008,0.53,50.21,no,"{""count_fp"":""50.21"",""created_time"":""2026-04-28T08:30:08.853252Z"",""no_price_dollars"":""0.4700"",""taker_side"":""no"",""ticker"":""KXBTC15M-26APR280445-45"",""trade_id"":""15f28d71-6461-7a2a-cf06-938d39fd8294"",""yes_price_dollars"":""0.5300""}"
KXBTC15M-26APR280445-45,cd0d39cd-39d3-4ae0-4696-f39777fd3877,1777365008,0.54,1.0,no,"{""count_fp"":""1.00"",""created_time"":""2026-04-28T08:30:08.142747Z"",""no_price_dollars"":""0.4600"",""taker_side"":""no"",""ticker"":""KXBTC15M-26APR280445-45"",""trade_id"":""cd0d39cd-39d3-4ae0-4696-f39777fd3877"",""yes_price_dollars"":""0.5400""}"
KXBTC15M-26APR280445-45,84dddd7d-ad52-4f70-5cb3-c2fbf4afe02a,1777365008,0.54,10.0,no,"{""count_fp"":""10.00"",""created_time"":""2026-04-28T08:30:08.142747Z"",""no_price_dollars"":""0.4600"",""taker_side"":""no"",""ticker"":""KXBTC15M-26APR280445-45"",""trade_id"":""84dddd7d-ad52-4f70-5cb3-c2fbf4afe02a"",""yes_price_dollars"":""0.5400""}"
KXBTC15M-26APR280445-45,29ad5978-cf49-4be2-7f3d-332feaf93bf8,1777365008,0.53,1.0,no,"{""count_fp"":""1.00"",""created_time"":""2026-04-28T08:30:08.142747Z"",""no_price_dollars"":""0.4700"",""taker_side"":""no"",""ticker"":""KXBTC15M-26APR280445-45"",""trade_id"":""29ad5978-cf49-4be2-7f3d-332feaf93bf8"",""yes_price_dollars"":""0.5300""}"
KXBTC15M-26APR280445-45,337676e8-504b-68a6-f505-223279e18e3a,1777365009,0.55,88.13,yes,"{""count_fp"":""88.13"",""created_time"":""2026-04-28T08:30:09.990265Z"",""no_price_dollars"":""0.4500"",""taker_side"":""yes"",""ticker"":""KXBTC15M-26APR280445-45"",""trade_id"":""337676e8-504b-68a6-f505-223279e18e3a"",""yes_price_dollars"":""0.5500""}"
KXBTC15M-26APR280445-45,39d1de1f-b8c3-6fe2-ad82-92488af85356,1777365009,0.55,182.0,yes,"{""count_fp"":""182.00"",""created_time"":""2026-04-28T08:30:09.476814Z"",""no_price_dollars"":""0.4500"",""taker_side"":""yes"",""ticker"":""KXBTC15M-26APR280445-45"",""trade_id"":""39d1de1f-b8c3-6fe2-ad82-92488af85356"",""yes_price_dollars"":""0.5500""}"
KXBTC15M-26APR280445-45,fed272ed-b560-6220-9390-bd83fc0b0c11,1777365009,0.53,1.0,no,"{""count_fp"":""1.00"",""created_time"":""2026-04-28T08:30:09.224107Z"",""no_price_dollars"":""0.4700"",""taker_side"":""no"",""ticker"":""KXBTC15M-26APR280445-45"",""trade_id"":""fed272ed-b560-6220-9390-bd83fc0b0c11"",""yes_price_dollars"":""0.5300""}"
KXBTC15M-26APR280445-45,fdf5b0a6-7b8b-69d4-9151-e01c2f0533fe,1777365009,0.54,10.0,no,"{""count_fp"":""10.00"",""created_time"":""2026-04-28T08:30:09.224107Z"",""no_price_dollars"":""0.4600"",""taker_side"":""no"",""ticker"":""KXBTC15M-26APR280445-45"",""trade_id"":""fdf5b0a6-7b8b-69d4-9151-e01c2f0533fe"",""yes_price_dollars"":""0.5400""}"
KXBTC15M-26APR280445-45,f11518b1-a882-6433-82c7-542fdad49885,1777365009,0.54,65.0,no,"{""count_fp"":""65.00"",""created_time"":""2026-04-28T08:30:09.224107Z"",""no_price_dollars"":""0.4600"",""taker_side"":""no"",""ticker"":""KXBTC15M-26APR280445-45"",""trade_id"":""f11518b1-a882-6433-82c7-542fdad49885"",""yes_price_dollars"":""0.5400""}"
KXBTC15M-26APR280445-45,edc24fde-0f7e-616a-9640-e7725b3ded15,1777365009,0.51,10.0,no,"{""count_fp"":""10.00"",""created_time"":""2026-04-28T08:30:09.224107Z"",""no_price_dollars"":""0.4900"",""taker_side"":""no"",""ticker"":""KXBTC15M-26APR280445-45"",""trade_id"":""edc24fde-0f7e-616a-9640-e7725b3ded15"",""yes_price_dollars"":""0.5100""}"
KXBTC15M-26APR280445-45,e3084ea7-94e5-66c6-b720-a012900d8a04,1777365009,0.44,1.0,no,"{""count_fp"":""1.00"",""created_time"":""2026-04-28T08:30:09.224107Z"",""no_price_dollars"":""0.5600"",""taker_side"":""no"",""ticker"":""KXBTC15M-26APR280445-45"",""trade_id"":""e3084ea7-94e5-66c6-b720-a012900d8a04"",""yes_price_dollars"":""0.4400""}"
KXBTC15M-26APR280445-45,e0a441a6-139e-62b8-9999-76af475988bd,1777365009,0.41,119.0,no,"{""count_fp"":""119.00"",""created_time"":""2026-04-28T08:30:09.224107Z"",""no_price_dollars"":""0.5900"",""taker_side"":""no"",""ticker"":""KXBTC15M-26APR280445-45"",""trade_id"":""e0a441a6-139e-62b8-9999-76af475988bd"",""yes_price_dollars"":""0.4100""}"
KXBTC15M-26APR280445-45,c9e56c1f-f1f5-6c9a-b17a-c40a780146d2,1777365009,0.46,1.0,no,"{""count_fp"":""1.00"",""created_time"":""2026-04-28T08:30:09.224107Z"",""no_price_dollars"":""0.5400"",""taker_side"":""no"",""ticker"":""KXBTC15M-26APR280445-45"",""trade_id"":""c9e56c1f-f1f5-6c9a-b17a-c40a780146d2"",""yes_price_dollars"":""0.4600""}"
KXBTC15M-26APR280445-45,bdb7abd5-bcff-6ed8-8d90-5eb9d1abd700,1777365009,0.41,5.0,no,"{""count_fp"":""5.00"",""created_time"":""2026-04-28T08:30:09.224107Z"",""no_price_dollars"":""0.5900"",""taker_side"":""no"",""ticker"":""KXBTC15M-26APR280445-45"",""trade_id"":""bdb7abd5-bcff-6ed8-8d90-5eb9d1abd700"",""yes_price_dollars"":""0.4100""}"
KXBTC15M-26APR280445-45,b7072921-bc3e-684b-8358-67f0eb25dd26,1777365009,0.45,1.0,no,"{""count_fp"":""1.00"",""created_time"":""2026-04-28T08:30:09.224107Z"",""no_price_dollars"":""0.5500"",""taker_side"":""no"",""ticker"":""KXBTC15M-26APR280445-45"",""trade_id"":""b7072921-bc3e-684b-8358-67f0eb25dd26"",""yes_price_dollars"":""0.4500""}"
KXBTC15M-26APR280445-45,aee8a512-b4e0-664b-bd4b-3da1e8fbfbd0,1777365009,0.52,150.0,no,"{""count_fp"":""150.00"",""created_time"":""2026-04-28T08:30:09.224107Z"",""no_price_dollars"":""0.4800"",""taker_side"":""no"",""ticker"":""KXBTC15M-26APR280445-45"",""trade_id"":""aee8a512-b4e0-664b-bd4b-3da1e8fbfbd0"",""yes_price_dollars"":""0.5200""}"
KXBTC15M-26APR280445-45,9fdd1346-3b20-63d9-b232-2e1d1c31e35c,1777365009,0.52,200.0,no,"{""count_fp"":""200.00"",""created_time"":""2026-04-28T08:30:09.224107Z"",""no_price_dollars"":""0.4800"",""taker_side"":""no"",""ticker"":""KXBTC15M-26APR280445-45"",""trade_id"":""9fdd1346-3b20-63d9-b232-2e1d1c31e35c"",""yes_price_dollars"":""0.5200""}"
KXBTC15M-26APR280445-45,84077c53-32dd-6090-9aec-b327a617a5a7,1777365009,0.47,1.0,no,"{""count_fp"":""1.00"",""created_time"":""2026-04-28T08:30:09.224107Z"",""no_price_dollars"":""0.5300"",""taker_side"":""no"",""ticker"":""KXBTC15M-26APR280445-45"",""trade_id"":""84077c53-32dd-6090-9aec-b327a617a5a7"",""yes_price_dollars"":""0.4700""}"
KXBTC15M-26APR280445-45,8170dbf0-9bd2-6eae-881b-96ad2253b19a,1777365009,0.45,8.0,no,"{""count_fp"":""8.00"",""created_time"":""2026-04-28T08:30:09.224107Z"",""no_price_dollars"":""0.5500"",""taker_side"":""no"",""ticker"":""KXBTC15M-26APR280445-45"",""trade_id"":""8170dbf0-9bd2-6eae-881b-96ad2253b19a"",""yes_price_dollars"":""0.4500""}"
KXBTC15M-26APR280445-45,7c206756-6e3f-601a-8ec8-b7a4f163998c,1777365009,0.42,1.0,no,"{""count_fp"":""1.00"",""created_time"":""2026-04-28T08:30:09.224107Z"",""no_price_dollars"":""0.5800"",""taker_side"":""no"",""ticker"":""KXBTC15M-26APR280445-45"",""trade_id"":""7c206756-6e3f-601a-8ec8-b7a4f163998c"",""yes_price_dollars"":""0.4200""}"
KXBTC15M-26APR280445-45,7a10653d-9ccc-6eca-9772-acbff170f226,1777365009,0.51,5.0,no,"{""count_fp"":""5.00"",""created_time"":""2026-04-28T08:30:09.224107Z"",""no_price_dollars"":""0.4900"",""taker_side"":""no"",""ticker"":""KXBTC15M-26APR280445-45"",""trade_id"":""7a10653d-9ccc-6eca-9772-acbff170f226"",""yes_price_dollars"":""0.5100""}"
KXBTC15M-26APR280445-45,754047d7-abce-66eb-8794-22caa75e0f15,1777365009,0.42,1.0,no,"{""count_fp"":""1.00"",""created_time"":""2026-04-28T08:30:09.224107Z"",""no_price_dollars"":""0.5800"",""taker_side"":""no"",""ticker"":""KXBTC15M-26APR280445-45"",""trade_id"":""754047d7-abce-66eb-8794-22caa75e0f15"",""yes_price_dollars"":""0.4200""}"
KXBTC15M-26APR280445-45,7449630f-24b5-6254-b1b2-afd50b823c41,1777365009,0.54,400.0,no,"{""count_fp"":""400.00"",""created_time"":""2026-04-28T08:30:09.224107Z"",""no_price_dollars"":""0.4600"",""taker_side"":""no"",""ticker"":""KXBTC15M-26APR280445-45"",""trade_id"":""7449630f-24b5-6254-b1b2-afd50b823c41"",""yes_price_dollars"":""0.5400""}"
KXBTC15M-26APR280445-45,731a55f3-e195-6a27-b2b5-8fee19fd9be8,1777365009,0.5,1.0,no,"{""count_fp"":""1.00"",""created_time"":""2026-04-28T08:30:09.224107Z"",""no_price_dollars"":""0.5000"",""taker_side"":""no"",""ticker"":""KXBTC15M-26APR280445-45"",""trade_id"":""731a55f3-e195-6a27-b2b5-8fee19fd9be8"",""yes_price_dollars"":""0.5000""}"
KXBTC15M-26APR280445-45,575dd8f5-f209-6a9a-9c76-f4a35c8f14a5,1777365009,0.41,5.0,no,"{""count_fp"":""5.00"",""created_time"":""2026-04-28T08:30:09.224107Z"",""no_price_dollars"":""0.5900"",""taker_side"":""no"",""ticker"":""KXBTC15M-26APR280445-45"",""trade_id"":""575dd8f5-f209-6a9a-9c76-f4a35c8f14a5"",""yes_price_dollars"":""0.4100""}"
KXBTC15M-26APR280445-45,4f5e6e53-ac33-698a-bbf6-9c01db02fb2b,1777365009,0.53,100.0,no,"{""count_fp"":""100.00"",""created_time"":""2026-04-28T08:30:09.224107Z"",""no_price_dollars"":""0.4700"",""taker_side"":""no"",""ticker"":""KXBTC15M-26APR280445-45"",""trade_id"":""4f5e6e53-ac33-698a-bbf6-9c01db02fb2b"",""yes_price_dollars"":""0.5300""}"
KXBTC15M-26APR280445-45,4d846ad3-a01e-6f3a-897e-5ac7c4d87d71,1777365009,0.52,1.0,no,"{""count_fp"":""1.00"",""created_time"":""2026-04-28T08:30:09.224107Z"",""no_price_dollars"":""0.4800"",""taker_side"":""no"",""ticker"":""KXBTC15M-26APR280445-45"",""trade_id"":""4d846ad3-a01e-6f3a-897e-5ac7c4d87d71"",""yes_price_dollars"":""0.5200""}"
KXBTC15M-26APR280445-45,3fd876af-1b58-66fe-bb45-e28fa6c487ca,1777365009,0.4,119.0,no,"{""count_fp"":""119.00"",""created_time"":""2026-04-28T08:30:09.224107Z"",""no_price_dollars"":""0.6000"",""taker_side"":""no"",""ticker"":""KXBTC15M-26APR280445-45"",""trade_id"":""3fd876af-1b58-66fe-bb45-e28fa6c487ca"",""yes_price_dollars"":""0.4000""}"
KXBTC15M-26APR280445-45,20f0e4fd-31a1-642c-8b7a-12752e6ce690,1777365009,0.39,41.87,no,"{""count_fp"":""41.87"",""created_time"":""2026-04-28T08:30:09.224107Z"",""no_price_dollars"":""0.6100"",""taker_side"":""no"",""ticker"":""KXBTC15M-26APR280445-45"",""trade_id"":""20f0e4fd-31a1-642c-8b7a-12752e6ce690"",""yes_price_dollars"":""0.3900""}"
KXBTC15M-26APR280445-45,1ae0a37b-c103-6f7e-a848-4bed2d0d67ee,1777365009,0.43,1.0,no,"{""count_fp"":""1.00"",""created_time"":""2026-04-28T08:30:09.224107Z"",""no_price_dollars"":""0.5700"",""taker_side"":""no"",""ticker"":""KXBTC15M-26APR280445-45"",""trade_id"":""1ae0a37b-c103-6f7e-a848-4bed2d0d67ee"",""yes_price_dollars"":""0.4300""}"
KXBTC15M-26APR280445-45,15ed83a4-5ecb-66cf-8bbe-602e879a05ba,1777365009,0.45,1.0,no,"{""count_fp"":""1.00"",""created_time"":""2026-04-28T08:30:09.224107Z"",""no_price_dollars"":""0.5500"",""taker_side"":""no"",""ticker"":""KXBTC15M-26APR280445-45"",""trade_id"":""15ed83a4-5ecb-66cf-8bbe-602e879a05ba"",""yes_price_dollars"":""0.4500""}"
KXBTC15M-26APR280445-45,11938312-17b1-6768-952f-58dfb32dadb1,1777365009,0.54,1.0,no,"{""count_fp"":""1.00"",""created_time"":""2026-04-28T08:30:09.224107Z"",""no_price_dollars"":""0.4600"",""taker_side"":""no"",""ticker"":""KXBTC15M-26APR280445-45"",""trade_id"":""11938312-17b1-6768-952f-58dfb32dadb1"",""yes_price_dollars"":""0.5400""}"
KXBTC15M-26APR280445-45,eae1f940-f289-7358-0327-7966285ade09,1777365009,0.53,202.61,no,"{""count_fp"":""202.61"",""created_time"":""2026-04-28T08:30:09.023812Z"",""no_price_dollars"":""0.4700"",""taker_side"":""no"",""ticker"":""KXBTC15M-26APR280445-45"",""trade_id"":""eae1f940-f289-7358-0327-7966285ade09"",""yes_price_dollars"":""0.5300""}"
KXBTC15M-26APR280445-45,5f093616-915b-535a-a8a7-6cdbe29a4fa6,1777365010,0.55,15.85,yes,"{""count_fp"":""15.85"",""created_time"":""2026-04-28T08:30:10.407886Z"",""no_price_dollars"":""0.4500"",""taker_side"":""yes"",""ticker"":""KXBTC15M-26APR280445-45"",""trade_id"":""5f093616-915b-535a-a8a7-6cdbe29a4fa6"",""yes_price_dollars"":""0.5500""}"
KXBTC15M-26APR280445-45,8cca7d34-1857-469f-2d2d-e594d165cf3b,1777365010,0.53,8.0,no,"{""count_fp"":""8.00"",""created_time"":""2026-04-28T08:30:10.389757Z"",""no_price_dollars"":""0.4700"",""taker_side"":""no"",""ticker"":""KXBTC15M-26APR280445-45"",""trade_id"":""8cca7d34-1857-469f-2d2d-e594d165cf3b"",""yes_price_dollars"":""0.5300""}"
KXBTC15M-26APR280445-45,1fd34e3f-330c-4634-2060-35af7340f6a1,1777365010,0.53,3.0,no,"{""count_fp"":""3.00"",""created_time"":""2026-04-28T08:30:10.389757Z"",""no_price_dollars"":""0.4700"",""taker_side"":""no"",""ticker"":""KXBTC15M-26APR280445-45"",""trade_id"":""1fd34e3f-330c-4634-2060-35af7340f6a1"",""yes_price_dollars"":""0.5300""}"
KXBTC15M-26APR280445-45,d616ff06-e9ab-5942-f904-84436c470226,1777365011,0.55,3.52,yes,"{""count_fp"":""3.52"",""created_time"":""2026-04-28T08:30:11.566364Z"",""no_price_dollars"":""0.4500"",""taker_side"":""yes"",""ticker"":""KXBTC15M-26APR280445-45"",""trade_id"":""d616ff06-e9ab-5942-f904-84436c470226"",""yes_price_dollars"":""0.5500""}"
KXBTC15M-26APR280445-45,acf6af55-743b-6d7e-6917-2c59c887d492,1777365011,0.55,28.2,yes,"{""count_fp"":""28.20"",""created_time"":""2026-04-28T08:30:11.415765Z"",""no_price_dollars"":""0.4500"",""taker_side"":""yes"",""ticker"":""KXBTC15M-26APR280445-45"",""trade_id"":""acf6af55-743b-6d7e-6917-2c59c887d492"",""yes_price_dollars"":""0.5500""}"
KXBTC15M-26APR280445-45,16deabe0-14ab-5e06-b765-17a95eb3195e,1777365011,0.55,44.06,yes,"{""count_fp"":""44.06"",""created_time"":""2026-04-28T08:30:11.143486Z"",""no_price_dollars"":""0.4500"",""taker_side"":""yes"",""ticker"":""KXBTC15M-26APR280445-45"",""trade_id"":""16deabe0-14ab-5e06-b765-17a95eb3195e"",""yes_price_dollars"":""0.5500""}"
KXBTC15M-26APR280445-45,14a81d0f-9941-5fe2-f02e-980294e5ec1f,1777365012,0.53,200.0,no,"{""count_fp"":""200.00"",""created_time"":""2026-04-28T08:30:12.447863Z"",""no_price_dollars"":""0.4700"",""taker_side"":""no"",""ticker"":""KXBTC15M-26APR280445-45"",""trade_id"":""14a81d0f-9941-5fe2-f02e-980294e5ec1f"",""yes_price_dollars"":""0.5300""}"
KXBTC15M-26APR280445-45,d0846753-2d41-4b00-0b96-32c3e604259d,1777365012,0.53,3.0,no,"{""count_fp"":""3.00"",""created_time"":""2026-04-28T08:30:12.282438Z"",""no_price_dollars"":""0.4700"",""taker_side"":""no"",""ticker"":""KXBTC15M-26APR280445-45"",""trade_id"":""d0846753-2d41-4b00-0b96-32c3e604259d"",""yes_price_dollars"":""0.5300""}"
KXBTC15M-26APR280445-45,5158d661-13ad-4c1a-3715-be28b02be8a7,1777365012,0.53,292.84,no,"{""count_fp"":""292.84"",""created_time"":""2026-04-28T08:30:12.282438Z"",""no_price_dollars"":""0.4700"",""taker_side"":""no"",""ticker"":""KXBTC15M-26APR280445-45"",""trade_id"":""5158d661-13ad-4c1a-3715-be28b02be8a7"",""yes_price_dollars"":""0.5300""}"
KXBTC15M-26APR280445-45,1a70ea8c-f6d3-427b-0da6-0764d988c06f,1777365012,0.53,54.0,no,"{""count_fp"":""54.00"",""created_time"":""2026-04-28T08:30:12.282438Z"",""no_price_dollars"":""0.4700"",""taker_side"":""no"",""ticker"":""KXBTC15M-26APR280445-45"",""trade_id"":""1a70ea8c-f6d3-427b-0da6-0764d988c06f"",""yes_price_dollars"":""0.5300""}"
KXBTC15M-26APR280445-45,60e2540a-89cb-690e-0863-9228e3b60d2e,1777365012,0.55,3.5,yes,"{""count_fp"":""3.50"",""created_time"":""2026-04-28T08:30:12.180311Z"",""no_price_dollars"":""0.4500"",""taker_side"":""yes"",""ticker"":""KXBTC15M-26APR280445-45"",""trade_id"":""60e2540a-89cb-690e-0863-9228e3b60d2e"",""yes_price_dollars"":""0.5500""}"
KXBTC15M-26APR280445-45,6fd2b71c-8270-7f27-6f57-eccbba293996,1777365013,0.56,11.0,no,"{""count_fp"":""11.00"",""created_time"":""2026-04-28T08:30:13.775795Z"",""no_price_dollars"":""0.4400"",""taker_side"":""no"",""ticker"":""KXBTC15M-26APR280445-45"",""trade_id"":""6fd2b71c-8270-7f27-6f57-eccbba293996"",""yes_price_dollars"":""0.5600""}"
KXBTC15M-26APR280445-45,b4b23540-fcc9-4927-f7d4-904cefe9b67c,1777365013,0.56,3.0,yes,"{""count_fp"":""3.00"",""created_time"":""2026-04-28T08:30:13.197195Z"",""no_price_dollars"":""0.4400"",""taker_side"":""yes"",""ticker"":""KXBTC15M-26APR280445-45"",""trade_id"":""b4b23540-fcc9-4927-f7d4-904cefe9b67c"",""yes_price_dollars"":""0.5600""}"
KXBTC15M-26APR280445-45,2df007db-6abe-4896-f9d3-241481f0ba6f,1777365013,0.57,5.45,yes,"{""count_fp"":""5.45"",""created_time"":""2026-04-28T08:30:13.197195Z"",""no_price_dollars"":""0.4300"",""taker_side"":""yes"",""ticker"":""KXBTC15M-26APR280445-45"",""trade_id"":""2df007db-6abe-4896-f9d3-241481f0ba6f"",""yes_price_dollars"":""0.5700""}"
KXBTC15M-26APR280445-45,f3d953a1-1ec5-5e56-1511-059fca34067b,1777365013,0.53,17.57,no,"{""count_fp"":""17.57"",""created_time"":""2026-04-28T08:30:13.189144Z"",""no_price_dollars"":""0.4700"",""taker_side"":""no"",""ticker"":""KXBTC15M-26APR280445-45"",""trade_id"":""f3d953a1-1ec5-5e56-1511-059fca34067b"",""yes_price_dollars"":""0.5300""}"
KXBTC15M-26APR280445-45,a32f979d-b794-52a2-2614-6a6dfe72b44d,1777365013,0.55,1.0,no,"{""count_fp"":""1.00"",""created_time"":""2026-04-28T08:30:13.189144Z"",""no_price_dollars"":""0.4500"",""taker_side"":""no"",""ticker"":""KXBTC15M-26APR280445-45"",""trade_id"":""a32f979d-b794-52a2-2614-6a6dfe72b44d"",""yes_price_dollars"":""0.5500""}"
KXBTC15M-26APR280445-45,64743102-fb19-535d-21cd-2f1633d2e257,1777365013,0.54,1.0,no,"{""count_fp"":""1.00"",""created_time"":""2026-04-28T08:30:13.189144Z"",""no_price_dollars"":""0.4600"",""taker_side"":""no"",""ticker"":""KXBTC15M-26APR280445-45"",""trade_id"":""64743102-fb19-535d-21cd-2f1633d2e257"",""yes_price_dollars"":""0.5400""}"
KXBTC15M-26APR280445-45,26d48e2c-351d-5416-25ec-bdace8b3f81b,1777365013,0.55,40.0,no,"{""count_fp"":""40.00"",""created_time"":""2026-04-28T08:30:13.189144Z"",""no_price_dollars"":""0.4500"",""taker_side"":""no"",""ticker"":""KXBTC15M-26APR280445-45"",""trade_id"":""26d48e2c-351d-5416-25ec-bdace8b3f81b"",""yes_price_dollars"":""0.5500""}"
KXBTC15M-26APR280445-45,12c80dae-9014-52ef-2972-aa6184260b7c,1777365013,0.54,40.0,no,"{""count_fp"":""40.00"",""created_time"":""2026-04-28T08:30:13.189144Z"",""no_price_dollars"":""0.4600"",""taker_side"":""no"",""ticker"":""KXBTC15M-26APR280445-45"",""trade_id"":""12c80dae-9014-52ef-2972-aa6184260b7c"",""yes_price_dollars"":""0.5400""}"
KXBTC15M-26APR280445-45,0edc1aac-359d-5551-2067-98046bf7a0c1,1777365013,0.54,3.0,no,"{""count_fp"":""3.00"",""created_time"":""2026-04-28T08:30:13.189144Z"",""no_price_dollars"":""0.4600"",""taker_side"":""no"",""ticker"":""KXBTC15M-26APR280445-45"",""trade_id"":""0edc1aac-359d-5551-2067-98046bf7a0c1"",""yes_price_dollars"":""0.5400""}"
KXBTC15M-26APR280445-45,f4ff4d7a-26a3-5a1a-0191-e5aed8e4ad16,1777365013,0.55,14.07,yes,"{""count_fp"":""14.07"",""created_time"":""2026-04-28T08:30:13.009985Z"",""no_price_dollars"":""0.4500"",""taker_side"":""yes"",""ticker"":""KXBTC15M-26APR280445-45"",""trade_id"":""f4ff4d7a-26a3-5a1a-0191-e5aed8e4ad16"",""yes_price_dollars"":""0.5500""}"
KXBTC15M-26APR280445-45,c651e695-fb1e-56fa-2080-c10fdb9a2727,1777365013,0.57,55.88,yes,"{""count_fp"":""55.88"",""created_time"":""2026-04-28T08:30:13.009985Z"",""no_price_dollars"":""0.4300"",""taker_side"":""yes"",""ticker"":""KXBTC15M-26APR280445-45"",""trade_id"":""c651e695-fb1e-56fa-2080-c10fdb9a2727"",""yes_price_dollars"":""0.5700""}"
KXBTC15M-26APR280445-45,c40914f7-8a9b-5e84-14b8-287b3b4d767c,1777365013,0.55,20.0,yes,"{""count_fp"":""20.00"",""created_time"":""2026-04-28T08:30:13.009985Z"",""no_price_dollars"":""0.4500"",""taker_side"":""yes"",""ticker"":""KXBTC15M-26APR280445-45"",""trade_id"":""c40914f7-8a9b-5e84-14b8-287b3b4d767c"",""yes_price_dollars"":""0.5500""}"
KXBTC15M-26APR280445-45,84d2a5db-cbcc-5216-0e3a-e09944d3f75c,1777365013,0.56,20.0,yes,"{""count_fp"":""20.00"",""created_time"":""2026-04-28T08:30:13.009985Z"",""no_price_dollars"":""0.4400"",""taker_side"":""yes"",""ticker"":""KXBTC15M-26APR280445-45"",""trade_id"":""84d2a5db-cbcc-5216-0e3a-e09944d3f75c"",""yes_price_dollars"":""0.5600""}"
KXBTC15M-26APR280445-45,6499b862-b57f-5707-3103-a793ed41e757,1777365013,0.57,20.0,yes,"{""count_fp"":""20.00"",""created_time"":""2026-04-28T08:30:13.009985Z"",""no_price_dollars"":""0.4300"",""taker_side"":""yes"",""ticker"":""KXBTC15M-26APR280445-45"",""trade_id"":""6499b862-b57f-5707-3103-a793ed41e757"",""yes_price_dollars"":""0.5700""}"
KXBTC15M-26APR280445-45,53b51d3e-b5ed-55d6-3d89-565bc22c6765,1777365013,0.56,30.0,yes,"{""count_fp"":""30.00"",""created_time"":""2026-04-28T08:30:13.009985Z"",""no_price_dollars"":""0.4400"",""taker_side"":""yes"",""ticker"":""KXBTC15M-26APR280445-45"",""trade_id"":""53b51d3e-b5ed-55d6-3d89-565bc22c6765"",""yes_price_dollars"":""0.5600""}"
KXBTC15M-26APR280445-45,4c664920-d441-5ee4-26d3-dbab707d96fe,1777365013,0.56,1.0,yes,"{""count_fp"":""1.00"",""created_time"":""2026-04-28T08:30:13.009985Z"",""no_price_dollars"":""0.4400"",""taker_side"":""yes"",""ticker"":""KXBTC15M-26APR280445-45"",""trade_id"":""4c664920-d441-5ee4-26d3-dbab707d96fe"",""yes_price_dollars"":""0.5600""}"
KXBTC15M-26APR280445-45,2f2c7e59-c890-51e3-236e-f6c0388ee8a6,1777365013,0.57,30.0,yes,"{""count_fp"":""30.00"",""created_time"":""2026-04-28T08:30:13.009985Z"",""no_price_dollars"":""0.4300"",""taker_side"":""yes"",""ticker"":""KXBTC15M-26APR280445-45"",""trade_id"":""2f2c7e59-c890-51e3-236e-f6c0388ee8a6"",""yes_price_dollars"":""0.5700""}"
KXBTC15M-26APR280445-45,2e074dde-6475-5603-0cf6-6315cab499c2,1777365013,0.56,3.0,yes,"{""count_fp"":""3.00"",""created_time"":""2026-04-28T08:30:13.009985Z"",""no_price_dollars"":""0.4400"",""taker_side"":""yes"",""ticker"":""KXBTC15M-26APR280445-45"",""trade_id"":""2e074dde-6475-5603-0cf6-6315cab499c2"",""yes_price_dollars"":""0.5600""}"
KXBTC15M-26APR280445-45,19481840-680f-5b42-1d42-8c229260a4e4,1777365013,0.57,1.0,yes,"{""count_fp"":""1.00"",""created_time"":""2026-04-28T08:30:13.009985Z"",""no_price_dollars"":""0.4300"",""taker_side"":""yes"",""ticker"":""KXBTC15M-26APR280445-45"",""trade_id"":""19481840-680f-5b42-1d42-8c229260a4e4"",""yes_price_dollars"":""0.5700""}"
KXBTC15M-26APR280445-45,bca7d481-1d03-5cf2-7354-8251a4dbbc0e,1777365014,0.57,33.79,yes,"{""count_fp"":""33.79"",""created_time"":""2026-04-28T08:30:14.646197Z"",""no_price_dollars"":""0.4300"",""taker_side"":""yes"",""ticker"":""KXBTC15M-26APR280445-45"",""trade_id"":""bca7d481-1d03-5cf2-7354-8251a4dbbc0e"",""yes_price_dollars"":""0.5700""}"
KXBTC15M-26APR280445-45,b1d4aae7-53e2-540e-6387-92db2b690920,1777365014,0.57,3.0,yes,"{""count_fp"":""3.00"",""created_time"":""2026-04-28T08:30:14.646197Z"",""no_price_dollars"":""0.4300"",""taker_side"":""yes"",""ticker"":""KXBTC15M-26APR280445-45"",""trade_id"":""b1d4aae7-53e2-540e-6387-92db2b690920"",""yes_price_dollars"":""0.5700""}"
KXBTC15M-26APR280445-45,aa4bf880-9f2e-558e-7b0b-326d2bc2364f,1777365014,0.57,13.67,yes,"{""count_fp"":""13.67"",""created_time"":""2026-04-28T08:30:14.646197Z"",""no_price_dollars"":""0.4300"",""taker_side"":""yes"",""ticker"":""KXBTC15M-26APR280445-45"",""trade_id"":""aa4bf880-9f2e-558e-7b0b-326d2bc2364f"",""yes_price_dollars"":""0.5700""}"
KXBTC15M-26APR280445-45,42fc014b-b927-43b9-8906-0c68ecd8410d,1777365015,0.55,40.0,no,"{""count_fp"":""40.00"",""created_time"":""2026-04-28T08:30:15.921911Z"",""no_price_dollars"":""0.4500"",""taker_side"":""no"",""ticker"":""KXBTC15M-26APR280445-45"",""trade_id"":""42fc014b-b927-43b9-8906-0c68ecd8410d"",""yes_price_dollars"":""0.5500""}"
KXBTC15M-26APR280445-45,686c68a1-7183-62e2-c4ad-68ed02dbd6e2,1777365015,0.57,11.83,yes,"{""count_fp"":""11.83"",""created_time"":""2026-04-28T08:30:15.479921Z"",""no_price_dollars"":""0.4300"",""taker_side"":""yes"",""ticker"":""KXBTC15M-26APR280445-45"",""trade_id"":""686c68a1-7183-62e2-c4ad-68ed02dbd6e2"",""yes_price_dollars"":""0.5700""}"
KXBTC15M-26APR280445-45,11952d5e-321f-523b-0beb-d6f27455ae64,1777365016,0.54,2.0,yes,"{""count_fp"":""2.00"",""created_time"":""2026-04-28T08:30:16.853799Z"",""no_price_dollars"":""0.4600"",""taker_side"":""yes"",""ticker"":""KXBTC15M-26APR280445-45"",""trade_id"":""11952d5e-321f-523b-0beb-d6f27455ae64"",""yes_price_dollars"":""0.5400""}"
KXBTC15M-26APR280445-45,a876e8c0-08ca-449f-3b97-78c9995fca27,1777365016,0.54,3.52,yes,"{""count_fp"":""3.52"",""created_time"":""2026-04-28T08:30:16.357809Z"",""no_price_dollars"":""0.4600"",""taker_side"":""yes"",""ticker"":""KXBTC15M-26APR280445-45"",""trade_id"":""a876e8c0-08ca-449f-3b97-78c9995fca27"",""yes_price_dollars"":""0.5400""}"
KXBTC15M-26APR280445-45,bd6be387-c217-5b96-7729-79ddaf0d3f58,1777365016,0.53,3.0,yes,"{""count_fp"":""3.00"",""created_time"":""2026-04-28T08:30:16.284847Z"",""no_price_dollars"":""0.4700"",""taker_side"":""yes"",""ticker"":""KXBTC15M-26APR280445-45"",""trade_id"":""bd6be387-c217-5b96-7729-79ddaf0d3f58"",""yes_price_dollars"":""0.5300""}"
KXBTC15M-26APR280445-45,04298f80-6262-5a9b-5711-55692c200b1b,1777365016,0.54,30.77,yes,"{""count_fp"":""30.77"",""created_time"":""2026-04-28T08:30:16.284847Z"",""no_price_dollars"":""0.4600"",""taker_side"":""yes"",""ticker"":""KXBTC15M-26APR280445-45"",""trade_id"":""04298f80-6262-5a9b-5711-55692c200b1b"",""yes_price_dollars"":""0.5400""}"
KXBTC15M-26APR280445-45,ea584adc-4104-5459-701f-c6b4ea1f5716,1777365017,0.54,3.0,yes,"{""count_fp"":""3.00"",""created_time"":""2026-04-28T08:30:17.461431Z"",""no_price_dollars"":""0.4600"",""taker_side"":""yes"",""ticker"":""KXBTC15M-26APR280445-45"",""trade_id"":""ea584adc-4104-5459-701f-c6b4ea1f5716"",""yes_price_dollars"":""0.5400""}"
KXBTC15M-26APR280445-45,144be3ed-80c9-5510-5bca-951cb2233fdb,1777365017,0.54,10.0,yes,"{""count_fp"":""10.00"",""created_time"":""2026-04-28T08:30:17.461431Z"",""no_price_dollars"":""0.4600"",""taker_side"":""yes"",""ticker"":""KXBTC15M-26APR280445-45"",""trade_id"":""144be3ed-80c9-5510-5bca-951cb2233fdb"",""yes_price_dollars"":""0.5400""}"
KXBTC15M-26APR280445-45,0814c666-b555-7097-38ea-bcbb00d0ac11,1777365017,0.53,18.0,no,"{""count_fp"":""18.00"",""created_time"":""2026-04-28T08:30:17.243611Z"",""no_price_dollars"":""0.4700"",""taker_side"":""no"",""ticker"":""KXBTC15M-26APR280445-45"",""trade_id"":""0814c666-b555-7097-38ea-bcbb00d0ac11"",""yes_price_dollars"":""0.5300""}"
KXBTC15M-26APR280445-45,d7caa7e3-74c9-6d2b-b57b-fafb20904ac9,1777365017,0.53,3.0,no,"{""count_fp"":""3.00"",""created_time"":""2026-04-28T08:30:17.093461Z"",""no_price_dollars"":""0.4700"",""taker_side"":""no"",""ticker"":""KXBTC15M-26APR280445-45"",""trade_id"":""d7caa7e3-74c9-6d2b-b57b-fafb20904ac9"",""yes_price_dollars"":""0.5300""}"
KXBTC15M-26APR280445-45,774fa565-7f08-5499-5308-69dd0e855d65,1777365018,0.55,10.25,no,"{""count_fp"":""10.25"",""created_time"":""2026-04-28T08:30:18.526208Z"",""no_price_dollars"":""0.4500"",""taker_side"":""no"",""ticker"":""KXBTC15M-26APR280445-45"",""trade_id"":""774fa565-7f08-5499-5308-69dd0e855d65"",""yes_price_dollars"":""0.5500""}"
KXBTC15M-26APR280445-45,bab49c27-298a-5f16-9870-f64750892eba,1777365018,0.55,40.0,no,"{""count_fp"":""40.00"",""created_time"":""2026-04-28T08:30:18.077907Z"",""no_price_dollars"":""0.4500"",""taker_side"":""no"",""ticker"":""KXBTC15M-26APR280445-45"",""trade_id"":""bab49c27-298a-5f16-9870-f64750892eba"",""yes_price_dollars"":""0.5500""}"
KXBTC15M-26APR280445-45,b84b5a0b-f280-5bfa-aa6e-87e3cff6f1d5,1777365018,0.56,1.0,no,"{""count_fp"":""1.00"",""created_time"":""2026-04-28T08:30:18.077907Z"",""no_price_dollars"":""0.4400"",""taker_side"":""no"",""ticker"":""KXBTC15M-26APR280445-45"",""trade_id"":""b84b5a0b-f280-5bfa-aa6e-87e3cff6f1d5"",""yes_price_dollars"":""0.5600""}"
KXBTC15M-26APR280445-45,b2997de4-2fa1-572b-892c-b7992251b281,1777365018,0.53,19.0,no,"{""count_fp"":""19.00"",""created_time"":""2026-04-28T08:30:18.077907Z"",""no_price_dollars"":""0.4700"",""taker_side"":""no"",""ticker"":""KXBTC15M-26APR280445-45"",""trade_id"":""b2997de4-2fa1-572b-892c-b7992251b281"",""yes_price_dollars"":""0.5300""}"
KXBTC15M-26APR280445-45,b19089f4-05be-5abf-ae13-1464d0ccd82e,1777365018,0.54,1.0,no,"{""count_fp"":""1.00"",""created_time"":""2026-04-28T08:30:18.077907Z"",""no_price_dollars"":""0.4600"",""taker_side"":""no"",""ticker"":""KXBTC15M-26APR280445-45"",""trade_id"":""b19089f4-05be-5abf-ae13-1464d0ccd82e"",""yes_price_dollars"":""0.5400""}"
KXBTC15M-26APR280445-45,99b225df-1f6d-56a2-9dcc-6f16587f5c03,1777365018,0.55,3.0,no,"{""count_fp"":""3.00"",""created_time"":""2026-04-28T08:30:18.077907Z"",""no_price_dollars"":""0.4500"",""taker_side"":""no"",""ticker"":""KXBTC15M-26APR280445-45"",""trade_id"":""99b225df-1f6d-56a2-9dcc-6f16587f5c03"",""yes_price_dollars"":""0.5500""}"
KXBTC15M-26APR280445-45,868e4c38-777d-5147-965f-8d382b7dc8ef,1777365018,0.56,500.0,no,"{""count_fp"":""500.00"",""created_time"":""2026-04-28T08:30:18.077907Z"",""no_price_dollars"":""0.4400"",""taker_side"":""no"",""ticker"":""KXBTC15M-26APR280445-45"",""trade_id"":""868e4c38-777d-5147-965f-8d382b7dc8ef"",""yes_price_dollars"":""0.5600""}"
KXBTC15M-26APR280445-45,83e9f402-e009-5337-a46a-91d47bf9eab7,1777365018,0.56,50.0,no,"{""count_fp"":""50.00"",""created_time"":""2026-04-28T08:30:18.077907Z"",""no_price_dollars"":""0.4400"",""taker_side"":""no"",""ticker"":""KXBTC15M-26APR280445-45"",""trade_id"":""83e9f402-e009-5337-a46a-91d47bf9eab7"",""yes_price_dollars"":""0.5600""}"
KXBTC15M-26APR280445-45,7bc87ac2-eca5-5ba6-bcb2-555df71e4448,1777365018,0.53,529.74,no,"{""count_fp"":""529.74"",""created_time"":""2026-04-28T08:30:18.077907Z"",""no_price_dollars"":""0.4700"",""taker_side"":""no"",""ticker"":""KXBTC15M-26APR280445-45"",""trade_id"":""7bc87ac2-eca5-5ba6-bcb2-555df71e4448"",""yes_price_dollars"":""0.5300""}"
KXBTC15M-26APR280445-45,4f0f9441-10b7-581a-b446-2aa50aafb6ac,1777365018,0.54,40.0,no,"{""count_fp"":""40.00"",""created_time"":""2026-04-28T08:30:18.077907Z"",""no_price_dollars"":""0.4600"",""taker_side"":""no"",""ticker"":""KXBTC15M-26APR280445-45"",""trade_id"":""4f0f9441-10b7-581a-b446-2aa50aafb6ac"",""yes_price_dollars"":""0.5400""}"
KXBTC15M-26APR280445-45,28e9e430-23c9-59d6-beeb-a69d4b617f74,1777365018,0.55,1.0,no,"{""count_fp"":""1.00"",""created_time"":""2026-04-28T08:30:18.077907Z"",""no_price_dollars"":""0.4500"",""taker_side"":""no"",""ticker"":""KXBTC15M-26APR280445-45"",""trade_id"":""28e9e430-23c9-59d6-beeb-a69d4b617f74"",""yes_price_dollars"":""0.5500""}"
KXBTC15M-26APR280445-45,1b7b944f-c877-5a47-b3e5-4d43a37ef4fe,1777365018,0.54,65.0,no,"{""count_fp"":""65.00"",""created_time"":""2026-04-28T08:30:18.077907Z"",""no_price_dollars"":""0.4600"",""taker_side"":""no"",""ticker"":""KXBTC15M-26APR280445-45"",""trade_id"":""1b7b944f-c877-5a47-b3e5-4d43a37ef4fe"",""yes_price_dollars"":""0.5400""}"
KXBTC15M-26APR280445-45,040b1ad3-6e92-5ab5-aa51-2888439cc530,1777365018,0.56,40.0,no,"{""count_fp"":""40.00"",""created_time"":""2026-04-28T08:30:18.077907Z"",""no_price_dollars"":""0.4400"",""taker_side"":""no"",""ticker"":""KXBTC15M-26APR280445-45"",""trade_id"":""040b1ad3-6e92-5ab5-aa51-2888439cc530"",""yes_price_dollars"":""0.5600""}"
KXBTC15M-26APR280445-45,5fa8eeee-e879-6817-da27-f0d66cd5054d,1777365019,0.56,25.54,yes,"{""count_fp"":""25.54"",""created_time"":""2026-04-28T08:30:19.545537Z"",""no_price_dollars"":""0.4400"",""taker_side"":""yes"",""ticker"":""KXBTC15M-26APR280445-45"",""trade_id"":""5fa8eeee-e879-6817-da27-f0d66cd5054d"",""yes_price_dollars"":""0.5600""}"
KXBTC15M-26APR280445-45,13d9a9fd-ab01-7eb3-d4c1-23842a2efd41,1777365019,0.56,8.51,yes,"{""count_fp"":""8.51"",""created_time"":""2026-04-28T08:30:19.326547Z"",""no_price_dollars"":""0.4400"",""taker_side"":""yes"",""ticker"":""KXBTC15M-26APR280445-45"",""trade_id"":""13d9a9fd-ab01-7eb3-d4c1-23842a2efd41"",""yes_price_dollars"":""0.5600""}"
KXBTC15M-26APR280445-45,e4d2ebda-f876-6ab8-83d8-d781b515ea0b,1777365019,0.55,43.01,no,"{""count_fp"":""43.01"",""created_time"":""2026-04-28T08:30:19.321926Z"",""no_price_dollars"":""0.4500"",""taker_side"":""no"",""ticker"":""KXBTC15M-26APR280445-45"",""trade_id"":""e4d2ebda-f876-6ab8-83d8-d781b515ea0b"",""yes_price_dollars"":""0.5500""}"
KXBTC15M-26APR280445-45,5bab3dfb-2d98-6ac5-9c23-d528c3b7d435,1777365019,0.55,19.04,no,"{""count_fp"":""19.04"",""created_time"":""2026-04-28T08:30:19.321926Z"",""no_price_dollars"":""0.4500"",""taker_side"":""no"",""ticker"":""KXBTC15M-26APR280445-45"",""trade_id"":""5bab3dfb-2d98-6ac5-9c23-d528c3b7d435"",""yes_price_dollars"":""0.5500""}"
KXBTC15M-26APR280445-45,3540f560-c9a4-4331-1646-bfe50a6255f5,1777365019,0.55,10.71,no,"{""count_fp"":""10.71"",""created_time"":""2026-04-28T08:30:19.145372Z"",""no_price_dollars"":""0.4500"",""taker_side"":""no"",""ticker"":""KXBTC15M-26APR280445-45"",""trade_id"":""3540f560-c9a4-4331-1646-bfe50a6255f5"",""yes_price_dollars"":""0.5500""}"
KXBTC15M-26APR280445-45,dfcc0d05-c8fd-72d7-67f5-85071a426135,1777365020,0.56,1.7,yes,"{""count_fp"":""1.70"",""created_time"":""2026-04-28T08:30:20.508037Z"",""no_price_dollars"":""0.4400"",""taker_side"":""yes"",""ticker"":""KXBTC15M-26APR280445-45"",""trade_id"":""dfcc0d05-c8fd-72d7-67f5-85071a426135"",""yes_price_dollars"":""0.5600""}"
KXBTC15M-26APR280445-45,e71203f2-b545-4298-2bc3-4d047b569389,1777365020,0.54,40.0,no,"{""count_fp"":""40.00"",""created_time"":""2026-04-28T08:30:20.352355Z"",""no_price_dollars"":""0.4600"",""taker_side"":""no"",""ticker"":""KXBTC15M-26APR280445-45"",""trade_id"":""e71203f2-b545-4298-2bc3-4d047b569389"",""yes_price_dollars"":""0.5400""}"
KXBTC15M-26APR280445-45,aa4b75d0-ba5e-4103-09b4-4e1484d41966,1777365020,0.55,20.0,no,"{""count_fp"":""20.00"",""created_time"":""2026-04-28T08:30:20.352355Z"",""no_price_dollars"":""0.4500"",""taker_side"":""no"",""ticker"":""KXBTC15M-26APR280445-45"",""trade_id"":""aa4b75d0-ba5e-4103-09b4-4e1484d41966"",""yes_price_dollars"":""0.5500""}"
KXBTC15M-26APR280445-45,a7da410c-ff8e-476f-3428-2943d3a77f53,1777365020,0.54,4.97,no,"{""count_fp"":""4.97"",""created_time"":""2026-04-28T08:30:20.352355Z"",""no_price_dollars"":""0.4600"",""taker_side"":""no"",""ticker"":""KXBTC15M-26APR280445-45"",""trade_id"":""a7da410c-ff8e-476f-3428-2943d3a77f53"",""yes_price_dollars"":""0.5400""}"
KXBTC15M-26APR280445-45,65e0bb7a-773a-4094-125f-8a74e7680363,1777365020,0.55,287.94,no,"{""count_fp"":""287.94"",""created_time"":""2026-04-28T08:30:20.352355Z"",""no_price_dollars"":""0.4500"",""taker_side"":""no"",""ticker"":""KXBTC15M-26APR280445-45"",""trade_id"":""65e0bb7a-773a-4094-125f-8a74e7680363"",""yes_price_dollars"":""0.5500""}"
KXBTC15M-26APR280445-45,537e6a14-1049-4ee6-204a-b279fb0e5cbd,1777365020,0.55,79.0,no,"{""count_fp"":""79.00"",""created_time"":""2026-04-28T08:30:20.352355Z"",""no_price_dollars"":""0.4500"",""taker_side"":""no"",""ticker"":""KXBTC15M-26APR280445-45"",""trade_id"":""537e6a14-1049-4ee6-204a-b279fb0e5cbd"",""yes_price_dollars"":""0.5500""}"
KXBTC15M-26APR280445-45,1d3ebac4-3d71-4ba6-3478-8a1b9577731f,1777365020,0.54,3.0,no,"{""count_fp"":""3.00"",""created_time"":""2026-04-28T08:30:20.352355Z"",""no_price_dollars"":""0.4600"",""taker_side"":""no"",""ticker"":""KXBTC15M-26APR280445-45"",""trade_id"":""1d3ebac4-3d71-4ba6-3478-8a1b9577731f"",""yes_price_dollars"":""0.5400""}"
KXBTC15M-26APR280445-45,2884d9ff-e179-4847-e08d-8b247b4d12f9,1777365020,0.56,0.45,yes,"{""count_fp"":""0.45"",""created_time"":""2026-04-28T08:30:20.294256Z"",""no_price_dollars"":""0.4400"",""taker_side"":""yes"",""ticker"":""KXBTC15M-26APR280445-45"",""trade_id"":""2884d9ff-e179-4847-e08d-8b247b4d12f9"",""yes_price_dollars"":""0.5600""}"
KXBTC15M-26APR280445-45,f66486af-1812-64b8-3e7f-56eded27152b,1777365020,0.55,169.05,no,"{""count_fp"":""169.05"",""created_time"":""2026-04-28T08:30:20.196075Z"",""no_price_dollars"":""0.4500"",""taker_side"":""no"",""ticker"":""KXBTC15M-26APR280445-45"",""trade_id"":""f66486af-1812-64b8-3e7f-56eded27152b"",""yes_price_dollars"":""0.5500""}"
KXBTC15M-26APR280445-45,86791b09-b2cd-7553-266a-ecac8a6865a1,1777365020,0.56,0.42,yes,"{""count_fp"":""0.42"",""created_time"":""2026-04-28T08:30:20.019715Z"",""no_price_dollars"":""0.4400"",""taker_side"":""yes"",""ticker"":""KXBTC15M-26APR280445-45"",""trade_id"":""86791b09-b2cd-7553-266a-ecac8a6865a1"",""yes_price_dollars"":""0.5600""}"
KXBTC15M-26APR280445-45,6c7854ca-f347-5c5b-658f-c437b95d0db8,1777365021,0.56,17.32,yes,"{""count_fp"":""17.32"",""created_time"":""2026-04-28T08:30:21.766388Z"",""no_price_dollars"":""0.4400"",""taker_side"":""yes"",""ticker"":""KXBTC15M-26APR280445-45"",""trade_id"":""6c7854ca-f347-5c5b-658f-c437b95d0db8"",""yes_price_dollars"":""0.5600""}"
KXBTC15M-26APR280445-45,9ff283f4-441f-7bcf-e789-9b63ff9f3fb0,1777365021,0.56,28.0,yes,"{""count_fp"":""28.00"",""created_time"":""2026-04-28T08:30:21.595683Z"",""no_price_dollars"":""0.4400"",""taker_side"":""yes"",""ticker"":""KXBTC15M-26APR280445-45"",""trade_id"":""9ff283f4-441f-7bcf-e789-9b63ff9f3fb0"",""yes_price_dollars"":""0.5600""}"
KXBTC15M-26APR280445-45,c0cef0d1-f5cd-42a7-9096-b0368b31c571,1777365021,0.56,890.22,yes,"{""count_fp"":""890.22"",""created_time"":""2026-04-28T08:30:21.417839Z"",""no_price_dollars"":""0.4400"",""taker_side"":""yes"",""ticker"":""KXBTC15M-26APR280445-45"",""trade_id"":""c0cef0d1-f5cd-42a7-9096-b0368b31c571"",""yes_price_dollars"":""0.5600""}"
KXBTC15M-26APR280445-45,7b52ae66-5f87-4c8b-a233-2fe788c62d18,1777365021,0.56,708.13,yes,"{""count_fp"":""708.13"",""created_time"":""2026-04-28T08:30:21.417839Z"",""no_price_dollars"":""0.4400"",""taker_side"":""yes"",""ticker"":""KXBTC15M-26APR280445-45"",""trade_id"":""7b52ae66-5f87-4c8b-a233-2fe788c62d18"",""yes_price_dollars"":""0.5600""}"
KXBTC15M-26APR280445-45,768cff3a-d9f1-4ab6-9dcb-dd078332ff81,1777365021,0.56,40.0,yes,"{""count_fp"":""40.00"",""created_time"":""2026-04-28T08:30:21.417839Z"",""no_price_dollars"":""0.4400"",""taker_side"":""yes"",""ticker"":""KXBTC15M-26APR280445-45"",""trade_id"":""768cff3a-d9f1-4ab6-9dcb-dd078332ff81"",""yes_price_dollars"":""0.5600""}"
KXBTC15M-26APR280445-45,495bcf90-3cc9-4cce-98d5-6291fef2c742,1777365021,0.56,91.0,yes,"{""count_fp"":""91.00"",""created_time"":""2026-04-28T08:30:21.417839Z"",""no_price_dollars"":""0.4400"",""taker_side"":""yes"",""ticker"":""KXBTC15M-26APR280445-45"",""trade_id"":""495bcf90-3cc9-4cce-98d5-6291fef2c742"",""yes_price_dollars"":""0.5600""}"
KXBTC15M-26APR280445-45,18cbb1d5-ade0-4c38-ac49-d116e752dc49,1777365021,0.56,3.0,yes,"{""count_fp"":""3.00"",""created_time"":""2026-04-28T08:30:21.417839Z"",""no_price_dollars"":""0.4400"",""taker_side"":""yes"",""ticker"":""KXBTC15M-26APR280445-45"",""trade_id"":""18cbb1d5-ade0-4c38-ac49-d116e752dc49"",""yes_price_dollars"":""0.5600""}"
KXBTC15M-26APR280445-45,0915228b-dd71-49ef-ffa6-d5da12ec64bd,1777365021,0.56,1.0,yes,"{""count_fp"":""1.00"",""created_time"":""2026-04-28T08:30:21.274962Z"",""no_price_dollars"":""0.4400"",""taker_side"":""yes"",""ticker"":""KXBTC15M-26APR280445-45"",""trade_id"":""0915228b-dd71-49ef-ffa6-d5da12ec64bd"",""yes_price_dollars"":""0.5600""}"
KXBTC15M-26APR280445-45,1ecafaa8-1fbd-6fbb-0cfc-254b5a84d319,1777365021,0.56,38.11,yes,"{""count_fp"":""38.11"",""created_time"":""2026-04-28T08:30:21.082989Z"",""no_price_dollars"":""0.4400"",""taker_side"":""yes"",""ticker"":""KXBTC15M-26APR280445-45"",""trade_id"":""1ecafaa8-1fbd-6fbb-0cfc-254b5a84d319"",""yes_price_dollars"":""0.5600""}"
KXBTC15M-26APR280445-45,f77782dd-5c41-4468-c689-1d90d63a3667,1777365022,0.55,5.0,no,"{""count_fp"":""5.00"",""created_time"":""2026-04-28T08:30:22.680417Z"",""no_price_dollars"":""0.4500"",""taker_side"":""no"",""ticker"":""KXBTC15M-26APR280445-45"",""trade_id"":""f77782dd-5c41-4468-c689-1d90d63a3667"",""yes_price_dollars"":""0.5500""}"
KXBTC15M-26APR280445-45,27684ce1-4cbb-72db-b48c-0fbc74ceacf8,1777365022,0.56,2.0,yes,"{""count_fp"":""2.00"",""created_time"":""2026-04-28T08:30:22.189231Z"",""no_price_dollars"":""0.4400"",""taker_side"":""yes"",""ticker"":""KXBTC15M-26APR280445-45"",""trade_id"":""27684ce1-4cbb-72db-b48c-0fbc74ceacf8"",""yes_price_dollars"":""0.5600""}"
KXBTC15M-26APR280445-45,7e289ec3-f991-4b24-9644-7029149ccf7b,1777365022,0.55,190.44,no,"{""count_fp"":""190.44"",""created_time"":""2026-04-28T08:30:22.131892Z"",""no_price_dollars"":""0.4500"",""taker_side"":""no"",""ticker"":""KXBTC15M-26APR280445-45"",""trade_id"":""7e289ec3-f991-4b24-9644-7029149ccf7b"",""yes_price_dollars"":""0.5500""}"
KXBTC15M-26APR280445-45,85c6a3bc-d2a1-6970-6e39-75e889d1743f,1777365022,0.55,22.57,no,"{""count_fp"":""22.57"",""created_time"":""2026-04-28T08:30:22.038057Z"",""no_price_dollars"":""0.4500"",""taker_side"":""no"",""ticker"":""KXBTC15M-26APR280445-45"",""trade_id"":""85c6a3bc-d2a1-6970-6e39-75e889d1743f"",""yes_price_dollars"":""0.5500""}"
KXBTC15M-26APR280445-45,08b5aaea-1fa1-4604-8a74-77b419ac0ce7,1777365022,0.55,2.13,no,"{""count_fp"":""2.13"",""created_time"":""2026-04-28T08:30:22.009631Z"",""no_price_dollars"":""0.4500"",""taker_side"":""no"",""ticker"":""KXBTC15M-26APR280445-45"",""trade_id"":""08b5aaea-1fa1-4604-8a74-77b419ac0ce7"",""yes_price_dollars"":""0.5500""}"
KXBTC15M-26APR280445-45,4a536a2c-62e5-6f60-0d5a-2c55e74fe827,1777365022,0.55,2.0,no,"{""count_fp"":""2.00"",""created_time"":""2026-04-28T08:30:22.008394Z"",""no_price_dollars"":""0.4500"",""taker_side"":""no"",""ticker"":""KXBTC15M-26APR280445-45"",""trade_id"":""4a536a2c-62e5-6f60-0d5a-2c55e74fe827"",""yes_price_dollars"":""0.5500""}"
KXBTC15M-26APR280445-45,70bdac6f-2c2b-4ba2-5e46-b54613b3cb92,1777365023,0.56,8.66,yes,"{""count_fp"":""8.66"",""created_time"":""2026-04-28T08:30:23.555359Z"",""no_price_dollars"":""0.4400"",""taker_side"":""yes"",""ticker"":""KXBTC15M-26APR280445-45"",""trade_id"":""70bdac6f-2c2b-4ba2-5e46-b54613b3cb92"",""yes_price_dollars"":""0.5600""}"
KXBTC15M-26APR280445-45,f133325b-7223-4f22-b3cf-26d9372a13ba,1777365023,0.56,17.32,yes,"{""count_fp"":""17.32"",""created_time"":""2026-04-28T08:30:23.550395Z"",""no_price_dollars"":""0.4400"",""taker_side"":""yes"",""ticker"":""KXBTC15M-26APR280445-45"",""trade_id"":""f133325b-7223-4f22-b3cf-26d9372a13ba"",""yes_price_dollars"":""0.5600""}"
KXBTC15M-26APR280445-45,1d560131-714b-7a36-9c4c-fe754e2c1322,1777365023,0.56,1.0,yes,"{""count_fp"":""1.00"",""created_time"":""2026-04-28T08:30:23.181989Z"",""no_price_dollars"":""0.4400"",""taker_side"":""yes"",""ticker"":""KXBTC15M-26APR280445-45"",""trade_id"":""1d560131-714b-7a36-9c4c-fe754e2c1322"",""yes_price_dollars"":""0.5600""}"
KXBTC15M-26APR280445-45,f1d735fe-120b-4582-aee9-f629e3b6b1ae,1777365023,0.56,100.0,yes,"{""count_fp"":""100.00"",""created_time"":""2026-04-28T08:30:23.082078Z"",""no_price_dollars"":""0.4400"",""taker_side"":""yes"",""ticker"":""KXBTC15M-26APR280445-45"",""trade_id"":""f1d735fe-120b-4582-aee9-f629e3b6b1ae"",""yes_price_dollars"":""0.5600""}"
KXBTC15M-26APR280445-45,e803507a-47d8-7d58-d11a-c901971d771b,1777365024,0.55,17.32,yes,"{""count_fp"":""17.32"",""created_time"":""2026-04-28T08:30:24.629037Z"",""no_price_dollars"":""0.4500"",""taker_side"":""yes"",""ticker"":""KXBTC15M-26APR280445-45"",""trade_id"":""e803507a-47d8-7d58-d11a-c901971d771b"",""yes_price_dollars"":""0.5500""}"
KXBTC15M-26APR280445-45,d4c44aa5-03bc-6b64-f6fe-adb00be2528b,1777365024,0.55,1.73,yes,"{""count_fp"":""1.73"",""created_time"":""2026-04-28T08:30:24.162338Z"",""no_price_dollars"":""0.4500"",""taker_side"":""yes"",""ticker"":""KXBTC15M-26APR280445-45"",""trade_id"":""d4c44aa5-03bc-6b64-f6fe-adb00be2528b"",""yes_price_dollars"":""0.5500""}"
KXBTC15M-26APR280445-45,6e6452fa-d40c-6b37-4829-207d618c830a,1777365024,0.55,42.0,no,"{""count_fp"":""42.00"",""created_time"":""2026-04-28T08:30:24.103225Z"",""no_price_dollars"":""0.4500"",""taker_side"":""no"",""ticker"":""KXBTC15M-26APR280445-45"",""trade_id"":""6e6452fa-d40c-6b37-4829-207d618c830a"",""yes_price_dollars"":""0.5500""}"
KXBTC15M-26APR280445-45,687c8fc3-27b2-6851-7664-d50849f29efc,1777365024,0.55,1.0,no,"{""count_fp"":""1.00"",""created_time"":""2026-04-28T08:30:24.103225Z"",""no_price_dollars"":""0.4500"",""taker_side"":""no"",""ticker"":""KXBTC15M-26APR280445-45"",""trade_id"":""687c8fc3-27b2-6851-7664-d50849f29efc"",""yes_price_dollars"":""0.5500""}"
KXBTC15M-26APR280445-45,5f3fba50-8309-6954-7d12-3fbeb5124b68,1777365024,0.55,0.42,no,"{""count_fp"":""0.42"",""created_time"":""2026-04-28T08:30:24.103225Z"",""no_price_dollars"":""0.4500"",""taker_side"":""no"",""ticker"":""KXBTC15M-26APR280445-45"",""trade_id"":""5f3fba50-8309-6954-7d12-3fbeb5124b68"",""yes_price_dollars"":""0.5500""}"
KXBTC15M-26APR280445-45,d5fe6168-3d19-4b90-3860-c624ba28c714,1777365024,0.55,4.58,no,"{""count_fp"":""4.58"",""created_time"":""2026-04-28T08:30:24.097081Z"",""no_price_dollars"":""0.4500"",""taker_side"":""no"",""ticker"":""KXBTC15M-26APR280445-45"",""trade_id"":""d5fe6168-3d19-4b90-3860-c624ba28c714"",""yes_price_dollars"":""0.5500""}"
KXBTC15M-26APR280445-45,880ac6a7-c92d-4fec-01aa-56de595428bf,1777365024,0.55,30.41,no,"{""count_fp"":""30.41"",""created_time"":""2026-04-28T08:30:24.097081Z"",""no_price_dollars"":""0.4500"",""taker_side"":""no"",""ticker"":""KXBTC15M-26APR280445-45"",""trade_id"":""880ac6a7-c92d-4fec-01aa-56de595428bf"",""yes_price_dollars"":""0.5500""}"
KXBTC15M-26APR280445-45,4a8d66ac-9f6b-452d-129e-591c0141a0a2,1777365024,0.55,1.0,no,"{""count_fp"":""1.00"",""created_time"":""2026-04-28T08:30:24.097081Z"",""no_price_dollars"":""0.4500"",""taker_side"":""no"",""ticker"":""KXBTC15M-26APR280445-45"",""trade_id"":""4a8d66ac-9f6b-452d-129e-591c0141a0a2"",""yes_price_dollars"":""0.5500""}"
KXBTC15M-26APR280445-45,67b235be-42ff-7e9e-ed86-fa6cc9610b2e,1777365025,0.55,8.66,yes,"{""count_fp"":""8.66"",""created_time"":""2026-04-28T08:30:25.781296Z"",""no_price_dollars"":""0.4500"",""taker_side"":""yes"",""ticker"":""KXBTC15M-26APR280445-45"",""trade_id"":""67b235be-42ff-7e9e-ed86-fa6cc9610b2e"",""yes_price_dollars"":""0.5500""}"
KXBTC15M-26APR280445-45,bc784e64-3a3b-6b42-13db-eb7dd3058ff2,1777365025,0.55,154.17,yes,"{""count_fp"":""154.17"",""created_time"":""2026-04-28T08:30:25.605751Z"",""no_price_dollars"":""0.4500"",""taker_side"":""yes"",""ticker"":""KXBTC15M-26APR280445-45"",""trade_id"":""bc784e64-3a3b-6b42-13db-eb7dd3058ff2"",""yes_price_dollars"":""0.5500""}"
KXBTC15M-26APR280445-45,90f46689-d319-7fcc-7e39-f7cd878065b0,1777365025,0.54,43.58,no,"{""count_fp"":""43.58"",""created_time"":""2026-04-28T08:30:25.596711Z"",""no_price_dollars"":""0.4600"",""taker_side"":""no"",""ticker"":""KXBTC15M-26APR280445-45"",""trade_id"":""90f46689-d319-7fcc-7e39-f7cd878065b0"",""yes_price_dollars"":""0.5400""}"
KXBTC15M-26APR280445-45,9491eb70-85f5-588c-7f1c-d634c68f7f50,1777365025,0.54,21.1,no,"{""count_fp"":""21.10"",""created_time"":""2026-04-28T08:30:25.590885Z"",""no_price_dollars"":""0.4600"",""taker_side"":""no"",""ticker"":""KXBTC15M-26APR280445-45"",""trade_id"":""9491eb70-85f5-588c-7f1c-d634c68f7f50"",""yes_price_dollars"":""0.5400""}"
KXBTC15M-26APR280445-45,f369128c-187f-597a-f77c-5bf29f59efda,1777365025,0.55,862.92,yes,"{""count_fp"":""862.92"",""created_time"":""2026-04-28T08:30:25.511366Z"",""no_price_dollars"":""0.4500"",""taker_side"":""yes"",""ticker"":""KXBTC15M-26APR280445-45"",""trade_id"":""f369128c-187f-597a-f77c-5bf29f59efda"",""yes_price_dollars"":""0.5500""}"
KXBTC15M-26APR280445-45,be98a185-4ccc-5114-ed10-9335e7e06bb3,1777365025,0.55,0.95,yes,"{""count_fp"":""0.95"",""created_time"":""2026-04-28T08:30:25.511366Z"",""no_price_dollars"":""0.4500"",""taker_side"":""yes"",""ticker"":""KXBTC15M-26APR280445-45"",""trade_id"":""be98a185-4ccc-5114-ed10-9335e7e06bb3"",""yes_price_dollars"":""0.5500""}"
KXBTC15M-26APR280445-45,3ce65e4b-97c1-5b40-c276-665c778de8ef,1777365025,0.55,3.0,yes,"{""count_fp"":""3.00"",""created_time"":""2026-04-28T08:30:25.511366Z"",""no_price_dollars"":""0.4500"",""taker_side"":""yes"",""ticker"":""KXBTC15M-26APR280445-45"",""trade_id"":""3ce65e4b-97c1-5b40-c276-665c778de8ef"",""yes_price_dollars"":""0.5500""}"
KXBTC15M-26APR280445-45,66a16804-53d3-4620-2b5d-3e67148b8738,1777365026,0.55,7.05,yes,"{""count_fp"":""7.05"",""created_time"":""2026-04-28T08:30:26.927179Z"",""no_price_dollars"":""0.4500"",""taker_side"":""yes"",""ticker"":""KXBTC15M-26APR280445-45"",""trade_id"":""66a16804-53d3-4620-2b5d-3e67148b8738"",""yes_price_dollars"":""0.5500""}"
KXBTC15M-26APR280445-45,34f07b21-f135-5200-f2d6-1671da073ad8,1777365026,0.54,203.18,no,"{""count_fp"":""203.18"",""created_time"":""2026-04-28T08:30:26.654997Z"",""no_price_dollars"":""0.4600"",""taker_side"":""no"",""ticker"":""KXBTC15M-26APR280445-45"",""trade_id"":""34f07b21-f135-5200-f2d6-1671da073ad8"",""yes_price_dollars"":""0.5400""}"
KXBTC15M-26APR280445-45,3468b302-0f45-49b4-7bb8-8be4e14f5dfc,1777365026,0.54,31.42,no,"{""count_fp"":""31.42"",""created_time"":""2026-04-28T08:30:26.532587Z"",""no_price_dollars"":""0.4600"",""taker_side"":""no"",""ticker"":""KXBTC15M-26APR280445-45"",""trade_id"":""3468b302-0f45-49b4-7bb8-8be4e14f5dfc"",""yes_price_dollars"":""0.5400""}"
KXBTC15M-26APR280445-45,a4d930f6-08d5-743c-e744-e2fadba31fc4,1777365027,0.54,10.47,no,"{""count_fp"":""10.47"",""created_time"":""2026-04-28T08:30:27.362242Z"",""no_price_dollars"":""0.4600"",""taker_side"":""no"",""ticker"":""KXBTC15M-26APR280445-45"",""trade_id"":""a4d930f6-08d5-743c-e744-e2fadba31fc4"",""yes_price_dollars"":""0.5400""}"
KXBTC15M-26APR280445-45,fdc8b2c5-f115-5494-7c93-676611c93e70,1777365027,0.54,4.18,no,"{""count_fp"":""4.18"",""created_time"":""2026-04-28T08:30:27.348477Z"",""no_price_dollars"":""0.4600"",""taker_side"":""no"",""ticker"":""KXBTC15M-26APR280445-45"",""trade_id"":""fdc8b2c5-f115-5494-7c93-676611c93e70"",""yes_price_dollars"":""0.5400""}"
KXBTC15M-26APR280445-45,be4b06c8-8a57-7a5b-3518-642f02b19e68,1777365028,0.55,8.81,yes,"{""count_fp"":""8.81"",""created_time"":""2026-04-28T08:30:28.885836Z"",""no_price_dollars"":""0.4500"",""taker_side"":""yes"",""ticker"":""KXBTC15M-26APR280445-45"",""trade_id"":""be4b06c8-8a57-7a5b-3518-642f02b19e68"",""yes_price_dollars"":""0.5500""}"
KXBTC15M-26APR280445-45,fdb5f33d-ba48-69f7-eb74-5b4a8ac4bf10,1777365028,0.55,110.09,yes,"{""count_fp"":""110.09"",""created_time"":""2026-04-28T08:30:28.349029Z"",""no_price_dollars"":""0.4500"",""taker_side"":""yes"",""ticker"":""KXBTC15M-26APR280445-45"",""trade_id"":""fdb5f33d-ba48-69f7-eb74-5b4a8ac4bf10"",""yes_price_dollars"":""0.5500""}"
KXBTC15M-26APR280445-45,e1d46935-2bc6-6adf-f76f-acaa3e22f275,1777365028,0.56,40.0,yes,"{""count_fp"":""40.00"",""created_time"":""2026-04-28T08:30:28.349029Z"",""no_price_dollars"":""0.4400"",""taker_side"":""yes"",""ticker"":""KXBTC15M-26APR280445-45"",""trade_id"":""e1d46935-2bc6-6adf-f76f-acaa3e22f275"",""yes_price_dollars"":""0.5600""}"
KXBTC15M-26APR280445-45,dd4c0537-93cc-6bca-fe13-cb1c40cb118a,1777365028,0.56,40.0,yes,"{""count_fp"":""40.00"",""created_time"":""2026-04-28T08:30:28.349029Z"",""no_price_dollars"":""0.4400"",""taker_side"":""yes"",""ticker"":""KXBTC15M-26APR280445-45"",""trade_id"":""dd4c0537-93cc-6bca-fe13-cb1c40cb118a"",""yes_price_dollars"":""0.5600""}"
KXBTC15M-26APR280445-45,ac65f9ca-ae99-63f8-eea5-6522ebb96eab,1777365028,0.56,40.0,yes,"{""count_fp"":""40.00"",""created_time"":""2026-04-28T08:30:28.349029Z"",""no_price_dollars"":""0.4400"",""taker_side"":""yes"",""ticker"":""KXBTC15M-26APR280445-45"",""trade_id"":""ac65f9ca-ae99-63f8-eea5-6522ebb96eab"",""yes_price_dollars"":""0.5600""}"
KXBTC15M-26APR280445-45,7824bedb-6372-63fd-c9a2-6fb59eccdc88,1777365028,0.55,3.0,yes,"{""count_fp"":""3.00"",""created_time"":""2026-04-28T08:30:28.349029Z"",""no_price_dollars"":""0.4500"",""taker_side"":""yes"",""ticker"":""KXBTC15M-26APR280445-45"",""trade_id"":""7824bedb-6372-63fd-c9a2-6fb59eccdc88"",""yes_price_dollars"":""0.5500""}"
KXBTC15M-26APR280445-45,68409bec-e448-61bb-ccec-3e87cfe51da2,1777365028,0.55,10.0,yes,"{""count_fp"":""10.00"",""created_time"":""2026-04-28T08:30:28.349029Z"",""no_price_dollars"":""0.4500"",""taker_side"":""yes"",""ticker"":""KXBTC15M-26APR280445-45"",""trade_id"":""68409bec-e448-61bb-ccec-3e87cfe51da2"",""yes_price_dollars"":""0.5500""}"
KXBTC15M-26APR280445-45,62334bb2-d3bb-6ee2-e919-7f619f4dbc1e,1777365028,0.55,3.0,yes,"{""count_fp"":""3.00"",""created_time"":""2026-04-28T08:30:28.349029Z"",""no_price_dollars"":""0.4500"",""taker_side"":""yes"",""ticker"":""KXBTC15M-26APR280445-45"",""trade_id"":""62334bb2-d3bb-6ee2-e919-7f619f4dbc1e"",""yes_price_dollars"":""0.5500""}"
KXBTC15M-26APR280445-45,2af846ba-eba5-66ce-c7b4-41d12a967436,1777365028,0.56,16.15,yes,"{""count_fp"":""16.15"",""created_time"":""2026-04-28T08:30:28.349029Z"",""no_price_dollars"":""0.4400"",""taker_side"":""yes"",""ticker"":""KXBTC15M-26APR280445-45"",""trade_id"":""2af846ba-eba5-66ce-c7b4-41d12a967436"",""yes_price_dollars"":""0.5600""}"
KXBTC15M-26APR280445-45,1631f6fb-d1d7-6316-e05c-703be9c8bbf5,1777365028,0.55,100.0,yes,"{""count_fp"":""100.00"",""created_time"":""2026-04-28T08:30:28.349029Z"",""no_price_dollars"":""0.4500"",""taker_side"":""yes"",""ticker"":""KXBTC15M-26APR280445-45"",""trade_id"":""1631f6fb-d1d7-6316-e05c-703be9c8bbf5"",""yes_price_dollars"":""0.5500""}"
KXBTC15M-26APR280445-45,a681155b-6156-5ab2-9b4c-34b0ceb946f7,1777365028,0.54,10.47,no,"{""count_fp"":""10.47"",""created_time"":""2026-04-28T08:30:28.227364Z"",""no_price_dollars"":""0.4600"",""taker_side"":""no"",""ticker"":""KXBTC15M-26APR280445-45"",""trade_id"":""a681155b-6156-5ab2-9b4c-34b0ceb946f7"",""yes_price_dollars"":""0.5400""}"
KXBTC15M-26APR280445-45,e88017c9-f80f-67ca-e9ed-6a0da52b0ff6,1777365028,0.55,1.0,yes,"{""count_fp"":""1.00"",""created_time"":""2026-04-28T08:30:28.146323Z"",""no_price_dollars"":""0.4500"",""taker_side"":""yes"",""ticker"":""KXBTC15M-26APR280445-45"",""trade_id"":""e88017c9-f80f-67ca-e9ed-6a0da52b0ff6"",""yes_price_dollars"":""0.5500""}"
KXBTC15M-26APR280445-45,8f90a936-fd08-6fe3-f227-b8def7608020,1777365028,0.55,38.17,yes,"{""count_fp"":""38.17"",""created_time"":""2026-04-28T08:30:28.146323Z"",""no_price_dollars"":""0.4500"",""taker_side"":""yes"",""ticker"":""KXBTC15M-26APR280445-45"",""trade_id"":""8f90a936-fd08-6fe3-f227-b8def7608020"",""yes_price_dollars"":""0.5500""}"
KXBTC15M-26APR280445-45,8f7e1da4-489f-65a4-de13-5c5458a54a2c,1777365028,0.55,48.95,yes,"{""count_fp"":""48.95"",""created_time"":""2026-04-28T08:30:28.146323Z"",""no_price_dollars"":""0.4500"",""taker_side"":""yes"",""ticker"":""KXBTC15M-26APR280445-45"",""trade_id"":""8f7e1da4-489f-65a4-de13-5c5458a54a2c"",""yes_price_dollars"":""0.5500""}"
KXBTC15M-26APR280445-45,f35e45d8-f599-6248-e0ce-11a806d7d234,1777365028,0.54,209.47,no,"{""count_fp"":""209.47"",""created_time"":""2026-04-28T08:30:28.138113Z"",""no_price_dollars"":""0.4600"",""taker_side"":""no"",""ticker"":""KXBTC15M-26APR280445-45"",""trade_id"":""f35e45d8-f599-6248-e0ce-11a806d7d234"",""yes_price_dollars"":""0.5400""}"
KXBTC15M-26APR280445-45,6fbb5e3e-ffbe-6cf4-ffea-168f4d0478e8,1777365029,0.55,1.23,yes,"{""count_fp"":""1.23"",""created_time"":""2026-04-28T08:30:29.847695Z"",""no_price_dollars"":""0.4500"",""taker_side"":""yes"",""ticker"":""KXBTC15M-26APR280445-45"",""trade_id"":""6fbb5e3e-ffbe-6cf4-ffea-168f4d0478e8"",""yes_price_dollars"":""0.5500""}"
KXBTC15M-26APR280445-45,d70e0326-6039-498e-e523-3d67af26f4a2,1777365030,0.54,2.09,no,"{""count_fp"":""2.09"",""created_time"":""2026-04-28T08:30:30.109041Z"",""no_price_dollars"":""0.4600"",""taker_side"":""no"",""ticker"":""KXBTC15M-26APR280445-45"",""trade_id"":""d70e0326-6039-498e-e523-3d67af26f4a2"",""yes_price_dollars"":""0.5400""}"
KXBTC15M-26APR280445-45,058a10bb-12fe-5d88-4261-4af35b7b7eb3,1777365031,0.55,1.57,no,"{""count_fp"":""1.57"",""created_time"":""2026-04-28T08:30:31.801225Z"",""no_price_dollars"":""0.4500"",""taker_side"":""no"",""ticker"":""KXBTC15M-26APR280445-45"",""trade_id"":""058a10bb-12fe-5d88-4261-4af35b7b7eb3"",""yes_price_dollars"":""0.5500""}"
KXBTC15M-26APR280445-45,aba041ee-765d-64ff-41a9-023a89238490,1777365031,0.55,48.25,yes,"{""count_fp"":""48.25"",""created_time"":""2026-04-28T08:30:31.492177Z"",""no_price_dollars"":""0.4500"",""taker_side"":""yes"",""ticker"":""KXBTC15M-26APR280445-45"",""trade_id"":""aba041ee-765d-64ff-41a9-023a89238490"",""yes_price_dollars"":""0.5500""}"
KXBTC15M-26APR280445-45,e25ce31d-2327-6e4a-61c3-9873b080bf50,1777365031,0.55,3.0,yes,"{""count_fp"":""3.00"",""created_time"":""2026-04-28T08:30:31.488459Z"",""no_price_dollars"":""0.4500"",""taker_side"":""yes"",""ticker"":""KXBTC15M-26APR280445-45"",""trade_id"":""e25ce31d-2327-6e4a-61c3-9873b080bf50"",""yes_price_dollars"":""0.5500""}"
KXBTC15M-26APR280445-45,853fca3a-cf65-6a63-49f1-cecc1b70e2a8,1777365031,0.55,34.74,yes,"{""count_fp"":""34.74"",""created_time"":""2026-04-28T08:30:31.488459Z"",""no_price_dollars"":""0.4500"",""taker_side"":""yes"",""ticker"":""KXBTC15M-26APR280445-45"",""trade_id"":""853fca3a-cf65-6a63-49f1-cecc1b70e2a8"",""yes_price_dollars"":""0.5500""}"
KXBTC15M-26APR280445-45,04c22655-9c4d-65a5-7b1f-cb06a686119a,1777365031,0.55,5.09,yes,"{""count_fp"":""5.09"",""created_time"":""2026-04-28T08:30:31.488459Z"",""no_price_dollars"":""0.4500"",""taker_side"":""yes"",""ticker"":""KXBTC15M-26APR280445-45"",""trade_id"":""04c22655-9c4d-65a5-7b1f-cb06a686119a"",""yes_price_dollars"":""0.5500""}"
KXBTC15M-26APR280445-45,39e9860d-5a99-53c6-e6ff-48c2f6c1fa76,1777365031,0.54,13.0,no,"{""count_fp"":""13.00"",""created_time"":""2026-04-28T08:30:31.485587Z"",""no_price_dollars"":""0.4600"",""taker_side"":""no"",""ticker"":""KXBTC15M-26APR280445-45"",""trade_id"":""39e9860d-5a99-53c6-e6ff-48c2f6c1fa76"",""yes_price_dollars"":""0.5400""}"
KXBTC15M-26APR280445-45,9d5a8caa-3332-7aa4-a1c0-bea7f76aefb0,1777365031,0.55,23.84,yes,"{""count_fp"":""23.84"",""created_time"":""2026-04-28T08:30:31.477689Z"",""no_price_dollars"":""0.4500"",""taker_side"":""yes"",""ticker"":""KXBTC15M-26APR280445-45"",""trade_id"":""9d5a8caa-3332-7aa4-a1c0-bea7f76aefb0"",""yes_price_dollars"":""0.5500""}"
KXBTC15M-26APR280445-45,66556487-61d5-7b45-b206-3d0ed3a0c3a6,1777365031,0.55,24.91,yes,"{""count_fp"":""24.91"",""created_time"":""2026-04-28T08:30:31.477689Z"",""no_price_dollars"":""0.4500"",""taker_side"":""yes"",""ticker"":""KXBTC15M-26APR280445-45"",""trade_id"":""66556487-61d5-7b45-b206-3d0ed3a0c3a6"",""yes_price_dollars"":""0.5500""}"
KXBTC15M-26APR280445-45,64f0233a-e812-5e78-567f-d52b8472bb08,1777365031,0.55,23.93,yes,"{""count_fp"":""23.93"",""created_time"":""2026-04-28T08:30:31.476284Z"",""no_price_dollars"":""0.4500"",""taker_side"":""yes"",""ticker"":""KXBTC15M-26APR280445-45"",""trade_id"":""64f0233a-e812-5e78-567f-d52b8472bb08"",""yes_price_dollars"":""0.5500""}"
KXBTC15M-26APR280445-45,ffbeab32-f32a-6fcc-704a-86332624dad7,1777365032,0.55,1.78,no,"{""count_fp"":""1.78"",""created_time"":""2026-04-28T08:30:32.971009Z"",""no_price_dollars"":""0.4500"",""taker_side"":""no"",""ticker"":""KXBTC15M-26APR280445-45"",""trade_id"":""ffbeab32-f32a-6fcc-704a-86332624dad7"",""yes_price_dollars"":""0.5500""}"
KXBTC15M-26APR280445-45,363939c5-3967-7656-2d8d-6a9074129977,1777365032,0.56,3.98,yes,"{""count_fp"":""3.98"",""created_time"":""2026-04-28T08:30:32.945097Z"",""no_price_dollars"":""0.4400"",""taker_side"":""yes"",""ticker"":""KXBTC15M-26APR280445-45"",""trade_id"":""363939c5-3967-7656-2d8d-6a9074129977"",""yes_price_dollars"":""0.5600""}"
KXBTC15M-26APR280445-45,d9841338-b106-5328-ab77-defe6d959b93,1777365032,0.55,1.67,no,"{""count_fp"":""1.67"",""created_time"":""2026-04-28T08:30:32.882233Z"",""no_price_dollars"":""0.4500"",""taker_side"":""no"",""ticker"":""KXBTC15M-26APR280445-45"",""trade_id"":""d9841338-b106-5328-ab77-defe6d959b93"",""yes_price_dollars"":""0.5500""}"
KXBTC15M-26APR280445-45,3f05aeaa-0ed1-5bde-3627-238ecf109bae,1777365032,0.56,3.85,yes,"{""count_fp"":""3.85"",""created_time"":""2026-04-28T08:30:32.765226Z"",""no_price_dollars"":""0.4400"",""taker_side"":""yes"",""ticker"":""KXBTC15M-26APR280445-45"",""trade_id"":""3f05aeaa-0ed1-5bde-3627-238ecf109bae"",""yes_price_dollars"":""0.5600""}"
KXBTC15M-26APR280445-45,286d2b16-f273-5272-0d8d-1c8f5e2834a7,1777365032,0.56,39.32,yes,"{""count_fp"":""39.32"",""created_time"":""2026-04-28T08:30:32.765226Z"",""no_price_dollars"":""0.4400"",""taker_side"":""yes"",""ticker"":""KXBTC15M-26APR280445-45"",""trade_id"":""286d2b16-f273-5272-0d8d-1c8f5e2834a7"",""yes_price_dollars"":""0.5600""}"
KXBTC15M-26APR280445-45,35a94fb7-1692-4e50-930f-00e083d17ddb,1777365033,0.55,7.27,no,"{""count_fp"":""7.27"",""created_time"":""2026-04-28T08:30:33.761633Z"",""no_price_dollars"":""0.4500"",""taker_side"":""no"",""ticker"":""KXBTC15M-26APR280445-45"",""trade_id"":""35a94fb7-1692-4e50-930f-00e083d17ddb"",""yes_price_dollars"":""0.5500""}"
KXBTC15M-26APR280445-45,517490a2-9fa7-5fe6-40f9-d0b86cd1afcb,1777365033,0.56,55.27,yes,"{""count_fp"":""55.27"",""created_time"":""2026-04-28T08:30:33.597303Z"",""no_price_dollars"":""0.4400"",""taker_side"":""yes"",""ticker"":""KXBTC15M-26APR280445-45"",""trade_id"":""517490a2-9fa7-5fe6-40f9-d0b86cd1afcb"",""yes_price_dollars"":""0.5600""}"
KXBTC15M-26APR280445-45,9a7e5239-1f6e-629c-b10b-a6e503281eef,1777365033,0.55,0.83,no,"{""count_fp"":""0.83"",""created_time"":""2026-04-28T08:30:33.322898Z"",""no_price_dollars"":""0.4500"",""taker_side"":""no"",""ticker"":""KXBTC15M-26APR280445-45"",""trade_id"":""9a7e5239-1f6e-629c-b10b-a6e503281eef"",""yes_price_dollars"":""0.5500""}"
KXBTC15M-26APR280445-45,807a72af-c073-7aba-b474-96214f593547,1777365033,0.56,30.25,yes,"{""count_fp"":""30.25"",""created_time"":""2026-04-28T08:30:33.274305Z"",""no_price_dollars"":""0.4400"",""taker_side"":""yes"",""ticker"":""KXBTC15M-26APR280445-45"",""trade_id"":""807a72af-c073-7aba-b474-96214f593547"",""yes_price_dollars"":""0.5600""}"
KXBTC15M-26APR280445-45,4861d31b-375a-6d70-5d94-76de7ecf3a3b,1777365033,0.55,2.0,no,"{""count_fp"":""2.00"",""created_time"":""2026-04-28T08:30:33.158686Z"",""no_price_dollars"":""0.4500"",""taker_side"":""no"",""ticker"":""KXBTC15M-26APR280445-45"",""trade_id"":""4861d31b-375a-6d70-5d94-76de7ecf3a3b"",""yes_price_dollars"":""0.5500""}"
KXBTC15M-26APR280445-45,716471a2-7ec7-64f9-72d1-d78d2b1cff1f,1777365034,0.55,4.0,no,"{""count_fp"":""4.00"",""created_time"":""2026-04-28T08:30:34.933248Z"",""no_price_dollars"":""0.4500"",""taker_side"":""no"",""ticker"":""KXBTC15M-26APR280445-45"",""trade_id"":""716471a2-7ec7-64f9-72d1-d78d2b1cff1f"",""yes_price_dollars"":""0.5500""}"
KXBTC15M-26APR280445-45,edd05e96-feaf-6740-da0b-14f7877e2796,1777365034,0.56,1.0,yes,"{""count_fp"":""1.00"",""created_time"":""2026-04-28T08:30:34.348605Z"",""no_price_dollars"":""0.4400"",""taker_side"":""yes"",""ticker"":""KXBTC15M-26APR280445-45"",""trade_id"":""edd05e96-feaf-6740-da0b-14f7877e2796"",""yes_price_dollars"":""0.5600""}"
KXBTC15M-26APR280445-45,7eb2fe61-ae6b-603a-e021-935a7adebfdf,1777365034,0.56,70.18,yes,"{""count_fp"":""70.18"",""created_time"":""2026-04-28T08:30:34.348605Z"",""no_price_dollars"":""0.4400"",""taker_side"":""yes"",""ticker"":""KXBTC15M-26APR280445-45"",""trade_id"":""7eb2fe61-ae6b-603a-e021-935a7adebfdf"",""yes_price_dollars"":""0.5600""}"
KXBTC15M-26APR280445-45,517133fa-2ad9-6bc0-c7bb-9b6d4e21550b,1777365034,0.56,15.43,yes,"{""count_fp"":""15.43"",""created_time"":""2026-04-28T08:30:34.348605Z"",""no_price_dollars"":""0.4400"",""taker_side"":""yes"",""ticker"":""KXBTC15M-26APR280445-45"",""trade_id"":""517133fa-2ad9-6bc0-c7bb-9b6d4e21550b"",""yes_price_dollars"":""0.5600""}"
KXBTC15M-26APR280445-45,ed2e4f64-c68b-74c2-cbc1-69fbd3efa6cf,1777365034,0.56,1.0,yes,"{""count_fp"":""1.00"",""created_time"":""2026-04-28T08:30:34.219778Z"",""no_price_dollars"":""0.4400"",""taker_side"":""yes"",""ticker"":""KXBTC15M-26APR280445-45"",""trade_id"":""ed2e4f64-c68b-74c2-cbc1-69fbd3efa6cf"",""yes_price_dollars"":""0.5600""}"
KXBTC15M-26APR280445-45,5d5d999b-2d17-5ff1-3c48-deb996d54b0f,1777365034,0.55,23.38,no,"{""count_fp"":""23.38"",""created_time"":""2026-04-28T08:30:34.020417Z"",""no_price_dollars"":""0.4500"",""taker_side"":""no"",""ticker"":""KXBTC15M-26APR280445-45"",""trade_id"":""5d5d999b-2d17-5ff1-3c48-deb996d54b0f"",""yes_price_dollars"":""0.5500""}"
KXBTC15M-26APR280445-45,35060a63-f684-7766-cef0-4c36ad370fad,1777365035,0.57,1.66,yes,"{""count_fp"":""1.66"",""created_time"":""2026-04-28T08:30:35.869988Z"",""no_price_dollars"":""0.4300"",""taker_side"":""yes"",""ticker"":""KXBTC15M-26APR280445-45"",""trade_id"":""35060a63-f684-7766-cef0-4c36ad370fad"",""yes_price_dollars"":""0.5700""}"
KXBTC15M-26APR280445-45,65a0f9ef-2ad6-7805-d2c4-735f65365fa1,1777365035,0.56,3.0,yes,"{""count_fp"":""3.00"",""created_time"":""2026-04-28T08:30:35.827814Z"",""no_price_dollars"":""0.4400"",""taker_side"":""yes"",""ticker"":""KXBTC15M-26APR280445-45"",""trade_id"":""65a0f9ef-2ad6-7805-d2c4-735f65365fa1"",""yes_price_dollars"":""0.5600""}"
KXBTC15M-26APR280445-45,03712dac-a090-7a3a-da6c-f2a5a4e360b7,1777365035,0.56,34.81,yes,"{""count_fp"":""34.81"",""created_time"":""2026-04-28T08:30:35.827814Z"",""no_price_dollars"":""0.4400"",""taker_side"":""yes"",""ticker"":""KXBTC15M-26APR280445-45"",""trade_id"":""03712dac-a090-7a3a-da6c-f2a5a4e360b7"",""yes_price_dollars"":""0.5600""}"
KXBTC15M-26APR280445-45,18e56017-9b50-7c66-1143-fe5a02115f3b,1777365035,0.56,5.0,yes,"{""count_fp"":""5.00"",""created_time"":""2026-04-28T08:30:35.542615Z"",""no_price_dollars"":""0.4400"",""taker_side"":""yes"",""ticker"":""KXBTC15M-26APR280445-45"",""trade_id"":""18e56017-9b50-7c66-1143-fe5a02115f3b"",""yes_price_dollars"":""0.5600""}"
KXBTC15M-26APR280445-45,63e495e1-8019-7b4d-1c85-97e082b6da16,1777365035,0.56,1.0,yes,"{""count_fp"":""1.00"",""created_time"":""2026-04-28T08:30:35.257427Z"",""no_price_dollars"":""0.4400"",""taker_side"":""yes"",""ticker"":""KXBTC15M-26APR280445-45"",""trade_id"":""63e495e1-8019-7b4d-1c85-97e082b6da16"",""yes_price_dollars"":""0.5600""}"
KXBTC15M-26APR280445-45,1ce5d88c-0db5-72dc-066c-a1ddef010f9b,1777365035,0.56,12.84,yes,"{""count_fp"":""12.84"",""created_time"":""2026-04-28T08:30:35.257427Z"",""no_price_dollars"":""0.4400"",""taker_side"":""yes"",""ticker"":""KXBTC15M-26APR280445-45"",""trade_id"":""1ce5d88c-0db5-72dc-066c-a1ddef010f9b"",""yes_price_dollars"":""0.5600""}"
KXBTC15M-26APR280445-45,14d7307d-ad04-73ce-204a-a235e52b64f3,1777365035,0.56,0.19,yes,"{""count_fp"":""0.19"",""created_time"":""2026-04-28T08:30:35.257427Z"",""no_price_dollars"":""0.4400"",""taker_side"":""yes"",""ticker"":""KXBTC15M-26APR280445-45"",""trade_id"":""14d7307d-ad04-73ce-204a-a235e52b64f3"",""yes_price_dollars"":""0.5600""}"
KXBTC15M-26APR280445-45,0b03b615-9e05-6008-51d2-600e6b3bba3f,1777365035,0.56,1.73,yes,"{""count_fp"":""1.73"",""created_time"":""2026-04-28T08:30:35.219168Z"",""no_price_dollars"":""0.4400"",""taker_side"":""yes"",""ticker"":""KXBTC15M-26APR280445-45"",""trade_id"":""0b03b615-9e05-6008-51d2-600e6b3bba3f"",""yes_price_dollars"":""0.5600""}"
KXBTC15M-26APR280445-45,c7669241-2ebe-6f60-10a3-a4b1d681f1c8,1777365036,0.55,1.0,no,"{""count_fp"":""1.00"",""created_time"":""2026-04-28T08:30:36.806446Z"",""no_price_dollars"":""0.4500"",""taker_side"":""no"",""ticker"":""KXBTC15M-26APR280445-45"",""trade_id"":""c7669241-2ebe-6f60-10a3-a4b1d681f1c8"",""yes_price_dollars"":""0.5500""}"
KXBTC15M-26APR280445-45,39df6720-80b3-6349-01cc-9b355762359f,1777365036,0.55,1.23,no,"{""count_fp"":""1.23"",""created_time"":""2026-04-28T08:30:36.806446Z"",""no_price_dollars"":""0.4500"",""taker_side"":""no"",""ticker"":""KXBTC15M-26APR280445-45"",""trade_id"":""39df6720-80b3-6349-01cc-9b355762359f"",""yes_price_dollars"":""0.5500""}"
KXBTC15M-26APR280445-45,326ae3f0-fdeb-6044-3653-2ed44b8aaa49,1777365036,0.55,1.0,no,"{""count_fp"":""1.00"",""created_time"":""2026-04-28T08:30:36.806446Z"",""no_price_dollars"":""0.4500"",""taker_side"":""no"",""ticker"":""KXBTC15M-26APR280445-45"",""trade_id"":""326ae3f0-fdeb-6044-3653-2ed44b8aaa49"",""yes_price_dollars"":""0.5500""}"
KXBTC15M-26APR280445-45,03d0e7ca-70e4-6380-2709-2bcb3abe1534,1777365036,0.55,18.16,no,"{""count_fp"":""18.16"",""created_time"":""2026-04-28T08:30:36.806446Z"",""no_price_dollars"":""0.4500"",""taker_side"":""no"",""ticker"":""KXBTC15M-26APR280445-45"",""trade_id"":""03d0e7ca-70e4-6380-2709-2bcb3abe1534"",""yes_price_dollars"":""0.5500""}"
KXBTC15M-26APR280445-45,46577b71-2f9c-608e-3d88-5aebf5ad151f,1777365036,0.56,36.37,yes,"{""count_fp"":""36.37"",""created_time"":""2026-04-28T08:30:36.774806Z"",""no_price_dollars"":""0.4400"",""taker_side"":""yes"",""ticker"":""KXBTC15M-26APR280445-45"",""trade_id"":""46577b71-2f9c-608e-3d88-5aebf5ad151f"",""yes_price_dollars"":""0.5600""}"
KXBTC15M-26APR280445-45,cdd09263-c573-478d-4fdf-fd751934b8a3,1777365036,0.55,21.39,no,"{""count_fp"":""21.39"",""created_time"":""2026-04-28T08:30:36.219371Z"",""no_price_dollars"":""0.4500"",""taker_side"":""no"",""ticker"":""KXBTC15M-26APR280445-45"",""trade_id"":""cdd09263-c573-478d-4fdf-fd751934b8a3"",""yes_price_dollars"":""0.5500""}"
KXBTC15M-26APR280445-45,e6925e52-71bc-427b-e3ad-8828383d658d,1777365036,0.56,1.0,no,"{""count_fp"":""1.00"",""created_time"":""2026-04-28T08:30:36.053503Z"",""no_price_dollars"":""0.4400"",""taker_side"":""no"",""ticker"":""KXBTC15M-26APR280445-45"",""trade_id"":""e6925e52-71bc-427b-e3ad-8828383d658d"",""yes_price_dollars"":""0.5600""}"
KXBTC15M-26APR280445-45,e08637c4-7061-44a6-c175-88c1fca747ce,1777365036,0.56,500.0,no,"{""count_fp"":""500.00"",""created_time"":""2026-04-28T08:30:36.053503Z"",""no_price_dollars"":""0.4400"",""taker_side"":""no"",""ticker"":""KXBTC15M-26APR280445-45"",""trade_id"":""e08637c4-7061-44a6-c175-88c1fca747ce"",""yes_price_dollars"":""0.5600""}"
KXBTC15M-26APR280445-45,75dfb503-a5c7-4ac9-c6a2-e1454ae77c96,1777365036,0.56,10.0,no,"{""count_fp"":""10.00"",""created_time"":""2026-04-28T08:30:36.053503Z"",""no_price_dollars"":""0.4400"",""taker_side"":""no"",""ticker"":""KXBTC15M-26APR280445-45"",""trade_id"":""75dfb503-a5c7-4ac9-c6a2-e1454ae77c96"",""yes_price_dollars"":""0.5600""}"
KXBTC15M-26APR280445-45,17612df7-18d2-4746-c63c-6e52edb0e1f8,1777365036,0.56,6.19,no,"{""count_fp"":""6.19"",""created_time"":""2026-04-28T08:30:36.053503Z"",""no_price_dollars"":""0.4400"",""taker_side"":""no"",""ticker"":""KXBTC15M-26APR280445-45"",""trade_id"":""17612df7-18d2-4746-c63c-6e52edb0e1f8"",""yes_price_dollars"":""0.5600""}"
KXBTC15M-26APR280445-45,171302c9-63a0-7fb4-e95b-c1347baaaa70,1777365037,0.55,17.11,no,"{""count_fp"":""17.11"",""created_time"":""2026-04-28T08:30:37.281298Z"",""no_price_dollars"":""0.4500"",""taker_side"":""no"",""ticker"":""KXBTC15M-26APR280445-45"",""trade_id"":""171302c9-63a0-7fb4-e95b-c1347baaaa70"",""yes_price_dollars"":""0.5500""}"
KXBTC15M-26APR280445-45,f7eaf191-be6c-7462-df21-e8c00cda18eb,1777365038,0.56,9.77,yes,"{""count_fp"":""9.77"",""created_time"":""2026-04-28T08:30:38.956888Z"",""no_price_dollars"":""0.4400"",""taker_side"":""yes"",""ticker"":""KXBTC15M-26APR280445-45"",""trade_id"":""f7eaf191-be6c-7462-df21-e8c00cda18eb"",""yes_price_dollars"":""0.5600""}"
KXBTC15M-26APR280445-45,dd144da6-b970-6bd2-e275-2bc4c5928dff,1777365038,0.56,28.0,yes,"{""count_fp"":""28.00"",""created_time"":""2026-04-28T08:30:38.828133Z"",""no_price_dollars"":""0.4400"",""taker_side"":""yes"",""ticker"":""KXBTC15M-26APR280445-45"",""trade_id"":""dd144da6-b970-6bd2-e275-2bc4c5928dff"",""yes_price_dollars"":""0.5600""}"
KXBTC15M-26APR280445-45,cb609d35-cafd-5ee6-7a31-6dd5c5ca9777,1777365039,0.56,10.68,no,"{""count_fp"":""10.68"",""created_time"":""2026-04-28T08:30:39.732136Z"",""no_price_dollars"":""0.4400"",""taker_side"":""no"",""ticker"":""KXBTC15M-26APR280445-45"",""trade_id"":""cb609d35-cafd-5ee6-7a31-6dd5c5ca9777"",""yes_price_dollars"":""0.5600""}"
KXBTC15M-26APR280445-45,ab020da4-66e9-5a2a-89cf-3525eea6d2e3,1777365039,0.56,10.69,no,"{""count_fp"":""10.69"",""created_time"":""2026-04-28T08:30:39.643305Z"",""no_price_dollars"":""0.4400"",""taker_side"":""no"",""ticker"":""KXBTC15M-26APR280445-45"",""trade_id"":""ab020da4-66e9-5a2a-89cf-3525eea6d2e3"",""yes_price_dollars"":""0.5600""}"
KXBTC15M-26APR280445-45,0f52cca3-0892-6942-f9b1-bf8b28e1c6b3,1777365039,0.57,49.94,yes,"{""count_fp"":""49.94"",""created_time"":""2026-04-28T08:30:39.423901Z"",""no_price_dollars"":""0.4300"",""taker_side"":""yes"",""ticker"":""KXBTC15M-26APR280445-45"",""trade_id"":""0f52cca3-0892-6942-f9b1-bf8b28e1c6b3"",""yes_price_dollars"":""0.5700""}"
KXBTC15M-26APR280445-45,e3f2cb8a-d70e-516e-66ee-016200ee0487,1777365039,0.57,4.11,yes,"{""count_fp"":""4.11"",""created_time"":""2026-04-28T08:30:39.416862Z"",""no_price_dollars"":""0.4300"",""taker_side"":""yes"",""ticker"":""KXBTC15M-26APR280445-45"",""trade_id"":""e3f2cb8a-d70e-516e-66ee-016200ee0487"",""yes_price_dollars"":""0.5700""}"
KXBTC15M-26APR280445-45,b270d5e0-4832-5597-73e8-c4fd4c46401a,1777365039,0.57,3.0,yes,"{""count_fp"":""3.00"",""created_time"":""2026-04-28T08:30:39.416862Z"",""no_price_dollars"":""0.4300"",""taker_side"":""yes"",""ticker"":""KXBTC15M-26APR280445-45"",""trade_id"":""b270d5e0-4832-5597-73e8-c4fd4c46401a"",""yes_price_dollars"":""0.5700""}"
KXBTC15M-26APR280445-45,708998c8-e278-58cb-624c-9686b7a6a567,1777365039,0.57,2.0,yes,"{""count_fp"":""2.00"",""created_time"":""2026-04-28T08:30:39.416862Z"",""no_price_dollars"":""0.4300"",""taker_side"":""yes"",""ticker"":""KXBTC15M-26APR280445-45"",""trade_id"":""708998c8-e278-58cb-624c-9686b7a6a567"",""yes_price_dollars"":""0.5700""}"
KXBTC15M-26APR280445-45,58a4d63b-a1f2-52ea-64c4-b3303179f399,1777365039,0.57,10.0,yes,"{""count_fp"":""10.00"",""created_time"":""2026-04-28T08:30:39.416862Z"",""no_price_dollars"":""0.4300"",""taker_side"":""yes"",""ticker"":""KXBTC15M-26APR280445-45"",""trade_id"":""58a4d63b-a1f2-52ea-64c4-b3303179f399"",""yes_price_dollars"":""0.5700""}"
KXBTC15M-26APR280445-45,0954e0b1-0948-5be2-6bda-22256cbfc9c1,1777365039,0.57,30.34,yes,"{""count_fp"":""30.34"",""created_time"":""2026-04-28T08:30:39.416862Z"",""no_price_dollars"":""0.4300"",""taker_side"":""yes"",""ticker"":""KXBTC15M-26APR280445-45"",""trade_id"":""0954e0b1-0948-5be2-6bda-22256cbfc9c1"",""yes_price_dollars"":""0.5700""}"
KXBTC15M-26APR280445-45,8d029afe-38f2-6f66-741c-9783cfd7c4b7,1777365039,0.55,13.49,no,"{""count_fp"":""13.49"",""created_time"":""2026-04-28T08:30:39.409452Z"",""no_price_dollars"":""0.4500"",""taker_side"":""no"",""ticker"":""KXBTC15M-26APR280445-45"",""trade_id"":""8d029afe-38f2-6f66-741c-9783cfd7c4b7"",""yes_price_dollars"":""0.5500""}"
KXBTC15M-26APR280445-45,4bc0ed43-f1b4-6205-795e-c08e3b705994,1777365039,0.56,40.0,no,"{""count_fp"":""40.00"",""created_time"":""2026-04-28T08:30:39.409452Z"",""no_price_dollars"":""0.4400"",""taker_side"":""no"",""ticker"":""KXBTC15M-26APR280445-45"",""trade_id"":""4bc0ed43-f1b4-6205-795e-c08e3b705994"",""yes_price_dollars"":""0.5600""}"
KXBTC15M-26APR280445-45,9827cd8b-71ae-639f-f4c0-50c1ad6523d0,1777365039,0.56,0.27,yes,"{""count_fp"":""0.27"",""created_time"":""2026-04-28T08:30:39.386177Z"",""no_price_dollars"":""0.4400"",""taker_side"":""yes"",""ticker"":""KXBTC15M-26APR280445-45"",""trade_id"":""9827cd8b-71ae-639f-f4c0-50c1ad6523d0"",""yes_price_dollars"":""0.5600""}"
KXBTC15M-26APR280445-45,edbc979d-3f20-7e99-f4c7-57e8ce3f8457,1777365039,0.56,100.0,yes,"{""count_fp"":""100.00"",""created_time"":""2026-04-28T08:30:39.386114Z"",""no_price_dollars"":""0.4400"",""taker_side"":""yes"",""ticker"":""KXBTC15M-26APR280445-45"",""trade_id"":""edbc979d-3f20-7e99-f4c7-57e8ce3f8457"",""yes_price_dollars"":""0.5600""}"
KXBTC15M-26APR280445-45,a44b09cc-2431-7f8e-f430-d4631153c106,1777365039,0.56,40.0,yes,"{""count_fp"":""40.00"",""created_time"":""2026-04-28T08:30:39.386114Z"",""no_price_dollars"":""0.4400"",""taker_side"":""yes"",""ticker"":""KXBTC15M-26APR280445-45"",""trade_id"":""a44b09cc-2431-7f8e-f430-d4631153c106"",""yes_price_dollars"":""0.5600""}"
KXBTC15M-26APR280445-45,6d251c39-45d6-7c63-c7d9-cb6bd15e8f90,1777365039,0.56,49.73,yes,"{""count_fp"":""49.73"",""created_time"":""2026-04-28T08:30:39.386114Z"",""no_price_dollars"":""0.4400"",""taker_side"":""yes"",""ticker"":""KXBTC15M-26APR280445-45"",""trade_id"":""6d251c39-45d6-7c63-c7d9-cb6bd15e8f90"",""yes_price_dollars"":""0.5600""}"
KXBTC15M-26APR280445-45,395892aa-7288-7926-f12a-2b19e31a3f17,1777365039,0.56,268.27,yes,"{""count_fp"":""268.27"",""created_time"":""2026-04-28T08:30:39.386114Z"",""no_price_dollars"":""0.4400"",""taker_side"":""yes"",""ticker"":""KXBTC15M-26APR280445-45"",""trade_id"":""395892aa-7288-7926-f12a-2b19e31a3f17"",""yes_price_dollars"":""0.5600""}"
KXBTC15M-26APR280445-45,32184b17-8809-7bf1-ee46-6f1678846488,1777365039,0.56,10.0,yes,"{""count_fp"":""10.00"",""created_time"":""2026-04-28T08:30:39.386114Z"",""no_price_dollars"":""0.4400"",""taker_side"":""yes"",""ticker"":""KXBTC15M-26APR280445-45"",""trade_id"":""32184b17-8809-7bf1-ee46-6f1678846488"",""yes_price_dollars"":""0.5600""}"
KXBTC15M-26APR280445-45,260427e1-770b-7cb0-d810-11425931375e,1777365039,0.56,30.0,yes,"{""count_fp"":""30.00"",""created_time"":""2026-04-28T08:30:39.386114Z"",""no_price_dollars"":""0.4400"",""taker_side"":""yes"",""ticker"":""KXBTC15M-26APR280445-45"",""trade_id"":""260427e1-770b-7cb0-d810-11425931375e"",""yes_price_dollars"":""0.5600""}"
KXBTC15M-26APR280445-45,7cf76934-1cc1-4fce-f245-b3dcbcdc5b3f,1777365040,0.56,4.37,no,"{""count_fp"":""4.37"",""created_time"":""2026-04-28T08:30:40.076208Z"",""no_price_dollars"":""0.4400"",""taker_side"":""no"",""ticker"":""KXBTC15M-26APR280445-45"",""trade_id"":""7cf76934-1cc1-4fce-f245-b3dcbcdc5b3f"",""yes_price_dollars"":""0.5600""}"
KXBTC15M-26APR280445-45,2fbe00b3-e7e2-61f6-f43c-e5a7e3ef061b,1777365041,0.57,34.05,yes,"{""count_fp"":""34.05"",""created_time"":""2026-04-28T08:30:41.317398Z"",""no_price_dollars"":""0.4300"",""taker_side"":""yes"",""ticker"":""KXBTC15M-26APR280445-45"",""trade_id"":""2fbe00b3-e7e2-61f6-f43c-e5a7e3ef061b"",""yes_price_dollars"":""0.5700""}"
KXBTC15M-26APR280445-45,633dd7da-8e2a-4e16-c9af-c0eaa6582d83,1777365041,0.57,22.8,yes,"{""count_fp"":""22.80"",""created_time"":""2026-04-28T08:30:41.314584Z"",""no_price_dollars"":""0.4300"",""taker_side"":""yes"",""ticker"":""KXBTC15M-26APR280445-45"",""trade_id"":""633dd7da-8e2a-4e16-c9af-c0eaa6582d83"",""yes_price_dollars"":""0.5700""}"
KXBTC15M-26APR280445-45,9d7c1c4c-d7fa-73fa-433f-1abb05783ee7,1777365042,0.57,23.21,yes,"{""count_fp"":""23.21"",""created_time"":""2026-04-28T08:30:42.532268Z"",""no_price_dollars"":""0.4300"",""taker_side"":""yes"",""ticker"":""KXBTC15M-26APR280445-45"",""trade_id"":""9d7c1c4c-d7fa-73fa-433f-1abb05783ee7"",""yes_price_dollars"":""0.5700""}"
KXBTC15M-26APR280445-45,98c2c82b-6255-76be-2abd-b0c2f5682223,1777365043,0.56,10.93,no,"{""count_fp"":""10.93"",""created_time"":""2026-04-28T08:30:43.809901Z"",""no_price_dollars"":""0.4400"",""taker_side"":""no"",""ticker"":""KXBTC15M-26APR280445-45"",""trade_id"":""98c2c82b-6255-76be-2abd-b0c2f5682223"",""yes_price_dollars"":""0.5600""}"
KXBTC15M-26APR280445-45,84b5ebb2-feb6-5a7e-ce33-6544967123cb,1777365044,0.58,3.0,yes,"{""count_fp"":""3.00"",""created_time"":""2026-04-28T08:30:44.608323Z"",""no_price_dollars"":""0.4200"",""taker_side"":""yes"",""ticker"":""KXBTC15M-26APR280445-45"",""trade_id"":""84b5ebb2-feb6-5a7e-ce33-6544967123cb"",""yes_price_dollars"":""0.5800""}"
KXBTC15M-26APR280445-45,822b43a9-68aa-532d-ece9-239de69d4e54,1777365044,0.58,1.0,yes,"{""count_fp"":""1.00"",""created_time"":""2026-04-28T08:30:44.608323Z"",""no_price_dollars"":""0.4200"",""taker_side"":""yes"",""ticker"":""KXBTC15M-26APR280445-45"",""trade_id"":""822b43a9-68aa-532d-ece9-239de69d4e54"",""yes_price_dollars"":""0.5800""}"
KXBTC15M-26APR280445-45,44c8bc24-d308-53c1-efbc-ec529c400e37,1777365044,0.59,11.34,yes,"{""count_fp"":""11.34"",""created_time"":""2026-04-28T08:30:44.608323Z"",""no_price_dollars"":""0.4100"",""taker_side"":""yes"",""ticker"":""KXBTC15M-26APR280445-45"",""trade_id"":""44c8bc24-d308-53c1-efbc-ec529c400e37"",""yes_price_dollars"":""0.5900""}"
KXBTC15M-26APR280445-45,0142cf29-25d4-50e6-c1c4-b09119452e57,1777365044,0.58,1.0,yes,"{""count_fp"":""1.00"",""created_time"":""2026-04-28T08:30:44.608323Z"",""no_price_dollars"":""0.4200"",""taker_side"":""yes"",""ticker"":""KXBTC15M-26APR280445-45"",""trade_id"":""0142cf29-25d4-50e6-c1c4-b09119452e57"",""yes_price_dollars"":""0.5800""}"
KXBTC15M-26APR280445-45,c71ee08c-c1ef-7f94-ead1-23065d388bad,1777365044,0.57,30.0,yes,"{""count_fp"":""30.00"",""created_time"":""2026-04-28T08:30:44.526239Z"",""no_price_dollars"":""0.4300"",""taker_side"":""yes"",""ticker"":""KXBTC15M-26APR280445-45"",""trade_id"":""c71ee08c-c1ef-7f94-ead1-23065d388bad"",""yes_price_dollars"":""0.5700""}"
KXBTC15M-26APR280445-45,24663915-72e2-7512-c016-4a71708b35af,1777365044,0.57,640.88,yes,"{""count_fp"":""640.88"",""created_time"":""2026-04-28T08:30:44.526239Z"",""no_price_dollars"":""0.4300"",""taker_side"":""yes"",""ticker"":""KXBTC15M-26APR280445-45"",""trade_id"":""24663915-72e2-7512-c016-4a71708b35af"",""yes_price_dollars"":""0.5700""}"
KXBTC15M-26APR280445-45,606b0d1b-b2fe-4f7e-b478-d1bdae7ee093,1777365044,0.57,8.0,yes,"{""count_fp"":""8.00"",""created_time"":""2026-04-28T08:30:44.514794Z"",""no_price_dollars"":""0.4300"",""taker_side"":""yes"",""ticker"":""KXBTC15M-26APR280445-45"",""trade_id"":""606b0d1b-b2fe-4f7e-b478-d1bdae7ee093"",""yes_price_dollars"":""0.5700""}"
KXBTC15M-26APR280445-45,a39717c1-abc8-7f2d-3998-83c493c2066b,1777365045,0.59,12.0,yes,"{""count_fp"":""12.00"",""created_time"":""2026-04-28T08:30:45.653064Z"",""no_price_dollars"":""0.4100"",""taker_side"":""yes"",""ticker"":""KXBTC15M-26APR280445-45"",""trade_id"":""a39717c1-abc8-7f2d-3998-83c493c2066b"",""yes_price_dollars"":""0.5900""}"
KXBTC15M-26APR280445-45,0e524253-040c-50ed-aff1-72f800ae68ab,1777365045,0.59,8.23,yes,"{""count_fp"":""8.23"",""created_time"":""2026-04-28T08:30:45.482381Z"",""no_price_dollars"":""0.4100"",""taker_side"":""yes"",""ticker"":""KXBTC15M-26APR280445-45"",""trade_id"":""0e524253-040c-50ed-aff1-72f800ae68ab"",""yes_price_dollars"":""0.5900""}"
KXBTC15M-26APR280445-45,7c9afeae-b250-59d9-c558-abb18e21ee0b,1777365045,0.59,1.66,yes,"{""count_fp"":""1.66"",""created_time"":""2026-04-28T08:30:45.264209Z"",""no_price_dollars"":""0.4100"",""taker_side"":""yes"",""ticker"":""KXBTC15M-26APR280445-45"",""trade_id"":""7c9afeae-b250-59d9-c558-abb18e21ee0b"",""yes_price_dollars"":""0.5900""}"
KXBTC15M-26APR280445-45,7f9736a9-6cba-5ae5-04cd-aaaa0f79741f,1777365046,0.56,23.45,no,"{""count_fp"":""23.45"",""created_time"":""2026-04-28T08:30:46.757985Z"",""no_price_dollars"":""0.4400"",""taker_side"":""no"",""ticker"":""KXBTC15M-26APR280445-45"",""trade_id"":""7f9736a9-6cba-5ae5-04cd-aaaa0f79741f"",""yes_price_dollars"":""0.5600""}"
KXBTC15M-26APR280445-45,e53310e3-0ed2-60b5-1625-d866c2542467,1777365046,0.56,48.03,no,"{""count_fp"":""48.03"",""created_time"":""2026-04-28T08:30:46.747075Z"",""no_price_dollars"":""0.4400"",""taker_side"":""no"",""ticker"":""KXBTC15M-26APR280445-45"",""trade_id"":""e53310e3-0ed2-60b5-1625-d866c2542467"",""yes_price_dollars"":""0.5600""}"
KXBTC15M-26APR280445-45,533d8b62-5f8e-6a6d-ba0b-9b7801e49f53,1777365046,0.56,22.23,no,"{""count_fp"":""22.23"",""created_time"":""2026-04-28T08:30:46.687019Z"",""no_price_dollars"":""0.4400"",""taker_side"":""no"",""ticker"":""KXBTC15M-26APR280445-45"",""trade_id"":""533d8b62-5f8e-6a6d-ba0b-9b7801e49f53"",""yes_price_dollars"":""0.5600""}"
KXBTC15M-26APR280445-45,fcab66dd-a563-4997-89e7-b7dd9414ba00,1777365046,0.57,73.14,yes,"{""count_fp"":""73.14"",""created_time"":""2026-04-28T08:30:46.685667Z"",""no_price_dollars"":""0.4300"",""taker_side"":""yes"",""ticker"":""KXBTC15M-26APR280445-45"",""trade_id"":""fcab66dd-a563-4997-89e7-b7dd9414ba00"",""yes_price_dollars"":""0.5700""}"
KXBTC15M-26APR280445-45,c6f4df0e-a7b0-40e0-b7b4-44d13d5ef2e7,1777365046,0.57,100.0,yes,"{""count_fp"":""100.00"",""created_time"":""2026-04-28T08:30:46.685667Z"",""no_price_dollars"":""0.4300"",""taker_side"":""yes"",""ticker"":""KXBTC15M-26APR280445-45"",""trade_id"":""c6f4df0e-a7b0-40e0-b7b4-44d13d5ef2e7"",""yes_price_dollars"":""0.5700""}"
KXBTC15M-26APR280445-45,a63eb451-d1c2-460a-9256-1fa017bb14e5,1777365046,0.57,10.0,yes,"{""count_fp"":""10.00"",""created_time"":""2026-04-28T08:30:46.685667Z"",""no_price_dollars"":""0.4300"",""taker_side"":""yes"",""ticker"":""KXBTC15M-26APR280445-45"",""trade_id"":""a63eb451-d1c2-460a-9256-1fa017bb14e5"",""yes_price_dollars"":""0.5700""}"
KXBTC15M-26APR280445-45,9247d682-cbc0-4c66-a44f-4a68a2675e9e,1777365046,0.57,24.0,yes,"{""count_fp"":""24.00"",""created_time"":""2026-04-28T08:30:46.685667Z"",""no_price_dollars"":""0.4300"",""taker_side"":""yes"",""ticker"":""KXBTC15M-26APR280445-45"",""trade_id"":""9247d682-cbc0-4c66-a44f-4a68a2675e9e"",""yes_price_dollars"":""0.5700""}"
KXBTC15M-26APR280445-45,7af6c94d-42c0-4b20-abed-524986657f6a,1777365046,0.57,40.0,yes,"{""count_fp"":""40.00"",""created_time"":""2026-04-28T08:30:46.685667Z"",""no_price_dollars"":""0.4300"",""taker_side"":""yes"",""ticker"":""KXBTC15M-26APR280445-45"",""trade_id"":""7af6c94d-42c0-4b20-abed-524986657f6a"",""yes_price_dollars"":""0.5700""}"
KXBTC15M-26APR280445-45,d8e21209-e60e-4529-5fe0-e863f59b7693,1777365046,0.56,42.73,no,"{""count_fp"":""42.73"",""created_time"":""2026-04-28T08:30:46.447875Z"",""no_price_dollars"":""0.4400"",""taker_side"":""no"",""ticker"":""KXBTC15M-26APR280445-45"",""trade_id"":""d8e21209-e60e-4529-5fe0-e863f59b7693"",""yes_price_dollars"":""0.5600""}"
KXBTC15M-26APR280445-45,1e74613e-1ab4-4dcc-7234-046adc1dbd44,1777365046,0.56,1.0,no,"{""count_fp"":""1.00"",""created_time"":""2026-04-28T08:30:46.447875Z"",""no_price_dollars"":""0.4400"",""taker_side"":""no"",""ticker"":""KXBTC15M-26APR280445-45"",""trade_id"":""1e74613e-1ab4-4dcc-7234-046adc1dbd44"",""yes_price_dollars"":""0.5600""}"
KXBTC15M-26APR280445-45,c4b3c203-a8f0-4e31-1f85-936c20534661,1777365046,0.58,1.0,no,"{""count_fp"":""1.00"",""created_time"":""2026-04-28T08:30:46.271494Z"",""no_price_dollars"":""0.4200"",""taker_side"":""no"",""ticker"":""KXBTC15M-26APR280445-45"",""trade_id"":""c4b3c203-a8f0-4e31-1f85-936c20534661"",""yes_price_dollars"":""0.5800""}"
KXBTC15M-26APR280445-45,b5c9bf9e-4f2b-48bc-354f-275fa1062399,1777365046,0.58,7.51,no,"{""count_fp"":""7.51"",""created_time"":""2026-04-28T08:30:46.271494Z"",""no_price_dollars"":""0.4200"",""taker_side"":""no"",""ticker"":""KXBTC15M-26APR280445-45"",""trade_id"":""b5c9bf9e-4f2b-48bc-354f-275fa1062399"",""yes_price_dollars"":""0.5800""}"
KXBTC15M-26APR280445-45,fad76674-9827-4170-dc62-75b66c2b7ca1,1777365046,0.58,2.49,no,"{""count_fp"":""2.49"",""created_time"":""2026-04-28T08:30:46.265947Z"",""no_price_dollars"":""0.4200"",""taker_side"":""no"",""ticker"":""KXBTC15M-26APR280445-45"",""trade_id"":""fad76674-9827-4170-dc62-75b66c2b7ca1"",""yes_price_dollars"":""0.5800""}"
KXBTC15M-26APR280445-45,bf349208-f10e-4b32-ec00-ea0a8676be77,1777365046,0.58,53.82,no,"{""count_fp"":""53.82"",""created_time"":""2026-04-28T08:30:46.265947Z"",""no_price_dollars"":""0.4200"",""taker_side"":""no"",""ticker"":""KXBTC15M-26APR280445-45"",""trade_id"":""bf349208-f10e-4b32-ec00-ea0a8676be77"",""yes_price_dollars"":""0.5800""}"
KXBTC15M-26APR280445-45,e0d1fa48-3132-5472-91ce-0b6251195633,1777365046,0.58,33.18,no,"{""count_fp"":""33.18"",""created_time"":""2026-04-28T08:30:46.261453Z"",""no_price_dollars"":""0.4200"",""taker_side"":""no"",""ticker"":""KXBTC15M-26APR280445-45"",""trade_id"":""e0d1fa48-3132-5472-91ce-0b6251195633"",""yes_price_dollars"":""0.5800""}"
KXBTC15M-26APR280445-45,f940bec3-3d56-7b6e-049d-dc4a912a1a0b,1777365046,0.58,413.0,no,"{""count_fp"":""413.00"",""created_time"":""2026-04-28T08:30:46.259589Z"",""no_price_dollars"":""0.4200"",""taker_side"":""no"",""ticker"":""KXBTC15M-26APR280445-45"",""trade_id"":""f940bec3-3d56-7b6e-049d-dc4a912a1a0b"",""yes_price_dollars"":""0.5800""}"
KXBTC15M-26APR280445-45,79c8896c-c310-7e3f-265b-1cc4ce69dd2c,1777365046,0.58,37.0,no,"{""count_fp"":""37.00"",""created_time"":""2026-04-28T08:30:46.259589Z"",""no_price_dollars"":""0.4200"",""taker_side"":""no"",""ticker"":""KXBTC15M-26APR280445-45"",""trade_id"":""79c8896c-c310-7e3f-265b-1cc4ce69dd2c"",""yes_price_dollars"":""0.5800""}"
KXBTC15M-26APR280445-45,f516bf59-d594-7464-bf79-d05ca6858324,1777365046,0.59,7.14,yes,"{""count_fp"":""7.14"",""created_time"":""2026-04-28T08:30:46.108294Z"",""no_price_dollars"":""0.4100"",""taker_side"":""yes"",""ticker"":""KXBTC15M-26APR280445-45"",""trade_id"":""f516bf59-d594-7464-bf79-d05ca6858324"",""yes_price_dollars"":""0.5900""}"
KXBTC15M-26APR280445-45,eba4feed-edc8-727c-a78e-3d6f7b15afe4,1777365046,0.59,5.0,yes,"{""count_fp"":""5.00"",""created_time"":""2026-04-28T08:30:46.108294Z"",""no_price_dollars"":""0.4100"",""taker_side"":""yes"",""ticker"":""KXBTC15M-26APR280445-45"",""trade_id"":""eba4feed-edc8-727c-a78e-3d6f7b15afe4"",""yes_price_dollars"":""0.5900""}"
KXBTC15M-26APR280445-45,e36804f2-2b24-7d68-a2d8-641733717894,1777365046,0.59,3.0,yes,"{""count_fp"":""3.00"",""created_time"":""2026-04-28T08:30:46.108294Z"",""no_price_dollars"":""0.4100"",""taker_side"":""yes"",""ticker"":""KXBTC15M-26APR280445-45"",""trade_id"":""e36804f2-2b24-7d68-a2d8-641733717894"",""yes_price_dollars"":""0.5900""}"
KXBTC15M-26APR280445-45,b80c499c-bcc3-7262-9c18-1b246bf0f266,1777365046,0.59,5.0,yes,"{""count_fp"":""5.00"",""created_time"":""2026-04-28T08:30:46.108294Z"",""no_price_dollars"":""0.4100"",""taker_side"":""yes"",""ticker"":""KXBTC15M-26APR280445-45"",""trade_id"":""b80c499c-bcc3-7262-9c18-1b246bf0f266"",""yes_price_dollars"":""0.5900""}"
KXBTC15M-26APR280445-45,aee01e53-045f-7f91-87b9-c11ff5d86443,1777365046,0.59,40.0,yes,"{""count_fp"":""40.00"",""created_time"":""2026-04-28T08:30:46.108294Z"",""no_price_dollars"":""0.4100"",""taker_side"":""yes"",""ticker"":""KXBTC15M-26APR280445-45"",""trade_id"":""aee01e53-045f-7f91-87b9-c11ff5d86443"",""yes_price_dollars"":""0.5900""}"
KXBTC15M-26APR280445-45,7b4e6053-a2c0-79d5-b2d9-dbb6ffa2f6a3,1777365046,0.59,85.77,yes,"{""count_fp"":""85.77"",""created_time"":""2026-04-28T08:30:46.108294Z"",""no_price_dollars"":""0.4100"",""taker_side"":""yes"",""ticker"":""KXBTC15M-26APR280445-45"",""trade_id"":""7b4e6053-a2c0-79d5-b2d9-dbb6ffa2f6a3"",""yes_price_dollars"":""0.5900""}"
