ticker,trade_id,ts,yes_price,count,taker_side,raw_json
KXBTC15M-26APR280830-30,eaa1d5b7-6e00-70ce-8dbe-38401f04a2d7,1777378500,0.5,1.0,yes,"{""count_fp"":""1.00"",""created_time"":""2026-04-28T12:15:00.946176Z"",""no_price_dollars"":""0.5000"",""taker_side"":""yes"",""ticker"":""KXBTC15M-26APR280830-30"",""trade_id"":""eaa1d5b7-6e00-70ce-8dbe-38401f04a2d7"",""yes_price_dollars"":""0.5000""}"
KXBTC15M-26APR280830-30,8b3fad0d-03b4-5e6d-e98f-0fa42cdf04dc,1777378500,0.44,1.0,yes,"{""count_fp"":""1.00"",""created_time"":""2026-04-28T12:15:00.113892Z"",""no_price_dollars"":""0.5600"",""taker_side"":""yes"",""ticker"":""KXBTC15M-26APR280830-30"",""trade_id"":""8b3fad0d-03b4-5e6d-e98f-0fa42cdf04dc"",""yes_price_dollars"":""0.4400""}"
KXBTC15M-26APR280830-30,ff58d3a0-1434-52f5-a543-a477078ff2c8,1777378500,0.44,1.0,yes,"{""count_fp"":""1.00"",""created_time"":""2026-04-28T12:15:00.112092Z"",""no_price_dollars"":""0.5600"",""taker_side"":""yes"",""ticker"":""KXBTC15M-26APR280830-30"",""trade_id"":""ff58d3a0-1434-52f5-a543-a477078ff2c8"",""yes_price_dollars"":""0.4400""}"
KXBTC15M-26APR280830-30,b73fc2f8-5898-6049-6144-8bc74335fef4,1777378500,0.44,1.0,yes,"{""count_fp"":""1.00"",""created_time"":""2026-04-28T12:15:00.110188Z"",""no_price_dollars"":""0.5600"",""taker_side"":""yes"",""ticker"":""KXBTC15M-26APR280830-30"",""trade_id"":""b73fc2f8-5898-6049-6144-8bc74335fef4"",""yes_price_dollars"":""0.4400""}"
KXBTC15M-26APR280830-30,141da7bc-dd2c-4d72-8649-aa21f8b2d687,1777378501,0.5,1.0,yes,"{""count_fp"":""1.00"",""created_time"":""2026-04-28T12:15:01.624467Z"",""no_price_dollars"":""0.5000"",""taker_side"":""yes"",""ticker"":""KXBTC15M-26APR280830-30"",""trade_id"":""141da7bc-dd2c-4d72-8649-aa21f8b2d687"",""yes_price_dollars"":""0.5000""}"
KXBTC15M-26APR280830-30,b7ec0709-b0cc-72fb-0fad-43f5fcdca2e2,1777378503,0.52,0.62,no,"{""count_fp"":""0.62"",""created_time"":""2026-04-28T12:15:03.911157Z"",""no_price_dollars"":""0.4800"",""taker_side"":""no"",""ticker"":""KXBTC15M-26APR280830-30"",""trade_id"":""b7ec0709-b0cc-72fb-0fad-43f5fcdca2e2"",""yes_price_dollars"":""0.5200""}"
KXBTC15M-26APR280830-30,908dc969-a4e4-5f53-69f0-2a9ae1852826,1777378503,0.52,5.91,no,"{""count_fp"":""5.91"",""created_time"":""2026-04-28T12:15:03.837359Z"",""no_price_dollars"":""0.4800"",""taker_side"":""no"",""ticker"":""KXBTC15M-26APR280830-30"",""trade_id"":""908dc969-a4e4-5f53-69f0-2a9ae1852826"",""yes_price_dollars"":""0.5200""}"
KXBTC15M-26APR280830-30,fbf41d5e-c746-56e5-5bb6-3627156f08d9,1777378505,0.55,1.0,yes,"{""count_fp"":""1.00"",""created_time"":""2026-04-28T12:15:05.141218Z"",""no_price_dollars"":""0.4500"",""taker_side"":""yes"",""ticker"":""KXBTC15M-26APR280830-30"",""trade_id"":""fbf41d5e-c746-56e5-5bb6-3627156f08d9"",""yes_price_dollars"":""0.5500""}"
KXBTC15M-26APR280830-30,f822f743-97a9-579c-4ae5-a117ff2ebbfb,1777378505,0.56,0.6,yes,"{""count_fp"":""0.60"",""created_time"":""2026-04-28T12:15:05.141218Z"",""no_price_dollars"":""0.4400"",""taker_side"":""yes"",""ticker"":""KXBTC15M-26APR280830-30"",""trade_id"":""f822f743-97a9-579c-4ae5-a117ff2ebbfb"",""yes_price_dollars"":""0.5600""}"
KXBTC15M-26APR280830-30,f70147d7-185c-502b-78f7-21450a9f812e,1777378505,0.54,11.0,yes,"{""count_fp"":""11.00"",""created_time"":""2026-04-28T12:15:05.141218Z"",""no_price_dollars"":""0.4600"",""taker_side"":""yes"",""ticker"":""KXBTC15M-26APR280830-30"",""trade_id"":""f70147d7-185c-502b-78f7-21450a9f812e"",""yes_price_dollars"":""0.5400""}"
KXBTC15M-26APR280830-30,c3e62441-0c77-5f5b-6e80-4fe0372cb5bb,1777378505,0.55,10.0,yes,"{""count_fp"":""10.00"",""created_time"":""2026-04-28T12:15:05.141218Z"",""no_price_dollars"":""0.4500"",""taker_side"":""yes"",""ticker"":""KXBTC15M-26APR280830-30"",""trade_id"":""c3e62441-0c77-5f5b-6e80-4fe0372cb5bb"",""yes_price_dollars"":""0.5500""}"
KXBTC15M-26APR280830-30,996d18a1-4599-545d-570a-502a047d6004,1777378505,0.54,4.0,yes,"{""count_fp"":""4.00"",""created_time"":""2026-04-28T12:15:05.141218Z"",""no_price_dollars"":""0.4600"",""taker_side"":""yes"",""ticker"":""KXBTC15M-26APR280830-30"",""trade_id"":""996d18a1-4599-545d-570a-502a047d6004"",""yes_price_dollars"":""0.5400""}"
KXBTC15M-26APR280830-30,7ff8a610-f888-5d37-6f2b-7e36f1c54e60,1777378505,0.54,2.0,yes,"{""count_fp"":""2.00"",""created_time"":""2026-04-28T12:15:05.141218Z"",""no_price_dollars"":""0.4600"",""taker_side"":""yes"",""ticker"":""KXBTC15M-26APR280830-30"",""trade_id"":""7ff8a610-f888-5d37-6f2b-7e36f1c54e60"",""yes_price_dollars"":""0.5400""}"
KXBTC15M-26APR280830-30,77016328-4f98-59b1-5921-4e3c95f78a65,1777378505,0.54,8.0,yes,"{""count_fp"":""8.00"",""created_time"":""2026-04-28T12:15:05.141218Z"",""no_price_dollars"":""0.4600"",""taker_side"":""yes"",""ticker"":""KXBTC15M-26APR280830-30"",""trade_id"":""77016328-4f98-59b1-5921-4e3c95f78a65"",""yes_price_dollars"":""0.5400""}"
KXBTC15M-26APR280830-30,55f979ca-f23b-5e47-59e4-9af293599b96,1777378505,0.54,4.0,yes,"{""count_fp"":""4.00"",""created_time"":""2026-04-28T12:15:05.141218Z"",""no_price_dollars"":""0.4600"",""taker_side"":""yes"",""ticker"":""KXBTC15M-26APR280830-30"",""trade_id"":""55f979ca-f23b-5e47-59e4-9af293599b96"",""yes_price_dollars"":""0.5400""}"
KXBTC15M-26APR280830-30,45a6c3dc-521c-5f7d-569f-84cbc094f0f2,1777378505,0.55,1.0,yes,"{""count_fp"":""1.00"",""created_time"":""2026-04-28T12:15:05.141218Z"",""no_price_dollars"":""0.4500"",""taker_side"":""yes"",""ticker"":""KXBTC15M-26APR280830-30"",""trade_id"":""45a6c3dc-521c-5f7d-569f-84cbc094f0f2"",""yes_price_dollars"":""0.5500""}"
KXBTC15M-26APR280830-30,36b99e93-61fe-5a74-545d-92b323697de3,1777378505,0.54,1.0,yes,"{""count_fp"":""1.00"",""created_time"":""2026-04-28T12:15:05.141218Z"",""no_price_dollars"":""0.4600"",""taker_side"":""yes"",""ticker"":""KXBTC15M-26APR280830-30"",""trade_id"":""36b99e93-61fe-5a74-545d-92b323697de3"",""yes_price_dollars"":""0.5400""}"
KXBTC15M-26APR280830-30,232b9d0b-f134-5eda-683c-4ce0d4326fc3,1777378505,0.54,2.0,yes,"{""count_fp"":""2.00"",""created_time"":""2026-04-28T12:15:05.141218Z"",""no_price_dollars"":""0.4600"",""taker_side"":""yes"",""ticker"":""KXBTC15M-26APR280830-30"",""trade_id"":""232b9d0b-f134-5eda-683c-4ce0d4326fc3"",""yes_price_dollars"":""0.5400""}"
KXBTC15M-26APR280830-30,83cac905-163e-454c-d538-09f2f64caf46,1777378506,0.54,6.03,yes,"{""count_fp"":""6.03"",""created_time"":""2026-04-28T12:15:06.917497Z"",""no_price_dollars"":""0.4600"",""taker_side"":""yes"",""ticker"":""KXBTC15M-26APR280830-30"",""trade_id"":""83cac905-163e-454c-d538-09f2f64caf46"",""yes_price_dollars"":""0.5400""}"
KXBTC15M-26APR280830-30,5fe75d01-4eb9-6a6e-d5d9-ed3aea3bcf7b,1777378506,0.52,15.0,no,"{""count_fp"":""15.00"",""created_time"":""2026-04-28T12:15:06.664236Z"",""no_price_dollars"":""0.4800"",""taker_side"":""no"",""ticker"":""KXBTC15M-26APR280830-30"",""trade_id"":""5fe75d01-4eb9-6a6e-d5d9-ed3aea3bcf7b"",""yes_price_dollars"":""0.5200""}"
KXBTC15M-26APR280830-30,0c9154d0-4428-69db-ea08-8d5a39717119,1777378506,0.52,4.98,no,"{""count_fp"":""4.98"",""created_time"":""2026-04-28T12:15:06.664236Z"",""no_price_dollars"":""0.4800"",""taker_side"":""no"",""ticker"":""KXBTC15M-26APR280830-30"",""trade_id"":""0c9154d0-4428-69db-ea08-8d5a39717119"",""yes_price_dollars"":""0.5200""}"
KXBTC15M-26APR280830-30,cc940562-ee62-7e84-5cae-ab4257483a06,1777378506,0.54,8.97,yes,"{""count_fp"":""8.97"",""created_time"":""2026-04-28T12:15:06.577206Z"",""no_price_dollars"":""0.4600"",""taker_side"":""yes"",""ticker"":""KXBTC15M-26APR280830-30"",""trade_id"":""cc940562-ee62-7e84-5cae-ab4257483a06"",""yes_price_dollars"":""0.5400""}"
KXBTC15M-26APR280830-30,ccce105c-7333-4551-f6fc-79d9340c89e5,1777378507,0.53,0.05,no,"{""count_fp"":""0.05"",""created_time"":""2026-04-28T12:15:07.166059Z"",""no_price_dollars"":""0.4700"",""taker_side"":""no"",""ticker"":""KXBTC15M-26APR280830-30"",""trade_id"":""ccce105c-7333-4551-f6fc-79d9340c89e5"",""yes_price_dollars"":""0.5300""}"
KXBTC15M-26APR280830-30,09ee72f3-7f43-4a09-cb28-a37acbd1eed8,1777378507,0.54,3.97,no,"{""count_fp"":""3.97"",""created_time"":""2026-04-28T12:15:07.166059Z"",""no_price_dollars"":""0.4600"",""taker_side"":""no"",""ticker"":""KXBTC15M-26APR280830-30"",""trade_id"":""09ee72f3-7f43-4a09-cb28-a37acbd1eed8"",""yes_price_dollars"":""0.5400""}"
KXBTC15M-26APR280830-30,c0315a1f-6e77-6533-e02e-6251e84861c0,1777378508,0.57,1.07,yes,"{""count_fp"":""1.07"",""created_time"":""2026-04-28T12:15:08.391338Z"",""no_price_dollars"":""0.4300"",""taker_side"":""yes"",""ticker"":""KXBTC15M-26APR280830-30"",""trade_id"":""c0315a1f-6e77-6533-e02e-6251e84861c0"",""yes_price_dollars"":""0.5700""}"
KXBTC15M-26APR280830-30,a416f242-dca7-6ef0-e9fd-15d095da1504,1777378508,0.56,1.0,yes,"{""count_fp"":""1.00"",""created_time"":""2026-04-28T12:15:08.391338Z"",""no_price_dollars"":""0.4400"",""taker_side"":""yes"",""ticker"":""KXBTC15M-26APR280830-30"",""trade_id"":""a416f242-dca7-6ef0-e9fd-15d095da1504"",""yes_price_dollars"":""0.5600""}"
KXBTC15M-26APR280830-30,7a188e74-54b7-63ef-f2d7-378b8e8de2f9,1777378508,0.55,12.51,yes,"{""count_fp"":""12.51"",""created_time"":""2026-04-28T12:15:08.391338Z"",""no_price_dollars"":""0.4500"",""taker_side"":""yes"",""ticker"":""KXBTC15M-26APR280830-30"",""trade_id"":""7a188e74-54b7-63ef-f2d7-378b8e8de2f9"",""yes_price_dollars"":""0.5500""}"
KXBTC15M-26APR280830-30,5b723184-dcbd-6548-e6ee-37c4587188c3,1777378508,0.56,0.4,yes,"{""count_fp"":""0.40"",""created_time"":""2026-04-28T12:15:08.391338Z"",""no_price_dollars"":""0.4400"",""taker_side"":""yes"",""ticker"":""KXBTC15M-26APR280830-30"",""trade_id"":""5b723184-dcbd-6548-e6ee-37c4587188c3"",""yes_price_dollars"":""0.5600""}"
KXBTC15M-26APR280830-30,3c76537f-0195-6656-cf01-d115ccd5212b,1777378508,0.57,1.0,yes,"{""count_fp"":""1.00"",""created_time"":""2026-04-28T12:15:08.391338Z"",""no_price_dollars"":""0.4300"",""taker_side"":""yes"",""ticker"":""KXBTC15M-26APR280830-30"",""trade_id"":""3c76537f-0195-6656-cf01-d115ccd5212b"",""yes_price_dollars"":""0.5700""}"
KXBTC15M-26APR280830-30,26072311-9c93-6ff6-e484-c52b903f7732,1777378508,0.56,10.0,yes,"{""count_fp"":""10.00"",""created_time"":""2026-04-28T12:15:08.391338Z"",""no_price_dollars"":""0.4400"",""taker_side"":""yes"",""ticker"":""KXBTC15M-26APR280830-30"",""trade_id"":""26072311-9c93-6ff6-e484-c52b903f7732"",""yes_price_dollars"":""0.5600""}"
KXBTC15M-26APR280830-30,84100049-8e20-7624-60f4-26c8671cb160,1777378510,0.55,0.47,no,"{""count_fp"":""0.47"",""created_time"":""2026-04-28T12:15:10.286084Z"",""no_price_dollars"":""0.4500"",""taker_side"":""no"",""ticker"":""KXBTC15M-26APR280830-30"",""trade_id"":""84100049-8e20-7624-60f4-26c8671cb160"",""yes_price_dollars"":""0.5500""}"
KXBTC15M-26APR280830-30,7febe6c8-18f8-7304-7b59-53964d86fcd4,1777378510,0.55,10.0,no,"{""count_fp"":""10.00"",""created_time"":""2026-04-28T12:15:10.286084Z"",""no_price_dollars"":""0.4500"",""taker_side"":""no"",""ticker"":""KXBTC15M-26APR280830-30"",""trade_id"":""7febe6c8-18f8-7304-7b59-53964d86fcd4"",""yes_price_dollars"":""0.5500""}"
KXBTC15M-26APR280830-30,9d314230-fb84-5240-6ba1-2fc7ffb5ea2c,1777378512,0.55,10.69,no,"{""count_fp"":""10.69"",""created_time"":""2026-04-28T12:15:12.622185Z"",""no_price_dollars"":""0.4500"",""taker_side"":""no"",""ticker"":""KXBTC15M-26APR280830-30"",""trade_id"":""9d314230-fb84-5240-6ba1-2fc7ffb5ea2c"",""yes_price_dollars"":""0.5500""}"
KXBTC15M-26APR280830-30,f689a4f2-e578-7f3c-9ff7-f5c863c80f10,1777378512,0.55,2.13,no,"{""count_fp"":""2.13"",""created_time"":""2026-04-28T12:15:12.571964Z"",""no_price_dollars"":""0.4500"",""taker_side"":""no"",""ticker"":""KXBTC15M-26APR280830-30"",""trade_id"":""f689a4f2-e578-7f3c-9ff7-f5c863c80f10"",""yes_price_dollars"":""0.5500""}"
KXBTC15M-26APR280830-30,41b6c1af-02f4-5fc3-df71-1497e250c8dc,1777378513,0.55,8.23,yes,"{""count_fp"":""8.23"",""created_time"":""2026-04-28T12:15:13.995557Z"",""no_price_dollars"":""0.4500"",""taker_side"":""yes"",""ticker"":""KXBTC15M-26APR280830-30"",""trade_id"":""41b6c1af-02f4-5fc3-df71-1497e250c8dc"",""yes_price_dollars"":""0.5500""}"
KXBTC15M-26APR280830-30,baf1ac42-1848-7e43-0280-b2e7a79a8de4,1777378513,0.55,32.95,yes,"{""count_fp"":""32.95"",""created_time"":""2026-04-28T12:15:13.641548Z"",""no_price_dollars"":""0.4500"",""taker_side"":""yes"",""ticker"":""KXBTC15M-26APR280830-30"",""trade_id"":""baf1ac42-1848-7e43-0280-b2e7a79a8de4"",""yes_price_dollars"":""0.5500""}"
KXBTC15M-26APR280830-30,5344f38f-b6ec-59e3-e21f-eb665ddfcc68,1777378513,0.55,16.47,yes,"{""count_fp"":""16.47"",""created_time"":""2026-04-28T12:15:13.430263Z"",""no_price_dollars"":""0.4500"",""taker_side"":""yes"",""ticker"":""KXBTC15M-26APR280830-30"",""trade_id"":""5344f38f-b6ec-59e3-e21f-eb665ddfcc68"",""yes_price_dollars"":""0.5500""}"
KXBTC15M-26APR280830-30,b584b590-ac9d-60bd-9e50-fcae795150a3,1777378513,0.55,8.0,no,"{""count_fp"":""8.00"",""created_time"":""2026-04-28T12:15:13.374575Z"",""no_price_dollars"":""0.4500"",""taker_side"":""no"",""ticker"":""KXBTC15M-26APR280830-30"",""trade_id"":""b584b590-ac9d-60bd-9e50-fcae795150a3"",""yes_price_dollars"":""0.5500""}"
KXBTC15M-26APR280830-30,8799cb7e-5b88-67a8-8c27-7f753e2f0e4c,1777378513,0.55,9.71,no,"{""count_fp"":""9.71"",""created_time"":""2026-04-28T12:15:13.374575Z"",""no_price_dollars"":""0.4500"",""taker_side"":""no"",""ticker"":""KXBTC15M-26APR280830-30"",""trade_id"":""8799cb7e-5b88-67a8-8c27-7f753e2f0e4c"",""yes_price_dollars"":""0.5500""}"
KXBTC15M-26APR280830-30,7371a88c-b5d7-6ffc-86e5-6adf7e1238f3,1777378513,0.55,10.0,no,"{""count_fp"":""10.00"",""created_time"":""2026-04-28T12:15:13.374575Z"",""no_price_dollars"":""0.4500"",""taker_side"":""no"",""ticker"":""KXBTC15M-26APR280830-30"",""trade_id"":""7371a88c-b5d7-6ffc-86e5-6adf7e1238f3"",""yes_price_dollars"":""0.5500""}"
KXBTC15M-26APR280830-30,f8face59-140e-6502-cda9-257adea3cc48,1777378514,0.54,10.0,no,"{""count_fp"":""10.00"",""created_time"":""2026-04-28T12:15:14.623739Z"",""no_price_dollars"":""0.4600"",""taker_side"":""no"",""ticker"":""KXBTC15M-26APR280830-30"",""trade_id"":""f8face59-140e-6502-cda9-257adea3cc48"",""yes_price_dollars"":""0.5400""}"
KXBTC15M-26APR280830-30,b0ea3f78-8634-6c9c-f9eb-8fd996454649,1777378514,0.54,2.3,no,"{""count_fp"":""2.30"",""created_time"":""2026-04-28T12:15:14.623739Z"",""no_price_dollars"":""0.4600"",""taker_side"":""no"",""ticker"":""KXBTC15M-26APR280830-30"",""trade_id"":""b0ea3f78-8634-6c9c-f9eb-8fd996454649"",""yes_price_dollars"":""0.5400""}"
KXBTC15M-26APR280830-30,4c766772-7350-616e-d644-64d241d899a6,1777378514,0.54,56.0,no,"{""count_fp"":""56.00"",""created_time"":""2026-04-28T12:15:14.623739Z"",""no_price_dollars"":""0.4600"",""taker_side"":""no"",""ticker"":""KXBTC15M-26APR280830-30"",""trade_id"":""4c766772-7350-616e-d644-64d241d899a6"",""yes_price_dollars"":""0.5400""}"
KXBTC15M-26APR280830-30,d0e6e4b4-5c7c-79e7-9f0d-ea33c5da4a50,1777378514,0.55,4.0,yes,"{""count_fp"":""4.00"",""created_time"":""2026-04-28T12:15:14.340633Z"",""no_price_dollars"":""0.4500"",""taker_side"":""yes"",""ticker"":""KXBTC15M-26APR280830-30"",""trade_id"":""d0e6e4b4-5c7c-79e7-9f0d-ea33c5da4a50"",""yes_price_dollars"":""0.5500""}"
KXBTC15M-26APR280830-30,2f87d2f8-6ad8-47f7-e9f6-72c3cb375890,1777378514,0.55,16.47,yes,"{""count_fp"":""16.47"",""created_time"":""2026-04-28T12:15:14.180171Z"",""no_price_dollars"":""0.4500"",""taker_side"":""yes"",""ticker"":""KXBTC15M-26APR280830-30"",""trade_id"":""2f87d2f8-6ad8-47f7-e9f6-72c3cb375890"",""yes_price_dollars"":""0.5500""}"
KXBTC15M-26APR280830-30,6cc62e0e-cff0-4f5f-a342-2f7e1aac05f4,1777378514,0.55,41.19,yes,"{""count_fp"":""41.19"",""created_time"":""2026-04-28T12:15:14.127516Z"",""no_price_dollars"":""0.4500"",""taker_side"":""yes"",""ticker"":""KXBTC15M-26APR280830-30"",""trade_id"":""6cc62e0e-cff0-4f5f-a342-2f7e1aac05f4"",""yes_price_dollars"":""0.5500""}"
KXBTC15M-26APR280830-30,b32e9571-2ecb-7bbf-8157-6aa52597f9e6,1777378515,0.59,21.0,no,"{""count_fp"":""21.00"",""created_time"":""2026-04-28T12:15:15.992873Z"",""no_price_dollars"":""0.4100"",""taker_side"":""no"",""ticker"":""KXBTC15M-26APR280830-30"",""trade_id"":""b32e9571-2ecb-7bbf-8157-6aa52597f9e6"",""yes_price_dollars"":""0.5900""}"
KXBTC15M-26APR280830-30,593eec6b-69d9-7731-b8c0-5318f16fade8,1777378515,0.59,15.0,no,"{""count_fp"":""15.00"",""created_time"":""2026-04-28T12:15:15.992873Z"",""no_price_dollars"":""0.4100"",""taker_side"":""no"",""ticker"":""KXBTC15M-26APR280830-30"",""trade_id"":""593eec6b-69d9-7731-b8c0-5318f16fade8"",""yes_price_dollars"":""0.5900""}"
KXBTC15M-26APR280830-30,4eb03b9b-9ded-7d88-a403-a3a5c1f1b169,1777378515,0.59,10.0,no,"{""count_fp"":""10.00"",""created_time"":""2026-04-28T12:15:15.992873Z"",""no_price_dollars"":""0.4100"",""taker_side"":""no"",""ticker"":""KXBTC15M-26APR280830-30"",""trade_id"":""4eb03b9b-9ded-7d88-a403-a3a5c1f1b169"",""yes_price_dollars"":""0.5900""}"
KXBTC15M-26APR280830-30,3014fffd-8829-7e4c-8777-90942ec4c096,1777378515,0.58,20.33,no,"{""count_fp"":""20.33"",""created_time"":""2026-04-28T12:15:15.992873Z"",""no_price_dollars"":""0.4200"",""taker_side"":""no"",""ticker"":""KXBTC15M-26APR280830-30"",""trade_id"":""3014fffd-8829-7e4c-8777-90942ec4c096"",""yes_price_dollars"":""0.5800""}"
KXBTC15M-26APR280830-30,4c5d710a-6ba9-4f99-55ea-d942c98e8d18,1777378515,0.59,25.0,no,"{""count_fp"":""25.00"",""created_time"":""2026-04-28T12:15:15.806536Z"",""no_price_dollars"":""0.4100"",""taker_side"":""no"",""ticker"":""KXBTC15M-26APR280830-30"",""trade_id"":""4c5d710a-6ba9-4f99-55ea-d942c98e8d18"",""yes_price_dollars"":""0.5900""}"
KXBTC15M-26APR280830-30,5acea4ff-edeb-7f3d-7998-cd3b0fb0154d,1777378515,0.6,12.91,yes,"{""count_fp"":""12.91"",""created_time"":""2026-04-28T12:15:15.531579Z"",""no_price_dollars"":""0.4000"",""taker_side"":""yes"",""ticker"":""KXBTC15M-26APR280830-30"",""trade_id"":""5acea4ff-edeb-7f3d-7998-cd3b0fb0154d"",""yes_price_dollars"":""0.6000""}"
KXBTC15M-26APR280830-30,fb809b59-4b0f-74cd-7035-ea0fdff0db5d,1777378515,0.6,22.92,yes,"{""count_fp"":""22.92"",""created_time"":""2026-04-28T12:15:15.087987Z"",""no_price_dollars"":""0.4000"",""taker_side"":""yes"",""ticker"":""KXBTC15M-26APR280830-30"",""trade_id"":""fb809b59-4b0f-74cd-7035-ea0fdff0db5d"",""yes_price_dollars"":""0.6000""}"
KXBTC15M-26APR280830-30,f0c46b33-abba-6407-8b47-a55caa97d675,1777378515,0.58,56.0,yes,"{""count_fp"":""56.00"",""created_time"":""2026-04-28T12:15:15.009324Z"",""no_price_dollars"":""0.4200"",""taker_side"":""yes"",""ticker"":""KXBTC15M-26APR280830-30"",""trade_id"":""f0c46b33-abba-6407-8b47-a55caa97d675"",""yes_price_dollars"":""0.5800""}"
KXBTC15M-26APR280830-30,7a741e8c-3172-69d5-bb75-ab71f09e7968,1777378515,0.58,20.0,yes,"{""count_fp"":""20.00"",""created_time"":""2026-04-28T12:15:15.009324Z"",""no_price_dollars"":""0.4200"",""taker_side"":""yes"",""ticker"":""KXBTC15M-26APR280830-30"",""trade_id"":""7a741e8c-3172-69d5-bb75-ab71f09e7968"",""yes_price_dollars"":""0.5800""}"
KXBTC15M-26APR280830-30,5409055a-0328-6c6f-99f1-646d2917451c,1777378515,0.55,38.45,yes,"{""count_fp"":""38.45"",""created_time"":""2026-04-28T12:15:15.009324Z"",""no_price_dollars"":""0.4500"",""taker_side"":""yes"",""ticker"":""KXBTC15M-26APR280830-30"",""trade_id"":""5409055a-0328-6c6f-99f1-646d2917451c"",""yes_price_dollars"":""0.5500""}"
KXBTC15M-26APR280830-30,41c8bf41-719f-60c5-857c-6f2f0624d7a1,1777378515,0.6,52.34,yes,"{""count_fp"":""52.34"",""created_time"":""2026-04-28T12:15:15.009324Z"",""no_price_dollars"":""0.4000"",""taker_side"":""yes"",""ticker"":""KXBTC15M-26APR280830-30"",""trade_id"":""41c8bf41-719f-60c5-857c-6f2f0624d7a1"",""yes_price_dollars"":""0.6000""}"
KXBTC15M-26APR280830-30,2832a8eb-91e3-6243-90c9-4d5685c327fd,1777378515,0.57,16.0,yes,"{""count_fp"":""16.00"",""created_time"":""2026-04-28T12:15:15.009324Z"",""no_price_dollars"":""0.4300"",""taker_side"":""yes"",""ticker"":""KXBTC15M-26APR280830-30"",""trade_id"":""2832a8eb-91e3-6243-90c9-4d5685c327fd"",""yes_price_dollars"":""0.5700""}"
KXBTC15M-26APR280830-30,2d0e886e-da22-43c8-a7b2-93dbff034138,1777378516,0.55,27.0,yes,"{""count_fp"":""27.00"",""created_time"":""2026-04-28T12:15:16.923515Z"",""no_price_dollars"":""0.4500"",""taker_side"":""yes"",""ticker"":""KXBTC15M-26APR280830-30"",""trade_id"":""2d0e886e-da22-43c8-a7b2-93dbff034138"",""yes_price_dollars"":""0.5500""}"
KXBTC15M-26APR280830-30,d389e82c-072e-6d18-725d-6dddf0c5e8fc,1777378516,0.55,8.1,yes,"{""count_fp"":""8.10"",""created_time"":""2026-04-28T12:15:16.901733Z"",""no_price_dollars"":""0.4500"",""taker_side"":""yes"",""ticker"":""KXBTC15M-26APR280830-30"",""trade_id"":""d389e82c-072e-6d18-725d-6dddf0c5e8fc"",""yes_price_dollars"":""0.5500""}"
KXBTC15M-26APR280830-30,e02039e9-224d-5829-ea6c-83868bfd2f7a,1777378516,0.55,13.0,yes,"{""count_fp"":""13.00"",""created_time"":""2026-04-28T12:15:16.644121Z"",""no_price_dollars"":""0.4500"",""taker_side"":""yes"",""ticker"":""KXBTC15M-26APR280830-30"",""trade_id"":""e02039e9-224d-5829-ea6c-83868bfd2f7a"",""yes_price_dollars"":""0.5500""}"
KXBTC15M-26APR280830-30,bae87268-9bb6-556d-fadb-711ca581448c,1777378516,0.55,40.0,yes,"{""count_fp"":""40.00"",""created_time"":""2026-04-28T12:15:16.644121Z"",""no_price_dollars"":""0.4500"",""taker_side"":""yes"",""ticker"":""KXBTC15M-26APR280830-30"",""trade_id"":""bae87268-9bb6-556d-fadb-711ca581448c"",""yes_price_dollars"":""0.5500""}"
KXBTC15M-26APR280830-30,b7995a18-cc65-5d03-f2c7-b2ca0e7282f5,1777378516,0.55,10.0,yes,"{""count_fp"":""10.00"",""created_time"":""2026-04-28T12:15:16.644121Z"",""no_price_dollars"":""0.4500"",""taker_side"":""yes"",""ticker"":""KXBTC15M-26APR280830-30"",""trade_id"":""b7995a18-cc65-5d03-f2c7-b2ca0e7282f5"",""yes_price_dollars"":""0.5500""}"
KXBTC15M-26APR280830-30,3d94c9b3-ebad-5adc-eb70-6ba86a843956,1777378516,0.56,140.19,yes,"{""count_fp"":""140.19"",""created_time"":""2026-04-28T12:15:16.644121Z"",""no_price_dollars"":""0.4400"",""taker_side"":""yes"",""ticker"":""KXBTC15M-26APR280830-30"",""trade_id"":""3d94c9b3-ebad-5adc-eb70-6ba86a843956"",""yes_price_dollars"":""0.5600""}"
KXBTC15M-26APR280830-30,24730cb9-bf28-5c33-ebb9-37614903bbb4,1777378516,0.56,40.0,yes,"{""count_fp"":""40.00"",""created_time"":""2026-04-28T12:15:16.644121Z"",""no_price_dollars"":""0.4400"",""taker_side"":""yes"",""ticker"":""KXBTC15M-26APR280830-30"",""trade_id"":""24730cb9-bf28-5c33-ebb9-37614903bbb4"",""yes_price_dollars"":""0.5600""}"
KXBTC15M-26APR280830-30,6c1f4bf8-5412-6dac-5a6c-05cbc652368b,1777378516,0.57,40.0,no,"{""count_fp"":""40.00"",""created_time"":""2026-04-28T12:15:16.451525Z"",""no_price_dollars"":""0.4300"",""taker_side"":""no"",""ticker"":""KXBTC15M-26APR280830-30"",""trade_id"":""6c1f4bf8-5412-6dac-5a6c-05cbc652368b"",""yes_price_dollars"":""0.5700""}"
KXBTC15M-26APR280830-30,2a0a8856-edad-65d0-6522-324d5408e426,1777378516,0.58,19.67,no,"{""count_fp"":""19.67"",""created_time"":""2026-04-28T12:15:16.451525Z"",""no_price_dollars"":""0.4200"",""taker_side"":""no"",""ticker"":""KXBTC15M-26APR280830-30"",""trade_id"":""2a0a8856-edad-65d0-6522-324d5408e426"",""yes_price_dollars"":""0.5800""}"
KXBTC15M-26APR280830-30,755e945e-636f-5bed-d19f-e3a0cad7f445,1777378516,0.6,2.0,yes,"{""count_fp"":""2.00"",""created_time"":""2026-04-28T12:15:16.326054Z"",""no_price_dollars"":""0.4000"",""taker_side"":""yes"",""ticker"":""KXBTC15M-26APR280830-30"",""trade_id"":""755e945e-636f-5bed-d19f-e3a0cad7f445"",""yes_price_dollars"":""0.6000""}"
KXBTC15M-26APR280830-30,63ca595f-06ad-6240-aab7-910abe38595a,1777378517,0.55,3.62,yes,"{""count_fp"":""3.62"",""created_time"":""2026-04-28T12:15:17.516241Z"",""no_price_dollars"":""0.4500"",""taker_side"":""yes"",""ticker"":""KXBTC15M-26APR280830-30"",""trade_id"":""63ca595f-06ad-6240-aab7-910abe38595a"",""yes_price_dollars"":""0.5500""}"
KXBTC15M-26APR280830-30,5a1cea24-7322-6f50-bf91-b962ee877058,1777378517,0.55,1.38,yes,"{""count_fp"":""1.38"",""created_time"":""2026-04-28T12:15:17.516241Z"",""no_price_dollars"":""0.4500"",""taker_side"":""yes"",""ticker"":""KXBTC15M-26APR280830-30"",""trade_id"":""5a1cea24-7322-6f50-bf91-b962ee877058"",""yes_price_dollars"":""0.5500""}"
KXBTC15M-26APR280830-30,8eed2bad-d40a-43a0-23e2-e4870cc3d648,1777378517,0.55,3.52,yes,"{""count_fp"":""3.52"",""created_time"":""2026-04-28T12:15:17.362029Z"",""no_price_dollars"":""0.4500"",""taker_side"":""yes"",""ticker"":""KXBTC15M-26APR280830-30"",""trade_id"":""8eed2bad-d40a-43a0-23e2-e4870cc3d648"",""yes_price_dollars"":""0.5500""}"
KXBTC15M-26APR280830-30,f27df015-ddb0-7877-1dc3-c154c342ad3c,1777378518,0.56,40.0,yes,"{""count_fp"":""40.00"",""created_time"":""2026-04-28T12:15:18.960765Z"",""no_price_dollars"":""0.4400"",""taker_side"":""yes"",""ticker"":""KXBTC15M-26APR280830-30"",""trade_id"":""f27df015-ddb0-7877-1dc3-c154c342ad3c"",""yes_price_dollars"":""0.5600""}"
KXBTC15M-26APR280830-30,e7366541-ac11-7d54-0256-e680d4df69fe,1777378518,0.56,109.73,yes,"{""count_fp"":""109.73"",""created_time"":""2026-04-28T12:15:18.960765Z"",""no_price_dollars"":""0.4400"",""taker_side"":""yes"",""ticker"":""KXBTC15M-26APR280830-30"",""trade_id"":""e7366541-ac11-7d54-0256-e680d4df69fe"",""yes_price_dollars"":""0.5600""}"
KXBTC15M-26APR280830-30,d59fd52f-a3cd-7b4a-10cc-8b0f25cfe367,1777378518,0.55,3.0,yes,"{""count_fp"":""3.00"",""created_time"":""2026-04-28T12:15:18.960765Z"",""no_price_dollars"":""0.4500"",""taker_side"":""yes"",""ticker"":""KXBTC15M-26APR280830-30"",""trade_id"":""d59fd52f-a3cd-7b4a-10cc-8b0f25cfe367"",""yes_price_dollars"":""0.5500""}"
KXBTC15M-26APR280830-30,5e5358f7-652a-7f9e-0aa8-122e6b59f571,1777378518,0.55,16.47,yes,"{""count_fp"":""16.47"",""created_time"":""2026-04-28T12:15:18.960765Z"",""no_price_dollars"":""0.4500"",""taker_side"":""yes"",""ticker"":""KXBTC15M-26APR280830-30"",""trade_id"":""5e5358f7-652a-7f9e-0aa8-122e6b59f571"",""yes_price_dollars"":""0.5500""}"
KXBTC15M-26APR280830-30,b512f1c2-4300-7fff-323d-8dd0402af6d1,1777378518,0.55,37.36,yes,"{""count_fp"":""37.36"",""created_time"":""2026-04-28T12:15:18.465216Z"",""no_price_dollars"":""0.4500"",""taker_side"":""yes"",""ticker"":""KXBTC15M-26APR280830-30"",""trade_id"":""b512f1c2-4300-7fff-323d-8dd0402af6d1"",""yes_price_dollars"":""0.5500""}"
KXBTC15M-26APR280830-30,87312dcd-d631-7e0e-1c0d-aab6fd757e75,1777378518,0.55,1.0,yes,"{""count_fp"":""1.00"",""created_time"":""2026-04-28T12:15:18.465216Z"",""no_price_dollars"":""0.4500"",""taker_side"":""yes"",""ticker"":""KXBTC15M-26APR280830-30"",""trade_id"":""87312dcd-d631-7e0e-1c0d-aab6fd757e75"",""yes_price_dollars"":""0.5500""}"
KXBTC15M-26APR280830-30,135ab756-d624-756e-0405-f5babb41eb4d,1777378518,0.54,9.0,yes,"{""count_fp"":""9.00"",""created_time"":""2026-04-28T12:15:18.465216Z"",""no_price_dollars"":""0.4600"",""taker_side"":""yes"",""ticker"":""KXBTC15M-26APR280830-30"",""trade_id"":""135ab756-d624-756e-0405-f5babb41eb4d"",""yes_price_dollars"":""0.5400""}"
KXBTC15M-26APR280830-30,bc73b6cf-63d9-6e28-e15d-9852f51d4397,1777378518,0.54,0.32,yes,"{""count_fp"":""0.32"",""created_time"":""2026-04-28T12:15:18.331394Z"",""no_price_dollars"":""0.4600"",""taker_side"":""yes"",""ticker"":""KXBTC15M-26APR280830-30"",""trade_id"":""bc73b6cf-63d9-6e28-e15d-9852f51d4397"",""yes_price_dollars"":""0.5400""}"
KXBTC15M-26APR280830-30,7c897c7f-970b-5df3-d9d8-75ff137691f4,1777378518,0.53,20.52,no,"{""count_fp"":""20.52"",""created_time"":""2026-04-28T12:15:18.248752Z"",""no_price_dollars"":""0.4700"",""taker_side"":""no"",""ticker"":""KXBTC15M-26APR280830-30"",""trade_id"":""7c897c7f-970b-5df3-d9d8-75ff137691f4"",""yes_price_dollars"":""0.5300""}"
KXBTC15M-26APR280830-30,5ae76bf8-17fd-74c4-213c-bc37b31f5c82,1777378518,0.55,3.24,yes,"{""count_fp"":""3.24"",""created_time"":""2026-04-28T12:15:18.015619Z"",""no_price_dollars"":""0.4500"",""taker_side"":""yes"",""ticker"":""KXBTC15M-26APR280830-30"",""trade_id"":""5ae76bf8-17fd-74c4-213c-bc37b31f5c82"",""yes_price_dollars"":""0.5500""}"
KXBTC15M-26APR280830-30,44b89916-10f1-7eac-b75d-f9d01127ef1a,1777378519,0.56,3.4,yes,"{""count_fp"":""3.40"",""created_time"":""2026-04-28T12:15:19.650185Z"",""no_price_dollars"":""0.4400"",""taker_side"":""yes"",""ticker"":""KXBTC15M-26APR280830-30"",""trade_id"":""44b89916-10f1-7eac-b75d-f9d01127ef1a"",""yes_price_dollars"":""0.5600""}"
KXBTC15M-26APR280830-30,cca8714a-69b1-575c-4670-703318a80e4e,1777378519,0.56,17.26,yes,"{""count_fp"":""17.26"",""created_time"":""2026-04-28T12:15:19.506844Z"",""no_price_dollars"":""0.4400"",""taker_side"":""yes"",""ticker"":""KXBTC15M-26APR280830-30"",""trade_id"":""cca8714a-69b1-575c-4670-703318a80e4e"",""yes_price_dollars"":""0.5600""}"
KXBTC15M-26APR280830-30,19578374-aebd-69fc-3fab-618af7892452,1777378519,0.56,34.54,yes,"{""count_fp"":""34.54"",""created_time"":""2026-04-28T12:15:19.196733Z"",""no_price_dollars"":""0.4400"",""taker_side"":""yes"",""ticker"":""KXBTC15M-26APR280830-30"",""trade_id"":""19578374-aebd-69fc-3fab-618af7892452"",""yes_price_dollars"":""0.5600""}"
KXBTC15M-26APR280830-30,25835135-6205-6d00-36fa-ffff756b1cde,1777378519,0.56,5.0,yes,"{""count_fp"":""5.00"",""created_time"":""2026-04-28T12:15:19.071829Z"",""no_price_dollars"":""0.4400"",""taker_side"":""yes"",""ticker"":""KXBTC15M-26APR280830-30"",""trade_id"":""25835135-6205-6d00-36fa-ffff756b1cde"",""yes_price_dollars"":""0.5600""}"
KXBTC15M-26APR280830-30,eab4a555-d2e5-60ec-1609-1dc6271c1c21,1777378520,0.56,19.0,yes,"{""count_fp"":""19.00"",""created_time"":""2026-04-28T12:15:20.781858Z"",""no_price_dollars"":""0.4400"",""taker_side"":""yes"",""ticker"":""KXBTC15M-26APR280830-30"",""trade_id"":""eab4a555-d2e5-60ec-1609-1dc6271c1c21"",""yes_price_dollars"":""0.5600""}"
KXBTC15M-26APR280830-30,48a89113-0fc2-6908-1d67-2080abab8ca7,1777378520,0.56,38.62,yes,"{""count_fp"":""38.62"",""created_time"":""2026-04-28T12:15:20.781858Z"",""no_price_dollars"":""0.4400"",""taker_side"":""yes"",""ticker"":""KXBTC15M-26APR280830-30"",""trade_id"":""48a89113-0fc2-6908-1d67-2080abab8ca7"",""yes_price_dollars"":""0.5600""}"
KXBTC15M-26APR280830-30,296041ac-d576-6c12-037d-5a8799938036,1777378520,0.56,3.0,yes,"{""count_fp"":""3.00"",""created_time"":""2026-04-28T12:15:20.781858Z"",""no_price_dollars"":""0.4400"",""taker_side"":""yes"",""ticker"":""KXBTC15M-26APR280830-30"",""trade_id"":""296041ac-d576-6c12-037d-5a8799938036"",""yes_price_dollars"":""0.5600""}"
KXBTC15M-26APR280830-30,f56c2429-3abb-65f6-09ea-6f89efae4ea2,1777378520,0.55,4.88,no,"{""count_fp"":""4.88"",""created_time"":""2026-04-28T12:15:20.618038Z"",""no_price_dollars"":""0.4500"",""taker_side"":""no"",""ticker"":""KXBTC15M-26APR280830-30"",""trade_id"":""f56c2429-3abb-65f6-09ea-6f89efae4ea2"",""yes_price_dollars"":""0.5500""}"
KXBTC15M-26APR280830-30,85773234-466e-6685-267b-8dd18913f3da,1777378520,0.55,18.61,no,"{""count_fp"":""18.61"",""created_time"":""2026-04-28T12:15:20.618038Z"",""no_price_dollars"":""0.4500"",""taker_side"":""no"",""ticker"":""KXBTC15M-26APR280830-30"",""trade_id"":""85773234-466e-6685-267b-8dd18913f3da"",""yes_price_dollars"":""0.5500""}"
KXBTC15M-26APR280830-30,622eec3a-b997-65ac-2a79-f30cfbf2a601,1777378520,0.55,10.0,no,"{""count_fp"":""10.00"",""created_time"":""2026-04-28T12:15:20.618038Z"",""no_price_dollars"":""0.4500"",""taker_side"":""no"",""ticker"":""KXBTC15M-26APR280830-30"",""trade_id"":""622eec3a-b997-65ac-2a79-f30cfbf2a601"",""yes_price_dollars"":""0.5500""}"
KXBTC15M-26APR280830-30,2b69de14-6ee3-677c-3e7e-7491c143185b,1777378520,0.55,20.0,no,"{""count_fp"":""20.00"",""created_time"":""2026-04-28T12:15:20.618038Z"",""no_price_dollars"":""0.4500"",""taker_side"":""no"",""ticker"":""KXBTC15M-26APR280830-30"",""trade_id"":""2b69de14-6ee3-677c-3e7e-7491c143185b"",""yes_price_dollars"":""0.5500""}"
KXBTC15M-26APR280830-30,02b6605f-607e-5ced-0cf9-fa1b3bd18e66,1777378520,0.55,21.39,no,"{""count_fp"":""21.39"",""created_time"":""2026-04-28T12:15:20.600921Z"",""no_price_dollars"":""0.4500"",""taker_side"":""no"",""ticker"":""KXBTC15M-26APR280830-30"",""trade_id"":""02b6605f-607e-5ced-0cf9-fa1b3bd18e66"",""yes_price_dollars"":""0.5500""}"
KXBTC15M-26APR280830-30,6c303738-3c40-7deb-d116-c0c1f6676f36,1777378521,0.56,1.73,yes,"{""count_fp"":""1.73"",""created_time"":""2026-04-28T12:15:21.256563Z"",""no_price_dollars"":""0.4400"",""taker_side"":""yes"",""ticker"":""KXBTC15M-26APR280830-30"",""trade_id"":""6c303738-3c40-7deb-d116-c0c1f6676f36"",""yes_price_dollars"":""0.5600""}"
KXBTC15M-26APR280830-30,5573fb99-135e-6fa2-0538-8479a84f6624,1777378522,0.55,1.06,no,"{""count_fp"":""1.06"",""created_time"":""2026-04-28T12:15:22.758373Z"",""no_price_dollars"":""0.4500"",""taker_side"":""no"",""ticker"":""KXBTC15M-26APR280830-30"",""trade_id"":""5573fb99-135e-6fa2-0538-8479a84f6624"",""yes_price_dollars"":""0.5500""}"
KXBTC15M-26APR280830-30,db081191-d17c-4444-9c93-c31be104ec65,1777378522,0.55,20.0,no,"{""count_fp"":""20.00"",""created_time"":""2026-04-28T12:15:22.637492Z"",""no_price_dollars"":""0.4500"",""taker_side"":""no"",""ticker"":""KXBTC15M-26APR280830-30"",""trade_id"":""db081191-d17c-4444-9c93-c31be104ec65"",""yes_price_dollars"":""0.5500""}"
KXBTC15M-26APR280830-30,9edd05e6-c421-4ff3-aa07-91f05e746721,1777378522,0.55,28.48,no,"{""count_fp"":""28.48"",""created_time"":""2026-04-28T12:15:22.637492Z"",""no_price_dollars"":""0.4500"",""taker_side"":""no"",""ticker"":""KXBTC15M-26APR280830-30"",""trade_id"":""9edd05e6-c421-4ff3-aa07-91f05e746721"",""yes_price_dollars"":""0.5500""}"
KXBTC15M-26APR280830-30,75e21108-ca2b-4cbc-af34-89138d6312fc,1777378522,0.55,40.0,no,"{""count_fp"":""40.00"",""created_time"":""2026-04-28T12:15:22.637492Z"",""no_price_dollars"":""0.4500"",""taker_side"":""no"",""ticker"":""KXBTC15M-26APR280830-30"",""trade_id"":""75e21108-ca2b-4cbc-af34-89138d6312fc"",""yes_price_dollars"":""0.5500""}"
KXBTC15M-26APR280830-30,0d3bf25f-10e3-40da-a9fc-458fe2452dfe,1777378522,0.55,5.12,no,"{""count_fp"":""5.12"",""created_time"":""2026-04-28T12:15:22.637492Z"",""no_price_dollars"":""0.4500"",""taker_side"":""no"",""ticker"":""KXBTC15M-26APR280830-30"",""trade_id"":""0d3bf25f-10e3-40da-a9fc-458fe2452dfe"",""yes_price_dollars"":""0.5500""}"
KXBTC15M-26APR280830-30,07eebf33-4292-44b2-a675-5264aa5ca3c4,1777378522,0.55,8.97,no,"{""count_fp"":""8.97"",""created_time"":""2026-04-28T12:15:22.637492Z"",""no_price_dollars"":""0.4500"",""taker_side"":""no"",""ticker"":""KXBTC15M-26APR280830-30"",""trade_id"":""07eebf33-4292-44b2-a675-5264aa5ca3c4"",""yes_price_dollars"":""0.5500""}"
KXBTC15M-26APR280830-30,0d13be8f-307e-4b2a-a19a-5a57f7ec5ecf,1777378523,0.55,8.3,no,"{""count_fp"":""8.30"",""created_time"":""2026-04-28T12:15:23.151024Z"",""no_price_dollars"":""0.4500"",""taker_side"":""no"",""ticker"":""KXBTC15M-26APR280830-30"",""trade_id"":""0d13be8f-307e-4b2a-a19a-5a57f7ec5ecf"",""yes_price_dollars"":""0.5500""}"
KXBTC15M-26APR280830-30,ebca96b2-24fe-6f4a-44df-02678409c7a4,1777378523,0.55,17.97,no,"{""count_fp"":""17.97"",""created_time"":""2026-04-28T12:15:23.129589Z"",""no_price_dollars"":""0.4500"",""taker_side"":""no"",""ticker"":""KXBTC15M-26APR280830-30"",""trade_id"":""ebca96b2-24fe-6f4a-44df-02678409c7a4"",""yes_price_dollars"":""0.5500""}"
KXBTC15M-26APR280830-30,c7dc7358-08b6-6f6a-4d75-a9d16e30097f,1777378523,0.55,11.7,no,"{""count_fp"":""11.70"",""created_time"":""2026-04-28T12:15:23.129589Z"",""no_price_dollars"":""0.4500"",""taker_side"":""no"",""ticker"":""KXBTC15M-26APR280830-30"",""trade_id"":""c7dc7358-08b6-6f6a-4d75-a9d16e30097f"",""yes_price_dollars"":""0.5500""}"
KXBTC15M-26APR280830-30,8e655c10-c9eb-4583-8f95-3d2c51f39669,1777378524,0.54,20.0,no,"{""count_fp"":""20.00"",""created_time"":""2026-04-28T12:15:24.843918Z"",""no_price_dollars"":""0.4600"",""taker_side"":""no"",""ticker"":""KXBTC15M-26APR280830-30"",""trade_id"":""8e655c10-c9eb-4583-8f95-3d2c51f39669"",""yes_price_dollars"":""0.5400""}"
KXBTC15M-26APR280830-30,e7885f51-5157-762d-415d-2027c1f2c3cf,1777378524,0.54,20.0,yes,"{""count_fp"":""20.00"",""created_time"":""2026-04-28T12:15:24.229438Z"",""no_price_dollars"":""0.4600"",""taker_side"":""yes"",""ticker"":""KXBTC15M-26APR280830-30"",""trade_id"":""e7885f51-5157-762d-415d-2027c1f2c3cf"",""yes_price_dollars"":""0.5400""}"
KXBTC15M-26APR280830-30,a7989da3-fcf7-77aa-5d98-9711fdbf358a,1777378524,0.54,10.0,yes,"{""count_fp"":""10.00"",""created_time"":""2026-04-28T12:15:24.229438Z"",""no_price_dollars"":""0.4600"",""taker_side"":""yes"",""ticker"":""KXBTC15M-26APR280830-30"",""trade_id"":""a7989da3-fcf7-77aa-5d98-9711fdbf358a"",""yes_price_dollars"":""0.5400""}"
KXBTC15M-26APR280830-30,74163eb2-1523-7926-56ab-e766520944bf,1777378524,0.55,32.3,yes,"{""count_fp"":""32.30"",""created_time"":""2026-04-28T12:15:24.229438Z"",""no_price_dollars"":""0.4500"",""taker_side"":""yes"",""ticker"":""KXBTC15M-26APR280830-30"",""trade_id"":""74163eb2-1523-7926-56ab-e766520944bf"",""yes_price_dollars"":""0.5500""}"
KXBTC15M-26APR280830-30,6dd85f29-36e1-742a-5452-c43037e6581c,1777378524,0.54,16.0,yes,"{""count_fp"":""16.00"",""created_time"":""2026-04-28T12:15:24.229438Z"",""no_price_dollars"":""0.4600"",""taker_side"":""yes"",""ticker"":""KXBTC15M-26APR280830-30"",""trade_id"":""6dd85f29-36e1-742a-5452-c43037e6581c"",""yes_price_dollars"":""0.5400""}"
KXBTC15M-26APR280830-30,aea0121a-1a6a-725b-a71b-3da912ead1ca,1777378525,0.54,14.91,no,"{""count_fp"":""14.91"",""created_time"":""2026-04-28T12:15:25.991918Z"",""no_price_dollars"":""0.4600"",""taker_side"":""no"",""ticker"":""KXBTC15M-26APR280830-30"",""trade_id"":""aea0121a-1a6a-725b-a71b-3da912ead1ca"",""yes_price_dollars"":""0.5400""}"
KXBTC15M-26APR280830-30,778f41e4-bbcf-7961-a64e-ce0fb31382a5,1777378525,0.54,5.09,no,"{""count_fp"":""5.09"",""created_time"":""2026-04-28T12:15:25.991918Z"",""no_price_dollars"":""0.4600"",""taker_side"":""no"",""ticker"":""KXBTC15M-26APR280830-30"",""trade_id"":""778f41e4-bbcf-7961-a64e-ce0fb31382a5"",""yes_price_dollars"":""0.5400""}"
KXBTC15M-26APR280830-30,ca0702b1-7286-4d63-bd97-5f64df51a726,1777378525,0.54,2.5,no,"{""count_fp"":""2.50"",""created_time"":""2026-04-28T12:15:25.936914Z"",""no_price_dollars"":""0.4600"",""taker_side"":""no"",""ticker"":""KXBTC15M-26APR280830-30"",""trade_id"":""ca0702b1-7286-4d63-bd97-5f64df51a726"",""yes_price_dollars"":""0.5400""}"
KXBTC15M-26APR280830-30,c6264923-80bc-639b-3bcd-2425b45df7dd,1777378525,0.55,22.91,yes,"{""count_fp"":""22.91"",""created_time"":""2026-04-28T12:15:25.914937Z"",""no_price_dollars"":""0.4500"",""taker_side"":""yes"",""ticker"":""KXBTC15M-26APR280830-30"",""trade_id"":""c6264923-80bc-639b-3bcd-2425b45df7dd"",""yes_price_dollars"":""0.5500""}"
KXBTC15M-26APR280830-30,945c135b-0ef0-66d5-35d1-78f58a7f4475,1777378525,0.55,20.39,yes,"{""count_fp"":""20.39"",""created_time"":""2026-04-28T12:15:25.914937Z"",""no_price_dollars"":""0.4500"",""taker_side"":""yes"",""ticker"":""KXBTC15M-26APR280830-30"",""trade_id"":""945c135b-0ef0-66d5-35d1-78f58a7f4475"",""yes_price_dollars"":""0.5500""}"
KXBTC15M-26APR280830-30,14519530-f3e2-71a7-0dc5-f57bc8a582fe,1777378525,0.54,2.08,no,"{""count_fp"":""2.08"",""created_time"":""2026-04-28T12:15:25.762225Z"",""no_price_dollars"":""0.4600"",""taker_side"":""no"",""ticker"":""KXBTC15M-26APR280830-30"",""trade_id"":""14519530-f3e2-71a7-0dc5-f57bc8a582fe"",""yes_price_dollars"":""0.5400""}"
KXBTC15M-26APR280830-30,ae4249eb-6848-4365-7997-c2044cb26e5d,1777378525,0.55,35.61,yes,"{""count_fp"":""35.61"",""created_time"":""2026-04-28T12:15:25.293977Z"",""no_price_dollars"":""0.4500"",""taker_side"":""yes"",""ticker"":""KXBTC15M-26APR280830-30"",""trade_id"":""ae4249eb-6848-4365-7997-c2044cb26e5d"",""yes_price_dollars"":""0.5500""}"
KXBTC15M-26APR280830-30,77f47395-d53c-4c44-6cfc-032a39850e20,1777378525,0.55,50.0,yes,"{""count_fp"":""50.00"",""created_time"":""2026-04-28T12:15:25.293977Z"",""no_price_dollars"":""0.4500"",""taker_side"":""yes"",""ticker"":""KXBTC15M-26APR280830-30"",""trade_id"":""77f47395-d53c-4c44-6cfc-032a39850e20"",""yes_price_dollars"":""0.5500""}"
KXBTC15M-26APR280830-30,2d1ca49c-fe80-4a2a-6ca3-06ae8802505f,1777378525,0.55,1.0,yes,"{""count_fp"":""1.00"",""created_time"":""2026-04-28T12:15:25.293977Z"",""no_price_dollars"":""0.4500"",""taker_side"":""yes"",""ticker"":""KXBTC15M-26APR280830-30"",""trade_id"":""2d1ca49c-fe80-4a2a-6ca3-06ae8802505f"",""yes_price_dollars"":""0.5500""}"
KXBTC15M-26APR280830-30,5e16f548-33a2-51c3-c1eb-98520fa3686a,1777378525,0.54,20.51,no,"{""count_fp"":""20.51"",""created_time"":""2026-04-28T12:15:25.167881Z"",""no_price_dollars"":""0.4600"",""taker_side"":""no"",""ticker"":""KXBTC15M-26APR280830-30"",""trade_id"":""5e16f548-33a2-51c3-c1eb-98520fa3686a"",""yes_price_dollars"":""0.5400""}"
KXBTC15M-26APR280830-30,ee3d188f-6eed-4b7e-45af-690465c55740,1777378525,0.54,3.0,yes,"{""count_fp"":""3.00"",""created_time"":""2026-04-28T12:15:25.006579Z"",""no_price_dollars"":""0.4600"",""taker_side"":""yes"",""ticker"":""KXBTC15M-26APR280830-30"",""trade_id"":""ee3d188f-6eed-4b7e-45af-690465c55740"",""yes_price_dollars"":""0.5400""}"
KXBTC15M-26APR280830-30,8eebfb91-3ad1-453b-565d-cb8951db5518,1777378525,0.54,9.26,yes,"{""count_fp"":""9.26"",""created_time"":""2026-04-28T12:15:25.006579Z"",""no_price_dollars"":""0.4600"",""taker_side"":""yes"",""ticker"":""KXBTC15M-26APR280830-30"",""trade_id"":""8eebfb91-3ad1-453b-565d-cb8951db5518"",""yes_price_dollars"":""0.5400""}"
KXBTC15M-26APR280830-30,23dcbdc1-8027-7afb-312d-eba75092e3f3,1777378526,0.55,3.0,yes,"{""count_fp"":""3.00"",""created_time"":""2026-04-28T12:15:26.891368Z"",""no_price_dollars"":""0.4500"",""taker_side"":""yes"",""ticker"":""KXBTC15M-26APR280830-30"",""trade_id"":""23dcbdc1-8027-7afb-312d-eba75092e3f3"",""yes_price_dollars"":""0.5500""}"
KXBTC15M-26APR280830-30,c848c7f8-0618-4e81-1026-8bed35a27cad,1777378526,0.55,16.47,yes,"{""count_fp"":""16.47"",""created_time"":""2026-04-28T12:15:26.605828Z"",""no_price_dollars"":""0.4500"",""taker_side"":""yes"",""ticker"":""KXBTC15M-26APR280830-30"",""trade_id"":""c848c7f8-0618-4e81-1026-8bed35a27cad"",""yes_price_dollars"":""0.5500""}"
KXBTC15M-26APR280830-30,b82c1611-e82b-4427-2ef4-4a1322ee4633,1777378526,0.55,33.53,yes,"{""count_fp"":""33.53"",""created_time"":""2026-04-28T12:15:26.605828Z"",""no_price_dollars"":""0.4500"",""taker_side"":""yes"",""ticker"":""KXBTC15M-26APR280830-30"",""trade_id"":""b82c1611-e82b-4427-2ef4-4a1322ee4633"",""yes_price_dollars"":""0.5500""}"
KXBTC15M-26APR280830-30,b8e5dc45-4872-45cc-b2b0-a9bda3fa1093,1777378526,0.55,0.88,yes,"{""count_fp"":""0.88"",""created_time"":""2026-04-28T12:15:26.570656Z"",""no_price_dollars"":""0.4500"",""taker_side"":""yes"",""ticker"":""KXBTC15M-26APR280830-30"",""trade_id"":""b8e5dc45-4872-45cc-b2b0-a9bda3fa1093"",""yes_price_dollars"":""0.5500""}"
KXBTC15M-26APR280830-30,ef066730-4c05-66f5-d77b-1549d4bec486,1777378527,0.55,6.25,yes,"{""count_fp"":""6.25"",""created_time"":""2026-04-28T12:15:27.532471Z"",""no_price_dollars"":""0.4500"",""taker_side"":""yes"",""ticker"":""KXBTC15M-26APR280830-30"",""trade_id"":""ef066730-4c05-66f5-d77b-1549d4bec486"",""yes_price_dollars"":""0.5500""}"
KXBTC15M-26APR280830-30,8b972aa3-7f42-5f13-24fc-55821498dd79,1777378528,0.55,22.91,yes,"{""count_fp"":""22.91"",""created_time"":""2026-04-28T12:15:28.611371Z"",""no_price_dollars"":""0.4500"",""taker_side"":""yes"",""ticker"":""KXBTC15M-26APR280830-30"",""trade_id"":""8b972aa3-7f42-5f13-24fc-55821498dd79"",""yes_price_dollars"":""0.5500""}"
KXBTC15M-26APR280830-30,fc8c7f50-bfbb-70b1-1ce4-ca02bd4bfd45,1777378528,0.54,11.72,no,"{""count_fp"":""11.72"",""created_time"":""2026-04-28T12:15:28.318685Z"",""no_price_dollars"":""0.4600"",""taker_side"":""no"",""ticker"":""KXBTC15M-26APR280830-30"",""trade_id"":""fc8c7f50-bfbb-70b1-1ce4-ca02bd4bfd45"",""yes_price_dollars"":""0.5400""}"
KXBTC15M-26APR280830-30,c8b14ad7-42f9-7f15-66e6-3de6c724baee,1777378528,0.55,7.75,yes,"{""count_fp"":""7.75"",""created_time"":""2026-04-28T12:15:28.048341Z"",""no_price_dollars"":""0.4500"",""taker_side"":""yes"",""ticker"":""KXBTC15M-26APR280830-30"",""trade_id"":""c8b14ad7-42f9-7f15-66e6-3de6c724baee"",""yes_price_dollars"":""0.5500""}"
KXBTC15M-26APR280830-30,3f3e5ad2-d9be-7e63-7bf3-b9c705ef3ae1,1777378528,0.55,2.25,yes,"{""count_fp"":""2.25"",""created_time"":""2026-04-28T12:15:28.048341Z"",""no_price_dollars"":""0.4500"",""taker_side"":""yes"",""ticker"":""KXBTC15M-26APR280830-30"",""trade_id"":""3f3e5ad2-d9be-7e63-7bf3-b9c705ef3ae1"",""yes_price_dollars"":""0.5500""}"
KXBTC15M-26APR280830-30,dd38a9ac-2319-5824-c638-c4c61edfabf8,1777378529,0.54,5.09,no,"{""count_fp"":""5.09"",""created_time"":""2026-04-28T12:15:29.501882Z"",""no_price_dollars"":""0.4600"",""taker_side"":""no"",""ticker"":""KXBTC15M-26APR280830-30"",""trade_id"":""dd38a9ac-2319-5824-c638-c4c61edfabf8"",""yes_price_dollars"":""0.5400""}"
KXBTC15M-26APR280830-30,b16e6e90-af03-5d75-f30e-83117ec9ce31,1777378529,0.54,3.19,no,"{""count_fp"":""3.19"",""created_time"":""2026-04-28T12:15:29.501882Z"",""no_price_dollars"":""0.4600"",""taker_side"":""no"",""ticker"":""KXBTC15M-26APR280830-30"",""trade_id"":""b16e6e90-af03-5d75-f30e-83117ec9ce31"",""yes_price_dollars"":""0.5400""}"
KXBTC15M-26APR280830-30,a2e60e51-4f72-5b1e-f846-2fee69905d66,1777378529,0.54,13.88,no,"{""count_fp"":""13.88"",""created_time"":""2026-04-28T12:15:29.501882Z"",""no_price_dollars"":""0.4600"",""taker_side"":""no"",""ticker"":""KXBTC15M-26APR280830-30"",""trade_id"":""a2e60e51-4f72-5b1e-f846-2fee69905d66"",""yes_price_dollars"":""0.5400""}"
KXBTC15M-26APR280830-30,9b77d33e-3470-591e-ef13-14b082ae9e51,1777378529,0.54,1.0,no,"{""count_fp"":""1.00"",""created_time"":""2026-04-28T12:15:29.501882Z"",""no_price_dollars"":""0.4600"",""taker_side"":""no"",""ticker"":""KXBTC15M-26APR280830-30"",""trade_id"":""9b77d33e-3470-591e-ef13-14b082ae9e51"",""yes_price_dollars"":""0.5400""}"
KXBTC15M-26APR280830-30,8f74deab-afe8-5979-ff4f-77e09be707b7,1777378529,0.54,5.0,no,"{""count_fp"":""5.00"",""created_time"":""2026-04-28T12:15:29.501882Z"",""no_price_dollars"":""0.4600"",""taker_side"":""no"",""ticker"":""KXBTC15M-26APR280830-30"",""trade_id"":""8f74deab-afe8-5979-ff4f-77e09be707b7"",""yes_price_dollars"":""0.5400""}"
KXBTC15M-26APR280830-30,6f229e07-dd79-5050-d021-9fff62e8ad53,1777378529,0.54,10.0,no,"{""count_fp"":""10.00"",""created_time"":""2026-04-28T12:15:29.501882Z"",""no_price_dollars"":""0.4600"",""taker_side"":""no"",""ticker"":""KXBTC15M-26APR280830-30"",""trade_id"":""6f229e07-dd79-5050-d021-9fff62e8ad53"",""yes_price_dollars"":""0.5400""}"
KXBTC15M-26APR280830-30,49b641a0-630c-5dc1-d70a-3e98755dbef2,1777378530,0.55,1.0,yes,"{""count_fp"":""1.00"",""created_time"":""2026-04-28T12:15:30.442162Z"",""no_price_dollars"":""0.4500"",""taker_side"":""yes"",""ticker"":""KXBTC15M-26APR280830-30"",""trade_id"":""49b641a0-630c-5dc1-d70a-3e98755dbef2"",""yes_price_dollars"":""0.5500""}"
KXBTC15M-26APR280830-30,559ccda2-e5d8-578d-6c24-e436ccd30d4a,1777378530,0.55,1.0,yes,"{""count_fp"":""1.00"",""created_time"":""2026-04-28T12:15:30.129957Z"",""no_price_dollars"":""0.4500"",""taker_side"":""yes"",""ticker"":""KXBTC15M-26APR280830-30"",""trade_id"":""559ccda2-e5d8-578d-6c24-e436ccd30d4a"",""yes_price_dollars"":""0.5500""}"
KXBTC15M-26APR280830-30,82d7c57b-aaef-7200-742d-44afa8361a91,1777378531,0.54,1.0,no,"{""count_fp"":""1.00"",""created_time"":""2026-04-28T12:15:31.439136Z"",""no_price_dollars"":""0.4600"",""taker_side"":""no"",""ticker"":""KXBTC15M-26APR280830-30"",""trade_id"":""82d7c57b-aaef-7200-742d-44afa8361a91"",""yes_price_dollars"":""0.5400""}"
KXBTC15M-26APR280830-30,aba70917-0e78-7e1f-c076-b0001f6f6c68,1777378532,0.55,8.81,yes,"{""count_fp"":""8.81"",""created_time"":""2026-04-28T12:15:32.759557Z"",""no_price_dollars"":""0.4500"",""taker_side"":""yes"",""ticker"":""KXBTC15M-26APR280830-30"",""trade_id"":""aba70917-0e78-7e1f-c076-b0001f6f6c68"",""yes_price_dollars"":""0.5500""}"
KXBTC15M-26APR280830-30,6c00d667-4a78-41b7-3253-f4360a817a14,1777378532,0.55,8.28,yes,"{""count_fp"":""8.28"",""created_time"":""2026-04-28T12:15:32.587879Z"",""no_price_dollars"":""0.4500"",""taker_side"":""yes"",""ticker"":""KXBTC15M-26APR280830-30"",""trade_id"":""6c00d667-4a78-41b7-3253-f4360a817a14"",""yes_price_dollars"":""0.5500""}"
KXBTC15M-26APR280830-30,693be5f2-a6ce-4b2b-338d-787507908a96,1777378532,0.55,6.34,yes,"{""count_fp"":""6.34"",""created_time"":""2026-04-28T12:15:32.587879Z"",""no_price_dollars"":""0.4500"",""taker_side"":""yes"",""ticker"":""KXBTC15M-26APR280830-30"",""trade_id"":""693be5f2-a6ce-4b2b-338d-787507908a96"",""yes_price_dollars"":""0.5500""}"
KXBTC15M-26APR280830-30,48b1b9b8-8dbd-4b55-1282-8394dc24edf9,1777378532,0.55,3.0,yes,"{""count_fp"":""3.00"",""created_time"":""2026-04-28T12:15:32.587879Z"",""no_price_dollars"":""0.4500"",""taker_side"":""yes"",""ticker"":""KXBTC15M-26APR280830-30"",""trade_id"":""48b1b9b8-8dbd-4b55-1282-8394dc24edf9"",""yes_price_dollars"":""0.5500""}"
KXBTC15M-26APR280830-30,3c63f494-290c-7280-574e-cf370f4fefb2,1777378533,0.53,9.87,yes,"{""count_fp"":""9.87"",""created_time"":""2026-04-28T12:15:33.446429Z"",""no_price_dollars"":""0.4700"",""taker_side"":""yes"",""ticker"":""KXBTC15M-26APR280830-30"",""trade_id"":""3c63f494-290c-7280-574e-cf370f4fefb2"",""yes_price_dollars"":""0.5300""}"
KXBTC15M-26APR280830-30,3681fd43-513b-7d48-51f6-61248cf0ccf8,1777378533,0.53,3.0,yes,"{""count_fp"":""3.00"",""created_time"":""2026-04-28T12:15:33.446429Z"",""no_price_dollars"":""0.4700"",""taker_side"":""yes"",""ticker"":""KXBTC15M-26APR280830-30"",""trade_id"":""3681fd43-513b-7d48-51f6-61248cf0ccf8"",""yes_price_dollars"":""0.5300""}"
KXBTC15M-26APR280830-30,32b312be-4082-7073-41a7-cc3d94b59dd6,1777378533,0.53,22.38,yes,"{""count_fp"":""22.38"",""created_time"":""2026-04-28T12:15:33.446429Z"",""no_price_dollars"":""0.4700"",""taker_side"":""yes"",""ticker"":""KXBTC15M-26APR280830-30"",""trade_id"":""32b312be-4082-7073-41a7-cc3d94b59dd6"",""yes_price_dollars"":""0.5300""}"
KXBTC15M-26APR280830-30,db713e98-a746-5be7-4615-60c4f6f52032,1777378533,0.53,17.62,yes,"{""count_fp"":""17.62"",""created_time"":""2026-04-28T12:15:33.324101Z"",""no_price_dollars"":""0.4700"",""taker_side"":""yes"",""ticker"":""KXBTC15M-26APR280830-30"",""trade_id"":""db713e98-a746-5be7-4615-60c4f6f52032"",""yes_price_dollars"":""0.5300""}"
KXBTC15M-26APR280830-30,7fdcb49b-dd01-720a-ceb1-e27e89ded6e6,1777378533,0.54,1.43,no,"{""count_fp"":""1.43"",""created_time"":""2026-04-28T12:15:33.194808Z"",""no_price_dollars"":""0.4600"",""taker_side"":""no"",""ticker"":""KXBTC15M-26APR280830-30"",""trade_id"":""7fdcb49b-dd01-720a-ceb1-e27e89ded6e6"",""yes_price_dollars"":""0.5400""}"
KXBTC15M-26APR280830-30,3ef3bdf7-5426-7b6d-ffef-267b971d0457,1777378533,0.53,20.0,no,"{""count_fp"":""20.00"",""created_time"":""2026-04-28T12:15:33.194808Z"",""no_price_dollars"":""0.4700"",""taker_side"":""no"",""ticker"":""KXBTC15M-26APR280830-30"",""trade_id"":""3ef3bdf7-5426-7b6d-ffef-267b971d0457"",""yes_price_dollars"":""0.5300""}"
KXBTC15M-26APR280830-30,2a8392dd-a31f-7359-d46e-f557c59f1e00,1777378533,0.53,33.12,no,"{""count_fp"":""33.12"",""created_time"":""2026-04-28T12:15:33.194808Z"",""no_price_dollars"":""0.4700"",""taker_side"":""no"",""ticker"":""KXBTC15M-26APR280830-30"",""trade_id"":""2a8392dd-a31f-7359-d46e-f557c59f1e00"",""yes_price_dollars"":""0.5300""}"
KXBTC15M-26APR280830-30,e6d04d63-aca5-508e-3195-aafb0708449e,1777378533,0.54,12.57,no,"{""count_fp"":""12.57"",""created_time"":""2026-04-28T12:15:33.185899Z"",""no_price_dollars"":""0.4600"",""taker_side"":""no"",""ticker"":""KXBTC15M-26APR280830-30"",""trade_id"":""e6d04d63-aca5-508e-3195-aafb0708449e"",""yes_price_dollars"":""0.5400""}"
KXBTC15M-26APR280830-30,cff71d15-f103-5e97-1870-68d96ae14222,1777378533,0.54,9.0,no,"{""count_fp"":""9.00"",""created_time"":""2026-04-28T12:15:33.185899Z"",""no_price_dollars"":""0.4600"",""taker_side"":""no"",""ticker"":""KXBTC15M-26APR280830-30"",""trade_id"":""cff71d15-f103-5e97-1870-68d96ae14222"",""yes_price_dollars"":""0.5400""}"
KXBTC15M-26APR280830-30,21116d60-6d0c-6a88-8011-180bbc1ccabe,1777378534,0.52,299.57,yes,"{""count_fp"":""299.57"",""created_time"":""2026-04-28T12:15:34.956817Z"",""no_price_dollars"":""0.4800"",""taker_side"":""yes"",""ticker"":""KXBTC15M-26APR280830-30"",""trade_id"":""21116d60-6d0c-6a88-8011-180bbc1ccabe"",""yes_price_dollars"":""0.5200""}"
KXBTC15M-26APR280830-30,ebdfa7db-b468-4a04-b12b-43d4fffc3252,1777378534,0.52,0.88,yes,"{""count_fp"":""0.88"",""created_time"":""2026-04-28T12:15:34.346197Z"",""no_price_dollars"":""0.4800"",""taker_side"":""yes"",""ticker"":""KXBTC15M-26APR280830-30"",""trade_id"":""ebdfa7db-b468-4a04-b12b-43d4fffc3252"",""yes_price_dollars"":""0.5200""}"
KXBTC15M-26APR280830-30,7e3de585-9f5b-6a35-5c2f-9708e5162f43,1777378534,0.52,3.0,yes,"{""count_fp"":""3.00"",""created_time"":""2026-04-28T12:15:34.162175Z"",""no_price_dollars"":""0.4800"",""taker_side"":""yes"",""ticker"":""KXBTC15M-26APR280830-30"",""trade_id"":""7e3de585-9f5b-6a35-5c2f-9708e5162f43"",""yes_price_dollars"":""0.5200""}"
KXBTC15M-26APR280830-30,1e64345d-5460-6e98-6e1d-b112c5d69dbe,1777378534,0.52,22.0,yes,"{""count_fp"":""22.00"",""created_time"":""2026-04-28T12:15:34.162175Z"",""no_price_dollars"":""0.4800"",""taker_side"":""yes"",""ticker"":""KXBTC15M-26APR280830-30"",""trade_id"":""1e64345d-5460-6e98-6e1d-b112c5d69dbe"",""yes_price_dollars"":""0.5200""}"
KXBTC15M-26APR280830-30,8e15a6b1-fa82-538d-07d2-6d1b82d5e53f,1777378534,0.51,7.88,no,"{""count_fp"":""7.88"",""created_time"":""2026-04-28T12:15:34.082927Z"",""no_price_dollars"":""0.4900"",""taker_side"":""no"",""ticker"":""KXBTC15M-26APR280830-30"",""trade_id"":""8e15a6b1-fa82-538d-07d2-6d1b82d5e53f"",""yes_price_dollars"":""0.5100""}"
KXBTC15M-26APR280830-30,67948f69-854a-514f-1028-67c26fcd858e,1777378534,0.52,2.0,no,"{""count_fp"":""2.00"",""created_time"":""2026-04-28T12:15:34.082927Z"",""no_price_dollars"":""0.4800"",""taker_side"":""no"",""ticker"":""KXBTC15M-26APR280830-30"",""trade_id"":""67948f69-854a-514f-1028-67c26fcd858e"",""yes_price_dollars"":""0.5200""}"
KXBTC15M-26APR280830-30,4bce6d15-7146-7d22-4c20-54324c181ae0,1777378535,0.52,1.82,yes,"{""count_fp"":""1.82"",""created_time"":""2026-04-28T12:15:35.407286Z"",""no_price_dollars"":""0.4800"",""taker_side"":""yes"",""ticker"":""KXBTC15M-26APR280830-30"",""trade_id"":""4bce6d15-7146-7d22-4c20-54324c181ae0"",""yes_price_dollars"":""0.5200""}"
KXBTC15M-26APR280830-30,2f65443a-26d6-53a5-f1a7-0edac83927db,1777378535,0.51,22.12,no,"{""count_fp"":""22.12"",""created_time"":""2026-04-28T12:15:35.309599Z"",""no_price_dollars"":""0.4900"",""taker_side"":""no"",""ticker"":""KXBTC15M-26APR280830-30"",""trade_id"":""2f65443a-26d6-53a5-f1a7-0edac83927db"",""yes_price_dollars"":""0.5100""}"
KXBTC15M-26APR280830-30,10ee37e7-af0c-5711-fd69-053f07ec882b,1777378535,0.51,7.14,no,"{""count_fp"":""7.14"",""created_time"":""2026-04-28T12:15:35.309599Z"",""no_price_dollars"":""0.4900"",""taker_side"":""no"",""ticker"":""KXBTC15M-26APR280830-30"",""trade_id"":""10ee37e7-af0c-5711-fd69-053f07ec882b"",""yes_price_dollars"":""0.5100""}"
KXBTC15M-26APR280830-30,04892858-976c-588d-e3b4-4b948f5f65c0,1777378535,0.51,20.0,no,"{""count_fp"":""20.00"",""created_time"":""2026-04-28T12:15:35.309599Z"",""no_price_dollars"":""0.4900"",""taker_side"":""no"",""ticker"":""KXBTC15M-26APR280830-30"",""trade_id"":""04892858-976c-588d-e3b4-4b948f5f65c0"",""yes_price_dollars"":""0.5100""}"
KXBTC15M-26APR280830-30,4967fa9c-d0c5-6e7e-c0bf-c97aeba37b1a,1777378536,0.52,18.97,no,"{""count_fp"":""18.97"",""created_time"":""2026-04-28T12:15:36.841505Z"",""no_price_dollars"":""0.4800"",""taker_side"":""no"",""ticker"":""KXBTC15M-26APR280830-30"",""trade_id"":""4967fa9c-d0c5-6e7e-c0bf-c97aeba37b1a"",""yes_price_dollars"":""0.5200""}"
KXBTC15M-26APR280830-30,b5fe8847-738e-5871-61ba-1580a760e20e,1777378536,0.53,40.0,yes,"{""count_fp"":""40.00"",""created_time"":""2026-04-28T12:15:36.716629Z"",""no_price_dollars"":""0.4700"",""taker_side"":""yes"",""ticker"":""KXBTC15M-26APR280830-30"",""trade_id"":""b5fe8847-738e-5871-61ba-1580a760e20e"",""yes_price_dollars"":""0.5300""}"
KXBTC15M-26APR280830-30,988260f0-9528-5018-6a3a-9f94f3900890,1777378536,0.52,1.0,yes,"{""count_fp"":""1.00"",""created_time"":""2026-04-28T12:15:36.716629Z"",""no_price_dollars"":""0.4800"",""taker_side"":""yes"",""ticker"":""KXBTC15M-26APR280830-30"",""trade_id"":""988260f0-9528-5018-6a3a-9f94f3900890"",""yes_price_dollars"":""0.5200""}"
KXBTC15M-26APR280830-30,6201d87a-3450-5c77-5ced-11d687c3a88c,1777378536,0.52,20.0,yes,"{""count_fp"":""20.00"",""created_time"":""2026-04-28T12:15:36.716629Z"",""no_price_dollars"":""0.4800"",""taker_side"":""yes"",""ticker"":""KXBTC15M-26APR280830-30"",""trade_id"":""6201d87a-3450-5c77-5ced-11d687c3a88c"",""yes_price_dollars"":""0.5200""}"
KXBTC15M-26APR280830-30,52b64856-8da1-5962-765f-c205549b3100,1777378536,0.53,3.0,yes,"{""count_fp"":""3.00"",""created_time"":""2026-04-28T12:15:36.716629Z"",""no_price_dollars"":""0.4700"",""taker_side"":""yes"",""ticker"":""KXBTC15M-26APR280830-30"",""trade_id"":""52b64856-8da1-5962-765f-c205549b3100"",""yes_price_dollars"":""0.5300""}"
KXBTC15M-26APR280830-30,3b0c0dca-4fd4-539c-7633-edda92d59626,1777378536,0.53,12.73,yes,"{""count_fp"":""12.73"",""created_time"":""2026-04-28T12:15:36.716629Z"",""no_price_dollars"":""0.4700"",""taker_side"":""yes"",""ticker"":""KXBTC15M-26APR280830-30"",""trade_id"":""3b0c0dca-4fd4-539c-7633-edda92d59626"",""yes_price_dollars"":""0.5300""}"
KXBTC15M-26APR280830-30,29cde53c-6013-58f6-5bc5-16e554fbe26e,1777378536,0.53,5.0,yes,"{""count_fp"":""5.00"",""created_time"":""2026-04-28T12:15:36.716629Z"",""no_price_dollars"":""0.4700"",""taker_side"":""yes"",""ticker"":""KXBTC15M-26APR280830-30"",""trade_id"":""29cde53c-6013-58f6-5bc5-16e554fbe26e"",""yes_price_dollars"":""0.5300""}"
KXBTC15M-26APR280830-30,56fb66ec-d3ae-5cf2-d3fb-019b886f4be4,1777378536,0.52,2.0,yes,"{""count_fp"":""2.00"",""created_time"":""2026-04-28T12:15:36.134886Z"",""no_price_dollars"":""0.4800"",""taker_side"":""yes"",""ticker"":""KXBTC15M-26APR280830-30"",""trade_id"":""56fb66ec-d3ae-5cf2-d3fb-019b886f4be4"",""yes_price_dollars"":""0.5200""}"
KXBTC15M-26APR280830-30,2868c840-5aa0-691d-9e61-ddda9b80ce53,1777378536,0.51,4.0,no,"{""count_fp"":""4.00"",""created_time"":""2026-04-28T12:15:36.093359Z"",""no_price_dollars"":""0.4900"",""taker_side"":""no"",""ticker"":""KXBTC15M-26APR280830-30"",""trade_id"":""2868c840-5aa0-691d-9e61-ddda9b80ce53"",""yes_price_dollars"":""0.5100""}"
KXBTC15M-26APR280830-30,eca493f3-4930-43a0-25ad-b8f1818db40e,1777378537,0.53,42.38,yes,"{""count_fp"":""42.38"",""created_time"":""2026-04-28T12:15:37.983531Z"",""no_price_dollars"":""0.4700"",""taker_side"":""yes"",""ticker"":""KXBTC15M-26APR280830-30"",""trade_id"":""eca493f3-4930-43a0-25ad-b8f1818db40e"",""yes_price_dollars"":""0.5300""}"
KXBTC15M-26APR280830-30,974c5b75-3d11-4602-2d6c-7bb69decef65,1777378537,0.53,20.0,yes,"{""count_fp"":""20.00"",""created_time"":""2026-04-28T12:15:37.983531Z"",""no_price_dollars"":""0.4700"",""taker_side"":""yes"",""ticker"":""KXBTC15M-26APR280830-30"",""trade_id"":""974c5b75-3d11-4602-2d6c-7bb69decef65"",""yes_price_dollars"":""0.5300""}"
KXBTC15M-26APR280830-30,8b45384b-a941-442a-3465-d432d327daf4,1777378537,0.53,10.0,yes,"{""count_fp"":""10.00"",""created_time"":""2026-04-28T12:15:37.983531Z"",""no_price_dollars"":""0.4700"",""taker_side"":""yes"",""ticker"":""KXBTC15M-26APR280830-30"",""trade_id"":""8b45384b-a941-442a-3465-d432d327daf4"",""yes_price_dollars"":""0.5300""}"
KXBTC15M-26APR280830-30,d478a142-8756-633e-6d11-5b878ffc38a9,1777378537,0.52,20.0,no,"{""count_fp"":""20.00"",""created_time"":""2026-04-28T12:15:37.748905Z"",""no_price_dollars"":""0.4800"",""taker_side"":""no"",""ticker"":""KXBTC15M-26APR280830-30"",""trade_id"":""d478a142-8756-633e-6d11-5b878ffc38a9"",""yes_price_dollars"":""0.5200""}"
KXBTC15M-26APR280830-30,c6e39cff-cab9-6e7e-5b10-30462ced1e2a,1777378537,0.52,21.03,no,"{""count_fp"":""21.03"",""created_time"":""2026-04-28T12:15:37.748905Z"",""no_price_dollars"":""0.4800"",""taker_side"":""no"",""ticker"":""KXBTC15M-26APR280830-30"",""trade_id"":""c6e39cff-cab9-6e7e-5b10-30462ced1e2a"",""yes_price_dollars"":""0.5200""}"
KXBTC15M-26APR280830-30,2f2eaea6-0f24-68ad-61d6-5d4d8c4b9dac,1777378537,0.52,6.15,no,"{""count_fp"":""6.15"",""created_time"":""2026-04-28T12:15:37.748905Z"",""no_price_dollars"":""0.4800"",""taker_side"":""no"",""ticker"":""KXBTC15M-26APR280830-30"",""trade_id"":""2f2eaea6-0f24-68ad-61d6-5d4d8c4b9dac"",""yes_price_dollars"":""0.5200""}"
KXBTC15M-26APR280830-30,11158f99-0aac-6850-776f-1f1ddd071457,1777378537,0.52,3.82,no,"{""count_fp"":""3.82"",""created_time"":""2026-04-28T12:15:37.748905Z"",""no_price_dollars"":""0.4800"",""taker_side"":""no"",""ticker"":""KXBTC15M-26APR280830-30"",""trade_id"":""11158f99-0aac-6850-776f-1f1ddd071457"",""yes_price_dollars"":""0.5200""}"
KXBTC15M-26APR280830-30,853db8c3-8b98-76d2-2e8c-6a318a1d3245,1777378538,0.52,5.0,no,"{""count_fp"":""5.00"",""created_time"":""2026-04-28T12:15:38.719531Z"",""no_price_dollars"":""0.4800"",""taker_side"":""no"",""ticker"":""KXBTC15M-26APR280830-30"",""trade_id"":""853db8c3-8b98-76d2-2e8c-6a318a1d3245"",""yes_price_dollars"":""0.5200""}"
KXBTC15M-26APR280830-30,43bcfcfd-e098-7ac1-0617-494c6ea47f64,1777378538,0.52,3.85,no,"{""count_fp"":""3.85"",""created_time"":""2026-04-28T12:15:38.719531Z"",""no_price_dollars"":""0.4800"",""taker_side"":""no"",""ticker"":""KXBTC15M-26APR280830-30"",""trade_id"":""43bcfcfd-e098-7ac1-0617-494c6ea47f64"",""yes_price_dollars"":""0.5200""}"
KXBTC15M-26APR280830-30,071d20ec-4c68-7fbb-3f41-35f5c9e24720,1777378538,0.52,30.55,no,"{""count_fp"":""30.55"",""created_time"":""2026-04-28T12:15:38.719531Z"",""no_price_dollars"":""0.4800"",""taker_side"":""no"",""ticker"":""KXBTC15M-26APR280830-30"",""trade_id"":""071d20ec-4c68-7fbb-3f41-35f5c9e24720"",""yes_price_dollars"":""0.5200""}"
KXBTC15M-26APR280830-30,94e6a7f3-5108-7eb0-da2e-1384d424cdd2,1777378538,0.53,49.22,yes,"{""count_fp"":""49.22"",""created_time"":""2026-04-28T12:15:38.254837Z"",""no_price_dollars"":""0.4700"",""taker_side"":""yes"",""ticker"":""KXBTC15M-26APR280830-30"",""trade_id"":""94e6a7f3-5108-7eb0-da2e-1384d424cdd2"",""yes_price_dollars"":""0.5300""}"
KXBTC15M-26APR280830-30,6e23b72a-0648-47a2-f15a-0502bd32e7eb,1777378539,0.53,1.82,yes,"{""count_fp"":""1.82"",""created_time"":""2026-04-28T12:15:39.453149Z"",""no_price_dollars"":""0.4700"",""taker_side"":""yes"",""ticker"":""KXBTC15M-26APR280830-30"",""trade_id"":""6e23b72a-0648-47a2-f15a-0502bd32e7eb"",""yes_price_dollars"":""0.5300""}"
KXBTC15M-26APR280830-30,f66c16ad-a4d5-4554-eb89-7820068f7d7a,1777378540,0.53,18.26,yes,"{""count_fp"":""18.26"",""created_time"":""2026-04-28T12:15:40.249265Z"",""no_price_dollars"":""0.4700"",""taker_side"":""yes"",""ticker"":""KXBTC15M-26APR280830-30"",""trade_id"":""f66c16ad-a4d5-4554-eb89-7820068f7d7a"",""yes_price_dollars"":""0.5300""}"
KXBTC15M-26APR280830-30,f76e9155-5b22-63e0-2131-4f55b785aced,1777378540,0.53,5.0,yes,"{""count_fp"":""5.00"",""created_time"":""2026-04-28T12:15:40.194166Z"",""no_price_dollars"":""0.4700"",""taker_side"":""yes"",""ticker"":""KXBTC15M-26APR280830-30"",""trade_id"":""f76e9155-5b22-63e0-2131-4f55b785aced"",""yes_price_dollars"":""0.5300""}"
KXBTC15M-26APR280830-30,c648c32d-3bf9-6da0-2cdf-c98211d4257a,1777378540,0.53,317.33,yes,"{""count_fp"":""317.33"",""created_time"":""2026-04-28T12:15:40.194166Z"",""no_price_dollars"":""0.4700"",""taker_side"":""yes"",""ticker"":""KXBTC15M-26APR280830-30"",""trade_id"":""c648c32d-3bf9-6da0-2cdf-c98211d4257a"",""yes_price_dollars"":""0.5300""}"
KXBTC15M-26APR280830-30,99f010c4-0de5-6f6c-2eac-aed986ee9439,1777378540,0.53,40.0,yes,"{""count_fp"":""40.00"",""created_time"":""2026-04-28T12:15:40.194166Z"",""no_price_dollars"":""0.4700"",""taker_side"":""yes"",""ticker"":""KXBTC15M-26APR280830-30"",""trade_id"":""99f010c4-0de5-6f6c-2eac-aed986ee9439"",""yes_price_dollars"":""0.5300""}"
KXBTC15M-26APR280830-30,4f97691a-51ee-61a0-1d41-2c71e744f35f,1777378540,0.53,3.0,yes,"{""count_fp"":""3.00"",""created_time"":""2026-04-28T12:15:40.194166Z"",""no_price_dollars"":""0.4700"",""taker_side"":""yes"",""ticker"":""KXBTC15M-26APR280830-30"",""trade_id"":""4f97691a-51ee-61a0-1d41-2c71e744f35f"",""yes_price_dollars"":""0.5300""}"
KXBTC15M-26APR280830-30,a5e6613b-b5d1-636d-b763-2f0ed81f0097,1777378541,0.54,35.34,yes,"{""count_fp"":""35.34"",""created_time"":""2026-04-28T12:15:41.881289Z"",""no_price_dollars"":""0.4600"",""taker_side"":""yes"",""ticker"":""KXBTC15M-26APR280830-30"",""trade_id"":""a5e6613b-b5d1-636d-b763-2f0ed81f0097"",""yes_price_dollars"":""0.5400""}"
KXBTC15M-26APR280830-30,f4dff137-af5d-67d8-821e-6726c16d1fe6,1777378541,0.53,1.0,yes,"{""count_fp"":""1.00"",""created_time"":""2026-04-28T12:15:41.764402Z"",""no_price_dollars"":""0.4700"",""taker_side"":""yes"",""ticker"":""KXBTC15M-26APR280830-30"",""trade_id"":""f4dff137-af5d-67d8-821e-6726c16d1fe6"",""yes_price_dollars"":""0.5300""}"
KXBTC15M-26APR280830-30,89a2e5f5-eedd-4db5-cde9-68d31b8f1f3c,1777378541,0.52,4.02,no,"{""count_fp"":""4.02"",""created_time"":""2026-04-28T12:15:41.419592Z"",""no_price_dollars"":""0.4800"",""taker_side"":""no"",""ticker"":""KXBTC15M-26APR280830-30"",""trade_id"":""89a2e5f5-eedd-4db5-cde9-68d31b8f1f3c"",""yes_price_dollars"":""0.5200""}"
KXBTC15M-26APR280830-30,b625664c-1889-58bd-8f3c-5dd5e66f3083,1777378542,0.52,356.2,yes,"{""count_fp"":""356.20"",""created_time"":""2026-04-28T12:15:42.979058Z"",""no_price_dollars"":""0.4800"",""taker_side"":""yes"",""ticker"":""KXBTC15M-26APR280830-30"",""trade_id"":""b625664c-1889-58bd-8f3c-5dd5e66f3083"",""yes_price_dollars"":""0.5200""}"
KXBTC15M-26APR280830-30,49d90ab3-9435-57c5-8c38-191251d856eb,1777378542,0.52,2.0,yes,"{""count_fp"":""2.00"",""created_time"":""2026-04-28T12:15:42.621292Z"",""no_price_dollars"":""0.4800"",""taker_side"":""yes"",""ticker"":""KXBTC15M-26APR280830-30"",""trade_id"":""49d90ab3-9435-57c5-8c38-191251d856eb"",""yes_price_dollars"":""0.5200""}"
KXBTC15M-26APR280830-30,59be7124-6739-5049-bc51-df3d4c9ed67b,1777378542,0.52,23.74,yes,"{""count_fp"":""23.74"",""created_time"":""2026-04-28T12:15:42.556524Z"",""no_price_dollars"":""0.4800"",""taker_side"":""yes"",""ticker"":""KXBTC15M-26APR280830-30"",""trade_id"":""59be7124-6739-5049-bc51-df3d4c9ed67b"",""yes_price_dollars"":""0.5200""}"
KXBTC15M-26APR280830-30,1baeafb4-2775-6a25-caa2-1c5f80fff557,1777378542,0.52,39.87,yes,"{""count_fp"":""39.87"",""created_time"":""2026-04-28T12:15:42.505126Z"",""no_price_dollars"":""0.4800"",""taker_side"":""yes"",""ticker"":""KXBTC15M-26APR280830-30"",""trade_id"":""1baeafb4-2775-6a25-caa2-1c5f80fff557"",""yes_price_dollars"":""0.5200""}"
KXBTC15M-26APR280830-30,76b57f22-b0c9-7bfd-2273-56ec0f764423,1777378542,0.52,37.14,yes,"{""count_fp"":""37.14"",""created_time"":""2026-04-28T12:15:42.490636Z"",""no_price_dollars"":""0.4800"",""taker_side"":""yes"",""ticker"":""KXBTC15M-26APR280830-30"",""trade_id"":""76b57f22-b0c9-7bfd-2273-56ec0f764423"",""yes_price_dollars"":""0.5200""}"
KXBTC15M-26APR280830-30,c3e78cbc-827a-496f-fc4f-f494496dee82,1777378542,0.53,40.0,no,"{""count_fp"":""40.00"",""created_time"":""2026-04-28T12:15:42.162296Z"",""no_price_dollars"":""0.4700"",""taker_side"":""no"",""ticker"":""KXBTC15M-26APR280830-30"",""trade_id"":""c3e78cbc-827a-496f-fc4f-f494496dee82"",""yes_price_dollars"":""0.5300""}"
KXBTC15M-26APR280830-30,9dc8f3e4-4683-453c-d358-14181a6d316e,1777378542,0.52,15.0,no,"{""count_fp"":""15.00"",""created_time"":""2026-04-28T12:15:42.162296Z"",""no_price_dollars"":""0.4800"",""taker_side"":""no"",""ticker"":""KXBTC15M-26APR280830-30"",""trade_id"":""9dc8f3e4-4683-453c-d358-14181a6d316e"",""yes_price_dollars"":""0.5200""}"
KXBTC15M-26APR280830-30,73380d88-549a-48aa-f02b-0a17d1adc221,1777378542,0.52,40.0,no,"{""count_fp"":""40.00"",""created_time"":""2026-04-28T12:15:42.162296Z"",""no_price_dollars"":""0.4800"",""taker_side"":""no"",""ticker"":""KXBTC15M-26APR280830-30"",""trade_id"":""73380d88-549a-48aa-f02b-0a17d1adc221"",""yes_price_dollars"":""0.5200""}"
KXBTC15M-26APR280830-30,467dc6bd-4b4a-461e-d46b-d717c9e7b73d,1777378542,0.52,20.0,no,"{""count_fp"":""20.00"",""created_time"":""2026-04-28T12:15:42.162296Z"",""no_price_dollars"":""0.4800"",""taker_side"":""no"",""ticker"":""KXBTC15M-26APR280830-30"",""trade_id"":""467dc6bd-4b4a-461e-d46b-d717c9e7b73d"",""yes_price_dollars"":""0.5200""}"
KXBTC15M-26APR280830-30,297ab64e-f2ad-43ed-d6ea-737fb314f228,1777378542,0.52,3.0,no,"{""count_fp"":""3.00"",""created_time"":""2026-04-28T12:15:42.162296Z"",""no_price_dollars"":""0.4800"",""taker_side"":""no"",""ticker"":""KXBTC15M-26APR280830-30"",""trade_id"":""297ab64e-f2ad-43ed-d6ea-737fb314f228"",""yes_price_dollars"":""0.5200""}"
KXBTC15M-26APR280830-30,2002b0df-ea75-4848-fc96-52cb017595fe,1777378542,0.53,10.0,no,"{""count_fp"":""10.00"",""created_time"":""2026-04-28T12:15:42.162296Z"",""no_price_dollars"":""0.4700"",""taker_side"":""no"",""ticker"":""KXBTC15M-26APR280830-30"",""trade_id"":""2002b0df-ea75-4848-fc96-52cb017595fe"",""yes_price_dollars"":""0.5300""}"
KXBTC15M-26APR280830-30,3263439e-1358-63d1-38b1-6ee09e54196f,1777378543,0.51,15.16,no,"{""count_fp"":""15.16"",""created_time"":""2026-04-28T12:15:43.985047Z"",""no_price_dollars"":""0.4900"",""taker_side"":""no"",""ticker"":""KXBTC15M-26APR280830-30"",""trade_id"":""3263439e-1358-63d1-38b1-6ee09e54196f"",""yes_price_dollars"":""0.5100""}"
KXBTC15M-26APR280830-30,29cb011e-9dd2-634f-3633-7c84ff5dd64d,1777378543,0.51,4.54,no,"{""count_fp"":""4.54"",""created_time"":""2026-04-28T12:15:43.985047Z"",""no_price_dollars"":""0.4900"",""taker_side"":""no"",""ticker"":""KXBTC15M-26APR280830-30"",""trade_id"":""29cb011e-9dd2-634f-3633-7c84ff5dd64d"",""yes_price_dollars"":""0.5100""}"
KXBTC15M-26APR280830-30,b6185168-b3cd-7e8d-9d62-8abd54bd444f,1777378543,0.52,18.26,yes,"{""count_fp"":""18.26"",""created_time"":""2026-04-28T12:15:43.923962Z"",""no_price_dollars"":""0.4800"",""taker_side"":""yes"",""ticker"":""KXBTC15M-26APR280830-30"",""trade_id"":""b6185168-b3cd-7e8d-9d62-8abd54bd444f"",""yes_price_dollars"":""0.5200""}"
KXBTC15M-26APR280830-30,8ef63050-72c1-4a05-d27d-296da1099073,1777378543,0.52,1.82,yes,"{""count_fp"":""1.82"",""created_time"":""2026-04-28T12:15:43.626433Z"",""no_price_dollars"":""0.4800"",""taker_side"":""yes"",""ticker"":""KXBTC15M-26APR280830-30"",""trade_id"":""8ef63050-72c1-4a05-d27d-296da1099073"",""yes_price_dollars"":""0.5200""}"
KXBTC15M-26APR280830-30,48cefdbb-b50d-6169-c07e-69cac92f61f3,1777378543,0.52,2.0,yes,"{""count_fp"":""2.00"",""created_time"":""2026-04-28T12:15:43.390787Z"",""no_price_dollars"":""0.4800"",""taker_side"":""yes"",""ticker"":""KXBTC15M-26APR280830-30"",""trade_id"":""48cefdbb-b50d-6169-c07e-69cac92f61f3"",""yes_price_dollars"":""0.5200""}"
KXBTC15M-26APR280830-30,c49df3e3-5a5c-5acd-794e-6de4d7354763,1777378543,0.51,13.7,no,"{""count_fp"":""13.70"",""created_time"":""2026-04-28T12:15:43.390173Z"",""no_price_dollars"":""0.4900"",""taker_side"":""no"",""ticker"":""KXBTC15M-26APR280830-30"",""trade_id"":""c49df3e3-5a5c-5acd-794e-6de4d7354763"",""yes_price_dollars"":""0.5100""}"
KXBTC15M-26APR280830-30,f9c7414b-0bdd-7245-c3b7-1afa8814c3ab,1777378543,0.52,28.0,yes,"{""count_fp"":""28.00"",""created_time"":""2026-04-28T12:15:43.150908Z"",""no_price_dollars"":""0.4800"",""taker_side"":""yes"",""ticker"":""KXBTC15M-26APR280830-30"",""trade_id"":""f9c7414b-0bdd-7245-c3b7-1afa8814c3ab"",""yes_price_dollars"":""0.5200""}"
KXBTC15M-26APR280830-30,81c3be84-e499-7639-36ed-4bad6d758137,1777378543,0.52,10.0,yes,"{""count_fp"":""10.00"",""created_time"":""2026-04-28T12:15:43.058319Z"",""no_price_dollars"":""0.4800"",""taker_side"":""yes"",""ticker"":""KXBTC15M-26APR280830-30"",""trade_id"":""81c3be84-e499-7639-36ed-4bad6d758137"",""yes_price_dollars"":""0.5200""}"
KXBTC15M-26APR280830-30,6dbc741c-4a91-6a59-d79c-4fad3048895f,1777378544,0.52,3.0,yes,"{""count_fp"":""3.00"",""created_time"":""2026-04-28T12:15:44.814245Z"",""no_price_dollars"":""0.4800"",""taker_side"":""yes"",""ticker"":""KXBTC15M-26APR280830-30"",""trade_id"":""6dbc741c-4a91-6a59-d79c-4fad3048895f"",""yes_price_dollars"":""0.5200""}"
KXBTC15M-26APR280830-30,694ca5e2-b2fd-40ad-a28e-0a1756ce24c7,1777378544,0.52,1.48,yes,"{""count_fp"":""1.48"",""created_time"":""2026-04-28T12:15:44.705188Z"",""no_price_dollars"":""0.4800"",""taker_side"":""yes"",""ticker"":""KXBTC15M-26APR280830-30"",""trade_id"":""694ca5e2-b2fd-40ad-a28e-0a1756ce24c7"",""yes_price_dollars"":""0.5200""}"
KXBTC15M-26APR280830-30,530297c8-bb95-4fd9-bca0-76b2f03a79a7,1777378544,0.52,1.0,yes,"{""count_fp"":""1.00"",""created_time"":""2026-04-28T12:15:44.579118Z"",""no_price_dollars"":""0.4800"",""taker_side"":""yes"",""ticker"":""KXBTC15M-26APR280830-30"",""trade_id"":""530297c8-bb95-4fd9-bca0-76b2f03a79a7"",""yes_price_dollars"":""0.5200""}"
KXBTC15M-26APR280830-30,68e37bb9-f3e0-6426-4947-9e668d8d445d,1777378544,0.51,1.0,no,"{""count_fp"":""1.00"",""created_time"":""2026-04-28T12:15:44.518301Z"",""no_price_dollars"":""0.4900"",""taker_side"":""no"",""ticker"":""KXBTC15M-26APR280830-30"",""trade_id"":""68e37bb9-f3e0-6426-4947-9e668d8d445d"",""yes_price_dollars"":""0.5100""}"
KXBTC15M-26APR280830-30,bbacdbdd-4bae-75f3-c944-b43f1dadcaa5,1777378544,0.51,41.61,no,"{""count_fp"":""41.61"",""created_time"":""2026-04-28T12:15:44.424861Z"",""no_price_dollars"":""0.4900"",""taker_side"":""no"",""ticker"":""KXBTC15M-26APR280830-30"",""trade_id"":""bbacdbdd-4bae-75f3-c944-b43f1dadcaa5"",""yes_price_dollars"":""0.5100""}"
KXBTC15M-26APR280830-30,8c6fb46d-4050-75fa-dca5-5a106e114ead,1777378544,0.51,101.05,no,"{""count_fp"":""101.05"",""created_time"":""2026-04-28T12:15:44.424861Z"",""no_price_dollars"":""0.4900"",""taker_side"":""no"",""ticker"":""KXBTC15M-26APR280830-30"",""trade_id"":""8c6fb46d-4050-75fa-dca5-5a106e114ead"",""yes_price_dollars"":""0.5100""}"
KXBTC15M-26APR280830-30,39260d98-df46-74ed-d20a-eb3f40e3649c,1777378544,0.51,5.0,no,"{""count_fp"":""5.00"",""created_time"":""2026-04-28T12:15:44.424861Z"",""no_price_dollars"":""0.4900"",""taker_side"":""no"",""ticker"":""KXBTC15M-26APR280830-30"",""trade_id"":""39260d98-df46-74ed-d20a-eb3f40e3649c"",""yes_price_dollars"":""0.5100""}"
KXBTC15M-26APR280830-30,054bc9f7-6289-6305-5bc3-d2c8e7a0db73,1777378544,0.52,1.65,yes,"{""count_fp"":""1.65"",""created_time"":""2026-04-28T12:15:44.352773Z"",""no_price_dollars"":""0.4800"",""taker_side"":""yes"",""ticker"":""KXBTC15M-26APR280830-30"",""trade_id"":""054bc9f7-6289-6305-5bc3-d2c8e7a0db73"",""yes_price_dollars"":""0.5200""}"
KXBTC15M-26APR280830-30,c46c7163-825e-4127-a295-42268ae02049,1777378544,0.51,9.85,no,"{""count_fp"":""9.85"",""created_time"":""2026-04-28T12:15:44.282413Z"",""no_price_dollars"":""0.4900"",""taker_side"":""no"",""ticker"":""KXBTC15M-26APR280830-30"",""trade_id"":""c46c7163-825e-4127-a295-42268ae02049"",""yes_price_dollars"":""0.5100""}"
KXBTC15M-26APR280830-30,73085927-09b9-5cc5-4e65-a0309962aff3,1777378545,0.52,9.3,yes,"{""count_fp"":""9.30"",""created_time"":""2026-04-28T12:15:45.771484Z"",""no_price_dollars"":""0.4800"",""taker_side"":""yes"",""ticker"":""KXBTC15M-26APR280830-30"",""trade_id"":""73085927-09b9-5cc5-4e65-a0309962aff3"",""yes_price_dollars"":""0.5200""}"
KXBTC15M-26APR280830-30,e14d6b01-c955-439d-19b5-dd1a50ca6437,1777378545,0.52,37.21,yes,"{""count_fp"":""37.21"",""created_time"":""2026-04-28T12:15:45.205477Z"",""no_price_dollars"":""0.4800"",""taker_side"":""yes"",""ticker"":""KXBTC15M-26APR280830-30"",""trade_id"":""e14d6b01-c955-439d-19b5-dd1a50ca6437"",""yes_price_dollars"":""0.5200""}"
KXBTC15M-26APR280830-30,f3fe27a4-5d04-6d7e-a52c-8f9b086608c9,1777378546,0.51,1.0,no,"{""count_fp"":""1.00"",""created_time"":""2026-04-28T12:15:46.508343Z"",""no_price_dollars"":""0.4900"",""taker_side"":""no"",""ticker"":""KXBTC15M-26APR280830-30"",""trade_id"":""f3fe27a4-5d04-6d7e-a52c-8f9b086608c9"",""yes_price_dollars"":""0.5100""}"
KXBTC15M-26APR280830-30,a03bd9ec-8d5c-561e-c046-646694bf8b29,1777378546,0.51,78.81,no,"{""count_fp"":""78.81"",""created_time"":""2026-04-28T12:15:46.042209Z"",""no_price_dollars"":""0.4900"",""taker_side"":""no"",""ticker"":""KXBTC15M-26APR280830-30"",""trade_id"":""a03bd9ec-8d5c-561e-c046-646694bf8b29"",""yes_price_dollars"":""0.5100""}"
KXBTC15M-26APR280830-30,70f0b382-4acb-4139-c385-05fc3a6df624,1777378548,0.52,1.0,no,"{""count_fp"":""1.00"",""created_time"":""2026-04-28T12:15:48.513459Z"",""no_price_dollars"":""0.4800"",""taker_side"":""no"",""ticker"":""KXBTC15M-26APR280830-30"",""trade_id"":""70f0b382-4acb-4139-c385-05fc3a6df624"",""yes_price_dollars"":""0.5200""}"
KXBTC15M-26APR280830-30,8cb0e52a-ef03-4e91-9784-7d540976d27c,1777378548,0.52,1.0,no,"{""count_fp"":""1.00"",""created_time"":""2026-04-28T12:15:48.279776Z"",""no_price_dollars"":""0.4800"",""taker_side"":""no"",""ticker"":""KXBTC15M-26APR280830-30"",""trade_id"":""8cb0e52a-ef03-4e91-9784-7d540976d27c"",""yes_price_dollars"":""0.5200""}"
KXBTC15M-26APR280830-30,36b53086-062e-76a9-4d27-432a2a037dae,1777378549,0.51,200.08,no,"{""count_fp"":""200.08"",""created_time"":""2026-04-28T12:15:49.955489Z"",""no_price_dollars"":""0.4900"",""taker_side"":""no"",""ticker"":""KXBTC15M-26APR280830-30"",""trade_id"":""36b53086-062e-76a9-4d27-432a2a037dae"",""yes_price_dollars"":""0.5100""}"
KXBTC15M-26APR280830-30,e282baed-5e62-4fb5-2c8a-519ae9b7561b,1777378549,0.37,313.73,no,"{""count_fp"":""313.73"",""created_time"":""2026-04-28T12:15:49.889932Z"",""no_price_dollars"":""0.6300"",""taker_side"":""no"",""ticker"":""KXBTC15M-26APR280830-30"",""trade_id"":""e282baed-5e62-4fb5-2c8a-519ae9b7561b"",""yes_price_dollars"":""0.3700""}"
KXBTC15M-26APR280830-30,de16cb40-3a92-4615-27e0-42863da9d228,1777378549,0.49,40.0,no,"{""count_fp"":""40.00"",""created_time"":""2026-04-28T12:15:49.889932Z"",""no_price_dollars"":""0.5100"",""taker_side"":""no"",""ticker"":""KXBTC15M-26APR280830-30"",""trade_id"":""de16cb40-3a92-4615-27e0-42863da9d228"",""yes_price_dollars"":""0.4900""}"
KXBTC15M-26APR280830-30,d485ad20-b524-4840-0f3e-b1f8ed51be9c,1777378549,0.48,1.0,no,"{""count_fp"":""1.00"",""created_time"":""2026-04-28T12:15:49.889932Z"",""no_price_dollars"":""0.5200"",""taker_side"":""no"",""ticker"":""KXBTC15M-26APR280830-30"",""trade_id"":""d485ad20-b524-4840-0f3e-b1f8ed51be9c"",""yes_price_dollars"":""0.4800""}"
KXBTC15M-26APR280830-30,d3b5d2b9-ba09-4b38-361f-ec3a4109aae5,1777378549,0.46,150.0,no,"{""count_fp"":""150.00"",""created_time"":""2026-04-28T12:15:49.889932Z"",""no_price_dollars"":""0.5400"",""taker_side"":""no"",""ticker"":""KXBTC15M-26APR280830-30"",""trade_id"":""d3b5d2b9-ba09-4b38-361f-ec3a4109aae5"",""yes_price_dollars"":""0.4600""}"
KXBTC15M-26APR280830-30,d21128b5-f78f-4134-3bfa-a143436ae3bf,1777378549,0.53,40.0,no,"{""count_fp"":""40.00"",""created_time"":""2026-04-28T12:15:49.889932Z"",""no_price_dollars"":""0.4700"",""taker_side"":""no"",""ticker"":""KXBTC15M-26APR280830-30"",""trade_id"":""d21128b5-f78f-4134-3bfa-a143436ae3bf"",""yes_price_dollars"":""0.5300""}"
KXBTC15M-26APR280830-30,d19ebf4a-62fa-4d22-03d6-1635587b4e17,1777378549,0.5,40.0,no,"{""count_fp"":""40.00"",""created_time"":""2026-04-28T12:15:49.889932Z"",""no_price_dollars"":""0.5000"",""taker_side"":""no"",""ticker"":""KXBTC15M-26APR280830-30"",""trade_id"":""d19ebf4a-62fa-4d22-03d6-1635587b4e17"",""yes_price_dollars"":""0.5000""}"
KXBTC15M-26APR280830-30,d15bb124-cc04-40a7-2578-e3ae2637a962,1777378549,0.44,11.0,no,"{""count_fp"":""11.00"",""created_time"":""2026-04-28T12:15:49.889932Z"",""no_price_dollars"":""0.5600"",""taker_side"":""no"",""ticker"":""KXBTC15M-26APR280830-30"",""trade_id"":""d15bb124-cc04-40a7-2578-e3ae2637a962"",""yes_price_dollars"":""0.4400""}"
KXBTC15M-26APR280830-30,c8f0af91-b596-473d-02de-a36e6214970a,1777378549,0.39,40.0,no,"{""count_fp"":""40.00"",""created_time"":""2026-04-28T12:15:49.889932Z"",""no_price_dollars"":""0.6100"",""taker_side"":""no"",""ticker"":""KXBTC15M-26APR280830-30"",""trade_id"":""c8f0af91-b596-473d-02de-a36e6214970a"",""yes_price_dollars"":""0.3900""}"
KXBTC15M-26APR280830-30,c8337f81-691f-4223-1632-092979023d75,1777378549,0.5,11.21,no,"{""count_fp"":""11.21"",""created_time"":""2026-04-28T12:15:49.889932Z"",""no_price_dollars"":""0.5000"",""taker_side"":""no"",""ticker"":""KXBTC15M-26APR280830-30"",""trade_id"":""c8337f81-691f-4223-1632-092979023d75"",""yes_price_dollars"":""0.5000""}"
KXBTC15M-26APR280830-30,c4106d49-c2a3-4f59-2a85-4a71246dd5b7,1777378549,0.39,132.0,no,"{""count_fp"":""132.00"",""created_time"":""2026-04-28T12:15:49.889932Z"",""no_price_dollars"":""0.6100"",""taker_side"":""no"",""ticker"":""KXBTC15M-26APR280830-30"",""trade_id"":""c4106d49-c2a3-4f59-2a85-4a71246dd5b7"",""yes_price_dollars"":""0.3900""}"
KXBTC15M-26APR280830-30,c3286138-0033-430e-178c-c2a3a8f29303,1777378549,0.5,1.0,no,"{""count_fp"":""1.00"",""created_time"":""2026-04-28T12:15:49.889932Z"",""no_price_dollars"":""0.5000"",""taker_side"":""no"",""ticker"":""KXBTC15M-26APR280830-30"",""trade_id"":""c3286138-0033-430e-178c-c2a3a8f29303"",""yes_price_dollars"":""0.5000""}"
KXBTC15M-26APR280830-30,c22c8ffe-e403-47e5-2830-df0b4e120557,1777378549,0.41,5.0,no,"{""count_fp"":""5.00"",""created_time"":""2026-04-28T12:15:49.889932Z"",""no_price_dollars"":""0.5900"",""taker_side"":""no"",""ticker"":""KXBTC15M-26APR280830-30"",""trade_id"":""c22c8ffe-e403-47e5-2830-df0b4e120557"",""yes_price_dollars"":""0.4100""}"
KXBTC15M-26APR280830-30,ba8c257c-bc40-47fa-363d-2467e66f16d4,1777378549,0.43,40.0,no,"{""count_fp"":""40.00"",""created_time"":""2026-04-28T12:15:49.889932Z"",""no_price_dollars"":""0.5700"",""taker_side"":""no"",""ticker"":""KXBTC15M-26APR280830-30"",""trade_id"":""ba8c257c-bc40-47fa-363d-2467e66f16d4"",""yes_price_dollars"":""0.4300""}"
KXBTC15M-26APR280830-30,b8d5c2d6-8821-4897-17d3-d1a4a01cf5b4,1777378549,0.49,1.0,no,"{""count_fp"":""1.00"",""created_time"":""2026-04-28T12:15:49.889932Z"",""no_price_dollars"":""0.5100"",""taker_side"":""no"",""ticker"":""KXBTC15M-26APR280830-30"",""trade_id"":""b8d5c2d6-8821-4897-17d3-d1a4a01cf5b4"",""yes_price_dollars"":""0.4900""}"
KXBTC15M-26APR280830-30,b7e3e4dc-6a98-41cc-3ed2-73d6ebf3e677,1777378549,0.46,40.0,no,"{""count_fp"":""40.00"",""created_time"":""2026-04-28T12:15:49.889932Z"",""no_price_dollars"":""0.5400"",""taker_side"":""no"",""ticker"":""KXBTC15M-26APR280830-30"",""trade_id"":""b7e3e4dc-6a98-41cc-3ed2-73d6ebf3e677"",""yes_price_dollars"":""0.4600""}"
KXBTC15M-26APR280830-30,b73dfaa4-1dad-42b4-2779-247bd1ac6a56,1777378549,0.41,40.0,no,"{""count_fp"":""40.00"",""created_time"":""2026-04-28T12:15:49.889932Z"",""no_price_dollars"":""0.5900"",""taker_side"":""no"",""ticker"":""KXBTC15M-26APR280830-30"",""trade_id"":""b73dfaa4-1dad-42b4-2779-247bd1ac6a56"",""yes_price_dollars"":""0.4100""}"
KXBTC15M-26APR280830-30,aa42b001-136b-4b5c-266f-a9e3f9de0647,1777378549,0.52,20.0,no,"{""count_fp"":""20.00"",""created_time"":""2026-04-28T12:15:49.889932Z"",""no_price_dollars"":""0.4800"",""taker_side"":""no"",""ticker"":""KXBTC15M-26APR280830-30"",""trade_id"":""aa42b001-136b-4b5c-266f-a9e3f9de0647"",""yes_price_dollars"":""0.5200""}"
KXBTC15M-26APR280830-30,a8d9b31c-b8c9-4b70-3ac4-20cf5b9ff607,1777378549,0.44,40.0,no,"{""count_fp"":""40.00"",""created_time"":""2026-04-28T12:15:49.889932Z"",""no_price_dollars"":""0.5600"",""taker_side"":""no"",""ticker"":""KXBTC15M-26APR280830-30"",""trade_id"":""a8d9b31c-b8c9-4b70-3ac4-20cf5b9ff607"",""yes_price_dollars"":""0.4400""}"
KXBTC15M-26APR280830-30,a4b15a9d-35ac-4801-3e60-9a0a1854e4d1,1777378549,0.38,132.0,no,"{""count_fp"":""132.00"",""created_time"":""2026-04-28T12:15:49.889932Z"",""no_price_dollars"":""0.6200"",""taker_side"":""no"",""ticker"":""KXBTC15M-26APR280830-30"",""trade_id"":""a4b15a9d-35ac-4801-3e60-9a0a1854e4d1"",""yes_price_dollars"":""0.3800""}"
KXBTC15M-26APR280830-30,9681628d-3468-4a7a-1903-9b8ae4d337b5,1777378549,0.52,1000.45,no,"{""count_fp"":""1000.45"",""created_time"":""2026-04-28T12:15:49.889932Z"",""no_price_dollars"":""0.4800"",""taker_side"":""no"",""ticker"":""KXBTC15M-26APR280830-30"",""trade_id"":""9681628d-3468-4a7a-1903-9b8ae4d337b5"",""yes_price_dollars"":""0.5200""}"
KXBTC15M-26APR280830-30,9566123d-4281-4ba9-3c23-26d09f95cd4b,1777378549,0.5,1.0,no,"{""count_fp"":""1.00"",""created_time"":""2026-04-28T12:15:49.889932Z"",""no_price_dollars"":""0.5000"",""taker_side"":""no"",""ticker"":""KXBTC15M-26APR280830-30"",""trade_id"":""9566123d-4281-4ba9-3c23-26d09f95cd4b"",""yes_price_dollars"":""0.5000""}"
KXBTC15M-26APR280830-30,92264793-3b20-4b89-3b6c-d19a2afb198b,1777378549,0.5,20.0,no,"{""count_fp"":""20.00"",""created_time"":""2026-04-28T12:15:49.889932Z"",""no_price_dollars"":""0.5000"",""taker_side"":""no"",""ticker"":""KXBTC15M-26APR280830-30"",""trade_id"":""92264793-3b20-4b89-3b6c-d19a2afb198b"",""yes_price_dollars"":""0.5000""}"
KXBTC15M-26APR280830-30,8f9ab6d5-bbbf-42ad-3805-42b6ef1c44de,1777378549,0.41,25.0,no,"{""count_fp"":""25.00"",""created_time"":""2026-04-28T12:15:49.889932Z"",""no_price_dollars"":""0.5900"",""taker_side"":""no"",""ticker"":""KXBTC15M-26APR280830-30"",""trade_id"":""8f9ab6d5-bbbf-42ad-3805-42b6ef1c44de"",""yes_price_dollars"":""0.4100""}"
KXBTC15M-26APR280830-30,8c7bfecc-b300-44f2-3584-a5be4dec756c,1777378549,0.53,3.0,no,"{""count_fp"":""3.00"",""created_time"":""2026-04-28T12:15:49.889932Z"",""no_price_dollars"":""0.4700"",""taker_side"":""no"",""ticker"":""KXBTC15M-26APR280830-30"",""trade_id"":""8c7bfecc-b300-44f2-3584-a5be4dec756c"",""yes_price_dollars"":""0.5300""}"
KXBTC15M-26APR280830-30,87529834-788c-4b79-1586-374ebad33337,1777378549,0.48,40.0,no,"{""count_fp"":""40.00"",""created_time"":""2026-04-28T12:15:49.889932Z"",""no_price_dollars"":""0.5200"",""taker_side"":""no"",""ticker"":""KXBTC15M-26APR280830-30"",""trade_id"":""87529834-788c-4b79-1586-374ebad33337"",""yes_price_dollars"":""0.4800""}"
KXBTC15M-26APR280830-30,83470a57-6c66-4a8b-0249-5d307c8890fe,1777378549,0.38,40.0,no,"{""count_fp"":""40.00"",""created_time"":""2026-04-28T12:15:49.889932Z"",""no_price_dollars"":""0.6200"",""taker_side"":""no"",""ticker"":""KXBTC15M-26APR280830-30"",""trade_id"":""83470a57-6c66-4a8b-0249-5d307c8890fe"",""yes_price_dollars"":""0.3800""}"
KXBTC15M-26APR280830-30,8263f991-ba33-4eca-2c06-b34b526971e4,1777378549,0.4,40.0,no,"{""count_fp"":""40.00"",""created_time"":""2026-04-28T12:15:49.889932Z"",""no_price_dollars"":""0.6000"",""taker_side"":""no"",""ticker"":""KXBTC15M-26APR280830-30"",""trade_id"":""8263f991-ba33-4eca-2c06-b34b526971e4"",""yes_price_dollars"":""0.4000""}"
KXBTC15M-26APR280830-30,7f8d3810-48d3-441b-22ca-13bfb3092e4c,1777378549,0.49,1.0,no,"{""count_fp"":""1.00"",""created_time"":""2026-04-28T12:15:49.889932Z"",""no_price_dollars"":""0.5100"",""taker_side"":""no"",""ticker"":""KXBTC15M-26APR280830-30"",""trade_id"":""7f8d3810-48d3-441b-22ca-13bfb3092e4c"",""yes_price_dollars"":""0.4900""}"
KXBTC15M-26APR280830-30,728cd7e5-9bfd-4598-142c-ccab9a94e4af,1777378549,0.37,40.0,no,"{""count_fp"":""40.00"",""created_time"":""2026-04-28T12:15:49.889932Z"",""no_price_dollars"":""0.6300"",""taker_side"":""no"",""ticker"":""KXBTC15M-26APR280830-30"",""trade_id"":""728cd7e5-9bfd-4598-142c-ccab9a94e4af"",""yes_price_dollars"":""0.3700""}"
KXBTC15M-26APR280830-30,6ef4eae3-e34d-4f61-225a-7e1bb2618809,1777378549,0.52,100.0,no,"{""count_fp"":""100.00"",""created_time"":""2026-04-28T12:15:49.889932Z"",""no_price_dollars"":""0.4800"",""taker_side"":""no"",""ticker"":""KXBTC15M-26APR280830-30"",""trade_id"":""6ef4eae3-e34d-4f61-225a-7e1bb2618809"",""yes_price_dollars"":""0.5200""}"
KXBTC15M-26APR280830-30,6dcddd8a-4c72-4922-1c12-8a937ff76af2,1777378549,0.53,15.0,no,"{""count_fp"":""15.00"",""created_time"":""2026-04-28T12:15:49.889932Z"",""no_price_dollars"":""0.4700"",""taker_side"":""no"",""ticker"":""KXBTC15M-26APR280830-30"",""trade_id"":""6dcddd8a-4c72-4922-1c12-8a937ff76af2"",""yes_price_dollars"":""0.5300""}"
KXBTC15M-26APR280830-30,6ad701e8-cf82-407f-06d8-86242ab9626b,1777378549,0.46,120.0,no,"{""count_fp"":""120.00"",""created_time"":""2026-04-28T12:15:49.889932Z"",""no_price_dollars"":""0.5400"",""taker_side"":""no"",""ticker"":""KXBTC15M-26APR280830-30"",""trade_id"":""6ad701e8-cf82-407f-06d8-86242ab9626b"",""yes_price_dollars"":""0.4600""}"
KXBTC15M-26APR280830-30,68a822d9-f436-48f7-2bca-4581dabb20df,1777378549,0.52,500.0,no,"{""count_fp"":""500.00"",""created_time"":""2026-04-28T12:15:49.889932Z"",""no_price_dollars"":""0.4800"",""taker_side"":""no"",""ticker"":""KXBTC15M-26APR280830-30"",""trade_id"":""68a822d9-f436-48f7-2bca-4581dabb20df"",""yes_price_dollars"":""0.5200""}"
KXBTC15M-26APR280830-30,5d5701fc-cba0-4ce4-0426-c45ffd49aa0a,1777378549,0.41,5.0,no,"{""count_fp"":""5.00"",""created_time"":""2026-04-28T12:15:49.889932Z"",""no_price_dollars"":""0.5900"",""taker_side"":""no"",""ticker"":""KXBTC15M-26APR280830-30"",""trade_id"":""5d5701fc-cba0-4ce4-0426-c45ffd49aa0a"",""yes_price_dollars"":""0.4100""}"
KXBTC15M-26APR280830-30,5bca20a2-f732-4b15-2648-9dcefdad7c9e,1777378549,0.48,75.0,no,"{""count_fp"":""75.00"",""created_time"":""2026-04-28T12:15:49.889932Z"",""no_price_dollars"":""0.5200"",""taker_side"":""no"",""ticker"":""KXBTC15M-26APR280830-30"",""trade_id"":""5bca20a2-f732-4b15-2648-9dcefdad7c9e"",""yes_price_dollars"":""0.4800""}"
KXBTC15M-26APR280830-30,585e81cc-2490-4863-387f-227e94c82f95,1777378549,0.53,10.0,no,"{""count_fp"":""10.00"",""created_time"":""2026-04-28T12:15:49.889932Z"",""no_price_dollars"":""0.4700"",""taker_side"":""no"",""ticker"":""KXBTC15M-26APR280830-30"",""trade_id"":""585e81cc-2490-4863-387f-227e94c82f95"",""yes_price_dollars"":""0.5300""}"
KXBTC15M-26APR280830-30,54fb8a3d-c027-465e-27cf-c566f8e6046c,1777378549,0.37,139.0,no,"{""count_fp"":""139.00"",""created_time"":""2026-04-28T12:15:49.889932Z"",""no_price_dollars"":""0.6300"",""taker_side"":""no"",""ticker"":""KXBTC15M-26APR280830-30"",""trade_id"":""54fb8a3d-c027-465e-27cf-c566f8e6046c"",""yes_price_dollars"":""0.3700""}"
KXBTC15M-26APR280830-30,5002be9b-b0f4-46e4-16e7-ed937c4c5942,1777378549,0.5,119.0,no,"{""count_fp"":""119.00"",""created_time"":""2026-04-28T12:15:49.889932Z"",""no_price_dollars"":""0.5000"",""taker_side"":""no"",""ticker"":""KXBTC15M-26APR280830-30"",""trade_id"":""5002be9b-b0f4-46e4-16e7-ed937c4c5942"",""yes_price_dollars"":""0.5000""}"
KXBTC15M-26APR280830-30,496b76c8-d08b-498d-1878-b8c4411dc650,1777378549,0.52,17.95,no,"{""count_fp"":""17.95"",""created_time"":""2026-04-28T12:15:49.889932Z"",""no_price_dollars"":""0.4800"",""taker_side"":""no"",""ticker"":""KXBTC15M-26APR280830-30"",""trade_id"":""496b76c8-d08b-498d-1878-b8c4411dc650"",""yes_price_dollars"":""0.5200""}"
KXBTC15M-26APR280830-30,484c5df8-1c9c-4b58-261a-a5d925edb1a5,1777378549,0.49,20.0,no,"{""count_fp"":""20.00"",""created_time"":""2026-04-28T12:15:49.889932Z"",""no_price_dollars"":""0.5100"",""taker_side"":""no"",""ticker"":""KXBTC15M-26APR280830-30"",""trade_id"":""484c5df8-1c9c-4b58-261a-a5d925edb1a5"",""yes_price_dollars"":""0.4900""}"
KXBTC15M-26APR280830-30,47fa6e02-3952-48d6-070d-eb29ec175a7c,1777378549,0.45,40.0,no,"{""count_fp"":""40.00"",""created_time"":""2026-04-28T12:15:49.889932Z"",""no_price_dollars"":""0.5500"",""taker_side"":""no"",""ticker"":""KXBTC15M-26APR280830-30"",""trade_id"":""47fa6e02-3952-48d6-070d-eb29ec175a7c"",""yes_price_dollars"":""0.4500""}"
KXBTC15M-26APR280830-30,42b0796e-ba2c-45fb-2ff0-abf5080f797d,1777378549,0.5,20.0,no,"{""count_fp"":""20.00"",""created_time"":""2026-04-28T12:15:49.889932Z"",""no_price_dollars"":""0.5000"",""taker_side"":""no"",""ticker"":""KXBTC15M-26APR280830-30"",""trade_id"":""42b0796e-ba2c-45fb-2ff0-abf5080f797d"",""yes_price_dollars"":""0.5000""}"
KXBTC15M-26APR280830-30,3fdb4891-b374-48c7-36ae-ceb6992604a6,1777378549,0.4,119.0,no,"{""count_fp"":""119.00"",""created_time"":""2026-04-28T12:15:49.889932Z"",""no_price_dollars"":""0.6000"",""taker_side"":""no"",""ticker"":""KXBTC15M-26APR280830-30"",""trade_id"":""3fdb4891-b374-48c7-36ae-ceb6992604a6"",""yes_price_dollars"":""0.4000""}"
KXBTC15M-26APR280830-30,3e4487a5-a78d-47ed-3ae2-02a38e25ee7a,1777378549,0.53,8.0,no,"{""count_fp"":""8.00"",""created_time"":""2026-04-28T12:15:49.889932Z"",""no_price_dollars"":""0.4700"",""taker_side"":""no"",""ticker"":""KXBTC15M-26APR280830-30"",""trade_id"":""3e4487a5-a78d-47ed-3ae2-02a38e25ee7a"",""yes_price_dollars"":""0.5300""}"
KXBTC15M-26APR280830-30,38defd6b-b5b5-4171-163d-9d7a375b849b,1777378549,0.42,1.0,no,"{""count_fp"":""1.00"",""created_time"":""2026-04-28T12:15:49.889932Z"",""no_price_dollars"":""0.5800"",""taker_side"":""no"",""ticker"":""KXBTC15M-26APR280830-30"",""trade_id"":""38defd6b-b5b5-4171-163d-9d7a375b849b"",""yes_price_dollars"":""0.4200""}"
KXBTC15M-26APR280830-30,37fe159e-4624-404d-36c9-30524231aa50,1777378549,0.42,40.0,no,"{""count_fp"":""40.00"",""created_time"":""2026-04-28T12:15:49.889932Z"",""no_price_dollars"":""0.5800"",""taker_side"":""no"",""ticker"":""KXBTC15M-26APR280830-30"",""trade_id"":""37fe159e-4624-404d-36c9-30524231aa50"",""yes_price_dollars"":""0.4200""}"
KXBTC15M-26APR280830-30,33fbc637-8695-49dd-1c58-767e57ef7e9e,1777378549,0.41,119.0,no,"{""count_fp"":""119.00"",""created_time"":""2026-04-28T12:15:49.889932Z"",""no_price_dollars"":""0.5900"",""taker_side"":""no"",""ticker"":""KXBTC15M-26APR280830-30"",""trade_id"":""33fbc637-8695-49dd-1c58-767e57ef7e9e"",""yes_price_dollars"":""0.4100""}"
KXBTC15M-26APR280830-30,333269fc-7714-40e6-0e2d-3f5f34bae0ea,1777378549,0.49,30.0,no,"{""count_fp"":""30.00"",""created_time"":""2026-04-28T12:15:49.889932Z"",""no_price_dollars"":""0.5100"",""taker_side"":""no"",""ticker"":""KXBTC15M-26APR280830-30"",""trade_id"":""333269fc-7714-40e6-0e2d-3f5f34bae0ea"",""yes_price_dollars"":""0.4900""}"
KXBTC15M-26APR280830-30,3171ee19-14f8-43c8-17d4-8d894af3a4a4,1777378549,0.51,10.0,no,"{""count_fp"":""10.00"",""created_time"":""2026-04-28T12:15:49.889932Z"",""no_price_dollars"":""0.4900"",""taker_side"":""no"",""ticker"":""KXBTC15M-26APR280830-30"",""trade_id"":""3171ee19-14f8-43c8-17d4-8d894af3a4a4"",""yes_price_dollars"":""0.5100""}"
KXBTC15M-26APR280830-30,2e140f81-700e-4469-120d-d07361af3f7f,1777378549,0.5,20.0,no,"{""count_fp"":""20.00"",""created_time"":""2026-04-28T12:15:49.889932Z"",""no_price_dollars"":""0.5000"",""taker_side"":""no"",""ticker"":""KXBTC15M-26APR280830-30"",""trade_id"":""2e140f81-700e-4469-120d-d07361af3f7f"",""yes_price_dollars"":""0.5000""}"
KXBTC15M-26APR280830-30,2b3514ce-3ee0-483f-0610-31dd362cac0a,1777378549,0.44,90.0,no,"{""count_fp"":""90.00"",""created_time"":""2026-04-28T12:15:49.889932Z"",""no_price_dollars"":""0.5600"",""taker_side"":""no"",""ticker"":""KXBTC15M-26APR280830-30"",""trade_id"":""2b3514ce-3ee0-483f-0610-31dd362cac0a"",""yes_price_dollars"":""0.4400""}"
KXBTC15M-26APR280830-30,2890dd6a-35ac-4730-1616-7518dcd5cc26,1777378549,0.5,2.0,no,"{""count_fp"":""2.00"",""created_time"":""2026-04-28T12:15:49.889932Z"",""no_price_dollars"":""0.5000"",""taker_side"":""no"",""ticker"":""KXBTC15M-26APR280830-30"",""trade_id"":""2890dd6a-35ac-4730-1616-7518dcd5cc26"",""yes_price_dollars"":""0.5000""}"
KXBTC15M-26APR280830-30,26896835-0fd4-4e9a-057d-6e84b38cd727,1777378549,0.45,11.0,no,"{""count_fp"":""11.00"",""created_time"":""2026-04-28T12:15:49.889932Z"",""no_price_dollars"":""0.5500"",""taker_side"":""no"",""ticker"":""KXBTC15M-26APR280830-30"",""trade_id"":""26896835-0fd4-4e9a-057d-6e84b38cd727"",""yes_price_dollars"":""0.4500""}"
KXBTC15M-26APR280830-30,200cf92e-e62c-45a9-239a-7fa9f1427d67,1777378549,0.47,40.0,no,"{""count_fp"":""40.00"",""created_time"":""2026-04-28T12:15:49.889932Z"",""no_price_dollars"":""0.5300"",""taker_side"":""no"",""ticker"":""KXBTC15M-26APR280830-30"",""trade_id"":""200cf92e-e62c-45a9-239a-7fa9f1427d67"",""yes_price_dollars"":""0.4700""}"
KXBTC15M-26APR280830-30,1e160cde-06b4-4efe-110e-f7340a18de67,1777378549,0.45,1.0,no,"{""count_fp"":""1.00"",""created_time"":""2026-04-28T12:15:49.889932Z"",""no_price_dollars"":""0.5500"",""taker_side"":""no"",""ticker"":""KXBTC15M-26APR280830-30"",""trade_id"":""1e160cde-06b4-4efe-110e-f7340a18de67"",""yes_price_dollars"":""0.4500""}"
KXBTC15M-26APR280830-30,197c008d-a977-42e1-3f3b-f1283532d12c,1777378549,0.51,40.0,no,"{""count_fp"":""40.00"",""created_time"":""2026-04-28T12:15:49.889932Z"",""no_price_dollars"":""0.4900"",""taker_side"":""no"",""ticker"":""KXBTC15M-26APR280830-30"",""trade_id"":""197c008d-a977-42e1-3f3b-f1283532d12c"",""yes_price_dollars"":""0.5100""}"
KXBTC15M-26APR280830-30,18176980-8ff3-4980-2fc2-57648bb97561,1777378549,0.38,1.0,no,"{""count_fp"":""1.00"",""created_time"":""2026-04-28T12:15:49.889932Z"",""no_price_dollars"":""0.6200"",""taker_side"":""no"",""ticker"":""KXBTC15M-26APR280830-30"",""trade_id"":""18176980-8ff3-4980-2fc2-57648bb97561"",""yes_price_dollars"":""0.3800""}"
KXBTC15M-26APR280830-30,12d32df7-7eea-4aff-0d63-9ad0e1487a1a,1777378549,0.5,30.0,no,"{""count_fp"":""30.00"",""created_time"":""2026-04-28T12:15:49.889932Z"",""no_price_dollars"":""0.5000"",""taker_side"":""no"",""ticker"":""KXBTC15M-26APR280830-30"",""trade_id"":""12d32df7-7eea-4aff-0d63-9ad0e1487a1a"",""yes_price_dollars"":""0.5000""}"
KXBTC15M-26APR280830-30,124fa98e-5510-40ad-1cbc-fcd577022ce5,1777378549,0.45,8.0,no,"{""count_fp"":""8.00"",""created_time"":""2026-04-28T12:15:49.889932Z"",""no_price_dollars"":""0.5500"",""taker_side"":""no"",""ticker"":""KXBTC15M-26APR280830-30"",""trade_id"":""124fa98e-5510-40ad-1cbc-fcd577022ce5"",""yes_price_dollars"":""0.4500""}"
KXBTC15M-26APR280830-30,0c465449-e888-4bd0-0843-5b13c6305867,1777378549,0.42,1.0,no,"{""count_fp"":""1.00"",""created_time"":""2026-04-28T12:15:49.889932Z"",""no_price_dollars"":""0.5800"",""taker_side"":""no"",""ticker"":""KXBTC15M-26APR280830-30"",""trade_id"":""0c465449-e888-4bd0-0843-5b13c6305867"",""yes_price_dollars"":""0.4200""}"
KXBTC15M-26APR280830-30,0a13c4c0-5de3-4cab-2097-5260cdb94993,1777378549,0.43,1.0,no,"{""count_fp"":""1.00"",""created_time"":""2026-04-28T12:15:49.889932Z"",""no_price_dollars"":""0.5700"",""taker_side"":""no"",""ticker"":""KXBTC15M-26APR280830-30"",""trade_id"":""0a13c4c0-5de3-4cab-2097-5260cdb94993"",""yes_price_dollars"":""0.4300""}"
KXBTC15M-26APR280830-30,08732387-0a97-4f56-3a8d-aad602649174,1777378549,0.5,56.0,no,"{""count_fp"":""56.00"",""created_time"":""2026-04-28T12:15:49.889932Z"",""no_price_dollars"":""0.5000"",""taker_side"":""no"",""ticker"":""KXBTC15M-26APR280830-30"",""trade_id"":""08732387-0a97-4f56-3a8d-aad602649174"",""yes_price_dollars"":""0.5000""}"
KXBTC15M-26APR280830-30,015a11c5-abd6-47f2-1a7f-b3308839dfc6,1777378549,0.51,400.0,no,"{""count_fp"":""400.00"",""created_time"":""2026-04-28T12:15:49.889932Z"",""no_price_dollars"":""0.4900"",""taker_side"":""no"",""ticker"":""KXBTC15M-26APR280830-30"",""trade_id"":""015a11c5-abd6-47f2-1a7f-b3308839dfc6"",""yes_price_dollars"":""0.5100""}"
KXBTC15M-26APR280830-30,0021ed3a-92aa-4bdd-1963-2b717e878307,1777378549,0.38,2.0,no,"{""count_fp"":""2.00"",""created_time"":""2026-04-28T12:15:49.889932Z"",""no_price_dollars"":""0.6200"",""taker_side"":""no"",""ticker"":""KXBTC15M-26APR280830-30"",""trade_id"":""0021ed3a-92aa-4bdd-1963-2b717e878307"",""yes_price_dollars"":""0.3800""}"
KXBTC15M-26APR280830-30,fda842ac-ffc7-7546-8a36-020eb57ded2e,1777378549,0.55,22.0,yes,"{""count_fp"":""22.00"",""created_time"":""2026-04-28T12:15:49.815299Z"",""no_price_dollars"":""0.4500"",""taker_side"":""yes"",""ticker"":""KXBTC15M-26APR280830-30"",""trade_id"":""fda842ac-ffc7-7546-8a36-020eb57ded2e"",""yes_price_dollars"":""0.5500""}"
KXBTC15M-26APR280830-30,4269b589-48d7-70a9-971b-f1fd29aaa409,1777378549,0.55,2.26,yes,"{""count_fp"":""2.26"",""created_time"":""2026-04-28T12:15:49.815299Z"",""no_price_dollars"":""0.4500"",""taker_side"":""yes"",""ticker"":""KXBTC15M-26APR280830-30"",""trade_id"":""4269b589-48d7-70a9-971b-f1fd29aaa409"",""yes_price_dollars"":""0.5500""}"
KXBTC15M-26APR280830-30,3dca5355-301a-7910-8bf5-1e4e94b009c4,1777378549,0.54,15.0,yes,"{""count_fp"":""15.00"",""created_time"":""2026-04-28T12:15:49.815299Z"",""no_price_dollars"":""0.4600"",""taker_side"":""yes"",""ticker"":""KXBTC15M-26APR280830-30"",""trade_id"":""3dca5355-301a-7910-8bf5-1e4e94b009c4"",""yes_price_dollars"":""0.5400""}"
