ticker,trade_id,ts,yes_price,count,taker_side,raw_json
KXBTC15M-26APR271700-00,a8ffbed8-db43-418d-2ad7-9722f6a22a49,1777322701,0.5,120.0,yes,"{""count_fp"":""120.00"",""created_time"":""2026-04-27T20:45:01.596799Z"",""no_price_dollars"":""0.5000"",""taker_side"":""yes"",""ticker"":""KXBTC15M-26APR271700-00"",""trade_id"":""a8ffbed8-db43-418d-2ad7-9722f6a22a49"",""yes_price_dollars"":""0.5000""}"
KXBTC15M-26APR271700-00,a345579f-286b-5b91-8ad4-00f3a134bebc,1777322703,0.53,17.0,no,"{""count_fp"":""17.00"",""created_time"":""2026-04-27T20:45:03.276309Z"",""no_price_dollars"":""0.4700"",""taker_side"":""no"",""ticker"":""KXBTC15M-26APR271700-00"",""trade_id"":""a345579f-286b-5b91-8ad4-00f3a134bebc"",""yes_price_dollars"":""0.5300""}"
KXBTC15M-26APR271700-00,27fdef56-a74a-7b17-1c1e-11e613953442,1777322703,0.49,1.0,yes,"{""count_fp"":""1.00"",""created_time"":""2026-04-27T20:45:03.039161Z"",""no_price_dollars"":""0.5100"",""taker_side"":""yes"",""ticker"":""KXBTC15M-26APR271700-00"",""trade_id"":""27fdef56-a74a-7b17-1c1e-11e613953442"",""yes_price_dollars"":""0.4900""}"
KXBTC15M-26APR271700-00,5463b121-9e23-74a5-36e8-78267a3d96bb,1777322704,0.48,45.5,no,"{""count_fp"":""45.50"",""created_time"":""2026-04-27T20:45:04.701704Z"",""no_price_dollars"":""0.5200"",""taker_side"":""no"",""ticker"":""KXBTC15M-26APR271700-00"",""trade_id"":""5463b121-9e23-74a5-36e8-78267a3d96bb"",""yes_price_dollars"":""0.4800""}"
KXBTC15M-26APR271700-00,05397d2a-98ff-77e9-2e86-1924d31a1573,1777322704,0.48,1.0,no,"{""count_fp"":""1.00"",""created_time"":""2026-04-27T20:45:04.701704Z"",""no_price_dollars"":""0.5200"",""taker_side"":""no"",""ticker"":""KXBTC15M-26APR271700-00"",""trade_id"":""05397d2a-98ff-77e9-2e86-1924d31a1573"",""yes_price_dollars"":""0.4800""}"
KXBTC15M-26APR271700-00,9789a087-91bd-529d-1d38-7cd3ba301c7d,1777322705,0.48,9.0,no,"{""count_fp"":""9.00"",""created_time"":""2026-04-27T20:45:05.763569Z"",""no_price_dollars"":""0.5200"",""taker_side"":""no"",""ticker"":""KXBTC15M-26APR271700-00"",""trade_id"":""9789a087-91bd-529d-1d38-7cd3ba301c7d"",""yes_price_dollars"":""0.4800""}"
KXBTC15M-26APR271700-00,cbc2f666-b66b-64c1-b928-126ce38e9947,1777322705,0.48,29.5,no,"{""count_fp"":""29.50"",""created_time"":""2026-04-27T20:45:05.605409Z"",""no_price_dollars"":""0.5200"",""taker_side"":""no"",""ticker"":""KXBTC15M-26APR271700-00"",""trade_id"":""cbc2f666-b66b-64c1-b928-126ce38e9947"",""yes_price_dollars"":""0.4800""}"
KXBTC15M-26APR271700-00,7440af54-0351-6651-ae27-c807a376e401,1777322705,0.48,7.56,no,"{""count_fp"":""7.56"",""created_time"":""2026-04-27T20:45:05.605409Z"",""no_price_dollars"":""0.5200"",""taker_side"":""no"",""ticker"":""KXBTC15M-26APR271700-00"",""trade_id"":""7440af54-0351-6651-ae27-c807a376e401"",""yes_price_dollars"":""0.4800""}"
KXBTC15M-26APR271700-00,b1431e23-78b3-6f90-a1e8-f054650d7093,1777322707,0.49,0.3,yes,"{""count_fp"":""0.30"",""created_time"":""2026-04-27T20:45:07.765905Z"",""no_price_dollars"":""0.5100"",""taker_side"":""yes"",""ticker"":""KXBTC15M-26APR271700-00"",""trade_id"":""b1431e23-78b3-6f90-a1e8-f054650d7093"",""yes_price_dollars"":""0.4900""}"
KXBTC15M-26APR271700-00,48423b7e-e6d2-688f-b3c2-dafecbf1cc84,1777322707,0.49,3.64,yes,"{""count_fp"":""3.64"",""created_time"":""2026-04-27T20:45:07.765905Z"",""no_price_dollars"":""0.5100"",""taker_side"":""yes"",""ticker"":""KXBTC15M-26APR271700-00"",""trade_id"":""48423b7e-e6d2-688f-b3c2-dafecbf1cc84"",""yes_price_dollars"":""0.4900""}"
KXBTC15M-26APR271700-00,a31fc6d3-104e-7a67-65ad-56446285d75c,1777322708,0.49,20.0,yes,"{""count_fp"":""20.00"",""created_time"":""2026-04-27T20:45:08.300312Z"",""no_price_dollars"":""0.5100"",""taker_side"":""yes"",""ticker"":""KXBTC15M-26APR271700-00"",""trade_id"":""a31fc6d3-104e-7a67-65ad-56446285d75c"",""yes_price_dollars"":""0.4900""}"
KXBTC15M-26APR271700-00,ff01507c-673d-59b9-2fab-4de5c3799b41,1777322709,0.48,4.22,no,"{""count_fp"":""4.22"",""created_time"":""2026-04-27T20:45:09.901097Z"",""no_price_dollars"":""0.5200"",""taker_side"":""no"",""ticker"":""KXBTC15M-26APR271700-00"",""trade_id"":""ff01507c-673d-59b9-2fab-4de5c3799b41"",""yes_price_dollars"":""0.4800""}"
KXBTC15M-26APR271700-00,58963183-df05-5952-3d90-b1911bba2057,1777322709,0.48,10.0,no,"{""count_fp"":""10.00"",""created_time"":""2026-04-27T20:45:09.901097Z"",""no_price_dollars"":""0.5200"",""taker_side"":""no"",""ticker"":""KXBTC15M-26APR271700-00"",""trade_id"":""58963183-df05-5952-3d90-b1911bba2057"",""yes_price_dollars"":""0.4800""}"
KXBTC15M-26APR271700-00,56b6332d-06a1-5c2d-3538-111b57962522,1777322709,0.47,3.12,no,"{""count_fp"":""3.12"",""created_time"":""2026-04-27T20:45:09.901097Z"",""no_price_dollars"":""0.5300"",""taker_side"":""no"",""ticker"":""KXBTC15M-26APR271700-00"",""trade_id"":""56b6332d-06a1-5c2d-3538-111b57962522"",""yes_price_dollars"":""0.4700""}"
KXBTC15M-26APR271700-00,237cb3ab-677f-5c78-24ec-9316d2996e26,1777322709,0.48,1.0,no,"{""count_fp"":""1.00"",""created_time"":""2026-04-27T20:45:09.901097Z"",""no_price_dollars"":""0.5200"",""taker_side"":""no"",""ticker"":""KXBTC15M-26APR271700-00"",""trade_id"":""237cb3ab-677f-5c78-24ec-9316d2996e26"",""yes_price_dollars"":""0.4800""}"
KXBTC15M-26APR271700-00,ed53c423-28e3-5c5d-8e51-3b6a01f2fa0a,1777322709,0.49,20.0,yes,"{""count_fp"":""20.00"",""created_time"":""2026-04-27T20:45:09.799193Z"",""no_price_dollars"":""0.5100"",""taker_side"":""yes"",""ticker"":""KXBTC15M-26APR271700-00"",""trade_id"":""ed53c423-28e3-5c5d-8e51-3b6a01f2fa0a"",""yes_price_dollars"":""0.4900""}"
KXBTC15M-26APR271700-00,eb8be253-b8ee-593b-a1cd-764baf2d7b90,1777322709,0.49,6.36,yes,"{""count_fp"":""6.36"",""created_time"":""2026-04-27T20:45:09.799193Z"",""no_price_dollars"":""0.5100"",""taker_side"":""yes"",""ticker"":""KXBTC15M-26APR271700-00"",""trade_id"":""eb8be253-b8ee-593b-a1cd-764baf2d7b90"",""yes_price_dollars"":""0.4900""}"
KXBTC15M-26APR271700-00,92084844-4fea-59e5-85e0-5f91bb3b3b79,1777322709,0.5,18.25,yes,"{""count_fp"":""18.25"",""created_time"":""2026-04-27T20:45:09.799193Z"",""no_price_dollars"":""0.5000"",""taker_side"":""yes"",""ticker"":""KXBTC15M-26APR271700-00"",""trade_id"":""92084844-4fea-59e5-85e0-5f91bb3b3b79"",""yes_price_dollars"":""0.5000""}"
KXBTC15M-26APR271700-00,91165d55-0d93-5a56-bd4f-dafc00eee97b,1777322709,0.49,10.0,yes,"{""count_fp"":""10.00"",""created_time"":""2026-04-27T20:45:09.799193Z"",""no_price_dollars"":""0.5100"",""taker_side"":""yes"",""ticker"":""KXBTC15M-26APR271700-00"",""trade_id"":""91165d55-0d93-5a56-bd4f-dafc00eee97b"",""yes_price_dollars"":""0.4900""}"
KXBTC15M-26APR271700-00,3a7e827c-1051-4e65-54ee-5d4ae2497005,1777322709,0.48,0.92,no,"{""count_fp"":""0.92"",""created_time"":""2026-04-27T20:45:09.154466Z"",""no_price_dollars"":""0.5200"",""taker_side"":""no"",""ticker"":""KXBTC15M-26APR271700-00"",""trade_id"":""3a7e827c-1051-4e65-54ee-5d4ae2497005"",""yes_price_dollars"":""0.4800""}"
KXBTC15M-26APR271700-00,ea5b15c1-f397-6e25-a3d2-0a58540669d6,1777322710,0.49,1.0,yes,"{""count_fp"":""1.00"",""created_time"":""2026-04-27T20:45:10.900916Z"",""no_price_dollars"":""0.5100"",""taker_side"":""yes"",""ticker"":""KXBTC15M-26APR271700-00"",""trade_id"":""ea5b15c1-f397-6e25-a3d2-0a58540669d6"",""yes_price_dollars"":""0.4900""}"
KXBTC15M-26APR271700-00,8dc0acdc-a076-6659-b3b7-e49f45393e5e,1777322710,0.51,10.34,yes,"{""count_fp"":""10.34"",""created_time"":""2026-04-27T20:45:10.900916Z"",""no_price_dollars"":""0.4900"",""taker_side"":""yes"",""ticker"":""KXBTC15M-26APR271700-00"",""trade_id"":""8dc0acdc-a076-6659-b3b7-e49f45393e5e"",""yes_price_dollars"":""0.5100""}"
KXBTC15M-26APR271700-00,f4f0d93f-0dee-4ded-a269-2381162a99d5,1777322710,0.5,11.75,yes,"{""count_fp"":""11.75"",""created_time"":""2026-04-27T20:45:10.689283Z"",""no_price_dollars"":""0.5000"",""taker_side"":""yes"",""ticker"":""KXBTC15M-26APR271700-00"",""trade_id"":""f4f0d93f-0dee-4ded-a269-2381162a99d5"",""yes_price_dollars"":""0.5000""}"
KXBTC15M-26APR271700-00,95f8151a-be21-4df5-8cc9-fe335869b5ae,1777322710,0.49,1.0,yes,"{""count_fp"":""1.00"",""created_time"":""2026-04-27T20:45:10.689283Z"",""no_price_dollars"":""0.5100"",""taker_side"":""yes"",""ticker"":""KXBTC15M-26APR271700-00"",""trade_id"":""95f8151a-be21-4df5-8cc9-fe335869b5ae"",""yes_price_dollars"":""0.4900""}"
KXBTC15M-26APR271700-00,760c9202-18f3-4dca-9502-d9bceff153ff,1777322710,0.5,10.0,yes,"{""count_fp"":""10.00"",""created_time"":""2026-04-27T20:45:10.689283Z"",""no_price_dollars"":""0.5000"",""taker_side"":""yes"",""ticker"":""KXBTC15M-26APR271700-00"",""trade_id"":""760c9202-18f3-4dca-9502-d9bceff153ff"",""yes_price_dollars"":""0.5000""}"
KXBTC15M-26APR271700-00,1b8a90e2-af41-4cec-a292-615afb9ef173,1777322710,0.5,9.25,yes,"{""count_fp"":""9.25"",""created_time"":""2026-04-27T20:45:10.689283Z"",""no_price_dollars"":""0.5000"",""taker_side"":""yes"",""ticker"":""KXBTC15M-26APR271700-00"",""trade_id"":""1b8a90e2-af41-4cec-a292-615afb9ef173"",""yes_price_dollars"":""0.5000""}"
KXBTC15M-26APR271700-00,ea33bd3d-fc5f-53da-ef98-36e94d83b92c,1777322710,0.48,26.0,yes,"{""count_fp"":""26.00"",""created_time"":""2026-04-27T20:45:10.582165Z"",""no_price_dollars"":""0.5200"",""taker_side"":""yes"",""ticker"":""KXBTC15M-26APR271700-00"",""trade_id"":""ea33bd3d-fc5f-53da-ef98-36e94d83b92c"",""yes_price_dollars"":""0.4800""}"
KXBTC15M-26APR271700-00,ed0b7caa-8d27-4dfa-0e82-e5e25656849c,1777322710,0.48,33.0,yes,"{""count_fp"":""33.00"",""created_time"":""2026-04-27T20:45:10.568522Z"",""no_price_dollars"":""0.5200"",""taker_side"":""yes"",""ticker"":""KXBTC15M-26APR271700-00"",""trade_id"":""ed0b7caa-8d27-4dfa-0e82-e5e25656849c"",""yes_price_dollars"":""0.4800""}"
KXBTC15M-26APR271700-00,c6ab41e9-8d05-44be-2024-fc6b818dd654,1777322710,0.48,10.0,no,"{""count_fp"":""10.00"",""created_time"":""2026-04-27T20:45:10.539338Z"",""no_price_dollars"":""0.5200"",""taker_side"":""no"",""ticker"":""KXBTC15M-26APR271700-00"",""trade_id"":""c6ab41e9-8d05-44be-2024-fc6b818dd654"",""yes_price_dollars"":""0.4800""}"
KXBTC15M-26APR271700-00,aa3de034-b45c-4344-3deb-6cea590eec7a,1777322710,0.48,1.0,no,"{""count_fp"":""1.00"",""created_time"":""2026-04-27T20:45:10.539338Z"",""no_price_dollars"":""0.5200"",""taker_side"":""no"",""ticker"":""KXBTC15M-26APR271700-00"",""trade_id"":""aa3de034-b45c-4344-3deb-6cea590eec7a"",""yes_price_dollars"":""0.4800""}"
KXBTC15M-26APR271700-00,a8a15642-8e04-49af-1fc3-170002dd5956,1777322710,0.48,10.0,no,"{""count_fp"":""10.00"",""created_time"":""2026-04-27T20:45:10.539338Z"",""no_price_dollars"":""0.5200"",""taker_side"":""no"",""ticker"":""KXBTC15M-26APR271700-00"",""trade_id"":""a8a15642-8e04-49af-1fc3-170002dd5956"",""yes_price_dollars"":""0.4800""}"
KXBTC15M-26APR271700-00,fa1bbda2-d5fc-5028-3d6e-96e214fd99fc,1777322711,0.5,70.9,no,"{""count_fp"":""70.90"",""created_time"":""2026-04-27T20:45:11.393696Z"",""no_price_dollars"":""0.5000"",""taker_side"":""no"",""ticker"":""KXBTC15M-26APR271700-00"",""trade_id"":""fa1bbda2-d5fc-5028-3d6e-96e214fd99fc"",""yes_price_dollars"":""0.5000""}"
KXBTC15M-26APR271700-00,c071f4a0-1da4-5f2f-3e9a-61d3274f80ab,1777322711,0.52,3.0,no,"{""count_fp"":""3.00"",""created_time"":""2026-04-27T20:45:11.393696Z"",""no_price_dollars"":""0.4800"",""taker_side"":""no"",""ticker"":""KXBTC15M-26APR271700-00"",""trade_id"":""c071f4a0-1da4-5f2f-3e9a-61d3274f80ab"",""yes_price_dollars"":""0.5200""}"
KXBTC15M-26APR271700-00,25fd1269-46a7-5bb8-05d0-bda70fd82eb5,1777322711,0.5,17.62,no,"{""count_fp"":""17.62"",""created_time"":""2026-04-27T20:45:11.393696Z"",""no_price_dollars"":""0.5000"",""taker_side"":""no"",""ticker"":""KXBTC15M-26APR271700-00"",""trade_id"":""25fd1269-46a7-5bb8-05d0-bda70fd82eb5"",""yes_price_dollars"":""0.5000""}"
KXBTC15M-26APR271700-00,7dab3f1f-66b3-5474-5878-a4f1f81ec869,1777322711,0.5,1.86,no,"{""count_fp"":""1.86"",""created_time"":""2026-04-27T20:45:11.304408Z"",""no_price_dollars"":""0.5000"",""taker_side"":""no"",""ticker"":""KXBTC15M-26APR271700-00"",""trade_id"":""7dab3f1f-66b3-5474-5878-a4f1f81ec869"",""yes_price_dollars"":""0.5000""}"
KXBTC15M-26APR271700-00,d81d92ae-d4b3-43ac-bbee-63ca6fcb35f9,1777322711,0.5,2.0,no,"{""count_fp"":""2.00"",""created_time"":""2026-04-27T20:45:11.266403Z"",""no_price_dollars"":""0.5000"",""taker_side"":""no"",""ticker"":""KXBTC15M-26APR271700-00"",""trade_id"":""d81d92ae-d4b3-43ac-bbee-63ca6fcb35f9"",""yes_price_dollars"":""0.5000""}"
KXBTC15M-26APR271700-00,16cb9151-e7f3-4294-3801-261721cb9cd1,1777322711,0.5,18.52,no,"{""count_fp"":""18.52"",""created_time"":""2026-04-27T20:45:11.051553Z"",""no_price_dollars"":""0.5000"",""taker_side"":""no"",""ticker"":""KXBTC15M-26APR271700-00"",""trade_id"":""16cb9151-e7f3-4294-3801-261721cb9cd1"",""yes_price_dollars"":""0.5000""}"
KXBTC15M-26APR271700-00,f0dc37b4-e56d-522b-6ce2-4688071ba566,1777322712,0.53,1.0,yes,"{""count_fp"":""1.00"",""created_time"":""2026-04-27T20:45:12.577027Z"",""no_price_dollars"":""0.4700"",""taker_side"":""yes"",""ticker"":""KXBTC15M-26APR271700-00"",""trade_id"":""f0dc37b4-e56d-522b-6ce2-4688071ba566"",""yes_price_dollars"":""0.5300""}"
KXBTC15M-26APR271700-00,e03006b7-0d17-51b3-6697-abfc8f1fa83c,1777322712,0.55,39.44,yes,"{""count_fp"":""39.44"",""created_time"":""2026-04-27T20:45:12.577027Z"",""no_price_dollars"":""0.4500"",""taker_side"":""yes"",""ticker"":""KXBTC15M-26APR271700-00"",""trade_id"":""e03006b7-0d17-51b3-6697-abfc8f1fa83c"",""yes_price_dollars"":""0.5500""}"
KXBTC15M-26APR271700-00,d36bf3ef-17b4-5546-66c4-c730805d118c,1777322712,0.54,100.0,yes,"{""count_fp"":""100.00"",""created_time"":""2026-04-27T20:45:12.577027Z"",""no_price_dollars"":""0.4600"",""taker_side"":""yes"",""ticker"":""KXBTC15M-26APR271700-00"",""trade_id"":""d36bf3ef-17b4-5546-66c4-c730805d118c"",""yes_price_dollars"":""0.5400""}"
KXBTC15M-26APR271700-00,86c35db0-5710-533b-7594-a09709dccdd2,1777322712,0.52,33.4,yes,"{""count_fp"":""33.40"",""created_time"":""2026-04-27T20:45:12.577027Z"",""no_price_dollars"":""0.4800"",""taker_side"":""yes"",""ticker"":""KXBTC15M-26APR271700-00"",""trade_id"":""86c35db0-5710-533b-7594-a09709dccdd2"",""yes_price_dollars"":""0.5200""}"
KXBTC15M-26APR271700-00,851137c7-3bb0-51d2-5837-68c36624bb8c,1777322712,0.54,40.0,yes,"{""count_fp"":""40.00"",""created_time"":""2026-04-27T20:45:12.577027Z"",""no_price_dollars"":""0.4600"",""taker_side"":""yes"",""ticker"":""KXBTC15M-26APR271700-00"",""trade_id"":""851137c7-3bb0-51d2-5837-68c36624bb8c"",""yes_price_dollars"":""0.5400""}"
KXBTC15M-26APR271700-00,83fb024f-3c32-57fe-7ea1-e19c7fd00721,1777322712,0.53,31.0,yes,"{""count_fp"":""31.00"",""created_time"":""2026-04-27T20:45:12.577027Z"",""no_price_dollars"":""0.4700"",""taker_side"":""yes"",""ticker"":""KXBTC15M-26APR271700-00"",""trade_id"":""83fb024f-3c32-57fe-7ea1-e19c7fd00721"",""yes_price_dollars"":""0.5300""}"
KXBTC15M-26APR271700-00,7d6e1746-8733-504b-6f80-85cab30cb994,1777322712,0.53,56.0,yes,"{""count_fp"":""56.00"",""created_time"":""2026-04-27T20:45:12.577027Z"",""no_price_dollars"":""0.4700"",""taker_side"":""yes"",""ticker"":""KXBTC15M-26APR271700-00"",""trade_id"":""7d6e1746-8733-504b-6f80-85cab30cb994"",""yes_price_dollars"":""0.5300""}"
KXBTC15M-26APR271700-00,6e6f519e-1488-5513-4383-b8f6bc9c35f9,1777322712,0.54,2.0,yes,"{""count_fp"":""2.00"",""created_time"":""2026-04-27T20:45:12.577027Z"",""no_price_dollars"":""0.4600"",""taker_side"":""yes"",""ticker"":""KXBTC15M-26APR271700-00"",""trade_id"":""6e6f519e-1488-5513-4383-b8f6bc9c35f9"",""yes_price_dollars"":""0.5400""}"
KXBTC15M-26APR271700-00,6336932d-785e-50ce-76f4-a8b87a879667,1777322712,0.55,1.0,yes,"{""count_fp"":""1.00"",""created_time"":""2026-04-27T20:45:12.577027Z"",""no_price_dollars"":""0.4500"",""taker_side"":""yes"",""ticker"":""KXBTC15M-26APR271700-00"",""trade_id"":""6336932d-785e-50ce-76f4-a8b87a879667"",""yes_price_dollars"":""0.5500""}"
KXBTC15M-26APR271700-00,2de4e82f-4736-50f7-438b-e59eaba26919,1777322712,0.53,40.0,yes,"{""count_fp"":""40.00"",""created_time"":""2026-04-27T20:45:12.577027Z"",""no_price_dollars"":""0.4700"",""taker_side"":""yes"",""ticker"":""KXBTC15M-26APR271700-00"",""trade_id"":""2de4e82f-4736-50f7-438b-e59eaba26919"",""yes_price_dollars"":""0.5300""}"
KXBTC15M-26APR271700-00,1621167c-912d-51ab-616d-f53c863be1cf,1777322712,0.53,3.0,yes,"{""count_fp"":""3.00"",""created_time"":""2026-04-27T20:45:12.577027Z"",""no_price_dollars"":""0.4700"",""taker_side"":""yes"",""ticker"":""KXBTC15M-26APR271700-00"",""trade_id"":""1621167c-912d-51ab-616d-f53c863be1cf"",""yes_price_dollars"":""0.5300""}"
KXBTC15M-26APR271700-00,b6d37369-7828-69b4-5a73-6aebb4c3d83d,1777322712,0.51,3.0,no,"{""count_fp"":""3.00"",""created_time"":""2026-04-27T20:45:12.312494Z"",""no_price_dollars"":""0.4900"",""taker_side"":""no"",""ticker"":""KXBTC15M-26APR271700-00"",""trade_id"":""b6d37369-7828-69b4-5a73-6aebb4c3d83d"",""yes_price_dollars"":""0.5100""}"
KXBTC15M-26APR271700-00,d16c9e48-bd90-6c77-b44b-4df95c70603a,1777322712,0.52,6.6,yes,"{""count_fp"":""6.60"",""created_time"":""2026-04-27T20:45:12.292175Z"",""no_price_dollars"":""0.4800"",""taker_side"":""yes"",""ticker"":""KXBTC15M-26APR271700-00"",""trade_id"":""d16c9e48-bd90-6c77-b44b-4df95c70603a"",""yes_price_dollars"":""0.5200""}"
KXBTC15M-26APR271700-00,5ad7947f-e4ac-6152-b0bc-b16161ccbe31,1777322712,0.52,2.81,yes,"{""count_fp"":""2.81"",""created_time"":""2026-04-27T20:45:12.292175Z"",""no_price_dollars"":""0.4800"",""taker_side"":""yes"",""ticker"":""KXBTC15M-26APR271700-00"",""trade_id"":""5ad7947f-e4ac-6152-b0bc-b16161ccbe31"",""yes_price_dollars"":""0.5200""}"
KXBTC15M-26APR271700-00,09e55ed2-ecd8-4f2a-d9ee-78406250ad35,1777322712,0.52,0.19,yes,"{""count_fp"":""0.19"",""created_time"":""2026-04-27T20:45:12.269892Z"",""no_price_dollars"":""0.4800"",""taker_side"":""yes"",""ticker"":""KXBTC15M-26APR271700-00"",""trade_id"":""09e55ed2-ecd8-4f2a-d9ee-78406250ad35"",""yes_price_dollars"":""0.5200""}"
KXBTC15M-26APR271700-00,9cdd994b-eae0-7b60-3218-1055414e38b1,1777322712,0.51,20.0,no,"{""count_fp"":""20.00"",""created_time"":""2026-04-27T20:45:12.255956Z"",""no_price_dollars"":""0.4900"",""taker_side"":""no"",""ticker"":""KXBTC15M-26APR271700-00"",""trade_id"":""9cdd994b-eae0-7b60-3218-1055414e38b1"",""yes_price_dollars"":""0.5100""}"
KXBTC15M-26APR271700-00,46a6396e-5d99-4e64-8fd5-640700221ce8,1777322713,0.53,4.3,yes,"{""count_fp"":""4.30"",""created_time"":""2026-04-27T20:45:13.364482Z"",""no_price_dollars"":""0.4700"",""taker_side"":""yes"",""ticker"":""KXBTC15M-26APR271700-00"",""trade_id"":""46a6396e-5d99-4e64-8fd5-640700221ce8"",""yes_price_dollars"":""0.5300""}"
KXBTC15M-26APR271700-00,35a587f1-25e4-4574-b32f-0582d6738446,1777322713,0.53,3.0,yes,"{""count_fp"":""3.00"",""created_time"":""2026-04-27T20:45:13.364482Z"",""no_price_dollars"":""0.4700"",""taker_side"":""yes"",""ticker"":""KXBTC15M-26APR271700-00"",""trade_id"":""35a587f1-25e4-4574-b32f-0582d6738446"",""yes_price_dollars"":""0.5300""}"
KXBTC15M-26APR271700-00,f032ec7f-ddbc-521e-4324-aa809fb70ec0,1777322714,0.51,1.82,yes,"{""count_fp"":""1.82"",""created_time"":""2026-04-27T20:45:14.939735Z"",""no_price_dollars"":""0.4900"",""taker_side"":""yes"",""ticker"":""KXBTC15M-26APR271700-00"",""trade_id"":""f032ec7f-ddbc-521e-4324-aa809fb70ec0"",""yes_price_dollars"":""0.5100""}"
KXBTC15M-26APR271700-00,415f1d0d-0072-4244-2d9e-92206dadea1d,1777322714,0.52,20.0,no,"{""count_fp"":""20.00"",""created_time"":""2026-04-27T20:45:14.481946Z"",""no_price_dollars"":""0.4800"",""taker_side"":""no"",""ticker"":""KXBTC15M-26APR271700-00"",""trade_id"":""415f1d0d-0072-4244-2d9e-92206dadea1d"",""yes_price_dollars"":""0.5200""}"
KXBTC15M-26APR271700-00,e3f2f3f9-de33-7830-2a3a-662374acae5f,1777322714,0.53,0.8,yes,"{""count_fp"":""0.80"",""created_time"":""2026-04-27T20:45:14.335423Z"",""no_price_dollars"":""0.4700"",""taker_side"":""yes"",""ticker"":""KXBTC15M-26APR271700-00"",""trade_id"":""e3f2f3f9-de33-7830-2a3a-662374acae5f"",""yes_price_dollars"":""0.5300""}"
KXBTC15M-26APR271700-00,adfe1a9a-0798-7f98-1f1f-b7eae9a6bbc0,1777322714,0.54,34.99,yes,"{""count_fp"":""34.99"",""created_time"":""2026-04-27T20:45:14.335423Z"",""no_price_dollars"":""0.4600"",""taker_side"":""yes"",""ticker"":""KXBTC15M-26APR271700-00"",""trade_id"":""adfe1a9a-0798-7f98-1f1f-b7eae9a6bbc0"",""yes_price_dollars"":""0.5400""}"
KXBTC15M-26APR271700-00,bdba9525-a593-4e54-b373-7823306ba2a7,1777322714,0.53,5.2,yes,"{""count_fp"":""5.20"",""created_time"":""2026-04-27T20:45:14.326924Z"",""no_price_dollars"":""0.4700"",""taker_side"":""yes"",""ticker"":""KXBTC15M-26APR271700-00"",""trade_id"":""bdba9525-a593-4e54-b373-7823306ba2a7"",""yes_price_dollars"":""0.5300""}"
KXBTC15M-26APR271700-00,68e8856a-3c96-4f82-8381-bdfeae93313c,1777322714,0.52,1.0,yes,"{""count_fp"":""1.00"",""created_time"":""2026-04-27T20:45:14.326924Z"",""no_price_dollars"":""0.4800"",""taker_side"":""yes"",""ticker"":""KXBTC15M-26APR271700-00"",""trade_id"":""68e8856a-3c96-4f82-8381-bdfeae93313c"",""yes_price_dollars"":""0.5200""}"
KXBTC15M-26APR271700-00,646d5d0d-ab0a-4cb1-933d-a6827ae344d2,1777322714,0.52,3.0,yes,"{""count_fp"":""3.00"",""created_time"":""2026-04-27T20:45:14.326924Z"",""no_price_dollars"":""0.4800"",""taker_side"":""yes"",""ticker"":""KXBTC15M-26APR271700-00"",""trade_id"":""646d5d0d-ab0a-4cb1-933d-a6827ae344d2"",""yes_price_dollars"":""0.5200""}"
KXBTC15M-26APR271700-00,42024a60-8ec5-47a0-9210-12c6062181b6,1777322714,0.53,40.0,yes,"{""count_fp"":""40.00"",""created_time"":""2026-04-27T20:45:14.326924Z"",""no_price_dollars"":""0.4700"",""taker_side"":""yes"",""ticker"":""KXBTC15M-26APR271700-00"",""trade_id"":""42024a60-8ec5-47a0-9210-12c6062181b6"",""yes_price_dollars"":""0.5300""}"
KXBTC15M-26APR271700-00,e8156ca8-03cd-6b5c-aa2b-2e21daf64dbc,1777322714,0.53,31.81,yes,"{""count_fp"":""31.81"",""created_time"":""2026-04-27T20:45:14.071203Z"",""no_price_dollars"":""0.4700"",""taker_side"":""yes"",""ticker"":""KXBTC15M-26APR271700-00"",""trade_id"":""e8156ca8-03cd-6b5c-aa2b-2e21daf64dbc"",""yes_price_dollars"":""0.5300""}"
KXBTC15M-26APR271700-00,905d4d61-3141-61b4-8f5a-850c09656393,1777322714,0.52,3.0,yes,"{""count_fp"":""3.00"",""created_time"":""2026-04-27T20:45:14.071203Z"",""no_price_dollars"":""0.4800"",""taker_side"":""yes"",""ticker"":""KXBTC15M-26APR271700-00"",""trade_id"":""905d4d61-3141-61b4-8f5a-850c09656393"",""yes_price_dollars"":""0.5200""}"
KXBTC15M-26APR271700-00,b5c74dd4-fcc6-5b53-ba59-7f42898e2451,1777322714,0.52,10.05,no,"{""count_fp"":""10.05"",""created_time"":""2026-04-27T20:45:14.007645Z"",""no_price_dollars"":""0.4800"",""taker_side"":""no"",""ticker"":""KXBTC15M-26APR271700-00"",""trade_id"":""b5c74dd4-fcc6-5b53-ba59-7f42898e2451"",""yes_price_dollars"":""0.5200""}"
KXBTC15M-26APR271700-00,62fa67c0-b0d8-591c-a4b3-b8ad8f0ff8ed,1777322714,0.51,17.0,no,"{""count_fp"":""17.00"",""created_time"":""2026-04-27T20:45:14.007645Z"",""no_price_dollars"":""0.4900"",""taker_side"":""no"",""ticker"":""KXBTC15M-26APR271700-00"",""trade_id"":""62fa67c0-b0d8-591c-a4b3-b8ad8f0ff8ed"",""yes_price_dollars"":""0.5100""}"
KXBTC15M-26APR271700-00,436783bf-0f26-50b2-9181-fb183fbbd90d,1777322714,0.52,40.0,no,"{""count_fp"":""40.00"",""created_time"":""2026-04-27T20:45:14.007645Z"",""no_price_dollars"":""0.4800"",""taker_side"":""no"",""ticker"":""KXBTC15M-26APR271700-00"",""trade_id"":""436783bf-0f26-50b2-9181-fb183fbbd90d"",""yes_price_dollars"":""0.5200""}"
KXBTC15M-26APR271700-00,41e5f22a-c248-56f4-8004-193647790e58,1777322714,0.5,57.03,no,"{""count_fp"":""57.03"",""created_time"":""2026-04-27T20:45:14.007645Z"",""no_price_dollars"":""0.5000"",""taker_side"":""no"",""ticker"":""KXBTC15M-26APR271700-00"",""trade_id"":""41e5f22a-c248-56f4-8004-193647790e58"",""yes_price_dollars"":""0.5000""}"
KXBTC15M-26APR271700-00,77d97133-20d0-4f47-f1d7-495dca7b32e1,1777322715,0.48,28.43,yes,"{""count_fp"":""28.43"",""created_time"":""2026-04-27T20:45:15.997439Z"",""no_price_dollars"":""0.5200"",""taker_side"":""yes"",""ticker"":""KXBTC15M-26APR271700-00"",""trade_id"":""77d97133-20d0-4f47-f1d7-495dca7b32e1"",""yes_price_dollars"":""0.4800""}"
KXBTC15M-26APR271700-00,b5713eb3-e5ac-76ff-fe85-81b37b7184fd,1777322715,0.48,1.67,yes,"{""count_fp"":""1.67"",""created_time"":""2026-04-27T20:45:15.897078Z"",""no_price_dollars"":""0.5200"",""taker_side"":""yes"",""ticker"":""KXBTC15M-26APR271700-00"",""trade_id"":""b5713eb3-e5ac-76ff-fe85-81b37b7184fd"",""yes_price_dollars"":""0.4800""}"
KXBTC15M-26APR271700-00,d8c2438d-cb2d-491e-a3e8-d37964e52c21,1777322715,0.47,1.0,no,"{""count_fp"":""1.00"",""created_time"":""2026-04-27T20:45:15.754398Z"",""no_price_dollars"":""0.5300"",""taker_side"":""no"",""ticker"":""KXBTC15M-26APR271700-00"",""trade_id"":""d8c2438d-cb2d-491e-a3e8-d37964e52c21"",""yes_price_dollars"":""0.4700""}"
KXBTC15M-26APR271700-00,0f05d331-cf46-53f2-36bf-19bf1225e6d3,1777322715,0.48,9.2,yes,"{""count_fp"":""9.20"",""created_time"":""2026-04-27T20:45:15.410614Z"",""no_price_dollars"":""0.5200"",""taker_side"":""yes"",""ticker"":""KXBTC15M-26APR271700-00"",""trade_id"":""0f05d331-cf46-53f2-36bf-19bf1225e6d3"",""yes_price_dollars"":""0.4800""}"
KXBTC15M-26APR271700-00,952a1870-b619-4fc1-b8d6-09c60d136bef,1777322715,0.48,0.35,no,"{""count_fp"":""0.35"",""created_time"":""2026-04-27T20:45:15.339721Z"",""no_price_dollars"":""0.5200"",""taker_side"":""no"",""ticker"":""KXBTC15M-26APR271700-00"",""trade_id"":""952a1870-b619-4fc1-b8d6-09c60d136bef"",""yes_price_dollars"":""0.4800""}"
KXBTC15M-26APR271700-00,9c93c881-07ad-5e69-42b9-80bdf126fd93,1777322715,0.48,128.0,no,"{""count_fp"":""128.00"",""created_time"":""2026-04-27T20:45:15.339028Z"",""no_price_dollars"":""0.5200"",""taker_side"":""no"",""ticker"":""KXBTC15M-26APR271700-00"",""trade_id"":""9c93c881-07ad-5e69-42b9-80bdf126fd93"",""yes_price_dollars"":""0.4800""}"
KXBTC15M-26APR271700-00,e8418491-254d-7c59-3fc8-a74d3ee317f7,1777322715,0.48,31.65,no,"{""count_fp"":""31.65"",""created_time"":""2026-04-27T20:45:15.278214Z"",""no_price_dollars"":""0.5200"",""taker_side"":""no"",""ticker"":""KXBTC15M-26APR271700-00"",""trade_id"":""e8418491-254d-7c59-3fc8-a74d3ee317f7"",""yes_price_dollars"":""0.4800""}"
KXBTC15M-26APR271700-00,ff5e54c1-36c9-6c31-c236-f553e012fbc7,1777322715,0.48,140.0,no,"{""count_fp"":""140.00"",""created_time"":""2026-04-27T20:45:15.257978Z"",""no_price_dollars"":""0.5200"",""taker_side"":""no"",""ticker"":""KXBTC15M-26APR271700-00"",""trade_id"":""ff5e54c1-36c9-6c31-c236-f553e012fbc7"",""yes_price_dollars"":""0.4800""}"
KXBTC15M-26APR271700-00,f0acc4ad-cdbf-7163-070e-dcd60fd56694,1777322715,0.49,140.0,no,"{""count_fp"":""140.00"",""created_time"":""2026-04-27T20:45:15.247994Z"",""no_price_dollars"":""0.5100"",""taker_side"":""no"",""ticker"":""KXBTC15M-26APR271700-00"",""trade_id"":""f0acc4ad-cdbf-7163-070e-dcd60fd56694"",""yes_price_dollars"":""0.4900""}"
KXBTC15M-26APR271700-00,41bee0b1-3d1f-4027-9579-c32f354e12e0,1777322715,0.49,35.87,no,"{""count_fp"":""35.87"",""created_time"":""2026-04-27T20:45:15.100706Z"",""no_price_dollars"":""0.5100"",""taker_side"":""no"",""ticker"":""KXBTC15M-26APR271700-00"",""trade_id"":""41bee0b1-3d1f-4027-9579-c32f354e12e0"",""yes_price_dollars"":""0.4900""}"
KXBTC15M-26APR271700-00,be435374-823f-47f8-d6b6-fd05d0c162e7,1777322715,0.5,1.0,no,"{""count_fp"":""1.00"",""created_time"":""2026-04-27T20:45:15.049294Z"",""no_price_dollars"":""0.5000"",""taker_side"":""no"",""ticker"":""KXBTC15M-26APR271700-00"",""trade_id"":""be435374-823f-47f8-d6b6-fd05d0c162e7"",""yes_price_dollars"":""0.5000""}"
KXBTC15M-26APR271700-00,1e7c9826-1107-4bc7-d2a3-41a36273efdc,1777322715,0.49,23.44,no,"{""count_fp"":""23.44"",""created_time"":""2026-04-27T20:45:15.049294Z"",""no_price_dollars"":""0.5100"",""taker_side"":""no"",""ticker"":""KXBTC15M-26APR271700-00"",""trade_id"":""1e7c9826-1107-4bc7-d2a3-41a36273efdc"",""yes_price_dollars"":""0.4900""}"
KXBTC15M-26APR271700-00,a0988336-1fdc-432e-6d52-89387147769c,1777322715,0.51,5.48,yes,"{""count_fp"":""5.48"",""created_time"":""2026-04-27T20:45:15.001636Z"",""no_price_dollars"":""0.4900"",""taker_side"":""yes"",""ticker"":""KXBTC15M-26APR271700-00"",""trade_id"":""a0988336-1fdc-432e-6d52-89387147769c"",""yes_price_dollars"":""0.5100""}"
KXBTC15M-26APR271700-00,f81c327e-6f24-590d-6c7a-1c7f7298826c,1777322716,0.48,29.64,yes,"{""count_fp"":""29.64"",""created_time"":""2026-04-27T20:45:16.989282Z"",""no_price_dollars"":""0.5200"",""taker_side"":""yes"",""ticker"":""KXBTC15M-26APR271700-00"",""trade_id"":""f81c327e-6f24-590d-6c7a-1c7f7298826c"",""yes_price_dollars"":""0.4800""}"
KXBTC15M-26APR271700-00,82338c11-7a8c-7911-646c-e0607c514660,1777322716,0.48,8.04,yes,"{""count_fp"":""8.04"",""created_time"":""2026-04-27T20:45:16.963455Z"",""no_price_dollars"":""0.5200"",""taker_side"":""yes"",""ticker"":""KXBTC15M-26APR271700-00"",""trade_id"":""82338c11-7a8c-7911-646c-e0607c514660"",""yes_price_dollars"":""0.4800""}"
KXBTC15M-26APR271700-00,bf6d5e8c-cdf5-5a3f-0249-451e81f7dfe0,1777322716,0.48,10.0,yes,"{""count_fp"":""10.00"",""created_time"":""2026-04-27T20:45:16.877941Z"",""no_price_dollars"":""0.5200"",""taker_side"":""yes"",""ticker"":""KXBTC15M-26APR271700-00"",""trade_id"":""bf6d5e8c-cdf5-5a3f-0249-451e81f7dfe0"",""yes_price_dollars"":""0.4800""}"
KXBTC15M-26APR271700-00,bcad8814-501e-5bdf-15d1-609ac585be3d,1777322716,0.48,56.0,yes,"{""count_fp"":""56.00"",""created_time"":""2026-04-27T20:45:16.877941Z"",""no_price_dollars"":""0.5200"",""taker_side"":""yes"",""ticker"":""KXBTC15M-26APR271700-00"",""trade_id"":""bcad8814-501e-5bdf-15d1-609ac585be3d"",""yes_price_dollars"":""0.4800""}"
KXBTC15M-26APR271700-00,b4ee5168-da4c-5ecd-1c92-8e4929a497dc,1777322716,0.48,11.95,yes,"{""count_fp"":""11.95"",""created_time"":""2026-04-27T20:45:16.877941Z"",""no_price_dollars"":""0.5200"",""taker_side"":""yes"",""ticker"":""KXBTC15M-26APR271700-00"",""trade_id"":""b4ee5168-da4c-5ecd-1c92-8e4929a497dc"",""yes_price_dollars"":""0.4800""}"
KXBTC15M-26APR271700-00,2bdcb7d4-06b1-6abe-4485-498bad52f111,1777322716,0.47,5.48,no,"{""count_fp"":""5.48"",""created_time"":""2026-04-27T20:45:16.616844Z"",""no_price_dollars"":""0.5300"",""taker_side"":""no"",""ticker"":""KXBTC15M-26APR271700-00"",""trade_id"":""2bdcb7d4-06b1-6abe-4485-498bad52f111"",""yes_price_dollars"":""0.4700""}"
KXBTC15M-26APR271700-00,ea1b8a95-a67d-770e-78d7-2e7eedc34ab4,1777322716,0.48,2.0,yes,"{""count_fp"":""2.00"",""created_time"":""2026-04-27T20:45:16.501658Z"",""no_price_dollars"":""0.5200"",""taker_side"":""yes"",""ticker"":""KXBTC15M-26APR271700-00"",""trade_id"":""ea1b8a95-a67d-770e-78d7-2e7eedc34ab4"",""yes_price_dollars"":""0.4800""}"
KXBTC15M-26APR271700-00,c79acacb-1029-73f7-5c70-e9f3255f4f17,1777322716,0.48,20.61,yes,"{""count_fp"":""20.61"",""created_time"":""2026-04-27T20:45:16.501658Z"",""no_price_dollars"":""0.5200"",""taker_side"":""yes"",""ticker"":""KXBTC15M-26APR271700-00"",""trade_id"":""c79acacb-1029-73f7-5c70-e9f3255f4f17"",""yes_price_dollars"":""0.4800""}"
KXBTC15M-26APR271700-00,a971382d-f79e-7338-6783-6ffcbc769c2a,1777322716,0.48,100.0,yes,"{""count_fp"":""100.00"",""created_time"":""2026-04-27T20:45:16.501658Z"",""no_price_dollars"":""0.5200"",""taker_side"":""yes"",""ticker"":""KXBTC15M-26APR271700-00"",""trade_id"":""a971382d-f79e-7338-6783-6ffcbc769c2a"",""yes_price_dollars"":""0.4800""}"
KXBTC15M-26APR271700-00,0d5973be-c5f8-7767-990f-5a3920e16db5,1777322716,0.48,91.62,yes,"{""count_fp"":""91.62"",""created_time"":""2026-04-27T20:45:16.341325Z"",""no_price_dollars"":""0.5200"",""taker_side"":""yes"",""ticker"":""KXBTC15M-26APR271700-00"",""trade_id"":""0d5973be-c5f8-7767-990f-5a3920e16db5"",""yes_price_dollars"":""0.4800""}"
KXBTC15M-26APR271700-00,431dcc3e-7f60-79e3-1711-8ac17296db49,1777322716,0.48,10.99,yes,"{""count_fp"":""10.99"",""created_time"":""2026-04-27T20:45:16.329098Z"",""no_price_dollars"":""0.5200"",""taker_side"":""yes"",""ticker"":""KXBTC15M-26APR271700-00"",""trade_id"":""431dcc3e-7f60-79e3-1711-8ac17296db49"",""yes_price_dollars"":""0.4800""}"
KXBTC15M-26APR271700-00,e32f15fa-6c0d-7029-02b0-10abb3f18f40,1777322717,0.49,31.05,yes,"{""count_fp"":""31.05"",""created_time"":""2026-04-27T20:45:17.986773Z"",""no_price_dollars"":""0.5100"",""taker_side"":""yes"",""ticker"":""KXBTC15M-26APR271700-00"",""trade_id"":""e32f15fa-6c0d-7029-02b0-10abb3f18f40"",""yes_price_dollars"":""0.4900""}"
KXBTC15M-26APR271700-00,1704ec68-793d-6c65-068c-8c9c37afe9a0,1777322717,0.49,1.82,yes,"{""count_fp"":""1.82"",""created_time"":""2026-04-27T20:45:17.890096Z"",""no_price_dollars"":""0.5100"",""taker_side"":""yes"",""ticker"":""KXBTC15M-26APR271700-00"",""trade_id"":""1704ec68-793d-6c65-068c-8c9c37afe9a0"",""yes_price_dollars"":""0.4900""}"
KXBTC15M-26APR271700-00,588e540f-b692-6614-de0b-455f386910c2,1777322717,0.48,27.92,no,"{""count_fp"":""27.92"",""created_time"":""2026-04-27T20:45:17.528352Z"",""no_price_dollars"":""0.5200"",""taker_side"":""no"",""ticker"":""KXBTC15M-26APR271700-00"",""trade_id"":""588e540f-b692-6614-de0b-455f386910c2"",""yes_price_dollars"":""0.4800""}"
KXBTC15M-26APR271700-00,83903465-599e-5a3a-b507-5315dcb82695,1777322717,0.48,1.0,yes,"{""count_fp"":""1.00"",""created_time"":""2026-04-27T20:45:17.417381Z"",""no_price_dollars"":""0.5200"",""taker_side"":""yes"",""ticker"":""KXBTC15M-26APR271700-00"",""trade_id"":""83903465-599e-5a3a-b507-5315dcb82695"",""yes_price_dollars"":""0.4800""}"
KXBTC15M-26APR271700-00,61fc832f-c224-53f2-adf0-9ee61ce6e5aa,1777322717,0.48,2.0,yes,"{""count_fp"":""2.00"",""created_time"":""2026-04-27T20:45:17.417381Z"",""no_price_dollars"":""0.5200"",""taker_side"":""yes"",""ticker"":""KXBTC15M-26APR271700-00"",""trade_id"":""61fc832f-c224-53f2-adf0-9ee61ce6e5aa"",""yes_price_dollars"":""0.4800""}"
KXBTC15M-26APR271700-00,4a98440a-17c6-5e4c-b51d-90cd9024c3be,1777322717,0.48,2.0,yes,"{""count_fp"":""2.00"",""created_time"":""2026-04-27T20:45:17.417381Z"",""no_price_dollars"":""0.5200"",""taker_side"":""yes"",""ticker"":""KXBTC15M-26APR271700-00"",""trade_id"":""4a98440a-17c6-5e4c-b51d-90cd9024c3be"",""yes_price_dollars"":""0.4800""}"
KXBTC15M-26APR271700-00,385924a9-82af-5124-b69d-1c5000784072,1777322717,0.48,13.63,yes,"{""count_fp"":""13.63"",""created_time"":""2026-04-27T20:45:17.417381Z"",""no_price_dollars"":""0.5200"",""taker_side"":""yes"",""ticker"":""KXBTC15M-26APR271700-00"",""trade_id"":""385924a9-82af-5124-b69d-1c5000784072"",""yes_price_dollars"":""0.4800""}"
KXBTC15M-26APR271700-00,fc06170c-9914-7bf9-2197-d4c7a9c56d74,1777322717,0.48,4.0,yes,"{""count_fp"":""4.00"",""created_time"":""2026-04-27T20:45:17.248748Z"",""no_price_dollars"":""0.5200"",""taker_side"":""yes"",""ticker"":""KXBTC15M-26APR271700-00"",""trade_id"":""fc06170c-9914-7bf9-2197-d4c7a9c56d74"",""yes_price_dollars"":""0.4800""}"
KXBTC15M-26APR271700-00,b293fd3d-94f4-5395-250d-65d96d9005b4,1777322717,0.48,9.42,yes,"{""count_fp"":""9.42"",""created_time"":""2026-04-27T20:45:17.157315Z"",""no_price_dollars"":""0.5200"",""taker_side"":""yes"",""ticker"":""KXBTC15M-26APR271700-00"",""trade_id"":""b293fd3d-94f4-5395-250d-65d96d9005b4"",""yes_price_dollars"":""0.4800""}"
KXBTC15M-26APR271700-00,785816c3-03e6-6cec-88fc-34a4339a1a97,1777322718,0.48,3.94,yes,"{""count_fp"":""3.94"",""created_time"":""2026-04-27T20:45:18.724911Z"",""no_price_dollars"":""0.5200"",""taker_side"":""yes"",""ticker"":""KXBTC15M-26APR271700-00"",""trade_id"":""785816c3-03e6-6cec-88fc-34a4339a1a97"",""yes_price_dollars"":""0.4800""}"
KXBTC15M-26APR271700-00,c3617876-4916-5b58-4b5d-1eec7bb5e02f,1777322718,0.48,38.81,yes,"{""count_fp"":""38.81"",""created_time"":""2026-04-27T20:45:18.716322Z"",""no_price_dollars"":""0.5200"",""taker_side"":""yes"",""ticker"":""KXBTC15M-26APR271700-00"",""trade_id"":""c3617876-4916-5b58-4b5d-1eec7bb5e02f"",""yes_price_dollars"":""0.4800""}"
KXBTC15M-26APR271700-00,aaa904af-9a03-5e1f-4fdd-7838bbbf2443,1777322718,0.48,40.0,yes,"{""count_fp"":""40.00"",""created_time"":""2026-04-27T20:45:18.716322Z"",""no_price_dollars"":""0.5200"",""taker_side"":""yes"",""ticker"":""KXBTC15M-26APR271700-00"",""trade_id"":""aaa904af-9a03-5e1f-4fdd-7838bbbf2443"",""yes_price_dollars"":""0.4800""}"
KXBTC15M-26APR271700-00,edfd8bbe-5194-78ed-8824-155870fdb4c2,1777322718,0.47,1.0,no,"{""count_fp"":""1.00"",""created_time"":""2026-04-27T20:45:18.427536Z"",""no_price_dollars"":""0.5300"",""taker_side"":""no"",""ticker"":""KXBTC15M-26APR271700-00"",""trade_id"":""edfd8bbe-5194-78ed-8824-155870fdb4c2"",""yes_price_dollars"":""0.4700""}"
KXBTC15M-26APR271700-00,0e580e44-a7dc-7df1-a2bf-ab831ce070ad,1777322718,0.46,132.81,no,"{""count_fp"":""132.81"",""created_time"":""2026-04-27T20:45:18.427536Z"",""no_price_dollars"":""0.5400"",""taker_side"":""no"",""ticker"":""KXBTC15M-26APR271700-00"",""trade_id"":""0e580e44-a7dc-7df1-a2bf-ab831ce070ad"",""yes_price_dollars"":""0.4600""}"
KXBTC15M-26APR271700-00,ae3129f2-5394-73e1-3159-5a4480cd0439,1777322718,0.46,41.51,no,"{""count_fp"":""41.51"",""created_time"":""2026-04-27T20:45:18.320619Z"",""no_price_dollars"":""0.5400"",""taker_side"":""no"",""ticker"":""KXBTC15M-26APR271700-00"",""trade_id"":""ae3129f2-5394-73e1-3159-5a4480cd0439"",""yes_price_dollars"":""0.4600""}"
KXBTC15M-26APR271700-00,a51a2a4e-9067-7fd8-1eaf-38acc122f71d,1777322718,0.47,3.0,no,"{""count_fp"":""3.00"",""created_time"":""2026-04-27T20:45:18.320619Z"",""no_price_dollars"":""0.5300"",""taker_side"":""no"",""ticker"":""KXBTC15M-26APR271700-00"",""trade_id"":""a51a2a4e-9067-7fd8-1eaf-38acc122f71d"",""yes_price_dollars"":""0.4700""}"
KXBTC15M-26APR271700-00,59ca4aae-c931-7fa9-01e4-95ee3f261c60,1777322718,0.47,40.0,no,"{""count_fp"":""40.00"",""created_time"":""2026-04-27T20:45:18.320619Z"",""no_price_dollars"":""0.5300"",""taker_side"":""no"",""ticker"":""KXBTC15M-26APR271700-00"",""trade_id"":""59ca4aae-c931-7fa9-01e4-95ee3f261c60"",""yes_price_dollars"":""0.4700""}"
KXBTC15M-26APR271700-00,2594b0ea-b3a6-7567-0582-9cad0da371c0,1777322718,0.48,1.0,no,"{""count_fp"":""1.00"",""created_time"":""2026-04-27T20:45:18.320619Z"",""no_price_dollars"":""0.5200"",""taker_side"":""no"",""ticker"":""KXBTC15M-26APR271700-00"",""trade_id"":""2594b0ea-b3a6-7567-0582-9cad0da371c0"",""yes_price_dollars"":""0.4800""}"
KXBTC15M-26APR271700-00,1b84e753-3769-7505-150f-1fc460f2b0c2,1777322718,0.47,1.0,no,"{""count_fp"":""1.00"",""created_time"":""2026-04-27T20:45:18.320619Z"",""no_price_dollars"":""0.5300"",""taker_side"":""no"",""ticker"":""KXBTC15M-26APR271700-00"",""trade_id"":""1b84e753-3769-7505-150f-1fc460f2b0c2"",""yes_price_dollars"":""0.4700""}"
KXBTC15M-26APR271700-00,2543b0ec-3886-67ea-c1e4-1656d342f6f3,1777322718,0.49,1.0,yes,"{""count_fp"":""1.00"",""created_time"":""2026-04-27T20:45:18.309973Z"",""no_price_dollars"":""0.5100"",""taker_side"":""yes"",""ticker"":""KXBTC15M-26APR271700-00"",""trade_id"":""2543b0ec-3886-67ea-c1e4-1656d342f6f3"",""yes_price_dollars"":""0.4900""}"
KXBTC15M-26APR271700-00,f933ebeb-9844-56a9-2397-751264b797ed,1777322718,0.46,87.5,no,"{""count_fp"":""87.50"",""created_time"":""2026-04-27T20:45:18.143371Z"",""no_price_dollars"":""0.5400"",""taker_side"":""no"",""ticker"":""KXBTC15M-26APR271700-00"",""trade_id"":""f933ebeb-9844-56a9-2397-751264b797ed"",""yes_price_dollars"":""0.4600""}"
KXBTC15M-26APR271700-00,7aaffc4a-ead2-5768-0224-d378a6292616,1777322718,0.48,12.08,no,"{""count_fp"":""12.08"",""created_time"":""2026-04-27T20:45:18.143371Z"",""no_price_dollars"":""0.5200"",""taker_side"":""no"",""ticker"":""KXBTC15M-26APR271700-00"",""trade_id"":""7aaffc4a-ead2-5768-0224-d378a6292616"",""yes_price_dollars"":""0.4800""}"
KXBTC15M-26APR271700-00,4cf76c22-df0c-534f-0e50-930623071335,1777322718,0.47,1.0,no,"{""count_fp"":""1.00"",""created_time"":""2026-04-27T20:45:18.143371Z"",""no_price_dollars"":""0.5300"",""taker_side"":""no"",""ticker"":""KXBTC15M-26APR271700-00"",""trade_id"":""4cf76c22-df0c-534f-0e50-930623071335"",""yes_price_dollars"":""0.4700""}"
KXBTC15M-26APR271700-00,48b4c090-2f8a-5a09-0051-e16d451a6bc8,1777322718,0.47,3.0,no,"{""count_fp"":""3.00"",""created_time"":""2026-04-27T20:45:18.143371Z"",""no_price_dollars"":""0.5300"",""taker_side"":""no"",""ticker"":""KXBTC15M-26APR271700-00"",""trade_id"":""48b4c090-2f8a-5a09-0051-e16d451a6bc8"",""yes_price_dollars"":""0.4700""}"
KXBTC15M-26APR271700-00,227d4b31-e8fd-5a26-16bd-df4823ddbf49,1777322718,0.47,33.52,no,"{""count_fp"":""33.52"",""created_time"":""2026-04-27T20:45:18.143371Z"",""no_price_dollars"":""0.5300"",""taker_side"":""no"",""ticker"":""KXBTC15M-26APR271700-00"",""trade_id"":""227d4b31-e8fd-5a26-16bd-df4823ddbf49"",""yes_price_dollars"":""0.4700""}"
KXBTC15M-26APR271700-00,198db9af-af12-5113-2cf5-33c3821a95b2,1777322718,0.46,40.0,no,"{""count_fp"":""40.00"",""created_time"":""2026-04-27T20:45:18.143371Z"",""no_price_dollars"":""0.5400"",""taker_side"":""no"",""ticker"":""KXBTC15M-26APR271700-00"",""trade_id"":""198db9af-af12-5113-2cf5-33c3821a95b2"",""yes_price_dollars"":""0.4600""}"
KXBTC15M-26APR271700-00,81945b8a-49a5-4685-ba37-3fce15774718,1777322718,0.49,5.9,yes,"{""count_fp"":""5.90"",""created_time"":""2026-04-27T20:45:18.098921Z"",""no_price_dollars"":""0.5100"",""taker_side"":""yes"",""ticker"":""KXBTC15M-26APR271700-00"",""trade_id"":""81945b8a-49a5-4685-ba37-3fce15774718"",""yes_price_dollars"":""0.4900""}"
KXBTC15M-26APR271700-00,f3863a88-4de5-6c90-f619-44f87ed9996f,1777322719,0.47,0.91,no,"{""count_fp"":""0.91"",""created_time"":""2026-04-27T20:45:19.879891Z"",""no_price_dollars"":""0.5300"",""taker_side"":""no"",""ticker"":""KXBTC15M-26APR271700-00"",""trade_id"":""f3863a88-4de5-6c90-f619-44f87ed9996f"",""yes_price_dollars"":""0.4700""}"
KXBTC15M-26APR271700-00,b243721f-239d-4212-c739-930d4b5e83a6,1777322719,0.47,9.66,no,"{""count_fp"":""9.66"",""created_time"":""2026-04-27T20:45:19.410071Z"",""no_price_dollars"":""0.5300"",""taker_side"":""no"",""ticker"":""KXBTC15M-26APR271700-00"",""trade_id"":""b243721f-239d-4212-c739-930d4b5e83a6"",""yes_price_dollars"":""0.4700""}"
KXBTC15M-26APR271700-00,71bc2b37-8df4-4fae-ec8f-747abebc7a6b,1777322719,0.47,3.0,no,"{""count_fp"":""3.00"",""created_time"":""2026-04-27T20:45:19.410071Z"",""no_price_dollars"":""0.5300"",""taker_side"":""no"",""ticker"":""KXBTC15M-26APR271700-00"",""trade_id"":""71bc2b37-8df4-4fae-ec8f-747abebc7a6b"",""yes_price_dollars"":""0.4700""}"
KXBTC15M-26APR271700-00,251af648-496a-4c3f-d272-00153b8023a2,1777322719,0.47,1.0,no,"{""count_fp"":""1.00"",""created_time"":""2026-04-27T20:45:19.410071Z"",""no_price_dollars"":""0.5300"",""taker_side"":""no"",""ticker"":""KXBTC15M-26APR271700-00"",""trade_id"":""251af648-496a-4c3f-d272-00153b8023a2"",""yes_price_dollars"":""0.4700""}"
KXBTC15M-26APR271700-00,2314cd83-c3c0-497d-e3d7-0d541f2f8dfd,1777322719,0.46,53.71,no,"{""count_fp"":""53.71"",""created_time"":""2026-04-27T20:45:19.410071Z"",""no_price_dollars"":""0.5400"",""taker_side"":""no"",""ticker"":""KXBTC15M-26APR271700-00"",""trade_id"":""2314cd83-c3c0-497d-e3d7-0d541f2f8dfd"",""yes_price_dollars"":""0.4600""}"
KXBTC15M-26APR271700-00,7fddc31e-3dda-6d60-d551-aa6d574d722b,1777322719,0.48,55.0,yes,"{""count_fp"":""55.00"",""created_time"":""2026-04-27T20:45:19.082847Z"",""no_price_dollars"":""0.5200"",""taker_side"":""yes"",""ticker"":""KXBTC15M-26APR271700-00"",""trade_id"":""7fddc31e-3dda-6d60-d551-aa6d574d722b"",""yes_price_dollars"":""0.4800""}"
KXBTC15M-26APR271700-00,347d94b0-e0c2-48ab-03e5-24b48771e364,1777322720,0.47,30.15,yes,"{""count_fp"":""30.15"",""created_time"":""2026-04-27T20:45:20.870895Z"",""no_price_dollars"":""0.5300"",""taker_side"":""yes"",""ticker"":""KXBTC15M-26APR271700-00"",""trade_id"":""347d94b0-e0c2-48ab-03e5-24b48771e364"",""yes_price_dollars"":""0.4700""}"
KXBTC15M-26APR271700-00,645e0d65-8e90-7d51-fd24-218774f19a21,1777322720,0.46,8.94,no,"{""count_fp"":""8.94"",""created_time"":""2026-04-27T20:45:20.736589Z"",""no_price_dollars"":""0.5400"",""taker_side"":""no"",""ticker"":""KXBTC15M-26APR271700-00"",""trade_id"":""645e0d65-8e90-7d51-fd24-218774f19a21"",""yes_price_dollars"":""0.4600""}"
KXBTC15M-26APR271700-00,ceb5b891-18ca-63ef-b887-7e7b68c9966c,1777322720,0.47,100.5,yes,"{""count_fp"":""100.50"",""created_time"":""2026-04-27T20:45:20.731128Z"",""no_price_dollars"":""0.5300"",""taker_side"":""yes"",""ticker"":""KXBTC15M-26APR271700-00"",""trade_id"":""ceb5b891-18ca-63ef-b887-7e7b68c9966c"",""yes_price_dollars"":""0.4700""}"
KXBTC15M-26APR271700-00,5a3728e7-d042-5767-fff3-6c4ddca253fc,1777322720,0.47,28.14,yes,"{""count_fp"":""28.14"",""created_time"":""2026-04-27T20:45:20.619328Z"",""no_price_dollars"":""0.5300"",""taker_side"":""yes"",""ticker"":""KXBTC15M-26APR271700-00"",""trade_id"":""5a3728e7-d042-5767-fff3-6c4ddca253fc"",""yes_price_dollars"":""0.4700""}"
KXBTC15M-26APR271700-00,25a5a777-1bb6-615f-f435-e8d597501524,1777322720,0.47,4.0,yes,"{""count_fp"":""4.00"",""created_time"":""2026-04-27T20:45:20.127445Z"",""no_price_dollars"":""0.5300"",""taker_side"":""yes"",""ticker"":""KXBTC15M-26APR271700-00"",""trade_id"":""25a5a777-1bb6-615f-f435-e8d597501524"",""yes_price_dollars"":""0.4700""}"
KXBTC15M-26APR271700-00,cbb914e1-3ff2-6c6f-4f4a-a571d64fecc0,1777322721,0.47,2.0,yes,"{""count_fp"":""2.00"",""created_time"":""2026-04-27T20:45:21.779695Z"",""no_price_dollars"":""0.5300"",""taker_side"":""yes"",""ticker"":""KXBTC15M-26APR271700-00"",""trade_id"":""cbb914e1-3ff2-6c6f-4f4a-a571d64fecc0"",""yes_price_dollars"":""0.4700""}"
KXBTC15M-26APR271700-00,482d59fe-6ba2-5093-7317-59190dccf690,1777322721,0.47,3.94,yes,"{""count_fp"":""3.94"",""created_time"":""2026-04-27T20:45:21.654432Z"",""no_price_dollars"":""0.5300"",""taker_side"":""yes"",""ticker"":""KXBTC15M-26APR271700-00"",""trade_id"":""482d59fe-6ba2-5093-7317-59190dccf690"",""yes_price_dollars"":""0.4700""}"
KXBTC15M-26APR271700-00,4e716ce8-d810-49cc-8288-15824b0218ca,1777322721,0.47,1.0,yes,"{""count_fp"":""1.00"",""created_time"":""2026-04-27T20:45:21.576536Z"",""no_price_dollars"":""0.5300"",""taker_side"":""yes"",""ticker"":""KXBTC15M-26APR271700-00"",""trade_id"":""4e716ce8-d810-49cc-8288-15824b0218ca"",""yes_price_dollars"":""0.4700""}"
KXBTC15M-26APR271700-00,4832fa62-5d0e-4707-a1c5-773162bef9f4,1777322721,0.47,0.97,yes,"{""count_fp"":""0.97"",""created_time"":""2026-04-27T20:45:21.576536Z"",""no_price_dollars"":""0.5300"",""taker_side"":""yes"",""ticker"":""KXBTC15M-26APR271700-00"",""trade_id"":""4832fa62-5d0e-4707-a1c5-773162bef9f4"",""yes_price_dollars"":""0.4700""}"
KXBTC15M-26APR271700-00,c78e5e27-9115-677a-de07-886574118431,1777322721,0.48,2.0,yes,"{""count_fp"":""2.00"",""created_time"":""2026-04-27T20:45:21.086102Z"",""no_price_dollars"":""0.5200"",""taker_side"":""yes"",""ticker"":""KXBTC15M-26APR271700-00"",""trade_id"":""c78e5e27-9115-677a-de07-886574118431"",""yes_price_dollars"":""0.4800""}"
KXBTC15M-26APR271700-00,558ec780-ad68-6c96-ee06-db0d04f620c6,1777322721,0.48,11.08,yes,"{""count_fp"":""11.08"",""created_time"":""2026-04-27T20:45:21.086102Z"",""no_price_dollars"":""0.5200"",""taker_side"":""yes"",""ticker"":""KXBTC15M-26APR271700-00"",""trade_id"":""558ec780-ad68-6c96-ee06-db0d04f620c6"",""yes_price_dollars"":""0.4800""}"
KXBTC15M-26APR271700-00,54e41b7a-8415-6d58-eb8b-b483fcb7caef,1777322721,0.47,2.0,yes,"{""count_fp"":""2.00"",""created_time"":""2026-04-27T20:45:21.086102Z"",""no_price_dollars"":""0.5300"",""taker_side"":""yes"",""ticker"":""KXBTC15M-26APR271700-00"",""trade_id"":""54e41b7a-8415-6d58-eb8b-b483fcb7caef"",""yes_price_dollars"":""0.4700""}"
KXBTC15M-26APR271700-00,2576e8fc-c069-6fe2-d3b7-dea29f70ffa4,1777322721,0.47,2.0,yes,"{""count_fp"":""2.00"",""created_time"":""2026-04-27T20:45:21.086102Z"",""no_price_dollars"":""0.5300"",""taker_side"":""yes"",""ticker"":""KXBTC15M-26APR271700-00"",""trade_id"":""2576e8fc-c069-6fe2-d3b7-dea29f70ffa4"",""yes_price_dollars"":""0.4700""}"
KXBTC15M-26APR271700-00,0efe2a31-8589-6b86-ce10-6d5efcf59d80,1777322721,0.47,3.0,yes,"{""count_fp"":""3.00"",""created_time"":""2026-04-27T20:45:21.086102Z"",""no_price_dollars"":""0.5300"",""taker_side"":""yes"",""ticker"":""KXBTC15M-26APR271700-00"",""trade_id"":""0efe2a31-8589-6b86-ce10-6d5efcf59d80"",""yes_price_dollars"":""0.4700""}"
KXBTC15M-26APR271700-00,37eb8d84-fcd8-49a2-ee48-0de5b8ad9792,1777322722,0.48,4.02,yes,"{""count_fp"":""4.02"",""created_time"":""2026-04-27T20:45:22.911988Z"",""no_price_dollars"":""0.5200"",""taker_side"":""yes"",""ticker"":""KXBTC15M-26APR271700-00"",""trade_id"":""37eb8d84-fcd8-49a2-ee48-0de5b8ad9792"",""yes_price_dollars"":""0.4800""}"
KXBTC15M-26APR271700-00,d5f99a01-bd05-604c-eba5-e4a5500a6b1a,1777322722,0.47,40.0,no,"{""count_fp"":""40.00"",""created_time"":""2026-04-27T20:45:22.654364Z"",""no_price_dollars"":""0.5300"",""taker_side"":""no"",""ticker"":""KXBTC15M-26APR271700-00"",""trade_id"":""d5f99a01-bd05-604c-eba5-e4a5500a6b1a"",""yes_price_dollars"":""0.4700""}"
KXBTC15M-26APR271700-00,6e9e297c-2fb0-6c9f-f5d4-847fab2f9a90,1777322722,0.47,1.0,no,"{""count_fp"":""1.00"",""created_time"":""2026-04-27T20:45:22.654364Z"",""no_price_dollars"":""0.5300"",""taker_side"":""no"",""ticker"":""KXBTC15M-26APR271700-00"",""trade_id"":""6e9e297c-2fb0-6c9f-f5d4-847fab2f9a90"",""yes_price_dollars"":""0.4700""}"
KXBTC15M-26APR271700-00,34b63811-d50a-6562-e940-b5e8441c26fc,1777322722,0.46,9.0,no,"{""count_fp"":""9.00"",""created_time"":""2026-04-27T20:45:22.654364Z"",""no_price_dollars"":""0.5400"",""taker_side"":""no"",""ticker"":""KXBTC15M-26APR271700-00"",""trade_id"":""34b63811-d50a-6562-e940-b5e8441c26fc"",""yes_price_dollars"":""0.4600""}"
KXBTC15M-26APR271700-00,54f3fb1f-dbf9-6059-ab3b-dbe89e284a78,1777322722,0.47,10.0,yes,"{""count_fp"":""10.00"",""created_time"":""2026-04-27T20:45:22.566286Z"",""no_price_dollars"":""0.5300"",""taker_side"":""yes"",""ticker"":""KXBTC15M-26APR271700-00"",""trade_id"":""54f3fb1f-dbf9-6059-ab3b-dbe89e284a78"",""yes_price_dollars"":""0.4700""}"
KXBTC15M-26APR271700-00,f68423f1-79b6-6032-cd5a-c6d84d7935b8,1777322722,0.46,5.38,no,"{""count_fp"":""5.38"",""created_time"":""2026-04-27T20:45:22.538379Z"",""no_price_dollars"":""0.5400"",""taker_side"":""no"",""ticker"":""KXBTC15M-26APR271700-00"",""trade_id"":""f68423f1-79b6-6032-cd5a-c6d84d7935b8"",""yes_price_dollars"":""0.4600""}"
KXBTC15M-26APR271700-00,e2f61624-1150-4188-beab-e7d25ef2bab4,1777322723,0.46,181.2,no,"{""count_fp"":""181.20"",""created_time"":""2026-04-27T20:45:23.939622Z"",""no_price_dollars"":""0.5400"",""taker_side"":""no"",""ticker"":""KXBTC15M-26APR271700-00"",""trade_id"":""e2f61624-1150-4188-beab-e7d25ef2bab4"",""yes_price_dollars"":""0.4600""}"
KXBTC15M-26APR271700-00,bcc80879-6a80-6a14-7de0-88f62222efcd,1777322723,0.47,1.0,yes,"{""count_fp"":""1.00"",""created_time"":""2026-04-27T20:45:23.890449Z"",""no_price_dollars"":""0.5300"",""taker_side"":""yes"",""ticker"":""KXBTC15M-26APR271700-00"",""trade_id"":""bcc80879-6a80-6a14-7de0-88f62222efcd"",""yes_price_dollars"":""0.4700""}"
KXBTC15M-26APR271700-00,24abf3a7-bcc4-63b4-47a3-a7ca37831930,1777322723,0.47,1.05,yes,"{""count_fp"":""1.05"",""created_time"":""2026-04-27T20:45:23.890449Z"",""no_price_dollars"":""0.5300"",""taker_side"":""yes"",""ticker"":""KXBTC15M-26APR271700-00"",""trade_id"":""24abf3a7-bcc4-63b4-47a3-a7ca37831930"",""yes_price_dollars"":""0.4700""}"
KXBTC15M-26APR271700-00,324dd2b3-9d74-6108-ccc3-0708c3a8c884,1777322723,0.46,8.97,no,"{""count_fp"":""8.97"",""created_time"":""2026-04-27T20:45:23.385902Z"",""no_price_dollars"":""0.5400"",""taker_side"":""no"",""ticker"":""KXBTC15M-26APR271700-00"",""trade_id"":""324dd2b3-9d74-6108-ccc3-0708c3a8c884"",""yes_price_dollars"":""0.4600""}"
KXBTC15M-26APR271700-00,a27bb583-1ea4-715e-204f-caaa102b25d6,1777322723,0.48,9.83,yes,"{""count_fp"":""9.83"",""created_time"":""2026-04-27T20:45:23.199077Z"",""no_price_dollars"":""0.5200"",""taker_side"":""yes"",""ticker"":""KXBTC15M-26APR271700-00"",""trade_id"":""a27bb583-1ea4-715e-204f-caaa102b25d6"",""yes_price_dollars"":""0.4800""}"
KXBTC15M-26APR271700-00,911f02a5-744e-586a-b9f4-af83093e3680,1777322723,0.46,25.62,no,"{""count_fp"":""25.62"",""created_time"":""2026-04-27T20:45:23.083382Z"",""no_price_dollars"":""0.5400"",""taker_side"":""no"",""ticker"":""KXBTC15M-26APR271700-00"",""trade_id"":""911f02a5-744e-586a-b9f4-af83093e3680"",""yes_price_dollars"":""0.4600""}"
KXBTC15M-26APR271700-00,5ea6a6bb-e0ce-5ba9-8834-2f22c50c3685,1777322723,0.46,3.0,no,"{""count_fp"":""3.00"",""created_time"":""2026-04-27T20:45:23.083382Z"",""no_price_dollars"":""0.5400"",""taker_side"":""no"",""ticker"":""KXBTC15M-26APR271700-00"",""trade_id"":""5ea6a6bb-e0ce-5ba9-8834-2f22c50c3685"",""yes_price_dollars"":""0.4600""}"
KXBTC15M-26APR271700-00,09ba5525-2054-5eac-b48f-e0c6fdb6241c,1777322723,0.46,77.23,no,"{""count_fp"":""77.23"",""created_time"":""2026-04-27T20:45:23.083382Z"",""no_price_dollars"":""0.5400"",""taker_side"":""no"",""ticker"":""KXBTC15M-26APR271700-00"",""trade_id"":""09ba5525-2054-5eac-b48f-e0c6fdb6241c"",""yes_price_dollars"":""0.4600""}"
KXBTC15M-26APR271700-00,2575df29-a05a-4177-eda6-de6770f56834,1777322724,0.47,30.76,yes,"{""count_fp"":""30.76"",""created_time"":""2026-04-27T20:45:24.786153Z"",""no_price_dollars"":""0.5300"",""taker_side"":""yes"",""ticker"":""KXBTC15M-26APR271700-00"",""trade_id"":""2575df29-a05a-4177-eda6-de6770f56834"",""yes_price_dollars"":""0.4700""}"
KXBTC15M-26APR271700-00,669259a5-6ba0-5cb8-aa8d-cf01e242c920,1777322724,0.46,4.84,no,"{""count_fp"":""4.84"",""created_time"":""2026-04-27T20:45:24.712502Z"",""no_price_dollars"":""0.5400"",""taker_side"":""no"",""ticker"":""KXBTC15M-26APR271700-00"",""trade_id"":""669259a5-6ba0-5cb8-aa8d-cf01e242c920"",""yes_price_dollars"":""0.4600""}"
KXBTC15M-26APR271700-00,91442f20-e0d0-4214-dd5d-0e21e5448c04,1777322724,0.46,179.4,no,"{""count_fp"":""179.40"",""created_time"":""2026-04-27T20:45:24.686901Z"",""no_price_dollars"":""0.5400"",""taker_side"":""no"",""ticker"":""KXBTC15M-26APR271700-00"",""trade_id"":""91442f20-e0d0-4214-dd5d-0e21e5448c04"",""yes_price_dollars"":""0.4600""}"
KXBTC15M-26APR271700-00,e937dadd-fc0e-6c23-373c-b80f3489c06c,1777322724,0.47,60.3,yes,"{""count_fp"":""60.30"",""created_time"":""2026-04-27T20:45:24.562497Z"",""no_price_dollars"":""0.5300"",""taker_side"":""yes"",""ticker"":""KXBTC15M-26APR271700-00"",""trade_id"":""e937dadd-fc0e-6c23-373c-b80f3489c06c"",""yes_price_dollars"":""0.4700""}"
KXBTC15M-26APR271700-00,fab63874-57f2-6153-780c-88c5d5b129cc,1777322724,0.47,10.04,yes,"{""count_fp"":""10.04"",""created_time"":""2026-04-27T20:45:24.246109Z"",""no_price_dollars"":""0.5300"",""taker_side"":""yes"",""ticker"":""KXBTC15M-26APR271700-00"",""trade_id"":""fab63874-57f2-6153-780c-88c5d5b129cc"",""yes_price_dollars"":""0.4700""}"
KXBTC15M-26APR271700-00,74f53f21-8b96-4f53-9b34-47e66c2a045c,1777322724,0.47,20.51,yes,"{""count_fp"":""20.51"",""created_time"":""2026-04-27T20:45:24.191452Z"",""no_price_dollars"":""0.5300"",""taker_side"":""yes"",""ticker"":""KXBTC15M-26APR271700-00"",""trade_id"":""74f53f21-8b96-4f53-9b34-47e66c2a045c"",""yes_price_dollars"":""0.4700""}"
KXBTC15M-26APR271700-00,7ecfc099-cc78-6f08-dbdb-74686f94d738,1777322725,0.46,44.85,no,"{""count_fp"":""44.85"",""created_time"":""2026-04-27T20:45:25.902124Z"",""no_price_dollars"":""0.5400"",""taker_side"":""no"",""ticker"":""KXBTC15M-26APR271700-00"",""trade_id"":""7ecfc099-cc78-6f08-dbdb-74686f94d738"",""yes_price_dollars"":""0.4600""}"
KXBTC15M-26APR271700-00,d6034b13-0a0a-4547-2375-302c374034ec,1777322725,0.47,6.15,yes,"{""count_fp"":""6.15"",""created_time"":""2026-04-27T20:45:25.734776Z"",""no_price_dollars"":""0.5300"",""taker_side"":""yes"",""ticker"":""KXBTC15M-26APR271700-00"",""trade_id"":""d6034b13-0a0a-4547-2375-302c374034ec"",""yes_price_dollars"":""0.4700""}"
KXBTC15M-26APR271700-00,155808dc-a0d6-5233-87c9-244b939bb000,1777322725,0.47,10.25,yes,"{""count_fp"":""10.25"",""created_time"":""2026-04-27T20:45:25.220533Z"",""no_price_dollars"":""0.5300"",""taker_side"":""yes"",""ticker"":""KXBTC15M-26APR271700-00"",""trade_id"":""155808dc-a0d6-5233-87c9-244b939bb000"",""yes_price_dollars"":""0.4700""}"
KXBTC15M-26APR271700-00,96068433-c7a3-4c3d-8dad-1bab65f3a1e4,1777322726,0.45,8.79,no,"{""count_fp"":""8.79"",""created_time"":""2026-04-27T20:45:26.829275Z"",""no_price_dollars"":""0.5500"",""taker_side"":""no"",""ticker"":""KXBTC15M-26APR271700-00"",""trade_id"":""96068433-c7a3-4c3d-8dad-1bab65f3a1e4"",""yes_price_dollars"":""0.4500""}"
KXBTC15M-26APR271700-00,e6083c65-d058-769a-53b2-d55475e288a5,1777322726,0.46,3.0,no,"{""count_fp"":""3.00"",""created_time"":""2026-04-27T20:45:26.562105Z"",""no_price_dollars"":""0.5400"",""taker_side"":""no"",""ticker"":""KXBTC15M-26APR271700-00"",""trade_id"":""e6083c65-d058-769a-53b2-d55475e288a5"",""yes_price_dollars"":""0.4600""}"
KXBTC15M-26APR271700-00,c74a3572-870e-776e-731e-ffb146ed4ed4,1777322726,0.46,5.2,no,"{""count_fp"":""5.20"",""created_time"":""2026-04-27T20:45:26.562105Z"",""no_price_dollars"":""0.5400"",""taker_side"":""no"",""ticker"":""KXBTC15M-26APR271700-00"",""trade_id"":""c74a3572-870e-776e-731e-ffb146ed4ed4"",""yes_price_dollars"":""0.4600""}"
KXBTC15M-26APR271700-00,a9cfd5ef-fadd-7f0b-6faa-148f86c3e05c,1777322726,0.46,1.0,no,"{""count_fp"":""1.00"",""created_time"":""2026-04-27T20:45:26.562105Z"",""no_price_dollars"":""0.5400"",""taker_side"":""no"",""ticker"":""KXBTC15M-26APR271700-00"",""trade_id"":""a9cfd5ef-fadd-7f0b-6faa-148f86c3e05c"",""yes_price_dollars"":""0.4600""}"
KXBTC15M-26APR271700-00,4d2d1e65-4d6d-784e-6405-d09200310850,1777322726,0.46,40.0,no,"{""count_fp"":""40.00"",""created_time"":""2026-04-27T20:45:26.562105Z"",""no_price_dollars"":""0.5400"",""taker_side"":""no"",""ticker"":""KXBTC15M-26APR271700-00"",""trade_id"":""4d2d1e65-4d6d-784e-6405-d09200310850"",""yes_price_dollars"":""0.4600""}"
KXBTC15M-26APR271700-00,16c6131a-2773-7d77-5e5a-75168b7117de,1777322726,0.46,4.62,no,"{""count_fp"":""4.62"",""created_time"":""2026-04-27T20:45:26.562105Z"",""no_price_dollars"":""0.5400"",""taker_side"":""no"",""ticker"":""KXBTC15M-26APR271700-00"",""trade_id"":""16c6131a-2773-7d77-5e5a-75168b7117de"",""yes_price_dollars"":""0.4600""}"
KXBTC15M-26APR271700-00,c59bc1da-572a-698b-ec3e-a9c00bd17338,1777322726,0.47,41.03,yes,"{""count_fp"":""41.03"",""created_time"":""2026-04-27T20:45:26.293361Z"",""no_price_dollars"":""0.5300"",""taker_side"":""yes"",""ticker"":""KXBTC15M-26APR271700-00"",""trade_id"":""c59bc1da-572a-698b-ec3e-a9c00bd17338"",""yes_price_dollars"":""0.4700""}"
KXBTC15M-26APR271700-00,85de3e2a-e29e-7b2f-4a13-362942b78f58,1777322726,0.47,14.36,yes,"{""count_fp"":""14.36"",""created_time"":""2026-04-27T20:45:26.254568Z"",""no_price_dollars"":""0.5300"",""taker_side"":""yes"",""ticker"":""KXBTC15M-26APR271700-00"",""trade_id"":""85de3e2a-e29e-7b2f-4a13-362942b78f58"",""yes_price_dollars"":""0.4700""}"
KXBTC15M-26APR271700-00,f17a4345-11aa-4cdf-d1eb-3af61530e584,1777322726,0.47,2.0,yes,"{""count_fp"":""2.00"",""created_time"":""2026-04-27T20:45:26.223165Z"",""no_price_dollars"":""0.5300"",""taker_side"":""yes"",""ticker"":""KXBTC15M-26APR271700-00"",""trade_id"":""f17a4345-11aa-4cdf-d1eb-3af61530e584"",""yes_price_dollars"":""0.4700""}"
KXBTC15M-26APR271700-00,70747538-c7bb-7383-f5e1-5055c86c0292,1777322726,0.46,5.38,no,"{""count_fp"":""5.38"",""created_time"":""2026-04-27T20:45:26.210983Z"",""no_price_dollars"":""0.5400"",""taker_side"":""no"",""ticker"":""KXBTC15M-26APR271700-00"",""trade_id"":""70747538-c7bb-7383-f5e1-5055c86c0292"",""yes_price_dollars"":""0.4600""}"
KXBTC15M-26APR271700-00,0435e9d0-99a0-730f-adbb-4dfe5ee7dc46,1777322727,0.45,3.5,no,"{""count_fp"":""3.50"",""created_time"":""2026-04-27T20:45:27.547183Z"",""no_price_dollars"":""0.5500"",""taker_side"":""no"",""ticker"":""KXBTC15M-26APR271700-00"",""trade_id"":""0435e9d0-99a0-730f-adbb-4dfe5ee7dc46"",""yes_price_dollars"":""0.4500""}"
KXBTC15M-26APR271700-00,7fafd967-5b44-40af-3f93-ed4fac5bccbe,1777322727,0.45,7.79,no,"{""count_fp"":""7.79"",""created_time"":""2026-04-27T20:45:27.269623Z"",""no_price_dollars"":""0.5500"",""taker_side"":""no"",""ticker"":""KXBTC15M-26APR271700-00"",""trade_id"":""7fafd967-5b44-40af-3f93-ed4fac5bccbe"",""yes_price_dollars"":""0.4500""}"
KXBTC15M-26APR271700-00,5876f204-78ab-4491-18a3-53335bcbd40c,1777322727,0.45,31.21,no,"{""count_fp"":""31.21"",""created_time"":""2026-04-27T20:45:27.269623Z"",""no_price_dollars"":""0.5500"",""taker_side"":""no"",""ticker"":""KXBTC15M-26APR271700-00"",""trade_id"":""5876f204-78ab-4491-18a3-53335bcbd40c"",""yes_price_dollars"":""0.4500""}"
KXBTC15M-26APR271700-00,4d4f7936-9a13-45f8-2425-be07967e9664,1777322727,0.45,1.0,no,"{""count_fp"":""1.00"",""created_time"":""2026-04-27T20:45:27.269623Z"",""no_price_dollars"":""0.5500"",""taker_side"":""no"",""ticker"":""KXBTC15M-26APR271700-00"",""trade_id"":""4d4f7936-9a13-45f8-2425-be07967e9664"",""yes_price_dollars"":""0.4500""}"
KXBTC15M-26APR271700-00,1f51c458-6a92-49ff-3285-47f969852e24,1777322727,0.45,10.0,no,"{""count_fp"":""10.00"",""created_time"":""2026-04-27T20:45:27.269623Z"",""no_price_dollars"":""0.5500"",""taker_side"":""no"",""ticker"":""KXBTC15M-26APR271700-00"",""trade_id"":""1f51c458-6a92-49ff-3285-47f969852e24"",""yes_price_dollars"":""0.4500""}"
KXBTC15M-26APR271700-00,1a37d602-8d8a-70d3-d29d-0e46faa2cf18,1777322727,0.46,84.11,yes,"{""count_fp"":""84.11"",""created_time"":""2026-04-27T20:45:27.212883Z"",""no_price_dollars"":""0.5400"",""taker_side"":""yes"",""ticker"":""KXBTC15M-26APR271700-00"",""trade_id"":""1a37d602-8d8a-70d3-d29d-0e46faa2cf18"",""yes_price_dollars"":""0.4600""}"
KXBTC15M-26APR271700-00,4c77250c-dc92-5717-1410-6598f920d110,1777322727,0.46,10.25,yes,"{""count_fp"":""10.25"",""created_time"":""2026-04-27T20:45:27.005918Z"",""no_price_dollars"":""0.5400"",""taker_side"":""yes"",""ticker"":""KXBTC15M-26APR271700-00"",""trade_id"":""4c77250c-dc92-5717-1410-6598f920d110"",""yes_price_dollars"":""0.4600""}"
KXBTC15M-26APR271700-00,b1187681-2400-5f81-f8f9-78d76beb3c55,1777322728,0.45,116.33,no,"{""count_fp"":""116.33"",""created_time"":""2026-04-27T20:45:28.626453Z"",""no_price_dollars"":""0.5500"",""taker_side"":""no"",""ticker"":""KXBTC15M-26APR271700-00"",""trade_id"":""b1187681-2400-5f81-f8f9-78d76beb3c55"",""yes_price_dollars"":""0.4500""}"
KXBTC15M-26APR271700-00,27af4f7c-5bc2-7a43-746b-a0ebfba94cbc,1777322728,0.46,20.92,yes,"{""count_fp"":""20.92"",""created_time"":""2026-04-27T20:45:28.345874Z"",""no_price_dollars"":""0.5400"",""taker_side"":""yes"",""ticker"":""KXBTC15M-26APR271700-00"",""trade_id"":""27af4f7c-5bc2-7a43-746b-a0ebfba94cbc"",""yes_price_dollars"":""0.4600""}"
KXBTC15M-26APR271700-00,53bcf2b2-7ea2-41c7-d4db-e9ed5351f4a4,1777322728,0.46,1.0,yes,"{""count_fp"":""1.00"",""created_time"":""2026-04-27T20:45:28.141345Z"",""no_price_dollars"":""0.5400"",""taker_side"":""yes"",""ticker"":""KXBTC15M-26APR271700-00"",""trade_id"":""53bcf2b2-7ea2-41c7-d4db-e9ed5351f4a4"",""yes_price_dollars"":""0.4600""}"
KXBTC15M-26APR271700-00,646aeb6c-87a2-779f-41c6-6c74cd70f834,1777322728,0.46,0.45,yes,"{""count_fp"":""0.45"",""created_time"":""2026-04-27T20:45:28.102585Z"",""no_price_dollars"":""0.5400"",""taker_side"":""yes"",""ticker"":""KXBTC15M-26APR271700-00"",""trade_id"":""646aeb6c-87a2-779f-41c6-6c74cd70f834"",""yes_price_dollars"":""0.4600""}"
KXBTC15M-26APR271700-00,3dbfd2cd-6785-70d4-4a20-d07eec084706,1777322728,0.46,20.49,yes,"{""count_fp"":""20.49"",""created_time"":""2026-04-27T20:45:28.102585Z"",""no_price_dollars"":""0.5400"",""taker_side"":""yes"",""ticker"":""KXBTC15M-26APR271700-00"",""trade_id"":""3dbfd2cd-6785-70d4-4a20-d07eec084706"",""yes_price_dollars"":""0.4600""}"
KXBTC15M-26APR271700-00,271d5e0c-2598-4c5b-2162-a6425018343e,1777322728,0.45,176.26,no,"{""count_fp"":""176.26"",""created_time"":""2026-04-27T20:45:28.041959Z"",""no_price_dollars"":""0.5500"",""taker_side"":""no"",""ticker"":""KXBTC15M-26APR271700-00"",""trade_id"":""271d5e0c-2598-4c5b-2162-a6425018343e"",""yes_price_dollars"":""0.4500""}"
KXBTC15M-26APR271700-00,cd3d10ea-e3d9-7174-baf3-ef87ba3c5222,1777322728,0.46,19.51,yes,"{""count_fp"":""19.51"",""created_time"":""2026-04-27T20:45:28.026117Z"",""no_price_dollars"":""0.5400"",""taker_side"":""yes"",""ticker"":""KXBTC15M-26APR271700-00"",""trade_id"":""cd3d10ea-e3d9-7174-baf3-ef87ba3c5222"",""yes_price_dollars"":""0.4600""}"
KXBTC15M-26APR271700-00,7bef7a37-bba7-7550-af73-c2d9e9b95f50,1777322728,0.46,1.0,yes,"{""count_fp"":""1.00"",""created_time"":""2026-04-27T20:45:28.026117Z"",""no_price_dollars"":""0.5400"",""taker_side"":""yes"",""ticker"":""KXBTC15M-26APR271700-00"",""trade_id"":""7bef7a37-bba7-7550-af73-c2d9e9b95f50"",""yes_price_dollars"":""0.4600""}"
KXBTC15M-26APR271700-00,9166111b-dd9e-45fa-4d95-a8b1ac10f211,1777322729,0.46,1.0,no,"{""count_fp"":""1.00"",""created_time"":""2026-04-27T20:45:29.651113Z"",""no_price_dollars"":""0.5400"",""taker_side"":""no"",""ticker"":""KXBTC15M-26APR271700-00"",""trade_id"":""9166111b-dd9e-45fa-4d95-a8b1ac10f211"",""yes_price_dollars"":""0.4600""}"
KXBTC15M-26APR271700-00,6e9e56bd-d880-454d-50a2-8fe6be111bed,1777322729,0.45,10.67,no,"{""count_fp"":""10.67"",""created_time"":""2026-04-27T20:45:29.651113Z"",""no_price_dollars"":""0.5500"",""taker_side"":""no"",""ticker"":""KXBTC15M-26APR271700-00"",""trade_id"":""6e9e56bd-d880-454d-50a2-8fe6be111bed"",""yes_price_dollars"":""0.4500""}"
KXBTC15M-26APR271700-00,57e9eac5-01ea-4181-788f-203fbf81f6eb,1777322729,0.46,3.0,no,"{""count_fp"":""3.00"",""created_time"":""2026-04-27T20:45:29.651113Z"",""no_price_dollars"":""0.5400"",""taker_side"":""no"",""ticker"":""KXBTC15M-26APR271700-00"",""trade_id"":""57e9eac5-01ea-4181-788f-203fbf81f6eb"",""yes_price_dollars"":""0.4600""}"
KXBTC15M-26APR271700-00,1b63fde3-e724-4415-41d9-6ea11655ba2a,1777322729,0.46,10.0,no,"{""count_fp"":""10.00"",""created_time"":""2026-04-27T20:45:29.651113Z"",""no_price_dollars"":""0.5400"",""taker_side"":""no"",""ticker"":""KXBTC15M-26APR271700-00"",""trade_id"":""1b63fde3-e724-4415-41d9-6ea11655ba2a"",""yes_price_dollars"":""0.4600""}"
KXBTC15M-26APR271700-00,f0d9fa0a-5c30-6072-ae7d-6b5ee517d7a5,1777322729,0.46,1.0,yes,"{""count_fp"":""1.00"",""created_time"":""2026-04-27T20:45:29.099471Z"",""no_price_dollars"":""0.5400"",""taker_side"":""yes"",""ticker"":""KXBTC15M-26APR271700-00"",""trade_id"":""f0d9fa0a-5c30-6072-ae7d-6b5ee517d7a5"",""yes_price_dollars"":""0.4600""}"
KXBTC15M-26APR271700-00,86feb1ab-b8d8-6356-a612-cf4f3e79e5e4,1777322729,0.47,19.4,yes,"{""count_fp"":""19.40"",""created_time"":""2026-04-27T20:45:29.099471Z"",""no_price_dollars"":""0.5300"",""taker_side"":""yes"",""ticker"":""KXBTC15M-26APR271700-00"",""trade_id"":""86feb1ab-b8d8-6356-a612-cf4f3e79e5e4"",""yes_price_dollars"":""0.4700""}"
KXBTC15M-26APR271700-00,75cb6fa3-5177-65e2-b80f-3cc5fb6be5d9,1777322730,0.46,186.9,yes,"{""count_fp"":""186.90"",""created_time"":""2026-04-27T20:45:30.735206Z"",""no_price_dollars"":""0.5400"",""taker_side"":""yes"",""ticker"":""KXBTC15M-26APR271700-00"",""trade_id"":""75cb6fa3-5177-65e2-b80f-3cc5fb6be5d9"",""yes_price_dollars"":""0.4600""}"
KXBTC15M-26APR271700-00,3cecdf6c-6c0f-4b26-1cfe-e42616db3ee1,1777322730,0.46,8.0,yes,"{""count_fp"":""8.00"",""created_time"":""2026-04-27T20:45:30.483577Z"",""no_price_dollars"":""0.5400"",""taker_side"":""yes"",""ticker"":""KXBTC15M-26APR271700-00"",""trade_id"":""3cecdf6c-6c0f-4b26-1cfe-e42616db3ee1"",""yes_price_dollars"":""0.4600""}"
KXBTC15M-26APR271700-00,290ed051-b097-6766-42c0-2c89f95d09c1,1777322730,0.46,14.37,yes,"{""count_fp"":""14.37"",""created_time"":""2026-04-27T20:45:30.112968Z"",""no_price_dollars"":""0.5400"",""taker_side"":""yes"",""ticker"":""KXBTC15M-26APR271700-00"",""trade_id"":""290ed051-b097-6766-42c0-2c89f95d09c1"",""yes_price_dollars"":""0.4600""}"
KXBTC15M-26APR271700-00,bc391b98-173c-676c-44f9-c269a02cb128,1777322730,0.45,26.31,no,"{""count_fp"":""26.31"",""created_time"":""2026-04-27T20:45:30.088865Z"",""no_price_dollars"":""0.5500"",""taker_side"":""no"",""ticker"":""KXBTC15M-26APR271700-00"",""trade_id"":""bc391b98-173c-676c-44f9-c269a02cb128"",""yes_price_dollars"":""0.4500""}"
KXBTC15M-26APR271700-00,b436a17c-8a0e-4ba3-46bd-d971d0fc9d74,1777322730,0.46,1.0,no,"{""count_fp"":""1.00"",""created_time"":""2026-04-27T20:45:30.012951Z"",""no_price_dollars"":""0.5400"",""taker_side"":""no"",""ticker"":""KXBTC15M-26APR271700-00"",""trade_id"":""b436a17c-8a0e-4ba3-46bd-d971d0fc9d74"",""yes_price_dollars"":""0.4600""}"
KXBTC15M-26APR271700-00,6b38764d-2688-4150-4b67-9aa433d4eb90,1777322730,0.45,0.79,no,"{""count_fp"":""0.79"",""created_time"":""2026-04-27T20:45:30.012951Z"",""no_price_dollars"":""0.5500"",""taker_side"":""no"",""ticker"":""KXBTC15M-26APR271700-00"",""trade_id"":""6b38764d-2688-4150-4b67-9aa433d4eb90"",""yes_price_dollars"":""0.4500""}"
KXBTC15M-26APR271700-00,bf5fcb54-627f-593a-c303-3cbb73313401,1777322731,0.47,24.95,yes,"{""count_fp"":""24.95"",""created_time"":""2026-04-27T20:45:31.764735Z"",""no_price_dollars"":""0.5300"",""taker_side"":""yes"",""ticker"":""KXBTC15M-26APR271700-00"",""trade_id"":""bf5fcb54-627f-593a-c303-3cbb73313401"",""yes_price_dollars"":""0.4700""}"
KXBTC15M-26APR271700-00,bd2064a3-e904-5945-d7fa-61d868b8495a,1777322731,0.46,1.0,yes,"{""count_fp"":""1.00"",""created_time"":""2026-04-27T20:45:31.764735Z"",""no_price_dollars"":""0.5400"",""taker_side"":""yes"",""ticker"":""KXBTC15M-26APR271700-00"",""trade_id"":""bd2064a3-e904-5945-d7fa-61d868b8495a"",""yes_price_dollars"":""0.4600""}"
KXBTC15M-26APR271700-00,90e73291-80a0-58b6-c3c5-1c11193914e8,1777322731,0.47,10.59,yes,"{""count_fp"":""10.59"",""created_time"":""2026-04-27T20:45:31.764735Z"",""no_price_dollars"":""0.5300"",""taker_side"":""yes"",""ticker"":""KXBTC15M-26APR271700-00"",""trade_id"":""90e73291-80a0-58b6-c3c5-1c11193914e8"",""yes_price_dollars"":""0.4700""}"
KXBTC15M-26APR271700-00,77affed4-f05a-54ab-e808-093ed9d77fcd,1777322731,0.47,56.0,yes,"{""count_fp"":""56.00"",""created_time"":""2026-04-27T20:45:31.764735Z"",""no_price_dollars"":""0.5300"",""taker_side"":""yes"",""ticker"":""KXBTC15M-26APR271700-00"",""trade_id"":""77affed4-f05a-54ab-e808-093ed9d77fcd"",""yes_price_dollars"":""0.4700""}"
KXBTC15M-26APR271700-00,63db463d-bfd7-5946-d07d-3592333ff6b3,1777322731,0.47,5.0,yes,"{""count_fp"":""5.00"",""created_time"":""2026-04-27T20:45:31.764735Z"",""no_price_dollars"":""0.5300"",""taker_side"":""yes"",""ticker"":""KXBTC15M-26APR271700-00"",""trade_id"":""63db463d-bfd7-5946-d07d-3592333ff6b3"",""yes_price_dollars"":""0.4700""}"
KXBTC15M-26APR271700-00,6179d2ed-6d67-5d47-e318-a5d92fae9c76,1777322731,0.47,2.0,yes,"{""count_fp"":""2.00"",""created_time"":""2026-04-27T20:45:31.764735Z"",""no_price_dollars"":""0.5300"",""taker_side"":""yes"",""ticker"":""KXBTC15M-26APR271700-00"",""trade_id"":""6179d2ed-6d67-5d47-e318-a5d92fae9c76"",""yes_price_dollars"":""0.4700""}"
KXBTC15M-26APR271700-00,5692430b-a9ea-5175-d60b-1e9dc2e35f3a,1777322731,0.47,1.0,yes,"{""count_fp"":""1.00"",""created_time"":""2026-04-27T20:45:31.764735Z"",""no_price_dollars"":""0.5300"",""taker_side"":""yes"",""ticker"":""KXBTC15M-26APR271700-00"",""trade_id"":""5692430b-a9ea-5175-d60b-1e9dc2e35f3a"",""yes_price_dollars"":""0.4700""}"
KXBTC15M-26APR271700-00,c6eca7d8-9e00-7c50-0583-82eb19b7c04c,1777322731,0.45,10.0,no,"{""count_fp"":""10.00"",""created_time"":""2026-04-27T20:45:31.716409Z"",""no_price_dollars"":""0.5500"",""taker_side"":""no"",""ticker"":""KXBTC15M-26APR271700-00"",""trade_id"":""c6eca7d8-9e00-7c50-0583-82eb19b7c04c"",""yes_price_dollars"":""0.4500""}"
KXBTC15M-26APR271700-00,cb65bb8a-60e4-7c34-e01c-7e1bae037d80,1777322731,0.45,1.82,no,"{""count_fp"":""1.82"",""created_time"":""2026-04-27T20:45:31.553178Z"",""no_price_dollars"":""0.5500"",""taker_side"":""no"",""ticker"":""KXBTC15M-26APR271700-00"",""trade_id"":""cb65bb8a-60e4-7c34-e01c-7e1bae037d80"",""yes_price_dollars"":""0.4500""}"
KXBTC15M-26APR271700-00,e8bb4271-8364-6e24-73ec-65d25ae1d45c,1777322731,0.45,17.52,no,"{""count_fp"":""17.52"",""created_time"":""2026-04-27T20:45:31.513759Z"",""no_price_dollars"":""0.5500"",""taker_side"":""no"",""ticker"":""KXBTC15M-26APR271700-00"",""trade_id"":""e8bb4271-8364-6e24-73ec-65d25ae1d45c"",""yes_price_dollars"":""0.4500""}"
KXBTC15M-26APR271700-00,4ad73e62-a074-48f4-8a30-f13873f5dfd4,1777322731,0.45,8.81,no,"{""count_fp"":""8.81"",""created_time"":""2026-04-27T20:45:31.412413Z"",""no_price_dollars"":""0.5500"",""taker_side"":""no"",""ticker"":""KXBTC15M-26APR271700-00"",""trade_id"":""4ad73e62-a074-48f4-8a30-f13873f5dfd4"",""yes_price_dollars"":""0.4500""}"
KXBTC15M-26APR271700-00,c813f3e7-0a58-596e-1760-e37c053084dc,1777322731,0.47,10.01,yes,"{""count_fp"":""10.01"",""created_time"":""2026-04-27T20:45:31.384176Z"",""no_price_dollars"":""0.5300"",""taker_side"":""yes"",""ticker"":""KXBTC15M-26APR271700-00"",""trade_id"":""c813f3e7-0a58-596e-1760-e37c053084dc"",""yes_price_dollars"":""0.4700""}"
KXBTC15M-26APR271700-00,52aba3c1-59c5-521a-0ec9-b6bb748045e6,1777322731,0.46,1.0,yes,"{""count_fp"":""1.00"",""created_time"":""2026-04-27T20:45:31.384176Z"",""no_price_dollars"":""0.5400"",""taker_side"":""yes"",""ticker"":""KXBTC15M-26APR271700-00"",""trade_id"":""52aba3c1-59c5-521a-0ec9-b6bb748045e6"",""yes_price_dollars"":""0.4600""}"
KXBTC15M-26APR271700-00,592687cb-11c8-5760-f67d-de43e9e22490,1777322731,0.45,1.0,no,"{""count_fp"":""1.00"",""created_time"":""2026-04-27T20:45:31.141714Z"",""no_price_dollars"":""0.5500"",""taker_side"":""no"",""ticker"":""KXBTC15M-26APR271700-00"",""trade_id"":""592687cb-11c8-5760-f67d-de43e9e22490"",""yes_price_dollars"":""0.4500""}"
KXBTC15M-26APR271700-00,96e67461-320e-4aee-c3f1-20f853de83a9,1777322732,0.49,1.99,no,"{""count_fp"":""1.99"",""created_time"":""2026-04-27T20:45:32.960171Z"",""no_price_dollars"":""0.5100"",""taker_side"":""no"",""ticker"":""KXBTC15M-26APR271700-00"",""trade_id"":""96e67461-320e-4aee-c3f1-20f853de83a9"",""yes_price_dollars"":""0.4900""}"
KXBTC15M-26APR271700-00,64670563-356d-40ae-e413-92b74abf9212,1777322732,0.49,6.89,no,"{""count_fp"":""6.89"",""created_time"":""2026-04-27T20:45:32.960171Z"",""no_price_dollars"":""0.5100"",""taker_side"":""no"",""ticker"":""KXBTC15M-26APR271700-00"",""trade_id"":""64670563-356d-40ae-e413-92b74abf9212"",""yes_price_dollars"":""0.4900""}"
KXBTC15M-26APR271700-00,c77724a7-b522-63a2-faa5-bc9447db38ed,1777322732,0.49,35.25,no,"{""count_fp"":""35.25"",""created_time"":""2026-04-27T20:45:32.940243Z"",""no_price_dollars"":""0.5100"",""taker_side"":""no"",""ticker"":""KXBTC15M-26APR271700-00"",""trade_id"":""c77724a7-b522-63a2-faa5-bc9447db38ed"",""yes_price_dollars"":""0.4900""}"
KXBTC15M-26APR271700-00,ff55e218-f436-5f42-a547-6f6ec6f8ef79,1777322732,0.49,1.76,no,"{""count_fp"":""1.76"",""created_time"":""2026-04-27T20:45:32.732571Z"",""no_price_dollars"":""0.5100"",""taker_side"":""no"",""ticker"":""KXBTC15M-26APR271700-00"",""trade_id"":""ff55e218-f436-5f42-a547-6f6ec6f8ef79"",""yes_price_dollars"":""0.4900""}"
KXBTC15M-26APR271700-00,42694428-74b2-50f2-ed19-816e5f981215,1777322732,0.49,1.0,no,"{""count_fp"":""1.00"",""created_time"":""2026-04-27T20:45:32.661937Z"",""no_price_dollars"":""0.5100"",""taker_side"":""no"",""ticker"":""KXBTC15M-26APR271700-00"",""trade_id"":""42694428-74b2-50f2-ed19-816e5f981215"",""yes_price_dollars"":""0.4900""}"
KXBTC15M-26APR271700-00,1e390955-0960-4004-1425-1b7a39d07cdc,1777322732,0.49,21.2,yes,"{""count_fp"":""21.20"",""created_time"":""2026-04-27T20:45:32.549308Z"",""no_price_dollars"":""0.5100"",""taker_side"":""yes"",""ticker"":""KXBTC15M-26APR271700-00"",""trade_id"":""1e390955-0960-4004-1425-1b7a39d07cdc"",""yes_price_dollars"":""0.4900""}"
KXBTC15M-26APR271700-00,dc8cb490-511a-6a42-4e0f-d77d6f7d5a6d,1777322732,0.48,10.0,yes,"{""count_fp"":""10.00"",""created_time"":""2026-04-27T20:45:32.496246Z"",""no_price_dollars"":""0.5200"",""taker_side"":""yes"",""ticker"":""KXBTC15M-26APR271700-00"",""trade_id"":""dc8cb490-511a-6a42-4e0f-d77d6f7d5a6d"",""yes_price_dollars"":""0.4800""}"
KXBTC15M-26APR271700-00,844d6f8b-f1a5-66dd-5cde-88cb9033e1ed,1777322732,0.48,2.0,yes,"{""count_fp"":""2.00"",""created_time"":""2026-04-27T20:45:32.496246Z"",""no_price_dollars"":""0.5200"",""taker_side"":""yes"",""ticker"":""KXBTC15M-26APR271700-00"",""trade_id"":""844d6f8b-f1a5-66dd-5cde-88cb9033e1ed"",""yes_price_dollars"":""0.4800""}"
KXBTC15M-26APR271700-00,ee2ff81c-b43c-73e8-9ae1-54e36aac9763,1777322732,0.46,1.0,yes,"{""count_fp"":""1.00"",""created_time"":""2026-04-27T20:45:32.439153Z"",""no_price_dollars"":""0.5400"",""taker_side"":""yes"",""ticker"":""KXBTC15M-26APR271700-00"",""trade_id"":""ee2ff81c-b43c-73e8-9ae1-54e36aac9763"",""yes_price_dollars"":""0.4600""}"
KXBTC15M-26APR271700-00,5169f230-fea2-7730-aeb1-55c2ed672bb0,1777322732,0.47,1.0,yes,"{""count_fp"":""1.00"",""created_time"":""2026-04-27T20:45:32.439153Z"",""no_price_dollars"":""0.5300"",""taker_side"":""yes"",""ticker"":""KXBTC15M-26APR271700-00"",""trade_id"":""5169f230-fea2-7730-aeb1-55c2ed672bb0"",""yes_price_dollars"":""0.4700""}"
KXBTC15M-26APR271700-00,0c2f3d7b-9dbf-724e-976e-9b13562cc9bb,1777322732,0.47,2.0,yes,"{""count_fp"":""2.00"",""created_time"":""2026-04-27T20:45:32.439153Z"",""no_price_dollars"":""0.5300"",""taker_side"":""yes"",""ticker"":""KXBTC15M-26APR271700-00"",""trade_id"":""0c2f3d7b-9dbf-724e-976e-9b13562cc9bb"",""yes_price_dollars"":""0.4700""}"
KXBTC15M-26APR271700-00,dd461537-3c1b-6562-5470-e0e115a74e4c,1777322733,0.55,200.16,yes,"{""count_fp"":""200.16"",""created_time"":""2026-04-27T20:45:33.960956Z"",""no_price_dollars"":""0.4500"",""taker_side"":""yes"",""ticker"":""KXBTC15M-26APR271700-00"",""trade_id"":""dd461537-3c1b-6562-5470-e0e115a74e4c"",""yes_price_dollars"":""0.5500""}"
KXBTC15M-26APR271700-00,dad6f405-c403-616f-6e5b-2a94b088b812,1777322733,0.54,2.0,yes,"{""count_fp"":""2.00"",""created_time"":""2026-04-27T20:45:33.960956Z"",""no_price_dollars"":""0.4600"",""taker_side"":""yes"",""ticker"":""KXBTC15M-26APR271700-00"",""trade_id"":""dad6f405-c403-616f-6e5b-2a94b088b812"",""yes_price_dollars"":""0.5400""}"
KXBTC15M-26APR271700-00,ccb9530f-2a06-6006-51e2-e5eab8e9235f,1777322733,0.52,3.0,yes,"{""count_fp"":""3.00"",""created_time"":""2026-04-27T20:45:33.960956Z"",""no_price_dollars"":""0.4800"",""taker_side"":""yes"",""ticker"":""KXBTC15M-26APR271700-00"",""trade_id"":""ccb9530f-2a06-6006-51e2-e5eab8e9235f"",""yes_price_dollars"":""0.5200""}"
KXBTC15M-26APR271700-00,b7e62f88-13cb-6057-4749-c3e0e0055e6c,1777322733,0.55,0.56,yes,"{""count_fp"":""0.56"",""created_time"":""2026-04-27T20:45:33.960956Z"",""no_price_dollars"":""0.4500"",""taker_side"":""yes"",""ticker"":""KXBTC15M-26APR271700-00"",""trade_id"":""b7e62f88-13cb-6057-4749-c3e0e0055e6c"",""yes_price_dollars"":""0.5500""}"
KXBTC15M-26APR271700-00,932e9324-b3a4-6014-7924-04761f2beb28,1777322733,0.53,2.0,yes,"{""count_fp"":""2.00"",""created_time"":""2026-04-27T20:45:33.960956Z"",""no_price_dollars"":""0.4700"",""taker_side"":""yes"",""ticker"":""KXBTC15M-26APR271700-00"",""trade_id"":""932e9324-b3a4-6014-7924-04761f2beb28"",""yes_price_dollars"":""0.5300""}"
KXBTC15M-26APR271700-00,92ec549e-c444-64d5-5f19-c90557134494,1777322733,0.55,16.0,yes,"{""count_fp"":""16.00"",""created_time"":""2026-04-27T20:45:33.960956Z"",""no_price_dollars"":""0.4500"",""taker_side"":""yes"",""ticker"":""KXBTC15M-26APR271700-00"",""trade_id"":""92ec549e-c444-64d5-5f19-c90557134494"",""yes_price_dollars"":""0.5500""}"
KXBTC15M-26APR271700-00,5453f7c4-0e95-624b-5d58-b73ca13341ef,1777322733,0.54,400.0,yes,"{""count_fp"":""400.00"",""created_time"":""2026-04-27T20:45:33.960956Z"",""no_price_dollars"":""0.4600"",""taker_side"":""yes"",""ticker"":""KXBTC15M-26APR271700-00"",""trade_id"":""5453f7c4-0e95-624b-5d58-b73ca13341ef"",""yes_price_dollars"":""0.5400""}"
KXBTC15M-26APR271700-00,50f0e8dc-b957-6ffe-7fe6-b46ae4f45904,1777322733,0.53,40.0,yes,"{""count_fp"":""40.00"",""created_time"":""2026-04-27T20:45:33.960956Z"",""no_price_dollars"":""0.4700"",""taker_side"":""yes"",""ticker"":""KXBTC15M-26APR271700-00"",""trade_id"":""50f0e8dc-b957-6ffe-7fe6-b46ae4f45904"",""yes_price_dollars"":""0.5300""}"
KXBTC15M-26APR271700-00,426cb0cd-185e-6717-6a1d-3a06a4c6007c,1777322733,0.52,29.0,yes,"{""count_fp"":""29.00"",""created_time"":""2026-04-27T20:45:33.960956Z"",""no_price_dollars"":""0.4800"",""taker_side"":""yes"",""ticker"":""KXBTC15M-26APR271700-00"",""trade_id"":""426cb0cd-185e-6717-6a1d-3a06a4c6007c"",""yes_price_dollars"":""0.5200""}"
KXBTC15M-26APR271700-00,151812a6-65fc-6bb4-7603-a63dd6e45574,1777322733,0.54,5.01,yes,"{""count_fp"":""5.01"",""created_time"":""2026-04-27T20:45:33.960956Z"",""no_price_dollars"":""0.4600"",""taker_side"":""yes"",""ticker"":""KXBTC15M-26APR271700-00"",""trade_id"":""151812a6-65fc-6bb4-7603-a63dd6e45574"",""yes_price_dollars"":""0.5400""}"
KXBTC15M-26APR271700-00,0e9a8a43-e96a-692b-4332-14c20314dcd7,1777322733,0.53,200.0,yes,"{""count_fp"":""200.00"",""created_time"":""2026-04-27T20:45:33.960956Z"",""no_price_dollars"":""0.4700"",""taker_side"":""yes"",""ticker"":""KXBTC15M-26APR271700-00"",""trade_id"":""0e9a8a43-e96a-692b-4332-14c20314dcd7"",""yes_price_dollars"":""0.5300""}"
KXBTC15M-26APR271700-00,7637968e-1a82-44a6-1517-c54660405117,1777322733,0.51,1.0,yes,"{""count_fp"":""1.00"",""created_time"":""2026-04-27T20:45:33.912271Z"",""no_price_dollars"":""0.4900"",""taker_side"":""yes"",""ticker"":""KXBTC15M-26APR271700-00"",""trade_id"":""7637968e-1a82-44a6-1517-c54660405117"",""yes_price_dollars"":""0.5100""}"
KXBTC15M-26APR271700-00,348f5a4f-96ba-474b-008c-2d46ef674ab4,1777322733,0.52,11.0,yes,"{""count_fp"":""11.00"",""created_time"":""2026-04-27T20:45:33.912271Z"",""no_price_dollars"":""0.4800"",""taker_side"":""yes"",""ticker"":""KXBTC15M-26APR271700-00"",""trade_id"":""348f5a4f-96ba-474b-008c-2d46ef674ab4"",""yes_price_dollars"":""0.5200""}"
KXBTC15M-26APR271700-00,c281cdde-414b-7e16-0fa4-f7081dd16730,1777322733,0.5,10.0,yes,"{""count_fp"":""10.00"",""created_time"":""2026-04-27T20:45:33.668633Z"",""no_price_dollars"":""0.5000"",""taker_side"":""yes"",""ticker"":""KXBTC15M-26APR271700-00"",""trade_id"":""c281cdde-414b-7e16-0fa4-f7081dd16730"",""yes_price_dollars"":""0.5000""}"
KXBTC15M-26APR271700-00,48355d3c-f636-70e7-301b-24038ded4a0c,1777322733,0.5,1.0,yes,"{""count_fp"":""1.00"",""created_time"":""2026-04-27T20:45:33.668633Z"",""no_price_dollars"":""0.5000"",""taker_side"":""yes"",""ticker"":""KXBTC15M-26APR271700-00"",""trade_id"":""48355d3c-f636-70e7-301b-24038ded4a0c"",""yes_price_dollars"":""0.5000""}"
KXBTC15M-26APR271700-00,20ae3065-3951-6a5e-8f58-31684213c6fe,1777322733,0.49,1.89,no,"{""count_fp"":""1.89"",""created_time"":""2026-04-27T20:45:33.567681Z"",""no_price_dollars"":""0.5100"",""taker_side"":""no"",""ticker"":""KXBTC15M-26APR271700-00"",""trade_id"":""20ae3065-3951-6a5e-8f58-31684213c6fe"",""yes_price_dollars"":""0.4900""}"
KXBTC15M-26APR271700-00,58b312cd-50dd-51b6-9607-4c2cf82d4b0a,1777322733,0.49,46.72,no,"{""count_fp"":""46.72"",""created_time"":""2026-04-27T20:45:33.551453Z"",""no_price_dollars"":""0.5100"",""taker_side"":""no"",""ticker"":""KXBTC15M-26APR271700-00"",""trade_id"":""58b312cd-50dd-51b6-9607-4c2cf82d4b0a"",""yes_price_dollars"":""0.4900""}"
KXBTC15M-26APR271700-00,de1a0119-78e9-633a-7b11-a6ecda79dbda,1777322733,0.49,61.69,no,"{""count_fp"":""61.69"",""created_time"":""2026-04-27T20:45:33.498704Z"",""no_price_dollars"":""0.5100"",""taker_side"":""no"",""ticker"":""KXBTC15M-26APR271700-00"",""trade_id"":""de1a0119-78e9-633a-7b11-a6ecda79dbda"",""yes_price_dollars"":""0.4900""}"
KXBTC15M-26APR271700-00,8ad03c01-5aa9-79fe-604f-7c9ae3e4c502,1777322733,0.49,41.26,no,"{""count_fp"":""41.26"",""created_time"":""2026-04-27T20:45:33.275174Z"",""no_price_dollars"":""0.5100"",""taker_side"":""no"",""ticker"":""KXBTC15M-26APR271700-00"",""trade_id"":""8ad03c01-5aa9-79fe-604f-7c9ae3e4c502"",""yes_price_dollars"":""0.4900""}"
KXBTC15M-26APR271700-00,63488fbf-891d-5e1a-d616-f35a2fea180a,1777322733,0.49,3.52,no,"{""count_fp"":""3.52"",""created_time"":""2026-04-27T20:45:33.147765Z"",""no_price_dollars"":""0.5100"",""taker_side"":""no"",""ticker"":""KXBTC15M-26APR271700-00"",""trade_id"":""63488fbf-891d-5e1a-d616-f35a2fea180a"",""yes_price_dollars"":""0.4900""}"
KXBTC15M-26APR271700-00,0796d86d-9656-7fa7-95cb-1bec2aaaad08,1777322734,0.5,1.89,no,"{""count_fp"":""1.89"",""created_time"":""2026-04-27T20:45:34.912248Z"",""no_price_dollars"":""0.5000"",""taker_side"":""no"",""ticker"":""KXBTC15M-26APR271700-00"",""trade_id"":""0796d86d-9656-7fa7-95cb-1bec2aaaad08"",""yes_price_dollars"":""0.5000""}"
KXBTC15M-26APR271700-00,3f5a3c42-6c5e-6c12-11c0-6292ebc7daf4,1777322734,0.5,1.0,no,"{""count_fp"":""1.00"",""created_time"":""2026-04-27T20:45:34.358129Z"",""no_price_dollars"":""0.5000"",""taker_side"":""no"",""ticker"":""KXBTC15M-26APR271700-00"",""trade_id"":""3f5a3c42-6c5e-6c12-11c0-6292ebc7daf4"",""yes_price_dollars"":""0.5000""}"
KXBTC15M-26APR271700-00,118e0154-08b8-6467-98b1-0e94b4bd15be,1777322734,0.51,53.41,no,"{""count_fp"":""53.41"",""created_time"":""2026-04-27T20:45:34.240558Z"",""no_price_dollars"":""0.4900"",""taker_side"":""no"",""ticker"":""KXBTC15M-26APR271700-00"",""trade_id"":""118e0154-08b8-6467-98b1-0e94b4bd15be"",""yes_price_dollars"":""0.5100""}"
KXBTC15M-26APR271700-00,da18c01e-35dc-4872-d19a-039ed74f13e6,1777322734,0.51,1.38,no,"{""count_fp"":""1.38"",""created_time"":""2026-04-27T20:45:34.136613Z"",""no_price_dollars"":""0.4900"",""taker_side"":""no"",""ticker"":""KXBTC15M-26APR271700-00"",""trade_id"":""da18c01e-35dc-4872-d19a-039ed74f13e6"",""yes_price_dollars"":""0.5100""}"
KXBTC15M-26APR271700-00,73040852-b988-5ff2-4d5f-ebfad9b92fda,1777322735,0.49,15.86,no,"{""count_fp"":""15.86"",""created_time"":""2026-04-27T20:45:35.927369Z"",""no_price_dollars"":""0.5100"",""taker_side"":""no"",""ticker"":""KXBTC15M-26APR271700-00"",""trade_id"":""73040852-b988-5ff2-4d5f-ebfad9b92fda"",""yes_price_dollars"":""0.4900""}"
KXBTC15M-26APR271700-00,8c136861-612c-5282-15a2-7290c66b06b6,1777322735,0.49,3.52,no,"{""count_fp"":""3.52"",""created_time"":""2026-04-27T20:45:35.742998Z"",""no_price_dollars"":""0.5100"",""taker_side"":""no"",""ticker"":""KXBTC15M-26APR271700-00"",""trade_id"":""8c136861-612c-5282-15a2-7290c66b06b6"",""yes_price_dollars"":""0.4900""}"
KXBTC15M-26APR271700-00,ea4836a2-8b5c-6576-a903-f4ec73ffd02a,1777322735,0.49,7.3,no,"{""count_fp"":""7.30"",""created_time"":""2026-04-27T20:45:35.404156Z"",""no_price_dollars"":""0.5100"",""taker_side"":""no"",""ticker"":""KXBTC15M-26APR271700-00"",""trade_id"":""ea4836a2-8b5c-6576-a903-f4ec73ffd02a"",""yes_price_dollars"":""0.4900""}"
KXBTC15M-26APR271700-00,f41b0cf8-5932-75af-aab5-24dfcdce40f4,1777322735,0.5,25.74,no,"{""count_fp"":""25.74"",""created_time"":""2026-04-27T20:45:35.278023Z"",""no_price_dollars"":""0.5000"",""taker_side"":""no"",""ticker"":""KXBTC15M-26APR271700-00"",""trade_id"":""f41b0cf8-5932-75af-aab5-24dfcdce40f4"",""yes_price_dollars"":""0.5000""}"
KXBTC15M-26APR271700-00,a0f564aa-82fa-7975-acf7-a1b610a3b516,1777322735,0.49,40.0,no,"{""count_fp"":""40.00"",""created_time"":""2026-04-27T20:45:35.278023Z"",""no_price_dollars"":""0.5100"",""taker_side"":""no"",""ticker"":""KXBTC15M-26APR271700-00"",""trade_id"":""a0f564aa-82fa-7975-acf7-a1b610a3b516"",""yes_price_dollars"":""0.4900""}"
KXBTC15M-26APR271700-00,8bdd613a-5d30-7226-89f6-b0ede253d12e,1777322735,0.49,9.07,no,"{""count_fp"":""9.07"",""created_time"":""2026-04-27T20:45:35.278023Z"",""no_price_dollars"":""0.5100"",""taker_side"":""no"",""ticker"":""KXBTC15M-26APR271700-00"",""trade_id"":""8bdd613a-5d30-7226-89f6-b0ede253d12e"",""yes_price_dollars"":""0.4900""}"
KXBTC15M-26APR271700-00,71e8aa32-e962-7ef0-8b4c-7486d69c1b8e,1777322735,0.49,20.0,no,"{""count_fp"":""20.00"",""created_time"":""2026-04-27T20:45:35.278023Z"",""no_price_dollars"":""0.5100"",""taker_side"":""no"",""ticker"":""KXBTC15M-26APR271700-00"",""trade_id"":""71e8aa32-e962-7ef0-8b4c-7486d69c1b8e"",""yes_price_dollars"":""0.4900""}"
KXBTC15M-26APR271700-00,79d0dec8-ca0d-67ed-2cc3-7475bc008df5,1777322736,0.49,2.26,yes,"{""count_fp"":""2.26"",""created_time"":""2026-04-27T20:45:36.963355Z"",""no_price_dollars"":""0.5100"",""taker_side"":""yes"",""ticker"":""KXBTC15M-26APR271700-00"",""trade_id"":""79d0dec8-ca0d-67ed-2cc3-7475bc008df5"",""yes_price_dollars"":""0.4900""}"
KXBTC15M-26APR271700-00,49d37a25-1a86-5f51-6668-f0e5c1b25d2a,1777322736,0.49,1.0,yes,"{""count_fp"":""1.00"",""created_time"":""2026-04-27T20:45:36.754257Z"",""no_price_dollars"":""0.5100"",""taker_side"":""yes"",""ticker"":""KXBTC15M-26APR271700-00"",""trade_id"":""49d37a25-1a86-5f51-6668-f0e5c1b25d2a"",""yes_price_dollars"":""0.4900""}"
KXBTC15M-26APR271700-00,2c299568-a2a5-507d-470d-a20edcab8c29,1777322736,0.49,2.79,yes,"{""count_fp"":""2.79"",""created_time"":""2026-04-27T20:45:36.754257Z"",""no_price_dollars"":""0.5100"",""taker_side"":""yes"",""ticker"":""KXBTC15M-26APR271700-00"",""trade_id"":""2c299568-a2a5-507d-470d-a20edcab8c29"",""yes_price_dollars"":""0.4900""}"
KXBTC15M-26APR271700-00,623aad5c-3da8-6592-3f79-ec628129b5a2,1777322736,0.49,20.25,no,"{""count_fp"":""20.25"",""created_time"":""2026-04-27T20:45:36.214573Z"",""no_price_dollars"":""0.5100"",""taker_side"":""no"",""ticker"":""KXBTC15M-26APR271700-00"",""trade_id"":""623aad5c-3da8-6592-3f79-ec628129b5a2"",""yes_price_dollars"":""0.4900""}"
KXBTC15M-26APR271700-00,462c0008-0e8b-61fe-3e4c-f05abf00f8c3,1777322736,0.49,1.0,no,"{""count_fp"":""1.00"",""created_time"":""2026-04-27T20:45:36.214573Z"",""no_price_dollars"":""0.5100"",""taker_side"":""no"",""ticker"":""KXBTC15M-26APR271700-00"",""trade_id"":""462c0008-0e8b-61fe-3e4c-f05abf00f8c3"",""yes_price_dollars"":""0.4900""}"
KXBTC15M-26APR271700-00,18640cef-8fd1-6aae-2802-f31c41344e2d,1777322736,0.48,11.04,no,"{""count_fp"":""11.04"",""created_time"":""2026-04-27T20:45:36.214573Z"",""no_price_dollars"":""0.5200"",""taker_side"":""no"",""ticker"":""KXBTC15M-26APR271700-00"",""trade_id"":""18640cef-8fd1-6aae-2802-f31c41344e2d"",""yes_price_dollars"":""0.4800""}"
KXBTC15M-26APR271700-00,96ee5a0b-99bd-4281-194d-a0f069ece545,1777322737,0.49,34.95,yes,"{""count_fp"":""34.95"",""created_time"":""2026-04-27T20:45:37.368426Z"",""no_price_dollars"":""0.5100"",""taker_side"":""yes"",""ticker"":""KXBTC15M-26APR271700-00"",""trade_id"":""96ee5a0b-99bd-4281-194d-a0f069ece545"",""yes_price_dollars"":""0.4900""}"
KXBTC15M-26APR271700-00,2021d777-3a9f-46f5-031b-c0ec5ee5c439,1777322737,0.49,12.44,yes,"{""count_fp"":""12.44"",""created_time"":""2026-04-27T20:45:37.368426Z"",""no_price_dollars"":""0.5100"",""taker_side"":""yes"",""ticker"":""KXBTC15M-26APR271700-00"",""trade_id"":""2021d777-3a9f-46f5-031b-c0ec5ee5c439"",""yes_price_dollars"":""0.4900""}"
KXBTC15M-26APR271700-00,be797c9b-12cb-4df6-c4c2-a82157cb26c9,1777322738,0.49,49.26,yes,"{""count_fp"":""49.26"",""created_time"":""2026-04-27T20:45:38.365156Z"",""no_price_dollars"":""0.5100"",""taker_side"":""yes"",""ticker"":""KXBTC15M-26APR271700-00"",""trade_id"":""be797c9b-12cb-4df6-c4c2-a82157cb26c9"",""yes_price_dollars"":""0.4900""}"
KXBTC15M-26APR271700-00,e25dabef-b5d6-48d9-16fe-0749f95d1d83,1777322738,0.49,3.0,yes,"{""count_fp"":""3.00"",""created_time"":""2026-04-27T20:45:38.333912Z"",""no_price_dollars"":""0.5100"",""taker_side"":""yes"",""ticker"":""KXBTC15M-26APR271700-00"",""trade_id"":""e25dabef-b5d6-48d9-16fe-0749f95d1d83"",""yes_price_dollars"":""0.4900""}"
KXBTC15M-26APR271700-00,8065d0e7-ca9b-4656-307a-8ed1791735a9,1777322738,0.49,413.51,yes,"{""count_fp"":""413.51"",""created_time"":""2026-04-27T20:45:38.333912Z"",""no_price_dollars"":""0.5100"",""taker_side"":""yes"",""ticker"":""KXBTC15M-26APR271700-00"",""trade_id"":""8065d0e7-ca9b-4656-307a-8ed1791735a9"",""yes_price_dollars"":""0.4900""}"
KXBTC15M-26APR271700-00,783c8591-0289-4085-28dd-2d3c67ee1ccd,1777322738,0.49,12.35,yes,"{""count_fp"":""12.35"",""created_time"":""2026-04-27T20:45:38.333912Z"",""no_price_dollars"":""0.5100"",""taker_side"":""yes"",""ticker"":""KXBTC15M-26APR271700-00"",""trade_id"":""783c8591-0289-4085-28dd-2d3c67ee1ccd"",""yes_price_dollars"":""0.4900""}"
KXBTC15M-26APR271700-00,674669ea-c32f-4470-0418-26c1f85c242c,1777322738,0.49,1.0,yes,"{""count_fp"":""1.00"",""created_time"":""2026-04-27T20:45:38.333912Z"",""no_price_dollars"":""0.5100"",""taker_side"":""yes"",""ticker"":""KXBTC15M-26APR271700-00"",""trade_id"":""674669ea-c32f-4470-0418-26c1f85c242c"",""yes_price_dollars"":""0.4900""}"
KXBTC15M-26APR271700-00,080ab98a-6037-43a3-305e-dae36bfaf6b7,1777322738,0.49,1.0,yes,"{""count_fp"":""1.00"",""created_time"":""2026-04-27T20:45:38.333912Z"",""no_price_dollars"":""0.5100"",""taker_side"":""yes"",""ticker"":""KXBTC15M-26APR271700-00"",""trade_id"":""080ab98a-6037-43a3-305e-dae36bfaf6b7"",""yes_price_dollars"":""0.4900""}"
KXBTC15M-26APR271700-00,743e7656-627b-4796-d154-c704cc3fdea8,1777322739,0.49,49.26,yes,"{""count_fp"":""49.26"",""created_time"":""2026-04-27T20:45:39.641293Z"",""no_price_dollars"":""0.5100"",""taker_side"":""yes"",""ticker"":""KXBTC15M-26APR271700-00"",""trade_id"":""743e7656-627b-4796-d154-c704cc3fdea8"",""yes_price_dollars"":""0.4900""}"
KXBTC15M-26APR271700-00,813cb5d1-7743-7ca2-cf99-9690dde6c3c0,1777322739,0.49,39.4,yes,"{""count_fp"":""39.40"",""created_time"":""2026-04-27T20:45:39.551941Z"",""no_price_dollars"":""0.5100"",""taker_side"":""yes"",""ticker"":""KXBTC15M-26APR271700-00"",""trade_id"":""813cb5d1-7743-7ca2-cf99-9690dde6c3c0"",""yes_price_dollars"":""0.4900""}"
KXBTC15M-26APR271700-00,89a43ffd-9179-4ad7-645d-1c24a1b886a4,1777322739,0.48,1.0,no,"{""count_fp"":""1.00"",""created_time"":""2026-04-27T20:45:39.548569Z"",""no_price_dollars"":""0.5200"",""taker_side"":""no"",""ticker"":""KXBTC15M-26APR271700-00"",""trade_id"":""89a43ffd-9179-4ad7-645d-1c24a1b886a4"",""yes_price_dollars"":""0.4800""}"
KXBTC15M-26APR271700-00,efbec5d5-fd93-4fb2-3d87-739877731730,1777322739,0.49,2.93,yes,"{""count_fp"":""2.93"",""created_time"":""2026-04-27T20:45:39.504552Z"",""no_price_dollars"":""0.5100"",""taker_side"":""yes"",""ticker"":""KXBTC15M-26APR271700-00"",""trade_id"":""efbec5d5-fd93-4fb2-3d87-739877731730"",""yes_price_dollars"":""0.4900""}"
KXBTC15M-26APR271700-00,c557c93e-373c-7431-903e-126f5271cf1d,1777322739,0.47,8.16,no,"{""count_fp"":""8.16"",""created_time"":""2026-04-27T20:45:39.416558Z"",""no_price_dollars"":""0.5300"",""taker_side"":""no"",""ticker"":""KXBTC15M-26APR271700-00"",""trade_id"":""c557c93e-373c-7431-903e-126f5271cf1d"",""yes_price_dollars"":""0.4700""}"
KXBTC15M-26APR271700-00,0931615c-3d7a-70d6-a728-4a3fc9bf562b,1777322739,0.48,11.84,no,"{""count_fp"":""11.84"",""created_time"":""2026-04-27T20:45:39.416558Z"",""no_price_dollars"":""0.5200"",""taker_side"":""no"",""ticker"":""KXBTC15M-26APR271700-00"",""trade_id"":""0931615c-3d7a-70d6-a728-4a3fc9bf562b"",""yes_price_dollars"":""0.4800""}"
KXBTC15M-26APR271700-00,8bee24c6-4966-7885-bb95-987a9d3bfb2a,1777322739,0.48,1.0,no,"{""count_fp"":""1.00"",""created_time"":""2026-04-27T20:45:39.102773Z"",""no_price_dollars"":""0.5200"",""taker_side"":""no"",""ticker"":""KXBTC15M-26APR271700-00"",""trade_id"":""8bee24c6-4966-7885-bb95-987a9d3bfb2a"",""yes_price_dollars"":""0.4800""}"
KXBTC15M-26APR271700-00,345acc78-39f4-7e64-95f3-5c3a3e7e9f0d,1777322739,0.48,0.86,no,"{""count_fp"":""0.86"",""created_time"":""2026-04-27T20:45:39.102773Z"",""no_price_dollars"":""0.5200"",""taker_side"":""no"",""ticker"":""KXBTC15M-26APR271700-00"",""trade_id"":""345acc78-39f4-7e64-95f3-5c3a3e7e9f0d"",""yes_price_dollars"":""0.4800""}"
KXBTC15M-26APR271700-00,7bdd7f4c-96bc-5683-5886-2eebf3e5c232,1777322740,0.49,19.7,yes,"{""count_fp"":""19.70"",""created_time"":""2026-04-27T20:45:40.865668Z"",""no_price_dollars"":""0.5100"",""taker_side"":""yes"",""ticker"":""KXBTC15M-26APR271700-00"",""trade_id"":""7bdd7f4c-96bc-5683-5886-2eebf3e5c232"",""yes_price_dollars"":""0.4900""}"
KXBTC15M-26APR271700-00,9b45c723-71fd-69bd-3db5-cd03468eb8db,1777322740,0.48,1.0,no,"{""count_fp"":""1.00"",""created_time"":""2026-04-27T20:45:40.792772Z"",""no_price_dollars"":""0.5200"",""taker_side"":""no"",""ticker"":""KXBTC15M-26APR271700-00"",""trade_id"":""9b45c723-71fd-69bd-3db5-cd03468eb8db"",""yes_price_dollars"":""0.4800""}"
KXBTC15M-26APR271700-00,13c7da1b-db47-6477-122d-5ff19def5147,1777322740,0.48,4.0,no,"{""count_fp"":""4.00"",""created_time"":""2026-04-27T20:45:40.792772Z"",""no_price_dollars"":""0.5200"",""taker_side"":""no"",""ticker"":""KXBTC15M-26APR271700-00"",""trade_id"":""13c7da1b-db47-6477-122d-5ff19def5147"",""yes_price_dollars"":""0.4800""}"
KXBTC15M-26APR271700-00,560f0c57-711f-7dba-9978-86d5332a4e30,1777322740,0.49,74.87,yes,"{""count_fp"":""74.87"",""created_time"":""2026-04-27T20:45:40.713063Z"",""no_price_dollars"":""0.5100"",""taker_side"":""yes"",""ticker"":""KXBTC15M-26APR271700-00"",""trade_id"":""560f0c57-711f-7dba-9978-86d5332a4e30"",""yes_price_dollars"":""0.4900""}"
KXBTC15M-26APR271700-00,45915f90-a5b7-4b26-133c-847e212f4128,1777322740,0.49,7.88,yes,"{""count_fp"":""7.88"",""created_time"":""2026-04-27T20:45:40.706341Z"",""no_price_dollars"":""0.5100"",""taker_side"":""yes"",""ticker"":""KXBTC15M-26APR271700-00"",""trade_id"":""45915f90-a5b7-4b26-133c-847e212f4128"",""yes_price_dollars"":""0.4900""}"
KXBTC15M-26APR271700-00,ee7f7542-df6f-5ea2-ec9f-46b2273ba400,1777322740,0.49,0.19,yes,"{""count_fp"":""0.19"",""created_time"":""2026-04-27T20:45:40.134806Z"",""no_price_dollars"":""0.5100"",""taker_side"":""yes"",""ticker"":""KXBTC15M-26APR271700-00"",""trade_id"":""ee7f7542-df6f-5ea2-ec9f-46b2273ba400"",""yes_price_dollars"":""0.4900""}"
KXBTC15M-26APR271700-00,d5fea0f9-a5f3-49e4-aa37-5f874b4b71c2,1777322741,0.49,56.0,yes,"{""count_fp"":""56.00"",""created_time"":""2026-04-27T20:45:41.878673Z"",""no_price_dollars"":""0.5100"",""taker_side"":""yes"",""ticker"":""KXBTC15M-26APR271700-00"",""trade_id"":""d5fea0f9-a5f3-49e4-aa37-5f874b4b71c2"",""yes_price_dollars"":""0.4900""}"
KXBTC15M-26APR271700-00,c9a59f7f-78a4-46d3-84d5-bdf591e048fa,1777322741,0.49,17.97,yes,"{""count_fp"":""17.97"",""created_time"":""2026-04-27T20:45:41.878673Z"",""no_price_dollars"":""0.5100"",""taker_side"":""yes"",""ticker"":""KXBTC15M-26APR271700-00"",""trade_id"":""c9a59f7f-78a4-46d3-84d5-bdf591e048fa"",""yes_price_dollars"":""0.4900""}"
KXBTC15M-26APR271700-00,9b2700e2-12f3-401b-a2f4-0685d01f32ff,1777322741,0.49,3.0,yes,"{""count_fp"":""3.00"",""created_time"":""2026-04-27T20:45:41.878673Z"",""no_price_dollars"":""0.5100"",""taker_side"":""yes"",""ticker"":""KXBTC15M-26APR271700-00"",""trade_id"":""9b2700e2-12f3-401b-a2f4-0685d01f32ff"",""yes_price_dollars"":""0.4900""}"
KXBTC15M-26APR271700-00,85bc7843-8bc9-48a2-b3a9-874732c39091,1777322741,0.49,397.29,yes,"{""count_fp"":""397.29"",""created_time"":""2026-04-27T20:45:41.878673Z"",""no_price_dollars"":""0.5100"",""taker_side"":""yes"",""ticker"":""KXBTC15M-26APR271700-00"",""trade_id"":""85bc7843-8bc9-48a2-b3a9-874732c39091"",""yes_price_dollars"":""0.4900""}"
KXBTC15M-26APR271700-00,4426d47b-58b6-403c-8108-a3ab03af71c1,1777322741,0.49,1.0,yes,"{""count_fp"":""1.00"",""created_time"":""2026-04-27T20:45:41.878673Z"",""no_price_dollars"":""0.5100"",""taker_side"":""yes"",""ticker"":""KXBTC15M-26APR271700-00"",""trade_id"":""4426d47b-58b6-403c-8108-a3ab03af71c1"",""yes_price_dollars"":""0.4900""}"
KXBTC15M-26APR271700-00,2e8c2e0c-a16e-4c0f-9968-833cf9d2b4ce,1777322741,0.49,12.35,yes,"{""count_fp"":""12.35"",""created_time"":""2026-04-27T20:45:41.878673Z"",""no_price_dollars"":""0.5100"",""taker_side"":""yes"",""ticker"":""KXBTC15M-26APR271700-00"",""trade_id"":""2e8c2e0c-a16e-4c0f-9968-833cf9d2b4ce"",""yes_price_dollars"":""0.4900""}"
KXBTC15M-26APR271700-00,2d96954b-0045-48a1-99e9-8a7bbdc2cdbb,1777322741,0.49,5.0,yes,"{""count_fp"":""5.00"",""created_time"":""2026-04-27T20:45:41.878673Z"",""no_price_dollars"":""0.5100"",""taker_side"":""yes"",""ticker"":""KXBTC15M-26APR271700-00"",""trade_id"":""2d96954b-0045-48a1-99e9-8a7bbdc2cdbb"",""yes_price_dollars"":""0.4900""}"
KXBTC15M-26APR271700-00,dd1aee29-19c2-5810-2404-ad42d8b78a1f,1777322741,0.47,8.11,no,"{""count_fp"":""8.11"",""created_time"":""2026-04-27T20:45:41.795925Z"",""no_price_dollars"":""0.5300"",""taker_side"":""no"",""ticker"":""KXBTC15M-26APR271700-00"",""trade_id"":""dd1aee29-19c2-5810-2404-ad42d8b78a1f"",""yes_price_dollars"":""0.4700""}"
