ticker,trade_id,ts,yes_price,count,taker_side,raw_json
KXBTC15M-26APR280945-45,f2cb7bb0-f8fe-5a72-ef82-a5118ba0c937,1777383001,0.54,1.0,yes,"{""count_fp"":""1.00"",""created_time"":""2026-04-28T13:30:01.606517Z"",""no_price_dollars"":""0.4600"",""taker_side"":""yes"",""ticker"":""KXBTC15M-26APR280945-45"",""trade_id"":""f2cb7bb0-f8fe-5a72-ef82-a5118ba0c937"",""yes_price_dollars"":""0.5400""}"
KXBTC15M-26APR280945-45,d7197028-31a2-545e-d13c-ec096a6678a1,1777383001,0.55,1.0,yes,"{""count_fp"":""1.00"",""created_time"":""2026-04-28T13:30:01.606517Z"",""no_price_dollars"":""0.4500"",""taker_side"":""yes"",""ticker"":""KXBTC15M-26APR280945-45"",""trade_id"":""d7197028-31a2-545e-d13c-ec096a6678a1"",""yes_price_dollars"":""0.5500""}"
KXBTC15M-26APR280945-45,e794660b-761a-52b9-3440-494bfdee2915,1777383001,0.5,2.0,yes,"{""count_fp"":""2.00"",""created_time"":""2026-04-28T13:30:01.192589Z"",""no_price_dollars"":""0.5000"",""taker_side"":""yes"",""ticker"":""KXBTC15M-26APR280945-45"",""trade_id"":""e794660b-761a-52b9-3440-494bfdee2915"",""yes_price_dollars"":""0.5000""}"
KXBTC15M-26APR280945-45,c047c494-4381-71a4-5908-5b80ceaeb8a3,1777383004,0.51,16.0,no,"{""count_fp"":""16.00"",""created_time"":""2026-04-28T13:30:04.907831Z"",""no_price_dollars"":""0.4900"",""taker_side"":""no"",""ticker"":""KXBTC15M-26APR280945-45"",""trade_id"":""c047c494-4381-71a4-5908-5b80ceaeb8a3"",""yes_price_dollars"":""0.5100""}"
KXBTC15M-26APR280945-45,3a7fccfd-5a58-5611-67e6-c5751565d4e1,1777383005,0.5,1.21,no,"{""count_fp"":""1.21"",""created_time"":""2026-04-28T13:30:05.970824Z"",""no_price_dollars"":""0.5000"",""taker_side"":""no"",""ticker"":""KXBTC15M-26APR280945-45"",""trade_id"":""3a7fccfd-5a58-5611-67e6-c5751565d4e1"",""yes_price_dollars"":""0.5000""}"
KXBTC15M-26APR280945-45,1f5e101e-4d46-5b3f-5535-6fea0f0d0747,1777383005,0.5,100.79,no,"{""count_fp"":""100.79"",""created_time"":""2026-04-28T13:30:05.970824Z"",""no_price_dollars"":""0.5000"",""taker_side"":""no"",""ticker"":""KXBTC15M-26APR280945-45"",""trade_id"":""1f5e101e-4d46-5b3f-5535-6fea0f0d0747"",""yes_price_dollars"":""0.5000""}"
KXBTC15M-26APR280945-45,ec436c3a-37b8-7611-0e29-4c4a5b6f06f5,1777383005,0.5,5.79,no,"{""count_fp"":""5.79"",""created_time"":""2026-04-28T13:30:05.849187Z"",""no_price_dollars"":""0.5000"",""taker_side"":""no"",""ticker"":""KXBTC15M-26APR280945-45"",""trade_id"":""ec436c3a-37b8-7611-0e29-4c4a5b6f06f5"",""yes_price_dollars"":""0.5000""}"
KXBTC15M-26APR280945-45,9e8b5b6f-9539-5e90-7951-c5cee9213d3c,1777383005,0.51,7.0,no,"{""count_fp"":""7.00"",""created_time"":""2026-04-28T13:30:05.757006Z"",""no_price_dollars"":""0.4900"",""taker_side"":""no"",""ticker"":""KXBTC15M-26APR280945-45"",""trade_id"":""9e8b5b6f-9539-5e90-7951-c5cee9213d3c"",""yes_price_dollars"":""0.5100""}"
KXBTC15M-26APR280945-45,eb67ac98-cbf8-6f61-513d-9540958d7750,1777383005,0.53,4.0,yes,"{""count_fp"":""4.00"",""created_time"":""2026-04-28T13:30:05.482545Z"",""no_price_dollars"":""0.4700"",""taker_side"":""yes"",""ticker"":""KXBTC15M-26APR280945-45"",""trade_id"":""eb67ac98-cbf8-6f61-513d-9540958d7750"",""yes_price_dollars"":""0.5300""}"
KXBTC15M-26APR280945-45,b694de5a-5d72-610e-79c0-403080ffdb76,1777383005,0.53,10.0,yes,"{""count_fp"":""10.00"",""created_time"":""2026-04-28T13:30:05.482545Z"",""no_price_dollars"":""0.4700"",""taker_side"":""yes"",""ticker"":""KXBTC15M-26APR280945-45"",""trade_id"":""b694de5a-5d72-610e-79c0-403080ffdb76"",""yes_price_dollars"":""0.5300""}"
KXBTC15M-26APR280945-45,7d6de3b2-0d65-6920-6500-608909b9d7f4,1777383005,0.53,4.0,yes,"{""count_fp"":""4.00"",""created_time"":""2026-04-28T13:30:05.482545Z"",""no_price_dollars"":""0.4700"",""taker_side"":""yes"",""ticker"":""KXBTC15M-26APR280945-45"",""trade_id"":""7d6de3b2-0d65-6920-6500-608909b9d7f4"",""yes_price_dollars"":""0.5300""}"
KXBTC15M-26APR280945-45,f01a93c1-3e15-6018-c577-ed5bcde1c194,1777383005,0.51,1.0,no,"{""count_fp"":""1.00"",""created_time"":""2026-04-28T13:30:05.363215Z"",""no_price_dollars"":""0.4900"",""taker_side"":""no"",""ticker"":""KXBTC15M-26APR280945-45"",""trade_id"":""f01a93c1-3e15-6018-c577-ed5bcde1c194"",""yes_price_dollars"":""0.5100""}"
KXBTC15M-26APR280945-45,70ac998d-7b6e-6250-d554-9596d4c49233,1777383005,0.51,15.0,no,"{""count_fp"":""15.00"",""created_time"":""2026-04-28T13:30:05.363215Z"",""no_price_dollars"":""0.4900"",""taker_side"":""no"",""ticker"":""KXBTC15M-26APR280945-45"",""trade_id"":""70ac998d-7b6e-6250-d554-9596d4c49233"",""yes_price_dollars"":""0.5100""}"
KXBTC15M-26APR280945-45,b4f9fb65-321e-6395-20b7-ec77e26288ce,1777383006,0.46,38.59,no,"{""count_fp"":""38.59"",""created_time"":""2026-04-28T13:30:06.922595Z"",""no_price_dollars"":""0.5400"",""taker_side"":""no"",""ticker"":""KXBTC15M-26APR280945-45"",""trade_id"":""b4f9fb65-321e-6395-20b7-ec77e26288ce"",""yes_price_dollars"":""0.4600""}"
KXBTC15M-26APR280945-45,b40770a5-c240-6a1b-288e-d3196f5ac0d2,1777383006,0.46,1.0,no,"{""count_fp"":""1.00"",""created_time"":""2026-04-28T13:30:06.922595Z"",""no_price_dollars"":""0.5400"",""taker_side"":""no"",""ticker"":""KXBTC15M-26APR280945-45"",""trade_id"":""b40770a5-c240-6a1b-288e-d3196f5ac0d2"",""yes_price_dollars"":""0.4600""}"
KXBTC15M-26APR280945-45,ab3f9756-4824-68c0-3a72-143cc016e920,1777383006,0.46,1.0,no,"{""count_fp"":""1.00"",""created_time"":""2026-04-28T13:30:06.922595Z"",""no_price_dollars"":""0.5400"",""taker_side"":""no"",""ticker"":""KXBTC15M-26APR280945-45"",""trade_id"":""ab3f9756-4824-68c0-3a72-143cc016e920"",""yes_price_dollars"":""0.4600""}"
KXBTC15M-26APR280945-45,077cfa35-b663-62ff-0441-56ff82ed4078,1777383006,0.48,71.27,no,"{""count_fp"":""71.27"",""created_time"":""2026-04-28T13:30:06.922595Z"",""no_price_dollars"":""0.5200"",""taker_side"":""no"",""ticker"":""KXBTC15M-26APR280945-45"",""trade_id"":""077cfa35-b663-62ff-0441-56ff82ed4078"",""yes_price_dollars"":""0.4800""}"
KXBTC15M-26APR280945-45,ea1ae814-3e7a-597f-785e-ce7a6bfcac97,1777383006,0.5,19.21,no,"{""count_fp"":""19.21"",""created_time"":""2026-04-28T13:30:06.817727Z"",""no_price_dollars"":""0.5000"",""taker_side"":""no"",""ticker"":""KXBTC15M-26APR280945-45"",""trade_id"":""ea1ae814-3e7a-597f-785e-ce7a6bfcac97"",""yes_price_dollars"":""0.5000""}"
KXBTC15M-26APR280945-45,a022e875-6b1b-598b-6197-f99525c79928,1777383006,0.48,1.73,no,"{""count_fp"":""1.73"",""created_time"":""2026-04-28T13:30:06.817727Z"",""no_price_dollars"":""0.5200"",""taker_side"":""no"",""ticker"":""KXBTC15M-26APR280945-45"",""trade_id"":""a022e875-6b1b-598b-6197-f99525c79928"",""yes_price_dollars"":""0.4800""}"
KXBTC15M-26APR280945-45,98d09f71-7e3e-4375-b08b-71802e59ba50,1777383007,0.5,172.0,no,"{""count_fp"":""172.00"",""created_time"":""2026-04-28T13:30:07.675998Z"",""no_price_dollars"":""0.5000"",""taker_side"":""no"",""ticker"":""KXBTC15M-26APR280945-45"",""trade_id"":""98d09f71-7e3e-4375-b08b-71802e59ba50"",""yes_price_dollars"":""0.5000""}"
KXBTC15M-26APR280945-45,de838366-7039-5d2e-faf8-1b88bff47917,1777383007,0.5,75.0,yes,"{""count_fp"":""75.00"",""created_time"":""2026-04-28T13:30:07.659813Z"",""no_price_dollars"":""0.5000"",""taker_side"":""yes"",""ticker"":""KXBTC15M-26APR280945-45"",""trade_id"":""de838366-7039-5d2e-faf8-1b88bff47917"",""yes_price_dollars"":""0.5000""}"
KXBTC15M-26APR280945-45,c60a10cd-34a8-56e3-e91b-b6767b5d3f3d,1777383007,0.48,23.0,yes,"{""count_fp"":""23.00"",""created_time"":""2026-04-28T13:30:07.659813Z"",""no_price_dollars"":""0.5200"",""taker_side"":""yes"",""ticker"":""KXBTC15M-26APR280945-45"",""trade_id"":""c60a10cd-34a8-56e3-e91b-b6767b5d3f3d"",""yes_price_dollars"":""0.4800""}"
KXBTC15M-26APR280945-45,93b6231e-1877-5bdb-e6f2-fb30f1726cc5,1777383007,0.49,200.0,yes,"{""count_fp"":""200.00"",""created_time"":""2026-04-28T13:30:07.659813Z"",""no_price_dollars"":""0.5100"",""taker_side"":""yes"",""ticker"":""KXBTC15M-26APR280945-45"",""trade_id"":""93b6231e-1877-5bdb-e6f2-fb30f1726cc5"",""yes_price_dollars"":""0.4900""}"
KXBTC15M-26APR280945-45,6d55e85b-4388-5b62-e52a-6b81377ba584,1777383007,0.49,10.0,yes,"{""count_fp"":""10.00"",""created_time"":""2026-04-28T13:30:07.659813Z"",""no_price_dollars"":""0.5100"",""taker_side"":""yes"",""ticker"":""KXBTC15M-26APR280945-45"",""trade_id"":""6d55e85b-4388-5b62-e52a-6b81377ba584"",""yes_price_dollars"":""0.4900""}"
KXBTC15M-26APR280945-45,65c29958-9ac0-5b62-fed6-93b6460c8e5e,1777383007,0.5,2.0,yes,"{""count_fp"":""2.00"",""created_time"":""2026-04-28T13:30:07.659813Z"",""no_price_dollars"":""0.5000"",""taker_side"":""yes"",""ticker"":""KXBTC15M-26APR280945-45"",""trade_id"":""65c29958-9ac0-5b62-fed6-93b6460c8e5e"",""yes_price_dollars"":""0.5000""}"
KXBTC15M-26APR280945-45,3346879c-afb6-572f-d04b-2e07ebba3924,1777383007,0.5,4.0,yes,"{""count_fp"":""4.00"",""created_time"":""2026-04-28T13:30:07.659813Z"",""no_price_dollars"":""0.5000"",""taker_side"":""yes"",""ticker"":""KXBTC15M-26APR280945-45"",""trade_id"":""3346879c-afb6-572f-d04b-2e07ebba3924"",""yes_price_dollars"":""0.5000""}"
KXBTC15M-26APR280945-45,2e0fc9f6-65c8-5d63-c707-66167b859d85,1777383007,0.5,8.0,yes,"{""count_fp"":""8.00"",""created_time"":""2026-04-28T13:30:07.659813Z"",""no_price_dollars"":""0.5000"",""taker_side"":""yes"",""ticker"":""KXBTC15M-26APR280945-45"",""trade_id"":""2e0fc9f6-65c8-5d63-c707-66167b859d85"",""yes_price_dollars"":""0.5000""}"
KXBTC15M-26APR280945-45,1a0c845c-ed7b-52df-f073-036efdb6ac21,1777383007,0.5,2.0,yes,"{""count_fp"":""2.00"",""created_time"":""2026-04-28T13:30:07.659813Z"",""no_price_dollars"":""0.5000"",""taker_side"":""yes"",""ticker"":""KXBTC15M-26APR280945-45"",""trade_id"":""1a0c845c-ed7b-52df-f073-036efdb6ac21"",""yes_price_dollars"":""0.5000""}"
KXBTC15M-26APR280945-45,0f7ded77-d2b2-5b5c-eb15-51a6fef0ee63,1777383007,0.5,4.0,yes,"{""count_fp"":""4.00"",""created_time"":""2026-04-28T13:30:07.659813Z"",""no_price_dollars"":""0.5000"",""taker_side"":""yes"",""ticker"":""KXBTC15M-26APR280945-45"",""trade_id"":""0f7ded77-d2b2-5b5c-eb15-51a6fef0ee63"",""yes_price_dollars"":""0.5000""}"
KXBTC15M-26APR280945-45,fdcbb292-e46c-4616-18b0-65af62748207,1777383009,0.48,9.0,yes,"{""count_fp"":""9.00"",""created_time"":""2026-04-28T13:30:09.836425Z"",""no_price_dollars"":""0.5200"",""taker_side"":""yes"",""ticker"":""KXBTC15M-26APR280945-45"",""trade_id"":""fdcbb292-e46c-4616-18b0-65af62748207"",""yes_price_dollars"":""0.4800""}"
KXBTC15M-26APR280945-45,bcce6647-c91a-433d-17c2-ee80f44230fa,1777383009,0.5,2.02,yes,"{""count_fp"":""2.02"",""created_time"":""2026-04-28T13:30:09.836425Z"",""no_price_dollars"":""0.5000"",""taker_side"":""yes"",""ticker"":""KXBTC15M-26APR280945-45"",""trade_id"":""bcce6647-c91a-433d-17c2-ee80f44230fa"",""yes_price_dollars"":""0.5000""}"
KXBTC15M-26APR280945-45,db5416f4-fe5e-6465-112b-b60b6efdcd02,1777383009,0.46,8.97,no,"{""count_fp"":""8.97"",""created_time"":""2026-04-28T13:30:09.561485Z"",""no_price_dollars"":""0.5400"",""taker_side"":""no"",""ticker"":""KXBTC15M-26APR280945-45"",""trade_id"":""db5416f4-fe5e-6465-112b-b60b6efdcd02"",""yes_price_dollars"":""0.4600""}"
KXBTC15M-26APR280945-45,1b96efab-e346-51bb-cffc-cf157b1a2291,1777383010,0.47,2.0,yes,"{""count_fp"":""2.00"",""created_time"":""2026-04-28T13:30:10.862744Z"",""no_price_dollars"":""0.5300"",""taker_side"":""yes"",""ticker"":""KXBTC15M-26APR280945-45"",""trade_id"":""1b96efab-e346-51bb-cffc-cf157b1a2291"",""yes_price_dollars"":""0.4700""}"
KXBTC15M-26APR280945-45,05c1c47c-fc1a-64f3-a849-22d453fcf311,1777383010,0.47,75.0,yes,"{""count_fp"":""75.00"",""created_time"":""2026-04-28T13:30:10.642541Z"",""no_price_dollars"":""0.5300"",""taker_side"":""yes"",""ticker"":""KXBTC15M-26APR280945-45"",""trade_id"":""05c1c47c-fc1a-64f3-a849-22d453fcf311"",""yes_price_dollars"":""0.4700""}"
KXBTC15M-26APR280945-45,1555eb2c-ae2a-5853-681b-c9f86b2df10d,1777383011,0.46,208.32,yes,"{""count_fp"":""208.32"",""created_time"":""2026-04-28T13:30:11.902655Z"",""no_price_dollars"":""0.5400"",""taker_side"":""yes"",""ticker"":""KXBTC15M-26APR280945-45"",""trade_id"":""1555eb2c-ae2a-5853-681b-c9f86b2df10d"",""yes_price_dollars"":""0.4600""}"
KXBTC15M-26APR280945-45,62dadafa-76ea-7598-5a28-33163de5416b,1777383011,0.46,1.0,yes,"{""count_fp"":""1.00"",""created_time"":""2026-04-28T13:30:11.591489Z"",""no_price_dollars"":""0.5400"",""taker_side"":""yes"",""ticker"":""KXBTC15M-26APR280945-45"",""trade_id"":""62dadafa-76ea-7598-5a28-33163de5416b"",""yes_price_dollars"":""0.4600""}"
KXBTC15M-26APR280945-45,ceac33dc-b8b3-4c30-653a-5d59b53d9625,1777383011,0.45,17.9,no,"{""count_fp"":""17.90"",""created_time"":""2026-04-28T13:30:11.523728Z"",""no_price_dollars"":""0.5500"",""taker_side"":""no"",""ticker"":""KXBTC15M-26APR280945-45"",""trade_id"":""ceac33dc-b8b3-4c30-653a-5d59b53d9625"",""yes_price_dollars"":""0.4500""}"
KXBTC15M-26APR280945-45,2f783fae-a34a-40e6-79be-5e11658340ca,1777383011,0.45,4.08,no,"{""count_fp"":""4.08"",""created_time"":""2026-04-28T13:30:11.523728Z"",""no_price_dollars"":""0.5500"",""taker_side"":""no"",""ticker"":""KXBTC15M-26APR280945-45"",""trade_id"":""2f783fae-a34a-40e6-79be-5e11658340ca"",""yes_price_dollars"":""0.4500""}"
KXBTC15M-26APR280945-45,c2aa85bc-5b16-6944-4378-544315ae9cd1,1777383011,0.45,2.15,no,"{""count_fp"":""2.15"",""created_time"":""2026-04-28T13:30:11.523292Z"",""no_price_dollars"":""0.5500"",""taker_side"":""no"",""ticker"":""KXBTC15M-26APR280945-45"",""trade_id"":""c2aa85bc-5b16-6944-4378-544315ae9cd1"",""yes_price_dollars"":""0.4500""}"
KXBTC15M-26APR280945-45,101c654b-1703-6774-510b-0dfb64d49181,1777383011,0.45,38.1,no,"{""count_fp"":""38.10"",""created_time"":""2026-04-28T13:30:11.523292Z"",""no_price_dollars"":""0.5500"",""taker_side"":""no"",""ticker"":""KXBTC15M-26APR280945-45"",""trade_id"":""101c654b-1703-6774-510b-0dfb64d49181"",""yes_price_dollars"":""0.4500""}"
KXBTC15M-26APR280945-45,445c8d58-6ab2-5e90-02fd-fb24dcd91af1,1777383011,0.45,17.85,no,"{""count_fp"":""17.85"",""created_time"":""2026-04-28T13:30:11.510071Z"",""no_price_dollars"":""0.5500"",""taker_side"":""no"",""ticker"":""KXBTC15M-26APR280945-45"",""trade_id"":""445c8d58-6ab2-5e90-02fd-fb24dcd91af1"",""yes_price_dollars"":""0.4500""}"
KXBTC15M-26APR280945-45,10afccb3-4fc3-5b59-1615-49c272c338e9,1777383011,0.45,4.04,no,"{""count_fp"":""4.04"",""created_time"":""2026-04-28T13:30:11.510071Z"",""no_price_dollars"":""0.5500"",""taker_side"":""no"",""ticker"":""KXBTC15M-26APR280945-45"",""trade_id"":""10afccb3-4fc3-5b59-1615-49c272c338e9"",""yes_price_dollars"":""0.4500""}"
KXBTC15M-26APR280945-45,d348f90a-077a-4980-2764-4c5e6574445f,1777383011,0.46,4.02,yes,"{""count_fp"":""4.02"",""created_time"":""2026-04-28T13:30:11.489293Z"",""no_price_dollars"":""0.5400"",""taker_side"":""yes"",""ticker"":""KXBTC15M-26APR280945-45"",""trade_id"":""d348f90a-077a-4980-2764-4c5e6574445f"",""yes_price_dollars"":""0.4600""}"
KXBTC15M-26APR280945-45,2eecd5f6-ffe2-4b5c-3e04-051605979e7b,1777383011,0.46,18.92,yes,"{""count_fp"":""18.92"",""created_time"":""2026-04-28T13:30:11.109185Z"",""no_price_dollars"":""0.5400"",""taker_side"":""yes"",""ticker"":""KXBTC15M-26APR280945-45"",""trade_id"":""2eecd5f6-ffe2-4b5c-3e04-051605979e7b"",""yes_price_dollars"":""0.4600""}"
KXBTC15M-26APR280945-45,e1d87aa8-d987-6f85-3b7e-cee3b8d02fd9,1777383011,0.45,25.96,no,"{""count_fp"":""25.96"",""created_time"":""2026-04-28T13:30:11.007873Z"",""no_price_dollars"":""0.5500"",""taker_side"":""no"",""ticker"":""KXBTC15M-26APR280945-45"",""trade_id"":""e1d87aa8-d987-6f85-3b7e-cee3b8d02fd9"",""yes_price_dollars"":""0.4500""}"
KXBTC15M-26APR280945-45,d0fc239f-5f1f-6add-36bf-3c06a4063148,1777383011,0.46,27.0,no,"{""count_fp"":""27.00"",""created_time"":""2026-04-28T13:30:11.007873Z"",""no_price_dollars"":""0.5400"",""taker_side"":""no"",""ticker"":""KXBTC15M-26APR280945-45"",""trade_id"":""d0fc239f-5f1f-6add-36bf-3c06a4063148"",""yes_price_dollars"":""0.4600""}"
KXBTC15M-26APR280945-45,c4e46dca-ccde-6cc1-3159-1777c69cb202,1777383011,0.46,72.44,no,"{""count_fp"":""72.44"",""created_time"":""2026-04-28T13:30:11.007873Z"",""no_price_dollars"":""0.5400"",""taker_side"":""no"",""ticker"":""KXBTC15M-26APR280945-45"",""trade_id"":""c4e46dca-ccde-6cc1-3159-1777c69cb202"",""yes_price_dollars"":""0.4600""}"
KXBTC15M-26APR280945-45,6f5eff7e-66a1-6055-1266-b441be5246aa,1777383011,0.45,1.0,no,"{""count_fp"":""1.00"",""created_time"":""2026-04-28T13:30:11.007873Z"",""no_price_dollars"":""0.5500"",""taker_side"":""no"",""ticker"":""KXBTC15M-26APR280945-45"",""trade_id"":""6f5eff7e-66a1-6055-1266-b441be5246aa"",""yes_price_dollars"":""0.4500""}"
KXBTC15M-26APR280945-45,48c9a567-382f-6b3c-1c7d-05c275b8fcc7,1777383011,0.46,24.0,no,"{""count_fp"":""24.00"",""created_time"":""2026-04-28T13:30:11.007873Z"",""no_price_dollars"":""0.5400"",""taker_side"":""no"",""ticker"":""KXBTC15M-26APR280945-45"",""trade_id"":""48c9a567-382f-6b3c-1c7d-05c275b8fcc7"",""yes_price_dollars"":""0.4600""}"
KXBTC15M-26APR280945-45,3d376da8-f880-68ab-0b43-b088359dca37,1777383011,0.45,1.0,no,"{""count_fp"":""1.00"",""created_time"":""2026-04-28T13:30:11.007873Z"",""no_price_dollars"":""0.5500"",""taker_side"":""no"",""ticker"":""KXBTC15M-26APR280945-45"",""trade_id"":""3d376da8-f880-68ab-0b43-b088359dca37"",""yes_price_dollars"":""0.4500""}"
KXBTC15M-26APR280945-45,03ced17b-4160-6426-13f6-17d0e30ebe9f,1777383011,0.45,1.0,no,"{""count_fp"":""1.00"",""created_time"":""2026-04-28T13:30:11.007873Z"",""no_price_dollars"":""0.5500"",""taker_side"":""no"",""ticker"":""KXBTC15M-26APR280945-45"",""trade_id"":""03ced17b-4160-6426-13f6-17d0e30ebe9f"",""yes_price_dollars"":""0.4500""}"
KXBTC15M-26APR280945-45,d4fdeda4-5b6d-5eef-259c-645947a97e8d,1777383012,0.46,3.0,yes,"{""count_fp"":""3.00"",""created_time"":""2026-04-28T13:30:12.390843Z"",""no_price_dollars"":""0.5400"",""taker_side"":""yes"",""ticker"":""KXBTC15M-26APR280945-45"",""trade_id"":""d4fdeda4-5b6d-5eef-259c-645947a97e8d"",""yes_price_dollars"":""0.4600""}"
KXBTC15M-26APR280945-45,19dcb08e-0cf7-595b-1f31-d78cdd20029f,1777383012,0.46,55.0,yes,"{""count_fp"":""55.00"",""created_time"":""2026-04-28T13:30:12.390843Z"",""no_price_dollars"":""0.5400"",""taker_side"":""yes"",""ticker"":""KXBTC15M-26APR280945-45"",""trade_id"":""19dcb08e-0cf7-595b-1f31-d78cdd20029f"",""yes_price_dollars"":""0.4600""}"
KXBTC15M-26APR280945-45,a231d1a1-a4d6-7ea9-78e8-893713a087d3,1777383013,0.46,9.0,yes,"{""count_fp"":""9.00"",""created_time"":""2026-04-28T13:30:13.846803Z"",""no_price_dollars"":""0.5400"",""taker_side"":""yes"",""ticker"":""KXBTC15M-26APR280945-45"",""trade_id"":""a231d1a1-a4d6-7ea9-78e8-893713a087d3"",""yes_price_dollars"":""0.4600""}"
KXBTC15M-26APR280945-45,ac849918-23b0-4e45-2fb9-d57f80e24db9,1777383013,0.46,35.74,yes,"{""count_fp"":""35.74"",""created_time"":""2026-04-28T13:30:13.830947Z"",""no_price_dollars"":""0.5400"",""taker_side"":""yes"",""ticker"":""KXBTC15M-26APR280945-45"",""trade_id"":""ac849918-23b0-4e45-2fb9-d57f80e24db9"",""yes_price_dollars"":""0.4600""}"
KXBTC15M-26APR280945-45,5ab80614-d8d6-4e17-1cae-02e739c8e901,1777383013,0.47,25.66,yes,"{""count_fp"":""25.66"",""created_time"":""2026-04-28T13:30:13.830947Z"",""no_price_dollars"":""0.5300"",""taker_side"":""yes"",""ticker"":""KXBTC15M-26APR280945-45"",""trade_id"":""5ab80614-d8d6-4e17-1cae-02e739c8e901"",""yes_price_dollars"":""0.4700""}"
KXBTC15M-26APR280945-45,4b944e22-cd32-44c9-3cb9-a7d72b323d73,1777383013,0.47,1.0,yes,"{""count_fp"":""1.00"",""created_time"":""2026-04-28T13:30:13.830947Z"",""no_price_dollars"":""0.5300"",""taker_side"":""yes"",""ticker"":""KXBTC15M-26APR280945-45"",""trade_id"":""4b944e22-cd32-44c9-3cb9-a7d72b323d73"",""yes_price_dollars"":""0.4700""}"
KXBTC15M-26APR280945-45,c8e8ef9a-a968-5906-3da0-1fc304e65f2a,1777383013,0.46,5.0,yes,"{""count_fp"":""5.00"",""created_time"":""2026-04-28T13:30:13.825016Z"",""no_price_dollars"":""0.5400"",""taker_side"":""yes"",""ticker"":""KXBTC15M-26APR280945-45"",""trade_id"":""c8e8ef9a-a968-5906-3da0-1fc304e65f2a"",""yes_price_dollars"":""0.4600""}"
KXBTC15M-26APR280945-45,b698dfd6-9dc8-532d-3016-63e6ba8d6429,1777383013,0.46,75.26,yes,"{""count_fp"":""75.26"",""created_time"":""2026-04-28T13:30:13.825016Z"",""no_price_dollars"":""0.5400"",""taker_side"":""yes"",""ticker"":""KXBTC15M-26APR280945-45"",""trade_id"":""b698dfd6-9dc8-532d-3016-63e6ba8d6429"",""yes_price_dollars"":""0.4600""}"
KXBTC15M-26APR280945-45,327d452d-b815-4362-7176-b76db9835fe5,1777383013,0.46,40.25,yes,"{""count_fp"":""40.25"",""created_time"":""2026-04-28T13:30:13.811061Z"",""no_price_dollars"":""0.5400"",""taker_side"":""yes"",""ticker"":""KXBTC15M-26APR280945-45"",""trade_id"":""327d452d-b815-4362-7176-b76db9835fe5"",""yes_price_dollars"":""0.4600""}"
KXBTC15M-26APR280945-45,d7818f99-5d79-76ad-c38b-f69b26391b07,1777383013,0.46,3.0,yes,"{""count_fp"":""3.00"",""created_time"":""2026-04-28T13:30:13.794601Z"",""no_price_dollars"":""0.5400"",""taker_side"":""yes"",""ticker"":""KXBTC15M-26APR280945-45"",""trade_id"":""d7818f99-5d79-76ad-c38b-f69b26391b07"",""yes_price_dollars"":""0.4600""}"
KXBTC15M-26APR280945-45,8d0df970-3e34-7862-c4f3-54753805f18e,1777383013,0.46,1.0,yes,"{""count_fp"":""1.00"",""created_time"":""2026-04-28T13:30:13.794601Z"",""no_price_dollars"":""0.5400"",""taker_side"":""yes"",""ticker"":""KXBTC15M-26APR280945-45"",""trade_id"":""8d0df970-3e34-7862-c4f3-54753805f18e"",""yes_price_dollars"":""0.4600""}"
KXBTC15M-26APR280945-45,bb6af355-b839-66d0-563c-39dc7d86d7da,1777383013,0.45,11.0,yes,"{""count_fp"":""11.00"",""created_time"":""2026-04-28T13:30:13.782849Z"",""no_price_dollars"":""0.5500"",""taker_side"":""yes"",""ticker"":""KXBTC15M-26APR280945-45"",""trade_id"":""bb6af355-b839-66d0-563c-39dc7d86d7da"",""yes_price_dollars"":""0.4500""}"
KXBTC15M-26APR280945-45,674bbe6b-6ec5-6b3b-4f57-d4dd6f0fbf0d,1777383013,0.44,3.0,yes,"{""count_fp"":""3.00"",""created_time"":""2026-04-28T13:30:13.782849Z"",""no_price_dollars"":""0.5600"",""taker_side"":""yes"",""ticker"":""KXBTC15M-26APR280945-45"",""trade_id"":""674bbe6b-6ec5-6b3b-4f57-d4dd6f0fbf0d"",""yes_price_dollars"":""0.4400""}"
KXBTC15M-26APR280945-45,c6f93b37-ba3c-7543-9a0b-c2217c27a710,1777383013,0.42,40.0,yes,"{""count_fp"":""40.00"",""created_time"":""2026-04-28T13:30:13.670549Z"",""no_price_dollars"":""0.5800"",""taker_side"":""yes"",""ticker"":""KXBTC15M-26APR280945-45"",""trade_id"":""c6f93b37-ba3c-7543-9a0b-c2217c27a710"",""yes_price_dollars"":""0.4200""}"
KXBTC15M-26APR280945-45,c2338568-9765-7e67-ac83-59a968244bae,1777383013,0.43,11.0,yes,"{""count_fp"":""11.00"",""created_time"":""2026-04-28T13:30:13.670549Z"",""no_price_dollars"":""0.5700"",""taker_side"":""yes"",""ticker"":""KXBTC15M-26APR280945-45"",""trade_id"":""c2338568-9765-7e67-ac83-59a968244bae"",""yes_price_dollars"":""0.4300""}"
KXBTC15M-26APR280945-45,98c29268-9d8e-740b-b98a-17a5e27b3f0a,1777383013,0.43,40.0,yes,"{""count_fp"":""40.00"",""created_time"":""2026-04-28T13:30:13.670549Z"",""no_price_dollars"":""0.5700"",""taker_side"":""yes"",""ticker"":""KXBTC15M-26APR280945-45"",""trade_id"":""98c29268-9d8e-740b-b98a-17a5e27b3f0a"",""yes_price_dollars"":""0.4300""}"
KXBTC15M-26APR280945-45,97cbb7e1-1be3-7a98-846b-d83f851bd2ad,1777383013,0.44,13.73,yes,"{""count_fp"":""13.73"",""created_time"":""2026-04-28T13:30:13.670549Z"",""no_price_dollars"":""0.5600"",""taker_side"":""yes"",""ticker"":""KXBTC15M-26APR280945-45"",""trade_id"":""97cbb7e1-1be3-7a98-846b-d83f851bd2ad"",""yes_price_dollars"":""0.4400""}"
KXBTC15M-26APR280945-45,dc04d8e9-3bcc-772c-8646-4f0305977dfd,1777383013,0.42,1.0,no,"{""count_fp"":""1.00"",""created_time"":""2026-04-28T13:30:13.579079Z"",""no_price_dollars"":""0.5800"",""taker_side"":""no"",""ticker"":""KXBTC15M-26APR280945-45"",""trade_id"":""dc04d8e9-3bcc-772c-8646-4f0305977dfd"",""yes_price_dollars"":""0.4200""}"
KXBTC15M-26APR280945-45,33988712-44ac-7bda-8a53-5c68a2869b6c,1777383013,0.42,2.0,no,"{""count_fp"":""2.00"",""created_time"":""2026-04-28T13:30:13.579079Z"",""no_price_dollars"":""0.5800"",""taker_side"":""no"",""ticker"":""KXBTC15M-26APR280945-45"",""trade_id"":""33988712-44ac-7bda-8a53-5c68a2869b6c"",""yes_price_dollars"":""0.4200""}"
KXBTC15M-26APR280945-45,2f87f196-0174-522a-dce9-942ede0f54f0,1777383013,0.43,16.06,no,"{""count_fp"":""16.06"",""created_time"":""2026-04-28T13:30:13.553347Z"",""no_price_dollars"":""0.5700"",""taker_side"":""no"",""ticker"":""KXBTC15M-26APR280945-45"",""trade_id"":""2f87f196-0174-522a-dce9-942ede0f54f0"",""yes_price_dollars"":""0.4300""}"
KXBTC15M-26APR280945-45,fd1c9e2a-8948-7e43-89ee-efe9238f080d,1777383013,0.44,20.0,no,"{""count_fp"":""20.00"",""created_time"":""2026-04-28T13:30:13.542493Z"",""no_price_dollars"":""0.5600"",""taker_side"":""no"",""ticker"":""KXBTC15M-26APR280945-45"",""trade_id"":""fd1c9e2a-8948-7e43-89ee-efe9238f080d"",""yes_price_dollars"":""0.4400""}"
KXBTC15M-26APR280945-45,7bf448b3-e1ab-70b2-a24d-29f25afd2af3,1777383013,0.44,4.56,no,"{""count_fp"":""4.56"",""created_time"":""2026-04-28T13:30:13.542493Z"",""no_price_dollars"":""0.5600"",""taker_side"":""no"",""ticker"":""KXBTC15M-26APR280945-45"",""trade_id"":""7bf448b3-e1ab-70b2-a24d-29f25afd2af3"",""yes_price_dollars"":""0.4400""}"
KXBTC15M-26APR280945-45,1f04c0a0-750f-71c9-8525-b261563f58da,1777383013,0.44,18.78,no,"{""count_fp"":""18.78"",""created_time"":""2026-04-28T13:30:13.542493Z"",""no_price_dollars"":""0.5600"",""taker_side"":""no"",""ticker"":""KXBTC15M-26APR280945-45"",""trade_id"":""1f04c0a0-750f-71c9-8525-b261563f58da"",""yes_price_dollars"":""0.4400""}"
KXBTC15M-26APR280945-45,d884c4cd-ef17-4df6-832f-e693a81d92e1,1777383013,0.44,10.0,no,"{""count_fp"":""10.00"",""created_time"":""2026-04-28T13:30:13.352522Z"",""no_price_dollars"":""0.5600"",""taker_side"":""no"",""ticker"":""KXBTC15M-26APR280945-45"",""trade_id"":""d884c4cd-ef17-4df6-832f-e693a81d92e1"",""yes_price_dollars"":""0.4400""}"
KXBTC15M-26APR280945-45,699ee8cc-8294-43e4-ab40-211c7633a725,1777383013,0.44,1.0,no,"{""count_fp"":""1.00"",""created_time"":""2026-04-28T13:30:13.352522Z"",""no_price_dollars"":""0.5600"",""taker_side"":""no"",""ticker"":""KXBTC15M-26APR280945-45"",""trade_id"":""699ee8cc-8294-43e4-ab40-211c7633a725"",""yes_price_dollars"":""0.4400""}"
KXBTC15M-26APR280945-45,41a6bd36-0b3f-41a9-be19-233df013a63e,1777383013,0.44,1.0,no,"{""count_fp"":""1.00"",""created_time"":""2026-04-28T13:30:13.352522Z"",""no_price_dollars"":""0.5600"",""taker_side"":""no"",""ticker"":""KXBTC15M-26APR280945-45"",""trade_id"":""41a6bd36-0b3f-41a9-be19-233df013a63e"",""yes_price_dollars"":""0.4400""}"
KXBTC15M-26APR280945-45,0ec82dd8-c78d-471c-ac6d-dbd3a9fd7d95,1777383013,0.44,3.0,no,"{""count_fp"":""3.00"",""created_time"":""2026-04-28T13:30:13.352522Z"",""no_price_dollars"":""0.5600"",""taker_side"":""no"",""ticker"":""KXBTC15M-26APR280945-45"",""trade_id"":""0ec82dd8-c78d-471c-ac6d-dbd3a9fd7d95"",""yes_price_dollars"":""0.4400""}"
KXBTC15M-26APR280945-45,03d2d34a-b5c2-4be1-5067-8433efd6e2e6,1777383014,0.45,21.51,no,"{""count_fp"":""21.51"",""created_time"":""2026-04-28T13:30:14.985812Z"",""no_price_dollars"":""0.5500"",""taker_side"":""no"",""ticker"":""KXBTC15M-26APR280945-45"",""trade_id"":""03d2d34a-b5c2-4be1-5067-8433efd6e2e6"",""yes_price_dollars"":""0.4500""}"
KXBTC15M-26APR280945-45,7d63e803-2bd2-6445-f886-e5201e1ce4e2,1777383014,0.45,8.49,no,"{""count_fp"":""8.49"",""created_time"":""2026-04-28T13:30:14.597691Z"",""no_price_dollars"":""0.5500"",""taker_side"":""no"",""ticker"":""KXBTC15M-26APR280945-45"",""trade_id"":""7d63e803-2bd2-6445-f886-e5201e1ce4e2"",""yes_price_dollars"":""0.4500""}"
KXBTC15M-26APR280945-45,784b1bba-b3cc-690b-ef71-301f9fcb5bad,1777383014,0.45,21.1,no,"{""count_fp"":""21.10"",""created_time"":""2026-04-28T13:30:14.597691Z"",""no_price_dollars"":""0.5500"",""taker_side"":""no"",""ticker"":""KXBTC15M-26APR280945-45"",""trade_id"":""784b1bba-b3cc-690b-ef71-301f9fcb5bad"",""yes_price_dollars"":""0.4500""}"
KXBTC15M-26APR280945-45,705c2e90-f7d8-50c3-08fb-a81c6e687585,1777383014,0.45,89.9,no,"{""count_fp"":""89.90"",""created_time"":""2026-04-28T13:30:14.594142Z"",""no_price_dollars"":""0.5500"",""taker_side"":""no"",""ticker"":""KXBTC15M-26APR280945-45"",""trade_id"":""705c2e90-f7d8-50c3-08fb-a81c6e687585"",""yes_price_dollars"":""0.4500""}"
KXBTC15M-26APR280945-45,cd20cb56-997b-5de9-2d38-4e20ff33e916,1777383014,0.46,20.0,no,"{""count_fp"":""20.00"",""created_time"":""2026-04-28T13:30:14.540988Z"",""no_price_dollars"":""0.5400"",""taker_side"":""no"",""ticker"":""KXBTC15M-26APR280945-45"",""trade_id"":""cd20cb56-997b-5de9-2d38-4e20ff33e916"",""yes_price_dollars"":""0.4600""}"
KXBTC15M-26APR280945-45,7335e97b-7226-5307-f47b-a70ffe9b9af5,1777383014,0.47,0.2,yes,"{""count_fp"":""0.20"",""created_time"":""2026-04-28T13:30:14.076127Z"",""no_price_dollars"":""0.5300"",""taker_side"":""yes"",""ticker"":""KXBTC15M-26APR280945-45"",""trade_id"":""7335e97b-7226-5307-f47b-a70ffe9b9af5"",""yes_price_dollars"":""0.4700""}"
KXBTC15M-26APR280945-45,78e589e1-3686-62df-4d5d-75c3a2062919,1777383014,0.47,12.05,yes,"{""count_fp"":""12.05"",""created_time"":""2026-04-28T13:30:14.004548Z"",""no_price_dollars"":""0.5300"",""taker_side"":""yes"",""ticker"":""KXBTC15M-26APR280945-45"",""trade_id"":""78e589e1-3686-62df-4d5d-75c3a2062919"",""yes_price_dollars"":""0.4700""}"
KXBTC15M-26APR280945-45,6f02f986-3b87-44ec-b2dc-870cc111d632,1777383015,0.47,89.95,yes,"{""count_fp"":""89.95"",""created_time"":""2026-04-28T13:30:15.631113Z"",""no_price_dollars"":""0.5300"",""taker_side"":""yes"",""ticker"":""KXBTC15M-26APR280945-45"",""trade_id"":""6f02f986-3b87-44ec-b2dc-870cc111d632"",""yes_price_dollars"":""0.4700""}"
KXBTC15M-26APR280945-45,6f127e5c-f533-4e60-1f1b-174ef1798466,1777383015,0.47,19.6,yes,"{""count_fp"":""19.60"",""created_time"":""2026-04-28T13:30:15.627066Z"",""no_price_dollars"":""0.5300"",""taker_side"":""yes"",""ticker"":""KXBTC15M-26APR280945-45"",""trade_id"":""6f127e5c-f533-4e60-1f1b-174ef1798466"",""yes_price_dollars"":""0.4700""}"
KXBTC15M-26APR280945-45,3efbbbca-cb14-48b9-36c4-93c3e4e56752,1777383015,0.47,1.0,yes,"{""count_fp"":""1.00"",""created_time"":""2026-04-28T13:30:15.627066Z"",""no_price_dollars"":""0.5300"",""taker_side"":""yes"",""ticker"":""KXBTC15M-26APR280945-45"",""trade_id"":""3efbbbca-cb14-48b9-36c4-93c3e4e56752"",""yes_price_dollars"":""0.4700""}"
KXBTC15M-26APR280945-45,18a927c5-42f0-7d53-dfdb-8b848d36493e,1777383015,0.46,3.58,no,"{""count_fp"":""3.58"",""created_time"":""2026-04-28T13:30:15.610136Z"",""no_price_dollars"":""0.5400"",""taker_side"":""no"",""ticker"":""KXBTC15M-26APR280945-45"",""trade_id"":""18a927c5-42f0-7d53-dfdb-8b848d36493e"",""yes_price_dollars"":""0.4600""}"
KXBTC15M-26APR280945-45,53ac7cb5-3432-430d-3aea-daa838e76913,1777383015,0.45,34.64,no,"{""count_fp"":""34.64"",""created_time"":""2026-04-28T13:30:15.605767Z"",""no_price_dollars"":""0.5500"",""taker_side"":""no"",""ticker"":""KXBTC15M-26APR280945-45"",""trade_id"":""53ac7cb5-3432-430d-3aea-daa838e76913"",""yes_price_dollars"":""0.4500""}"
KXBTC15M-26APR280945-45,24af990c-171a-5013-bf98-48cc47dd2071,1777383015,0.46,118.48,yes,"{""count_fp"":""118.48"",""created_time"":""2026-04-28T13:30:15.582575Z"",""no_price_dollars"":""0.5400"",""taker_side"":""yes"",""ticker"":""KXBTC15M-26APR280945-45"",""trade_id"":""24af990c-171a-5013-bf98-48cc47dd2071"",""yes_price_dollars"":""0.4600""}"
KXBTC15M-26APR280945-45,8526b4ce-350f-7947-a9a6-63a5d9a7d05f,1777383015,0.46,52.7,yes,"{""count_fp"":""52.70"",""created_time"":""2026-04-28T13:30:15.569867Z"",""no_price_dollars"":""0.5400"",""taker_side"":""yes"",""ticker"":""KXBTC15M-26APR280945-45"",""trade_id"":""8526b4ce-350f-7947-a9a6-63a5d9a7d05f"",""yes_price_dollars"":""0.4600""}"
KXBTC15M-26APR280945-45,e3c84db9-a5f7-71ab-31c7-86e0914f5d2b,1777383015,0.46,38.46,yes,"{""count_fp"":""38.46"",""created_time"":""2026-04-28T13:30:15.565734Z"",""no_price_dollars"":""0.5400"",""taker_side"":""yes"",""ticker"":""KXBTC15M-26APR280945-45"",""trade_id"":""e3c84db9-a5f7-71ab-31c7-86e0914f5d2b"",""yes_price_dollars"":""0.4600""}"
KXBTC15M-26APR280945-45,c1a19b72-ec66-60be-636c-a0773e75fb7a,1777383015,0.45,3.0,yes,"{""count_fp"":""3.00"",""created_time"":""2026-04-28T13:30:15.533061Z"",""no_price_dollars"":""0.5500"",""taker_side"":""yes"",""ticker"":""KXBTC15M-26APR280945-45"",""trade_id"":""c1a19b72-ec66-60be-636c-a0773e75fb7a"",""yes_price_dollars"":""0.4500""}"
KXBTC15M-26APR280945-45,75c3e21a-95ae-60cc-95a3-953cfd809b8b,1777383015,0.44,1.0,yes,"{""count_fp"":""1.00"",""created_time"":""2026-04-28T13:30:15.480947Z"",""no_price_dollars"":""0.5600"",""taker_side"":""yes"",""ticker"":""KXBTC15M-26APR280945-45"",""trade_id"":""75c3e21a-95ae-60cc-95a3-953cfd809b8b"",""yes_price_dollars"":""0.4400""}"
KXBTC15M-26APR280945-45,6152b098-24a0-632c-aa0a-7b00e37709bb,1777383015,0.44,12.0,yes,"{""count_fp"":""12.00"",""created_time"":""2026-04-28T13:30:15.480947Z"",""no_price_dollars"":""0.5600"",""taker_side"":""yes"",""ticker"":""KXBTC15M-26APR280945-45"",""trade_id"":""6152b098-24a0-632c-aa0a-7b00e37709bb"",""yes_price_dollars"":""0.4400""}"
KXBTC15M-26APR280945-45,887bd9f9-2b26-5ddd-d54d-dfe4cf39f473,1777383015,0.43,3.0,no,"{""count_fp"":""3.00"",""created_time"":""2026-04-28T13:30:15.239829Z"",""no_price_dollars"":""0.5700"",""taker_side"":""no"",""ticker"":""KXBTC15M-26APR280945-45"",""trade_id"":""887bd9f9-2b26-5ddd-d54d-dfe4cf39f473"",""yes_price_dollars"":""0.4300""}"
KXBTC15M-26APR280945-45,5eb5fbdd-78e3-7065-e14c-a637850f3ca5,1777383015,0.43,42.06,no,"{""count_fp"":""42.06"",""created_time"":""2026-04-28T13:30:15.224998Z"",""no_price_dollars"":""0.5700"",""taker_side"":""no"",""ticker"":""KXBTC15M-26APR280945-45"",""trade_id"":""5eb5fbdd-78e3-7065-e14c-a637850f3ca5"",""yes_price_dollars"":""0.4300""}"
KXBTC15M-26APR280945-45,e856b6c0-7cab-6ed9-2e72-0d9a49936555,1777383015,0.43,119.65,no,"{""count_fp"":""119.65"",""created_time"":""2026-04-28T13:30:15.215569Z"",""no_price_dollars"":""0.5700"",""taker_side"":""no"",""ticker"":""KXBTC15M-26APR280945-45"",""trade_id"":""e856b6c0-7cab-6ed9-2e72-0d9a49936555"",""yes_price_dollars"":""0.4300""}"
KXBTC15M-26APR280945-45,8ce6f7c7-0de6-60d9-2ddc-90d83e04de2e,1777383016,0.45,10.0,no,"{""count_fp"":""10.00"",""created_time"":""2026-04-28T13:30:16.982777Z"",""no_price_dollars"":""0.5500"",""taker_side"":""no"",""ticker"":""KXBTC15M-26APR280945-45"",""trade_id"":""8ce6f7c7-0de6-60d9-2ddc-90d83e04de2e"",""yes_price_dollars"":""0.4500""}"
KXBTC15M-26APR280945-45,5cde04ba-614d-68b8-3161-2719a0c92300,1777383016,0.45,3.0,no,"{""count_fp"":""3.00"",""created_time"":""2026-04-28T13:30:16.982777Z"",""no_price_dollars"":""0.5500"",""taker_side"":""no"",""ticker"":""KXBTC15M-26APR280945-45"",""trade_id"":""5cde04ba-614d-68b8-3161-2719a0c92300"",""yes_price_dollars"":""0.4500""}"
KXBTC15M-26APR280945-45,4b111c8f-c948-6f82-17a4-73cab174c5c5,1777383016,0.45,12.0,no,"{""count_fp"":""12.00"",""created_time"":""2026-04-28T13:30:16.982777Z"",""no_price_dollars"":""0.5500"",""taker_side"":""no"",""ticker"":""KXBTC15M-26APR280945-45"",""trade_id"":""4b111c8f-c948-6f82-17a4-73cab174c5c5"",""yes_price_dollars"":""0.4500""}"
KXBTC15M-26APR280945-45,3ea7ad55-c3c4-6b57-2a29-c9be2d7d55b5,1777383016,0.45,1.31,no,"{""count_fp"":""1.31"",""created_time"":""2026-04-28T13:30:16.982777Z"",""no_price_dollars"":""0.5500"",""taker_side"":""no"",""ticker"":""KXBTC15M-26APR280945-45"",""trade_id"":""3ea7ad55-c3c4-6b57-2a29-c9be2d7d55b5"",""yes_price_dollars"":""0.4500""}"
KXBTC15M-26APR280945-45,5397643c-bbe6-7e2f-5a81-912df241ef99,1777383016,0.45,25.06,no,"{""count_fp"":""25.06"",""created_time"":""2026-04-28T13:30:16.332089Z"",""no_price_dollars"":""0.5500"",""taker_side"":""no"",""ticker"":""KXBTC15M-26APR280945-45"",""trade_id"":""5397643c-bbe6-7e2f-5a81-912df241ef99"",""yes_price_dollars"":""0.4500""}"
KXBTC15M-26APR280945-45,4dc6d2be-e9cd-7ca1-51e4-6dbdcbaca8b2,1777383016,0.46,9.0,no,"{""count_fp"":""9.00"",""created_time"":""2026-04-28T13:30:16.332089Z"",""no_price_dollars"":""0.5400"",""taker_side"":""no"",""ticker"":""KXBTC15M-26APR280945-45"",""trade_id"":""4dc6d2be-e9cd-7ca1-51e4-6dbdcbaca8b2"",""yes_price_dollars"":""0.4600""}"
KXBTC15M-26APR280945-45,090e1437-8acd-7ce5-83f0-5a3f23762dd6,1777383016,0.46,1.0,no,"{""count_fp"":""1.00"",""created_time"":""2026-04-28T13:30:16.286439Z"",""no_price_dollars"":""0.5400"",""taker_side"":""no"",""ticker"":""KXBTC15M-26APR280945-45"",""trade_id"":""090e1437-8acd-7ce5-83f0-5a3f23762dd6"",""yes_price_dollars"":""0.4600""}"
KXBTC15M-26APR280945-45,a0ac68d4-b3a3-6d38-9931-efaf242b253e,1777383017,0.51,26.43,no,"{""count_fp"":""26.43"",""created_time"":""2026-04-28T13:30:17.830993Z"",""no_price_dollars"":""0.4900"",""taker_side"":""no"",""ticker"":""KXBTC15M-26APR280945-45"",""trade_id"":""a0ac68d4-b3a3-6d38-9931-efaf242b253e"",""yes_price_dollars"":""0.5100""}"
KXBTC15M-26APR280945-45,3dbc75ae-6c39-48a4-89a5-de9c093f38ca,1777383017,0.52,90.97,yes,"{""count_fp"":""90.97"",""created_time"":""2026-04-28T13:30:17.469418Z"",""no_price_dollars"":""0.4800"",""taker_side"":""yes"",""ticker"":""KXBTC15M-26APR280945-45"",""trade_id"":""3dbc75ae-6c39-48a4-89a5-de9c093f38ca"",""yes_price_dollars"":""0.5200""}"
KXBTC15M-26APR280945-45,cc039df6-64c1-4028-bf97-fb8ef32c6306,1777383017,0.52,800.0,yes,"{""count_fp"":""800.00"",""created_time"":""2026-04-28T13:30:17.462541Z"",""no_price_dollars"":""0.4800"",""taker_side"":""yes"",""ticker"":""KXBTC15M-26APR280945-45"",""trade_id"":""cc039df6-64c1-4028-bf97-fb8ef32c6306"",""yes_price_dollars"":""0.5200""}"
KXBTC15M-26APR280945-45,36d565a7-aa34-7dc1-00e9-8a11e86f3c0f,1777383017,0.51,38.72,yes,"{""count_fp"":""38.72"",""created_time"":""2026-04-28T13:30:17.254071Z"",""no_price_dollars"":""0.4900"",""taker_side"":""yes"",""ticker"":""KXBTC15M-26APR280945-45"",""trade_id"":""36d565a7-aa34-7dc1-00e9-8a11e86f3c0f"",""yes_price_dollars"":""0.5100""}"
KXBTC15M-26APR280945-45,64dc950f-a652-5c28-43d7-03a7dd81c865,1777383017,0.51,57.42,yes,"{""count_fp"":""57.42"",""created_time"":""2026-04-28T13:30:17.242773Z"",""no_price_dollars"":""0.4900"",""taker_side"":""yes"",""ticker"":""KXBTC15M-26APR280945-45"",""trade_id"":""64dc950f-a652-5c28-43d7-03a7dd81c865"",""yes_price_dollars"":""0.5100""}"
KXBTC15M-26APR280945-45,29e2de47-03fc-5da0-48ee-eff063cea0e2,1777383017,0.52,24.23,yes,"{""count_fp"":""24.23"",""created_time"":""2026-04-28T13:30:17.242773Z"",""no_price_dollars"":""0.4800"",""taker_side"":""yes"",""ticker"":""KXBTC15M-26APR280945-45"",""trade_id"":""29e2de47-03fc-5da0-48ee-eff063cea0e2"",""yes_price_dollars"":""0.5200""}"
KXBTC15M-26APR280945-45,168a6f24-b9c6-4438-cd12-72f049bf697d,1777383017,0.5,102.58,yes,"{""count_fp"":""102.58"",""created_time"":""2026-04-28T13:30:17.235165Z"",""no_price_dollars"":""0.5000"",""taker_side"":""yes"",""ticker"":""KXBTC15M-26APR280945-45"",""trade_id"":""168a6f24-b9c6-4438-cd12-72f049bf697d"",""yes_price_dollars"":""0.5000""}"
KXBTC15M-26APR280945-45,66dadf7a-06c8-47cf-b1a0-f093e73f0615,1777383017,0.5,40.0,no,"{""count_fp"":""40.00"",""created_time"":""2026-04-28T13:30:17.230175Z"",""no_price_dollars"":""0.5000"",""taker_side"":""no"",""ticker"":""KXBTC15M-26APR280945-45"",""trade_id"":""66dadf7a-06c8-47cf-b1a0-f093e73f0615"",""yes_price_dollars"":""0.5000""}"
KXBTC15M-26APR280945-45,14b807f0-f935-4e82-3048-74bc14097225,1777383017,0.51,111.0,yes,"{""count_fp"":""111.00"",""created_time"":""2026-04-28T13:30:17.227848Z"",""no_price_dollars"":""0.4900"",""taker_side"":""yes"",""ticker"":""KXBTC15M-26APR280945-45"",""trade_id"":""14b807f0-f935-4e82-3048-74bc14097225"",""yes_price_dollars"":""0.5100""}"
KXBTC15M-26APR280945-45,f1455f53-ac39-6d34-e209-c90f2a9090ee,1777383017,0.51,289.4,yes,"{""count_fp"":""289.40"",""created_time"":""2026-04-28T13:30:17.222189Z"",""no_price_dollars"":""0.4900"",""taker_side"":""yes"",""ticker"":""KXBTC15M-26APR280945-45"",""trade_id"":""f1455f53-ac39-6d34-e209-c90f2a9090ee"",""yes_price_dollars"":""0.5100""}"
KXBTC15M-26APR280945-45,fcb46129-dd1e-50b3-8629-3017644ddef4,1777383017,0.51,1.0,yes,"{""count_fp"":""1.00"",""created_time"":""2026-04-28T13:30:17.193125Z"",""no_price_dollars"":""0.4900"",""taker_side"":""yes"",""ticker"":""KXBTC15M-26APR280945-45"",""trade_id"":""fcb46129-dd1e-50b3-8629-3017644ddef4"",""yes_price_dollars"":""0.5100""}"
KXBTC15M-26APR280945-45,95115ece-e362-50e8-8aa4-de61b0f18a88,1777383017,0.5,1.0,yes,"{""count_fp"":""1.00"",""created_time"":""2026-04-28T13:30:17.193125Z"",""no_price_dollars"":""0.5000"",""taker_side"":""yes"",""ticker"":""KXBTC15M-26APR280945-45"",""trade_id"":""95115ece-e362-50e8-8aa4-de61b0f18a88"",""yes_price_dollars"":""0.5000""}"
KXBTC15M-26APR280945-45,82711497-39fc-5ead-aa6e-d61755de012c,1777383017,0.5,1.0,yes,"{""count_fp"":""1.00"",""created_time"":""2026-04-28T13:30:17.193125Z"",""no_price_dollars"":""0.5000"",""taker_side"":""yes"",""ticker"":""KXBTC15M-26APR280945-45"",""trade_id"":""82711497-39fc-5ead-aa6e-d61755de012c"",""yes_price_dollars"":""0.5000""}"
KXBTC15M-26APR280945-45,22648077-7258-5614-95f9-3c96270070b6,1777383017,0.51,264.22,yes,"{""count_fp"":""264.22"",""created_time"":""2026-04-28T13:30:17.193125Z"",""no_price_dollars"":""0.4900"",""taker_side"":""yes"",""ticker"":""KXBTC15M-26APR280945-45"",""trade_id"":""22648077-7258-5614-95f9-3c96270070b6"",""yes_price_dollars"":""0.5100""}"
KXBTC15M-26APR280945-45,99fabfd2-a876-4164-f3b8-55b36d65e9e6,1777383017,0.49,1.0,yes,"{""count_fp"":""1.00"",""created_time"":""2026-04-28T13:30:17.176904Z"",""no_price_dollars"":""0.5100"",""taker_side"":""yes"",""ticker"":""KXBTC15M-26APR280945-45"",""trade_id"":""99fabfd2-a876-4164-f3b8-55b36d65e9e6"",""yes_price_dollars"":""0.4900""}"
KXBTC15M-26APR280945-45,4405ce9f-2d62-44b9-fc33-e9f5b77af180,1777383017,0.49,5.0,yes,"{""count_fp"":""5.00"",""created_time"":""2026-04-28T13:30:17.176904Z"",""no_price_dollars"":""0.5100"",""taker_side"":""yes"",""ticker"":""KXBTC15M-26APR280945-45"",""trade_id"":""4405ce9f-2d62-44b9-fc33-e9f5b77af180"",""yes_price_dollars"":""0.4900""}"
KXBTC15M-26APR280945-45,2613a681-b45e-4f85-e20b-78803b3a78f9,1777383017,0.47,3.0,yes,"{""count_fp"":""3.00"",""created_time"":""2026-04-28T13:30:17.176904Z"",""no_price_dollars"":""0.5300"",""taker_side"":""yes"",""ticker"":""KXBTC15M-26APR280945-45"",""trade_id"":""2613a681-b45e-4f85-e20b-78803b3a78f9"",""yes_price_dollars"":""0.4700""}"
KXBTC15M-26APR280945-45,d3f3362c-6749-52f9-a1c1-3c2af41c88dd,1777383017,0.47,200.0,yes,"{""count_fp"":""200.00"",""created_time"":""2026-04-28T13:30:17.155106Z"",""no_price_dollars"":""0.5300"",""taker_side"":""yes"",""ticker"":""KXBTC15M-26APR280945-45"",""trade_id"":""d3f3362c-6749-52f9-a1c1-3c2af41c88dd"",""yes_price_dollars"":""0.4700""}"
KXBTC15M-26APR280945-45,6c1e7f5d-9f0b-4568-c54e-a70e2178a73f,1777383017,0.45,7.0,yes,"{""count_fp"":""7.00"",""created_time"":""2026-04-28T13:30:17.145219Z"",""no_price_dollars"":""0.5500"",""taker_side"":""yes"",""ticker"":""KXBTC15M-26APR280945-45"",""trade_id"":""6c1e7f5d-9f0b-4568-c54e-a70e2178a73f"",""yes_price_dollars"":""0.4500""}"
KXBTC15M-26APR280945-45,05d11f2b-1993-4cc5-f3d6-41700b159019,1777383017,0.46,40.0,yes,"{""count_fp"":""40.00"",""created_time"":""2026-04-28T13:30:17.145219Z"",""no_price_dollars"":""0.5400"",""taker_side"":""yes"",""ticker"":""KXBTC15M-26APR280945-45"",""trade_id"":""05d11f2b-1993-4cc5-f3d6-41700b159019"",""yes_price_dollars"":""0.4600""}"
KXBTC15M-26APR280945-45,02281751-b602-4bc6-f03c-d9d0dbbf3097,1777383017,0.45,40.0,yes,"{""count_fp"":""40.00"",""created_time"":""2026-04-28T13:30:17.145219Z"",""no_price_dollars"":""0.5500"",""taker_side"":""yes"",""ticker"":""KXBTC15M-26APR280945-45"",""trade_id"":""02281751-b602-4bc6-f03c-d9d0dbbf3097"",""yes_price_dollars"":""0.4500""}"
KXBTC15M-26APR280945-45,9f050b8f-ade4-604f-a44b-2f128e17eb51,1777383017,0.45,10.28,no,"{""count_fp"":""10.28"",""created_time"":""2026-04-28T13:30:17.010195Z"",""no_price_dollars"":""0.5500"",""taker_side"":""no"",""ticker"":""KXBTC15M-26APR280945-45"",""trade_id"":""9f050b8f-ade4-604f-a44b-2f128e17eb51"",""yes_price_dollars"":""0.4500""}"
KXBTC15M-26APR280945-45,9a866f5f-ac40-721b-5518-9446429c25cd,1777383017,0.45,44.41,no,"{""count_fp"":""44.41"",""created_time"":""2026-04-28T13:30:17.006263Z"",""no_price_dollars"":""0.5500"",""taker_side"":""no"",""ticker"":""KXBTC15M-26APR280945-45"",""trade_id"":""9a866f5f-ac40-721b-5518-9446429c25cd"",""yes_price_dollars"":""0.4500""}"
KXBTC15M-26APR280945-45,ef45f09d-3762-460a-eb52-dfc5623ea199,1777383018,0.5,20.0,no,"{""count_fp"":""20.00"",""created_time"":""2026-04-28T13:30:18.742681Z"",""no_price_dollars"":""0.5000"",""taker_side"":""no"",""ticker"":""KXBTC15M-26APR280945-45"",""trade_id"":""ef45f09d-3762-460a-eb52-dfc5623ea199"",""yes_price_dollars"":""0.5000""}"
KXBTC15M-26APR280945-45,c989527a-b5bf-4f28-f9b5-5f5e4333e318,1777383018,0.5,14.0,no,"{""count_fp"":""14.00"",""created_time"":""2026-04-28T13:30:18.742681Z"",""no_price_dollars"":""0.5000"",""taker_side"":""no"",""ticker"":""KXBTC15M-26APR280945-45"",""trade_id"":""c989527a-b5bf-4f28-f9b5-5f5e4333e318"",""yes_price_dollars"":""0.5000""}"
KXBTC15M-26APR280945-45,a1f4c85d-b9ba-40a4-cedb-df06980d45c6,1777383018,0.5,3.0,no,"{""count_fp"":""3.00"",""created_time"":""2026-04-28T13:30:18.742681Z"",""no_price_dollars"":""0.5000"",""taker_side"":""no"",""ticker"":""KXBTC15M-26APR280945-45"",""trade_id"":""a1f4c85d-b9ba-40a4-cedb-df06980d45c6"",""yes_price_dollars"":""0.5000""}"
KXBTC15M-26APR280945-45,84913443-e2cc-457d-d0f0-69bca899852f,1777383018,0.5,111.0,no,"{""count_fp"":""111.00"",""created_time"":""2026-04-28T13:30:18.742681Z"",""no_price_dollars"":""0.5000"",""taker_side"":""no"",""ticker"":""KXBTC15M-26APR280945-45"",""trade_id"":""84913443-e2cc-457d-d0f0-69bca899852f"",""yes_price_dollars"":""0.5000""}"
KXBTC15M-26APR280945-45,80e65e02-162a-4f29-defc-1b314cfb8608,1777383018,0.5,273.15,no,"{""count_fp"":""273.15"",""created_time"":""2026-04-28T13:30:18.742681Z"",""no_price_dollars"":""0.5000"",""taker_side"":""no"",""ticker"":""KXBTC15M-26APR280945-45"",""trade_id"":""80e65e02-162a-4f29-defc-1b314cfb8608"",""yes_price_dollars"":""0.5000""}"
KXBTC15M-26APR280945-45,6826cb3f-b72c-46a3-e215-3ba40036ad8e,1777383018,0.5,40.0,no,"{""count_fp"":""40.00"",""created_time"":""2026-04-28T13:30:18.742681Z"",""no_price_dollars"":""0.5000"",""taker_side"":""no"",""ticker"":""KXBTC15M-26APR280945-45"",""trade_id"":""6826cb3f-b72c-46a3-e215-3ba40036ad8e"",""yes_price_dollars"":""0.5000""}"
KXBTC15M-26APR280945-45,540fd78b-3fa9-4dc3-fa2d-67e22cf97a86,1777383018,0.5,1.0,no,"{""count_fp"":""1.00"",""created_time"":""2026-04-28T13:30:18.742681Z"",""no_price_dollars"":""0.5000"",""taker_side"":""no"",""ticker"":""KXBTC15M-26APR280945-45"",""trade_id"":""540fd78b-3fa9-4dc3-fa2d-67e22cf97a86"",""yes_price_dollars"":""0.5000""}"
KXBTC15M-26APR280945-45,3ac31929-6a15-422d-e1dd-b86de81bad21,1777383018,0.5,10.0,no,"{""count_fp"":""10.00"",""created_time"":""2026-04-28T13:30:18.742681Z"",""no_price_dollars"":""0.5000"",""taker_side"":""no"",""ticker"":""KXBTC15M-26APR280945-45"",""trade_id"":""3ac31929-6a15-422d-e1dd-b86de81bad21"",""yes_price_dollars"":""0.5000""}"
KXBTC15M-26APR280945-45,003f51d2-373e-48da-e0f2-f0ec9242ccb9,1777383018,0.51,10.0,no,"{""count_fp"":""10.00"",""created_time"":""2026-04-28T13:30:18.742681Z"",""no_price_dollars"":""0.4900"",""taker_side"":""no"",""ticker"":""KXBTC15M-26APR280945-45"",""trade_id"":""003f51d2-373e-48da-e0f2-f0ec9242ccb9"",""yes_price_dollars"":""0.5100""}"
KXBTC15M-26APR280945-45,efe9cbb2-857f-41a0-3286-013b74fbcbce,1777383018,0.51,12.57,no,"{""count_fp"":""12.57"",""created_time"":""2026-04-28T13:30:18.337502Z"",""no_price_dollars"":""0.4900"",""taker_side"":""no"",""ticker"":""KXBTC15M-26APR280945-45"",""trade_id"":""efe9cbb2-857f-41a0-3286-013b74fbcbce"",""yes_price_dollars"":""0.5100""}"
KXBTC15M-26APR280945-45,554133a2-f035-460a-0def-ba3162529a50,1777383018,0.51,10.0,no,"{""count_fp"":""10.00"",""created_time"":""2026-04-28T13:30:18.337502Z"",""no_price_dollars"":""0.4900"",""taker_side"":""no"",""ticker"":""KXBTC15M-26APR280945-45"",""trade_id"":""554133a2-f035-460a-0def-ba3162529a50"",""yes_price_dollars"":""0.5100""}"
KXBTC15M-26APR280945-45,1c801dac-116e-4309-3713-103479f13030,1777383018,0.51,377.43,no,"{""count_fp"":""377.43"",""created_time"":""2026-04-28T13:30:18.337502Z"",""no_price_dollars"":""0.4900"",""taker_side"":""no"",""ticker"":""KXBTC15M-26APR280945-45"",""trade_id"":""1c801dac-116e-4309-3713-103479f13030"",""yes_price_dollars"":""0.5100""}"
KXBTC15M-26APR280945-45,4720b25e-65d5-654c-4509-1517868869e6,1777383018,0.52,0.33,yes,"{""count_fp"":""0.33"",""created_time"":""2026-04-28T13:30:18.156086Z"",""no_price_dollars"":""0.4800"",""taker_side"":""yes"",""ticker"":""KXBTC15M-26APR280945-45"",""trade_id"":""4720b25e-65d5-654c-4509-1517868869e6"",""yes_price_dollars"":""0.5200""}"
KXBTC15M-26APR280945-45,f38c7ac7-8993-47e0-8b93-3ef496d69942,1777383018,0.51,1.0,no,"{""count_fp"":""1.00"",""created_time"":""2026-04-28T13:30:18.087848Z"",""no_price_dollars"":""0.4900"",""taker_side"":""no"",""ticker"":""KXBTC15M-26APR280945-45"",""trade_id"":""f38c7ac7-8993-47e0-8b93-3ef496d69942"",""yes_price_dollars"":""0.5100""}"
KXBTC15M-26APR280945-45,70e0221a-dea1-73b4-11d8-d860f5a1d262,1777383019,0.52,48.37,yes,"{""count_fp"":""48.37"",""created_time"":""2026-04-28T13:30:19.998743Z"",""no_price_dollars"":""0.4800"",""taker_side"":""yes"",""ticker"":""KXBTC15M-26APR280945-45"",""trade_id"":""70e0221a-dea1-73b4-11d8-d860f5a1d262"",""yes_price_dollars"":""0.5200""}"
KXBTC15M-26APR280945-45,f8f9d30e-75c1-7490-86b6-0860247b0182,1777383019,0.52,2.0,yes,"{""count_fp"":""2.00"",""created_time"":""2026-04-28T13:30:19.990604Z"",""no_price_dollars"":""0.4800"",""taker_side"":""yes"",""ticker"":""KXBTC15M-26APR280945-45"",""trade_id"":""f8f9d30e-75c1-7490-86b6-0860247b0182"",""yes_price_dollars"":""0.5200""}"
KXBTC15M-26APR280945-45,b0b264a3-433d-6c1c-bb43-dde61a113d22,1777383019,0.52,3.72,yes,"{""count_fp"":""3.72"",""created_time"":""2026-04-28T13:30:19.888985Z"",""no_price_dollars"":""0.4800"",""taker_side"":""yes"",""ticker"":""KXBTC15M-26APR280945-45"",""trade_id"":""b0b264a3-433d-6c1c-bb43-dde61a113d22"",""yes_price_dollars"":""0.5200""}"
KXBTC15M-26APR280945-45,e1935332-e7e5-53d0-e660-c65f545019e2,1777383019,0.52,11.0,yes,"{""count_fp"":""11.00"",""created_time"":""2026-04-28T13:30:19.688142Z"",""no_price_dollars"":""0.4800"",""taker_side"":""yes"",""ticker"":""KXBTC15M-26APR280945-45"",""trade_id"":""e1935332-e7e5-53d0-e660-c65f545019e2"",""yes_price_dollars"":""0.5200""}"
KXBTC15M-26APR280945-45,f91f0b27-0e07-68e4-001c-fba3cb5afba6,1777383019,0.51,12.0,no,"{""count_fp"":""12.00"",""created_time"":""2026-04-28T13:30:19.470207Z"",""no_price_dollars"":""0.4900"",""taker_side"":""no"",""ticker"":""KXBTC15M-26APR280945-45"",""trade_id"":""f91f0b27-0e07-68e4-001c-fba3cb5afba6"",""yes_price_dollars"":""0.5100""}"
KXBTC15M-26APR280945-45,8427df0c-c1da-65f9-3cc6-5387f512c94e,1777383019,0.51,10.0,no,"{""count_fp"":""10.00"",""created_time"":""2026-04-28T13:30:19.470207Z"",""no_price_dollars"":""0.4900"",""taker_side"":""no"",""ticker"":""KXBTC15M-26APR280945-45"",""trade_id"":""8427df0c-c1da-65f9-3cc6-5387f512c94e"",""yes_price_dollars"":""0.5100""}"
KXBTC15M-26APR280945-45,85deaeb0-ff55-5550-c2b1-a4fcf0c30f0e,1777383019,0.52,84.71,yes,"{""count_fp"":""84.71"",""created_time"":""2026-04-28T13:30:19.118454Z"",""no_price_dollars"":""0.4800"",""taker_side"":""yes"",""ticker"":""KXBTC15M-26APR280945-45"",""trade_id"":""85deaeb0-ff55-5550-c2b1-a4fcf0c30f0e"",""yes_price_dollars"":""0.5200""}"
KXBTC15M-26APR280945-45,e04f2d43-de25-737c-6001-d28af8f35432,1777383019,0.52,37.21,yes,"{""count_fp"":""37.21"",""created_time"":""2026-04-28T13:30:19.084477Z"",""no_price_dollars"":""0.4800"",""taker_side"":""yes"",""ticker"":""KXBTC15M-26APR280945-45"",""trade_id"":""e04f2d43-de25-737c-6001-d28af8f35432"",""yes_price_dollars"":""0.5200""}"
KXBTC15M-26APR280945-45,7f1c369b-0132-7da0-e2da-cb7487cf3af0,1777383020,0.51,5.0,no,"{""count_fp"":""5.00"",""created_time"":""2026-04-28T13:30:20.565717Z"",""no_price_dollars"":""0.4900"",""taker_side"":""no"",""ticker"":""KXBTC15M-26APR280945-45"",""trade_id"":""7f1c369b-0132-7da0-e2da-cb7487cf3af0"",""yes_price_dollars"":""0.5100""}"
KXBTC15M-26APR280945-45,ad1e050e-abaa-5898-49e3-5c7075def2b8,1777383020,0.51,1.0,no,"{""count_fp"":""1.00"",""created_time"":""2026-04-28T13:30:20.204811Z"",""no_price_dollars"":""0.4900"",""taker_side"":""no"",""ticker"":""KXBTC15M-26APR280945-45"",""trade_id"":""ad1e050e-abaa-5898-49e3-5c7075def2b8"",""yes_price_dollars"":""0.5100""}"
KXBTC15M-26APR280945-45,43dd1ffa-a039-4f62-f5de-b770a140d742,1777383021,0.44,21.0,no,"{""count_fp"":""21.00"",""created_time"":""2026-04-28T13:30:21.839918Z"",""no_price_dollars"":""0.5600"",""taker_side"":""no"",""ticker"":""KXBTC15M-26APR280945-45"",""trade_id"":""43dd1ffa-a039-4f62-f5de-b770a140d742"",""yes_price_dollars"":""0.4400""}"
KXBTC15M-26APR280945-45,2e5d1327-fa65-6812-387d-b65948c0fb76,1777383021,0.44,34.21,no,"{""count_fp"":""34.21"",""created_time"":""2026-04-28T13:30:21.768644Z"",""no_price_dollars"":""0.5600"",""taker_side"":""no"",""ticker"":""KXBTC15M-26APR280945-45"",""trade_id"":""2e5d1327-fa65-6812-387d-b65948c0fb76"",""yes_price_dollars"":""0.4400""}"
KXBTC15M-26APR280945-45,d7940bdd-f729-797a-ccad-a34140a14bbe,1777383021,0.44,43.36,no,"{""count_fp"":""43.36"",""created_time"":""2026-04-28T13:30:21.735431Z"",""no_price_dollars"":""0.5600"",""taker_side"":""no"",""ticker"":""KXBTC15M-26APR280945-45"",""trade_id"":""d7940bdd-f729-797a-ccad-a34140a14bbe"",""yes_price_dollars"":""0.4400""}"
KXBTC15M-26APR280945-45,a5e380dc-bed9-562a-0e90-3c8dec55929a,1777383021,0.44,49.26,no,"{""count_fp"":""49.26"",""created_time"":""2026-04-28T13:30:21.717744Z"",""no_price_dollars"":""0.5600"",""taker_side"":""no"",""ticker"":""KXBTC15M-26APR280945-45"",""trade_id"":""a5e380dc-bed9-562a-0e90-3c8dec55929a"",""yes_price_dollars"":""0.4400""}"
KXBTC15M-26APR280945-45,860d8bff-14e9-4b1e-f14a-fe1e117bdd72,1777383021,0.44,22.07,no,"{""count_fp"":""22.07"",""created_time"":""2026-04-28T13:30:21.714845Z"",""no_price_dollars"":""0.5600"",""taker_side"":""no"",""ticker"":""KXBTC15M-26APR280945-45"",""trade_id"":""860d8bff-14e9-4b1e-f14a-fe1e117bdd72"",""yes_price_dollars"":""0.4400""}"
KXBTC15M-26APR280945-45,da115153-c7eb-4c93-23d6-384fc7bdb53e,1777383021,0.45,3.0,no,"{""count_fp"":""3.00"",""created_time"":""2026-04-28T13:30:21.639207Z"",""no_price_dollars"":""0.5500"",""taker_side"":""no"",""ticker"":""KXBTC15M-26APR280945-45"",""trade_id"":""da115153-c7eb-4c93-23d6-384fc7bdb53e"",""yes_price_dollars"":""0.4500""}"
KXBTC15M-26APR280945-45,603e2302-eb5a-413d-2d3d-2493806cf00e,1777383021,0.45,20.0,no,"{""count_fp"":""20.00"",""created_time"":""2026-04-28T13:30:21.639207Z"",""no_price_dollars"":""0.5500"",""taker_side"":""no"",""ticker"":""KXBTC15M-26APR280945-45"",""trade_id"":""603e2302-eb5a-413d-2d3d-2493806cf00e"",""yes_price_dollars"":""0.4500""}"
KXBTC15M-26APR280945-45,40b0a76a-8684-733b-8006-fff01682c7e5,1777383021,0.45,14.0,no,"{""count_fp"":""14.00"",""created_time"":""2026-04-28T13:30:21.624193Z"",""no_price_dollars"":""0.5500"",""taker_side"":""no"",""ticker"":""KXBTC15M-26APR280945-45"",""trade_id"":""40b0a76a-8684-733b-8006-fff01682c7e5"",""yes_price_dollars"":""0.4500""}"
KXBTC15M-26APR280945-45,dd08e48e-3729-4e6f-71c8-98e5e30db88b,1777383021,0.45,20.0,no,"{""count_fp"":""20.00"",""created_time"":""2026-04-28T13:30:21.527739Z"",""no_price_dollars"":""0.5500"",""taker_side"":""no"",""ticker"":""KXBTC15M-26APR280945-45"",""trade_id"":""dd08e48e-3729-4e6f-71c8-98e5e30db88b"",""yes_price_dollars"":""0.4500""}"
KXBTC15M-26APR280945-45,75b5d532-94ed-47aa-731c-65fa8ff2d48b,1777383021,0.45,20.01,no,"{""count_fp"":""20.01"",""created_time"":""2026-04-28T13:30:21.527739Z"",""no_price_dollars"":""0.5500"",""taker_side"":""no"",""ticker"":""KXBTC15M-26APR280945-45"",""trade_id"":""75b5d532-94ed-47aa-731c-65fa8ff2d48b"",""yes_price_dollars"":""0.4500""}"
KXBTC15M-26APR280945-45,51ff9792-c4bf-43e2-40f7-516cff7a7947,1777383021,0.45,5.0,no,"{""count_fp"":""5.00"",""created_time"":""2026-04-28T13:30:21.527739Z"",""no_price_dollars"":""0.5500"",""taker_side"":""no"",""ticker"":""KXBTC15M-26APR280945-45"",""trade_id"":""51ff9792-c4bf-43e2-40f7-516cff7a7947"",""yes_price_dollars"":""0.4500""}"
KXBTC15M-26APR280945-45,646a53f1-ddc4-53a4-cc2d-92f9c1a0e343,1777383021,0.46,3.0,no,"{""count_fp"":""3.00"",""created_time"":""2026-04-28T13:30:21.513933Z"",""no_price_dollars"":""0.5400"",""taker_side"":""no"",""ticker"":""KXBTC15M-26APR280945-45"",""trade_id"":""646a53f1-ddc4-53a4-cc2d-92f9c1a0e343"",""yes_price_dollars"":""0.4600""}"
KXBTC15M-26APR280945-45,346af2ce-89bc-55f5-3c51-e43a3862931f,1777383021,0.47,56.74,no,"{""count_fp"":""56.74"",""created_time"":""2026-04-28T13:30:21.479515Z"",""no_price_dollars"":""0.5300"",""taker_side"":""no"",""ticker"":""KXBTC15M-26APR280945-45"",""trade_id"":""346af2ce-89bc-55f5-3c51-e43a3862931f"",""yes_price_dollars"":""0.4700""}"
KXBTC15M-26APR280945-45,e9ad4d26-4316-6a65-1f98-498a836a19f7,1777383021,0.47,7.0,no,"{""count_fp"":""7.00"",""created_time"":""2026-04-28T13:30:21.475708Z"",""no_price_dollars"":""0.5300"",""taker_side"":""no"",""ticker"":""KXBTC15M-26APR280945-45"",""trade_id"":""e9ad4d26-4316-6a65-1f98-498a836a19f7"",""yes_price_dollars"":""0.4700""}"
KXBTC15M-26APR280945-45,e4362154-9b04-649d-286e-7a2965d87f7b,1777383021,0.47,23.82,no,"{""count_fp"":""23.82"",""created_time"":""2026-04-28T13:30:21.475708Z"",""no_price_dollars"":""0.5300"",""taker_side"":""no"",""ticker"":""KXBTC15M-26APR280945-45"",""trade_id"":""e4362154-9b04-649d-286e-7a2965d87f7b"",""yes_price_dollars"":""0.4700""}"
KXBTC15M-26APR280945-45,347dd9db-2b3b-6a9b-1b7d-afd03c150883,1777383021,0.47,3.0,no,"{""count_fp"":""3.00"",""created_time"":""2026-04-28T13:30:21.475708Z"",""no_price_dollars"":""0.5300"",""taker_side"":""no"",""ticker"":""KXBTC15M-26APR280945-45"",""trade_id"":""347dd9db-2b3b-6a9b-1b7d-afd03c150883"",""yes_price_dollars"":""0.4700""}"
KXBTC15M-26APR280945-45,1c5e43a0-146f-75f9-7648-408ccf40ef08,1777383021,0.49,1.0,no,"{""count_fp"":""1.00"",""created_time"":""2026-04-28T13:30:21.438754Z"",""no_price_dollars"":""0.5100"",""taker_side"":""no"",""ticker"":""KXBTC15M-26APR280945-45"",""trade_id"":""1c5e43a0-146f-75f9-7648-408ccf40ef08"",""yes_price_dollars"":""0.4900""}"
KXBTC15M-26APR280945-45,0571f46f-24d0-72ed-6d69-626d966ec941,1777383021,0.48,1.0,no,"{""count_fp"":""1.00"",""created_time"":""2026-04-28T13:30:21.438754Z"",""no_price_dollars"":""0.5200"",""taker_side"":""no"",""ticker"":""KXBTC15M-26APR280945-45"",""trade_id"":""0571f46f-24d0-72ed-6d69-626d966ec941"",""yes_price_dollars"":""0.4800""}"
KXBTC15M-26APR280945-45,f7634ddc-16a5-71cb-5fde-db7c4a38d919,1777383021,0.5,3.0,no,"{""count_fp"":""3.00"",""created_time"":""2026-04-28T13:30:21.315341Z"",""no_price_dollars"":""0.5000"",""taker_side"":""no"",""ticker"":""KXBTC15M-26APR280945-45"",""trade_id"":""f7634ddc-16a5-71cb-5fde-db7c4a38d919"",""yes_price_dollars"":""0.5000""}"
KXBTC15M-26APR280945-45,e93b47ba-f35c-702a-5ab4-818dc2688f82,1777383021,0.5,10.0,no,"{""count_fp"":""10.00"",""created_time"":""2026-04-28T13:30:21.315341Z"",""no_price_dollars"":""0.5000"",""taker_side"":""no"",""ticker"":""KXBTC15M-26APR280945-45"",""trade_id"":""e93b47ba-f35c-702a-5ab4-818dc2688f82"",""yes_price_dollars"":""0.5000""}"
KXBTC15M-26APR280945-45,b3b42dad-febd-71d0-59b3-ac9ec589a819,1777383021,0.5,14.01,no,"{""count_fp"":""14.01"",""created_time"":""2026-04-28T13:30:21.315341Z"",""no_price_dollars"":""0.5000"",""taker_side"":""no"",""ticker"":""KXBTC15M-26APR280945-45"",""trade_id"":""b3b42dad-febd-71d0-59b3-ac9ec589a819"",""yes_price_dollars"":""0.5000""}"
KXBTC15M-26APR280945-45,3b06d0b6-78d4-7ac5-440d-6526d58c3fdd,1777383021,0.5,129.47,no,"{""count_fp"":""129.47"",""created_time"":""2026-04-28T13:30:21.315341Z"",""no_price_dollars"":""0.5000"",""taker_side"":""no"",""ticker"":""KXBTC15M-26APR280945-45"",""trade_id"":""3b06d0b6-78d4-7ac5-440d-6526d58c3fdd"",""yes_price_dollars"":""0.5000""}"
KXBTC15M-26APR280945-45,1193be5b-ab18-4171-1fc9-c74d8619d8d1,1777383021,0.5,94.28,no,"{""count_fp"":""94.28"",""created_time"":""2026-04-28T13:30:21.310071Z"",""no_price_dollars"":""0.5000"",""taker_side"":""no"",""ticker"":""KXBTC15M-26APR280945-45"",""trade_id"":""1193be5b-ab18-4171-1fc9-c74d8619d8d1"",""yes_price_dollars"":""0.5000""}"
KXBTC15M-26APR280945-45,eecb2d84-f118-782d-afff-a631c8bb4e41,1777383021,0.5,240.23,no,"{""count_fp"":""240.23"",""created_time"":""2026-04-28T13:30:21.304605Z"",""no_price_dollars"":""0.5000"",""taker_side"":""no"",""ticker"":""KXBTC15M-26APR280945-45"",""trade_id"":""eecb2d84-f118-782d-afff-a631c8bb4e41"",""yes_price_dollars"":""0.5000""}"
KXBTC15M-26APR280945-45,f78127b8-7b42-6aa4-6730-8f87b878f140,1777383021,0.51,6.0,no,"{""count_fp"":""6.00"",""created_time"":""2026-04-28T13:30:21.303653Z"",""no_price_dollars"":""0.4900"",""taker_side"":""no"",""ticker"":""KXBTC15M-26APR280945-45"",""trade_id"":""f78127b8-7b42-6aa4-6730-8f87b878f140"",""yes_price_dollars"":""0.5100""}"
KXBTC15M-26APR280945-45,db302438-b504-6401-4a91-68f8ec6130d5,1777383021,0.5,36.02,no,"{""count_fp"":""36.02"",""created_time"":""2026-04-28T13:30:21.303653Z"",""no_price_dollars"":""0.5000"",""taker_side"":""no"",""ticker"":""KXBTC15M-26APR280945-45"",""trade_id"":""db302438-b504-6401-4a91-68f8ec6130d5"",""yes_price_dollars"":""0.5000""}"
KXBTC15M-26APR280945-45,6d59b563-eb66-7e34-393c-e64750c011e7,1777383022,0.47,46.68,yes,"{""count_fp"":""46.68"",""created_time"":""2026-04-28T13:30:22.768362Z"",""no_price_dollars"":""0.5300"",""taker_side"":""yes"",""ticker"":""KXBTC15M-26APR280945-45"",""trade_id"":""6d59b563-eb66-7e34-393c-e64750c011e7"",""yes_price_dollars"":""0.4700""}"
KXBTC15M-26APR280945-45,f334609f-6b3e-4a1c-3240-6083f81c2b8d,1777383022,0.47,40.0,no,"{""count_fp"":""40.00"",""created_time"":""2026-04-28T13:30:22.766032Z"",""no_price_dollars"":""0.5300"",""taker_side"":""no"",""ticker"":""KXBTC15M-26APR280945-45"",""trade_id"":""f334609f-6b3e-4a1c-3240-6083f81c2b8d"",""yes_price_dollars"":""0.4700""}"
KXBTC15M-26APR280945-45,6c0eecd3-bfec-6853-4d15-56bffb252cd3,1777383022,0.44,3.0,yes,"{""count_fp"":""3.00"",""created_time"":""2026-04-28T13:30:22.699599Z"",""no_price_dollars"":""0.5600"",""taker_side"":""yes"",""ticker"":""KXBTC15M-26APR280945-45"",""trade_id"":""6c0eecd3-bfec-6853-4d15-56bffb252cd3"",""yes_price_dollars"":""0.4400""}"
KXBTC15M-26APR280945-45,86e5d2fc-f05f-679e-a038-a5f845858c88,1777383022,0.44,3.62,yes,"{""count_fp"":""3.62"",""created_time"":""2026-04-28T13:30:22.454396Z"",""no_price_dollars"":""0.5600"",""taker_side"":""yes"",""ticker"":""KXBTC15M-26APR280945-45"",""trade_id"":""86e5d2fc-f05f-679e-a038-a5f845858c88"",""yes_price_dollars"":""0.4400""}"
KXBTC15M-26APR280945-45,8222208f-d9a5-6381-b20e-293cbbb50103,1777383022,0.44,3.0,yes,"{""count_fp"":""3.00"",""created_time"":""2026-04-28T13:30:22.454396Z"",""no_price_dollars"":""0.5600"",""taker_side"":""yes"",""ticker"":""KXBTC15M-26APR280945-45"",""trade_id"":""8222208f-d9a5-6381-b20e-293cbbb50103"",""yes_price_dollars"":""0.4400""}"
KXBTC15M-26APR280945-45,077c221b-ac7f-49ba-98a6-0a1ad51448cc,1777383022,0.44,45.19,yes,"{""count_fp"":""45.19"",""created_time"":""2026-04-28T13:30:22.446885Z"",""no_price_dollars"":""0.5600"",""taker_side"":""yes"",""ticker"":""KXBTC15M-26APR280945-45"",""trade_id"":""077c221b-ac7f-49ba-98a6-0a1ad51448cc"",""yes_price_dollars"":""0.4400""}"
KXBTC15M-26APR280945-45,aaf164b2-53a3-73ce-a0d8-1aea18ccb92c,1777383022,0.44,14.0,yes,"{""count_fp"":""14.00"",""created_time"":""2026-04-28T13:30:22.436826Z"",""no_price_dollars"":""0.5600"",""taker_side"":""yes"",""ticker"":""KXBTC15M-26APR280945-45"",""trade_id"":""aaf164b2-53a3-73ce-a0d8-1aea18ccb92c"",""yes_price_dollars"":""0.4400""}"
KXBTC15M-26APR280945-45,7e31df82-c49f-7046-bf4a-a7d22a583bac,1777383022,0.44,7.19,yes,"{""count_fp"":""7.19"",""created_time"":""2026-04-28T13:30:22.436826Z"",""no_price_dollars"":""0.5600"",""taker_side"":""yes"",""ticker"":""KXBTC15M-26APR280945-45"",""trade_id"":""7e31df82-c49f-7046-bf4a-a7d22a583bac"",""yes_price_dollars"":""0.4400""}"
KXBTC15M-26APR280945-45,68780b30-e1f0-5f09-cd5e-dd36afb0457d,1777383022,0.43,10.0,yes,"{""count_fp"":""10.00"",""created_time"":""2026-04-28T13:30:22.423948Z"",""no_price_dollars"":""0.5700"",""taker_side"":""yes"",""ticker"":""KXBTC15M-26APR280945-45"",""trade_id"":""68780b30-e1f0-5f09-cd5e-dd36afb0457d"",""yes_price_dollars"":""0.4300""}"
KXBTC15M-26APR280945-45,851b0df6-ee30-6bf2-7b38-4833ace04d52,1777383022,0.43,4.18,yes,"{""count_fp"":""4.18"",""created_time"":""2026-04-28T13:30:22.290456Z"",""no_price_dollars"":""0.5700"",""taker_side"":""yes"",""ticker"":""KXBTC15M-26APR280945-45"",""trade_id"":""851b0df6-ee30-6bf2-7b38-4833ace04d52"",""yes_price_dollars"":""0.4300""}"
KXBTC15M-26APR280945-45,c3f87a2f-9e27-57a1-61e4-bd1825270211,1777383022,0.42,66.76,no,"{""count_fp"":""66.76"",""created_time"":""2026-04-28T13:30:22.172251Z"",""no_price_dollars"":""0.5800"",""taker_side"":""no"",""ticker"":""KXBTC15M-26APR280945-45"",""trade_id"":""c3f87a2f-9e27-57a1-61e4-bd1825270211"",""yes_price_dollars"":""0.4200""}"
KXBTC15M-26APR280945-45,b36336ee-74a7-528e-7bd1-2d0038e404d4,1777383022,0.42,3.0,no,"{""count_fp"":""3.00"",""created_time"":""2026-04-28T13:30:22.172251Z"",""no_price_dollars"":""0.5800"",""taker_side"":""no"",""ticker"":""KXBTC15M-26APR280945-45"",""trade_id"":""b36336ee-74a7-528e-7bd1-2d0038e404d4"",""yes_price_dollars"":""0.4200""}"
KXBTC15M-26APR280945-45,e5a41fef-6462-5dd5-1e9f-2480ebcdbfc5,1777383022,0.43,3.0,no,"{""count_fp"":""3.00"",""created_time"":""2026-04-28T13:30:22.160442Z"",""no_price_dollars"":""0.5700"",""taker_side"":""no"",""ticker"":""KXBTC15M-26APR280945-45"",""trade_id"":""e5a41fef-6462-5dd5-1e9f-2480ebcdbfc5"",""yes_price_dollars"":""0.4300""}"
KXBTC15M-26APR280945-45,688fe822-18f8-5061-b736-dfa244d93782,1777383022,0.43,30.32,no,"{""count_fp"":""30.32"",""created_time"":""2026-04-28T13:30:22.126007Z"",""no_price_dollars"":""0.5700"",""taker_side"":""no"",""ticker"":""KXBTC15M-26APR280945-45"",""trade_id"":""688fe822-18f8-5061-b736-dfa244d93782"",""yes_price_dollars"":""0.4300""}"
KXBTC15M-26APR280945-45,f03f5f26-93cc-4a75-7bb5-7976d9f4eeca,1777383022,0.43,29.35,no,"{""count_fp"":""29.35"",""created_time"":""2026-04-28T13:30:22.111304Z"",""no_price_dollars"":""0.5700"",""taker_side"":""no"",""ticker"":""KXBTC15M-26APR280945-45"",""trade_id"":""f03f5f26-93cc-4a75-7bb5-7976d9f4eeca"",""yes_price_dollars"":""0.4300""}"
KXBTC15M-26APR280945-45,ec518eed-51bc-529d-8d9d-b4bac6e1953e,1777383022,0.43,33.55,no,"{""count_fp"":""33.55"",""created_time"":""2026-04-28T13:30:22.078532Z"",""no_price_dollars"":""0.5700"",""taker_side"":""no"",""ticker"":""KXBTC15M-26APR280945-45"",""trade_id"":""ec518eed-51bc-529d-8d9d-b4bac6e1953e"",""yes_price_dollars"":""0.4300""}"
KXBTC15M-26APR280945-45,be022615-c184-6249-6453-4fd58f66ea4a,1777383022,0.43,50.84,no,"{""count_fp"":""50.84"",""created_time"":""2026-04-28T13:30:22.065716Z"",""no_price_dollars"":""0.5700"",""taker_side"":""no"",""ticker"":""KXBTC15M-26APR280945-45"",""trade_id"":""be022615-c184-6249-6453-4fd58f66ea4a"",""yes_price_dollars"":""0.4300""}"
KXBTC15M-26APR280945-45,c623acfe-3f24-4060-7000-cb0615ce8d4a,1777383023,0.5,7.44,yes,"{""count_fp"":""7.44"",""created_time"":""2026-04-28T13:30:23.894345Z"",""no_price_dollars"":""0.5000"",""taker_side"":""yes"",""ticker"":""KXBTC15M-26APR280945-45"",""trade_id"":""c623acfe-3f24-4060-7000-cb0615ce8d4a"",""yes_price_dollars"":""0.5000""}"
KXBTC15M-26APR280945-45,06c8eeed-6eea-4b90-0e10-f26d34f5a920,1777383023,0.46,8.81,no,"{""count_fp"":""8.81"",""created_time"":""2026-04-28T13:30:23.889659Z"",""no_price_dollars"":""0.5400"",""taker_side"":""no"",""ticker"":""KXBTC15M-26APR280945-45"",""trade_id"":""06c8eeed-6eea-4b90-0e10-f26d34f5a920"",""yes_price_dollars"":""0.4600""}"
KXBTC15M-26APR280945-45,f7a395b5-0036-7380-dced-0980eaa79878,1777383023,0.46,344.27,no,"{""count_fp"":""344.27"",""created_time"":""2026-04-28T13:30:23.878844Z"",""no_price_dollars"":""0.5400"",""taker_side"":""no"",""ticker"":""KXBTC15M-26APR280945-45"",""trade_id"":""f7a395b5-0036-7380-dced-0980eaa79878"",""yes_price_dollars"":""0.4600""}"
KXBTC15M-26APR280945-45,ec32bf23-2d6d-7441-fbde-81fa021b3cbb,1777383023,0.48,40.0,no,"{""count_fp"":""40.00"",""created_time"":""2026-04-28T13:30:23.878844Z"",""no_price_dollars"":""0.5200"",""taker_side"":""no"",""ticker"":""KXBTC15M-26APR280945-45"",""trade_id"":""ec32bf23-2d6d-7441-fbde-81fa021b3cbb"",""yes_price_dollars"":""0.4800""}"
KXBTC15M-26APR280945-45,e9e7b18d-4f38-72d7-de6a-6d2cae99f524,1777383023,0.49,10.0,no,"{""count_fp"":""10.00"",""created_time"":""2026-04-28T13:30:23.878844Z"",""no_price_dollars"":""0.5100"",""taker_side"":""no"",""ticker"":""KXBTC15M-26APR280945-45"",""trade_id"":""e9e7b18d-4f38-72d7-de6a-6d2cae99f524"",""yes_price_dollars"":""0.4900""}"
KXBTC15M-26APR280945-45,c95fc9e3-18b5-7be7-c70f-0f447a0a3a09,1777383023,0.48,20.0,no,"{""count_fp"":""20.00"",""created_time"":""2026-04-28T13:30:23.878844Z"",""no_price_dollars"":""0.5200"",""taker_side"":""no"",""ticker"":""KXBTC15M-26APR280945-45"",""trade_id"":""c95fc9e3-18b5-7be7-c70f-0f447a0a3a09"",""yes_price_dollars"":""0.4800""}"
KXBTC15M-26APR280945-45,adb9116b-35ee-7c13-caad-23d8a58a0fd1,1777383023,0.46,22.43,no,"{""count_fp"":""22.43"",""created_time"":""2026-04-28T13:30:23.878844Z"",""no_price_dollars"":""0.5400"",""taker_side"":""no"",""ticker"":""KXBTC15M-26APR280945-45"",""trade_id"":""adb9116b-35ee-7c13-caad-23d8a58a0fd1"",""yes_price_dollars"":""0.4600""}"
KXBTC15M-26APR280945-45,74d55d9a-5b5e-76fc-dffb-a80d5be5d8b6,1777383023,0.47,40.0,no,"{""count_fp"":""40.00"",""created_time"":""2026-04-28T13:30:23.878844Z"",""no_price_dollars"":""0.5300"",""taker_side"":""no"",""ticker"":""KXBTC15M-26APR280945-45"",""trade_id"":""74d55d9a-5b5e-76fc-dffb-a80d5be5d8b6"",""yes_price_dollars"":""0.4700""}"
KXBTC15M-26APR280945-45,526f02db-1800-7acb-d48f-80f82d4bea31,1777383023,0.47,3.0,no,"{""count_fp"":""3.00"",""created_time"":""2026-04-28T13:30:23.878844Z"",""no_price_dollars"":""0.5300"",""taker_side"":""no"",""ticker"":""KXBTC15M-26APR280945-45"",""trade_id"":""526f02db-1800-7acb-d48f-80f82d4bea31"",""yes_price_dollars"":""0.4700""}"
KXBTC15M-26APR280945-45,48e8dc7c-2b59-7402-c889-8551a535a79c,1777383023,0.49,40.0,no,"{""count_fp"":""40.00"",""created_time"":""2026-04-28T13:30:23.878844Z"",""no_price_dollars"":""0.5100"",""taker_side"":""no"",""ticker"":""KXBTC15M-26APR280945-45"",""trade_id"":""48e8dc7c-2b59-7402-c889-8551a535a79c"",""yes_price_dollars"":""0.4900""}"
KXBTC15M-26APR280945-45,85b3dd1b-cc4b-4d65-6e8f-f2ff8f6bb5df,1777383023,0.49,34.33,yes,"{""count_fp"":""34.33"",""created_time"":""2026-04-28T13:30:23.637102Z"",""no_price_dollars"":""0.5100"",""taker_side"":""yes"",""ticker"":""KXBTC15M-26APR280945-45"",""trade_id"":""85b3dd1b-cc4b-4d65-6e8f-f2ff8f6bb5df"",""yes_price_dollars"":""0.4900""}"
KXBTC15M-26APR280945-45,c5088dfd-f0fe-5478-1473-a97bb61d19bd,1777383023,0.49,1.0,yes,"{""count_fp"":""1.00"",""created_time"":""2026-04-28T13:30:23.625139Z"",""no_price_dollars"":""0.5100"",""taker_side"":""yes"",""ticker"":""KXBTC15M-26APR280945-45"",""trade_id"":""c5088dfd-f0fe-5478-1473-a97bb61d19bd"",""yes_price_dollars"":""0.4900""}"
KXBTC15M-26APR280945-45,45f2d339-79b3-5a35-002c-e8de72537b17,1777383023,0.49,22.41,yes,"{""count_fp"":""22.41"",""created_time"":""2026-04-28T13:30:23.625139Z"",""no_price_dollars"":""0.5100"",""taker_side"":""yes"",""ticker"":""KXBTC15M-26APR280945-45"",""trade_id"":""45f2d339-79b3-5a35-002c-e8de72537b17"",""yes_price_dollars"":""0.4900""}"
KXBTC15M-26APR280945-45,785defbf-795f-5e58-263d-75abd6722e6e,1777383023,0.49,10.52,yes,"{""count_fp"":""10.52"",""created_time"":""2026-04-28T13:30:23.610876Z"",""no_price_dollars"":""0.5100"",""taker_side"":""yes"",""ticker"":""KXBTC15M-26APR280945-45"",""trade_id"":""785defbf-795f-5e58-263d-75abd6722e6e"",""yes_price_dollars"":""0.4900""}"
KXBTC15M-26APR280945-45,1dbd960e-df3a-50c0-2467-fe651c0194c5,1777383023,0.49,10.0,yes,"{""count_fp"":""10.00"",""created_time"":""2026-04-28T13:30:23.610876Z"",""no_price_dollars"":""0.5100"",""taker_side"":""yes"",""ticker"":""KXBTC15M-26APR280945-45"",""trade_id"":""1dbd960e-df3a-50c0-2467-fe651c0194c5"",""yes_price_dollars"":""0.4900""}"
KXBTC15M-26APR280945-45,f4361625-a591-4b94-6902-6472b88432f4,1777383023,0.48,23.82,yes,"{""count_fp"":""23.82"",""created_time"":""2026-04-28T13:30:23.595339Z"",""no_price_dollars"":""0.5200"",""taker_side"":""yes"",""ticker"":""KXBTC15M-26APR280945-45"",""trade_id"":""f4361625-a591-4b94-6902-6472b88432f4"",""yes_price_dollars"":""0.4800""}"
KXBTC15M-26APR280945-45,1b9680ee-9991-64f8-c59c-11f1067a3ca9,1777383023,0.47,5.96,yes,"{""count_fp"":""5.96"",""created_time"":""2026-04-28T13:30:23.568499Z"",""no_price_dollars"":""0.5300"",""taker_side"":""yes"",""ticker"":""KXBTC15M-26APR280945-45"",""trade_id"":""1b9680ee-9991-64f8-c59c-11f1067a3ca9"",""yes_price_dollars"":""0.4700""}"
KXBTC15M-26APR280945-45,534e216c-1a61-52b8-420e-5a2651b54dd5,1777383023,0.47,14.04,yes,"{""count_fp"":""14.04"",""created_time"":""2026-04-28T13:30:23.536802Z"",""no_price_dollars"":""0.5300"",""taker_side"":""yes"",""ticker"":""KXBTC15M-26APR280945-45"",""trade_id"":""534e216c-1a61-52b8-420e-5a2651b54dd5"",""yes_price_dollars"":""0.4700""}"
KXBTC15M-26APR280945-45,9196f00e-885e-5d8f-172a-c5450ac45f55,1777383023,0.46,17.0,no,"{""count_fp"":""17.00"",""created_time"":""2026-04-28T13:30:23.372327Z"",""no_price_dollars"":""0.5400"",""taker_side"":""no"",""ticker"":""KXBTC15M-26APR280945-45"",""trade_id"":""9196f00e-885e-5d8f-172a-c5450ac45f55"",""yes_price_dollars"":""0.4600""}"
KXBTC15M-26APR280945-45,4e444cd8-cffa-7cef-65cf-cb1c569d306d,1777383023,0.46,0.57,no,"{""count_fp"":""0.57"",""created_time"":""2026-04-28T13:30:23.315056Z"",""no_price_dollars"":""0.5400"",""taker_side"":""no"",""ticker"":""KXBTC15M-26APR280945-45"",""trade_id"":""4e444cd8-cffa-7cef-65cf-cb1c569d306d"",""yes_price_dollars"":""0.4600""}"
KXBTC15M-26APR280945-45,cd6e2d1a-771f-7ee0-ad97-6ae8d02a3033,1777383023,0.45,40.0,no,"{""count_fp"":""40.00"",""created_time"":""2026-04-28T13:30:23.205907Z"",""no_price_dollars"":""0.5500"",""taker_side"":""no"",""ticker"":""KXBTC15M-26APR280945-45"",""trade_id"":""cd6e2d1a-771f-7ee0-ad97-6ae8d02a3033"",""yes_price_dollars"":""0.4500""}"
KXBTC15M-26APR280945-45,873b538b-427b-71a8-aed7-e154c7c8e86a,1777383023,0.45,4.88,no,"{""count_fp"":""4.88"",""created_time"":""2026-04-28T13:30:23.205907Z"",""no_price_dollars"":""0.5500"",""taker_side"":""no"",""ticker"":""KXBTC15M-26APR280945-45"",""trade_id"":""873b538b-427b-71a8-aed7-e154c7c8e86a"",""yes_price_dollars"":""0.4500""}"
KXBTC15M-26APR280945-45,6fdd0ac3-48f6-73f0-8906-5846a2bc2c1b,1777383023,0.46,40.0,no,"{""count_fp"":""40.00"",""created_time"":""2026-04-28T13:30:23.205907Z"",""no_price_dollars"":""0.5400"",""taker_side"":""no"",""ticker"":""KXBTC15M-26APR280945-45"",""trade_id"":""6fdd0ac3-48f6-73f0-8906-5846a2bc2c1b"",""yes_price_dollars"":""0.4600""}"
KXBTC15M-26APR280945-45,765f2a0a-7668-461d-6f6e-e63c8a46c6b7,1777383023,0.46,40.0,yes,"{""count_fp"":""40.00"",""created_time"":""2026-04-28T13:30:23.044827Z"",""no_price_dollars"":""0.5400"",""taker_side"":""yes"",""ticker"":""KXBTC15M-26APR280945-45"",""trade_id"":""765f2a0a-7668-461d-6f6e-e63c8a46c6b7"",""yes_price_dollars"":""0.4600""}"
KXBTC15M-26APR280945-45,3f5a203c-14bc-46e9-6af3-ef2f835d77b2,1777383023,0.46,1.89,yes,"{""count_fp"":""1.89"",""created_time"":""2026-04-28T13:30:23.044827Z"",""no_price_dollars"":""0.5400"",""taker_side"":""yes"",""ticker"":""KXBTC15M-26APR280945-45"",""trade_id"":""3f5a203c-14bc-46e9-6af3-ef2f835d77b2"",""yes_price_dollars"":""0.4600""}"
KXBTC15M-26APR280945-45,8f1b639f-3ff7-59eb-fd67-71e317eb816d,1777383023,0.45,16.75,yes,"{""count_fp"":""16.75"",""created_time"":""2026-04-28T13:30:23.031312Z"",""no_price_dollars"":""0.5500"",""taker_side"":""yes"",""ticker"":""KXBTC15M-26APR280945-45"",""trade_id"":""8f1b639f-3ff7-59eb-fd67-71e317eb816d"",""yes_price_dollars"":""0.4500""}"
KXBTC15M-26APR280945-45,c42433ca-d06d-52c6-fa6d-418b9527a62b,1777383024,0.5,68.17,no,"{""count_fp"":""68.17"",""created_time"":""2026-04-28T13:30:24.958839Z"",""no_price_dollars"":""0.5000"",""taker_side"":""no"",""ticker"":""KXBTC15M-26APR280945-45"",""trade_id"":""c42433ca-d06d-52c6-fa6d-418b9527a62b"",""yes_price_dollars"":""0.5000""}"
KXBTC15M-26APR280945-45,8a3d46b3-8252-5e0f-d5df-3ff9821758eb,1777383024,0.5,40.0,no,"{""count_fp"":""40.00"",""created_time"":""2026-04-28T13:30:24.958839Z"",""no_price_dollars"":""0.5000"",""taker_side"":""no"",""ticker"":""KXBTC15M-26APR280945-45"",""trade_id"":""8a3d46b3-8252-5e0f-d5df-3ff9821758eb"",""yes_price_dollars"":""0.5000""}"
KXBTC15M-26APR280945-45,58640dea-a205-5305-cf7a-0fad131cacbb,1777383024,0.5,20.0,no,"{""count_fp"":""20.00"",""created_time"":""2026-04-28T13:30:24.958839Z"",""no_price_dollars"":""0.5000"",""taker_side"":""no"",""ticker"":""KXBTC15M-26APR280945-45"",""trade_id"":""58640dea-a205-5305-cf7a-0fad131cacbb"",""yes_price_dollars"":""0.5000""}"
KXBTC15M-26APR280945-45,35ca4f3d-9a06-52b5-cb76-95a41e6d5222,1777383024,0.5,5.0,no,"{""count_fp"":""5.00"",""created_time"":""2026-04-28T13:30:24.958839Z"",""no_price_dollars"":""0.5000"",""taker_side"":""no"",""ticker"":""KXBTC15M-26APR280945-45"",""trade_id"":""35ca4f3d-9a06-52b5-cb76-95a41e6d5222"",""yes_price_dollars"":""0.5000""}"
KXBTC15M-26APR280945-45,039aea18-c8ac-55a2-d2b7-1fe21f87c004,1777383024,0.51,40.0,no,"{""count_fp"":""40.00"",""created_time"":""2026-04-28T13:30:24.958839Z"",""no_price_dollars"":""0.4900"",""taker_side"":""no"",""ticker"":""KXBTC15M-26APR280945-45"",""trade_id"":""039aea18-c8ac-55a2-d2b7-1fe21f87c004"",""yes_price_dollars"":""0.5100""}"
KXBTC15M-26APR280945-45,8ac5c2b5-641d-7496-f163-747ca78a410b,1777383024,0.52,2.0,yes,"{""count_fp"":""2.00"",""created_time"":""2026-04-28T13:30:24.920206Z"",""no_price_dollars"":""0.4800"",""taker_side"":""yes"",""ticker"":""KXBTC15M-26APR280945-45"",""trade_id"":""8ac5c2b5-641d-7496-f163-747ca78a410b"",""yes_price_dollars"":""0.5200""}"
KXBTC15M-26APR280945-45,090b5c15-e104-7518-128d-afaba033bdc2,1777383024,0.52,4.0,yes,"{""count_fp"":""4.00"",""created_time"":""2026-04-28T13:30:24.539389Z"",""no_price_dollars"":""0.4800"",""taker_side"":""yes"",""ticker"":""KXBTC15M-26APR280945-45"",""trade_id"":""090b5c15-e104-7518-128d-afaba033bdc2"",""yes_price_dollars"":""0.5200""}"
KXBTC15M-26APR280945-45,bed563e3-615c-5548-ffc8-b0e95760d986,1777383024,0.52,1.0,yes,"{""count_fp"":""1.00"",""created_time"":""2026-04-28T13:30:24.528822Z"",""no_price_dollars"":""0.4800"",""taker_side"":""yes"",""ticker"":""KXBTC15M-26APR280945-45"",""trade_id"":""bed563e3-615c-5548-ffc8-b0e95760d986"",""yes_price_dollars"":""0.5200""}"
KXBTC15M-26APR280945-45,193fe926-b3c5-44b8-e85b-a7a7295ac6ee,1777383024,0.52,22.29,yes,"{""count_fp"":""22.29"",""created_time"":""2026-04-28T13:30:24.520786Z"",""no_price_dollars"":""0.4800"",""taker_side"":""yes"",""ticker"":""KXBTC15M-26APR280945-45"",""trade_id"":""193fe926-b3c5-44b8-e85b-a7a7295ac6ee"",""yes_price_dollars"":""0.5200""}"
KXBTC15M-26APR280945-45,18588070-3bf3-4c23-f79e-a70292131c8b,1777383024,0.52,1.0,yes,"{""count_fp"":""1.00"",""created_time"":""2026-04-28T13:30:24.520786Z"",""no_price_dollars"":""0.4800"",""taker_side"":""yes"",""ticker"":""KXBTC15M-26APR280945-45"",""trade_id"":""18588070-3bf3-4c23-f79e-a70292131c8b"",""yes_price_dollars"":""0.5200""}"
KXBTC15M-26APR280945-45,70b65183-2ad7-4fdb-e2bd-f7959fb0d7be,1777383024,0.51,1.0,yes,"{""count_fp"":""1.00"",""created_time"":""2026-04-28T13:30:24.510305Z"",""no_price_dollars"":""0.4900"",""taker_side"":""yes"",""ticker"":""KXBTC15M-26APR280945-45"",""trade_id"":""70b65183-2ad7-4fdb-e2bd-f7959fb0d7be"",""yes_price_dollars"":""0.5100""}"
KXBTC15M-26APR280945-45,518c1237-9d27-7ac2-6289-73621105f789,1777383024,0.51,30.0,yes,"{""count_fp"":""30.00"",""created_time"":""2026-04-28T13:30:24.489067Z"",""no_price_dollars"":""0.4900"",""taker_side"":""yes"",""ticker"":""KXBTC15M-26APR280945-45"",""trade_id"":""518c1237-9d27-7ac2-6289-73621105f789"",""yes_price_dollars"":""0.5100""}"
KXBTC15M-26APR280945-45,21c7f501-dd59-7894-4677-77b410180bc6,1777383024,0.51,168.29,yes,"{""count_fp"":""168.29"",""created_time"":""2026-04-28T13:30:24.489067Z"",""no_price_dollars"":""0.4900"",""taker_side"":""yes"",""ticker"":""KXBTC15M-26APR280945-45"",""trade_id"":""21c7f501-dd59-7894-4677-77b410180bc6"",""yes_price_dollars"":""0.5100""}"
KXBTC15M-26APR280945-45,dc72a070-4103-526a-d5c9-8472a7098440,1777383024,0.49,42.89,yes,"{""count_fp"":""42.89"",""created_time"":""2026-04-28T13:30:24.459813Z"",""no_price_dollars"":""0.5100"",""taker_side"":""yes"",""ticker"":""KXBTC15M-26APR280945-45"",""trade_id"":""dc72a070-4103-526a-d5c9-8472a7098440"",""yes_price_dollars"":""0.4900""}"
KXBTC15M-26APR280945-45,ec4f896c-329a-4d91-f877-17c3888ee2bd,1777383024,0.48,3.0,yes,"{""count_fp"":""3.00"",""created_time"":""2026-04-28T13:30:24.457048Z"",""no_price_dollars"":""0.5200"",""taker_side"":""yes"",""ticker"":""KXBTC15M-26APR280945-45"",""trade_id"":""ec4f896c-329a-4d91-f877-17c3888ee2bd"",""yes_price_dollars"":""0.4800""}"
KXBTC15M-26APR280945-45,dd767b05-e493-412a-d88d-60050dd90ea8,1777383024,0.49,57.11,yes,"{""count_fp"":""57.11"",""created_time"":""2026-04-28T13:30:24.457048Z"",""no_price_dollars"":""0.5100"",""taker_side"":""yes"",""ticker"":""KXBTC15M-26APR280945-45"",""trade_id"":""dd767b05-e493-412a-d88d-60050dd90ea8"",""yes_price_dollars"":""0.4900""}"
KXBTC15M-26APR280945-45,e0342e5a-ad2f-73de-056d-d0f9a3ce6659,1777383024,0.48,7.0,yes,"{""count_fp"":""7.00"",""created_time"":""2026-04-28T13:30:24.035221Z"",""no_price_dollars"":""0.5200"",""taker_side"":""yes"",""ticker"":""KXBTC15M-26APR280945-45"",""trade_id"":""e0342e5a-ad2f-73de-056d-d0f9a3ce6659"",""yes_price_dollars"":""0.4800""}"
KXBTC15M-26APR280945-45,ad206ed4-32d7-792b-1169-8931bdfaae83,1777383024,0.49,11.6,yes,"{""count_fp"":""11.60"",""created_time"":""2026-04-28T13:30:24.035221Z"",""no_price_dollars"":""0.5100"",""taker_side"":""yes"",""ticker"":""KXBTC15M-26APR280945-45"",""trade_id"":""ad206ed4-32d7-792b-1169-8931bdfaae83"",""yes_price_dollars"":""0.4900""}"
KXBTC15M-26APR280945-45,8963792a-b393-649c-f93d-3d41044bf9a1,1777383025,0.54,8.97,no,"{""count_fp"":""8.97"",""created_time"":""2026-04-28T13:30:25.838851Z"",""no_price_dollars"":""0.4600"",""taker_side"":""no"",""ticker"":""KXBTC15M-26APR280945-45"",""trade_id"":""8963792a-b393-649c-f93d-3d41044bf9a1"",""yes_price_dollars"":""0.5400""}"
KXBTC15M-26APR280945-45,facc5d58-af5f-6f98-4c25-6a0cd686c186,1777383025,0.53,99.69,yes,"{""count_fp"":""99.69"",""created_time"":""2026-04-28T13:30:25.655279Z"",""no_price_dollars"":""0.4700"",""taker_side"":""yes"",""ticker"":""KXBTC15M-26APR280945-45"",""trade_id"":""facc5d58-af5f-6f98-4c25-6a0cd686c186"",""yes_price_dollars"":""0.5300""}"
KXBTC15M-26APR280945-45,9d56992c-9c05-50dd-575b-0757af96ccd9,1777383025,0.52,20.0,yes,"{""count_fp"":""20.00"",""created_time"":""2026-04-28T13:30:25.640093Z"",""no_price_dollars"":""0.4800"",""taker_side"":""yes"",""ticker"":""KXBTC15M-26APR280945-45"",""trade_id"":""9d56992c-9c05-50dd-575b-0757af96ccd9"",""yes_price_dollars"":""0.5200""}"
KXBTC15M-26APR280945-45,72feaa2d-983c-5c1e-61c9-87523869d9b9,1777383025,0.52,11.0,yes,"{""count_fp"":""11.00"",""created_time"":""2026-04-28T13:30:25.640093Z"",""no_price_dollars"":""0.4800"",""taker_side"":""yes"",""ticker"":""KXBTC15M-26APR280945-45"",""trade_id"":""72feaa2d-983c-5c1e-61c9-87523869d9b9"",""yes_price_dollars"":""0.5200""}"
KXBTC15M-26APR280945-45,70d1691f-e073-729c-cd42-6715e8fa322e,1777383025,0.52,101.64,yes,"{""count_fp"":""101.64"",""created_time"":""2026-04-28T13:30:25.638887Z"",""no_price_dollars"":""0.4800"",""taker_side"":""yes"",""ticker"":""KXBTC15M-26APR280945-45"",""trade_id"":""70d1691f-e073-729c-cd42-6715e8fa322e"",""yes_price_dollars"":""0.5200""}"
KXBTC15M-26APR280945-45,e556c4df-ee18-732b-132f-ea6117c04c0a,1777383025,0.51,3.0,yes,"{""count_fp"":""3.00"",""created_time"":""2026-04-28T13:30:25.638619Z"",""no_price_dollars"":""0.4900"",""taker_side"":""yes"",""ticker"":""KXBTC15M-26APR280945-45"",""trade_id"":""e556c4df-ee18-732b-132f-ea6117c04c0a"",""yes_price_dollars"":""0.5100""}"
KXBTC15M-26APR280945-45,dabf17d6-2555-55b0-807a-5c47395fb1f4,1777383025,0.51,10.0,yes,"{""count_fp"":""10.00"",""created_time"":""2026-04-28T13:30:25.548599Z"",""no_price_dollars"":""0.4900"",""taker_side"":""yes"",""ticker"":""KXBTC15M-26APR280945-45"",""trade_id"":""dabf17d6-2555-55b0-807a-5c47395fb1f4"",""yes_price_dollars"":""0.5100""}"
KXBTC15M-26APR280945-45,8f7d10fb-3a71-6f5d-533b-cb1e8fb2c4b4,1777383026,0.53,1.0,no,"{""count_fp"":""1.00"",""created_time"":""2026-04-28T13:30:26.972484Z"",""no_price_dollars"":""0.4700"",""taker_side"":""no"",""ticker"":""KXBTC15M-26APR280945-45"",""trade_id"":""8f7d10fb-3a71-6f5d-533b-cb1e8fb2c4b4"",""yes_price_dollars"":""0.5300""}"
KXBTC15M-26APR280945-45,106ec88d-cc4b-6d24-53af-33ccd0f918ee,1777383026,0.53,3.0,no,"{""count_fp"":""3.00"",""created_time"":""2026-04-28T13:30:26.972484Z"",""no_price_dollars"":""0.4700"",""taker_side"":""no"",""ticker"":""KXBTC15M-26APR280945-45"",""trade_id"":""106ec88d-cc4b-6d24-53af-33ccd0f918ee"",""yes_price_dollars"":""0.5300""}"
KXBTC15M-26APR280945-45,db84424e-4f29-59c2-0195-dc8f79fcbc1b,1777383026,0.53,56.12,no,"{""count_fp"":""56.12"",""created_time"":""2026-04-28T13:30:26.951806Z"",""no_price_dollars"":""0.4700"",""taker_side"":""no"",""ticker"":""KXBTC15M-26APR280945-45"",""trade_id"":""db84424e-4f29-59c2-0195-dc8f79fcbc1b"",""yes_price_dollars"":""0.5300""}"
KXBTC15M-26APR280945-45,e70c5228-00e2-5978-c670-27531b26e2a8,1777383026,0.54,3.0,no,"{""count_fp"":""3.00"",""created_time"":""2026-04-28T13:30:26.845306Z"",""no_price_dollars"":""0.4600"",""taker_side"":""no"",""ticker"":""KXBTC15M-26APR280945-45"",""trade_id"":""e70c5228-00e2-5978-c670-27531b26e2a8"",""yes_price_dollars"":""0.5400""}"
KXBTC15M-26APR280945-45,2ce07d06-b50c-5864-f7f7-334c1709df56,1777383026,0.54,13.98,no,"{""count_fp"":""13.98"",""created_time"":""2026-04-28T13:30:26.845306Z"",""no_price_dollars"":""0.4600"",""taker_side"":""no"",""ticker"":""KXBTC15M-26APR280945-45"",""trade_id"":""2ce07d06-b50c-5864-f7f7-334c1709df56"",""yes_price_dollars"":""0.5400""}"
KXBTC15M-26APR280945-45,a7c0d5e9-c460-6c40-4aa6-26e14a282bf2,1777383026,0.55,5.0,no,"{""count_fp"":""5.00"",""created_time"":""2026-04-28T13:30:26.809395Z"",""no_price_dollars"":""0.4500"",""taker_side"":""no"",""ticker"":""KXBTC15M-26APR280945-45"",""trade_id"":""a7c0d5e9-c460-6c40-4aa6-26e14a282bf2"",""yes_price_dollars"":""0.5500""}"
KXBTC15M-26APR280945-45,721ec34f-faa4-6201-50f0-33f03f159530,1777383026,0.55,10.0,no,"{""count_fp"":""10.00"",""created_time"":""2026-04-28T13:30:26.809395Z"",""no_price_dollars"":""0.4500"",""taker_side"":""no"",""ticker"":""KXBTC15M-26APR280945-45"",""trade_id"":""721ec34f-faa4-6201-50f0-33f03f159530"",""yes_price_dollars"":""0.5500""}"
KXBTC15M-26APR280945-45,06a9fc9d-98e2-6012-6818-2d827c502208,1777383026,0.55,10.0,no,"{""count_fp"":""10.00"",""created_time"":""2026-04-28T13:30:26.809395Z"",""no_price_dollars"":""0.4500"",""taker_side"":""no"",""ticker"":""KXBTC15M-26APR280945-45"",""trade_id"":""06a9fc9d-98e2-6012-6818-2d827c502208"",""yes_price_dollars"":""0.5500""}"
KXBTC15M-26APR280945-45,2858e367-4448-67d9-9085-cd1ebaf4fa77,1777383026,0.55,4.02,no,"{""count_fp"":""4.02"",""created_time"":""2026-04-28T13:30:26.717841Z"",""no_price_dollars"":""0.4500"",""taker_side"":""no"",""ticker"":""KXBTC15M-26APR280945-45"",""trade_id"":""2858e367-4448-67d9-9085-cd1ebaf4fa77"",""yes_price_dollars"":""0.5500""}"
KXBTC15M-26APR280945-45,033f67fb-215e-45db-cd8e-c53d43f34ba6,1777383026,0.56,1.0,yes,"{""count_fp"":""1.00"",""created_time"":""2026-04-28T13:30:26.582287Z"",""no_price_dollars"":""0.4400"",""taker_side"":""yes"",""ticker"":""KXBTC15M-26APR280945-45"",""trade_id"":""033f67fb-215e-45db-cd8e-c53d43f34ba6"",""yes_price_dollars"":""0.5600""}"
KXBTC15M-26APR280945-45,965a3d96-817e-77ac-3408-0dcbda6c4819,1777383026,0.55,2.0,yes,"{""count_fp"":""2.00"",""created_time"":""2026-04-28T13:30:26.390527Z"",""no_price_dollars"":""0.4500"",""taker_side"":""yes"",""ticker"":""KXBTC15M-26APR280945-45"",""trade_id"":""965a3d96-817e-77ac-3408-0dcbda6c4819"",""yes_price_dollars"":""0.5500""}"
KXBTC15M-26APR280945-45,87cb5d55-a272-7a9e-0748-6f3de768d484,1777383026,0.55,12.62,yes,"{""count_fp"":""12.62"",""created_time"":""2026-04-28T13:30:26.390527Z"",""no_price_dollars"":""0.4500"",""taker_side"":""yes"",""ticker"":""KXBTC15M-26APR280945-45"",""trade_id"":""87cb5d55-a272-7a9e-0748-6f3de768d484"",""yes_price_dollars"":""0.5500""}"
KXBTC15M-26APR280945-45,c20e94eb-4dc2-517a-5b65-3d9c47b2f388,1777383026,0.55,69.04,yes,"{""count_fp"":""69.04"",""created_time"":""2026-04-28T13:30:26.371995Z"",""no_price_dollars"":""0.4500"",""taker_side"":""yes"",""ticker"":""KXBTC15M-26APR280945-45"",""trade_id"":""c20e94eb-4dc2-517a-5b65-3d9c47b2f388"",""yes_price_dollars"":""0.5500""}"
KXBTC15M-26APR280945-45,41f798ff-ff62-7ac2-604c-ebf828cd31f0,1777383026,0.55,28.51,yes,"{""count_fp"":""28.51"",""created_time"":""2026-04-28T13:30:26.371409Z"",""no_price_dollars"":""0.4500"",""taker_side"":""yes"",""ticker"":""KXBTC15M-26APR280945-45"",""trade_id"":""41f798ff-ff62-7ac2-604c-ebf828cd31f0"",""yes_price_dollars"":""0.5500""}"
KXBTC15M-26APR280945-45,ac7d1479-faaf-57ec-9f9e-734418487ea1,1777383026,0.54,5.0,no,"{""count_fp"":""5.00"",""created_time"":""2026-04-28T13:30:26.189182Z"",""no_price_dollars"":""0.4600"",""taker_side"":""no"",""ticker"":""KXBTC15M-26APR280945-45"",""trade_id"":""ac7d1479-faaf-57ec-9f9e-734418487ea1"",""yes_price_dollars"":""0.5400""}"
KXBTC15M-26APR280945-45,98bd7a79-735a-7166-81ad-766efee23248,1777383026,0.55,21.87,yes,"{""count_fp"":""21.87"",""created_time"":""2026-04-28T13:30:26.177658Z"",""no_price_dollars"":""0.4500"",""taker_side"":""yes"",""ticker"":""KXBTC15M-26APR280945-45"",""trade_id"":""98bd7a79-735a-7166-81ad-766efee23248"",""yes_price_dollars"":""0.5500""}"
KXBTC15M-26APR280945-45,65a5d21a-b4a6-72b4-9253-3fbb455a443e,1777383026,0.55,1.12,yes,"{""count_fp"":""1.12"",""created_time"":""2026-04-28T13:30:26.177658Z"",""no_price_dollars"":""0.4500"",""taker_side"":""yes"",""ticker"":""KXBTC15M-26APR280945-45"",""trade_id"":""65a5d21a-b4a6-72b4-9253-3fbb455a443e"",""yes_price_dollars"":""0.5500""}"
KXBTC15M-26APR280945-45,7c18b473-f8c6-61b0-5d83-9a9c6b78ce3a,1777383026,0.55,30.88,yes,"{""count_fp"":""30.88"",""created_time"":""2026-04-28T13:30:26.102031Z"",""no_price_dollars"":""0.4500"",""taker_side"":""yes"",""ticker"":""KXBTC15M-26APR280945-45"",""trade_id"":""7c18b473-f8c6-61b0-5d83-9a9c6b78ce3a"",""yes_price_dollars"":""0.5500""}"
KXBTC15M-26APR280945-45,34b7f7ad-d839-713f-4051-4554c1b47c76,1777383027,0.51,9.47,yes,"{""count_fp"":""9.47"",""created_time"":""2026-04-28T13:30:27.542924Z"",""no_price_dollars"":""0.4900"",""taker_side"":""yes"",""ticker"":""KXBTC15M-26APR280945-45"",""trade_id"":""34b7f7ad-d839-713f-4051-4554c1b47c76"",""yes_price_dollars"":""0.5100""}"
KXBTC15M-26APR280945-45,6f5f2581-8348-6929-7e15-94227a3ac1e0,1777383027,0.51,20.0,no,"{""count_fp"":""20.00"",""created_time"":""2026-04-28T13:30:27.418262Z"",""no_price_dollars"":""0.4900"",""taker_side"":""no"",""ticker"":""KXBTC15M-26APR280945-45"",""trade_id"":""6f5f2581-8348-6929-7e15-94227a3ac1e0"",""yes_price_dollars"":""0.5100""}"
KXBTC15M-26APR280945-45,f35766a7-9d4f-5cd9-f214-771ba6a32521,1777383027,0.51,48.71,no,"{""count_fp"":""48.71"",""created_time"":""2026-04-28T13:30:27.382989Z"",""no_price_dollars"":""0.4900"",""taker_side"":""no"",""ticker"":""KXBTC15M-26APR280945-45"",""trade_id"":""f35766a7-9d4f-5cd9-f214-771ba6a32521"",""yes_price_dollars"":""0.5100""}"
KXBTC15M-26APR280945-45,a59a6205-a9e9-66fa-b8cd-92b2e2ed3947,1777383027,0.51,38.47,no,"{""count_fp"":""38.47"",""created_time"":""2026-04-28T13:30:27.371791Z"",""no_price_dollars"":""0.4900"",""taker_side"":""no"",""ticker"":""KXBTC15M-26APR280945-45"",""trade_id"":""a59a6205-a9e9-66fa-b8cd-92b2e2ed3947"",""yes_price_dollars"":""0.5100""}"
KXBTC15M-26APR280945-45,d00326ea-f895-6542-2ae7-0f7eaa5537e7,1777383027,0.51,50.18,no,"{""count_fp"":""50.18"",""created_time"":""2026-04-28T13:30:27.336728Z"",""no_price_dollars"":""0.4900"",""taker_side"":""no"",""ticker"":""KXBTC15M-26APR280945-45"",""trade_id"":""d00326ea-f895-6542-2ae7-0f7eaa5537e7"",""yes_price_dollars"":""0.5100""}"
KXBTC15M-26APR280945-45,f1a2042b-a955-58e2-01bb-2df9fcbd0e25,1777383027,0.51,20.0,no,"{""count_fp"":""20.00"",""created_time"":""2026-04-28T13:30:27.326625Z"",""no_price_dollars"":""0.4900"",""taker_side"":""no"",""ticker"":""KXBTC15M-26APR280945-45"",""trade_id"":""f1a2042b-a955-58e2-01bb-2df9fcbd0e25"",""yes_price_dollars"":""0.5100""}"
KXBTC15M-26APR280945-45,5479dd34-eed1-5f3e-2a41-50cd537d06cf,1777383027,0.51,19.54,no,"{""count_fp"":""19.54"",""created_time"":""2026-04-28T13:30:27.326625Z"",""no_price_dollars"":""0.4900"",""taker_side"":""no"",""ticker"":""KXBTC15M-26APR280945-45"",""trade_id"":""5479dd34-eed1-5f3e-2a41-50cd537d06cf"",""yes_price_dollars"":""0.5100""}"
KXBTC15M-26APR280945-45,a8d0f41d-5b52-4f87-643f-08caafc5c170,1777383027,0.52,3.0,no,"{""count_fp"":""3.00"",""created_time"":""2026-04-28T13:30:27.310093Z"",""no_price_dollars"":""0.4800"",""taker_side"":""no"",""ticker"":""KXBTC15M-26APR280945-45"",""trade_id"":""a8d0f41d-5b52-4f87-643f-08caafc5c170"",""yes_price_dollars"":""0.5200""}"
KXBTC15M-26APR280945-45,a823e820-b165-492b-58d4-16c787b4d37a,1777383027,0.52,10.0,no,"{""count_fp"":""10.00"",""created_time"":""2026-04-28T13:30:27.310093Z"",""no_price_dollars"":""0.4800"",""taker_side"":""no"",""ticker"":""KXBTC15M-26APR280945-45"",""trade_id"":""a823e820-b165-492b-58d4-16c787b4d37a"",""yes_price_dollars"":""0.5200""}"
KXBTC15M-26APR280945-45,3a362658-6af5-4216-4ac8-31d34d733260,1777383027,0.52,2.95,no,"{""count_fp"":""2.95"",""created_time"":""2026-04-28T13:30:27.310093Z"",""no_price_dollars"":""0.4800"",""taker_side"":""no"",""ticker"":""KXBTC15M-26APR280945-45"",""trade_id"":""3a362658-6af5-4216-4ac8-31d34d733260"",""yes_price_dollars"":""0.5200""}"
KXBTC15M-26APR280945-45,96c0a909-f750-7a70-8c64-95511c7d8719,1777383028,0.52,36.53,yes,"{""count_fp"":""36.53"",""created_time"":""2026-04-28T13:30:28.417038Z"",""no_price_dollars"":""0.4800"",""taker_side"":""yes"",""ticker"":""KXBTC15M-26APR280945-45"",""trade_id"":""96c0a909-f750-7a70-8c64-95511c7d8719"",""yes_price_dollars"":""0.5200""}"
KXBTC15M-26APR280945-45,f096d12d-dd3f-49b6-613c-2ffaf86c81ca,1777383028,0.53,1.05,yes,"{""count_fp"":""1.05"",""created_time"":""2026-04-28T13:30:28.266799Z"",""no_price_dollars"":""0.4700"",""taker_side"":""yes"",""ticker"":""KXBTC15M-26APR280945-45"",""trade_id"":""f096d12d-dd3f-49b6-613c-2ffaf86c81ca"",""yes_price_dollars"":""0.5300""}"
KXBTC15M-26APR280945-45,17c4e3d9-5f52-7709-c76c-5b46e363e844,1777383028,0.51,8.0,yes,"{""count_fp"":""8.00"",""created_time"":""2026-04-28T13:30:28.199375Z"",""no_price_dollars"":""0.4900"",""taker_side"":""yes"",""ticker"":""KXBTC15M-26APR280945-45"",""trade_id"":""17c4e3d9-5f52-7709-c76c-5b46e363e844"",""yes_price_dollars"":""0.5100""}"
KXBTC15M-26APR280945-45,eee8c14d-c8ad-47d3-26a9-8d258aa72aea,1777383028,0.51,8.81,yes,"{""count_fp"":""8.81"",""created_time"":""2026-04-28T13:30:28.119416Z"",""no_price_dollars"":""0.4900"",""taker_side"":""yes"",""ticker"":""KXBTC15M-26APR280945-45"",""trade_id"":""eee8c14d-c8ad-47d3-26a9-8d258aa72aea"",""yes_price_dollars"":""0.5100""}"
KXBTC15M-26APR280945-45,4e4e1dab-6fb0-63aa-66ea-8f84101d43ac,1777383029,0.51,18.95,yes,"{""count_fp"":""18.95"",""created_time"":""2026-04-28T13:30:29.748642Z"",""no_price_dollars"":""0.4900"",""taker_side"":""yes"",""ticker"":""KXBTC15M-26APR280945-45"",""trade_id"":""4e4e1dab-6fb0-63aa-66ea-8f84101d43ac"",""yes_price_dollars"":""0.5100""}"
KXBTC15M-26APR280945-45,af91facf-04a3-7ba5-fc2f-d8b5f272d8e4,1777383029,0.51,37.21,yes,"{""count_fp"":""37.21"",""created_time"":""2026-04-28T13:30:29.272617Z"",""no_price_dollars"":""0.4900"",""taker_side"":""yes"",""ticker"":""KXBTC15M-26APR280945-45"",""trade_id"":""af91facf-04a3-7ba5-fc2f-d8b5f272d8e4"",""yes_price_dollars"":""0.5100""}"
KXBTC15M-26APR280945-45,d11e87f1-af13-7981-4df9-53a8e83ef12f,1777383029,0.5,34.26,no,"{""count_fp"":""34.26"",""created_time"":""2026-04-28T13:30:29.201659Z"",""no_price_dollars"":""0.5000"",""taker_side"":""no"",""ticker"":""KXBTC15M-26APR280945-45"",""trade_id"":""d11e87f1-af13-7981-4df9-53a8e83ef12f"",""yes_price_dollars"":""0.5000""}"
KXBTC15M-26APR280945-45,d66fb9b7-5eff-54a1-c3f8-02489a6242d9,1777383030,0.49,72.15,no,"{""count_fp"":""72.15"",""created_time"":""2026-04-28T13:30:30.997706Z"",""no_price_dollars"":""0.5100"",""taker_side"":""no"",""ticker"":""KXBTC15M-26APR280945-45"",""trade_id"":""d66fb9b7-5eff-54a1-c3f8-02489a6242d9"",""yes_price_dollars"":""0.4900""}"
KXBTC15M-26APR280945-45,6847e8f1-ef3f-575f-dc84-1460f858ba8a,1777383030,0.49,32.0,no,"{""count_fp"":""32.00"",""created_time"":""2026-04-28T13:30:30.997706Z"",""no_price_dollars"":""0.5100"",""taker_side"":""no"",""ticker"":""KXBTC15M-26APR280945-45"",""trade_id"":""6847e8f1-ef3f-575f-dc84-1460f858ba8a"",""yes_price_dollars"":""0.4900""}"
KXBTC15M-26APR280945-45,77501d3e-c5a1-69b2-b895-7b704499bc12,1777383030,0.5,2.0,yes,"{""count_fp"":""2.00"",""created_time"":""2026-04-28T13:30:30.818554Z"",""no_price_dollars"":""0.5000"",""taker_side"":""yes"",""ticker"":""KXBTC15M-26APR280945-45"",""trade_id"":""77501d3e-c5a1-69b2-b895-7b704499bc12"",""yes_price_dollars"":""0.5000""}"
KXBTC15M-26APR280945-45,bd41c1f4-347f-77f1-c3d2-0654e93393ed,1777383030,0.5,26.72,no,"{""count_fp"":""26.72"",""created_time"":""2026-04-28T13:30:30.429843Z"",""no_price_dollars"":""0.5000"",""taker_side"":""no"",""ticker"":""KXBTC15M-26APR280945-45"",""trade_id"":""bd41c1f4-347f-77f1-c3d2-0654e93393ed"",""yes_price_dollars"":""0.5000""}"
KXBTC15M-26APR280945-45,458c5a1c-b75a-76e2-ed3e-46005508c1ff,1777383030,0.5,20.0,no,"{""count_fp"":""20.00"",""created_time"":""2026-04-28T13:30:30.429843Z"",""no_price_dollars"":""0.5000"",""taker_side"":""no"",""ticker"":""KXBTC15M-26APR280945-45"",""trade_id"":""458c5a1c-b75a-76e2-ed3e-46005508c1ff"",""yes_price_dollars"":""0.5000""}"
KXBTC15M-26APR280945-45,b5d55cb4-957f-7a6d-f5b7-30363c6ff417,1777383030,0.5,1.93,no,"{""count_fp"":""1.93"",""created_time"":""2026-04-28T13:30:30.104764Z"",""no_price_dollars"":""0.5000"",""taker_side"":""no"",""ticker"":""KXBTC15M-26APR280945-45"",""trade_id"":""b5d55cb4-957f-7a6d-f5b7-30363c6ff417"",""yes_price_dollars"":""0.5000""}"
KXBTC15M-26APR280945-45,5df596de-569e-5d63-39ab-e1a3fe8d983f,1777383031,0.52,2.0,no,"{""count_fp"":""2.00"",""created_time"":""2026-04-28T13:30:31.401093Z"",""no_price_dollars"":""0.4800"",""taker_side"":""no"",""ticker"":""KXBTC15M-26APR280945-45"",""trade_id"":""5df596de-569e-5d63-39ab-e1a3fe8d983f"",""yes_price_dollars"":""0.5200""}"
KXBTC15M-26APR280945-45,d547569b-a8d6-71cb-12ed-dc454408754b,1777383031,0.52,18.95,no,"{""count_fp"":""18.95"",""created_time"":""2026-04-28T13:30:31.391736Z"",""no_price_dollars"":""0.4800"",""taker_side"":""no"",""ticker"":""KXBTC15M-26APR280945-45"",""trade_id"":""d547569b-a8d6-71cb-12ed-dc454408754b"",""yes_price_dollars"":""0.5200""}"
KXBTC15M-26APR280945-45,be5b7d98-c725-7e2d-8b43-5424461e6576,1777383031,0.52,3.0,yes,"{""count_fp"":""3.00"",""created_time"":""2026-04-28T13:30:31.289562Z"",""no_price_dollars"":""0.4800"",""taker_side"":""yes"",""ticker"":""KXBTC15M-26APR280945-45"",""trade_id"":""be5b7d98-c725-7e2d-8b43-5424461e6576"",""yes_price_dollars"":""0.5200""}"
KXBTC15M-26APR280945-45,92fc445b-13d2-6d9b-cb91-ab7b1f2ac5e8,1777383031,0.51,19.0,yes,"{""count_fp"":""19.00"",""created_time"":""2026-04-28T13:30:31.288011Z"",""no_price_dollars"":""0.4900"",""taker_side"":""yes"",""ticker"":""KXBTC15M-26APR280945-45"",""trade_id"":""92fc445b-13d2-6d9b-cb91-ab7b1f2ac5e8"",""yes_price_dollars"":""0.5100""}"
