ticker,trade_id,ts,yes_price,count,taker_side,raw_json
KXBTC15M-26APR280045-45,2906c638-b600-65f6-4038-d5a04641671f,1777350604,0.5,1.0,no,"{""count_fp"":""1.00"",""created_time"":""2026-04-28T04:30:04.493249Z"",""no_price_dollars"":""0.5000"",""taker_side"":""no"",""ticker"":""KXBTC15M-26APR280045-45"",""trade_id"":""2906c638-b600-65f6-4038-d5a04641671f"",""yes_price_dollars"":""0.5000""}"
KXBTC15M-26APR280045-45,0b9d44c1-9d05-4967-9c02-871c5a92d406,1777350604,0.52,11.16,yes,"{""count_fp"":""11.16"",""created_time"":""2026-04-28T04:30:04.348728Z"",""no_price_dollars"":""0.4800"",""taker_side"":""yes"",""ticker"":""KXBTC15M-26APR280045-45"",""trade_id"":""0b9d44c1-9d05-4967-9c02-871c5a92d406"",""yes_price_dollars"":""0.5200""}"
KXBTC15M-26APR280045-45,890421b9-1b8f-79d9-8bf3-13828fa24110,1777350605,0.5,19.32,no,"{""count_fp"":""19.32"",""created_time"":""2026-04-28T04:30:05.880424Z"",""no_price_dollars"":""0.5000"",""taker_side"":""no"",""ticker"":""KXBTC15M-26APR280045-45"",""trade_id"":""890421b9-1b8f-79d9-8bf3-13828fa24110"",""yes_price_dollars"":""0.5000""}"
KXBTC15M-26APR280045-45,d5599aa3-5b14-6c92-947e-4e67b5f8722b,1777350605,0.5,9.0,no,"{""count_fp"":""9.00"",""created_time"":""2026-04-28T04:30:05.432904Z"",""no_price_dollars"":""0.5000"",""taker_side"":""no"",""ticker"":""KXBTC15M-26APR280045-45"",""trade_id"":""d5599aa3-5b14-6c92-947e-4e67b5f8722b"",""yes_price_dollars"":""0.5000""}"
KXBTC15M-26APR280045-45,b63856cc-c30a-60a4-8d5a-5f5c0885f425,1777350605,0.5,1.0,no,"{""count_fp"":""1.00"",""created_time"":""2026-04-28T04:30:05.432904Z"",""no_price_dollars"":""0.5000"",""taker_side"":""no"",""ticker"":""KXBTC15M-26APR280045-45"",""trade_id"":""b63856cc-c30a-60a4-8d5a-5f5c0885f425"",""yes_price_dollars"":""0.5000""}"
KXBTC15M-26APR280045-45,3b449f71-4f4b-6bc9-be4d-7bb7ebc69478,1777350605,0.5,9.32,no,"{""count_fp"":""9.32"",""created_time"":""2026-04-28T04:30:05.432904Z"",""no_price_dollars"":""0.5000"",""taker_side"":""no"",""ticker"":""KXBTC15M-26APR280045-45"",""trade_id"":""3b449f71-4f4b-6bc9-be4d-7bb7ebc69478"",""yes_price_dollars"":""0.5000""}"
KXBTC15M-26APR280045-45,6c3472a0-ff3b-487d-0d56-df1ffcf18714,1777350606,0.5,5.79,no,"{""count_fp"":""5.79"",""created_time"":""2026-04-28T04:30:06.417219Z"",""no_price_dollars"":""0.5000"",""taker_side"":""no"",""ticker"":""KXBTC15M-26APR280045-45"",""trade_id"":""6c3472a0-ff3b-487d-0d56-df1ffcf18714"",""yes_price_dollars"":""0.5000""}"
KXBTC15M-26APR280045-45,a65b4956-42a3-4ea9-90c4-2a93d0e7af4c,1777350606,0.5,48.3,no,"{""count_fp"":""48.30"",""created_time"":""2026-04-28T04:30:06.230217Z"",""no_price_dollars"":""0.5000"",""taker_side"":""no"",""ticker"":""KXBTC15M-26APR280045-45"",""trade_id"":""a65b4956-42a3-4ea9-90c4-2a93d0e7af4c"",""yes_price_dollars"":""0.5000""}"
KXBTC15M-26APR280045-45,b83f62fb-c04f-4b64-52b9-b8343e9ea9f7,1777350607,0.53,56.0,yes,"{""count_fp"":""56.00"",""created_time"":""2026-04-28T04:30:07.306433Z"",""no_price_dollars"":""0.4700"",""taker_side"":""yes"",""ticker"":""KXBTC15M-26APR280045-45"",""trade_id"":""b83f62fb-c04f-4b64-52b9-b8343e9ea9f7"",""yes_price_dollars"":""0.5300""}"
KXBTC15M-26APR280045-45,ae77ef71-4ea4-4e26-7f2e-a47c5630b64b,1777350607,0.52,10.0,yes,"{""count_fp"":""10.00"",""created_time"":""2026-04-28T04:30:07.306433Z"",""no_price_dollars"":""0.4800"",""taker_side"":""yes"",""ticker"":""KXBTC15M-26APR280045-45"",""trade_id"":""ae77ef71-4ea4-4e26-7f2e-a47c5630b64b"",""yes_price_dollars"":""0.5200""}"
KXBTC15M-26APR280045-45,8882ea5d-d585-4363-49e8-fa874e6d0c02,1777350607,0.52,14.84,yes,"{""count_fp"":""14.84"",""created_time"":""2026-04-28T04:30:07.306433Z"",""no_price_dollars"":""0.4800"",""taker_side"":""yes"",""ticker"":""KXBTC15M-26APR280045-45"",""trade_id"":""8882ea5d-d585-4363-49e8-fa874e6d0c02"",""yes_price_dollars"":""0.5200""}"
KXBTC15M-26APR280045-45,880a611d-9074-46a8-76ce-cc130ce326a6,1777350607,0.52,2.0,yes,"{""count_fp"":""2.00"",""created_time"":""2026-04-28T04:30:07.306433Z"",""no_price_dollars"":""0.4800"",""taker_side"":""yes"",""ticker"":""KXBTC15M-26APR280045-45"",""trade_id"":""880a611d-9074-46a8-76ce-cc130ce326a6"",""yes_price_dollars"":""0.5200""}"
KXBTC15M-26APR280045-45,79bfe295-f4ae-445a-5a2a-c01153e12c82,1777350607,0.52,4.0,yes,"{""count_fp"":""4.00"",""created_time"":""2026-04-28T04:30:07.306433Z"",""no_price_dollars"":""0.4800"",""taker_side"":""yes"",""ticker"":""KXBTC15M-26APR280045-45"",""trade_id"":""79bfe295-f4ae-445a-5a2a-c01153e12c82"",""yes_price_dollars"":""0.5200""}"
KXBTC15M-26APR280045-45,72a80396-5ed1-4be5-47f6-6e76a1b6f9df,1777350607,0.53,10.0,yes,"{""count_fp"":""10.00"",""created_time"":""2026-04-28T04:30:07.306433Z"",""no_price_dollars"":""0.4700"",""taker_side"":""yes"",""ticker"":""KXBTC15M-26APR280045-45"",""trade_id"":""72a80396-5ed1-4be5-47f6-6e76a1b6f9df"",""yes_price_dollars"":""0.5300""}"
KXBTC15M-26APR280045-45,4fed2be5-10db-46bc-696f-af68890442a7,1777350607,0.52,5.0,yes,"{""count_fp"":""5.00"",""created_time"":""2026-04-28T04:30:07.306433Z"",""no_price_dollars"":""0.4800"",""taker_side"":""yes"",""ticker"":""KXBTC15M-26APR280045-45"",""trade_id"":""4fed2be5-10db-46bc-696f-af68890442a7"",""yes_price_dollars"":""0.5200""}"
KXBTC15M-26APR280045-45,4b089777-5afe-451e-7741-14f57ea3cd61,1777350607,0.52,2.0,yes,"{""count_fp"":""2.00"",""created_time"":""2026-04-28T04:30:07.306433Z"",""no_price_dollars"":""0.4800"",""taker_side"":""yes"",""ticker"":""KXBTC15M-26APR280045-45"",""trade_id"":""4b089777-5afe-451e-7741-14f57ea3cd61"",""yes_price_dollars"":""0.5200""}"
KXBTC15M-26APR280045-45,488975cd-e1bf-4aa7-51c4-e81cc853b234,1777350607,0.53,2.0,yes,"{""count_fp"":""2.00"",""created_time"":""2026-04-28T04:30:07.306433Z"",""no_price_dollars"":""0.4700"",""taker_side"":""yes"",""ticker"":""KXBTC15M-26APR280045-45"",""trade_id"":""488975cd-e1bf-4aa7-51c4-e81cc853b234"",""yes_price_dollars"":""0.5300""}"
KXBTC15M-26APR280045-45,46d503e2-c575-411a-6f8b-a060cc215a2c,1777350607,0.54,26.73,yes,"{""count_fp"":""26.73"",""created_time"":""2026-04-28T04:30:07.306433Z"",""no_price_dollars"":""0.4600"",""taker_side"":""yes"",""ticker"":""KXBTC15M-26APR280045-45"",""trade_id"":""46d503e2-c575-411a-6f8b-a060cc215a2c"",""yes_price_dollars"":""0.5400""}"
KXBTC15M-26APR280045-45,1a8559b3-2256-44f0-4df5-ac1719ed3bd0,1777350607,0.52,8.0,yes,"{""count_fp"":""8.00"",""created_time"":""2026-04-28T04:30:07.306433Z"",""no_price_dollars"":""0.4800"",""taker_side"":""yes"",""ticker"":""KXBTC15M-26APR280045-45"",""trade_id"":""1a8559b3-2256-44f0-4df5-ac1719ed3bd0"",""yes_price_dollars"":""0.5200""}"
KXBTC15M-26APR280045-45,13e2b456-d5d5-4879-6b34-ce8eaab062eb,1777350607,0.52,2.0,yes,"{""count_fp"":""2.00"",""created_time"":""2026-04-28T04:30:07.306433Z"",""no_price_dollars"":""0.4800"",""taker_side"":""yes"",""ticker"":""KXBTC15M-26APR280045-45"",""trade_id"":""13e2b456-d5d5-4879-6b34-ce8eaab062eb"",""yes_price_dollars"":""0.5200""}"
KXBTC15M-26APR280045-45,0f5e9eea-9843-4146-4a5a-0300c7343ef5,1777350607,0.52,4.0,yes,"{""count_fp"":""4.00"",""created_time"":""2026-04-28T04:30:07.306433Z"",""no_price_dollars"":""0.4800"",""taker_side"":""yes"",""ticker"":""KXBTC15M-26APR280045-45"",""trade_id"":""0f5e9eea-9843-4146-4a5a-0300c7343ef5"",""yes_price_dollars"":""0.5200""}"
KXBTC15M-26APR280045-45,d4386a8c-17cf-4433-36dc-6ffa7688d180,1777350608,0.52,21.24,no,"{""count_fp"":""21.24"",""created_time"":""2026-04-28T04:30:08.725848Z"",""no_price_dollars"":""0.4800"",""taker_side"":""no"",""ticker"":""KXBTC15M-26APR280045-45"",""trade_id"":""d4386a8c-17cf-4433-36dc-6ffa7688d180"",""yes_price_dollars"":""0.5200""}"
KXBTC15M-26APR280045-45,4bd0b0b0-323b-531d-d4de-b4e3b64543f4,1777350608,0.53,23.51,yes,"{""count_fp"":""23.51"",""created_time"":""2026-04-28T04:30:08.618781Z"",""no_price_dollars"":""0.4700"",""taker_side"":""yes"",""ticker"":""KXBTC15M-26APR280045-45"",""trade_id"":""4bd0b0b0-323b-531d-d4de-b4e3b64543f4"",""yes_price_dollars"":""0.5300""}"
KXBTC15M-26APR280045-45,103adee4-5169-54f2-de17-32387ddc6894,1777350608,0.53,2.0,yes,"{""count_fp"":""2.00"",""created_time"":""2026-04-28T04:30:08.618781Z"",""no_price_dollars"":""0.4700"",""taker_side"":""yes"",""ticker"":""KXBTC15M-26APR280045-45"",""trade_id"":""103adee4-5169-54f2-de17-32387ddc6894"",""yes_price_dollars"":""0.5300""}"
KXBTC15M-26APR280045-45,fcc3e688-af9b-563b-d2a5-738cf03e2ed9,1777350608,0.52,2.0,yes,"{""count_fp"":""2.00"",""created_time"":""2026-04-28T04:30:08.415594Z"",""no_price_dollars"":""0.4800"",""taker_side"":""yes"",""ticker"":""KXBTC15M-26APR280045-45"",""trade_id"":""fcc3e688-af9b-563b-d2a5-738cf03e2ed9"",""yes_price_dollars"":""0.5200""}"
KXBTC15M-26APR280045-45,d7b4bc96-37cd-6c4a-b4e1-85e4560c1cf7,1777350609,0.5,4.93,no,"{""count_fp"":""4.93"",""created_time"":""2026-04-28T04:30:09.417785Z"",""no_price_dollars"":""0.5000"",""taker_side"":""no"",""ticker"":""KXBTC15M-26APR280045-45"",""trade_id"":""d7b4bc96-37cd-6c4a-b4e1-85e4560c1cf7"",""yes_price_dollars"":""0.5000""}"
KXBTC15M-26APR280045-45,bf34d1df-6dc5-6ffe-897a-2b40d69df60d,1777350609,0.5,2.79,no,"{""count_fp"":""2.79"",""created_time"":""2026-04-28T04:30:09.417785Z"",""no_price_dollars"":""0.5000"",""taker_side"":""no"",""ticker"":""KXBTC15M-26APR280045-45"",""trade_id"":""bf34d1df-6dc5-6ffe-897a-2b40d69df60d"",""yes_price_dollars"":""0.5000""}"
KXBTC15M-26APR280045-45,e72e3599-7f05-7346-4537-10b9cb98a0e9,1777350609,0.5,16.0,no,"{""count_fp"":""16.00"",""created_time"":""2026-04-28T04:30:09.245271Z"",""no_price_dollars"":""0.5000"",""taker_side"":""no"",""ticker"":""KXBTC15M-26APR280045-45"",""trade_id"":""e72e3599-7f05-7346-4537-10b9cb98a0e9"",""yes_price_dollars"":""0.5000""}"
KXBTC15M-26APR280045-45,189aecd5-bc49-4d6e-2a76-e298a78a7385,1777350609,0.5,3.86,no,"{""count_fp"":""3.86"",""created_time"":""2026-04-28T04:30:09.242323Z"",""no_price_dollars"":""0.5000"",""taker_side"":""no"",""ticker"":""KXBTC15M-26APR280045-45"",""trade_id"":""189aecd5-bc49-4d6e-2a76-e298a78a7385"",""yes_price_dollars"":""0.5000""}"
KXBTC15M-26APR280045-45,f3b25146-eb37-4c79-63af-f02360ac053c,1777350609,0.5,29.95,no,"{""count_fp"":""29.95"",""created_time"":""2026-04-28T04:30:09.184431Z"",""no_price_dollars"":""0.5000"",""taker_side"":""no"",""ticker"":""KXBTC15M-26APR280045-45"",""trade_id"":""f3b25146-eb37-4c79-63af-f02360ac053c"",""yes_price_dollars"":""0.5000""}"
KXBTC15M-26APR280045-45,eda82dfa-cbfd-49f6-5cf3-251145865a79,1777350609,0.5,3.35,no,"{""count_fp"":""3.35"",""created_time"":""2026-04-28T04:30:09.184431Z"",""no_price_dollars"":""0.5000"",""taker_side"":""no"",""ticker"":""KXBTC15M-26APR280045-45"",""trade_id"":""eda82dfa-cbfd-49f6-5cf3-251145865a79"",""yes_price_dollars"":""0.5000""}"
KXBTC15M-26APR280045-45,e8b93328-4ebf-47ad-7fa7-02787cfe2dc5,1777350609,0.5,10.0,no,"{""count_fp"":""10.00"",""created_time"":""2026-04-28T04:30:09.184431Z"",""no_price_dollars"":""0.5000"",""taker_side"":""no"",""ticker"":""KXBTC15M-26APR280045-45"",""trade_id"":""e8b93328-4ebf-47ad-7fa7-02787cfe2dc5"",""yes_price_dollars"":""0.5000""}"
KXBTC15M-26APR280045-45,1df03884-246a-4deb-5da2-2cde4b9a25c5,1777350609,0.5,5.0,no,"{""count_fp"":""5.00"",""created_time"":""2026-04-28T04:30:09.184431Z"",""no_price_dollars"":""0.5000"",""taker_side"":""no"",""ticker"":""KXBTC15M-26APR280045-45"",""trade_id"":""1df03884-246a-4deb-5da2-2cde4b9a25c5"",""yes_price_dollars"":""0.5000""}"
KXBTC15M-26APR280045-45,aed868d6-3c80-415e-f813-bec15d4b28c0,1777350609,0.52,12.0,no,"{""count_fp"":""12.00"",""created_time"":""2026-04-28T04:30:09.040416Z"",""no_price_dollars"":""0.4800"",""taker_side"":""no"",""ticker"":""KXBTC15M-26APR280045-45"",""trade_id"":""aed868d6-3c80-415e-f813-bec15d4b28c0"",""yes_price_dollars"":""0.5200""}"
KXBTC15M-26APR280045-45,7e0e0201-62e7-4791-d97b-2ddbf592bac0,1777350609,0.5,7.32,no,"{""count_fp"":""7.32"",""created_time"":""2026-04-28T04:30:09.040416Z"",""no_price_dollars"":""0.5000"",""taker_side"":""no"",""ticker"":""KXBTC15M-26APR280045-45"",""trade_id"":""7e0e0201-62e7-4791-d97b-2ddbf592bac0"",""yes_price_dollars"":""0.5000""}"
KXBTC15M-26APR280045-45,de552e9b-b613-4fd3-acab-d76e624c7d94,1777350609,0.52,26.76,no,"{""count_fp"":""26.76"",""created_time"":""2026-04-28T04:30:09.011537Z"",""no_price_dollars"":""0.4800"",""taker_side"":""no"",""ticker"":""KXBTC15M-26APR280045-45"",""trade_id"":""de552e9b-b613-4fd3-acab-d76e624c7d94"",""yes_price_dollars"":""0.5200""}"
KXBTC15M-26APR280045-45,e178031b-216b-7289-6bd6-5fbeb49c1184,1777350610,0.51,54.62,yes,"{""count_fp"":""54.62"",""created_time"":""2026-04-28T04:30:10.449014Z"",""no_price_dollars"":""0.4900"",""taker_side"":""yes"",""ticker"":""KXBTC15M-26APR280045-45"",""trade_id"":""e178031b-216b-7289-6bd6-5fbeb49c1184"",""yes_price_dollars"":""0.5100""}"
KXBTC15M-26APR280045-45,c4c58568-9d05-7db8-4fde-9d4d0c61b33a,1777350610,0.51,2.0,yes,"{""count_fp"":""2.00"",""created_time"":""2026-04-28T04:30:10.449014Z"",""no_price_dollars"":""0.4900"",""taker_side"":""yes"",""ticker"":""KXBTC15M-26APR280045-45"",""trade_id"":""c4c58568-9d05-7db8-4fde-9d4d0c61b33a"",""yes_price_dollars"":""0.5100""}"
KXBTC15M-26APR280045-45,4408cdd2-4213-734b-65b4-d9e6290821b4,1777350610,0.51,38.16,yes,"{""count_fp"":""38.16"",""created_time"":""2026-04-28T04:30:10.449014Z"",""no_price_dollars"":""0.4900"",""taker_side"":""yes"",""ticker"":""KXBTC15M-26APR280045-45"",""trade_id"":""4408cdd2-4213-734b-65b4-d9e6290821b4"",""yes_price_dollars"":""0.5100""}"
KXBTC15M-26APR280045-45,f1c3212d-fbb0-4b9a-48cc-33b3149cbde9,1777350611,0.5,10.0,no,"{""count_fp"":""10.00"",""created_time"":""2026-04-28T04:30:11.927328Z"",""no_price_dollars"":""0.5000"",""taker_side"":""no"",""ticker"":""KXBTC15M-26APR280045-45"",""trade_id"":""f1c3212d-fbb0-4b9a-48cc-33b3149cbde9"",""yes_price_dollars"":""0.5000""}"
KXBTC15M-26APR280045-45,87b8aa2c-2729-4cef-6f96-d04ff28079c8,1777350611,0.5,35.0,no,"{""count_fp"":""35.00"",""created_time"":""2026-04-28T04:30:11.927328Z"",""no_price_dollars"":""0.5000"",""taker_side"":""no"",""ticker"":""KXBTC15M-26APR280045-45"",""trade_id"":""87b8aa2c-2729-4cef-6f96-d04ff28079c8"",""yes_price_dollars"":""0.5000""}"
KXBTC15M-26APR280045-45,846bab1a-e6a9-4691-467d-a8a9f39071d6,1777350611,0.5,20.56,no,"{""count_fp"":""20.56"",""created_time"":""2026-04-28T04:30:11.927328Z"",""no_price_dollars"":""0.5000"",""taker_side"":""no"",""ticker"":""KXBTC15M-26APR280045-45"",""trade_id"":""846bab1a-e6a9-4691-467d-a8a9f39071d6"",""yes_price_dollars"":""0.5000""}"
KXBTC15M-26APR280045-45,cdb35ad6-8717-5a5d-4c5e-4c25a02339dc,1777350611,0.51,14.18,yes,"{""count_fp"":""14.18"",""created_time"":""2026-04-28T04:30:11.420156Z"",""no_price_dollars"":""0.4900"",""taker_side"":""yes"",""ticker"":""KXBTC15M-26APR280045-45"",""trade_id"":""cdb35ad6-8717-5a5d-4c5e-4c25a02339dc"",""yes_price_dollars"":""0.5100""}"
KXBTC15M-26APR280045-45,967474d6-3c51-568a-41a4-cb1868b63349,1777350611,0.51,3.0,yes,"{""count_fp"":""3.00"",""created_time"":""2026-04-28T04:30:11.420156Z"",""no_price_dollars"":""0.4900"",""taker_side"":""yes"",""ticker"":""KXBTC15M-26APR280045-45"",""trade_id"":""967474d6-3c51-568a-41a4-cb1868b63349"",""yes_price_dollars"":""0.5100""}"
KXBTC15M-26APR280045-45,93b44cdd-1009-572f-4c6b-4638f9626cf6,1777350611,0.51,14.0,yes,"{""count_fp"":""14.00"",""created_time"":""2026-04-28T04:30:11.420156Z"",""no_price_dollars"":""0.4900"",""taker_side"":""yes"",""ticker"":""KXBTC15M-26APR280045-45"",""trade_id"":""93b44cdd-1009-572f-4c6b-4638f9626cf6"",""yes_price_dollars"":""0.5100""}"
KXBTC15M-26APR280045-45,0904ea90-d516-5f6a-4a78-dd4ab2ea4c9d,1777350611,0.51,20.0,yes,"{""count_fp"":""20.00"",""created_time"":""2026-04-28T04:30:11.420156Z"",""no_price_dollars"":""0.4900"",""taker_side"":""yes"",""ticker"":""KXBTC15M-26APR280045-45"",""trade_id"":""0904ea90-d516-5f6a-4a78-dd4ab2ea4c9d"",""yes_price_dollars"":""0.5100""}"
KXBTC15M-26APR280045-45,2dbb9c74-0fff-489d-a727-abb358225b50,1777350612,0.51,18.95,yes,"{""count_fp"":""18.95"",""created_time"":""2026-04-28T04:30:12.115343Z"",""no_price_dollars"":""0.4900"",""taker_side"":""yes"",""ticker"":""KXBTC15M-26APR280045-45"",""trade_id"":""2dbb9c74-0fff-489d-a727-abb358225b50"",""yes_price_dollars"":""0.5100""}"
KXBTC15M-26APR280045-45,262bea06-e8cd-5f15-65a8-28ef8c2d3eb6,1777350613,0.5,3.86,no,"{""count_fp"":""3.86"",""created_time"":""2026-04-28T04:30:13.670869Z"",""no_price_dollars"":""0.5000"",""taker_side"":""no"",""ticker"":""KXBTC15M-26APR280045-45"",""trade_id"":""262bea06-e8cd-5f15-65a8-28ef8c2d3eb6"",""yes_price_dollars"":""0.5000""}"
KXBTC15M-26APR280045-45,4d53740d-11f9-7441-622d-ad11a6256a2e,1777350613,0.5,2.0,no,"{""count_fp"":""2.00"",""created_time"":""2026-04-28T04:30:13.551569Z"",""no_price_dollars"":""0.5000"",""taker_side"":""no"",""ticker"":""KXBTC15M-26APR280045-45"",""trade_id"":""4d53740d-11f9-7441-622d-ad11a6256a2e"",""yes_price_dollars"":""0.5000""}"
KXBTC15M-26APR280045-45,7ce19e07-b3c9-498d-d018-d01eb4c9f126,1777350613,0.5,0.53,no,"{""count_fp"":""0.53"",""created_time"":""2026-04-28T04:30:13.532764Z"",""no_price_dollars"":""0.5000"",""taker_side"":""no"",""ticker"":""KXBTC15M-26APR280045-45"",""trade_id"":""7ce19e07-b3c9-498d-d018-d01eb4c9f126"",""yes_price_dollars"":""0.5000""}"
KXBTC15M-26APR280045-45,bc70f5a5-ddab-4577-e010-048f999c30a0,1777350613,0.51,3.0,yes,"{""count_fp"":""3.00"",""created_time"":""2026-04-28T04:30:13.291476Z"",""no_price_dollars"":""0.4900"",""taker_side"":""yes"",""ticker"":""KXBTC15M-26APR280045-45"",""trade_id"":""bc70f5a5-ddab-4577-e010-048f999c30a0"",""yes_price_dollars"":""0.5100""}"
KXBTC15M-26APR280045-45,b642aec5-fdc3-4929-fb14-4be3b17546b4,1777350613,0.51,15.95,yes,"{""count_fp"":""15.95"",""created_time"":""2026-04-28T04:30:13.291476Z"",""no_price_dollars"":""0.4900"",""taker_side"":""yes"",""ticker"":""KXBTC15M-26APR280045-45"",""trade_id"":""b642aec5-fdc3-4929-fb14-4be3b17546b4"",""yes_price_dollars"":""0.5100""}"
KXBTC15M-26APR280045-45,f5f3b487-c6f4-5d9d-b2ec-217f24ca78f6,1777350614,0.51,1.0,yes,"{""count_fp"":""1.00"",""created_time"":""2026-04-28T04:30:14.695794Z"",""no_price_dollars"":""0.4900"",""taker_side"":""yes"",""ticker"":""KXBTC15M-26APR280045-45"",""trade_id"":""f5f3b487-c6f4-5d9d-b2ec-217f24ca78f6"",""yes_price_dollars"":""0.5100""}"
KXBTC15M-26APR280045-45,5eff7e7b-d48b-53fe-f9cb-fa68e0c4691d,1777350614,0.51,7.0,yes,"{""count_fp"":""7.00"",""created_time"":""2026-04-28T04:30:14.612774Z"",""no_price_dollars"":""0.4900"",""taker_side"":""yes"",""ticker"":""KXBTC15M-26APR280045-45"",""trade_id"":""5eff7e7b-d48b-53fe-f9cb-fa68e0c4691d"",""yes_price_dollars"":""0.5100""}"
KXBTC15M-26APR280045-45,3ccd6c8d-8f01-55d1-d0db-d67bb4ccc1b1,1777350614,0.51,2.0,yes,"{""count_fp"":""2.00"",""created_time"":""2026-04-28T04:30:14.612774Z"",""no_price_dollars"":""0.4900"",""taker_side"":""yes"",""ticker"":""KXBTC15M-26APR280045-45"",""trade_id"":""3ccd6c8d-8f01-55d1-d0db-d67bb4ccc1b1"",""yes_price_dollars"":""0.5100""}"
KXBTC15M-26APR280045-45,07c0d333-1f71-5501-e618-f390210ab68a,1777350614,0.5,9.66,no,"{""count_fp"":""9.66"",""created_time"":""2026-04-28T04:30:14.233921Z"",""no_price_dollars"":""0.5000"",""taker_side"":""no"",""ticker"":""KXBTC15M-26APR280045-45"",""trade_id"":""07c0d333-1f71-5501-e618-f390210ab68a"",""yes_price_dollars"":""0.5000""}"
KXBTC15M-26APR280045-45,b24aa768-bdaf-6471-319a-e7c4d9066374,1777350614,0.51,18.95,yes,"{""count_fp"":""18.95"",""created_time"":""2026-04-28T04:30:14.108104Z"",""no_price_dollars"":""0.4900"",""taker_side"":""yes"",""ticker"":""KXBTC15M-26APR280045-45"",""trade_id"":""b24aa768-bdaf-6471-319a-e7c4d9066374"",""yes_price_dollars"":""0.5100""}"
KXBTC15M-26APR280045-45,28cb07b4-5e6c-61a4-5771-3919d9559485,1777350615,0.51,3.0,yes,"{""count_fp"":""3.00"",""created_time"":""2026-04-28T04:30:15.481079Z"",""no_price_dollars"":""0.4900"",""taker_side"":""yes"",""ticker"":""KXBTC15M-26APR280045-45"",""trade_id"":""28cb07b4-5e6c-61a4-5771-3919d9559485"",""yes_price_dollars"":""0.5100""}"
KXBTC15M-26APR280045-45,0aedefd2-bc99-4f29-8165-1053160d3052,1777350616,0.53,36.0,yes,"{""count_fp"":""36.00"",""created_time"":""2026-04-28T04:30:16.991188Z"",""no_price_dollars"":""0.4700"",""taker_side"":""yes"",""ticker"":""KXBTC15M-26APR280045-45"",""trade_id"":""0aedefd2-bc99-4f29-8165-1053160d3052"",""yes_price_dollars"":""0.5300""}"
KXBTC15M-26APR280045-45,fa157543-2856-4838-fd46-3fbc0496f499,1777350616,0.52,4.0,no,"{""count_fp"":""4.00"",""created_time"":""2026-04-28T04:30:16.276441Z"",""no_price_dollars"":""0.4800"",""taker_side"":""no"",""ticker"":""KXBTC15M-26APR280045-45"",""trade_id"":""fa157543-2856-4838-fd46-3fbc0496f499"",""yes_price_dollars"":""0.5200""}"
KXBTC15M-26APR280045-45,551f2a5f-0083-5f96-82ac-37cc730137a0,1777350617,0.51,35.45,no,"{""count_fp"":""35.45"",""created_time"":""2026-04-28T04:30:17.981977Z"",""no_price_dollars"":""0.4900"",""taker_side"":""no"",""ticker"":""KXBTC15M-26APR280045-45"",""trade_id"":""551f2a5f-0083-5f96-82ac-37cc730137a0"",""yes_price_dollars"":""0.5100""}"
KXBTC15M-26APR280045-45,d1b96d90-d546-5cc9-4bfb-797bd31a98d5,1777350617,0.52,14.69,no,"{""count_fp"":""14.69"",""created_time"":""2026-04-28T04:30:17.697658Z"",""no_price_dollars"":""0.4800"",""taker_side"":""no"",""ticker"":""KXBTC15M-26APR280045-45"",""trade_id"":""d1b96d90-d546-5cc9-4bfb-797bd31a98d5"",""yes_price_dollars"":""0.5200""}"
KXBTC15M-26APR280045-45,ce839f18-01bb-59c6-5c02-32023e7601b8,1777350617,0.51,2.53,no,"{""count_fp"":""2.53"",""created_time"":""2026-04-28T04:30:17.697658Z"",""no_price_dollars"":""0.4900"",""taker_side"":""no"",""ticker"":""KXBTC15M-26APR280045-45"",""trade_id"":""ce839f18-01bb-59c6-5c02-32023e7601b8"",""yes_price_dollars"":""0.5100""}"
KXBTC15M-26APR280045-45,a1d86973-5c83-5eee-6659-60e25c54e00d,1777350617,0.52,40.0,no,"{""count_fp"":""40.00"",""created_time"":""2026-04-28T04:30:17.697658Z"",""no_price_dollars"":""0.4800"",""taker_side"":""no"",""ticker"":""KXBTC15M-26APR280045-45"",""trade_id"":""a1d86973-5c83-5eee-6659-60e25c54e00d"",""yes_price_dollars"":""0.5200""}"
KXBTC15M-26APR280045-45,5d6528e9-4a0d-510d-760b-950879a2b443,1777350617,0.53,0.18,yes,"{""count_fp"":""0.18"",""created_time"":""2026-04-28T04:30:17.684849Z"",""no_price_dollars"":""0.4700"",""taker_side"":""yes"",""ticker"":""KXBTC15M-26APR280045-45"",""trade_id"":""5d6528e9-4a0d-510d-760b-950879a2b443"",""yes_price_dollars"":""0.5300""}"
KXBTC15M-26APR280045-45,af55cef6-4c45-785a-87b5-a84e0dd7a800,1777350617,0.52,15.0,no,"{""count_fp"":""15.00"",""created_time"":""2026-04-28T04:30:17.125949Z"",""no_price_dollars"":""0.4800"",""taker_side"":""no"",""ticker"":""KXBTC15M-26APR280045-45"",""trade_id"":""af55cef6-4c45-785a-87b5-a84e0dd7a800"",""yes_price_dollars"":""0.5200""}"
KXBTC15M-26APR280045-45,9e114905-808e-7fa4-974f-76be2923fa89,1777350617,0.52,13.89,no,"{""count_fp"":""13.89"",""created_time"":""2026-04-28T04:30:17.125949Z"",""no_price_dollars"":""0.4800"",""taker_side"":""no"",""ticker"":""KXBTC15M-26APR280045-45"",""trade_id"":""9e114905-808e-7fa4-974f-76be2923fa89"",""yes_price_dollars"":""0.5200""}"
KXBTC15M-26APR280045-45,8a4d0247-d58e-7279-847c-cf811e2b001d,1777350617,0.52,10.31,no,"{""count_fp"":""10.31"",""created_time"":""2026-04-28T04:30:17.125949Z"",""no_price_dollars"":""0.4800"",""taker_side"":""no"",""ticker"":""KXBTC15M-26APR280045-45"",""trade_id"":""8a4d0247-d58e-7279-847c-cf811e2b001d"",""yes_price_dollars"":""0.5200""}"
KXBTC15M-26APR280045-45,883745d8-24ee-74e3-893c-f270a625e561,1777350617,0.52,1.0,no,"{""count_fp"":""1.00"",""created_time"":""2026-04-28T04:30:17.125949Z"",""no_price_dollars"":""0.4800"",""taker_side"":""no"",""ticker"":""KXBTC15M-26APR280045-45"",""trade_id"":""883745d8-24ee-74e3-893c-f270a625e561"",""yes_price_dollars"":""0.5200""}"
KXBTC15M-26APR280045-45,7a8586ce-547a-5914-9d3e-432b53ce141d,1777350617,0.52,22.11,no,"{""count_fp"":""22.11"",""created_time"":""2026-04-28T04:30:17.119364Z"",""no_price_dollars"":""0.4800"",""taker_side"":""no"",""ticker"":""KXBTC15M-26APR280045-45"",""trade_id"":""7a8586ce-547a-5914-9d3e-432b53ce141d"",""yes_price_dollars"":""0.5200""}"
KXBTC15M-26APR280045-45,e1ff7ff5-5d4b-77f4-92f4-b7068373d957,1777350617,0.54,40.0,yes,"{""count_fp"":""40.00"",""created_time"":""2026-04-28T04:30:17.059326Z"",""no_price_dollars"":""0.4600"",""taker_side"":""yes"",""ticker"":""KXBTC15M-26APR280045-45"",""trade_id"":""e1ff7ff5-5d4b-77f4-92f4-b7068373d957"",""yes_price_dollars"":""0.5400""}"
KXBTC15M-26APR280045-45,c70013a5-515d-7881-afa6-aa997ece6b9a,1777350617,0.53,100.0,yes,"{""count_fp"":""100.00"",""created_time"":""2026-04-28T04:30:17.059326Z"",""no_price_dollars"":""0.4700"",""taker_side"":""yes"",""ticker"":""KXBTC15M-26APR280045-45"",""trade_id"":""c70013a5-515d-7881-afa6-aa997ece6b9a"",""yes_price_dollars"":""0.5300""}"
KXBTC15M-26APR280045-45,79a71ddb-a6f2-756e-9581-581197905134,1777350617,0.53,4.0,yes,"{""count_fp"":""4.00"",""created_time"":""2026-04-28T04:30:17.059326Z"",""no_price_dollars"":""0.4700"",""taker_side"":""yes"",""ticker"":""KXBTC15M-26APR280045-45"",""trade_id"":""79a71ddb-a6f2-756e-9581-581197905134"",""yes_price_dollars"":""0.5300""}"
KXBTC15M-26APR280045-45,4f0e4039-c353-7c43-aaf5-a59715d351b5,1777350617,0.54,56.0,yes,"{""count_fp"":""56.00"",""created_time"":""2026-04-28T04:30:17.059326Z"",""no_price_dollars"":""0.4600"",""taker_side"":""yes"",""ticker"":""KXBTC15M-26APR280045-45"",""trade_id"":""4f0e4039-c353-7c43-aaf5-a59715d351b5"",""yes_price_dollars"":""0.5400""}"
KXBTC15M-26APR280045-45,15cf00a6-122d-782b-8027-2191bc11345b,1777350617,0.53,3.0,yes,"{""count_fp"":""3.00"",""created_time"":""2026-04-28T04:30:17.059326Z"",""no_price_dollars"":""0.4700"",""taker_side"":""yes"",""ticker"":""KXBTC15M-26APR280045-45"",""trade_id"":""15cf00a6-122d-782b-8027-2191bc11345b"",""yes_price_dollars"":""0.5300""}"
KXBTC15M-26APR280045-45,064d22b8-52e6-77c6-92fa-7f897860562f,1777350617,0.54,157.64,yes,"{""count_fp"":""157.64"",""created_time"":""2026-04-28T04:30:17.059326Z"",""no_price_dollars"":""0.4600"",""taker_side"":""yes"",""ticker"":""KXBTC15M-26APR280045-45"",""trade_id"":""064d22b8-52e6-77c6-92fa-7f897860562f"",""yes_price_dollars"":""0.5400""}"
KXBTC15M-26APR280045-45,280966bd-c3d3-4a32-79f3-d684f9f8234a,1777350618,0.52,1.0,yes,"{""count_fp"":""1.00"",""created_time"":""2026-04-28T04:30:18.729206Z"",""no_price_dollars"":""0.4800"",""taker_side"":""yes"",""ticker"":""KXBTC15M-26APR280045-45"",""trade_id"":""280966bd-c3d3-4a32-79f3-d684f9f8234a"",""yes_price_dollars"":""0.5200""}"
KXBTC15M-26APR280045-45,c530e92d-f2bd-69d0-ece6-ba888e6244fe,1777350618,0.53,9.13,yes,"{""count_fp"":""9.13"",""created_time"":""2026-04-28T04:30:18.444525Z"",""no_price_dollars"":""0.4700"",""taker_side"":""yes"",""ticker"":""KXBTC15M-26APR280045-45"",""trade_id"":""c530e92d-f2bd-69d0-ece6-ba888e6244fe"",""yes_price_dollars"":""0.5300""}"
KXBTC15M-26APR280045-45,f702c7ba-a38d-6119-351c-7e2afc99f186,1777350618,0.53,40.0,yes,"{""count_fp"":""40.00"",""created_time"":""2026-04-28T04:30:18.413576Z"",""no_price_dollars"":""0.4700"",""taker_side"":""yes"",""ticker"":""KXBTC15M-26APR280045-45"",""trade_id"":""f702c7ba-a38d-6119-351c-7e2afc99f186"",""yes_price_dollars"":""0.5300""}"
KXBTC15M-26APR280045-45,9cffc704-3027-6871-1764-83fcd5ce51fb,1777350618,0.53,100.0,yes,"{""count_fp"":""100.00"",""created_time"":""2026-04-28T04:30:18.413576Z"",""no_price_dollars"":""0.4700"",""taker_side"":""yes"",""ticker"":""KXBTC15M-26APR280045-45"",""trade_id"":""9cffc704-3027-6871-1764-83fcd5ce51fb"",""yes_price_dollars"":""0.5300""}"
KXBTC15M-26APR280045-45,9af713ed-4359-60da-05d8-3f0441a95a58,1777350618,0.53,1.77,yes,"{""count_fp"":""1.77"",""created_time"":""2026-04-28T04:30:18.413576Z"",""no_price_dollars"":""0.4700"",""taker_side"":""yes"",""ticker"":""KXBTC15M-26APR280045-45"",""trade_id"":""9af713ed-4359-60da-05d8-3f0441a95a58"",""yes_price_dollars"":""0.5300""}"
KXBTC15M-26APR280045-45,bc7b1f27-6847-4bce-3a52-bb1e3fa81cfa,1777350619,0.52,0.28,yes,"{""count_fp"":""0.28"",""created_time"":""2026-04-28T04:30:19.926665Z"",""no_price_dollars"":""0.4800"",""taker_side"":""yes"",""ticker"":""KXBTC15M-26APR280045-45"",""trade_id"":""bc7b1f27-6847-4bce-3a52-bb1e3fa81cfa"",""yes_price_dollars"":""0.5200""}"
KXBTC15M-26APR280045-45,3b84d7ad-e422-4af7-3a77-715da11dde3d,1777350619,0.52,27.12,yes,"{""count_fp"":""27.12"",""created_time"":""2026-04-28T04:30:19.926665Z"",""no_price_dollars"":""0.4800"",""taker_side"":""yes"",""ticker"":""KXBTC15M-26APR280045-45"",""trade_id"":""3b84d7ad-e422-4af7-3a77-715da11dde3d"",""yes_price_dollars"":""0.5200""}"
KXBTC15M-26APR280045-45,cc150b7e-1d9f-7872-6ff5-4dedb0b39d2a,1777350619,0.52,3.72,yes,"{""count_fp"":""3.72"",""created_time"":""2026-04-28T04:30:19.115837Z"",""no_price_dollars"":""0.4800"",""taker_side"":""yes"",""ticker"":""KXBTC15M-26APR280045-45"",""trade_id"":""cc150b7e-1d9f-7872-6ff5-4dedb0b39d2a"",""yes_price_dollars"":""0.5200""}"
KXBTC15M-26APR280045-45,74464cc5-9b2f-71fa-b647-2235adfba98c,1777350620,0.52,4.27,yes,"{""count_fp"":""4.27"",""created_time"":""2026-04-28T04:30:20.950988Z"",""no_price_dollars"":""0.4800"",""taker_side"":""yes"",""ticker"":""KXBTC15M-26APR280045-45"",""trade_id"":""74464cc5-9b2f-71fa-b647-2235adfba98c"",""yes_price_dollars"":""0.5200""}"
KXBTC15M-26APR280045-45,417d398f-0f1f-59ae-f4b3-5da0b064a940,1777350620,0.52,1.0,yes,"{""count_fp"":""1.00"",""created_time"":""2026-04-28T04:30:20.674659Z"",""no_price_dollars"":""0.4800"",""taker_side"":""yes"",""ticker"":""KXBTC15M-26APR280045-45"",""trade_id"":""417d398f-0f1f-59ae-f4b3-5da0b064a940"",""yes_price_dollars"":""0.5200""}"
KXBTC15M-26APR280045-45,688c55e2-e787-5506-cf9b-e5de9d2cb240,1777350620,0.52,4.56,yes,"{""count_fp"":""4.56"",""created_time"":""2026-04-28T04:30:20.043259Z"",""no_price_dollars"":""0.4800"",""taker_side"":""yes"",""ticker"":""KXBTC15M-26APR280045-45"",""trade_id"":""688c55e2-e787-5506-cf9b-e5de9d2cb240"",""yes_price_dollars"":""0.5200""}"
KXBTC15M-26APR280045-45,0e8eafc0-47d9-7cce-48f5-c47dc30f18a2,1777350621,0.51,9.66,no,"{""count_fp"":""9.66"",""created_time"":""2026-04-28T04:30:21.832709Z"",""no_price_dollars"":""0.4900"",""taker_side"":""no"",""ticker"":""KXBTC15M-26APR280045-45"",""trade_id"":""0e8eafc0-47d9-7cce-48f5-c47dc30f18a2"",""yes_price_dollars"":""0.5100""}"
KXBTC15M-26APR280045-45,fa897d19-6d2b-6a9e-3b42-ee9d3d841bdc,1777350621,0.51,2.02,no,"{""count_fp"":""2.02"",""created_time"":""2026-04-28T04:30:21.773959Z"",""no_price_dollars"":""0.4900"",""taker_side"":""no"",""ticker"":""KXBTC15M-26APR280045-45"",""trade_id"":""fa897d19-6d2b-6a9e-3b42-ee9d3d841bdc"",""yes_price_dollars"":""0.5100""}"
KXBTC15M-26APR280045-45,c16ab3c7-ca3d-669e-0b38-5d2ae9ccc2a6,1777350621,0.51,12.38,no,"{""count_fp"":""12.38"",""created_time"":""2026-04-28T04:30:21.773959Z"",""no_price_dollars"":""0.4900"",""taker_side"":""no"",""ticker"":""KXBTC15M-26APR280045-45"",""trade_id"":""c16ab3c7-ca3d-669e-0b38-5d2ae9ccc2a6"",""yes_price_dollars"":""0.5100""}"
KXBTC15M-26APR280045-45,ae37fd2e-c341-612e-1836-3cc7e1c021c1,1777350621,0.51,5.0,no,"{""count_fp"":""5.00"",""created_time"":""2026-04-28T04:30:21.773959Z"",""no_price_dollars"":""0.4900"",""taker_side"":""no"",""ticker"":""KXBTC15M-26APR280045-45"",""trade_id"":""ae37fd2e-c341-612e-1836-3cc7e1c021c1"",""yes_price_dollars"":""0.5100""}"
KXBTC15M-26APR280045-45,83651d0c-57a9-61d3-2517-da22b4388748,1777350621,0.51,20.0,no,"{""count_fp"":""20.00"",""created_time"":""2026-04-28T04:30:21.773959Z"",""no_price_dollars"":""0.4900"",""taker_side"":""no"",""ticker"":""KXBTC15M-26APR280045-45"",""trade_id"":""83651d0c-57a9-61d3-2517-da22b4388748"",""yes_price_dollars"":""0.5100""}"
KXBTC15M-26APR280045-45,80711750-eaa3-51c6-a3ed-ab99eb537784,1777350621,0.52,3.17,yes,"{""count_fp"":""3.17"",""created_time"":""2026-04-28T04:30:21.572287Z"",""no_price_dollars"":""0.4800"",""taker_side"":""yes"",""ticker"":""KXBTC15M-26APR280045-45"",""trade_id"":""80711750-eaa3-51c6-a3ed-ab99eb537784"",""yes_price_dollars"":""0.5200""}"
KXBTC15M-26APR280045-45,12f9bbed-0b02-5f5f-93a3-c66fa93d956d,1777350621,0.52,0.48,yes,"{""count_fp"":""0.48"",""created_time"":""2026-04-28T04:30:21.572287Z"",""no_price_dollars"":""0.4800"",""taker_side"":""yes"",""ticker"":""KXBTC15M-26APR280045-45"",""trade_id"":""12f9bbed-0b02-5f5f-93a3-c66fa93d956d"",""yes_price_dollars"":""0.5200""}"
KXBTC15M-26APR280045-45,a1ff2791-62e7-53aa-4637-89d7bb7609b4,1777350621,0.52,2.0,yes,"{""count_fp"":""2.00"",""created_time"":""2026-04-28T04:30:21.534476Z"",""no_price_dollars"":""0.4800"",""taker_side"":""yes"",""ticker"":""KXBTC15M-26APR280045-45"",""trade_id"":""a1ff2791-62e7-53aa-4637-89d7bb7609b4"",""yes_price_dollars"":""0.5200""}"
KXBTC15M-26APR280045-45,3170292e-316e-7503-b56d-39164c4b3ee5,1777350622,0.52,27.9,yes,"{""count_fp"":""27.90"",""created_time"":""2026-04-28T04:30:22.966438Z"",""no_price_dollars"":""0.4800"",""taker_side"":""yes"",""ticker"":""KXBTC15M-26APR280045-45"",""trade_id"":""3170292e-316e-7503-b56d-39164c4b3ee5"",""yes_price_dollars"":""0.5200""}"
KXBTC15M-26APR280045-45,57375958-5341-4b32-b427-780ac2afd7d2,1777350622,0.51,5.0,no,"{""count_fp"":""5.00"",""created_time"":""2026-04-28T04:30:22.944351Z"",""no_price_dollars"":""0.4900"",""taker_side"":""no"",""ticker"":""KXBTC15M-26APR280045-45"",""trade_id"":""57375958-5341-4b32-b427-780ac2afd7d2"",""yes_price_dollars"":""0.5100""}"
KXBTC15M-26APR280045-45,d2818cc7-5142-41b3-496d-8f548414a5fd,1777350622,0.52,28.0,yes,"{""count_fp"":""28.00"",""created_time"":""2026-04-28T04:30:22.866764Z"",""no_price_dollars"":""0.4800"",""taker_side"":""yes"",""ticker"":""KXBTC15M-26APR280045-45"",""trade_id"":""d2818cc7-5142-41b3-496d-8f548414a5fd"",""yes_price_dollars"":""0.5200""}"
KXBTC15M-26APR280045-45,789a4a19-548e-66ef-843c-d47cb7854925,1777350622,0.52,1.0,yes,"{""count_fp"":""1.00"",""created_time"":""2026-04-28T04:30:22.692975Z"",""no_price_dollars"":""0.4800"",""taker_side"":""yes"",""ticker"":""KXBTC15M-26APR280045-45"",""trade_id"":""789a4a19-548e-66ef-843c-d47cb7854925"",""yes_price_dollars"":""0.5200""}"
KXBTC15M-26APR280045-45,e5b19a40-f8b9-443e-71e4-fbeb2d24a132,1777350622,0.51,19.69,no,"{""count_fp"":""19.69"",""created_time"":""2026-04-28T04:30:22.478754Z"",""no_price_dollars"":""0.4900"",""taker_side"":""no"",""ticker"":""KXBTC15M-26APR280045-45"",""trade_id"":""e5b19a40-f8b9-443e-71e4-fbeb2d24a132"",""yes_price_dollars"":""0.5100""}"
KXBTC15M-26APR280045-45,dfe6f8ef-b29e-5465-b264-ee262bc28a1d,1777350622,0.52,5.0,yes,"{""count_fp"":""5.00"",""created_time"":""2026-04-28T04:30:22.322859Z"",""no_price_dollars"":""0.4800"",""taker_side"":""yes"",""ticker"":""KXBTC15M-26APR280045-45"",""trade_id"":""dfe6f8ef-b29e-5465-b264-ee262bc28a1d"",""yes_price_dollars"":""0.5200""}"
KXBTC15M-26APR280045-45,558fd76c-648a-5017-9b3a-3d1b784866b9,1777350622,0.52,41.51,yes,"{""count_fp"":""41.51"",""created_time"":""2026-04-28T04:30:22.322859Z"",""no_price_dollars"":""0.4800"",""taker_side"":""yes"",""ticker"":""KXBTC15M-26APR280045-45"",""trade_id"":""558fd76c-648a-5017-9b3a-3d1b784866b9"",""yes_price_dollars"":""0.5200""}"
KXBTC15M-26APR280045-45,1f9c72a1-ddf6-7b53-fb70-11223bbee7b5,1777350622,0.52,20.46,yes,"{""count_fp"":""20.46"",""created_time"":""2026-04-28T04:30:22.241562Z"",""no_price_dollars"":""0.4800"",""taker_side"":""yes"",""ticker"":""KXBTC15M-26APR280045-45"",""trade_id"":""1f9c72a1-ddf6-7b53-fb70-11223bbee7b5"",""yes_price_dollars"":""0.5200""}"
KXBTC15M-26APR280045-45,535b8c29-f73a-6cab-22b5-4e64836c1281,1777350622,0.52,7.44,yes,"{""count_fp"":""7.44"",""created_time"":""2026-04-28T04:30:22.168963Z"",""no_price_dollars"":""0.4800"",""taker_side"":""yes"",""ticker"":""KXBTC15M-26APR280045-45"",""trade_id"":""535b8c29-f73a-6cab-22b5-4e64836c1281"",""yes_price_dollars"":""0.5200""}"
KXBTC15M-26APR280045-45,efd75eb3-2351-4e8a-c8f7-0ab95ef361da,1777350622,0.51,4.0,no,"{""count_fp"":""4.00"",""created_time"":""2026-04-28T04:30:22.007865Z"",""no_price_dollars"":""0.4900"",""taker_side"":""no"",""ticker"":""KXBTC15M-26APR280045-45"",""trade_id"":""efd75eb3-2351-4e8a-c8f7-0ab95ef361da"",""yes_price_dollars"":""0.5100""}"
KXBTC15M-26APR280045-45,ccc67a04-bfe2-765e-c9d1-57c81e76f31c,1777350623,0.53,38.91,no,"{""count_fp"":""38.91"",""created_time"":""2026-04-28T04:30:23.461457Z"",""no_price_dollars"":""0.4700"",""taker_side"":""no"",""ticker"":""KXBTC15M-26APR280045-45"",""trade_id"":""ccc67a04-bfe2-765e-c9d1-57c81e76f31c"",""yes_price_dollars"":""0.5300""}"
KXBTC15M-26APR280045-45,8686555b-61cf-7d4d-67e7-54bdb9409651,1777350623,0.53,2.0,yes,"{""count_fp"":""2.00"",""created_time"":""2026-04-28T04:30:23.398639Z"",""no_price_dollars"":""0.4700"",""taker_side"":""yes"",""ticker"":""KXBTC15M-26APR280045-45"",""trade_id"":""8686555b-61cf-7d4d-67e7-54bdb9409651"",""yes_price_dollars"":""0.5300""}"
KXBTC15M-26APR280045-45,5a6e8701-9cc5-7eed-6529-421e4d98bfdc,1777350623,0.54,11.79,yes,"{""count_fp"":""11.79"",""created_time"":""2026-04-28T04:30:23.398639Z"",""no_price_dollars"":""0.4600"",""taker_side"":""yes"",""ticker"":""KXBTC15M-26APR280045-45"",""trade_id"":""5a6e8701-9cc5-7eed-6529-421e4d98bfdc"",""yes_price_dollars"":""0.5400""}"
KXBTC15M-26APR280045-45,f595208d-5026-5d7f-2390-6a7fb9800fa0,1777350623,0.52,9.85,no,"{""count_fp"":""9.85"",""created_time"":""2026-04-28T04:30:23.245967Z"",""no_price_dollars"":""0.4800"",""taker_side"":""no"",""ticker"":""KXBTC15M-26APR280045-45"",""trade_id"":""f595208d-5026-5d7f-2390-6a7fb9800fa0"",""yes_price_dollars"":""0.5200""}"
KXBTC15M-26APR280045-45,e249de4c-145e-7b87-dccd-6b7f62931ca0,1777350623,0.52,12.0,no,"{""count_fp"":""12.00"",""created_time"":""2026-04-28T04:30:23.207781Z"",""no_price_dollars"":""0.4800"",""taker_side"":""no"",""ticker"":""KXBTC15M-26APR280045-45"",""trade_id"":""e249de4c-145e-7b87-dccd-6b7f62931ca0"",""yes_price_dollars"":""0.5200""}"
KXBTC15M-26APR280045-45,76ea00ca-37c0-707a-c70a-329fe6f2a91b,1777350623,0.52,3.0,no,"{""count_fp"":""3.00"",""created_time"":""2026-04-28T04:30:23.207781Z"",""no_price_dollars"":""0.4800"",""taker_side"":""no"",""ticker"":""KXBTC15M-26APR280045-45"",""trade_id"":""76ea00ca-37c0-707a-c70a-329fe6f2a91b"",""yes_price_dollars"":""0.5200""}"
KXBTC15M-26APR280045-45,db02d67b-f64d-5f2c-093b-ed09183d2f6e,1777350624,0.55,1.0,yes,"{""count_fp"":""1.00"",""created_time"":""2026-04-28T04:30:24.811629Z"",""no_price_dollars"":""0.4500"",""taker_side"":""yes"",""ticker"":""KXBTC15M-26APR280045-45"",""trade_id"":""db02d67b-f64d-5f2c-093b-ed09183d2f6e"",""yes_price_dollars"":""0.5500""}"
KXBTC15M-26APR280045-45,6d06554f-33c1-51d7-1a99-eb9315e0f08d,1777350624,0.55,7.0,yes,"{""count_fp"":""7.00"",""created_time"":""2026-04-28T04:30:24.811629Z"",""no_price_dollars"":""0.4500"",""taker_side"":""yes"",""ticker"":""KXBTC15M-26APR280045-45"",""trade_id"":""6d06554f-33c1-51d7-1a99-eb9315e0f08d"",""yes_price_dollars"":""0.5500""}"
KXBTC15M-26APR280045-45,5df67c58-5772-507b-0493-558af62ea252,1777350624,0.55,1.0,yes,"{""count_fp"":""1.00"",""created_time"":""2026-04-28T04:30:24.811629Z"",""no_price_dollars"":""0.4500"",""taker_side"":""yes"",""ticker"":""KXBTC15M-26APR280045-45"",""trade_id"":""5df67c58-5772-507b-0493-558af62ea252"",""yes_price_dollars"":""0.5500""}"
KXBTC15M-26APR280045-45,0afcbd52-fdbf-59a8-12b2-1ee0ea714063,1777350624,0.55,8.0,yes,"{""count_fp"":""8.00"",""created_time"":""2026-04-28T04:30:24.811629Z"",""no_price_dollars"":""0.4500"",""taker_side"":""yes"",""ticker"":""KXBTC15M-26APR280045-45"",""trade_id"":""0afcbd52-fdbf-59a8-12b2-1ee0ea714063"",""yes_price_dollars"":""0.5500""}"
KXBTC15M-26APR280045-45,69db7006-a26e-4b84-18e1-cc59d5926773,1777350624,0.54,1.0,yes,"{""count_fp"":""1.00"",""created_time"":""2026-04-28T04:30:24.721627Z"",""no_price_dollars"":""0.4600"",""taker_side"":""yes"",""ticker"":""KXBTC15M-26APR280045-45"",""trade_id"":""69db7006-a26e-4b84-18e1-cc59d5926773"",""yes_price_dollars"":""0.5400""}"
KXBTC15M-26APR280045-45,fb7e79f9-ae69-784a-ffed-7e025a27da26,1777350624,0.53,19.01,no,"{""count_fp"":""19.01"",""created_time"":""2026-04-28T04:30:24.430892Z"",""no_price_dollars"":""0.4700"",""taker_side"":""no"",""ticker"":""KXBTC15M-26APR280045-45"",""trade_id"":""fb7e79f9-ae69-784a-ffed-7e025a27da26"",""yes_price_dollars"":""0.5300""}"
KXBTC15M-26APR280045-45,bd6706c8-1452-74ae-c3ad-57fbe6b6e070,1777350624,0.53,1.09,no,"{""count_fp"":""1.09"",""created_time"":""2026-04-28T04:30:24.430892Z"",""no_price_dollars"":""0.4700"",""taker_side"":""no"",""ticker"":""KXBTC15M-26APR280045-45"",""trade_id"":""bd6706c8-1452-74ae-c3ad-57fbe6b6e070"",""yes_price_dollars"":""0.5300""}"
KXBTC15M-26APR280045-45,d56800a1-1755-4b3d-1207-a28187ae9034,1777350624,0.54,19.29,yes,"{""count_fp"":""19.29"",""created_time"":""2026-04-28T04:30:24.199785Z"",""no_price_dollars"":""0.4600"",""taker_side"":""yes"",""ticker"":""KXBTC15M-26APR280045-45"",""trade_id"":""d56800a1-1755-4b3d-1207-a28187ae9034"",""yes_price_dollars"":""0.5400""}"
KXBTC15M-26APR280045-45,65f0c067-f4b3-4e91-0f4d-e874671d4395,1777350624,0.54,44.22,yes,"{""count_fp"":""44.22"",""created_time"":""2026-04-28T04:30:24.199785Z"",""no_price_dollars"":""0.4600"",""taker_side"":""yes"",""ticker"":""KXBTC15M-26APR280045-45"",""trade_id"":""65f0c067-f4b3-4e91-0f4d-e874671d4395"",""yes_price_dollars"":""0.5400""}"
KXBTC15M-26APR280045-45,46dbf247-dbe9-6ef5-8539-e63341812cd4,1777350624,0.54,8.92,yes,"{""count_fp"":""8.92"",""created_time"":""2026-04-28T04:30:24.136208Z"",""no_price_dollars"":""0.4600"",""taker_side"":""yes"",""ticker"":""KXBTC15M-26APR280045-45"",""trade_id"":""46dbf247-dbe9-6ef5-8539-e63341812cd4"",""yes_price_dollars"":""0.5400""}"
KXBTC15M-26APR280045-45,3c13b73e-8a33-61fd-1aab-40b5c1170bc7,1777350625,0.53,9.85,no,"{""count_fp"":""9.85"",""created_time"":""2026-04-28T04:30:25.745207Z"",""no_price_dollars"":""0.4700"",""taker_side"":""no"",""ticker"":""KXBTC15M-26APR280045-45"",""trade_id"":""3c13b73e-8a33-61fd-1aab-40b5c1170bc7"",""yes_price_dollars"":""0.5300""}"
KXBTC15M-26APR280045-45,e6632c9a-1f09-537a-a21f-fa72643a0877,1777350625,0.54,5.15,yes,"{""count_fp"":""5.15"",""created_time"":""2026-04-28T04:30:25.710933Z"",""no_price_dollars"":""0.4600"",""taker_side"":""yes"",""ticker"":""KXBTC15M-26APR280045-45"",""trade_id"":""e6632c9a-1f09-537a-a21f-fa72643a0877"",""yes_price_dollars"":""0.5400""}"
KXBTC15M-26APR280045-45,c47b8fd4-c1ec-56ac-b499-445af849a9f9,1777350625,0.55,5.88,yes,"{""count_fp"":""5.88"",""created_time"":""2026-04-28T04:30:25.710933Z"",""no_price_dollars"":""0.4500"",""taker_side"":""yes"",""ticker"":""KXBTC15M-26APR280045-45"",""trade_id"":""c47b8fd4-c1ec-56ac-b499-445af849a9f9"",""yes_price_dollars"":""0.5500""}"
KXBTC15M-26APR280045-45,2df0c042-8479-55ab-ba46-93ee7f786c2d,1777350625,0.55,15.42,yes,"{""count_fp"":""15.42"",""created_time"":""2026-04-28T04:30:25.710933Z"",""no_price_dollars"":""0.4500"",""taker_side"":""yes"",""ticker"":""KXBTC15M-26APR280045-45"",""trade_id"":""2df0c042-8479-55ab-ba46-93ee7f786c2d"",""yes_price_dollars"":""0.5500""}"
KXBTC15M-26APR280045-45,ca9f713c-f808-7db1-a21c-7b4391eab717,1777350625,0.53,6.18,no,"{""count_fp"":""6.18"",""created_time"":""2026-04-28T04:30:25.703423Z"",""no_price_dollars"":""0.4700"",""taker_side"":""no"",""ticker"":""KXBTC15M-26APR280045-45"",""trade_id"":""ca9f713c-f808-7db1-a21c-7b4391eab717"",""yes_price_dollars"":""0.5300""}"
KXBTC15M-26APR280045-45,09cc8bf2-d8b7-7eb1-8ea6-054651b6b47b,1777350625,0.53,13.82,no,"{""count_fp"":""13.82"",""created_time"":""2026-04-28T04:30:25.703423Z"",""no_price_dollars"":""0.4700"",""taker_side"":""no"",""ticker"":""KXBTC15M-26APR280045-45"",""trade_id"":""09cc8bf2-d8b7-7eb1-8ea6-054651b6b47b"",""yes_price_dollars"":""0.5300""}"
KXBTC15M-26APR280045-45,c868ad24-8ed8-7cae-afd4-76b733c67844,1777350625,0.54,1.0,yes,"{""count_fp"":""1.00"",""created_time"":""2026-04-28T04:30:25.683045Z"",""no_price_dollars"":""0.4600"",""taker_side"":""yes"",""ticker"":""KXBTC15M-26APR280045-45"",""trade_id"":""c868ad24-8ed8-7cae-afd4-76b733c67844"",""yes_price_dollars"":""0.5400""}"
KXBTC15M-26APR280045-45,5470d34c-1f54-7f59-9e45-5ec8eb90ad1b,1777350625,0.54,40.0,yes,"{""count_fp"":""40.00"",""created_time"":""2026-04-28T04:30:25.683045Z"",""no_price_dollars"":""0.4600"",""taker_side"":""yes"",""ticker"":""KXBTC15M-26APR280045-45"",""trade_id"":""5470d34c-1f54-7f59-9e45-5ec8eb90ad1b"",""yes_price_dollars"":""0.5400""}"
KXBTC15M-26APR280045-45,02bd3460-5601-7086-9e91-bde34bacf32f,1777350625,0.54,3.85,yes,"{""count_fp"":""3.85"",""created_time"":""2026-04-28T04:30:25.683045Z"",""no_price_dollars"":""0.4600"",""taker_side"":""yes"",""ticker"":""KXBTC15M-26APR280045-45"",""trade_id"":""02bd3460-5601-7086-9e91-bde34bacf32f"",""yes_price_dollars"":""0.5400""}"
KXBTC15M-26APR280045-45,f5d16a9c-dfd8-5d69-c862-f63dd3a5a767,1777350625,0.53,49.82,no,"{""count_fp"":""49.82"",""created_time"":""2026-04-28T04:30:25.177843Z"",""no_price_dollars"":""0.4700"",""taker_side"":""no"",""ticker"":""KXBTC15M-26APR280045-45"",""trade_id"":""f5d16a9c-dfd8-5d69-c862-f63dd3a5a767"",""yes_price_dollars"":""0.5300""}"
KXBTC15M-26APR280045-45,7e0b9dec-51a5-5605-d920-214690ca0ae2,1777350625,0.53,10.0,no,"{""count_fp"":""10.00"",""created_time"":""2026-04-28T04:30:25.177843Z"",""no_price_dollars"":""0.4700"",""taker_side"":""no"",""ticker"":""KXBTC15M-26APR280045-45"",""trade_id"":""7e0b9dec-51a5-5605-d920-214690ca0ae2"",""yes_price_dollars"":""0.5300""}"
KXBTC15M-26APR280045-45,74dc830d-ba34-5641-c786-06fce954d1ac,1777350625,0.53,20.0,no,"{""count_fp"":""20.00"",""created_time"":""2026-04-28T04:30:25.177843Z"",""no_price_dollars"":""0.4700"",""taker_side"":""no"",""ticker"":""KXBTC15M-26APR280045-45"",""trade_id"":""74dc830d-ba34-5641-c786-06fce954d1ac"",""yes_price_dollars"":""0.5300""}"
KXBTC15M-26APR280045-45,6002b3f4-5fa0-58cc-fff7-71660b503196,1777350625,0.53,10.0,no,"{""count_fp"":""10.00"",""created_time"":""2026-04-28T04:30:25.177843Z"",""no_price_dollars"":""0.4700"",""taker_side"":""no"",""ticker"":""KXBTC15M-26APR280045-45"",""trade_id"":""6002b3f4-5fa0-58cc-fff7-71660b503196"",""yes_price_dollars"":""0.5300""}"
KXBTC15M-26APR280045-45,3fa52ec6-c1bd-529a-e5c1-ada933a3add2,1777350625,0.53,480.99,no,"{""count_fp"":""480.99"",""created_time"":""2026-04-28T04:30:25.177843Z"",""no_price_dollars"":""0.4700"",""taker_side"":""no"",""ticker"":""KXBTC15M-26APR280045-45"",""trade_id"":""3fa52ec6-c1bd-529a-e5c1-ada933a3add2"",""yes_price_dollars"":""0.5300""}"
KXBTC15M-26APR280045-45,33636465-2561-5ac8-e65f-7249cc555cdc,1777350625,0.53,40.0,no,"{""count_fp"":""40.00"",""created_time"":""2026-04-28T04:30:25.177843Z"",""no_price_dollars"":""0.4700"",""taker_side"":""no"",""ticker"":""KXBTC15M-26APR280045-45"",""trade_id"":""33636465-2561-5ac8-e65f-7249cc555cdc"",""yes_price_dollars"":""0.5300""}"
KXBTC15M-26APR280045-45,2a04956b-3a30-5c63-df33-c0f73f897f28,1777350625,0.53,3.0,no,"{""count_fp"":""3.00"",""created_time"":""2026-04-28T04:30:25.177843Z"",""no_price_dollars"":""0.4700"",""taker_side"":""no"",""ticker"":""KXBTC15M-26APR280045-45"",""trade_id"":""2a04956b-3a30-5c63-df33-c0f73f897f28"",""yes_price_dollars"":""0.5300""}"
KXBTC15M-26APR280045-45,54f36016-fa95-59f7-a7c1-2cc3782e9695,1777350625,0.55,17.58,yes,"{""count_fp"":""17.58"",""created_time"":""2026-04-28T04:30:25.091007Z"",""no_price_dollars"":""0.4500"",""taker_side"":""yes"",""ticker"":""KXBTC15M-26APR280045-45"",""trade_id"":""54f36016-fa95-59f7-a7c1-2cc3782e9695"",""yes_price_dollars"":""0.5500""}"
KXBTC15M-26APR280045-45,d948a5ac-819f-58ba-1924-725368291669,1777350626,0.54,1.02,no,"{""count_fp"":""1.02"",""created_time"":""2026-04-28T04:30:26.367701Z"",""no_price_dollars"":""0.4600"",""taker_side"":""no"",""ticker"":""KXBTC15M-26APR280045-45"",""trade_id"":""d948a5ac-819f-58ba-1924-725368291669"",""yes_price_dollars"":""0.5400""}"
KXBTC15M-26APR280045-45,c937cab5-284d-4a5d-4145-1b43dc11510f,1777350626,0.56,1.0,yes,"{""count_fp"":""1.00"",""created_time"":""2026-04-28T04:30:26.281384Z"",""no_price_dollars"":""0.4400"",""taker_side"":""yes"",""ticker"":""KXBTC15M-26APR280045-45"",""trade_id"":""c937cab5-284d-4a5d-4145-1b43dc11510f"",""yes_price_dollars"":""0.5600""}"
KXBTC15M-26APR280045-45,a800172f-54fa-47f0-4682-ae92e8cf7af4,1777350626,0.56,40.0,yes,"{""count_fp"":""40.00"",""created_time"":""2026-04-28T04:30:26.281384Z"",""no_price_dollars"":""0.4400"",""taker_side"":""yes"",""ticker"":""KXBTC15M-26APR280045-45"",""trade_id"":""a800172f-54fa-47f0-4682-ae92e8cf7af4"",""yes_price_dollars"":""0.5600""}"
KXBTC15M-26APR280045-45,3fc003cf-363a-4e7c-422e-1d901eabf82f,1777350626,0.56,19.67,yes,"{""count_fp"":""19.67"",""created_time"":""2026-04-28T04:30:26.281384Z"",""no_price_dollars"":""0.4400"",""taker_side"":""yes"",""ticker"":""KXBTC15M-26APR280045-45"",""trade_id"":""3fc003cf-363a-4e7c-422e-1d901eabf82f"",""yes_price_dollars"":""0.5600""}"
KXBTC15M-26APR280045-45,35704f37-4cbd-4f8a-47ef-941ca62b7f4b,1777350626,0.55,32.39,yes,"{""count_fp"":""32.39"",""created_time"":""2026-04-28T04:30:26.281384Z"",""no_price_dollars"":""0.4500"",""taker_side"":""yes"",""ticker"":""KXBTC15M-26APR280045-45"",""trade_id"":""35704f37-4cbd-4f8a-47ef-941ca62b7f4b"",""yes_price_dollars"":""0.5500""}"
KXBTC15M-26APR280045-45,9c5e1575-6c31-46ae-0ab7-ca72bc4ac1bb,1777350626,0.55,7.61,yes,"{""count_fp"":""7.61"",""created_time"":""2026-04-28T04:30:26.064207Z"",""no_price_dollars"":""0.4500"",""taker_side"":""yes"",""ticker"":""KXBTC15M-26APR280045-45"",""trade_id"":""9c5e1575-6c31-46ae-0ab7-ca72bc4ac1bb"",""yes_price_dollars"":""0.5500""}"
KXBTC15M-26APR280045-45,29beb0ff-c35c-4fdb-13a0-aee60552df9e,1777350626,0.55,1.0,yes,"{""count_fp"":""1.00"",""created_time"":""2026-04-28T04:30:26.064207Z"",""no_price_dollars"":""0.4500"",""taker_side"":""yes"",""ticker"":""KXBTC15M-26APR280045-45"",""trade_id"":""29beb0ff-c35c-4fdb-13a0-aee60552df9e"",""yes_price_dollars"":""0.5500""}"
KXBTC15M-26APR280045-45,46a2df0e-78c7-4c02-a5a6-c3ba749687d5,1777350627,0.54,15.0,no,"{""count_fp"":""15.00"",""created_time"":""2026-04-28T04:30:27.534268Z"",""no_price_dollars"":""0.4600"",""taker_side"":""no"",""ticker"":""KXBTC15M-26APR280045-45"",""trade_id"":""46a2df0e-78c7-4c02-a5a6-c3ba749687d5"",""yes_price_dollars"":""0.5400""}"
KXBTC15M-26APR280045-45,d1e177d6-9bb0-5a79-d1b4-b2072301fe62,1777350627,0.55,3.0,yes,"{""count_fp"":""3.00"",""created_time"":""2026-04-28T04:30:27.494409Z"",""no_price_dollars"":""0.4500"",""taker_side"":""yes"",""ticker"":""KXBTC15M-26APR280045-45"",""trade_id"":""d1e177d6-9bb0-5a79-d1b4-b2072301fe62"",""yes_price_dollars"":""0.5500""}"
KXBTC15M-26APR280045-45,b60024bd-fd96-5d3b-ffa2-dcd228516c66,1777350627,0.56,28.9,yes,"{""count_fp"":""28.90"",""created_time"":""2026-04-28T04:30:27.494409Z"",""no_price_dollars"":""0.4400"",""taker_side"":""yes"",""ticker"":""KXBTC15M-26APR280045-45"",""trade_id"":""b60024bd-fd96-5d3b-ffa2-dcd228516c66"",""yes_price_dollars"":""0.5600""}"
KXBTC15M-26APR280045-45,915e40b3-3b17-5176-ed9e-189f4d9a06a7,1777350627,0.55,15.0,yes,"{""count_fp"":""15.00"",""created_time"":""2026-04-28T04:30:27.494409Z"",""no_price_dollars"":""0.4500"",""taker_side"":""yes"",""ticker"":""KXBTC15M-26APR280045-45"",""trade_id"":""915e40b3-3b17-5176-ed9e-189f4d9a06a7"",""yes_price_dollars"":""0.5500""}"
KXBTC15M-26APR280045-45,6c43e86e-be0c-522c-ed9c-47d80b7e2b94,1777350627,0.55,27.0,yes,"{""count_fp"":""27.00"",""created_time"":""2026-04-28T04:30:27.494409Z"",""no_price_dollars"":""0.4500"",""taker_side"":""yes"",""ticker"":""KXBTC15M-26APR280045-45"",""trade_id"":""6c43e86e-be0c-522c-ed9c-47d80b7e2b94"",""yes_price_dollars"":""0.5500""}"
KXBTC15M-26APR280045-45,248c4430-de0c-582e-c687-c2e5069cf9af,1777350627,0.55,100.0,yes,"{""count_fp"":""100.00"",""created_time"":""2026-04-28T04:30:27.494409Z"",""no_price_dollars"":""0.4500"",""taker_side"":""yes"",""ticker"":""KXBTC15M-26APR280045-45"",""trade_id"":""248c4430-de0c-582e-c687-c2e5069cf9af"",""yes_price_dollars"":""0.5500""}"
KXBTC15M-26APR280045-45,5b3628c5-acb0-4e94-6bb9-0839ccf4ff98,1777350627,0.55,13.0,yes,"{""count_fp"":""13.00"",""created_time"":""2026-04-28T04:30:27.212303Z"",""no_price_dollars"":""0.4500"",""taker_side"":""yes"",""ticker"":""KXBTC15M-26APR280045-45"",""trade_id"":""5b3628c5-acb0-4e94-6bb9-0839ccf4ff98"",""yes_price_dollars"":""0.5500""}"
KXBTC15M-26APR280045-45,9c6cb572-e9b6-7cab-2d56-0c490ca61495,1777350628,0.55,1.0,yes,"{""count_fp"":""1.00"",""created_time"":""2026-04-28T04:30:28.701044Z"",""no_price_dollars"":""0.4500"",""taker_side"":""yes"",""ticker"":""KXBTC15M-26APR280045-45"",""trade_id"":""9c6cb572-e9b6-7cab-2d56-0c490ca61495"",""yes_price_dollars"":""0.5500""}"
KXBTC15M-26APR280045-45,da857c51-843e-6a67-3398-cae58211ad65,1777350628,0.55,52.87,yes,"{""count_fp"":""52.87"",""created_time"":""2026-04-28T04:30:28.629742Z"",""no_price_dollars"":""0.4500"",""taker_side"":""yes"",""ticker"":""KXBTC15M-26APR280045-45"",""trade_id"":""da857c51-843e-6a67-3398-cae58211ad65"",""yes_price_dollars"":""0.5500""}"
KXBTC15M-26APR280045-45,94ddd7f2-a786-71bb-0187-f3245d946bf5,1777350628,0.55,24.36,yes,"{""count_fp"":""24.36"",""created_time"":""2026-04-28T04:30:28.522302Z"",""no_price_dollars"":""0.4500"",""taker_side"":""yes"",""ticker"":""KXBTC15M-26APR280045-45"",""trade_id"":""94ddd7f2-a786-71bb-0187-f3245d946bf5"",""yes_price_dollars"":""0.5500""}"
KXBTC15M-26APR280045-45,771ee77a-1051-7b6c-085f-e17cf87d2349,1777350628,0.55,3.0,yes,"{""count_fp"":""3.00"",""created_time"":""2026-04-28T04:30:28.522302Z"",""no_price_dollars"":""0.4500"",""taker_side"":""yes"",""ticker"":""KXBTC15M-26APR280045-45"",""trade_id"":""771ee77a-1051-7b6c-085f-e17cf87d2349"",""yes_price_dollars"":""0.5500""}"
KXBTC15M-26APR280045-45,a649bdeb-9f78-4e26-e774-cfc8f9a3b3d9,1777350630,0.57,2.0,yes,"{""count_fp"":""2.00"",""created_time"":""2026-04-28T04:30:30.920181Z"",""no_price_dollars"":""0.4300"",""taker_side"":""yes"",""ticker"":""KXBTC15M-26APR280045-45"",""trade_id"":""a649bdeb-9f78-4e26-e774-cfc8f9a3b3d9"",""yes_price_dollars"":""0.5700""}"
KXBTC15M-26APR280045-45,b74000da-4206-5d29-f357-873d65e0f331,1777350630,0.57,1.0,yes,"{""count_fp"":""1.00"",""created_time"":""2026-04-28T04:30:30.908989Z"",""no_price_dollars"":""0.4300"",""taker_side"":""yes"",""ticker"":""KXBTC15M-26APR280045-45"",""trade_id"":""b74000da-4206-5d29-f357-873d65e0f331"",""yes_price_dollars"":""0.5700""}"
KXBTC15M-26APR280045-45,1e9fa52d-27b5-5b56-c8be-d00f470c0f87,1777350630,0.57,85.79,yes,"{""count_fp"":""85.79"",""created_time"":""2026-04-28T04:30:30.908989Z"",""no_price_dollars"":""0.4300"",""taker_side"":""yes"",""ticker"":""KXBTC15M-26APR280045-45"",""trade_id"":""1e9fa52d-27b5-5b56-c8be-d00f470c0f87"",""yes_price_dollars"":""0.5700""}"
KXBTC15M-26APR280045-45,8a17b165-41ad-545e-8c71-cea1a9697eab,1777350630,0.57,14.21,yes,"{""count_fp"":""14.21"",""created_time"":""2026-04-28T04:30:30.902533Z"",""no_price_dollars"":""0.4300"",""taker_side"":""yes"",""ticker"":""KXBTC15M-26APR280045-45"",""trade_id"":""8a17b165-41ad-545e-8c71-cea1a9697eab"",""yes_price_dollars"":""0.5700""}"
KXBTC15M-26APR280045-45,37feba0d-674f-5ddd-9b11-1aa69a416a26,1777350630,0.56,6.63,yes,"{""count_fp"":""6.63"",""created_time"":""2026-04-28T04:30:30.902533Z"",""no_price_dollars"":""0.4400"",""taker_side"":""yes"",""ticker"":""KXBTC15M-26APR280045-45"",""trade_id"":""37feba0d-674f-5ddd-9b11-1aa69a416a26"",""yes_price_dollars"":""0.5600""}"
KXBTC15M-26APR280045-45,598e91a8-915b-4a6e-6987-8f5306173075,1777350630,0.55,28.72,no,"{""count_fp"":""28.72"",""created_time"":""2026-04-28T04:30:30.874453Z"",""no_price_dollars"":""0.4500"",""taker_side"":""no"",""ticker"":""KXBTC15M-26APR280045-45"",""trade_id"":""598e91a8-915b-4a6e-6987-8f5306173075"",""yes_price_dollars"":""0.5500""}"
KXBTC15M-26APR280045-45,af4cf2ec-54db-6b09-1cde-a361647b400a,1777350630,0.56,0.37,yes,"{""count_fp"":""0.37"",""created_time"":""2026-04-28T04:30:30.702098Z"",""no_price_dollars"":""0.4400"",""taker_side"":""yes"",""ticker"":""KXBTC15M-26APR280045-45"",""trade_id"":""af4cf2ec-54db-6b09-1cde-a361647b400a"",""yes_price_dollars"":""0.5600""}"
KXBTC15M-26APR280045-45,2cdadaf8-e010-6d62-31ee-58871e0478bb,1777350630,0.56,34.09,yes,"{""count_fp"":""34.09"",""created_time"":""2026-04-28T04:30:30.702098Z"",""no_price_dollars"":""0.4400"",""taker_side"":""yes"",""ticker"":""KXBTC15M-26APR280045-45"",""trade_id"":""2cdadaf8-e010-6d62-31ee-58871e0478bb"",""yes_price_dollars"":""0.5600""}"
KXBTC15M-26APR280045-45,d75637b0-2700-745a-1483-736ce1e88ddf,1777350630,0.56,2.21,yes,"{""count_fp"":""2.21"",""created_time"":""2026-04-28T04:30:30.624026Z"",""no_price_dollars"":""0.4400"",""taker_side"":""yes"",""ticker"":""KXBTC15M-26APR280045-45"",""trade_id"":""d75637b0-2700-745a-1483-736ce1e88ddf"",""yes_price_dollars"":""0.5600""}"
KXBTC15M-26APR280045-45,9404375e-b078-6a5e-6031-4c21fe1c0e87,1777350630,0.56,1.7,yes,"{""count_fp"":""1.70"",""created_time"":""2026-04-28T04:30:30.479502Z"",""no_price_dollars"":""0.4400"",""taker_side"":""yes"",""ticker"":""KXBTC15M-26APR280045-45"",""trade_id"":""9404375e-b078-6a5e-6031-4c21fe1c0e87"",""yes_price_dollars"":""0.5600""}"
KXBTC15M-26APR280045-45,96aaea07-a6c4-4172-442c-a40b072a38ef,1777350630,0.56,2.0,yes,"{""count_fp"":""2.00"",""created_time"":""2026-04-28T04:30:30.434263Z"",""no_price_dollars"":""0.4400"",""taker_side"":""yes"",""ticker"":""KXBTC15M-26APR280045-45"",""trade_id"":""96aaea07-a6c4-4172-442c-a40b072a38ef"",""yes_price_dollars"":""0.5600""}"
KXBTC15M-26APR280045-45,3c805ea0-67bb-607a-b491-5ef99202e601,1777350630,0.55,11.66,no,"{""count_fp"":""11.66"",""created_time"":""2026-04-28T04:30:30.350581Z"",""no_price_dollars"":""0.4500"",""taker_side"":""no"",""ticker"":""KXBTC15M-26APR280045-45"",""trade_id"":""3c805ea0-67bb-607a-b491-5ef99202e601"",""yes_price_dollars"":""0.5500""}"
KXBTC15M-26APR280045-45,dfb2552d-d721-402d-f41f-16b2688c8331,1777350630,0.56,5.88,no,"{""count_fp"":""5.88"",""created_time"":""2026-04-28T04:30:30.325781Z"",""no_price_dollars"":""0.4400"",""taker_side"":""no"",""ticker"":""KXBTC15M-26APR280045-45"",""trade_id"":""dfb2552d-d721-402d-f41f-16b2688c8331"",""yes_price_dollars"":""0.5600""}"
KXBTC15M-26APR280045-45,6ff3fb33-54bf-4a08-d9d6-f3b88d8a6d33,1777350630,0.56,40.0,no,"{""count_fp"":""40.00"",""created_time"":""2026-04-28T04:30:30.325781Z"",""no_price_dollars"":""0.4400"",""taker_side"":""no"",""ticker"":""KXBTC15M-26APR280045-45"",""trade_id"":""6ff3fb33-54bf-4a08-d9d6-f3b88d8a6d33"",""yes_price_dollars"":""0.5600""}"
KXBTC15M-26APR280045-45,470c8aaf-3ca7-463e-e54f-bc6c832b106d,1777350630,0.55,19.93,no,"{""count_fp"":""19.93"",""created_time"":""2026-04-28T04:30:30.325781Z"",""no_price_dollars"":""0.4500"",""taker_side"":""no"",""ticker"":""KXBTC15M-26APR280045-45"",""trade_id"":""470c8aaf-3ca7-463e-e54f-bc6c832b106d"",""yes_price_dollars"":""0.5500""}"
KXBTC15M-26APR280045-45,323b6958-fc26-45a8-f9f1-552f1ed87801,1777350630,0.55,40.0,no,"{""count_fp"":""40.00"",""created_time"":""2026-04-28T04:30:30.325781Z"",""no_price_dollars"":""0.4500"",""taker_side"":""no"",""ticker"":""KXBTC15M-26APR280045-45"",""trade_id"":""323b6958-fc26-45a8-f9f1-552f1ed87801"",""yes_price_dollars"":""0.5500""}"
KXBTC15M-26APR280045-45,b3b31914-3a47-72c5-2d42-27c49b43a55b,1777350630,0.57,1.0,yes,"{""count_fp"":""1.00"",""created_time"":""2026-04-28T04:30:30.237057Z"",""no_price_dollars"":""0.4300"",""taker_side"":""yes"",""ticker"":""KXBTC15M-26APR280045-45"",""trade_id"":""b3b31914-3a47-72c5-2d42-27c49b43a55b"",""yes_price_dollars"":""0.5700""}"
KXBTC15M-26APR280045-45,ac6535fb-a905-4dae-ac9a-f093d8e603c6,1777350631,0.59,2.09,no,"{""count_fp"":""2.09"",""created_time"":""2026-04-28T04:30:31.767734Z"",""no_price_dollars"":""0.4100"",""taker_side"":""no"",""ticker"":""KXBTC15M-26APR280045-45"",""trade_id"":""ac6535fb-a905-4dae-ac9a-f093d8e603c6"",""yes_price_dollars"":""0.5900""}"
KXBTC15M-26APR280045-45,fffb4225-ae65-4ac4-953d-df6f33b3db0e,1777350631,0.6,100.0,yes,"{""count_fp"":""100.00"",""created_time"":""2026-04-28T04:30:31.107702Z"",""no_price_dollars"":""0.4000"",""taker_side"":""yes"",""ticker"":""KXBTC15M-26APR280045-45"",""trade_id"":""fffb4225-ae65-4ac4-953d-df6f33b3db0e"",""yes_price_dollars"":""0.6000""}"
KXBTC15M-26APR280045-45,cdf0b69a-c6f3-49a3-920f-79dedc87be83,1777350631,0.59,119.0,yes,"{""count_fp"":""119.00"",""created_time"":""2026-04-28T04:30:31.107702Z"",""no_price_dollars"":""0.4100"",""taker_side"":""yes"",""ticker"":""KXBTC15M-26APR280045-45"",""trade_id"":""cdf0b69a-c6f3-49a3-920f-79dedc87be83"",""yes_price_dollars"":""0.5900""}"
KXBTC15M-26APR280045-45,9f30e107-58d3-49c8-9f9a-5f30b80abd21,1777350631,0.58,2.0,yes,"{""count_fp"":""2.00"",""created_time"":""2026-04-28T04:30:31.107702Z"",""no_price_dollars"":""0.4200"",""taker_side"":""yes"",""ticker"":""KXBTC15M-26APR280045-45"",""trade_id"":""9f30e107-58d3-49c8-9f9a-5f30b80abd21"",""yes_price_dollars"":""0.5800""}"
KXBTC15M-26APR280045-45,9e3ef813-e278-43fe-85fb-7609cf3add80,1777350631,0.6,69.73,yes,"{""count_fp"":""69.73"",""created_time"":""2026-04-28T04:30:31.107702Z"",""no_price_dollars"":""0.4000"",""taker_side"":""yes"",""ticker"":""KXBTC15M-26APR280045-45"",""trade_id"":""9e3ef813-e278-43fe-85fb-7609cf3add80"",""yes_price_dollars"":""0.6000""}"
KXBTC15M-26APR280045-45,7cf65a2c-d55b-42c0-9417-1bb276ab11d3,1777350631,0.58,1.0,yes,"{""count_fp"":""1.00"",""created_time"":""2026-04-28T04:30:31.107702Z"",""no_price_dollars"":""0.4200"",""taker_side"":""yes"",""ticker"":""KXBTC15M-26APR280045-45"",""trade_id"":""7cf65a2c-d55b-42c0-9417-1bb276ab11d3"",""yes_price_dollars"":""0.5800""}"
KXBTC15M-26APR280045-45,740ee10d-e6d1-490d-add3-498021e9a873,1777350631,0.6,119.0,yes,"{""count_fp"":""119.00"",""created_time"":""2026-04-28T04:30:31.107702Z"",""no_price_dollars"":""0.4000"",""taker_side"":""yes"",""ticker"":""KXBTC15M-26APR280045-45"",""trade_id"":""740ee10d-e6d1-490d-add3-498021e9a873"",""yes_price_dollars"":""0.6000""}"
KXBTC15M-26APR280045-45,569effff-bbd1-4e46-a94d-0ad355354144,1777350631,0.59,5.0,yes,"{""count_fp"":""5.00"",""created_time"":""2026-04-28T04:30:31.107702Z"",""no_price_dollars"":""0.4100"",""taker_side"":""yes"",""ticker"":""KXBTC15M-26APR280045-45"",""trade_id"":""569effff-bbd1-4e46-a94d-0ad355354144"",""yes_price_dollars"":""0.5900""}"
KXBTC15M-26APR280045-45,417f6bf7-f340-4462-9529-65478ea06e24,1777350631,0.6,40.0,yes,"{""count_fp"":""40.00"",""created_time"":""2026-04-28T04:30:31.107702Z"",""no_price_dollars"":""0.4000"",""taker_side"":""yes"",""ticker"":""KXBTC15M-26APR280045-45"",""trade_id"":""417f6bf7-f340-4462-9529-65478ea06e24"",""yes_price_dollars"":""0.6000""}"
KXBTC15M-26APR280045-45,35b04c71-d4ec-463e-91ca-84480f4cae7a,1777350631,0.6,15.0,yes,"{""count_fp"":""15.00"",""created_time"":""2026-04-28T04:30:31.107702Z"",""no_price_dollars"":""0.4000"",""taker_side"":""yes"",""ticker"":""KXBTC15M-26APR280045-45"",""trade_id"":""35b04c71-d4ec-463e-91ca-84480f4cae7a"",""yes_price_dollars"":""0.6000""}"
KXBTC15M-26APR280045-45,29729c12-9f2a-4977-b01f-e376030b26fd,1777350631,0.59,40.0,yes,"{""count_fp"":""40.00"",""created_time"":""2026-04-28T04:30:31.107702Z"",""no_price_dollars"":""0.4100"",""taker_side"":""yes"",""ticker"":""KXBTC15M-26APR280045-45"",""trade_id"":""29729c12-9f2a-4977-b01f-e376030b26fd"",""yes_price_dollars"":""0.5900""}"
KXBTC15M-26APR280045-45,eec715cb-da5f-573c-5666-b3da84289c1a,1777350632,0.6,1.0,yes,"{""count_fp"":""1.00"",""created_time"":""2026-04-28T04:30:32.902464Z"",""no_price_dollars"":""0.4000"",""taker_side"":""yes"",""ticker"":""KXBTC15M-26APR280045-45"",""trade_id"":""eec715cb-da5f-573c-5666-b3da84289c1a"",""yes_price_dollars"":""0.6000""}"
KXBTC15M-26APR280045-45,ec9cd4c9-287c-78de-c83c-1cda64798e3c,1777350632,0.6,30.27,yes,"{""count_fp"":""30.27"",""created_time"":""2026-04-28T04:30:32.352544Z"",""no_price_dollars"":""0.4000"",""taker_side"":""yes"",""ticker"":""KXBTC15M-26APR280045-45"",""trade_id"":""ec9cd4c9-287c-78de-c83c-1cda64798e3c"",""yes_price_dollars"":""0.6000""}"
KXBTC15M-26APR280045-45,6a7415ad-c557-7fc4-e7ad-b698ff447fd7,1777350632,0.6,10.0,yes,"{""count_fp"":""10.00"",""created_time"":""2026-04-28T04:30:32.352544Z"",""no_price_dollars"":""0.4000"",""taker_side"":""yes"",""ticker"":""KXBTC15M-26APR280045-45"",""trade_id"":""6a7415ad-c557-7fc4-e7ad-b698ff447fd7"",""yes_price_dollars"":""0.6000""}"
KXBTC15M-26APR280045-45,091cf3ff-f1ab-7b88-f8c2-4716f795dc0a,1777350632,0.6,0.08,yes,"{""count_fp"":""0.08"",""created_time"":""2026-04-28T04:30:32.352544Z"",""no_price_dollars"":""0.4000"",""taker_side"":""yes"",""ticker"":""KXBTC15M-26APR280045-45"",""trade_id"":""091cf3ff-f1ab-7b88-f8c2-4716f795dc0a"",""yes_price_dollars"":""0.6000""}"
KXBTC15M-26APR280045-45,db8bb218-5bf5-42be-0a43-85406761dcc2,1777350632,0.59,15.0,no,"{""count_fp"":""15.00"",""created_time"":""2026-04-28T04:30:32.284103Z"",""no_price_dollars"":""0.4100"",""taker_side"":""no"",""ticker"":""KXBTC15M-26APR280045-45"",""trade_id"":""db8bb218-5bf5-42be-0a43-85406761dcc2"",""yes_price_dollars"":""0.5900""}"
KXBTC15M-26APR280045-45,fb0deffd-b7b6-5870-8988-0ca50650f71e,1777350633,0.6,23.42,no,"{""count_fp"":""23.42"",""created_time"":""2026-04-28T04:30:33.782287Z"",""no_price_dollars"":""0.4000"",""taker_side"":""no"",""ticker"":""KXBTC15M-26APR280045-45"",""trade_id"":""fb0deffd-b7b6-5870-8988-0ca50650f71e"",""yes_price_dollars"":""0.6000""}"
KXBTC15M-26APR280045-45,d1937c85-3afc-420c-4576-361056f4e8c1,1777350633,0.61,44.17,yes,"{""count_fp"":""44.17"",""created_time"":""2026-04-28T04:30:33.755486Z"",""no_price_dollars"":""0.3900"",""taker_side"":""yes"",""ticker"":""KXBTC15M-26APR280045-45"",""trade_id"":""d1937c85-3afc-420c-4576-361056f4e8c1"",""yes_price_dollars"":""0.6100""}"
KXBTC15M-26APR280045-45,0b8e1605-c82c-5b44-d6f2-f4b3766868a5,1777350633,0.61,25.8,yes,"{""count_fp"":""25.80"",""created_time"":""2026-04-28T04:30:33.747676Z"",""no_price_dollars"":""0.3900"",""taker_side"":""yes"",""ticker"":""KXBTC15M-26APR280045-45"",""trade_id"":""0b8e1605-c82c-5b44-d6f2-f4b3766868a5"",""yes_price_dollars"":""0.6100""}"
KXBTC15M-26APR280045-45,c095bfd2-29e9-42f8-675d-f35b6ba11de3,1777350633,0.6,1.0,no,"{""count_fp"":""1.00"",""created_time"":""2026-04-28T04:30:33.681345Z"",""no_price_dollars"":""0.4000"",""taker_side"":""no"",""ticker"":""KXBTC15M-26APR280045-45"",""trade_id"":""c095bfd2-29e9-42f8-675d-f35b6ba11de3"",""yes_price_dollars"":""0.6000""}"
KXBTC15M-26APR280045-45,b78d2b0f-98a5-6413-a6d6-5c5ab7f04fc0,1777350633,0.6,1.0,no,"{""count_fp"":""1.00"",""created_time"":""2026-04-28T04:30:33.111531Z"",""no_price_dollars"":""0.4000"",""taker_side"":""no"",""ticker"":""KXBTC15M-26APR280045-45"",""trade_id"":""b78d2b0f-98a5-6413-a6d6-5c5ab7f04fc0"",""yes_price_dollars"":""0.6000""}"
KXBTC15M-26APR280045-45,9d1ada6f-b658-5ac9-4e32-619dc60b826a,1777350633,0.6,21.0,yes,"{""count_fp"":""21.00"",""created_time"":""2026-04-28T04:30:33.076297Z"",""no_price_dollars"":""0.4000"",""taker_side"":""yes"",""ticker"":""KXBTC15M-26APR280045-45"",""trade_id"":""9d1ada6f-b658-5ac9-4e32-619dc60b826a"",""yes_price_dollars"":""0.6000""}"
KXBTC15M-26APR280045-45,67eefeef-8f34-5670-64bd-983a6ad4d151,1777350633,0.61,45.32,yes,"{""count_fp"":""45.32"",""created_time"":""2026-04-28T04:30:33.076297Z"",""no_price_dollars"":""0.3900"",""taker_side"":""yes"",""ticker"":""KXBTC15M-26APR280045-45"",""trade_id"":""67eefeef-8f34-5670-64bd-983a6ad4d151"",""yes_price_dollars"":""0.6100""}"
KXBTC15M-26APR280045-45,1924f904-12bf-5f00-4d0d-fc41c05452ee,1777350633,0.6,13.92,yes,"{""count_fp"":""13.92"",""created_time"":""2026-04-28T04:30:33.076297Z"",""no_price_dollars"":""0.4000"",""taker_side"":""yes"",""ticker"":""KXBTC15M-26APR280045-45"",""trade_id"":""1924f904-12bf-5f00-4d0d-fc41c05452ee"",""yes_price_dollars"":""0.6000""}"
KXBTC15M-26APR280045-45,ce3d5afd-ebbb-56c4-5a89-a659a20460db,1777350634,0.59,40.0,yes,"{""count_fp"":""40.00"",""created_time"":""2026-04-28T04:30:34.967885Z"",""no_price_dollars"":""0.4100"",""taker_side"":""yes"",""ticker"":""KXBTC15M-26APR280045-45"",""trade_id"":""ce3d5afd-ebbb-56c4-5a89-a659a20460db"",""yes_price_dollars"":""0.5900""}"
KXBTC15M-26APR280045-45,59e5de5f-6eda-53dd-56b6-5b10337fca01,1777350634,0.59,7.87,yes,"{""count_fp"":""7.87"",""created_time"":""2026-04-28T04:30:34.967885Z"",""no_price_dollars"":""0.4100"",""taker_side"":""yes"",""ticker"":""KXBTC15M-26APR280045-45"",""trade_id"":""59e5de5f-6eda-53dd-56b6-5b10337fca01"",""yes_price_dollars"":""0.5900""}"
KXBTC15M-26APR280045-45,f04e7dae-3ce7-639e-9d04-71c2cdd400e9,1777350634,0.58,42.78,no,"{""count_fp"":""42.78"",""created_time"":""2026-04-28T04:30:34.882498Z"",""no_price_dollars"":""0.4200"",""taker_side"":""no"",""ticker"":""KXBTC15M-26APR280045-45"",""trade_id"":""f04e7dae-3ce7-639e-9d04-71c2cdd400e9"",""yes_price_dollars"":""0.5800""}"
KXBTC15M-26APR280045-45,3eb9c9b0-8251-6eb2-bb9e-56dbf544ec8e,1777350634,0.59,52.0,no,"{""count_fp"":""52.00"",""created_time"":""2026-04-28T04:30:34.882498Z"",""no_price_dollars"":""0.4100"",""taker_side"":""no"",""ticker"":""KXBTC15M-26APR280045-45"",""trade_id"":""3eb9c9b0-8251-6eb2-bb9e-56dbf544ec8e"",""yes_price_dollars"":""0.5900""}"
KXBTC15M-26APR280045-45,26b2ee84-4409-6e08-61cb-ff24ee234c5d,1777350634,0.6,34.16,no,"{""count_fp"":""34.16"",""created_time"":""2026-04-28T04:30:34.835421Z"",""no_price_dollars"":""0.4000"",""taker_side"":""no"",""ticker"":""KXBTC15M-26APR280045-45"",""trade_id"":""26b2ee84-4409-6e08-61cb-ff24ee234c5d"",""yes_price_dollars"":""0.6000""}"
KXBTC15M-26APR280045-45,10177408-134b-6573-6ad7-3f82a3e2513e,1777350634,0.6,3.0,no,"{""count_fp"":""3.00"",""created_time"":""2026-04-28T04:30:34.835421Z"",""no_price_dollars"":""0.4000"",""taker_side"":""no"",""ticker"":""KXBTC15M-26APR280045-45"",""trade_id"":""10177408-134b-6573-6ad7-3f82a3e2513e"",""yes_price_dollars"":""0.6000""}"
KXBTC15M-26APR280045-45,d6edab1d-1f9d-58ec-242e-a67bf839cb69,1777350634,0.6,21.84,no,"{""count_fp"":""21.84"",""created_time"":""2026-04-28T04:30:34.833618Z"",""no_price_dollars"":""0.4000"",""taker_side"":""no"",""ticker"":""KXBTC15M-26APR280045-45"",""trade_id"":""d6edab1d-1f9d-58ec-242e-a67bf839cb69"",""yes_price_dollars"":""0.6000""}"
KXBTC15M-26APR280045-45,543c11ba-ec0f-7ca2-a2a8-e1b672e75165,1777350634,0.61,20.23,no,"{""count_fp"":""20.23"",""created_time"":""2026-04-28T04:30:34.756092Z"",""no_price_dollars"":""0.3900"",""taker_side"":""no"",""ticker"":""KXBTC15M-26APR280045-45"",""trade_id"":""543c11ba-ec0f-7ca2-a2a8-e1b672e75165"",""yes_price_dollars"":""0.6100""}"
KXBTC15M-26APR280045-45,e1a16aa2-afcd-423e-eb4d-5859d96d8449,1777350634,0.62,5.0,yes,"{""count_fp"":""5.00"",""created_time"":""2026-04-28T04:30:34.585848Z"",""no_price_dollars"":""0.3800"",""taker_side"":""yes"",""ticker"":""KXBTC15M-26APR280045-45"",""trade_id"":""e1a16aa2-afcd-423e-eb4d-5859d96d8449"",""yes_price_dollars"":""0.6200""}"
KXBTC15M-26APR280045-45,d6835a46-7b0b-5f4b-fd83-428cf4aebf86,1777350634,0.61,3.0,no,"{""count_fp"":""3.00"",""created_time"":""2026-04-28T04:30:34.566672Z"",""no_price_dollars"":""0.3900"",""taker_side"":""no"",""ticker"":""KXBTC15M-26APR280045-45"",""trade_id"":""d6835a46-7b0b-5f4b-fd83-428cf4aebf86"",""yes_price_dollars"":""0.6100""}"
KXBTC15M-26APR280045-45,9e565837-803b-5532-ca38-769ccc95b151,1777350634,0.61,6.36,no,"{""count_fp"":""6.36"",""created_time"":""2026-04-28T04:30:34.566672Z"",""no_price_dollars"":""0.3900"",""taker_side"":""no"",""ticker"":""KXBTC15M-26APR280045-45"",""trade_id"":""9e565837-803b-5532-ca38-769ccc95b151"",""yes_price_dollars"":""0.6100""}"
KXBTC15M-26APR280045-45,74610d75-4974-64bc-ed5f-17fc5cb98fc5,1777350634,0.61,16.71,yes,"{""count_fp"":""16.71"",""created_time"":""2026-04-28T04:30:34.399664Z"",""no_price_dollars"":""0.3900"",""taker_side"":""yes"",""ticker"":""KXBTC15M-26APR280045-45"",""trade_id"":""74610d75-4974-64bc-ed5f-17fc5cb98fc5"",""yes_price_dollars"":""0.6100""}"
KXBTC15M-26APR280045-45,3eb67103-43ce-6e3c-cedd-cb28371f6bf7,1777350634,0.61,1.0,yes,"{""count_fp"":""1.00"",""created_time"":""2026-04-28T04:30:34.399664Z"",""no_price_dollars"":""0.3900"",""taker_side"":""yes"",""ticker"":""KXBTC15M-26APR280045-45"",""trade_id"":""3eb67103-43ce-6e3c-cedd-cb28371f6bf7"",""yes_price_dollars"":""0.6100""}"
KXBTC15M-26APR280045-45,c2a5270f-1242-56bc-11e7-13798c53ff52,1777350634,0.6,10.82,no,"{""count_fp"":""10.82"",""created_time"":""2026-04-28T04:30:34.103318Z"",""no_price_dollars"":""0.4000"",""taker_side"":""no"",""ticker"":""KXBTC15M-26APR280045-45"",""trade_id"":""c2a5270f-1242-56bc-11e7-13798c53ff52"",""yes_price_dollars"":""0.6000""}"
KXBTC15M-26APR280045-45,ed2a5ede-dc46-765b-b123-6583c5f30ceb,1777350635,0.55,5.19,yes,"{""count_fp"":""5.19"",""created_time"":""2026-04-28T04:30:35.782463Z"",""no_price_dollars"":""0.4500"",""taker_side"":""yes"",""ticker"":""KXBTC15M-26APR280045-45"",""trade_id"":""ed2a5ede-dc46-765b-b123-6583c5f30ceb"",""yes_price_dollars"":""0.5500""}"
KXBTC15M-26APR280045-45,f426d7d5-cd8e-663b-b553-0b77ad816a2b,1777350635,0.55,7.85,yes,"{""count_fp"":""7.85"",""created_time"":""2026-04-28T04:30:35.726547Z"",""no_price_dollars"":""0.4500"",""taker_side"":""yes"",""ticker"":""KXBTC15M-26APR280045-45"",""trade_id"":""f426d7d5-cd8e-663b-b553-0b77ad816a2b"",""yes_price_dollars"":""0.5500""}"
KXBTC15M-26APR280045-45,b281e9f9-d73c-7e91-d3a8-42557cfe9c4f,1777350635,0.55,7.5,no,"{""count_fp"":""7.50"",""created_time"":""2026-04-28T04:30:35.377921Z"",""no_price_dollars"":""0.4500"",""taker_side"":""no"",""ticker"":""KXBTC15M-26APR280045-45"",""trade_id"":""b281e9f9-d73c-7e91-d3a8-42557cfe9c4f"",""yes_price_dollars"":""0.5500""}"
KXBTC15M-26APR280045-45,a34f26ab-d64d-714e-66a9-a8f41c958f17,1777350635,0.57,14.0,no,"{""count_fp"":""14.00"",""created_time"":""2026-04-28T04:30:35.356307Z"",""no_price_dollars"":""0.4300"",""taker_side"":""no"",""ticker"":""KXBTC15M-26APR280045-45"",""trade_id"":""a34f26ab-d64d-714e-66a9-a8f41c958f17"",""yes_price_dollars"":""0.5700""}"
KXBTC15M-26APR280045-45,86e5d806-2414-7571-765a-095314e8323b,1777350635,0.55,4.5,no,"{""count_fp"":""4.50"",""created_time"":""2026-04-28T04:30:35.356307Z"",""no_price_dollars"":""0.4500"",""taker_side"":""no"",""ticker"":""KXBTC15M-26APR280045-45"",""trade_id"":""86e5d806-2414-7571-765a-095314e8323b"",""yes_price_dollars"":""0.5500""}"
KXBTC15M-26APR280045-45,16a112c7-8624-7a76-45f3-40d1448ec47f,1777350635,0.56,3.0,no,"{""count_fp"":""3.00"",""created_time"":""2026-04-28T04:30:35.356307Z"",""no_price_dollars"":""0.4400"",""taker_side"":""no"",""ticker"":""KXBTC15M-26APR280045-45"",""trade_id"":""16a112c7-8624-7a76-45f3-40d1448ec47f"",""yes_price_dollars"":""0.5600""}"
KXBTC15M-26APR280045-45,3861bc35-835b-455f-b907-24da99654bb3,1777350635,0.58,16.21,yes,"{""count_fp"":""16.21"",""created_time"":""2026-04-28T04:30:35.261108Z"",""no_price_dollars"":""0.4200"",""taker_side"":""yes"",""ticker"":""KXBTC15M-26APR280045-45"",""trade_id"":""3861bc35-835b-455f-b907-24da99654bb3"",""yes_price_dollars"":""0.5800""}"
KXBTC15M-26APR280045-45,6d6057df-3000-4bcd-41cd-4b28416405b4,1777350635,0.58,3.0,no,"{""count_fp"":""3.00"",""created_time"":""2026-04-28T04:30:35.186566Z"",""no_price_dollars"":""0.4200"",""taker_side"":""no"",""ticker"":""KXBTC15M-26APR280045-45"",""trade_id"":""6d6057df-3000-4bcd-41cd-4b28416405b4"",""yes_price_dollars"":""0.5800""}"
KXBTC15M-26APR280045-45,d4f00d3f-a28d-5546-5079-5063b72166eb,1777350636,0.54,8.0,no,"{""count_fp"":""8.00"",""created_time"":""2026-04-28T04:30:36.944209Z"",""no_price_dollars"":""0.4600"",""taker_side"":""no"",""ticker"":""KXBTC15M-26APR280045-45"",""trade_id"":""d4f00d3f-a28d-5546-5079-5063b72166eb"",""yes_price_dollars"":""0.5400""}"
KXBTC15M-26APR280045-45,a05b6837-eb6e-5d19-8e22-14bdf30d6489,1777350636,0.55,1.0,yes,"{""count_fp"":""1.00"",""created_time"":""2026-04-28T04:30:36.824252Z"",""no_price_dollars"":""0.4500"",""taker_side"":""yes"",""ticker"":""KXBTC15M-26APR280045-45"",""trade_id"":""a05b6837-eb6e-5d19-8e22-14bdf30d6489"",""yes_price_dollars"":""0.5500""}"
KXBTC15M-26APR280045-45,3c1db5cd-3c16-6981-50ed-c679708406fd,1777350636,0.55,11.0,yes,"{""count_fp"":""11.00"",""created_time"":""2026-04-28T04:30:36.746691Z"",""no_price_dollars"":""0.4500"",""taker_side"":""yes"",""ticker"":""KXBTC15M-26APR280045-45"",""trade_id"":""3c1db5cd-3c16-6981-50ed-c679708406fd"",""yes_price_dollars"":""0.5500""}"
KXBTC15M-26APR280045-45,2405e30d-cead-429d-948d-04488663141f,1777350636,0.56,1.62,yes,"{""count_fp"":""1.62"",""created_time"":""2026-04-28T04:30:36.521876Z"",""no_price_dollars"":""0.4400"",""taker_side"":""yes"",""ticker"":""KXBTC15M-26APR280045-45"",""trade_id"":""2405e30d-cead-429d-948d-04488663141f"",""yes_price_dollars"":""0.5600""}"
KXBTC15M-26APR280045-45,df2d27c8-b701-7659-fba7-9f5a2bbbe137,1777350636,0.56,2.0,yes,"{""count_fp"":""2.00"",""created_time"":""2026-04-28T04:30:36.470333Z"",""no_price_dollars"":""0.4400"",""taker_side"":""yes"",""ticker"":""KXBTC15M-26APR280045-45"",""trade_id"":""df2d27c8-b701-7659-fba7-9f5a2bbbe137"",""yes_price_dollars"":""0.5600""}"
KXBTC15M-26APR280045-45,494045e8-5141-756c-c60e-0d9b9c5e2bc3,1777350636,0.55,3.0,yes,"{""count_fp"":""3.00"",""created_time"":""2026-04-28T04:30:36.470333Z"",""no_price_dollars"":""0.4500"",""taker_side"":""yes"",""ticker"":""KXBTC15M-26APR280045-45"",""trade_id"":""494045e8-5141-756c-c60e-0d9b9c5e2bc3"",""yes_price_dollars"":""0.5500""}"
KXBTC15M-26APR280045-45,52145c73-178f-53ac-305b-9ee707a47c24,1777350636,0.55,8.23,yes,"{""count_fp"":""8.23"",""created_time"":""2026-04-28T04:30:36.440105Z"",""no_price_dollars"":""0.4500"",""taker_side"":""yes"",""ticker"":""KXBTC15M-26APR280045-45"",""trade_id"":""52145c73-178f-53ac-305b-9ee707a47c24"",""yes_price_dollars"":""0.5500""}"
KXBTC15M-26APR280045-45,d6ab60d6-b60b-6887-a953-2c20bc8cb238,1777350636,0.55,20.0,yes,"{""count_fp"":""20.00"",""created_time"":""2026-04-28T04:30:36.259689Z"",""no_price_dollars"":""0.4500"",""taker_side"":""yes"",""ticker"":""KXBTC15M-26APR280045-45"",""trade_id"":""d6ab60d6-b60b-6887-a953-2c20bc8cb238"",""yes_price_dollars"":""0.5500""}"
KXBTC15M-26APR280045-45,708ac3ad-8aea-6a03-b769-a3466f76020f,1777350636,0.55,26.96,yes,"{""count_fp"":""26.96"",""created_time"":""2026-04-28T04:30:36.259689Z"",""no_price_dollars"":""0.4500"",""taker_side"":""yes"",""ticker"":""KXBTC15M-26APR280045-45"",""trade_id"":""708ac3ad-8aea-6a03-b769-a3466f76020f"",""yes_price_dollars"":""0.5500""}"
KXBTC15M-26APR280045-45,43054880-bcc5-6765-84f4-9bcf698084ff,1777350636,0.56,31.59,yes,"{""count_fp"":""31.59"",""created_time"":""2026-04-28T04:30:36.259689Z"",""no_price_dollars"":""0.4400"",""taker_side"":""yes"",""ticker"":""KXBTC15M-26APR280045-45"",""trade_id"":""43054880-bcc5-6765-84f4-9bcf698084ff"",""yes_price_dollars"":""0.5600""}"
KXBTC15M-26APR280045-45,b0b47db9-db1a-57e7-958d-d135fce480ba,1777350637,0.56,9.67,yes,"{""count_fp"":""9.67"",""created_time"":""2026-04-28T04:30:37.762816Z"",""no_price_dollars"":""0.4400"",""taker_side"":""yes"",""ticker"":""KXBTC15M-26APR280045-45"",""trade_id"":""b0b47db9-db1a-57e7-958d-d135fce480ba"",""yes_price_dollars"":""0.5600""}"
KXBTC15M-26APR280045-45,47209ba7-eb99-5b18-b24b-0d816945c2f9,1777350637,0.56,2.0,yes,"{""count_fp"":""2.00"",""created_time"":""2026-04-28T04:30:37.762816Z"",""no_price_dollars"":""0.4400"",""taker_side"":""yes"",""ticker"":""KXBTC15M-26APR280045-45"",""trade_id"":""47209ba7-eb99-5b18-b24b-0d816945c2f9"",""yes_price_dollars"":""0.5600""}"
KXBTC15M-26APR280045-45,3e593bcf-1598-55b3-99f2-431c87dca08a,1777350637,0.55,3.0,yes,"{""count_fp"":""3.00"",""created_time"":""2026-04-28T04:30:37.762816Z"",""no_price_dollars"":""0.4500"",""taker_side"":""yes"",""ticker"":""KXBTC15M-26APR280045-45"",""trade_id"":""3e593bcf-1598-55b3-99f2-431c87dca08a"",""yes_price_dollars"":""0.5500""}"
KXBTC15M-26APR280045-45,258db8b3-1265-56fd-ad97-b3577c03624b,1777350637,0.56,1.28,yes,"{""count_fp"":""1.28"",""created_time"":""2026-04-28T04:30:37.762816Z"",""no_price_dollars"":""0.4400"",""taker_side"":""yes"",""ticker"":""KXBTC15M-26APR280045-45"",""trade_id"":""258db8b3-1265-56fd-ad97-b3577c03624b"",""yes_price_dollars"":""0.5600""}"
KXBTC15M-26APR280045-45,33cce768-445e-54ee-0dc0-830e58e0b117,1777350637,0.55,1.74,yes,"{""count_fp"":""1.74"",""created_time"":""2026-04-28T04:30:37.623696Z"",""no_price_dollars"":""0.4500"",""taker_side"":""yes"",""ticker"":""KXBTC15M-26APR280045-45"",""trade_id"":""33cce768-445e-54ee-0dc0-830e58e0b117"",""yes_price_dollars"":""0.5500""}"
KXBTC15M-26APR280045-45,f188b1b3-8786-7b36-6938-fbc7bc5c38ff,1777350637,0.55,14.03,yes,"{""count_fp"":""14.03"",""created_time"":""2026-04-28T04:30:37.606516Z"",""no_price_dollars"":""0.4500"",""taker_side"":""yes"",""ticker"":""KXBTC15M-26APR280045-45"",""trade_id"":""f188b1b3-8786-7b36-6938-fbc7bc5c38ff"",""yes_price_dollars"":""0.5500""}"
KXBTC15M-26APR280045-45,5e937d02-7d0c-7407-6cb5-55d7dfbcb7c1,1777350637,0.55,3.0,yes,"{""count_fp"":""3.00"",""created_time"":""2026-04-28T04:30:37.606516Z"",""no_price_dollars"":""0.4500"",""taker_side"":""yes"",""ticker"":""KXBTC15M-26APR280045-45"",""trade_id"":""5e937d02-7d0c-7407-6cb5-55d7dfbcb7c1"",""yes_price_dollars"":""0.5500""}"
KXBTC15M-26APR280045-45,4ff1c97b-7dd8-493e-a2cc-67107fa38355,1777350637,0.54,15.0,no,"{""count_fp"":""15.00"",""created_time"":""2026-04-28T04:30:37.400939Z"",""no_price_dollars"":""0.4600"",""taker_side"":""no"",""ticker"":""KXBTC15M-26APR280045-45"",""trade_id"":""4ff1c97b-7dd8-493e-a2cc-67107fa38355"",""yes_price_dollars"":""0.5400""}"
KXBTC15M-26APR280045-45,5c0efb8c-ecc1-4ed9-6de9-9a949d8b4bdf,1777350637,0.56,3.0,yes,"{""count_fp"":""3.00"",""created_time"":""2026-04-28T04:30:37.377938Z"",""no_price_dollars"":""0.4400"",""taker_side"":""yes"",""ticker"":""KXBTC15M-26APR280045-45"",""trade_id"":""5c0efb8c-ecc1-4ed9-6de9-9a949d8b4bdf"",""yes_price_dollars"":""0.5600""}"
KXBTC15M-26APR280045-45,d478dfe9-1cde-7678-6532-17bce4a2d98a,1777350637,0.55,2.49,yes,"{""count_fp"":""2.49"",""created_time"":""2026-04-28T04:30:37.289676Z"",""no_price_dollars"":""0.4500"",""taker_side"":""yes"",""ticker"":""KXBTC15M-26APR280045-45"",""trade_id"":""d478dfe9-1cde-7678-6532-17bce4a2d98a"",""yes_price_dollars"":""0.5500""}"
KXBTC15M-26APR280045-45,9f468b1a-aaad-7991-710f-5d3021b25e97,1777350637,0.56,0.51,yes,"{""count_fp"":""0.51"",""created_time"":""2026-04-28T04:30:37.289676Z"",""no_price_dollars"":""0.4400"",""taker_side"":""yes"",""ticker"":""KXBTC15M-26APR280045-45"",""trade_id"":""9f468b1a-aaad-7991-710f-5d3021b25e97"",""yes_price_dollars"":""0.5600""}"
KXBTC15M-26APR280045-45,7466406c-f8d3-7ac0-7080-be002cda28d4,1777350637,0.55,2.0,yes,"{""count_fp"":""2.00"",""created_time"":""2026-04-28T04:30:37.289676Z"",""no_price_dollars"":""0.4500"",""taker_side"":""yes"",""ticker"":""KXBTC15M-26APR280045-45"",""trade_id"":""7466406c-f8d3-7ac0-7080-be002cda28d4"",""yes_price_dollars"":""0.5500""}"
KXBTC15M-26APR280045-45,9e779614-f7f2-7951-7dff-314a6ccba401,1777350637,0.55,8.0,yes,"{""count_fp"":""8.00"",""created_time"":""2026-04-28T04:30:37.281957Z"",""no_price_dollars"":""0.4500"",""taker_side"":""yes"",""ticker"":""KXBTC15M-26APR280045-45"",""trade_id"":""9e779614-f7f2-7951-7dff-314a6ccba401"",""yes_price_dollars"":""0.5500""}"
KXBTC15M-26APR280045-45,20b85bcd-f34e-7238-6ba3-7ac77c1b7c22,1777350637,0.55,0.51,yes,"{""count_fp"":""0.51"",""created_time"":""2026-04-28T04:30:37.281957Z"",""no_price_dollars"":""0.4500"",""taker_side"":""yes"",""ticker"":""KXBTC15M-26APR280045-45"",""trade_id"":""20b85bcd-f34e-7238-6ba3-7ac77c1b7c22"",""yes_price_dollars"":""0.5500""}"
KXBTC15M-26APR280045-45,a0e1abc3-e8d0-6c62-7836-b1931dae3331,1777350637,0.54,4.73,no,"{""count_fp"":""4.73"",""created_time"":""2026-04-28T04:30:37.133441Z"",""no_price_dollars"":""0.4600"",""taker_side"":""no"",""ticker"":""KXBTC15M-26APR280045-45"",""trade_id"":""a0e1abc3-e8d0-6c62-7836-b1931dae3331"",""yes_price_dollars"":""0.5400""}"
KXBTC15M-26APR280045-45,1f964057-4c6d-69e2-6382-5f82ad997fbf,1777350637,0.54,32.0,no,"{""count_fp"":""32.00"",""created_time"":""2026-04-28T04:30:37.133441Z"",""no_price_dollars"":""0.4600"",""taker_side"":""no"",""ticker"":""KXBTC15M-26APR280045-45"",""trade_id"":""1f964057-4c6d-69e2-6382-5f82ad997fbf"",""yes_price_dollars"":""0.5400""}"
KXBTC15M-26APR280045-45,99ea9bde-e13a-56a7-27f5-07b51e3a07ee,1777350638,0.55,1.0,yes,"{""count_fp"":""1.00"",""created_time"":""2026-04-28T04:30:38.852194Z"",""no_price_dollars"":""0.4500"",""taker_side"":""yes"",""ticker"":""KXBTC15M-26APR280045-45"",""trade_id"":""99ea9bde-e13a-56a7-27f5-07b51e3a07ee"",""yes_price_dollars"":""0.5500""}"
KXBTC15M-26APR280045-45,79503495-aeec-58ef-cc3f-e810a772d17c,1777350638,0.55,1.0,yes,"{""count_fp"":""1.00"",""created_time"":""2026-04-28T04:30:38.666179Z"",""no_price_dollars"":""0.4500"",""taker_side"":""yes"",""ticker"":""KXBTC15M-26APR280045-45"",""trade_id"":""79503495-aeec-58ef-cc3f-e810a772d17c"",""yes_price_dollars"":""0.5500""}"
KXBTC15M-26APR280045-45,172537b1-ebda-4f63-5ea7-a1e67bf051b4,1777350638,0.55,1.76,yes,"{""count_fp"":""1.76"",""created_time"":""2026-04-28T04:30:38.484432Z"",""no_price_dollars"":""0.4500"",""taker_side"":""yes"",""ticker"":""KXBTC15M-26APR280045-45"",""trade_id"":""172537b1-ebda-4f63-5ea7-a1e67bf051b4"",""yes_price_dollars"":""0.5500""}"
KXBTC15M-26APR280045-45,7b0228fe-25b5-6ec1-56e7-d00b8cf48268,1777350638,0.55,3.0,yes,"{""count_fp"":""3.00"",""created_time"":""2026-04-28T04:30:38.207068Z"",""no_price_dollars"":""0.4500"",""taker_side"":""yes"",""ticker"":""KXBTC15M-26APR280045-45"",""trade_id"":""7b0228fe-25b5-6ec1-56e7-d00b8cf48268"",""yes_price_dollars"":""0.5500""}"
KXBTC15M-26APR280045-45,1d3445d4-1cc6-6573-7cba-f58afb08b19a,1777350638,0.56,4.85,yes,"{""count_fp"":""4.85"",""created_time"":""2026-04-28T04:30:38.207068Z"",""no_price_dollars"":""0.4400"",""taker_side"":""yes"",""ticker"":""KXBTC15M-26APR280045-45"",""trade_id"":""1d3445d4-1cc6-6573-7cba-f58afb08b19a"",""yes_price_dollars"":""0.5600""}"
KXBTC15M-26APR280045-45,02420704-da34-59fb-8e13-14c9a112c338,1777350639,0.47,20.0,yes,"{""count_fp"":""20.00"",""created_time"":""2026-04-28T04:30:39.662097Z"",""no_price_dollars"":""0.5300"",""taker_side"":""yes"",""ticker"":""KXBTC15M-26APR280045-45"",""trade_id"":""02420704-da34-59fb-8e13-14c9a112c338"",""yes_price_dollars"":""0.4700""}"
KXBTC15M-26APR280045-45,1ffe03c2-3484-4a3f-d2fb-3c5789abcca4,1777350639,0.47,2.0,yes,"{""count_fp"":""2.00"",""created_time"":""2026-04-28T04:30:39.576281Z"",""no_price_dollars"":""0.5300"",""taker_side"":""yes"",""ticker"":""KXBTC15M-26APR280045-45"",""trade_id"":""1ffe03c2-3484-4a3f-d2fb-3c5789abcca4"",""yes_price_dollars"":""0.4700""}"
KXBTC15M-26APR280045-45,c570770c-6618-68df-6d49-ec30c0094110,1777350639,0.47,4.0,yes,"{""count_fp"":""4.00"",""created_time"":""2026-04-28T04:30:39.350385Z"",""no_price_dollars"":""0.5300"",""taker_side"":""yes"",""ticker"":""KXBTC15M-26APR280045-45"",""trade_id"":""c570770c-6618-68df-6d49-ec30c0094110"",""yes_price_dollars"":""0.4700""}"
KXBTC15M-26APR280045-45,857d78c4-ca5c-7e4f-d0e9-c5db568ad312,1777350639,0.47,42.23,no,"{""count_fp"":""42.23"",""created_time"":""2026-04-28T04:30:39.281822Z"",""no_price_dollars"":""0.5300"",""taker_side"":""no"",""ticker"":""KXBTC15M-26APR280045-45"",""trade_id"":""857d78c4-ca5c-7e4f-d0e9-c5db568ad312"",""yes_price_dollars"":""0.4700""}"
KXBTC15M-26APR280045-45,60c0e98e-e165-7ed0-c86f-fd5c61d23c57,1777350639,0.47,3.0,no,"{""count_fp"":""3.00"",""created_time"":""2026-04-28T04:30:39.281822Z"",""no_price_dollars"":""0.5300"",""taker_side"":""no"",""ticker"":""KXBTC15M-26APR280045-45"",""trade_id"":""60c0e98e-e165-7ed0-c86f-fd5c61d23c57"",""yes_price_dollars"":""0.4700""}"
KXBTC15M-26APR280045-45,3220ab56-cf7a-7098-fd52-3bdcb8153073,1777350639,0.47,2.0,no,"{""count_fp"":""2.00"",""created_time"":""2026-04-28T04:30:39.281822Z"",""no_price_dollars"":""0.5300"",""taker_side"":""no"",""ticker"":""KXBTC15M-26APR280045-45"",""trade_id"":""3220ab56-cf7a-7098-fd52-3bdcb8153073"",""yes_price_dollars"":""0.4700""}"
KXBTC15M-26APR280045-45,e2b42c97-af4c-54f3-c185-8d782397df3d,1777350639,0.49,3.0,no,"{""count_fp"":""3.00"",""created_time"":""2026-04-28T04:30:39.229888Z"",""no_price_dollars"":""0.5100"",""taker_side"":""no"",""ticker"":""KXBTC15M-26APR280045-45"",""trade_id"":""e2b42c97-af4c-54f3-c185-8d782397df3d"",""yes_price_dollars"":""0.4900""}"
KXBTC15M-26APR280045-45,d539c276-718a-53b6-d9d2-a58fea84721a,1777350639,0.49,12.0,no,"{""count_fp"":""12.00"",""created_time"":""2026-04-28T04:30:39.229888Z"",""no_price_dollars"":""0.5100"",""taker_side"":""no"",""ticker"":""KXBTC15M-26APR280045-45"",""trade_id"":""d539c276-718a-53b6-d9d2-a58fea84721a"",""yes_price_dollars"":""0.4900""}"
KXBTC15M-26APR280045-45,155b437d-3e14-5c83-fdeb-a60d241f50d2,1777350639,0.49,20.0,no,"{""count_fp"":""20.00"",""created_time"":""2026-04-28T04:30:39.229888Z"",""no_price_dollars"":""0.5100"",""taker_side"":""no"",""ticker"":""KXBTC15M-26APR280045-45"",""trade_id"":""155b437d-3e14-5c83-fdeb-a60d241f50d2"",""yes_price_dollars"":""0.4900""}"
KXBTC15M-26APR280045-45,dcd6ca9f-ebc7-5a23-c532-761c51117ffd,1777350639,0.51,6.0,no,"{""count_fp"":""6.00"",""created_time"":""2026-04-28T04:30:39.208181Z"",""no_price_dollars"":""0.4900"",""taker_side"":""no"",""ticker"":""KXBTC15M-26APR280045-45"",""trade_id"":""dcd6ca9f-ebc7-5a23-c532-761c51117ffd"",""yes_price_dollars"":""0.5100""}"
KXBTC15M-26APR280045-45,c68c0155-2aa7-5b9a-dc8d-fe5f8463c6fc,1777350639,0.51,20.0,no,"{""count_fp"":""20.00"",""created_time"":""2026-04-28T04:30:39.208181Z"",""no_price_dollars"":""0.4900"",""taker_side"":""no"",""ticker"":""KXBTC15M-26APR280045-45"",""trade_id"":""c68c0155-2aa7-5b9a-dc8d-fe5f8463c6fc"",""yes_price_dollars"":""0.5100""}"
KXBTC15M-26APR280045-45,12676bb0-8a98-6bb6-7642-fd355cd5e101,1777350639,0.52,2.08,no,"{""count_fp"":""2.08"",""created_time"":""2026-04-28T04:30:39.205956Z"",""no_price_dollars"":""0.4800"",""taker_side"":""no"",""ticker"":""KXBTC15M-26APR280045-45"",""trade_id"":""12676bb0-8a98-6bb6-7642-fd355cd5e101"",""yes_price_dollars"":""0.5200""}"
KXBTC15M-26APR280045-45,dfec9f69-44ad-6074-2e2c-f0549ab82068,1777350639,0.53,17.62,yes,"{""count_fp"":""17.62"",""created_time"":""2026-04-28T04:30:39.165601Z"",""no_price_dollars"":""0.4700"",""taker_side"":""yes"",""ticker"":""KXBTC15M-26APR280045-45"",""trade_id"":""dfec9f69-44ad-6074-2e2c-f0549ab82068"",""yes_price_dollars"":""0.5300""}"
KXBTC15M-26APR280045-45,de123b42-fc1a-487a-5742-a7947a6aa417,1777350639,0.53,19.45,no,"{""count_fp"":""19.45"",""created_time"":""2026-04-28T04:30:39.102401Z"",""no_price_dollars"":""0.4700"",""taker_side"":""no"",""ticker"":""KXBTC15M-26APR280045-45"",""trade_id"":""de123b42-fc1a-487a-5742-a7947a6aa417"",""yes_price_dollars"":""0.5300""}"
KXBTC15M-26APR280045-45,12cfec1d-d23f-48a4-599b-134dc257b07a,1777350639,0.53,27.87,no,"{""count_fp"":""27.87"",""created_time"":""2026-04-28T04:30:39.102401Z"",""no_price_dollars"":""0.4700"",""taker_side"":""no"",""ticker"":""KXBTC15M-26APR280045-45"",""trade_id"":""12cfec1d-d23f-48a4-599b-134dc257b07a"",""yes_price_dollars"":""0.5300""}"
KXBTC15M-26APR280045-45,a5986e1d-ff3a-75a2-3c8e-9a65c06c9123,1777350639,0.53,20.55,no,"{""count_fp"":""20.55"",""created_time"":""2026-04-28T04:30:39.101407Z"",""no_price_dollars"":""0.4700"",""taker_side"":""no"",""ticker"":""KXBTC15M-26APR280045-45"",""trade_id"":""a5986e1d-ff3a-75a2-3c8e-9a65c06c9123"",""yes_price_dollars"":""0.5300""}"
KXBTC15M-26APR280045-45,29b89af1-d1f5-78ac-221a-3e49dea0ec66,1777350639,0.53,5.0,no,"{""count_fp"":""5.00"",""created_time"":""2026-04-28T04:30:39.101407Z"",""no_price_dollars"":""0.4700"",""taker_side"":""no"",""ticker"":""KXBTC15M-26APR280045-45"",""trade_id"":""29b89af1-d1f5-78ac-221a-3e49dea0ec66"",""yes_price_dollars"":""0.5300""}"
KXBTC15M-26APR280045-45,1c18279a-2ca6-7d46-1bb7-712b6a0844de,1777350639,0.53,1.0,no,"{""count_fp"":""1.00"",""created_time"":""2026-04-28T04:30:39.101407Z"",""no_price_dollars"":""0.4700"",""taker_side"":""no"",""ticker"":""KXBTC15M-26APR280045-45"",""trade_id"":""1c18279a-2ca6-7d46-1bb7-712b6a0844de"",""yes_price_dollars"":""0.5300""}"
KXBTC15M-26APR280045-45,0c9b3fa7-fa5a-77d6-3a6c-33079e9a8d18,1777350639,0.54,0.03,no,"{""count_fp"":""0.03"",""created_time"":""2026-04-28T04:30:39.101407Z"",""no_price_dollars"":""0.4600"",""taker_side"":""no"",""ticker"":""KXBTC15M-26APR280045-45"",""trade_id"":""0c9b3fa7-fa5a-77d6-3a6c-33079e9a8d18"",""yes_price_dollars"":""0.5400""}"
KXBTC15M-26APR280045-45,ebc0c2de-415a-4e66-eb96-36a2c9152b5c,1777350639,0.54,14.0,no,"{""count_fp"":""14.00"",""created_time"":""2026-04-28T04:30:39.097405Z"",""no_price_dollars"":""0.4600"",""taker_side"":""no"",""ticker"":""KXBTC15M-26APR280045-45"",""trade_id"":""ebc0c2de-415a-4e66-eb96-36a2c9152b5c"",""yes_price_dollars"":""0.5400""}"
KXBTC15M-26APR280045-45,4d7136f9-5a73-4e7a-cba0-68ce650b4c52,1777350639,0.54,1.0,no,"{""count_fp"":""1.00"",""created_time"":""2026-04-28T04:30:39.097405Z"",""no_price_dollars"":""0.4600"",""taker_side"":""no"",""ticker"":""KXBTC15M-26APR280045-45"",""trade_id"":""4d7136f9-5a73-4e7a-cba0-68ce650b4c52"",""yes_price_dollars"":""0.5400""}"
KXBTC15M-26APR280045-45,73ca365d-a77e-50f5-e5fb-fea3829df821,1777350640,0.47,1.0,yes,"{""count_fp"":""1.00"",""created_time"":""2026-04-28T04:30:40.863345Z"",""no_price_dollars"":""0.5300"",""taker_side"":""yes"",""ticker"":""KXBTC15M-26APR280045-45"",""trade_id"":""73ca365d-a77e-50f5-e5fb-fea3829df821"",""yes_price_dollars"":""0.4700""}"
KXBTC15M-26APR280045-45,520e0dd8-d14e-44c5-f962-fcaf09d0c405,1777350640,0.47,10.0,yes,"{""count_fp"":""10.00"",""created_time"":""2026-04-28T04:30:40.760711Z"",""no_price_dollars"":""0.5300"",""taker_side"":""yes"",""ticker"":""KXBTC15M-26APR280045-45"",""trade_id"":""520e0dd8-d14e-44c5-f962-fcaf09d0c405"",""yes_price_dollars"":""0.4700""}"
KXBTC15M-26APR280045-45,41a83631-1e8a-702d-18c0-5d16372a7e39,1777350640,0.47,0.36,yes,"{""count_fp"":""0.36"",""created_time"":""2026-04-28T04:30:40.750666Z"",""no_price_dollars"":""0.5300"",""taker_side"":""yes"",""ticker"":""KXBTC15M-26APR280045-45"",""trade_id"":""41a83631-1e8a-702d-18c0-5d16372a7e39"",""yes_price_dollars"":""0.4700""}"
KXBTC15M-26APR280045-45,9475e044-516a-46ed-03cd-7dff7eb670fd,1777350640,0.47,1.76,yes,"{""count_fp"":""1.76"",""created_time"":""2026-04-28T04:30:40.718866Z"",""no_price_dollars"":""0.5300"",""taker_side"":""yes"",""ticker"":""KXBTC15M-26APR280045-45"",""trade_id"":""9475e044-516a-46ed-03cd-7dff7eb670fd"",""yes_price_dollars"":""0.4700""}"
KXBTC15M-26APR280045-45,19234f7c-f252-793d-f4d2-6f36bb6b3259,1777350640,0.47,365.33,yes,"{""count_fp"":""365.33"",""created_time"":""2026-04-28T04:30:40.703868Z"",""no_price_dollars"":""0.5300"",""taker_side"":""yes"",""ticker"":""KXBTC15M-26APR280045-45"",""trade_id"":""19234f7c-f252-793d-f4d2-6f36bb6b3259"",""yes_price_dollars"":""0.4700""}"
KXBTC15M-26APR280045-45,662adbe9-8fd4-7db3-d44a-0d7efd5232a4,1777350640,0.47,8.81,yes,"{""count_fp"":""8.81"",""created_time"":""2026-04-28T04:30:40.385672Z"",""no_price_dollars"":""0.5300"",""taker_side"":""yes"",""ticker"":""KXBTC15M-26APR280045-45"",""trade_id"":""662adbe9-8fd4-7db3-d44a-0d7efd5232a4"",""yes_price_dollars"":""0.4700""}"
KXBTC15M-26APR280045-45,6bb44b5b-3bc0-5f97-9e5f-88b471689f88,1777350640,0.47,1.35,yes,"{""count_fp"":""1.35"",""created_time"":""2026-04-28T04:30:40.014573Z"",""no_price_dollars"":""0.5300"",""taker_side"":""yes"",""ticker"":""KXBTC15M-26APR280045-45"",""trade_id"":""6bb44b5b-3bc0-5f97-9e5f-88b471689f88"",""yes_price_dollars"":""0.4700""}"
KXBTC15M-26APR280045-45,f05ef108-9656-57a3-57a5-4fb5baf3a38e,1777350641,0.48,15.0,yes,"{""count_fp"":""15.00"",""created_time"":""2026-04-28T04:30:41.991148Z"",""no_price_dollars"":""0.5200"",""taker_side"":""yes"",""ticker"":""KXBTC15M-26APR280045-45"",""trade_id"":""f05ef108-9656-57a3-57a5-4fb5baf3a38e"",""yes_price_dollars"":""0.4800""}"
KXBTC15M-26APR280045-45,6d97ede6-1f7b-5634-8783-be09ae580f78,1777350641,0.47,3.58,no,"{""count_fp"":""3.58"",""created_time"":""2026-04-28T04:30:41.919715Z"",""no_price_dollars"":""0.5300"",""taker_side"":""no"",""ticker"":""KXBTC15M-26APR280045-45"",""trade_id"":""6d97ede6-1f7b-5634-8783-be09ae580f78"",""yes_price_dollars"":""0.4700""}"
KXBTC15M-26APR280045-45,13b29951-ecfb-6e20-6ce1-4b105d15e038,1777350641,0.47,25.12,no,"{""count_fp"":""25.12"",""created_time"":""2026-04-28T04:30:41.903456Z"",""no_price_dollars"":""0.5300"",""taker_side"":""no"",""ticker"":""KXBTC15M-26APR280045-45"",""trade_id"":""13b29951-ecfb-6e20-6ce1-4b105d15e038"",""yes_price_dollars"":""0.4700""}"
KXBTC15M-26APR280045-45,b6b8defc-db9a-59e3-d9a6-5769aebcf382,1777350641,0.48,1.0,yes,"{""count_fp"":""1.00"",""created_time"":""2026-04-28T04:30:41.522953Z"",""no_price_dollars"":""0.5200"",""taker_side"":""yes"",""ticker"":""KXBTC15M-26APR280045-45"",""trade_id"":""b6b8defc-db9a-59e3-d9a6-5769aebcf382"",""yes_price_dollars"":""0.4800""}"
KXBTC15M-26APR280045-45,62bb3de2-6925-55f9-20c8-a37982ad1a7d,1777350641,0.47,7.0,no,"{""count_fp"":""7.00"",""created_time"":""2026-04-28T04:30:41.504128Z"",""no_price_dollars"":""0.5300"",""taker_side"":""no"",""ticker"":""KXBTC15M-26APR280045-45"",""trade_id"":""62bb3de2-6925-55f9-20c8-a37982ad1a7d"",""yes_price_dollars"":""0.4700""}"
KXBTC15M-26APR280045-45,0b4930eb-5dfb-50fc-1054-129d06aedce8,1777350641,0.47,13.0,no,"{""count_fp"":""13.00"",""created_time"":""2026-04-28T04:30:41.504128Z"",""no_price_dollars"":""0.5300"",""taker_side"":""no"",""ticker"":""KXBTC15M-26APR280045-45"",""trade_id"":""0b4930eb-5dfb-50fc-1054-129d06aedce8"",""yes_price_dollars"":""0.4700""}"
KXBTC15M-26APR280045-45,e7b88569-fbb2-7f49-3e13-697be23b2cd5,1777350641,0.47,47.9,yes,"{""count_fp"":""47.90"",""created_time"":""2026-04-28T04:30:41.425027Z"",""no_price_dollars"":""0.5300"",""taker_side"":""yes"",""ticker"":""KXBTC15M-26APR280045-45"",""trade_id"":""e7b88569-fbb2-7f49-3e13-697be23b2cd5"",""yes_price_dollars"":""0.4700""}"
KXBTC15M-26APR280045-45,d5190d47-0c39-7def-3813-a2e6df147db5,1777350641,0.47,1.0,yes,"{""count_fp"":""1.00"",""created_time"":""2026-04-28T04:30:41.425027Z"",""no_price_dollars"":""0.5300"",""taker_side"":""yes"",""ticker"":""KXBTC15M-26APR280045-45"",""trade_id"":""d5190d47-0c39-7def-3813-a2e6df147db5"",""yes_price_dollars"":""0.4700""}"
KXBTC15M-26APR280045-45,d49551cd-589f-7f6e-2e8b-1c31c08644b7,1777350641,0.48,12.0,yes,"{""count_fp"":""12.00"",""created_time"":""2026-04-28T04:30:41.425027Z"",""no_price_dollars"":""0.5200"",""taker_side"":""yes"",""ticker"":""KXBTC15M-26APR280045-45"",""trade_id"":""d49551cd-589f-7f6e-2e8b-1c31c08644b7"",""yes_price_dollars"":""0.4800""}"
KXBTC15M-26APR280045-45,bb569455-c359-7c58-1725-3ba08b5ac4d1,1777350641,0.48,120.0,yes,"{""count_fp"":""120.00"",""created_time"":""2026-04-28T04:30:41.425027Z"",""no_price_dollars"":""0.5200"",""taker_side"":""yes"",""ticker"":""KXBTC15M-26APR280045-45"",""trade_id"":""bb569455-c359-7c58-1725-3ba08b5ac4d1"",""yes_price_dollars"":""0.4800""}"
KXBTC15M-26APR280045-45,ac47daf6-3b78-7eaa-32fa-b3b825e61779,1777350641,0.49,40.0,yes,"{""count_fp"":""40.00"",""created_time"":""2026-04-28T04:30:41.425027Z"",""no_price_dollars"":""0.5100"",""taker_side"":""yes"",""ticker"":""KXBTC15M-26APR280045-45"",""trade_id"":""ac47daf6-3b78-7eaa-32fa-b3b825e61779"",""yes_price_dollars"":""0.4900""}"
KXBTC15M-26APR280045-45,983e1067-e3d6-7738-1621-a4eee6aa2df8,1777350641,0.47,1.0,yes,"{""count_fp"":""1.00"",""created_time"":""2026-04-28T04:30:41.425027Z"",""no_price_dollars"":""0.5300"",""taker_side"":""yes"",""ticker"":""KXBTC15M-26APR280045-45"",""trade_id"":""983e1067-e3d6-7738-1621-a4eee6aa2df8"",""yes_price_dollars"":""0.4700""}"
KXBTC15M-26APR280045-45,731343b4-5b72-75e9-1f19-5482cb78bd79,1777350641,0.47,1.0,yes,"{""count_fp"":""1.00"",""created_time"":""2026-04-28T04:30:41.425027Z"",""no_price_dollars"":""0.5300"",""taker_side"":""yes"",""ticker"":""KXBTC15M-26APR280045-45"",""trade_id"":""731343b4-5b72-75e9-1f19-5482cb78bd79"",""yes_price_dollars"":""0.4700""}"
KXBTC15M-26APR280045-45,4dd4e2ac-c3c0-7b69-20a4-e24d09905586,1777350641,0.47,20.0,yes,"{""count_fp"":""20.00"",""created_time"":""2026-04-28T04:30:41.425027Z"",""no_price_dollars"":""0.5300"",""taker_side"":""yes"",""ticker"":""KXBTC15M-26APR280045-45"",""trade_id"":""4dd4e2ac-c3c0-7b69-20a4-e24d09905586"",""yes_price_dollars"":""0.4700""}"
