ticker,trade_id,ts,yes_price,count,taker_side,raw_json
KXBTC15M-26APR280730-30,073c9ec1-2b49-62a5-483d-70d7280f8a68,1777374901,0.5,5.0,no,"{""count_fp"":""5.00"",""created_time"":""2026-04-28T11:15:01.888604Z"",""no_price_dollars"":""0.5000"",""taker_side"":""no"",""ticker"":""KXBTC15M-26APR280730-30"",""trade_id"":""073c9ec1-2b49-62a5-483d-70d7280f8a68"",""yes_price_dollars"":""0.5000""}"
KXBTC15M-26APR280730-30,31781b40-16b9-4cad-a793-5dd7b7d43b48,1777374901,0.5,115.0,no,"{""count_fp"":""115.00"",""created_time"":""2026-04-28T11:15:01.686522Z"",""no_price_dollars"":""0.5000"",""taker_side"":""no"",""ticker"":""KXBTC15M-26APR280730-30"",""trade_id"":""31781b40-16b9-4cad-a793-5dd7b7d43b48"",""yes_price_dollars"":""0.5000""}"
KXBTC15M-26APR280730-30,1d223b86-dfa7-69f0-43b9-067f05abe3e9,1777374901,0.5,10.0,yes,"{""count_fp"":""10.00"",""created_time"":""2026-04-28T11:15:01.278881Z"",""no_price_dollars"":""0.5000"",""taker_side"":""yes"",""ticker"":""KXBTC15M-26APR280730-30"",""trade_id"":""1d223b86-dfa7-69f0-43b9-067f05abe3e9"",""yes_price_dollars"":""0.5000""}"
KXBTC15M-26APR280730-30,5bff79f7-85d2-4d8d-e205-a0a34d7c1e14,1777374901,0.5,190.0,no,"{""count_fp"":""190.00"",""created_time"":""2026-04-28T11:15:01.152117Z"",""no_price_dollars"":""0.5000"",""taker_side"":""no"",""ticker"":""KXBTC15M-26APR280730-30"",""trade_id"":""5bff79f7-85d2-4d8d-e205-a0a34d7c1e14"",""yes_price_dollars"":""0.5000""}"
KXBTC15M-26APR280730-30,4034d72a-06ec-69d5-7f10-24a6c96c746f,1777374902,0.52,1.0,no,"{""count_fp"":""1.00"",""created_time"":""2026-04-28T11:15:02.991537Z"",""no_price_dollars"":""0.4800"",""taker_side"":""no"",""ticker"":""KXBTC15M-26APR280730-30"",""trade_id"":""4034d72a-06ec-69d5-7f10-24a6c96c746f"",""yes_price_dollars"":""0.5200""}"
KXBTC15M-26APR280730-30,b2790626-3ed8-5879-e9ca-b45a1e616c7b,1777374902,0.52,1.0,no,"{""count_fp"":""1.00"",""created_time"":""2026-04-28T11:15:02.987191Z"",""no_price_dollars"":""0.4800"",""taker_side"":""no"",""ticker"":""KXBTC15M-26APR280730-30"",""trade_id"":""b2790626-3ed8-5879-e9ca-b45a1e616c7b"",""yes_price_dollars"":""0.5200""}"
KXBTC15M-26APR280730-30,8cb195fd-35a4-5d2f-d5b6-9e409f947743,1777374902,0.52,7.0,no,"{""count_fp"":""7.00"",""created_time"":""2026-04-28T11:15:02.987191Z"",""no_price_dollars"":""0.4800"",""taker_side"":""no"",""ticker"":""KXBTC15M-26APR280730-30"",""trade_id"":""8cb195fd-35a4-5d2f-d5b6-9e409f947743"",""yes_price_dollars"":""0.5200""}"
KXBTC15M-26APR280730-30,66baabd7-eb10-4233-74c6-51eed8244bf3,1777374902,0.52,25.0,no,"{""count_fp"":""25.00"",""created_time"":""2026-04-28T11:15:02.728326Z"",""no_price_dollars"":""0.4800"",""taker_side"":""no"",""ticker"":""KXBTC15M-26APR280730-30"",""trade_id"":""66baabd7-eb10-4233-74c6-51eed8244bf3"",""yes_price_dollars"":""0.5200""}"
KXBTC15M-26APR280730-30,aa00c8c0-1f02-5276-1659-dcd4c967b3ea,1777374903,0.54,1.0,yes,"{""count_fp"":""1.00"",""created_time"":""2026-04-28T11:15:03.276137Z"",""no_price_dollars"":""0.4600"",""taker_side"":""yes"",""ticker"":""KXBTC15M-26APR280730-30"",""trade_id"":""aa00c8c0-1f02-5276-1659-dcd4c967b3ea"",""yes_price_dollars"":""0.5400""}"
KXBTC15M-26APR280730-30,3e8f4ff9-a4ec-5a8d-137f-6b56856ef722,1777374903,0.54,1.0,yes,"{""count_fp"":""1.00"",""created_time"":""2026-04-28T11:15:03.276137Z"",""no_price_dollars"":""0.4600"",""taker_side"":""yes"",""ticker"":""KXBTC15M-26APR280730-30"",""trade_id"":""3e8f4ff9-a4ec-5a8d-137f-6b56856ef722"",""yes_price_dollars"":""0.5400""}"
KXBTC15M-26APR280730-30,4644042c-39ec-451d-a0c0-b43bfe80579b,1777374903,0.52,7.0,no,"{""count_fp"":""7.00"",""created_time"":""2026-04-28T11:15:03.219498Z"",""no_price_dollars"":""0.4800"",""taker_side"":""no"",""ticker"":""KXBTC15M-26APR280730-30"",""trade_id"":""4644042c-39ec-451d-a0c0-b43bfe80579b"",""yes_price_dollars"":""0.5200""}"
KXBTC15M-26APR280730-30,c14baf86-e1f2-429e-56b6-1ac2e0286247,1777374904,0.52,32.0,no,"{""count_fp"":""32.00"",""created_time"":""2026-04-28T11:15:04.656019Z"",""no_price_dollars"":""0.4800"",""taker_side"":""no"",""ticker"":""KXBTC15M-26APR280730-30"",""trade_id"":""c14baf86-e1f2-429e-56b6-1ac2e0286247"",""yes_price_dollars"":""0.5200""}"
KXBTC15M-26APR280730-30,b31d308b-542a-485f-42a2-1e7b276e303f,1777374904,0.52,18.0,no,"{""count_fp"":""18.00"",""created_time"":""2026-04-28T11:15:04.656019Z"",""no_price_dollars"":""0.4800"",""taker_side"":""no"",""ticker"":""KXBTC15M-26APR280730-30"",""trade_id"":""b31d308b-542a-485f-42a2-1e7b276e303f"",""yes_price_dollars"":""0.5200""}"
KXBTC15M-26APR280730-30,a6c10732-5a16-498f-6807-e28b98477ba3,1777374904,0.48,30.0,no,"{""count_fp"":""30.00"",""created_time"":""2026-04-28T11:15:04.656019Z"",""no_price_dollars"":""0.5200"",""taker_side"":""no"",""ticker"":""KXBTC15M-26APR280730-30"",""trade_id"":""a6c10732-5a16-498f-6807-e28b98477ba3"",""yes_price_dollars"":""0.4800""}"
KXBTC15M-26APR280730-30,7ee8b8db-e47c-414d-5b0e-ecab68fd2003,1777374904,0.52,9.0,no,"{""count_fp"":""9.00"",""created_time"":""2026-04-28T11:15:04.656019Z"",""no_price_dollars"":""0.4800"",""taker_side"":""no"",""ticker"":""KXBTC15M-26APR280730-30"",""trade_id"":""7ee8b8db-e47c-414d-5b0e-ecab68fd2003"",""yes_price_dollars"":""0.5200""}"
KXBTC15M-26APR280730-30,5c57e2d0-2193-694f-aaa2-d165d8d6b9e2,1777374904,0.53,1.82,yes,"{""count_fp"":""1.82"",""created_time"":""2026-04-28T11:15:04.628879Z"",""no_price_dollars"":""0.4700"",""taker_side"":""yes"",""ticker"":""KXBTC15M-26APR280730-30"",""trade_id"":""5c57e2d0-2193-694f-aaa2-d165d8d6b9e2"",""yes_price_dollars"":""0.5300""}"
KXBTC15M-26APR280730-30,e3acb498-a162-4eca-fcb1-5e7aa81d1962,1777374904,0.54,12.55,yes,"{""count_fp"":""12.55"",""created_time"":""2026-04-28T11:15:04.376158Z"",""no_price_dollars"":""0.4600"",""taker_side"":""yes"",""ticker"":""KXBTC15M-26APR280730-30"",""trade_id"":""e3acb498-a162-4eca-fcb1-5e7aa81d1962"",""yes_price_dollars"":""0.5400""}"
KXBTC15M-26APR280730-30,f714a443-e80f-70cd-16ad-2027031329c7,1777374905,0.49,9.0,yes,"{""count_fp"":""9.00"",""created_time"":""2026-04-28T11:15:05.917298Z"",""no_price_dollars"":""0.5100"",""taker_side"":""yes"",""ticker"":""KXBTC15M-26APR280730-30"",""trade_id"":""f714a443-e80f-70cd-16ad-2027031329c7"",""yes_price_dollars"":""0.4900""}"
KXBTC15M-26APR280730-30,df226bcb-9b75-7583-36d6-c8a34d1d3c54,1777374905,0.49,5.0,yes,"{""count_fp"":""5.00"",""created_time"":""2026-04-28T11:15:05.917298Z"",""no_price_dollars"":""0.5100"",""taker_side"":""yes"",""ticker"":""KXBTC15M-26APR280730-30"",""trade_id"":""df226bcb-9b75-7583-36d6-c8a34d1d3c54"",""yes_price_dollars"":""0.4900""}"
KXBTC15M-26APR280730-30,af67b31f-32af-7e42-222a-8ac0564d9dec,1777374905,0.49,5.0,yes,"{""count_fp"":""5.00"",""created_time"":""2026-04-28T11:15:05.917298Z"",""no_price_dollars"":""0.5100"",""taker_side"":""yes"",""ticker"":""KXBTC15M-26APR280730-30"",""trade_id"":""af67b31f-32af-7e42-222a-8ac0564d9dec"",""yes_price_dollars"":""0.4900""}"
KXBTC15M-26APR280730-30,612d54a4-ea12-7296-0a15-c046de29335e,1777374905,0.48,49.0,yes,"{""count_fp"":""49.00"",""created_time"":""2026-04-28T11:15:05.917298Z"",""no_price_dollars"":""0.5200"",""taker_side"":""yes"",""ticker"":""KXBTC15M-26APR280730-30"",""trade_id"":""612d54a4-ea12-7296-0a15-c046de29335e"",""yes_price_dollars"":""0.4800""}"
KXBTC15M-26APR280730-30,6106b20f-f6bb-7c30-0ab4-3fd05086afed,1777374905,0.49,46.0,yes,"{""count_fp"":""46.00"",""created_time"":""2026-04-28T11:15:05.917298Z"",""no_price_dollars"":""0.5100"",""taker_side"":""yes"",""ticker"":""KXBTC15M-26APR280730-30"",""trade_id"":""6106b20f-f6bb-7c30-0ab4-3fd05086afed"",""yes_price_dollars"":""0.4900""}"
KXBTC15M-26APR280730-30,4d1a0cf1-5453-78ad-0ccd-19e8ccb325ab,1777374905,0.49,3.0,yes,"{""count_fp"":""3.00"",""created_time"":""2026-04-28T11:15:05.917298Z"",""no_price_dollars"":""0.5100"",""taker_side"":""yes"",""ticker"":""KXBTC15M-26APR280730-30"",""trade_id"":""4d1a0cf1-5453-78ad-0ccd-19e8ccb325ab"",""yes_price_dollars"":""0.4900""}"
KXBTC15M-26APR280730-30,3913d437-82a9-7975-1b7f-121129ac47f3,1777374905,0.49,3.0,yes,"{""count_fp"":""3.00"",""created_time"":""2026-04-28T11:15:05.917298Z"",""no_price_dollars"":""0.5100"",""taker_side"":""yes"",""ticker"":""KXBTC15M-26APR280730-30"",""trade_id"":""3913d437-82a9-7975-1b7f-121129ac47f3"",""yes_price_dollars"":""0.4900""}"
KXBTC15M-26APR280730-30,9292cb12-2de4-735b-5f1e-4e449c33a72c,1777374906,0.49,47.82,yes,"{""count_fp"":""47.82"",""created_time"":""2026-04-28T11:15:06.575527Z"",""no_price_dollars"":""0.5100"",""taker_side"":""yes"",""ticker"":""KXBTC15M-26APR280730-30"",""trade_id"":""9292cb12-2de4-735b-5f1e-4e449c33a72c"",""yes_price_dollars"":""0.4900""}"
KXBTC15M-26APR280730-30,dbd193ca-cf30-4797-3767-337f9e75636c,1777374906,0.49,9.13,yes,"{""count_fp"":""9.13"",""created_time"":""2026-04-28T11:15:06.446053Z"",""no_price_dollars"":""0.5100"",""taker_side"":""yes"",""ticker"":""KXBTC15M-26APR280730-30"",""trade_id"":""dbd193ca-cf30-4797-3767-337f9e75636c"",""yes_price_dollars"":""0.4900""}"
KXBTC15M-26APR280730-30,9dcc334f-e504-7e57-ef8a-a456def3ac9c,1777374906,0.49,3.58,yes,"{""count_fp"":""3.58"",""created_time"":""2026-04-28T11:15:06.347381Z"",""no_price_dollars"":""0.5100"",""taker_side"":""yes"",""ticker"":""KXBTC15M-26APR280730-30"",""trade_id"":""9dcc334f-e504-7e57-ef8a-a456def3ac9c"",""yes_price_dollars"":""0.4900""}"
KXBTC15M-26APR280730-30,c8dee95d-30cb-4728-7af6-e7e552e1f681,1777374907,0.49,3.0,yes,"{""count_fp"":""3.00"",""created_time"":""2026-04-28T11:15:07.412017Z"",""no_price_dollars"":""0.5100"",""taker_side"":""yes"",""ticker"":""KXBTC15M-26APR280730-30"",""trade_id"":""c8dee95d-30cb-4728-7af6-e7e552e1f681"",""yes_price_dollars"":""0.4900""}"
KXBTC15M-26APR280730-30,ba2b74f4-4ba0-5b95-109f-19b4dc3ec6a2,1777374908,0.48,18.0,no,"{""count_fp"":""18.00"",""created_time"":""2026-04-28T11:15:08.868741Z"",""no_price_dollars"":""0.5200"",""taker_side"":""no"",""ticker"":""KXBTC15M-26APR280730-30"",""trade_id"":""ba2b74f4-4ba0-5b95-109f-19b4dc3ec6a2"",""yes_price_dollars"":""0.4800""}"
KXBTC15M-26APR280730-30,c461f817-8980-7689-7159-db00859f3a0f,1777374909,0.44,3.0,yes,"{""count_fp"":""3.00"",""created_time"":""2026-04-28T11:15:09.802839Z"",""no_price_dollars"":""0.5600"",""taker_side"":""yes"",""ticker"":""KXBTC15M-26APR280730-30"",""trade_id"":""c461f817-8980-7689-7159-db00859f3a0f"",""yes_price_dollars"":""0.4400""}"
KXBTC15M-26APR280730-30,ecdab034-3a9f-72a6-eef6-1ebe917e50e8,1777374909,0.44,20.0,yes,"{""count_fp"":""20.00"",""created_time"":""2026-04-28T11:15:09.538029Z"",""no_price_dollars"":""0.5600"",""taker_side"":""yes"",""ticker"":""KXBTC15M-26APR280730-30"",""trade_id"":""ecdab034-3a9f-72a6-eef6-1ebe917e50e8"",""yes_price_dollars"":""0.4400""}"
KXBTC15M-26APR280730-30,0a4b205f-6a8b-4fd5-ffe0-ee145a0ab5a6,1777374909,0.46,30.0,no,"{""count_fp"":""30.00"",""created_time"":""2026-04-28T11:15:09.074758Z"",""no_price_dollars"":""0.5400"",""taker_side"":""no"",""ticker"":""KXBTC15M-26APR280730-30"",""trade_id"":""0a4b205f-6a8b-4fd5-ffe0-ee145a0ab5a6"",""yes_price_dollars"":""0.4600""}"
KXBTC15M-26APR280730-30,0e94a6f9-1ec3-61dc-1fb4-940836f669a1,1777374909,0.49,9.0,yes,"{""count_fp"":""9.00"",""created_time"":""2026-04-28T11:15:09.035783Z"",""no_price_dollars"":""0.5100"",""taker_side"":""yes"",""ticker"":""KXBTC15M-26APR280730-30"",""trade_id"":""0e94a6f9-1ec3-61dc-1fb4-940836f669a1"",""yes_price_dollars"":""0.4900""}"
KXBTC15M-26APR280730-30,fc9db2d2-b579-41e1-2bee-90b7c62ae764,1777374909,0.46,20.0,no,"{""count_fp"":""20.00"",""created_time"":""2026-04-28T11:15:09.013831Z"",""no_price_dollars"":""0.5400"",""taker_side"":""no"",""ticker"":""KXBTC15M-26APR280730-30"",""trade_id"":""fc9db2d2-b579-41e1-2bee-90b7c62ae764"",""yes_price_dollars"":""0.4600""}"
KXBTC15M-26APR280730-30,d94542cc-c272-4da2-2834-6ba9a7d330d5,1777374909,0.44,1.0,no,"{""count_fp"":""1.00"",""created_time"":""2026-04-28T11:15:09.013831Z"",""no_price_dollars"":""0.5600"",""taker_side"":""no"",""ticker"":""KXBTC15M-26APR280730-30"",""trade_id"":""d94542cc-c272-4da2-2834-6ba9a7d330d5"",""yes_price_dollars"":""0.4400""}"
KXBTC15M-26APR280730-30,d72cc80b-8d3d-4b6a-1e1b-34fc28570728,1777374909,0.47,15.0,no,"{""count_fp"":""15.00"",""created_time"":""2026-04-28T11:15:09.013831Z"",""no_price_dollars"":""0.5300"",""taker_side"":""no"",""ticker"":""KXBTC15M-26APR280730-30"",""trade_id"":""d72cc80b-8d3d-4b6a-1e1b-34fc28570728"",""yes_price_dollars"":""0.4700""}"
KXBTC15M-26APR280730-30,d47b4d61-b5a6-49bd-342f-09e7b4ec44ee,1777374909,0.46,30.0,no,"{""count_fp"":""30.00"",""created_time"":""2026-04-28T11:15:09.013831Z"",""no_price_dollars"":""0.5400"",""taker_side"":""no"",""ticker"":""KXBTC15M-26APR280730-30"",""trade_id"":""d47b4d61-b5a6-49bd-342f-09e7b4ec44ee"",""yes_price_dollars"":""0.4600""}"
KXBTC15M-26APR280730-30,b7f8aa3f-971a-41d8-02a6-7398a72d0563,1777374909,0.46,99.55,no,"{""count_fp"":""99.55"",""created_time"":""2026-04-28T11:15:09.013831Z"",""no_price_dollars"":""0.5400"",""taker_side"":""no"",""ticker"":""KXBTC15M-26APR280730-30"",""trade_id"":""b7f8aa3f-971a-41d8-02a6-7398a72d0563"",""yes_price_dollars"":""0.4600""}"
KXBTC15M-26APR280730-30,97831a09-640b-439a-29b3-9e97ffa28bb7,1777374909,0.47,30.0,no,"{""count_fp"":""30.00"",""created_time"":""2026-04-28T11:15:09.013831Z"",""no_price_dollars"":""0.5300"",""taker_side"":""no"",""ticker"":""KXBTC15M-26APR280730-30"",""trade_id"":""97831a09-640b-439a-29b3-9e97ffa28bb7"",""yes_price_dollars"":""0.4700""}"
KXBTC15M-26APR280730-30,81ce1863-5844-4a45-362b-a59974b5942e,1777374909,0.45,1.0,no,"{""count_fp"":""1.00"",""created_time"":""2026-04-28T11:15:09.013831Z"",""no_price_dollars"":""0.5500"",""taker_side"":""no"",""ticker"":""KXBTC15M-26APR280730-30"",""trade_id"":""81ce1863-5844-4a45-362b-a59974b5942e"",""yes_price_dollars"":""0.4500""}"
KXBTC15M-26APR280730-30,531f5003-1f9e-48a0-2710-be0b46ab17bf,1777374909,0.46,1.0,no,"{""count_fp"":""1.00"",""created_time"":""2026-04-28T11:15:09.013831Z"",""no_price_dollars"":""0.5400"",""taker_side"":""no"",""ticker"":""KXBTC15M-26APR280730-30"",""trade_id"":""531f5003-1f9e-48a0-2710-be0b46ab17bf"",""yes_price_dollars"":""0.4600""}"
KXBTC15M-26APR280730-30,4a182777-93c3-4510-1b64-27708bbc0e44,1777374909,0.45,1.0,no,"{""count_fp"":""1.00"",""created_time"":""2026-04-28T11:15:09.013831Z"",""no_price_dollars"":""0.5500"",""taker_side"":""no"",""ticker"":""KXBTC15M-26APR280730-30"",""trade_id"":""4a182777-93c3-4510-1b64-27708bbc0e44"",""yes_price_dollars"":""0.4500""}"
KXBTC15M-26APR280730-30,27996bef-8e63-4f00-1dd8-325c8794cf8a,1777374909,0.47,20.0,no,"{""count_fp"":""20.00"",""created_time"":""2026-04-28T11:15:09.013831Z"",""no_price_dollars"":""0.5300"",""taker_side"":""no"",""ticker"":""KXBTC15M-26APR280730-30"",""trade_id"":""27996bef-8e63-4f00-1dd8-325c8794cf8a"",""yes_price_dollars"":""0.4700""}"
KXBTC15M-26APR280730-30,1c5f3bb1-5f20-40bd-281c-7b750d6953ce,1777374909,0.48,2.0,no,"{""count_fp"":""2.00"",""created_time"":""2026-04-28T11:15:09.013831Z"",""no_price_dollars"":""0.5200"",""taker_side"":""no"",""ticker"":""KXBTC15M-26APR280730-30"",""trade_id"":""1c5f3bb1-5f20-40bd-281c-7b750d6953ce"",""yes_price_dollars"":""0.4800""}"
KXBTC15M-26APR280730-30,112ad9ba-083c-44c2-2704-a0448ebdc9cf,1777374909,0.46,120.0,no,"{""count_fp"":""120.00"",""created_time"":""2026-04-28T11:15:09.013831Z"",""no_price_dollars"":""0.5400"",""taker_side"":""no"",""ticker"":""KXBTC15M-26APR280730-30"",""trade_id"":""112ad9ba-083c-44c2-2704-a0448ebdc9cf"",""yes_price_dollars"":""0.4600""}"
KXBTC15M-26APR280730-30,0c0a0253-31a0-45af-3829-7e8cbe2f1ccb,1777374909,0.45,1.0,no,"{""count_fp"":""1.00"",""created_time"":""2026-04-28T11:15:09.013831Z"",""no_price_dollars"":""0.5500"",""taker_side"":""no"",""ticker"":""KXBTC15M-26APR280730-30"",""trade_id"":""0c0a0253-31a0-45af-3829-7e8cbe2f1ccb"",""yes_price_dollars"":""0.4500""}"
KXBTC15M-26APR280730-30,ece71c2b-0052-69a1-4cda-5a4dce3b565f,1777374910,0.45,12.0,yes,"{""count_fp"":""12.00"",""created_time"":""2026-04-28T11:15:10.311276Z"",""no_price_dollars"":""0.5500"",""taker_side"":""yes"",""ticker"":""KXBTC15M-26APR280730-30"",""trade_id"":""ece71c2b-0052-69a1-4cda-5a4dce3b565f"",""yes_price_dollars"":""0.4500""}"
KXBTC15M-26APR280730-30,efc2b40a-7a84-604d-27a1-6101897ee75b,1777374910,0.44,21.0,yes,"{""count_fp"":""21.00"",""created_time"":""2026-04-28T11:15:10.031623Z"",""no_price_dollars"":""0.5600"",""taker_side"":""yes"",""ticker"":""KXBTC15M-26APR280730-30"",""trade_id"":""efc2b40a-7a84-604d-27a1-6101897ee75b"",""yes_price_dollars"":""0.4400""}"
KXBTC15M-26APR280730-30,ca758943-a84b-66ec-0906-f809778dbc89,1777374910,0.44,7.0,yes,"{""count_fp"":""7.00"",""created_time"":""2026-04-28T11:15:10.031623Z"",""no_price_dollars"":""0.5600"",""taker_side"":""yes"",""ticker"":""KXBTC15M-26APR280730-30"",""trade_id"":""ca758943-a84b-66ec-0906-f809778dbc89"",""yes_price_dollars"":""0.4400""}"
KXBTC15M-26APR280730-30,9bbe5475-4e0e-6a79-141d-4a097a5dec53,1777374910,0.45,0.55,yes,"{""count_fp"":""0.55"",""created_time"":""2026-04-28T11:15:10.031623Z"",""no_price_dollars"":""0.5500"",""taker_side"":""yes"",""ticker"":""KXBTC15M-26APR280730-30"",""trade_id"":""9bbe5475-4e0e-6a79-141d-4a097a5dec53"",""yes_price_dollars"":""0.4500""}"
KXBTC15M-26APR280730-30,83119dab-d1e1-6329-239e-e2a5155287dc,1777374910,0.44,1.0,yes,"{""count_fp"":""1.00"",""created_time"":""2026-04-28T11:15:10.031623Z"",""no_price_dollars"":""0.5600"",""taker_side"":""yes"",""ticker"":""KXBTC15M-26APR280730-30"",""trade_id"":""83119dab-d1e1-6329-239e-e2a5155287dc"",""yes_price_dollars"":""0.4400""}"
KXBTC15M-26APR280730-30,cc5984cb-1578-5337-8e4d-a641062dd7ee,1777374911,0.45,6.55,yes,"{""count_fp"":""6.55"",""created_time"":""2026-04-28T11:15:11.535193Z"",""no_price_dollars"":""0.5500"",""taker_side"":""yes"",""ticker"":""KXBTC15M-26APR280730-30"",""trade_id"":""cc5984cb-1578-5337-8e4d-a641062dd7ee"",""yes_price_dollars"":""0.4500""}"
KXBTC15M-26APR280730-30,6c491222-75c5-5b18-bb99-75dfef7d81f8,1777374911,0.45,1.0,yes,"{""count_fp"":""1.00"",""created_time"":""2026-04-28T11:15:11.535193Z"",""no_price_dollars"":""0.5500"",""taker_side"":""yes"",""ticker"":""KXBTC15M-26APR280730-30"",""trade_id"":""6c491222-75c5-5b18-bb99-75dfef7d81f8"",""yes_price_dollars"":""0.4500""}"
KXBTC15M-26APR280730-30,60f398e3-c2c0-5bf8-a765-01718a23a230,1777374911,0.45,65.0,yes,"{""count_fp"":""65.00"",""created_time"":""2026-04-28T11:15:11.535193Z"",""no_price_dollars"":""0.5500"",""taker_side"":""yes"",""ticker"":""KXBTC15M-26APR280730-30"",""trade_id"":""60f398e3-c2c0-5bf8-a765-01718a23a230"",""yes_price_dollars"":""0.4500""}"
KXBTC15M-26APR280730-30,0eca31d2-bffa-57e9-bfb2-ab9b5181ff53,1777374911,0.45,27.45,yes,"{""count_fp"":""27.45"",""created_time"":""2026-04-28T11:15:11.535193Z"",""no_price_dollars"":""0.5500"",""taker_side"":""yes"",""ticker"":""KXBTC15M-26APR280730-30"",""trade_id"":""0eca31d2-bffa-57e9-bfb2-ab9b5181ff53"",""yes_price_dollars"":""0.4500""}"
KXBTC15M-26APR280730-30,f8d28513-7666-402b-6039-c2e8e789f721,1777374912,0.44,3.0,no,"{""count_fp"":""3.00"",""created_time"":""2026-04-28T11:15:12.605786Z"",""no_price_dollars"":""0.5600"",""taker_side"":""no"",""ticker"":""KXBTC15M-26APR280730-30"",""trade_id"":""f8d28513-7666-402b-6039-c2e8e789f721"",""yes_price_dollars"":""0.4400""}"
KXBTC15M-26APR280730-30,2db3c2ea-9fb0-7ee7-977d-e373f581e542,1777374912,0.45,1.0,yes,"{""count_fp"":""1.00"",""created_time"":""2026-04-28T11:15:12.023409Z"",""no_price_dollars"":""0.5500"",""taker_side"":""yes"",""ticker"":""KXBTC15M-26APR280730-30"",""trade_id"":""2db3c2ea-9fb0-7ee7-977d-e373f581e542"",""yes_price_dollars"":""0.4500""}"
KXBTC15M-26APR280730-30,40583b33-42e4-4a95-5f34-ff5896d0135a,1777374913,0.43,5.88,yes,"{""count_fp"":""5.88"",""created_time"":""2026-04-28T11:15:13.765709Z"",""no_price_dollars"":""0.5700"",""taker_side"":""yes"",""ticker"":""KXBTC15M-26APR280730-30"",""trade_id"":""40583b33-42e4-4a95-5f34-ff5896d0135a"",""yes_price_dollars"":""0.4300""}"
KXBTC15M-26APR280730-30,fa20f008-87c4-7d9a-0ee4-560a21b78e6c,1777374913,0.42,5.92,no,"{""count_fp"":""5.92"",""created_time"":""2026-04-28T11:15:13.230529Z"",""no_price_dollars"":""0.5800"",""taker_side"":""no"",""ticker"":""KXBTC15M-26APR280730-30"",""trade_id"":""fa20f008-87c4-7d9a-0ee4-560a21b78e6c"",""yes_price_dollars"":""0.4200""}"
KXBTC15M-26APR280730-30,cff49422-769e-7bfb-1057-2f0c76ff0b19,1777374913,0.44,5.0,no,"{""count_fp"":""5.00"",""created_time"":""2026-04-28T11:15:13.230529Z"",""no_price_dollars"":""0.5600"",""taker_side"":""no"",""ticker"":""KXBTC15M-26APR280730-30"",""trade_id"":""cff49422-769e-7bfb-1057-2f0c76ff0b19"",""yes_price_dollars"":""0.4400""}"
KXBTC15M-26APR280730-30,a4f8c9de-b3d2-7464-370f-8afd696ee085,1777374913,0.43,3.0,no,"{""count_fp"":""3.00"",""created_time"":""2026-04-28T11:15:13.230529Z"",""no_price_dollars"":""0.5700"",""taker_side"":""no"",""ticker"":""KXBTC15M-26APR280730-30"",""trade_id"":""a4f8c9de-b3d2-7464-370f-8afd696ee085"",""yes_price_dollars"":""0.4300""}"
KXBTC15M-26APR280730-30,9076799b-63f6-70e6-367f-6525d3b6c87e,1777374913,0.42,1.0,no,"{""count_fp"":""1.00"",""created_time"":""2026-04-28T11:15:13.230529Z"",""no_price_dollars"":""0.5800"",""taker_side"":""no"",""ticker"":""KXBTC15M-26APR280730-30"",""trade_id"":""9076799b-63f6-70e6-367f-6525d3b6c87e"",""yes_price_dollars"":""0.4200""}"
KXBTC15M-26APR280730-30,40ebe534-2ded-730f-26e9-70a988fcd7ab,1777374913,0.42,1.0,no,"{""count_fp"":""1.00"",""created_time"":""2026-04-28T11:15:13.230529Z"",""no_price_dollars"":""0.5800"",""taker_side"":""no"",""ticker"":""KXBTC15M-26APR280730-30"",""trade_id"":""40ebe534-2ded-730f-26e9-70a988fcd7ab"",""yes_price_dollars"":""0.4200""}"
KXBTC15M-26APR280730-30,28ca0377-61c4-7715-09b3-891127f488d7,1777374913,0.43,1.0,no,"{""count_fp"":""1.00"",""created_time"":""2026-04-28T11:15:13.230529Z"",""no_price_dollars"":""0.5700"",""taker_side"":""no"",""ticker"":""KXBTC15M-26APR280730-30"",""trade_id"":""28ca0377-61c4-7715-09b3-891127f488d7"",""yes_price_dollars"":""0.4300""}"
KXBTC15M-26APR280730-30,8d5e5d67-567e-6e53-6e40-16d497b1ffd1,1777374913,0.44,2.0,no,"{""count_fp"":""2.00"",""created_time"":""2026-04-28T11:15:13.003605Z"",""no_price_dollars"":""0.5600"",""taker_side"":""no"",""ticker"":""KXBTC15M-26APR280730-30"",""trade_id"":""8d5e5d67-567e-6e53-6e40-16d497b1ffd1"",""yes_price_dollars"":""0.4400""}"
KXBTC15M-26APR280730-30,3ff491bc-4b9f-647e-73fb-ac88b73ab379,1777374914,0.54,41.93,yes,"{""count_fp"":""41.93"",""created_time"":""2026-04-28T11:15:14.767979Z"",""no_price_dollars"":""0.4600"",""taker_side"":""yes"",""ticker"":""KXBTC15M-26APR280730-30"",""trade_id"":""3ff491bc-4b9f-647e-73fb-ac88b73ab379"",""yes_price_dollars"":""0.5400""}"
KXBTC15M-26APR280730-30,7a7f6d69-2763-767a-8930-03786abd80e8,1777374914,0.55,1.0,yes,"{""count_fp"":""1.00"",""created_time"":""2026-04-28T11:15:14.734077Z"",""no_price_dollars"":""0.4500"",""taker_side"":""yes"",""ticker"":""KXBTC15M-26APR280730-30"",""trade_id"":""7a7f6d69-2763-767a-8930-03786abd80e8"",""yes_price_dollars"":""0.5500""}"
KXBTC15M-26APR280730-30,4b276fc8-be5c-79ac-a70c-4268217e7b32,1777374914,0.55,142.0,yes,"{""count_fp"":""142.00"",""created_time"":""2026-04-28T11:15:14.734077Z"",""no_price_dollars"":""0.4500"",""taker_side"":""yes"",""ticker"":""KXBTC15M-26APR280730-30"",""trade_id"":""4b276fc8-be5c-79ac-a70c-4268217e7b32"",""yes_price_dollars"":""0.5500""}"
KXBTC15M-26APR280730-30,15e005cb-ec34-73cd-ba71-b539dfd959ce,1777374914,0.52,200.0,yes,"{""count_fp"":""200.00"",""created_time"":""2026-04-28T11:15:14.734077Z"",""no_price_dollars"":""0.4800"",""taker_side"":""yes"",""ticker"":""KXBTC15M-26APR280730-30"",""trade_id"":""15e005cb-ec34-73cd-ba71-b539dfd959ce"",""yes_price_dollars"":""0.5200""}"
KXBTC15M-26APR280730-30,f618a5b8-a95e-5f2e-ad8d-b0d48eb053d8,1777374914,0.52,40.0,yes,"{""count_fp"":""40.00"",""created_time"":""2026-04-28T11:15:14.725376Z"",""no_price_dollars"":""0.4800"",""taker_side"":""yes"",""ticker"":""KXBTC15M-26APR280730-30"",""trade_id"":""f618a5b8-a95e-5f2e-ad8d-b0d48eb053d8"",""yes_price_dollars"":""0.5200""}"
KXBTC15M-26APR280730-30,69ec4540-4ed1-56d0-ae83-8e3fe3ae478b,1777374914,0.52,100.0,yes,"{""count_fp"":""100.00"",""created_time"":""2026-04-28T11:15:14.725376Z"",""no_price_dollars"":""0.4800"",""taker_side"":""yes"",""ticker"":""KXBTC15M-26APR280730-30"",""trade_id"":""69ec4540-4ed1-56d0-ae83-8e3fe3ae478b"",""yes_price_dollars"":""0.5200""}"
KXBTC15M-26APR280730-30,665e117f-0778-5529-835c-e48b8749c489,1777374914,0.51,200.0,yes,"{""count_fp"":""200.00"",""created_time"":""2026-04-28T11:15:14.725376Z"",""no_price_dollars"":""0.4900"",""taker_side"":""yes"",""ticker"":""KXBTC15M-26APR280730-30"",""trade_id"":""665e117f-0778-5529-835c-e48b8749c489"",""yes_price_dollars"":""0.5100""}"
KXBTC15M-26APR280730-30,25372d80-9b15-5654-a861-6b9782649850,1777374914,0.52,5.0,yes,"{""count_fp"":""5.00"",""created_time"":""2026-04-28T11:15:14.725376Z"",""no_price_dollars"":""0.4800"",""taker_side"":""yes"",""ticker"":""KXBTC15M-26APR280730-30"",""trade_id"":""25372d80-9b15-5654-a861-6b9782649850"",""yes_price_dollars"":""0.5200""}"
KXBTC15M-26APR280730-30,c4d94c2e-bd3f-52c5-b834-edbb0febadb9,1777374914,0.48,5.72,yes,"{""count_fp"":""5.72"",""created_time"":""2026-04-28T11:15:14.708542Z"",""no_price_dollars"":""0.5200"",""taker_side"":""yes"",""ticker"":""KXBTC15M-26APR280730-30"",""trade_id"":""c4d94c2e-bd3f-52c5-b834-edbb0febadb9"",""yes_price_dollars"":""0.4800""}"
KXBTC15M-26APR280730-30,bb91d8b2-73ac-5cd3-8d4c-a6b63e68b8b2,1777374914,0.48,323.0,yes,"{""count_fp"":""323.00"",""created_time"":""2026-04-28T11:15:14.708542Z"",""no_price_dollars"":""0.5200"",""taker_side"":""yes"",""ticker"":""KXBTC15M-26APR280730-30"",""trade_id"":""bb91d8b2-73ac-5cd3-8d4c-a6b63e68b8b2"",""yes_price_dollars"":""0.4800""}"
KXBTC15M-26APR280730-30,8d1548ae-2430-55fb-82ab-3df2ba7da7ef,1777374914,0.5,1.0,yes,"{""count_fp"":""1.00"",""created_time"":""2026-04-28T11:15:14.708542Z"",""no_price_dollars"":""0.5000"",""taker_side"":""yes"",""ticker"":""KXBTC15M-26APR280730-30"",""trade_id"":""8d1548ae-2430-55fb-82ab-3df2ba7da7ef"",""yes_price_dollars"":""0.5000""}"
KXBTC15M-26APR280730-30,3c7c79d9-3abe-509d-98be-e1e5119ca992,1777374914,0.49,15.0,yes,"{""count_fp"":""15.00"",""created_time"":""2026-04-28T11:15:14.708542Z"",""no_price_dollars"":""0.5100"",""taker_side"":""yes"",""ticker"":""KXBTC15M-26APR280730-30"",""trade_id"":""3c7c79d9-3abe-509d-98be-e1e5119ca992"",""yes_price_dollars"":""0.4900""}"
KXBTC15M-26APR280730-30,7b0e0d44-fae7-4ffd-c157-dcb05f651db5,1777374914,0.48,59.28,yes,"{""count_fp"":""59.28"",""created_time"":""2026-04-28T11:15:14.703289Z"",""no_price_dollars"":""0.5200"",""taker_side"":""yes"",""ticker"":""KXBTC15M-26APR280730-30"",""trade_id"":""7b0e0d44-fae7-4ffd-c157-dcb05f651db5"",""yes_price_dollars"":""0.4800""}"
KXBTC15M-26APR280730-30,663e85a0-b880-49c0-ce62-fab34b054266,1777374914,0.48,3.0,yes,"{""count_fp"":""3.00"",""created_time"":""2026-04-28T11:15:14.703289Z"",""no_price_dollars"":""0.5200"",""taker_side"":""yes"",""ticker"":""KXBTC15M-26APR280730-30"",""trade_id"":""663e85a0-b880-49c0-ce62-fab34b054266"",""yes_price_dollars"":""0.4800""}"
KXBTC15M-26APR280730-30,a35bacfe-9575-5644-3853-8fbe97956844,1777374914,0.47,3.0,yes,"{""count_fp"":""3.00"",""created_time"":""2026-04-28T11:15:14.694641Z"",""no_price_dollars"":""0.5300"",""taker_side"":""yes"",""ticker"":""KXBTC15M-26APR280730-30"",""trade_id"":""a35bacfe-9575-5644-3853-8fbe97956844"",""yes_price_dollars"":""0.4700""}"
KXBTC15M-26APR280730-30,7fbf9f83-0e54-519b-03d9-d2dee9b8a4e6,1777374914,0.47,77.0,yes,"{""count_fp"":""77.00"",""created_time"":""2026-04-28T11:15:14.694641Z"",""no_price_dollars"":""0.5300"",""taker_side"":""yes"",""ticker"":""KXBTC15M-26APR280730-30"",""trade_id"":""7fbf9f83-0e54-519b-03d9-d2dee9b8a4e6"",""yes_price_dollars"":""0.4700""}"
KXBTC15M-26APR280730-30,764d99bb-886a-605f-f1fb-577779c95255,1777374914,0.46,40.0,yes,"{""count_fp"":""40.00"",""created_time"":""2026-04-28T11:15:14.680408Z"",""no_price_dollars"":""0.5400"",""taker_side"":""yes"",""ticker"":""KXBTC15M-26APR280730-30"",""trade_id"":""764d99bb-886a-605f-f1fb-577779c95255"",""yes_price_dollars"":""0.4600""}"
KXBTC15M-26APR280730-30,f6f84eb1-1578-48ef-0e9a-1342d2e1f720,1777374914,0.45,40.0,yes,"{""count_fp"":""40.00"",""created_time"":""2026-04-28T11:15:14.667843Z"",""no_price_dollars"":""0.5500"",""taker_side"":""yes"",""ticker"":""KXBTC15M-26APR280730-30"",""trade_id"":""f6f84eb1-1578-48ef-0e9a-1342d2e1f720"",""yes_price_dollars"":""0.4500""}"
KXBTC15M-26APR280730-30,d23e89a6-95fc-6426-5c10-35669c3f6e61,1777374914,0.46,3.0,no,"{""count_fp"":""3.00"",""created_time"":""2026-04-28T11:15:14.637251Z"",""no_price_dollars"":""0.5400"",""taker_side"":""no"",""ticker"":""KXBTC15M-26APR280730-30"",""trade_id"":""d23e89a6-95fc-6426-5c10-35669c3f6e61"",""yes_price_dollars"":""0.4600""}"
KXBTC15M-26APR280730-30,2dcc10f5-276f-6f0c-5268-a76029c8c844,1777374914,0.46,23.52,no,"{""count_fp"":""23.52"",""created_time"":""2026-04-28T11:15:14.637251Z"",""no_price_dollars"":""0.5400"",""taker_side"":""no"",""ticker"":""KXBTC15M-26APR280730-30"",""trade_id"":""2dcc10f5-276f-6f0c-5268-a76029c8c844"",""yes_price_dollars"":""0.4600""}"
KXBTC15M-26APR280730-30,7537b3ce-41d7-7ed4-9f7d-ad4b58f17150,1777374914,0.46,22.48,no,"{""count_fp"":""22.48"",""created_time"":""2026-04-28T11:15:14.629089Z"",""no_price_dollars"":""0.5400"",""taker_side"":""no"",""ticker"":""KXBTC15M-26APR280730-30"",""trade_id"":""7537b3ce-41d7-7ed4-9f7d-ad4b58f17150"",""yes_price_dollars"":""0.4600""}"
KXBTC15M-26APR280730-30,d68cbd4f-d7e6-798f-59bd-15db58eec68f,1777374914,0.45,3.0,yes,"{""count_fp"":""3.00"",""created_time"":""2026-04-28T11:15:14.509235Z"",""no_price_dollars"":""0.5500"",""taker_side"":""yes"",""ticker"":""KXBTC15M-26APR280730-30"",""trade_id"":""d68cbd4f-d7e6-798f-59bd-15db58eec68f"",""yes_price_dollars"":""0.4500""}"
KXBTC15M-26APR280730-30,8a1ebbef-2739-7a3a-7f2a-94f76e685f60,1777374914,0.45,150.0,yes,"{""count_fp"":""150.00"",""created_time"":""2026-04-28T11:15:14.509235Z"",""no_price_dollars"":""0.5500"",""taker_side"":""yes"",""ticker"":""KXBTC15M-26APR280730-30"",""trade_id"":""8a1ebbef-2739-7a3a-7f2a-94f76e685f60"",""yes_price_dollars"":""0.4500""}"
KXBTC15M-26APR280730-30,815a2d28-31b2-7586-6242-c2ec0567fb02,1777374914,0.45,1.0,yes,"{""count_fp"":""1.00"",""created_time"":""2026-04-28T11:15:14.509235Z"",""no_price_dollars"":""0.5500"",""taker_side"":""yes"",""ticker"":""KXBTC15M-26APR280730-30"",""trade_id"":""815a2d28-31b2-7586-6242-c2ec0567fb02"",""yes_price_dollars"":""0.4500""}"
KXBTC15M-26APR280730-30,69890829-fc67-60dd-786a-df4f55ab03ec,1777374914,0.44,1.0,yes,"{""count_fp"":""1.00"",""created_time"":""2026-04-28T11:15:14.496246Z"",""no_price_dollars"":""0.5600"",""taker_side"":""yes"",""ticker"":""KXBTC15M-26APR280730-30"",""trade_id"":""69890829-fc67-60dd-786a-df4f55ab03ec"",""yes_price_dollars"":""0.4400""}"
KXBTC15M-26APR280730-30,daa8bd20-5191-450c-f879-20dff87628c0,1777374914,0.43,14.17,yes,"{""count_fp"":""14.17"",""created_time"":""2026-04-28T11:15:14.459336Z"",""no_price_dollars"":""0.5700"",""taker_side"":""yes"",""ticker"":""KXBTC15M-26APR280730-30"",""trade_id"":""daa8bd20-5191-450c-f879-20dff87628c0"",""yes_price_dollars"":""0.4300""}"
KXBTC15M-26APR280730-30,68f2fd55-b6ce-4441-cf8b-21ebb6cf281b,1777374914,0.43,42.4,yes,"{""count_fp"":""42.40"",""created_time"":""2026-04-28T11:15:14.459336Z"",""no_price_dollars"":""0.5700"",""taker_side"":""yes"",""ticker"":""KXBTC15M-26APR280730-30"",""trade_id"":""68f2fd55-b6ce-4441-cf8b-21ebb6cf281b"",""yes_price_dollars"":""0.4300""}"
KXBTC15M-26APR280730-30,576f2236-291c-5376-e887-4babbe5d3d3e,1777374914,0.43,1.0,yes,"{""count_fp"":""1.00"",""created_time"":""2026-04-28T11:15:14.458691Z"",""no_price_dollars"":""0.5700"",""taker_side"":""yes"",""ticker"":""KXBTC15M-26APR280730-30"",""trade_id"":""576f2236-291c-5376-e887-4babbe5d3d3e"",""yes_price_dollars"":""0.4300""}"
KXBTC15M-26APR280730-30,107a3b58-ee2e-5d1d-d1bd-191c452e14ef,1777374914,0.43,22.6,yes,"{""count_fp"":""22.60"",""created_time"":""2026-04-28T11:15:14.458691Z"",""no_price_dollars"":""0.5700"",""taker_side"":""yes"",""ticker"":""KXBTC15M-26APR280730-30"",""trade_id"":""107a3b58-ee2e-5d1d-d1bd-191c452e14ef"",""yes_price_dollars"":""0.4300""}"
KXBTC15M-26APR280730-30,023f57b4-ed07-5f66-d1aa-e438026f3fae,1777374914,0.43,8.0,yes,"{""count_fp"":""8.00"",""created_time"":""2026-04-28T11:15:14.458691Z"",""no_price_dollars"":""0.5700"",""taker_side"":""yes"",""ticker"":""KXBTC15M-26APR280730-30"",""trade_id"":""023f57b4-ed07-5f66-d1aa-e438026f3fae"",""yes_price_dollars"":""0.4300""}"
KXBTC15M-26APR280730-30,396082d1-d09b-4cdf-f683-be113006b610,1777374915,0.54,1.86,no,"{""count_fp"":""1.86"",""created_time"":""2026-04-28T11:15:15.891794Z"",""no_price_dollars"":""0.4600"",""taker_side"":""no"",""ticker"":""KXBTC15M-26APR280730-30"",""trade_id"":""396082d1-d09b-4cdf-f683-be113006b610"",""yes_price_dollars"":""0.5400""}"
KXBTC15M-26APR280730-30,bca1352e-bd33-6cfb-bdf2-39cd5cf12c64,1777374915,0.54,17.41,no,"{""count_fp"":""17.41"",""created_time"":""2026-04-28T11:15:15.849793Z"",""no_price_dollars"":""0.4600"",""taker_side"":""no"",""ticker"":""KXBTC15M-26APR280730-30"",""trade_id"":""bca1352e-bd33-6cfb-bdf2-39cd5cf12c64"",""yes_price_dollars"":""0.5400""}"
KXBTC15M-26APR280730-30,a0a125d4-c38b-6fdc-a181-e94314a2ae81,1777374915,0.54,10.0,no,"{""count_fp"":""10.00"",""created_time"":""2026-04-28T11:15:15.849793Z"",""no_price_dollars"":""0.4600"",""taker_side"":""no"",""ticker"":""KXBTC15M-26APR280730-30"",""trade_id"":""a0a125d4-c38b-6fdc-a181-e94314a2ae81"",""yes_price_dollars"":""0.5400""}"
KXBTC15M-26APR280730-30,8d36eeec-598e-6e70-9135-8a23087b63d0,1777374915,0.54,4.0,no,"{""count_fp"":""4.00"",""created_time"":""2026-04-28T11:15:15.849793Z"",""no_price_dollars"":""0.4600"",""taker_side"":""no"",""ticker"":""KXBTC15M-26APR280730-30"",""trade_id"":""8d36eeec-598e-6e70-9135-8a23087b63d0"",""yes_price_dollars"":""0.5400""}"
KXBTC15M-26APR280730-30,f383531e-bfbd-78ed-4bff-0c081ffb21f4,1777374916,0.51,3.0,yes,"{""count_fp"":""3.00"",""created_time"":""2026-04-28T11:15:16.673107Z"",""no_price_dollars"":""0.4900"",""taker_side"":""yes"",""ticker"":""KXBTC15M-26APR280730-30"",""trade_id"":""f383531e-bfbd-78ed-4bff-0c081ffb21f4"",""yes_price_dollars"":""0.5100""}"
KXBTC15M-26APR280730-30,b9b7ee2e-14f1-7f06-7a91-737df490de78,1777374916,0.51,168.8,yes,"{""count_fp"":""168.80"",""created_time"":""2026-04-28T11:15:16.673107Z"",""no_price_dollars"":""0.4900"",""taker_side"":""yes"",""ticker"":""KXBTC15M-26APR280730-30"",""trade_id"":""b9b7ee2e-14f1-7f06-7a91-737df490de78"",""yes_price_dollars"":""0.5100""}"
KXBTC15M-26APR280730-30,484315e4-8491-54a6-824c-e623d8ace5e1,1777374916,0.53,19.0,no,"{""count_fp"":""19.00"",""created_time"":""2026-04-28T11:15:16.592822Z"",""no_price_dollars"":""0.4700"",""taker_side"":""no"",""ticker"":""KXBTC15M-26APR280730-30"",""trade_id"":""484315e4-8491-54a6-824c-e623d8ace5e1"",""yes_price_dollars"":""0.5300""}"
KXBTC15M-26APR280730-30,1b61d014-c8ca-54d0-9447-ba154988e079,1777374916,0.53,56.0,no,"{""count_fp"":""56.00"",""created_time"":""2026-04-28T11:15:16.592822Z"",""no_price_dollars"":""0.4700"",""taker_side"":""no"",""ticker"":""KXBTC15M-26APR280730-30"",""trade_id"":""1b61d014-c8ca-54d0-9447-ba154988e079"",""yes_price_dollars"":""0.5300""}"
KXBTC15M-26APR280730-30,fb7d857f-8047-61e3-f841-7de37583338c,1777374916,0.54,0.73,no,"{""count_fp"":""0.73"",""created_time"":""2026-04-28T11:15:16.017674Z"",""no_price_dollars"":""0.4600"",""taker_side"":""no"",""ticker"":""KXBTC15M-26APR280730-30"",""trade_id"":""fb7d857f-8047-61e3-f841-7de37583338c"",""yes_price_dollars"":""0.5400""}"
KXBTC15M-26APR280730-30,a6da47b1-b935-6b60-d0f8-a45c47c12bb1,1777374916,0.54,1.86,no,"{""count_fp"":""1.86"",""created_time"":""2026-04-28T11:15:16.017674Z"",""no_price_dollars"":""0.4600"",""taker_side"":""no"",""ticker"":""KXBTC15M-26APR280730-30"",""trade_id"":""a6da47b1-b935-6b60-d0f8-a45c47c12bb1"",""yes_price_dollars"":""0.5400""}"
KXBTC15M-26APR280730-30,97e6d60b-1d3e-679b-db11-f38b40ff1776,1777374916,0.54,17.41,no,"{""count_fp"":""17.41"",""created_time"":""2026-04-28T11:15:16.017674Z"",""no_price_dollars"":""0.4600"",""taker_side"":""no"",""ticker"":""KXBTC15M-26APR280730-30"",""trade_id"":""97e6d60b-1d3e-679b-db11-f38b40ff1776"",""yes_price_dollars"":""0.5400""}"
KXBTC15M-26APR280730-30,89fa9694-ec35-532f-4541-1f84e89a6e35,1777374917,0.51,4.0,yes,"{""count_fp"":""4.00"",""created_time"":""2026-04-28T11:15:17.802207Z"",""no_price_dollars"":""0.4900"",""taker_side"":""yes"",""ticker"":""KXBTC15M-26APR280730-30"",""trade_id"":""89fa9694-ec35-532f-4541-1f84e89a6e35"",""yes_price_dollars"":""0.5100""}"
KXBTC15M-26APR280730-30,1c194c16-9301-5207-4d37-1141d8e61a25,1777374917,0.51,23.0,yes,"{""count_fp"":""23.00"",""created_time"":""2026-04-28T11:15:17.802207Z"",""no_price_dollars"":""0.4900"",""taker_side"":""yes"",""ticker"":""KXBTC15M-26APR280730-30"",""trade_id"":""1c194c16-9301-5207-4d37-1141d8e61a25"",""yes_price_dollars"":""0.5100""}"
KXBTC15M-26APR280730-30,bbee176e-5b35-52f6-8730-ce04ad842444,1777374917,0.51,50.0,yes,"{""count_fp"":""50.00"",""created_time"":""2026-04-28T11:15:17.177741Z"",""no_price_dollars"":""0.4900"",""taker_side"":""yes"",""ticker"":""KXBTC15M-26APR280730-30"",""trade_id"":""bbee176e-5b35-52f6-8730-ce04ad842444"",""yes_price_dollars"":""0.5100""}"
KXBTC15M-26APR280730-30,cd520757-c50b-7687-e189-c460f0bd0a92,1777374918,0.5,4.0,no,"{""count_fp"":""4.00"",""created_time"":""2026-04-28T11:15:18.882642Z"",""no_price_dollars"":""0.5000"",""taker_side"":""no"",""ticker"":""KXBTC15M-26APR280730-30"",""trade_id"":""cd520757-c50b-7687-e189-c460f0bd0a92"",""yes_price_dollars"":""0.5000""}"
KXBTC15M-26APR280730-30,b9a21917-a6ab-7771-dd79-eaa05ae2f5f3,1777374918,0.5,10.0,no,"{""count_fp"":""10.00"",""created_time"":""2026-04-28T11:15:18.882642Z"",""no_price_dollars"":""0.5000"",""taker_side"":""no"",""ticker"":""KXBTC15M-26APR280730-30"",""trade_id"":""b9a21917-a6ab-7771-dd79-eaa05ae2f5f3"",""yes_price_dollars"":""0.5000""}"
KXBTC15M-26APR280730-30,9dd4d952-37fc-7620-da21-2421a569800d,1777374918,0.49,40.0,no,"{""count_fp"":""40.00"",""created_time"":""2026-04-28T11:15:18.882642Z"",""no_price_dollars"":""0.5100"",""taker_side"":""no"",""ticker"":""KXBTC15M-26APR280730-30"",""trade_id"":""9dd4d952-37fc-7620-da21-2421a569800d"",""yes_price_dollars"":""0.4900""}"
KXBTC15M-26APR280730-30,95557865-066c-74ef-d4a4-62551100a4e9,1777374918,0.5,32.0,no,"{""count_fp"":""32.00"",""created_time"":""2026-04-28T11:15:18.882642Z"",""no_price_dollars"":""0.5000"",""taker_side"":""no"",""ticker"":""KXBTC15M-26APR280730-30"",""trade_id"":""95557865-066c-74ef-d4a4-62551100a4e9"",""yes_price_dollars"":""0.5000""}"
KXBTC15M-26APR280730-30,1d9dcdb2-728a-7ec5-fdd8-87e904b12d6e,1777374918,0.49,10.0,no,"{""count_fp"":""10.00"",""created_time"":""2026-04-28T11:15:18.882642Z"",""no_price_dollars"":""0.5100"",""taker_side"":""no"",""ticker"":""KXBTC15M-26APR280730-30"",""trade_id"":""1d9dcdb2-728a-7ec5-fdd8-87e904b12d6e"",""yes_price_dollars"":""0.4900""}"
KXBTC15M-26APR280730-30,125ab472-3dba-7711-cb18-2e77aa26d8b9,1777374918,0.5,35.0,no,"{""count_fp"":""35.00"",""created_time"":""2026-04-28T11:15:18.882642Z"",""no_price_dollars"":""0.5000"",""taker_side"":""no"",""ticker"":""KXBTC15M-26APR280730-30"",""trade_id"":""125ab472-3dba-7711-cb18-2e77aa26d8b9"",""yes_price_dollars"":""0.5000""}"
KXBTC15M-26APR280730-30,25f20be5-6ec6-7e49-0105-7cc8652b5471,1777374918,0.5,5.0,no,"{""count_fp"":""5.00"",""created_time"":""2026-04-28T11:15:18.715232Z"",""no_price_dollars"":""0.5000"",""taker_side"":""no"",""ticker"":""KXBTC15M-26APR280730-30"",""trade_id"":""25f20be5-6ec6-7e49-0105-7cc8652b5471"",""yes_price_dollars"":""0.5000""}"
KXBTC15M-26APR280730-30,cb020273-a57e-50a0-82db-c5c8146514f2,1777374919,0.47,40.0,no,"{""count_fp"":""40.00"",""created_time"":""2026-04-28T11:15:19.514909Z"",""no_price_dollars"":""0.5300"",""taker_side"":""no"",""ticker"":""KXBTC15M-26APR280730-30"",""trade_id"":""cb020273-a57e-50a0-82db-c5c8146514f2"",""yes_price_dollars"":""0.4700""}"
KXBTC15M-26APR280730-30,a2451f3f-529d-5f6b-b233-9a4b7aeee467,1777374919,0.47,40.0,no,"{""count_fp"":""40.00"",""created_time"":""2026-04-28T11:15:19.514909Z"",""no_price_dollars"":""0.5300"",""taker_side"":""no"",""ticker"":""KXBTC15M-26APR280730-30"",""trade_id"":""a2451f3f-529d-5f6b-b233-9a4b7aeee467"",""yes_price_dollars"":""0.4700""}"
KXBTC15M-26APR280730-30,198147f9-31dc-5bb2-a0e6-6114ab0a5137,1777374919,0.48,2.0,no,"{""count_fp"":""2.00"",""created_time"":""2026-04-28T11:15:19.514909Z"",""no_price_dollars"":""0.5200"",""taker_side"":""no"",""ticker"":""KXBTC15M-26APR280730-30"",""trade_id"":""198147f9-31dc-5bb2-a0e6-6114ab0a5137"",""yes_price_dollars"":""0.4800""}"
KXBTC15M-26APR280730-30,324a52fe-8f78-6147-404b-7d712e54f58c,1777374919,0.49,18.93,yes,"{""count_fp"":""18.93"",""created_time"":""2026-04-28T11:15:19.104894Z"",""no_price_dollars"":""0.5100"",""taker_side"":""yes"",""ticker"":""KXBTC15M-26APR280730-30"",""trade_id"":""324a52fe-8f78-6147-404b-7d712e54f58c"",""yes_price_dollars"":""0.4900""}"
KXBTC15M-26APR280730-30,81b8e4db-2736-75b5-8332-d98f949921d8,1777374920,0.46,7.88,yes,"{""count_fp"":""7.88"",""created_time"":""2026-04-28T11:15:20.951969Z"",""no_price_dollars"":""0.5400"",""taker_side"":""yes"",""ticker"":""KXBTC15M-26APR280730-30"",""trade_id"":""81b8e4db-2736-75b5-8332-d98f949921d8"",""yes_price_dollars"":""0.4600""}"
KXBTC15M-26APR280730-30,46661c5b-6d22-7215-38a6-f43f7b77bacc,1777374920,0.46,13.79,yes,"{""count_fp"":""13.79"",""created_time"":""2026-04-28T11:15:20.385286Z"",""no_price_dollars"":""0.5400"",""taker_side"":""yes"",""ticker"":""KXBTC15M-26APR280730-30"",""trade_id"":""46661c5b-6d22-7215-38a6-f43f7b77bacc"",""yes_price_dollars"":""0.4600""}"
KXBTC15M-26APR280730-30,2dfc818c-7f0e-4969-2b4d-1e6e351cc15c,1777374920,0.46,0.37,yes,"{""count_fp"":""0.37"",""created_time"":""2026-04-28T11:15:20.141774Z"",""no_price_dollars"":""0.5400"",""taker_side"":""yes"",""ticker"":""KXBTC15M-26APR280730-30"",""trade_id"":""2dfc818c-7f0e-4969-2b4d-1e6e351cc15c"",""yes_price_dollars"":""0.4600""}"
KXBTC15M-26APR280730-30,6b07689a-dcdf-6fed-64bf-1ecdd64f8cdc,1777374920,0.47,14.0,yes,"{""count_fp"":""14.00"",""created_time"":""2026-04-28T11:15:20.106954Z"",""no_price_dollars"":""0.5300"",""taker_side"":""yes"",""ticker"":""KXBTC15M-26APR280730-30"",""trade_id"":""6b07689a-dcdf-6fed-64bf-1ecdd64f8cdc"",""yes_price_dollars"":""0.4700""}"
KXBTC15M-26APR280730-30,6625bb20-b45f-78e1-2644-23f469ac2b40,1777374920,0.47,20.0,yes,"{""count_fp"":""20.00"",""created_time"":""2026-04-28T11:15:20.094282Z"",""no_price_dollars"":""0.5300"",""taker_side"":""yes"",""ticker"":""KXBTC15M-26APR280730-30"",""trade_id"":""6625bb20-b45f-78e1-2644-23f469ac2b40"",""yes_price_dollars"":""0.4700""}"
KXBTC15M-26APR280730-30,a6b0e923-9552-6ee5-5a64-fbde31471014,1777374921,0.45,2.0,no,"{""count_fp"":""2.00"",""created_time"":""2026-04-28T11:15:21.394207Z"",""no_price_dollars"":""0.5500"",""taker_side"":""no"",""ticker"":""KXBTC15M-26APR280730-30"",""trade_id"":""a6b0e923-9552-6ee5-5a64-fbde31471014"",""yes_price_dollars"":""0.4500""}"
KXBTC15M-26APR280730-30,bd319c1e-d91e-7a45-f713-ffdb3a863294,1777374921,0.45,3.34,no,"{""count_fp"":""3.34"",""created_time"":""2026-04-28T11:15:21.239413Z"",""no_price_dollars"":""0.5500"",""taker_side"":""no"",""ticker"":""KXBTC15M-26APR280730-30"",""trade_id"":""bd319c1e-d91e-7a45-f713-ffdb3a863294"",""yes_price_dollars"":""0.4500""}"
KXBTC15M-26APR280730-30,ce7a4eaa-52de-7385-e528-04b2246bd90c,1777374921,0.46,30.77,yes,"{""count_fp"":""30.77"",""created_time"":""2026-04-28T11:15:21.142633Z"",""no_price_dollars"":""0.5400"",""taker_side"":""yes"",""ticker"":""KXBTC15M-26APR280730-30"",""trade_id"":""ce7a4eaa-52de-7385-e528-04b2246bd90c"",""yes_price_dollars"":""0.4600""}"
KXBTC15M-26APR280730-30,f00e096a-248a-7bf1-7aca-39f70d889eac,1777374922,0.45,1.0,no,"{""count_fp"":""1.00"",""created_time"":""2026-04-28T11:15:22.703085Z"",""no_price_dollars"":""0.5500"",""taker_side"":""no"",""ticker"":""KXBTC15M-26APR280730-30"",""trade_id"":""f00e096a-248a-7bf1-7aca-39f70d889eac"",""yes_price_dollars"":""0.4500""}"
KXBTC15M-26APR280730-30,f221147b-d09e-56fd-0702-89fd21b32e98,1777374922,0.46,10.25,yes,"{""count_fp"":""10.25"",""created_time"":""2026-04-28T11:15:22.272102Z"",""no_price_dollars"":""0.5400"",""taker_side"":""yes"",""ticker"":""KXBTC15M-26APR280730-30"",""trade_id"":""f221147b-d09e-56fd-0702-89fd21b32e98"",""yes_price_dollars"":""0.4600""}"
KXBTC15M-26APR280730-30,f6859e0f-b2a6-6d05-1559-2cd161dc8764,1777374922,0.45,5.0,no,"{""count_fp"":""5.00"",""created_time"":""2026-04-28T11:15:22.202939Z"",""no_price_dollars"":""0.5500"",""taker_side"":""no"",""ticker"":""KXBTC15M-26APR280730-30"",""trade_id"":""f6859e0f-b2a6-6d05-1559-2cd161dc8764"",""yes_price_dollars"":""0.4500""}"
KXBTC15M-26APR280730-30,d19f50a6-d872-5a75-4737-ca3a15901fb8,1777374922,0.46,209.0,yes,"{""count_fp"":""209.00"",""created_time"":""2026-04-28T11:15:22.196004Z"",""no_price_dollars"":""0.5400"",""taker_side"":""yes"",""ticker"":""KXBTC15M-26APR280730-30"",""trade_id"":""d19f50a6-d872-5a75-4737-ca3a15901fb8"",""yes_price_dollars"":""0.4600""}"
KXBTC15M-26APR280730-30,60dfc7dd-3ba6-4f4d-a6a7-badad6b1e9dc,1777374922,0.45,3.52,no,"{""count_fp"":""3.52"",""created_time"":""2026-04-28T11:15:22.188311Z"",""no_price_dollars"":""0.5500"",""taker_side"":""no"",""ticker"":""KXBTC15M-26APR280730-30"",""trade_id"":""60dfc7dd-3ba6-4f4d-a6a7-badad6b1e9dc"",""yes_price_dollars"":""0.4500""}"
KXBTC15M-26APR280730-30,4ae1599e-673a-5795-31fe-881db3f1bba0,1777374922,0.46,20.94,yes,"{""count_fp"":""20.94"",""created_time"":""2026-04-28T11:15:22.163801Z"",""no_price_dollars"":""0.5400"",""taker_side"":""yes"",""ticker"":""KXBTC15M-26APR280730-30"",""trade_id"":""4ae1599e-673a-5795-31fe-881db3f1bba0"",""yes_price_dollars"":""0.4600""}"
KXBTC15M-26APR280730-30,16932bad-97b2-4d79-647a-50ab9fa93618,1777374922,0.46,20.51,yes,"{""count_fp"":""20.51"",""created_time"":""2026-04-28T11:15:22.140338Z"",""no_price_dollars"":""0.5400"",""taker_side"":""yes"",""ticker"":""KXBTC15M-26APR280730-30"",""trade_id"":""16932bad-97b2-4d79-647a-50ab9fa93618"",""yes_price_dollars"":""0.4600""}"
KXBTC15M-26APR280730-30,ff0297eb-d2cf-42a5-d02f-3f838eae0f24,1777374923,0.47,6.0,yes,"{""count_fp"":""6.00"",""created_time"":""2026-04-28T11:15:23.578936Z"",""no_price_dollars"":""0.5300"",""taker_side"":""yes"",""ticker"":""KXBTC15M-26APR280730-30"",""trade_id"":""ff0297eb-d2cf-42a5-d02f-3f838eae0f24"",""yes_price_dollars"":""0.4700""}"
KXBTC15M-26APR280730-30,6398cc91-5a0d-4607-de73-709993a2d04d,1777374923,0.46,5.61,yes,"{""count_fp"":""5.61"",""created_time"":""2026-04-28T11:15:23.578936Z"",""no_price_dollars"":""0.5400"",""taker_side"":""yes"",""ticker"":""KXBTC15M-26APR280730-30"",""trade_id"":""6398cc91-5a0d-4607-de73-709993a2d04d"",""yes_price_dollars"":""0.4600""}"
KXBTC15M-26APR280730-30,3bea6d99-fd33-473a-f8a9-53cd8b3f36a6,1777374923,0.47,4.06,yes,"{""count_fp"":""4.06"",""created_time"":""2026-04-28T11:15:23.578936Z"",""no_price_dollars"":""0.5300"",""taker_side"":""yes"",""ticker"":""KXBTC15M-26APR280730-30"",""trade_id"":""3bea6d99-fd33-473a-f8a9-53cd8b3f36a6"",""yes_price_dollars"":""0.4700""}"
KXBTC15M-26APR280730-30,1bc3a112-271d-4a9d-cbff-a4915e6b2752,1777374923,0.46,1.0,yes,"{""count_fp"":""1.00"",""created_time"":""2026-04-28T11:15:23.578936Z"",""no_price_dollars"":""0.5400"",""taker_side"":""yes"",""ticker"":""KXBTC15M-26APR280730-30"",""trade_id"":""1bc3a112-271d-4a9d-cbff-a4915e6b2752"",""yes_price_dollars"":""0.4600""}"
KXBTC15M-26APR280730-30,546831a4-b0ca-5b21-7151-f26def5fd4d8,1777374923,0.46,1.58,yes,"{""count_fp"":""1.58"",""created_time"":""2026-04-28T11:15:23.505958Z"",""no_price_dollars"":""0.5400"",""taker_side"":""yes"",""ticker"":""KXBTC15M-26APR280730-30"",""trade_id"":""546831a4-b0ca-5b21-7151-f26def5fd4d8"",""yes_price_dollars"":""0.4600""}"
KXBTC15M-26APR280730-30,430b936d-0cc9-57db-43f6-52148e5101e1,1777374923,0.46,0.39,yes,"{""count_fp"":""0.39"",""created_time"":""2026-04-28T11:15:23.505958Z"",""no_price_dollars"":""0.5400"",""taker_side"":""yes"",""ticker"":""KXBTC15M-26APR280730-30"",""trade_id"":""430b936d-0cc9-57db-43f6-52148e5101e1"",""yes_price_dollars"":""0.4600""}"
KXBTC15M-26APR280730-30,755a3254-ef46-4cb1-7d28-2d6bcc92a6e8,1777374923,0.46,152.91,yes,"{""count_fp"":""152.91"",""created_time"":""2026-04-28T11:15:23.492072Z"",""no_price_dollars"":""0.5400"",""taker_side"":""yes"",""ticker"":""KXBTC15M-26APR280730-30"",""trade_id"":""755a3254-ef46-4cb1-7d28-2d6bcc92a6e8"",""yes_price_dollars"":""0.4600""}"
KXBTC15M-26APR280730-30,3d52fad3-9032-59b1-f8b7-542d43cd91b8,1777374923,0.46,32.0,yes,"{""count_fp"":""32.00"",""created_time"":""2026-04-28T11:15:23.297419Z"",""no_price_dollars"":""0.5400"",""taker_side"":""yes"",""ticker"":""KXBTC15M-26APR280730-30"",""trade_id"":""3d52fad3-9032-59b1-f8b7-542d43cd91b8"",""yes_price_dollars"":""0.4600""}"
KXBTC15M-26APR280730-30,611d0fc1-cb68-4a8d-beca-2145ea5e0802,1777374924,0.46,41.89,yes,"{""count_fp"":""41.89"",""created_time"":""2026-04-28T11:15:24.729655Z"",""no_price_dollars"":""0.5400"",""taker_side"":""yes"",""ticker"":""KXBTC15M-26APR280730-30"",""trade_id"":""611d0fc1-cb68-4a8d-beca-2145ea5e0802"",""yes_price_dollars"":""0.4600""}"
KXBTC15M-26APR280730-30,da092879-f704-4bb1-518f-457262525822,1777374924,0.46,2.0,yes,"{""count_fp"":""2.00"",""created_time"":""2026-04-28T11:15:24.654043Z"",""no_price_dollars"":""0.5400"",""taker_side"":""yes"",""ticker"":""KXBTC15M-26APR280730-30"",""trade_id"":""da092879-f704-4bb1-518f-457262525822"",""yes_price_dollars"":""0.4600""}"
KXBTC15M-26APR280730-30,446afd4e-f97c-4a85-596b-06eccb39fa32,1777374924,0.46,20.94,yes,"{""count_fp"":""20.94"",""created_time"":""2026-04-28T11:15:24.235431Z"",""no_price_dollars"":""0.5400"",""taker_side"":""yes"",""ticker"":""KXBTC15M-26APR280730-30"",""trade_id"":""446afd4e-f97c-4a85-596b-06eccb39fa32"",""yes_price_dollars"":""0.4600""}"
KXBTC15M-26APR280730-30,69ce8b68-7f3e-7de5-cb23-ab6061f4d5f8,1777374924,0.45,7.05,no,"{""count_fp"":""7.05"",""created_time"":""2026-04-28T11:15:24.058357Z"",""no_price_dollars"":""0.5500"",""taker_side"":""no"",""ticker"":""KXBTC15M-26APR280730-30"",""trade_id"":""69ce8b68-7f3e-7de5-cb23-ab6061f4d5f8"",""yes_price_dollars"":""0.4500""}"
KXBTC15M-26APR280730-30,fbe1e4e4-a058-7506-add2-22a79553eb0c,1777374925,0.45,27.06,no,"{""count_fp"":""27.06"",""created_time"":""2026-04-28T11:15:25.905103Z"",""no_price_dollars"":""0.5500"",""taker_side"":""no"",""ticker"":""KXBTC15M-26APR280730-30"",""trade_id"":""fbe1e4e4-a058-7506-add2-22a79553eb0c"",""yes_price_dollars"":""0.4500""}"
KXBTC15M-26APR280730-30,d6fe5aee-87c3-7a07-9fdd-6d73763deb27,1777374925,0.43,1072.25,no,"{""count_fp"":""1072.25"",""created_time"":""2026-04-28T11:15:25.905103Z"",""no_price_dollars"":""0.5700"",""taker_side"":""no"",""ticker"":""KXBTC15M-26APR280730-30"",""trade_id"":""d6fe5aee-87c3-7a07-9fdd-6d73763deb27"",""yes_price_dollars"":""0.4300""}"
KXBTC15M-26APR280730-30,b1cd63be-6cfb-7469-b4c6-2544a37ea609,1777374925,0.45,8.09,no,"{""count_fp"":""8.09"",""created_time"":""2026-04-28T11:15:25.905103Z"",""no_price_dollars"":""0.5500"",""taker_side"":""no"",""ticker"":""KXBTC15M-26APR280730-30"",""trade_id"":""b1cd63be-6cfb-7469-b4c6-2544a37ea609"",""yes_price_dollars"":""0.4500""}"
KXBTC15M-26APR280730-30,ad17e9f2-2bdc-7302-9332-6528e038f786,1777374925,0.44,1.0,no,"{""count_fp"":""1.00"",""created_time"":""2026-04-28T11:15:25.905103Z"",""no_price_dollars"":""0.5600"",""taker_side"":""no"",""ticker"":""KXBTC15M-26APR280730-30"",""trade_id"":""ad17e9f2-2bdc-7302-9332-6528e038f786"",""yes_price_dollars"":""0.4400""}"
KXBTC15M-26APR280730-30,aaf71ab8-8014-778b-8627-fd49a7bb0735,1777374925,0.45,3.0,no,"{""count_fp"":""3.00"",""created_time"":""2026-04-28T11:15:25.905103Z"",""no_price_dollars"":""0.5500"",""taker_side"":""no"",""ticker"":""KXBTC15M-26APR280730-30"",""trade_id"":""aaf71ab8-8014-778b-8627-fd49a7bb0735"",""yes_price_dollars"":""0.4500""}"
KXBTC15M-26APR280730-30,a78fa1da-2cee-7743-90a5-4cb8a6f164dc,1777374925,0.43,40.0,no,"{""count_fp"":""40.00"",""created_time"":""2026-04-28T11:15:25.905103Z"",""no_price_dollars"":""0.5700"",""taker_side"":""no"",""ticker"":""KXBTC15M-26APR280730-30"",""trade_id"":""a78fa1da-2cee-7743-90a5-4cb8a6f164dc"",""yes_price_dollars"":""0.4300""}"
KXBTC15M-26APR280730-30,942ea7be-b721-7ffb-a5fd-c469ee61eb38,1777374925,0.43,4.0,no,"{""count_fp"":""4.00"",""created_time"":""2026-04-28T11:15:25.905103Z"",""no_price_dollars"":""0.5700"",""taker_side"":""no"",""ticker"":""KXBTC15M-26APR280730-30"",""trade_id"":""942ea7be-b721-7ffb-a5fd-c469ee61eb38"",""yes_price_dollars"":""0.4300""}"
KXBTC15M-26APR280730-30,82df4252-a29f-7d9f-ab1f-94517545277f,1777374925,0.44,40.0,no,"{""count_fp"":""40.00"",""created_time"":""2026-04-28T11:15:25.905103Z"",""no_price_dollars"":""0.5600"",""taker_side"":""no"",""ticker"":""KXBTC15M-26APR280730-30"",""trade_id"":""82df4252-a29f-7d9f-ab1f-94517545277f"",""yes_price_dollars"":""0.4400""}"
KXBTC15M-26APR280730-30,76c9fe73-2e16-75d6-b787-29c27d6825c6,1777374925,0.45,6.0,no,"{""count_fp"":""6.00"",""created_time"":""2026-04-28T11:15:25.905103Z"",""no_price_dollars"":""0.5500"",""taker_side"":""no"",""ticker"":""KXBTC15M-26APR280730-30"",""trade_id"":""76c9fe73-2e16-75d6-b787-29c27d6825c6"",""yes_price_dollars"":""0.4500""}"
KXBTC15M-26APR280730-30,6bed122e-c7be-72cf-b92b-3d7f20fdd15c,1777374925,0.44,400.0,no,"{""count_fp"":""400.00"",""created_time"":""2026-04-28T11:15:25.905103Z"",""no_price_dollars"":""0.5600"",""taker_side"":""no"",""ticker"":""KXBTC15M-26APR280730-30"",""trade_id"":""6bed122e-c7be-72cf-b92b-3d7f20fdd15c"",""yes_price_dollars"":""0.4400""}"
KXBTC15M-26APR280730-30,58392de9-6047-7743-9764-06b7617e845c,1777374925,0.44,1.0,no,"{""count_fp"":""1.00"",""created_time"":""2026-04-28T11:15:25.905103Z"",""no_price_dollars"":""0.5600"",""taker_side"":""no"",""ticker"":""KXBTC15M-26APR280730-30"",""trade_id"":""58392de9-6047-7743-9764-06b7617e845c"",""yes_price_dollars"":""0.4400""}"
KXBTC15M-26APR280730-30,49ef8db8-ddd4-7c69-8afe-91ec475e0b97,1777374925,0.44,56.0,no,"{""count_fp"":""56.00"",""created_time"":""2026-04-28T11:15:25.905103Z"",""no_price_dollars"":""0.5600"",""taker_side"":""no"",""ticker"":""KXBTC15M-26APR280730-30"",""trade_id"":""49ef8db8-ddd4-7c69-8afe-91ec475e0b97"",""yes_price_dollars"":""0.4400""}"
KXBTC15M-26APR280730-30,07a8609b-30b5-73b7-bad2-2b973a274b68,1777374925,0.45,40.0,no,"{""count_fp"":""40.00"",""created_time"":""2026-04-28T11:15:25.905103Z"",""no_price_dollars"":""0.5500"",""taker_side"":""no"",""ticker"":""KXBTC15M-26APR280730-30"",""trade_id"":""07a8609b-30b5-73b7-bad2-2b973a274b68"",""yes_price_dollars"":""0.4500""}"
KXBTC15M-26APR280730-30,a606ea43-3c38-5ced-685f-43050b7f407a,1777374925,0.46,194.81,yes,"{""count_fp"":""194.81"",""created_time"":""2026-04-28T11:15:25.869505Z"",""no_price_dollars"":""0.5400"",""taker_side"":""yes"",""ticker"":""KXBTC15M-26APR280730-30"",""trade_id"":""a606ea43-3c38-5ced-685f-43050b7f407a"",""yes_price_dollars"":""0.4600""}"
KXBTC15M-26APR280730-30,5d144a8b-42d7-4e99-51d1-221dcbf84f01,1777374925,0.45,7.91,no,"{""count_fp"":""7.91"",""created_time"":""2026-04-28T11:15:25.572611Z"",""no_price_dollars"":""0.5500"",""taker_side"":""no"",""ticker"":""KXBTC15M-26APR280730-30"",""trade_id"":""5d144a8b-42d7-4e99-51d1-221dcbf84f01"",""yes_price_dollars"":""0.4500""}"
KXBTC15M-26APR280730-30,4fc60e9f-37b4-4a20-5fa1-e38e4d828529,1777374925,0.45,3.0,no,"{""count_fp"":""3.00"",""created_time"":""2026-04-28T11:15:25.572611Z"",""no_price_dollars"":""0.5500"",""taker_side"":""no"",""ticker"":""KXBTC15M-26APR280730-30"",""trade_id"":""4fc60e9f-37b4-4a20-5fa1-e38e4d828529"",""yes_price_dollars"":""0.4500""}"
KXBTC15M-26APR280730-30,207dac0d-85ee-4efd-7d62-00d3a49db0ec,1777374925,0.45,18.09,no,"{""count_fp"":""18.09"",""created_time"":""2026-04-28T11:15:25.572611Z"",""no_price_dollars"":""0.5500"",""taker_side"":""no"",""ticker"":""KXBTC15M-26APR280730-30"",""trade_id"":""207dac0d-85ee-4efd-7d62-00d3a49db0ec"",""yes_price_dollars"":""0.4500""}"
KXBTC15M-26APR280730-30,e0f25436-bd4c-7a69-eaf7-69eb8376bfc6,1777374925,0.46,20.94,yes,"{""count_fp"":""20.94"",""created_time"":""2026-04-28T11:15:25.034672Z"",""no_price_dollars"":""0.5400"",""taker_side"":""yes"",""ticker"":""KXBTC15M-26APR280730-30"",""trade_id"":""e0f25436-bd4c-7a69-eaf7-69eb8376bfc6"",""yes_price_dollars"":""0.4600""}"
KXBTC15M-26APR280730-30,5d3dcf19-1d25-4d89-5efd-89600019716d,1777374926,0.45,17.62,no,"{""count_fp"":""17.62"",""created_time"":""2026-04-28T11:15:26.542444Z"",""no_price_dollars"":""0.5500"",""taker_side"":""no"",""ticker"":""KXBTC15M-26APR280730-30"",""trade_id"":""5d3dcf19-1d25-4d89-5efd-89600019716d"",""yes_price_dollars"":""0.4500""}"
KXBTC15M-26APR280730-30,c728f65e-e065-411e-a3c3-d634e1ca1783,1777374926,0.46,15.06,yes,"{""count_fp"":""15.06"",""created_time"":""2026-04-28T11:15:26.341202Z"",""no_price_dollars"":""0.5400"",""taker_side"":""yes"",""ticker"":""KXBTC15M-26APR280730-30"",""trade_id"":""c728f65e-e065-411e-a3c3-d634e1ca1783"",""yes_price_dollars"":""0.4600""}"
KXBTC15M-26APR280730-30,a21de091-60ee-4dcd-95d1-c7a9d8d55129,1777374926,0.46,4.88,yes,"{""count_fp"":""4.88"",""created_time"":""2026-04-28T11:15:26.341202Z"",""no_price_dollars"":""0.5400"",""taker_side"":""yes"",""ticker"":""KXBTC15M-26APR280730-30"",""trade_id"":""a21de091-60ee-4dcd-95d1-c7a9d8d55129"",""yes_price_dollars"":""0.4600""}"
KXBTC15M-26APR280730-30,717e4139-55a9-45a6-8aca-bf45a7b528f0,1777374926,0.46,1.0,yes,"{""count_fp"":""1.00"",""created_time"":""2026-04-28T11:15:26.341202Z"",""no_price_dollars"":""0.5400"",""taker_side"":""yes"",""ticker"":""KXBTC15M-26APR280730-30"",""trade_id"":""717e4139-55a9-45a6-8aca-bf45a7b528f0"",""yes_price_dollars"":""0.4600""}"
KXBTC15M-26APR280730-30,66545160-1019-5642-0a93-5e39f0e02e3b,1777374926,0.46,0.94,yes,"{""count_fp"":""0.94"",""created_time"":""2026-04-28T11:15:26.281548Z"",""no_price_dollars"":""0.5400"",""taker_side"":""yes"",""ticker"":""KXBTC15M-26APR280730-30"",""trade_id"":""66545160-1019-5642-0a93-5e39f0e02e3b"",""yes_price_dollars"":""0.4600""}"
KXBTC15M-26APR280730-30,353da788-2f29-5f70-0722-b272bd93bf46,1777374926,0.46,20.0,yes,"{""count_fp"":""20.00"",""created_time"":""2026-04-28T11:15:26.281548Z"",""no_price_dollars"":""0.5400"",""taker_side"":""yes"",""ticker"":""KXBTC15M-26APR280730-30"",""trade_id"":""353da788-2f29-5f70-0722-b272bd93bf46"",""yes_price_dollars"":""0.4600""}"
KXBTC15M-26APR280730-30,b9094e26-a286-703d-c205-55a6db8338c2,1777374927,0.45,1.0,yes,"{""count_fp"":""1.00"",""created_time"":""2026-04-28T11:15:27.794433Z"",""no_price_dollars"":""0.5500"",""taker_side"":""yes"",""ticker"":""KXBTC15M-26APR280730-30"",""trade_id"":""b9094e26-a286-703d-c205-55a6db8338c2"",""yes_price_dollars"":""0.4500""}"
KXBTC15M-26APR280730-30,10d68f42-7752-559d-53aa-ca6c8652ec4e,1777374928,0.43,16.75,yes,"{""count_fp"":""16.75"",""created_time"":""2026-04-28T11:15:28.884132Z"",""no_price_dollars"":""0.5700"",""taker_side"":""yes"",""ticker"":""KXBTC15M-26APR280730-30"",""trade_id"":""10d68f42-7752-559d-53aa-ca6c8652ec4e"",""yes_price_dollars"":""0.4300""}"
KXBTC15M-26APR280730-30,09143492-c1ea-6369-ded3-568032cb299e,1777374928,0.43,106.99,yes,"{""count_fp"":""106.99"",""created_time"":""2026-04-28T11:15:28.727575Z"",""no_price_dollars"":""0.5700"",""taker_side"":""yes"",""ticker"":""KXBTC15M-26APR280730-30"",""trade_id"":""09143492-c1ea-6369-ded3-568032cb299e"",""yes_price_dollars"":""0.4300""}"
KXBTC15M-26APR280730-30,aee0d1fc-63a4-5b5e-ef10-28d7d5048da3,1777374928,0.42,25.0,no,"{""count_fp"":""25.00"",""created_time"":""2026-04-28T11:15:28.077287Z"",""no_price_dollars"":""0.5800"",""taker_side"":""no"",""ticker"":""KXBTC15M-26APR280730-30"",""trade_id"":""aee0d1fc-63a4-5b5e-ef10-28d7d5048da3"",""yes_price_dollars"":""0.4200""}"
KXBTC15M-26APR280730-30,ae06c14b-45eb-5d5c-e0a5-5caf71bdb318,1777374928,0.42,296.41,no,"{""count_fp"":""296.41"",""created_time"":""2026-04-28T11:15:28.077287Z"",""no_price_dollars"":""0.5800"",""taker_side"":""no"",""ticker"":""KXBTC15M-26APR280730-30"",""trade_id"":""ae06c14b-45eb-5d5c-e0a5-5caf71bdb318"",""yes_price_dollars"":""0.4200""}"
KXBTC15M-26APR280730-30,9cc64943-cef5-5c2c-fafa-240330f8be83,1777374928,0.42,40.0,no,"{""count_fp"":""40.00"",""created_time"":""2026-04-28T11:15:28.077287Z"",""no_price_dollars"":""0.5800"",""taker_side"":""no"",""ticker"":""KXBTC15M-26APR280730-30"",""trade_id"":""9cc64943-cef5-5c2c-fafa-240330f8be83"",""yes_price_dollars"":""0.4200""}"
KXBTC15M-26APR280730-30,647305af-5547-5ab0-eda6-e86f572ba5b3,1777374928,0.43,3.0,no,"{""count_fp"":""3.00"",""created_time"":""2026-04-28T11:15:28.077287Z"",""no_price_dollars"":""0.5700"",""taker_side"":""no"",""ticker"":""KXBTC15M-26APR280730-30"",""trade_id"":""647305af-5547-5ab0-eda6-e86f572ba5b3"",""yes_price_dollars"":""0.4300""}"
KXBTC15M-26APR280730-30,09a777f0-d9f8-5d5a-c1bb-aeecf9258cd5,1777374928,0.43,40.0,no,"{""count_fp"":""40.00"",""created_time"":""2026-04-28T11:15:28.077287Z"",""no_price_dollars"":""0.5700"",""taker_side"":""no"",""ticker"":""KXBTC15M-26APR280730-30"",""trade_id"":""09a777f0-d9f8-5d5a-c1bb-aeecf9258cd5"",""yes_price_dollars"":""0.4300""}"
KXBTC15M-26APR280730-30,26d54251-b57c-6675-c16e-6b42c614c89d,1777374928,0.44,10.0,no,"{""count_fp"":""10.00"",""created_time"":""2026-04-28T11:15:28.031826Z"",""no_price_dollars"":""0.5600"",""taker_side"":""no"",""ticker"":""KXBTC15M-26APR280730-30"",""trade_id"":""26d54251-b57c-6675-c16e-6b42c614c89d"",""yes_price_dollars"":""0.4400""}"
KXBTC15M-26APR280730-30,ebf232a9-2c61-5228-024c-973288866c06,1777374929,0.42,40.0,yes,"{""count_fp"":""40.00"",""created_time"":""2026-04-28T11:15:29.955478Z"",""no_price_dollars"":""0.5800"",""taker_side"":""yes"",""ticker"":""KXBTC15M-26APR280730-30"",""trade_id"":""ebf232a9-2c61-5228-024c-973288866c06"",""yes_price_dollars"":""0.4200""}"
KXBTC15M-26APR280730-30,8b0d4119-a411-518a-0888-ac2b8c6beadb,1777374929,0.42,15.97,yes,"{""count_fp"":""15.97"",""created_time"":""2026-04-28T11:15:29.955478Z"",""no_price_dollars"":""0.5800"",""taker_side"":""yes"",""ticker"":""KXBTC15M-26APR280730-30"",""trade_id"":""8b0d4119-a411-518a-0888-ac2b8c6beadb"",""yes_price_dollars"":""0.4200""}"
KXBTC15M-26APR280730-30,753e324c-103a-57b5-196c-aa1d5aba71c2,1777374929,0.42,96.03,yes,"{""count_fp"":""96.03"",""created_time"":""2026-04-28T11:15:29.955478Z"",""no_price_dollars"":""0.5800"",""taker_side"":""yes"",""ticker"":""KXBTC15M-26APR280730-30"",""trade_id"":""753e324c-103a-57b5-196c-aa1d5aba71c2"",""yes_price_dollars"":""0.4200""}"
KXBTC15M-26APR280730-30,97105cb5-2828-7afb-44f1-6e8e7173f155,1777374929,0.42,2.38,no,"{""count_fp"":""2.38"",""created_time"":""2026-04-28T11:15:29.846638Z"",""no_price_dollars"":""0.5800"",""taker_side"":""no"",""ticker"":""KXBTC15M-26APR280730-30"",""trade_id"":""97105cb5-2828-7afb-44f1-6e8e7173f155"",""yes_price_dollars"":""0.4200""}"
KXBTC15M-26APR280730-30,47c4b8a2-940c-4d8f-ad2f-a8ac03fcfdc1,1777374929,0.42,8.55,no,"{""count_fp"":""8.55"",""created_time"":""2026-04-28T11:15:29.837508Z"",""no_price_dollars"":""0.5800"",""taker_side"":""no"",""ticker"":""KXBTC15M-26APR280730-30"",""trade_id"":""47c4b8a2-940c-4d8f-ad2f-a8ac03fcfdc1"",""yes_price_dollars"":""0.4200""}"
KXBTC15M-26APR280730-30,ff29177b-f00b-59a9-f1e8-6b1ba9e7a7b1,1777374929,0.42,30.0,no,"{""count_fp"":""30.00"",""created_time"":""2026-04-28T11:15:29.804338Z"",""no_price_dollars"":""0.5800"",""taker_side"":""no"",""ticker"":""KXBTC15M-26APR280730-30"",""trade_id"":""ff29177b-f00b-59a9-f1e8-6b1ba9e7a7b1"",""yes_price_dollars"":""0.4200""}"
KXBTC15M-26APR280730-30,367c18f7-1cf4-55af-c01f-457f1bf75525,1777374929,0.42,9.07,no,"{""count_fp"":""9.07"",""created_time"":""2026-04-28T11:15:29.804338Z"",""no_price_dollars"":""0.5800"",""taker_side"":""no"",""ticker"":""KXBTC15M-26APR280730-30"",""trade_id"":""367c18f7-1cf4-55af-c01f-457f1bf75525"",""yes_price_dollars"":""0.4200""}"
KXBTC15M-26APR280730-30,608fa6b4-6f10-61c9-7537-62fd7bd470a1,1777374929,0.42,0.84,no,"{""count_fp"":""0.84"",""created_time"":""2026-04-28T11:15:29.167448Z"",""no_price_dollars"":""0.5800"",""taker_side"":""no"",""ticker"":""KXBTC15M-26APR280730-30"",""trade_id"":""608fa6b4-6f10-61c9-7537-62fd7bd470a1"",""yes_price_dollars"":""0.4200""}"
KXBTC15M-26APR280730-30,186ac14e-821a-46dd-1e13-f5275cf6695e,1777374930,0.42,230.42,yes,"{""count_fp"":""230.42"",""created_time"":""2026-04-28T11:15:30.444546Z"",""no_price_dollars"":""0.5800"",""taker_side"":""yes"",""ticker"":""KXBTC15M-26APR280730-30"",""trade_id"":""186ac14e-821a-46dd-1e13-f5275cf6695e"",""yes_price_dollars"":""0.4200""}"
KXBTC15M-26APR280730-30,f20629fa-0df0-60ec-12be-8cdf408b8fa7,1777374930,0.41,1.0,no,"{""count_fp"":""1.00"",""created_time"":""2026-04-28T11:15:30.299796Z"",""no_price_dollars"":""0.5900"",""taker_side"":""no"",""ticker"":""KXBTC15M-26APR280730-30"",""trade_id"":""f20629fa-0df0-60ec-12be-8cdf408b8fa7"",""yes_price_dollars"":""0.4100""}"
KXBTC15M-26APR280730-30,256d9dc1-bb2a-4935-5cde-bdafa8e25bea,1777374930,0.42,2.0,yes,"{""count_fp"":""2.00"",""created_time"":""2026-04-28T11:15:30.137856Z"",""no_price_dollars"":""0.5800"",""taker_side"":""yes"",""ticker"":""KXBTC15M-26APR280730-30"",""trade_id"":""256d9dc1-bb2a-4935-5cde-bdafa8e25bea"",""yes_price_dollars"":""0.4200""}"
KXBTC15M-26APR280730-30,96ec68f5-e068-7ec4-0d34-139b5a1664eb,1777374931,0.41,16.4,no,"{""count_fp"":""16.40"",""created_time"":""2026-04-28T11:15:31.145534Z"",""no_price_dollars"":""0.5900"",""taker_side"":""no"",""ticker"":""KXBTC15M-26APR280730-30"",""trade_id"":""96ec68f5-e068-7ec4-0d34-139b5a1664eb"",""yes_price_dollars"":""0.4100""}"
KXBTC15M-26APR280730-30,7f74492c-8dc4-43e0-5489-d8a052deffb7,1777374931,0.41,59.31,no,"{""count_fp"":""59.31"",""created_time"":""2026-04-28T11:15:31.010322Z"",""no_price_dollars"":""0.5900"",""taker_side"":""no"",""ticker"":""KXBTC15M-26APR280730-30"",""trade_id"":""7f74492c-8dc4-43e0-5489-d8a052deffb7"",""yes_price_dollars"":""0.4100""}"
KXBTC15M-26APR280730-30,287b1efd-74e0-5db6-6ed6-98e6103f13fd,1777374932,0.38,16.0,yes,"{""count_fp"":""16.00"",""created_time"":""2026-04-28T11:15:32.423256Z"",""no_price_dollars"":""0.6200"",""taker_side"":""yes"",""ticker"":""KXBTC15M-26APR280730-30"",""trade_id"":""287b1efd-74e0-5db6-6ed6-98e6103f13fd"",""yes_price_dollars"":""0.3800""}"
KXBTC15M-26APR280730-30,e51f4ade-1e18-7269-e43c-7fb754380340,1777374932,0.37,3.0,no,"{""count_fp"":""3.00"",""created_time"":""2026-04-28T11:15:32.415066Z"",""no_price_dollars"":""0.6300"",""taker_side"":""no"",""ticker"":""KXBTC15M-26APR280730-30"",""trade_id"":""e51f4ade-1e18-7269-e43c-7fb754380340"",""yes_price_dollars"":""0.3700""}"
KXBTC15M-26APR280730-30,3f1e921b-683d-7ae1-ea1a-daba4ec30fe5,1777374932,0.37,70.42,no,"{""count_fp"":""70.42"",""created_time"":""2026-04-28T11:15:32.415066Z"",""no_price_dollars"":""0.6300"",""taker_side"":""no"",""ticker"":""KXBTC15M-26APR280730-30"",""trade_id"":""3f1e921b-683d-7ae1-ea1a-daba4ec30fe5"",""yes_price_dollars"":""0.3700""}"
KXBTC15M-26APR280730-30,947ed5f3-3ca5-529d-51ab-bcd506353349,1777374932,0.37,799.1,no,"{""count_fp"":""799.10"",""created_time"":""2026-04-28T11:15:32.409737Z"",""no_price_dollars"":""0.6300"",""taker_side"":""no"",""ticker"":""KXBTC15M-26APR280730-30"",""trade_id"":""947ed5f3-3ca5-529d-51ab-bcd506353349"",""yes_price_dollars"":""0.3700""}"
KXBTC15M-26APR280730-30,4ce6729d-ea00-522b-6214-4e4310f751c2,1777374932,0.37,379.9,no,"{""count_fp"":""379.90"",""created_time"":""2026-04-28T11:15:32.409737Z"",""no_price_dollars"":""0.6300"",""taker_side"":""no"",""ticker"":""KXBTC15M-26APR280730-30"",""trade_id"":""4ce6729d-ea00-522b-6214-4e4310f751c2"",""yes_price_dollars"":""0.3700""}"
KXBTC15M-26APR280730-30,e604c4b7-2603-681a-d258-611511424e64,1777374932,0.37,18.9,no,"{""count_fp"":""18.90"",""created_time"":""2026-04-28T11:15:32.399388Z"",""no_price_dollars"":""0.6300"",""taker_side"":""no"",""ticker"":""KXBTC15M-26APR280730-30"",""trade_id"":""e604c4b7-2603-681a-d258-611511424e64"",""yes_price_dollars"":""0.3700""}"
KXBTC15M-26APR280730-30,e14f0eb5-5bc8-68fb-d58e-c3dcc7451c1a,1777374932,0.37,120.1,no,"{""count_fp"":""120.10"",""created_time"":""2026-04-28T11:15:32.399388Z"",""no_price_dollars"":""0.6300"",""taker_side"":""no"",""ticker"":""KXBTC15M-26APR280730-30"",""trade_id"":""e14f0eb5-5bc8-68fb-d58e-c3dcc7451c1a"",""yes_price_dollars"":""0.3700""}"
KXBTC15M-26APR280730-30,4e101119-4aea-67da-e877-a531801edf86,1777374932,0.37,40.0,no,"{""count_fp"":""40.00"",""created_time"":""2026-04-28T11:15:32.399388Z"",""no_price_dollars"":""0.6300"",""taker_side"":""no"",""ticker"":""KXBTC15M-26APR280730-30"",""trade_id"":""4e101119-4aea-67da-e877-a531801edf86"",""yes_price_dollars"":""0.3700""}"
KXBTC15M-26APR280730-30,a7982b12-fa2f-7a22-ecb0-ad79a2cbf924,1777374932,0.37,120.1,no,"{""count_fp"":""120.10"",""created_time"":""2026-04-28T11:15:32.394834Z"",""no_price_dollars"":""0.6300"",""taker_side"":""no"",""ticker"":""KXBTC15M-26APR280730-30"",""trade_id"":""a7982b12-fa2f-7a22-ecb0-ad79a2cbf924"",""yes_price_dollars"":""0.3700""}"
KXBTC15M-26APR280730-30,5d1bf0f1-7e68-705b-c9b3-2bd1c98dbd8a,1777374932,0.38,40.0,no,"{""count_fp"":""40.00"",""created_time"":""2026-04-28T11:15:32.394834Z"",""no_price_dollars"":""0.6200"",""taker_side"":""no"",""ticker"":""KXBTC15M-26APR280730-30"",""trade_id"":""5d1bf0f1-7e68-705b-c9b3-2bd1c98dbd8a"",""yes_price_dollars"":""0.3800""}"
KXBTC15M-26APR280730-30,04236a64-7aab-7aa8-c567-1c8a3aa2c7be,1777374932,0.39,18.9,no,"{""count_fp"":""18.90"",""created_time"":""2026-04-28T11:15:32.394834Z"",""no_price_dollars"":""0.6100"",""taker_side"":""no"",""ticker"":""KXBTC15M-26APR280730-30"",""trade_id"":""04236a64-7aab-7aa8-c567-1c8a3aa2c7be"",""yes_price_dollars"":""0.3900""}"
KXBTC15M-26APR280730-30,c09f9d88-02e7-6724-b2bf-9aad3c917266,1777374932,0.39,21.1,no,"{""count_fp"":""21.10"",""created_time"":""2026-04-28T11:15:32.389317Z"",""no_price_dollars"":""0.6100"",""taker_side"":""no"",""ticker"":""KXBTC15M-26APR280730-30"",""trade_id"":""c09f9d88-02e7-6724-b2bf-9aad3c917266"",""yes_price_dollars"":""0.3900""}"
KXBTC15M-26APR280730-30,cb7fbfdd-23ec-733f-805e-beba5560ca25,1777374932,0.38,10.0,yes,"{""count_fp"":""10.00"",""created_time"":""2026-04-28T11:15:32.383362Z"",""no_price_dollars"":""0.6200"",""taker_side"":""yes"",""ticker"":""KXBTC15M-26APR280730-30"",""trade_id"":""cb7fbfdd-23ec-733f-805e-beba5560ca25"",""yes_price_dollars"":""0.3800""}"
KXBTC15M-26APR280730-30,e00da39e-8b46-61b3-15b7-a34cf7882b7d,1777374932,0.39,1.0,yes,"{""count_fp"":""1.00"",""created_time"":""2026-04-28T11:15:32.378273Z"",""no_price_dollars"":""0.6100"",""taker_side"":""yes"",""ticker"":""KXBTC15M-26APR280730-30"",""trade_id"":""e00da39e-8b46-61b3-15b7-a34cf7882b7d"",""yes_price_dollars"":""0.3900""}"
KXBTC15M-26APR280730-30,40069005-04a2-6b3f-10f4-58039cfa6d22,1777374932,0.39,21.0,yes,"{""count_fp"":""21.00"",""created_time"":""2026-04-28T11:15:32.378273Z"",""no_price_dollars"":""0.6100"",""taker_side"":""yes"",""ticker"":""KXBTC15M-26APR280730-30"",""trade_id"":""40069005-04a2-6b3f-10f4-58039cfa6d22"",""yes_price_dollars"":""0.3900""}"
KXBTC15M-26APR280730-30,22d45719-3094-6d81-3295-05d45b772c82,1777374932,0.38,14.0,yes,"{""count_fp"":""14.00"",""created_time"":""2026-04-28T11:15:32.378273Z"",""no_price_dollars"":""0.6200"",""taker_side"":""yes"",""ticker"":""KXBTC15M-26APR280730-30"",""trade_id"":""22d45719-3094-6d81-3295-05d45b772c82"",""yes_price_dollars"":""0.3800""}"
KXBTC15M-26APR280730-30,8dcfeb18-d6cd-67f5-92ae-b8e8c9138810,1777374932,0.38,27.5,yes,"{""count_fp"":""27.50"",""created_time"":""2026-04-28T11:15:32.371713Z"",""no_price_dollars"":""0.6200"",""taker_side"":""yes"",""ticker"":""KXBTC15M-26APR280730-30"",""trade_id"":""8dcfeb18-d6cd-67f5-92ae-b8e8c9138810"",""yes_price_dollars"":""0.3800""}"
KXBTC15M-26APR280730-30,bf016a9f-65e4-6f03-eda5-ad372e9d473b,1777374932,0.38,2.0,no,"{""count_fp"":""2.00"",""created_time"":""2026-04-28T11:15:32.305213Z"",""no_price_dollars"":""0.6200"",""taker_side"":""no"",""ticker"":""KXBTC15M-26APR280730-30"",""trade_id"":""bf016a9f-65e4-6f03-eda5-ad372e9d473b"",""yes_price_dollars"":""0.3800""}"
KXBTC15M-26APR280730-30,8c208f86-ef56-64de-dc82-206eef4d65a2,1777374932,0.38,77.73,no,"{""count_fp"":""77.73"",""created_time"":""2026-04-28T11:15:32.305213Z"",""no_price_dollars"":""0.6200"",""taker_side"":""no"",""ticker"":""KXBTC15M-26APR280730-30"",""trade_id"":""8c208f86-ef56-64de-dc82-206eef4d65a2"",""yes_price_dollars"":""0.3800""}"
KXBTC15M-26APR280730-30,1bb6713c-bd77-62d6-ce9b-7e6a6d4b3471,1777374932,0.38,20.0,no,"{""count_fp"":""20.00"",""created_time"":""2026-04-28T11:15:32.305213Z"",""no_price_dollars"":""0.6200"",""taker_side"":""no"",""ticker"":""KXBTC15M-26APR280730-30"",""trade_id"":""1bb6713c-bd77-62d6-ce9b-7e6a6d4b3471"",""yes_price_dollars"":""0.3800""}"
KXBTC15M-26APR280730-30,010cdd0b-7c38-623a-dd50-3c8e04d6bb2c,1777374932,0.38,5.0,no,"{""count_fp"":""5.00"",""created_time"":""2026-04-28T11:15:32.305213Z"",""no_price_dollars"":""0.6200"",""taker_side"":""no"",""ticker"":""KXBTC15M-26APR280730-30"",""trade_id"":""010cdd0b-7c38-623a-dd50-3c8e04d6bb2c"",""yes_price_dollars"":""0.3800""}"
KXBTC15M-26APR280730-30,ff3b1db5-361d-630e-8bdb-487895341f48,1777374932,0.4,1.0,no,"{""count_fp"":""1.00"",""created_time"":""2026-04-28T11:15:32.280511Z"",""no_price_dollars"":""0.6000"",""taker_side"":""no"",""ticker"":""KXBTC15M-26APR280730-30"",""trade_id"":""ff3b1db5-361d-630e-8bdb-487895341f48"",""yes_price_dollars"":""0.4000""}"
KXBTC15M-26APR280730-30,ddb7ae8a-d6b3-6692-b83b-32c24374344f,1777374932,0.4,40.0,no,"{""count_fp"":""40.00"",""created_time"":""2026-04-28T11:15:32.280511Z"",""no_price_dollars"":""0.6000"",""taker_side"":""no"",""ticker"":""KXBTC15M-26APR280730-30"",""trade_id"":""ddb7ae8a-d6b3-6692-b83b-32c24374344f"",""yes_price_dollars"":""0.4000""}"
KXBTC15M-26APR280730-30,d0df8efb-a250-6adf-8688-d18dbc5b8e87,1777374932,0.39,40.0,no,"{""count_fp"":""40.00"",""created_time"":""2026-04-28T11:15:32.280511Z"",""no_price_dollars"":""0.6100"",""taker_side"":""no"",""ticker"":""KXBTC15M-26APR280730-30"",""trade_id"":""d0df8efb-a250-6adf-8688-d18dbc5b8e87"",""yes_price_dollars"":""0.3900""}"
KXBTC15M-26APR280730-30,c7a28c17-eba9-603f-9071-8e2054b49922,1777374932,0.4,99.04,no,"{""count_fp"":""99.04"",""created_time"":""2026-04-28T11:15:32.280511Z"",""no_price_dollars"":""0.6000"",""taker_side"":""no"",""ticker"":""KXBTC15M-26APR280730-30"",""trade_id"":""c7a28c17-eba9-603f-9071-8e2054b49922"",""yes_price_dollars"":""0.4000""}"
KXBTC15M-26APR280730-30,be069b70-dee0-6bc6-ab34-2373aa149f63,1777374932,0.39,2.96,no,"{""count_fp"":""2.96"",""created_time"":""2026-04-28T11:15:32.280511Z"",""no_price_dollars"":""0.6100"",""taker_side"":""no"",""ticker"":""KXBTC15M-26APR280730-30"",""trade_id"":""be069b70-dee0-6bc6-ab34-2373aa149f63"",""yes_price_dollars"":""0.3900""}"
KXBTC15M-26APR280730-30,95fd769d-55db-67b5-94a5-d2fb12137067,1777374932,0.4,56.0,no,"{""count_fp"":""56.00"",""created_time"":""2026-04-28T11:15:32.280511Z"",""no_price_dollars"":""0.6000"",""taker_side"":""no"",""ticker"":""KXBTC15M-26APR280730-30"",""trade_id"":""95fd769d-55db-67b5-94a5-d2fb12137067"",""yes_price_dollars"":""0.4000""}"
KXBTC15M-26APR280730-30,8f857f06-a624-69d9-a276-554633fc2568,1777374932,0.39,132.0,no,"{""count_fp"":""132.00"",""created_time"":""2026-04-28T11:15:32.280511Z"",""no_price_dollars"":""0.6100"",""taker_side"":""no"",""ticker"":""KXBTC15M-26APR280730-30"",""trade_id"":""8f857f06-a624-69d9-a276-554633fc2568"",""yes_price_dollars"":""0.3900""}"
KXBTC15M-26APR280730-30,4655a857-dabb-60e6-8a79-c58943adcccd,1777374932,0.4,1.0,no,"{""count_fp"":""1.00"",""created_time"":""2026-04-28T11:15:32.280511Z"",""no_price_dollars"":""0.6000"",""taker_side"":""no"",""ticker"":""KXBTC15M-26APR280730-30"",""trade_id"":""4655a857-dabb-60e6-8a79-c58943adcccd"",""yes_price_dollars"":""0.4000""}"
KXBTC15M-26APR280730-30,d0ffc983-c1f7-5754-1ca9-b93a7715bb7e,1777374932,0.41,22.3,no,"{""count_fp"":""22.30"",""created_time"":""2026-04-28T11:15:32.137456Z"",""no_price_dollars"":""0.5900"",""taker_side"":""no"",""ticker"":""KXBTC15M-26APR280730-30"",""trade_id"":""d0ffc983-c1f7-5754-1ca9-b93a7715bb7e"",""yes_price_dollars"":""0.4100""}"
KXBTC15M-26APR280730-30,e1fac8ed-bf05-710b-edb7-c0e8bddda786,1777374932,0.4,19.96,no,"{""count_fp"":""19.96"",""created_time"":""2026-04-28T11:15:32.117145Z"",""no_price_dollars"":""0.6000"",""taker_side"":""no"",""ticker"":""KXBTC15M-26APR280730-30"",""trade_id"":""e1fac8ed-bf05-710b-edb7-c0e8bddda786"",""yes_price_dollars"":""0.4000""}"
KXBTC15M-26APR280730-30,a3adba2e-0850-721c-e14b-d2ef8bd85bd3,1777374932,0.41,39.29,no,"{""count_fp"":""39.29"",""created_time"":""2026-04-28T11:15:32.117145Z"",""no_price_dollars"":""0.5900"",""taker_side"":""no"",""ticker"":""KXBTC15M-26APR280730-30"",""trade_id"":""a3adba2e-0850-721c-e14b-d2ef8bd85bd3"",""yes_price_dollars"":""0.4100""}"
KXBTC15M-26APR280730-30,97ed0d97-d140-7b87-f9ae-51a927765b41,1777374932,0.41,30.0,no,"{""count_fp"":""30.00"",""created_time"":""2026-04-28T11:15:32.117145Z"",""no_price_dollars"":""0.5900"",""taker_side"":""no"",""ticker"":""KXBTC15M-26APR280730-30"",""trade_id"":""97ed0d97-d140-7b87-f9ae-51a927765b41"",""yes_price_dollars"":""0.4100""}"
KXBTC15M-26APR280730-30,6eb47e4f-68e6-72fa-f1f0-c0a5a3d16c7b,1777374932,0.41,40.0,no,"{""count_fp"":""40.00"",""created_time"":""2026-04-28T11:15:32.117145Z"",""no_price_dollars"":""0.5900"",""taker_side"":""no"",""ticker"":""KXBTC15M-26APR280730-30"",""trade_id"":""6eb47e4f-68e6-72fa-f1f0-c0a5a3d16c7b"",""yes_price_dollars"":""0.4100""}"
KXBTC15M-26APR280730-30,5063b012-19ed-70bf-f469-a2c1ece3f0ba,1777374932,0.41,25.0,no,"{""count_fp"":""25.00"",""created_time"":""2026-04-28T11:15:32.117145Z"",""no_price_dollars"":""0.5900"",""taker_side"":""no"",""ticker"":""KXBTC15M-26APR280730-30"",""trade_id"":""5063b012-19ed-70bf-f469-a2c1ece3f0ba"",""yes_price_dollars"":""0.4100""}"
KXBTC15M-26APR280730-30,3c3bd377-c5f7-776a-c412-32b9ed93dfec,1777374932,0.41,5.0,no,"{""count_fp"":""5.00"",""created_time"":""2026-04-28T11:15:32.117145Z"",""no_price_dollars"":""0.5900"",""taker_side"":""no"",""ticker"":""KXBTC15M-26APR280730-30"",""trade_id"":""3c3bd377-c5f7-776a-c412-32b9ed93dfec"",""yes_price_dollars"":""0.4100""}"
KXBTC15M-26APR280730-30,14d3ea10-dcf2-7078-d27c-6fbe5617654d,1777374932,0.41,5.0,no,"{""count_fp"":""5.00"",""created_time"":""2026-04-28T11:15:32.117145Z"",""no_price_dollars"":""0.5900"",""taker_side"":""no"",""ticker"":""KXBTC15M-26APR280730-30"",""trade_id"":""14d3ea10-dcf2-7078-d27c-6fbe5617654d"",""yes_price_dollars"":""0.4100""}"
KXBTC15M-26APR280730-30,9e846f4a-c9a0-62b0-e512-b4c773e5f35f,1777374932,0.41,3.0,no,"{""count_fp"":""3.00"",""created_time"":""2026-04-28T11:15:32.088114Z"",""no_price_dollars"":""0.5900"",""taker_side"":""no"",""ticker"":""KXBTC15M-26APR280730-30"",""trade_id"":""9e846f4a-c9a0-62b0-e512-b4c773e5f35f"",""yes_price_dollars"":""0.4100""}"
KXBTC15M-26APR280730-30,fe35e307-5c99-5e2a-d523-49a5660415da,1777374934,0.37,16.92,yes,"{""count_fp"":""16.92"",""created_time"":""2026-04-28T11:15:34.760188Z"",""no_price_dollars"":""0.6300"",""taker_side"":""yes"",""ticker"":""KXBTC15M-26APR280730-30"",""trade_id"":""fe35e307-5c99-5e2a-d523-49a5660415da"",""yes_price_dollars"":""0.3700""}"
KXBTC15M-26APR280730-30,09aba409-c416-6ed7-8db8-2c6b7791d252,1777374934,0.36,0.58,no,"{""count_fp"":""0.58"",""created_time"":""2026-04-28T11:15:34.262653Z"",""no_price_dollars"":""0.6400"",""taker_side"":""no"",""ticker"":""KXBTC15M-26APR280730-30"",""trade_id"":""09aba409-c416-6ed7-8db8-2c6b7791d252"",""yes_price_dollars"":""0.3600""}"
KXBTC15M-26APR280730-30,35b07dbb-7586-7047-5bed-b21532af3516,1777374935,0.36,77.72,no,"{""count_fp"":""77.72"",""created_time"":""2026-04-28T11:15:35.371043Z"",""no_price_dollars"":""0.6400"",""taker_side"":""no"",""ticker"":""KXBTC15M-26APR280730-30"",""trade_id"":""35b07dbb-7586-7047-5bed-b21532af3516"",""yes_price_dollars"":""0.3600""}"
KXBTC15M-26APR280730-30,c0230833-f279-41d2-2807-01cd57b4d282,1777374936,0.37,23.08,yes,"{""count_fp"":""23.08"",""created_time"":""2026-04-28T11:15:36.595265Z"",""no_price_dollars"":""0.6300"",""taker_side"":""yes"",""ticker"":""KXBTC15M-26APR280730-30"",""trade_id"":""c0230833-f279-41d2-2807-01cd57b4d282"",""yes_price_dollars"":""0.3700""}"
KXBTC15M-26APR280730-30,6ad0c103-6f99-413d-28cd-328c536f44b0,1777374936,0.37,2.78,yes,"{""count_fp"":""2.78"",""created_time"":""2026-04-28T11:15:36.595265Z"",""no_price_dollars"":""0.6300"",""taker_side"":""yes"",""ticker"":""KXBTC15M-26APR280730-30"",""trade_id"":""6ad0c103-6f99-413d-28cd-328c536f44b0"",""yes_price_dollars"":""0.3700""}"
KXBTC15M-26APR280730-30,1f7116d8-670a-785b-6390-ac1416597086,1777374936,0.36,20.0,no,"{""count_fp"":""20.00"",""created_time"":""2026-04-28T11:15:36.019355Z"",""no_price_dollars"":""0.6400"",""taker_side"":""no"",""ticker"":""KXBTC15M-26APR280730-30"",""trade_id"":""1f7116d8-670a-785b-6390-ac1416597086"",""yes_price_dollars"":""0.3600""}"
KXBTC15M-26APR280730-30,a00281ba-63da-491c-fa4f-6cc8a209cb87,1777374937,0.35,1.48,no,"{""count_fp"":""1.48"",""created_time"":""2026-04-28T11:15:37.511067Z"",""no_price_dollars"":""0.6500"",""taker_side"":""no"",""ticker"":""KXBTC15M-26APR280730-30"",""trade_id"":""a00281ba-63da-491c-fa4f-6cc8a209cb87"",""yes_price_dollars"":""0.3500""}"
KXBTC15M-26APR280730-30,17daedb8-7cc7-7888-c267-2d6b3efca4bf,1777374938,0.35,24.02,no,"{""count_fp"":""24.02"",""created_time"":""2026-04-28T11:15:38.922291Z"",""no_price_dollars"":""0.6500"",""taker_side"":""no"",""ticker"":""KXBTC15M-26APR280730-30"",""trade_id"":""17daedb8-7cc7-7888-c267-2d6b3efca4bf"",""yes_price_dollars"":""0.3500""}"
KXBTC15M-26APR280730-30,f3c9c3ba-f78c-6434-ed63-b51904b57294,1777374938,0.36,12.94,yes,"{""count_fp"":""12.94"",""created_time"":""2026-04-28T11:15:38.715511Z"",""no_price_dollars"":""0.6400"",""taker_side"":""yes"",""ticker"":""KXBTC15M-26APR280730-30"",""trade_id"":""f3c9c3ba-f78c-6434-ed63-b51904b57294"",""yes_price_dollars"":""0.3600""}"
KXBTC15M-26APR280730-30,dd048aff-a282-7378-4844-e5c06121a3c7,1777374938,0.35,128.87,no,"{""count_fp"":""128.87"",""created_time"":""2026-04-28T11:15:38.179359Z"",""no_price_dollars"":""0.6500"",""taker_side"":""no"",""ticker"":""KXBTC15M-26APR280730-30"",""trade_id"":""dd048aff-a282-7378-4844-e5c06121a3c7"",""yes_price_dollars"":""0.3500""}"
KXBTC15M-26APR280730-30,9cb1cd55-0f6a-7360-40f2-dff15a5822b9,1777374938,0.35,4.0,no,"{""count_fp"":""4.00"",""created_time"":""2026-04-28T11:15:38.179359Z"",""no_price_dollars"":""0.6500"",""taker_side"":""no"",""ticker"":""KXBTC15M-26APR280730-30"",""trade_id"":""9cb1cd55-0f6a-7360-40f2-dff15a5822b9"",""yes_price_dollars"":""0.3500""}"
KXBTC15M-26APR280730-30,7cce93f4-6f87-7def-4319-34a95dd128e7,1777374938,0.35,4.0,no,"{""count_fp"":""4.00"",""created_time"":""2026-04-28T11:15:38.179359Z"",""no_price_dollars"":""0.6500"",""taker_side"":""no"",""ticker"":""KXBTC15M-26APR280730-30"",""trade_id"":""7cce93f4-6f87-7def-4319-34a95dd128e7"",""yes_price_dollars"":""0.3500""}"
KXBTC15M-26APR280730-30,2eb1162f-482b-7a38-670c-f8198d8efa87,1777374938,0.35,95.49,no,"{""count_fp"":""95.49"",""created_time"":""2026-04-28T11:15:38.179359Z"",""no_price_dollars"":""0.6500"",""taker_side"":""no"",""ticker"":""KXBTC15M-26APR280730-30"",""trade_id"":""2eb1162f-482b-7a38-670c-f8198d8efa87"",""yes_price_dollars"":""0.3500""}"
KXBTC15M-26APR280730-30,01e67a9f-dcfe-7e08-76a3-7c206f153360,1777374938,0.35,40.0,no,"{""count_fp"":""40.00"",""created_time"":""2026-04-28T11:15:38.179359Z"",""no_price_dollars"":""0.6500"",""taker_side"":""no"",""ticker"":""KXBTC15M-26APR280730-30"",""trade_id"":""01e67a9f-dcfe-7e08-76a3-7c206f153360"",""yes_price_dollars"":""0.3500""}"
KXBTC15M-26APR280730-30,6f5c88ed-b4b1-76f5-62db-ab718c7252b4,1777374938,0.36,5.17,yes,"{""count_fp"":""5.17"",""created_time"":""2026-04-28T11:15:38.040704Z"",""no_price_dollars"":""0.6400"",""taker_side"":""yes"",""ticker"":""KXBTC15M-26APR280730-30"",""trade_id"":""6f5c88ed-b4b1-76f5-62db-ab718c7252b4"",""yes_price_dollars"":""0.3600""}"
KXBTC15M-26APR280730-30,d5a4aa0e-3ea6-74fb-e199-81fda9164029,1777374939,0.35,6.38,no,"{""count_fp"":""6.38"",""created_time"":""2026-04-28T11:15:39.970271Z"",""no_price_dollars"":""0.6500"",""taker_side"":""no"",""ticker"":""KXBTC15M-26APR280730-30"",""trade_id"":""d5a4aa0e-3ea6-74fb-e199-81fda9164029"",""yes_price_dollars"":""0.3500""}"
KXBTC15M-26APR280730-30,bee444ff-1195-7fbd-e614-9464ebb622fd,1777374939,0.35,23.65,no,"{""count_fp"":""23.65"",""created_time"":""2026-04-28T11:15:39.970271Z"",""no_price_dollars"":""0.6500"",""taker_side"":""no"",""ticker"":""KXBTC15M-26APR280730-30"",""trade_id"":""bee444ff-1195-7fbd-e614-9464ebb622fd"",""yes_price_dollars"":""0.3500""}"
KXBTC15M-26APR280730-30,dbdd7ed8-ab18-5043-afde-1174ce6c6c30,1777374939,0.36,5.0,yes,"{""count_fp"":""5.00"",""created_time"":""2026-04-28T11:15:39.694284Z"",""no_price_dollars"":""0.6400"",""taker_side"":""yes"",""ticker"":""KXBTC15M-26APR280730-30"",""trade_id"":""dbdd7ed8-ab18-5043-afde-1174ce6c6c30"",""yes_price_dollars"":""0.3600""}"
KXBTC15M-26APR280730-30,836c4e97-715d-5a09-8cf0-2cd831d8227c,1777374939,0.36,1.0,yes,"{""count_fp"":""1.00"",""created_time"":""2026-04-28T11:15:39.694284Z"",""no_price_dollars"":""0.6400"",""taker_side"":""yes"",""ticker"":""KXBTC15M-26APR280730-30"",""trade_id"":""836c4e97-715d-5a09-8cf0-2cd831d8227c"",""yes_price_dollars"":""0.3600""}"
KXBTC15M-26APR280730-30,ec62c839-c388-720e-c88b-510931e212c9,1777374940,0.36,40.0,yes,"{""count_fp"":""40.00"",""created_time"":""2026-04-28T11:15:40.765413Z"",""no_price_dollars"":""0.6400"",""taker_side"":""yes"",""ticker"":""KXBTC15M-26APR280730-30"",""trade_id"":""ec62c839-c388-720e-c88b-510931e212c9"",""yes_price_dollars"":""0.3600""}"
KXBTC15M-26APR280730-30,daee2ebf-95ac-7572-f3cd-c53260d3218b,1777374940,0.37,2.0,yes,"{""count_fp"":""2.00"",""created_time"":""2026-04-28T11:15:40.765413Z"",""no_price_dollars"":""0.6300"",""taker_side"":""yes"",""ticker"":""KXBTC15M-26APR280730-30"",""trade_id"":""daee2ebf-95ac-7572-f3cd-c53260d3218b"",""yes_price_dollars"":""0.3700""}"
KXBTC15M-26APR280730-30,c3054a7a-aba9-7cf1-df12-1e0560a783a7,1777374940,0.36,21.0,yes,"{""count_fp"":""21.00"",""created_time"":""2026-04-28T11:15:40.765413Z"",""no_price_dollars"":""0.6400"",""taker_side"":""yes"",""ticker"":""KXBTC15M-26APR280730-30"",""trade_id"":""c3054a7a-aba9-7cf1-df12-1e0560a783a7"",""yes_price_dollars"":""0.3600""}"
KXBTC15M-26APR280730-30,4e5c5028-8ef5-7cf9-ea26-b5f343b56350,1777374940,0.36,499.0,yes,"{""count_fp"":""499.00"",""created_time"":""2026-04-28T11:15:40.765413Z"",""no_price_dollars"":""0.6400"",""taker_side"":""yes"",""ticker"":""KXBTC15M-26APR280730-30"",""trade_id"":""4e5c5028-8ef5-7cf9-ea26-b5f343b56350"",""yes_price_dollars"":""0.3600""}"
KXBTC15M-26APR280730-30,2ab400ba-68d0-78f7-df31-60c7e99f47a4,1777374940,0.37,884.92,yes,"{""count_fp"":""884.92"",""created_time"":""2026-04-28T11:15:40.765413Z"",""no_price_dollars"":""0.6300"",""taker_side"":""yes"",""ticker"":""KXBTC15M-26APR280730-30"",""trade_id"":""2ab400ba-68d0-78f7-df31-60c7e99f47a4"",""yes_price_dollars"":""0.3700""}"
KXBTC15M-26APR280730-30,293e58bc-2dcd-7466-c2f8-bb841ba0500a,1777374940,0.36,3.0,yes,"{""count_fp"":""3.00"",""created_time"":""2026-04-28T11:15:40.765413Z"",""no_price_dollars"":""0.6400"",""taker_side"":""yes"",""ticker"":""KXBTC15M-26APR280730-30"",""trade_id"":""293e58bc-2dcd-7466-c2f8-bb841ba0500a"",""yes_price_dollars"":""0.3600""}"
KXBTC15M-26APR280730-30,2763ef14-9f40-72ed-d63c-f49a1ab26ea0,1777374940,0.37,40.0,yes,"{""count_fp"":""40.00"",""created_time"":""2026-04-28T11:15:40.765413Z"",""no_price_dollars"":""0.6300"",""taker_side"":""yes"",""ticker"":""KXBTC15M-26APR280730-30"",""trade_id"":""2763ef14-9f40-72ed-d63c-f49a1ab26ea0"",""yes_price_dollars"":""0.3700""}"
KXBTC15M-26APR280730-30,0db5739f-39cb-70fb-f237-b4b65b29c149,1777374940,0.36,4.0,yes,"{""count_fp"":""4.00"",""created_time"":""2026-04-28T11:15:40.765413Z"",""no_price_dollars"":""0.6400"",""taker_side"":""yes"",""ticker"":""KXBTC15M-26APR280730-30"",""trade_id"":""0db5739f-39cb-70fb-f237-b4b65b29c149"",""yes_price_dollars"":""0.3600""}"
KXBTC15M-26APR280730-30,3f629f3f-3b88-43d4-474c-5db37259dad4,1777374941,0.36,40.0,yes,"{""count_fp"":""40.00"",""created_time"":""2026-04-28T11:15:41.784184Z"",""no_price_dollars"":""0.6400"",""taker_side"":""yes"",""ticker"":""KXBTC15M-26APR280730-30"",""trade_id"":""3f629f3f-3b88-43d4-474c-5db37259dad4"",""yes_price_dollars"":""0.3600""}"
KXBTC15M-26APR280730-30,c1f399b0-abdc-7b44-fa9c-1ce5aa5e1a82,1777374941,0.35,3.6,no,"{""count_fp"":""3.60"",""created_time"":""2026-04-28T11:15:41.360846Z"",""no_price_dollars"":""0.6500"",""taker_side"":""no"",""ticker"":""KXBTC15M-26APR280730-30"",""trade_id"":""c1f399b0-abdc-7b44-fa9c-1ce5aa5e1a82"",""yes_price_dollars"":""0.3500""}"
KXBTC15M-26APR280730-30,9240aaac-9153-7533-c44c-676ce5c4e566,1777374941,0.35,0.9,no,"{""count_fp"":""0.90"",""created_time"":""2026-04-28T11:15:41.360846Z"",""no_price_dollars"":""0.6500"",""taker_side"":""no"",""ticker"":""KXBTC15M-26APR280730-30"",""trade_id"":""9240aaac-9153-7533-c44c-676ce5c4e566"",""yes_price_dollars"":""0.3500""}"
KXBTC15M-26APR280730-30,d651161e-301c-5990-7ccb-ded16d37d36c,1777374941,0.36,1.0,yes,"{""count_fp"":""1.00"",""created_time"":""2026-04-28T11:15:41.160215Z"",""no_price_dollars"":""0.6400"",""taker_side"":""yes"",""ticker"":""KXBTC15M-26APR280730-30"",""trade_id"":""d651161e-301c-5990-7ccb-ded16d37d36c"",""yes_price_dollars"":""0.3600""}"
KXBTC15M-26APR280730-30,811c2420-82e7-77c7-37b6-0cd2eb245f92,1777374941,0.35,0.1,no,"{""count_fp"":""0.10"",""created_time"":""2026-04-28T11:15:41.049326Z"",""no_price_dollars"":""0.6500"",""taker_side"":""no"",""ticker"":""KXBTC15M-26APR280730-30"",""trade_id"":""811c2420-82e7-77c7-37b6-0cd2eb245f92"",""yes_price_dollars"":""0.3500""}"
KXBTC15M-26APR280730-30,35274a1c-56b7-7400-3c52-d6136e7fa281,1777374941,0.35,7.4,no,"{""count_fp"":""7.40"",""created_time"":""2026-04-28T11:15:41.049326Z"",""no_price_dollars"":""0.6500"",""taker_side"":""no"",""ticker"":""KXBTC15M-26APR280730-30"",""trade_id"":""35274a1c-56b7-7400-3c52-d6136e7fa281"",""yes_price_dollars"":""0.3500""}"
KXBTC15M-26APR280730-30,8f5e6229-db6f-4c99-be4f-0a86734dfe6e,1777374942,0.34,1.0,no,"{""count_fp"":""1.00"",""created_time"":""2026-04-28T11:15:42.256174Z"",""no_price_dollars"":""0.6600"",""taker_side"":""no"",""ticker"":""KXBTC15M-26APR280730-30"",""trade_id"":""8f5e6229-db6f-4c99-be4f-0a86734dfe6e"",""yes_price_dollars"":""0.3400""}"
KXBTC15M-26APR280730-30,b63dfb89-ba72-671d-583b-7d15fc8109ed,1777374942,0.35,25.0,no,"{""count_fp"":""25.00"",""created_time"":""2026-04-28T11:15:42.195232Z"",""no_price_dollars"":""0.6500"",""taker_side"":""no"",""ticker"":""KXBTC15M-26APR280730-30"",""trade_id"":""b63dfb89-ba72-671d-583b-7d15fc8109ed"",""yes_price_dollars"":""0.3500""}"
KXBTC15M-26APR280730-30,4cafed68-f384-7bfc-df4f-d685d31bcfde,1777374942,0.35,7.5,no,"{""count_fp"":""7.50"",""created_time"":""2026-04-28T11:15:42.081149Z"",""no_price_dollars"":""0.6500"",""taker_side"":""no"",""ticker"":""KXBTC15M-26APR280730-30"",""trade_id"":""4cafed68-f384-7bfc-df4f-d685d31bcfde"",""yes_price_dollars"":""0.3500""}"
KXBTC15M-26APR280730-30,d3536a50-1984-553c-3154-00259db9e9fa,1777374942,0.35,15.01,no,"{""count_fp"":""15.01"",""created_time"":""2026-04-28T11:15:42.077158Z"",""no_price_dollars"":""0.6500"",""taker_side"":""no"",""ticker"":""KXBTC15M-26APR280730-30"",""trade_id"":""d3536a50-1984-553c-3154-00259db9e9fa"",""yes_price_dollars"":""0.3500""}"
KXBTC15M-26APR280730-30,fa3f9cdf-541f-4bd9-c987-ccbd236763aa,1777374943,0.34,17.18,no,"{""count_fp"":""17.18"",""created_time"":""2026-04-28T11:15:43.789382Z"",""no_price_dollars"":""0.6600"",""taker_side"":""no"",""ticker"":""KXBTC15M-26APR280730-30"",""trade_id"":""fa3f9cdf-541f-4bd9-c987-ccbd236763aa"",""yes_price_dollars"":""0.3400""}"
KXBTC15M-26APR280730-30,9e943158-43d5-4443-d344-e3857717d279,1777374943,0.34,14.0,no,"{""count_fp"":""14.00"",""created_time"":""2026-04-28T11:15:43.789382Z"",""no_price_dollars"":""0.6600"",""taker_side"":""no"",""ticker"":""KXBTC15M-26APR280730-30"",""trade_id"":""9e943158-43d5-4443-d344-e3857717d279"",""yes_price_dollars"":""0.3400""}"
KXBTC15M-26APR280730-30,8969ef55-b920-458d-f678-5010105a9730,1777374943,0.34,40.0,no,"{""count_fp"":""40.00"",""created_time"":""2026-04-28T11:15:43.789382Z"",""no_price_dollars"":""0.6600"",""taker_side"":""no"",""ticker"":""KXBTC15M-26APR280730-30"",""trade_id"":""8969ef55-b920-458d-f678-5010105a9730"",""yes_price_dollars"":""0.3400""}"
KXBTC15M-26APR280730-30,8848ab70-3c61-42c1-c20b-dd845c4962be,1777374943,0.34,1.0,no,"{""count_fp"":""1.00"",""created_time"":""2026-04-28T11:15:43.789382Z"",""no_price_dollars"":""0.6600"",""taker_side"":""no"",""ticker"":""KXBTC15M-26APR280730-30"",""trade_id"":""8848ab70-3c61-42c1-c20b-dd845c4962be"",""yes_price_dollars"":""0.3400""}"
KXBTC15M-26APR280730-30,475d5cf6-ecd3-4a04-ccc9-a13636f3da3f,1777374943,0.33,78.47,no,"{""count_fp"":""78.47"",""created_time"":""2026-04-28T11:15:43.789382Z"",""no_price_dollars"":""0.6700"",""taker_side"":""no"",""ticker"":""KXBTC15M-26APR280730-30"",""trade_id"":""475d5cf6-ecd3-4a04-ccc9-a13636f3da3f"",""yes_price_dollars"":""0.3300""}"
KXBTC15M-26APR280730-30,095dd9cf-f2bd-4d1e-c291-3462f57abb1c,1777374943,0.33,40.0,no,"{""count_fp"":""40.00"",""created_time"":""2026-04-28T11:15:43.789382Z"",""no_price_dollars"":""0.6700"",""taker_side"":""no"",""ticker"":""KXBTC15M-26APR280730-30"",""trade_id"":""095dd9cf-f2bd-4d1e-c291-3462f57abb1c"",""yes_price_dollars"":""0.3300""}"
KXBTC15M-26APR280730-30,01ff5ea9-98d1-713f-b17d-228c5f6a4bad,1777374944,0.32,8.0,no,"{""count_fp"":""8.00"",""created_time"":""2026-04-28T11:15:44.582837Z"",""no_price_dollars"":""0.6800"",""taker_side"":""no"",""ticker"":""KXBTC15M-26APR280730-30"",""trade_id"":""01ff5ea9-98d1-713f-b17d-228c5f6a4bad"",""yes_price_dollars"":""0.3200""}"
KXBTC15M-26APR280730-30,6e7506d8-5873-5527-f5d9-30ce969bce26,1777374944,0.35,18.0,yes,"{""count_fp"":""18.00"",""created_time"":""2026-04-28T11:15:44.487254Z"",""no_price_dollars"":""0.6500"",""taker_side"":""yes"",""ticker"":""KXBTC15M-26APR280730-30"",""trade_id"":""6e7506d8-5873-5527-f5d9-30ce969bce26"",""yes_price_dollars"":""0.3500""}"
KXBTC15M-26APR280730-30,368f91e2-a95c-5f48-ff01-90137d8459e2,1777374944,0.35,0.61,yes,"{""count_fp"":""0.61"",""created_time"":""2026-04-28T11:15:44.487254Z"",""no_price_dollars"":""0.6500"",""taker_side"":""yes"",""ticker"":""KXBTC15M-26APR280730-30"",""trade_id"":""368f91e2-a95c-5f48-ff01-90137d8459e2"",""yes_price_dollars"":""0.3500""}"
KXBTC15M-26APR280730-30,6f5b43de-411f-6da8-1c97-f2a9638bcccb,1777374944,0.33,13.74,no,"{""count_fp"":""13.74"",""created_time"":""2026-04-28T11:15:44.474546Z"",""no_price_dollars"":""0.6700"",""taker_side"":""no"",""ticker"":""KXBTC15M-26APR280730-30"",""trade_id"":""6f5b43de-411f-6da8-1c97-f2a9638bcccb"",""yes_price_dollars"":""0.3300""}"
KXBTC15M-26APR280730-30,3e29dd65-68ce-6249-14b7-a039bc8830eb,1777374944,0.34,10.0,no,"{""count_fp"":""10.00"",""created_time"":""2026-04-28T11:15:44.474546Z"",""no_price_dollars"":""0.6600"",""taker_side"":""no"",""ticker"":""KXBTC15M-26APR280730-30"",""trade_id"":""3e29dd65-68ce-6249-14b7-a039bc8830eb"",""yes_price_dollars"":""0.3400""}"
KXBTC15M-26APR280730-30,1860d16f-4791-6bac-33f9-7cf9eaf8387b,1777374944,0.34,2.0,no,"{""count_fp"":""2.00"",""created_time"":""2026-04-28T11:15:44.474546Z"",""no_price_dollars"":""0.6600"",""taker_side"":""no"",""ticker"":""KXBTC15M-26APR280730-30"",""trade_id"":""1860d16f-4791-6bac-33f9-7cf9eaf8387b"",""yes_price_dollars"":""0.3400""}"
KXBTC15M-26APR280730-30,13dbae44-3e3a-663e-cc7b-e6b73759c203,1777374944,0.35,8.0,yes,"{""count_fp"":""8.00"",""created_time"":""2026-04-28T11:15:44.354718Z"",""no_price_dollars"":""0.6500"",""taker_side"":""yes"",""ticker"":""KXBTC15M-26APR280730-30"",""trade_id"":""13dbae44-3e3a-663e-cc7b-e6b73759c203"",""yes_price_dollars"":""0.3500""}"
KXBTC15M-26APR280730-30,f16772d8-14be-6c7e-6a1e-b23fc70b9c6f,1777374944,0.35,2.0,yes,"{""count_fp"":""2.00"",""created_time"":""2026-04-28T11:15:44.255892Z"",""no_price_dollars"":""0.6500"",""taker_side"":""yes"",""ticker"":""KXBTC15M-26APR280730-30"",""trade_id"":""f16772d8-14be-6c7e-6a1e-b23fc70b9c6f"",""yes_price_dollars"":""0.3500""}"
KXBTC15M-26APR280730-30,6652002b-6f7d-4777-f89b-f3b1ec9bfa4d,1777374945,0.32,21.09,no,"{""count_fp"":""21.09"",""created_time"":""2026-04-28T11:15:45.978678Z"",""no_price_dollars"":""0.6800"",""taker_side"":""no"",""ticker"":""KXBTC15M-26APR280730-30"",""trade_id"":""6652002b-6f7d-4777-f89b-f3b1ec9bfa4d"",""yes_price_dollars"":""0.3200""}"
KXBTC15M-26APR280730-30,9189150f-0b35-6b3f-e026-3211457dd881,1777374945,0.32,8.91,no,"{""count_fp"":""8.91"",""created_time"":""2026-04-28T11:15:45.968494Z"",""no_price_dollars"":""0.6800"",""taker_side"":""no"",""ticker"":""KXBTC15M-26APR280730-30"",""trade_id"":""9189150f-0b35-6b3f-e026-3211457dd881"",""yes_price_dollars"":""0.3200""}"
KXBTC15M-26APR280730-30,2f0f2bf5-166c-6c4f-dfdd-74548e9d2433,1777374945,0.32,1.0,no,"{""count_fp"":""1.00"",""created_time"":""2026-04-28T11:15:45.968494Z"",""no_price_dollars"":""0.6800"",""taker_side"":""no"",""ticker"":""KXBTC15M-26APR280730-30"",""trade_id"":""2f0f2bf5-166c-6c4f-dfdd-74548e9d2433"",""yes_price_dollars"":""0.3200""}"
KXBTC15M-26APR280730-30,02fd38d0-7218-6289-e3da-7920dd798ed7,1777374945,0.32,17.21,no,"{""count_fp"":""17.21"",""created_time"":""2026-04-28T11:15:45.968494Z"",""no_price_dollars"":""0.6800"",""taker_side"":""no"",""ticker"":""KXBTC15M-26APR280730-30"",""trade_id"":""02fd38d0-7218-6289-e3da-7920dd798ed7"",""yes_price_dollars"":""0.3200""}"
KXBTC15M-26APR280730-30,90b0403b-b124-616d-6aab-dd256cc0e1f7,1777374945,0.32,4.0,no,"{""count_fp"":""4.00"",""created_time"":""2026-04-28T11:15:45.897192Z"",""no_price_dollars"":""0.6800"",""taker_side"":""no"",""ticker"":""KXBTC15M-26APR280730-30"",""trade_id"":""90b0403b-b124-616d-6aab-dd256cc0e1f7"",""yes_price_dollars"":""0.3200""}"
KXBTC15M-26APR280730-30,cef2ffb1-dbef-48b8-6aa5-44b4460374aa,1777374945,0.32,16.56,no,"{""count_fp"":""16.56"",""created_time"":""2026-04-28T11:15:45.517731Z"",""no_price_dollars"":""0.6800"",""taker_side"":""no"",""ticker"":""KXBTC15M-26APR280730-30"",""trade_id"":""cef2ffb1-dbef-48b8-6aa5-44b4460374aa"",""yes_price_dollars"":""0.3200""}"
KXBTC15M-26APR280730-30,c51570fa-6130-4245-79ea-38c884222123,1777374945,0.32,10.79,no,"{""count_fp"":""10.79"",""created_time"":""2026-04-28T11:15:45.517731Z"",""no_price_dollars"":""0.6800"",""taker_side"":""no"",""ticker"":""KXBTC15M-26APR280730-30"",""trade_id"":""c51570fa-6130-4245-79ea-38c884222123"",""yes_price_dollars"":""0.3200""}"
KXBTC15M-26APR280730-30,938f8436-655d-763b-911a-8d515de4a5f1,1777374945,0.32,10.0,no,"{""count_fp"":""10.00"",""created_time"":""2026-04-28T11:15:45.388816Z"",""no_price_dollars"":""0.6800"",""taker_side"":""no"",""ticker"":""KXBTC15M-26APR280730-30"",""trade_id"":""938f8436-655d-763b-911a-8d515de4a5f1"",""yes_price_dollars"":""0.3200""}"
KXBTC15M-26APR280730-30,bfd2c1b8-406c-4190-2651-728a0bde6a2f,1777374945,0.33,5.46,yes,"{""count_fp"":""5.46"",""created_time"":""2026-04-28T11:15:45.081753Z"",""no_price_dollars"":""0.6700"",""taker_side"":""yes"",""ticker"":""KXBTC15M-26APR280730-30"",""trade_id"":""bfd2c1b8-406c-4190-2651-728a0bde6a2f"",""yes_price_dollars"":""0.3300""}"
KXBTC15M-26APR280730-30,92eb5175-d5b4-5db0-4d8d-71665826e133,1777374946,0.32,10.0,yes,"{""count_fp"":""10.00"",""created_time"":""2026-04-28T11:15:46.984765Z"",""no_price_dollars"":""0.6800"",""taker_side"":""yes"",""ticker"":""KXBTC15M-26APR280730-30"",""trade_id"":""92eb5175-d5b4-5db0-4d8d-71665826e133"",""yes_price_dollars"":""0.3200""}"
