ticker,trade_id,ts,yes_price,count,taker_side,raw_json
KXBTC15M-26APR280315-15,fd28471d-ee2a-5953-6562-16a415ae3ff0,1777359600,0.41,11.0,no,"{""count_fp"":""11.00"",""created_time"":""2026-04-28T07:00:00.971457Z"",""no_price_dollars"":""0.5900"",""taker_side"":""no"",""ticker"":""KXBTC15M-26APR280315-15"",""trade_id"":""fd28471d-ee2a-5953-6562-16a415ae3ff0"",""yes_price_dollars"":""0.4100""}"
KXBTC15M-26APR280315-15,ef5a678f-df44-5cad-7b06-15589bf55e8d,1777359600,0.46,1.0,no,"{""count_fp"":""1.00"",""created_time"":""2026-04-28T07:00:00.971457Z"",""no_price_dollars"":""0.5400"",""taker_side"":""no"",""ticker"":""KXBTC15M-26APR280315-15"",""trade_id"":""ef5a678f-df44-5cad-7b06-15589bf55e8d"",""yes_price_dollars"":""0.4600""}"
KXBTC15M-26APR280315-15,b4fbe8c8-09cd-58b5-5976-c3041f079328,1777359600,0.5,10.0,no,"{""count_fp"":""10.00"",""created_time"":""2026-04-28T07:00:00.971457Z"",""no_price_dollars"":""0.5000"",""taker_side"":""no"",""ticker"":""KXBTC15M-26APR280315-15"",""trade_id"":""b4fbe8c8-09cd-58b5-5976-c3041f079328"",""yes_price_dollars"":""0.5000""}"
KXBTC15M-26APR280315-15,90543e85-3e8d-5623-778d-7561d38cb656,1777359600,0.43,1.0,no,"{""count_fp"":""1.00"",""created_time"":""2026-04-28T07:00:00.971457Z"",""no_price_dollars"":""0.5700"",""taker_side"":""no"",""ticker"":""KXBTC15M-26APR280315-15"",""trade_id"":""90543e85-3e8d-5623-778d-7561d38cb656"",""yes_price_dollars"":""0.4300""}"
KXBTC15M-26APR280315-15,89b6f142-a3b8-5503-71e0-4ac54abac602,1777359600,0.44,1.0,no,"{""count_fp"":""1.00"",""created_time"":""2026-04-28T07:00:00.971457Z"",""no_price_dollars"":""0.5600"",""taker_side"":""no"",""ticker"":""KXBTC15M-26APR280315-15"",""trade_id"":""89b6f142-a3b8-5503-71e0-4ac54abac602"",""yes_price_dollars"":""0.4400""}"
KXBTC15M-26APR280315-15,4041b08c-f339-5ee7-7639-0c378474a01a,1777359600,0.42,1.0,no,"{""count_fp"":""1.00"",""created_time"":""2026-04-28T07:00:00.971457Z"",""no_price_dollars"":""0.5800"",""taker_side"":""no"",""ticker"":""KXBTC15M-26APR280315-15"",""trade_id"":""4041b08c-f339-5ee7-7639-0c378474a01a"",""yes_price_dollars"":""0.4200""}"
KXBTC15M-26APR280315-15,14299596-71bd-5410-4082-6f22ab1b6ef6,1777359600,0.45,1.0,no,"{""count_fp"":""1.00"",""created_time"":""2026-04-28T07:00:00.971457Z"",""no_price_dollars"":""0.5500"",""taker_side"":""no"",""ticker"":""KXBTC15M-26APR280315-15"",""trade_id"":""14299596-71bd-5410-4082-6f22ab1b6ef6"",""yes_price_dollars"":""0.4500""}"
KXBTC15M-26APR280315-15,07446f88-1886-5be2-6a6d-de30574b7bd9,1777359600,0.42,1.0,no,"{""count_fp"":""1.00"",""created_time"":""2026-04-28T07:00:00.971457Z"",""no_price_dollars"":""0.5800"",""taker_side"":""no"",""ticker"":""KXBTC15M-26APR280315-15"",""trade_id"":""07446f88-1886-5be2-6a6d-de30574b7bd9"",""yes_price_dollars"":""0.4200""}"
KXBTC15M-26APR280315-15,7fd9fcf1-304b-62fd-1536-0eefe80d5cf6,1777359601,0.5,120.0,no,"{""count_fp"":""120.00"",""created_time"":""2026-04-28T07:00:01.765483Z"",""no_price_dollars"":""0.5000"",""taker_side"":""no"",""ticker"":""KXBTC15M-26APR280315-15"",""trade_id"":""7fd9fcf1-304b-62fd-1536-0eefe80d5cf6"",""yes_price_dollars"":""0.5000""}"
KXBTC15M-26APR280315-15,111ef366-05e9-6e8b-2e38-bc5e0ed20316,1777359601,0.5,1.0,no,"{""count_fp"":""1.00"",""created_time"":""2026-04-28T07:00:01.765483Z"",""no_price_dollars"":""0.5000"",""taker_side"":""no"",""ticker"":""KXBTC15M-26APR280315-15"",""trade_id"":""111ef366-05e9-6e8b-2e38-bc5e0ed20316"",""yes_price_dollars"":""0.5000""}"
KXBTC15M-26APR280315-15,6b014e09-5290-6270-b8da-e64f0a992d03,1777359602,0.42,1.0,yes,"{""count_fp"":""1.00"",""created_time"":""2026-04-28T07:00:02.290184Z"",""no_price_dollars"":""0.5800"",""taker_side"":""yes"",""ticker"":""KXBTC15M-26APR280315-15"",""trade_id"":""6b014e09-5290-6270-b8da-e64f0a992d03"",""yes_price_dollars"":""0.4200""}"
KXBTC15M-26APR280315-15,8df9f887-c54c-71fc-4f83-f0154b1e872b,1777359602,0.48,6.0,yes,"{""count_fp"":""6.00"",""created_time"":""2026-04-28T07:00:02.220083Z"",""no_price_dollars"":""0.5200"",""taker_side"":""yes"",""ticker"":""KXBTC15M-26APR280315-15"",""trade_id"":""8df9f887-c54c-71fc-4f83-f0154b1e872b"",""yes_price_dollars"":""0.4800""}"
KXBTC15M-26APR280315-15,23edb7a9-1428-6f50-130c-1fa07f4a2c23,1777359603,0.42,22.0,yes,"{""count_fp"":""22.00"",""created_time"":""2026-04-28T07:00:03.801588Z"",""no_price_dollars"":""0.5800"",""taker_side"":""yes"",""ticker"":""KXBTC15M-26APR280315-15"",""trade_id"":""23edb7a9-1428-6f50-130c-1fa07f4a2c23"",""yes_price_dollars"":""0.4200""}"
KXBTC15M-26APR280315-15,57b33c31-0e02-6d3b-79cc-fd925020adf0,1777359603,0.41,98.85,no,"{""count_fp"":""98.85"",""created_time"":""2026-04-28T07:00:03.496343Z"",""no_price_dollars"":""0.5900"",""taker_side"":""no"",""ticker"":""KXBTC15M-26APR280315-15"",""trade_id"":""57b33c31-0e02-6d3b-79cc-fd925020adf0"",""yes_price_dollars"":""0.4100""}"
KXBTC15M-26APR280315-15,233ae217-d202-59cc-3db7-77157733a285,1777359604,0.47,4.0,no,"{""count_fp"":""4.00"",""created_time"":""2026-04-28T07:00:04.742148Z"",""no_price_dollars"":""0.5300"",""taker_side"":""no"",""ticker"":""KXBTC15M-26APR280315-15"",""trade_id"":""233ae217-d202-59cc-3db7-77157733a285"",""yes_price_dollars"":""0.4700""}"
KXBTC15M-26APR280315-15,84e47ac9-4c81-5983-4820-20032ff5a3e9,1777359604,0.42,4.94,no,"{""count_fp"":""4.94"",""created_time"":""2026-04-28T07:00:04.626718Z"",""no_price_dollars"":""0.5800"",""taker_side"":""no"",""ticker"":""KXBTC15M-26APR280315-15"",""trade_id"":""84e47ac9-4c81-5983-4820-20032ff5a3e9"",""yes_price_dollars"":""0.4200""}"
KXBTC15M-26APR280315-15,20e69275-e1ca-4074-dfc4-b46b337eb826,1777359604,0.45,10.0,no,"{""count_fp"":""10.00"",""created_time"":""2026-04-28T07:00:04.607842Z"",""no_price_dollars"":""0.5500"",""taker_side"":""no"",""ticker"":""KXBTC15M-26APR280315-15"",""trade_id"":""20e69275-e1ca-4074-dfc4-b46b337eb826"",""yes_price_dollars"":""0.4500""}"
KXBTC15M-26APR280315-15,e2339ab8-996a-7960-5d67-6249c422371d,1777359604,0.46,98.0,no,"{""count_fp"":""98.00"",""created_time"":""2026-04-28T07:00:04.606376Z"",""no_price_dollars"":""0.5400"",""taker_side"":""no"",""ticker"":""KXBTC15M-26APR280315-15"",""trade_id"":""e2339ab8-996a-7960-5d67-6249c422371d"",""yes_price_dollars"":""0.4600""}"
KXBTC15M-26APR280315-15,ceede6be-cdec-7c42-5251-ce577cc5cd33,1777359604,0.46,35.0,no,"{""count_fp"":""35.00"",""created_time"":""2026-04-28T07:00:04.606376Z"",""no_price_dollars"":""0.5400"",""taker_side"":""no"",""ticker"":""KXBTC15M-26APR280315-15"",""trade_id"":""ceede6be-cdec-7c42-5251-ce577cc5cd33"",""yes_price_dollars"":""0.4600""}"
KXBTC15M-26APR280315-15,999c6096-062d-5c6c-7983-6a0377d8d0af,1777359605,0.46,30.15,yes,"{""count_fp"":""30.15"",""created_time"":""2026-04-28T07:00:05.927865Z"",""no_price_dollars"":""0.5400"",""taker_side"":""yes"",""ticker"":""KXBTC15M-26APR280315-15"",""trade_id"":""999c6096-062d-5c6c-7983-6a0377d8d0af"",""yes_price_dollars"":""0.4600""}"
KXBTC15M-26APR280315-15,ff05152c-d9e0-6bc7-b05e-c9cbc2ce88d6,1777359605,0.48,2.0,no,"{""count_fp"":""2.00"",""created_time"":""2026-04-28T07:00:05.732794Z"",""no_price_dollars"":""0.5200"",""taker_side"":""no"",""ticker"":""KXBTC15M-26APR280315-15"",""trade_id"":""ff05152c-d9e0-6bc7-b05e-c9cbc2ce88d6"",""yes_price_dollars"":""0.4800""}"
KXBTC15M-26APR280315-15,c157cd93-2bad-6c95-a0c2-057b775bebda,1777359605,0.47,2.0,no,"{""count_fp"":""2.00"",""created_time"":""2026-04-28T07:00:05.732794Z"",""no_price_dollars"":""0.5300"",""taker_side"":""no"",""ticker"":""KXBTC15M-26APR280315-15"",""trade_id"":""c157cd93-2bad-6c95-a0c2-057b775bebda"",""yes_price_dollars"":""0.4700""}"
KXBTC15M-26APR280315-15,81453805-9fc6-6bd8-988d-5462541e83a0,1777359605,0.48,1.35,no,"{""count_fp"":""1.35"",""created_time"":""2026-04-28T07:00:05.732794Z"",""no_price_dollars"":""0.5200"",""taker_side"":""no"",""ticker"":""KXBTC15M-26APR280315-15"",""trade_id"":""81453805-9fc6-6bd8-988d-5462541e83a0"",""yes_price_dollars"":""0.4800""}"
KXBTC15M-26APR280315-15,d4c007a6-f9c0-7bc0-893e-737b1772c6e5,1777359606,0.43,10.0,no,"{""count_fp"":""10.00"",""created_time"":""2026-04-28T07:00:06.852293Z"",""no_price_dollars"":""0.5700"",""taker_side"":""no"",""ticker"":""KXBTC15M-26APR280315-15"",""trade_id"":""d4c007a6-f9c0-7bc0-893e-737b1772c6e5"",""yes_price_dollars"":""0.4300""}"
KXBTC15M-26APR280315-15,b42de1f4-68a1-7852-98d4-727c3c85c71a,1777359606,0.45,4.0,no,"{""count_fp"":""4.00"",""created_time"":""2026-04-28T07:00:06.852293Z"",""no_price_dollars"":""0.5500"",""taker_side"":""no"",""ticker"":""KXBTC15M-26APR280315-15"",""trade_id"":""b42de1f4-68a1-7852-98d4-727c3c85c71a"",""yes_price_dollars"":""0.4500""}"
KXBTC15M-26APR280315-15,77c1fcba-a85f-7b3d-b2d2-9b72081fe35c,1777359606,0.43,3.84,no,"{""count_fp"":""3.84"",""created_time"":""2026-04-28T07:00:06.852293Z"",""no_price_dollars"":""0.5700"",""taker_side"":""no"",""ticker"":""KXBTC15M-26APR280315-15"",""trade_id"":""77c1fcba-a85f-7b3d-b2d2-9b72081fe35c"",""yes_price_dollars"":""0.4300""}"
KXBTC15M-26APR280315-15,10cac89f-97f6-7546-8d62-a28b71b6f586,1777359606,0.43,1.0,no,"{""count_fp"":""1.00"",""created_time"":""2026-04-28T07:00:06.852293Z"",""no_price_dollars"":""0.5700"",""taker_side"":""no"",""ticker"":""KXBTC15M-26APR280315-15"",""trade_id"":""10cac89f-97f6-7546-8d62-a28b71b6f586"",""yes_price_dollars"":""0.4300""}"
KXBTC15M-26APR280315-15,09df7459-d5e9-7dd8-ba08-ff458bee31d6,1777359606,0.45,8.0,no,"{""count_fp"":""8.00"",""created_time"":""2026-04-28T07:00:06.852293Z"",""no_price_dollars"":""0.5500"",""taker_side"":""no"",""ticker"":""KXBTC15M-26APR280315-15"",""trade_id"":""09df7459-d5e9-7dd8-ba08-ff458bee31d6"",""yes_price_dollars"":""0.4500""}"
KXBTC15M-26APR280315-15,f5632f23-4711-4d8b-bdf8-8f691dc5bb3c,1777359606,0.49,150.0,yes,"{""count_fp"":""150.00"",""created_time"":""2026-04-28T07:00:06.743772Z"",""no_price_dollars"":""0.5100"",""taker_side"":""yes"",""ticker"":""KXBTC15M-26APR280315-15"",""trade_id"":""f5632f23-4711-4d8b-bdf8-8f691dc5bb3c"",""yes_price_dollars"":""0.4900""}"
KXBTC15M-26APR280315-15,e33db061-c7ef-40ab-9b27-18822f027f25,1777359606,0.49,5.0,yes,"{""count_fp"":""5.00"",""created_time"":""2026-04-28T07:00:06.743772Z"",""no_price_dollars"":""0.5100"",""taker_side"":""yes"",""ticker"":""KXBTC15M-26APR280315-15"",""trade_id"":""e33db061-c7ef-40ab-9b27-18822f027f25"",""yes_price_dollars"":""0.4900""}"
KXBTC15M-26APR280315-15,dc316446-3865-46b4-b9fb-458b687a0a73,1777359606,0.59,5.0,yes,"{""count_fp"":""5.00"",""created_time"":""2026-04-28T07:00:06.743772Z"",""no_price_dollars"":""0.4100"",""taker_side"":""yes"",""ticker"":""KXBTC15M-26APR280315-15"",""trade_id"":""dc316446-3865-46b4-b9fb-458b687a0a73"",""yes_price_dollars"":""0.5900""}"
KXBTC15M-26APR280315-15,d5a09a6d-704d-4a44-969e-3b3def15a9bf,1777359606,0.46,7.85,yes,"{""count_fp"":""7.85"",""created_time"":""2026-04-28T07:00:06.743772Z"",""no_price_dollars"":""0.5400"",""taker_side"":""yes"",""ticker"":""KXBTC15M-26APR280315-15"",""trade_id"":""d5a09a6d-704d-4a44-969e-3b3def15a9bf"",""yes_price_dollars"":""0.4600""}"
KXBTC15M-26APR280315-15,d27163d4-7c54-47f1-8c93-51ee45473884,1777359606,0.53,60.0,yes,"{""count_fp"":""60.00"",""created_time"":""2026-04-28T07:00:06.743772Z"",""no_price_dollars"":""0.4700"",""taker_side"":""yes"",""ticker"":""KXBTC15M-26APR280315-15"",""trade_id"":""d27163d4-7c54-47f1-8c93-51ee45473884"",""yes_price_dollars"":""0.5300""}"
KXBTC15M-26APR280315-15,cc496ed1-38b4-4922-942c-00e53396eac0,1777359606,0.54,1.0,yes,"{""count_fp"":""1.00"",""created_time"":""2026-04-28T07:00:06.743772Z"",""no_price_dollars"":""0.4600"",""taker_side"":""yes"",""ticker"":""KXBTC15M-26APR280315-15"",""trade_id"":""cc496ed1-38b4-4922-942c-00e53396eac0"",""yes_price_dollars"":""0.5400""}"
KXBTC15M-26APR280315-15,c97a988f-e9a9-4a6f-a045-4b1fa801f8c8,1777359606,0.57,1.0,yes,"{""count_fp"":""1.00"",""created_time"":""2026-04-28T07:00:06.743772Z"",""no_price_dollars"":""0.4300"",""taker_side"":""yes"",""ticker"":""KXBTC15M-26APR280315-15"",""trade_id"":""c97a988f-e9a9-4a6f-a045-4b1fa801f8c8"",""yes_price_dollars"":""0.5700""}"
KXBTC15M-26APR280315-15,c4cc3545-8118-4eeb-b4fc-cb42ea8bc9b2,1777359606,0.56,1.0,yes,"{""count_fp"":""1.00"",""created_time"":""2026-04-28T07:00:06.743772Z"",""no_price_dollars"":""0.4400"",""taker_side"":""yes"",""ticker"":""KXBTC15M-26APR280315-15"",""trade_id"":""c4cc3545-8118-4eeb-b4fc-cb42ea8bc9b2"",""yes_price_dollars"":""0.5600""}"
KXBTC15M-26APR280315-15,bf58149a-8743-453f-add4-6eb17eb604d1,1777359606,0.58,1.0,yes,"{""count_fp"":""1.00"",""created_time"":""2026-04-28T07:00:06.743772Z"",""no_price_dollars"":""0.4200"",""taker_side"":""yes"",""ticker"":""KXBTC15M-26APR280315-15"",""trade_id"":""bf58149a-8743-453f-add4-6eb17eb604d1"",""yes_price_dollars"":""0.5800""}"
KXBTC15M-26APR280315-15,a80f4911-c56a-4e05-84d3-177ae6860ac9,1777359606,0.55,8.0,yes,"{""count_fp"":""8.00"",""created_time"":""2026-04-28T07:00:06.743772Z"",""no_price_dollars"":""0.4500"",""taker_side"":""yes"",""ticker"":""KXBTC15M-26APR280315-15"",""trade_id"":""a80f4911-c56a-4e05-84d3-177ae6860ac9"",""yes_price_dollars"":""0.5500""}"
KXBTC15M-26APR280315-15,98b7b653-9347-43c0-a650-5e625554647b,1777359606,0.49,2.0,yes,"{""count_fp"":""2.00"",""created_time"":""2026-04-28T07:00:06.743772Z"",""no_price_dollars"":""0.5100"",""taker_side"":""yes"",""ticker"":""KXBTC15M-26APR280315-15"",""trade_id"":""98b7b653-9347-43c0-a650-5e625554647b"",""yes_price_dollars"":""0.4900""}"
KXBTC15M-26APR280315-15,84bac74a-3cd2-4bbd-a64b-46648430fc0b,1777359606,0.6,36.91,yes,"{""count_fp"":""36.91"",""created_time"":""2026-04-28T07:00:06.743772Z"",""no_price_dollars"":""0.4000"",""taker_side"":""yes"",""ticker"":""KXBTC15M-26APR280315-15"",""trade_id"":""84bac74a-3cd2-4bbd-a64b-46648430fc0b"",""yes_price_dollars"":""0.6000""}"
KXBTC15M-26APR280315-15,811c8c33-596b-416c-a037-f3df7801b454,1777359606,0.55,1.0,yes,"{""count_fp"":""1.00"",""created_time"":""2026-04-28T07:00:06.743772Z"",""no_price_dollars"":""0.4500"",""taker_side"":""yes"",""ticker"":""KXBTC15M-26APR280315-15"",""trade_id"":""811c8c33-596b-416c-a037-f3df7801b454"",""yes_price_dollars"":""0.5500""}"
KXBTC15M-26APR280315-15,64eb4e0b-0e9f-4004-9514-1b5261215dd6,1777359606,0.58,1.0,yes,"{""count_fp"":""1.00"",""created_time"":""2026-04-28T07:00:06.743772Z"",""no_price_dollars"":""0.4200"",""taker_side"":""yes"",""ticker"":""KXBTC15M-26APR280315-15"",""trade_id"":""64eb4e0b-0e9f-4004-9514-1b5261215dd6"",""yes_price_dollars"":""0.5800""}"
KXBTC15M-26APR280315-15,3af00081-a276-49a4-a9bf-9258798273bb,1777359606,0.46,10.0,yes,"{""count_fp"":""10.00"",""created_time"":""2026-04-28T07:00:06.743772Z"",""no_price_dollars"":""0.5400"",""taker_side"":""yes"",""ticker"":""KXBTC15M-26APR280315-15"",""trade_id"":""3af00081-a276-49a4-a9bf-9258798273bb"",""yes_price_dollars"":""0.4600""}"
KXBTC15M-26APR280315-15,3addc957-3b02-4948-8e06-d636bb75f648,1777359606,0.59,119.0,yes,"{""count_fp"":""119.00"",""created_time"":""2026-04-28T07:00:06.743772Z"",""no_price_dollars"":""0.4100"",""taker_side"":""yes"",""ticker"":""KXBTC15M-26APR280315-15"",""trade_id"":""3addc957-3b02-4948-8e06-d636bb75f648"",""yes_price_dollars"":""0.5900""}"
KXBTC15M-26APR280315-15,2f867429-0f6c-4d9a-b93a-0d8253e1a62e,1777359606,0.59,5.0,yes,"{""count_fp"":""5.00"",""created_time"":""2026-04-28T07:00:06.743772Z"",""no_price_dollars"":""0.4100"",""taker_side"":""yes"",""ticker"":""KXBTC15M-26APR280315-15"",""trade_id"":""2f867429-0f6c-4d9a-b93a-0d8253e1a62e"",""yes_price_dollars"":""0.5900""}"
KXBTC15M-26APR280315-15,0dd48ed6-145b-45ec-8aa1-fbeeaad0b239,1777359606,0.5,1.0,yes,"{""count_fp"":""1.00"",""created_time"":""2026-04-28T07:00:06.743772Z"",""no_price_dollars"":""0.5000"",""taker_side"":""yes"",""ticker"":""KXBTC15M-26APR280315-15"",""trade_id"":""0dd48ed6-145b-45ec-8aa1-fbeeaad0b239"",""yes_price_dollars"":""0.5000""}"
KXBTC15M-26APR280315-15,0ca7ad98-a07e-44eb-b5a0-59dac9fb6afc,1777359606,0.48,10.0,yes,"{""count_fp"":""10.00"",""created_time"":""2026-04-28T07:00:06.743772Z"",""no_price_dollars"":""0.5200"",""taker_side"":""yes"",""ticker"":""KXBTC15M-26APR280315-15"",""trade_id"":""0ca7ad98-a07e-44eb-b5a0-59dac9fb6afc"",""yes_price_dollars"":""0.4800""}"
KXBTC15M-26APR280315-15,cd0163d1-51e5-5734-46ff-4702d6a4d9eb,1777359606,0.46,3.0,yes,"{""count_fp"":""3.00"",""created_time"":""2026-04-28T07:00:06.681546Z"",""no_price_dollars"":""0.5400"",""taker_side"":""yes"",""ticker"":""KXBTC15M-26APR280315-15"",""trade_id"":""cd0163d1-51e5-5734-46ff-4702d6a4d9eb"",""yes_price_dollars"":""0.4600""}"
KXBTC15M-26APR280315-15,38e53cb8-a79d-6204-ad41-cb2a090210bb,1777359606,0.46,5.0,yes,"{""count_fp"":""5.00"",""created_time"":""2026-04-28T07:00:06.014283Z"",""no_price_dollars"":""0.5400"",""taker_side"":""yes"",""ticker"":""KXBTC15M-26APR280315-15"",""trade_id"":""38e53cb8-a79d-6204-ad41-cb2a090210bb"",""yes_price_dollars"":""0.4600""}"
KXBTC15M-26APR280315-15,7e6eaeba-852a-7d64-71cc-c6dacf8df619,1777359607,0.52,1.0,yes,"{""count_fp"":""1.00"",""created_time"":""2026-04-28T07:00:07.988403Z"",""no_price_dollars"":""0.4800"",""taker_side"":""yes"",""ticker"":""KXBTC15M-26APR280315-15"",""trade_id"":""7e6eaeba-852a-7d64-71cc-c6dacf8df619"",""yes_price_dollars"":""0.5200""}"
KXBTC15M-26APR280315-15,62b68e23-552a-7040-4a63-a5235cbd6af7,1777359607,0.48,10.0,yes,"{""count_fp"":""10.00"",""created_time"":""2026-04-28T07:00:07.988403Z"",""no_price_dollars"":""0.5200"",""taker_side"":""yes"",""ticker"":""KXBTC15M-26APR280315-15"",""trade_id"":""62b68e23-552a-7040-4a63-a5235cbd6af7"",""yes_price_dollars"":""0.4800""}"
KXBTC15M-26APR280315-15,37a92683-d01a-7efb-7821-d4ce54695623,1777359607,0.52,25.98,yes,"{""count_fp"":""25.98"",""created_time"":""2026-04-28T07:00:07.988403Z"",""no_price_dollars"":""0.4800"",""taker_side"":""yes"",""ticker"":""KXBTC15M-26APR280315-15"",""trade_id"":""37a92683-d01a-7efb-7821-d4ce54695623"",""yes_price_dollars"":""0.5200""}"
KXBTC15M-26APR280315-15,8a7d64f0-3f87-787b-6aea-ce92eb77b009,1777359607,0.54,150.0,yes,"{""count_fp"":""150.00"",""created_time"":""2026-04-28T07:00:07.471104Z"",""no_price_dollars"":""0.4600"",""taker_side"":""yes"",""ticker"":""KXBTC15M-26APR280315-15"",""trade_id"":""8a7d64f0-3f87-787b-6aea-ce92eb77b009"",""yes_price_dollars"":""0.5400""}"
KXBTC15M-26APR280315-15,7f11ba06-84ca-7f8b-45cc-63eeb665f8db,1777359607,0.48,10.0,yes,"{""count_fp"":""10.00"",""created_time"":""2026-04-28T07:00:07.471104Z"",""no_price_dollars"":""0.5200"",""taker_side"":""yes"",""ticker"":""KXBTC15M-26APR280315-15"",""trade_id"":""7f11ba06-84ca-7f8b-45cc-63eeb665f8db"",""yes_price_dollars"":""0.4800""}"
KXBTC15M-26APR280315-15,78fa8b03-2a46-70a4-47c9-78ab7dc14556,1777359607,0.55,198.89,yes,"{""count_fp"":""198.89"",""created_time"":""2026-04-28T07:00:07.471104Z"",""no_price_dollars"":""0.4500"",""taker_side"":""yes"",""ticker"":""KXBTC15M-26APR280315-15"",""trade_id"":""78fa8b03-2a46-70a4-47c9-78ab7dc14556"",""yes_price_dollars"":""0.5500""}"
KXBTC15M-26APR280315-15,561b0056-e0c3-7746-4a97-d0aa1ba7a937,1777359607,0.53,2.0,yes,"{""count_fp"":""2.00"",""created_time"":""2026-04-28T07:00:07.471104Z"",""no_price_dollars"":""0.4700"",""taker_side"":""yes"",""ticker"":""KXBTC15M-26APR280315-15"",""trade_id"":""561b0056-e0c3-7746-4a97-d0aa1ba7a937"",""yes_price_dollars"":""0.5300""}"
KXBTC15M-26APR280315-15,c8d41501-9343-47d9-85ab-1317609c9414,1777359608,0.43,17.08,no,"{""count_fp"":""17.08"",""created_time"":""2026-04-28T07:00:08.417786Z"",""no_price_dollars"":""0.5700"",""taker_side"":""no"",""ticker"":""KXBTC15M-26APR280315-15"",""trade_id"":""c8d41501-9343-47d9-85ab-1317609c9414"",""yes_price_dollars"":""0.4300""}"
KXBTC15M-26APR280315-15,92a1d488-2170-4951-9318-98816ef7e91d,1777359608,0.4,14.72,no,"{""count_fp"":""14.72"",""created_time"":""2026-04-28T07:00:08.417786Z"",""no_price_dollars"":""0.6000"",""taker_side"":""no"",""ticker"":""KXBTC15M-26APR280315-15"",""trade_id"":""92a1d488-2170-4951-9318-98816ef7e91d"",""yes_price_dollars"":""0.4000""}"
KXBTC15M-26APR280315-15,8dee9397-7431-45eb-98de-7e6573a5cc61,1777359608,0.42,9.06,no,"{""count_fp"":""9.06"",""created_time"":""2026-04-28T07:00:08.417786Z"",""no_price_dollars"":""0.5800"",""taker_side"":""no"",""ticker"":""KXBTC15M-26APR280315-15"",""trade_id"":""8dee9397-7431-45eb-98de-7e6573a5cc61"",""yes_price_dollars"":""0.4200""}"
KXBTC15M-26APR280315-15,7ac886ec-971d-4eb4-a9db-ba89216e6e51,1777359608,0.42,11.0,no,"{""count_fp"":""11.00"",""created_time"":""2026-04-28T07:00:08.417786Z"",""no_price_dollars"":""0.5800"",""taker_side"":""no"",""ticker"":""KXBTC15M-26APR280315-15"",""trade_id"":""7ac886ec-971d-4eb4-a9db-ba89216e6e51"",""yes_price_dollars"":""0.4200""}"
KXBTC15M-26APR280315-15,772ffdbf-09e6-4153-a333-80240dcd4bb4,1777359608,0.41,9.15,no,"{""count_fp"":""9.15"",""created_time"":""2026-04-28T07:00:08.417786Z"",""no_price_dollars"":""0.5900"",""taker_side"":""no"",""ticker"":""KXBTC15M-26APR280315-15"",""trade_id"":""772ffdbf-09e6-4153-a333-80240dcd4bb4"",""yes_price_dollars"":""0.4100""}"
KXBTC15M-26APR280315-15,747ae089-90f0-4f6d-a044-bc3f078422ba,1777359608,0.41,5.0,no,"{""count_fp"":""5.00"",""created_time"":""2026-04-28T07:00:08.417786Z"",""no_price_dollars"":""0.5900"",""taker_side"":""no"",""ticker"":""KXBTC15M-26APR280315-15"",""trade_id"":""747ae089-90f0-4f6d-a044-bc3f078422ba"",""yes_price_dollars"":""0.4100""}"
KXBTC15M-26APR280315-15,42a89b51-fa95-4da9-b52b-9d8429438502,1777359608,0.42,10.0,no,"{""count_fp"":""10.00"",""created_time"":""2026-04-28T07:00:08.417786Z"",""no_price_dollars"":""0.5800"",""taker_side"":""no"",""ticker"":""KXBTC15M-26APR280315-15"",""trade_id"":""42a89b51-fa95-4da9-b52b-9d8429438502"",""yes_price_dollars"":""0.4200""}"
KXBTC15M-26APR280315-15,08fc1263-aa28-413f-b5b2-ea000f807df6,1777359608,0.42,56.0,no,"{""count_fp"":""56.00"",""created_time"":""2026-04-28T07:00:08.417786Z"",""no_price_dollars"":""0.5800"",""taker_side"":""no"",""ticker"":""KXBTC15M-26APR280315-15"",""trade_id"":""08fc1263-aa28-413f-b5b2-ea000f807df6"",""yes_price_dollars"":""0.4200""}"
KXBTC15M-26APR280315-15,014ba15f-afcb-4b5d-b86c-4b039cf897a8,1777359608,0.41,5.0,no,"{""count_fp"":""5.00"",""created_time"":""2026-04-28T07:00:08.417786Z"",""no_price_dollars"":""0.5900"",""taker_side"":""no"",""ticker"":""KXBTC15M-26APR280315-15"",""trade_id"":""014ba15f-afcb-4b5d-b86c-4b039cf897a8"",""yes_price_dollars"":""0.4100""}"
KXBTC15M-26APR280315-15,885e7cb2-b053-63fd-c904-f28e5b9492dc,1777359608,0.43,25.08,no,"{""count_fp"":""25.08"",""created_time"":""2026-04-28T07:00:08.173901Z"",""no_price_dollars"":""0.5700"",""taker_side"":""no"",""ticker"":""KXBTC15M-26APR280315-15"",""trade_id"":""885e7cb2-b053-63fd-c904-f28e5b9492dc"",""yes_price_dollars"":""0.4300""}"
KXBTC15M-26APR280315-15,0af5204b-ab3b-548f-5de1-1e848aa45095,1777359609,0.47,57.34,no,"{""count_fp"":""57.34"",""created_time"":""2026-04-28T07:00:09.653091Z"",""no_price_dollars"":""0.5300"",""taker_side"":""no"",""ticker"":""KXBTC15M-26APR280315-15"",""trade_id"":""0af5204b-ab3b-548f-5de1-1e848aa45095"",""yes_price_dollars"":""0.4700""}"
KXBTC15M-26APR280315-15,f7b20b3d-2b19-6dcd-c231-8cd9e027b997,1777359609,0.46,40.0,yes,"{""count_fp"":""40.00"",""created_time"":""2026-04-28T07:00:09.613272Z"",""no_price_dollars"":""0.5400"",""taker_side"":""yes"",""ticker"":""KXBTC15M-26APR280315-15"",""trade_id"":""f7b20b3d-2b19-6dcd-c231-8cd9e027b997"",""yes_price_dollars"":""0.4600""}"
KXBTC15M-26APR280315-15,c5536dda-741b-64f7-eb06-a3843dc6c0cf,1777359609,0.47,40.0,yes,"{""count_fp"":""40.00"",""created_time"":""2026-04-28T07:00:09.613272Z"",""no_price_dollars"":""0.5300"",""taker_side"":""yes"",""ticker"":""KXBTC15M-26APR280315-15"",""trade_id"":""c5536dda-741b-64f7-eb06-a3843dc6c0cf"",""yes_price_dollars"":""0.4700""}"
KXBTC15M-26APR280315-15,4cfda686-30fa-6fc3-eaff-cd150b2a7be5,1777359609,0.45,40.0,yes,"{""count_fp"":""40.00"",""created_time"":""2026-04-28T07:00:09.613272Z"",""no_price_dollars"":""0.5500"",""taker_side"":""yes"",""ticker"":""KXBTC15M-26APR280315-15"",""trade_id"":""4cfda686-30fa-6fc3-eaff-cd150b2a7be5"",""yes_price_dollars"":""0.4500""}"
KXBTC15M-26APR280315-15,322724b2-845f-67b8-e07e-8ab1395b9917,1777359609,0.45,22.0,yes,"{""count_fp"":""22.00"",""created_time"":""2026-04-28T07:00:09.613272Z"",""no_price_dollars"":""0.5500"",""taker_side"":""yes"",""ticker"":""KXBTC15M-26APR280315-15"",""trade_id"":""322724b2-845f-67b8-e07e-8ab1395b9917"",""yes_price_dollars"":""0.4500""}"
KXBTC15M-26APR280315-15,df6b88d5-8ab7-5243-b651-dd04354825b5,1777359610,0.47,44.64,no,"{""count_fp"":""44.64"",""created_time"":""2026-04-28T07:00:10.298217Z"",""no_price_dollars"":""0.5300"",""taker_side"":""no"",""ticker"":""KXBTC15M-26APR280315-15"",""trade_id"":""df6b88d5-8ab7-5243-b651-dd04354825b5"",""yes_price_dollars"":""0.4700""}"
KXBTC15M-26APR280315-15,3eed0737-ed1c-551c-9c32-c57c48b303be,1777359610,0.47,0.22,no,"{""count_fp"":""0.22"",""created_time"":""2026-04-28T07:00:10.298217Z"",""no_price_dollars"":""0.5300"",""taker_side"":""no"",""ticker"":""KXBTC15M-26APR280315-15"",""trade_id"":""3eed0737-ed1c-551c-9c32-c57c48b303be"",""yes_price_dollars"":""0.4700""}"
KXBTC15M-26APR280315-15,23484636-0c7f-799f-7a62-9f4ff7ede505,1777359610,0.47,155.0,no,"{""count_fp"":""155.00"",""created_time"":""2026-04-28T07:00:10.296626Z"",""no_price_dollars"":""0.5300"",""taker_side"":""no"",""ticker"":""KXBTC15M-26APR280315-15"",""trade_id"":""23484636-0c7f-799f-7a62-9f4ff7ede505"",""yes_price_dollars"":""0.4700""}"
KXBTC15M-26APR280315-15,c2caa375-06ff-761b-a6fc-abde70dbc145,1777359610,0.47,30.49,no,"{""count_fp"":""30.49"",""created_time"":""2026-04-28T07:00:10.294988Z"",""no_price_dollars"":""0.5300"",""taker_side"":""no"",""ticker"":""KXBTC15M-26APR280315-15"",""trade_id"":""c2caa375-06ff-761b-a6fc-abde70dbc145"",""yes_price_dollars"":""0.4700""}"
KXBTC15M-26APR280315-15,78e4119e-ef5f-76c7-73eb-257ae97edbd1,1777359610,0.47,20.86,no,"{""count_fp"":""20.86"",""created_time"":""2026-04-28T07:00:10.232608Z"",""no_price_dollars"":""0.5300"",""taker_side"":""no"",""ticker"":""KXBTC15M-26APR280315-15"",""trade_id"":""78e4119e-ef5f-76c7-73eb-257ae97edbd1"",""yes_price_dollars"":""0.4700""}"
KXBTC15M-26APR280315-15,9c315c19-5fcb-78c3-51ea-98dc546cac61,1777359610,0.47,25.12,no,"{""count_fp"":""25.12"",""created_time"":""2026-04-28T07:00:10.171419Z"",""no_price_dollars"":""0.5300"",""taker_side"":""no"",""ticker"":""KXBTC15M-26APR280315-15"",""trade_id"":""9c315c19-5fcb-78c3-51ea-98dc546cac61"",""yes_price_dollars"":""0.4700""}"
KXBTC15M-26APR280315-15,7b09d3a6-733b-7107-5fc7-9d666b1b8c49,1777359610,0.47,24.55,no,"{""count_fp"":""24.55"",""created_time"":""2026-04-28T07:00:10.160121Z"",""no_price_dollars"":""0.5300"",""taker_side"":""no"",""ticker"":""KXBTC15M-26APR280315-15"",""trade_id"":""7b09d3a6-733b-7107-5fc7-9d666b1b8c49"",""yes_price_dollars"":""0.4700""}"
KXBTC15M-26APR280315-15,91a7680c-c52f-62a9-a549-9f3fe0b1298b,1777359610,0.48,16.08,yes,"{""count_fp"":""16.08"",""created_time"":""2026-04-28T07:00:10.158961Z"",""no_price_dollars"":""0.5200"",""taker_side"":""yes"",""ticker"":""KXBTC15M-26APR280315-15"",""trade_id"":""91a7680c-c52f-62a9-a549-9f3fe0b1298b"",""yes_price_dollars"":""0.4800""}"
KXBTC15M-26APR280315-15,cdfc0fcd-5670-61e0-f224-e603b707cf36,1777359611,0.47,20.0,no,"{""count_fp"":""20.00"",""created_time"":""2026-04-28T07:00:11.647392Z"",""no_price_dollars"":""0.5300"",""taker_side"":""no"",""ticker"":""KXBTC15M-26APR280315-15"",""trade_id"":""cdfc0fcd-5670-61e0-f224-e603b707cf36"",""yes_price_dollars"":""0.4700""}"
KXBTC15M-26APR280315-15,23a4252c-597c-5fe4-8f7f-23d7b8582d06,1777359611,0.47,1.81,no,"{""count_fp"":""1.81"",""created_time"":""2026-04-28T07:00:11.602842Z"",""no_price_dollars"":""0.5300"",""taker_side"":""no"",""ticker"":""KXBTC15M-26APR280315-15"",""trade_id"":""23a4252c-597c-5fe4-8f7f-23d7b8582d06"",""yes_price_dollars"":""0.4700""}"
KXBTC15M-26APR280315-15,f6520ef7-8e8c-5380-e936-697dee521eea,1777359611,0.47,5.0,no,"{""count_fp"":""5.00"",""created_time"":""2026-04-28T07:00:11.242722Z"",""no_price_dollars"":""0.5300"",""taker_side"":""no"",""ticker"":""KXBTC15M-26APR280315-15"",""trade_id"":""f6520ef7-8e8c-5380-e936-697dee521eea"",""yes_price_dollars"":""0.4700""}"
KXBTC15M-26APR280315-15,d9b18012-39c0-6e60-4c49-cde50d250192,1777359612,0.47,2.97,no,"{""count_fp"":""2.97"",""created_time"":""2026-04-28T07:00:12.620569Z"",""no_price_dollars"":""0.5300"",""taker_side"":""no"",""ticker"":""KXBTC15M-26APR280315-15"",""trade_id"":""d9b18012-39c0-6e60-4c49-cde50d250192"",""yes_price_dollars"":""0.4700""}"
KXBTC15M-26APR280315-15,4dc303a2-e5f4-6847-72f4-72780f8701d1,1777359612,0.47,40.0,no,"{""count_fp"":""40.00"",""created_time"":""2026-04-28T07:00:12.620569Z"",""no_price_dollars"":""0.5300"",""taker_side"":""no"",""ticker"":""KXBTC15M-26APR280315-15"",""trade_id"":""4dc303a2-e5f4-6847-72f4-72780f8701d1"",""yes_price_dollars"":""0.4700""}"
KXBTC15M-26APR280315-15,1e5852d6-b734-679f-72ed-7a37d645021e,1777359612,0.46,3.7,no,"{""count_fp"":""3.70"",""created_time"":""2026-04-28T07:00:12.620569Z"",""no_price_dollars"":""0.5400"",""taker_side"":""no"",""ticker"":""KXBTC15M-26APR280315-15"",""trade_id"":""1e5852d6-b734-679f-72ed-7a37d645021e"",""yes_price_dollars"":""0.4600""}"
KXBTC15M-26APR280315-15,e0c23f9c-6fd9-6d1f-5438-e059cad2292e,1777359612,0.48,6.63,yes,"{""count_fp"":""6.63"",""created_time"":""2026-04-28T07:00:12.238962Z"",""no_price_dollars"":""0.5200"",""taker_side"":""yes"",""ticker"":""KXBTC15M-26APR280315-15"",""trade_id"":""e0c23f9c-6fd9-6d1f-5438-e059cad2292e"",""yes_price_dollars"":""0.4800""}"
KXBTC15M-26APR280315-15,b6b007ce-54f7-6c0f-599d-06f50db6f1fe,1777359614,0.47,34.52,no,"{""count_fp"":""34.52"",""created_time"":""2026-04-28T07:00:14.732216Z"",""no_price_dollars"":""0.5300"",""taker_side"":""no"",""ticker"":""KXBTC15M-26APR280315-15"",""trade_id"":""b6b007ce-54f7-6c0f-599d-06f50db6f1fe"",""yes_price_dollars"":""0.4700""}"
KXBTC15M-26APR280315-15,34e098a3-264d-6715-6870-a15089814aaa,1777359614,0.47,9.87,no,"{""count_fp"":""9.87"",""created_time"":""2026-04-28T07:00:14.732216Z"",""no_price_dollars"":""0.5300"",""taker_side"":""no"",""ticker"":""KXBTC15M-26APR280315-15"",""trade_id"":""34e098a3-264d-6715-6870-a15089814aaa"",""yes_price_dollars"":""0.4700""}"
KXBTC15M-26APR280315-15,b734818a-93b9-43a9-0bc5-90461da5ddc2,1777359615,0.47,9.13,no,"{""count_fp"":""9.13"",""created_time"":""2026-04-28T07:00:15.295881Z"",""no_price_dollars"":""0.5300"",""taker_side"":""no"",""ticker"":""KXBTC15M-26APR280315-15"",""trade_id"":""b734818a-93b9-43a9-0bc5-90461da5ddc2"",""yes_price_dollars"":""0.4700""}"
KXBTC15M-26APR280315-15,efae3dd0-d701-602a-3b29-9efa5ce9c845,1777359616,0.47,10.0,no,"{""count_fp"":""10.00"",""created_time"":""2026-04-28T07:00:16.672301Z"",""no_price_dollars"":""0.5300"",""taker_side"":""no"",""ticker"":""KXBTC15M-26APR280315-15"",""trade_id"":""efae3dd0-d701-602a-3b29-9efa5ce9c845"",""yes_price_dollars"":""0.4700""}"
KXBTC15M-26APR280315-15,d6558d1b-e964-64ff-1b20-74955d9f082f,1777359616,0.47,1.0,no,"{""count_fp"":""1.00"",""created_time"":""2026-04-28T07:00:16.672301Z"",""no_price_dollars"":""0.5300"",""taker_side"":""no"",""ticker"":""KXBTC15M-26APR280315-15"",""trade_id"":""d6558d1b-e964-64ff-1b20-74955d9f082f"",""yes_price_dollars"":""0.4700""}"
KXBTC15M-26APR280315-15,beec6a2a-6695-652a-3ada-5c189d7f5774,1777359616,0.46,10.0,no,"{""count_fp"":""10.00"",""created_time"":""2026-04-28T07:00:16.672301Z"",""no_price_dollars"":""0.5400"",""taker_side"":""no"",""ticker"":""KXBTC15M-26APR280315-15"",""trade_id"":""beec6a2a-6695-652a-3ada-5c189d7f5774"",""yes_price_dollars"":""0.4600""}"
KXBTC15M-26APR280315-15,a00be0a8-ee3e-60b1-08f6-5c99d710be07,1777359616,0.45,56.0,no,"{""count_fp"":""56.00"",""created_time"":""2026-04-28T07:00:16.672301Z"",""no_price_dollars"":""0.5500"",""taker_side"":""no"",""ticker"":""KXBTC15M-26APR280315-15"",""trade_id"":""a00be0a8-ee3e-60b1-08f6-5c99d710be07"",""yes_price_dollars"":""0.4500""}"
KXBTC15M-26APR280315-15,63cc52bc-bcd8-6a9e-1516-36554e3bb692,1777359616,0.45,40.0,no,"{""count_fp"":""40.00"",""created_time"":""2026-04-28T07:00:16.672301Z"",""no_price_dollars"":""0.5500"",""taker_side"":""no"",""ticker"":""KXBTC15M-26APR280315-15"",""trade_id"":""63cc52bc-bcd8-6a9e-1516-36554e3bb692"",""yes_price_dollars"":""0.4500""}"
KXBTC15M-26APR280315-15,50aabd11-2d8c-63f7-1510-50d3bf5f3626,1777359616,0.46,19.12,no,"{""count_fp"":""19.12"",""created_time"":""2026-04-28T07:00:16.672301Z"",""no_price_dollars"":""0.5400"",""taker_side"":""no"",""ticker"":""KXBTC15M-26APR280315-15"",""trade_id"":""50aabd11-2d8c-63f7-1510-50d3bf5f3626"",""yes_price_dollars"":""0.4600""}"
KXBTC15M-26APR280315-15,0d59a9e4-bcb5-6254-0e2e-cdab19be25dc,1777359616,0.44,16.54,no,"{""count_fp"":""16.54"",""created_time"":""2026-04-28T07:00:16.672301Z"",""no_price_dollars"":""0.5600"",""taker_side"":""no"",""ticker"":""KXBTC15M-26APR280315-15"",""trade_id"":""0d59a9e4-bcb5-6254-0e2e-cdab19be25dc"",""yes_price_dollars"":""0.4400""}"
KXBTC15M-26APR280315-15,0d159df9-db03-6300-3766-2809c85a5a82,1777359616,0.45,3.0,no,"{""count_fp"":""3.00"",""created_time"":""2026-04-28T07:00:16.672301Z"",""no_price_dollars"":""0.5500"",""taker_side"":""no"",""ticker"":""KXBTC15M-26APR280315-15"",""trade_id"":""0d159df9-db03-6300-3766-2809c85a5a82"",""yes_price_dollars"":""0.4500""}"
KXBTC15M-26APR280315-15,03a3022a-5b6d-6da9-3ac8-e640a76880ea,1777359616,0.47,19.36,no,"{""count_fp"":""19.36"",""created_time"":""2026-04-28T07:00:16.672301Z"",""no_price_dollars"":""0.5300"",""taker_side"":""no"",""ticker"":""KXBTC15M-26APR280315-15"",""trade_id"":""03a3022a-5b6d-6da9-3ac8-e640a76880ea"",""yes_price_dollars"":""0.4700""}"
KXBTC15M-26APR280315-15,b38f1b30-75c1-7125-977c-56e764ce7e1a,1777359616,0.47,18.26,no,"{""count_fp"":""18.26"",""created_time"":""2026-04-28T07:00:16.544068Z"",""no_price_dollars"":""0.5300"",""taker_side"":""no"",""ticker"":""KXBTC15M-26APR280315-15"",""trade_id"":""b38f1b30-75c1-7125-977c-56e764ce7e1a"",""yes_price_dollars"":""0.4700""}"
KXBTC15M-26APR280315-15,a3b1bf7f-e745-6101-f7f7-fc9b2af91f06,1777359616,0.47,2.0,no,"{""count_fp"":""2.00"",""created_time"":""2026-04-28T07:00:16.528245Z"",""no_price_dollars"":""0.5300"",""taker_side"":""no"",""ticker"":""KXBTC15M-26APR280315-15"",""trade_id"":""a3b1bf7f-e745-6101-f7f7-fc9b2af91f06"",""yes_price_dollars"":""0.4700""}"
KXBTC15M-26APR280315-15,5b602ac2-aa68-5b62-d1f2-f5288a6b1595,1777359617,0.46,1.13,no,"{""count_fp"":""1.13"",""created_time"":""2026-04-28T07:00:17.638143Z"",""no_price_dollars"":""0.5400"",""taker_side"":""no"",""ticker"":""KXBTC15M-26APR280315-15"",""trade_id"":""5b602ac2-aa68-5b62-d1f2-f5288a6b1595"",""yes_price_dollars"":""0.4600""}"
KXBTC15M-26APR280315-15,5a6c5ae3-6ba4-5d82-0542-617c48320f61,1777359617,0.46,1.0,no,"{""count_fp"":""1.00"",""created_time"":""2026-04-28T07:00:17.329778Z"",""no_price_dollars"":""0.5400"",""taker_side"":""no"",""ticker"":""KXBTC15M-26APR280315-15"",""trade_id"":""5a6c5ae3-6ba4-5d82-0542-617c48320f61"",""yes_price_dollars"":""0.4600""}"
KXBTC15M-26APR280315-15,ee12a687-8c29-4bd5-cef5-df2f2ba496d9,1777359617,0.47,1.0,yes,"{""count_fp"":""1.00"",""created_time"":""2026-04-28T07:00:17.216681Z"",""no_price_dollars"":""0.5300"",""taker_side"":""yes"",""ticker"":""KXBTC15M-26APR280315-15"",""trade_id"":""ee12a687-8c29-4bd5-cef5-df2f2ba496d9"",""yes_price_dollars"":""0.4700""}"
KXBTC15M-26APR280315-15,cdeaa1f4-ec21-4568-e439-3cbe554d478e,1777359618,0.46,2.0,yes,"{""count_fp"":""2.00"",""created_time"":""2026-04-28T07:00:18.912263Z"",""no_price_dollars"":""0.5400"",""taker_side"":""yes"",""ticker"":""KXBTC15M-26APR280315-15"",""trade_id"":""cdeaa1f4-ec21-4568-e439-3cbe554d478e"",""yes_price_dollars"":""0.4600""}"
KXBTC15M-26APR280315-15,46819a2e-5d09-552f-347a-dce11e05bbc9,1777359618,0.46,40.0,no,"{""count_fp"":""40.00"",""created_time"":""2026-04-28T07:00:18.690965Z"",""no_price_dollars"":""0.5400"",""taker_side"":""no"",""ticker"":""KXBTC15M-26APR280315-15"",""trade_id"":""46819a2e-5d09-552f-347a-dce11e05bbc9"",""yes_price_dollars"":""0.4600""}"
KXBTC15M-26APR280315-15,e653621e-23bb-4c95-c872-59b9caa86109,1777359618,0.45,72.4,no,"{""count_fp"":""72.40"",""created_time"":""2026-04-28T07:00:18.230849Z"",""no_price_dollars"":""0.5500"",""taker_side"":""no"",""ticker"":""KXBTC15M-26APR280315-15"",""trade_id"":""e653621e-23bb-4c95-c872-59b9caa86109"",""yes_price_dollars"":""0.4500""}"
KXBTC15M-26APR280315-15,e51aefaf-852d-4147-ef53-1704b3bbebf4,1777359618,0.45,40.0,no,"{""count_fp"":""40.00"",""created_time"":""2026-04-28T07:00:18.230849Z"",""no_price_dollars"":""0.5500"",""taker_side"":""no"",""ticker"":""KXBTC15M-26APR280315-15"",""trade_id"":""e51aefaf-852d-4147-ef53-1704b3bbebf4"",""yes_price_dollars"":""0.4500""}"
KXBTC15M-26APR280315-15,d3739bbb-ec62-44fb-ee94-348f56773ec2,1777359618,0.46,10.0,no,"{""count_fp"":""10.00"",""created_time"":""2026-04-28T07:00:18.230849Z"",""no_price_dollars"":""0.5400"",""taker_side"":""no"",""ticker"":""KXBTC15M-26APR280315-15"",""trade_id"":""d3739bbb-ec62-44fb-ee94-348f56773ec2"",""yes_price_dollars"":""0.4600""}"
KXBTC15M-26APR280315-15,cb04ddf4-9bd3-4a9a-fe63-9227d1f9a331,1777359618,0.45,3.0,no,"{""count_fp"":""3.00"",""created_time"":""2026-04-28T07:00:18.230849Z"",""no_price_dollars"":""0.5500"",""taker_side"":""no"",""ticker"":""KXBTC15M-26APR280315-15"",""trade_id"":""cb04ddf4-9bd3-4a9a-fe63-9227d1f9a331"",""yes_price_dollars"":""0.4500""}"
KXBTC15M-26APR280315-15,a629b00b-9a2c-4182-e726-3b89a9dd2675,1777359618,0.46,37.87,no,"{""count_fp"":""37.87"",""created_time"":""2026-04-28T07:00:18.230849Z"",""no_price_dollars"":""0.5400"",""taker_side"":""no"",""ticker"":""KXBTC15M-26APR280315-15"",""trade_id"":""a629b00b-9a2c-4182-e726-3b89a9dd2675"",""yes_price_dollars"":""0.4600""}"
KXBTC15M-26APR280315-15,9e5787cb-8355-4ddb-dd7f-28d749839f73,1777359618,0.46,12.0,no,"{""count_fp"":""12.00"",""created_time"":""2026-04-28T07:00:18.230849Z"",""no_price_dollars"":""0.5400"",""taker_side"":""no"",""ticker"":""KXBTC15M-26APR280315-15"",""trade_id"":""9e5787cb-8355-4ddb-dd7f-28d749839f73"",""yes_price_dollars"":""0.4600""}"
KXBTC15M-26APR280315-15,7d8db65d-2245-67b1-96bb-23f6663bb9b1,1777359618,0.47,12.06,yes,"{""count_fp"":""12.06"",""created_time"":""2026-04-28T07:00:18.074973Z"",""no_price_dollars"":""0.5300"",""taker_side"":""yes"",""ticker"":""KXBTC15M-26APR280315-15"",""trade_id"":""7d8db65d-2245-67b1-96bb-23f6663bb9b1"",""yes_price_dollars"":""0.4700""}"
KXBTC15M-26APR280315-15,cdc214c0-ef91-7b3c-a604-7fe8bfa8881e,1777359619,0.46,12.3,yes,"{""count_fp"":""12.30"",""created_time"":""2026-04-28T07:00:19.824876Z"",""no_price_dollars"":""0.5400"",""taker_side"":""yes"",""ticker"":""KXBTC15M-26APR280315-15"",""trade_id"":""cdc214c0-ef91-7b3c-a604-7fe8bfa8881e"",""yes_price_dollars"":""0.4600""}"
KXBTC15M-26APR280315-15,a4c43e03-7b59-5108-e182-23eedd89aa8e,1777359619,0.46,5.0,yes,"{""count_fp"":""5.00"",""created_time"":""2026-04-28T07:00:19.660054Z"",""no_price_dollars"":""0.5400"",""taker_side"":""yes"",""ticker"":""KXBTC15M-26APR280315-15"",""trade_id"":""a4c43e03-7b59-5108-e182-23eedd89aa8e"",""yes_price_dollars"":""0.4600""}"
KXBTC15M-26APR280315-15,535dfd7d-7f55-6190-3891-42947c9d9aae,1777359619,0.46,64.31,yes,"{""count_fp"":""64.31"",""created_time"":""2026-04-28T07:00:19.591251Z"",""no_price_dollars"":""0.5400"",""taker_side"":""yes"",""ticker"":""KXBTC15M-26APR280315-15"",""trade_id"":""535dfd7d-7f55-6190-3891-42947c9d9aae"",""yes_price_dollars"":""0.4600""}"
KXBTC15M-26APR280315-15,8f944487-0dc1-5888-dd7d-33d14aca87b1,1777359620,0.45,96.15,yes,"{""count_fp"":""96.15"",""created_time"":""2026-04-28T07:00:20.595714Z"",""no_price_dollars"":""0.5500"",""taker_side"":""yes"",""ticker"":""KXBTC15M-26APR280315-15"",""trade_id"":""8f944487-0dc1-5888-dd7d-33d14aca87b1"",""yes_price_dollars"":""0.4500""}"
KXBTC15M-26APR280315-15,89671040-92b2-5f34-de94-18114c0a0379,1777359620,0.45,40.0,yes,"{""count_fp"":""40.00"",""created_time"":""2026-04-28T07:00:20.595714Z"",""no_price_dollars"":""0.5500"",""taker_side"":""yes"",""ticker"":""KXBTC15M-26APR280315-15"",""trade_id"":""89671040-92b2-5f34-de94-18114c0a0379"",""yes_price_dollars"":""0.4500""}"
KXBTC15M-26APR280315-15,70ebeff3-dc72-7bb0-8db7-f344e2b51ee4,1777359620,0.45,6.0,no,"{""count_fp"":""6.00"",""created_time"":""2026-04-28T07:00:20.277276Z"",""no_price_dollars"":""0.5500"",""taker_side"":""no"",""ticker"":""KXBTC15M-26APR280315-15"",""trade_id"":""70ebeff3-dc72-7bb0-8db7-f344e2b51ee4"",""yes_price_dollars"":""0.4500""}"
KXBTC15M-26APR280315-15,38a5387e-f65a-73ae-8972-beea821809e9,1777359620,0.45,2.0,no,"{""count_fp"":""2.00"",""created_time"":""2026-04-28T07:00:20.277276Z"",""no_price_dollars"":""0.5500"",""taker_side"":""no"",""ticker"":""KXBTC15M-26APR280315-15"",""trade_id"":""38a5387e-f65a-73ae-8972-beea821809e9"",""yes_price_dollars"":""0.4500""}"
KXBTC15M-26APR280315-15,e9e7586c-1a7a-7ae0-17ad-17b1872e2090,1777359620,0.45,24.0,no,"{""count_fp"":""24.00"",""created_time"":""2026-04-28T07:00:20.246046Z"",""no_price_dollars"":""0.5500"",""taker_side"":""no"",""ticker"":""KXBTC15M-26APR280315-15"",""trade_id"":""e9e7586c-1a7a-7ae0-17ad-17b1872e2090"",""yes_price_dollars"":""0.4500""}"
KXBTC15M-26APR280315-15,bbe2b6c5-7ea6-4931-b8b0-88600171787d,1777359621,0.44,0.5,no,"{""count_fp"":""0.50"",""created_time"":""2026-04-28T07:00:21.103599Z"",""no_price_dollars"":""0.5600"",""taker_side"":""no"",""ticker"":""KXBTC15M-26APR280315-15"",""trade_id"":""bbe2b6c5-7ea6-4931-b8b0-88600171787d"",""yes_price_dollars"":""0.4400""}"
KXBTC15M-26APR280315-15,b3086c88-93e9-4150-86e0-52f82f48eb22,1777359622,0.46,50.79,yes,"{""count_fp"":""50.79"",""created_time"":""2026-04-28T07:00:22.705715Z"",""no_price_dollars"":""0.5400"",""taker_side"":""yes"",""ticker"":""KXBTC15M-26APR280315-15"",""trade_id"":""b3086c88-93e9-4150-86e0-52f82f48eb22"",""yes_price_dollars"":""0.4600""}"
KXBTC15M-26APR280315-15,49747076-a75a-4d2e-8715-66d8a35bed3d,1777359622,0.45,40.0,yes,"{""count_fp"":""40.00"",""created_time"":""2026-04-28T07:00:22.705715Z"",""no_price_dollars"":""0.5500"",""taker_side"":""yes"",""ticker"":""KXBTC15M-26APR280315-15"",""trade_id"":""49747076-a75a-4d2e-8715-66d8a35bed3d"",""yes_price_dollars"":""0.4500""}"
KXBTC15M-26APR280315-15,da13f7c1-b402-4bfc-6425-7d264363f9e0,1777359622,0.44,9.52,no,"{""count_fp"":""9.52"",""created_time"":""2026-04-28T07:00:22.448904Z"",""no_price_dollars"":""0.5600"",""taker_side"":""no"",""ticker"":""KXBTC15M-26APR280315-15"",""trade_id"":""da13f7c1-b402-4bfc-6425-7d264363f9e0"",""yes_price_dollars"":""0.4400""}"
KXBTC15M-26APR280315-15,bd1724a4-b544-47a8-6852-2a9a2909e336,1777359622,0.44,10.48,no,"{""count_fp"":""10.48"",""created_time"":""2026-04-28T07:00:22.448904Z"",""no_price_dollars"":""0.5600"",""taker_side"":""no"",""ticker"":""KXBTC15M-26APR280315-15"",""trade_id"":""bd1724a4-b544-47a8-6852-2a9a2909e336"",""yes_price_dollars"":""0.4400""}"
KXBTC15M-26APR280315-15,acdf04a2-cc12-47f5-73ed-7c9c04d173ff,1777359622,0.44,30.52,no,"{""count_fp"":""30.52"",""created_time"":""2026-04-28T07:00:22.448904Z"",""no_price_dollars"":""0.5600"",""taker_side"":""no"",""ticker"":""KXBTC15M-26APR280315-15"",""trade_id"":""acdf04a2-cc12-47f5-73ed-7c9c04d173ff"",""yes_price_dollars"":""0.4400""}"
KXBTC15M-26APR280315-15,a9dfbc67-7452-46f0-72a9-d06371b1dc1f,1777359622,0.44,39.0,no,"{""count_fp"":""39.00"",""created_time"":""2026-04-28T07:00:22.448904Z"",""no_price_dollars"":""0.5600"",""taker_side"":""no"",""ticker"":""KXBTC15M-26APR280315-15"",""trade_id"":""a9dfbc67-7452-46f0-72a9-d06371b1dc1f"",""yes_price_dollars"":""0.4400""}"
KXBTC15M-26APR280315-15,88424e86-8295-4332-7a57-b45f1fed7c10,1777359622,0.43,32.48,no,"{""count_fp"":""32.48"",""created_time"":""2026-04-28T07:00:22.448904Z"",""no_price_dollars"":""0.5700"",""taker_side"":""no"",""ticker"":""KXBTC15M-26APR280315-15"",""trade_id"":""88424e86-8295-4332-7a57-b45f1fed7c10"",""yes_price_dollars"":""0.4300""}"
KXBTC15M-26APR280315-15,4b8e1201-7021-42ec-5ae5-6b96624f8888,1777359622,0.44,3.0,no,"{""count_fp"":""3.00"",""created_time"":""2026-04-28T07:00:22.448904Z"",""no_price_dollars"":""0.5600"",""taker_side"":""no"",""ticker"":""KXBTC15M-26APR280315-15"",""trade_id"":""4b8e1201-7021-42ec-5ae5-6b96624f8888"",""yes_price_dollars"":""0.4400""}"
KXBTC15M-26APR280315-15,07c0cd63-f37b-4d80-58ce-f13c04a61934,1777359622,0.43,65.0,no,"{""count_fp"":""65.00"",""created_time"":""2026-04-28T07:00:22.448904Z"",""no_price_dollars"":""0.5700"",""taker_side"":""no"",""ticker"":""KXBTC15M-26APR280315-15"",""trade_id"":""07c0cd63-f37b-4d80-58ce-f13c04a61934"",""yes_price_dollars"":""0.4300""}"
KXBTC15M-26APR280315-15,eeffcc8e-51b1-4766-7940-620fdc0e5ec6,1777359622,0.45,40.0,yes,"{""count_fp"":""40.00"",""created_time"":""2026-04-28T07:00:22.382078Z"",""no_price_dollars"":""0.5500"",""taker_side"":""yes"",""ticker"":""KXBTC15M-26APR280315-15"",""trade_id"":""eeffcc8e-51b1-4766-7940-620fdc0e5ec6"",""yes_price_dollars"":""0.4500""}"
KXBTC15M-26APR280315-15,a90a19f5-78a9-4697-5967-d16a57a44ea9,1777359622,0.45,33.0,yes,"{""count_fp"":""33.00"",""created_time"":""2026-04-28T07:00:22.382078Z"",""no_price_dollars"":""0.5500"",""taker_side"":""yes"",""ticker"":""KXBTC15M-26APR280315-15"",""trade_id"":""a90a19f5-78a9-4697-5967-d16a57a44ea9"",""yes_price_dollars"":""0.4500""}"
KXBTC15M-26APR280315-15,646f181e-08e7-4f69-7031-c08e813eadda,1777359622,0.45,20.0,yes,"{""count_fp"":""20.00"",""created_time"":""2026-04-28T07:00:22.382078Z"",""no_price_dollars"":""0.5500"",""taker_side"":""yes"",""ticker"":""KXBTC15M-26APR280315-15"",""trade_id"":""646f181e-08e7-4f69-7031-c08e813eadda"",""yes_price_dollars"":""0.4500""}"
KXBTC15M-26APR280315-15,047b1d8f-fe81-60d7-fc32-25dd0028e10d,1777359622,0.45,6.0,yes,"{""count_fp"":""6.00"",""created_time"":""2026-04-28T07:00:22.166526Z"",""no_price_dollars"":""0.5500"",""taker_side"":""yes"",""ticker"":""KXBTC15M-26APR280315-15"",""trade_id"":""047b1d8f-fe81-60d7-fc32-25dd0028e10d"",""yes_price_dollars"":""0.4500""}"
KXBTC15M-26APR280315-15,a6088f73-9852-6249-e482-fdeab034c9e1,1777359622,0.44,4.5,no,"{""count_fp"":""4.50"",""created_time"":""2026-04-28T07:00:22.080355Z"",""no_price_dollars"":""0.5600"",""taker_side"":""no"",""ticker"":""KXBTC15M-26APR280315-15"",""trade_id"":""a6088f73-9852-6249-e482-fdeab034c9e1"",""yes_price_dollars"":""0.4400""}"
KXBTC15M-26APR280315-15,8c0bb7c9-9be9-6854-e569-5647cc031f6f,1777359622,0.44,11.0,no,"{""count_fp"":""11.00"",""created_time"":""2026-04-28T07:00:22.080355Z"",""no_price_dollars"":""0.5600"",""taker_side"":""no"",""ticker"":""KXBTC15M-26APR280315-15"",""trade_id"":""8c0bb7c9-9be9-6854-e569-5647cc031f6f"",""yes_price_dollars"":""0.4400""}"
KXBTC15M-26APR280315-15,548cfca9-91cc-61c8-ec9b-38185ab069aa,1777359622,0.44,10.48,no,"{""count_fp"":""10.48"",""created_time"":""2026-04-28T07:00:22.080355Z"",""no_price_dollars"":""0.5600"",""taker_side"":""no"",""ticker"":""KXBTC15M-26APR280315-15"",""trade_id"":""548cfca9-91cc-61c8-ec9b-38185ab069aa"",""yes_price_dollars"":""0.4400""}"
KXBTC15M-26APR280315-15,84528b4c-f09a-55b6-9c63-0ffec959654e,1777359623,0.45,13.85,no,"{""count_fp"":""13.85"",""created_time"":""2026-04-28T07:00:23.406671Z"",""no_price_dollars"":""0.5500"",""taker_side"":""no"",""ticker"":""KXBTC15M-26APR280315-15"",""trade_id"":""84528b4c-f09a-55b6-9c63-0ffec959654e"",""yes_price_dollars"":""0.4500""}"
KXBTC15M-26APR280315-15,a68f3890-f193-4c23-4520-d17bdfde77c5,1777359623,0.44,34.72,no,"{""count_fp"":""34.72"",""created_time"":""2026-04-28T07:00:23.041783Z"",""no_price_dollars"":""0.5600"",""taker_side"":""no"",""ticker"":""KXBTC15M-26APR280315-15"",""trade_id"":""a68f3890-f193-4c23-4520-d17bdfde77c5"",""yes_price_dollars"":""0.4400""}"
KXBTC15M-26APR280315-15,956f389c-2f6d-43d1-70fa-6b6a8767bbb1,1777359623,0.44,3.0,no,"{""count_fp"":""3.00"",""created_time"":""2026-04-28T07:00:23.041783Z"",""no_price_dollars"":""0.5600"",""taker_side"":""no"",""ticker"":""KXBTC15M-26APR280315-15"",""trade_id"":""956f389c-2f6d-43d1-70fa-6b6a8767bbb1"",""yes_price_dollars"":""0.4400""}"
KXBTC15M-26APR280315-15,f5531238-f8dd-7934-95cc-93662c335102,1777359624,0.46,10.47,yes,"{""count_fp"":""10.47"",""created_time"":""2026-04-28T07:00:24.037019Z"",""no_price_dollars"":""0.5400"",""taker_side"":""yes"",""ticker"":""KXBTC15M-26APR280315-15"",""trade_id"":""f5531238-f8dd-7934-95cc-93662c335102"",""yes_price_dollars"":""0.4600""}"
KXBTC15M-26APR280315-15,af28d4e7-176a-5bce-548e-c1d1be9cc57e,1777359625,0.45,25.0,no,"{""count_fp"":""25.00"",""created_time"":""2026-04-28T07:00:25.419421Z"",""no_price_dollars"":""0.5500"",""taker_side"":""no"",""ticker"":""KXBTC15M-26APR280315-15"",""trade_id"":""af28d4e7-176a-5bce-548e-c1d1be9cc57e"",""yes_price_dollars"":""0.4500""}"
KXBTC15M-26APR280315-15,d9e08c78-0d15-4fd0-f182-0de3191fd516,1777359625,0.46,43.78,yes,"{""count_fp"":""43.78"",""created_time"":""2026-04-28T07:00:25.355426Z"",""no_price_dollars"":""0.5400"",""taker_side"":""yes"",""ticker"":""KXBTC15M-26APR280315-15"",""trade_id"":""d9e08c78-0d15-4fd0-f182-0de3191fd516"",""yes_price_dollars"":""0.4600""}"
KXBTC15M-26APR280315-15,421f3450-3b1c-413e-91a6-974cc10512fa,1777359626,0.45,12.33,no,"{""count_fp"":""12.33"",""created_time"":""2026-04-28T07:00:26.734928Z"",""no_price_dollars"":""0.5500"",""taker_side"":""no"",""ticker"":""KXBTC15M-26APR280315-15"",""trade_id"":""421f3450-3b1c-413e-91a6-974cc10512fa"",""yes_price_dollars"":""0.4500""}"
KXBTC15M-26APR280315-15,4bff4edc-75a0-7006-2acb-a6ef0c5e7ada,1777359626,0.45,3.46,no,"{""count_fp"":""3.46"",""created_time"":""2026-04-28T07:00:26.541824Z"",""no_price_dollars"":""0.5500"",""taker_side"":""no"",""ticker"":""KXBTC15M-26APR280315-15"",""trade_id"":""4bff4edc-75a0-7006-2acb-a6ef0c5e7ada"",""yes_price_dollars"":""0.4500""}"
KXBTC15M-26APR280315-15,ea2ff1d8-2318-62b2-15cd-90d3d1ad5f9e,1777359626,0.44,40.0,no,"{""count_fp"":""40.00"",""created_time"":""2026-04-28T07:00:26.346955Z"",""no_price_dollars"":""0.5600"",""taker_side"":""no"",""ticker"":""KXBTC15M-26APR280315-15"",""trade_id"":""ea2ff1d8-2318-62b2-15cd-90d3d1ad5f9e"",""yes_price_dollars"":""0.4400""}"
KXBTC15M-26APR280315-15,c6285811-49d2-608e-3930-586d3c4b8ab5,1777359626,0.44,3.0,no,"{""count_fp"":""3.00"",""created_time"":""2026-04-28T07:00:26.346955Z"",""no_price_dollars"":""0.5600"",""taker_side"":""no"",""ticker"":""KXBTC15M-26APR280315-15"",""trade_id"":""c6285811-49d2-608e-3930-586d3c4b8ab5"",""yes_price_dollars"":""0.4400""}"
KXBTC15M-26APR280315-15,c035abca-c574-67fc-3fb7-7823fea536fa,1777359626,0.44,3.0,no,"{""count_fp"":""3.00"",""created_time"":""2026-04-28T07:00:26.346955Z"",""no_price_dollars"":""0.5600"",""taker_side"":""no"",""ticker"":""KXBTC15M-26APR280315-15"",""trade_id"":""c035abca-c574-67fc-3fb7-7823fea536fa"",""yes_price_dollars"":""0.4400""}"
KXBTC15M-26APR280315-15,a21e8b75-985d-6b06-3422-736d582e0a6f,1777359626,0.45,3.0,no,"{""count_fp"":""3.00"",""created_time"":""2026-04-28T07:00:26.346955Z"",""no_price_dollars"":""0.5500"",""taker_side"":""no"",""ticker"":""KXBTC15M-26APR280315-15"",""trade_id"":""a21e8b75-985d-6b06-3422-736d582e0a6f"",""yes_price_dollars"":""0.4500""}"
KXBTC15M-26APR280315-15,9d9328eb-3069-6bb2-3bee-32b6552cf092,1777359626,0.44,93.91,no,"{""count_fp"":""93.91"",""created_time"":""2026-04-28T07:00:26.346955Z"",""no_price_dollars"":""0.5600"",""taker_side"":""no"",""ticker"":""KXBTC15M-26APR280315-15"",""trade_id"":""9d9328eb-3069-6bb2-3bee-32b6552cf092"",""yes_price_dollars"":""0.4400""}"
KXBTC15M-26APR280315-15,5de18ce4-244a-646a-0d58-9904e521f042,1777359626,0.45,117.86,no,"{""count_fp"":""117.86"",""created_time"":""2026-04-28T07:00:26.346955Z"",""no_price_dollars"":""0.5500"",""taker_side"":""no"",""ticker"":""KXBTC15M-26APR280315-15"",""trade_id"":""5de18ce4-244a-646a-0d58-9904e521f042"",""yes_price_dollars"":""0.4500""}"
KXBTC15M-26APR280315-15,34d048ad-a998-62ca-04fc-8905ee45a49c,1777359626,0.45,40.0,no,"{""count_fp"":""40.00"",""created_time"":""2026-04-28T07:00:26.346955Z"",""no_price_dollars"":""0.5500"",""taker_side"":""no"",""ticker"":""KXBTC15M-26APR280315-15"",""trade_id"":""34d048ad-a998-62ca-04fc-8905ee45a49c"",""yes_price_dollars"":""0.4500""}"
KXBTC15M-26APR280315-15,311eabe5-9cbe-6b59-2160-83c97bd2de3f,1777359626,0.45,30.0,no,"{""count_fp"":""30.00"",""created_time"":""2026-04-28T07:00:26.346955Z"",""no_price_dollars"":""0.5500"",""taker_side"":""no"",""ticker"":""KXBTC15M-26APR280315-15"",""trade_id"":""311eabe5-9cbe-6b59-2160-83c97bd2de3f"",""yes_price_dollars"":""0.4500""}"
KXBTC15M-26APR280315-15,65b258a4-f292-48ea-f6ca-a05fc58b4042,1777359626,0.45,3.29,no,"{""count_fp"":""3.29"",""created_time"":""2026-04-28T07:00:26.253776Z"",""no_price_dollars"":""0.5500"",""taker_side"":""no"",""ticker"":""KXBTC15M-26APR280315-15"",""trade_id"":""65b258a4-f292-48ea-f6ca-a05fc58b4042"",""yes_price_dollars"":""0.4500""}"
KXBTC15M-26APR280315-15,85ca432a-58e3-69e9-8c33-f41d475e7ab9,1777359627,0.45,17.0,no,"{""count_fp"":""17.00"",""created_time"":""2026-04-28T07:00:27.970869Z"",""no_price_dollars"":""0.5500"",""taker_side"":""no"",""ticker"":""KXBTC15M-26APR280315-15"",""trade_id"":""85ca432a-58e3-69e9-8c33-f41d475e7ab9"",""yes_price_dollars"":""0.4500""}"
KXBTC15M-26APR280315-15,b9a181af-946f-5f61-0b66-dc06f4277189,1777359627,0.45,10.0,no,"{""count_fp"":""10.00"",""created_time"":""2026-04-28T07:00:27.710925Z"",""no_price_dollars"":""0.5500"",""taker_side"":""no"",""ticker"":""KXBTC15M-26APR280315-15"",""trade_id"":""b9a181af-946f-5f61-0b66-dc06f4277189"",""yes_price_dollars"":""0.4500""}"
KXBTC15M-26APR280315-15,2a1c4668-fb99-653c-e8c0-b0e5f768d9ee,1777359627,0.46,23.52,yes,"{""count_fp"":""23.52"",""created_time"":""2026-04-28T07:00:27.699707Z"",""no_price_dollars"":""0.5400"",""taker_side"":""yes"",""ticker"":""KXBTC15M-26APR280315-15"",""trade_id"":""2a1c4668-fb99-653c-e8c0-b0e5f768d9ee"",""yes_price_dollars"":""0.4600""}"
KXBTC15M-26APR280315-15,6615c0bb-a1b5-5cdc-0005-402e1d0202a2,1777359627,0.46,23.29,yes,"{""count_fp"":""23.29"",""created_time"":""2026-04-28T07:00:27.509926Z"",""no_price_dollars"":""0.5400"",""taker_side"":""yes"",""ticker"":""KXBTC15M-26APR280315-15"",""trade_id"":""6615c0bb-a1b5-5cdc-0005-402e1d0202a2"",""yes_price_dollars"":""0.4600""}"
KXBTC15M-26APR280315-15,e9027a0c-8ca1-5b4c-8e68-ce7261d30432,1777359627,0.46,63.53,yes,"{""count_fp"":""63.53"",""created_time"":""2026-04-28T07:00:27.487178Z"",""no_price_dollars"":""0.5400"",""taker_side"":""yes"",""ticker"":""KXBTC15M-26APR280315-15"",""trade_id"":""e9027a0c-8ca1-5b4c-8e68-ce7261d30432"",""yes_price_dollars"":""0.4600""}"
KXBTC15M-26APR280315-15,c1dcba41-3b7d-7cc0-0291-3543dc16e5de,1777359627,0.46,8.0,yes,"{""count_fp"":""8.00"",""created_time"":""2026-04-28T07:00:27.476254Z"",""no_price_dollars"":""0.5400"",""taker_side"":""yes"",""ticker"":""KXBTC15M-26APR280315-15"",""trade_id"":""c1dcba41-3b7d-7cc0-0291-3543dc16e5de"",""yes_price_dollars"":""0.4600""}"
KXBTC15M-26APR280315-15,cfb5d737-e391-5568-017c-b64e4780559e,1777359627,0.46,22.93,yes,"{""count_fp"":""22.93"",""created_time"":""2026-04-28T07:00:27.470831Z"",""no_price_dollars"":""0.5400"",""taker_side"":""yes"",""ticker"":""KXBTC15M-26APR280315-15"",""trade_id"":""cfb5d737-e391-5568-017c-b64e4780559e"",""yes_price_dollars"":""0.4600""}"
KXBTC15M-26APR280315-15,50dc6c56-1b35-48c0-260e-781c43b07ab6,1777359627,0.46,5.0,yes,"{""count_fp"":""5.00"",""created_time"":""2026-04-28T07:00:27.335868Z"",""no_price_dollars"":""0.5400"",""taker_side"":""yes"",""ticker"":""KXBTC15M-26APR280315-15"",""trade_id"":""50dc6c56-1b35-48c0-260e-781c43b07ab6"",""yes_price_dollars"":""0.4600""}"
KXBTC15M-26APR280315-15,1d8a7b87-4d7d-739c-108f-86c16611e41a,1777359627,0.46,70.0,yes,"{""count_fp"":""70.00"",""created_time"":""2026-04-28T07:00:27.317813Z"",""no_price_dollars"":""0.5400"",""taker_side"":""yes"",""ticker"":""KXBTC15M-26APR280315-15"",""trade_id"":""1d8a7b87-4d7d-739c-108f-86c16611e41a"",""yes_price_dollars"":""0.4600""}"
KXBTC15M-26APR280315-15,96cd3767-4958-492a-5048-4619aa9a06ea,1777359627,0.45,24.21,no,"{""count_fp"":""24.21"",""created_time"":""2026-04-28T07:00:27.310313Z"",""no_price_dollars"":""0.5500"",""taker_side"":""no"",""ticker"":""KXBTC15M-26APR280315-15"",""trade_id"":""96cd3767-4958-492a-5048-4619aa9a06ea"",""yes_price_dollars"":""0.4500""}"
KXBTC15M-26APR280315-15,3190f247-15d2-4d0b-7ea5-425be39bd95c,1777359627,0.45,23.38,no,"{""count_fp"":""23.38"",""created_time"":""2026-04-28T07:00:27.310313Z"",""no_price_dollars"":""0.5500"",""taker_side"":""no"",""ticker"":""KXBTC15M-26APR280315-15"",""trade_id"":""3190f247-15d2-4d0b-7ea5-425be39bd95c"",""yes_price_dollars"":""0.4500""}"
KXBTC15M-26APR280315-15,faf42873-0429-7a78-a7b1-62e545fe398e,1777359627,0.46,43.98,yes,"{""count_fp"":""43.98"",""created_time"":""2026-04-28T07:00:27.272691Z"",""no_price_dollars"":""0.5400"",""taker_side"":""yes"",""ticker"":""KXBTC15M-26APR280315-15"",""trade_id"":""faf42873-0429-7a78-a7b1-62e545fe398e"",""yes_price_dollars"":""0.4600""}"
KXBTC15M-26APR280315-15,b63ac248-f64b-4f15-8b32-4b6e6b8ce0b5,1777359628,0.45,8.0,no,"{""count_fp"":""8.00"",""created_time"":""2026-04-28T07:00:28.633345Z"",""no_price_dollars"":""0.5500"",""taker_side"":""no"",""ticker"":""KXBTC15M-26APR280315-15"",""trade_id"":""b63ac248-f64b-4f15-8b32-4b6e6b8ce0b5"",""yes_price_dollars"":""0.4500""}"
KXBTC15M-26APR280315-15,8f305b37-fd07-464d-4236-37336a1c7d71,1777359628,0.45,15.86,no,"{""count_fp"":""15.86"",""created_time"":""2026-04-28T07:00:28.587243Z"",""no_price_dollars"":""0.5500"",""taker_side"":""no"",""ticker"":""KXBTC15M-26APR280315-15"",""trade_id"":""8f305b37-fd07-464d-4236-37336a1c7d71"",""yes_price_dollars"":""0.4500""}"
KXBTC15M-26APR280315-15,c15b2ceb-6925-5754-9656-c0447735e26a,1777359628,0.46,12.0,yes,"{""count_fp"":""12.00"",""created_time"":""2026-04-28T07:00:28.384816Z"",""no_price_dollars"":""0.5400"",""taker_side"":""yes"",""ticker"":""KXBTC15M-26APR280315-15"",""trade_id"":""c15b2ceb-6925-5754-9656-c0447735e26a"",""yes_price_dollars"":""0.4600""}"
KXBTC15M-26APR280315-15,840c62ec-4287-6155-547c-b313b1ad087d,1777359628,0.45,12.0,no,"{""count_fp"":""12.00"",""created_time"":""2026-04-28T07:00:28.007923Z"",""no_price_dollars"":""0.5500"",""taker_side"":""no"",""ticker"":""KXBTC15M-26APR280315-15"",""trade_id"":""840c62ec-4287-6155-547c-b313b1ad087d"",""yes_price_dollars"":""0.4500""}"
KXBTC15M-26APR280315-15,2e884d1b-b50b-4c89-dfed-f995d9866cbd,1777359628,0.45,12.33,no,"{""count_fp"":""12.33"",""created_time"":""2026-04-28T07:00:28.002057Z"",""no_price_dollars"":""0.5500"",""taker_side"":""no"",""ticker"":""KXBTC15M-26APR280315-15"",""trade_id"":""2e884d1b-b50b-4c89-dfed-f995d9866cbd"",""yes_price_dollars"":""0.4500""}"
KXBTC15M-26APR280315-15,e0eddd7e-829a-4260-101d-2619fad50327,1777359629,0.46,8.81,no,"{""count_fp"":""8.81"",""created_time"":""2026-04-28T07:00:29.465053Z"",""no_price_dollars"":""0.5400"",""taker_side"":""no"",""ticker"":""KXBTC15M-26APR280315-15"",""trade_id"":""e0eddd7e-829a-4260-101d-2619fad50327"",""yes_price_dollars"":""0.4600""}"
KXBTC15M-26APR280315-15,1bace034-8d91-6227-9a23-57822c7ca831,1777359629,0.47,1.0,yes,"{""count_fp"":""1.00"",""created_time"":""2026-04-28T07:00:29.444352Z"",""no_price_dollars"":""0.5300"",""taker_side"":""yes"",""ticker"":""KXBTC15M-26APR280315-15"",""trade_id"":""1bace034-8d91-6227-9a23-57822c7ca831"",""yes_price_dollars"":""0.4700""}"
KXBTC15M-26APR280315-15,7ed19bf0-e90d-5de9-b041-67a18e1f673f,1777359629,0.46,40.0,yes,"{""count_fp"":""40.00"",""created_time"":""2026-04-28T07:00:29.138756Z"",""no_price_dollars"":""0.5400"",""taker_side"":""yes"",""ticker"":""KXBTC15M-26APR280315-15"",""trade_id"":""7ed19bf0-e90d-5de9-b041-67a18e1f673f"",""yes_price_dollars"":""0.4600""}"
KXBTC15M-26APR280315-15,56d72bd5-a2ae-5150-8dea-a4e1f683a25d,1777359629,0.46,6.0,yes,"{""count_fp"":""6.00"",""created_time"":""2026-04-28T07:00:29.138756Z"",""no_price_dollars"":""0.5400"",""taker_side"":""yes"",""ticker"":""KXBTC15M-26APR280315-15"",""trade_id"":""56d72bd5-a2ae-5150-8dea-a4e1f683a25d"",""yes_price_dollars"":""0.4600""}"
KXBTC15M-26APR280315-15,139e31b5-b219-5bc0-a187-1396f2664066,1777359629,0.46,460.18,yes,"{""count_fp"":""460.18"",""created_time"":""2026-04-28T07:00:29.138756Z"",""no_price_dollars"":""0.5400"",""taker_side"":""yes"",""ticker"":""KXBTC15M-26APR280315-15"",""trade_id"":""139e31b5-b219-5bc0-a187-1396f2664066"",""yes_price_dollars"":""0.4600""}"
KXBTC15M-26APR280315-15,d6451b92-026a-4bb8-57da-74565f2f38d3,1777359630,0.46,1.0,no,"{""count_fp"":""1.00"",""created_time"":""2026-04-28T07:00:30.939316Z"",""no_price_dollars"":""0.5400"",""taker_side"":""no"",""ticker"":""KXBTC15M-26APR280315-15"",""trade_id"":""d6451b92-026a-4bb8-57da-74565f2f38d3"",""yes_price_dollars"":""0.4600""}"
KXBTC15M-26APR280315-15,da9bdda2-521e-6da0-74c5-a14f92cd7aab,1777359631,0.46,1.79,no,"{""count_fp"":""1.79"",""created_time"":""2026-04-28T07:00:31.339192Z"",""no_price_dollars"":""0.5400"",""taker_side"":""no"",""ticker"":""KXBTC15M-26APR280315-15"",""trade_id"":""da9bdda2-521e-6da0-74c5-a14f92cd7aab"",""yes_price_dollars"":""0.4600""}"
KXBTC15M-26APR280315-15,261b3a70-f061-479f-adf1-140b37960a45,1777359631,0.47,20.52,yes,"{""count_fp"":""20.52"",""created_time"":""2026-04-28T07:00:31.013016Z"",""no_price_dollars"":""0.5300"",""taker_side"":""yes"",""ticker"":""KXBTC15M-26APR280315-15"",""trade_id"":""261b3a70-f061-479f-adf1-140b37960a45"",""yes_price_dollars"":""0.4700""}"
KXBTC15M-26APR280315-15,bd82a8a9-d0cd-6276-f1d5-3ebb8add53c6,1777359632,0.46,3.52,no,"{""count_fp"":""3.52"",""created_time"":""2026-04-28T07:00:32.956006Z"",""no_price_dollars"":""0.5400"",""taker_side"":""no"",""ticker"":""KXBTC15M-26APR280315-15"",""trade_id"":""bd82a8a9-d0cd-6276-f1d5-3ebb8add53c6"",""yes_price_dollars"":""0.4600""}"
KXBTC15M-26APR280315-15,e6ff6dd7-88d8-53ca-bb8a-dcee5efffbeb,1777359632,0.46,20.0,no,"{""count_fp"":""20.00"",""created_time"":""2026-04-28T07:00:32.814621Z"",""no_price_dollars"":""0.5400"",""taker_side"":""no"",""ticker"":""KXBTC15M-26APR280315-15"",""trade_id"":""e6ff6dd7-88d8-53ca-bb8a-dcee5efffbeb"",""yes_price_dollars"":""0.4600""}"
KXBTC15M-26APR280315-15,aa5a6ac7-d78d-5e26-a579-b6413081d6f6,1777359632,0.46,97.82,no,"{""count_fp"":""97.82"",""created_time"":""2026-04-28T07:00:32.814621Z"",""no_price_dollars"":""0.5400"",""taker_side"":""no"",""ticker"":""KXBTC15M-26APR280315-15"",""trade_id"":""aa5a6ac7-d78d-5e26-a579-b6413081d6f6"",""yes_price_dollars"":""0.4600""}"
KXBTC15M-26APR280315-15,9f4c1d9e-0fac-5e56-a000-48bb66f90468,1777359632,0.46,10.0,no,"{""count_fp"":""10.00"",""created_time"":""2026-04-28T07:00:32.814621Z"",""no_price_dollars"":""0.5400"",""taker_side"":""no"",""ticker"":""KXBTC15M-26APR280315-15"",""trade_id"":""9f4c1d9e-0fac-5e56-a000-48bb66f90468"",""yes_price_dollars"":""0.4600""}"
KXBTC15M-26APR280315-15,3ec397df-2950-5219-8e6c-9ab56c3c76d3,1777359632,0.46,17.44,no,"{""count_fp"":""17.44"",""created_time"":""2026-04-28T07:00:32.814621Z"",""no_price_dollars"":""0.5400"",""taker_side"":""no"",""ticker"":""KXBTC15M-26APR280315-15"",""trade_id"":""3ec397df-2950-5219-8e6c-9ab56c3c76d3"",""yes_price_dollars"":""0.4600""}"
KXBTC15M-26APR280315-15,1ca4944a-a1ab-59e5-ad56-a74e5b205b36,1777359632,0.46,31.0,no,"{""count_fp"":""31.00"",""created_time"":""2026-04-28T07:00:32.814621Z"",""no_price_dollars"":""0.5400"",""taker_side"":""no"",""ticker"":""KXBTC15M-26APR280315-15"",""trade_id"":""1ca4944a-a1ab-59e5-ad56-a74e5b205b36"",""yes_price_dollars"":""0.4600""}"
KXBTC15M-26APR280315-15,f5de6007-c5e9-5959-fdd8-2447b8c57b0e,1777359632,0.47,10.0,yes,"{""count_fp"":""10.00"",""created_time"":""2026-04-28T07:00:32.799594Z"",""no_price_dollars"":""0.5300"",""taker_side"":""yes"",""ticker"":""KXBTC15M-26APR280315-15"",""trade_id"":""f5de6007-c5e9-5959-fdd8-2447b8c57b0e"",""yes_price_dollars"":""0.4700""}"
KXBTC15M-26APR280315-15,a40df425-0960-5af3-d83b-f730e8230b6a,1777359632,0.47,3.0,yes,"{""count_fp"":""3.00"",""created_time"":""2026-04-28T07:00:32.799594Z"",""no_price_dollars"":""0.5300"",""taker_side"":""yes"",""ticker"":""KXBTC15M-26APR280315-15"",""trade_id"":""a40df425-0960-5af3-d83b-f730e8230b6a"",""yes_price_dollars"":""0.4700""}"
KXBTC15M-26APR280315-15,9c6c6d7c-8ae5-5331-c944-9acb4772d737,1777359632,0.47,2.0,yes,"{""count_fp"":""2.00"",""created_time"":""2026-04-28T07:00:32.799594Z"",""no_price_dollars"":""0.5300"",""taker_side"":""yes"",""ticker"":""KXBTC15M-26APR280315-15"",""trade_id"":""9c6c6d7c-8ae5-5331-c944-9acb4772d737"",""yes_price_dollars"":""0.4700""}"
KXBTC15M-26APR280315-15,81f6da18-e51c-55e3-e450-f4d27f15d048,1777359632,0.48,1.83,yes,"{""count_fp"":""1.83"",""created_time"":""2026-04-28T07:00:32.799594Z"",""no_price_dollars"":""0.5200"",""taker_side"":""yes"",""ticker"":""KXBTC15M-26APR280315-15"",""trade_id"":""81f6da18-e51c-55e3-e450-f4d27f15d048"",""yes_price_dollars"":""0.4800""}"
KXBTC15M-26APR280315-15,58049fbe-8abc-55a6-dc26-78d065d856b4,1777359632,0.47,4.31,yes,"{""count_fp"":""4.31"",""created_time"":""2026-04-28T07:00:32.799594Z"",""no_price_dollars"":""0.5300"",""taker_side"":""yes"",""ticker"":""KXBTC15M-26APR280315-15"",""trade_id"":""58049fbe-8abc-55a6-dc26-78d065d856b4"",""yes_price_dollars"":""0.4700""}"
KXBTC15M-26APR280315-15,0f3ee373-98f6-5c77-cc7a-16e149791371,1777359632,0.47,8.0,yes,"{""count_fp"":""8.00"",""created_time"":""2026-04-28T07:00:32.799594Z"",""no_price_dollars"":""0.5300"",""taker_side"":""yes"",""ticker"":""KXBTC15M-26APR280315-15"",""trade_id"":""0f3ee373-98f6-5c77-cc7a-16e149791371"",""yes_price_dollars"":""0.4700""}"
KXBTC15M-26APR280315-15,c31234a9-7371-777f-b2cd-e55406aab371,1777359632,0.47,1.23,yes,"{""count_fp"":""1.23"",""created_time"":""2026-04-28T07:00:32.349108Z"",""no_price_dollars"":""0.5300"",""taker_side"":""yes"",""ticker"":""KXBTC15M-26APR280315-15"",""trade_id"":""c31234a9-7371-777f-b2cd-e55406aab371"",""yes_price_dollars"":""0.4700""}"
KXBTC15M-26APR280315-15,58568338-0478-76ae-9d5d-94ad7d7e86ac,1777359632,0.47,35.69,yes,"{""count_fp"":""35.69"",""created_time"":""2026-04-28T07:00:32.349108Z"",""no_price_dollars"":""0.5300"",""taker_side"":""yes"",""ticker"":""KXBTC15M-26APR280315-15"",""trade_id"":""58568338-0478-76ae-9d5d-94ad7d7e86ac"",""yes_price_dollars"":""0.4700""}"
KXBTC15M-26APR280315-15,b7eb4f6f-6776-58cc-ae86-ace72b29eb07,1777359632,0.46,1.79,no,"{""count_fp"":""1.79"",""created_time"":""2026-04-28T07:00:32.243529Z"",""no_price_dollars"":""0.5400"",""taker_side"":""no"",""ticker"":""KXBTC15M-26APR280315-15"",""trade_id"":""b7eb4f6f-6776-58cc-ae86-ace72b29eb07"",""yes_price_dollars"":""0.4600""}"
KXBTC15M-26APR280315-15,b2c017ce-3af9-7e53-ec82-ee08dbb7cacd,1777359632,0.47,10.25,yes,"{""count_fp"":""10.25"",""created_time"":""2026-04-28T07:00:32.025762Z"",""no_price_dollars"":""0.5300"",""taker_side"":""yes"",""ticker"":""KXBTC15M-26APR280315-15"",""trade_id"":""b2c017ce-3af9-7e53-ec82-ee08dbb7cacd"",""yes_price_dollars"":""0.4700""}"
KXBTC15M-26APR280315-15,57f1a62f-1432-4a38-79ad-48b0345174c3,1777359632,0.46,59.2,no,"{""count_fp"":""59.20"",""created_time"":""2026-04-28T07:00:32.016869Z"",""no_price_dollars"":""0.5400"",""taker_side"":""no"",""ticker"":""KXBTC15M-26APR280315-15"",""trade_id"":""57f1a62f-1432-4a38-79ad-48b0345174c3"",""yes_price_dollars"":""0.4600""}"
KXBTC15M-26APR280315-15,8c0dd516-9bff-4eff-5d41-a44ca70f98fa,1777359633,0.47,10.25,yes,"{""count_fp"":""10.25"",""created_time"":""2026-04-28T07:00:33.790614Z"",""no_price_dollars"":""0.5300"",""taker_side"":""yes"",""ticker"":""KXBTC15M-26APR280315-15"",""trade_id"":""8c0dd516-9bff-4eff-5d41-a44ca70f98fa"",""yes_price_dollars"":""0.4700""}"
KXBTC15M-26APR280315-15,3a63b200-8a4b-7a6b-1891-160621b0a0e6,1777359634,0.47,2.05,yes,"{""count_fp"":""2.05"",""created_time"":""2026-04-28T07:00:34.601516Z"",""no_price_dollars"":""0.5300"",""taker_side"":""yes"",""ticker"":""KXBTC15M-26APR280315-15"",""trade_id"":""3a63b200-8a4b-7a6b-1891-160621b0a0e6"",""yes_price_dollars"":""0.4700""}"
KXBTC15M-26APR280315-15,76a59737-8987-5acb-062e-770b55e55efe,1777359634,0.47,25.0,yes,"{""count_fp"":""25.00"",""created_time"":""2026-04-28T07:00:34.246286Z"",""no_price_dollars"":""0.5300"",""taker_side"":""yes"",""ticker"":""KXBTC15M-26APR280315-15"",""trade_id"":""76a59737-8987-5acb-062e-770b55e55efe"",""yes_price_dollars"":""0.4700""}"
KXBTC15M-26APR280315-15,cbeffc2d-0a02-78e2-b3cf-21aff0397bd8,1777359635,0.47,1.0,no,"{""count_fp"":""1.00"",""created_time"":""2026-04-28T07:00:35.458084Z"",""no_price_dollars"":""0.5300"",""taker_side"":""no"",""ticker"":""KXBTC15M-26APR280315-15"",""trade_id"":""cbeffc2d-0a02-78e2-b3cf-21aff0397bd8"",""yes_price_dollars"":""0.4700""}"
KXBTC15M-26APR280315-15,e062aea9-1712-6b16-5751-a487ca4998a7,1777359635,0.49,1.41,yes,"{""count_fp"":""1.41"",""created_time"":""2026-04-28T07:00:35.350157Z"",""no_price_dollars"":""0.5100"",""taker_side"":""yes"",""ticker"":""KXBTC15M-26APR280315-15"",""trade_id"":""e062aea9-1712-6b16-5751-a487ca4998a7"",""yes_price_dollars"":""0.4900""}"
KXBTC15M-26APR280315-15,8e8bd0f8-1519-67c8-5ee2-ba10b568e99a,1777359635,0.48,98.62,yes,"{""count_fp"":""98.62"",""created_time"":""2026-04-28T07:00:35.350157Z"",""no_price_dollars"":""0.5200"",""taker_side"":""yes"",""ticker"":""KXBTC15M-26APR280315-15"",""trade_id"":""8e8bd0f8-1519-67c8-5ee2-ba10b568e99a"",""yes_price_dollars"":""0.4800""}"
KXBTC15M-26APR280315-15,f95c3b96-6dbf-4287-3646-f7417947041e,1777359635,0.48,3.0,yes,"{""count_fp"":""3.00"",""created_time"":""2026-04-28T07:00:35.324495Z"",""no_price_dollars"":""0.5200"",""taker_side"":""yes"",""ticker"":""KXBTC15M-26APR280315-15"",""trade_id"":""f95c3b96-6dbf-4287-3646-f7417947041e"",""yes_price_dollars"":""0.4800""}"
KXBTC15M-26APR280315-15,e4a7be92-887d-45d8-1676-fffa91796382,1777359635,0.48,1.38,yes,"{""count_fp"":""1.38"",""created_time"":""2026-04-28T07:00:35.324495Z"",""no_price_dollars"":""0.5200"",""taker_side"":""yes"",""ticker"":""KXBTC15M-26APR280315-15"",""trade_id"":""e4a7be92-887d-45d8-1676-fffa91796382"",""yes_price_dollars"":""0.4800""}"
KXBTC15M-26APR280315-15,afb823f1-747f-4082-1ab8-8853ff80b411,1777359635,0.48,13.0,yes,"{""count_fp"":""13.00"",""created_time"":""2026-04-28T07:00:35.324495Z"",""no_price_dollars"":""0.5200"",""taker_side"":""yes"",""ticker"":""KXBTC15M-26APR280315-15"",""trade_id"":""afb823f1-747f-4082-1ab8-8853ff80b411"",""yes_price_dollars"":""0.4800""}"
KXBTC15M-26APR280315-15,862da035-b89c-43ab-120d-d11da88da998,1777359635,0.48,0.62,yes,"{""count_fp"":""0.62"",""created_time"":""2026-04-28T07:00:35.324495Z"",""no_price_dollars"":""0.5200"",""taker_side"":""yes"",""ticker"":""KXBTC15M-26APR280315-15"",""trade_id"":""862da035-b89c-43ab-120d-d11da88da998"",""yes_price_dollars"":""0.4800""}"
KXBTC15M-26APR280315-15,ec465a1c-f5e8-4351-eea7-c661921a3107,1777359636,0.47,10.0,no,"{""count_fp"":""10.00"",""created_time"":""2026-04-28T07:00:36.075474Z"",""no_price_dollars"":""0.5300"",""taker_side"":""no"",""ticker"":""KXBTC15M-26APR280315-15"",""trade_id"":""ec465a1c-f5e8-4351-eea7-c661921a3107"",""yes_price_dollars"":""0.4700""}"
KXBTC15M-26APR280315-15,cb344e01-cf30-4c91-e2b1-6c4a8bc3bdd8,1777359636,0.48,40.0,no,"{""count_fp"":""40.00"",""created_time"":""2026-04-28T07:00:36.075474Z"",""no_price_dollars"":""0.5200"",""taker_side"":""no"",""ticker"":""KXBTC15M-26APR280315-15"",""trade_id"":""cb344e01-cf30-4c91-e2b1-6c4a8bc3bdd8"",""yes_price_dollars"":""0.4800""}"
KXBTC15M-26APR280315-15,ba9cf0b9-d3d6-415e-c3ca-6c2cfcdb518c,1777359636,0.47,39.0,no,"{""count_fp"":""39.00"",""created_time"":""2026-04-28T07:00:36.075474Z"",""no_price_dollars"":""0.5300"",""taker_side"":""no"",""ticker"":""KXBTC15M-26APR280315-15"",""trade_id"":""ba9cf0b9-d3d6-415e-c3ca-6c2cfcdb518c"",""yes_price_dollars"":""0.4700""}"
KXBTC15M-26APR280315-15,71365fb3-b909-44e0-cdcd-73e7f5720871,1777359636,0.47,0.7,no,"{""count_fp"":""0.70"",""created_time"":""2026-04-28T07:00:36.075474Z"",""no_price_dollars"":""0.5300"",""taker_side"":""no"",""ticker"":""KXBTC15M-26APR280315-15"",""trade_id"":""71365fb3-b909-44e0-cdcd-73e7f5720871"",""yes_price_dollars"":""0.4700""}"
KXBTC15M-26APR280315-15,fc4c90ec-f50a-47ca-5386-9f7b2d165fd9,1777359636,0.49,3.0,yes,"{""count_fp"":""3.00"",""created_time"":""2026-04-28T07:00:36.046072Z"",""no_price_dollars"":""0.5100"",""taker_side"":""yes"",""ticker"":""KXBTC15M-26APR280315-15"",""trade_id"":""fc4c90ec-f50a-47ca-5386-9f7b2d165fd9"",""yes_price_dollars"":""0.4900""}"
KXBTC15M-26APR280315-15,f33337d6-4748-4a9b-7c6d-c408b026fb7e,1777359636,0.48,38.0,yes,"{""count_fp"":""38.00"",""created_time"":""2026-04-28T07:00:36.046072Z"",""no_price_dollars"":""0.5200"",""taker_side"":""yes"",""ticker"":""KXBTC15M-26APR280315-15"",""trade_id"":""f33337d6-4748-4a9b-7c6d-c408b026fb7e"",""yes_price_dollars"":""0.4800""}"
KXBTC15M-26APR280315-15,db2a4317-6102-4aea-7f50-78d0502c30d7,1777359636,0.49,38.59,yes,"{""count_fp"":""38.59"",""created_time"":""2026-04-28T07:00:36.046072Z"",""no_price_dollars"":""0.5100"",""taker_side"":""yes"",""ticker"":""KXBTC15M-26APR280315-15"",""trade_id"":""db2a4317-6102-4aea-7f50-78d0502c30d7"",""yes_price_dollars"":""0.4900""}"
KXBTC15M-26APR280315-15,a9e1ef8a-1435-4c54-6e29-89f5fe0ba681,1777359636,0.49,40.0,yes,"{""count_fp"":""40.00"",""created_time"":""2026-04-28T07:00:36.046072Z"",""no_price_dollars"":""0.5100"",""taker_side"":""yes"",""ticker"":""KXBTC15M-26APR280315-15"",""trade_id"":""a9e1ef8a-1435-4c54-6e29-89f5fe0ba681"",""yes_price_dollars"":""0.4900""}"
KXBTC15M-26APR280315-15,6e719b13-3b79-4568-7f1e-d94c44f52d05,1777359636,0.48,100.0,yes,"{""count_fp"":""100.00"",""created_time"":""2026-04-28T07:00:36.046072Z"",""no_price_dollars"":""0.5200"",""taker_side"":""yes"",""ticker"":""KXBTC15M-26APR280315-15"",""trade_id"":""6e719b13-3b79-4568-7f1e-d94c44f52d05"",""yes_price_dollars"":""0.4800""}"
KXBTC15M-26APR280315-15,286aabd6-c7de-59a1-38df-538ca6b6fff3,1777359637,0.49,12.35,yes,"{""count_fp"":""12.35"",""created_time"":""2026-04-28T07:00:37.905213Z"",""no_price_dollars"":""0.5100"",""taker_side"":""yes"",""ticker"":""KXBTC15M-26APR280315-15"",""trade_id"":""286aabd6-c7de-59a1-38df-538ca6b6fff3"",""yes_price_dollars"":""0.4900""}"
KXBTC15M-26APR280315-15,18f67f76-db77-539a-0b8f-da4739b3b217,1777359637,0.49,35.95,yes,"{""count_fp"":""35.95"",""created_time"":""2026-04-28T07:00:37.905213Z"",""no_price_dollars"":""0.5100"",""taker_side"":""yes"",""ticker"":""KXBTC15M-26APR280315-15"",""trade_id"":""18f67f76-db77-539a-0b8f-da4739b3b217"",""yes_price_dollars"":""0.4900""}"
KXBTC15M-26APR280315-15,ea6a2b1c-5954-6048-c824-55579c5d4512,1777359637,0.49,7.89,yes,"{""count_fp"":""7.89"",""created_time"":""2026-04-28T07:00:37.391036Z"",""no_price_dollars"":""0.5100"",""taker_side"":""yes"",""ticker"":""KXBTC15M-26APR280315-15"",""trade_id"":""ea6a2b1c-5954-6048-c824-55579c5d4512"",""yes_price_dollars"":""0.4900""}"
KXBTC15M-26APR280315-15,a88959cb-2205-6590-dd20-12a8f174397d,1777359637,0.49,3.0,yes,"{""count_fp"":""3.00"",""created_time"":""2026-04-28T07:00:37.391036Z"",""no_price_dollars"":""0.5100"",""taker_side"":""yes"",""ticker"":""KXBTC15M-26APR280315-15"",""trade_id"":""a88959cb-2205-6590-dd20-12a8f174397d"",""yes_price_dollars"":""0.4900""}"
KXBTC15M-26APR280315-15,13e0ae7a-ce25-6a97-cbdb-4df9f341fe1d,1777359637,0.49,32.44,yes,"{""count_fp"":""32.44"",""created_time"":""2026-04-28T07:00:37.391036Z"",""no_price_dollars"":""0.5100"",""taker_side"":""yes"",""ticker"":""KXBTC15M-26APR280315-15"",""trade_id"":""13e0ae7a-ce25-6a97-cbdb-4df9f341fe1d"",""yes_price_dollars"":""0.4900""}"
KXBTC15M-26APR280315-15,5d1034a7-bba5-5b0b-fa64-1540efe3ce81,1777359637,0.49,7.56,yes,"{""count_fp"":""7.56"",""created_time"":""2026-04-28T07:00:37.152866Z"",""no_price_dollars"":""0.5100"",""taker_side"":""yes"",""ticker"":""KXBTC15M-26APR280315-15"",""trade_id"":""5d1034a7-bba5-5b0b-fa64-1540efe3ce81"",""yes_price_dollars"":""0.4900""}"
KXBTC15M-26APR280315-15,b0fc6ae1-ebb5-66b0-8953-eb2c2ddea575,1777359638,0.48,9.3,no,"{""count_fp"":""9.30"",""created_time"":""2026-04-28T07:00:38.585755Z"",""no_price_dollars"":""0.5200"",""taker_side"":""no"",""ticker"":""KXBTC15M-26APR280315-15"",""trade_id"":""b0fc6ae1-ebb5-66b0-8953-eb2c2ddea575"",""yes_price_dollars"":""0.4800""}"
KXBTC15M-26APR280315-15,f9e832a7-76d7-798e-1dc3-587ea59821e7,1777359639,0.5,441.73,yes,"{""count_fp"":""441.73"",""created_time"":""2026-04-28T07:00:39.973013Z"",""no_price_dollars"":""0.5000"",""taker_side"":""yes"",""ticker"":""KXBTC15M-26APR280315-15"",""trade_id"":""f9e832a7-76d7-798e-1dc3-587ea59821e7"",""yes_price_dollars"":""0.5000""}"
KXBTC15M-26APR280315-15,f51becb3-d9ae-7e15-2693-24bc4c5a3329,1777359639,0.5,2.0,yes,"{""count_fp"":""2.00"",""created_time"":""2026-04-28T07:00:39.973013Z"",""no_price_dollars"":""0.5000"",""taker_side"":""yes"",""ticker"":""KXBTC15M-26APR280315-15"",""trade_id"":""f51becb3-d9ae-7e15-2693-24bc4c5a3329"",""yes_price_dollars"":""0.5000""}"
KXBTC15M-26APR280315-15,f2a313a4-2723-7f0d-1ea8-120cb283cac1,1777359639,0.5,2.0,yes,"{""count_fp"":""2.00"",""created_time"":""2026-04-28T07:00:39.973013Z"",""no_price_dollars"":""0.5000"",""taker_side"":""yes"",""ticker"":""KXBTC15M-26APR280315-15"",""trade_id"":""f2a313a4-2723-7f0d-1ea8-120cb283cac1"",""yes_price_dollars"":""0.5000""}"
KXBTC15M-26APR280315-15,f0a3e1b9-cf13-7285-0ef1-20ae71714ea8,1777359639,0.49,3.0,yes,"{""count_fp"":""3.00"",""created_time"":""2026-04-28T07:00:39.973013Z"",""no_price_dollars"":""0.5100"",""taker_side"":""yes"",""ticker"":""KXBTC15M-26APR280315-15"",""trade_id"":""f0a3e1b9-cf13-7285-0ef1-20ae71714ea8"",""yes_price_dollars"":""0.4900""}"
KXBTC15M-26APR280315-15,df739166-124f-77f0-291e-f9834cd95a4d,1777359639,0.49,8.0,yes,"{""count_fp"":""8.00"",""created_time"":""2026-04-28T07:00:39.973013Z"",""no_price_dollars"":""0.5100"",""taker_side"":""yes"",""ticker"":""KXBTC15M-26APR280315-15"",""trade_id"":""df739166-124f-77f0-291e-f9834cd95a4d"",""yes_price_dollars"":""0.4900""}"
KXBTC15M-26APR280315-15,cc3cfbd0-cde3-7906-3a95-da395a57e3d7,1777359639,0.49,4.05,yes,"{""count_fp"":""4.05"",""created_time"":""2026-04-28T07:00:39.973013Z"",""no_price_dollars"":""0.5100"",""taker_side"":""yes"",""ticker"":""KXBTC15M-26APR280315-15"",""trade_id"":""cc3cfbd0-cde3-7906-3a95-da395a57e3d7"",""yes_price_dollars"":""0.4900""}"
KXBTC15M-26APR280315-15,99a9f042-45c2-7485-23bf-e4d04a581feb,1777359639,0.49,100.0,yes,"{""count_fp"":""100.00"",""created_time"":""2026-04-28T07:00:39.973013Z"",""no_price_dollars"":""0.5100"",""taker_side"":""yes"",""ticker"":""KXBTC15M-26APR280315-15"",""trade_id"":""99a9f042-45c2-7485-23bf-e4d04a581feb"",""yes_price_dollars"":""0.4900""}"
KXBTC15M-26APR280315-15,7b3611f6-e00d-703a-3784-349c165a5dd2,1777359639,0.49,12.35,yes,"{""count_fp"":""12.35"",""created_time"":""2026-04-28T07:00:39.973013Z"",""no_price_dollars"":""0.5100"",""taker_side"":""yes"",""ticker"":""KXBTC15M-26APR280315-15"",""trade_id"":""7b3611f6-e00d-703a-3784-349c165a5dd2"",""yes_price_dollars"":""0.4900""}"
KXBTC15M-26APR280315-15,747bb121-20f3-7b56-0083-acdbfe97bc1c,1777359639,0.49,5.0,yes,"{""count_fp"":""5.00"",""created_time"":""2026-04-28T07:00:39.973013Z"",""no_price_dollars"":""0.5100"",""taker_side"":""yes"",""ticker"":""KXBTC15M-26APR280315-15"",""trade_id"":""747bb121-20f3-7b56-0083-acdbfe97bc1c"",""yes_price_dollars"":""0.4900""}"
KXBTC15M-26APR280315-15,4ca7200a-9ef4-73a3-10e5-a091fa8961d9,1777359639,0.5,40.0,yes,"{""count_fp"":""40.00"",""created_time"":""2026-04-28T07:00:39.973013Z"",""no_price_dollars"":""0.5000"",""taker_side"":""yes"",""ticker"":""KXBTC15M-26APR280315-15"",""trade_id"":""4ca7200a-9ef4-73a3-10e5-a091fa8961d9"",""yes_price_dollars"":""0.5000""}"
KXBTC15M-26APR280315-15,1258aa34-4b68-795c-0aaa-fca1b9dca902,1777359639,0.5,20.0,yes,"{""count_fp"":""20.00"",""created_time"":""2026-04-28T07:00:39.973013Z"",""no_price_dollars"":""0.5000"",""taker_side"":""yes"",""ticker"":""KXBTC15M-26APR280315-15"",""trade_id"":""1258aa34-4b68-795c-0aaa-fca1b9dca902"",""yes_price_dollars"":""0.5000""}"
KXBTC15M-26APR280315-15,6819b999-ceb3-453f-5e6c-5eb0c279838e,1777359639,0.48,5.0,no,"{""count_fp"":""5.00"",""created_time"":""2026-04-28T07:00:39.348143Z"",""no_price_dollars"":""0.5200"",""taker_side"":""no"",""ticker"":""KXBTC15M-26APR280315-15"",""trade_id"":""6819b999-ceb3-453f-5e6c-5eb0c279838e"",""yes_price_dollars"":""0.4800""}"
KXBTC15M-26APR280315-15,c4385601-453c-517d-4d97-94f79cf99726,1777359640,0.5,4.0,yes,"{""count_fp"":""4.00"",""created_time"":""2026-04-28T07:00:40.948217Z"",""no_price_dollars"":""0.5000"",""taker_side"":""yes"",""ticker"":""KXBTC15M-26APR280315-15"",""trade_id"":""c4385601-453c-517d-4d97-94f79cf99726"",""yes_price_dollars"":""0.5000""}"
KXBTC15M-26APR280315-15,b315b1fa-30a5-5bd7-6b12-50c4773f47b9,1777359640,0.5,40.0,yes,"{""count_fp"":""40.00"",""created_time"":""2026-04-28T07:00:40.948217Z"",""no_price_dollars"":""0.5000"",""taker_side"":""yes"",""ticker"":""KXBTC15M-26APR280315-15"",""trade_id"":""b315b1fa-30a5-5bd7-6b12-50c4773f47b9"",""yes_price_dollars"":""0.5000""}"
KXBTC15M-26APR280315-15,579c108a-4d30-5a62-497e-d9674df2adcd,1777359640,0.5,3.0,yes,"{""count_fp"":""3.00"",""created_time"":""2026-04-28T07:00:40.948217Z"",""no_price_dollars"":""0.5000"",""taker_side"":""yes"",""ticker"":""KXBTC15M-26APR280315-15"",""trade_id"":""579c108a-4d30-5a62-497e-d9674df2adcd"",""yes_price_dollars"":""0.5000""}"
KXBTC15M-26APR280315-15,3aab5ed9-bb6e-545a-4229-e4797c687225,1777359640,0.5,10.96,yes,"{""count_fp"":""10.96"",""created_time"":""2026-04-28T07:00:40.948217Z"",""no_price_dollars"":""0.5000"",""taker_side"":""yes"",""ticker"":""KXBTC15M-26APR280315-15"",""trade_id"":""3aab5ed9-bb6e-545a-4229-e4797c687225"",""yes_price_dollars"":""0.5000""}"
KXBTC15M-26APR280315-15,e8100e64-274a-6681-2f63-5ca3c2838064,1777359640,0.48,6.69,no,"{""count_fp"":""6.69"",""created_time"":""2026-04-28T07:00:40.940939Z"",""no_price_dollars"":""0.5200"",""taker_side"":""no"",""ticker"":""KXBTC15M-26APR280315-15"",""trade_id"":""e8100e64-274a-6681-2f63-5ca3c2838064"",""yes_price_dollars"":""0.4800""}"
KXBTC15M-26APR280315-15,aad58330-b872-42f9-8bb7-134b502a8038,1777359640,0.48,4.46,no,"{""count_fp"":""4.46"",""created_time"":""2026-04-28T07:00:40.639783Z"",""no_price_dollars"":""0.5200"",""taker_side"":""no"",""ticker"":""KXBTC15M-26APR280315-15"",""trade_id"":""aad58330-b872-42f9-8bb7-134b502a8038"",""yes_price_dollars"":""0.4800""}"
KXBTC15M-26APR280315-15,1a8b387d-a78c-63e1-e7e0-1bd2db1caad2,1777359640,0.5,1.0,yes,"{""count_fp"":""1.00"",""created_time"":""2026-04-28T07:00:40.328586Z"",""no_price_dollars"":""0.5000"",""taker_side"":""yes"",""ticker"":""KXBTC15M-26APR280315-15"",""trade_id"":""1a8b387d-a78c-63e1-e7e0-1bd2db1caad2"",""yes_price_dollars"":""0.5000""}"
KXBTC15M-26APR280315-15,d9c5745c-584f-7b4c-7cc4-6efdcc6fa0d2,1777359640,0.49,48.76,yes,"{""count_fp"":""48.76"",""created_time"":""2026-04-28T07:00:40.254008Z"",""no_price_dollars"":""0.5100"",""taker_side"":""yes"",""ticker"":""KXBTC15M-26APR280315-15"",""trade_id"":""d9c5745c-584f-7b4c-7cc4-6efdcc6fa0d2"",""yes_price_dollars"":""0.4900""}"
KXBTC15M-26APR280315-15,eee095a1-7267-48b3-5bca-28dd8fda63b6,1777359640,0.48,5.0,no,"{""count_fp"":""5.00"",""created_time"":""2026-04-28T07:00:40.236361Z"",""no_price_dollars"":""0.5200"",""taker_side"":""no"",""ticker"":""KXBTC15M-26APR280315-15"",""trade_id"":""eee095a1-7267-48b3-5bca-28dd8fda63b6"",""yes_price_dollars"":""0.4800""}"
KXBTC15M-26APR280315-15,d59455d0-27ac-4b0e-5ade-552aa67c9ce7,1777359640,0.48,20.0,no,"{""count_fp"":""20.00"",""created_time"":""2026-04-28T07:00:40.236361Z"",""no_price_dollars"":""0.5200"",""taker_side"":""no"",""ticker"":""KXBTC15M-26APR280315-15"",""trade_id"":""d59455d0-27ac-4b0e-5ade-552aa67c9ce7"",""yes_price_dollars"":""0.4800""}"
KXBTC15M-26APR280315-15,99ba17be-5e1e-4f5d-4fd5-ea25263277cc,1777359640,0.48,21.51,no,"{""count_fp"":""21.51"",""created_time"":""2026-04-28T07:00:40.236361Z"",""no_price_dollars"":""0.5200"",""taker_side"":""no"",""ticker"":""KXBTC15M-26APR280315-15"",""trade_id"":""99ba17be-5e1e-4f5d-4fd5-ea25263277cc"",""yes_price_dollars"":""0.4800""}"
KXBTC15M-26APR280315-15,ad1d55ff-8b4c-5ef9-c852-4a8de3dbe96f,1777359641,0.5,5.0,no,"{""count_fp"":""5.00"",""created_time"":""2026-04-28T07:00:41.686661Z"",""no_price_dollars"":""0.5000"",""taker_side"":""no"",""ticker"":""KXBTC15M-26APR280315-15"",""trade_id"":""ad1d55ff-8b4c-5ef9-c852-4a8de3dbe96f"",""yes_price_dollars"":""0.5000""}"
KXBTC15M-26APR280315-15,0c4bd9f7-292a-769e-2d12-5b2fcdb64f71,1777359641,0.49,24.52,yes,"{""count_fp"":""24.52"",""created_time"":""2026-04-28T07:00:41.423471Z"",""no_price_dollars"":""0.5100"",""taker_side"":""yes"",""ticker"":""KXBTC15M-26APR280315-15"",""trade_id"":""0c4bd9f7-292a-769e-2d12-5b2fcdb64f71"",""yes_price_dollars"":""0.4900""}"
KXBTC15M-26APR280315-15,4ce03de9-adce-7596-bf0f-7853a7720875,1777359641,0.49,38.69,yes,"{""count_fp"":""38.69"",""created_time"":""2026-04-28T07:00:41.409308Z"",""no_price_dollars"":""0.5100"",""taker_side"":""yes"",""ticker"":""KXBTC15M-26APR280315-15"",""trade_id"":""4ce03de9-adce-7596-bf0f-7853a7720875"",""yes_price_dollars"":""0.4900""}"
KXBTC15M-26APR280315-15,2fcb1ac7-82c2-4c46-3141-82f7f99d91f9,1777359641,0.49,21.67,yes,"{""count_fp"":""21.67"",""created_time"":""2026-04-28T07:00:41.399083Z"",""no_price_dollars"":""0.5100"",""taker_side"":""yes"",""ticker"":""KXBTC15M-26APR280315-15"",""trade_id"":""2fcb1ac7-82c2-4c46-3141-82f7f99d91f9"",""yes_price_dollars"":""0.4900""}"
KXBTC15M-26APR280315-15,ff6d5e23-e62a-53a4-7383-6eef88b2a11e,1777359641,0.48,8.75,no,"{""count_fp"":""8.75"",""created_time"":""2026-04-28T07:00:41.118653Z"",""no_price_dollars"":""0.5200"",""taker_side"":""no"",""ticker"":""KXBTC15M-26APR280315-15"",""trade_id"":""ff6d5e23-e62a-53a4-7383-6eef88b2a11e"",""yes_price_dollars"":""0.4800""}"
KXBTC15M-26APR280315-15,f1ba5319-39d5-56e5-58f7-15bce374b5dc,1777359641,0.48,31.82,no,"{""count_fp"":""31.82"",""created_time"":""2026-04-28T07:00:41.118653Z"",""no_price_dollars"":""0.5200"",""taker_side"":""no"",""ticker"":""KXBTC15M-26APR280315-15"",""trade_id"":""f1ba5319-39d5-56e5-58f7-15bce374b5dc"",""yes_price_dollars"":""0.4800""}"
KXBTC15M-26APR280315-15,2a26cf5e-92fb-761a-dd1a-5def2bcda29a,1777359643,0.5,28.43,yes,"{""count_fp"":""28.43"",""created_time"":""2026-04-28T07:00:43.621181Z"",""no_price_dollars"":""0.5000"",""taker_side"":""yes"",""ticker"":""KXBTC15M-26APR280315-15"",""trade_id"":""2a26cf5e-92fb-761a-dd1a-5def2bcda29a"",""yes_price_dollars"":""0.5000""}"
KXBTC15M-26APR280315-15,61f8f91a-067b-5aef-2522-47de9f1e2b43,1777359643,0.49,20.46,no,"{""count_fp"":""20.46"",""created_time"":""2026-04-28T07:00:43.453288Z"",""no_price_dollars"":""0.5100"",""taker_side"":""no"",""ticker"":""KXBTC15M-26APR280315-15"",""trade_id"":""61f8f91a-067b-5aef-2522-47de9f1e2b43"",""yes_price_dollars"":""0.4900""}"
KXBTC15M-26APR280315-15,2c75bc32-5c9f-6f2f-20b0-ce823975ae67,1777359644,0.49,5.58,no,"{""count_fp"":""5.58"",""created_time"":""2026-04-28T07:00:44.819908Z"",""no_price_dollars"":""0.5100"",""taker_side"":""no"",""ticker"":""KXBTC15M-26APR280315-15"",""trade_id"":""2c75bc32-5c9f-6f2f-20b0-ce823975ae67"",""yes_price_dollars"":""0.4900""}"
KXBTC15M-26APR280315-15,d6dd1a65-f3e7-50ef-b371-081f1f7aaddf,1777359644,0.49,1.86,no,"{""count_fp"":""1.86"",""created_time"":""2026-04-28T07:00:44.234914Z"",""no_price_dollars"":""0.5100"",""taker_side"":""no"",""ticker"":""KXBTC15M-26APR280315-15"",""trade_id"":""d6dd1a65-f3e7-50ef-b371-081f1f7aaddf"",""yes_price_dollars"":""0.4900""}"
KXBTC15M-26APR280315-15,41ab8dfc-a8e7-4c1e-8c97-2d0e71b1c0c2,1777359645,0.5,4.73,yes,"{""count_fp"":""4.73"",""created_time"":""2026-04-28T07:00:45.496158Z"",""no_price_dollars"":""0.5000"",""taker_side"":""yes"",""ticker"":""KXBTC15M-26APR280315-15"",""trade_id"":""41ab8dfc-a8e7-4c1e-8c97-2d0e71b1c0c2"",""yes_price_dollars"":""0.5000""}"
KXBTC15M-26APR280315-15,195525a3-f3f3-4e47-1bf1-90e1a97c5733,1777359645,0.49,1.89,no,"{""count_fp"":""1.89"",""created_time"":""2026-04-28T07:00:45.383971Z"",""no_price_dollars"":""0.5100"",""taker_side"":""no"",""ticker"":""KXBTC15M-26APR280315-15"",""trade_id"":""195525a3-f3f3-4e47-1bf1-90e1a97c5733"",""yes_price_dollars"":""0.4900""}"
KXBTC15M-26APR280315-15,abbbde1d-83a6-685f-4489-61df3ae3817a,1777359646,0.5,0.95,yes,"{""count_fp"":""0.95"",""created_time"":""2026-04-28T07:00:46.859342Z"",""no_price_dollars"":""0.5000"",""taker_side"":""yes"",""ticker"":""KXBTC15M-26APR280315-15"",""trade_id"":""abbbde1d-83a6-685f-4489-61df3ae3817a"",""yes_price_dollars"":""0.5000""}"
KXBTC15M-26APR280315-15,1e65df8f-d1bb-6a5a-4ae1-d59612740876,1777359646,0.5,1.05,yes,"{""count_fp"":""1.05"",""created_time"":""2026-04-28T07:00:46.859342Z"",""no_price_dollars"":""0.5000"",""taker_side"":""yes"",""ticker"":""KXBTC15M-26APR280315-15"",""trade_id"":""1e65df8f-d1bb-6a5a-4ae1-d59612740876"",""yes_price_dollars"":""0.5000""}"
KXBTC15M-26APR280315-15,f68ca86d-7882-609f-943a-54f2f9a03316,1777359647,0.5,3.67,yes,"{""count_fp"":""3.67"",""created_time"":""2026-04-28T07:00:47.830727Z"",""no_price_dollars"":""0.5000"",""taker_side"":""yes"",""ticker"":""KXBTC15M-26APR280315-15"",""trade_id"":""f68ca86d-7882-609f-943a-54f2f9a03316"",""yes_price_dollars"":""0.5000""}"
KXBTC15M-26APR280315-15,27fd9f63-48ce-6c79-bac4-5d94f69315b3,1777359647,0.5,0.96,yes,"{""count_fp"":""0.96"",""created_time"":""2026-04-28T07:00:47.830727Z"",""no_price_dollars"":""0.5000"",""taker_side"":""yes"",""ticker"":""KXBTC15M-26APR280315-15"",""trade_id"":""27fd9f63-48ce-6c79-bac4-5d94f69315b3"",""yes_price_dollars"":""0.5000""}"
KXBTC15M-26APR280315-15,c53daa37-7786-7c5b-50b3-a8d3df99f2aa,1777359647,0.5,5.38,yes,"{""count_fp"":""5.38"",""created_time"":""2026-04-28T07:00:47.637472Z"",""no_price_dollars"":""0.5000"",""taker_side"":""yes"",""ticker"":""KXBTC15M-26APR280315-15"",""trade_id"":""c53daa37-7786-7c5b-50b3-a8d3df99f2aa"",""yes_price_dollars"":""0.5000""}"
KXBTC15M-26APR280315-15,85529a53-8257-5b03-4476-b41b992a5323,1777359647,0.49,15.16,no,"{""count_fp"":""15.16"",""created_time"":""2026-04-28T07:00:47.462112Z"",""no_price_dollars"":""0.5100"",""taker_side"":""no"",""ticker"":""KXBTC15M-26APR280315-15"",""trade_id"":""85529a53-8257-5b03-4476-b41b992a5323"",""yes_price_dollars"":""0.4900""}"
KXBTC15M-26APR280315-15,50e6cc1a-2f07-7743-0282-714ed6ac3317,1777359647,0.49,8.0,no,"{""count_fp"":""8.00"",""created_time"":""2026-04-28T07:00:47.423074Z"",""no_price_dollars"":""0.5100"",""taker_side"":""no"",""ticker"":""KXBTC15M-26APR280315-15"",""trade_id"":""50e6cc1a-2f07-7743-0282-714ed6ac3317"",""yes_price_dollars"":""0.4900""}"
KXBTC15M-26APR280315-15,b70ca468-8cdb-4017-1c17-a17a59ff292f,1777359648,0.49,15.16,no,"{""count_fp"":""15.16"",""created_time"":""2026-04-28T07:00:48.920207Z"",""no_price_dollars"":""0.5100"",""taker_side"":""no"",""ticker"":""KXBTC15M-26APR280315-15"",""trade_id"":""b70ca468-8cdb-4017-1c17-a17a59ff292f"",""yes_price_dollars"":""0.4900""}"
KXBTC15M-26APR280315-15,f5287523-34ad-5a7d-df65-f4788e3f7799,1777359648,0.5,1.0,yes,"{""count_fp"":""1.00"",""created_time"":""2026-04-28T07:00:48.268935Z"",""no_price_dollars"":""0.5000"",""taker_side"":""yes"",""ticker"":""KXBTC15M-26APR280315-15"",""trade_id"":""f5287523-34ad-5a7d-df65-f4788e3f7799"",""yes_price_dollars"":""0.5000""}"
KXBTC15M-26APR280315-15,f6d20d5f-dfc1-763d-3a32-992eb9d37b39,1777359648,0.5,8.98,yes,"{""count_fp"":""8.98"",""created_time"":""2026-04-28T07:00:48.265445Z"",""no_price_dollars"":""0.5000"",""taker_side"":""yes"",""ticker"":""KXBTC15M-26APR280315-15"",""trade_id"":""f6d20d5f-dfc1-763d-3a32-992eb9d37b39"",""yes_price_dollars"":""0.5000""}"
KXBTC15M-26APR280315-15,92de87db-cb24-7766-1217-4f6903a28a33,1777359648,0.5,20.0,yes,"{""count_fp"":""20.00"",""created_time"":""2026-04-28T07:00:48.265445Z"",""no_price_dollars"":""0.5000"",""taker_side"":""yes"",""ticker"":""KXBTC15M-26APR280315-15"",""trade_id"":""92de87db-cb24-7766-1217-4f6903a28a33"",""yes_price_dollars"":""0.5000""}"
KXBTC15M-26APR280315-15,fc32e7b8-acff-7a27-1167-bac3d1abd56b,1777359649,0.49,1.86,no,"{""count_fp"":""1.86"",""created_time"":""2026-04-28T07:00:49.319201Z"",""no_price_dollars"":""0.5100"",""taker_side"":""no"",""ticker"":""KXBTC15M-26APR280315-15"",""trade_id"":""fc32e7b8-acff-7a27-1167-bac3d1abd56b"",""yes_price_dollars"":""0.4900""}"
KXBTC15M-26APR280315-15,5370eba4-cb9b-404b-c90d-b5dfbd851b0b,1777359649,0.49,1.0,no,"{""count_fp"":""1.00"",""created_time"":""2026-04-28T07:00:49.094667Z"",""no_price_dollars"":""0.5100"",""taker_side"":""no"",""ticker"":""KXBTC15M-26APR280315-15"",""trade_id"":""5370eba4-cb9b-404b-c90d-b5dfbd851b0b"",""yes_price_dollars"":""0.4900""}"
KXBTC15M-26APR280315-15,dc8d324c-bada-7875-9776-843b2205c77e,1777359650,0.5,14.88,yes,"{""count_fp"":""14.88"",""created_time"":""2026-04-28T07:00:50.704304Z"",""no_price_dollars"":""0.5000"",""taker_side"":""yes"",""ticker"":""KXBTC15M-26APR280315-15"",""trade_id"":""dc8d324c-bada-7875-9776-843b2205c77e"",""yes_price_dollars"":""0.5000""}"
KXBTC15M-26APR280315-15,d04f46f8-ddf5-777d-a90e-2062645c5c38,1777359650,0.5,3.0,yes,"{""count_fp"":""3.00"",""created_time"":""2026-04-28T07:00:50.704304Z"",""no_price_dollars"":""0.5000"",""taker_side"":""yes"",""ticker"":""KXBTC15M-26APR280315-15"",""trade_id"":""d04f46f8-ddf5-777d-a90e-2062645c5c38"",""yes_price_dollars"":""0.5000""}"
KXBTC15M-26APR280315-15,45f92651-35a4-6a4b-16e5-efb7aae62154,1777359651,0.5,18.95,no,"{""count_fp"":""18.95"",""created_time"":""2026-04-28T07:00:51.655879Z"",""no_price_dollars"":""0.5000"",""taker_side"":""no"",""ticker"":""KXBTC15M-26APR280315-15"",""trade_id"":""45f92651-35a4-6a4b-16e5-efb7aae62154"",""yes_price_dollars"":""0.5000""}"
KXBTC15M-26APR280315-15,591c9d33-8def-5229-a592-17c50e52eb4a,1777359651,0.5,3.0,yes,"{""count_fp"":""3.00"",""created_time"":""2026-04-28T07:00:51.176997Z"",""no_price_dollars"":""0.5000"",""taker_side"":""yes"",""ticker"":""KXBTC15M-26APR280315-15"",""trade_id"":""591c9d33-8def-5229-a592-17c50e52eb4a"",""yes_price_dollars"":""0.5000""}"
KXBTC15M-26APR280315-15,a811cdf0-8510-4f57-0318-55fad38bb8ec,1777359652,0.5,18.95,no,"{""count_fp"":""18.95"",""created_time"":""2026-04-28T07:00:52.050692Z"",""no_price_dollars"":""0.5000"",""taker_side"":""no"",""ticker"":""KXBTC15M-26APR280315-15"",""trade_id"":""a811cdf0-8510-4f57-0318-55fad38bb8ec"",""yes_price_dollars"":""0.5000""}"
KXBTC15M-26APR280315-15,6353a621-55bf-4adc-13a8-4ce23ef9b0d3,1777359653,0.51,2.0,yes,"{""count_fp"":""2.00"",""created_time"":""2026-04-28T07:00:53.703359Z"",""no_price_dollars"":""0.4900"",""taker_side"":""yes"",""ticker"":""KXBTC15M-26APR280315-15"",""trade_id"":""6353a621-55bf-4adc-13a8-4ce23ef9b0d3"",""yes_price_dollars"":""0.5100""}"
KXBTC15M-26APR280315-15,f2ce0f6c-412d-6b6c-53e4-81030201c481,1777359653,0.5,8.95,no,"{""count_fp"":""8.95"",""created_time"":""2026-04-28T07:00:53.321478Z"",""no_price_dollars"":""0.5000"",""taker_side"":""no"",""ticker"":""KXBTC15M-26APR280315-15"",""trade_id"":""f2ce0f6c-412d-6b6c-53e4-81030201c481"",""yes_price_dollars"":""0.5000""}"
KXBTC15M-26APR280315-15,a72de8a4-e7cf-625a-691a-3e063a4af799,1777359653,0.5,10.0,no,"{""count_fp"":""10.00"",""created_time"":""2026-04-28T07:00:53.321478Z"",""no_price_dollars"":""0.5000"",""taker_side"":""no"",""ticker"":""KXBTC15M-26APR280315-15"",""trade_id"":""a72de8a4-e7cf-625a-691a-3e063a4af799"",""yes_price_dollars"":""0.5000""}"
KXBTC15M-26APR280315-15,ad604ce1-a526-4b1d-7e2b-a4e18a17c92d,1777359654,0.51,1.0,yes,"{""count_fp"":""1.00"",""created_time"":""2026-04-28T07:00:54.794144Z"",""no_price_dollars"":""0.4900"",""taker_side"":""yes"",""ticker"":""KXBTC15M-26APR280315-15"",""trade_id"":""ad604ce1-a526-4b1d-7e2b-a4e18a17c92d"",""yes_price_dollars"":""0.5100""}"
KXBTC15M-26APR280315-15,181f771a-b17b-49c0-7f0b-23bf014ba6e7,1777359654,0.51,1.0,yes,"{""count_fp"":""1.00"",""created_time"":""2026-04-28T07:00:54.794144Z"",""no_price_dollars"":""0.4900"",""taker_side"":""yes"",""ticker"":""KXBTC15M-26APR280315-15"",""trade_id"":""181f771a-b17b-49c0-7f0b-23bf014ba6e7"",""yes_price_dollars"":""0.5100""}"
KXBTC15M-26APR280315-15,e4bfe415-3bab-7eac-bb23-b97e8b6f63a9,1777359654,0.5,25.0,no,"{""count_fp"":""25.00"",""created_time"":""2026-04-28T07:00:54.393796Z"",""no_price_dollars"":""0.5000"",""taker_side"":""no"",""ticker"":""KXBTC15M-26APR280315-15"",""trade_id"":""e4bfe415-3bab-7eac-bb23-b97e8b6f63a9"",""yes_price_dollars"":""0.5000""}"
KXBTC15M-26APR280315-15,c4a2e248-8c82-7813-ba09-e797b7d92cd2,1777359654,0.5,3.64,no,"{""count_fp"":""3.64"",""created_time"":""2026-04-28T07:00:54.393796Z"",""no_price_dollars"":""0.5000"",""taker_side"":""no"",""ticker"":""KXBTC15M-26APR280315-15"",""trade_id"":""c4a2e248-8c82-7813-ba09-e797b7d92cd2"",""yes_price_dollars"":""0.5000""}"
KXBTC15M-26APR280315-15,88a4effb-d55c-7503-861f-48a356a35e85,1777359654,0.5,10.0,no,"{""count_fp"":""10.00"",""created_time"":""2026-04-28T07:00:54.393796Z"",""no_price_dollars"":""0.5000"",""taker_side"":""no"",""ticker"":""KXBTC15M-26APR280315-15"",""trade_id"":""88a4effb-d55c-7503-861f-48a356a35e85"",""yes_price_dollars"":""0.5000""}"
KXBTC15M-26APR280315-15,787f07dd-ab08-4509-2336-d06d089b93b6,1777359655,0.49,20.0,no,"{""count_fp"":""20.00"",""created_time"":""2026-04-28T07:00:55.444417Z"",""no_price_dollars"":""0.5100"",""taker_side"":""no"",""ticker"":""KXBTC15M-26APR280315-15"",""trade_id"":""787f07dd-ab08-4509-2336-d06d089b93b6"",""yes_price_dollars"":""0.4900""}"
KXBTC15M-26APR280315-15,5e457b52-351e-4a2c-314d-63b4d9ba3fab,1777359655,0.49,92.47,no,"{""count_fp"":""92.47"",""created_time"":""2026-04-28T07:00:55.444417Z"",""no_price_dollars"":""0.5100"",""taker_side"":""no"",""ticker"":""KXBTC15M-26APR280315-15"",""trade_id"":""5e457b52-351e-4a2c-314d-63b4d9ba3fab"",""yes_price_dollars"":""0.4900""}"
KXBTC15M-26APR280315-15,edfc7893-fe86-4b00-b43c-d2d3a057336b,1777359655,0.5,40.0,yes,"{""count_fp"":""40.00"",""created_time"":""2026-04-28T07:00:55.268621Z"",""no_price_dollars"":""0.5000"",""taker_side"":""yes"",""ticker"":""KXBTC15M-26APR280315-15"",""trade_id"":""edfc7893-fe86-4b00-b43c-d2d3a057336b"",""yes_price_dollars"":""0.5000""}"
KXBTC15M-26APR280315-15,251251d4-8a99-43a1-9713-34c62f8d5a6e,1777359655,0.5,894.51,yes,"{""count_fp"":""894.51"",""created_time"":""2026-04-28T07:00:55.268621Z"",""no_price_dollars"":""0.5000"",""taker_side"":""yes"",""ticker"":""KXBTC15M-26APR280315-15"",""trade_id"":""251251d4-8a99-43a1-9713-34c62f8d5a6e"",""yes_price_dollars"":""0.5000""}"
KXBTC15M-26APR280315-15,bb6c04b9-efe2-7c9f-1d71-d2d0950ff566,1777359655,0.5,16.36,no,"{""count_fp"":""16.36"",""created_time"":""2026-04-28T07:00:55.189399Z"",""no_price_dollars"":""0.5000"",""taker_side"":""no"",""ticker"":""KXBTC15M-26APR280315-15"",""trade_id"":""bb6c04b9-efe2-7c9f-1d71-d2d0950ff566"",""yes_price_dollars"":""0.5000""}"
KXBTC15M-26APR280315-15,4b7dd319-4e13-78b2-212d-a56563599573,1777359655,0.5,1.0,no,"{""count_fp"":""1.00"",""created_time"":""2026-04-28T07:00:55.189399Z"",""no_price_dollars"":""0.5000"",""taker_side"":""no"",""ticker"":""KXBTC15M-26APR280315-15"",""trade_id"":""4b7dd319-4e13-78b2-212d-a56563599573"",""yes_price_dollars"":""0.5000""}"
KXBTC15M-26APR280315-15,0f29c320-19ae-7b66-2ae5-a19c4498aad4,1777359655,0.5,10.0,no,"{""count_fp"":""10.00"",""created_time"":""2026-04-28T07:00:55.189399Z"",""no_price_dollars"":""0.5000"",""taker_side"":""no"",""ticker"":""KXBTC15M-26APR280315-15"",""trade_id"":""0f29c320-19ae-7b66-2ae5-a19c4498aad4"",""yes_price_dollars"":""0.5000""}"
KXBTC15M-26APR280315-15,0cfa0c5d-a4cc-7c21-2c14-e4e73d712a98,1777359655,0.5,3.64,no,"{""count_fp"":""3.64"",""created_time"":""2026-04-28T07:00:55.189399Z"",""no_price_dollars"":""0.5000"",""taker_side"":""no"",""ticker"":""KXBTC15M-26APR280315-15"",""trade_id"":""0cfa0c5d-a4cc-7c21-2c14-e4e73d712a98"",""yes_price_dollars"":""0.5000""}"
KXBTC15M-26APR280315-15,8d95e01b-12f5-6135-02c2-f93ac14d7b6e,1777359655,0.51,187.28,yes,"{""count_fp"":""187.28"",""created_time"":""2026-04-28T07:00:55.166304Z"",""no_price_dollars"":""0.4900"",""taker_side"":""yes"",""ticker"":""KXBTC15M-26APR280315-15"",""trade_id"":""8d95e01b-12f5-6135-02c2-f93ac14d7b6e"",""yes_price_dollars"":""0.5100""}"
