ticker,trade_id,ts,yes_price,count,taker_side,raw_json
KXBTC15M-26APR280600-00,48f3ac9e-afd1-5d86-d244-57eab7cf74d5,1777369501,0.5,9.0,no,"{""count_fp"":""9.00"",""created_time"":""2026-04-28T09:45:01.920423Z"",""no_price_dollars"":""0.5000"",""taker_side"":""no"",""ticker"":""KXBTC15M-26APR280600-00"",""trade_id"":""48f3ac9e-afd1-5d86-d244-57eab7cf74d5"",""yes_price_dollars"":""0.5000""}"
KXBTC15M-26APR280600-00,af3cdc8e-05b5-55ca-3bf0-e47f3640d971,1777369501,0.5,6.0,no,"{""count_fp"":""6.00"",""created_time"":""2026-04-28T09:45:01.627397Z"",""no_price_dollars"":""0.5000"",""taker_side"":""no"",""ticker"":""KXBTC15M-26APR280600-00"",""trade_id"":""af3cdc8e-05b5-55ca-3bf0-e47f3640d971"",""yes_price_dollars"":""0.5000""}"
KXBTC15M-26APR280600-00,5a93ebb0-4759-6eba-3c94-0b7bec373dd5,1777369501,0.5,106.0,no,"{""count_fp"":""106.00"",""created_time"":""2026-04-28T09:45:01.415501Z"",""no_price_dollars"":""0.5000"",""taker_side"":""no"",""ticker"":""KXBTC15M-26APR280600-00"",""trade_id"":""5a93ebb0-4759-6eba-3c94-0b7bec373dd5"",""yes_price_dollars"":""0.5000""}"
KXBTC15M-26APR280600-00,6cab3584-6aa8-5619-d864-13f103d433f5,1777369501,0.51,1.0,yes,"{""count_fp"":""1.00"",""created_time"":""2026-04-28T09:45:01.365722Z"",""no_price_dollars"":""0.4900"",""taker_side"":""yes"",""ticker"":""KXBTC15M-26APR280600-00"",""trade_id"":""6cab3584-6aa8-5619-d864-13f103d433f5"",""yes_price_dollars"":""0.5100""}"
KXBTC15M-26APR280600-00,ad3a5ac5-1fe3-43d8-7254-df23437640af,1777369501,0.52,2.0,yes,"{""count_fp"":""2.00"",""created_time"":""2026-04-28T09:45:01.249908Z"",""no_price_dollars"":""0.4800"",""taker_side"":""yes"",""ticker"":""KXBTC15M-26APR280600-00"",""trade_id"":""ad3a5ac5-1fe3-43d8-7254-df23437640af"",""yes_price_dollars"":""0.5200""}"
KXBTC15M-26APR280600-00,cdce97a8-5a19-4eea-1d84-d2b4874acca5,1777369501,0.5,200.0,no,"{""count_fp"":""200.00"",""created_time"":""2026-04-28T09:45:01.210335Z"",""no_price_dollars"":""0.5000"",""taker_side"":""no"",""ticker"":""KXBTC15M-26APR280600-00"",""trade_id"":""cdce97a8-5a19-4eea-1d84-d2b4874acca5"",""yes_price_dollars"":""0.5000""}"
KXBTC15M-26APR280600-00,fd8255ed-c5e1-5fb2-cea7-69f9883798dd,1777369502,0.5,4.0,no,"{""count_fp"":""4.00"",""created_time"":""2026-04-28T09:45:02.907306Z"",""no_price_dollars"":""0.5000"",""taker_side"":""no"",""ticker"":""KXBTC15M-26APR280600-00"",""trade_id"":""fd8255ed-c5e1-5fb2-cea7-69f9883798dd"",""yes_price_dollars"":""0.5000""}"
KXBTC15M-26APR280600-00,a1d7cd0b-a7bd-6e2a-ce3a-4243beb6db21,1777369502,0.5,7.0,no,"{""count_fp"":""7.00"",""created_time"":""2026-04-28T09:45:02.682542Z"",""no_price_dollars"":""0.5000"",""taker_side"":""no"",""ticker"":""KXBTC15M-26APR280600-00"",""trade_id"":""a1d7cd0b-a7bd-6e2a-ce3a-4243beb6db21"",""yes_price_dollars"":""0.5000""}"
KXBTC15M-26APR280600-00,8e977864-4641-7776-f7eb-3e64d309f14d,1777369502,0.5,8.0,no,"{""count_fp"":""8.00"",""created_time"":""2026-04-28T09:45:02.454417Z"",""no_price_dollars"":""0.5000"",""taker_side"":""no"",""ticker"":""KXBTC15M-26APR280600-00"",""trade_id"":""8e977864-4641-7776-f7eb-3e64d309f14d"",""yes_price_dollars"":""0.5000""}"
KXBTC15M-26APR280600-00,266eb49f-1751-79a6-6910-bebeedd33ac9,1777369502,0.5,1.0,no,"{""count_fp"":""1.00"",""created_time"":""2026-04-28T09:45:02.270457Z"",""no_price_dollars"":""0.5000"",""taker_side"":""no"",""ticker"":""KXBTC15M-26APR280600-00"",""trade_id"":""266eb49f-1751-79a6-6910-bebeedd33ac9"",""yes_price_dollars"":""0.5000""}"
KXBTC15M-26APR280600-00,90e8208d-6419-7536-4ff2-27e00a9a9209,1777369502,0.5,8.0,no,"{""count_fp"":""8.00"",""created_time"":""2026-04-28T09:45:02.208265Z"",""no_price_dollars"":""0.5000"",""taker_side"":""no"",""ticker"":""KXBTC15M-26APR280600-00"",""trade_id"":""90e8208d-6419-7536-4ff2-27e00a9a9209"",""yes_price_dollars"":""0.5000""}"
KXBTC15M-26APR280600-00,5b892e9b-a54d-6501-5f14-2041ff1d8af4,1777369504,0.51,8.0,yes,"{""count_fp"":""8.00"",""created_time"":""2026-04-28T09:45:04.940075Z"",""no_price_dollars"":""0.4900"",""taker_side"":""yes"",""ticker"":""KXBTC15M-26APR280600-00"",""trade_id"":""5b892e9b-a54d-6501-5f14-2041ff1d8af4"",""yes_price_dollars"":""0.5100""}"
KXBTC15M-26APR280600-00,7e1bec3d-553d-63e1-625d-02d5e254c5cc,1777369504,0.51,4.0,yes,"{""count_fp"":""4.00"",""created_time"":""2026-04-28T09:45:04.769275Z"",""no_price_dollars"":""0.4900"",""taker_side"":""yes"",""ticker"":""KXBTC15M-26APR280600-00"",""trade_id"":""7e1bec3d-553d-63e1-625d-02d5e254c5cc"",""yes_price_dollars"":""0.5100""}"
KXBTC15M-26APR280600-00,4bc86631-1f18-63f5-51d0-424c7c4f66fd,1777369504,0.51,52.0,yes,"{""count_fp"":""52.00"",""created_time"":""2026-04-28T09:45:04.769275Z"",""no_price_dollars"":""0.4900"",""taker_side"":""yes"",""ticker"":""KXBTC15M-26APR280600-00"",""trade_id"":""4bc86631-1f18-63f5-51d0-424c7c4f66fd"",""yes_price_dollars"":""0.5100""}"
KXBTC15M-26APR280600-00,6763a929-7cb5-4752-6bc5-84b5aa01327d,1777369504,0.5,65.0,no,"{""count_fp"":""65.00"",""created_time"":""2026-04-28T09:45:04.474681Z"",""no_price_dollars"":""0.5000"",""taker_side"":""no"",""ticker"":""KXBTC15M-26APR280600-00"",""trade_id"":""6763a929-7cb5-4752-6bc5-84b5aa01327d"",""yes_price_dollars"":""0.5000""}"
KXBTC15M-26APR280600-00,a0ac5979-cdfe-4d92-7bdd-30e002bfc930,1777369505,0.5,12.0,no,"{""count_fp"":""12.00"",""created_time"":""2026-04-28T09:45:05.031792Z"",""no_price_dollars"":""0.5000"",""taker_side"":""no"",""ticker"":""KXBTC15M-26APR280600-00"",""trade_id"":""a0ac5979-cdfe-4d92-7bdd-30e002bfc930"",""yes_price_dollars"":""0.5000""}"
KXBTC15M-26APR280600-00,89cb6b41-2fce-45c0-79e6-96bb9ffc9a79,1777369505,0.5,12.0,no,"{""count_fp"":""12.00"",""created_time"":""2026-04-28T09:45:05.031792Z"",""no_price_dollars"":""0.5000"",""taker_side"":""no"",""ticker"":""KXBTC15M-26APR280600-00"",""trade_id"":""89cb6b41-2fce-45c0-79e6-96bb9ffc9a79"",""yes_price_dollars"":""0.5000""}"
KXBTC15M-26APR280600-00,6c5633ee-4c31-45d2-6ce7-7bf4ea215e65,1777369505,0.5,16.0,no,"{""count_fp"":""16.00"",""created_time"":""2026-04-28T09:45:05.031792Z"",""no_price_dollars"":""0.5000"",""taker_side"":""no"",""ticker"":""KXBTC15M-26APR280600-00"",""trade_id"":""6c5633ee-4c31-45d2-6ce7-7bf4ea215e65"",""yes_price_dollars"":""0.5000""}"
KXBTC15M-26APR280600-00,5419afc2-b532-4ded-51cf-4f3a5f912380,1777369505,0.5,37.29,no,"{""count_fp"":""37.29"",""created_time"":""2026-04-28T09:45:05.031792Z"",""no_price_dollars"":""0.5000"",""taker_side"":""no"",""ticker"":""KXBTC15M-26APR280600-00"",""trade_id"":""5419afc2-b532-4ded-51cf-4f3a5f912380"",""yes_price_dollars"":""0.5000""}"
KXBTC15M-26APR280600-00,9be2bfe8-62a5-41b5-0c7c-eb2459597d38,1777369507,0.51,39.81,yes,"{""count_fp"":""39.81"",""created_time"":""2026-04-28T09:45:07.416932Z"",""no_price_dollars"":""0.4900"",""taker_side"":""yes"",""ticker"":""KXBTC15M-26APR280600-00"",""trade_id"":""9be2bfe8-62a5-41b5-0c7c-eb2459597d38"",""yes_price_dollars"":""0.5100""}"
KXBTC15M-26APR280600-00,02a82400-ea06-7039-185e-db0d68e6107c,1777369507,0.5,1.0,no,"{""count_fp"":""1.00"",""created_time"":""2026-04-28T09:45:07.389071Z"",""no_price_dollars"":""0.5000"",""taker_side"":""no"",""ticker"":""KXBTC15M-26APR280600-00"",""trade_id"":""02a82400-ea06-7039-185e-db0d68e6107c"",""yes_price_dollars"":""0.5000""}"
KXBTC15M-26APR280600-00,be17c970-e675-4855-88f5-fc263edded68,1777369507,0.51,3.0,yes,"{""count_fp"":""3.00"",""created_time"":""2026-04-28T09:45:07.062637Z"",""no_price_dollars"":""0.4900"",""taker_side"":""yes"",""ticker"":""KXBTC15M-26APR280600-00"",""trade_id"":""be17c970-e675-4855-88f5-fc263edded68"",""yes_price_dollars"":""0.5100""}"
KXBTC15M-26APR280600-00,8bdb8279-4321-7139-83f1-cbe32224ca94,1777369508,0.5,1.0,yes,"{""count_fp"":""1.00"",""created_time"":""2026-04-28T09:45:08.696994Z"",""no_price_dollars"":""0.5000"",""taker_side"":""yes"",""ticker"":""KXBTC15M-26APR280600-00"",""trade_id"":""8bdb8279-4321-7139-83f1-cbe32224ca94"",""yes_price_dollars"":""0.5000""}"
KXBTC15M-26APR280600-00,d5bbf8e4-6c59-561d-9864-a930007abdf0,1777369508,0.51,35.0,yes,"{""count_fp"":""35.00"",""created_time"":""2026-04-28T09:45:08.484007Z"",""no_price_dollars"":""0.4900"",""taker_side"":""yes"",""ticker"":""KXBTC15M-26APR280600-00"",""trade_id"":""d5bbf8e4-6c59-561d-9864-a930007abdf0"",""yes_price_dollars"":""0.5100""}"
KXBTC15M-26APR280600-00,a50e2afc-03e5-6911-247c-bee99b25e568,1777369508,0.51,6.0,yes,"{""count_fp"":""6.00"",""created_time"":""2026-04-28T09:45:08.281753Z"",""no_price_dollars"":""0.4900"",""taker_side"":""yes"",""ticker"":""KXBTC15M-26APR280600-00"",""trade_id"":""a50e2afc-03e5-6911-247c-bee99b25e568"",""yes_price_dollars"":""0.5100""}"
KXBTC15M-26APR280600-00,b89a8343-9b18-6cbb-2593-7b64b0fb3893,1777369509,0.49,5.05,yes,"{""count_fp"":""5.05"",""created_time"":""2026-04-28T09:45:09.744671Z"",""no_price_dollars"":""0.5100"",""taker_side"":""yes"",""ticker"":""KXBTC15M-26APR280600-00"",""trade_id"":""b89a8343-9b18-6cbb-2593-7b64b0fb3893"",""yes_price_dollars"":""0.4900""}"
KXBTC15M-26APR280600-00,2fd1bd7a-e526-69aa-3874-6c9dfa3695f4,1777369509,0.49,1.0,yes,"{""count_fp"":""1.00"",""created_time"":""2026-04-28T09:45:09.744671Z"",""no_price_dollars"":""0.5100"",""taker_side"":""yes"",""ticker"":""KXBTC15M-26APR280600-00"",""trade_id"":""2fd1bd7a-e526-69aa-3874-6c9dfa3695f4"",""yes_price_dollars"":""0.4900""}"
KXBTC15M-26APR280600-00,2d53d21f-8cdc-643a-1fef-5e66b3c5cd02,1777369509,0.49,16.69,yes,"{""count_fp"":""16.69"",""created_time"":""2026-04-28T09:45:09.744671Z"",""no_price_dollars"":""0.5100"",""taker_side"":""yes"",""ticker"":""KXBTC15M-26APR280600-00"",""trade_id"":""2d53d21f-8cdc-643a-1fef-5e66b3c5cd02"",""yes_price_dollars"":""0.4900""}"
KXBTC15M-26APR280600-00,863dfbfe-240c-746f-6b8a-e617c2c05467,1777369509,0.49,18.95,yes,"{""count_fp"":""18.95"",""created_time"":""2026-04-28T09:45:09.687974Z"",""no_price_dollars"":""0.5100"",""taker_side"":""yes"",""ticker"":""KXBTC15M-26APR280600-00"",""trade_id"":""863dfbfe-240c-746f-6b8a-e617c2c05467"",""yes_price_dollars"":""0.4900""}"
KXBTC15M-26APR280600-00,1ce07680-b868-7632-1aa5-33773eeeecbd,1777369510,0.48,29.97,no,"{""count_fp"":""29.97"",""created_time"":""2026-04-28T09:45:10.786138Z"",""no_price_dollars"":""0.5200"",""taker_side"":""no"",""ticker"":""KXBTC15M-26APR280600-00"",""trade_id"":""1ce07680-b868-7632-1aa5-33773eeeecbd"",""yes_price_dollars"":""0.4800""}"
KXBTC15M-26APR280600-00,d74921a8-781c-7436-8eb3-364ee5d974e5,1777369510,0.48,0.03,no,"{""count_fp"":""0.03"",""created_time"":""2026-04-28T09:45:10.766943Z"",""no_price_dollars"":""0.5200"",""taker_side"":""no"",""ticker"":""KXBTC15M-26APR280600-00"",""trade_id"":""d74921a8-781c-7436-8eb3-364ee5d974e5"",""yes_price_dollars"":""0.4800""}"
KXBTC15M-26APR280600-00,2699c8b3-2b7f-7ca8-b727-e7ea28f9fca7,1777369510,0.48,33.94,no,"{""count_fp"":""33.94"",""created_time"":""2026-04-28T09:45:10.766943Z"",""no_price_dollars"":""0.5200"",""taker_side"":""no"",""ticker"":""KXBTC15M-26APR280600-00"",""trade_id"":""2699c8b3-2b7f-7ca8-b727-e7ea28f9fca7"",""yes_price_dollars"":""0.4800""}"
KXBTC15M-26APR280600-00,c0e22631-28ad-730f-16c6-ef5d55ac77dc,1777369510,0.49,6.0,yes,"{""count_fp"":""6.00"",""created_time"":""2026-04-28T09:45:10.689236Z"",""no_price_dollars"":""0.5100"",""taker_side"":""yes"",""ticker"":""KXBTC15M-26APR280600-00"",""trade_id"":""c0e22631-28ad-730f-16c6-ef5d55ac77dc"",""yes_price_dollars"":""0.4900""}"
KXBTC15M-26APR280600-00,7f57b9f8-9f81-762f-3eef-0732c873bbcf,1777369510,0.49,1.0,yes,"{""count_fp"":""1.00"",""created_time"":""2026-04-28T09:45:10.689236Z"",""no_price_dollars"":""0.5100"",""taker_side"":""yes"",""ticker"":""KXBTC15M-26APR280600-00"",""trade_id"":""7f57b9f8-9f81-762f-3eef-0732c873bbcf"",""yes_price_dollars"":""0.4900""}"
KXBTC15M-26APR280600-00,a8d02331-efa3-69dc-6f20-454c29557ec7,1777369510,0.48,21.32,no,"{""count_fp"":""21.32"",""created_time"":""2026-04-28T09:45:10.394676Z"",""no_price_dollars"":""0.5200"",""taker_side"":""no"",""ticker"":""KXBTC15M-26APR280600-00"",""trade_id"":""a8d02331-efa3-69dc-6f20-454c29557ec7"",""yes_price_dollars"":""0.4800""}"
KXBTC15M-26APR280600-00,e7a90dd5-8fd8-7cfe-2356-ce2a87a1c652,1777369510,0.49,1.0,yes,"{""count_fp"":""1.00"",""created_time"":""2026-04-28T09:45:10.249762Z"",""no_price_dollars"":""0.5100"",""taker_side"":""yes"",""ticker"":""KXBTC15M-26APR280600-00"",""trade_id"":""e7a90dd5-8fd8-7cfe-2356-ce2a87a1c652"",""yes_price_dollars"":""0.4900""}"
KXBTC15M-26APR280600-00,c89b36c9-e653-789c-2191-fce02a2ccb33,1777369510,0.48,21.74,no,"{""count_fp"":""21.74"",""created_time"":""2026-04-28T09:45:10.230803Z"",""no_price_dollars"":""0.5200"",""taker_side"":""no"",""ticker"":""KXBTC15M-26APR280600-00"",""trade_id"":""c89b36c9-e653-789c-2191-fce02a2ccb33"",""yes_price_dollars"":""0.4800""}"
KXBTC15M-26APR280600-00,dce1ad77-1f33-7bac-1ed8-c01ebe26fdd4,1777369510,0.48,50.0,no,"{""count_fp"":""50.00"",""created_time"":""2026-04-28T09:45:10.017454Z"",""no_price_dollars"":""0.5200"",""taker_side"":""no"",""ticker"":""KXBTC15M-26APR280600-00"",""trade_id"":""dce1ad77-1f33-7bac-1ed8-c01ebe26fdd4"",""yes_price_dollars"":""0.4800""}"
KXBTC15M-26APR280600-00,ce0dd1ac-fa69-7414-8f65-174129c1c5da,1777369511,0.47,1.0,yes,"{""count_fp"":""1.00"",""created_time"":""2026-04-28T09:45:11.244334Z"",""no_price_dollars"":""0.5300"",""taker_side"":""yes"",""ticker"":""KXBTC15M-26APR280600-00"",""trade_id"":""ce0dd1ac-fa69-7414-8f65-174129c1c5da"",""yes_price_dollars"":""0.4700""}"
KXBTC15M-26APR280600-00,54025f62-8ec9-7c7d-db10-7a74380f1c14,1777369512,0.48,10.0,yes,"{""count_fp"":""10.00"",""created_time"":""2026-04-28T09:45:12.711295Z"",""no_price_dollars"":""0.5200"",""taker_side"":""yes"",""ticker"":""KXBTC15M-26APR280600-00"",""trade_id"":""54025f62-8ec9-7c7d-db10-7a74380f1c14"",""yes_price_dollars"":""0.4800""}"
KXBTC15M-26APR280600-00,ebd5a673-da90-7b99-2a63-42e031c68b17,1777369512,0.47,40.0,yes,"{""count_fp"":""40.00"",""created_time"":""2026-04-28T09:45:12.441337Z"",""no_price_dollars"":""0.5300"",""taker_side"":""yes"",""ticker"":""KXBTC15M-26APR280600-00"",""trade_id"":""ebd5a673-da90-7b99-2a63-42e031c68b17"",""yes_price_dollars"":""0.4700""}"
KXBTC15M-26APR280600-00,7461ed81-2d2f-7921-3fc8-a557ab071978,1777369512,0.48,3.0,yes,"{""count_fp"":""3.00"",""created_time"":""2026-04-28T09:45:12.441337Z"",""no_price_dollars"":""0.5200"",""taker_side"":""yes"",""ticker"":""KXBTC15M-26APR280600-00"",""trade_id"":""7461ed81-2d2f-7921-3fc8-a557ab071978"",""yes_price_dollars"":""0.4800""}"
KXBTC15M-26APR280600-00,6929f4ee-fe59-71bb-22aa-fea75dd84610,1777369512,0.49,264.71,yes,"{""count_fp"":""264.71"",""created_time"":""2026-04-28T09:45:12.441337Z"",""no_price_dollars"":""0.5100"",""taker_side"":""yes"",""ticker"":""KXBTC15M-26APR280600-00"",""trade_id"":""6929f4ee-fe59-71bb-22aa-fea75dd84610"",""yes_price_dollars"":""0.4900""}"
KXBTC15M-26APR280600-00,3edb3034-9246-7a6d-1306-199122097989,1777369512,0.48,26.69,yes,"{""count_fp"":""26.69"",""created_time"":""2026-04-28T09:45:12.441337Z"",""no_price_dollars"":""0.5200"",""taker_side"":""yes"",""ticker"":""KXBTC15M-26APR280600-00"",""trade_id"":""3edb3034-9246-7a6d-1306-199122097989"",""yes_price_dollars"":""0.4800""}"
KXBTC15M-26APR280600-00,2f1772a9-4c7e-7aa4-3e2b-6f26ac6f9dae,1777369512,0.48,1.0,yes,"{""count_fp"":""1.00"",""created_time"":""2026-04-28T09:45:12.441337Z"",""no_price_dollars"":""0.5200"",""taker_side"":""yes"",""ticker"":""KXBTC15M-26APR280600-00"",""trade_id"":""2f1772a9-4c7e-7aa4-3e2b-6f26ac6f9dae"",""yes_price_dollars"":""0.4800""}"
KXBTC15M-26APR280600-00,2a315d47-f46b-7878-314e-a3b8d45c477b,1777369512,0.49,40.0,yes,"{""count_fp"":""40.00"",""created_time"":""2026-04-28T09:45:12.441337Z"",""no_price_dollars"":""0.5100"",""taker_side"":""yes"",""ticker"":""KXBTC15M-26APR280600-00"",""trade_id"":""2a315d47-f46b-7878-314e-a3b8d45c477b"",""yes_price_dollars"":""0.4900""}"
KXBTC15M-26APR280600-00,fa803b17-3236-4d15-fecd-94c7d57c5331,1777369512,0.48,13.31,yes,"{""count_fp"":""13.31"",""created_time"":""2026-04-28T09:45:12.324942Z"",""no_price_dollars"":""0.5200"",""taker_side"":""yes"",""ticker"":""KXBTC15M-26APR280600-00"",""trade_id"":""fa803b17-3236-4d15-fecd-94c7d57c5331"",""yes_price_dollars"":""0.4800""}"
KXBTC15M-26APR280600-00,e6b699e6-b60b-44c9-cc8a-854622c93d16,1777369512,0.47,47.0,yes,"{""count_fp"":""47.00"",""created_time"":""2026-04-28T09:45:12.324942Z"",""no_price_dollars"":""0.5300"",""taker_side"":""yes"",""ticker"":""KXBTC15M-26APR280600-00"",""trade_id"":""e6b699e6-b60b-44c9-cc8a-854622c93d16"",""yes_price_dollars"":""0.4700""}"
KXBTC15M-26APR280600-00,1f301c53-b3bd-4f50-c7a9-d05bcae0d64e,1777369512,0.47,39.0,yes,"{""count_fp"":""39.00"",""created_time"":""2026-04-28T09:45:12.324942Z"",""no_price_dollars"":""0.5300"",""taker_side"":""yes"",""ticker"":""KXBTC15M-26APR280600-00"",""trade_id"":""1f301c53-b3bd-4f50-c7a9-d05bcae0d64e"",""yes_price_dollars"":""0.4700""}"
KXBTC15M-26APR280600-00,099577a1-d761-52c6-7672-022c0719c934,1777369513,0.47,1.79,no,"{""count_fp"":""1.79"",""created_time"":""2026-04-28T09:45:13.765753Z"",""no_price_dollars"":""0.5300"",""taker_side"":""no"",""ticker"":""KXBTC15M-26APR280600-00"",""trade_id"":""099577a1-d761-52c6-7672-022c0719c934"",""yes_price_dollars"":""0.4700""}"
KXBTC15M-26APR280600-00,eae0b5f7-b289-4c0e-9890-95e31fd961b4,1777369513,0.47,17.94,no,"{""count_fp"":""17.94"",""created_time"":""2026-04-28T09:45:13.744724Z"",""no_price_dollars"":""0.5300"",""taker_side"":""no"",""ticker"":""KXBTC15M-26APR280600-00"",""trade_id"":""eae0b5f7-b289-4c0e-9890-95e31fd961b4"",""yes_price_dollars"":""0.4700""}"
KXBTC15M-26APR280600-00,89e91492-5bc1-74df-edc6-6524019db4cc,1777369513,0.48,32.46,yes,"{""count_fp"":""32.46"",""created_time"":""2026-04-28T09:45:13.624765Z"",""no_price_dollars"":""0.5200"",""taker_side"":""yes"",""ticker"":""KXBTC15M-26APR280600-00"",""trade_id"":""89e91492-5bc1-74df-edc6-6524019db4cc"",""yes_price_dollars"":""0.4800""}"
KXBTC15M-26APR280600-00,67a76ff5-d5ef-77f6-f2e9-48f718d4fb75,1777369513,0.48,3.0,yes,"{""count_fp"":""3.00"",""created_time"":""2026-04-28T09:45:13.624765Z"",""no_price_dollars"":""0.5200"",""taker_side"":""yes"",""ticker"":""KXBTC15M-26APR280600-00"",""trade_id"":""67a76ff5-d5ef-77f6-f2e9-48f718d4fb75"",""yes_price_dollars"":""0.4800""}"
KXBTC15M-26APR280600-00,759ed791-619d-5b26-9602-b39afd0bdab0,1777369513,0.47,3.58,no,"{""count_fp"":""3.58"",""created_time"":""2026-04-28T09:45:13.494152Z"",""no_price_dollars"":""0.5300"",""taker_side"":""no"",""ticker"":""KXBTC15M-26APR280600-00"",""trade_id"":""759ed791-619d-5b26-9602-b39afd0bdab0"",""yes_price_dollars"":""0.4700""}"
KXBTC15M-26APR280600-00,f6b8a650-61ba-484e-c22a-a673606a5edf,1777369514,0.45,1.0,no,"{""count_fp"":""1.00"",""created_time"":""2026-04-28T09:45:14.273389Z"",""no_price_dollars"":""0.5500"",""taker_side"":""no"",""ticker"":""KXBTC15M-26APR280600-00"",""trade_id"":""f6b8a650-61ba-484e-c22a-a673606a5edf"",""yes_price_dollars"":""0.4500""}"
KXBTC15M-26APR280600-00,d92f54de-416b-4e18-e2ae-ebc73764208d,1777369514,0.45,2.06,no,"{""count_fp"":""2.06"",""created_time"":""2026-04-28T09:45:14.273389Z"",""no_price_dollars"":""0.5500"",""taker_side"":""no"",""ticker"":""KXBTC15M-26APR280600-00"",""trade_id"":""d92f54de-416b-4e18-e2ae-ebc73764208d"",""yes_price_dollars"":""0.4500""}"
KXBTC15M-26APR280600-00,8c4fecd3-0c9e-4ab1-fa87-2d9be4eeb712,1777369514,0.46,40.0,no,"{""count_fp"":""40.00"",""created_time"":""2026-04-28T09:45:14.273389Z"",""no_price_dollars"":""0.5400"",""taker_side"":""no"",""ticker"":""KXBTC15M-26APR280600-00"",""trade_id"":""8c4fecd3-0c9e-4ab1-fa87-2d9be4eeb712"",""yes_price_dollars"":""0.4600""}"
KXBTC15M-26APR280600-00,74017afe-aaec-4093-f877-9454c7903ba4,1777369514,0.45,1.0,no,"{""count_fp"":""1.00"",""created_time"":""2026-04-28T09:45:14.273389Z"",""no_price_dollars"":""0.5500"",""taker_side"":""no"",""ticker"":""KXBTC15M-26APR280600-00"",""trade_id"":""74017afe-aaec-4093-f877-9454c7903ba4"",""yes_price_dollars"":""0.4500""}"
KXBTC15M-26APR280600-00,03299c1e-eab0-40a7-fba5-8f80069216fa,1777369514,0.46,55.94,no,"{""count_fp"":""55.94"",""created_time"":""2026-04-28T09:45:14.273389Z"",""no_price_dollars"":""0.5400"",""taker_side"":""no"",""ticker"":""KXBTC15M-26APR280600-00"",""trade_id"":""03299c1e-eab0-40a7-fba5-8f80069216fa"",""yes_price_dollars"":""0.4600""}"
KXBTC15M-26APR280600-00,cccf7544-ddf4-6f0f-4600-b7a1612bbdde,1777369514,0.46,5.38,no,"{""count_fp"":""5.38"",""created_time"":""2026-04-28T09:45:14.180727Z"",""no_price_dollars"":""0.5400"",""taker_side"":""no"",""ticker"":""KXBTC15M-26APR280600-00"",""trade_id"":""cccf7544-ddf4-6f0f-4600-b7a1612bbdde"",""yes_price_dollars"":""0.4600""}"
KXBTC15M-26APR280600-00,ad0e478c-4319-4a42-b246-6a979a01b150,1777369514,0.47,16.69,no,"{""count_fp"":""16.69"",""created_time"":""2026-04-28T09:45:14.107533Z"",""no_price_dollars"":""0.5300"",""taker_side"":""no"",""ticker"":""KXBTC15M-26APR280600-00"",""trade_id"":""ad0e478c-4319-4a42-b246-6a979a01b150"",""yes_price_dollars"":""0.4700""}"
KXBTC15M-26APR280600-00,8c9f4f1e-f47b-4a47-bd59-71015e706835,1777369514,0.47,10.0,no,"{""count_fp"":""10.00"",""created_time"":""2026-04-28T09:45:14.107533Z"",""no_price_dollars"":""0.5300"",""taker_side"":""no"",""ticker"":""KXBTC15M-26APR280600-00"",""trade_id"":""8c9f4f1e-f47b-4a47-bd59-71015e706835"",""yes_price_dollars"":""0.4700""}"
KXBTC15M-26APR280600-00,8c8af98a-517c-484b-ae26-0937b64c7bd2,1777369514,0.46,2.31,no,"{""count_fp"":""2.31"",""created_time"":""2026-04-28T09:45:14.107533Z"",""no_price_dollars"":""0.5400"",""taker_side"":""no"",""ticker"":""KXBTC15M-26APR280600-00"",""trade_id"":""8c8af98a-517c-484b-ae26-0937b64c7bd2"",""yes_price_dollars"":""0.4600""}"
KXBTC15M-26APR280600-00,fdd44a8c-717a-57ae-672c-5d5e31fa0dc1,1777369515,0.48,30.0,yes,"{""count_fp"":""30.00"",""created_time"":""2026-04-28T09:45:15.262954Z"",""no_price_dollars"":""0.5200"",""taker_side"":""yes"",""ticker"":""KXBTC15M-26APR280600-00"",""trade_id"":""fdd44a8c-717a-57ae-672c-5d5e31fa0dc1"",""yes_price_dollars"":""0.4800""}"
KXBTC15M-26APR280600-00,ea48de1c-73a1-5916-6585-caf50be461b3,1777369515,0.49,114.19,yes,"{""count_fp"":""114.19"",""created_time"":""2026-04-28T09:45:15.262954Z"",""no_price_dollars"":""0.5100"",""taker_side"":""yes"",""ticker"":""KXBTC15M-26APR280600-00"",""trade_id"":""ea48de1c-73a1-5916-6585-caf50be461b3"",""yes_price_dollars"":""0.4900""}"
KXBTC15M-26APR280600-00,d4499261-351b-5eb4-5f6d-90bfddd1269a,1777369515,0.48,3.0,yes,"{""count_fp"":""3.00"",""created_time"":""2026-04-28T09:45:15.262954Z"",""no_price_dollars"":""0.5200"",""taker_side"":""yes"",""ticker"":""KXBTC15M-26APR280600-00"",""trade_id"":""d4499261-351b-5eb4-5f6d-90bfddd1269a"",""yes_price_dollars"":""0.4800""}"
KXBTC15M-26APR280600-00,bca00684-3d22-58a1-760d-1d283fcb93ca,1777369515,0.49,40.0,yes,"{""count_fp"":""40.00"",""created_time"":""2026-04-28T09:45:15.262954Z"",""no_price_dollars"":""0.5100"",""taker_side"":""yes"",""ticker"":""KXBTC15M-26APR280600-00"",""trade_id"":""bca00684-3d22-58a1-760d-1d283fcb93ca"",""yes_price_dollars"":""0.4900""}"
KXBTC15M-26APR280600-00,60be6c4a-7fac-5793-5bd4-6253910b8a0a,1777369515,0.48,56.0,yes,"{""count_fp"":""56.00"",""created_time"":""2026-04-28T09:45:15.262954Z"",""no_price_dollars"":""0.5200"",""taker_side"":""yes"",""ticker"":""KXBTC15M-26APR280600-00"",""trade_id"":""60be6c4a-7fac-5793-5bd4-6253910b8a0a"",""yes_price_dollars"":""0.4800""}"
KXBTC15M-26APR280600-00,60be3b4b-bc24-5fcd-65d4-68d43d09028e,1777369515,0.48,40.0,yes,"{""count_fp"":""40.00"",""created_time"":""2026-04-28T09:45:15.262954Z"",""no_price_dollars"":""0.5200"",""taker_side"":""yes"",""ticker"":""KXBTC15M-26APR280600-00"",""trade_id"":""60be3b4b-bc24-5fcd-65d4-68d43d09028e"",""yes_price_dollars"":""0.4800""}"
KXBTC15M-26APR280600-00,45b79963-b5f5-542d-43c5-13841c66d351,1777369515,0.48,12.06,yes,"{""count_fp"":""12.06"",""created_time"":""2026-04-28T09:45:15.262954Z"",""no_price_dollars"":""0.5200"",""taker_side"":""yes"",""ticker"":""KXBTC15M-26APR280600-00"",""trade_id"":""45b79963-b5f5-542d-43c5-13841c66d351"",""yes_price_dollars"":""0.4800""}"
KXBTC15M-26APR280600-00,43fc479f-99de-57a9-65a2-5c0e48e46758,1777369515,0.49,1.0,yes,"{""count_fp"":""1.00"",""created_time"":""2026-04-28T09:45:15.262954Z"",""no_price_dollars"":""0.5100"",""taker_side"":""yes"",""ticker"":""KXBTC15M-26APR280600-00"",""trade_id"":""43fc479f-99de-57a9-65a2-5c0e48e46758"",""yes_price_dollars"":""0.4900""}"
KXBTC15M-26APR280600-00,3e6d8ea6-8f28-5c1d-663a-f35910148ac1,1777369515,0.48,1.0,yes,"{""count_fp"":""1.00"",""created_time"":""2026-04-28T09:45:15.262954Z"",""no_price_dollars"":""0.5200"",""taker_side"":""yes"",""ticker"":""KXBTC15M-26APR280600-00"",""trade_id"":""3e6d8ea6-8f28-5c1d-663a-f35910148ac1"",""yes_price_dollars"":""0.4800""}"
KXBTC15M-26APR280600-00,8a42a00b-aa7d-429b-fc5b-f66e108d47a0,1777369516,0.48,15.0,yes,"{""count_fp"":""15.00"",""created_time"":""2026-04-28T09:45:16.935085Z"",""no_price_dollars"":""0.5200"",""taker_side"":""yes"",""ticker"":""KXBTC15M-26APR280600-00"",""trade_id"":""8a42a00b-aa7d-429b-fc5b-f66e108d47a0"",""yes_price_dollars"":""0.4800""}"
KXBTC15M-26APR280600-00,fc1c9c4f-a2e9-548b-91ab-c519e49106b4,1777369516,0.48,141.73,yes,"{""count_fp"":""141.73"",""created_time"":""2026-04-28T09:45:16.842576Z"",""no_price_dollars"":""0.5200"",""taker_side"":""yes"",""ticker"":""KXBTC15M-26APR280600-00"",""trade_id"":""fc1c9c4f-a2e9-548b-91ab-c519e49106b4"",""yes_price_dollars"":""0.4800""}"
KXBTC15M-26APR280600-00,e1d037ec-ac9e-5f57-a924-270e7018dfdf,1777369516,0.48,40.0,yes,"{""count_fp"":""40.00"",""created_time"":""2026-04-28T09:45:16.842576Z"",""no_price_dollars"":""0.5200"",""taker_side"":""yes"",""ticker"":""KXBTC15M-26APR280600-00"",""trade_id"":""e1d037ec-ac9e-5f57-a924-270e7018dfdf"",""yes_price_dollars"":""0.4800""}"
KXBTC15M-26APR280600-00,dd10a070-b478-55b0-ab23-819e611d68a8,1777369516,0.48,12.06,yes,"{""count_fp"":""12.06"",""created_time"":""2026-04-28T09:45:16.842576Z"",""no_price_dollars"":""0.5200"",""taker_side"":""yes"",""ticker"":""KXBTC15M-26APR280600-00"",""trade_id"":""dd10a070-b478-55b0-ab23-819e611d68a8"",""yes_price_dollars"":""0.4800""}"
KXBTC15M-26APR280600-00,c27b0e72-1371-5b26-926f-4703af8794de,1777369516,0.48,1.0,yes,"{""count_fp"":""1.00"",""created_time"":""2026-04-28T09:45:16.842576Z"",""no_price_dollars"":""0.5200"",""taker_side"":""yes"",""ticker"":""KXBTC15M-26APR280600-00"",""trade_id"":""c27b0e72-1371-5b26-926f-4703af8794de"",""yes_price_dollars"":""0.4800""}"
KXBTC15M-26APR280600-00,bb642ff2-e414-6013-f1d6-1bb95ef703ed,1777369517,0.47,10.0,no,"{""count_fp"":""10.00"",""created_time"":""2026-04-28T09:45:17.689715Z"",""no_price_dollars"":""0.5300"",""taker_side"":""no"",""ticker"":""KXBTC15M-26APR280600-00"",""trade_id"":""bb642ff2-e414-6013-f1d6-1bb95ef703ed"",""yes_price_dollars"":""0.4700""}"
KXBTC15M-26APR280600-00,adb2dc79-fadb-6f76-ca7e-fd8e246e4f2d,1777369517,0.47,7.92,no,"{""count_fp"":""7.92"",""created_time"":""2026-04-28T09:45:17.689715Z"",""no_price_dollars"":""0.5300"",""taker_side"":""no"",""ticker"":""KXBTC15M-26APR280600-00"",""trade_id"":""adb2dc79-fadb-6f76-ca7e-fd8e246e4f2d"",""yes_price_dollars"":""0.4700""}"
KXBTC15M-26APR280600-00,bcc30d4d-3f82-7e6a-934a-f08d9282a35a,1777369518,0.45,17.0,yes,"{""count_fp"":""17.00"",""created_time"":""2026-04-28T09:45:18.962154Z"",""no_price_dollars"":""0.5500"",""taker_side"":""yes"",""ticker"":""KXBTC15M-26APR280600-00"",""trade_id"":""bcc30d4d-3f82-7e6a-934a-f08d9282a35a"",""yes_price_dollars"":""0.4500""}"
KXBTC15M-26APR280600-00,b89adb90-e7c3-56a8-9dc1-709025c5ad5d,1777369518,0.45,0.94,no,"{""count_fp"":""0.94"",""created_time"":""2026-04-28T09:45:18.817768Z"",""no_price_dollars"":""0.5500"",""taker_side"":""no"",""ticker"":""KXBTC15M-26APR280600-00"",""trade_id"":""b89adb90-e7c3-56a8-9dc1-709025c5ad5d"",""yes_price_dollars"":""0.4500""}"
KXBTC15M-26APR280600-00,a0f21cba-f7bf-7f64-c045-1616d91c30ad,1777369518,0.45,10.06,no,"{""count_fp"":""10.06"",""created_time"":""2026-04-28T09:45:18.814295Z"",""no_price_dollars"":""0.5500"",""taker_side"":""no"",""ticker"":""KXBTC15M-26APR280600-00"",""trade_id"":""a0f21cba-f7bf-7f64-c045-1616d91c30ad"",""yes_price_dollars"":""0.4500""}"
KXBTC15M-26APR280600-00,4eb47135-c86f-7eb0-e302-06281f74a3b1,1777369518,0.45,27.94,no,"{""count_fp"":""27.94"",""created_time"":""2026-04-28T09:45:18.814295Z"",""no_price_dollars"":""0.5500"",""taker_side"":""no"",""ticker"":""KXBTC15M-26APR280600-00"",""trade_id"":""4eb47135-c86f-7eb0-e302-06281f74a3b1"",""yes_price_dollars"":""0.4500""}"
KXBTC15M-26APR280600-00,0a9b410e-c0e0-74d6-d0dc-f88351568b1b,1777369518,0.45,20.0,no,"{""count_fp"":""20.00"",""created_time"":""2026-04-28T09:45:18.814295Z"",""no_price_dollars"":""0.5500"",""taker_side"":""no"",""ticker"":""KXBTC15M-26APR280600-00"",""trade_id"":""0a9b410e-c0e0-74d6-d0dc-f88351568b1b"",""yes_price_dollars"":""0.4500""}"
KXBTC15M-26APR280600-00,5a9418b9-2d53-6d48-91ba-e6cf95eb479c,1777369518,0.46,1.0,yes,"{""count_fp"":""1.00"",""created_time"":""2026-04-28T09:45:18.363041Z"",""no_price_dollars"":""0.5400"",""taker_side"":""yes"",""ticker"":""KXBTC15M-26APR280600-00"",""trade_id"":""5a9418b9-2d53-6d48-91ba-e6cf95eb479c"",""yes_price_dollars"":""0.4600""}"
KXBTC15M-26APR280600-00,1a079802-6cb7-584d-9c0d-6c64151e2e51,1777369518,0.47,2.01,yes,"{""count_fp"":""2.01"",""created_time"":""2026-04-28T09:45:18.155178Z"",""no_price_dollars"":""0.5300"",""taker_side"":""yes"",""ticker"":""KXBTC15M-26APR280600-00"",""trade_id"":""1a079802-6cb7-584d-9c0d-6c64151e2e51"",""yes_price_dollars"":""0.4700""}"
KXBTC15M-26APR280600-00,a7f43bda-8233-575e-780e-62014ffb9af1,1777369518,0.47,0.08,no,"{""count_fp"":""0.08"",""created_time"":""2026-04-28T09:45:18.079703Z"",""no_price_dollars"":""0.5300"",""taker_side"":""no"",""ticker"":""KXBTC15M-26APR280600-00"",""trade_id"":""a7f43bda-8233-575e-780e-62014ffb9af1"",""yes_price_dollars"":""0.4700""}"
KXBTC15M-26APR280600-00,e72afe3a-e74b-7c6e-d963-c1e735713cfd,1777369518,0.47,42.0,no,"{""count_fp"":""42.00"",""created_time"":""2026-04-28T09:45:18.079296Z"",""no_price_dollars"":""0.5300"",""taker_side"":""no"",""ticker"":""KXBTC15M-26APR280600-00"",""trade_id"":""e72afe3a-e74b-7c6e-d963-c1e735713cfd"",""yes_price_dollars"":""0.4700""}"
KXBTC15M-26APR280600-00,5c6a721d-a0e1-459b-73f3-b6248c0eefa3,1777369519,0.44,1.0,yes,"{""count_fp"":""1.00"",""created_time"":""2026-04-28T09:45:19.986304Z"",""no_price_dollars"":""0.5600"",""taker_side"":""yes"",""ticker"":""KXBTC15M-26APR280600-00"",""trade_id"":""5c6a721d-a0e1-459b-73f3-b6248c0eefa3"",""yes_price_dollars"":""0.4400""}"
KXBTC15M-26APR280600-00,068a28e9-4849-5b83-8046-6f0fa09d2c93,1777369519,0.44,10.0,yes,"{""count_fp"":""10.00"",""created_time"":""2026-04-28T09:45:19.427717Z"",""no_price_dollars"":""0.5600"",""taker_side"":""yes"",""ticker"":""KXBTC15M-26APR280600-00"",""trade_id"":""068a28e9-4849-5b83-8046-6f0fa09d2c93"",""yes_price_dollars"":""0.4400""}"
KXBTC15M-26APR280600-00,fb143d7d-3355-6236-39b1-b7bbb48c1edf,1777369519,0.44,3.0,no,"{""count_fp"":""3.00"",""created_time"":""2026-04-28T09:45:19.153425Z"",""no_price_dollars"":""0.5600"",""taker_side"":""no"",""ticker"":""KXBTC15M-26APR280600-00"",""trade_id"":""fb143d7d-3355-6236-39b1-b7bbb48c1edf"",""yes_price_dollars"":""0.4400""}"
KXBTC15M-26APR280600-00,dcf6c063-82be-61a3-1ae5-360a1b9337bd,1777369519,0.44,1.0,no,"{""count_fp"":""1.00"",""created_time"":""2026-04-28T09:45:19.153425Z"",""no_price_dollars"":""0.5600"",""taker_side"":""no"",""ticker"":""KXBTC15M-26APR280600-00"",""trade_id"":""dcf6c063-82be-61a3-1ae5-360a1b9337bd"",""yes_price_dollars"":""0.4400""}"
KXBTC15M-26APR280600-00,d3912039-078c-6c31-1075-bf49eb5e74a1,1777369519,0.44,30.0,no,"{""count_fp"":""30.00"",""created_time"":""2026-04-28T09:45:19.153425Z"",""no_price_dollars"":""0.5600"",""taker_side"":""no"",""ticker"":""KXBTC15M-26APR280600-00"",""trade_id"":""d3912039-078c-6c31-1075-bf49eb5e74a1"",""yes_price_dollars"":""0.4400""}"
KXBTC15M-26APR280600-00,297fcea1-f512-6f7e-1165-e442fff95db7,1777369519,0.44,20.0,no,"{""count_fp"":""20.00"",""created_time"":""2026-04-28T09:45:19.153425Z"",""no_price_dollars"":""0.5600"",""taker_side"":""no"",""ticker"":""KXBTC15M-26APR280600-00"",""trade_id"":""297fcea1-f512-6f7e-1165-e442fff95db7"",""yes_price_dollars"":""0.4400""}"
KXBTC15M-26APR280600-00,23b229d1-e7a7-47b9-cc12-d3153558b43d,1777369519,0.45,2.0,yes,"{""count_fp"":""2.00"",""created_time"":""2026-04-28T09:45:19.058116Z"",""no_price_dollars"":""0.5500"",""taker_side"":""yes"",""ticker"":""KXBTC15M-26APR280600-00"",""trade_id"":""23b229d1-e7a7-47b9-cc12-d3153558b43d"",""yes_price_dollars"":""0.4500""}"
KXBTC15M-26APR280600-00,8486c161-8eba-402a-057d-1c31ad28e396,1777369519,0.45,23.0,yes,"{""count_fp"":""23.00"",""created_time"":""2026-04-28T09:45:19.028659Z"",""no_price_dollars"":""0.5500"",""taker_side"":""yes"",""ticker"":""KXBTC15M-26APR280600-00"",""trade_id"":""8486c161-8eba-402a-057d-1c31ad28e396"",""yes_price_dollars"":""0.4500""}"
KXBTC15M-26APR280600-00,53f3c1dd-b243-4061-3be8-5c312af3da35,1777369519,0.45,28.28,yes,"{""count_fp"":""28.28"",""created_time"":""2026-04-28T09:45:19.028659Z"",""no_price_dollars"":""0.5500"",""taker_side"":""yes"",""ticker"":""KXBTC15M-26APR280600-00"",""trade_id"":""53f3c1dd-b243-4061-3be8-5c312af3da35"",""yes_price_dollars"":""0.4500""}"
KXBTC15M-26APR280600-00,9922f6eb-8d41-6f83-41be-eef7730191e7,1777369520,0.44,1.0,yes,"{""count_fp"":""1.00"",""created_time"":""2026-04-28T09:45:20.369343Z"",""no_price_dollars"":""0.5600"",""taker_side"":""yes"",""ticker"":""KXBTC15M-26APR280600-00"",""trade_id"":""9922f6eb-8d41-6f83-41be-eef7730191e7"",""yes_price_dollars"":""0.4400""}"
KXBTC15M-26APR280600-00,7ea9e610-a627-6bfa-d11a-9e56b019e74b,1777369520,0.43,19.06,no,"{""count_fp"":""19.06"",""created_time"":""2026-04-28T09:45:20.296343Z"",""no_price_dollars"":""0.5700"",""taker_side"":""no"",""ticker"":""KXBTC15M-26APR280600-00"",""trade_id"":""7ea9e610-a627-6bfa-d11a-9e56b019e74b"",""yes_price_dollars"":""0.4300""}"
KXBTC15M-26APR280600-00,034ebc61-711b-6960-c790-9e79c44a36a1,1777369520,0.43,15.0,no,"{""count_fp"":""15.00"",""created_time"":""2026-04-28T09:45:20.296343Z"",""no_price_dollars"":""0.5700"",""taker_side"":""no"",""ticker"":""KXBTC15M-26APR280600-00"",""trade_id"":""034ebc61-711b-6960-c790-9e79c44a36a1"",""yes_price_dollars"":""0.4300""}"
KXBTC15M-26APR280600-00,efacc05d-b57d-47c0-c40d-428b11acf592,1777369521,0.4,119.0,no,"{""count_fp"":""119.00"",""created_time"":""2026-04-28T09:45:21.717087Z"",""no_price_dollars"":""0.6000"",""taker_side"":""no"",""ticker"":""KXBTC15M-26APR280600-00"",""trade_id"":""efacc05d-b57d-47c0-c40d-428b11acf592"",""yes_price_dollars"":""0.4000""}"
KXBTC15M-26APR280600-00,e84e4b23-4b2b-44b0-dc8d-3128731f54a3,1777369521,0.39,39.88,no,"{""count_fp"":""39.88"",""created_time"":""2026-04-28T09:45:21.717087Z"",""no_price_dollars"":""0.6100"",""taker_side"":""no"",""ticker"":""KXBTC15M-26APR280600-00"",""trade_id"":""e84e4b23-4b2b-44b0-dc8d-3128731f54a3"",""yes_price_dollars"":""0.3900""}"
KXBTC15M-26APR280600-00,e64877c6-c3bb-4922-dc84-fcf1a05e00f3,1777369521,0.43,0.94,no,"{""count_fp"":""0.94"",""created_time"":""2026-04-28T09:45:21.717087Z"",""no_price_dollars"":""0.5700"",""taker_side"":""no"",""ticker"":""KXBTC15M-26APR280600-00"",""trade_id"":""e64877c6-c3bb-4922-dc84-fcf1a05e00f3"",""yes_price_dollars"":""0.4300""}"
KXBTC15M-26APR280600-00,dd209730-fada-45c4-db93-4bb8b8999429,1777369521,0.42,1.0,no,"{""count_fp"":""1.00"",""created_time"":""2026-04-28T09:45:21.717087Z"",""no_price_dollars"":""0.5800"",""taker_side"":""no"",""ticker"":""KXBTC15M-26APR280600-00"",""trade_id"":""dd209730-fada-45c4-db93-4bb8b8999429"",""yes_price_dollars"":""0.4200""}"
KXBTC15M-26APR280600-00,be0d0d88-2cee-43b6-ef71-da54543a8d9c,1777369521,0.4,40.0,no,"{""count_fp"":""40.00"",""created_time"":""2026-04-28T09:45:21.717087Z"",""no_price_dollars"":""0.6000"",""taker_side"":""no"",""ticker"":""KXBTC15M-26APR280600-00"",""trade_id"":""be0d0d88-2cee-43b6-ef71-da54543a8d9c"",""yes_price_dollars"":""0.4000""}"
KXBTC15M-26APR280600-00,a93ab2a4-fb8d-4fe4-e983-17255ea74a40,1777369521,0.41,119.0,no,"{""count_fp"":""119.00"",""created_time"":""2026-04-28T09:45:21.717087Z"",""no_price_dollars"":""0.5900"",""taker_side"":""no"",""ticker"":""KXBTC15M-26APR280600-00"",""trade_id"":""a93ab2a4-fb8d-4fe4-e983-17255ea74a40"",""yes_price_dollars"":""0.4100""}"
KXBTC15M-26APR280600-00,a0ba2b25-7ef8-4c8d-cd37-e3374e6d2c36,1777369521,0.4,12.0,no,"{""count_fp"":""12.00"",""created_time"":""2026-04-28T09:45:21.717087Z"",""no_price_dollars"":""0.6000"",""taker_side"":""no"",""ticker"":""KXBTC15M-26APR280600-00"",""trade_id"":""a0ba2b25-7ef8-4c8d-cd37-e3374e6d2c36"",""yes_price_dollars"":""0.4000""}"
KXBTC15M-26APR280600-00,970b7bba-1f16-4155-fd37-a00bc18d8a43,1777369521,0.42,3.0,no,"{""count_fp"":""3.00"",""created_time"":""2026-04-28T09:45:21.717087Z"",""no_price_dollars"":""0.5800"",""taker_side"":""no"",""ticker"":""KXBTC15M-26APR280600-00"",""trade_id"":""970b7bba-1f16-4155-fd37-a00bc18d8a43"",""yes_price_dollars"":""0.4200""}"
KXBTC15M-26APR280600-00,8556790e-7da6-4df8-ed82-ef6981703513,1777369521,0.42,40.0,no,"{""count_fp"":""40.00"",""created_time"":""2026-04-28T09:45:21.717087Z"",""no_price_dollars"":""0.5800"",""taker_side"":""no"",""ticker"":""KXBTC15M-26APR280600-00"",""trade_id"":""8556790e-7da6-4df8-ed82-ef6981703513"",""yes_price_dollars"":""0.4200""}"
KXBTC15M-26APR280600-00,8521c403-c5de-4388-f54e-20794ad494bc,1777369521,0.43,12.0,no,"{""count_fp"":""12.00"",""created_time"":""2026-04-28T09:45:21.717087Z"",""no_price_dollars"":""0.5700"",""taker_side"":""no"",""ticker"":""KXBTC15M-26APR280600-00"",""trade_id"":""8521c403-c5de-4388-f54e-20794ad494bc"",""yes_price_dollars"":""0.4300""}"
KXBTC15M-26APR280600-00,82efb66d-624b-4f48-cf39-ede112a9c9fa,1777369521,0.4,5.0,no,"{""count_fp"":""5.00"",""created_time"":""2026-04-28T09:45:21.717087Z"",""no_price_dollars"":""0.6000"",""taker_side"":""no"",""ticker"":""KXBTC15M-26APR280600-00"",""trade_id"":""82efb66d-624b-4f48-cf39-ede112a9c9fa"",""yes_price_dollars"":""0.4000""}"
KXBTC15M-26APR280600-00,5a518a2f-7500-47a7-d8bc-2bc0a75e1a36,1777369521,0.41,20.0,no,"{""count_fp"":""20.00"",""created_time"":""2026-04-28T09:45:21.717087Z"",""no_price_dollars"":""0.5900"",""taker_side"":""no"",""ticker"":""KXBTC15M-26APR280600-00"",""trade_id"":""5a518a2f-7500-47a7-d8bc-2bc0a75e1a36"",""yes_price_dollars"":""0.4100""}"
KXBTC15M-26APR280600-00,43beec5b-62bd-4970-dbf8-5065bfc79b2b,1777369521,0.4,56.0,no,"{""count_fp"":""56.00"",""created_time"":""2026-04-28T09:45:21.717087Z"",""no_price_dollars"":""0.6000"",""taker_side"":""no"",""ticker"":""KXBTC15M-26APR280600-00"",""trade_id"":""43beec5b-62bd-4970-dbf8-5065bfc79b2b"",""yes_price_dollars"":""0.4000""}"
KXBTC15M-26APR280600-00,42fe34cd-6904-4ba2-f01d-eb6a89a82d3b,1777369521,0.41,5.0,no,"{""count_fp"":""5.00"",""created_time"":""2026-04-28T09:45:21.717087Z"",""no_price_dollars"":""0.5900"",""taker_side"":""no"",""ticker"":""KXBTC15M-26APR280600-00"",""trade_id"":""42fe34cd-6904-4ba2-f01d-eb6a89a82d3b"",""yes_price_dollars"":""0.4100""}"
KXBTC15M-26APR280600-00,4205d987-f4e0-4966-e724-7119e2612708,1777369521,0.41,5.0,no,"{""count_fp"":""5.00"",""created_time"":""2026-04-28T09:45:21.717087Z"",""no_price_dollars"":""0.5900"",""taker_side"":""no"",""ticker"":""KXBTC15M-26APR280600-00"",""trade_id"":""4205d987-f4e0-4966-e724-7119e2612708"",""yes_price_dollars"":""0.4100""}"
KXBTC15M-26APR280600-00,23601d79-0b4d-41b2-d2e1-018fc1c61f1f,1777369521,0.39,132.0,no,"{""count_fp"":""132.00"",""created_time"":""2026-04-28T09:45:21.717087Z"",""no_price_dollars"":""0.6100"",""taker_side"":""no"",""ticker"":""KXBTC15M-26APR280600-00"",""trade_id"":""23601d79-0b4d-41b2-d2e1-018fc1c61f1f"",""yes_price_dollars"":""0.3900""}"
KXBTC15M-26APR280600-00,0d6f3906-330f-4e45-e4f7-87540b7a8d44,1777369521,0.42,1.0,no,"{""count_fp"":""1.00"",""created_time"":""2026-04-28T09:45:21.717087Z"",""no_price_dollars"":""0.5800"",""taker_side"":""no"",""ticker"":""KXBTC15M-26APR280600-00"",""trade_id"":""0d6f3906-330f-4e45-e4f7-87540b7a8d44"",""yes_price_dollars"":""0.4200""}"
KXBTC15M-26APR280600-00,080515cd-663e-437b-d230-0ab77da4f8dd,1777369521,0.41,40.0,no,"{""count_fp"":""40.00"",""created_time"":""2026-04-28T09:45:21.717087Z"",""no_price_dollars"":""0.5900"",""taker_side"":""no"",""ticker"":""KXBTC15M-26APR280600-00"",""trade_id"":""080515cd-663e-437b-d230-0ab77da4f8dd"",""yes_price_dollars"":""0.4100""}"
KXBTC15M-26APR280600-00,4ece5315-ac17-5921-642b-ebe27635960d,1777369521,0.44,4.8,yes,"{""count_fp"":""4.80"",""created_time"":""2026-04-28T09:45:21.178678Z"",""no_price_dollars"":""0.5600"",""taker_side"":""yes"",""ticker"":""KXBTC15M-26APR280600-00"",""trade_id"":""4ece5315-ac17-5921-642b-ebe27635960d"",""yes_price_dollars"":""0.4400""}"
KXBTC15M-26APR280600-00,1b8b2f26-6995-5f8f-5153-626fad31dde3,1777369521,0.44,28.0,yes,"{""count_fp"":""28.00"",""created_time"":""2026-04-28T09:45:21.178678Z"",""no_price_dollars"":""0.5600"",""taker_side"":""yes"",""ticker"":""KXBTC15M-26APR280600-00"",""trade_id"":""1b8b2f26-6995-5f8f-5153-626fad31dde3"",""yes_price_dollars"":""0.4400""}"
KXBTC15M-26APR280600-00,b3475e31-b2a3-7355-1110-5d7b7136ca15,1777369522,0.42,10.0,yes,"{""count_fp"":""10.00"",""created_time"":""2026-04-28T09:45:22.685539Z"",""no_price_dollars"":""0.5800"",""taker_side"":""yes"",""ticker"":""KXBTC15M-26APR280600-00"",""trade_id"":""b3475e31-b2a3-7355-1110-5d7b7136ca15"",""yes_price_dollars"":""0.4200""}"
KXBTC15M-26APR280600-00,c32c70c3-f9c3-4a41-1ed6-9dd0373c4d89,1777369522,0.42,500.0,yes,"{""count_fp"":""500.00"",""created_time"":""2026-04-28T09:45:22.039504Z"",""no_price_dollars"":""0.5800"",""taker_side"":""yes"",""ticker"":""KXBTC15M-26APR280600-00"",""trade_id"":""c32c70c3-f9c3-4a41-1ed6-9dd0373c4d89"",""yes_price_dollars"":""0.4200""}"
KXBTC15M-26APR280600-00,3a32807c-e6e7-47a7-0854-f28f3227f6fc,1777369523,0.42,2.28,yes,"{""count_fp"":""2.28"",""created_time"":""2026-04-28T09:45:23.633458Z"",""no_price_dollars"":""0.5800"",""taker_side"":""yes"",""ticker"":""KXBTC15M-26APR280600-00"",""trade_id"":""3a32807c-e6e7-47a7-0854-f28f3227f6fc"",""yes_price_dollars"":""0.4200""}"
KXBTC15M-26APR280600-00,3d43ccec-bbe7-6253-c04b-e962e4d39014,1777369523,0.42,83.1,yes,"{""count_fp"":""83.10"",""created_time"":""2026-04-28T09:45:23.457731Z"",""no_price_dollars"":""0.5800"",""taker_side"":""yes"",""ticker"":""KXBTC15M-26APR280600-00"",""trade_id"":""3d43ccec-bbe7-6253-c04b-e962e4d39014"",""yes_price_dollars"":""0.4200""}"
KXBTC15M-26APR280600-00,05e91adf-eb67-50cb-85d6-6e19ebb3061c,1777369523,0.42,2.28,yes,"{""count_fp"":""2.28"",""created_time"":""2026-04-28T09:45:23.425919Z"",""no_price_dollars"":""0.5800"",""taker_side"":""yes"",""ticker"":""KXBTC15M-26APR280600-00"",""trade_id"":""05e91adf-eb67-50cb-85d6-6e19ebb3061c"",""yes_price_dollars"":""0.4200""}"
KXBTC15M-26APR280600-00,322c66ed-d705-77c2-1d1f-a88e9e68e458,1777369523,0.42,11.5,yes,"{""count_fp"":""11.50"",""created_time"":""2026-04-28T09:45:23.280518Z"",""no_price_dollars"":""0.5800"",""taker_side"":""yes"",""ticker"":""KXBTC15M-26APR280600-00"",""trade_id"":""322c66ed-d705-77c2-1d1f-a88e9e68e458"",""yes_price_dollars"":""0.4200""}"
KXBTC15M-26APR280600-00,1e342784-928b-708f-1090-f4e83d3b7ba4,1777369523,0.42,95.52,yes,"{""count_fp"":""95.52"",""created_time"":""2026-04-28T09:45:23.280518Z"",""no_price_dollars"":""0.5800"",""taker_side"":""yes"",""ticker"":""KXBTC15M-26APR280600-00"",""trade_id"":""1e342784-928b-708f-1090-f4e83d3b7ba4"",""yes_price_dollars"":""0.4200""}"
KXBTC15M-26APR280600-00,051a6ef3-db93-7dfd-3555-1df471268795,1777369523,0.42,0.51,yes,"{""count_fp"":""0.51"",""created_time"":""2026-04-28T09:45:23.280518Z"",""no_price_dollars"":""0.5800"",""taker_side"":""yes"",""ticker"":""KXBTC15M-26APR280600-00"",""trade_id"":""051a6ef3-db93-7dfd-3555-1df471268795"",""yes_price_dollars"":""0.4200""}"
KXBTC15M-26APR280600-00,e9531b14-dc83-4b26-a41b-558f1a78f093,1777369524,0.39,11.0,yes,"{""count_fp"":""11.00"",""created_time"":""2026-04-28T09:45:24.566255Z"",""no_price_dollars"":""0.6100"",""taker_side"":""yes"",""ticker"":""KXBTC15M-26APR280600-00"",""trade_id"":""e9531b14-dc83-4b26-a41b-558f1a78f093"",""yes_price_dollars"":""0.3900""}"
KXBTC15M-26APR280600-00,4e46601d-bba3-42f6-b902-8d7e756f7ee3,1777369524,0.39,2.0,yes,"{""count_fp"":""2.00"",""created_time"":""2026-04-28T09:45:24.475872Z"",""no_price_dollars"":""0.6100"",""taker_side"":""yes"",""ticker"":""KXBTC15M-26APR280600-00"",""trade_id"":""4e46601d-bba3-42f6-b902-8d7e756f7ee3"",""yes_price_dollars"":""0.3900""}"
KXBTC15M-26APR280600-00,e1249cb1-365d-799a-3083-698f323e37e9,1777369524,0.38,2.0,no,"{""count_fp"":""2.00"",""created_time"":""2026-04-28T09:45:24.420484Z"",""no_price_dollars"":""0.6200"",""taker_side"":""no"",""ticker"":""KXBTC15M-26APR280600-00"",""trade_id"":""e1249cb1-365d-799a-3083-698f323e37e9"",""yes_price_dollars"":""0.3800""}"
KXBTC15M-26APR280600-00,c455e61e-7f41-7ef2-0e4e-69602ca7ad5b,1777369524,0.38,26.13,no,"{""count_fp"":""26.13"",""created_time"":""2026-04-28T09:45:24.420484Z"",""no_price_dollars"":""0.6200"",""taker_side"":""no"",""ticker"":""KXBTC15M-26APR280600-00"",""trade_id"":""c455e61e-7f41-7ef2-0e4e-69602ca7ad5b"",""yes_price_dollars"":""0.3800""}"
KXBTC15M-26APR280600-00,689aac68-5fd5-73c4-3c14-5583b10eae30,1777369524,0.38,1.87,no,"{""count_fp"":""1.87"",""created_time"":""2026-04-28T09:45:24.420484Z"",""no_price_dollars"":""0.6200"",""taker_side"":""no"",""ticker"":""KXBTC15M-26APR280600-00"",""trade_id"":""689aac68-5fd5-73c4-3c14-5583b10eae30"",""yes_price_dollars"":""0.3800""}"
KXBTC15M-26APR280600-00,62dbf0d8-1c57-7a0f-28c7-6a980a2aa94d,1777369524,0.38,20.0,no,"{""count_fp"":""20.00"",""created_time"":""2026-04-28T09:45:24.420484Z"",""no_price_dollars"":""0.6200"",""taker_side"":""no"",""ticker"":""KXBTC15M-26APR280600-00"",""trade_id"":""62dbf0d8-1c57-7a0f-28c7-6a980a2aa94d"",""yes_price_dollars"":""0.3800""}"
KXBTC15M-26APR280600-00,52c70b2e-c4c5-409e-6d57-eea818de41db,1777369524,0.38,20.05,no,"{""count_fp"":""20.05"",""created_time"":""2026-04-28T09:45:24.223101Z"",""no_price_dollars"":""0.6200"",""taker_side"":""no"",""ticker"":""KXBTC15M-26APR280600-00"",""trade_id"":""52c70b2e-c4c5-409e-6d57-eea818de41db"",""yes_price_dollars"":""0.3800""}"
KXBTC15M-26APR280600-00,599b020b-da05-4a04-23ac-b769882a9f9c,1777369524,0.39,3.0,no,"{""count_fp"":""3.00"",""created_time"":""2026-04-28T09:45:24.200235Z"",""no_price_dollars"":""0.6100"",""taker_side"":""no"",""ticker"":""KXBTC15M-26APR280600-00"",""trade_id"":""599b020b-da05-4a04-23ac-b769882a9f9c"",""yes_price_dollars"":""0.3900""}"
KXBTC15M-26APR280600-00,3b7c7e45-5b7a-641b-e853-50a84688daba,1777369524,0.4,20.0,no,"{""count_fp"":""20.00"",""created_time"":""2026-04-28T09:45:24.178631Z"",""no_price_dollars"":""0.6000"",""taker_side"":""no"",""ticker"":""KXBTC15M-26APR280600-00"",""trade_id"":""3b7c7e45-5b7a-641b-e853-50a84688daba"",""yes_price_dollars"":""0.4000""}"
KXBTC15M-26APR280600-00,0a3c17d4-d960-67f6-ce8a-2029dd373437,1777369524,0.4,3.0,no,"{""count_fp"":""3.00"",""created_time"":""2026-04-28T09:45:24.178631Z"",""no_price_dollars"":""0.6000"",""taker_side"":""no"",""ticker"":""KXBTC15M-26APR280600-00"",""trade_id"":""0a3c17d4-d960-67f6-ce8a-2029dd373437"",""yes_price_dollars"":""0.4000""}"
KXBTC15M-26APR280600-00,34a8a9e9-5b4a-44af-2870-0707b5109b1e,1777369524,0.4,10.0,no,"{""count_fp"":""10.00"",""created_time"":""2026-04-28T09:45:24.161861Z"",""no_price_dollars"":""0.6000"",""taker_side"":""no"",""ticker"":""KXBTC15M-26APR280600-00"",""trade_id"":""34a8a9e9-5b4a-44af-2870-0707b5109b1e"",""yes_price_dollars"":""0.4000""}"
KXBTC15M-26APR280600-00,ff4f9f8f-48ce-4003-ac90-43083888dc5a,1777369524,0.4,10.0,no,"{""count_fp"":""10.00"",""created_time"":""2026-04-28T09:45:24.112537Z"",""no_price_dollars"":""0.6000"",""taker_side"":""no"",""ticker"":""KXBTC15M-26APR280600-00"",""trade_id"":""ff4f9f8f-48ce-4003-ac90-43083888dc5a"",""yes_price_dollars"":""0.4000""}"
KXBTC15M-26APR280600-00,d983bb2b-37c2-503d-df78-d2618b17945d,1777369524,0.41,30.0,no,"{""count_fp"":""30.00"",""created_time"":""2026-04-28T09:45:24.096632Z"",""no_price_dollars"":""0.5900"",""taker_side"":""no"",""ticker"":""KXBTC15M-26APR280600-00"",""trade_id"":""d983bb2b-37c2-503d-df78-d2618b17945d"",""yes_price_dollars"":""0.4100""}"
KXBTC15M-26APR280600-00,96492eef-d7e0-512d-c1af-2e83de85138c,1777369524,0.41,10.0,no,"{""count_fp"":""10.00"",""created_time"":""2026-04-28T09:45:24.096632Z"",""no_price_dollars"":""0.5900"",""taker_side"":""no"",""ticker"":""KXBTC15M-26APR280600-00"",""trade_id"":""96492eef-d7e0-512d-c1af-2e83de85138c"",""yes_price_dollars"":""0.4100""}"
KXBTC15M-26APR280600-00,21850ef1-2c89-569d-d303-729f6d7f3a07,1777369524,0.41,3.0,no,"{""count_fp"":""3.00"",""created_time"":""2026-04-28T09:45:24.096632Z"",""no_price_dollars"":""0.5900"",""taker_side"":""no"",""ticker"":""KXBTC15M-26APR280600-00"",""trade_id"":""21850ef1-2c89-569d-d303-729f6d7f3a07"",""yes_price_dollars"":""0.4100""}"
KXBTC15M-26APR280600-00,1f507cb1-49ff-513e-ce4d-6f267584edd8,1777369524,0.41,3.0,no,"{""count_fp"":""3.00"",""created_time"":""2026-04-28T09:45:24.096632Z"",""no_price_dollars"":""0.5900"",""taker_side"":""no"",""ticker"":""KXBTC15M-26APR280600-00"",""trade_id"":""1f507cb1-49ff-513e-ce4d-6f267584edd8"",""yes_price_dollars"":""0.4100""}"
KXBTC15M-26APR280600-00,554591b0-e7ba-46b5-a4a8-4e99928924a9,1777369524,0.41,10.0,no,"{""count_fp"":""10.00"",""created_time"":""2026-04-28T09:45:24.043882Z"",""no_price_dollars"":""0.5900"",""taker_side"":""no"",""ticker"":""KXBTC15M-26APR280600-00"",""trade_id"":""554591b0-e7ba-46b5-a4a8-4e99928924a9"",""yes_price_dollars"":""0.4100""}"
KXBTC15M-26APR280600-00,b2480c09-2c15-578a-2263-1aa4c01ae292,1777369525,0.38,18.64,yes,"{""count_fp"":""18.64"",""created_time"":""2026-04-28T09:45:25.698903Z"",""no_price_dollars"":""0.6200"",""taker_side"":""yes"",""ticker"":""KXBTC15M-26APR280600-00"",""trade_id"":""b2480c09-2c15-578a-2263-1aa4c01ae292"",""yes_price_dollars"":""0.3800""}"
KXBTC15M-26APR280600-00,86a78247-e8e3-563b-057c-1f7bf72ed408,1777369525,0.38,30.54,yes,"{""count_fp"":""30.54"",""created_time"":""2026-04-28T09:45:25.698903Z"",""no_price_dollars"":""0.6200"",""taker_side"":""yes"",""ticker"":""KXBTC15M-26APR280600-00"",""trade_id"":""86a78247-e8e3-563b-057c-1f7bf72ed408"",""yes_price_dollars"":""0.3800""}"
KXBTC15M-26APR280600-00,828f165d-8089-7796-0935-927166d367e2,1777369525,0.38,21.36,yes,"{""count_fp"":""21.36"",""created_time"":""2026-04-28T09:45:25.244275Z"",""no_price_dollars"":""0.6200"",""taker_side"":""yes"",""ticker"":""KXBTC15M-26APR280600-00"",""trade_id"":""828f165d-8089-7796-0935-927166d367e2"",""yes_price_dollars"":""0.3800""}"
KXBTC15M-26APR280600-00,2629658e-dec5-7682-0323-c6aefe8f0065,1777369525,0.38,3.0,yes,"{""count_fp"":""3.00"",""created_time"":""2026-04-28T09:45:25.244275Z"",""no_price_dollars"":""0.6200"",""taker_side"":""yes"",""ticker"":""KXBTC15M-26APR280600-00"",""trade_id"":""2629658e-dec5-7682-0323-c6aefe8f0065"",""yes_price_dollars"":""0.3800""}"
KXBTC15M-26APR280600-00,f465a578-bac9-6828-737f-e5ef9670be8c,1777369525,0.38,1.13,no,"{""count_fp"":""1.13"",""created_time"":""2026-04-28T09:45:25.095537Z"",""no_price_dollars"":""0.6200"",""taker_side"":""no"",""ticker"":""KXBTC15M-26APR280600-00"",""trade_id"":""f465a578-bac9-6828-737f-e5ef9670be8c"",""yes_price_dollars"":""0.3800""}"
KXBTC15M-26APR280600-00,cff937fe-8c05-68f7-6d71-4c7c16881d7f,1777369525,0.38,12.0,no,"{""count_fp"":""12.00"",""created_time"":""2026-04-28T09:45:25.095537Z"",""no_price_dollars"":""0.6200"",""taker_side"":""no"",""ticker"":""KXBTC15M-26APR280600-00"",""trade_id"":""cff937fe-8c05-68f7-6d71-4c7c16881d7f"",""yes_price_dollars"":""0.3800""}"
KXBTC15M-26APR280600-00,b4a6536c-964b-6efb-ad25-31837fdbf0d8,1777369526,0.38,36.88,yes,"{""count_fp"":""36.88"",""created_time"":""2026-04-28T09:45:26.521906Z"",""no_price_dollars"":""0.6200"",""taker_side"":""yes"",""ticker"":""KXBTC15M-26APR280600-00"",""trade_id"":""b4a6536c-964b-6efb-ad25-31837fdbf0d8"",""yes_price_dollars"":""0.3800""}"
KXBTC15M-26APR280600-00,0e597863-9d5f-4fb3-b243-3b9928a07578,1777369526,0.38,3.0,yes,"{""count_fp"":""3.00"",""created_time"":""2026-04-28T09:45:26.474566Z"",""no_price_dollars"":""0.6200"",""taker_side"":""yes"",""ticker"":""KXBTC15M-26APR280600-00"",""trade_id"":""0e597863-9d5f-4fb3-b243-3b9928a07578"",""yes_price_dollars"":""0.3800""}"
KXBTC15M-26APR280600-00,0f4aed85-16cb-427f-b978-bb6f03a10f44,1777369526,0.38,6.0,yes,"{""count_fp"":""6.00"",""created_time"":""2026-04-28T09:45:26.195754Z"",""no_price_dollars"":""0.6200"",""taker_side"":""yes"",""ticker"":""KXBTC15M-26APR280600-00"",""trade_id"":""0f4aed85-16cb-427f-b978-bb6f03a10f44"",""yes_price_dollars"":""0.3800""}"
KXBTC15M-26APR280600-00,913210db-09bf-7647-a1e5-abc455927248,1777369526,0.38,20.0,yes,"{""count_fp"":""20.00"",""created_time"":""2026-04-28T09:45:26.075663Z"",""no_price_dollars"":""0.6200"",""taker_side"":""yes"",""ticker"":""KXBTC15M-26APR280600-00"",""trade_id"":""913210db-09bf-7647-a1e5-abc455927248"",""yes_price_dollars"":""0.3800""}"
KXBTC15M-26APR280600-00,4fa315c3-58d7-6eef-c33e-ba3fbf91d358,1777369526,0.38,18.0,yes,"{""count_fp"":""18.00"",""created_time"":""2026-04-28T09:45:26.061402Z"",""no_price_dollars"":""0.6200"",""taker_side"":""yes"",""ticker"":""KXBTC15M-26APR280600-00"",""trade_id"":""4fa315c3-58d7-6eef-c33e-ba3fbf91d358"",""yes_price_dollars"":""0.3800""}"
KXBTC15M-26APR280600-00,2a62988e-837e-5cfa-e6cf-6fffca11978a,1777369527,0.37,42.87,no,"{""count_fp"":""42.87"",""created_time"":""2026-04-28T09:45:27.240812Z"",""no_price_dollars"":""0.6300"",""taker_side"":""no"",""ticker"":""KXBTC15M-26APR280600-00"",""trade_id"":""2a62988e-837e-5cfa-e6cf-6fffca11978a"",""yes_price_dollars"":""0.3700""}"
KXBTC15M-26APR280600-00,8d5a90a8-ec7e-4626-bd66-81fbcc41d28e,1777369527,0.37,37.31,no,"{""count_fp"":""37.31"",""created_time"":""2026-04-28T09:45:27.222436Z"",""no_price_dollars"":""0.6300"",""taker_side"":""no"",""ticker"":""KXBTC15M-26APR280600-00"",""trade_id"":""8d5a90a8-ec7e-4626-bd66-81fbcc41d28e"",""yes_price_dollars"":""0.3700""}"
KXBTC15M-26APR280600-00,3321b0dc-8302-5e82-931d-81716fcc390a,1777369527,0.37,3.07,no,"{""count_fp"":""3.07"",""created_time"":""2026-04-28T09:45:27.073891Z"",""no_price_dollars"":""0.6300"",""taker_side"":""no"",""ticker"":""KXBTC15M-26APR280600-00"",""trade_id"":""3321b0dc-8302-5e82-931d-81716fcc390a"",""yes_price_dollars"":""0.3700""}"
KXBTC15M-26APR280600-00,7455ee73-9959-4632-a8d3-0e6fba05691f,1777369528,0.38,12.61,yes,"{""count_fp"":""12.61"",""created_time"":""2026-04-28T09:45:28.935427Z"",""no_price_dollars"":""0.6200"",""taker_side"":""yes"",""ticker"":""KXBTC15M-26APR280600-00"",""trade_id"":""7455ee73-9959-4632-a8d3-0e6fba05691f"",""yes_price_dollars"":""0.3800""}"
KXBTC15M-26APR280600-00,064704e9-22a9-51fa-8554-8f84b9eac277,1777369528,0.38,10.0,yes,"{""count_fp"":""10.00"",""created_time"":""2026-04-28T09:45:28.860834Z"",""no_price_dollars"":""0.6200"",""taker_side"":""yes"",""ticker"":""KXBTC15M-26APR280600-00"",""trade_id"":""064704e9-22a9-51fa-8554-8f84b9eac277"",""yes_price_dollars"":""0.3800""}"
KXBTC15M-26APR280600-00,ab5cd9e6-b30f-5307-44a3-1264a400f110,1777369528,0.38,60.48,yes,"{""count_fp"":""60.48"",""created_time"":""2026-04-28T09:45:28.800651Z"",""no_price_dollars"":""0.6200"",""taker_side"":""yes"",""ticker"":""KXBTC15M-26APR280600-00"",""trade_id"":""ab5cd9e6-b30f-5307-44a3-1264a400f110"",""yes_price_dollars"":""0.3800""}"
KXBTC15M-26APR280600-00,68dd8076-1f92-556b-408f-144ef81bcf76,1777369528,0.38,100.0,yes,"{""count_fp"":""100.00"",""created_time"":""2026-04-28T09:45:28.800651Z"",""no_price_dollars"":""0.6200"",""taker_side"":""yes"",""ticker"":""KXBTC15M-26APR280600-00"",""trade_id"":""68dd8076-1f92-556b-408f-144ef81bcf76"",""yes_price_dollars"":""0.3800""}"
KXBTC15M-26APR280600-00,3d2b5f10-bc5d-5d62-6086-63de9ddbffa7,1777369528,0.38,839.52,yes,"{""count_fp"":""839.52"",""created_time"":""2026-04-28T09:45:28.800651Z"",""no_price_dollars"":""0.6200"",""taker_side"":""yes"",""ticker"":""KXBTC15M-26APR280600-00"",""trade_id"":""3d2b5f10-bc5d-5d62-6086-63de9ddbffa7"",""yes_price_dollars"":""0.3800""}"
KXBTC15M-26APR280600-00,51665c14-354d-4c3e-5955-be9c718419a7,1777369529,0.38,6.3,yes,"{""count_fp"":""6.30"",""created_time"":""2026-04-28T09:45:29.478822Z"",""no_price_dollars"":""0.6200"",""taker_side"":""yes"",""ticker"":""KXBTC15M-26APR280600-00"",""trade_id"":""51665c14-354d-4c3e-5955-be9c718419a7"",""yes_price_dollars"":""0.3800""}"
KXBTC15M-26APR280600-00,9eb207b9-5fcd-4fb2-a364-1026895d55bf,1777369529,0.38,49.97,yes,"{""count_fp"":""49.97"",""created_time"":""2026-04-28T09:45:29.356065Z"",""no_price_dollars"":""0.6200"",""taker_side"":""yes"",""ticker"":""KXBTC15M-26APR280600-00"",""trade_id"":""9eb207b9-5fcd-4fb2-a364-1026895d55bf"",""yes_price_dollars"":""0.3800""}"
KXBTC15M-26APR280600-00,4e223812-1586-5b72-ff4c-6955a4428a02,1777369529,0.37,15.47,no,"{""count_fp"":""15.47"",""created_time"":""2026-04-28T09:45:29.163108Z"",""no_price_dollars"":""0.6300"",""taker_side"":""no"",""ticker"":""KXBTC15M-26APR280600-00"",""trade_id"":""4e223812-1586-5b72-ff4c-6955a4428a02"",""yes_price_dollars"":""0.3700""}"
KXBTC15M-26APR280600-00,404e5283-dc8e-7196-6805-a65a9dca963a,1777369530,0.37,1.0,no,"{""count_fp"":""1.00"",""created_time"":""2026-04-28T09:45:30.997784Z"",""no_price_dollars"":""0.6300"",""taker_side"":""no"",""ticker"":""KXBTC15M-26APR280600-00"",""trade_id"":""404e5283-dc8e-7196-6805-a65a9dca963a"",""yes_price_dollars"":""0.3700""}"
KXBTC15M-26APR280600-00,598bc07a-2101-5936-5401-2630793bd53f,1777369530,0.38,2.52,yes,"{""count_fp"":""2.52"",""created_time"":""2026-04-28T09:45:30.237748Z"",""no_price_dollars"":""0.6200"",""taker_side"":""yes"",""ticker"":""KXBTC15M-26APR280600-00"",""trade_id"":""598bc07a-2101-5936-5401-2630793bd53f"",""yes_price_dollars"":""0.3800""}"
KXBTC15M-26APR280600-00,a04a70ae-b956-4fea-6754-467eda65402a,1777369531,0.37,1.0,no,"{""count_fp"":""1.00"",""created_time"":""2026-04-28T09:45:31.751034Z"",""no_price_dollars"":""0.6300"",""taker_side"":""no"",""ticker"":""KXBTC15M-26APR280600-00"",""trade_id"":""a04a70ae-b956-4fea-6754-467eda65402a"",""yes_price_dollars"":""0.3700""}"
KXBTC15M-26APR280600-00,db63c36f-1cf1-6cf6-ebe4-50dba1e830b7,1777369531,0.38,13.0,yes,"{""count_fp"":""13.00"",""created_time"":""2026-04-28T09:45:31.351951Z"",""no_price_dollars"":""0.6200"",""taker_side"":""yes"",""ticker"":""KXBTC15M-26APR280600-00"",""trade_id"":""db63c36f-1cf1-6cf6-ebe4-50dba1e830b7"",""yes_price_dollars"":""0.3800""}"
KXBTC15M-26APR280600-00,c731984f-6bee-7d12-82ef-1b4610f4fb82,1777369531,0.37,1.54,no,"{""count_fp"":""1.54"",""created_time"":""2026-04-28T09:45:31.118103Z"",""no_price_dollars"":""0.6300"",""taker_side"":""no"",""ticker"":""KXBTC15M-26APR280600-00"",""trade_id"":""c731984f-6bee-7d12-82ef-1b4610f4fb82"",""yes_price_dollars"":""0.3700""}"
KXBTC15M-26APR280600-00,e6135eaf-7213-5bdc-bb0a-882010be041f,1777369532,0.37,7.73,no,"{""count_fp"":""7.73"",""created_time"":""2026-04-28T09:45:32.513616Z"",""no_price_dollars"":""0.6300"",""taker_side"":""no"",""ticker"":""KXBTC15M-26APR280600-00"",""trade_id"":""e6135eaf-7213-5bdc-bb0a-882010be041f"",""yes_price_dollars"":""0.3700""}"
KXBTC15M-26APR280600-00,fa6cc0ec-438c-61a7-eae5-db570f15bc76,1777369532,0.37,40.0,no,"{""count_fp"":""40.00"",""created_time"":""2026-04-28T09:45:32.472228Z"",""no_price_dollars"":""0.6300"",""taker_side"":""no"",""ticker"":""KXBTC15M-26APR280600-00"",""trade_id"":""fa6cc0ec-438c-61a7-eae5-db570f15bc76"",""yes_price_dollars"":""0.3700""}"
KXBTC15M-26APR280600-00,d929ec70-5d56-66a7-ce1c-399bf1782d8a,1777369532,0.37,3.0,no,"{""count_fp"":""3.00"",""created_time"":""2026-04-28T09:45:32.472228Z"",""no_price_dollars"":""0.6300"",""taker_side"":""no"",""ticker"":""KXBTC15M-26APR280600-00"",""trade_id"":""d929ec70-5d56-66a7-ce1c-399bf1782d8a"",""yes_price_dollars"":""0.3700""}"
KXBTC15M-26APR280600-00,bc2c91ed-d776-6f7e-db6d-5025e93a7a2a,1777369532,0.37,35.74,no,"{""count_fp"":""35.74"",""created_time"":""2026-04-28T09:45:32.472228Z"",""no_price_dollars"":""0.6300"",""taker_side"":""no"",""ticker"":""KXBTC15M-26APR280600-00"",""trade_id"":""bc2c91ed-d776-6f7e-db6d-5025e93a7a2a"",""yes_price_dollars"":""0.3700""}"
KXBTC15M-26APR280600-00,b13bd5ab-273b-681c-de9c-80623a3a118b,1777369532,0.37,21.26,no,"{""count_fp"":""21.26"",""created_time"":""2026-04-28T09:45:32.472228Z"",""no_price_dollars"":""0.6300"",""taker_side"":""no"",""ticker"":""KXBTC15M-26APR280600-00"",""trade_id"":""b13bd5ab-273b-681c-de9c-80623a3a118b"",""yes_price_dollars"":""0.3700""}"
KXBTC15M-26APR280600-00,fa7ed3de-8c55-61ee-7c4e-33aae5cd746b,1777369532,0.38,9.0,yes,"{""count_fp"":""9.00"",""created_time"":""2026-04-28T09:45:32.419226Z"",""no_price_dollars"":""0.6200"",""taker_side"":""yes"",""ticker"":""KXBTC15M-26APR280600-00"",""trade_id"":""fa7ed3de-8c55-61ee-7c4e-33aae5cd746b"",""yes_price_dollars"":""0.3800""}"
KXBTC15M-26APR280600-00,f3076de1-09c5-403e-364f-d26cd948dda3,1777369532,0.38,12.6,yes,"{""count_fp"":""12.60"",""created_time"":""2026-04-28T09:45:32.370337Z"",""no_price_dollars"":""0.6200"",""taker_side"":""yes"",""ticker"":""KXBTC15M-26APR280600-00"",""trade_id"":""f3076de1-09c5-403e-364f-d26cd948dda3"",""yes_price_dollars"":""0.3800""}"
KXBTC15M-26APR280600-00,c8ed1216-2781-618a-e42f-0c0222ff711b,1777369532,0.38,10.0,yes,"{""count_fp"":""10.00"",""created_time"":""2026-04-28T09:45:32.288761Z"",""no_price_dollars"":""0.6200"",""taker_side"":""yes"",""ticker"":""KXBTC15M-26APR280600-00"",""trade_id"":""c8ed1216-2781-618a-e42f-0c0222ff711b"",""yes_price_dollars"":""0.3800""}"
KXBTC15M-26APR280600-00,b69ee4a0-b47d-6d2a-d6c8-a229d4a8594b,1777369532,0.38,40.0,yes,"{""count_fp"":""40.00"",""created_time"":""2026-04-28T09:45:32.060258Z"",""no_price_dollars"":""0.6200"",""taker_side"":""yes"",""ticker"":""KXBTC15M-26APR280600-00"",""trade_id"":""b69ee4a0-b47d-6d2a-d6c8-a229d4a8594b"",""yes_price_dollars"":""0.3800""}"
KXBTC15M-26APR280600-00,77012621-4599-713e-a853-c8bfa924496f,1777369533,0.38,27.74,yes,"{""count_fp"":""27.74"",""created_time"":""2026-04-28T09:45:33.926134Z"",""no_price_dollars"":""0.6200"",""taker_side"":""yes"",""ticker"":""KXBTC15M-26APR280600-00"",""trade_id"":""77012621-4599-713e-a853-c8bfa924496f"",""yes_price_dollars"":""0.3800""}"
KXBTC15M-26APR280600-00,97483d3f-fc95-79ce-a610-2d95c1879897,1777369533,0.38,35.0,yes,"{""count_fp"":""35.00"",""created_time"":""2026-04-28T09:45:33.838186Z"",""no_price_dollars"":""0.6200"",""taker_side"":""yes"",""ticker"":""KXBTC15M-26APR280600-00"",""trade_id"":""97483d3f-fc95-79ce-a610-2d95c1879897"",""yes_price_dollars"":""0.3800""}"
KXBTC15M-26APR280600-00,e55625f5-370d-42aa-0025-cb0594d75b0b,1777369533,0.38,5.04,yes,"{""count_fp"":""5.04"",""created_time"":""2026-04-28T09:45:33.837736Z"",""no_price_dollars"":""0.6200"",""taker_side"":""yes"",""ticker"":""KXBTC15M-26APR280600-00"",""trade_id"":""e55625f5-370d-42aa-0025-cb0594d75b0b"",""yes_price_dollars"":""0.3800""}"
KXBTC15M-26APR280600-00,13eede3b-ae8e-6aa3-00e1-5d0229f96825,1777369533,0.37,0.77,no,"{""count_fp"":""0.77"",""created_time"":""2026-04-28T09:45:33.503455Z"",""no_price_dollars"":""0.6300"",""taker_side"":""no"",""ticker"":""KXBTC15M-26APR280600-00"",""trade_id"":""13eede3b-ae8e-6aa3-00e1-5d0229f96825"",""yes_price_dollars"":""0.3700""}"
KXBTC15M-26APR280600-00,2a3f6b7f-9499-7a3a-a393-1e6c55ba236b,1777369533,0.38,2.0,yes,"{""count_fp"":""2.00"",""created_time"":""2026-04-28T09:45:33.401033Z"",""no_price_dollars"":""0.6200"",""taker_side"":""yes"",""ticker"":""KXBTC15M-26APR280600-00"",""trade_id"":""2a3f6b7f-9499-7a3a-a393-1e6c55ba236b"",""yes_price_dollars"":""0.3800""}"
KXBTC15M-26APR280600-00,a540cb2b-d1d1-566e-fb40-e4fd94e5c337,1777369533,0.38,10.0,yes,"{""count_fp"":""10.00"",""created_time"":""2026-04-28T09:45:33.204866Z"",""no_price_dollars"":""0.6200"",""taker_side"":""yes"",""ticker"":""KXBTC15M-26APR280600-00"",""trade_id"":""a540cb2b-d1d1-566e-fb40-e4fd94e5c337"",""yes_price_dollars"":""0.3800""}"
KXBTC15M-26APR280600-00,f552e9c6-856b-43f4-dd66-e26e66ec3013,1777369533,0.37,0.53,no,"{""count_fp"":""0.53"",""created_time"":""2026-04-28T09:45:33.151451Z"",""no_price_dollars"":""0.6300"",""taker_side"":""no"",""ticker"":""KXBTC15M-26APR280600-00"",""trade_id"":""f552e9c6-856b-43f4-dd66-e26e66ec3013"",""yes_price_dollars"":""0.3700""}"
KXBTC15M-26APR280600-00,bdddc3b8-e012-4a53-f5f5-ed5d0c5459fd,1777369533,0.37,7.2,no,"{""count_fp"":""7.20"",""created_time"":""2026-04-28T09:45:33.151451Z"",""no_price_dollars"":""0.6300"",""taker_side"":""no"",""ticker"":""KXBTC15M-26APR280600-00"",""trade_id"":""bdddc3b8-e012-4a53-f5f5-ed5d0c5459fd"",""yes_price_dollars"":""0.3700""}"
KXBTC15M-26APR280600-00,28b24e71-94e1-4082-d96e-dda9fea95b0b,1777369533,0.38,1.0,yes,"{""count_fp"":""1.00"",""created_time"":""2026-04-28T09:45:33.116056Z"",""no_price_dollars"":""0.6200"",""taker_side"":""yes"",""ticker"":""KXBTC15M-26APR280600-00"",""trade_id"":""28b24e71-94e1-4082-d96e-dda9fea95b0b"",""yes_price_dollars"":""0.3800""}"
KXBTC15M-26APR280600-00,0bc9125e-be3b-5f34-532d-b80387bf794b,1777369533,0.37,0.48,no,"{""count_fp"":""0.48"",""created_time"":""2026-04-28T09:45:33.018126Z"",""no_price_dollars"":""0.6300"",""taker_side"":""no"",""ticker"":""KXBTC15M-26APR280600-00"",""trade_id"":""0bc9125e-be3b-5f34-532d-b80387bf794b"",""yes_price_dollars"":""0.3700""}"
KXBTC15M-26APR280600-00,9838ac1e-0ac5-41bf-f009-a26e5de9f3fc,1777369534,0.38,19.0,yes,"{""count_fp"":""19.00"",""created_time"":""2026-04-28T09:45:34.716905Z"",""no_price_dollars"":""0.6200"",""taker_side"":""yes"",""ticker"":""KXBTC15M-26APR280600-00"",""trade_id"":""9838ac1e-0ac5-41bf-f009-a26e5de9f3fc"",""yes_price_dollars"":""0.3800""}"
KXBTC15M-26APR280600-00,f63b2ef3-1b95-7fc3-b64c-8dd00e8cf1a0,1777369534,0.38,10.0,yes,"{""count_fp"":""10.00"",""created_time"":""2026-04-28T09:45:34.503789Z"",""no_price_dollars"":""0.6200"",""taker_side"":""yes"",""ticker"":""KXBTC15M-26APR280600-00"",""trade_id"":""f63b2ef3-1b95-7fc3-b64c-8dd00e8cf1a0"",""yes_price_dollars"":""0.3800""}"
KXBTC15M-26APR280600-00,0c96b760-5181-7b87-671e-b29c4057d0b4,1777369534,0.38,37.83,yes,"{""count_fp"":""37.83"",""created_time"":""2026-04-28T09:45:34.336793Z"",""no_price_dollars"":""0.6200"",""taker_side"":""yes"",""ticker"":""KXBTC15M-26APR280600-00"",""trade_id"":""0c96b760-5181-7b87-671e-b29c4057d0b4"",""yes_price_dollars"":""0.3800""}"
KXBTC15M-26APR280600-00,5a532eb8-0a8d-4983-7221-b17cf5f1479c,1777369534,0.38,1.0,yes,"{""count_fp"":""1.00"",""created_time"":""2026-04-28T09:45:34.299787Z"",""no_price_dollars"":""0.6200"",""taker_side"":""yes"",""ticker"":""KXBTC15M-26APR280600-00"",""trade_id"":""5a532eb8-0a8d-4983-7221-b17cf5f1479c"",""yes_price_dollars"":""0.3800""}"
KXBTC15M-26APR280600-00,aa41a5ff-18f9-6fe2-0744-2717405d764b,1777369534,0.38,13.51,yes,"{""count_fp"":""13.51"",""created_time"":""2026-04-28T09:45:34.181199Z"",""no_price_dollars"":""0.6200"",""taker_side"":""yes"",""ticker"":""KXBTC15M-26APR280600-00"",""trade_id"":""aa41a5ff-18f9-6fe2-0744-2717405d764b"",""yes_price_dollars"":""0.3800""}"
KXBTC15M-26APR280600-00,4ee0fc5f-6d7d-6c15-04a1-22da05faf214,1777369534,0.38,33.19,yes,"{""count_fp"":""33.19"",""created_time"":""2026-04-28T09:45:34.181199Z"",""no_price_dollars"":""0.6200"",""taker_side"":""yes"",""ticker"":""KXBTC15M-26APR280600-00"",""trade_id"":""4ee0fc5f-6d7d-6c15-04a1-22da05faf214"",""yes_price_dollars"":""0.3800""}"
KXBTC15M-26APR280600-00,43494174-f2a5-6f8f-2bdb-bd68f8cf1838,1777369534,0.38,142.17,yes,"{""count_fp"":""142.17"",""created_time"":""2026-04-28T09:45:34.181199Z"",""no_price_dollars"":""0.6200"",""taker_side"":""yes"",""ticker"":""KXBTC15M-26APR280600-00"",""trade_id"":""43494174-f2a5-6f8f-2bdb-bd68f8cf1838"",""yes_price_dollars"":""0.3800""}"
KXBTC15M-26APR280600-00,79f5109a-6461-4586-11ee-10d1a7decc8b,1777369534,0.38,1.0,yes,"{""count_fp"":""1.00"",""created_time"":""2026-04-28T09:45:34.127832Z"",""no_price_dollars"":""0.6200"",""taker_side"":""yes"",""ticker"":""KXBTC15M-26APR280600-00"",""trade_id"":""79f5109a-6461-4586-11ee-10d1a7decc8b"",""yes_price_dollars"":""0.3800""}"
KXBTC15M-26APR280600-00,fa736994-61c2-5243-06c8-e8ee41bda4f1,1777369535,0.37,1.0,no,"{""count_fp"":""1.00"",""created_time"":""2026-04-28T09:45:35.523051Z"",""no_price_dollars"":""0.6300"",""taker_side"":""no"",""ticker"":""KXBTC15M-26APR280600-00"",""trade_id"":""fa736994-61c2-5243-06c8-e8ee41bda4f1"",""yes_price_dollars"":""0.3700""}"
KXBTC15M-26APR280600-00,4aceb37d-fa96-7243-229e-56ac6d366951,1777369535,0.37,4.31,no,"{""count_fp"":""4.31"",""created_time"":""2026-04-28T09:45:35.499798Z"",""no_price_dollars"":""0.6300"",""taker_side"":""no"",""ticker"":""KXBTC15M-26APR280600-00"",""trade_id"":""4aceb37d-fa96-7243-229e-56ac6d366951"",""yes_price_dollars"":""0.3700""}"
KXBTC15M-26APR280600-00,64ebb865-529f-5650-3864-4fc950f97747,1777369535,0.38,2.0,yes,"{""count_fp"":""2.00"",""created_time"":""2026-04-28T09:45:35.298797Z"",""no_price_dollars"":""0.6200"",""taker_side"":""yes"",""ticker"":""KXBTC15M-26APR280600-00"",""trade_id"":""64ebb865-529f-5650-3864-4fc950f97747"",""yes_price_dollars"":""0.3800""}"
KXBTC15M-26APR280600-00,aeda8e8c-c1ef-6442-20d4-64645c3dc5da,1777369536,0.37,28.0,yes,"{""count_fp"":""28.00"",""created_time"":""2026-04-28T09:45:36.914887Z"",""no_price_dollars"":""0.6300"",""taker_side"":""yes"",""ticker"":""KXBTC15M-26APR280600-00"",""trade_id"":""aeda8e8c-c1ef-6442-20d4-64645c3dc5da"",""yes_price_dollars"":""0.3700""}"
KXBTC15M-26APR280600-00,1408cce4-33f8-63f5-3cde-9998b3248447,1777369536,0.37,472.0,yes,"{""count_fp"":""472.00"",""created_time"":""2026-04-28T09:45:36.914887Z"",""no_price_dollars"":""0.6300"",""taker_side"":""yes"",""ticker"":""KXBTC15M-26APR280600-00"",""trade_id"":""1408cce4-33f8-63f5-3cde-9998b3248447"",""yes_price_dollars"":""0.3700""}"
KXBTC15M-26APR280600-00,e68f0b71-8f03-483a-031a-638ed98571f2,1777369536,0.37,12.0,yes,"{""count_fp"":""12.00"",""created_time"":""2026-04-28T09:45:36.768066Z"",""no_price_dollars"":""0.6300"",""taker_side"":""yes"",""ticker"":""KXBTC15M-26APR280600-00"",""trade_id"":""e68f0b71-8f03-483a-031a-638ed98571f2"",""yes_price_dollars"":""0.3700""}"
KXBTC15M-26APR280600-00,f140e807-3432-5b08-cb8e-fea5970dbe98,1777369536,0.36,24.0,no,"{""count_fp"":""24.00"",""created_time"":""2026-04-28T09:45:36.363668Z"",""no_price_dollars"":""0.6400"",""taker_side"":""no"",""ticker"":""KXBTC15M-26APR280600-00"",""trade_id"":""f140e807-3432-5b08-cb8e-fea5970dbe98"",""yes_price_dollars"":""0.3600""}"
KXBTC15M-26APR280600-00,63914544-4c33-52a8-2d2e-0547c45b1ab3,1777369536,0.37,0.35,no,"{""count_fp"":""0.35"",""created_time"":""2026-04-28T09:45:36.328812Z"",""no_price_dollars"":""0.6300"",""taker_side"":""no"",""ticker"":""KXBTC15M-26APR280600-00"",""trade_id"":""63914544-4c33-52a8-2d2e-0547c45b1ab3"",""yes_price_dollars"":""0.3700""}"
KXBTC15M-26APR280600-00,90df611c-e1d2-6d96-0903-2432d0e0eae5,1777369536,0.37,30.0,no,"{""count_fp"":""30.00"",""created_time"":""2026-04-28T09:45:36.328771Z"",""no_price_dollars"":""0.6300"",""taker_side"":""no"",""ticker"":""KXBTC15M-26APR280600-00"",""trade_id"":""90df611c-e1d2-6d96-0903-2432d0e0eae5"",""yes_price_dollars"":""0.3700""}"
KXBTC15M-26APR280600-00,7393e800-dbc6-6220-046d-7b7dc07ba98d,1777369536,0.37,40.0,no,"{""count_fp"":""40.00"",""created_time"":""2026-04-28T09:45:36.328771Z"",""no_price_dollars"":""0.6300"",""taker_side"":""no"",""ticker"":""KXBTC15M-26APR280600-00"",""trade_id"":""7393e800-dbc6-6220-046d-7b7dc07ba98d"",""yes_price_dollars"":""0.3700""}"
KXBTC15M-26APR280600-00,6dfc4d7b-570e-61d7-3a75-0a22e278f115,1777369536,0.37,74.35,no,"{""count_fp"":""74.35"",""created_time"":""2026-04-28T09:45:36.328771Z"",""no_price_dollars"":""0.6300"",""taker_side"":""no"",""ticker"":""KXBTC15M-26APR280600-00"",""trade_id"":""6dfc4d7b-570e-61d7-3a75-0a22e278f115"",""yes_price_dollars"":""0.3700""}"
KXBTC15M-26APR280600-00,48fa74c7-e49a-6225-3e11-c05b53ac7bf6,1777369536,0.37,40.0,no,"{""count_fp"":""40.00"",""created_time"":""2026-04-28T09:45:36.328771Z"",""no_price_dollars"":""0.6300"",""taker_side"":""no"",""ticker"":""KXBTC15M-26APR280600-00"",""trade_id"":""48fa74c7-e49a-6225-3e11-c05b53ac7bf6"",""yes_price_dollars"":""0.3700""}"
KXBTC15M-26APR280600-00,3dee3d2e-2aed-6ca7-0288-0abd2632ab7a,1777369536,0.37,51.0,no,"{""count_fp"":""51.00"",""created_time"":""2026-04-28T09:45:36.328771Z"",""no_price_dollars"":""0.6300"",""taker_side"":""no"",""ticker"":""KXBTC15M-26APR280600-00"",""trade_id"":""3dee3d2e-2aed-6ca7-0288-0abd2632ab7a"",""yes_price_dollars"":""0.3700""}"
KXBTC15M-26APR280600-00,3c9e259c-bb5f-6a04-34e5-e4f319a98eaf,1777369536,0.37,99.65,no,"{""count_fp"":""99.65"",""created_time"":""2026-04-28T09:45:36.328771Z"",""no_price_dollars"":""0.6300"",""taker_side"":""no"",""ticker"":""KXBTC15M-26APR280600-00"",""trade_id"":""3c9e259c-bb5f-6a04-34e5-e4f319a98eaf"",""yes_price_dollars"":""0.3700""}"
KXBTC15M-26APR280600-00,05743007-3b7f-6216-31c5-eb729ddfb82f,1777369536,0.37,1.0,no,"{""count_fp"":""1.00"",""created_time"":""2026-04-28T09:45:36.328771Z"",""no_price_dollars"":""0.6300"",""taker_side"":""no"",""ticker"":""KXBTC15M-26APR280600-00"",""trade_id"":""05743007-3b7f-6216-31c5-eb729ddfb82f"",""yes_price_dollars"":""0.3700""}"
KXBTC15M-26APR280600-00,2376fb5c-9af8-7a35-3dd4-befb08f3711f,1777369536,0.38,55.48,yes,"{""count_fp"":""55.48"",""created_time"":""2026-04-28T09:45:36.074168Z"",""no_price_dollars"":""0.6200"",""taker_side"":""yes"",""ticker"":""KXBTC15M-26APR280600-00"",""trade_id"":""2376fb5c-9af8-7a35-3dd4-befb08f3711f"",""yes_price_dollars"":""0.3800""}"
KXBTC15M-26APR280600-00,73dc88eb-0820-7ae1-29a3-02be9bda5edf,1777369536,0.38,39.97,yes,"{""count_fp"":""39.97"",""created_time"":""2026-04-28T09:45:36.031529Z"",""no_price_dollars"":""0.6200"",""taker_side"":""yes"",""ticker"":""KXBTC15M-26APR280600-00"",""trade_id"":""73dc88eb-0820-7ae1-29a3-02be9bda5edf"",""yes_price_dollars"":""0.3800""}"
KXBTC15M-26APR280600-00,1f49b25e-762f-7f7e-257a-46b869915879,1777369536,0.38,10.0,yes,"{""count_fp"":""10.00"",""created_time"":""2026-04-28T09:45:36.031529Z"",""no_price_dollars"":""0.6200"",""taker_side"":""yes"",""ticker"":""KXBTC15M-26APR280600-00"",""trade_id"":""1f49b25e-762f-7f7e-257a-46b869915879"",""yes_price_dollars"":""0.3800""}"
KXBTC15M-26APR280600-00,df5a9c95-a22e-509b-d484-3cd7ace7d5bb,1777369537,0.36,10.0,no,"{""count_fp"":""10.00"",""created_time"":""2026-04-28T09:45:37.447803Z"",""no_price_dollars"":""0.6400"",""taker_side"":""no"",""ticker"":""KXBTC15M-26APR280600-00"",""trade_id"":""df5a9c95-a22e-509b-d484-3cd7ace7d5bb"",""yes_price_dollars"":""0.3600""}"
KXBTC15M-26APR280600-00,dba47883-bc3b-533e-f95b-48bb5d8f4745,1777369537,0.35,34.38,no,"{""count_fp"":""34.38"",""created_time"":""2026-04-28T09:45:37.447803Z"",""no_price_dollars"":""0.6500"",""taker_side"":""no"",""ticker"":""KXBTC15M-26APR280600-00"",""trade_id"":""dba47883-bc3b-533e-f95b-48bb5d8f4745"",""yes_price_dollars"":""0.3500""}"
KXBTC15M-26APR280600-00,caa526e8-8324-5aab-dd51-5b21b1a7e4c1,1777369537,0.35,4.0,no,"{""count_fp"":""4.00"",""created_time"":""2026-04-28T09:45:37.447803Z"",""no_price_dollars"":""0.6500"",""taker_side"":""no"",""ticker"":""KXBTC15M-26APR280600-00"",""trade_id"":""caa526e8-8324-5aab-dd51-5b21b1a7e4c1"",""yes_price_dollars"":""0.3500""}"
KXBTC15M-26APR280600-00,c84b794a-f17a-5a20-f88f-cbfc02743b4c,1777369537,0.36,115.0,no,"{""count_fp"":""115.00"",""created_time"":""2026-04-28T09:45:37.447803Z"",""no_price_dollars"":""0.6400"",""taker_side"":""no"",""ticker"":""KXBTC15M-26APR280600-00"",""trade_id"":""c84b794a-f17a-5a20-f88f-cbfc02743b4c"",""yes_price_dollars"":""0.3600""}"
KXBTC15M-26APR280600-00,c52a4bd2-a548-517c-d020-240ebe222f0d,1777369537,0.35,3.0,no,"{""count_fp"":""3.00"",""created_time"":""2026-04-28T09:45:37.447803Z"",""no_price_dollars"":""0.6500"",""taker_side"":""no"",""ticker"":""KXBTC15M-26APR280600-00"",""trade_id"":""c52a4bd2-a548-517c-d020-240ebe222f0d"",""yes_price_dollars"":""0.3500""}"
KXBTC15M-26APR280600-00,7f79ac26-6fda-5bf7-c4a3-756aa1552fd1,1777369537,0.36,3.0,no,"{""count_fp"":""3.00"",""created_time"":""2026-04-28T09:45:37.447803Z"",""no_price_dollars"":""0.6400"",""taker_side"":""no"",""ticker"":""KXBTC15M-26APR280600-00"",""trade_id"":""7f79ac26-6fda-5bf7-c4a3-756aa1552fd1"",""yes_price_dollars"":""0.3600""}"
KXBTC15M-26APR280600-00,7bd3186b-c76d-503a-e949-3e8cefde1b05,1777369537,0.36,30.0,no,"{""count_fp"":""30.00"",""created_time"":""2026-04-28T09:45:37.447803Z"",""no_price_dollars"":""0.6400"",""taker_side"":""no"",""ticker"":""KXBTC15M-26APR280600-00"",""trade_id"":""7bd3186b-c76d-503a-e949-3e8cefde1b05"",""yes_price_dollars"":""0.3600""}"
KXBTC15M-26APR280600-00,71005845-984f-51a1-cacd-78058b1138f2,1777369537,0.36,40.0,no,"{""count_fp"":""40.00"",""created_time"":""2026-04-28T09:45:37.447803Z"",""no_price_dollars"":""0.6400"",""taker_side"":""no"",""ticker"":""KXBTC15M-26APR280600-00"",""trade_id"":""71005845-984f-51a1-cacd-78058b1138f2"",""yes_price_dollars"":""0.3600""}"
KXBTC15M-26APR280600-00,4ddfb12a-fd46-5a4c-fa93-b0a6622ef3ca,1777369537,0.35,138.0,no,"{""count_fp"":""138.00"",""created_time"":""2026-04-28T09:45:37.447803Z"",""no_price_dollars"":""0.6500"",""taker_side"":""no"",""ticker"":""KXBTC15M-26APR280600-00"",""trade_id"":""4ddfb12a-fd46-5a4c-fa93-b0a6622ef3ca"",""yes_price_dollars"":""0.3500""}"
KXBTC15M-26APR280600-00,9ba07691-979b-481a-525d-070fee0c22f1,1777369538,0.35,4.0,no,"{""count_fp"":""4.00"",""created_time"":""2026-04-28T09:45:38.320309Z"",""no_price_dollars"":""0.6500"",""taker_side"":""no"",""ticker"":""KXBTC15M-26APR280600-00"",""trade_id"":""9ba07691-979b-481a-525d-070fee0c22f1"",""yes_price_dollars"":""0.3500""}"
KXBTC15M-26APR280600-00,b005eb36-c447-585e-c9a1-6efac7467d7a,1777369539,0.36,1.0,yes,"{""count_fp"":""1.00"",""created_time"":""2026-04-28T09:45:39.840904Z"",""no_price_dollars"":""0.6400"",""taker_side"":""yes"",""ticker"":""KXBTC15M-26APR280600-00"",""trade_id"":""b005eb36-c447-585e-c9a1-6efac7467d7a"",""yes_price_dollars"":""0.3600""}"
KXBTC15M-26APR280600-00,914678b4-50a7-79de-e4e3-7cd1cbed77a6,1777369539,0.36,2.65,yes,"{""count_fp"":""2.65"",""created_time"":""2026-04-28T09:45:39.265847Z"",""no_price_dollars"":""0.6400"",""taker_side"":""yes"",""ticker"":""KXBTC15M-26APR280600-00"",""trade_id"":""914678b4-50a7-79de-e4e3-7cd1cbed77a6"",""yes_price_dollars"":""0.3600""}"
KXBTC15M-26APR280600-00,8a52402d-bc0f-4876-1b17-e9352c4cfdee,1777369539,0.36,53.16,yes,"{""count_fp"":""53.16"",""created_time"":""2026-04-28T09:45:39.152948Z"",""no_price_dollars"":""0.6400"",""taker_side"":""yes"",""ticker"":""KXBTC15M-26APR280600-00"",""trade_id"":""8a52402d-bc0f-4876-1b17-e9352c4cfdee"",""yes_price_dollars"":""0.3600""}"
KXBTC15M-26APR280600-00,189ccbc8-d8cb-7522-d9ad-17e240edcd06,1777369540,0.36,2.65,yes,"{""count_fp"":""2.65"",""created_time"":""2026-04-28T09:45:40.440496Z"",""no_price_dollars"":""0.6400"",""taker_side"":""yes"",""ticker"":""KXBTC15M-26APR280600-00"",""trade_id"":""189ccbc8-d8cb-7522-d9ad-17e240edcd06"",""yes_price_dollars"":""0.3600""}"
KXBTC15M-26APR280600-00,8056c596-1cf7-7ece-284d-e5793bc57ee2,1777369540,0.36,2.0,yes,"{""count_fp"":""2.00"",""created_time"":""2026-04-28T09:45:40.166693Z"",""no_price_dollars"":""0.6400"",""taker_side"":""yes"",""ticker"":""KXBTC15M-26APR280600-00"",""trade_id"":""8056c596-1cf7-7ece-284d-e5793bc57ee2"",""yes_price_dollars"":""0.3600""}"
KXBTC15M-26APR280600-00,f0b4694d-b26b-6092-c697-904abb9030c2,1777369540,0.36,12.0,yes,"{""count_fp"":""12.00"",""created_time"":""2026-04-28T09:45:40.058003Z"",""no_price_dollars"":""0.6400"",""taker_side"":""yes"",""ticker"":""KXBTC15M-26APR280600-00"",""trade_id"":""f0b4694d-b26b-6092-c697-904abb9030c2"",""yes_price_dollars"":""0.3600""}"
KXBTC15M-26APR280600-00,1e266cd6-486b-729a-11d8-85181242405e,1777369541,0.36,50.44,yes,"{""count_fp"":""50.44"",""created_time"":""2026-04-28T09:45:41.924487Z"",""no_price_dollars"":""0.6400"",""taker_side"":""yes"",""ticker"":""KXBTC15M-26APR280600-00"",""trade_id"":""1e266cd6-486b-729a-11d8-85181242405e"",""yes_price_dollars"":""0.3600""}"
KXBTC15M-26APR280600-00,f3beb834-e0c7-71fe-1840-635f59795bc2,1777369543,0.36,132.93,yes,"{""count_fp"":""132.93"",""created_time"":""2026-04-28T09:45:43.995832Z"",""no_price_dollars"":""0.6400"",""taker_side"":""yes"",""ticker"":""KXBTC15M-26APR280600-00"",""trade_id"":""f3beb834-e0c7-71fe-1840-635f59795bc2"",""yes_price_dollars"":""0.3600""}"
KXBTC15M-26APR280600-00,0f11a4a2-9533-7db2-cd27-bb0555d4cffe,1777369543,0.36,18.6,yes,"{""count_fp"":""18.60"",""created_time"":""2026-04-28T09:45:43.369608Z"",""no_price_dollars"":""0.6400"",""taker_side"":""yes"",""ticker"":""KXBTC15M-26APR280600-00"",""trade_id"":""0f11a4a2-9533-7db2-cd27-bb0555d4cffe"",""yes_price_dollars"":""0.3600""}"
KXBTC15M-26APR280600-00,0d854b10-3007-61aa-fdb3-6f33f617e58d,1777369544,0.35,1.87,no,"{""count_fp"":""1.87"",""created_time"":""2026-04-28T09:45:44.282304Z"",""no_price_dollars"":""0.6500"",""taker_side"":""no"",""ticker"":""KXBTC15M-26APR280600-00"",""trade_id"":""0d854b10-3007-61aa-fdb3-6f33f617e58d"",""yes_price_dollars"":""0.3500""}"
KXBTC15M-26APR280600-00,929ce45d-403f-67be-c948-ace595fe11fd,1777369544,0.35,500.0,no,"{""count_fp"":""500.00"",""created_time"":""2026-04-28T09:45:44.194782Z"",""no_price_dollars"":""0.6500"",""taker_side"":""no"",""ticker"":""KXBTC15M-26APR280600-00"",""trade_id"":""929ce45d-403f-67be-c948-ace595fe11fd"",""yes_price_dollars"":""0.3500""}"
KXBTC15M-26APR280600-00,3e1d374a-478b-4f06-19fa-2c5a021817da,1777369545,0.36,13.0,yes,"{""count_fp"":""13.00"",""created_time"":""2026-04-28T09:45:45.982585Z"",""no_price_dollars"":""0.6400"",""taker_side"":""yes"",""ticker"":""KXBTC15M-26APR280600-00"",""trade_id"":""3e1d374a-478b-4f06-19fa-2c5a021817da"",""yes_price_dollars"":""0.3600""}"
KXBTC15M-26APR280600-00,1137364d-f307-52ca-f0a2-13231091d039,1777369545,0.35,45.05,no,"{""count_fp"":""45.05"",""created_time"":""2026-04-28T09:45:45.849877Z"",""no_price_dollars"":""0.6500"",""taker_side"":""no"",""ticker"":""KXBTC15M-26APR280600-00"",""trade_id"":""1137364d-f307-52ca-f0a2-13231091d039"",""yes_price_dollars"":""0.3500""}"
KXBTC15M-26APR280600-00,6d94f0ea-d933-5fda-74f7-d151533f0e49,1777369545,0.35,3.0,no,"{""count_fp"":""3.00"",""created_time"":""2026-04-28T09:45:45.620326Z"",""no_price_dollars"":""0.6500"",""taker_side"":""no"",""ticker"":""KXBTC15M-26APR280600-00"",""trade_id"":""6d94f0ea-d933-5fda-74f7-d151533f0e49"",""yes_price_dollars"":""0.3500""}"
KXBTC15M-26APR280600-00,a0f233c0-e124-58b5-36c9-839d1e6ca9a3,1777369547,0.36,20.0,yes,"{""count_fp"":""20.00"",""created_time"":""2026-04-28T09:45:47.835975Z"",""no_price_dollars"":""0.6400"",""taker_side"":""yes"",""ticker"":""KXBTC15M-26APR280600-00"",""trade_id"":""a0f233c0-e124-58b5-36c9-839d1e6ca9a3"",""yes_price_dollars"":""0.3600""}"
KXBTC15M-26APR280600-00,2b74e0fd-6297-629e-bb06-a483cb03af05,1777369547,0.35,150.16,no,"{""count_fp"":""150.16"",""created_time"":""2026-04-28T09:45:47.653193Z"",""no_price_dollars"":""0.6500"",""taker_side"":""no"",""ticker"":""KXBTC15M-26APR280600-00"",""trade_id"":""2b74e0fd-6297-629e-bb06-a483cb03af05"",""yes_price_dollars"":""0.3500""}"
KXBTC15M-26APR280600-00,f0cf462b-b684-4651-f541-57d848b7ce73,1777369547,0.36,62.67,yes,"{""count_fp"":""62.67"",""created_time"":""2026-04-28T09:45:47.367292Z"",""no_price_dollars"":""0.6400"",""taker_side"":""yes"",""ticker"":""KXBTC15M-26APR280600-00"",""trade_id"":""f0cf462b-b684-4651-f541-57d848b7ce73"",""yes_price_dollars"":""0.3600""}"
KXBTC15M-26APR280600-00,d967c6ff-3543-4956-e6f5-95be84aa00ca,1777369547,0.36,137.33,yes,"{""count_fp"":""137.33"",""created_time"":""2026-04-28T09:45:47.367292Z"",""no_price_dollars"":""0.6400"",""taker_side"":""yes"",""ticker"":""KXBTC15M-26APR280600-00"",""trade_id"":""d967c6ff-3543-4956-e6f5-95be84aa00ca"",""yes_price_dollars"":""0.3600""}"
KXBTC15M-26APR280600-00,5207c670-1348-7a0d-b72d-552e0bc9732f,1777369548,0.36,4.33,yes,"{""count_fp"":""4.33"",""created_time"":""2026-04-28T09:45:48.643577Z"",""no_price_dollars"":""0.6400"",""taker_side"":""yes"",""ticker"":""KXBTC15M-26APR280600-00"",""trade_id"":""5207c670-1348-7a0d-b72d-552e0bc9732f"",""yes_price_dollars"":""0.3600""}"
KXBTC15M-26APR280600-00,00ab7d04-249d-77fe-b68e-6bac179b4604,1777369548,0.36,0.67,yes,"{""count_fp"":""0.67"",""created_time"":""2026-04-28T09:45:48.643577Z"",""no_price_dollars"":""0.6400"",""taker_side"":""yes"",""ticker"":""KXBTC15M-26APR280600-00"",""trade_id"":""00ab7d04-249d-77fe-b68e-6bac179b4604"",""yes_price_dollars"":""0.3600""}"
KXBTC15M-26APR280600-00,60a8a630-e633-7346-9cf2-c9a5c07e1ef1,1777369548,0.35,24.36,no,"{""count_fp"":""24.36"",""created_time"":""2026-04-28T09:45:48.007437Z"",""no_price_dollars"":""0.6500"",""taker_side"":""no"",""ticker"":""KXBTC15M-26APR280600-00"",""trade_id"":""60a8a630-e633-7346-9cf2-c9a5c07e1ef1"",""yes_price_dollars"":""0.3500""}"
KXBTC15M-26APR280600-00,63e10e6e-3a7b-6f5a-74f2-b9d9f2af1fc9,1777369549,0.35,2.0,no,"{""count_fp"":""2.00"",""created_time"":""2026-04-28T09:45:49.810489Z"",""no_price_dollars"":""0.6500"",""taker_side"":""no"",""ticker"":""KXBTC15M-26APR280600-00"",""trade_id"":""63e10e6e-3a7b-6f5a-74f2-b9d9f2af1fc9"",""yes_price_dollars"":""0.3500""}"
KXBTC15M-26APR280600-00,52018d91-1bf3-61ae-7efc-323d3f24c061,1777369549,0.35,150.16,no,"{""count_fp"":""150.16"",""created_time"":""2026-04-28T09:45:49.735782Z"",""no_price_dollars"":""0.6500"",""taker_side"":""no"",""ticker"":""KXBTC15M-26APR280600-00"",""trade_id"":""52018d91-1bf3-61ae-7efc-323d3f24c061"",""yes_price_dollars"":""0.3500""}"
KXBTC15M-26APR280600-00,101bb4f3-fd63-438a-10ca-d9eff1be8fdd,1777369549,0.35,10.0,no,"{""count_fp"":""10.00"",""created_time"":""2026-04-28T09:45:49.194883Z"",""no_price_dollars"":""0.6500"",""taker_side"":""no"",""ticker"":""KXBTC15M-26APR280600-00"",""trade_id"":""101bb4f3-fd63-438a-10ca-d9eff1be8fdd"",""yes_price_dollars"":""0.3500""}"
KXBTC15M-26APR280600-00,754f9f66-01e3-6494-d06d-12896633e537,1777369550,0.34,4.0,yes,"{""count_fp"":""4.00"",""created_time"":""2026-04-28T09:45:50.996314Z"",""no_price_dollars"":""0.6600"",""taker_side"":""yes"",""ticker"":""KXBTC15M-26APR280600-00"",""trade_id"":""754f9f66-01e3-6494-d06d-12896633e537"",""yes_price_dollars"":""0.3400""}"
KXBTC15M-26APR280600-00,a019bd00-6a72-449a-5c3a-7b83752db606,1777369550,0.35,7.0,no,"{""count_fp"":""7.00"",""created_time"":""2026-04-28T09:45:50.149572Z"",""no_price_dollars"":""0.6500"",""taker_side"":""no"",""ticker"":""KXBTC15M-26APR280600-00"",""trade_id"":""a019bd00-6a72-449a-5c3a-7b83752db606"",""yes_price_dollars"":""0.3500""}"
KXBTC15M-26APR280600-00,9c74415d-8cea-4ee3-59aa-e712a7357ffe,1777369550,0.35,30.0,no,"{""count_fp"":""30.00"",""created_time"":""2026-04-28T09:45:50.149572Z"",""no_price_dollars"":""0.6500"",""taker_side"":""no"",""ticker"":""KXBTC15M-26APR280600-00"",""trade_id"":""9c74415d-8cea-4ee3-59aa-e712a7357ffe"",""yes_price_dollars"":""0.3500""}"
KXBTC15M-26APR280600-00,7f5b2fb1-4568-4bda-6302-92de3a2a6232,1777369550,0.34,40.0,no,"{""count_fp"":""40.00"",""created_time"":""2026-04-28T09:45:50.149572Z"",""no_price_dollars"":""0.6600"",""taker_side"":""no"",""ticker"":""KXBTC15M-26APR280600-00"",""trade_id"":""7f5b2fb1-4568-4bda-6302-92de3a2a6232"",""yes_price_dollars"":""0.3400""}"
KXBTC15M-26APR280600-00,7785c1af-6963-471a-5879-87cad5aa7be5,1777369550,0.35,414.85,no,"{""count_fp"":""414.85"",""created_time"":""2026-04-28T09:45:50.149572Z"",""no_price_dollars"":""0.6500"",""taker_side"":""no"",""ticker"":""KXBTC15M-26APR280600-00"",""trade_id"":""7785c1af-6963-471a-5879-87cad5aa7be5"",""yes_price_dollars"":""0.3500""}"
KXBTC15M-26APR280600-00,74785100-ee76-4f82-707f-b9f9da65a070,1777369550,0.35,12.0,no,"{""count_fp"":""12.00"",""created_time"":""2026-04-28T09:45:50.149572Z"",""no_price_dollars"":""0.6500"",""taker_side"":""no"",""ticker"":""KXBTC15M-26APR280600-00"",""trade_id"":""74785100-ee76-4f82-707f-b9f9da65a070"",""yes_price_dollars"":""0.3500""}"
KXBTC15M-26APR280600-00,3461fb1f-cfee-40b0-7bf1-15496a5cb5dd,1777369550,0.34,3.0,no,"{""count_fp"":""3.00"",""created_time"":""2026-04-28T09:45:50.149572Z"",""no_price_dollars"":""0.6600"",""taker_side"":""no"",""ticker"":""KXBTC15M-26APR280600-00"",""trade_id"":""3461fb1f-cfee-40b0-7bf1-15496a5cb5dd"",""yes_price_dollars"":""0.3400""}"
KXBTC15M-26APR280600-00,0c244202-846b-401c-747f-a7c056780a1a,1777369550,0.34,2.15,no,"{""count_fp"":""2.15"",""created_time"":""2026-04-28T09:45:50.149572Z"",""no_price_dollars"":""0.6600"",""taker_side"":""no"",""ticker"":""KXBTC15M-26APR280600-00"",""trade_id"":""0c244202-846b-401c-747f-a7c056780a1a"",""yes_price_dollars"":""0.3400""}"
KXBTC15M-26APR280600-00,0f165778-19ef-6394-e419-ec6c2009dec1,1777369551,0.33,27.71,no,"{""count_fp"":""27.71"",""created_time"":""2026-04-28T09:45:51.762233Z"",""no_price_dollars"":""0.6700"",""taker_side"":""no"",""ticker"":""KXBTC15M-26APR280600-00"",""trade_id"":""0f165778-19ef-6394-e419-ec6c2009dec1"",""yes_price_dollars"":""0.3300""}"
KXBTC15M-26APR280600-00,fcc3e13a-ebc3-5758-85e7-5873a8f1a5d1,1777369551,0.34,6.53,yes,"{""count_fp"":""6.53"",""created_time"":""2026-04-28T09:45:51.071016Z"",""no_price_dollars"":""0.6600"",""taker_side"":""yes"",""ticker"":""KXBTC15M-26APR280600-00"",""trade_id"":""fcc3e13a-ebc3-5758-85e7-5873a8f1a5d1"",""yes_price_dollars"":""0.3400""}"
KXBTC15M-26APR280600-00,df9d15df-dd8b-59e4-a28a-8baea8570e77,1777369551,0.34,36.0,yes,"{""count_fp"":""36.00"",""created_time"":""2026-04-28T09:45:51.071016Z"",""no_price_dollars"":""0.6600"",""taker_side"":""yes"",""ticker"":""KXBTC15M-26APR280600-00"",""trade_id"":""df9d15df-dd8b-59e4-a28a-8baea8570e77"",""yes_price_dollars"":""0.3400""}"
KXBTC15M-26APR280600-00,0a95cd62-464f-6464-3242-b0079fc96621,1777369552,0.34,10.76,yes,"{""count_fp"":""10.76"",""created_time"":""2026-04-28T09:45:52.916037Z"",""no_price_dollars"":""0.6600"",""taker_side"":""yes"",""ticker"":""KXBTC15M-26APR280600-00"",""trade_id"":""0a95cd62-464f-6464-3242-b0079fc96621"",""yes_price_dollars"":""0.3400""}"
KXBTC15M-26APR280600-00,dd3ef5bb-47eb-72d4-9131-648e8e21c039,1777369552,0.34,1.0,yes,"{""count_fp"":""1.00"",""created_time"":""2026-04-28T09:45:52.859422Z"",""no_price_dollars"":""0.6600"",""taker_side"":""yes"",""ticker"":""KXBTC15M-26APR280600-00"",""trade_id"":""dd3ef5bb-47eb-72d4-9131-648e8e21c039"",""yes_price_dollars"":""0.3400""}"
KXBTC15M-26APR280600-00,aec41e7d-0f77-50e4-2b2b-a5db5128f5a1,1777369552,0.34,3.58,yes,"{""count_fp"":""3.58"",""created_time"":""2026-04-28T09:45:52.394376Z"",""no_price_dollars"":""0.6600"",""taker_side"":""yes"",""ticker"":""KXBTC15M-26APR280600-00"",""trade_id"":""aec41e7d-0f77-50e4-2b2b-a5db5128f5a1"",""yes_price_dollars"":""0.3400""}"
KXBTC15M-26APR280600-00,5d567700-cf33-79c4-2cd9-919d77059255,1777369552,0.34,27.75,yes,"{""count_fp"":""27.75"",""created_time"":""2026-04-28T09:45:52.358418Z"",""no_price_dollars"":""0.6600"",""taker_side"":""yes"",""ticker"":""KXBTC15M-26APR280600-00"",""trade_id"":""5d567700-cf33-79c4-2cd9-919d77059255"",""yes_price_dollars"":""0.3400""}"
KXBTC15M-26APR280600-00,6d47b89f-4f03-5ff4-c698-6c5a81684755,1777369552,0.34,13.29,yes,"{""count_fp"":""13.29"",""created_time"":""2026-04-28T09:45:52.287508Z"",""no_price_dollars"":""0.6600"",""taker_side"":""yes"",""ticker"":""KXBTC15M-26APR280600-00"",""trade_id"":""6d47b89f-4f03-5ff4-c698-6c5a81684755"",""yes_price_dollars"":""0.3400""}"
KXBTC15M-26APR280600-00,af1c858c-c4e7-6220-8746-d22ed84a8879,1777369552,0.33,0.45,no,"{""count_fp"":""0.45"",""created_time"":""2026-04-28T09:45:52.108309Z"",""no_price_dollars"":""0.6700"",""taker_side"":""no"",""ticker"":""KXBTC15M-26APR280600-00"",""trade_id"":""af1c858c-c4e7-6220-8746-d22ed84a8879"",""yes_price_dollars"":""0.3300""}"
KXBTC15M-26APR280600-00,39dbf4d5-49df-5334-7f0e-01f0ae7ca819,1777369552,0.33,11.67,no,"{""count_fp"":""11.67"",""created_time"":""2026-04-28T09:45:52.072563Z"",""no_price_dollars"":""0.6700"",""taker_side"":""no"",""ticker"":""KXBTC15M-26APR280600-00"",""trade_id"":""39dbf4d5-49df-5334-7f0e-01f0ae7ca819"",""yes_price_dollars"":""0.3300""}"
KXBTC15M-26APR280600-00,f1227b57-5bba-6df7-79c6-503fe141e65c,1777369553,0.33,3.0,no,"{""count_fp"":""3.00"",""created_time"":""2026-04-28T09:45:53.281392Z"",""no_price_dollars"":""0.6700"",""taker_side"":""no"",""ticker"":""KXBTC15M-26APR280600-00"",""trade_id"":""f1227b57-5bba-6df7-79c6-503fe141e65c"",""yes_price_dollars"":""0.3300""}"
KXBTC15M-26APR280600-00,95e8bca5-c114-6aec-64ee-74db06b9a9d2,1777369553,0.33,4.12,no,"{""count_fp"":""4.12"",""created_time"":""2026-04-28T09:45:53.281392Z"",""no_price_dollars"":""0.6700"",""taker_side"":""no"",""ticker"":""KXBTC15M-26APR280600-00"",""trade_id"":""95e8bca5-c114-6aec-64ee-74db06b9a9d2"",""yes_price_dollars"":""0.3300""}"
KXBTC15M-26APR280600-00,62ff9585-a57b-6458-6993-532941d97539,1777369553,0.33,0.17,no,"{""count_fp"":""0.17"",""created_time"":""2026-04-28T09:45:53.281392Z"",""no_price_dollars"":""0.6700"",""taker_side"":""no"",""ticker"":""KXBTC15M-26APR280600-00"",""trade_id"":""62ff9585-a57b-6458-6993-532941d97539"",""yes_price_dollars"":""0.3300""}"
KXBTC15M-26APR280600-00,d328c781-512f-42a0-7fea-64829e91a045,1777369554,0.34,9.27,yes,"{""count_fp"":""9.27"",""created_time"":""2026-04-28T09:45:54.536112Z"",""no_price_dollars"":""0.6600"",""taker_side"":""yes"",""ticker"":""KXBTC15M-26APR280600-00"",""trade_id"":""d328c781-512f-42a0-7fea-64829e91a045"",""yes_price_dollars"":""0.3400""}"
KXBTC15M-26APR280600-00,9b6efc06-7fc8-4d62-4a05-6a0da7c0a25b,1777369555,0.31,25.0,yes,"{""count_fp"":""25.00"",""created_time"":""2026-04-28T09:45:55.601563Z"",""no_price_dollars"":""0.6900"",""taker_side"":""yes"",""ticker"":""KXBTC15M-26APR280600-00"",""trade_id"":""9b6efc06-7fc8-4d62-4a05-6a0da7c0a25b"",""yes_price_dollars"":""0.3100""}"
KXBTC15M-26APR280600-00,d9f84be6-062c-42a1-da60-6d4c9d6b665a,1777369555,0.31,23.25,no,"{""count_fp"":""23.25"",""created_time"":""2026-04-28T09:45:55.534073Z"",""no_price_dollars"":""0.6900"",""taker_side"":""no"",""ticker"":""KXBTC15M-26APR280600-00"",""trade_id"":""d9f84be6-062c-42a1-da60-6d4c9d6b665a"",""yes_price_dollars"":""0.3100""}"
KXBTC15M-26APR280600-00,5b1b8446-d4cd-4cc0-ff5b-197012895cfd,1777369555,0.31,3.0,no,"{""count_fp"":""3.00"",""created_time"":""2026-04-28T09:45:55.534073Z"",""no_price_dollars"":""0.6900"",""taker_side"":""no"",""ticker"":""KXBTC15M-26APR280600-00"",""trade_id"":""5b1b8446-d4cd-4cc0-ff5b-197012895cfd"",""yes_price_dollars"":""0.3100""}"
KXBTC15M-26APR280600-00,fd4a7512-815b-647a-fd1a-d197420dadd9,1777369555,0.32,3.0,no,"{""count_fp"":""3.00"",""created_time"":""2026-04-28T09:45:55.498467Z"",""no_price_dollars"":""0.6800"",""taker_side"":""no"",""ticker"":""KXBTC15M-26APR280600-00"",""trade_id"":""fd4a7512-815b-647a-fd1a-d197420dadd9"",""yes_price_dollars"":""0.3200""}"
KXBTC15M-26APR280600-00,6a121f2e-51bb-6a69-d7c7-7389a24b0277,1777369555,0.32,50.0,no,"{""count_fp"":""50.00"",""created_time"":""2026-04-28T09:45:55.498467Z"",""no_price_dollars"":""0.6800"",""taker_side"":""no"",""ticker"":""KXBTC15M-26APR280600-00"",""trade_id"":""6a121f2e-51bb-6a69-d7c7-7389a24b0277"",""yes_price_dollars"":""0.3200""}"
KXBTC15M-26APR280600-00,5803a223-5aa9-68bb-fb0a-31bef7f3d7c3,1777369555,0.32,56.0,no,"{""count_fp"":""56.00"",""created_time"":""2026-04-28T09:45:55.498467Z"",""no_price_dollars"":""0.6800"",""taker_side"":""no"",""ticker"":""KXBTC15M-26APR280600-00"",""trade_id"":""5803a223-5aa9-68bb-fb0a-31bef7f3d7c3"",""yes_price_dollars"":""0.3200""}"
KXBTC15M-26APR280600-00,25366d56-adb6-6b78-eaf4-1298d7ca6051,1777369555,0.32,3.0,no,"{""count_fp"":""3.00"",""created_time"":""2026-04-28T09:45:55.498467Z"",""no_price_dollars"":""0.6800"",""taker_side"":""no"",""ticker"":""KXBTC15M-26APR280600-00"",""trade_id"":""25366d56-adb6-6b78-eaf4-1298d7ca6051"",""yes_price_dollars"":""0.3200""}"
KXBTC15M-26APR280600-00,160c806b-ca5e-6b31-ea06-c1dae2af2f49,1777369555,0.33,8.0,no,"{""count_fp"":""8.00"",""created_time"":""2026-04-28T09:45:55.498467Z"",""no_price_dollars"":""0.6700"",""taker_side"":""no"",""ticker"":""KXBTC15M-26APR280600-00"",""trade_id"":""160c806b-ca5e-6b31-ea06-c1dae2af2f49"",""yes_price_dollars"":""0.3300""}"
KXBTC15M-26APR280600-00,728640d6-350b-646c-bb99-10773a0a3b59,1777369555,0.34,84.33,yes,"{""count_fp"":""84.33"",""created_time"":""2026-04-28T09:45:55.481807Z"",""no_price_dollars"":""0.6600"",""taker_side"":""yes"",""ticker"":""KXBTC15M-26APR280600-00"",""trade_id"":""728640d6-350b-646c-bb99-10773a0a3b59"",""yes_price_dollars"":""0.3400""}"
KXBTC15M-26APR280600-00,db95a87f-6790-63ba-ec74-8e097ed59603,1777369556,0.31,14.05,yes,"{""count_fp"":""14.05"",""created_time"":""2026-04-28T09:45:56.816991Z"",""no_price_dollars"":""0.6900"",""taker_side"":""yes"",""ticker"":""KXBTC15M-26APR280600-00"",""trade_id"":""db95a87f-6790-63ba-ec74-8e097ed59603"",""yes_price_dollars"":""0.3100""}"
KXBTC15M-26APR280600-00,38cb935f-f115-5868-39cb-eceadb26408b,1777369556,0.3,0.25,no,"{""count_fp"":""0.25"",""created_time"":""2026-04-28T09:45:56.511075Z"",""no_price_dollars"":""0.7000"",""taker_side"":""no"",""ticker"":""KXBTC15M-26APR280600-00"",""trade_id"":""38cb935f-f115-5868-39cb-eceadb26408b"",""yes_price_dollars"":""0.3000""}"
KXBTC15M-26APR280600-00,f2fe9e4b-c628-7876-2a77-5a61991d3d9b,1777369557,0.31,0.95,yes,"{""count_fp"":""0.95"",""created_time"":""2026-04-28T09:45:57.810511Z"",""no_price_dollars"":""0.6900"",""taker_side"":""yes"",""ticker"":""KXBTC15M-26APR280600-00"",""trade_id"":""f2fe9e4b-c628-7876-2a77-5a61991d3d9b"",""yes_price_dollars"":""0.3100""}"
KXBTC15M-26APR280600-00,6cb4a07a-b5a3-7f9c-1e46-d38300616099,1777369557,0.31,37.97,yes,"{""count_fp"":""37.97"",""created_time"":""2026-04-28T09:45:57.810511Z"",""no_price_dollars"":""0.6900"",""taker_side"":""yes"",""ticker"":""KXBTC15M-26APR280600-00"",""trade_id"":""6cb4a07a-b5a3-7f9c-1e46-d38300616099"",""yes_price_dollars"":""0.3100""}"
KXBTC15M-26APR280600-00,4e7b776a-3658-7330-1a25-de515670a7b8,1777369557,0.31,38.0,yes,"{""count_fp"":""38.00"",""created_time"":""2026-04-28T09:45:57.810511Z"",""no_price_dollars"":""0.6900"",""taker_side"":""yes"",""ticker"":""KXBTC15M-26APR280600-00"",""trade_id"":""4e7b776a-3658-7330-1a25-de515670a7b8"",""yes_price_dollars"":""0.3100""}"
KXBTC15M-26APR280600-00,30175ae1-dafd-521c-bbca-7f23f3f1d513,1777369557,0.3,40.0,no,"{""count_fp"":""40.00"",""created_time"":""2026-04-28T09:45:57.693507Z"",""no_price_dollars"":""0.7000"",""taker_side"":""no"",""ticker"":""KXBTC15M-26APR280600-00"",""trade_id"":""30175ae1-dafd-521c-bbca-7f23f3f1d513"",""yes_price_dollars"":""0.3000""}"
KXBTC15M-26APR280600-00,22890145-3eef-6f3c-3bf8-5d5fa111bb0d,1777369558,0.31,20.0,yes,"{""count_fp"":""20.00"",""created_time"":""2026-04-28T09:45:58.955498Z"",""no_price_dollars"":""0.6900"",""taker_side"":""yes"",""ticker"":""KXBTC15M-26APR280600-00"",""trade_id"":""22890145-3eef-6f3c-3bf8-5d5fa111bb0d"",""yes_price_dollars"":""0.3100""}"
KXBTC15M-26APR280600-00,cdf105c0-ebc3-6274-4cb7-73b2a90d1e35,1777369558,0.31,46.15,yes,"{""count_fp"":""46.15"",""created_time"":""2026-04-28T09:45:58.864167Z"",""no_price_dollars"":""0.6900"",""taker_side"":""yes"",""ticker"":""KXBTC15M-26APR280600-00"",""trade_id"":""cdf105c0-ebc3-6274-4cb7-73b2a90d1e35"",""yes_price_dollars"":""0.3100""}"
KXBTC15M-26APR280600-00,432fe4ad-d969-6d48-52f8-d246d5763fbf,1777369559,0.3,2.0,no,"{""count_fp"":""2.00"",""created_time"":""2026-04-28T09:45:59.615462Z"",""no_price_dollars"":""0.7000"",""taker_side"":""no"",""ticker"":""KXBTC15M-26APR280600-00"",""trade_id"":""432fe4ad-d969-6d48-52f8-d246d5763fbf"",""yes_price_dollars"":""0.3000""}"
KXBTC15M-26APR280600-00,9e664540-c149-4d5c-7e60-5b655779f30f,1777369559,0.3,1.0,no,"{""count_fp"":""1.00"",""created_time"":""2026-04-28T09:45:59.520237Z"",""no_price_dollars"":""0.7000"",""taker_side"":""no"",""ticker"":""KXBTC15M-26APR280600-00"",""trade_id"":""9e664540-c149-4d5c-7e60-5b655779f30f"",""yes_price_dollars"":""0.3000""}"
