ticker,trade_id,ts,yes_price,count,taker_side,raw_json
KXBTC15M-26APR271645-45,f0b61641-036b-60e7-f137-6dc6a6242d2a,1777321801,0.52,120.0,no,"{""count_fp"":""120.00"",""created_time"":""2026-04-27T20:30:01.472009Z"",""no_price_dollars"":""0.4800"",""taker_side"":""no"",""ticker"":""KXBTC15M-26APR271645-45"",""trade_id"":""f0b61641-036b-60e7-f137-6dc6a6242d2a"",""yes_price_dollars"":""0.5200""}"
KXBTC15M-26APR271645-45,0f3de602-cffb-533b-4148-9d3f9e40731e,1777321801,0.53,10.0,no,"{""count_fp"":""10.00"",""created_time"":""2026-04-27T20:30:01.384809Z"",""no_price_dollars"":""0.4700"",""taker_side"":""no"",""ticker"":""KXBTC15M-26APR271645-45"",""trade_id"":""0f3de602-cffb-533b-4148-9d3f9e40731e"",""yes_price_dollars"":""0.5300""}"
KXBTC15M-26APR271645-45,8bb7a91b-de83-7a50-4c28-233d3d8e102b,1777321801,0.54,1.0,no,"{""count_fp"":""1.00"",""created_time"":""2026-04-27T20:30:01.289198Z"",""no_price_dollars"":""0.4600"",""taker_side"":""no"",""ticker"":""KXBTC15M-26APR271645-45"",""trade_id"":""8bb7a91b-de83-7a50-4c28-233d3d8e102b"",""yes_price_dollars"":""0.5400""}"
KXBTC15M-26APR271645-45,ea4c1e36-7e39-640d-bfaf-fb864382b359,1777321801,0.55,5.0,yes,"{""count_fp"":""5.00"",""created_time"":""2026-04-27T20:30:01.185452Z"",""no_price_dollars"":""0.4500"",""taker_side"":""yes"",""ticker"":""KXBTC15M-26APR271645-45"",""trade_id"":""ea4c1e36-7e39-640d-bfaf-fb864382b359"",""yes_price_dollars"":""0.5500""}"
KXBTC15M-26APR271645-45,a044ea54-a6d1-64a6-66a5-f7d6cd4c2cf4,1777321801,0.53,6.0,yes,"{""count_fp"":""6.00"",""created_time"":""2026-04-27T20:30:01.119908Z"",""no_price_dollars"":""0.4700"",""taker_side"":""yes"",""ticker"":""KXBTC15M-26APR271645-45"",""trade_id"":""a044ea54-a6d1-64a6-66a5-f7d6cd4c2cf4"",""yes_price_dollars"":""0.5300""}"
KXBTC15M-26APR271645-45,52823e55-d9a8-6692-468d-ca0b3b61d427,1777321801,0.49,1.0,yes,"{""count_fp"":""1.00"",""created_time"":""2026-04-27T20:30:01.119908Z"",""no_price_dollars"":""0.5100"",""taker_side"":""yes"",""ticker"":""KXBTC15M-26APR271645-45"",""trade_id"":""52823e55-d9a8-6692-468d-ca0b3b61d427"",""yes_price_dollars"":""0.4900""}"
KXBTC15M-26APR271645-45,446b1e35-93ac-6b3f-5a2b-b95cd45cab19,1777321801,0.51,30.0,yes,"{""count_fp"":""30.00"",""created_time"":""2026-04-27T20:30:01.119908Z"",""no_price_dollars"":""0.4900"",""taker_side"":""yes"",""ticker"":""KXBTC15M-26APR271645-45"",""trade_id"":""446b1e35-93ac-6b3f-5a2b-b95cd45cab19"",""yes_price_dollars"":""0.5100""}"
KXBTC15M-26APR271645-45,58e4daa7-a0c6-791e-e686-8c72a799f0f4,1777321802,0.48,6.0,yes,"{""count_fp"":""6.00"",""created_time"":""2026-04-27T20:30:02.545599Z"",""no_price_dollars"":""0.5200"",""taker_side"":""yes"",""ticker"":""KXBTC15M-26APR271645-45"",""trade_id"":""58e4daa7-a0c6-791e-e686-8c72a799f0f4"",""yes_price_dollars"":""0.4800""}"
KXBTC15M-26APR271645-45,0929bb83-9776-7a2e-e5d2-fb650b86fced,1777321802,0.48,12.0,yes,"{""count_fp"":""12.00"",""created_time"":""2026-04-27T20:30:02.545599Z"",""no_price_dollars"":""0.5200"",""taker_side"":""yes"",""ticker"":""KXBTC15M-26APR271645-45"",""trade_id"":""0929bb83-9776-7a2e-e5d2-fb650b86fced"",""yes_price_dollars"":""0.4800""}"
KXBTC15M-26APR271645-45,9a970e2c-a597-554b-3fb6-060035c9292c,1777321802,0.45,1.0,no,"{""count_fp"":""1.00"",""created_time"":""2026-04-27T20:30:02.468476Z"",""no_price_dollars"":""0.5500"",""taker_side"":""no"",""ticker"":""KXBTC15M-26APR271645-45"",""trade_id"":""9a970e2c-a597-554b-3fb6-060035c9292c"",""yes_price_dollars"":""0.4500""}"
KXBTC15M-26APR271645-45,4c36e1bf-c941-5764-02f6-c42448fcb6d4,1777321802,0.45,12.0,no,"{""count_fp"":""12.00"",""created_time"":""2026-04-27T20:30:02.468476Z"",""no_price_dollars"":""0.5500"",""taker_side"":""no"",""ticker"":""KXBTC15M-26APR271645-45"",""trade_id"":""4c36e1bf-c941-5764-02f6-c42448fcb6d4"",""yes_price_dollars"":""0.4500""}"
KXBTC15M-26APR271645-45,cabeddef-ccb2-7846-95e7-7b739bde435c,1777321803,0.48,59.31,yes,"{""count_fp"":""59.31"",""created_time"":""2026-04-27T20:30:03.896142Z"",""no_price_dollars"":""0.5200"",""taker_side"":""yes"",""ticker"":""KXBTC15M-26APR271645-45"",""trade_id"":""cabeddef-ccb2-7846-95e7-7b739bde435c"",""yes_price_dollars"":""0.4800""}"
KXBTC15M-26APR271645-45,c5ccb0b1-50c6-70de-ab50-183590fae850,1777321803,0.47,1.0,yes,"{""count_fp"":""1.00"",""created_time"":""2026-04-27T20:30:03.896142Z"",""no_price_dollars"":""0.5300"",""taker_side"":""yes"",""ticker"":""KXBTC15M-26APR271645-45"",""trade_id"":""c5ccb0b1-50c6-70de-ab50-183590fae850"",""yes_price_dollars"":""0.4700""}"
KXBTC15M-26APR271645-45,f7bb7c90-6cb7-68ce-bad0-55b75b6b9c18,1777321803,0.47,11.8,yes,"{""count_fp"":""11.80"",""created_time"":""2026-04-27T20:30:03.804841Z"",""no_price_dollars"":""0.5300"",""taker_side"":""yes"",""ticker"":""KXBTC15M-26APR271645-45"",""trade_id"":""f7bb7c90-6cb7-68ce-bad0-55b75b6b9c18"",""yes_price_dollars"":""0.4700""}"
KXBTC15M-26APR271645-45,6f02bc96-3248-679a-919b-31857a3c3c63,1777321803,0.47,1.0,yes,"{""count_fp"":""1.00"",""created_time"":""2026-04-27T20:30:03.804841Z"",""no_price_dollars"":""0.5300"",""taker_side"":""yes"",""ticker"":""KXBTC15M-26APR271645-45"",""trade_id"":""6f02bc96-3248-679a-919b-31857a3c3c63"",""yes_price_dollars"":""0.4700""}"
KXBTC15M-26APR271645-45,d79aed7e-c4fa-4727-7686-acdd2c633739,1777321804,0.45,5.0,no,"{""count_fp"":""5.00"",""created_time"":""2026-04-27T20:30:04.947817Z"",""no_price_dollars"":""0.5500"",""taker_side"":""no"",""ticker"":""KXBTC15M-26APR271645-45"",""trade_id"":""d79aed7e-c4fa-4727-7686-acdd2c633739"",""yes_price_dollars"":""0.4500""}"
KXBTC15M-26APR271645-45,ad700710-dfee-4bc1-46bd-afc8b7bb64ea,1777321804,0.42,3.0,no,"{""count_fp"":""3.00"",""created_time"":""2026-04-27T20:30:04.947817Z"",""no_price_dollars"":""0.5800"",""taker_side"":""no"",""ticker"":""KXBTC15M-26APR271645-45"",""trade_id"":""ad700710-dfee-4bc1-46bd-afc8b7bb64ea"",""yes_price_dollars"":""0.4200""}"
KXBTC15M-26APR271645-45,852cb3d3-735e-487a-63e0-3ad8e0c714fb,1777321804,0.44,1.0,no,"{""count_fp"":""1.00"",""created_time"":""2026-04-27T20:30:04.947817Z"",""no_price_dollars"":""0.5600"",""taker_side"":""no"",""ticker"":""KXBTC15M-26APR271645-45"",""trade_id"":""852cb3d3-735e-487a-63e0-3ad8e0c714fb"",""yes_price_dollars"":""0.4400""}"
KXBTC15M-26APR271645-45,4d33f440-c666-4be8-715f-08215b338868,1777321804,0.45,1.0,no,"{""count_fp"":""1.00"",""created_time"":""2026-04-27T20:30:04.947817Z"",""no_price_dollars"":""0.5500"",""taker_side"":""no"",""ticker"":""KXBTC15M-26APR271645-45"",""trade_id"":""4d33f440-c666-4be8-715f-08215b338868"",""yes_price_dollars"":""0.4500""}"
KXBTC15M-26APR271645-45,2b3d9070-af3e-4cd9-61c9-0119894b0a57,1777321804,0.43,10.0,no,"{""count_fp"":""10.00"",""created_time"":""2026-04-27T20:30:04.947817Z"",""no_price_dollars"":""0.5700"",""taker_side"":""no"",""ticker"":""KXBTC15M-26APR271645-45"",""trade_id"":""2b3d9070-af3e-4cd9-61c9-0119894b0a57"",""yes_price_dollars"":""0.4300""}"
KXBTC15M-26APR271645-45,529e2152-f738-4133-2c51-d5946771d9f2,1777321804,0.47,1.0,yes,"{""count_fp"":""1.00"",""created_time"":""2026-04-27T20:30:04.559404Z"",""no_price_dollars"":""0.5300"",""taker_side"":""yes"",""ticker"":""KXBTC15M-26APR271645-45"",""trade_id"":""529e2152-f738-4133-2c51-d5946771d9f2"",""yes_price_dollars"":""0.4700""}"
KXBTC15M-26APR271645-45,0a6dde5c-d112-4d37-17c4-a48e8ef52edf,1777321804,0.47,6.0,yes,"{""count_fp"":""6.00"",""created_time"":""2026-04-27T20:30:04.559404Z"",""no_price_dollars"":""0.5300"",""taker_side"":""yes"",""ticker"":""KXBTC15M-26APR271645-45"",""trade_id"":""0a6dde5c-d112-4d37-17c4-a48e8ef52edf"",""yes_price_dollars"":""0.4700""}"
KXBTC15M-26APR271645-45,f2f1fec4-c467-472e-91a3-aa5f834cb46a,1777321804,0.47,1.0,yes,"{""count_fp"":""1.00"",""created_time"":""2026-04-27T20:30:04.336602Z"",""no_price_dollars"":""0.5300"",""taker_side"":""yes"",""ticker"":""KXBTC15M-26APR271645-45"",""trade_id"":""f2f1fec4-c467-472e-91a3-aa5f834cb46a"",""yes_price_dollars"":""0.4700""}"
KXBTC15M-26APR271645-45,efbebfa1-54a3-43df-9505-d5b3d2b6b415,1777321804,0.47,11.8,yes,"{""count_fp"":""11.80"",""created_time"":""2026-04-27T20:30:04.336602Z"",""no_price_dollars"":""0.5300"",""taker_side"":""yes"",""ticker"":""KXBTC15M-26APR271645-45"",""trade_id"":""efbebfa1-54a3-43df-9505-d5b3d2b6b415"",""yes_price_dollars"":""0.4700""}"
KXBTC15M-26APR271645-45,ac5609b2-4aeb-6246-2a73-a28e6f443064,1777321805,0.47,14.0,no,"{""count_fp"":""14.00"",""created_time"":""2026-04-27T20:30:05.099788Z"",""no_price_dollars"":""0.5300"",""taker_side"":""no"",""ticker"":""KXBTC15M-26APR271645-45"",""trade_id"":""ac5609b2-4aeb-6246-2a73-a28e6f443064"",""yes_price_dollars"":""0.4700""}"
KXBTC15M-26APR271645-45,17a8d0df-fe06-6535-0f2e-005f164e9013,1777321805,0.46,27.0,no,"{""count_fp"":""27.00"",""created_time"":""2026-04-27T20:30:05.099788Z"",""no_price_dollars"":""0.5400"",""taker_side"":""no"",""ticker"":""KXBTC15M-26APR271645-45"",""trade_id"":""17a8d0df-fe06-6535-0f2e-005f164e9013"",""yes_price_dollars"":""0.4600""}"
KXBTC15M-26APR271645-45,bc42d8e2-f668-7962-143d-85d80e0dc900,1777321806,0.47,1.0,no,"{""count_fp"":""1.00"",""created_time"":""2026-04-27T20:30:06.121715Z"",""no_price_dollars"":""0.5300"",""taker_side"":""no"",""ticker"":""KXBTC15M-26APR271645-45"",""trade_id"":""bc42d8e2-f668-7962-143d-85d80e0dc900"",""yes_price_dollars"":""0.4700""}"
KXBTC15M-26APR271645-45,7493265d-7703-7640-3c83-6c26da0dd53b,1777321806,0.46,4.12,no,"{""count_fp"":""4.12"",""created_time"":""2026-04-27T20:30:06.121715Z"",""no_price_dollars"":""0.5400"",""taker_side"":""no"",""ticker"":""KXBTC15M-26APR271645-45"",""trade_id"":""7493265d-7703-7640-3c83-6c26da0dd53b"",""yes_price_dollars"":""0.4600""}"
KXBTC15M-26APR271645-45,b1744b64-488b-4916-0eea-32520f05a869,1777321807,0.45,13.0,no,"{""count_fp"":""13.00"",""created_time"":""2026-04-27T20:30:07.429698Z"",""no_price_dollars"":""0.5500"",""taker_side"":""no"",""ticker"":""KXBTC15M-26APR271645-45"",""trade_id"":""b1744b64-488b-4916-0eea-32520f05a869"",""yes_price_dollars"":""0.4500""}"
KXBTC15M-26APR271645-45,98c6a22e-648a-4aed-3048-e417d6db8ab3,1777321807,0.44,2.79,no,"{""count_fp"":""2.79"",""created_time"":""2026-04-27T20:30:07.429698Z"",""no_price_dollars"":""0.5600"",""taker_side"":""no"",""ticker"":""KXBTC15M-26APR271645-45"",""trade_id"":""98c6a22e-648a-4aed-3048-e417d6db8ab3"",""yes_price_dollars"":""0.4400""}"
KXBTC15M-26APR271645-45,61b1a61f-5814-488f-3b47-0821ab6b40c0,1777321807,0.44,1.0,no,"{""count_fp"":""1.00"",""created_time"":""2026-04-27T20:30:07.429698Z"",""no_price_dollars"":""0.5600"",""taker_side"":""no"",""ticker"":""KXBTC15M-26APR271645-45"",""trade_id"":""61b1a61f-5814-488f-3b47-0821ab6b40c0"",""yes_price_dollars"":""0.4400""}"
KXBTC15M-26APR271645-45,67bb5dc7-6afa-7a42-11e7-cf7818222dec,1777321807,0.48,20.1,yes,"{""count_fp"":""20.10"",""created_time"":""2026-04-27T20:30:07.117889Z"",""no_price_dollars"":""0.5200"",""taker_side"":""yes"",""ticker"":""KXBTC15M-26APR271645-45"",""trade_id"":""67bb5dc7-6afa-7a42-11e7-cf7818222dec"",""yes_price_dollars"":""0.4800""}"
KXBTC15M-26APR271645-45,e0b9b329-50bd-4cf7-a03a-20df6206e797,1777321807,0.47,4.0,no,"{""count_fp"":""4.00"",""created_time"":""2026-04-27T20:30:07.104564Z"",""no_price_dollars"":""0.5300"",""taker_side"":""no"",""ticker"":""KXBTC15M-26APR271645-45"",""trade_id"":""e0b9b329-50bd-4cf7-a03a-20df6206e797"",""yes_price_dollars"":""0.4700""}"
KXBTC15M-26APR271645-45,2caa48df-4b02-494d-a65f-00cefda1712f,1777321807,0.44,27.89,no,"{""count_fp"":""27.89"",""created_time"":""2026-04-27T20:30:07.104564Z"",""no_price_dollars"":""0.5600"",""taker_side"":""no"",""ticker"":""KXBTC15M-26APR271645-45"",""trade_id"":""2caa48df-4b02-494d-a65f-00cefda1712f"",""yes_price_dollars"":""0.4400""}"
KXBTC15M-26APR271645-45,1631c65a-3372-4b93-8e60-3127ce9de3fc,1777321807,0.47,1.0,no,"{""count_fp"":""1.00"",""created_time"":""2026-04-27T20:30:07.104564Z"",""no_price_dollars"":""0.5300"",""taker_side"":""no"",""ticker"":""KXBTC15M-26APR271645-45"",""trade_id"":""1631c65a-3372-4b93-8e60-3127ce9de3fc"",""yes_price_dollars"":""0.4700""}"
KXBTC15M-26APR271645-45,734860f1-96f9-5dd6-02bb-58057086aaf4,1777321808,0.45,7.0,yes,"{""count_fp"":""7.00"",""created_time"":""2026-04-27T20:30:08.892919Z"",""no_price_dollars"":""0.5500"",""taker_side"":""yes"",""ticker"":""KXBTC15M-26APR271645-45"",""trade_id"":""734860f1-96f9-5dd6-02bb-58057086aaf4"",""yes_price_dollars"":""0.4500""}"
KXBTC15M-26APR271645-45,ea08929a-8808-6182-86a5-269401fcb881,1777321808,0.45,1.0,no,"{""count_fp"":""1.00"",""created_time"":""2026-04-27T20:30:08.518506Z"",""no_price_dollars"":""0.5500"",""taker_side"":""no"",""ticker"":""KXBTC15M-26APR271645-45"",""trade_id"":""ea08929a-8808-6182-86a5-269401fcb881"",""yes_price_dollars"":""0.4500""}"
KXBTC15M-26APR271645-45,e614633e-35e8-6d5a-855c-3219221dfd1f,1777321808,0.41,20.0,no,"{""count_fp"":""20.00"",""created_time"":""2026-04-27T20:30:08.518506Z"",""no_price_dollars"":""0.5900"",""taker_side"":""no"",""ticker"":""KXBTC15M-26APR271645-45"",""trade_id"":""e614633e-35e8-6d5a-855c-3219221dfd1f"",""yes_price_dollars"":""0.4100""}"
KXBTC15M-26APR271645-45,d136b727-455d-60f4-8cf5-7e1575ca4268,1777321808,0.3,2.36,no,"{""count_fp"":""2.36"",""created_time"":""2026-04-27T20:30:08.518506Z"",""no_price_dollars"":""0.7000"",""taker_side"":""no"",""ticker"":""KXBTC15M-26APR271645-45"",""trade_id"":""d136b727-455d-60f4-8cf5-7e1575ca4268"",""yes_price_dollars"":""0.3000""}"
KXBTC15M-26APR271645-45,b5d89ca2-a108-6621-b205-70f817f2e6ee,1777321808,0.31,8.0,no,"{""count_fp"":""8.00"",""created_time"":""2026-04-27T20:30:08.518506Z"",""no_price_dollars"":""0.6900"",""taker_side"":""no"",""ticker"":""KXBTC15M-26APR271645-45"",""trade_id"":""b5d89ca2-a108-6621-b205-70f817f2e6ee"",""yes_price_dollars"":""0.3100""}"
KXBTC15M-26APR271645-45,afd7cc4d-a037-60bd-a47c-a37e8aa71170,1777321808,0.35,4.0,no,"{""count_fp"":""4.00"",""created_time"":""2026-04-27T20:30:08.518506Z"",""no_price_dollars"":""0.6500"",""taker_side"":""no"",""ticker"":""KXBTC15M-26APR271645-45"",""trade_id"":""afd7cc4d-a037-60bd-a47c-a37e8aa71170"",""yes_price_dollars"":""0.3500""}"
KXBTC15M-26APR271645-45,30a63458-b56a-6b3d-bedc-3a4197e30303,1777321808,0.42,11.46,no,"{""count_fp"":""11.46"",""created_time"":""2026-04-27T20:30:08.518506Z"",""no_price_dollars"":""0.5800"",""taker_side"":""no"",""ticker"":""KXBTC15M-26APR271645-45"",""trade_id"":""30a63458-b56a-6b3d-bedc-3a4197e30303"",""yes_price_dollars"":""0.4200""}"
KXBTC15M-26APR271645-45,4198dc42-be47-5cd5-fe37-ff18c075a81e,1777321808,0.45,1.0,no,"{""count_fp"":""1.00"",""created_time"":""2026-04-27T20:30:08.412041Z"",""no_price_dollars"":""0.5500"",""taker_side"":""no"",""ticker"":""KXBTC15M-26APR271645-45"",""trade_id"":""4198dc42-be47-5cd5-fe37-ff18c075a81e"",""yes_price_dollars"":""0.4500""}"
KXBTC15M-26APR271645-45,1398c19a-30ea-569d-eb98-a1848289c597,1777321808,0.44,5.86,no,"{""count_fp"":""5.86"",""created_time"":""2026-04-27T20:30:08.412041Z"",""no_price_dollars"":""0.5600"",""taker_side"":""no"",""ticker"":""KXBTC15M-26APR271645-45"",""trade_id"":""1398c19a-30ea-569d-eb98-a1848289c597"",""yes_price_dollars"":""0.4400""}"
KXBTC15M-26APR271645-45,08aec088-def0-5d4e-e3ca-b94fea7e04d0,1777321808,0.45,10.0,no,"{""count_fp"":""10.00"",""created_time"":""2026-04-27T20:30:08.412041Z"",""no_price_dollars"":""0.5500"",""taker_side"":""no"",""ticker"":""KXBTC15M-26APR271645-45"",""trade_id"":""08aec088-def0-5d4e-e3ca-b94fea7e04d0"",""yes_price_dollars"":""0.4500""}"
KXBTC15M-26APR271645-45,ada1cc8e-47a8-7563-302e-f70c061028da,1777321809,0.43,75.0,no,"{""count_fp"":""75.00"",""created_time"":""2026-04-27T20:30:09.902728Z"",""no_price_dollars"":""0.5700"",""taker_side"":""no"",""ticker"":""KXBTC15M-26APR271645-45"",""trade_id"":""ada1cc8e-47a8-7563-302e-f70c061028da"",""yes_price_dollars"":""0.4300""}"
KXBTC15M-26APR271645-45,a8f3b3f8-249d-7072-2833-df7f963c2683,1777321809,0.43,9.0,no,"{""count_fp"":""9.00"",""created_time"":""2026-04-27T20:30:09.902728Z"",""no_price_dollars"":""0.5700"",""taker_side"":""no"",""ticker"":""KXBTC15M-26APR271645-45"",""trade_id"":""a8f3b3f8-249d-7072-2833-df7f963c2683"",""yes_price_dollars"":""0.4300""}"
KXBTC15M-26APR271645-45,998f08c5-f6d5-76a8-3682-2feb311ec2b8,1777321809,0.3,54.53,no,"{""count_fp"":""54.53"",""created_time"":""2026-04-27T20:30:09.902728Z"",""no_price_dollars"":""0.7000"",""taker_side"":""no"",""ticker"":""KXBTC15M-26APR271645-45"",""trade_id"":""998f08c5-f6d5-76a8-3682-2feb311ec2b8"",""yes_price_dollars"":""0.3000""}"
KXBTC15M-26APR271645-45,902b097e-f519-7d5b-3bf8-fa89e1a3d30c,1777321809,0.43,5.0,no,"{""count_fp"":""5.00"",""created_time"":""2026-04-27T20:30:09.902728Z"",""no_price_dollars"":""0.5700"",""taker_side"":""no"",""ticker"":""KXBTC15M-26APR271645-45"",""trade_id"":""902b097e-f519-7d5b-3bf8-fa89e1a3d30c"",""yes_price_dollars"":""0.4300""}"
KXBTC15M-26APR271645-45,62b58947-4110-72d0-105c-6e78190d5abe,1777321809,0.43,100.0,no,"{""count_fp"":""100.00"",""created_time"":""2026-04-27T20:30:09.902728Z"",""no_price_dollars"":""0.5700"",""taker_side"":""no"",""ticker"":""KXBTC15M-26APR271645-45"",""trade_id"":""62b58947-4110-72d0-105c-6e78190d5abe"",""yes_price_dollars"":""0.4300""}"
KXBTC15M-26APR271645-45,33de2106-c3bf-7b49-0c2d-609d8437af37,1777321809,0.43,1.0,no,"{""count_fp"":""1.00"",""created_time"":""2026-04-27T20:30:09.902728Z"",""no_price_dollars"":""0.5700"",""taker_side"":""no"",""ticker"":""KXBTC15M-26APR271645-45"",""trade_id"":""33de2106-c3bf-7b49-0c2d-609d8437af37"",""yes_price_dollars"":""0.4300""}"
KXBTC15M-26APR271645-45,2c110ddb-f277-769e-36f2-b7bbadb7aa26,1777321809,0.31,83.0,no,"{""count_fp"":""83.00"",""created_time"":""2026-04-27T20:30:09.902728Z"",""no_price_dollars"":""0.6900"",""taker_side"":""no"",""ticker"":""KXBTC15M-26APR271645-45"",""trade_id"":""2c110ddb-f277-769e-36f2-b7bbadb7aa26"",""yes_price_dollars"":""0.3100""}"
KXBTC15M-26APR271645-45,4b7a437e-0ff9-519a-948b-86b8454b3b35,1777321809,0.45,1.0,yes,"{""count_fp"":""1.00"",""created_time"":""2026-04-27T20:30:09.495951Z"",""no_price_dollars"":""0.5500"",""taker_side"":""yes"",""ticker"":""KXBTC15M-26APR271645-45"",""trade_id"":""4b7a437e-0ff9-519a-948b-86b8454b3b35"",""yes_price_dollars"":""0.4500""}"
KXBTC15M-26APR271645-45,2e7946bf-24fd-5bef-abdb-63a48123f052,1777321809,0.47,4.28,yes,"{""count_fp"":""4.28"",""created_time"":""2026-04-27T20:30:09.495951Z"",""no_price_dollars"":""0.5300"",""taker_side"":""yes"",""ticker"":""KXBTC15M-26APR271645-45"",""trade_id"":""2e7946bf-24fd-5bef-abdb-63a48123f052"",""yes_price_dollars"":""0.4700""}"
KXBTC15M-26APR271645-45,26221cc7-b52b-5835-944d-57d1d7172692,1777321809,0.47,6.97,yes,"{""count_fp"":""6.97"",""created_time"":""2026-04-27T20:30:09.495951Z"",""no_price_dollars"":""0.5300"",""taker_side"":""yes"",""ticker"":""KXBTC15M-26APR271645-45"",""trade_id"":""26221cc7-b52b-5835-944d-57d1d7172692"",""yes_price_dollars"":""0.4700""}"
KXBTC15M-26APR271645-45,a2d5992f-27c3-7e49-78c8-29932662236a,1777321809,0.47,3.03,yes,"{""count_fp"":""3.03"",""created_time"":""2026-04-27T20:30:09.205804Z"",""no_price_dollars"":""0.5300"",""taker_side"":""yes"",""ticker"":""KXBTC15M-26APR271645-45"",""trade_id"":""a2d5992f-27c3-7e49-78c8-29932662236a"",""yes_price_dollars"":""0.4700""}"
KXBTC15M-26APR271645-45,4f33ee48-ea79-782e-50a7-0f50b66f12d8,1777321809,0.45,2.0,yes,"{""count_fp"":""2.00"",""created_time"":""2026-04-27T20:30:09.205804Z"",""no_price_dollars"":""0.5500"",""taker_side"":""yes"",""ticker"":""KXBTC15M-26APR271645-45"",""trade_id"":""4f33ee48-ea79-782e-50a7-0f50b66f12d8"",""yes_price_dollars"":""0.4500""}"
KXBTC15M-26APR271645-45,0740e920-8e90-7d44-5285-b3a8ce6030a0,1777321809,0.46,1.0,yes,"{""count_fp"":""1.00"",""created_time"":""2026-04-27T20:30:09.205804Z"",""no_price_dollars"":""0.5400"",""taker_side"":""yes"",""ticker"":""KXBTC15M-26APR271645-45"",""trade_id"":""0740e920-8e90-7d44-5285-b3a8ce6030a0"",""yes_price_dollars"":""0.4600""}"
KXBTC15M-26APR271645-45,816b8d93-f0dc-66d7-454e-831acf405b2c,1777321810,0.45,212.66,yes,"{""count_fp"":""212.66"",""created_time"":""2026-04-27T20:30:10.996849Z"",""no_price_dollars"":""0.5500"",""taker_side"":""yes"",""ticker"":""KXBTC15M-26APR271645-45"",""trade_id"":""816b8d93-f0dc-66d7-454e-831acf405b2c"",""yes_price_dollars"":""0.4500""}"
KXBTC15M-26APR271645-45,6e0b31a5-8115-664e-7a89-fb119f13e4d3,1777321810,0.44,12.0,yes,"{""count_fp"":""12.00"",""created_time"":""2026-04-27T20:30:10.996849Z"",""no_price_dollars"":""0.5600"",""taker_side"":""yes"",""ticker"":""KXBTC15M-26APR271645-45"",""trade_id"":""6e0b31a5-8115-664e-7a89-fb119f13e4d3"",""yes_price_dollars"":""0.4400""}"
KXBTC15M-26APR271645-45,6561e106-bfb7-6f41-66cd-c457478f80f8,1777321810,0.44,6.78,yes,"{""count_fp"":""6.78"",""created_time"":""2026-04-27T20:30:10.996849Z"",""no_price_dollars"":""0.5600"",""taker_side"":""yes"",""ticker"":""KXBTC15M-26APR271645-45"",""trade_id"":""6561e106-bfb7-6f41-66cd-c457478f80f8"",""yes_price_dollars"":""0.4400""}"
KXBTC15M-26APR271645-45,a507173b-448f-7b49-7519-d82cbc38022e,1777321810,0.44,1.0,yes,"{""count_fp"":""1.00"",""created_time"":""2026-04-27T20:30:10.698954Z"",""no_price_dollars"":""0.5600"",""taker_side"":""yes"",""ticker"":""KXBTC15M-26APR271645-45"",""trade_id"":""a507173b-448f-7b49-7519-d82cbc38022e"",""yes_price_dollars"":""0.4400""}"
KXBTC15M-26APR271645-45,26786065-599f-7ea1-5317-e263b8c9a8c0,1777321810,0.44,3.22,yes,"{""count_fp"":""3.22"",""created_time"":""2026-04-27T20:30:10.698954Z"",""no_price_dollars"":""0.5600"",""taker_side"":""yes"",""ticker"":""KXBTC15M-26APR271645-45"",""trade_id"":""26786065-599f-7ea1-5317-e263b8c9a8c0"",""yes_price_dollars"":""0.4400""}"
KXBTC15M-26APR271645-45,72ab458e-8c90-5d3b-ecef-cdc97755aa08,1777321810,0.45,100.31,yes,"{""count_fp"":""100.31"",""created_time"":""2026-04-27T20:30:10.487748Z"",""no_price_dollars"":""0.5500"",""taker_side"":""yes"",""ticker"":""KXBTC15M-26APR271645-45"",""trade_id"":""72ab458e-8c90-5d3b-ecef-cdc97755aa08"",""yes_price_dollars"":""0.4500""}"
KXBTC15M-26APR271645-45,164fbadf-c6fb-5b32-f14f-a205f64be8c8,1777321810,0.44,1.0,yes,"{""count_fp"":""1.00"",""created_time"":""2026-04-27T20:30:10.487748Z"",""no_price_dollars"":""0.5600"",""taker_side"":""yes"",""ticker"":""KXBTC15M-26APR271645-45"",""trade_id"":""164fbadf-c6fb-5b32-f14f-a205f64be8c8"",""yes_price_dollars"":""0.4400""}"
KXBTC15M-26APR271645-45,115c35e2-b925-5c46-cb50-6eed97587795,1777321810,0.44,100.0,yes,"{""count_fp"":""100.00"",""created_time"":""2026-04-27T20:30:10.487748Z"",""no_price_dollars"":""0.5600"",""taker_side"":""yes"",""ticker"":""KXBTC15M-26APR271645-45"",""trade_id"":""115c35e2-b925-5c46-cb50-6eed97587795"",""yes_price_dollars"":""0.4400""}"
KXBTC15M-26APR271645-45,4adff31b-2889-61f1-5ba0-40e227e07f83,1777321811,0.44,1.0,yes,"{""count_fp"":""1.00"",""created_time"":""2026-04-27T20:30:11.817566Z"",""no_price_dollars"":""0.5600"",""taker_side"":""yes"",""ticker"":""KXBTC15M-26APR271645-45"",""trade_id"":""4adff31b-2889-61f1-5ba0-40e227e07f83"",""yes_price_dollars"":""0.4400""}"
KXBTC15M-26APR271645-45,25abce0e-a6ac-6577-509f-75f70a15a5f4,1777321811,0.45,7.51,yes,"{""count_fp"":""7.51"",""created_time"":""2026-04-27T20:30:11.817566Z"",""no_price_dollars"":""0.5500"",""taker_side"":""yes"",""ticker"":""KXBTC15M-26APR271645-45"",""trade_id"":""25abce0e-a6ac-6577-509f-75f70a15a5f4"",""yes_price_dollars"":""0.4500""}"
KXBTC15M-26APR271645-45,174be208-9b62-6c3a-694f-3328d7c76a92,1777321811,0.44,12.0,yes,"{""count_fp"":""12.00"",""created_time"":""2026-04-27T20:30:11.817566Z"",""no_price_dollars"":""0.5600"",""taker_side"":""yes"",""ticker"":""KXBTC15M-26APR271645-45"",""trade_id"":""174be208-9b62-6c3a-694f-3328d7c76a92"",""yes_price_dollars"":""0.4400""}"
KXBTC15M-26APR271645-45,9ee3f26e-6c01-5cd8-d54a-68f559f01660,1777321811,0.41,1.62,no,"{""count_fp"":""1.62"",""created_time"":""2026-04-27T20:30:11.718098Z"",""no_price_dollars"":""0.5900"",""taker_side"":""no"",""ticker"":""KXBTC15M-26APR271645-45"",""trade_id"":""9ee3f26e-6c01-5cd8-d54a-68f559f01660"",""yes_price_dollars"":""0.4100""}"
KXBTC15M-26APR271645-45,00a5ef3e-59eb-688c-d19e-07f4d7281034,1777321811,0.42,7.91,no,"{""count_fp"":""7.91"",""created_time"":""2026-04-27T20:30:11.375139Z"",""no_price_dollars"":""0.5800"",""taker_side"":""no"",""ticker"":""KXBTC15M-26APR271645-45"",""trade_id"":""00a5ef3e-59eb-688c-d19e-07f4d7281034"",""yes_price_dollars"":""0.4200""}"
KXBTC15M-26APR271645-45,6ebd99fa-fd1a-5570-310c-37c5815a5fdf,1777321811,0.44,1.0,yes,"{""count_fp"":""1.00"",""created_time"":""2026-04-27T20:30:11.163855Z"",""no_price_dollars"":""0.5600"",""taker_side"":""yes"",""ticker"":""KXBTC15M-26APR271645-45"",""trade_id"":""6ebd99fa-fd1a-5570-310c-37c5815a5fdf"",""yes_price_dollars"":""0.4400""}"
KXBTC15M-26APR271645-45,2f71ef42-2085-5439-35e2-0ed569a3ac69,1777321811,0.44,16.51,yes,"{""count_fp"":""16.51"",""created_time"":""2026-04-27T20:30:11.163855Z"",""no_price_dollars"":""0.5600"",""taker_side"":""yes"",""ticker"":""KXBTC15M-26APR271645-45"",""trade_id"":""2f71ef42-2085-5439-35e2-0ed569a3ac69"",""yes_price_dollars"":""0.4400""}"
KXBTC15M-26APR271645-45,0a1865df-b908-5940-33a0-de5b9dd47b5c,1777321811,0.44,3.0,yes,"{""count_fp"":""3.00"",""created_time"":""2026-04-27T20:30:11.163855Z"",""no_price_dollars"":""0.5600"",""taker_side"":""yes"",""ticker"":""KXBTC15M-26APR271645-45"",""trade_id"":""0a1865df-b908-5940-33a0-de5b9dd47b5c"",""yes_price_dollars"":""0.4400""}"
KXBTC15M-26APR271645-45,876ed2da-fe30-603b-6638-3ccd64ee3768,1777321811,0.45,20.11,yes,"{""count_fp"":""20.11"",""created_time"":""2026-04-27T20:30:11.016965Z"",""no_price_dollars"":""0.5500"",""taker_side"":""yes"",""ticker"":""KXBTC15M-26APR271645-45"",""trade_id"":""876ed2da-fe30-603b-6638-3ccd64ee3768"",""yes_price_dollars"":""0.4500""}"
KXBTC15M-26APR271645-45,e79a2fbd-7dae-4c01-af8c-812d78ab0e23,1777321812,0.42,1.0,no,"{""count_fp"":""1.00"",""created_time"":""2026-04-27T20:30:12.872167Z"",""no_price_dollars"":""0.5800"",""taker_side"":""no"",""ticker"":""KXBTC15M-26APR271645-45"",""trade_id"":""e79a2fbd-7dae-4c01-af8c-812d78ab0e23"",""yes_price_dollars"":""0.4200""}"
KXBTC15M-26APR271645-45,acabc12c-5000-46f0-a0b8-8282cf07bfdb,1777321812,0.42,3.0,no,"{""count_fp"":""3.00"",""created_time"":""2026-04-27T20:30:12.872167Z"",""no_price_dollars"":""0.5800"",""taker_side"":""no"",""ticker"":""KXBTC15M-26APR271645-45"",""trade_id"":""acabc12c-5000-46f0-a0b8-8282cf07bfdb"",""yes_price_dollars"":""0.4200""}"
KXBTC15M-26APR271645-45,d2a7d42a-60a3-7a48-e5fc-51a891f17eef,1777321812,0.4,400.0,no,"{""count_fp"":""400.00"",""created_time"":""2026-04-27T20:30:12.597236Z"",""no_price_dollars"":""0.6000"",""taker_side"":""no"",""ticker"":""KXBTC15M-26APR271645-45"",""trade_id"":""d2a7d42a-60a3-7a48-e5fc-51a891f17eef"",""yes_price_dollars"":""0.4000""}"
KXBTC15M-26APR271645-45,30efb0ab-ab11-7bdc-e05a-d53e6a5d1376,1777321812,0.4,202.66,no,"{""count_fp"":""202.66"",""created_time"":""2026-04-27T20:30:12.597236Z"",""no_price_dollars"":""0.6000"",""taker_side"":""no"",""ticker"":""KXBTC15M-26APR271645-45"",""trade_id"":""30efb0ab-ab11-7bdc-e05a-d53e6a5d1376"",""yes_price_dollars"":""0.4000""}"
KXBTC15M-26APR271645-45,154969a3-a925-7b4e-c1e9-8da06395fcaf,1777321812,0.41,1.0,no,"{""count_fp"":""1.00"",""created_time"":""2026-04-27T20:30:12.597236Z"",""no_price_dollars"":""0.5900"",""taker_side"":""no"",""ticker"":""KXBTC15M-26APR271645-45"",""trade_id"":""154969a3-a925-7b4e-c1e9-8da06395fcaf"",""yes_price_dollars"":""0.4100""}"
KXBTC15M-26APR271645-45,3e625fc8-ca98-608e-3b6b-bbe7bfd3df0c,1777321812,0.43,4.1,yes,"{""count_fp"":""4.10"",""created_time"":""2026-04-27T20:30:12.288105Z"",""no_price_dollars"":""0.5700"",""taker_side"":""yes"",""ticker"":""KXBTC15M-26APR271645-45"",""trade_id"":""3e625fc8-ca98-608e-3b6b-bbe7bfd3df0c"",""yes_price_dollars"":""0.4300""}"
KXBTC15M-26APR271645-45,b4e9b200-b41b-561a-79a1-2e91c9cc1656,1777321812,0.41,1.0,no,"{""count_fp"":""1.00"",""created_time"":""2026-04-27T20:30:12.229912Z"",""no_price_dollars"":""0.5900"",""taker_side"":""no"",""ticker"":""KXBTC15M-26APR271645-45"",""trade_id"":""b4e9b200-b41b-561a-79a1-2e91c9cc1656"",""yes_price_dollars"":""0.4100""}"
KXBTC15M-26APR271645-45,9c2c0149-69c7-540f-6d16-1034564b5d29,1777321812,0.41,2.0,no,"{""count_fp"":""2.00"",""created_time"":""2026-04-27T20:30:12.229912Z"",""no_price_dollars"":""0.5900"",""taker_side"":""no"",""ticker"":""KXBTC15M-26APR271645-45"",""trade_id"":""9c2c0149-69c7-540f-6d16-1034564b5d29"",""yes_price_dollars"":""0.4100""}"
KXBTC15M-26APR271645-45,95231951-13b5-5cd6-70e8-92d5ee739166,1777321812,0.4,2.0,no,"{""count_fp"":""2.00"",""created_time"":""2026-04-27T20:30:12.229912Z"",""no_price_dollars"":""0.6000"",""taker_side"":""no"",""ticker"":""KXBTC15M-26APR271645-45"",""trade_id"":""95231951-13b5-5cd6-70e8-92d5ee739166"",""yes_price_dollars"":""0.4000""}"
KXBTC15M-26APR271645-45,6433e46b-4cd9-5230-4ab8-26b82f4b68f4,1777321812,0.41,4.38,no,"{""count_fp"":""4.38"",""created_time"":""2026-04-27T20:30:12.229912Z"",""no_price_dollars"":""0.5900"",""taker_side"":""no"",""ticker"":""KXBTC15M-26APR271645-45"",""trade_id"":""6433e46b-4cd9-5230-4ab8-26b82f4b68f4"",""yes_price_dollars"":""0.4100""}"
KXBTC15M-26APR271645-45,48012e69-e7e6-5d42-6d42-383323cc60a9,1777321812,0.4,2.0,no,"{""count_fp"":""2.00"",""created_time"":""2026-04-27T20:30:12.229912Z"",""no_price_dollars"":""0.6000"",""taker_side"":""no"",""ticker"":""KXBTC15M-26APR271645-45"",""trade_id"":""48012e69-e7e6-5d42-6d42-383323cc60a9"",""yes_price_dollars"":""0.4000""}"
KXBTC15M-26APR271645-45,46cee4e1-d34d-5ab0-56a5-a01967821b22,1777321812,0.39,2.0,no,"{""count_fp"":""2.00"",""created_time"":""2026-04-27T20:30:12.229912Z"",""no_price_dollars"":""0.6100"",""taker_side"":""no"",""ticker"":""KXBTC15M-26APR271645-45"",""trade_id"":""46cee4e1-d34d-5ab0-56a5-a01967821b22"",""yes_price_dollars"":""0.3900""}"
KXBTC15M-26APR271645-45,2be4564b-1ce3-5256-517b-ef38f3ae38fe,1777321812,0.39,10.0,no,"{""count_fp"":""10.00"",""created_time"":""2026-04-27T20:30:12.229912Z"",""no_price_dollars"":""0.6100"",""taker_side"":""no"",""ticker"":""KXBTC15M-26APR271645-45"",""trade_id"":""2be4564b-1ce3-5256-517b-ef38f3ae38fe"",""yes_price_dollars"":""0.3900""}"
KXBTC15M-26APR271645-45,26a11c71-ef7f-5b94-4f80-c8673bc575ab,1777321812,0.39,23.8,no,"{""count_fp"":""23.80"",""created_time"":""2026-04-27T20:30:12.229912Z"",""no_price_dollars"":""0.6100"",""taker_side"":""no"",""ticker"":""KXBTC15M-26APR271645-45"",""trade_id"":""26a11c71-ef7f-5b94-4f80-c8673bc575ab"",""yes_price_dollars"":""0.3900""}"
KXBTC15M-26APR271645-45,e3723592-180c-44d7-81f3-fd595ee0a278,1777321813,0.45,23.69,yes,"{""count_fp"":""23.69"",""created_time"":""2026-04-27T20:30:13.877849Z"",""no_price_dollars"":""0.5500"",""taker_side"":""yes"",""ticker"":""KXBTC15M-26APR271645-45"",""trade_id"":""e3723592-180c-44d7-81f3-fd595ee0a278"",""yes_price_dollars"":""0.4500""}"
KXBTC15M-26APR271645-45,9f707121-bfec-4042-ae41-0d0139f826f6,1777321813,0.44,1.0,yes,"{""count_fp"":""1.00"",""created_time"":""2026-04-27T20:30:13.877849Z"",""no_price_dollars"":""0.5600"",""taker_side"":""yes"",""ticker"":""KXBTC15M-26APR271645-45"",""trade_id"":""9f707121-bfec-4042-ae41-0d0139f826f6"",""yes_price_dollars"":""0.4400""}"
KXBTC15M-26APR271645-45,2fe7b6da-6d6a-4a8f-9c7a-8085533ed08a,1777321813,0.43,1.0,yes,"{""count_fp"":""1.00"",""created_time"":""2026-04-27T20:30:13.877849Z"",""no_price_dollars"":""0.5700"",""taker_side"":""yes"",""ticker"":""KXBTC15M-26APR271645-45"",""trade_id"":""2fe7b6da-6d6a-4a8f-9c7a-8085533ed08a"",""yes_price_dollars"":""0.4300""}"
KXBTC15M-26APR271645-45,b5f969a9-e831-7f16-d8ee-9edee76aaf45,1777321813,0.44,1.0,yes,"{""count_fp"":""1.00"",""created_time"":""2026-04-27T20:30:13.799674Z"",""no_price_dollars"":""0.5600"",""taker_side"":""yes"",""ticker"":""KXBTC15M-26APR271645-45"",""trade_id"":""b5f969a9-e831-7f16-d8ee-9edee76aaf45"",""yes_price_dollars"":""0.4400""}"
KXBTC15M-26APR271645-45,9c985259-ab2c-7a43-ca84-a9526292b25c,1777321813,0.45,9.51,yes,"{""count_fp"":""9.51"",""created_time"":""2026-04-27T20:30:13.799674Z"",""no_price_dollars"":""0.5500"",""taker_side"":""yes"",""ticker"":""KXBTC15M-26APR271645-45"",""trade_id"":""9c985259-ab2c-7a43-ca84-a9526292b25c"",""yes_price_dollars"":""0.4500""}"
KXBTC15M-26APR271645-45,dcae622b-8c1b-45d7-436a-d5ec298baedd,1777321813,0.44,3.0,yes,"{""count_fp"":""3.00"",""created_time"":""2026-04-27T20:30:13.730971Z"",""no_price_dollars"":""0.5600"",""taker_side"":""yes"",""ticker"":""KXBTC15M-26APR271645-45"",""trade_id"":""dcae622b-8c1b-45d7-436a-d5ec298baedd"",""yes_price_dollars"":""0.4400""}"
KXBTC15M-26APR271645-45,96f5d619-250a-4cf3-58e9-a007b3648fd3,1777321813,0.44,5.08,yes,"{""count_fp"":""5.08"",""created_time"":""2026-04-27T20:30:13.730971Z"",""no_price_dollars"":""0.5600"",""taker_side"":""yes"",""ticker"":""KXBTC15M-26APR271645-45"",""trade_id"":""96f5d619-250a-4cf3-58e9-a007b3648fd3"",""yes_price_dollars"":""0.4400""}"
KXBTC15M-26APR271645-45,96690f70-d3fd-43f7-5e0d-e843d081ca4c,1777321813,0.43,1.0,yes,"{""count_fp"":""1.00"",""created_time"":""2026-04-27T20:30:13.730971Z"",""no_price_dollars"":""0.5700"",""taker_side"":""yes"",""ticker"":""KXBTC15M-26APR271645-45"",""trade_id"":""96690f70-d3fd-43f7-5e0d-e843d081ca4c"",""yes_price_dollars"":""0.4300""}"
KXBTC15M-26APR271645-45,24071a66-e888-42eb-5638-8c6560d0bdac,1777321813,0.45,32.73,yes,"{""count_fp"":""32.73"",""created_time"":""2026-04-27T20:30:13.730971Z"",""no_price_dollars"":""0.5500"",""taker_side"":""yes"",""ticker"":""KXBTC15M-26APR271645-45"",""trade_id"":""24071a66-e888-42eb-5638-8c6560d0bdac"",""yes_price_dollars"":""0.4500""}"
KXBTC15M-26APR271645-45,16fd2479-e478-496c-4801-2b9250073b9b,1777321813,0.43,1.0,yes,"{""count_fp"":""1.00"",""created_time"":""2026-04-27T20:30:13.730971Z"",""no_price_dollars"":""0.5700"",""taker_side"":""yes"",""ticker"":""KXBTC15M-26APR271645-45"",""trade_id"":""16fd2479-e478-496c-4801-2b9250073b9b"",""yes_price_dollars"":""0.4300""}"
KXBTC15M-26APR271645-45,f82bbdd7-9cf1-66a0-2177-9929201c35f6,1777321813,0.4,11.12,no,"{""count_fp"":""11.12"",""created_time"":""2026-04-27T20:30:13.611095Z"",""no_price_dollars"":""0.6000"",""taker_side"":""no"",""ticker"":""KXBTC15M-26APR271645-45"",""trade_id"":""f82bbdd7-9cf1-66a0-2177-9929201c35f6"",""yes_price_dollars"":""0.4000""}"
KXBTC15M-26APR271645-45,e58273df-a199-6ecf-1f65-72ef6af87a24,1777321813,0.42,40.0,no,"{""count_fp"":""40.00"",""created_time"":""2026-04-27T20:30:13.611095Z"",""no_price_dollars"":""0.5800"",""taker_side"":""no"",""ticker"":""KXBTC15M-26APR271645-45"",""trade_id"":""e58273df-a199-6ecf-1f65-72ef6af87a24"",""yes_price_dollars"":""0.4200""}"
KXBTC15M-26APR271645-45,d69f672c-ef47-6d5a-37c1-3b11e02e250d,1777321813,0.41,40.0,no,"{""count_fp"":""40.00"",""created_time"":""2026-04-27T20:30:13.611095Z"",""no_price_dollars"":""0.5900"",""taker_side"":""no"",""ticker"":""KXBTC15M-26APR271645-45"",""trade_id"":""d69f672c-ef47-6d5a-37c1-3b11e02e250d"",""yes_price_dollars"":""0.4100""}"
KXBTC15M-26APR271645-45,b1b41244-10ec-61fc-2af7-4711be34d6f2,1777321813,0.41,1.0,no,"{""count_fp"":""1.00"",""created_time"":""2026-04-27T20:30:13.611095Z"",""no_price_dollars"":""0.5900"",""taker_side"":""no"",""ticker"":""KXBTC15M-26APR271645-45"",""trade_id"":""b1b41244-10ec-61fc-2af7-4711be34d6f2"",""yes_price_dollars"":""0.4100""}"
KXBTC15M-26APR271645-45,b14039be-45a3-64a1-22a2-8303526a2978,1777321813,0.41,10.0,no,"{""count_fp"":""10.00"",""created_time"":""2026-04-27T20:30:13.611095Z"",""no_price_dollars"":""0.5900"",""taker_side"":""no"",""ticker"":""KXBTC15M-26APR271645-45"",""trade_id"":""b14039be-45a3-64a1-22a2-8303526a2978"",""yes_price_dollars"":""0.4100""}"
KXBTC15M-26APR271645-45,67dbb0a8-d18d-6a17-3c80-ea6f135594c0,1777321813,0.41,56.0,no,"{""count_fp"":""56.00"",""created_time"":""2026-04-27T20:30:13.611095Z"",""no_price_dollars"":""0.5900"",""taker_side"":""no"",""ticker"":""KXBTC15M-26APR271645-45"",""trade_id"":""67dbb0a8-d18d-6a17-3c80-ea6f135594c0"",""yes_price_dollars"":""0.4100""}"
KXBTC15M-26APR271645-45,3f0d0335-4ad3-6f9d-2491-4e6ec85d7feb,1777321813,0.42,3.0,no,"{""count_fp"":""3.00"",""created_time"":""2026-04-27T20:30:13.611095Z"",""no_price_dollars"":""0.5800"",""taker_side"":""no"",""ticker"":""KXBTC15M-26APR271645-45"",""trade_id"":""3f0d0335-4ad3-6f9d-2491-4e6ec85d7feb"",""yes_price_dollars"":""0.4200""}"
KXBTC15M-26APR271645-45,014a8952-6a94-63d7-2a12-185a593e4b73,1777321813,0.42,1.0,no,"{""count_fp"":""1.00"",""created_time"":""2026-04-27T20:30:13.611095Z"",""no_price_dollars"":""0.5800"",""taker_side"":""no"",""ticker"":""KXBTC15M-26APR271645-45"",""trade_id"":""014a8952-6a94-63d7-2a12-185a593e4b73"",""yes_price_dollars"":""0.4200""}"
KXBTC15M-26APR271645-45,ed9837f2-c1c2-54d3-dd47-4a9fd43611d3,1777321813,0.44,11.41,yes,"{""count_fp"":""11.41"",""created_time"":""2026-04-27T20:30:13.458417Z"",""no_price_dollars"":""0.5600"",""taker_side"":""yes"",""ticker"":""KXBTC15M-26APR271645-45"",""trade_id"":""ed9837f2-c1c2-54d3-dd47-4a9fd43611d3"",""yes_price_dollars"":""0.4400""}"
KXBTC15M-26APR271645-45,a98e094c-662b-560e-c7d4-c2b250db8dd7,1777321813,0.43,1.0,yes,"{""count_fp"":""1.00"",""created_time"":""2026-04-27T20:30:13.458417Z"",""no_price_dollars"":""0.5700"",""taker_side"":""yes"",""ticker"":""KXBTC15M-26APR271645-45"",""trade_id"":""a98e094c-662b-560e-c7d4-c2b250db8dd7"",""yes_price_dollars"":""0.4300""}"
KXBTC15M-26APR271645-45,60730eeb-4d79-5f1e-ef39-b4eb2000e39d,1777321813,0.44,9.0,yes,"{""count_fp"":""9.00"",""created_time"":""2026-04-27T20:30:13.458417Z"",""no_price_dollars"":""0.5600"",""taker_side"":""yes"",""ticker"":""KXBTC15M-26APR271645-45"",""trade_id"":""60730eeb-4d79-5f1e-ef39-b4eb2000e39d"",""yes_price_dollars"":""0.4400""}"
KXBTC15M-26APR271645-45,ceb0bb00-eeaf-71e2-eeb8-602c98b7ac4c,1777321813,0.43,1.0,yes,"{""count_fp"":""1.00"",""created_time"":""2026-04-27T20:30:13.392112Z"",""no_price_dollars"":""0.5700"",""taker_side"":""yes"",""ticker"":""KXBTC15M-26APR271645-45"",""trade_id"":""ceb0bb00-eeaf-71e2-eeb8-602c98b7ac4c"",""yes_price_dollars"":""0.4300""}"
KXBTC15M-26APR271645-45,3569a71f-b01f-76b2-e728-7f2970f76323,1777321813,0.44,3.0,yes,"{""count_fp"":""3.00"",""created_time"":""2026-04-27T20:30:13.392112Z"",""no_price_dollars"":""0.5600"",""taker_side"":""yes"",""ticker"":""KXBTC15M-26APR271645-45"",""trade_id"":""3569a71f-b01f-76b2-e728-7f2970f76323"",""yes_price_dollars"":""0.4400""}"
KXBTC15M-26APR271645-45,2e4a4771-73c9-7979-c4f9-f2b914bf8559,1777321813,0.44,11.66,yes,"{""count_fp"":""11.66"",""created_time"":""2026-04-27T20:30:13.392112Z"",""no_price_dollars"":""0.5600"",""taker_side"":""yes"",""ticker"":""KXBTC15M-26APR271645-45"",""trade_id"":""2e4a4771-73c9-7979-c4f9-f2b914bf8559"",""yes_price_dollars"":""0.4400""}"
KXBTC15M-26APR271645-45,0683afe1-85f6-7c02-fd9c-5366982b5004,1777321813,0.44,6.0,yes,"{""count_fp"":""6.00"",""created_time"":""2026-04-27T20:30:13.392112Z"",""no_price_dollars"":""0.5600"",""taker_side"":""yes"",""ticker"":""KXBTC15M-26APR271645-45"",""trade_id"":""0683afe1-85f6-7c02-fd9c-5366982b5004"",""yes_price_dollars"":""0.4400""}"
KXBTC15M-26APR271645-45,d4270667-ff1c-695f-4002-f24532fa30a8,1777321814,0.44,21.59,yes,"{""count_fp"":""21.59"",""created_time"":""2026-04-27T20:30:14.703172Z"",""no_price_dollars"":""0.5600"",""taker_side"":""yes"",""ticker"":""KXBTC15M-26APR271645-45"",""trade_id"":""d4270667-ff1c-695f-4002-f24532fa30a8"",""yes_price_dollars"":""0.4400""}"
KXBTC15M-26APR271645-45,c1d86315-35d8-40cb-b721-7fb48f4bc4f8,1777321814,0.44,7.89,yes,"{""count_fp"":""7.89"",""created_time"":""2026-04-27T20:30:14.643566Z"",""no_price_dollars"":""0.5600"",""taker_side"":""yes"",""ticker"":""KXBTC15M-26APR271645-45"",""trade_id"":""c1d86315-35d8-40cb-b721-7fb48f4bc4f8"",""yes_price_dollars"":""0.4400""}"
KXBTC15M-26APR271645-45,1405ed77-89e5-4377-adcb-71175ae62343,1777321814,0.43,3.0,yes,"{""count_fp"":""3.00"",""created_time"":""2026-04-27T20:30:14.643566Z"",""no_price_dollars"":""0.5700"",""taker_side"":""yes"",""ticker"":""KXBTC15M-26APR271645-45"",""trade_id"":""1405ed77-89e5-4377-adcb-71175ae62343"",""yes_price_dollars"":""0.4300""}"
KXBTC15M-26APR271645-45,9fb03155-b0c5-6d0c-9fd9-f43cadc21121,1777321814,0.42,40.0,no,"{""count_fp"":""40.00"",""created_time"":""2026-04-27T20:30:14.613487Z"",""no_price_dollars"":""0.5800"",""taker_side"":""no"",""ticker"":""KXBTC15M-26APR271645-45"",""trade_id"":""9fb03155-b0c5-6d0c-9fd9-f43cadc21121"",""yes_price_dollars"":""0.4200""}"
KXBTC15M-26APR271645-45,67d9cf82-d333-6cde-a159-831cb0802143,1777321814,0.41,3.54,no,"{""count_fp"":""3.54"",""created_time"":""2026-04-27T20:30:14.613487Z"",""no_price_dollars"":""0.5900"",""taker_side"":""no"",""ticker"":""KXBTC15M-26APR271645-45"",""trade_id"":""67d9cf82-d333-6cde-a159-831cb0802143"",""yes_price_dollars"":""0.4100""}"
KXBTC15M-26APR271645-45,c998e3e9-68cc-6f16-e15f-9b6aca7e76da,1777321814,0.43,2.4,yes,"{""count_fp"":""2.40"",""created_time"":""2026-04-27T20:30:14.005078Z"",""no_price_dollars"":""0.5700"",""taker_side"":""yes"",""ticker"":""KXBTC15M-26APR271645-45"",""trade_id"":""c998e3e9-68cc-6f16-e15f-9b6aca7e76da"",""yes_price_dollars"":""0.4300""}"
KXBTC15M-26APR271645-45,a60d6dce-953e-4649-cbb8-166285e48231,1777321815,0.42,126.25,yes,"{""count_fp"":""126.25"",""created_time"":""2026-04-27T20:30:15.896014Z"",""no_price_dollars"":""0.5800"",""taker_side"":""yes"",""ticker"":""KXBTC15M-26APR271645-45"",""trade_id"":""a60d6dce-953e-4649-cbb8-166285e48231"",""yes_price_dollars"":""0.4200""}"
KXBTC15M-26APR271645-45,a7ed10cd-f92f-63c6-15bb-73fafbfda1b3,1777321815,0.41,36.46,no,"{""count_fp"":""36.46"",""created_time"":""2026-04-27T20:30:15.269512Z"",""no_price_dollars"":""0.5900"",""taker_side"":""no"",""ticker"":""KXBTC15M-26APR271645-45"",""trade_id"":""a7ed10cd-f92f-63c6-15bb-73fafbfda1b3"",""yes_price_dollars"":""0.4100""}"
KXBTC15M-26APR271645-45,91245b8b-3d0f-6197-020c-32e7e1e9b931,1777321815,0.41,3.0,no,"{""count_fp"":""3.00"",""created_time"":""2026-04-27T20:30:15.269512Z"",""no_price_dollars"":""0.5900"",""taker_side"":""no"",""ticker"":""KXBTC15M-26APR271645-45"",""trade_id"":""91245b8b-3d0f-6197-020c-32e7e1e9b931"",""yes_price_dollars"":""0.4100""}"
KXBTC15M-26APR271645-45,529551eb-7a29-6f04-3dbb-f59ee354f336,1777321815,0.4,43.54,no,"{""count_fp"":""43.54"",""created_time"":""2026-04-27T20:30:15.269512Z"",""no_price_dollars"":""0.6000"",""taker_side"":""no"",""ticker"":""KXBTC15M-26APR271645-45"",""trade_id"":""529551eb-7a29-6f04-3dbb-f59ee354f336"",""yes_price_dollars"":""0.4000""}"
KXBTC15M-26APR271645-45,155cab04-d188-4d48-0b18-96905f0b039b,1777321815,0.42,21.0,no,"{""count_fp"":""21.00"",""created_time"":""2026-04-27T20:30:15.188815Z"",""no_price_dollars"":""0.5800"",""taker_side"":""no"",""ticker"":""KXBTC15M-26APR271645-45"",""trade_id"":""155cab04-d188-4d48-0b18-96905f0b039b"",""yes_price_dollars"":""0.4200""}"
KXBTC15M-26APR271645-45,047f1790-9c18-4a3c-03ae-beff962cad72,1777321815,0.42,1.0,no,"{""count_fp"":""1.00"",""created_time"":""2026-04-27T20:30:15.188815Z"",""no_price_dollars"":""0.5800"",""taker_side"":""no"",""ticker"":""KXBTC15M-26APR271645-45"",""trade_id"":""047f1790-9c18-4a3c-03ae-beff962cad72"",""yes_price_dollars"":""0.4200""}"
KXBTC15M-26APR271645-45,0dba103d-a628-64d8-57d5-7b75e14d5d97,1777321815,0.42,3.0,no,"{""count_fp"":""3.00"",""created_time"":""2026-04-27T20:30:15.066582Z"",""no_price_dollars"":""0.5800"",""taker_side"":""no"",""ticker"":""KXBTC15M-26APR271645-45"",""trade_id"":""0dba103d-a628-64d8-57d5-7b75e14d5d97"",""yes_price_dollars"":""0.4200""}"
KXBTC15M-26APR271645-45,f062e84a-0e16-46b9-528d-6993d5fa31c7,1777321816,0.42,40.0,no,"{""count_fp"":""40.00"",""created_time"":""2026-04-27T20:30:16.868308Z"",""no_price_dollars"":""0.5800"",""taker_side"":""no"",""ticker"":""KXBTC15M-26APR271645-45"",""trade_id"":""f062e84a-0e16-46b9-528d-6993d5fa31c7"",""yes_price_dollars"":""0.4200""}"
KXBTC15M-26APR271645-45,c3edb814-7c46-4891-7f71-e5a9bfb4790b,1777321816,0.42,2.0,no,"{""count_fp"":""2.00"",""created_time"":""2026-04-27T20:30:16.868308Z"",""no_price_dollars"":""0.5800"",""taker_side"":""no"",""ticker"":""KXBTC15M-26APR271645-45"",""trade_id"":""c3edb814-7c46-4891-7f71-e5a9bfb4790b"",""yes_price_dollars"":""0.4200""}"
KXBTC15M-26APR271645-45,30ce8348-d822-44b3-570c-5a63ad33e4b8,1777321816,0.42,40.02,no,"{""count_fp"":""40.02"",""created_time"":""2026-04-27T20:30:16.868308Z"",""no_price_dollars"":""0.5800"",""taker_side"":""no"",""ticker"":""KXBTC15M-26APR271645-45"",""trade_id"":""30ce8348-d822-44b3-570c-5a63ad33e4b8"",""yes_price_dollars"":""0.4200""}"
KXBTC15M-26APR271645-45,ff16dcb0-cc36-5289-8da8-a3938ee83a65,1777321816,0.42,338.15,yes,"{""count_fp"":""338.15"",""created_time"":""2026-04-27T20:30:16.514071Z"",""no_price_dollars"":""0.5800"",""taker_side"":""yes"",""ticker"":""KXBTC15M-26APR271645-45"",""trade_id"":""ff16dcb0-cc36-5289-8da8-a3938ee83a65"",""yes_price_dollars"":""0.4200""}"
KXBTC15M-26APR271645-45,f6b3e5dd-c974-59f7-a598-369e81abb0a4,1777321816,0.44,703.39,yes,"{""count_fp"":""703.39"",""created_time"":""2026-04-27T20:30:16.514071Z"",""no_price_dollars"":""0.5600"",""taker_side"":""yes"",""ticker"":""KXBTC15M-26APR271645-45"",""trade_id"":""f6b3e5dd-c974-59f7-a598-369e81abb0a4"",""yes_price_dollars"":""0.4400""}"
KXBTC15M-26APR271645-45,dff5fd7b-6e61-5083-97f5-f40e2873174f,1777321816,0.43,40.0,yes,"{""count_fp"":""40.00"",""created_time"":""2026-04-27T20:30:16.514071Z"",""no_price_dollars"":""0.5700"",""taker_side"":""yes"",""ticker"":""KXBTC15M-26APR271645-45"",""trade_id"":""dff5fd7b-6e61-5083-97f5-f40e2873174f"",""yes_price_dollars"":""0.4300""}"
KXBTC15M-26APR271645-45,96c3c340-4b25-56ce-99b4-66a2c3906d78,1777321816,0.43,3.0,yes,"{""count_fp"":""3.00"",""created_time"":""2026-04-27T20:30:16.514071Z"",""no_price_dollars"":""0.5700"",""taker_side"":""yes"",""ticker"":""KXBTC15M-26APR271645-45"",""trade_id"":""96c3c340-4b25-56ce-99b4-66a2c3906d78"",""yes_price_dollars"":""0.4300""}"
KXBTC15M-26APR271645-45,05d4b4f1-94b6-536f-b887-5611c0fb8913,1777321816,0.42,9.0,yes,"{""count_fp"":""9.00"",""created_time"":""2026-04-27T20:30:16.514071Z"",""no_price_dollars"":""0.5800"",""taker_side"":""yes"",""ticker"":""KXBTC15M-26APR271645-45"",""trade_id"":""05d4b4f1-94b6-536f-b887-5611c0fb8913"",""yes_price_dollars"":""0.4200""}"
KXBTC15M-26APR271645-45,bbc33e62-beae-5385-4446-f29d066857b1,1777321816,0.42,13.6,yes,"{""count_fp"":""13.60"",""created_time"":""2026-04-27T20:30:16.397792Z"",""no_price_dollars"":""0.5800"",""taker_side"":""yes"",""ticker"":""KXBTC15M-26APR271645-45"",""trade_id"":""bbc33e62-beae-5385-4446-f29d066857b1"",""yes_price_dollars"":""0.4200""}"
KXBTC15M-26APR271645-45,dbd04b5d-66d2-532c-cd4b-b6223999d502,1777321817,0.43,10.14,yes,"{""count_fp"":""10.14"",""created_time"":""2026-04-27T20:30:17.984509Z"",""no_price_dollars"":""0.5700"",""taker_side"":""yes"",""ticker"":""KXBTC15M-26APR271645-45"",""trade_id"":""dbd04b5d-66d2-532c-cd4b-b6223999d502"",""yes_price_dollars"":""0.4300""}"
KXBTC15M-26APR271645-45,64d2ba0e-6d30-6a1f-874a-390bf9ebc6c8,1777321817,0.42,25.12,no,"{""count_fp"":""25.12"",""created_time"":""2026-04-27T20:30:17.715673Z"",""no_price_dollars"":""0.5800"",""taker_side"":""no"",""ticker"":""KXBTC15M-26APR271645-45"",""trade_id"":""64d2ba0e-6d30-6a1f-874a-390bf9ebc6c8"",""yes_price_dollars"":""0.4200""}"
KXBTC15M-26APR271645-45,8eed2157-b1bb-57f6-00ad-f9970c9aba8d,1777321817,0.44,22.6,yes,"{""count_fp"":""22.60"",""created_time"":""2026-04-27T20:30:17.708354Z"",""no_price_dollars"":""0.5600"",""taker_side"":""yes"",""ticker"":""KXBTC15M-26APR271645-45"",""trade_id"":""8eed2157-b1bb-57f6-00ad-f9970c9aba8d"",""yes_price_dollars"":""0.4400""}"
KXBTC15M-26APR271645-45,3c25422b-674f-5b9a-1d5a-5531326bf08c,1777321817,0.43,3.0,yes,"{""count_fp"":""3.00"",""created_time"":""2026-04-27T20:30:17.708354Z"",""no_price_dollars"":""0.5700"",""taker_side"":""yes"",""ticker"":""KXBTC15M-26APR271645-45"",""trade_id"":""3c25422b-674f-5b9a-1d5a-5531326bf08c"",""yes_price_dollars"":""0.4300""}"
KXBTC15M-26APR271645-45,0d9f167b-8fb7-502a-3f0b-f96ec1dafa2f,1777321817,0.43,40.0,yes,"{""count_fp"":""40.00"",""created_time"":""2026-04-27T20:30:17.708354Z"",""no_price_dollars"":""0.5700"",""taker_side"":""yes"",""ticker"":""KXBTC15M-26APR271645-45"",""trade_id"":""0d9f167b-8fb7-502a-3f0b-f96ec1dafa2f"",""yes_price_dollars"":""0.4300""}"
KXBTC15M-26APR271645-45,bf20204d-bc90-5cef-5d29-3239943b5188,1777321817,0.42,8.37,no,"{""count_fp"":""8.37"",""created_time"":""2026-04-27T20:30:17.675308Z"",""no_price_dollars"":""0.5800"",""taker_side"":""no"",""ticker"":""KXBTC15M-26APR271645-45"",""trade_id"":""bf20204d-bc90-5cef-5d29-3239943b5188"",""yes_price_dollars"":""0.4200""}"
KXBTC15M-26APR271645-45,cb27edab-fb08-71cf-d64a-011096f0bee4,1777321817,0.42,1.64,no,"{""count_fp"":""1.64"",""created_time"":""2026-04-27T20:30:17.660791Z"",""no_price_dollars"":""0.5800"",""taker_side"":""no"",""ticker"":""KXBTC15M-26APR271645-45"",""trade_id"":""cb27edab-fb08-71cf-d64a-011096f0bee4"",""yes_price_dollars"":""0.4200""}"
KXBTC15M-26APR271645-45,190fd107-7864-753f-c6bc-1400efae7e74,1777321817,0.42,1.0,no,"{""count_fp"":""1.00"",""created_time"":""2026-04-27T20:30:17.477956Z"",""no_price_dollars"":""0.5800"",""taker_side"":""no"",""ticker"":""KXBTC15M-26APR271645-45"",""trade_id"":""190fd107-7864-753f-c6bc-1400efae7e74"",""yes_price_dollars"":""0.4200""}"
KXBTC15M-26APR271645-45,fcc79403-332c-76cf-4dc4-c7b59e78c760,1777321817,0.42,0.67,no,"{""count_fp"":""0.67"",""created_time"":""2026-04-27T20:30:17.198026Z"",""no_price_dollars"":""0.5800"",""taker_side"":""no"",""ticker"":""KXBTC15M-26APR271645-45"",""trade_id"":""fcc79403-332c-76cf-4dc4-c7b59e78c760"",""yes_price_dollars"":""0.4200""}"
KXBTC15M-26APR271645-45,d8250547-b439-7956-7c58-e5c2149425cf,1777321817,0.42,1.0,no,"{""count_fp"":""1.00"",""created_time"":""2026-04-27T20:30:17.198026Z"",""no_price_dollars"":""0.5800"",""taker_side"":""no"",""ticker"":""KXBTC15M-26APR271645-45"",""trade_id"":""d8250547-b439-7956-7c58-e5c2149425cf"",""yes_price_dollars"":""0.4200""}"
KXBTC15M-26APR271645-45,3be0e461-05ff-705c-0745-25144dc3f44d,1777321818,0.42,8.37,no,"{""count_fp"":""8.37"",""created_time"":""2026-04-27T20:30:18.808936Z"",""no_price_dollars"":""0.5800"",""taker_side"":""no"",""ticker"":""KXBTC15M-26APR271645-45"",""trade_id"":""3be0e461-05ff-705c-0745-25144dc3f44d"",""yes_price_dollars"":""0.4200""}"
KXBTC15M-26APR271645-45,16a7626d-41cc-7d28-e490-24ad71938fff,1777321818,0.42,1.0,no,"{""count_fp"":""1.00"",""created_time"":""2026-04-27T20:30:18.769424Z"",""no_price_dollars"":""0.5800"",""taker_side"":""no"",""ticker"":""KXBTC15M-26APR271645-45"",""trade_id"":""16a7626d-41cc-7d28-e490-24ad71938fff"",""yes_price_dollars"":""0.4200""}"
KXBTC15M-26APR271645-45,efd286a2-915a-4795-4d0a-dace085ef742,1777321818,0.42,1.0,no,"{""count_fp"":""1.00"",""created_time"":""2026-04-27T20:30:18.399583Z"",""no_price_dollars"":""0.5800"",""taker_side"":""no"",""ticker"":""KXBTC15M-26APR271645-45"",""trade_id"":""efd286a2-915a-4795-4d0a-dace085ef742"",""yes_price_dollars"":""0.4200""}"
KXBTC15M-26APR271645-45,daaba3c5-b47a-404f-5002-6efff3b1c58e,1777321818,0.41,40.0,no,"{""count_fp"":""40.00"",""created_time"":""2026-04-27T20:30:18.399583Z"",""no_price_dollars"":""0.5900"",""taker_side"":""no"",""ticker"":""KXBTC15M-26APR271645-45"",""trade_id"":""daaba3c5-b47a-404f-5002-6efff3b1c58e"",""yes_price_dollars"":""0.4100""}"
KXBTC15M-26APR271645-45,9fa0faf5-c973-473b-6043-2761e048ee4e,1777321818,0.42,10.0,no,"{""count_fp"":""10.00"",""created_time"":""2026-04-27T20:30:18.399583Z"",""no_price_dollars"":""0.5800"",""taker_side"":""no"",""ticker"":""KXBTC15M-26APR271645-45"",""trade_id"":""9fa0faf5-c973-473b-6043-2761e048ee4e"",""yes_price_dollars"":""0.4200""}"
KXBTC15M-26APR271645-45,7a1cf82f-0c40-4700-742f-12531df17225,1777321818,0.42,376.77,no,"{""count_fp"":""376.77"",""created_time"":""2026-04-27T20:30:18.399583Z"",""no_price_dollars"":""0.5800"",""taker_side"":""no"",""ticker"":""KXBTC15M-26APR271645-45"",""trade_id"":""7a1cf82f-0c40-4700-742f-12531df17225"",""yes_price_dollars"":""0.4200""}"
KXBTC15M-26APR271645-45,4d9754c3-6e40-42ec-7fad-862228ac8c8e,1777321818,0.42,8.83,no,"{""count_fp"":""8.83"",""created_time"":""2026-04-27T20:30:18.399583Z"",""no_price_dollars"":""0.5800"",""taker_side"":""no"",""ticker"":""KXBTC15M-26APR271645-45"",""trade_id"":""4d9754c3-6e40-42ec-7fad-862228ac8c8e"",""yes_price_dollars"":""0.4200""}"
KXBTC15M-26APR271645-45,4308a510-dc85-4071-7bb4-c7138fa16491,1777321818,0.42,40.0,no,"{""count_fp"":""40.00"",""created_time"":""2026-04-27T20:30:18.399583Z"",""no_price_dollars"":""0.5800"",""taker_side"":""no"",""ticker"":""KXBTC15M-26APR271645-45"",""trade_id"":""4308a510-dc85-4071-7bb4-c7138fa16491"",""yes_price_dollars"":""0.4200""}"
KXBTC15M-26APR271645-45,41daa898-dbad-44d8-6b12-98ebf0f57562,1777321818,0.41,1046.6,no,"{""count_fp"":""1046.60"",""created_time"":""2026-04-27T20:30:18.399583Z"",""no_price_dollars"":""0.5900"",""taker_side"":""no"",""ticker"":""KXBTC15M-26APR271645-45"",""trade_id"":""41daa898-dbad-44d8-6b12-98ebf0f57562"",""yes_price_dollars"":""0.4100""}"
KXBTC15M-26APR271645-45,3f7661c4-c08c-4347-5189-a3a89289459c,1777321818,0.42,99.2,no,"{""count_fp"":""99.20"",""created_time"":""2026-04-27T20:30:18.399583Z"",""no_price_dollars"":""0.5800"",""taker_side"":""no"",""ticker"":""KXBTC15M-26APR271645-45"",""trade_id"":""3f7661c4-c08c-4347-5189-a3a89289459c"",""yes_price_dollars"":""0.4200""}"
KXBTC15M-26APR271645-45,3b0e9344-dc62-48b0-7ed9-0050bcec7740,1777321818,0.42,3.0,no,"{""count_fp"":""3.00"",""created_time"":""2026-04-27T20:30:18.399583Z"",""no_price_dollars"":""0.5800"",""taker_side"":""no"",""ticker"":""KXBTC15M-26APR271645-45"",""trade_id"":""3b0e9344-dc62-48b0-7ed9-0050bcec7740"",""yes_price_dollars"":""0.4200""}"
KXBTC15M-26APR271645-45,5dcd5be6-1a6c-6bb8-39e2-e5ad4a134a45,1777321818,0.42,50.24,no,"{""count_fp"":""50.24"",""created_time"":""2026-04-27T20:30:18.363441Z"",""no_price_dollars"":""0.5800"",""taker_side"":""no"",""ticker"":""KXBTC15M-26APR271645-45"",""trade_id"":""5dcd5be6-1a6c-6bb8-39e2-e5ad4a134a45"",""yes_price_dollars"":""0.4200""}"
KXBTC15M-26APR271645-45,dbc6201d-71b4-6cd4-9dfd-615ee401b635,1777321818,0.42,50.0,no,"{""count_fp"":""50.00"",""created_time"":""2026-04-27T20:30:18.185486Z"",""no_price_dollars"":""0.5800"",""taker_side"":""no"",""ticker"":""KXBTC15M-26APR271645-45"",""trade_id"":""dbc6201d-71b4-6cd4-9dfd-615ee401b635"",""yes_price_dollars"":""0.4200""}"
KXBTC15M-26APR271645-45,85015f37-d73e-6ea7-9e19-5c407baf6c18,1777321818,0.42,8.83,no,"{""count_fp"":""8.83"",""created_time"":""2026-04-27T20:30:18.057631Z"",""no_price_dollars"":""0.5800"",""taker_side"":""no"",""ticker"":""KXBTC15M-26APR271645-45"",""trade_id"":""85015f37-d73e-6ea7-9e19-5c407baf6c18"",""yes_price_dollars"":""0.4200""}"
KXBTC15M-26APR271645-45,71b9ad90-1944-63a0-94a6-4bd50929c539,1777321818,0.42,22.99,no,"{""count_fp"":""22.99"",""created_time"":""2026-04-27T20:30:18.057631Z"",""no_price_dollars"":""0.5800"",""taker_side"":""no"",""ticker"":""KXBTC15M-26APR271645-45"",""trade_id"":""71b9ad90-1944-63a0-94a6-4bd50929c539"",""yes_price_dollars"":""0.4200""}"
KXBTC15M-26APR271645-45,d340e528-4b3b-5d0c-55bb-997cb1157ac3,1777321819,0.42,92.11,no,"{""count_fp"":""92.11"",""created_time"":""2026-04-27T20:30:19.709076Z"",""no_price_dollars"":""0.5800"",""taker_side"":""no"",""ticker"":""KXBTC15M-26APR271645-45"",""trade_id"":""d340e528-4b3b-5d0c-55bb-997cb1157ac3"",""yes_price_dollars"":""0.4200""}"
KXBTC15M-26APR271645-45,ad0a5979-c392-5b88-7347-dae0b4083e86,1777321819,0.43,1.0,yes,"{""count_fp"":""1.00"",""created_time"":""2026-04-27T20:30:19.615042Z"",""no_price_dollars"":""0.5700"",""taker_side"":""yes"",""ticker"":""KXBTC15M-26APR271645-45"",""trade_id"":""ad0a5979-c392-5b88-7347-dae0b4083e86"",""yes_price_dollars"":""0.4300""}"
KXBTC15M-26APR271645-45,2a754d6f-58e7-5e34-b6a2-b82dd71fc3ff,1777321819,0.42,30.0,no,"{""count_fp"":""30.00"",""created_time"":""2026-04-27T20:30:19.545417Z"",""no_price_dollars"":""0.5800"",""taker_side"":""no"",""ticker"":""KXBTC15M-26APR271645-45"",""trade_id"":""2a754d6f-58e7-5e34-b6a2-b82dd71fc3ff"",""yes_price_dollars"":""0.4200""}"
KXBTC15M-26APR271645-45,cf41d9e3-2332-7414-f354-26cb86b978da,1777321819,0.43,19.73,yes,"{""count_fp"":""19.73"",""created_time"":""2026-04-27T20:30:19.511448Z"",""no_price_dollars"":""0.5700"",""taker_side"":""yes"",""ticker"":""KXBTC15M-26APR271645-45"",""trade_id"":""cf41d9e3-2332-7414-f354-26cb86b978da"",""yes_price_dollars"":""0.4300""}"
KXBTC15M-26APR271645-45,ad690feb-400f-432c-1f5d-b78c47584987,1777321819,0.42,8.37,no,"{""count_fp"":""8.37"",""created_time"":""2026-04-27T20:30:19.099092Z"",""no_price_dollars"":""0.5800"",""taker_side"":""no"",""ticker"":""KXBTC15M-26APR271645-45"",""trade_id"":""ad690feb-400f-432c-1f5d-b78c47584987"",""yes_price_dollars"":""0.4200""}"
KXBTC15M-26APR271645-45,c12ae436-3423-6c2c-aad2-706678c2ce2d,1777321819,0.42,91.63,no,"{""count_fp"":""91.63"",""created_time"":""2026-04-27T20:30:19.020336Z"",""no_price_dollars"":""0.5800"",""taker_side"":""no"",""ticker"":""KXBTC15M-26APR271645-45"",""trade_id"":""c12ae436-3423-6c2c-aad2-706678c2ce2d"",""yes_price_dollars"":""0.4200""}"
KXBTC15M-26APR271645-45,b3381e0f-c0ef-6fd8-8b0a-4eb770e764ab,1777321819,0.42,74.63,no,"{""count_fp"":""74.63"",""created_time"":""2026-04-27T20:30:19.020336Z"",""no_price_dollars"":""0.5800"",""taker_side"":""no"",""ticker"":""KXBTC15M-26APR271645-45"",""trade_id"":""b3381e0f-c0ef-6fd8-8b0a-4eb770e764ab"",""yes_price_dollars"":""0.4200""}"
KXBTC15M-26APR271645-45,c5505f0a-763f-67da-e0c3-f41dbd35a685,1777321820,0.44,2.0,yes,"{""count_fp"":""2.00"",""created_time"":""2026-04-27T20:30:20.999269Z"",""no_price_dollars"":""0.5600"",""taker_side"":""yes"",""ticker"":""KXBTC15M-26APR271645-45"",""trade_id"":""c5505f0a-763f-67da-e0c3-f41dbd35a685"",""yes_price_dollars"":""0.4400""}"
KXBTC15M-26APR271645-45,c990b4fe-d2c5-4bfb-085b-3c093f58892d,1777321820,0.43,1.0,yes,"{""count_fp"":""1.00"",""created_time"":""2026-04-27T20:30:20.990366Z"",""no_price_dollars"":""0.5700"",""taker_side"":""yes"",""ticker"":""KXBTC15M-26APR271645-45"",""trade_id"":""c990b4fe-d2c5-4bfb-085b-3c093f58892d"",""yes_price_dollars"":""0.4300""}"
KXBTC15M-26APR271645-45,359e3fc4-2f20-4bcc-29bf-b3a41dfde6fc,1777321820,0.43,1.0,yes,"{""count_fp"":""1.00"",""created_time"":""2026-04-27T20:30:20.990366Z"",""no_price_dollars"":""0.5700"",""taker_side"":""yes"",""ticker"":""KXBTC15M-26APR271645-45"",""trade_id"":""359e3fc4-2f20-4bcc-29bf-b3a41dfde6fc"",""yes_price_dollars"":""0.4300""}"
KXBTC15M-26APR271645-45,1b4229f3-c449-435a-2036-6a166204fbe8,1777321820,0.43,10.0,yes,"{""count_fp"":""10.00"",""created_time"":""2026-04-27T20:30:20.990366Z"",""no_price_dollars"":""0.5700"",""taker_side"":""yes"",""ticker"":""KXBTC15M-26APR271645-45"",""trade_id"":""1b4229f3-c449-435a-2036-6a166204fbe8"",""yes_price_dollars"":""0.4300""}"
KXBTC15M-26APR271645-45,0307282e-9fa6-4944-2384-c56d8d6089ea,1777321820,0.43,5.47,yes,"{""count_fp"":""5.47"",""created_time"":""2026-04-27T20:30:20.990366Z"",""no_price_dollars"":""0.5700"",""taker_side"":""yes"",""ticker"":""KXBTC15M-26APR271645-45"",""trade_id"":""0307282e-9fa6-4944-2384-c56d8d6089ea"",""yes_price_dollars"":""0.4300""}"
KXBTC15M-26APR271645-45,0eb39262-f579-5c65-61de-472117a782a4,1777321820,0.42,25.12,no,"{""count_fp"":""25.12"",""created_time"":""2026-04-27T20:30:20.959206Z"",""no_price_dollars"":""0.5800"",""taker_side"":""no"",""ticker"":""KXBTC15M-26APR271645-45"",""trade_id"":""0eb39262-f579-5c65-61de-472117a782a4"",""yes_price_dollars"":""0.4200""}"
KXBTC15M-26APR271645-45,aa56c176-2c1b-4967-d4a5-77ffbde13b11,1777321820,0.42,100.0,no,"{""count_fp"":""100.00"",""created_time"":""2026-04-27T20:30:20.861708Z"",""no_price_dollars"":""0.5800"",""taker_side"":""no"",""ticker"":""KXBTC15M-26APR271645-45"",""trade_id"":""aa56c176-2c1b-4967-d4a5-77ffbde13b11"",""yes_price_dollars"":""0.4200""}"
KXBTC15M-26APR271645-45,5ed37e22-4c3b-4fff-c875-3446cf797a73,1777321820,0.42,41.52,no,"{""count_fp"":""41.52"",""created_time"":""2026-04-27T20:30:20.861708Z"",""no_price_dollars"":""0.5800"",""taker_side"":""no"",""ticker"":""KXBTC15M-26APR271645-45"",""trade_id"":""5ed37e22-4c3b-4fff-c875-3446cf797a73"",""yes_price_dollars"":""0.4200""}"
KXBTC15M-26APR271645-45,5a1daf26-963d-4711-c08b-e2b721d8af44,1777321820,0.42,23.96,no,"{""count_fp"":""23.96"",""created_time"":""2026-04-27T20:30:20.861708Z"",""no_price_dollars"":""0.5800"",""taker_side"":""no"",""ticker"":""KXBTC15M-26APR271645-45"",""trade_id"":""5a1daf26-963d-4711-c08b-e2b721d8af44"",""yes_price_dollars"":""0.4200""}"
KXBTC15M-26APR271645-45,04a63275-707d-4302-facd-6b46250c0e5f,1777321820,0.42,2.0,no,"{""count_fp"":""2.00"",""created_time"":""2026-04-27T20:30:20.861708Z"",""no_price_dollars"":""0.5800"",""taker_side"":""no"",""ticker"":""KXBTC15M-26APR271645-45"",""trade_id"":""04a63275-707d-4302-facd-6b46250c0e5f"",""yes_price_dollars"":""0.4200""}"
KXBTC15M-26APR271645-45,20cf0171-36b2-5d08-7fe5-f3455fea836e,1777321820,0.43,3.66,yes,"{""count_fp"":""3.66"",""created_time"":""2026-04-27T20:30:20.519257Z"",""no_price_dollars"":""0.5700"",""taker_side"":""yes"",""ticker"":""KXBTC15M-26APR271645-45"",""trade_id"":""20cf0171-36b2-5d08-7fe5-f3455fea836e"",""yes_price_dollars"":""0.4300""}"
KXBTC15M-26APR271645-45,50a81296-d8b3-6ddf-09df-a4a908693e67,1777321820,0.42,14.48,no,"{""count_fp"":""14.48"",""created_time"":""2026-04-27T20:30:20.458277Z"",""no_price_dollars"":""0.5800"",""taker_side"":""no"",""ticker"":""KXBTC15M-26APR271645-45"",""trade_id"":""50a81296-d8b3-6ddf-09df-a4a908693e67"",""yes_price_dollars"":""0.4200""}"
KXBTC15M-26APR271645-45,38ce134a-b26a-6079-077e-a5eeaa5a83ad,1777321820,0.42,8.83,no,"{""count_fp"":""8.83"",""created_time"":""2026-04-27T20:30:20.458277Z"",""no_price_dollars"":""0.5800"",""taker_side"":""no"",""ticker"":""KXBTC15M-26APR271645-45"",""trade_id"":""38ce134a-b26a-6079-077e-a5eeaa5a83ad"",""yes_price_dollars"":""0.4200""}"
KXBTC15M-26APR271645-45,1d5022ce-d543-6de8-36f0-f2e9e1605f6b,1777321820,0.42,60.43,no,"{""count_fp"":""60.43"",""created_time"":""2026-04-27T20:30:20.458277Z"",""no_price_dollars"":""0.5800"",""taker_side"":""no"",""ticker"":""KXBTC15M-26APR271645-45"",""trade_id"":""1d5022ce-d543-6de8-36f0-f2e9e1605f6b"",""yes_price_dollars"":""0.4200""}"
KXBTC15M-26APR271645-45,42e53bbb-790b-6f68-d4db-c32e6b38f7bf,1777321820,0.42,16.74,no,"{""count_fp"":""16.74"",""created_time"":""2026-04-27T20:30:20.368683Z"",""no_price_dollars"":""0.5800"",""taker_side"":""no"",""ticker"":""KXBTC15M-26APR271645-45"",""trade_id"":""42e53bbb-790b-6f68-d4db-c32e6b38f7bf"",""yes_price_dollars"":""0.4200""}"
KXBTC15M-26APR271645-45,e1a7f8cb-4e15-64d5-1f74-58b80ae7fb44,1777321821,0.42,20.0,no,"{""count_fp"":""20.00"",""created_time"":""2026-04-27T20:30:21.814074Z"",""no_price_dollars"":""0.5800"",""taker_side"":""no"",""ticker"":""KXBTC15M-26APR271645-45"",""trade_id"":""e1a7f8cb-4e15-64d5-1f74-58b80ae7fb44"",""yes_price_dollars"":""0.4200""}"
KXBTC15M-26APR271645-45,cecc8937-5bed-4789-bd4e-b01783ac5588,1777321821,0.42,0.41,no,"{""count_fp"":""0.41"",""created_time"":""2026-04-27T20:30:21.755233Z"",""no_price_dollars"":""0.5800"",""taker_side"":""no"",""ticker"":""KXBTC15M-26APR271645-45"",""trade_id"":""cecc8937-5bed-4789-bd4e-b01783ac5588"",""yes_price_dollars"":""0.4200""}"
KXBTC15M-26APR271645-45,931cc0e0-e171-7ab5-8b9c-6e65b523d250,1777321821,0.42,25.12,no,"{""count_fp"":""25.12"",""created_time"":""2026-04-27T20:30:21.569194Z"",""no_price_dollars"":""0.5800"",""taker_side"":""no"",""ticker"":""KXBTC15M-26APR271645-45"",""trade_id"":""931cc0e0-e171-7ab5-8b9c-6e65b523d250"",""yes_price_dollars"":""0.4200""}"
KXBTC15M-26APR271645-45,8604b7d2-d71a-5909-c1e4-ace0e599b19e,1777321821,0.43,40.0,yes,"{""count_fp"":""40.00"",""created_time"":""2026-04-27T20:30:21.103781Z"",""no_price_dollars"":""0.5700"",""taker_side"":""yes"",""ticker"":""KXBTC15M-26APR271645-45"",""trade_id"":""8604b7d2-d71a-5909-c1e4-ace0e599b19e"",""yes_price_dollars"":""0.4300""}"
KXBTC15M-26APR271645-45,3da99a55-c514-5648-e8cc-a1640445985f,1777321821,0.43,0.03,yes,"{""count_fp"":""0.03"",""created_time"":""2026-04-27T20:30:21.103781Z"",""no_price_dollars"":""0.5700"",""taker_side"":""yes"",""ticker"":""KXBTC15M-26APR271645-45"",""trade_id"":""3da99a55-c514-5648-e8cc-a1640445985f"",""yes_price_dollars"":""0.4300""}"
KXBTC15M-26APR271645-45,ab3cc6b8-463c-51f7-dcd5-eca57b675cbf,1777321822,0.41,0.82,no,"{""count_fp"":""0.82"",""created_time"":""2026-04-27T20:30:22.973913Z"",""no_price_dollars"":""0.5900"",""taker_side"":""no"",""ticker"":""KXBTC15M-26APR271645-45"",""trade_id"":""ab3cc6b8-463c-51f7-dcd5-eca57b675cbf"",""yes_price_dollars"":""0.4100""}"
KXBTC15M-26APR271645-45,fd47b036-345f-46c7-bf13-cc1ccc49a22e,1777321822,0.42,1.0,yes,"{""count_fp"":""1.00"",""created_time"":""2026-04-27T20:30:22.655077Z"",""no_price_dollars"":""0.5800"",""taker_side"":""yes"",""ticker"":""KXBTC15M-26APR271645-45"",""trade_id"":""fd47b036-345f-46c7-bf13-cc1ccc49a22e"",""yes_price_dollars"":""0.4200""}"
KXBTC15M-26APR271645-45,dea36d38-ca80-4cdf-92c0-6f43943f758c,1777321822,0.42,2.39,yes,"{""count_fp"":""2.39"",""created_time"":""2026-04-27T20:30:22.655077Z"",""no_price_dollars"":""0.5800"",""taker_side"":""yes"",""ticker"":""KXBTC15M-26APR271645-45"",""trade_id"":""dea36d38-ca80-4cdf-92c0-6f43943f758c"",""yes_price_dollars"":""0.4200""}"
KXBTC15M-26APR271645-45,a769b223-8ff3-461a-9901-24a75553cee5,1777321822,0.42,7.77,yes,"{""count_fp"":""7.77"",""created_time"":""2026-04-27T20:30:22.655077Z"",""no_price_dollars"":""0.5800"",""taker_side"":""yes"",""ticker"":""KXBTC15M-26APR271645-45"",""trade_id"":""a769b223-8ff3-461a-9901-24a75553cee5"",""yes_price_dollars"":""0.4200""}"
KXBTC15M-26APR271645-45,e55160f3-7c7f-52fa-7a7d-6865296ce259,1777321822,0.42,10.0,yes,"{""count_fp"":""10.00"",""created_time"":""2026-04-27T20:30:22.654814Z"",""no_price_dollars"":""0.5800"",""taker_side"":""yes"",""ticker"":""KXBTC15M-26APR271645-45"",""trade_id"":""e55160f3-7c7f-52fa-7a7d-6865296ce259"",""yes_price_dollars"":""0.4200""}"
KXBTC15M-26APR271645-45,3faa514c-963b-57b6-f95f-efa821f7abc9,1777321822,0.42,22.23,yes,"{""count_fp"":""22.23"",""created_time"":""2026-04-27T20:30:22.520321Z"",""no_price_dollars"":""0.5800"",""taker_side"":""yes"",""ticker"":""KXBTC15M-26APR271645-45"",""trade_id"":""3faa514c-963b-57b6-f95f-efa821f7abc9"",""yes_price_dollars"":""0.4200""}"
KXBTC15M-26APR271645-45,e5218e05-bef1-6378-82e9-7a61c1bd0c12,1777321822,0.4,47.23,no,"{""count_fp"":""47.23"",""created_time"":""2026-04-27T20:30:22.239082Z"",""no_price_dollars"":""0.6000"",""taker_side"":""no"",""ticker"":""KXBTC15M-26APR271645-45"",""trade_id"":""e5218e05-bef1-6378-82e9-7a61c1bd0c12"",""yes_price_dollars"":""0.4000""}"
KXBTC15M-26APR271645-45,03dfb77e-382c-60f6-9ab7-6f25c7017505,1777321822,0.41,1.0,no,"{""count_fp"":""1.00"",""created_time"":""2026-04-27T20:30:22.239082Z"",""no_price_dollars"":""0.5900"",""taker_side"":""no"",""ticker"":""KXBTC15M-26APR271645-45"",""trade_id"":""03dfb77e-382c-60f6-9ab7-6f25c7017505"",""yes_price_dollars"":""0.4100""}"
KXBTC15M-26APR271645-45,f11603e8-bcad-6158-5a60-2e006776e2e6,1777321822,0.4,137.08,no,"{""count_fp"":""137.08"",""created_time"":""2026-04-27T20:30:22.128615Z"",""no_price_dollars"":""0.6000"",""taker_side"":""no"",""ticker"":""KXBTC15M-26APR271645-45"",""trade_id"":""f11603e8-bcad-6158-5a60-2e006776e2e6"",""yes_price_dollars"":""0.4000""}"
KXBTC15M-26APR271645-45,e3a95659-4c72-6303-7d9d-3784e34fccf2,1777321822,0.41,75.0,no,"{""count_fp"":""75.00"",""created_time"":""2026-04-27T20:30:22.128615Z"",""no_price_dollars"":""0.5900"",""taker_side"":""no"",""ticker"":""KXBTC15M-26APR271645-45"",""trade_id"":""e3a95659-4c72-6303-7d9d-3784e34fccf2"",""yes_price_dollars"":""0.4100""}"
KXBTC15M-26APR271645-45,dd6fef35-ecde-6745-43bc-4ce597696b09,1777321822,0.41,40.0,no,"{""count_fp"":""40.00"",""created_time"":""2026-04-27T20:30:22.128615Z"",""no_price_dollars"":""0.5900"",""taker_side"":""no"",""ticker"":""KXBTC15M-26APR271645-45"",""trade_id"":""dd6fef35-ecde-6745-43bc-4ce597696b09"",""yes_price_dollars"":""0.4100""}"
KXBTC15M-26APR271645-45,c324ae93-8f01-67a8-418f-24834b5bebea,1777321822,0.42,9.0,no,"{""count_fp"":""9.00"",""created_time"":""2026-04-27T20:30:22.128615Z"",""no_price_dollars"":""0.5800"",""taker_side"":""no"",""ticker"":""KXBTC15M-26APR271645-45"",""trade_id"":""c324ae93-8f01-67a8-418f-24834b5bebea"",""yes_price_dollars"":""0.4200""}"
KXBTC15M-26APR271645-45,c04d0e81-b623-6814-488d-c8dfb4c1c212,1777321822,0.42,2.0,no,"{""count_fp"":""2.00"",""created_time"":""2026-04-27T20:30:22.128615Z"",""no_price_dollars"":""0.5800"",""taker_side"":""no"",""ticker"":""KXBTC15M-26APR271645-45"",""trade_id"":""c04d0e81-b623-6814-488d-c8dfb4c1c212"",""yes_price_dollars"":""0.4200""}"
KXBTC15M-26APR271645-45,8e41cc08-2d47-6cc9-4d4d-b53dcd2fcab3,1777321822,0.41,800.0,no,"{""count_fp"":""800.00"",""created_time"":""2026-04-27T20:30:22.128615Z"",""no_price_dollars"":""0.5900"",""taker_side"":""no"",""ticker"":""KXBTC15M-26APR271645-45"",""trade_id"":""8e41cc08-2d47-6cc9-4d4d-b53dcd2fcab3"",""yes_price_dollars"":""0.4100""}"
KXBTC15M-26APR271645-45,81ae000b-7e42-6f92-64e4-b18eed4b0dfc,1777321822,0.41,2.0,no,"{""count_fp"":""2.00"",""created_time"":""2026-04-27T20:30:22.128615Z"",""no_price_dollars"":""0.5900"",""taker_side"":""no"",""ticker"":""KXBTC15M-26APR271645-45"",""trade_id"":""81ae000b-7e42-6f92-64e4-b18eed4b0dfc"",""yes_price_dollars"":""0.4100""}"
KXBTC15M-26APR271645-45,76ca9f57-fe19-6839-59ef-05ff512d24e8,1777321822,0.42,385.39,no,"{""count_fp"":""385.39"",""created_time"":""2026-04-27T20:30:22.128615Z"",""no_price_dollars"":""0.5800"",""taker_side"":""no"",""ticker"":""KXBTC15M-26APR271645-45"",""trade_id"":""76ca9f57-fe19-6839-59ef-05ff512d24e8"",""yes_price_dollars"":""0.4200""}"
KXBTC15M-26APR271645-45,698b7752-6dc8-6aea-45c6-07eaec65891f,1777321822,0.42,100.0,no,"{""count_fp"":""100.00"",""created_time"":""2026-04-27T20:30:22.128615Z"",""no_price_dollars"":""0.5800"",""taker_side"":""no"",""ticker"":""KXBTC15M-26APR271645-45"",""trade_id"":""698b7752-6dc8-6aea-45c6-07eaec65891f"",""yes_price_dollars"":""0.4200""}"
KXBTC15M-26APR271645-45,60c98dec-da5e-6a30-6bbd-62ab0bfc8d68,1777321822,0.42,40.0,no,"{""count_fp"":""40.00"",""created_time"":""2026-04-27T20:30:22.128615Z"",""no_price_dollars"":""0.5800"",""taker_side"":""no"",""ticker"":""KXBTC15M-26APR271645-45"",""trade_id"":""60c98dec-da5e-6a30-6bbd-62ab0bfc8d68"",""yes_price_dollars"":""0.4200""}"
KXBTC15M-26APR271645-45,3bdcfbb0-7545-621e-6ba1-7e87d8423d09,1777321822,0.42,8.83,no,"{""count_fp"":""8.83"",""created_time"":""2026-04-27T20:30:22.128615Z"",""no_price_dollars"":""0.5800"",""taker_side"":""no"",""ticker"":""KXBTC15M-26APR271645-45"",""trade_id"":""3bdcfbb0-7545-621e-6ba1-7e87d8423d09"",""yes_price_dollars"":""0.4200""}"
KXBTC15M-26APR271645-45,36cb660e-da95-6b9b-657c-99b6dc5557a2,1777321822,0.4,40.0,no,"{""count_fp"":""40.00"",""created_time"":""2026-04-27T20:30:22.128615Z"",""no_price_dollars"":""0.6000"",""taker_side"":""no"",""ticker"":""KXBTC15M-26APR271645-45"",""trade_id"":""36cb660e-da95-6b9b-657c-99b6dc5557a2"",""yes_price_dollars"":""0.4000""}"
KXBTC15M-26APR271645-45,305e08c9-b4dd-6881-6172-141f3131d1b4,1777321822,0.42,3.0,no,"{""count_fp"":""3.00"",""created_time"":""2026-04-27T20:30:22.128615Z"",""no_price_dollars"":""0.5800"",""taker_side"":""no"",""ticker"":""KXBTC15M-26APR271645-45"",""trade_id"":""305e08c9-b4dd-6881-6172-141f3131d1b4"",""yes_price_dollars"":""0.4200""}"
KXBTC15M-26APR271645-45,14f55e50-3604-6c1e-6a9c-c7df493b62f2,1777321822,0.41,1.0,no,"{""count_fp"":""1.00"",""created_time"":""2026-04-27T20:30:22.128615Z"",""no_price_dollars"":""0.5900"",""taker_side"":""no"",""ticker"":""KXBTC15M-26APR271645-45"",""trade_id"":""14f55e50-3604-6c1e-6a9c-c7df493b62f2"",""yes_price_dollars"":""0.4100""}"
KXBTC15M-26APR271645-45,08670edc-2636-68cb-4cc6-6771cc4e03ab,1777321822,0.4,10.0,no,"{""count_fp"":""10.00"",""created_time"":""2026-04-27T20:30:22.128615Z"",""no_price_dollars"":""0.6000"",""taker_side"":""no"",""ticker"":""KXBTC15M-26APR271645-45"",""trade_id"":""08670edc-2636-68cb-4cc6-6771cc4e03ab"",""yes_price_dollars"":""0.4000""}"
KXBTC15M-26APR271645-45,7c7d3dcd-8684-7260-0968-0bcebc63f97d,1777321823,0.42,20.0,no,"{""count_fp"":""20.00"",""created_time"":""2026-04-27T20:30:23.733742Z"",""no_price_dollars"":""0.5800"",""taker_side"":""no"",""ticker"":""KXBTC15M-26APR271645-45"",""trade_id"":""7c7d3dcd-8684-7260-0968-0bcebc63f97d"",""yes_price_dollars"":""0.4200""}"
KXBTC15M-26APR271645-45,84f9399c-9854-6c00-e175-9f0ecf00d2d1,1777321823,0.42,39.38,no,"{""count_fp"":""39.38"",""created_time"":""2026-04-27T20:30:23.674216Z"",""no_price_dollars"":""0.5800"",""taker_side"":""no"",""ticker"":""KXBTC15M-26APR271645-45"",""trade_id"":""84f9399c-9854-6c00-e175-9f0ecf00d2d1"",""yes_price_dollars"":""0.4200""}"
KXBTC15M-26APR271645-45,68cd9389-d772-6c7c-d976-b6739878cc9b,1777321823,0.42,1.0,no,"{""count_fp"":""1.00"",""created_time"":""2026-04-27T20:30:23.674216Z"",""no_price_dollars"":""0.5800"",""taker_side"":""no"",""ticker"":""KXBTC15M-26APR271645-45"",""trade_id"":""68cd9389-d772-6c7c-d976-b6739878cc9b"",""yes_price_dollars"":""0.4200""}"
KXBTC15M-26APR271645-45,567e357c-3ebb-6418-e5b6-a4b3d5599a30,1777321823,0.42,2.0,no,"{""count_fp"":""2.00"",""created_time"":""2026-04-27T20:30:23.674216Z"",""no_price_dollars"":""0.5800"",""taker_side"":""no"",""ticker"":""KXBTC15M-26APR271645-45"",""trade_id"":""567e357c-3ebb-6418-e5b6-a4b3d5599a30"",""yes_price_dollars"":""0.4200""}"
KXBTC15M-26APR271645-45,12831aba-c01f-6592-e6e1-c355d255f279,1777321823,0.42,40.0,no,"{""count_fp"":""40.00"",""created_time"":""2026-04-27T20:30:23.674216Z"",""no_price_dollars"":""0.5800"",""taker_side"":""no"",""ticker"":""KXBTC15M-26APR271645-45"",""trade_id"":""12831aba-c01f-6592-e6e1-c355d255f279"",""yes_price_dollars"":""0.4200""}"
KXBTC15M-26APR271645-45,e8d07fcf-0b2e-4f03-a876-ed61692bc097,1777321823,0.43,1.11,yes,"{""count_fp"":""1.11"",""created_time"":""2026-04-27T20:30:23.223137Z"",""no_price_dollars"":""0.5700"",""taker_side"":""yes"",""ticker"":""KXBTC15M-26APR271645-45"",""trade_id"":""e8d07fcf-0b2e-4f03-a876-ed61692bc097"",""yes_price_dollars"":""0.4300""}"
KXBTC15M-26APR271645-45,9fd826de-2aa0-42a0-7242-345c32b05037,1777321823,0.43,0.97,yes,"{""count_fp"":""0.97"",""created_time"":""2026-04-27T20:30:23.023322Z"",""no_price_dollars"":""0.5700"",""taker_side"":""yes"",""ticker"":""KXBTC15M-26APR271645-45"",""trade_id"":""9fd826de-2aa0-42a0-7242-345c32b05037"",""yes_price_dollars"":""0.4300""}"
KXBTC15M-26APR271645-45,616e0dd0-4de4-4417-76cc-e97350f3e114,1777321823,0.42,7.61,yes,"{""count_fp"":""7.61"",""created_time"":""2026-04-27T20:30:23.023322Z"",""no_price_dollars"":""0.5800"",""taker_side"":""yes"",""ticker"":""KXBTC15M-26APR271645-45"",""trade_id"":""616e0dd0-4de4-4417-76cc-e97350f3e114"",""yes_price_dollars"":""0.4200""}"
KXBTC15M-26APR271645-45,581c1418-df8e-4583-59de-56004daccfc3,1777321823,0.43,11.42,yes,"{""count_fp"":""11.42"",""created_time"":""2026-04-27T20:30:23.023322Z"",""no_price_dollars"":""0.5700"",""taker_side"":""yes"",""ticker"":""KXBTC15M-26APR271645-45"",""trade_id"":""581c1418-df8e-4583-59de-56004daccfc3"",""yes_price_dollars"":""0.4300""}"
KXBTC15M-26APR271645-45,18c3cb1a-99b5-4b86-43d0-0d8976efe054,1777321823,0.43,30.0,yes,"{""count_fp"":""30.00"",""created_time"":""2026-04-27T20:30:23.023322Z"",""no_price_dollars"":""0.5700"",""taker_side"":""yes"",""ticker"":""KXBTC15M-26APR271645-45"",""trade_id"":""18c3cb1a-99b5-4b86-43d0-0d8976efe054"",""yes_price_dollars"":""0.4300""}"
KXBTC15M-26APR271645-45,301ba5c5-7294-527c-439f-efa161599c19,1777321824,0.42,67.55,no,"{""count_fp"":""67.55"",""created_time"":""2026-04-27T20:30:24.897959Z"",""no_price_dollars"":""0.5800"",""taker_side"":""no"",""ticker"":""KXBTC15M-26APR271645-45"",""trade_id"":""301ba5c5-7294-527c-439f-efa161599c19"",""yes_price_dollars"":""0.4200""}"
KXBTC15M-26APR271645-45,78d4aa8a-9060-5de0-7c74-4dd9232564c5,1777321824,0.42,49.42,no,"{""count_fp"":""49.42"",""created_time"":""2026-04-27T20:30:24.650986Z"",""no_price_dollars"":""0.5800"",""taker_side"":""no"",""ticker"":""KXBTC15M-26APR271645-45"",""trade_id"":""78d4aa8a-9060-5de0-7c74-4dd9232564c5"",""yes_price_dollars"":""0.4200""}"
KXBTC15M-26APR271645-45,382f6dea-6a0a-748b-3322-1bd4b5ccf5fb,1777321824,0.43,33.28,yes,"{""count_fp"":""33.28"",""created_time"":""2026-04-27T20:30:24.371855Z"",""no_price_dollars"":""0.5700"",""taker_side"":""yes"",""ticker"":""KXBTC15M-26APR271645-45"",""trade_id"":""382f6dea-6a0a-748b-3322-1bd4b5ccf5fb"",""yes_price_dollars"":""0.4300""}"
KXBTC15M-26APR271645-45,add8a845-a6f8-570c-aa0f-37ba4e9a2911,1777321824,0.42,251.23,no,"{""count_fp"":""251.23"",""created_time"":""2026-04-27T20:30:24.033579Z"",""no_price_dollars"":""0.5800"",""taker_side"":""no"",""ticker"":""KXBTC15M-26APR271645-45"",""trade_id"":""add8a845-a6f8-570c-aa0f-37ba4e9a2911"",""yes_price_dollars"":""0.4200""}"
KXBTC15M-26APR271645-45,adca64a0-5422-57cf-05d7-61ebdf60f463,1777321825,0.43,10.0,yes,"{""count_fp"":""10.00"",""created_time"":""2026-04-27T20:30:25.966489Z"",""no_price_dollars"":""0.5700"",""taker_side"":""yes"",""ticker"":""KXBTC15M-26APR271645-45"",""trade_id"":""adca64a0-5422-57cf-05d7-61ebdf60f463"",""yes_price_dollars"":""0.4300""}"
KXBTC15M-26APR271645-45,175bbd34-9885-4bb8-9294-8acd6b009a16,1777321825,0.42,16.0,no,"{""count_fp"":""16.00"",""created_time"":""2026-04-27T20:30:25.914488Z"",""no_price_dollars"":""0.5800"",""taker_side"":""no"",""ticker"":""KXBTC15M-26APR271645-45"",""trade_id"":""175bbd34-9885-4bb8-9294-8acd6b009a16"",""yes_price_dollars"":""0.4200""}"
KXBTC15M-26APR271645-45,6b01a759-2d6a-6cab-fb52-8e7609eb8063,1777321825,0.43,11.18,yes,"{""count_fp"":""11.18"",""created_time"":""2026-04-27T20:30:25.819015Z"",""no_price_dollars"":""0.5700"",""taker_side"":""yes"",""ticker"":""KXBTC15M-26APR271645-45"",""trade_id"":""6b01a759-2d6a-6cab-fb52-8e7609eb8063"",""yes_price_dollars"":""0.4300""}"
KXBTC15M-26APR271645-45,6b68522b-7391-4f18-7bb5-2eb21c3faf8a,1777321825,0.42,83.74,no,"{""count_fp"":""83.74"",""created_time"":""2026-04-27T20:30:25.621507Z"",""no_price_dollars"":""0.5800"",""taker_side"":""no"",""ticker"":""KXBTC15M-26APR271645-45"",""trade_id"":""6b68522b-7391-4f18-7bb5-2eb21c3faf8a"",""yes_price_dollars"":""0.4200""}"
KXBTC15M-26APR271645-45,1be5258d-f3ee-5f97-0a7f-8e2beb671883,1777321825,0.43,22.36,yes,"{""count_fp"":""22.36"",""created_time"":""2026-04-27T20:30:25.577501Z"",""no_price_dollars"":""0.5700"",""taker_side"":""yes"",""ticker"":""KXBTC15M-26APR271645-45"",""trade_id"":""1be5258d-f3ee-5f97-0a7f-8e2beb671883"",""yes_price_dollars"":""0.4300""}"
KXBTC15M-26APR271645-45,c3a66112-9091-485c-9d29-12fff1780342,1777321825,0.42,28.74,no,"{""count_fp"":""28.74"",""created_time"":""2026-04-27T20:30:25.339746Z"",""no_price_dollars"":""0.5800"",""taker_side"":""no"",""ticker"":""KXBTC15M-26APR271645-45"",""trade_id"":""c3a66112-9091-485c-9d29-12fff1780342"",""yes_price_dollars"":""0.4200""}"
KXBTC15M-26APR271645-45,9620c652-6032-4f5b-82f4-6d6e5d8499dd,1777321825,0.42,40.0,no,"{""count_fp"":""40.00"",""created_time"":""2026-04-27T20:30:25.339746Z"",""no_price_dollars"":""0.5800"",""taker_side"":""no"",""ticker"":""KXBTC15M-26APR271645-45"",""trade_id"":""9620c652-6032-4f5b-82f4-6d6e5d8499dd"",""yes_price_dollars"":""0.4200""}"
KXBTC15M-26APR271645-45,8c03d548-2974-475e-a3da-fd62403efdce,1777321825,0.42,3.0,no,"{""count_fp"":""3.00"",""created_time"":""2026-04-27T20:30:25.339746Z"",""no_price_dollars"":""0.5800"",""taker_side"":""no"",""ticker"":""KXBTC15M-26APR271645-45"",""trade_id"":""8c03d548-2974-475e-a3da-fd62403efdce"",""yes_price_dollars"":""0.4200""}"
KXBTC15M-26APR271645-45,8176d978-eb51-4ea8-82b9-4efe8d78042b,1777321825,0.42,2.0,no,"{""count_fp"":""2.00"",""created_time"":""2026-04-27T20:30:25.339746Z"",""no_price_dollars"":""0.5800"",""taker_side"":""no"",""ticker"":""KXBTC15M-26APR271645-45"",""trade_id"":""8176d978-eb51-4ea8-82b9-4efe8d78042b"",""yes_price_dollars"":""0.4200""}"
KXBTC15M-26APR271645-45,43245918-8f83-4aa6-8563-902c8097a8ff,1777321825,0.42,10.0,no,"{""count_fp"":""10.00"",""created_time"":""2026-04-27T20:30:25.339746Z"",""no_price_dollars"":""0.5800"",""taker_side"":""no"",""ticker"":""KXBTC15M-26APR271645-45"",""trade_id"":""43245918-8f83-4aa6-8563-902c8097a8ff"",""yes_price_dollars"":""0.4200""}"
KXBTC15M-26APR271645-45,178f20ee-23c6-5703-41b7-ce167c9bd593,1777321825,0.43,2.23,yes,"{""count_fp"":""2.23"",""created_time"":""2026-04-27T20:30:25.273863Z"",""no_price_dollars"":""0.5700"",""taker_side"":""yes"",""ticker"":""KXBTC15M-26APR271645-45"",""trade_id"":""178f20ee-23c6-5703-41b7-ce167c9bd593"",""yes_price_dollars"":""0.4300""}"
KXBTC15M-26APR271645-45,81ad34ec-9084-4384-0c37-6aa3ebc4f505,1777321825,0.42,13.81,no,"{""count_fp"":""13.81"",""created_time"":""2026-04-27T20:30:25.244044Z"",""no_price_dollars"":""0.5800"",""taker_side"":""no"",""ticker"":""KXBTC15M-26APR271645-45"",""trade_id"":""81ad34ec-9084-4384-0c37-6aa3ebc4f505"",""yes_price_dollars"":""0.4200""}"
KXBTC15M-26APR271645-45,21a70025-7ffc-4654-2d2e-7a1da6de8a27,1777321825,0.42,26.38,no,"{""count_fp"":""26.38"",""created_time"":""2026-04-27T20:30:25.244044Z"",""no_price_dollars"":""0.5800"",""taker_side"":""no"",""ticker"":""KXBTC15M-26APR271645-45"",""trade_id"":""21a70025-7ffc-4654-2d2e-7a1da6de8a27"",""yes_price_dollars"":""0.4200""}"
KXBTC15M-26APR271645-45,454449af-19e8-72c0-62d8-cb07e088fd59,1777321825,0.42,41.87,no,"{""count_fp"":""41.87"",""created_time"":""2026-04-27T20:30:25.211223Z"",""no_price_dollars"":""0.5800"",""taker_side"":""no"",""ticker"":""KXBTC15M-26APR271645-45"",""trade_id"":""454449af-19e8-72c0-62d8-cb07e088fd59"",""yes_price_dollars"":""0.4200""}"
KXBTC15M-26APR271645-45,9bda78f6-6868-5d3c-eae4-77486c1f07f9,1777321825,0.42,16.74,no,"{""count_fp"":""16.74"",""created_time"":""2026-04-27T20:30:25.089483Z"",""no_price_dollars"":""0.5800"",""taker_side"":""no"",""ticker"":""KXBTC15M-26APR271645-45"",""trade_id"":""9bda78f6-6868-5d3c-eae4-77486c1f07f9"",""yes_price_dollars"":""0.4200""}"
KXBTC15M-26APR271645-45,afff4793-1482-434f-55b0-34c1e3e37403,1777321826,0.43,27.42,yes,"{""count_fp"":""27.42"",""created_time"":""2026-04-27T20:30:26.987439Z"",""no_price_dollars"":""0.5700"",""taker_side"":""yes"",""ticker"":""KXBTC15M-26APR271645-45"",""trade_id"":""afff4793-1482-434f-55b0-34c1e3e37403"",""yes_price_dollars"":""0.4300""}"
KXBTC15M-26APR271645-45,593ae350-9cfd-407c-77a0-0d7681266ed1,1777321826,0.43,84.14,yes,"{""count_fp"":""84.14"",""created_time"":""2026-04-27T20:30:26.987439Z"",""no_price_dollars"":""0.5700"",""taker_side"":""yes"",""ticker"":""KXBTC15M-26APR271645-45"",""trade_id"":""593ae350-9cfd-407c-77a0-0d7681266ed1"",""yes_price_dollars"":""0.4300""}"
KXBTC15M-26APR271645-45,2fca7362-ad32-75df-a4cb-9be700a7507f,1777321826,0.43,2.23,yes,"{""count_fp"":""2.23"",""created_time"":""2026-04-27T20:30:26.865837Z"",""no_price_dollars"":""0.5700"",""taker_side"":""yes"",""ticker"":""KXBTC15M-26APR271645-45"",""trade_id"":""2fca7362-ad32-75df-a4cb-9be700a7507f"",""yes_price_dollars"":""0.4300""}"
KXBTC15M-26APR271645-45,c7b80555-3358-439f-0709-8381a3de989c,1777321826,0.42,3.34,no,"{""count_fp"":""3.34"",""created_time"":""2026-04-27T20:30:26.843992Z"",""no_price_dollars"":""0.5800"",""taker_side"":""no"",""ticker"":""KXBTC15M-26APR271645-45"",""trade_id"":""c7b80555-3358-439f-0709-8381a3de989c"",""yes_price_dollars"":""0.4200""}"
KXBTC15M-26APR271645-45,8e83ba6b-7a82-5143-858b-e57bb5e9910b,1777321826,0.43,33.54,yes,"{""count_fp"":""33.54"",""created_time"":""2026-04-27T20:30:26.413173Z"",""no_price_dollars"":""0.5700"",""taker_side"":""yes"",""ticker"":""KXBTC15M-26APR271645-45"",""trade_id"":""8e83ba6b-7a82-5143-858b-e57bb5e9910b"",""yes_price_dollars"":""0.4300""}"
KXBTC15M-26APR271645-45,a21ba3a8-e36e-750f-f9a8-9b83c0fb8293,1777321826,0.43,2.23,yes,"{""count_fp"":""2.23"",""created_time"":""2026-04-27T20:30:26.314946Z"",""no_price_dollars"":""0.5700"",""taker_side"":""yes"",""ticker"":""KXBTC15M-26APR271645-45"",""trade_id"":""a21ba3a8-e36e-750f-f9a8-9b83c0fb8293"",""yes_price_dollars"":""0.4300""}"
KXBTC15M-26APR271645-45,a916d637-f302-775a-32f8-acf03314c375,1777321827,0.42,16.74,no,"{""count_fp"":""16.74"",""created_time"":""2026-04-27T20:30:27.968065Z"",""no_price_dollars"":""0.5800"",""taker_side"":""no"",""ticker"":""KXBTC15M-26APR271645-45"",""trade_id"":""a916d637-f302-775a-32f8-acf03314c375"",""yes_price_dollars"":""0.4200""}"
KXBTC15M-26APR271645-45,93bd3f3f-de5c-6a01-5b2f-bb6c0a4b5c59,1777321827,0.43,11.18,yes,"{""count_fp"":""11.18"",""created_time"":""2026-04-27T20:30:27.636817Z"",""no_price_dollars"":""0.5700"",""taker_side"":""yes"",""ticker"":""KXBTC15M-26APR271645-45"",""trade_id"":""93bd3f3f-de5c-6a01-5b2f-bb6c0a4b5c59"",""yes_price_dollars"":""0.4300""}"
KXBTC15M-26APR271645-45,9039fd35-57f1-4dd8-6c34-6cacede9e484,1777321827,0.42,45.39,no,"{""count_fp"":""45.39"",""created_time"":""2026-04-27T20:30:27.614432Z"",""no_price_dollars"":""0.5800"",""taker_side"":""no"",""ticker"":""KXBTC15M-26APR271645-45"",""trade_id"":""9039fd35-57f1-4dd8-6c34-6cacede9e484"",""yes_price_dollars"":""0.4200""}"
KXBTC15M-26APR271645-45,3dd89c48-d032-4816-6265-d6c1da8696ad,1777321827,0.42,38.35,no,"{""count_fp"":""38.35"",""created_time"":""2026-04-27T20:30:27.614432Z"",""no_price_dollars"":""0.5800"",""taker_side"":""no"",""ticker"":""KXBTC15M-26APR271645-45"",""trade_id"":""3dd89c48-d032-4816-6265-d6c1da8696ad"",""yes_price_dollars"":""0.4200""}"
KXBTC15M-26APR271645-45,8edc0837-606d-5c9c-3c21-c9822b1ae1d4,1777321827,0.42,8.36,no,"{""count_fp"":""8.36"",""created_time"":""2026-04-27T20:30:27.606936Z"",""no_price_dollars"":""0.5800"",""taker_side"":""no"",""ticker"":""KXBTC15M-26APR271645-45"",""trade_id"":""8edc0837-606d-5c9c-3c21-c9822b1ae1d4"",""yes_price_dollars"":""0.4200""}"
KXBTC15M-26APR271645-45,ec5ca279-8b70-7add-40c4-4bf40de374c5,1777321827,0.43,13.14,yes,"{""count_fp"":""13.14"",""created_time"":""2026-04-27T20:30:27.224201Z"",""no_price_dollars"":""0.5700"",""taker_side"":""yes"",""ticker"":""KXBTC15M-26APR271645-45"",""trade_id"":""ec5ca279-8b70-7add-40c4-4bf40de374c5"",""yes_price_dollars"":""0.4300""}"
KXBTC15M-26APR271645-45,ab702fb0-4a35-7124-7c23-59f785b192bd,1777321827,0.43,1.86,yes,"{""count_fp"":""1.86"",""created_time"":""2026-04-27T20:30:27.224201Z"",""no_price_dollars"":""0.5700"",""taker_side"":""yes"",""ticker"":""KXBTC15M-26APR271645-45"",""trade_id"":""ab702fb0-4a35-7124-7c23-59f785b192bd"",""yes_price_dollars"":""0.4300""}"
KXBTC15M-26APR271645-45,a0c8f407-2f91-4ef5-5066-3c91fbf73233,1777321827,0.42,8.83,no,"{""count_fp"":""8.83"",""created_time"":""2026-04-27T20:30:27.148171Z"",""no_price_dollars"":""0.5800"",""taker_side"":""no"",""ticker"":""KXBTC15M-26APR271645-45"",""trade_id"":""a0c8f407-2f91-4ef5-5066-3c91fbf73233"",""yes_price_dollars"":""0.4200""}"
KXBTC15M-26APR271645-45,5bf224f7-6df9-4658-6e2d-f427dc2b9d6c,1777321827,0.42,1.25,no,"{""count_fp"":""1.25"",""created_time"":""2026-04-27T20:30:27.148171Z"",""no_price_dollars"":""0.5800"",""taker_side"":""no"",""ticker"":""KXBTC15M-26APR271645-45"",""trade_id"":""5bf224f7-6df9-4658-6e2d-f427dc2b9d6c"",""yes_price_dollars"":""0.4200""}"
KXBTC15M-26APR271645-45,48e4f715-47e0-4e37-45c1-c82f7f009864,1777321827,0.42,6.66,no,"{""count_fp"":""6.66"",""created_time"":""2026-04-27T20:30:27.148171Z"",""no_price_dollars"":""0.5800"",""taker_side"":""no"",""ticker"":""KXBTC15M-26APR271645-45"",""trade_id"":""48e4f715-47e0-4e37-45c1-c82f7f009864"",""yes_price_dollars"":""0.4200""}"
KXBTC15M-26APR271645-45,b7ad3fb6-4a59-7585-253c-016c86b021ee,1777321828,0.42,38.52,no,"{""count_fp"":""38.52"",""created_time"":""2026-04-27T20:30:28.953843Z"",""no_price_dollars"":""0.5800"",""taker_side"":""no"",""ticker"":""KXBTC15M-26APR271645-45"",""trade_id"":""b7ad3fb6-4a59-7585-253c-016c86b021ee"",""yes_price_dollars"":""0.4200""}"
KXBTC15M-26APR271645-45,76bb4cbc-1e45-71e9-29c5-a791d0208fda,1777321828,0.42,1.0,no,"{""count_fp"":""1.00"",""created_time"":""2026-04-27T20:30:28.766577Z"",""no_price_dollars"":""0.5800"",""taker_side"":""no"",""ticker"":""KXBTC15M-26APR271645-45"",""trade_id"":""76bb4cbc-1e45-71e9-29c5-a791d0208fda"",""yes_price_dollars"":""0.4200""}"
KXBTC15M-26APR271645-45,f4b56f04-4ac5-4b69-69fb-f2257d877dde,1777321828,0.42,20.0,no,"{""count_fp"":""20.00"",""created_time"":""2026-04-27T20:30:28.722058Z"",""no_price_dollars"":""0.5800"",""taker_side"":""no"",""ticker"":""KXBTC15M-26APR271645-45"",""trade_id"":""f4b56f04-4ac5-4b69-69fb-f2257d877dde"",""yes_price_dollars"":""0.4200""}"
KXBTC15M-26APR271645-45,d6675c81-343a-7b97-1516-e879f58601cd,1777321828,0.43,13.52,yes,"{""count_fp"":""13.52"",""created_time"":""2026-04-27T20:30:28.597089Z"",""no_price_dollars"":""0.5700"",""taker_side"":""yes"",""ticker"":""KXBTC15M-26APR271645-45"",""trade_id"":""d6675c81-343a-7b97-1516-e879f58601cd"",""yes_price_dollars"":""0.4300""}"
KXBTC15M-26APR271645-45,6e3ba5ae-652f-7ad6-3f7b-97a410fa3064,1777321828,0.43,1.0,yes,"{""count_fp"":""1.00"",""created_time"":""2026-04-27T20:30:28.597089Z"",""no_price_dollars"":""0.5700"",""taker_side"":""yes"",""ticker"":""KXBTC15M-26APR271645-45"",""trade_id"":""6e3ba5ae-652f-7ad6-3f7b-97a410fa3064"",""yes_price_dollars"":""0.4300""}"
KXBTC15M-26APR271645-45,6a739b20-d010-72bd-05f5-ddc20a5c6fd1,1777321828,0.43,5.68,yes,"{""count_fp"":""5.68"",""created_time"":""2026-04-27T20:30:28.597089Z"",""no_price_dollars"":""0.5700"",""taker_side"":""yes"",""ticker"":""KXBTC15M-26APR271645-45"",""trade_id"":""6a739b20-d010-72bd-05f5-ddc20a5c6fd1"",""yes_price_dollars"":""0.4300""}"
KXBTC15M-26APR271645-45,41cb2875-749d-7008-1841-6cb0ec110c31,1777321828,0.43,2.0,yes,"{""count_fp"":""2.00"",""created_time"":""2026-04-27T20:30:28.597089Z"",""no_price_dollars"":""0.5700"",""taker_side"":""yes"",""ticker"":""KXBTC15M-26APR271645-45"",""trade_id"":""41cb2875-749d-7008-1841-6cb0ec110c31"",""yes_price_dollars"":""0.4300""}"
KXBTC15M-26APR271645-45,f7359f3c-300d-639d-d3f0-14ec6cb46fc6,1777321829,0.43,121.05,no,"{""count_fp"":""121.05"",""created_time"":""2026-04-27T20:30:29.918038Z"",""no_price_dollars"":""0.5700"",""taker_side"":""no"",""ticker"":""KXBTC15M-26APR271645-45"",""trade_id"":""f7359f3c-300d-639d-d3f0-14ec6cb46fc6"",""yes_price_dollars"":""0.4300""}"
KXBTC15M-26APR271645-45,9d117ba5-02ec-6966-e9c2-4db3dd03eda2,1777321829,0.43,20.0,no,"{""count_fp"":""20.00"",""created_time"":""2026-04-27T20:30:29.918038Z"",""no_price_dollars"":""0.5700"",""taker_side"":""no"",""ticker"":""KXBTC15M-26APR271645-45"",""trade_id"":""9d117ba5-02ec-6966-e9c2-4db3dd03eda2"",""yes_price_dollars"":""0.4300""}"
KXBTC15M-26APR271645-45,89b93a58-5ae0-6963-ee1c-9b70db9e0b73,1777321829,0.43,1.0,no,"{""count_fp"":""1.00"",""created_time"":""2026-04-27T20:30:29.918038Z"",""no_price_dollars"":""0.5700"",""taker_side"":""no"",""ticker"":""KXBTC15M-26APR271645-45"",""trade_id"":""89b93a58-5ae0-6963-ee1c-9b70db9e0b73"",""yes_price_dollars"":""0.4300""}"
KXBTC15M-26APR271645-45,07755805-b491-6cea-f9c0-2daccd98c776,1777321829,0.43,2.0,no,"{""count_fp"":""2.00"",""created_time"":""2026-04-27T20:30:29.918038Z"",""no_price_dollars"":""0.5700"",""taker_side"":""no"",""ticker"":""KXBTC15M-26APR271645-45"",""trade_id"":""07755805-b491-6cea-f9c0-2daccd98c776"",""yes_price_dollars"":""0.4300""}"
KXBTC15M-26APR271645-45,9b64284a-4531-5fb0-2b09-4752714ae6f0,1777321829,0.44,3.41,yes,"{""count_fp"":""3.41"",""created_time"":""2026-04-27T20:30:29.835016Z"",""no_price_dollars"":""0.5600"",""taker_side"":""yes"",""ticker"":""KXBTC15M-26APR271645-45"",""trade_id"":""9b64284a-4531-5fb0-2b09-4752714ae6f0"",""yes_price_dollars"":""0.4400""}"
KXBTC15M-26APR271645-45,41f248d1-2f43-58fb-2920-63125cc0678b,1777321829,0.44,40.0,yes,"{""count_fp"":""40.00"",""created_time"":""2026-04-27T20:30:29.835016Z"",""no_price_dollars"":""0.5600"",""taker_side"":""yes"",""ticker"":""KXBTC15M-26APR271645-45"",""trade_id"":""41f248d1-2f43-58fb-2920-63125cc0678b"",""yes_price_dollars"":""0.4400""}"
KXBTC15M-26APR271645-45,eb951a55-fdd8-5db8-4bec-ab5152a7c813,1777321829,0.43,50.0,no,"{""count_fp"":""50.00"",""created_time"":""2026-04-27T20:30:29.738095Z"",""no_price_dollars"":""0.5700"",""taker_side"":""no"",""ticker"":""KXBTC15M-26APR271645-45"",""trade_id"":""eb951a55-fdd8-5db8-4bec-ab5152a7c813"",""yes_price_dollars"":""0.4300""}"
KXBTC15M-26APR271645-45,407b359e-d73b-5469-aa9b-e342d1915699,1777321829,0.43,3.0,no,"{""count_fp"":""3.00"",""created_time"":""2026-04-27T20:30:29.326301Z"",""no_price_dollars"":""0.5700"",""taker_side"":""no"",""ticker"":""KXBTC15M-26APR271645-45"",""trade_id"":""407b359e-d73b-5469-aa9b-e342d1915699"",""yes_price_dollars"":""0.4300""}"
KXBTC15M-26APR271645-45,fa85f651-a45a-4a3f-2948-0bef4a548399,1777321829,0.43,14.98,yes,"{""count_fp"":""14.98"",""created_time"":""2026-04-27T20:30:29.243156Z"",""no_price_dollars"":""0.5700"",""taker_side"":""yes"",""ticker"":""KXBTC15M-26APR271645-45"",""trade_id"":""fa85f651-a45a-4a3f-2948-0bef4a548399"",""yes_price_dollars"":""0.4300""}"
KXBTC15M-26APR271645-45,cd6bf450-87c9-66b1-9567-c9b0f26812de,1777321829,0.42,25.12,no,"{""count_fp"":""25.12"",""created_time"":""2026-04-27T20:30:29.079824Z"",""no_price_dollars"":""0.5800"",""taker_side"":""no"",""ticker"":""KXBTC15M-26APR271645-45"",""trade_id"":""cd6bf450-87c9-66b1-9567-c9b0f26812de"",""yes_price_dollars"":""0.4200""}"
KXBTC15M-26APR271645-45,900f6729-24c5-404d-b2de-e2cee4f3fc66,1777321829,0.42,21.77,no,"{""count_fp"":""21.77"",""created_time"":""2026-04-27T20:30:29.009116Z"",""no_price_dollars"":""0.5800"",""taker_side"":""no"",""ticker"":""KXBTC15M-26APR271645-45"",""trade_id"":""900f6729-24c5-404d-b2de-e2cee4f3fc66"",""yes_price_dollars"":""0.4200""}"
KXBTC15M-26APR271645-45,cd1f631f-e89d-7c8b-0ef0-be06e8e79092,1777321830,0.44,1.84,yes,"{""count_fp"":""1.84"",""created_time"":""2026-04-27T20:30:30.232089Z"",""no_price_dollars"":""0.5600"",""taker_side"":""yes"",""ticker"":""KXBTC15M-26APR271645-45"",""trade_id"":""cd1f631f-e89d-7c8b-0ef0-be06e8e79092"",""yes_price_dollars"":""0.4400""}"
KXBTC15M-26APR271645-45,2fe38d73-2d31-7594-25b7-61e65d95a168,1777321830,0.44,0.16,yes,"{""count_fp"":""0.16"",""created_time"":""2026-04-27T20:30:30.232089Z"",""no_price_dollars"":""0.5600"",""taker_side"":""yes"",""ticker"":""KXBTC15M-26APR271645-45"",""trade_id"":""2fe38d73-2d31-7594-25b7-61e65d95a168"",""yes_price_dollars"":""0.4400""}"
KXBTC15M-26APR271645-45,ad3e9eca-c601-6e20-5035-37ef7d00dac0,1777321830,0.44,6.43,yes,"{""count_fp"":""6.43"",""created_time"":""2026-04-27T20:30:30.132351Z"",""no_price_dollars"":""0.5600"",""taker_side"":""yes"",""ticker"":""KXBTC15M-26APR271645-45"",""trade_id"":""ad3e9eca-c601-6e20-5035-37ef7d00dac0"",""yes_price_dollars"":""0.4400""}"
KXBTC15M-26APR271645-45,e3d110f3-37a3-7452-2ac4-daf26e8c9515,1777321831,0.45,800.4,yes,"{""count_fp"":""800.40"",""created_time"":""2026-04-27T20:30:31.261684Z"",""no_price_dollars"":""0.5500"",""taker_side"":""yes"",""ticker"":""KXBTC15M-26APR271645-45"",""trade_id"":""e3d110f3-37a3-7452-2ac4-daf26e8c9515"",""yes_price_dollars"":""0.4500""}"
KXBTC15M-26APR271645-45,d1d3c254-5cbc-70b8-2f15-1c98569c5c12,1777321831,0.46,40.0,yes,"{""count_fp"":""40.00"",""created_time"":""2026-04-27T20:30:31.261684Z"",""no_price_dollars"":""0.5400"",""taker_side"":""yes"",""ticker"":""KXBTC15M-26APR271645-45"",""trade_id"":""d1d3c254-5cbc-70b8-2f15-1c98569c5c12"",""yes_price_dollars"":""0.4600""}"
KXBTC15M-26APR271645-45,c42cd573-6ea1-71bf-024a-f42baecb31f5,1777321831,0.45,1.0,yes,"{""count_fp"":""1.00"",""created_time"":""2026-04-27T20:30:31.261684Z"",""no_price_dollars"":""0.5500"",""taker_side"":""yes"",""ticker"":""KXBTC15M-26APR271645-45"",""trade_id"":""c42cd573-6ea1-71bf-024a-f42baecb31f5"",""yes_price_dollars"":""0.4500""}"
KXBTC15M-26APR271645-45,affa1a92-25ce-7c5b-195e-37dbf49e30b9,1777321831,0.45,12.0,yes,"{""count_fp"":""12.00"",""created_time"":""2026-04-27T20:30:31.261684Z"",""no_price_dollars"":""0.5500"",""taker_side"":""yes"",""ticker"":""KXBTC15M-26APR271645-45"",""trade_id"":""affa1a92-25ce-7c5b-195e-37dbf49e30b9"",""yes_price_dollars"":""0.4500""}"
KXBTC15M-26APR271645-45,ad13b259-9bd3-76f1-3062-bba13f5d9257,1777321831,0.45,40.0,yes,"{""count_fp"":""40.00"",""created_time"":""2026-04-27T20:30:31.261684Z"",""no_price_dollars"":""0.5500"",""taker_side"":""yes"",""ticker"":""KXBTC15M-26APR271645-45"",""trade_id"":""ad13b259-9bd3-76f1-3062-bba13f5d9257"",""yes_price_dollars"":""0.4500""}"
KXBTC15M-26APR271645-45,8039ec05-0d02-7993-1ba0-96b4545710cc,1777321831,0.45,17.0,yes,"{""count_fp"":""17.00"",""created_time"":""2026-04-27T20:30:31.261684Z"",""no_price_dollars"":""0.5500"",""taker_side"":""yes"",""ticker"":""KXBTC15M-26APR271645-45"",""trade_id"":""8039ec05-0d02-7993-1ba0-96b4545710cc"",""yes_price_dollars"":""0.4500""}"
KXBTC15M-26APR271645-45,7ab6daeb-e699-79ab-0e20-ebc511082606,1777321831,0.44,38.16,yes,"{""count_fp"":""38.16"",""created_time"":""2026-04-27T20:30:31.261684Z"",""no_price_dollars"":""0.5600"",""taker_side"":""yes"",""ticker"":""KXBTC15M-26APR271645-45"",""trade_id"":""7ab6daeb-e699-79ab-0e20-ebc511082606"",""yes_price_dollars"":""0.4400""}"
KXBTC15M-26APR271645-45,7900c9e8-e640-725f-3c16-ff1ce5cf6498,1777321831,0.46,274.52,yes,"{""count_fp"":""274.52"",""created_time"":""2026-04-27T20:30:31.261684Z"",""no_price_dollars"":""0.5400"",""taker_side"":""yes"",""ticker"":""KXBTC15M-26APR271645-45"",""trade_id"":""7900c9e8-e640-725f-3c16-ff1ce5cf6498"",""yes_price_dollars"":""0.4600""}"
KXBTC15M-26APR271645-45,40494fff-5e52-7024-1cac-eb4a2324b3c2,1777321831,0.45,3.0,yes,"{""count_fp"":""3.00"",""created_time"":""2026-04-27T20:30:31.261684Z"",""no_price_dollars"":""0.5500"",""taker_side"":""yes"",""ticker"":""KXBTC15M-26APR271645-45"",""trade_id"":""40494fff-5e52-7024-1cac-eb4a2324b3c2"",""yes_price_dollars"":""0.4500""}"
KXBTC15M-26APR271645-45,01958130-ac1b-7300-16ab-0f0bbbb49cf1,1777321831,0.45,200.0,yes,"{""count_fp"":""200.00"",""created_time"":""2026-04-27T20:30:31.261684Z"",""no_price_dollars"":""0.5500"",""taker_side"":""yes"",""ticker"":""KXBTC15M-26APR271645-45"",""trade_id"":""01958130-ac1b-7300-16ab-0f0bbbb49cf1"",""yes_price_dollars"":""0.4500""}"
KXBTC15M-26APR271645-45,40bb584e-6f91-4f32-b6fe-1cb32acfc80e,1777321832,0.44,1.0,no,"{""count_fp"":""1.00"",""created_time"":""2026-04-27T20:30:32.280445Z"",""no_price_dollars"":""0.5600"",""taker_side"":""no"",""ticker"":""KXBTC15M-26APR271645-45"",""trade_id"":""40bb584e-6f91-4f32-b6fe-1cb32acfc80e"",""yes_price_dollars"":""0.4400""}"
KXBTC15M-26APR271645-45,307b34ed-4046-6ce8-4431-d10bb24b99e2,1777321833,0.44,4.25,no,"{""count_fp"":""4.25"",""created_time"":""2026-04-27T20:30:33.784661Z"",""no_price_dollars"":""0.5600"",""taker_side"":""no"",""ticker"":""KXBTC15M-26APR271645-45"",""trade_id"":""307b34ed-4046-6ce8-4431-d10bb24b99e2"",""yes_price_dollars"":""0.4400""}"
KXBTC15M-26APR271645-45,ef421cbd-0164-53ac-63f0-da4c0551153b,1777321833,0.45,20.0,no,"{""count_fp"":""20.00"",""created_time"":""2026-04-27T20:30:33.654218Z"",""no_price_dollars"":""0.5500"",""taker_side"":""no"",""ticker"":""KXBTC15M-26APR271645-45"",""trade_id"":""ef421cbd-0164-53ac-63f0-da4c0551153b"",""yes_price_dollars"":""0.4500""}"
KXBTC15M-26APR271645-45,df411c5f-c21e-5b6e-6155-cd0116d1245c,1777321833,0.45,1.0,no,"{""count_fp"":""1.00"",""created_time"":""2026-04-27T20:30:33.654218Z"",""no_price_dollars"":""0.5500"",""taker_side"":""no"",""ticker"":""KXBTC15M-26APR271645-45"",""trade_id"":""df411c5f-c21e-5b6e-6155-cd0116d1245c"",""yes_price_dollars"":""0.4500""}"
KXBTC15M-26APR271645-45,d0ce7ab5-d5da-5356-7444-0c6b8554ab02,1777321833,0.42,40.0,no,"{""count_fp"":""40.00"",""created_time"":""2026-04-27T20:30:33.654218Z"",""no_price_dollars"":""0.5800"",""taker_side"":""no"",""ticker"":""KXBTC15M-26APR271645-45"",""trade_id"":""d0ce7ab5-d5da-5356-7444-0c6b8554ab02"",""yes_price_dollars"":""0.4200""}"
