ticker,trade_id,ts,yes_price,count,taker_side,raw_json
KXBTC15M-26APR280300-00,a5569bd9-5bfa-610d-4ea6-2ad22b39b3ae,1777358700,0.54,1.0,yes,"{""count_fp"":""1.00"",""created_time"":""2026-04-28T06:45:00.965982Z"",""no_price_dollars"":""0.4600"",""taker_side"":""yes"",""ticker"":""KXBTC15M-26APR280300-00"",""trade_id"":""a5569bd9-5bfa-610d-4ea6-2ad22b39b3ae"",""yes_price_dollars"":""0.5400""}"
KXBTC15M-26APR280300-00,65539301-760b-66f0-4d1e-40bdad7530b4,1777358700,0.54,1.0,yes,"{""count_fp"":""1.00"",""created_time"":""2026-04-28T06:45:00.965982Z"",""no_price_dollars"":""0.4600"",""taker_side"":""yes"",""ticker"":""KXBTC15M-26APR280300-00"",""trade_id"":""65539301-760b-66f0-4d1e-40bdad7530b4"",""yes_price_dollars"":""0.5400""}"
KXBTC15M-26APR280300-00,3e43cc97-73f0-49be-b030-5a2fc1ec3911,1777358700,0.44,20.0,yes,"{""count_fp"":""20.00"",""created_time"":""2026-04-28T06:45:00.022516Z"",""no_price_dollars"":""0.5600"",""taker_side"":""yes"",""ticker"":""KXBTC15M-26APR280300-00"",""trade_id"":""3e43cc97-73f0-49be-b030-5a2fc1ec3911"",""yes_price_dollars"":""0.4400""}"
KXBTC15M-26APR280300-00,9ad067b9-833b-595a-6699-0ef07f5aa82a,1777358701,0.53,12.0,yes,"{""count_fp"":""12.00"",""created_time"":""2026-04-28T06:45:01.147421Z"",""no_price_dollars"":""0.4700"",""taker_side"":""yes"",""ticker"":""KXBTC15M-26APR280300-00"",""trade_id"":""9ad067b9-833b-595a-6699-0ef07f5aa82a"",""yes_price_dollars"":""0.5300""}"
KXBTC15M-26APR280300-00,83e8c827-3d10-55bc-7cb6-521f9ac3f082,1777358702,0.51,1.0,no,"{""count_fp"":""1.00"",""created_time"":""2026-04-28T06:45:02.957437Z"",""no_price_dollars"":""0.4900"",""taker_side"":""no"",""ticker"":""KXBTC15M-26APR280300-00"",""trade_id"":""83e8c827-3d10-55bc-7cb6-521f9ac3f082"",""yes_price_dollars"":""0.5100""}"
KXBTC15M-26APR280300-00,e90f8665-5e21-4a68-0530-12a6e0387d93,1777358703,0.51,48.31,no,"{""count_fp"":""48.31"",""created_time"":""2026-04-28T06:45:03.290388Z"",""no_price_dollars"":""0.4900"",""taker_side"":""no"",""ticker"":""KXBTC15M-26APR280300-00"",""trade_id"":""e90f8665-5e21-4a68-0530-12a6e0387d93"",""yes_price_dollars"":""0.5100""}"
KXBTC15M-26APR280300-00,aabf990d-b5ba-4fec-1feb-f5ab0fcf3d71,1777358703,0.51,49.0,no,"{""count_fp"":""49.00"",""created_time"":""2026-04-28T06:45:03.290388Z"",""no_price_dollars"":""0.4900"",""taker_side"":""no"",""ticker"":""KXBTC15M-26APR280300-00"",""trade_id"":""aabf990d-b5ba-4fec-1feb-f5ab0fcf3d71"",""yes_price_dollars"":""0.5100""}"
KXBTC15M-26APR280300-00,5bc3d828-d6ff-494f-0109-c2da7b6b2acc,1777358703,0.51,22.0,no,"{""count_fp"":""22.00"",""created_time"":""2026-04-28T06:45:03.290388Z"",""no_price_dollars"":""0.4900"",""taker_side"":""no"",""ticker"":""KXBTC15M-26APR280300-00"",""trade_id"":""5bc3d828-d6ff-494f-0109-c2da7b6b2acc"",""yes_price_dollars"":""0.5100""}"
KXBTC15M-26APR280300-00,43a44fda-11c5-4fd1-3e97-884d29ab13f0,1777358703,0.51,49.0,no,"{""count_fp"":""49.00"",""created_time"":""2026-04-28T06:45:03.290388Z"",""no_price_dollars"":""0.4900"",""taker_side"":""no"",""ticker"":""KXBTC15M-26APR280300-00"",""trade_id"":""43a44fda-11c5-4fd1-3e97-884d29ab13f0"",""yes_price_dollars"":""0.5100""}"
KXBTC15M-26APR280300-00,40aac7fd-1981-46f9-3f4a-822f0f170230,1777358703,0.51,22.0,no,"{""count_fp"":""22.00"",""created_time"":""2026-04-28T06:45:03.290388Z"",""no_price_dollars"":""0.4900"",""taker_side"":""no"",""ticker"":""KXBTC15M-26APR280300-00"",""trade_id"":""40aac7fd-1981-46f9-3f4a-822f0f170230"",""yes_price_dollars"":""0.5100""}"
KXBTC15M-26APR280300-00,2b8ccb86-c3e8-4550-06d9-bf240647b812,1777358703,0.51,3.0,no,"{""count_fp"":""3.00"",""created_time"":""2026-04-28T06:45:03.290388Z"",""no_price_dollars"":""0.4900"",""taker_side"":""no"",""ticker"":""KXBTC15M-26APR280300-00"",""trade_id"":""2b8ccb86-c3e8-4550-06d9-bf240647b812"",""yes_price_dollars"":""0.5100""}"
KXBTC15M-26APR280300-00,1888d34a-bbab-4b20-0a07-72021a09f514,1777358704,0.52,18.0,yes,"{""count_fp"":""18.00"",""created_time"":""2026-04-28T06:45:04.771354Z"",""no_price_dollars"":""0.4800"",""taker_side"":""yes"",""ticker"":""KXBTC15M-26APR280300-00"",""trade_id"":""1888d34a-bbab-4b20-0a07-72021a09f514"",""yes_price_dollars"":""0.5200""}"
KXBTC15M-26APR280300-00,f1ffa973-5a1a-4791-e5de-b5cc897fea69,1777358705,0.5,1.0,no,"{""count_fp"":""1.00"",""created_time"":""2026-04-28T06:45:05.718793Z"",""no_price_dollars"":""0.5000"",""taker_side"":""no"",""ticker"":""KXBTC15M-26APR280300-00"",""trade_id"":""f1ffa973-5a1a-4791-e5de-b5cc897fea69"",""yes_price_dollars"":""0.5000""}"
KXBTC15M-26APR280300-00,dc072ad2-f0f1-4716-c8fd-bab887d579c6,1777358705,0.5,22.57,no,"{""count_fp"":""22.57"",""created_time"":""2026-04-28T06:45:05.718793Z"",""no_price_dollars"":""0.5000"",""taker_side"":""no"",""ticker"":""KXBTC15M-26APR280300-00"",""trade_id"":""dc072ad2-f0f1-4716-c8fd-bab887d579c6"",""yes_price_dollars"":""0.5000""}"
KXBTC15M-26APR280300-00,547c5d42-9036-4215-f60c-41f6d10ef69b,1777358705,0.5,12.0,no,"{""count_fp"":""12.00"",""created_time"":""2026-04-28T06:45:05.718793Z"",""no_price_dollars"":""0.5000"",""taker_side"":""no"",""ticker"":""KXBTC15M-26APR280300-00"",""trade_id"":""547c5d42-9036-4215-f60c-41f6d10ef69b"",""yes_price_dollars"":""0.5000""}"
KXBTC15M-26APR280300-00,06ff9476-40af-41ea-f69f-9aa5c054c41f,1777358705,0.5,12.73,no,"{""count_fp"":""12.73"",""created_time"":""2026-04-28T06:45:05.718793Z"",""no_price_dollars"":""0.5000"",""taker_side"":""no"",""ticker"":""KXBTC15M-26APR280300-00"",""trade_id"":""06ff9476-40af-41ea-f69f-9aa5c054c41f"",""yes_price_dollars"":""0.5000""}"
KXBTC15M-26APR280300-00,82f18637-6d8b-7a10-2328-a332436b1d78,1777358705,0.52,10.0,yes,"{""count_fp"":""10.00"",""created_time"":""2026-04-28T06:45:05.307921Z"",""no_price_dollars"":""0.4800"",""taker_side"":""yes"",""ticker"":""KXBTC15M-26APR280300-00"",""trade_id"":""82f18637-6d8b-7a10-2328-a332436b1d78"",""yes_price_dollars"":""0.5200""}"
KXBTC15M-26APR280300-00,a43e7db2-79d5-702c-a0e3-5dfbf2b1c07b,1777358705,0.51,0.69,no,"{""count_fp"":""0.69"",""created_time"":""2026-04-28T06:45:05.224192Z"",""no_price_dollars"":""0.4900"",""taker_side"":""no"",""ticker"":""KXBTC15M-26APR280300-00"",""trade_id"":""a43e7db2-79d5-702c-a0e3-5dfbf2b1c07b"",""yes_price_dollars"":""0.5100""}"
KXBTC15M-26APR280300-00,106969d6-ba03-709a-8019-421b955e1ed7,1777358705,0.5,57.27,no,"{""count_fp"":""57.27"",""created_time"":""2026-04-28T06:45:05.224192Z"",""no_price_dollars"":""0.5000"",""taker_side"":""no"",""ticker"":""KXBTC15M-26APR280300-00"",""trade_id"":""106969d6-ba03-709a-8019-421b955e1ed7"",""yes_price_dollars"":""0.5000""}"
KXBTC15M-26APR280300-00,e5dc561b-b9b1-63aa-33d4-5fd1299172d4,1777358706,0.51,9.3,yes,"{""count_fp"":""9.30"",""created_time"":""2026-04-28T06:45:06.989674Z"",""no_price_dollars"":""0.4900"",""taker_side"":""yes"",""ticker"":""KXBTC15M-26APR280300-00"",""trade_id"":""e5dc561b-b9b1-63aa-33d4-5fd1299172d4"",""yes_price_dollars"":""0.5100""}"
KXBTC15M-26APR280300-00,f428067b-0e5d-762e-a978-dcea3c9da37c,1777358706,0.51,1.0,yes,"{""count_fp"":""1.00"",""created_time"":""2026-04-28T06:45:06.982821Z"",""no_price_dollars"":""0.4900"",""taker_side"":""yes"",""ticker"":""KXBTC15M-26APR280300-00"",""trade_id"":""f428067b-0e5d-762e-a978-dcea3c9da37c"",""yes_price_dollars"":""0.5100""}"
KXBTC15M-26APR280300-00,a3cb2dad-8484-7320-8308-5021ac5928d6,1777358706,0.51,2.0,yes,"{""count_fp"":""2.00"",""created_time"":""2026-04-28T06:45:06.982821Z"",""no_price_dollars"":""0.4900"",""taker_side"":""yes"",""ticker"":""KXBTC15M-26APR280300-00"",""trade_id"":""a3cb2dad-8484-7320-8308-5021ac5928d6"",""yes_price_dollars"":""0.5100""}"
KXBTC15M-26APR280300-00,9dd52790-8496-5ebe-d3ca-c8f49805afbf,1777358707,0.5,10.0,no,"{""count_fp"":""10.00"",""created_time"":""2026-04-28T06:45:07.141687Z"",""no_price_dollars"":""0.5000"",""taker_side"":""no"",""ticker"":""KXBTC15M-26APR280300-00"",""trade_id"":""9dd52790-8496-5ebe-d3ca-c8f49805afbf"",""yes_price_dollars"":""0.5000""}"
KXBTC15M-26APR280300-00,38be2571-2f18-5259-f9c4-8e79616222fc,1777358707,0.5,10.0,no,"{""count_fp"":""10.00"",""created_time"":""2026-04-28T06:45:07.141687Z"",""no_price_dollars"":""0.5000"",""taker_side"":""no"",""ticker"":""KXBTC15M-26APR280300-00"",""trade_id"":""38be2571-2f18-5259-f9c4-8e79616222fc"",""yes_price_dollars"":""0.5000""}"
KXBTC15M-26APR280300-00,2e0edbb6-3b56-57ce-f0a5-1d3fb5c22ba8,1777358707,0.5,31.57,no,"{""count_fp"":""31.57"",""created_time"":""2026-04-28T06:45:07.141687Z"",""no_price_dollars"":""0.5000"",""taker_side"":""no"",""ticker"":""KXBTC15M-26APR280300-00"",""trade_id"":""2e0edbb6-3b56-57ce-f0a5-1d3fb5c22ba8"",""yes_price_dollars"":""0.5000""}"
KXBTC15M-26APR280300-00,162d28aa-bdd6-58e4-fea6-8cc67d0c0d57,1777358707,0.5,5.0,no,"{""count_fp"":""5.00"",""created_time"":""2026-04-28T06:45:07.141687Z"",""no_price_dollars"":""0.5000"",""taker_side"":""no"",""ticker"":""KXBTC15M-26APR280300-00"",""trade_id"":""162d28aa-bdd6-58e4-fea6-8cc67d0c0d57"",""yes_price_dollars"":""0.5000""}"
KXBTC15M-26APR280300-00,0f82ad94-c2d1-548e-f203-4b219fc4382a,1777358707,0.5,97.43,no,"{""count_fp"":""97.43"",""created_time"":""2026-04-28T06:45:07.141687Z"",""no_price_dollars"":""0.5000"",""taker_side"":""no"",""ticker"":""KXBTC15M-26APR280300-00"",""trade_id"":""0f82ad94-c2d1-548e-f203-4b219fc4382a"",""yes_price_dollars"":""0.5000""}"
KXBTC15M-26APR280300-00,a063aa01-4901-631c-357e-a24ea8af4ba2,1777358707,0.51,1.0,yes,"{""count_fp"":""1.00"",""created_time"":""2026-04-28T06:45:07.034879Z"",""no_price_dollars"":""0.4900"",""taker_side"":""yes"",""ticker"":""KXBTC15M-26APR280300-00"",""trade_id"":""a063aa01-4901-631c-357e-a24ea8af4ba2"",""yes_price_dollars"":""0.5100""}"
KXBTC15M-26APR280300-00,9ec5828d-9ef5-6ce6-2209-720511ce4128,1777358707,0.52,4.0,yes,"{""count_fp"":""4.00"",""created_time"":""2026-04-28T06:45:07.034879Z"",""no_price_dollars"":""0.4800"",""taker_side"":""yes"",""ticker"":""KXBTC15M-26APR280300-00"",""trade_id"":""9ec5828d-9ef5-6ce6-2209-720511ce4128"",""yes_price_dollars"":""0.5200""}"
KXBTC15M-26APR280300-00,c3885a74-358d-67a6-e0f7-b9e1b5a3b20c,1777358708,0.52,11.7,yes,"{""count_fp"":""11.70"",""created_time"":""2026-04-28T06:45:08.651866Z"",""no_price_dollars"":""0.4800"",""taker_side"":""yes"",""ticker"":""KXBTC15M-26APR280300-00"",""trade_id"":""c3885a74-358d-67a6-e0f7-b9e1b5a3b20c"",""yes_price_dollars"":""0.5200""}"
KXBTC15M-26APR280300-00,5e2b21d0-e52e-6752-f112-9c191a834970,1777358708,0.53,2.88,yes,"{""count_fp"":""2.88"",""created_time"":""2026-04-28T06:45:08.651866Z"",""no_price_dollars"":""0.4700"",""taker_side"":""yes"",""ticker"":""KXBTC15M-26APR280300-00"",""trade_id"":""5e2b21d0-e52e-6752-f112-9c191a834970"",""yes_price_dollars"":""0.5300""}"
KXBTC15M-26APR280300-00,502d68f3-7b7a-6330-4770-8597c3beaefa,1777358708,0.51,1.0,no,"{""count_fp"":""1.00"",""created_time"":""2026-04-28T06:45:08.648445Z"",""no_price_dollars"":""0.4900"",""taker_side"":""no"",""ticker"":""KXBTC15M-26APR280300-00"",""trade_id"":""502d68f3-7b7a-6330-4770-8597c3beaefa"",""yes_price_dollars"":""0.5100""}"
KXBTC15M-26APR280300-00,452bb7a5-23ae-7258-1ac3-63fc6bfd960e,1777358708,0.51,19.32,no,"{""count_fp"":""19.32"",""created_time"":""2026-04-28T06:45:08.441673Z"",""no_price_dollars"":""0.4900"",""taker_side"":""no"",""ticker"":""KXBTC15M-26APR280300-00"",""trade_id"":""452bb7a5-23ae-7258-1ac3-63fc6bfd960e"",""yes_price_dollars"":""0.5100""}"
KXBTC15M-26APR280300-00,d7c1967b-6c31-778a-ff4f-a31e676b9790,1777358708,0.52,9.0,yes,"{""count_fp"":""9.00"",""created_time"":""2026-04-28T06:45:08.408103Z"",""no_price_dollars"":""0.4800"",""taker_side"":""yes"",""ticker"":""KXBTC15M-26APR280300-00"",""trade_id"":""d7c1967b-6c31-778a-ff4f-a31e676b9790"",""yes_price_dollars"":""0.5200""}"
KXBTC15M-26APR280300-00,61b9127a-a182-4194-af5a-6eebc549762a,1777358708,0.51,19.32,no,"{""count_fp"":""19.32"",""created_time"":""2026-04-28T06:45:08.027142Z"",""no_price_dollars"":""0.4900"",""taker_side"":""no"",""ticker"":""KXBTC15M-26APR280300-00"",""trade_id"":""61b9127a-a182-4194-af5a-6eebc549762a"",""yes_price_dollars"":""0.5100""}"
KXBTC15M-26APR280300-00,aa2c268c-adca-6054-5ce6-b84d5b7d8f16,1777358709,0.51,50.0,no,"{""count_fp"":""50.00"",""created_time"":""2026-04-28T06:45:09.488796Z"",""no_price_dollars"":""0.4900"",""taker_side"":""no"",""ticker"":""KXBTC15M-26APR280300-00"",""trade_id"":""aa2c268c-adca-6054-5ce6-b84d5b7d8f16"",""yes_price_dollars"":""0.5100""}"
KXBTC15M-26APR280300-00,1e9287f7-cb8c-4a4d-f4d5-a89c9e540071,1777358710,0.53,73.06,yes,"{""count_fp"":""73.06"",""created_time"":""2026-04-28T06:45:10.529274Z"",""no_price_dollars"":""0.4700"",""taker_side"":""yes"",""ticker"":""KXBTC15M-26APR280300-00"",""trade_id"":""1e9287f7-cb8c-4a4d-f4d5-a89c9e540071"",""yes_price_dollars"":""0.5300""}"
KXBTC15M-26APR280300-00,c15b2870-02ec-43c9-8e30-47b940643055,1777358710,0.53,3.88,yes,"{""count_fp"":""3.88"",""created_time"":""2026-04-28T06:45:10.356418Z"",""no_price_dollars"":""0.4700"",""taker_side"":""yes"",""ticker"":""KXBTC15M-26APR280300-00"",""trade_id"":""c15b2870-02ec-43c9-8e30-47b940643055"",""yes_price_dollars"":""0.5300""}"
KXBTC15M-26APR280300-00,bd0560cb-035a-4f1e-8c28-566675567aac,1777358710,0.53,7.12,yes,"{""count_fp"":""7.12"",""created_time"":""2026-04-28T06:45:10.356418Z"",""no_price_dollars"":""0.4700"",""taker_side"":""yes"",""ticker"":""KXBTC15M-26APR280300-00"",""trade_id"":""bd0560cb-035a-4f1e-8c28-566675567aac"",""yes_price_dollars"":""0.5300""}"
KXBTC15M-26APR280300-00,dee39668-403c-6ae8-e519-f006f879f767,1777358711,0.52,27.0,yes,"{""count_fp"":""27.00"",""created_time"":""2026-04-28T06:45:11.933544Z"",""no_price_dollars"":""0.4800"",""taker_side"":""yes"",""ticker"":""KXBTC15M-26APR280300-00"",""trade_id"":""dee39668-403c-6ae8-e519-f006f879f767"",""yes_price_dollars"":""0.5200""}"
KXBTC15M-26APR280300-00,8496959b-1bf5-6457-f60d-11637283971d,1777358711,0.52,1.0,yes,"{""count_fp"":""1.00"",""created_time"":""2026-04-28T06:45:11.933544Z"",""no_price_dollars"":""0.4800"",""taker_side"":""yes"",""ticker"":""KXBTC15M-26APR280300-00"",""trade_id"":""8496959b-1bf5-6457-f60d-11637283971d"",""yes_price_dollars"":""0.5200""}"
KXBTC15M-26APR280300-00,6f631d50-d095-6d22-cd68-89f55efb9813,1777358711,0.53,2.0,yes,"{""count_fp"":""2.00"",""created_time"":""2026-04-28T06:45:11.933544Z"",""no_price_dollars"":""0.4700"",""taker_side"":""yes"",""ticker"":""KXBTC15M-26APR280300-00"",""trade_id"":""6f631d50-d095-6d22-cd68-89f55efb9813"",""yes_price_dollars"":""0.5300""}"
KXBTC15M-26APR280300-00,1c0e5f4d-3406-6d9a-cc4b-f4f83b227645,1777358711,0.52,2.0,yes,"{""count_fp"":""2.00"",""created_time"":""2026-04-28T06:45:11.933544Z"",""no_price_dollars"":""0.4800"",""taker_side"":""yes"",""ticker"":""KXBTC15M-26APR280300-00"",""trade_id"":""1c0e5f4d-3406-6d9a-cc4b-f4f83b227645"",""yes_price_dollars"":""0.5200""}"
KXBTC15M-26APR280300-00,0d2bfde5-5040-6f6f-d07f-3d69ddd8674c,1777358711,0.53,151.03,yes,"{""count_fp"":""151.03"",""created_time"":""2026-04-28T06:45:11.933544Z"",""no_price_dollars"":""0.4700"",""taker_side"":""yes"",""ticker"":""KXBTC15M-26APR280300-00"",""trade_id"":""0d2bfde5-5040-6f6f-d07f-3d69ddd8674c"",""yes_price_dollars"":""0.5300""}"
KXBTC15M-26APR280300-00,a060b478-677a-5c5e-d997-4445684d47a7,1777358711,0.51,6.36,no,"{""count_fp"":""6.36"",""created_time"":""2026-04-28T06:45:11.904362Z"",""no_price_dollars"":""0.4900"",""taker_side"":""no"",""ticker"":""KXBTC15M-26APR280300-00"",""trade_id"":""a060b478-677a-5c5e-d997-4445684d47a7"",""yes_price_dollars"":""0.5100""}"
KXBTC15M-26APR280300-00,46ae0fc7-63a1-5875-654f-faff1a8aec58,1777358711,0.51,1.36,no,"{""count_fp"":""1.36"",""created_time"":""2026-04-28T06:45:11.863398Z"",""no_price_dollars"":""0.4900"",""taker_side"":""no"",""ticker"":""KXBTC15M-26APR280300-00"",""trade_id"":""46ae0fc7-63a1-5875-654f-faff1a8aec58"",""yes_price_dollars"":""0.5100""}"
KXBTC15M-26APR280300-00,05695bee-8dba-5536-4f2a-310d8adeab77,1777358711,0.51,5.64,no,"{""count_fp"":""5.64"",""created_time"":""2026-04-28T06:45:11.863398Z"",""no_price_dollars"":""0.4900"",""taker_side"":""no"",""ticker"":""KXBTC15M-26APR280300-00"",""trade_id"":""05695bee-8dba-5536-4f2a-310d8adeab77"",""yes_price_dollars"":""0.5100""}"
KXBTC15M-26APR280300-00,b95489ce-3665-64f1-9934-766ea90f1ea4,1777358711,0.51,15.0,no,"{""count_fp"":""15.00"",""created_time"":""2026-04-28T06:45:11.802112Z"",""no_price_dollars"":""0.4900"",""taker_side"":""no"",""ticker"":""KXBTC15M-26APR280300-00"",""trade_id"":""b95489ce-3665-64f1-9934-766ea90f1ea4"",""yes_price_dollars"":""0.5100""}"
KXBTC15M-26APR280300-00,d6247a41-c849-738d-f937-67e2ff858868,1777358711,0.51,1.0,no,"{""count_fp"":""1.00"",""created_time"":""2026-04-28T06:45:11.704789Z"",""no_price_dollars"":""0.4900"",""taker_side"":""no"",""ticker"":""KXBTC15M-26APR280300-00"",""trade_id"":""d6247a41-c849-738d-f937-67e2ff858868"",""yes_price_dollars"":""0.5100""}"
KXBTC15M-26APR280300-00,dc8712b6-17ee-744e-ca3a-acd0eca56818,1777358711,0.52,34.74,no,"{""count_fp"":""34.74"",""created_time"":""2026-04-28T06:45:11.445444Z"",""no_price_dollars"":""0.4800"",""taker_side"":""no"",""ticker"":""KXBTC15M-26APR280300-00"",""trade_id"":""dc8712b6-17ee-744e-ca3a-acd0eca56818"",""yes_price_dollars"":""0.5200""}"
KXBTC15M-26APR280300-00,24215d8a-54f1-7641-e853-b153caa1cf76,1777358711,0.52,14.0,no,"{""count_fp"":""14.00"",""created_time"":""2026-04-28T06:45:11.445444Z"",""no_price_dollars"":""0.4800"",""taker_side"":""no"",""ticker"":""KXBTC15M-26APR280300-00"",""trade_id"":""24215d8a-54f1-7641-e853-b153caa1cf76"",""yes_price_dollars"":""0.5200""}"
KXBTC15M-26APR280300-00,b7b2ab04-409e-7356-672d-a26481296e9c,1777358711,0.52,24.12,no,"{""count_fp"":""24.12"",""created_time"":""2026-04-28T06:45:11.140401Z"",""no_price_dollars"":""0.4800"",""taker_side"":""no"",""ticker"":""KXBTC15M-26APR280300-00"",""trade_id"":""b7b2ab04-409e-7356-672d-a26481296e9c"",""yes_price_dollars"":""0.5200""}"
KXBTC15M-26APR280300-00,51281452-0004-6c61-3f6c-697aa40dccb1,1777358711,0.53,18.26,yes,"{""count_fp"":""18.26"",""created_time"":""2026-04-28T06:45:11.004539Z"",""no_price_dollars"":""0.4700"",""taker_side"":""yes"",""ticker"":""KXBTC15M-26APR280300-00"",""trade_id"":""51281452-0004-6c61-3f6c-697aa40dccb1"",""yes_price_dollars"":""0.5300""}"
KXBTC15M-26APR280300-00,cad9cce2-c1fb-6409-ed88-8209031171eb,1777358712,0.48,35.11,yes,"{""count_fp"":""35.11"",""created_time"":""2026-04-28T06:45:12.499582Z"",""no_price_dollars"":""0.5200"",""taker_side"":""yes"",""ticker"":""KXBTC15M-26APR280300-00"",""trade_id"":""cad9cce2-c1fb-6409-ed88-8209031171eb"",""yes_price_dollars"":""0.4800""}"
KXBTC15M-26APR280300-00,b2f31b98-93da-6be4-fb7f-bff2f8a1e84e,1777358712,0.48,2.0,yes,"{""count_fp"":""2.00"",""created_time"":""2026-04-28T06:45:12.499582Z"",""no_price_dollars"":""0.5200"",""taker_side"":""yes"",""ticker"":""KXBTC15M-26APR280300-00"",""trade_id"":""b2f31b98-93da-6be4-fb7f-bff2f8a1e84e"",""yes_price_dollars"":""0.4800""}"
KXBTC15M-26APR280300-00,8d9516e8-417e-69b8-cfbb-b280f36e54fe,1777358712,0.49,40.0,yes,"{""count_fp"":""40.00"",""created_time"":""2026-04-28T06:45:12.499582Z"",""no_price_dollars"":""0.5100"",""taker_side"":""yes"",""ticker"":""KXBTC15M-26APR280300-00"",""trade_id"":""8d9516e8-417e-69b8-cfbb-b280f36e54fe"",""yes_price_dollars"":""0.4900""}"
KXBTC15M-26APR280300-00,844eb6cf-bfbd-6273-e2f8-2263555c71a4,1777358712,0.49,2.0,yes,"{""count_fp"":""2.00"",""created_time"":""2026-04-28T06:45:12.499582Z"",""no_price_dollars"":""0.5100"",""taker_side"":""yes"",""ticker"":""KXBTC15M-26APR280300-00"",""trade_id"":""844eb6cf-bfbd-6273-e2f8-2263555c71a4"",""yes_price_dollars"":""0.4900""}"
KXBTC15M-26APR280300-00,47e348b3-5bec-6fe3-cdba-be6b5dca5678,1777358712,0.5,108.66,yes,"{""count_fp"":""108.66"",""created_time"":""2026-04-28T06:45:12.499582Z"",""no_price_dollars"":""0.5000"",""taker_side"":""yes"",""ticker"":""KXBTC15M-26APR280300-00"",""trade_id"":""47e348b3-5bec-6fe3-cdba-be6b5dca5678"",""yes_price_dollars"":""0.5000""}"
KXBTC15M-26APR280300-00,2eb20e52-4803-63d0-f110-433a5717e125,1777358712,0.5,40.0,yes,"{""count_fp"":""40.00"",""created_time"":""2026-04-28T06:45:12.499582Z"",""no_price_dollars"":""0.5000"",""taker_side"":""yes"",""ticker"":""KXBTC15M-26APR280300-00"",""trade_id"":""2eb20e52-4803-63d0-f110-433a5717e125"",""yes_price_dollars"":""0.5000""}"
KXBTC15M-26APR280300-00,ea6931c0-f875-72f3-f68e-23a2be09a765,1777358712,0.47,12.78,yes,"{""count_fp"":""12.78"",""created_time"":""2026-04-28T06:45:12.247292Z"",""no_price_dollars"":""0.5300"",""taker_side"":""yes"",""ticker"":""KXBTC15M-26APR280300-00"",""trade_id"":""ea6931c0-f875-72f3-f68e-23a2be09a765"",""yes_price_dollars"":""0.4700""}"
KXBTC15M-26APR280300-00,1cbd87ab-3524-45b7-3370-b096a35aeb38,1777358712,0.53,67.58,yes,"{""count_fp"":""67.58"",""created_time"":""2026-04-28T06:45:12.048474Z"",""no_price_dollars"":""0.4700"",""taker_side"":""yes"",""ticker"":""KXBTC15M-26APR280300-00"",""trade_id"":""1cbd87ab-3524-45b7-3370-b096a35aeb38"",""yes_price_dollars"":""0.5300""}"
KXBTC15M-26APR280300-00,fd59b534-1ebf-5097-4dbd-d2a6c351ba07,1777358712,0.46,1.0,no,"{""count_fp"":""1.00"",""created_time"":""2026-04-28T06:45:12.007394Z"",""no_price_dollars"":""0.5400"",""taker_side"":""no"",""ticker"":""KXBTC15M-26APR280300-00"",""trade_id"":""fd59b534-1ebf-5097-4dbd-d2a6c351ba07"",""yes_price_dollars"":""0.4600""}"
KXBTC15M-26APR280300-00,c4badf17-44c6-501f-7b0e-ae6c65542db1,1777358712,0.48,30.0,no,"{""count_fp"":""30.00"",""created_time"":""2026-04-28T06:45:12.007394Z"",""no_price_dollars"":""0.5200"",""taker_side"":""no"",""ticker"":""KXBTC15M-26APR280300-00"",""trade_id"":""c4badf17-44c6-501f-7b0e-ae6c65542db1"",""yes_price_dollars"":""0.4800""}"
KXBTC15M-26APR280300-00,b67ecc79-722d-5a88-654f-2999af820f9f,1777358712,0.47,20.0,no,"{""count_fp"":""20.00"",""created_time"":""2026-04-28T06:45:12.007394Z"",""no_price_dollars"":""0.5300"",""taker_side"":""no"",""ticker"":""KXBTC15M-26APR280300-00"",""trade_id"":""b67ecc79-722d-5a88-654f-2999af820f9f"",""yes_price_dollars"":""0.4700""}"
KXBTC15M-26APR280300-00,a47e8a01-6987-512e-49fd-5c4dd95fd16b,1777358712,0.5,91.0,no,"{""count_fp"":""91.00"",""created_time"":""2026-04-28T06:45:12.007394Z"",""no_price_dollars"":""0.5000"",""taker_side"":""no"",""ticker"":""KXBTC15M-26APR280300-00"",""trade_id"":""a47e8a01-6987-512e-49fd-5c4dd95fd16b"",""yes_price_dollars"":""0.5000""}"
KXBTC15M-26APR280300-00,610c47c8-4d0e-58aa-5624-1a944811fd0f,1777358712,0.51,29.0,no,"{""count_fp"":""29.00"",""created_time"":""2026-04-28T06:45:12.007394Z"",""no_price_dollars"":""0.4900"",""taker_side"":""no"",""ticker"":""KXBTC15M-26APR280300-00"",""trade_id"":""610c47c8-4d0e-58aa-5624-1a944811fd0f"",""yes_price_dollars"":""0.5100""}"
KXBTC15M-26APR280300-00,4f1ad640-007c-5b5e-497d-eae7d31f8b70,1777358712,0.47,30.0,no,"{""count_fp"":""30.00"",""created_time"":""2026-04-28T06:45:12.007394Z"",""no_price_dollars"":""0.5300"",""taker_side"":""no"",""ticker"":""KXBTC15M-26APR280300-00"",""trade_id"":""4f1ad640-007c-5b5e-497d-eae7d31f8b70"",""yes_price_dollars"":""0.4700""}"
KXBTC15M-26APR280300-00,3ed11a25-718c-5683-7c2f-f6546e8dd077,1777358712,0.51,8.0,no,"{""count_fp"":""8.00"",""created_time"":""2026-04-28T06:45:12.007394Z"",""no_price_dollars"":""0.4900"",""taker_side"":""no"",""ticker"":""KXBTC15M-26APR280300-00"",""trade_id"":""3ed11a25-718c-5683-7c2f-f6546e8dd077"",""yes_price_dollars"":""0.5100""}"
KXBTC15M-26APR280300-00,3698e4f3-d98b-5854-511a-197f3bdcf9cf,1777358712,0.52,31.57,no,"{""count_fp"":""31.57"",""created_time"":""2026-04-28T06:45:12.007394Z"",""no_price_dollars"":""0.4800"",""taker_side"":""no"",""ticker"":""KXBTC15M-26APR280300-00"",""trade_id"":""3698e4f3-d98b-5854-511a-197f3bdcf9cf"",""yes_price_dollars"":""0.5200""}"
KXBTC15M-26APR280300-00,208fd5da-be38-553d-5fd5-e6fe1833c3fc,1777358712,0.48,20.0,no,"{""count_fp"":""20.00"",""created_time"":""2026-04-28T06:45:12.007394Z"",""no_price_dollars"":""0.5200"",""taker_side"":""no"",""ticker"":""KXBTC15M-26APR280300-00"",""trade_id"":""208fd5da-be38-553d-5fd5-e6fe1833c3fc"",""yes_price_dollars"":""0.4800""}"
KXBTC15M-26APR280300-00,095a273c-a708-5010-7cc2-ade9a448a6b2,1777358712,0.46,16.37,no,"{""count_fp"":""16.37"",""created_time"":""2026-04-28T06:45:12.007394Z"",""no_price_dollars"":""0.5400"",""taker_side"":""no"",""ticker"":""KXBTC15M-26APR280300-00"",""trade_id"":""095a273c-a708-5010-7cc2-ade9a448a6b2"",""yes_price_dollars"":""0.4600""}"
KXBTC15M-26APR280300-00,2517c29f-3e03-6a3b-7554-837fb9194217,1777358713,0.48,15.94,yes,"{""count_fp"":""15.94"",""created_time"":""2026-04-28T06:45:13.775044Z"",""no_price_dollars"":""0.5200"",""taker_side"":""yes"",""ticker"":""KXBTC15M-26APR280300-00"",""trade_id"":""2517c29f-3e03-6a3b-7554-837fb9194217"",""yes_price_dollars"":""0.4800""}"
KXBTC15M-26APR280300-00,1efcb5f3-a496-6cfa-5611-8af9883aa8dd,1777358713,0.48,1.74,yes,"{""count_fp"":""1.74"",""created_time"":""2026-04-28T06:45:13.775044Z"",""no_price_dollars"":""0.5200"",""taker_side"":""yes"",""ticker"":""KXBTC15M-26APR280300-00"",""trade_id"":""1efcb5f3-a496-6cfa-5611-8af9883aa8dd"",""yes_price_dollars"":""0.4800""}"
KXBTC15M-26APR280300-00,91204197-f0a6-6da6-8ed7-f9c811b480dd,1777358713,0.48,18.26,yes,"{""count_fp"":""18.26"",""created_time"":""2026-04-28T06:45:13.171948Z"",""no_price_dollars"":""0.5200"",""taker_side"":""yes"",""ticker"":""KXBTC15M-26APR280300-00"",""trade_id"":""91204197-f0a6-6da6-8ed7-f9c811b480dd"",""yes_price_dollars"":""0.4800""}"
KXBTC15M-26APR280300-00,9fd689e1-5171-69f0-e7c3-b91329df13f6,1777358714,0.49,1.94,yes,"{""count_fp"":""1.94"",""created_time"":""2026-04-28T06:45:14.281964Z"",""no_price_dollars"":""0.5100"",""taker_side"":""yes"",""ticker"":""KXBTC15M-26APR280300-00"",""trade_id"":""9fd689e1-5171-69f0-e7c3-b91329df13f6"",""yes_price_dollars"":""0.4900""}"
KXBTC15M-26APR280300-00,14ff839b-202f-6fbf-f1e9-2d5d17bf8acf,1777358714,0.49,24.06,yes,"{""count_fp"":""24.06"",""created_time"":""2026-04-28T06:45:14.281964Z"",""no_price_dollars"":""0.5100"",""taker_side"":""yes"",""ticker"":""KXBTC15M-26APR280300-00"",""trade_id"":""14ff839b-202f-6fbf-f1e9-2d5d17bf8acf"",""yes_price_dollars"":""0.4900""}"
KXBTC15M-26APR280300-00,ac3fe3fb-89b3-6f57-bf35-f7f0301ab17b,1777358714,0.48,2.06,yes,"{""count_fp"":""2.06"",""created_time"":""2026-04-28T06:45:14.094936Z"",""no_price_dollars"":""0.5200"",""taker_side"":""yes"",""ticker"":""KXBTC15M-26APR280300-00"",""trade_id"":""ac3fe3fb-89b3-6f57-bf35-f7f0301ab17b"",""yes_price_dollars"":""0.4800""}"
KXBTC15M-26APR280300-00,92fd097b-be3f-6a6b-a7d5-1ed2313c1997,1777358714,0.49,15.94,yes,"{""count_fp"":""15.94"",""created_time"":""2026-04-28T06:45:14.094936Z"",""no_price_dollars"":""0.5100"",""taker_side"":""yes"",""ticker"":""KXBTC15M-26APR280300-00"",""trade_id"":""92fd097b-be3f-6a6b-a7d5-1ed2313c1997"",""yes_price_dollars"":""0.4900""}"
KXBTC15M-26APR280300-00,c49d0ab2-9577-5124-cd43-856ca4092385,1777358715,0.47,38.15,yes,"{""count_fp"":""38.15"",""created_time"":""2026-04-28T06:45:15.867627Z"",""no_price_dollars"":""0.5300"",""taker_side"":""yes"",""ticker"":""KXBTC15M-26APR280300-00"",""trade_id"":""c49d0ab2-9577-5124-cd43-856ca4092385"",""yes_price_dollars"":""0.4700""}"
KXBTC15M-26APR280300-00,067d196c-3197-59f0-8718-a3b6506b32a1,1777358715,0.47,47.5,yes,"{""count_fp"":""47.50"",""created_time"":""2026-04-28T06:45:15.823328Z"",""no_price_dollars"":""0.5300"",""taker_side"":""yes"",""ticker"":""KXBTC15M-26APR280300-00"",""trade_id"":""067d196c-3197-59f0-8718-a3b6506b32a1"",""yes_price_dollars"":""0.4700""}"
KXBTC15M-26APR280300-00,d70ac50d-ea9b-5970-283e-abe57bf90a91,1777358715,0.47,23.7,yes,"{""count_fp"":""23.70"",""created_time"":""2026-04-28T06:45:15.817759Z"",""no_price_dollars"":""0.5300"",""taker_side"":""yes"",""ticker"":""KXBTC15M-26APR280300-00"",""trade_id"":""d70ac50d-ea9b-5970-283e-abe57bf90a91"",""yes_price_dollars"":""0.4700""}"
KXBTC15M-26APR280300-00,4e0c1202-5ba7-4fc4-f8bb-788f132255e5,1777358715,0.47,41.98,yes,"{""count_fp"":""41.98"",""created_time"":""2026-04-28T06:45:15.781739Z"",""no_price_dollars"":""0.5300"",""taker_side"":""yes"",""ticker"":""KXBTC15M-26APR280300-00"",""trade_id"":""4e0c1202-5ba7-4fc4-f8bb-788f132255e5"",""yes_price_dollars"":""0.4700""}"
KXBTC15M-26APR280300-00,09ce87c5-7e57-79f4-9bd5-0b70c966994d,1777358715,0.47,21.07,yes,"{""count_fp"":""21.07"",""created_time"":""2026-04-28T06:45:15.777255Z"",""no_price_dollars"":""0.5300"",""taker_side"":""yes"",""ticker"":""KXBTC15M-26APR280300-00"",""trade_id"":""09ce87c5-7e57-79f4-9bd5-0b70c966994d"",""yes_price_dollars"":""0.4700""}"
KXBTC15M-26APR280300-00,36125f9f-2147-62b4-68ce-b41f16c61a19,1777358715,0.47,64.58,yes,"{""count_fp"":""64.58"",""created_time"":""2026-04-28T06:45:15.632613Z"",""no_price_dollars"":""0.5300"",""taker_side"":""yes"",""ticker"":""KXBTC15M-26APR280300-00"",""trade_id"":""36125f9f-2147-62b4-68ce-b41f16c61a19"",""yes_price_dollars"":""0.4700""}"
KXBTC15M-26APR280300-00,0c3b7320-ca77-79dc-bf74-1ae2fe409d8d,1777358715,0.47,23.13,yes,"{""count_fp"":""23.13"",""created_time"":""2026-04-28T06:45:15.564385Z"",""no_price_dollars"":""0.5300"",""taker_side"":""yes"",""ticker"":""KXBTC15M-26APR280300-00"",""trade_id"":""0c3b7320-ca77-79dc-bf74-1ae2fe409d8d"",""yes_price_dollars"":""0.4700""}"
KXBTC15M-26APR280300-00,ef5f20fe-d6db-7cf4-08a3-bd3ead32adbd,1777358715,0.47,39.4,yes,"{""count_fp"":""39.40"",""created_time"":""2026-04-28T06:45:15.266508Z"",""no_price_dollars"":""0.5300"",""taker_side"":""yes"",""ticker"":""KXBTC15M-26APR280300-00"",""trade_id"":""ef5f20fe-d6db-7cf4-08a3-bd3ead32adbd"",""yes_price_dollars"":""0.4700""}"
KXBTC15M-26APR280300-00,f0bae651-75a8-6602-b146-b04fd5dbca35,1777358715,0.47,56.0,no,"{""count_fp"":""56.00"",""created_time"":""2026-04-28T06:45:15.117329Z"",""no_price_dollars"":""0.5300"",""taker_side"":""no"",""ticker"":""KXBTC15M-26APR280300-00"",""trade_id"":""f0bae651-75a8-6602-b146-b04fd5dbca35"",""yes_price_dollars"":""0.4700""}"
KXBTC15M-26APR280300-00,d337aca4-a21d-667f-b793-bdaf238c0dc8,1777358715,0.47,9.66,no,"{""count_fp"":""9.66"",""created_time"":""2026-04-28T06:45:15.117329Z"",""no_price_dollars"":""0.5300"",""taker_side"":""no"",""ticker"":""KXBTC15M-26APR280300-00"",""trade_id"":""d337aca4-a21d-667f-b793-bdaf238c0dc8"",""yes_price_dollars"":""0.4700""}"
KXBTC15M-26APR280300-00,b5639df1-6e90-600f-999d-690f6b2c10d4,1777358715,0.48,10.0,no,"{""count_fp"":""10.00"",""created_time"":""2026-04-28T06:45:15.117329Z"",""no_price_dollars"":""0.5200"",""taker_side"":""no"",""ticker"":""KXBTC15M-26APR280300-00"",""trade_id"":""b5639df1-6e90-600f-999d-690f6b2c10d4"",""yes_price_dollars"":""0.4800""}"
KXBTC15M-26APR280300-00,9d331d72-9a73-6bde-8e28-d1e9ecaca799,1777358715,0.47,3.0,no,"{""count_fp"":""3.00"",""created_time"":""2026-04-28T06:45:15.117329Z"",""no_price_dollars"":""0.5300"",""taker_side"":""no"",""ticker"":""KXBTC15M-26APR280300-00"",""trade_id"":""9d331d72-9a73-6bde-8e28-d1e9ecaca799"",""yes_price_dollars"":""0.4700""}"
KXBTC15M-26APR280300-00,8d83d043-5190-6262-88ad-04a87b414ca3,1777358715,0.47,40.0,no,"{""count_fp"":""40.00"",""created_time"":""2026-04-28T06:45:15.117329Z"",""no_price_dollars"":""0.5300"",""taker_side"":""no"",""ticker"":""KXBTC15M-26APR280300-00"",""trade_id"":""8d83d043-5190-6262-88ad-04a87b414ca3"",""yes_price_dollars"":""0.4700""}"
KXBTC15M-26APR280300-00,4e14e133-ecf8-6741-a5b5-64f9d42f341c,1777358715,0.48,1.15,no,"{""count_fp"":""1.15"",""created_time"":""2026-04-28T06:45:15.117329Z"",""no_price_dollars"":""0.5200"",""taker_side"":""no"",""ticker"":""KXBTC15M-26APR280300-00"",""trade_id"":""4e14e133-ecf8-6741-a5b5-64f9d42f341c"",""yes_price_dollars"":""0.4800""}"
KXBTC15M-26APR280300-00,20b30fd4-7e3d-647d-8041-24cdcdf23b5f,1777358715,0.48,40.0,no,"{""count_fp"":""40.00"",""created_time"":""2026-04-28T06:45:15.117329Z"",""no_price_dollars"":""0.5200"",""taker_side"":""no"",""ticker"":""KXBTC15M-26APR280300-00"",""trade_id"":""20b30fd4-7e3d-647d-8041-24cdcdf23b5f"",""yes_price_dollars"":""0.4800""}"
KXBTC15M-26APR280300-00,ac1f9be2-c847-5530-f183-961e5ef4b965,1777358717,0.48,1.18,no,"{""count_fp"":""1.18"",""created_time"":""2026-04-28T06:45:17.513517Z"",""no_price_dollars"":""0.5200"",""taker_side"":""no"",""ticker"":""KXBTC15M-26APR280300-00"",""trade_id"":""ac1f9be2-c847-5530-f183-961e5ef4b965"",""yes_price_dollars"":""0.4800""}"
KXBTC15M-26APR280300-00,242b6e23-2d04-544a-c870-a7c730f5e41a,1777358717,0.48,17.42,no,"{""count_fp"":""17.42"",""created_time"":""2026-04-28T06:45:17.513517Z"",""no_price_dollars"":""0.5200"",""taker_side"":""no"",""ticker"":""KXBTC15M-26APR280300-00"",""trade_id"":""242b6e23-2d04-544a-c870-a7c730f5e41a"",""yes_price_dollars"":""0.4800""}"
KXBTC15M-26APR280300-00,c36a86cf-906c-4e62-c5c6-9bd3901a1432,1777358717,0.48,5.58,no,"{""count_fp"":""5.58"",""created_time"":""2026-04-28T06:45:17.408499Z"",""no_price_dollars"":""0.5200"",""taker_side"":""no"",""ticker"":""KXBTC15M-26APR280300-00"",""trade_id"":""c36a86cf-906c-4e62-c5c6-9bd3901a1432"",""yes_price_dollars"":""0.4800""}"
KXBTC15M-26APR280300-00,1e21c689-0bb6-52d8-5691-d39e61e257c8,1777358718,0.49,5.0,yes,"{""count_fp"":""5.00"",""created_time"":""2026-04-28T06:45:18.867934Z"",""no_price_dollars"":""0.5100"",""taker_side"":""yes"",""ticker"":""KXBTC15M-26APR280300-00"",""trade_id"":""1e21c689-0bb6-52d8-5691-d39e61e257c8"",""yes_price_dollars"":""0.4900""}"
KXBTC15M-26APR280300-00,fd064008-6b5a-7e44-77ed-bd72b2547d38,1777358718,0.49,26.4,yes,"{""count_fp"":""26.40"",""created_time"":""2026-04-28T06:45:18.769139Z"",""no_price_dollars"":""0.5100"",""taker_side"":""yes"",""ticker"":""KXBTC15M-26APR280300-00"",""trade_id"":""fd064008-6b5a-7e44-77ed-bd72b2547d38"",""yes_price_dollars"":""0.4900""}"
KXBTC15M-26APR280300-00,5d891d9b-ebc9-7d5c-4bb3-b8a96e6d606a,1777358718,0.49,13.0,yes,"{""count_fp"":""13.00"",""created_time"":""2026-04-28T06:45:18.769139Z"",""no_price_dollars"":""0.5100"",""taker_side"":""yes"",""ticker"":""KXBTC15M-26APR280300-00"",""trade_id"":""5d891d9b-ebc9-7d5c-4bb3-b8a96e6d606a"",""yes_price_dollars"":""0.4900""}"
KXBTC15M-26APR280300-00,6353427f-87e0-5c15-4a2b-443457fb96e1,1777358718,0.49,40.0,yes,"{""count_fp"":""40.00"",""created_time"":""2026-04-28T06:45:18.677222Z"",""no_price_dollars"":""0.5100"",""taker_side"":""yes"",""ticker"":""KXBTC15M-26APR280300-00"",""trade_id"":""6353427f-87e0-5c15-4a2b-443457fb96e1"",""yes_price_dollars"":""0.4900""}"
KXBTC15M-26APR280300-00,e84a8273-d93d-73a1-ebf9-94a1ecda654c,1777358718,0.48,10.0,no,"{""count_fp"":""10.00"",""created_time"":""2026-04-28T06:45:18.330291Z"",""no_price_dollars"":""0.5200"",""taker_side"":""no"",""ticker"":""KXBTC15M-26APR280300-00"",""trade_id"":""e84a8273-d93d-73a1-ebf9-94a1ecda654c"",""yes_price_dollars"":""0.4800""}"
KXBTC15M-26APR280300-00,d3844d4b-1150-75b8-c4c9-0c255fad3ea7,1777358718,0.48,0.12,no,"{""count_fp"":""0.12"",""created_time"":""2026-04-28T06:45:18.330291Z"",""no_price_dollars"":""0.5200"",""taker_side"":""no"",""ticker"":""KXBTC15M-26APR280300-00"",""trade_id"":""d3844d4b-1150-75b8-c4c9-0c255fad3ea7"",""yes_price_dollars"":""0.4800""}"
KXBTC15M-26APR280300-00,6640cbe7-204e-7e5f-c4c9-018f7866d06e,1777358718,0.48,3.0,no,"{""count_fp"":""3.00"",""created_time"":""2026-04-28T06:45:18.330291Z"",""no_price_dollars"":""0.5200"",""taker_side"":""no"",""ticker"":""KXBTC15M-26APR280300-00"",""trade_id"":""6640cbe7-204e-7e5f-c4c9-018f7866d06e"",""yes_price_dollars"":""0.4800""}"
KXBTC15M-26APR280300-00,89e4fc23-ef18-51af-09cd-eef104f7bc4d,1777358718,0.48,73.73,no,"{""count_fp"":""73.73"",""created_time"":""2026-04-28T06:45:18.128109Z"",""no_price_dollars"":""0.5200"",""taker_side"":""no"",""ticker"":""KXBTC15M-26APR280300-00"",""trade_id"":""89e4fc23-ef18-51af-09cd-eef104f7bc4d"",""yes_price_dollars"":""0.4800""}"
KXBTC15M-26APR280300-00,c53f992d-c1d6-47f8-ba61-eeb5a50cac80,1777358719,0.49,2.0,yes,"{""count_fp"":""2.00"",""created_time"":""2026-04-28T06:45:19.796988Z"",""no_price_dollars"":""0.5100"",""taker_side"":""yes"",""ticker"":""KXBTC15M-26APR280300-00"",""trade_id"":""c53f992d-c1d6-47f8-ba61-eeb5a50cac80"",""yes_price_dollars"":""0.4900""}"
KXBTC15M-26APR280300-00,f90ab2bd-4330-4600-01c5-dc471ea13283,1777358719,0.48,24.88,no,"{""count_fp"":""24.88"",""created_time"":""2026-04-28T06:45:19.605441Z"",""no_price_dollars"":""0.5200"",""taker_side"":""no"",""ticker"":""KXBTC15M-26APR280300-00"",""trade_id"":""f90ab2bd-4330-4600-01c5-dc471ea13283"",""yes_price_dollars"":""0.4800""}"
KXBTC15M-26APR280300-00,d5d2cb60-c888-4b7e-2800-23112901e10e,1777358719,0.48,1.35,no,"{""count_fp"":""1.35"",""created_time"":""2026-04-28T06:45:19.605441Z"",""no_price_dollars"":""0.5200"",""taker_side"":""no"",""ticker"":""KXBTC15M-26APR280300-00"",""trade_id"":""d5d2cb60-c888-4b7e-2800-23112901e10e"",""yes_price_dollars"":""0.4800""}"
KXBTC15M-26APR280300-00,9b223076-35d8-4c2b-16be-772bb82168e1,1777358719,0.48,5.77,no,"{""count_fp"":""5.77"",""created_time"":""2026-04-28T06:45:19.605441Z"",""no_price_dollars"":""0.5200"",""taker_side"":""no"",""ticker"":""KXBTC15M-26APR280300-00"",""trade_id"":""9b223076-35d8-4c2b-16be-772bb82168e1"",""yes_price_dollars"":""0.4800""}"
KXBTC15M-26APR280300-00,ca6de95d-20e7-4aaf-94e1-b7e4b5b8ae51,1777358720,0.48,10.0,no,"{""count_fp"":""10.00"",""created_time"":""2026-04-28T06:45:20.060981Z"",""no_price_dollars"":""0.5200"",""taker_side"":""no"",""ticker"":""KXBTC15M-26APR280300-00"",""trade_id"":""ca6de95d-20e7-4aaf-94e1-b7e4b5b8ae51"",""yes_price_dollars"":""0.4800""}"
KXBTC15M-26APR280300-00,9d5ffffd-8210-4800-81c0-ac8e6b5b7d5d,1777358720,0.48,8.0,no,"{""count_fp"":""8.00"",""created_time"":""2026-04-28T06:45:20.060981Z"",""no_price_dollars"":""0.5200"",""taker_side"":""no"",""ticker"":""KXBTC15M-26APR280300-00"",""trade_id"":""9d5ffffd-8210-4800-81c0-ac8e6b5b7d5d"",""yes_price_dollars"":""0.4800""}"
KXBTC15M-26APR280300-00,940ade18-dcb3-43a1-8b49-903b5c1ec071,1777358720,0.48,3.0,no,"{""count_fp"":""3.00"",""created_time"":""2026-04-28T06:45:20.060981Z"",""no_price_dollars"":""0.5200"",""taker_side"":""no"",""ticker"":""KXBTC15M-26APR280300-00"",""trade_id"":""940ade18-dcb3-43a1-8b49-903b5c1ec071"",""yes_price_dollars"":""0.4800""}"
KXBTC15M-26APR280300-00,0bc62c18-7bc4-4037-927b-3999b6aca81d,1777358720,0.48,83.17,no,"{""count_fp"":""83.17"",""created_time"":""2026-04-28T06:45:20.060981Z"",""no_price_dollars"":""0.5200"",""taker_side"":""no"",""ticker"":""KXBTC15M-26APR280300-00"",""trade_id"":""0bc62c18-7bc4-4037-927b-3999b6aca81d"",""yes_price_dollars"":""0.4800""}"
KXBTC15M-26APR280300-00,66995aeb-72a0-5d0f-21e3-38eb2b7d709d,1777358720,0.48,74.42,no,"{""count_fp"":""74.42"",""created_time"":""2026-04-28T06:45:20.025061Z"",""no_price_dollars"":""0.5200"",""taker_side"":""no"",""ticker"":""KXBTC15M-26APR280300-00"",""trade_id"":""66995aeb-72a0-5d0f-21e3-38eb2b7d709d"",""yes_price_dollars"":""0.4800""}"
KXBTC15M-26APR280300-00,ce73cc1c-1f37-650a-3ede-3e985166151c,1777358721,0.51,3.0,yes,"{""count_fp"":""3.00"",""created_time"":""2026-04-28T06:45:21.689393Z"",""no_price_dollars"":""0.4900"",""taker_side"":""yes"",""ticker"":""KXBTC15M-26APR280300-00"",""trade_id"":""ce73cc1c-1f37-650a-3ede-3e985166151c"",""yes_price_dollars"":""0.5100""}"
KXBTC15M-26APR280300-00,a7f421f6-28cd-6a6a-1570-66566cddb560,1777358721,0.51,20.0,yes,"{""count_fp"":""20.00"",""created_time"":""2026-04-28T06:45:21.689393Z"",""no_price_dollars"":""0.4900"",""taker_side"":""yes"",""ticker"":""KXBTC15M-26APR280300-00"",""trade_id"":""a7f421f6-28cd-6a6a-1570-66566cddb560"",""yes_price_dollars"":""0.5100""}"
KXBTC15M-26APR280300-00,9b8b7fa7-40a0-6bc6-066a-2d3f8b69016b,1777358721,0.51,24.46,yes,"{""count_fp"":""24.46"",""created_time"":""2026-04-28T06:45:21.689393Z"",""no_price_dollars"":""0.4900"",""taker_side"":""yes"",""ticker"":""KXBTC15M-26APR280300-00"",""trade_id"":""9b8b7fa7-40a0-6bc6-066a-2d3f8b69016b"",""yes_price_dollars"":""0.5100""}"
KXBTC15M-26APR280300-00,b3d0571d-d5c7-52cc-542c-eb8836888e44,1777358721,0.5,22.32,no,"{""count_fp"":""22.32"",""created_time"":""2026-04-28T06:45:21.655335Z"",""no_price_dollars"":""0.5000"",""taker_side"":""no"",""ticker"":""KXBTC15M-26APR280300-00"",""trade_id"":""b3d0571d-d5c7-52cc-542c-eb8836888e44"",""yes_price_dollars"":""0.5000""}"
KXBTC15M-26APR280300-00,ea14aa7b-f6ab-5131-ea16-a37b83604076,1777358721,0.5,2.0,yes,"{""count_fp"":""2.00"",""created_time"":""2026-04-28T06:45:21.539778Z"",""no_price_dollars"":""0.5000"",""taker_side"":""yes"",""ticker"":""KXBTC15M-26APR280300-00"",""trade_id"":""ea14aa7b-f6ab-5131-ea16-a37b83604076"",""yes_price_dollars"":""0.5000""}"
KXBTC15M-26APR280300-00,db89aa7f-80aa-53e7-f162-fa328df50887,1777358721,0.49,2.96,yes,"{""count_fp"":""2.96"",""created_time"":""2026-04-28T06:45:21.539778Z"",""no_price_dollars"":""0.5100"",""taker_side"":""yes"",""ticker"":""KXBTC15M-26APR280300-00"",""trade_id"":""db89aa7f-80aa-53e7-f162-fa328df50887"",""yes_price_dollars"":""0.4900""}"
KXBTC15M-26APR280300-00,b5c5229c-6fa9-5623-e97a-f7c9dd2b4e67,1777358721,0.5,1.0,yes,"{""count_fp"":""1.00"",""created_time"":""2026-04-28T06:45:21.539778Z"",""no_price_dollars"":""0.5000"",""taker_side"":""yes"",""ticker"":""KXBTC15M-26APR280300-00"",""trade_id"":""b5c5229c-6fa9-5623-e97a-f7c9dd2b4e67"",""yes_price_dollars"":""0.5000""}"
KXBTC15M-26APR280300-00,8e3b52d6-2d1d-53b7-d7fb-c2e98111d236,1777358721,0.5,3.0,yes,"{""count_fp"":""3.00"",""created_time"":""2026-04-28T06:45:21.539778Z"",""no_price_dollars"":""0.5000"",""taker_side"":""yes"",""ticker"":""KXBTC15M-26APR280300-00"",""trade_id"":""8e3b52d6-2d1d-53b7-d7fb-c2e98111d236"",""yes_price_dollars"":""0.5000""}"
KXBTC15M-26APR280300-00,8fd065f5-a236-5ea7-0db9-116cc58a39bf,1777358721,0.49,1.04,yes,"{""count_fp"":""1.04"",""created_time"":""2026-04-28T06:45:21.518486Z"",""no_price_dollars"":""0.5100"",""taker_side"":""yes"",""ticker"":""KXBTC15M-26APR280300-00"",""trade_id"":""8fd065f5-a236-5ea7-0db9-116cc58a39bf"",""yes_price_dollars"":""0.4900""}"
KXBTC15M-26APR280300-00,8a772a38-656d-5b3c-07ba-682ea439e42e,1777358721,0.49,20.0,yes,"{""count_fp"":""20.00"",""created_time"":""2026-04-28T06:45:21.518486Z"",""no_price_dollars"":""0.5100"",""taker_side"":""yes"",""ticker"":""KXBTC15M-26APR280300-00"",""trade_id"":""8a772a38-656d-5b3c-07ba-682ea439e42e"",""yes_price_dollars"":""0.4900""}"
KXBTC15M-26APR280300-00,6684e142-96f8-5c2b-acc5-3c7ccd704711,1777358721,0.48,32.35,no,"{""count_fp"":""32.35"",""created_time"":""2026-04-28T06:45:21.113705Z"",""no_price_dollars"":""0.5200"",""taker_side"":""no"",""ticker"":""KXBTC15M-26APR280300-00"",""trade_id"":""6684e142-96f8-5c2b-acc5-3c7ccd704711"",""yes_price_dollars"":""0.4800""}"
KXBTC15M-26APR280300-00,2ef847ab-8611-5d31-928c-76162d21b7e8,1777358721,0.48,3.0,no,"{""count_fp"":""3.00"",""created_time"":""2026-04-28T06:45:21.113705Z"",""no_price_dollars"":""0.5200"",""taker_side"":""no"",""ticker"":""KXBTC15M-26APR280300-00"",""trade_id"":""2ef847ab-8611-5d31-928c-76162d21b7e8"",""yes_price_dollars"":""0.4800""}"
KXBTC15M-26APR280300-00,4354ec0f-4123-74b0-8e76-b7f15f0dfeed,1777358722,0.5,14.88,no,"{""count_fp"":""14.88"",""created_time"":""2026-04-28T06:45:22.983999Z"",""no_price_dollars"":""0.5000"",""taker_side"":""no"",""ticker"":""KXBTC15M-26APR280300-00"",""trade_id"":""4354ec0f-4123-74b0-8e76-b7f15f0dfeed"",""yes_price_dollars"":""0.5000""}"
KXBTC15M-26APR280300-00,e7387a3e-fb25-6699-5dbc-a8cb9fbcbe18,1777358722,0.5,40.0,no,"{""count_fp"":""40.00"",""created_time"":""2026-04-28T06:45:22.620674Z"",""no_price_dollars"":""0.5000"",""taker_side"":""no"",""ticker"":""KXBTC15M-26APR280300-00"",""trade_id"":""e7387a3e-fb25-6699-5dbc-a8cb9fbcbe18"",""yes_price_dollars"":""0.5000""}"
KXBTC15M-26APR280300-00,0d60a3ae-4fd3-6238-4bb9-997c0886b9e5,1777358722,0.5,53.02,no,"{""count_fp"":""53.02"",""created_time"":""2026-04-28T06:45:22.620674Z"",""no_price_dollars"":""0.5000"",""taker_side"":""no"",""ticker"":""KXBTC15M-26APR280300-00"",""trade_id"":""0d60a3ae-4fd3-6238-4bb9-997c0886b9e5"",""yes_price_dollars"":""0.5000""}"
KXBTC15M-26APR280300-00,ebe57a4c-bb9f-5601-b318-cff346e97e1f,1777358722,0.5,40.0,no,"{""count_fp"":""40.00"",""created_time"":""2026-04-28T06:45:22.508865Z"",""no_price_dollars"":""0.5000"",""taker_side"":""no"",""ticker"":""KXBTC15M-26APR280300-00"",""trade_id"":""ebe57a4c-bb9f-5601-b318-cff346e97e1f"",""yes_price_dollars"":""0.5000""}"
KXBTC15M-26APR280300-00,dfd73139-6c52-53d6-b32e-19af87fc5ea3,1777358722,0.48,40.0,no,"{""count_fp"":""40.00"",""created_time"":""2026-04-28T06:45:22.508865Z"",""no_price_dollars"":""0.5200"",""taker_side"":""no"",""ticker"":""KXBTC15M-26APR280300-00"",""trade_id"":""dfd73139-6c52-53d6-b32e-19af87fc5ea3"",""yes_price_dollars"":""0.4800""}"
KXBTC15M-26APR280300-00,d2d8cead-7826-5bf3-a921-147ebdddd5e3,1777358722,0.48,123.13,no,"{""count_fp"":""123.13"",""created_time"":""2026-04-28T06:45:22.508865Z"",""no_price_dollars"":""0.5200"",""taker_side"":""no"",""ticker"":""KXBTC15M-26APR280300-00"",""trade_id"":""d2d8cead-7826-5bf3-a921-147ebdddd5e3"",""yes_price_dollars"":""0.4800""}"
KXBTC15M-26APR280300-00,c8d4a811-4bf4-5af3-9cb8-c55556ef6fad,1777358722,0.51,99.89,no,"{""count_fp"":""99.89"",""created_time"":""2026-04-28T06:45:22.508865Z"",""no_price_dollars"":""0.4900"",""taker_side"":""no"",""ticker"":""KXBTC15M-26APR280300-00"",""trade_id"":""c8d4a811-4bf4-5af3-9cb8-c55556ef6fad"",""yes_price_dollars"":""0.5100""}"
KXBTC15M-26APR280300-00,949d18ed-2dc4-560e-9710-2dfc3dc2f85b,1777358722,0.51,30.7,no,"{""count_fp"":""30.70"",""created_time"":""2026-04-28T06:45:22.508865Z"",""no_price_dollars"":""0.4900"",""taker_side"":""no"",""ticker"":""KXBTC15M-26APR280300-00"",""trade_id"":""949d18ed-2dc4-560e-9710-2dfc3dc2f85b"",""yes_price_dollars"":""0.5100""}"
KXBTC15M-26APR280300-00,8ad59960-12a2-50da-adb2-f5f20b1020ab,1777358722,0.5,24.46,no,"{""count_fp"":""24.46"",""created_time"":""2026-04-28T06:45:22.508865Z"",""no_price_dollars"":""0.5000"",""taker_side"":""no"",""ticker"":""KXBTC15M-26APR280300-00"",""trade_id"":""8ad59960-12a2-50da-adb2-f5f20b1020ab"",""yes_price_dollars"":""0.5000""}"
KXBTC15M-26APR280300-00,84fe61e3-da80-5f07-8007-0b037e06483a,1777358722,0.49,1.0,no,"{""count_fp"":""1.00"",""created_time"":""2026-04-28T06:45:22.508865Z"",""no_price_dollars"":""0.5100"",""taker_side"":""no"",""ticker"":""KXBTC15M-26APR280300-00"",""trade_id"":""84fe61e3-da80-5f07-8007-0b037e06483a"",""yes_price_dollars"":""0.4900""}"
KXBTC15M-26APR280300-00,667388c2-b7ba-5a75-a52b-3e44f0df2178,1777358722,0.49,40.0,no,"{""count_fp"":""40.00"",""created_time"":""2026-04-28T06:45:22.508865Z"",""no_price_dollars"":""0.5100"",""taker_side"":""no"",""ticker"":""KXBTC15M-26APR280300-00"",""trade_id"":""667388c2-b7ba-5a75-a52b-3e44f0df2178"",""yes_price_dollars"":""0.4900""}"
KXBTC15M-26APR280300-00,30f63aa1-a216-5480-a2ef-a382df8b1915,1777358722,0.49,3.0,no,"{""count_fp"":""3.00"",""created_time"":""2026-04-28T06:45:22.508865Z"",""no_price_dollars"":""0.5100"",""taker_side"":""no"",""ticker"":""KXBTC15M-26APR280300-00"",""trade_id"":""30f63aa1-a216-5480-a2ef-a382df8b1915"",""yes_price_dollars"":""0.4900""}"
KXBTC15M-26APR280300-00,2c43ab23-5142-55a8-a325-36c1ed5b879e,1777358722,0.5,20.0,no,"{""count_fp"":""20.00"",""created_time"":""2026-04-28T06:45:22.508865Z"",""no_price_dollars"":""0.5000"",""taker_side"":""no"",""ticker"":""KXBTC15M-26APR280300-00"",""trade_id"":""2c43ab23-5142-55a8-a325-36c1ed5b879e"",""yes_price_dollars"":""0.5000""}"
KXBTC15M-26APR280300-00,25768eed-5dae-57e3-9e62-bdb4bd83f08a,1777358722,0.48,10.0,no,"{""count_fp"":""10.00"",""created_time"":""2026-04-28T06:45:22.508865Z"",""no_price_dollars"":""0.5200"",""taker_side"":""no"",""ticker"":""KXBTC15M-26APR280300-00"",""trade_id"":""25768eed-5dae-57e3-9e62-bdb4bd83f08a"",""yes_price_dollars"":""0.4800""}"
KXBTC15M-26APR280300-00,09f1f0b1-265f-5795-b18c-532a14068cda,1777358722,0.48,40.0,no,"{""count_fp"":""40.00"",""created_time"":""2026-04-28T06:45:22.508865Z"",""no_price_dollars"":""0.5200"",""taker_side"":""no"",""ticker"":""KXBTC15M-26APR280300-00"",""trade_id"":""09f1f0b1-265f-5795-b18c-532a14068cda"",""yes_price_dollars"":""0.4800""}"
KXBTC15M-26APR280300-00,6323106a-3d10-43da-748e-0b46a77777ab,1777358722,0.51,9.3,no,"{""count_fp"":""9.30"",""created_time"":""2026-04-28T06:45:22.480184Z"",""no_price_dollars"":""0.4900"",""taker_side"":""no"",""ticker"":""KXBTC15M-26APR280300-00"",""trade_id"":""6323106a-3d10-43da-748e-0b46a77777ab"",""yes_price_dollars"":""0.5100""}"
KXBTC15M-26APR280300-00,ea20138b-3f60-7048-c989-3a55c0d29a7f,1777358722,0.55,8.0,yes,"{""count_fp"":""8.00"",""created_time"":""2026-04-28T06:45:22.345322Z"",""no_price_dollars"":""0.4500"",""taker_side"":""yes"",""ticker"":""KXBTC15M-26APR280300-00"",""trade_id"":""ea20138b-3f60-7048-c989-3a55c0d29a7f"",""yes_price_dollars"":""0.5500""}"
KXBTC15M-26APR280300-00,df2eb93a-2de5-79d1-eb87-bec8f8ddf58c,1777358722,0.54,40.0,yes,"{""count_fp"":""40.00"",""created_time"":""2026-04-28T06:45:22.345322Z"",""no_price_dollars"":""0.4600"",""taker_side"":""yes"",""ticker"":""KXBTC15M-26APR280300-00"",""trade_id"":""df2eb93a-2de5-79d1-eb87-bec8f8ddf58c"",""yes_price_dollars"":""0.5400""}"
KXBTC15M-26APR280300-00,d6fd6b19-8c20-7c49-c89e-530904d35701,1777358722,0.55,54.8,yes,"{""count_fp"":""54.80"",""created_time"":""2026-04-28T06:45:22.345322Z"",""no_price_dollars"":""0.4500"",""taker_side"":""yes"",""ticker"":""KXBTC15M-26APR280300-00"",""trade_id"":""d6fd6b19-8c20-7c49-c89e-530904d35701"",""yes_price_dollars"":""0.5500""}"
KXBTC15M-26APR280300-00,d380899f-cc4b-7688-e64f-31b5e4eb83ac,1777358722,0.53,200.0,yes,"{""count_fp"":""200.00"",""created_time"":""2026-04-28T06:45:22.345322Z"",""no_price_dollars"":""0.4700"",""taker_side"":""yes"",""ticker"":""KXBTC15M-26APR280300-00"",""trade_id"":""d380899f-cc4b-7688-e64f-31b5e4eb83ac"",""yes_price_dollars"":""0.5300""}"
KXBTC15M-26APR280300-00,cf30202b-fdf2-7817-f41a-d98423069e85,1777358722,0.54,20.0,yes,"{""count_fp"":""20.00"",""created_time"":""2026-04-28T06:45:22.345322Z"",""no_price_dollars"":""0.4600"",""taker_side"":""yes"",""ticker"":""KXBTC15M-26APR280300-00"",""trade_id"":""cf30202b-fdf2-7817-f41a-d98423069e85"",""yes_price_dollars"":""0.5400""}"
KXBTC15M-26APR280300-00,b9aa2d1b-ebe5-7853-cd67-0067547489be,1777358722,0.51,1.0,yes,"{""count_fp"":""1.00"",""created_time"":""2026-04-28T06:45:22.345322Z"",""no_price_dollars"":""0.4900"",""taker_side"":""yes"",""ticker"":""KXBTC15M-26APR280300-00"",""trade_id"":""b9aa2d1b-ebe5-7853-cd67-0067547489be"",""yes_price_dollars"":""0.5100""}"
KXBTC15M-26APR280300-00,acaf965f-e72c-7a82-c7db-65296a707a20,1777358722,0.52,2.0,yes,"{""count_fp"":""2.00"",""created_time"":""2026-04-28T06:45:22.345322Z"",""no_price_dollars"":""0.4800"",""taker_side"":""yes"",""ticker"":""KXBTC15M-26APR280300-00"",""trade_id"":""acaf965f-e72c-7a82-c7db-65296a707a20"",""yes_price_dollars"":""0.5200""}"
KXBTC15M-26APR280300-00,8806f20d-f12f-7a2c-cfd3-82341edb0a51,1777358722,0.51,3.0,yes,"{""count_fp"":""3.00"",""created_time"":""2026-04-28T06:45:22.345322Z"",""no_price_dollars"":""0.4900"",""taker_side"":""yes"",""ticker"":""KXBTC15M-26APR280300-00"",""trade_id"":""8806f20d-f12f-7a2c-cfd3-82341edb0a51"",""yes_price_dollars"":""0.5100""}"
KXBTC15M-26APR280300-00,73f53f5e-686b-7f1b-d66b-00322f59063c,1777358722,0.55,1.0,yes,"{""count_fp"":""1.00"",""created_time"":""2026-04-28T06:45:22.345322Z"",""no_price_dollars"":""0.4500"",""taker_side"":""yes"",""ticker"":""KXBTC15M-26APR280300-00"",""trade_id"":""73f53f5e-686b-7f1b-d66b-00322f59063c"",""yes_price_dollars"":""0.5500""}"
KXBTC15M-26APR280300-00,721fd643-f250-7f6f-c972-5ed7bee3ce1c,1777358722,0.55,103.12,yes,"{""count_fp"":""103.12"",""created_time"":""2026-04-28T06:45:22.345322Z"",""no_price_dollars"":""0.4500"",""taker_side"":""yes"",""ticker"":""KXBTC15M-26APR280300-00"",""trade_id"":""721fd643-f250-7f6f-c972-5ed7bee3ce1c"",""yes_price_dollars"":""0.5500""}"
KXBTC15M-26APR280300-00,602d78ae-584e-7eae-cf83-c34ee2dd6175,1777358722,0.52,500.0,yes,"{""count_fp"":""500.00"",""created_time"":""2026-04-28T06:45:22.345322Z"",""no_price_dollars"":""0.4800"",""taker_side"":""yes"",""ticker"":""KXBTC15M-26APR280300-00"",""trade_id"":""602d78ae-584e-7eae-cf83-c34ee2dd6175"",""yes_price_dollars"":""0.5200""}"
KXBTC15M-26APR280300-00,41247501-16cd-760e-c38e-8d422286e68d,1777358722,0.55,1.0,yes,"{""count_fp"":""1.00"",""created_time"":""2026-04-28T06:45:22.345322Z"",""no_price_dollars"":""0.4500"",""taker_side"":""yes"",""ticker"":""KXBTC15M-26APR280300-00"",""trade_id"":""41247501-16cd-760e-c38e-8d422286e68d"",""yes_price_dollars"":""0.5500""}"
KXBTC15M-26APR280300-00,3862be94-fb1c-71b8-d9ab-7a654eae2d31,1777358722,0.53,2.0,yes,"{""count_fp"":""2.00"",""created_time"":""2026-04-28T06:45:22.345322Z"",""no_price_dollars"":""0.4700"",""taker_side"":""yes"",""ticker"":""KXBTC15M-26APR280300-00"",""trade_id"":""3862be94-fb1c-71b8-d9ab-7a654eae2d31"",""yes_price_dollars"":""0.5300""}"
KXBTC15M-26APR280300-00,3490e3e9-af4b-7a40-fcdc-7fb931f94de8,1777358722,0.53,40.0,yes,"{""count_fp"":""40.00"",""created_time"":""2026-04-28T06:45:22.345322Z"",""no_price_dollars"":""0.4700"",""taker_side"":""yes"",""ticker"":""KXBTC15M-26APR280300-00"",""trade_id"":""3490e3e9-af4b-7a40-fcdc-7fb931f94de8"",""yes_price_dollars"":""0.5300""}"
KXBTC15M-26APR280300-00,2e3ee779-769d-7612-f3c0-3f065b0b9a00,1777358722,0.52,40.0,yes,"{""count_fp"":""40.00"",""created_time"":""2026-04-28T06:45:22.345322Z"",""no_price_dollars"":""0.4800"",""taker_side"":""yes"",""ticker"":""KXBTC15M-26APR280300-00"",""trade_id"":""2e3ee779-769d-7612-f3c0-3f065b0b9a00"",""yes_price_dollars"":""0.5200""}"
KXBTC15M-26APR280300-00,28ed8900-1510-7ea6-ef68-8863b80b0ed0,1777358722,0.55,40.0,yes,"{""count_fp"":""40.00"",""created_time"":""2026-04-28T06:45:22.345322Z"",""no_price_dollars"":""0.4500"",""taker_side"":""yes"",""ticker"":""KXBTC15M-26APR280300-00"",""trade_id"":""28ed8900-1510-7ea6-ef68-8863b80b0ed0"",""yes_price_dollars"":""0.5500""}"
KXBTC15M-26APR280300-00,1426b180-1990-73e6-f4ce-4d6d82f1b22b,1777358722,0.51,21.05,yes,"{""count_fp"":""21.05"",""created_time"":""2026-04-28T06:45:22.345322Z"",""no_price_dollars"":""0.4900"",""taker_side"":""yes"",""ticker"":""KXBTC15M-26APR280300-00"",""trade_id"":""1426b180-1990-73e6-f4ce-4d6d82f1b22b"",""yes_price_dollars"":""0.5100""}"
KXBTC15M-26APR280300-00,061e2057-333f-7f86-d50f-8790fb3678af,1777358722,0.52,20.0,yes,"{""count_fp"":""20.00"",""created_time"":""2026-04-28T06:45:22.345322Z"",""no_price_dollars"":""0.4800"",""taker_side"":""yes"",""ticker"":""KXBTC15M-26APR280300-00"",""trade_id"":""061e2057-333f-7f86-d50f-8790fb3678af"",""yes_price_dollars"":""0.5200""}"
KXBTC15M-26APR280300-00,7cdb10b6-4448-5f7a-770e-59997ea6f42f,1777358722,0.51,18.95,yes,"{""count_fp"":""18.95"",""created_time"":""2026-04-28T06:45:22.311328Z"",""no_price_dollars"":""0.4900"",""taker_side"":""yes"",""ticker"":""KXBTC15M-26APR280300-00"",""trade_id"":""7cdb10b6-4448-5f7a-770e-59997ea6f42f"",""yes_price_dollars"":""0.5100""}"
KXBTC15M-26APR280300-00,c2d8d263-5a37-67a0-2293-04d6a8b816c1,1777358723,0.5,7.44,no,"{""count_fp"":""7.44"",""created_time"":""2026-04-28T06:45:23.236061Z"",""no_price_dollars"":""0.5000"",""taker_side"":""no"",""ticker"":""KXBTC15M-26APR280300-00"",""trade_id"":""c2d8d263-5a37-67a0-2293-04d6a8b816c1"",""yes_price_dollars"":""0.5000""}"
KXBTC15M-26APR280300-00,b6975c55-0d12-5f42-8279-2cac78ba6961,1777358724,0.53,3.0,yes,"{""count_fp"":""3.00"",""created_time"":""2026-04-28T06:45:24.786407Z"",""no_price_dollars"":""0.4700"",""taker_side"":""yes"",""ticker"":""KXBTC15M-26APR280300-00"",""trade_id"":""b6975c55-0d12-5f42-8279-2cac78ba6961"",""yes_price_dollars"":""0.5300""}"
KXBTC15M-26APR280300-00,4ef7fc99-a00e-540d-9564-128fb747de8a,1777358724,0.54,24.0,yes,"{""count_fp"":""24.00"",""created_time"":""2026-04-28T06:45:24.786407Z"",""no_price_dollars"":""0.4600"",""taker_side"":""yes"",""ticker"":""KXBTC15M-26APR280300-00"",""trade_id"":""4ef7fc99-a00e-540d-9564-128fb747de8a"",""yes_price_dollars"":""0.5400""}"
KXBTC15M-26APR280300-00,debea7ea-bed7-4093-e789-2d68fefcf17b,1777358725,0.54,1.0,yes,"{""count_fp"":""1.00"",""created_time"":""2026-04-28T06:45:25.717435Z"",""no_price_dollars"":""0.4600"",""taker_side"":""yes"",""ticker"":""KXBTC15M-26APR280300-00"",""trade_id"":""debea7ea-bed7-4093-e789-2d68fefcf17b"",""yes_price_dollars"":""0.5400""}"
KXBTC15M-26APR280300-00,fd3931a2-9397-4a10-891d-ac02180b07a1,1777358725,0.53,3.0,no,"{""count_fp"":""3.00"",""created_time"":""2026-04-28T06:45:25.405666Z"",""no_price_dollars"":""0.4700"",""taker_side"":""no"",""ticker"":""KXBTC15M-26APR280300-00"",""trade_id"":""fd3931a2-9397-4a10-891d-ac02180b07a1"",""yes_price_dollars"":""0.5300""}"
KXBTC15M-26APR280300-00,0fb1f591-a51d-6925-d45a-463bb67ed3ca,1777358726,0.54,5.79,no,"{""count_fp"":""5.79"",""created_time"":""2026-04-28T06:45:26.995186Z"",""no_price_dollars"":""0.4600"",""taker_side"":""no"",""ticker"":""KXBTC15M-26APR280300-00"",""trade_id"":""0fb1f591-a51d-6925-d45a-463bb67ed3ca"",""yes_price_dollars"":""0.5400""}"
KXBTC15M-26APR280300-00,07db3d5d-652d-66c5-ef80-60e9e4c2ef7e,1777358726,0.54,1.0,no,"{""count_fp"":""1.00"",""created_time"":""2026-04-28T06:45:26.818692Z"",""no_price_dollars"":""0.4600"",""taker_side"":""no"",""ticker"":""KXBTC15M-26APR280300-00"",""trade_id"":""07db3d5d-652d-66c5-ef80-60e9e4c2ef7e"",""yes_price_dollars"":""0.5400""}"
KXBTC15M-26APR280300-00,4a346f13-14c4-6274-77cc-85ab2c96aec2,1777358726,0.54,3.0,no,"{""count_fp"":""3.00"",""created_time"":""2026-04-28T06:45:26.550846Z"",""no_price_dollars"":""0.4600"",""taker_side"":""no"",""ticker"":""KXBTC15M-26APR280300-00"",""trade_id"":""4a346f13-14c4-6274-77cc-85ab2c96aec2"",""yes_price_dollars"":""0.5400""}"
KXBTC15M-26APR280300-00,046d6aef-9b29-6b0d-5391-6c84da742c62,1777358726,0.54,3.0,no,"{""count_fp"":""3.00"",""created_time"":""2026-04-28T06:45:26.550846Z"",""no_price_dollars"":""0.4600"",""taker_side"":""no"",""ticker"":""KXBTC15M-26APR280300-00"",""trade_id"":""046d6aef-9b29-6b0d-5391-6c84da742c62"",""yes_price_dollars"":""0.5400""}"
KXBTC15M-26APR280300-00,b8e2ec78-39fe-5d42-acef-c69052343857,1777358727,0.55,33.0,no,"{""count_fp"":""33.00"",""created_time"":""2026-04-28T06:45:27.849499Z"",""no_price_dollars"":""0.4500"",""taker_side"":""no"",""ticker"":""KXBTC15M-26APR280300-00"",""trade_id"":""b8e2ec78-39fe-5d42-acef-c69052343857"",""yes_price_dollars"":""0.5500""}"
KXBTC15M-26APR280300-00,36c58f64-5827-5038-9ed6-21296cf2c3f1,1777358727,0.55,19.36,no,"{""count_fp"":""19.36"",""created_time"":""2026-04-28T06:45:27.849499Z"",""no_price_dollars"":""0.4500"",""taker_side"":""no"",""ticker"":""KXBTC15M-26APR280300-00"",""trade_id"":""36c58f64-5827-5038-9ed6-21296cf2c3f1"",""yes_price_dollars"":""0.5500""}"
KXBTC15M-26APR280300-00,9b963ad4-1629-6a48-45dc-5b0d92ae542a,1777358727,0.55,4.0,yes,"{""count_fp"":""4.00"",""created_time"":""2026-04-28T06:45:27.360924Z"",""no_price_dollars"":""0.4500"",""taker_side"":""yes"",""ticker"":""KXBTC15M-26APR280300-00"",""trade_id"":""9b963ad4-1629-6a48-45dc-5b0d92ae542a"",""yes_price_dollars"":""0.5500""}"
KXBTC15M-26APR280300-00,57438f0c-160d-6b56-6060-c22b8f7d96df,1777358727,0.55,1.0,yes,"{""count_fp"":""1.00"",""created_time"":""2026-04-28T06:45:27.360924Z"",""no_price_dollars"":""0.4500"",""taker_side"":""yes"",""ticker"":""KXBTC15M-26APR280300-00"",""trade_id"":""57438f0c-160d-6b56-6060-c22b8f7d96df"",""yes_price_dollars"":""0.5500""}"
KXBTC15M-26APR280300-00,8f078f07-77b3-5cd8-9478-7a4f5511af19,1777358728,0.55,1.0,no,"{""count_fp"":""1.00"",""created_time"":""2026-04-28T06:45:28.919012Z"",""no_price_dollars"":""0.4500"",""taker_side"":""no"",""ticker"":""KXBTC15M-26APR280300-00"",""trade_id"":""8f078f07-77b3-5cd8-9478-7a4f5511af19"",""yes_price_dollars"":""0.5500""}"
KXBTC15M-26APR280300-00,7b76f9a6-701f-41d4-9148-8fa971d0c135,1777358728,0.55,20.64,no,"{""count_fp"":""20.64"",""created_time"":""2026-04-28T06:45:28.700728Z"",""no_price_dollars"":""0.4500"",""taker_side"":""no"",""ticker"":""KXBTC15M-26APR280300-00"",""trade_id"":""7b76f9a6-701f-41d4-9148-8fa971d0c135"",""yes_price_dollars"":""0.5500""}"
KXBTC15M-26APR280300-00,6c2c45ee-8223-4d84-b4b5-652afc60fca9,1777358728,0.55,0.29,no,"{""count_fp"":""0.29"",""created_time"":""2026-04-28T06:45:28.700728Z"",""no_price_dollars"":""0.4500"",""taker_side"":""no"",""ticker"":""KXBTC15M-26APR280300-00"",""trade_id"":""6c2c45ee-8223-4d84-b4b5-652afc60fca9"",""yes_price_dollars"":""0.5500""}"
KXBTC15M-26APR280300-00,f9c98b0c-faac-5dc9-7e31-847915178754,1777358729,0.52,27.0,no,"{""count_fp"":""27.00"",""created_time"":""2026-04-28T06:45:29.746796Z"",""no_price_dollars"":""0.4800"",""taker_side"":""no"",""ticker"":""KXBTC15M-26APR280300-00"",""trade_id"":""f9c98b0c-faac-5dc9-7e31-847915178754"",""yes_price_dollars"":""0.5200""}"
KXBTC15M-26APR280300-00,d3690798-70cf-43a6-2d33-964ded59caed,1777358729,0.53,26.02,no,"{""count_fp"":""26.02"",""created_time"":""2026-04-28T06:45:29.716368Z"",""no_price_dollars"":""0.4700"",""taker_side"":""no"",""ticker"":""KXBTC15M-26APR280300-00"",""trade_id"":""d3690798-70cf-43a6-2d33-964ded59caed"",""yes_price_dollars"":""0.5300""}"
KXBTC15M-26APR280300-00,c39a843b-bd85-4057-105b-963188cb9d0c,1777358729,0.53,1.0,no,"{""count_fp"":""1.00"",""created_time"":""2026-04-28T06:45:29.716368Z"",""no_price_dollars"":""0.4700"",""taker_side"":""no"",""ticker"":""KXBTC15M-26APR280300-00"",""trade_id"":""c39a843b-bd85-4057-105b-963188cb9d0c"",""yes_price_dollars"":""0.5300""}"
KXBTC15M-26APR280300-00,17667bc5-66a5-440d-2605-6beff2b4fb75,1777358729,0.53,10.0,no,"{""count_fp"":""10.00"",""created_time"":""2026-04-28T06:45:29.716368Z"",""no_price_dollars"":""0.4700"",""taker_side"":""no"",""ticker"":""KXBTC15M-26APR280300-00"",""trade_id"":""17667bc5-66a5-440d-2605-6beff2b4fb75"",""yes_price_dollars"":""0.5300""}"
KXBTC15M-26APR280300-00,26d884ad-5cd1-60bc-c025-1dd5c4a59610,1777358729,0.54,21.71,yes,"{""count_fp"":""21.71"",""created_time"":""2026-04-28T06:45:29.700258Z"",""no_price_dollars"":""0.4600"",""taker_side"":""yes"",""ticker"":""KXBTC15M-26APR280300-00"",""trade_id"":""26d884ad-5cd1-60bc-c025-1dd5c4a59610"",""yes_price_dollars"":""0.5400""}"
KXBTC15M-26APR280300-00,f4d3f64e-444d-63e0-62b7-dca53ce86634,1777358729,0.54,36.84,yes,"{""count_fp"":""36.84"",""created_time"":""2026-04-28T06:45:29.688413Z"",""no_price_dollars"":""0.4600"",""taker_side"":""yes"",""ticker"":""KXBTC15M-26APR280300-00"",""trade_id"":""f4d3f64e-444d-63e0-62b7-dca53ce86634"",""yes_price_dollars"":""0.5400""}"
KXBTC15M-26APR280300-00,6394ceae-5151-61b6-6712-4d4d7050e8bc,1777358729,0.54,3.0,yes,"{""count_fp"":""3.00"",""created_time"":""2026-04-28T06:45:29.688413Z"",""no_price_dollars"":""0.4600"",""taker_side"":""yes"",""ticker"":""KXBTC15M-26APR280300-00"",""trade_id"":""6394ceae-5151-61b6-6712-4d4d7050e8bc"",""yes_price_dollars"":""0.5400""}"
KXBTC15M-26APR280300-00,46d58c62-02a5-7b35-f5d2-afc0a94b0868,1777358729,0.56,39.96,no,"{""count_fp"":""39.96"",""created_time"":""2026-04-28T06:45:29.526979Z"",""no_price_dollars"":""0.4400"",""taker_side"":""no"",""ticker"":""KXBTC15M-26APR280300-00"",""trade_id"":""46d58c62-02a5-7b35-f5d2-afc0a94b0868"",""yes_price_dollars"":""0.5600""}"
KXBTC15M-26APR280300-00,49ecf425-ac85-6f81-8cb0-d24062cb5b5c,1777358729,0.56,30.0,no,"{""count_fp"":""30.00"",""created_time"":""2026-04-28T06:45:29.522785Z"",""no_price_dollars"":""0.4400"",""taker_side"":""no"",""ticker"":""KXBTC15M-26APR280300-00"",""trade_id"":""49ecf425-ac85-6f81-8cb0-d24062cb5b5c"",""yes_price_dollars"":""0.5600""}"
KXBTC15M-26APR280300-00,6a9bdc44-b4e1-7d5d-e66b-15534bc1f994,1777358729,0.56,26.02,no,"{""count_fp"":""26.02"",""created_time"":""2026-04-28T06:45:29.462227Z"",""no_price_dollars"":""0.4400"",""taker_side"":""no"",""ticker"":""KXBTC15M-26APR280300-00"",""trade_id"":""6a9bdc44-b4e1-7d5d-e66b-15534bc1f994"",""yes_price_dollars"":""0.5600""}"
KXBTC15M-26APR280300-00,0269be75-b575-4e3a-4d1b-90f3ca1660d8,1777358729,0.56,1.0,no,"{""count_fp"":""1.00"",""created_time"":""2026-04-28T06:45:29.279001Z"",""no_price_dollars"":""0.4400"",""taker_side"":""no"",""ticker"":""KXBTC15M-26APR280300-00"",""trade_id"":""0269be75-b575-4e3a-4d1b-90f3ca1660d8"",""yes_price_dollars"":""0.5600""}"
KXBTC15M-26APR280300-00,fd1f7f28-86da-4c9c-8ae7-3568478e8fb8,1777358729,0.59,10.69,no,"{""count_fp"":""10.69"",""created_time"":""2026-04-28T06:45:29.201285Z"",""no_price_dollars"":""0.4100"",""taker_side"":""no"",""ticker"":""KXBTC15M-26APR280300-00"",""trade_id"":""fd1f7f28-86da-4c9c-8ae7-3568478e8fb8"",""yes_price_dollars"":""0.5900""}"
KXBTC15M-26APR280300-00,f03ffd6e-024a-6f8f-11eb-3a07671a2083,1777358729,0.58,40.0,yes,"{""count_fp"":""40.00"",""created_time"":""2026-04-28T06:45:29.150726Z"",""no_price_dollars"":""0.4200"",""taker_side"":""yes"",""ticker"":""KXBTC15M-26APR280300-00"",""trade_id"":""f03ffd6e-024a-6f8f-11eb-3a07671a2083"",""yes_price_dollars"":""0.5800""}"
KXBTC15M-26APR280300-00,ef9a9bea-d207-6d79-01ce-6ca0f45b19fa,1777358729,0.58,500.0,yes,"{""count_fp"":""500.00"",""created_time"":""2026-04-28T06:45:29.150726Z"",""no_price_dollars"":""0.4200"",""taker_side"":""yes"",""ticker"":""KXBTC15M-26APR280300-00"",""trade_id"":""ef9a9bea-d207-6d79-01ce-6ca0f45b19fa"",""yes_price_dollars"":""0.5800""}"
KXBTC15M-26APR280300-00,e9065b1f-6a0a-6512-0e5d-4c9fdd9233d8,1777358729,0.62,2.0,yes,"{""count_fp"":""2.00"",""created_time"":""2026-04-28T06:45:29.150726Z"",""no_price_dollars"":""0.3800"",""taker_side"":""yes"",""ticker"":""KXBTC15M-26APR280300-00"",""trade_id"":""e9065b1f-6a0a-6512-0e5d-4c9fdd9233d8"",""yes_price_dollars"":""0.6200""}"
KXBTC15M-26APR280300-00,e25aa4c3-b77b-68f3-214d-1bbe2f548369,1777358729,0.6,40.0,yes,"{""count_fp"":""40.00"",""created_time"":""2026-04-28T06:45:29.150726Z"",""no_price_dollars"":""0.4000"",""taker_side"":""yes"",""ticker"":""KXBTC15M-26APR280300-00"",""trade_id"":""e25aa4c3-b77b-68f3-214d-1bbe2f548369"",""yes_price_dollars"":""0.6000""}"
KXBTC15M-26APR280300-00,e086f6b5-dae1-6132-3fba-a2b99273697f,1777358729,0.63,139.0,yes,"{""count_fp"":""139.00"",""created_time"":""2026-04-28T06:45:29.150726Z"",""no_price_dollars"":""0.3700"",""taker_side"":""yes"",""ticker"":""KXBTC15M-26APR280300-00"",""trade_id"":""e086f6b5-dae1-6132-3fba-a2b99273697f"",""yes_price_dollars"":""0.6300""}"
KXBTC15M-26APR280300-00,dc3b7c54-5b28-6240-0965-8f9f45016d14,1777358729,0.59,2.0,yes,"{""count_fp"":""2.00"",""created_time"":""2026-04-28T06:45:29.150726Z"",""no_price_dollars"":""0.4100"",""taker_side"":""yes"",""ticker"":""KXBTC15M-26APR280300-00"",""trade_id"":""dc3b7c54-5b28-6240-0965-8f9f45016d14"",""yes_price_dollars"":""0.5900""}"
KXBTC15M-26APR280300-00,d29f7c0d-233f-6464-2312-e2cece16b5d8,1777358729,0.58,2.0,yes,"{""count_fp"":""2.00"",""created_time"":""2026-04-28T06:45:29.150726Z"",""no_price_dollars"":""0.4200"",""taker_side"":""yes"",""ticker"":""KXBTC15M-26APR280300-00"",""trade_id"":""d29f7c0d-233f-6464-2312-e2cece16b5d8"",""yes_price_dollars"":""0.5800""}"
KXBTC15M-26APR280300-00,ca2e2de4-d379-6936-0203-88ef45c13470,1777358729,0.61,132.0,yes,"{""count_fp"":""132.00"",""created_time"":""2026-04-28T06:45:29.150726Z"",""no_price_dollars"":""0.3900"",""taker_side"":""yes"",""ticker"":""KXBTC15M-26APR280300-00"",""trade_id"":""ca2e2de4-d379-6936-0203-88ef45c13470"",""yes_price_dollars"":""0.6100""}"
KXBTC15M-26APR280300-00,bd9df13f-7865-6101-207b-3c553837526b,1777358729,0.58,250.0,yes,"{""count_fp"":""250.00"",""created_time"":""2026-04-28T06:45:29.150726Z"",""no_price_dollars"":""0.4200"",""taker_side"":""yes"",""ticker"":""KXBTC15M-26APR280300-00"",""trade_id"":""bd9df13f-7865-6101-207b-3c553837526b"",""yes_price_dollars"":""0.5800""}"
KXBTC15M-26APR280300-00,bb6ecf14-8825-67c7-3d41-414bdc04f40e,1777358729,0.58,1.0,yes,"{""count_fp"":""1.00"",""created_time"":""2026-04-28T06:45:29.150726Z"",""no_price_dollars"":""0.4200"",""taker_side"":""yes"",""ticker"":""KXBTC15M-26APR280300-00"",""trade_id"":""bb6ecf14-8825-67c7-3d41-414bdc04f40e"",""yes_price_dollars"":""0.5800""}"
KXBTC15M-26APR280300-00,b8e8cca6-55a3-6a1c-34ba-c279d7a57dbb,1777358729,0.56,13.0,yes,"{""count_fp"":""13.00"",""created_time"":""2026-04-28T06:45:29.150726Z"",""no_price_dollars"":""0.4400"",""taker_side"":""yes"",""ticker"":""KXBTC15M-26APR280300-00"",""trade_id"":""b8e8cca6-55a3-6a1c-34ba-c279d7a57dbb"",""yes_price_dollars"":""0.5600""}"
KXBTC15M-26APR280300-00,af6868ce-bcdd-658c-0c2e-cfb7af073871,1777358729,0.6,20.0,yes,"{""count_fp"":""20.00"",""created_time"":""2026-04-28T06:45:29.150726Z"",""no_price_dollars"":""0.4000"",""taker_side"":""yes"",""ticker"":""KXBTC15M-26APR280300-00"",""trade_id"":""af6868ce-bcdd-658c-0c2e-cfb7af073871"",""yes_price_dollars"":""0.6000""}"
KXBTC15M-26APR280300-00,abdd8454-aa64-6ead-2b3c-b55996f793ef,1777358729,0.6,119.0,yes,"{""count_fp"":""119.00"",""created_time"":""2026-04-28T06:45:29.150726Z"",""no_price_dollars"":""0.4000"",""taker_side"":""yes"",""ticker"":""KXBTC15M-26APR280300-00"",""trade_id"":""abdd8454-aa64-6ead-2b3c-b55996f793ef"",""yes_price_dollars"":""0.6000""}"
KXBTC15M-26APR280300-00,a26d3314-26f4-65da-05fa-6efdb7c4f666,1777358729,0.62,132.0,yes,"{""count_fp"":""132.00"",""created_time"":""2026-04-28T06:45:29.150726Z"",""no_price_dollars"":""0.3800"",""taker_side"":""yes"",""ticker"":""KXBTC15M-26APR280300-00"",""trade_id"":""a26d3314-26f4-65da-05fa-6efdb7c4f666"",""yes_price_dollars"":""0.6200""}"
KXBTC15M-26APR280300-00,a0d7c5b0-ae36-6e29-0fbc-762140e8c77a,1777358729,0.63,65.0,yes,"{""count_fp"":""65.00"",""created_time"":""2026-04-28T06:45:29.150726Z"",""no_price_dollars"":""0.3700"",""taker_side"":""yes"",""ticker"":""KXBTC15M-26APR280300-00"",""trade_id"":""a0d7c5b0-ae36-6e29-0fbc-762140e8c77a"",""yes_price_dollars"":""0.6300""}"
KXBTC15M-26APR280300-00,9c60e383-ed4c-6d1f-36b2-98276c542948,1777358729,0.62,40.0,yes,"{""count_fp"":""40.00"",""created_time"":""2026-04-28T06:45:29.150726Z"",""no_price_dollars"":""0.3800"",""taker_side"":""yes"",""ticker"":""KXBTC15M-26APR280300-00"",""trade_id"":""9c60e383-ed4c-6d1f-36b2-98276c542948"",""yes_price_dollars"":""0.6200""}"
KXBTC15M-26APR280300-00,91e126a6-2971-6dac-3e02-2649b707e342,1777358729,0.59,5.0,yes,"{""count_fp"":""5.00"",""created_time"":""2026-04-28T06:45:29.150726Z"",""no_price_dollars"":""0.4100"",""taker_side"":""yes"",""ticker"":""KXBTC15M-26APR280300-00"",""trade_id"":""91e126a6-2971-6dac-3e02-2649b707e342"",""yes_price_dollars"":""0.5900""}"
KXBTC15M-26APR280300-00,8eb5768e-55ea-6941-2692-51de7a967f86,1777358729,0.59,5.0,yes,"{""count_fp"":""5.00"",""created_time"":""2026-04-28T06:45:29.150726Z"",""no_price_dollars"":""0.4100"",""taker_side"":""yes"",""ticker"":""KXBTC15M-26APR280300-00"",""trade_id"":""8eb5768e-55ea-6941-2692-51de7a967f86"",""yes_price_dollars"":""0.5900""}"
KXBTC15M-26APR280300-00,8e9aff04-2d27-683b-3151-7cab9243732e,1777358729,0.56,3.0,yes,"{""count_fp"":""3.00"",""created_time"":""2026-04-28T06:45:29.150726Z"",""no_price_dollars"":""0.4400"",""taker_side"":""yes"",""ticker"":""KXBTC15M-26APR280300-00"",""trade_id"":""8e9aff04-2d27-683b-3151-7cab9243732e"",""yes_price_dollars"":""0.5600""}"
KXBTC15M-26APR280300-00,6e66074c-f8ea-6e4e-36a8-14a9f8ed894b,1777358729,0.57,40.0,yes,"{""count_fp"":""40.00"",""created_time"":""2026-04-28T06:45:29.150726Z"",""no_price_dollars"":""0.4300"",""taker_side"":""yes"",""ticker"":""KXBTC15M-26APR280300-00"",""trade_id"":""6e66074c-f8ea-6e4e-36a8-14a9f8ed894b"",""yes_price_dollars"":""0.5700""}"
KXBTC15M-26APR280300-00,6aa34f1a-e3be-6379-106e-e86ec4216fb3,1777358729,0.57,1.0,yes,"{""count_fp"":""1.00"",""created_time"":""2026-04-28T06:45:29.150726Z"",""no_price_dollars"":""0.4300"",""taker_side"":""yes"",""ticker"":""KXBTC15M-26APR280300-00"",""trade_id"":""6aa34f1a-e3be-6379-106e-e86ec4216fb3"",""yes_price_dollars"":""0.5700""}"
KXBTC15M-26APR280300-00,664c94ac-76e4-6c9e-1290-3bb910c928c3,1777358729,0.64,139.0,yes,"{""count_fp"":""139.00"",""created_time"":""2026-04-28T06:45:29.150726Z"",""no_price_dollars"":""0.3600"",""taker_side"":""yes"",""ticker"":""KXBTC15M-26APR280300-00"",""trade_id"":""664c94ac-76e4-6c9e-1290-3bb910c928c3"",""yes_price_dollars"":""0.6400""}"
KXBTC15M-26APR280300-00,626be43d-c8a3-6cd1-2a82-8b62f7fd90d0,1777358729,0.58,1.0,yes,"{""count_fp"":""1.00"",""created_time"":""2026-04-28T06:45:29.150726Z"",""no_price_dollars"":""0.4200"",""taker_side"":""yes"",""ticker"":""KXBTC15M-26APR280300-00"",""trade_id"":""626be43d-c8a3-6cd1-2a82-8b62f7fd90d0"",""yes_price_dollars"":""0.5800""}"
KXBTC15M-26APR280300-00,5e5eaf87-6460-64cf-221a-9ae97f693c1c,1777358729,0.59,400.0,yes,"{""count_fp"":""400.00"",""created_time"":""2026-04-28T06:45:29.150726Z"",""no_price_dollars"":""0.4100"",""taker_side"":""yes"",""ticker"":""KXBTC15M-26APR280300-00"",""trade_id"":""5e5eaf87-6460-64cf-221a-9ae97f693c1c"",""yes_price_dollars"":""0.5900""}"
KXBTC15M-26APR280300-00,5791acda-ee71-67bf-3c62-7cce5d5ec839,1777358729,0.64,7.37,yes,"{""count_fp"":""7.37"",""created_time"":""2026-04-28T06:45:29.150726Z"",""no_price_dollars"":""0.3600"",""taker_side"":""yes"",""ticker"":""KXBTC15M-26APR280300-00"",""trade_id"":""5791acda-ee71-67bf-3c62-7cce5d5ec839"",""yes_price_dollars"":""0.6400""}"
KXBTC15M-26APR280300-00,503dd018-c7a7-6d9a-0bd1-bbdeab58c9bf,1777358729,0.59,21.0,yes,"{""count_fp"":""21.00"",""created_time"":""2026-04-28T06:45:29.150726Z"",""no_price_dollars"":""0.4100"",""taker_side"":""yes"",""ticker"":""KXBTC15M-26APR280300-00"",""trade_id"":""503dd018-c7a7-6d9a-0bd1-bbdeab58c9bf"",""yes_price_dollars"":""0.5900""}"
KXBTC15M-26APR280300-00,44776e1e-c296-6d46-12f1-6af11e18b10d,1777358729,0.61,40.0,yes,"{""count_fp"":""40.00"",""created_time"":""2026-04-28T06:45:29.150726Z"",""no_price_dollars"":""0.3900"",""taker_side"":""yes"",""ticker"":""KXBTC15M-26APR280300-00"",""trade_id"":""44776e1e-c296-6d46-12f1-6af11e18b10d"",""yes_price_dollars"":""0.6100""}"
KXBTC15M-26APR280300-00,353a2f04-4068-6461-0b03-d3b202943b91,1777358729,0.57,2.0,yes,"{""count_fp"":""2.00"",""created_time"":""2026-04-28T06:45:29.150726Z"",""no_price_dollars"":""0.4300"",""taker_side"":""yes"",""ticker"":""KXBTC15M-26APR280300-00"",""trade_id"":""353a2f04-4068-6461-0b03-d3b202943b91"",""yes_price_dollars"":""0.5700""}"
KXBTC15M-26APR280300-00,348ffd80-0082-69ce-27b6-9893fc5b252c,1777358729,0.59,119.0,yes,"{""count_fp"":""119.00"",""created_time"":""2026-04-28T06:45:29.150726Z"",""no_price_dollars"":""0.4100"",""taker_side"":""yes"",""ticker"":""KXBTC15M-26APR280300-00"",""trade_id"":""348ffd80-0082-69ce-27b6-9893fc5b252c"",""yes_price_dollars"":""0.5900""}"
KXBTC15M-26APR280300-00,1c9f1591-eff6-604f-1c2b-24e91fc67be0,1777358729,0.63,40.0,yes,"{""count_fp"":""40.00"",""created_time"":""2026-04-28T06:45:29.150726Z"",""no_price_dollars"":""0.3700"",""taker_side"":""yes"",""ticker"":""KXBTC15M-26APR280300-00"",""trade_id"":""1c9f1591-eff6-604f-1c2b-24e91fc67be0"",""yes_price_dollars"":""0.6300""}"
KXBTC15M-26APR280300-00,15551af3-8122-609c-241c-27c6f3ea85e5,1777358729,0.56,10.0,yes,"{""count_fp"":""10.00"",""created_time"":""2026-04-28T06:45:29.150726Z"",""no_price_dollars"":""0.4400"",""taker_side"":""yes"",""ticker"":""KXBTC15M-26APR280300-00"",""trade_id"":""15551af3-8122-609c-241c-27c6f3ea85e5"",""yes_price_dollars"":""0.5600""}"
KXBTC15M-26APR280300-00,0bf849e5-0249-6d83-00be-8cdc4199d01d,1777358729,0.56,1.0,yes,"{""count_fp"":""1.00"",""created_time"":""2026-04-28T06:45:29.150726Z"",""no_price_dollars"":""0.4400"",""taker_side"":""yes"",""ticker"":""KXBTC15M-26APR280300-00"",""trade_id"":""0bf849e5-0249-6d83-00be-8cdc4199d01d"",""yes_price_dollars"":""0.5600""}"
KXBTC15M-26APR280300-00,0811bb86-aad5-6913-27c8-bac7f983b756,1777358729,0.59,40.0,yes,"{""count_fp"":""40.00"",""created_time"":""2026-04-28T06:45:29.150726Z"",""no_price_dollars"":""0.4100"",""taker_side"":""yes"",""ticker"":""KXBTC15M-26APR280300-00"",""trade_id"":""0811bb86-aad5-6913-27c8-bac7f983b756"",""yes_price_dollars"":""0.5900""}"
KXBTC15M-26APR280300-00,02cf1c2c-fc51-6bb1-1252-8994c5a263f2,1777358729,0.61,150.0,yes,"{""count_fp"":""150.00"",""created_time"":""2026-04-28T06:45:29.150726Z"",""no_price_dollars"":""0.3900"",""taker_side"":""yes"",""ticker"":""KXBTC15M-26APR280300-00"",""trade_id"":""02cf1c2c-fc51-6bb1-1252-8994c5a263f2"",""yes_price_dollars"":""0.6100""}"
KXBTC15M-26APR280300-00,891d162f-b171-69d0-9f79-a23165fb3d3c,1777358730,0.52,1.0,yes,"{""count_fp"":""1.00"",""created_time"":""2026-04-28T06:45:30.671718Z"",""no_price_dollars"":""0.4800"",""taker_side"":""yes"",""ticker"":""KXBTC15M-26APR280300-00"",""trade_id"":""891d162f-b171-69d0-9f79-a23165fb3d3c"",""yes_price_dollars"":""0.5200""}"
KXBTC15M-26APR280300-00,8f8b5fcb-5d95-70fc-b5e5-7998e2cda07c,1777358730,0.52,10.76,yes,"{""count_fp"":""10.76"",""created_time"":""2026-04-28T06:45:30.553032Z"",""no_price_dollars"":""0.4800"",""taker_side"":""yes"",""ticker"":""KXBTC15M-26APR280300-00"",""trade_id"":""8f8b5fcb-5d95-70fc-b5e5-7998e2cda07c"",""yes_price_dollars"":""0.5200""}"
KXBTC15M-26APR280300-00,a363dc7f-b011-4540-fdb4-404450d76b38,1777358730,0.52,1.0,yes,"{""count_fp"":""1.00"",""created_time"":""2026-04-28T06:45:30.463461Z"",""no_price_dollars"":""0.4800"",""taker_side"":""yes"",""ticker"":""KXBTC15M-26APR280300-00"",""trade_id"":""a363dc7f-b011-4540-fdb4-404450d76b38"",""yes_price_dollars"":""0.5200""}"
KXBTC15M-26APR280300-00,81b6c1f5-c6e7-41a6-c7ef-43ee354132f5,1777358730,0.51,6.0,no,"{""count_fp"":""6.00"",""created_time"":""2026-04-28T06:45:30.420687Z"",""no_price_dollars"":""0.4900"",""taker_side"":""no"",""ticker"":""KXBTC15M-26APR280300-00"",""trade_id"":""81b6c1f5-c6e7-41a6-c7ef-43ee354132f5"",""yes_price_dollars"":""0.5100""}"
KXBTC15M-26APR280300-00,ad62d0c2-5529-6980-daf0-ae3163605918,1777358730,0.52,12.15,yes,"{""count_fp"":""12.15"",""created_time"":""2026-04-28T06:45:30.227025Z"",""no_price_dollars"":""0.4800"",""taker_side"":""yes"",""ticker"":""KXBTC15M-26APR280300-00"",""trade_id"":""ad62d0c2-5529-6980-daf0-ae3163605918"",""yes_price_dollars"":""0.5200""}"
KXBTC15M-26APR280300-00,6e8c454c-d1c9-6440-bd11-abccf4bd00a0,1777358730,0.52,71.76,yes,"{""count_fp"":""71.76"",""created_time"":""2026-04-28T06:45:30.221183Z"",""no_price_dollars"":""0.4800"",""taker_side"":""yes"",""ticker"":""KXBTC15M-26APR280300-00"",""trade_id"":""6e8c454c-d1c9-6440-bd11-abccf4bd00a0"",""yes_price_dollars"":""0.5200""}"
KXBTC15M-26APR280300-00,e21e2be5-f129-710c-04cc-6735f7cfc90c,1777358731,0.52,35.88,yes,"{""count_fp"":""35.88"",""created_time"":""2026-04-28T06:45:31.424754Z"",""no_price_dollars"":""0.4800"",""taker_side"":""yes"",""ticker"":""KXBTC15M-26APR280300-00"",""trade_id"":""e21e2be5-f129-710c-04cc-6735f7cfc90c"",""yes_price_dollars"":""0.5200""}"
KXBTC15M-26APR280300-00,da667979-849d-496b-e125-5a766d821989,1777358731,0.51,5.26,no,"{""count_fp"":""5.26"",""created_time"":""2026-04-28T06:45:31.135105Z"",""no_price_dollars"":""0.4900"",""taker_side"":""no"",""ticker"":""KXBTC15M-26APR280300-00"",""trade_id"":""da667979-849d-496b-e125-5a766d821989"",""yes_price_dollars"":""0.5100""}"
KXBTC15M-26APR280300-00,9a252ed6-6697-4d52-e948-076194c42085,1777358731,0.51,44.0,no,"{""count_fp"":""44.00"",""created_time"":""2026-04-28T06:45:31.135105Z"",""no_price_dollars"":""0.4900"",""taker_side"":""no"",""ticker"":""KXBTC15M-26APR280300-00"",""trade_id"":""9a252ed6-6697-4d52-e948-076194c42085"",""yes_price_dollars"":""0.5100""}"
KXBTC15M-26APR280300-00,dd7bec6a-2959-57cc-cf64-3af0f4fee3d4,1777358731,0.52,44.34,yes,"{""count_fp"":""44.34"",""created_time"":""2026-04-28T06:45:31.019793Z"",""no_price_dollars"":""0.4800"",""taker_side"":""yes"",""ticker"":""KXBTC15M-26APR280300-00"",""trade_id"":""dd7bec6a-2959-57cc-cf64-3af0f4fee3d4"",""yes_price_dollars"":""0.5200""}"
KXBTC15M-26APR280300-00,75f28bad-2fcb-5385-24ea-3fe246a5bf4e,1777358732,0.55,4.0,no,"{""count_fp"":""4.00"",""created_time"":""2026-04-28T06:45:32.892562Z"",""no_price_dollars"":""0.4500"",""taker_side"":""no"",""ticker"":""KXBTC15M-26APR280300-00"",""trade_id"":""75f28bad-2fcb-5385-24ea-3fe246a5bf4e"",""yes_price_dollars"":""0.5500""}"
KXBTC15M-26APR280300-00,4170b870-c5e3-5ea1-8cd1-90ce4329e362,1777358732,0.55,11.0,no,"{""count_fp"":""11.00"",""created_time"":""2026-04-28T06:45:32.417588Z"",""no_price_dollars"":""0.4500"",""taker_side"":""no"",""ticker"":""KXBTC15M-26APR280300-00"",""trade_id"":""4170b870-c5e3-5ea1-8cd1-90ce4329e362"",""yes_price_dollars"":""0.5500""}"
KXBTC15M-26APR280300-00,f82beeea-263d-64fe-ab6f-2ebbfdfb3548,1777358732,0.52,3.0,yes,"{""count_fp"":""3.00"",""created_time"":""2026-04-28T06:45:32.209047Z"",""no_price_dollars"":""0.4800"",""taker_side"":""yes"",""ticker"":""KXBTC15M-26APR280300-00"",""trade_id"":""f82beeea-263d-64fe-ab6f-2ebbfdfb3548"",""yes_price_dollars"":""0.5200""}"
KXBTC15M-26APR280300-00,c56e1e0b-9974-60a1-ab28-26c47ae63c45,1777358732,0.58,128.32,yes,"{""count_fp"":""128.32"",""created_time"":""2026-04-28T06:45:32.209047Z"",""no_price_dollars"":""0.4200"",""taker_side"":""yes"",""ticker"":""KXBTC15M-26APR280300-00"",""trade_id"":""c56e1e0b-9974-60a1-ab28-26c47ae63c45"",""yes_price_dollars"":""0.5800""}"
KXBTC15M-26APR280300-00,bf4d4527-e1e5-6966-9ad5-03839dab8b1f,1777358732,0.56,40.0,yes,"{""count_fp"":""40.00"",""created_time"":""2026-04-28T06:45:32.209047Z"",""no_price_dollars"":""0.4400"",""taker_side"":""yes"",""ticker"":""KXBTC15M-26APR280300-00"",""trade_id"":""bf4d4527-e1e5-6966-9ad5-03839dab8b1f"",""yes_price_dollars"":""0.5600""}"
KXBTC15M-26APR280300-00,ad500c05-1565-6b7a-812a-4a6c34b1dc62,1777358732,0.58,40.0,yes,"{""count_fp"":""40.00"",""created_time"":""2026-04-28T06:45:32.209047Z"",""no_price_dollars"":""0.4200"",""taker_side"":""yes"",""ticker"":""KXBTC15M-26APR280300-00"",""trade_id"":""ad500c05-1565-6b7a-812a-4a6c34b1dc62"",""yes_price_dollars"":""0.5800""}"
KXBTC15M-26APR280300-00,91d858d8-5759-6d8d-b054-06aece93535e,1777358732,0.52,34.0,yes,"{""count_fp"":""34.00"",""created_time"":""2026-04-28T06:45:32.209047Z"",""no_price_dollars"":""0.4800"",""taker_side"":""yes"",""ticker"":""KXBTC15M-26APR280300-00"",""trade_id"":""91d858d8-5759-6d8d-b054-06aece93535e"",""yes_price_dollars"":""0.5200""}"
KXBTC15M-26APR280300-00,906270b0-6eb8-6558-9d2e-4a5feb4c6693,1777358732,0.52,122.0,yes,"{""count_fp"":""122.00"",""created_time"":""2026-04-28T06:45:32.209047Z"",""no_price_dollars"":""0.4800"",""taker_side"":""yes"",""ticker"":""KXBTC15M-26APR280300-00"",""trade_id"":""906270b0-6eb8-6558-9d2e-4a5feb4c6693"",""yes_price_dollars"":""0.5200""}"
KXBTC15M-26APR280300-00,7452c745-b775-6a18-959c-8a5403b5b8a4,1777358732,0.52,400.41,yes,"{""count_fp"":""400.41"",""created_time"":""2026-04-28T06:45:32.209047Z"",""no_price_dollars"":""0.4800"",""taker_side"":""yes"",""ticker"":""KXBTC15M-26APR280300-00"",""trade_id"":""7452c745-b775-6a18-959c-8a5403b5b8a4"",""yes_price_dollars"":""0.5200""}"
KXBTC15M-26APR280300-00,633fba8e-2873-6151-a3de-9a8998d9fcd4,1777358732,0.54,40.0,yes,"{""count_fp"":""40.00"",""created_time"":""2026-04-28T06:45:32.209047Z"",""no_price_dollars"":""0.4600"",""taker_side"":""yes"",""ticker"":""KXBTC15M-26APR280300-00"",""trade_id"":""633fba8e-2873-6151-a3de-9a8998d9fcd4"",""yes_price_dollars"":""0.5400""}"
KXBTC15M-26APR280300-00,6035194e-1027-6752-b77c-73710c4de2f7,1777358732,0.53,2.0,yes,"{""count_fp"":""2.00"",""created_time"":""2026-04-28T06:45:32.209047Z"",""no_price_dollars"":""0.4700"",""taker_side"":""yes"",""ticker"":""KXBTC15M-26APR280300-00"",""trade_id"":""6035194e-1027-6752-b77c-73710c4de2f7"",""yes_price_dollars"":""0.5300""}"
KXBTC15M-26APR280300-00,59e0b51b-7dab-6e7d-99b6-09b1808543b8,1777358732,0.54,2.0,yes,"{""count_fp"":""2.00"",""created_time"":""2026-04-28T06:45:32.209047Z"",""no_price_dollars"":""0.4600"",""taker_side"":""yes"",""ticker"":""KXBTC15M-26APR280300-00"",""trade_id"":""59e0b51b-7dab-6e7d-99b6-09b1808543b8"",""yes_price_dollars"":""0.5400""}"
KXBTC15M-26APR280300-00,4e6f2455-e852-67e0-ae99-f7789f24c924,1777358732,0.55,40.0,yes,"{""count_fp"":""40.00"",""created_time"":""2026-04-28T06:45:32.209047Z"",""no_price_dollars"":""0.4500"",""taker_side"":""yes"",""ticker"":""KXBTC15M-26APR280300-00"",""trade_id"":""4e6f2455-e852-67e0-ae99-f7789f24c924"",""yes_price_dollars"":""0.5500""}"
KXBTC15M-26APR280300-00,20fc3924-1bcc-6de6-9df1-a162f7952595,1777358732,0.52,2.0,yes,"{""count_fp"":""2.00"",""created_time"":""2026-04-28T06:45:32.209047Z"",""no_price_dollars"":""0.4800"",""taker_side"":""yes"",""ticker"":""KXBTC15M-26APR280300-00"",""trade_id"":""20fc3924-1bcc-6de6-9df1-a162f7952595"",""yes_price_dollars"":""0.5200""}"
KXBTC15M-26APR280300-00,03b1c4ed-846d-6684-a9a7-a6b03d273f74,1777358732,0.52,1.0,yes,"{""count_fp"":""1.00"",""created_time"":""2026-04-28T06:45:32.209047Z"",""no_price_dollars"":""0.4800"",""taker_side"":""yes"",""ticker"":""KXBTC15M-26APR280300-00"",""trade_id"":""03b1c4ed-846d-6684-a9a7-a6b03d273f74"",""yes_price_dollars"":""0.5200""}"
KXBTC15M-26APR280300-00,026044fc-8296-6acf-99aa-b84bcce31684,1777358732,0.57,40.0,yes,"{""count_fp"":""40.00"",""created_time"":""2026-04-28T06:45:32.209047Z"",""no_price_dollars"":""0.4300"",""taker_side"":""yes"",""ticker"":""KXBTC15M-26APR280300-00"",""trade_id"":""026044fc-8296-6acf-99aa-b84bcce31684"",""yes_price_dollars"":""0.5700""}"
KXBTC15M-26APR280300-00,a264cab3-b2c1-735c-5289-49f5b69df440,1777358732,0.52,64.47,yes,"{""count_fp"":""64.47"",""created_time"":""2026-04-28T06:45:32.151162Z"",""no_price_dollars"":""0.4800"",""taker_side"":""yes"",""ticker"":""KXBTC15M-26APR280300-00"",""trade_id"":""a264cab3-b2c1-735c-5289-49f5b69df440"",""yes_price_dollars"":""0.5200""}"
KXBTC15M-26APR280300-00,74e23837-c1a9-7c7c-cfcd-99b056f36118,1777358732,0.52,35.12,yes,"{""count_fp"":""35.12"",""created_time"":""2026-04-28T06:45:32.145394Z"",""no_price_dollars"":""0.4800"",""taker_side"":""yes"",""ticker"":""KXBTC15M-26APR280300-00"",""trade_id"":""74e23837-c1a9-7c7c-cfcd-99b056f36118"",""yes_price_dollars"":""0.5200""}"
KXBTC15M-26APR280300-00,45ed39b4-e65d-557f-2b73-468c84657b59,1777358732,0.51,20.0,no,"{""count_fp"":""20.00"",""created_time"":""2026-04-28T06:45:32.120268Z"",""no_price_dollars"":""0.4900"",""taker_side"":""no"",""ticker"":""KXBTC15M-26APR280300-00"",""trade_id"":""45ed39b4-e65d-557f-2b73-468c84657b59"",""yes_price_dollars"":""0.5100""}"
KXBTC15M-26APR280300-00,d6daf0b5-dbee-5439-6f5d-45c92f7c28ec,1777358733,0.56,21.64,yes,"{""count_fp"":""21.64"",""created_time"":""2026-04-28T06:45:33.993759Z"",""no_price_dollars"":""0.4400"",""taker_side"":""yes"",""ticker"":""KXBTC15M-26APR280300-00"",""trade_id"":""d6daf0b5-dbee-5439-6f5d-45c92f7c28ec"",""yes_price_dollars"":""0.5600""}"
KXBTC15M-26APR280300-00,82a68700-ad12-6cb5-1f2a-1e00bbd5a718,1777358733,0.56,22.66,yes,"{""count_fp"":""22.66"",""created_time"":""2026-04-28T06:45:33.982466Z"",""no_price_dollars"":""0.4400"",""taker_side"":""yes"",""ticker"":""KXBTC15M-26APR280300-00"",""trade_id"":""82a68700-ad12-6cb5-1f2a-1e00bbd5a718"",""yes_price_dollars"":""0.5600""}"
KXBTC15M-26APR280300-00,791bb981-a92e-49d1-5ecc-35561f4b5ab4,1777358733,0.56,47.42,yes,"{""count_fp"":""47.42"",""created_time"":""2026-04-28T06:45:33.811459Z"",""no_price_dollars"":""0.4400"",""taker_side"":""yes"",""ticker"":""KXBTC15M-26APR280300-00"",""trade_id"":""791bb981-a92e-49d1-5ecc-35561f4b5ab4"",""yes_price_dollars"":""0.5600""}"
KXBTC15M-26APR280300-00,0707e9c0-c86b-5196-34ea-6c8094faee94,1777358734,0.55,2.0,no,"{""count_fp"":""2.00"",""created_time"":""2026-04-28T06:45:34.899187Z"",""no_price_dollars"":""0.4500"",""taker_side"":""no"",""ticker"":""KXBTC15M-26APR280300-00"",""trade_id"":""0707e9c0-c86b-5196-34ea-6c8094faee94"",""yes_price_dollars"":""0.5500""}"
KXBTC15M-26APR280300-00,fea3416c-30b0-723c-ec56-23a91f0877d6,1777358734,0.55,2.0,yes,"{""count_fp"":""2.00"",""created_time"":""2026-04-28T06:45:34.705954Z"",""no_price_dollars"":""0.4500"",""taker_side"":""yes"",""ticker"":""KXBTC15M-26APR280300-00"",""trade_id"":""fea3416c-30b0-723c-ec56-23a91f0877d6"",""yes_price_dollars"":""0.5500""}"
KXBTC15M-26APR280300-00,6052ad23-fd52-7441-e7d9-8035530a1dfe,1777358734,0.55,3.0,yes,"{""count_fp"":""3.00"",""created_time"":""2026-04-28T06:45:34.705954Z"",""no_price_dollars"":""0.4500"",""taker_side"":""yes"",""ticker"":""KXBTC15M-26APR280300-00"",""trade_id"":""6052ad23-fd52-7441-e7d9-8035530a1dfe"",""yes_price_dollars"":""0.5500""}"
KXBTC15M-26APR280300-00,41e2e076-3133-71c3-f55a-71665a71cac1,1777358734,0.55,10.0,yes,"{""count_fp"":""10.00"",""created_time"":""2026-04-28T06:45:34.705954Z"",""no_price_dollars"":""0.4500"",""taker_side"":""yes"",""ticker"":""KXBTC15M-26APR280300-00"",""trade_id"":""41e2e076-3133-71c3-f55a-71665a71cac1"",""yes_price_dollars"":""0.5500""}"
KXBTC15M-26APR280300-00,01bd0132-1142-7cc8-c038-af6f9d9c62ee,1777358734,0.55,7.0,yes,"{""count_fp"":""7.00"",""created_time"":""2026-04-28T06:45:34.705954Z"",""no_price_dollars"":""0.4500"",""taker_side"":""yes"",""ticker"":""KXBTC15M-26APR280300-00"",""trade_id"":""01bd0132-1142-7cc8-c038-af6f9d9c62ee"",""yes_price_dollars"":""0.5500""}"
KXBTC15M-26APR280300-00,364e3358-c947-6db3-8a09-32462e00703c,1777358734,0.54,1.0,no,"{""count_fp"":""1.00"",""created_time"":""2026-04-28T06:45:34.633561Z"",""no_price_dollars"":""0.4600"",""taker_side"":""no"",""ticker"":""KXBTC15M-26APR280300-00"",""trade_id"":""364e3358-c947-6db3-8a09-32462e00703c"",""yes_price_dollars"":""0.5400""}"
KXBTC15M-26APR280300-00,7d9ba666-c923-718f-4829-4ed559bc871c,1777358734,0.54,14.0,no,"{""count_fp"":""14.00"",""created_time"":""2026-04-28T06:45:34.286577Z"",""no_price_dollars"":""0.4600"",""taker_side"":""no"",""ticker"":""KXBTC15M-26APR280300-00"",""trade_id"":""7d9ba666-c923-718f-4829-4ed559bc871c"",""yes_price_dollars"":""0.5400""}"
KXBTC15M-26APR280300-00,f92a97e9-9c06-5297-625d-5c02a7057e05,1777358734,0.54,10.0,no,"{""count_fp"":""10.00"",""created_time"":""2026-04-28T06:45:34.065028Z"",""no_price_dollars"":""0.4600"",""taker_side"":""no"",""ticker"":""KXBTC15M-26APR280300-00"",""trade_id"":""f92a97e9-9c06-5297-625d-5c02a7057e05"",""yes_price_dollars"":""0.5400""}"
KXBTC15M-26APR280300-00,ec4bbf79-510f-55df-4d74-146f44cabbb3,1777358734,0.54,40.0,no,"{""count_fp"":""40.00"",""created_time"":""2026-04-28T06:45:34.065028Z"",""no_price_dollars"":""0.4600"",""taker_side"":""no"",""ticker"":""KXBTC15M-26APR280300-00"",""trade_id"":""ec4bbf79-510f-55df-4d74-146f44cabbb3"",""yes_price_dollars"":""0.5400""}"
KXBTC15M-26APR280300-00,c5ed4b11-8d65-5e25-54cc-3fb53951c919,1777358734,0.55,10.0,no,"{""count_fp"":""10.00"",""created_time"":""2026-04-28T06:45:34.065028Z"",""no_price_dollars"":""0.4500"",""taker_side"":""no"",""ticker"":""KXBTC15M-26APR280300-00"",""trade_id"":""c5ed4b11-8d65-5e25-54cc-3fb53951c919"",""yes_price_dollars"":""0.5500""}"
KXBTC15M-26APR280300-00,bf41bf14-0506-575c-4ae4-56cd69f8fe77,1777358734,0.55,1.0,no,"{""count_fp"":""1.00"",""created_time"":""2026-04-28T06:45:34.065028Z"",""no_price_dollars"":""0.4500"",""taker_side"":""no"",""ticker"":""KXBTC15M-26APR280300-00"",""trade_id"":""bf41bf14-0506-575c-4ae4-56cd69f8fe77"",""yes_price_dollars"":""0.5500""}"
KXBTC15M-26APR280300-00,6d50641c-8a2c-5dfe-5083-7bb5b7cbd472,1777358734,0.53,1.0,no,"{""count_fp"":""1.00"",""created_time"":""2026-04-28T06:45:34.065028Z"",""no_price_dollars"":""0.4700"",""taker_side"":""no"",""ticker"":""KXBTC15M-26APR280300-00"",""trade_id"":""6d50641c-8a2c-5dfe-5083-7bb5b7cbd472"",""yes_price_dollars"":""0.5300""}"
KXBTC15M-26APR280300-00,3d5dedef-8acf-5831-7b03-1ff4d2b877ce,1777358734,0.55,25.0,no,"{""count_fp"":""25.00"",""created_time"":""2026-04-28T06:45:34.065028Z"",""no_price_dollars"":""0.4500"",""taker_side"":""no"",""ticker"":""KXBTC15M-26APR280300-00"",""trade_id"":""3d5dedef-8acf-5831-7b03-1ff4d2b877ce"",""yes_price_dollars"":""0.5500""}"
KXBTC15M-26APR280300-00,2a33c4f9-d645-5ee7-7a1f-b0658dcbe596,1777358734,0.55,10.0,no,"{""count_fp"":""10.00"",""created_time"":""2026-04-28T06:45:34.065028Z"",""no_price_dollars"":""0.4500"",""taker_side"":""no"",""ticker"":""KXBTC15M-26APR280300-00"",""trade_id"":""2a33c4f9-d645-5ee7-7a1f-b0658dcbe596"",""yes_price_dollars"":""0.5500""}"
KXBTC15M-26APR280300-00,24db3cb9-d575-5401-7dbc-8c2836f5fb20,1777358734,0.53,40.0,no,"{""count_fp"":""40.00"",""created_time"":""2026-04-28T06:45:34.065028Z"",""no_price_dollars"":""0.4700"",""taker_side"":""no"",""ticker"":""KXBTC15M-26APR280300-00"",""trade_id"":""24db3cb9-d575-5401-7dbc-8c2836f5fb20"",""yes_price_dollars"":""0.5300""}"
KXBTC15M-26APR280300-00,14a4e253-3f6c-563f-714b-2c6337437aa5,1777358734,0.53,55.1,no,"{""count_fp"":""55.10"",""created_time"":""2026-04-28T06:45:34.065028Z"",""no_price_dollars"":""0.4700"",""taker_side"":""no"",""ticker"":""KXBTC15M-26APR280300-00"",""trade_id"":""14a4e253-3f6c-563f-714b-2c6337437aa5"",""yes_price_dollars"":""0.5300""}"
KXBTC15M-26APR280300-00,80df665f-f3b6-73e9-2556-1e03dfb0bbfc,1777358734,0.56,40.44,yes,"{""count_fp"":""40.44"",""created_time"":""2026-04-28T06:45:34.015974Z"",""no_price_dollars"":""0.4400"",""taker_side"":""yes"",""ticker"":""KXBTC15M-26APR280300-00"",""trade_id"":""80df665f-f3b6-73e9-2556-1e03dfb0bbfc"",""yes_price_dollars"":""0.5600""}"
KXBTC15M-26APR280300-00,e268a215-310a-7565-433b-00f022037b8b,1777358735,0.56,2.0,yes,"{""count_fp"":""2.00"",""created_time"":""2026-04-28T06:45:35.632017Z"",""no_price_dollars"":""0.4400"",""taker_side"":""yes"",""ticker"":""KXBTC15M-26APR280300-00"",""trade_id"":""e268a215-310a-7565-433b-00f022037b8b"",""yes_price_dollars"":""0.5600""}"
KXBTC15M-26APR280300-00,22885578-ce89-73c8-5106-5fb6f015c817,1777358735,0.56,3.0,yes,"{""count_fp"":""3.00"",""created_time"":""2026-04-28T06:45:35.632017Z"",""no_price_dollars"":""0.4400"",""taker_side"":""yes"",""ticker"":""KXBTC15M-26APR280300-00"",""trade_id"":""22885578-ce89-73c8-5106-5fb6f015c817"",""yes_price_dollars"":""0.5600""}"
KXBTC15M-26APR280300-00,2fb0331c-b511-54fa-5fef-fd8368bfc8f4,1777358735,0.55,12.56,no,"{""count_fp"":""12.56"",""created_time"":""2026-04-28T06:45:35.534174Z"",""no_price_dollars"":""0.4500"",""taker_side"":""no"",""ticker"":""KXBTC15M-26APR280300-00"",""trade_id"":""2fb0331c-b511-54fa-5fef-fd8368bfc8f4"",""yes_price_dollars"":""0.5500""}"
KXBTC15M-26APR280300-00,f3011d1d-fd11-43a0-3af3-e4856cb2f970,1777358735,0.54,10.47,no,"{""count_fp"":""10.47"",""created_time"":""2026-04-28T06:45:35.114977Z"",""no_price_dollars"":""0.4600"",""taker_side"":""no"",""ticker"":""KXBTC15M-26APR280300-00"",""trade_id"":""f3011d1d-fd11-43a0-3af3-e4856cb2f970"",""yes_price_dollars"":""0.5400""}"
KXBTC15M-26APR280300-00,d7768a70-a3b8-471d-3811-a7032ad3253f,1777358735,0.54,20.0,no,"{""count_fp"":""20.00"",""created_time"":""2026-04-28T06:45:35.114977Z"",""no_price_dollars"":""0.4600"",""taker_side"":""no"",""ticker"":""KXBTC15M-26APR280300-00"",""trade_id"":""d7768a70-a3b8-471d-3811-a7032ad3253f"",""yes_price_dollars"":""0.5400""}"
KXBTC15M-26APR280300-00,ca83516f-5ce1-498f-0f6b-5ca4016ea816,1777358735,0.53,40.0,no,"{""count_fp"":""40.00"",""created_time"":""2026-04-28T06:45:35.114977Z"",""no_price_dollars"":""0.4700"",""taker_side"":""no"",""ticker"":""KXBTC15M-26APR280300-00"",""trade_id"":""ca83516f-5ce1-498f-0f6b-5ca4016ea816"",""yes_price_dollars"":""0.5300""}"
KXBTC15M-26APR280300-00,a99f6fd3-9aee-42c7-277b-30bae2bb7940,1777358735,0.54,41.0,no,"{""count_fp"":""41.00"",""created_time"":""2026-04-28T06:45:35.114977Z"",""no_price_dollars"":""0.4600"",""taker_side"":""no"",""ticker"":""KXBTC15M-26APR280300-00"",""trade_id"":""a99f6fd3-9aee-42c7-277b-30bae2bb7940"",""yes_price_dollars"":""0.5400""}"
KXBTC15M-26APR280300-00,9a087165-ab97-44ea-05a2-8a2da9910b08,1777358735,0.55,38.0,no,"{""count_fp"":""38.00"",""created_time"":""2026-04-28T06:45:35.114977Z"",""no_price_dollars"":""0.4500"",""taker_side"":""no"",""ticker"":""KXBTC15M-26APR280300-00"",""trade_id"":""9a087165-ab97-44ea-05a2-8a2da9910b08"",""yes_price_dollars"":""0.5500""}"
KXBTC15M-26APR280300-00,81887f71-8793-48eb-35af-5375383d61d0,1777358735,0.54,25.0,no,"{""count_fp"":""25.00"",""created_time"":""2026-04-28T06:45:35.114977Z"",""no_price_dollars"":""0.4600"",""taker_side"":""no"",""ticker"":""KXBTC15M-26APR280300-00"",""trade_id"":""81887f71-8793-48eb-35af-5375383d61d0"",""yes_price_dollars"":""0.5400""}"
KXBTC15M-26APR280300-00,6adcd3b8-348a-4e03-080c-5be034c5f13d,1777358735,0.53,408.33,no,"{""count_fp"":""408.33"",""created_time"":""2026-04-28T06:45:35.114977Z"",""no_price_dollars"":""0.4700"",""taker_side"":""no"",""ticker"":""KXBTC15M-26APR280300-00"",""trade_id"":""6adcd3b8-348a-4e03-080c-5be034c5f13d"",""yes_price_dollars"":""0.5300""}"
KXBTC15M-26APR280300-00,297a1b4b-12d2-4775-2dc4-743fcf7004d0,1777358735,0.55,5.0,no,"{""count_fp"":""5.00"",""created_time"":""2026-04-28T06:45:35.114977Z"",""no_price_dollars"":""0.4500"",""taker_side"":""no"",""ticker"":""KXBTC15M-26APR280300-00"",""trade_id"":""297a1b4b-12d2-4775-2dc4-743fcf7004d0"",""yes_price_dollars"":""0.5500""}"
KXBTC15M-26APR280300-00,0042d6c6-0c7c-41bf-103f-1679086cebbb,1777358735,0.54,3.0,no,"{""count_fp"":""3.00"",""created_time"":""2026-04-28T06:45:35.114977Z"",""no_price_dollars"":""0.4600"",""taker_side"":""no"",""ticker"":""KXBTC15M-26APR280300-00"",""trade_id"":""0042d6c6-0c7c-41bf-103f-1679086cebbb"",""yes_price_dollars"":""0.5400""}"
KXBTC15M-26APR280300-00,df90a131-9e7e-4da7-35ee-fc8e7b4b2208,1777358736,0.56,23.04,no,"{""count_fp"":""23.04"",""created_time"":""2026-04-28T06:45:36.978887Z"",""no_price_dollars"":""0.4400"",""taker_side"":""no"",""ticker"":""KXBTC15M-26APR280300-00"",""trade_id"":""df90a131-9e7e-4da7-35ee-fc8e7b4b2208"",""yes_price_dollars"":""0.5600""}"
KXBTC15M-26APR280300-00,c3351fc1-92ad-541c-27c7-a8de5c635b47,1777358736,0.57,5.0,yes,"{""count_fp"":""5.00"",""created_time"":""2026-04-28T06:45:36.961568Z"",""no_price_dollars"":""0.4300"",""taker_side"":""yes"",""ticker"":""KXBTC15M-26APR280300-00"",""trade_id"":""c3351fc1-92ad-541c-27c7-a8de5c635b47"",""yes_price_dollars"":""0.5700""}"
KXBTC15M-26APR280300-00,ced2f188-0616-76f0-4bf7-cd83027f1bf2,1777358736,0.57,1.0,yes,"{""count_fp"":""1.00"",""created_time"":""2026-04-28T06:45:36.896498Z"",""no_price_dollars"":""0.4300"",""taker_side"":""yes"",""ticker"":""KXBTC15M-26APR280300-00"",""trade_id"":""ced2f188-0616-76f0-4bf7-cd83027f1bf2"",""yes_price_dollars"":""0.5700""}"
KXBTC15M-26APR280300-00,984ab560-5dcb-75a0-7bd1-62df65b6c075,1777358736,0.57,23.0,yes,"{""count_fp"":""23.00"",""created_time"":""2026-04-28T06:45:36.896498Z"",""no_price_dollars"":""0.4300"",""taker_side"":""yes"",""ticker"":""KXBTC15M-26APR280300-00"",""trade_id"":""984ab560-5dcb-75a0-7bd1-62df65b6c075"",""yes_price_dollars"":""0.5700""}"
KXBTC15M-26APR280300-00,934d8420-57ed-7594-48e4-fa04b8eb6a67,1777358736,0.57,18.65,yes,"{""count_fp"":""18.65"",""created_time"":""2026-04-28T06:45:36.896498Z"",""no_price_dollars"":""0.4300"",""taker_side"":""yes"",""ticker"":""KXBTC15M-26APR280300-00"",""trade_id"":""934d8420-57ed-7594-48e4-fa04b8eb6a67"",""yes_price_dollars"":""0.5700""}"
KXBTC15M-26APR280300-00,561e95f1-61be-5df3-ee52-3aece0128344,1777358736,0.56,0.53,no,"{""count_fp"":""0.53"",""created_time"":""2026-04-28T06:45:36.790298Z"",""no_price_dollars"":""0.4400"",""taker_side"":""no"",""ticker"":""KXBTC15M-26APR280300-00"",""trade_id"":""561e95f1-61be-5df3-ee52-3aece0128344"",""yes_price_dollars"":""0.5600""}"
KXBTC15M-26APR280300-00,2bb56fb6-7c6e-76b0-0a30-8a75937bfc86,1777358736,0.57,2.0,yes,"{""count_fp"":""2.00"",""created_time"":""2026-04-28T06:45:36.215246Z"",""no_price_dollars"":""0.4300"",""taker_side"":""yes"",""ticker"":""KXBTC15M-26APR280300-00"",""trade_id"":""2bb56fb6-7c6e-76b0-0a30-8a75937bfc86"",""yes_price_dollars"":""0.5700""}"
KXBTC15M-26APR280300-00,dbe9003d-5ef2-6f83-4878-dfedb2e41d43,1777358737,0.57,21.08,no,"{""count_fp"":""21.08"",""created_time"":""2026-04-28T06:45:37.987921Z"",""no_price_dollars"":""0.4300"",""taker_side"":""no"",""ticker"":""KXBTC15M-26APR280300-00"",""trade_id"":""dbe9003d-5ef2-6f83-4878-dfedb2e41d43"",""yes_price_dollars"":""0.5700""}"
KXBTC15M-26APR280300-00,9b681b38-f9a6-60ed-4844-6ca2d714a3f7,1777358737,0.57,33.59,no,"{""count_fp"":""33.59"",""created_time"":""2026-04-28T06:45:37.987921Z"",""no_price_dollars"":""0.4300"",""taker_side"":""no"",""ticker"":""KXBTC15M-26APR280300-00"",""trade_id"":""9b681b38-f9a6-60ed-4844-6ca2d714a3f7"",""yes_price_dollars"":""0.5700""}"
