ticker,trade_id,ts,yes_price,count,taker_side,raw_json
KXBTC15M-26APR280615-15,78612709-9065-6987-26ac-12b097ceb84f,1777370401,0.52,1.0,yes,"{""count_fp"":""1.00"",""created_time"":""2026-04-28T10:00:01.235713Z"",""no_price_dollars"":""0.4800"",""taker_side"":""yes"",""ticker"":""KXBTC15M-26APR280615-15"",""trade_id"":""78612709-9065-6987-26ac-12b097ceb84f"",""yes_price_dollars"":""0.5200""}"
KXBTC15M-26APR280615-15,dbf64a53-ad25-62f7-49e2-f1f9f1904fd7,1777370401,0.52,2.0,yes,"{""count_fp"":""2.00"",""created_time"":""2026-04-28T10:00:01.191225Z"",""no_price_dollars"":""0.4800"",""taker_side"":""yes"",""ticker"":""KXBTC15M-26APR280615-15"",""trade_id"":""dbf64a53-ad25-62f7-49e2-f1f9f1904fd7"",""yes_price_dollars"":""0.5200""}"
KXBTC15M-26APR280615-15,4022e7cf-4a07-7f47-dda9-14bb3db5da95,1777370403,0.52,5.0,no,"{""count_fp"":""5.00"",""created_time"":""2026-04-28T10:00:03.830113Z"",""no_price_dollars"":""0.4800"",""taker_side"":""no"",""ticker"":""KXBTC15M-26APR280615-15"",""trade_id"":""4022e7cf-4a07-7f47-dda9-14bb3db5da95"",""yes_price_dollars"":""0.5200""}"
KXBTC15M-26APR280615-15,9155f89b-46d7-4fcb-4b47-ab60b9d14a55,1777370403,0.52,61.0,no,"{""count_fp"":""61.00"",""created_time"":""2026-04-28T10:00:03.795147Z"",""no_price_dollars"":""0.4800"",""taker_side"":""no"",""ticker"":""KXBTC15M-26APR280615-15"",""trade_id"":""9155f89b-46d7-4fcb-4b47-ab60b9d14a55"",""yes_price_dollars"":""0.5200""}"
KXBTC15M-26APR280615-15,311b3cbd-8709-6d75-382b-e251244918d3,1777370403,0.53,2.0,yes,"{""count_fp"":""2.00"",""created_time"":""2026-04-28T10:00:03.659346Z"",""no_price_dollars"":""0.4700"",""taker_side"":""yes"",""ticker"":""KXBTC15M-26APR280615-15"",""trade_id"":""311b3cbd-8709-6d75-382b-e251244918d3"",""yes_price_dollars"":""0.5300""}"
KXBTC15M-26APR280615-15,af11c874-99e5-7f2d-8920-d9dffecdabcb,1777370403,0.53,2.0,yes,"{""count_fp"":""2.00"",""created_time"":""2026-04-28T10:00:03.642877Z"",""no_price_dollars"":""0.4700"",""taker_side"":""yes"",""ticker"":""KXBTC15M-26APR280615-15"",""trade_id"":""af11c874-99e5-7f2d-8920-d9dffecdabcb"",""yes_price_dollars"":""0.5300""}"
KXBTC15M-26APR280615-15,a400d3c3-7487-63e3-a1bb-e095d9d2ae57,1777370403,0.52,7.0,no,"{""count_fp"":""7.00"",""created_time"":""2026-04-28T10:00:03.449702Z"",""no_price_dollars"":""0.4800"",""taker_side"":""no"",""ticker"":""KXBTC15M-26APR280615-15"",""trade_id"":""a400d3c3-7487-63e3-a1bb-e095d9d2ae57"",""yes_price_dollars"":""0.5200""}"
KXBTC15M-26APR280615-15,fce401f9-95ed-4bab-d282-24dd65289e43,1777370403,0.52,16.0,yes,"{""count_fp"":""16.00"",""created_time"":""2026-04-28T10:00:03.431021Z"",""no_price_dollars"":""0.4800"",""taker_side"":""yes"",""ticker"":""KXBTC15M-26APR280615-15"",""trade_id"":""fce401f9-95ed-4bab-d282-24dd65289e43"",""yes_price_dollars"":""0.5200""}"
KXBTC15M-26APR280615-15,bafa5c77-55ec-6411-b37f-335a576be614,1777370404,0.52,1.0,no,"{""count_fp"":""1.00"",""created_time"":""2026-04-28T10:00:04.719216Z"",""no_price_dollars"":""0.4800"",""taker_side"":""no"",""ticker"":""KXBTC15M-26APR280615-15"",""trade_id"":""bafa5c77-55ec-6411-b37f-335a576be614"",""yes_price_dollars"":""0.5200""}"
KXBTC15M-26APR280615-15,95a6c649-1998-6ae9-c5e8-42b2ff50ae68,1777370404,0.52,4.4,no,"{""count_fp"":""4.40"",""created_time"":""2026-04-28T10:00:04.662799Z"",""no_price_dollars"":""0.4800"",""taker_side"":""no"",""ticker"":""KXBTC15M-26APR280615-15"",""trade_id"":""95a6c649-1998-6ae9-c5e8-42b2ff50ae68"",""yes_price_dollars"":""0.5200""}"
KXBTC15M-26APR280615-15,7d099f92-6a64-6daf-c5cd-d33429d05e13,1777370404,0.52,35.0,no,"{""count_fp"":""35.00"",""created_time"":""2026-04-28T10:00:04.662799Z"",""no_price_dollars"":""0.4800"",""taker_side"":""no"",""ticker"":""KXBTC15M-26APR280615-15"",""trade_id"":""7d099f92-6a64-6daf-c5cd-d33429d05e13"",""yes_price_dollars"":""0.5200""}"
KXBTC15M-26APR280615-15,7701928c-b69f-4a84-4d50-2de4f74ef030,1777370404,0.53,3.94,no,"{""count_fp"":""3.94"",""created_time"":""2026-04-28T10:00:04.521266Z"",""no_price_dollars"":""0.4700"",""taker_side"":""no"",""ticker"":""KXBTC15M-26APR280615-15"",""trade_id"":""7701928c-b69f-4a84-4d50-2de4f74ef030"",""yes_price_dollars"":""0.5300""}"
KXBTC15M-26APR280615-15,5e2d80bc-9989-44ad-5d35-de55e33fdc8d,1777370404,0.53,2.94,no,"{""count_fp"":""2.94"",""created_time"":""2026-04-28T10:00:04.462606Z"",""no_price_dollars"":""0.4700"",""taker_side"":""no"",""ticker"":""KXBTC15M-26APR280615-15"",""trade_id"":""5e2d80bc-9989-44ad-5d35-de55e33fdc8d"",""yes_price_dollars"":""0.5300""}"
KXBTC15M-26APR280615-15,0490fd70-fcab-4114-422d-e3ed7d427988,1777370404,0.53,6.06,no,"{""count_fp"":""6.06"",""created_time"":""2026-04-28T10:00:04.462606Z"",""no_price_dollars"":""0.4700"",""taker_side"":""no"",""ticker"":""KXBTC15M-26APR280615-15"",""trade_id"":""0490fd70-fcab-4114-422d-e3ed7d427988"",""yes_price_dollars"":""0.5300""}"
KXBTC15M-26APR280615-15,0a17f868-427d-7acd-6273-076485d9e8ed,1777370404,0.53,10.0,no,"{""count_fp"":""10.00"",""created_time"":""2026-04-28T10:00:04.183532Z"",""no_price_dollars"":""0.4700"",""taker_side"":""no"",""ticker"":""KXBTC15M-26APR280615-15"",""trade_id"":""0a17f868-427d-7acd-6273-076485d9e8ed"",""yes_price_dollars"":""0.5300""}"
KXBTC15M-26APR280615-15,f9d30778-6a3e-7af2-9e42-e0bf5f9a5bda,1777370406,0.54,1.0,yes,"{""count_fp"":""1.00"",""created_time"":""2026-04-28T10:00:06.116377Z"",""no_price_dollars"":""0.4600"",""taker_side"":""yes"",""ticker"":""KXBTC15M-26APR280615-15"",""trade_id"":""f9d30778-6a3e-7af2-9e42-e0bf5f9a5bda"",""yes_price_dollars"":""0.5400""}"
KXBTC15M-26APR280615-15,644b5de1-994b-7972-92a0-e608340d1985,1777370406,0.54,4.0,yes,"{""count_fp"":""4.00"",""created_time"":""2026-04-28T10:00:06.116377Z"",""no_price_dollars"":""0.4600"",""taker_side"":""yes"",""ticker"":""KXBTC15M-26APR280615-15"",""trade_id"":""644b5de1-994b-7972-92a0-e608340d1985"",""yes_price_dollars"":""0.5400""}"
KXBTC15M-26APR280615-15,596991d5-38b3-646e-b886-b60ce116d79d,1777370407,0.54,3.0,yes,"{""count_fp"":""3.00"",""created_time"":""2026-04-28T10:00:07.440008Z"",""no_price_dollars"":""0.4600"",""taker_side"":""yes"",""ticker"":""KXBTC15M-26APR280615-15"",""trade_id"":""596991d5-38b3-646e-b886-b60ce116d79d"",""yes_price_dollars"":""0.5400""}"
KXBTC15M-26APR280615-15,0d6e64a9-d534-5c39-b6be-eb419da4976c,1777370409,0.52,10.05,no,"{""count_fp"":""10.05"",""created_time"":""2026-04-28T10:00:09.878332Z"",""no_price_dollars"":""0.4800"",""taker_side"":""no"",""ticker"":""KXBTC15M-26APR280615-15"",""trade_id"":""0d6e64a9-d534-5c39-b6be-eb419da4976c"",""yes_price_dollars"":""0.5200""}"
KXBTC15M-26APR280615-15,d920df56-83ae-4218-cc95-5919bc87e7c1,1777370410,0.53,20.0,yes,"{""count_fp"":""20.00"",""created_time"":""2026-04-28T10:00:10.969877Z"",""no_price_dollars"":""0.4700"",""taker_side"":""yes"",""ticker"":""KXBTC15M-26APR280615-15"",""trade_id"":""d920df56-83ae-4218-cc95-5919bc87e7c1"",""yes_price_dollars"":""0.5300""}"
KXBTC15M-26APR280615-15,30b872a6-344d-43e3-c0ca-2eb3d34ea16e,1777370410,0.53,15.23,yes,"{""count_fp"":""15.23"",""created_time"":""2026-04-28T10:00:10.969877Z"",""no_price_dollars"":""0.4700"",""taker_side"":""yes"",""ticker"":""KXBTC15M-26APR280615-15"",""trade_id"":""30b872a6-344d-43e3-c0ca-2eb3d34ea16e"",""yes_price_dollars"":""0.5300""}"
KXBTC15M-26APR280615-15,fe14e38b-2ad8-63e4-3518-b5403b7efc74,1777370410,0.54,10.0,yes,"{""count_fp"":""10.00"",""created_time"":""2026-04-28T10:00:10.364337Z"",""no_price_dollars"":""0.4600"",""taker_side"":""yes"",""ticker"":""KXBTC15M-26APR280615-15"",""trade_id"":""fe14e38b-2ad8-63e4-3518-b5403b7efc74"",""yes_price_dollars"":""0.5400""}"
KXBTC15M-26APR280615-15,f67c5b31-258a-76c1-e750-055f734d2942,1777370411,0.55,200.0,yes,"{""count_fp"":""200.00"",""created_time"":""2026-04-28T10:00:11.879273Z"",""no_price_dollars"":""0.4500"",""taker_side"":""yes"",""ticker"":""KXBTC15M-26APR280615-15"",""trade_id"":""f67c5b31-258a-76c1-e750-055f734d2942"",""yes_price_dollars"":""0.5500""}"
KXBTC15M-26APR280615-15,e26af1a7-73ee-7fc3-cf71-2a491e5eb29f,1777370411,0.56,60.42,yes,"{""count_fp"":""60.42"",""created_time"":""2026-04-28T10:00:11.879273Z"",""no_price_dollars"":""0.4400"",""taker_side"":""yes"",""ticker"":""KXBTC15M-26APR280615-15"",""trade_id"":""e26af1a7-73ee-7fc3-cf71-2a491e5eb29f"",""yes_price_dollars"":""0.5600""}"
KXBTC15M-26APR280615-15,ce94cb15-01bd-733e-c1e6-bf9ef149cc95,1777370411,0.57,95.45,yes,"{""count_fp"":""95.45"",""created_time"":""2026-04-28T10:00:11.879273Z"",""no_price_dollars"":""0.4300"",""taker_side"":""yes"",""ticker"":""KXBTC15M-26APR280615-15"",""trade_id"":""ce94cb15-01bd-733e-c1e6-bf9ef149cc95"",""yes_price_dollars"":""0.5700""}"
KXBTC15M-26APR280615-15,a8c1f5d5-55bb-739f-f0ec-8d17ede26486,1777370411,0.57,1.0,yes,"{""count_fp"":""1.00"",""created_time"":""2026-04-28T10:00:11.879273Z"",""no_price_dollars"":""0.4300"",""taker_side"":""yes"",""ticker"":""KXBTC15M-26APR280615-15"",""trade_id"":""a8c1f5d5-55bb-739f-f0ec-8d17ede26486"",""yes_price_dollars"":""0.5700""}"
KXBTC15M-26APR280615-15,8ff43ad2-c6f4-7a63-c31e-a9c9668c43a9,1777370411,0.56,2.0,yes,"{""count_fp"":""2.00"",""created_time"":""2026-04-28T10:00:11.879273Z"",""no_price_dollars"":""0.4400"",""taker_side"":""yes"",""ticker"":""KXBTC15M-26APR280615-15"",""trade_id"":""8ff43ad2-c6f4-7a63-c31e-a9c9668c43a9"",""yes_price_dollars"":""0.5600""}"
KXBTC15M-26APR280615-15,6f1dd1ce-c7e9-776b-c3b3-779d2c88d6ba,1777370411,0.53,40.77,yes,"{""count_fp"":""40.77"",""created_time"":""2026-04-28T10:00:11.879273Z"",""no_price_dollars"":""0.4700"",""taker_side"":""yes"",""ticker"":""KXBTC15M-26APR280615-15"",""trade_id"":""6f1dd1ce-c7e9-776b-c3b3-779d2c88d6ba"",""yes_price_dollars"":""0.5300""}"
KXBTC15M-26APR280615-15,65cbcbee-cc20-756f-c827-944cc192d828,1777370411,0.55,8.0,yes,"{""count_fp"":""8.00"",""created_time"":""2026-04-28T10:00:11.879273Z"",""no_price_dollars"":""0.4500"",""taker_side"":""yes"",""ticker"":""KXBTC15M-26APR280615-15"",""trade_id"":""65cbcbee-cc20-756f-c827-944cc192d828"",""yes_price_dollars"":""0.5500""}"
KXBTC15M-26APR280615-15,6221593b-5f84-7bab-d258-d97c67fe5c94,1777370411,0.56,14.0,yes,"{""count_fp"":""14.00"",""created_time"":""2026-04-28T10:00:11.879273Z"",""no_price_dollars"":""0.4400"",""taker_side"":""yes"",""ticker"":""KXBTC15M-26APR280615-15"",""trade_id"":""6221593b-5f84-7bab-d258-d97c67fe5c94"",""yes_price_dollars"":""0.5600""}"
KXBTC15M-26APR280615-15,124284f4-8da3-618a-9cd7-e0e10a0fd8c4,1777370413,0.53,151.81,no,"{""count_fp"":""151.81"",""created_time"":""2026-04-28T10:00:13.871504Z"",""no_price_dollars"":""0.4700"",""taker_side"":""no"",""ticker"":""KXBTC15M-26APR280615-15"",""trade_id"":""124284f4-8da3-618a-9cd7-e0e10a0fd8c4"",""yes_price_dollars"":""0.5300""}"
KXBTC15M-26APR280615-15,7010e0cd-74e5-4a5a-ee47-8bca8599d74e,1777370413,0.54,3.0,yes,"{""count_fp"":""3.00"",""created_time"":""2026-04-28T10:00:13.775414Z"",""no_price_dollars"":""0.4600"",""taker_side"":""yes"",""ticker"":""KXBTC15M-26APR280615-15"",""trade_id"":""7010e0cd-74e5-4a5a-ee47-8bca8599d74e"",""yes_price_dollars"":""0.5400""}"
KXBTC15M-26APR280615-15,69ce0b6d-ab6b-4138-dd01-798f2731961c,1777370413,0.58,1.0,yes,"{""count_fp"":""1.00"",""created_time"":""2026-04-28T10:00:13.775414Z"",""no_price_dollars"":""0.4200"",""taker_side"":""yes"",""ticker"":""KXBTC15M-26APR280615-15"",""trade_id"":""69ce0b6d-ab6b-4138-dd01-798f2731961c"",""yes_price_dollars"":""0.5800""}"
KXBTC15M-26APR280615-15,2537d604-1bc5-45bb-c04a-0d73355c3241,1777370413,0.58,8.56,yes,"{""count_fp"":""8.56"",""created_time"":""2026-04-28T10:00:13.775414Z"",""no_price_dollars"":""0.4200"",""taker_side"":""yes"",""ticker"":""KXBTC15M-26APR280615-15"",""trade_id"":""2537d604-1bc5-45bb-c04a-0d73355c3241"",""yes_price_dollars"":""0.5800""}"
KXBTC15M-26APR280615-15,1a67ee25-c0dc-4ee0-de30-dbc17913bda5,1777370413,0.58,1.0,yes,"{""count_fp"":""1.00"",""created_time"":""2026-04-28T10:00:13.775414Z"",""no_price_dollars"":""0.4200"",""taker_side"":""yes"",""ticker"":""KXBTC15M-26APR280615-15"",""trade_id"":""1a67ee25-c0dc-4ee0-de30-dbc17913bda5"",""yes_price_dollars"":""0.5800""}"
KXBTC15M-26APR280615-15,b68fb650-9881-4425-8b83-8a1cb5c111e2,1777370413,0.56,27.0,yes,"{""count_fp"":""27.00"",""created_time"":""2026-04-28T10:00:13.140894Z"",""no_price_dollars"":""0.4400"",""taker_side"":""yes"",""ticker"":""KXBTC15M-26APR280615-15"",""trade_id"":""b68fb650-9881-4425-8b83-8a1cb5c111e2"",""yes_price_dollars"":""0.5600""}"
KXBTC15M-26APR280615-15,89566617-faae-4582-82c6-ec8eca757abd,1777370413,0.54,3.0,yes,"{""count_fp"":""3.00"",""created_time"":""2026-04-28T10:00:13.140894Z"",""no_price_dollars"":""0.4600"",""taker_side"":""yes"",""ticker"":""KXBTC15M-26APR280615-15"",""trade_id"":""89566617-faae-4582-82c6-ec8eca757abd"",""yes_price_dollars"":""0.5400""}"
KXBTC15M-26APR280615-15,4a3a5d78-7877-470a-8f17-06e36a10ce5c,1777370413,0.54,20.0,yes,"{""count_fp"":""20.00"",""created_time"":""2026-04-28T10:00:13.140894Z"",""no_price_dollars"":""0.4600"",""taker_side"":""yes"",""ticker"":""KXBTC15M-26APR280615-15"",""trade_id"":""4a3a5d78-7877-470a-8f17-06e36a10ce5c"",""yes_price_dollars"":""0.5400""}"
KXBTC15M-26APR280615-15,8f141d2f-b78f-752a-f8a3-a6f7dd7cd704,1777370414,0.53,61.54,no,"{""count_fp"":""61.54"",""created_time"":""2026-04-28T10:00:14.235312Z"",""no_price_dollars"":""0.4700"",""taker_side"":""no"",""ticker"":""KXBTC15M-26APR280615-15"",""trade_id"":""8f141d2f-b78f-752a-f8a3-a6f7dd7cd704"",""yes_price_dollars"":""0.5300""}"
KXBTC15M-26APR280615-15,a7a9d92d-1f9b-485e-3edb-7d88d0019564,1777370414,0.53,410.3,no,"{""count_fp"":""410.30"",""created_time"":""2026-04-28T10:00:14.044495Z"",""no_price_dollars"":""0.4700"",""taker_side"":""no"",""ticker"":""KXBTC15M-26APR280615-15"",""trade_id"":""a7a9d92d-1f9b-485e-3edb-7d88d0019564"",""yes_price_dollars"":""0.5300""}"
KXBTC15M-26APR280615-15,b42595b5-65d3-456d-6402-5b7a01a2ba05,1777370415,0.57,1.0,yes,"{""count_fp"":""1.00"",""created_time"":""2026-04-28T10:00:15.939699Z"",""no_price_dollars"":""0.4300"",""taker_side"":""yes"",""ticker"":""KXBTC15M-26APR280615-15"",""trade_id"":""b42595b5-65d3-456d-6402-5b7a01a2ba05"",""yes_price_dollars"":""0.5700""}"
KXBTC15M-26APR280615-15,8ac27a25-ff82-44c0-5426-37fc4a4e5494,1777370415,0.55,1.0,yes,"{""count_fp"":""1.00"",""created_time"":""2026-04-28T10:00:15.939699Z"",""no_price_dollars"":""0.4500"",""taker_side"":""yes"",""ticker"":""KXBTC15M-26APR280615-15"",""trade_id"":""8ac27a25-ff82-44c0-5426-37fc4a4e5494"",""yes_price_dollars"":""0.5500""}"
KXBTC15M-26APR280615-15,15971172-6887-4e9a-6f24-6697f6f174d4,1777370415,0.56,1.0,yes,"{""count_fp"":""1.00"",""created_time"":""2026-04-28T10:00:15.939699Z"",""no_price_dollars"":""0.4400"",""taker_side"":""yes"",""ticker"":""KXBTC15M-26APR280615-15"",""trade_id"":""15971172-6887-4e9a-6f24-6697f6f174d4"",""yes_price_dollars"":""0.5600""}"
KXBTC15M-26APR280615-15,bba02557-ce06-50d2-bc91-8aa80479d0e3,1777370415,0.54,10.0,no,"{""count_fp"":""10.00"",""created_time"":""2026-04-28T10:00:15.639585Z"",""no_price_dollars"":""0.4600"",""taker_side"":""no"",""ticker"":""KXBTC15M-26APR280615-15"",""trade_id"":""bba02557-ce06-50d2-bc91-8aa80479d0e3"",""yes_price_dollars"":""0.5400""}"
KXBTC15M-26APR280615-15,9eedb112-ba2a-5186-1b3a-ba93e0785057,1777370415,0.54,2.0,no,"{""count_fp"":""2.00"",""created_time"":""2026-04-28T10:00:15.607036Z"",""no_price_dollars"":""0.4600"",""taker_side"":""no"",""ticker"":""KXBTC15M-26APR280615-15"",""trade_id"":""9eedb112-ba2a-5186-1b3a-ba93e0785057"",""yes_price_dollars"":""0.5400""}"
KXBTC15M-26APR280615-15,f93564fd-65e3-610a-3f75-5cfca477e484,1777370415,0.53,50.0,no,"{""count_fp"":""50.00"",""created_time"":""2026-04-28T10:00:15.265701Z"",""no_price_dollars"":""0.4700"",""taker_side"":""no"",""ticker"":""KXBTC15M-26APR280615-15"",""trade_id"":""f93564fd-65e3-610a-3f75-5cfca477e484"",""yes_price_dollars"":""0.5300""}"
KXBTC15M-26APR280615-15,ac0d0099-d79a-7a32-468f-fad698467eec,1777370415,0.55,1.71,yes,"{""count_fp"":""1.71"",""created_time"":""2026-04-28T10:00:15.161671Z"",""no_price_dollars"":""0.4500"",""taker_side"":""yes"",""ticker"":""KXBTC15M-26APR280615-15"",""trade_id"":""ac0d0099-d79a-7a32-468f-fad698467eec"",""yes_price_dollars"":""0.5500""}"
KXBTC15M-26APR280615-15,fd38d095-cb44-588f-735d-b65277e5954d,1777370416,0.58,16.59,yes,"{""count_fp"":""16.59"",""created_time"":""2026-04-28T10:00:16.981558Z"",""no_price_dollars"":""0.4200"",""taker_side"":""yes"",""ticker"":""KXBTC15M-26APR280615-15"",""trade_id"":""fd38d095-cb44-588f-735d-b65277e5954d"",""yes_price_dollars"":""0.5800""}"
KXBTC15M-26APR280615-15,469f937e-ac39-6eb5-f13e-a232a3374fd1,1777370416,0.58,3.0,yes,"{""count_fp"":""3.00"",""created_time"":""2026-04-28T10:00:16.761639Z"",""no_price_dollars"":""0.4200"",""taker_side"":""yes"",""ticker"":""KXBTC15M-26APR280615-15"",""trade_id"":""469f937e-ac39-6eb5-f13e-a232a3374fd1"",""yes_price_dollars"":""0.5800""}"
KXBTC15M-26APR280615-15,3c67c5bf-a5ac-6f07-e9ae-74d05bb4bbcd,1777370416,0.58,25.38,yes,"{""count_fp"":""25.38"",""created_time"":""2026-04-28T10:00:16.761639Z"",""no_price_dollars"":""0.4200"",""taker_side"":""yes"",""ticker"":""KXBTC15M-26APR280615-15"",""trade_id"":""3c67c5bf-a5ac-6f07-e9ae-74d05bb4bbcd"",""yes_price_dollars"":""0.5800""}"
KXBTC15M-26APR280615-15,042c7a91-f2c4-6f15-fd87-f6e160a8c045,1777370416,0.58,12.73,yes,"{""count_fp"":""12.73"",""created_time"":""2026-04-28T10:00:16.761639Z"",""no_price_dollars"":""0.4200"",""taker_side"":""yes"",""ticker"":""KXBTC15M-26APR280615-15"",""trade_id"":""042c7a91-f2c4-6f15-fd87-f6e160a8c045"",""yes_price_dollars"":""0.5800""}"
KXBTC15M-26APR280615-15,d52a0a69-d4de-46cf-3fb2-b4d5eaa5fd6c,1777370416,0.59,5.0,yes,"{""count_fp"":""5.00"",""created_time"":""2026-04-28T10:00:16.386308Z"",""no_price_dollars"":""0.4100"",""taker_side"":""yes"",""ticker"":""KXBTC15M-26APR280615-15"",""trade_id"":""d52a0a69-d4de-46cf-3fb2-b4d5eaa5fd6c"",""yes_price_dollars"":""0.5900""}"
KXBTC15M-26APR280615-15,d42a8f36-e58e-49fd-1366-19df692823f7,1777370416,0.59,119.0,yes,"{""count_fp"":""119.00"",""created_time"":""2026-04-28T10:00:16.386308Z"",""no_price_dollars"":""0.4100"",""taker_side"":""yes"",""ticker"":""KXBTC15M-26APR280615-15"",""trade_id"":""d42a8f36-e58e-49fd-1366-19df692823f7"",""yes_price_dollars"":""0.5900""}"
KXBTC15M-26APR280615-15,8885e1f6-e1ed-4b6a-1337-6f858200c2e1,1777370416,0.58,3.0,yes,"{""count_fp"":""3.00"",""created_time"":""2026-04-28T10:00:16.386308Z"",""no_price_dollars"":""0.4200"",""taker_side"":""yes"",""ticker"":""KXBTC15M-26APR280615-15"",""trade_id"":""8885e1f6-e1ed-4b6a-1337-6f858200c2e1"",""yes_price_dollars"":""0.5800""}"
KXBTC15M-26APR280615-15,7639680e-c528-4859-3775-3815f6c3a612,1777370416,0.58,1.0,yes,"{""count_fp"":""1.00"",""created_time"":""2026-04-28T10:00:16.386308Z"",""no_price_dollars"":""0.4200"",""taker_side"":""yes"",""ticker"":""KXBTC15M-26APR280615-15"",""trade_id"":""7639680e-c528-4859-3775-3815f6c3a612"",""yes_price_dollars"":""0.5800""}"
KXBTC15M-26APR280615-15,5a6be008-c5e1-460b-3c40-876d6159e3bc,1777370416,0.58,400.0,yes,"{""count_fp"":""400.00"",""created_time"":""2026-04-28T10:00:16.386308Z"",""no_price_dollars"":""0.4200"",""taker_side"":""yes"",""ticker"":""KXBTC15M-26APR280615-15"",""trade_id"":""5a6be008-c5e1-460b-3c40-876d6159e3bc"",""yes_price_dollars"":""0.5800""}"
KXBTC15M-26APR280615-15,3837f312-0ecd-4bc5-10e3-0d2176058c06,1777370416,0.59,87.99,yes,"{""count_fp"":""87.99"",""created_time"":""2026-04-28T10:00:16.386308Z"",""no_price_dollars"":""0.4100"",""taker_side"":""yes"",""ticker"":""KXBTC15M-26APR280615-15"",""trade_id"":""3837f312-0ecd-4bc5-10e3-0d2176058c06"",""yes_price_dollars"":""0.5900""}"
KXBTC15M-26APR280615-15,351f544c-6637-43a8-3918-2202f0dcf728,1777370416,0.58,20.0,yes,"{""count_fp"":""20.00"",""created_time"":""2026-04-28T10:00:16.386308Z"",""no_price_dollars"":""0.4200"",""taker_side"":""yes"",""ticker"":""KXBTC15M-26APR280615-15"",""trade_id"":""351f544c-6637-43a8-3918-2202f0dcf728"",""yes_price_dollars"":""0.5800""}"
KXBTC15M-26APR280615-15,2b927e1f-cce0-411f-0469-2b6be66101a9,1777370416,0.59,5.0,yes,"{""count_fp"":""5.00"",""created_time"":""2026-04-28T10:00:16.386308Z"",""no_price_dollars"":""0.4100"",""taker_side"":""yes"",""ticker"":""KXBTC15M-26APR280615-15"",""trade_id"":""2b927e1f-cce0-411f-0469-2b6be66101a9"",""yes_price_dollars"":""0.5900""}"
KXBTC15M-26APR280615-15,0cda57bc-ade1-45b5-211e-086b992d4c46,1777370416,0.58,12.73,yes,"{""count_fp"":""12.73"",""created_time"":""2026-04-28T10:00:16.386308Z"",""no_price_dollars"":""0.4200"",""taker_side"":""yes"",""ticker"":""KXBTC15M-26APR280615-15"",""trade_id"":""0cda57bc-ade1-45b5-211e-086b992d4c46"",""yes_price_dollars"":""0.5800""}"
KXBTC15M-26APR280615-15,a59e0f1b-b0dc-4609-8ca8-c09b49616d4a,1777370418,0.57,4.59,no,"{""count_fp"":""4.59"",""created_time"":""2026-04-28T10:00:18.966841Z"",""no_price_dollars"":""0.4300"",""taker_side"":""no"",""ticker"":""KXBTC15M-26APR280615-15"",""trade_id"":""a59e0f1b-b0dc-4609-8ca8-c09b49616d4a"",""yes_price_dollars"":""0.5700""}"
KXBTC15M-26APR280615-15,58a894eb-1493-4ba5-b8a0-6e47c39ff794,1777370418,0.57,6.59,no,"{""count_fp"":""6.59"",""created_time"":""2026-04-28T10:00:18.966841Z"",""no_price_dollars"":""0.4300"",""taker_side"":""no"",""ticker"":""KXBTC15M-26APR280615-15"",""trade_id"":""58a894eb-1493-4ba5-b8a0-6e47c39ff794"",""yes_price_dollars"":""0.5700""}"
KXBTC15M-26APR280615-15,a880fa3e-57bb-75a1-dec6-acf5ca119224,1777370418,0.57,8.0,no,"{""count_fp"":""8.00"",""created_time"":""2026-04-28T10:00:18.723351Z"",""no_price_dollars"":""0.4300"",""taker_side"":""no"",""ticker"":""KXBTC15M-26APR280615-15"",""trade_id"":""a880fa3e-57bb-75a1-dec6-acf5ca119224"",""yes_price_dollars"":""0.5700""}"
KXBTC15M-26APR280615-15,94aff171-86df-5351-6f6b-1f2eca15a258,1777370418,0.57,1.0,no,"{""count_fp"":""1.00"",""created_time"":""2026-04-28T10:00:18.639176Z"",""no_price_dollars"":""0.4300"",""taker_side"":""no"",""ticker"":""KXBTC15M-26APR280615-15"",""trade_id"":""94aff171-86df-5351-6f6b-1f2eca15a258"",""yes_price_dollars"":""0.5700""}"
KXBTC15M-26APR280615-15,6eb2385f-d4df-49b9-8211-2540f1ac4380,1777370418,0.57,1.0,no,"{""count_fp"":""1.00"",""created_time"":""2026-04-28T10:00:18.638649Z"",""no_price_dollars"":""0.4300"",""taker_side"":""no"",""ticker"":""KXBTC15M-26APR280615-15"",""trade_id"":""6eb2385f-d4df-49b9-8211-2540f1ac4380"",""yes_price_dollars"":""0.5700""}"
KXBTC15M-26APR280615-15,c61b34cd-dba7-5669-5811-889bd4862060,1777370418,0.57,1.0,no,"{""count_fp"":""1.00"",""created_time"":""2026-04-28T10:00:18.637403Z"",""no_price_dollars"":""0.4300"",""taker_side"":""no"",""ticker"":""KXBTC15M-26APR280615-15"",""trade_id"":""c61b34cd-dba7-5669-5811-889bd4862060"",""yes_price_dollars"":""0.5700""}"
KXBTC15M-26APR280615-15,ee3d691c-389f-6a69-c2aa-ef3d79d646ac,1777370418,0.57,1.0,no,"{""count_fp"":""1.00"",""created_time"":""2026-04-28T10:00:18.637008Z"",""no_price_dollars"":""0.4300"",""taker_side"":""no"",""ticker"":""KXBTC15M-26APR280615-15"",""trade_id"":""ee3d691c-389f-6a69-c2aa-ef3d79d646ac"",""yes_price_dollars"":""0.5700""}"
KXBTC15M-26APR280615-15,4e1627ce-7787-79c9-8511-60734fa33098,1777370418,0.57,26.16,no,"{""count_fp"":""26.16"",""created_time"":""2026-04-28T10:00:18.608099Z"",""no_price_dollars"":""0.4300"",""taker_side"":""no"",""ticker"":""KXBTC15M-26APR280615-15"",""trade_id"":""4e1627ce-7787-79c9-8511-60734fa33098"",""yes_price_dollars"":""0.5700""}"
KXBTC15M-26APR280615-15,af9f705c-b3c1-5cf4-2024-2aaf0f631abd,1777370419,0.57,16.95,no,"{""count_fp"":""16.95"",""created_time"":""2026-04-28T10:00:19.692807Z"",""no_price_dollars"":""0.4300"",""taker_side"":""no"",""ticker"":""KXBTC15M-26APR280615-15"",""trade_id"":""af9f705c-b3c1-5cf4-2024-2aaf0f631abd"",""yes_price_dollars"":""0.5700""}"
KXBTC15M-26APR280615-15,61c97317-9ac4-5ff0-1f1a-187b6b4340fc,1777370419,0.57,3.0,no,"{""count_fp"":""3.00"",""created_time"":""2026-04-28T10:00:19.692807Z"",""no_price_dollars"":""0.4300"",""taker_side"":""no"",""ticker"":""KXBTC15M-26APR280615-15"",""trade_id"":""61c97317-9ac4-5ff0-1f1a-187b6b4340fc"",""yes_price_dollars"":""0.5700""}"
KXBTC15M-26APR280615-15,59064b2b-0717-5ede-2f92-d8f32a5918e0,1777370419,0.56,762.13,no,"{""count_fp"":""762.13"",""created_time"":""2026-04-28T10:00:19.692807Z"",""no_price_dollars"":""0.4400"",""taker_side"":""no"",""ticker"":""KXBTC15M-26APR280615-15"",""trade_id"":""59064b2b-0717-5ede-2f92-d8f32a5918e0"",""yes_price_dollars"":""0.5600""}"
KXBTC15M-26APR280615-15,f9ae2deb-e7d3-5930-6b5d-0aa695f40d70,1777370419,0.59,32.0,yes,"{""count_fp"":""32.00"",""created_time"":""2026-04-28T10:00:19.590989Z"",""no_price_dollars"":""0.4100"",""taker_side"":""yes"",""ticker"":""KXBTC15M-26APR280615-15"",""trade_id"":""f9ae2deb-e7d3-5930-6b5d-0aa695f40d70"",""yes_price_dollars"":""0.5900""}"
KXBTC15M-26APR280615-15,d534cfc7-2627-5c2c-5665-9962b65e33b7,1777370419,0.58,1.0,yes,"{""count_fp"":""1.00"",""created_time"":""2026-04-28T10:00:19.590989Z"",""no_price_dollars"":""0.4200"",""taker_side"":""yes"",""ticker"":""KXBTC15M-26APR280615-15"",""trade_id"":""d534cfc7-2627-5c2c-5665-9962b65e33b7"",""yes_price_dollars"":""0.5800""}"
KXBTC15M-26APR280615-15,bde0756a-0c83-596e-4a46-a574f27d6e28,1777370419,0.59,25.0,yes,"{""count_fp"":""25.00"",""created_time"":""2026-04-28T10:00:19.590989Z"",""no_price_dollars"":""0.4100"",""taker_side"":""yes"",""ticker"":""KXBTC15M-26APR280615-15"",""trade_id"":""bde0756a-0c83-596e-4a46-a574f27d6e28"",""yes_price_dollars"":""0.5900""}"
KXBTC15M-26APR280615-15,8dd0f5fd-631b-59d7-5750-f9d6af120c5b,1777370419,0.58,1.0,yes,"{""count_fp"":""1.00"",""created_time"":""2026-04-28T10:00:19.590989Z"",""no_price_dollars"":""0.4200"",""taker_side"":""yes"",""ticker"":""KXBTC15M-26APR280615-15"",""trade_id"":""8dd0f5fd-631b-59d7-5750-f9d6af120c5b"",""yes_price_dollars"":""0.5800""}"
KXBTC15M-26APR280615-15,76675c63-5f0c-50e2-6121-34a0f2a9eaa3,1777370419,0.58,40.0,yes,"{""count_fp"":""40.00"",""created_time"":""2026-04-28T10:00:19.590989Z"",""no_price_dollars"":""0.4200"",""taker_side"":""yes"",""ticker"":""KXBTC15M-26APR280615-15"",""trade_id"":""76675c63-5f0c-50e2-6121-34a0f2a9eaa3"",""yes_price_dollars"":""0.5800""}"
KXBTC15M-26APR280615-15,44f4c015-87f8-5504-534f-fee09ffe068f,1777370419,0.59,1.0,yes,"{""count_fp"":""1.00"",""created_time"":""2026-04-28T10:00:19.590989Z"",""no_price_dollars"":""0.4100"",""taker_side"":""yes"",""ticker"":""KXBTC15M-26APR280615-15"",""trade_id"":""44f4c015-87f8-5504-534f-fee09ffe068f"",""yes_price_dollars"":""0.5900""}"
KXBTC15M-26APR280615-15,5002232a-19a2-4316-02f3-0c0dc4919fff,1777370420,0.59,213.21,yes,"{""count_fp"":""213.21"",""created_time"":""2026-04-28T10:00:20.566167Z"",""no_price_dollars"":""0.4100"",""taker_side"":""yes"",""ticker"":""KXBTC15M-26APR280615-15"",""trade_id"":""5002232a-19a2-4316-02f3-0c0dc4919fff"",""yes_price_dollars"":""0.5900""}"
KXBTC15M-26APR280615-15,f3fd4770-6edb-48a4-12ca-c39099a29898,1777370420,0.59,8.0,yes,"{""count_fp"":""8.00"",""created_time"":""2026-04-28T10:00:20.536238Z"",""no_price_dollars"":""0.4100"",""taker_side"":""yes"",""ticker"":""KXBTC15M-26APR280615-15"",""trade_id"":""f3fd4770-6edb-48a4-12ca-c39099a29898"",""yes_price_dollars"":""0.5900""}"
KXBTC15M-26APR280615-15,f2373e71-5052-4fbb-1a12-6a6796fe0ed5,1777370420,0.58,3.0,yes,"{""count_fp"":""3.00"",""created_time"":""2026-04-28T10:00:20.536238Z"",""no_price_dollars"":""0.4200"",""taker_side"":""yes"",""ticker"":""KXBTC15M-26APR280615-15"",""trade_id"":""f2373e71-5052-4fbb-1a12-6a6796fe0ed5"",""yes_price_dollars"":""0.5800""}"
KXBTC15M-26APR280615-15,d98f30db-36e0-42ee-0d0f-7bd9a88c2c59,1777370420,0.59,1.0,yes,"{""count_fp"":""1.00"",""created_time"":""2026-04-28T10:00:20.536238Z"",""no_price_dollars"":""0.4100"",""taker_side"":""yes"",""ticker"":""KXBTC15M-26APR280615-15"",""trade_id"":""d98f30db-36e0-42ee-0d0f-7bd9a88c2c59"",""yes_price_dollars"":""0.5900""}"
KXBTC15M-26APR280615-15,cabb62f9-370a-4c4a-281e-a903e83bc8ef,1777370420,0.59,8.05,yes,"{""count_fp"":""8.05"",""created_time"":""2026-04-28T10:00:20.536238Z"",""no_price_dollars"":""0.4100"",""taker_side"":""yes"",""ticker"":""KXBTC15M-26APR280615-15"",""trade_id"":""cabb62f9-370a-4c4a-281e-a903e83bc8ef"",""yes_price_dollars"":""0.5900""}"
KXBTC15M-26APR280615-15,473724b2-76b8-4517-1766-d4cf91de26fd,1777370420,0.57,40.0,yes,"{""count_fp"":""40.00"",""created_time"":""2026-04-28T10:00:20.536238Z"",""no_price_dollars"":""0.4300"",""taker_side"":""yes"",""ticker"":""KXBTC15M-26APR280615-15"",""trade_id"":""473724b2-76b8-4517-1766-d4cf91de26fd"",""yes_price_dollars"":""0.5700""}"
KXBTC15M-26APR280615-15,143fc0e3-eec9-4895-1e51-81688c3a2675,1777370420,0.58,23.0,yes,"{""count_fp"":""23.00"",""created_time"":""2026-04-28T10:00:20.536238Z"",""no_price_dollars"":""0.4200"",""taker_side"":""yes"",""ticker"":""KXBTC15M-26APR280615-15"",""trade_id"":""143fc0e3-eec9-4895-1e51-81688c3a2675"",""yes_price_dollars"":""0.5800""}"
KXBTC15M-26APR280615-15,53a10842-4f8a-65fd-d97c-6cbbdd0eedbf,1777370421,0.58,1.0,no,"{""count_fp"":""1.00"",""created_time"":""2026-04-28T10:00:21.988736Z"",""no_price_dollars"":""0.4200"",""taker_side"":""no"",""ticker"":""KXBTC15M-26APR280615-15"",""trade_id"":""53a10842-4f8a-65fd-d97c-6cbbdd0eedbf"",""yes_price_dollars"":""0.5800""}"
KXBTC15M-26APR280615-15,74b5606d-60f1-61f3-005b-d265b5150fb8,1777370421,0.59,10.0,yes,"{""count_fp"":""10.00"",""created_time"":""2026-04-28T10:00:21.723378Z"",""no_price_dollars"":""0.4100"",""taker_side"":""yes"",""ticker"":""KXBTC15M-26APR280615-15"",""trade_id"":""74b5606d-60f1-61f3-005b-d265b5150fb8"",""yes_price_dollars"":""0.5900""}"
KXBTC15M-26APR280615-15,e4eb2456-47d1-71ab-1864-43c7435ce400,1777370421,0.59,5.0,yes,"{""count_fp"":""5.00"",""created_time"":""2026-04-28T10:00:21.613786Z"",""no_price_dollars"":""0.4100"",""taker_side"":""yes"",""ticker"":""KXBTC15M-26APR280615-15"",""trade_id"":""e4eb2456-47d1-71ab-1864-43c7435ce400"",""yes_price_dollars"":""0.5900""}"
KXBTC15M-26APR280615-15,d8dd1045-fe25-7003-0ae0-ded5a0df02d8,1777370421,0.59,3.26,yes,"{""count_fp"":""3.26"",""created_time"":""2026-04-28T10:00:21.579141Z"",""no_price_dollars"":""0.4100"",""taker_side"":""yes"",""ticker"":""KXBTC15M-26APR280615-15"",""trade_id"":""d8dd1045-fe25-7003-0ae0-ded5a0df02d8"",""yes_price_dollars"":""0.5900""}"
KXBTC15M-26APR280615-15,bdc97b49-f32d-7cc2-f692-5820717f0852,1777370421,0.58,39.0,yes,"{""count_fp"":""39.00"",""created_time"":""2026-04-28T10:00:21.190682Z"",""no_price_dollars"":""0.4200"",""taker_side"":""yes"",""ticker"":""KXBTC15M-26APR280615-15"",""trade_id"":""bdc97b49-f32d-7cc2-f692-5820717f0852"",""yes_price_dollars"":""0.5800""}"
KXBTC15M-26APR280615-15,02d43bb9-460d-7b47-c2f9-c6db53624989,1777370421,0.58,3.0,yes,"{""count_fp"":""3.00"",""created_time"":""2026-04-28T10:00:21.190682Z"",""no_price_dollars"":""0.4200"",""taker_side"":""yes"",""ticker"":""KXBTC15M-26APR280615-15"",""trade_id"":""02d43bb9-460d-7b47-c2f9-c6db53624989"",""yes_price_dollars"":""0.5800""}"
KXBTC15M-26APR280615-15,1029098a-775d-7e76-68eb-0f8d7f6c8b56,1777370421,0.58,1.0,yes,"{""count_fp"":""1.00"",""created_time"":""2026-04-28T10:00:21.011789Z"",""no_price_dollars"":""0.4200"",""taker_side"":""yes"",""ticker"":""KXBTC15M-26APR280615-15"",""trade_id"":""1029098a-775d-7e76-68eb-0f8d7f6c8b56"",""yes_price_dollars"":""0.5800""}"
KXBTC15M-26APR280615-15,2e965d1e-e3bd-6393-fb7b-3151b737f5e4,1777370422,0.59,8.23,yes,"{""count_fp"":""8.23"",""created_time"":""2026-04-28T10:00:22.678237Z"",""no_price_dollars"":""0.4100"",""taker_side"":""yes"",""ticker"":""KXBTC15M-26APR280615-15"",""trade_id"":""2e965d1e-e3bd-6393-fb7b-3151b737f5e4"",""yes_price_dollars"":""0.5900""}"
KXBTC15M-26APR280615-15,e40ded56-accb-73eb-960f-b82356092e23,1777370423,0.59,1.0,yes,"{""count_fp"":""1.00"",""created_time"":""2026-04-28T10:00:23.191025Z"",""no_price_dollars"":""0.4100"",""taker_side"":""yes"",""ticker"":""KXBTC15M-26APR280615-15"",""trade_id"":""e40ded56-accb-73eb-960f-b82356092e23"",""yes_price_dollars"":""0.5900""}"
KXBTC15M-26APR280615-15,45a02d3e-0f5c-79be-824d-f40248c20563,1777370423,0.6,0.6,yes,"{""count_fp"":""0.60"",""created_time"":""2026-04-28T10:00:23.191025Z"",""no_price_dollars"":""0.4000"",""taker_side"":""yes"",""ticker"":""KXBTC15M-26APR280615-15"",""trade_id"":""45a02d3e-0f5c-79be-824d-f40248c20563"",""yes_price_dollars"":""0.6000""}"
KXBTC15M-26APR280615-15,370d114c-db6d-48b4-fb48-4b3ac3c67ce2,1777370424,0.6,1.0,no,"{""count_fp"":""1.00"",""created_time"":""2026-04-28T10:00:24.960451Z"",""no_price_dollars"":""0.4000"",""taker_side"":""no"",""ticker"":""KXBTC15M-26APR280615-15"",""trade_id"":""370d114c-db6d-48b4-fb48-4b3ac3c67ce2"",""yes_price_dollars"":""0.6000""}"
KXBTC15M-26APR280615-15,6f25869f-b5d3-6cc8-9c22-36a3770b60bb,1777370424,0.6,2.16,yes,"{""count_fp"":""2.16"",""created_time"":""2026-04-28T10:00:24.586271Z"",""no_price_dollars"":""0.4000"",""taker_side"":""yes"",""ticker"":""KXBTC15M-26APR280615-15"",""trade_id"":""6f25869f-b5d3-6cc8-9c22-36a3770b60bb"",""yes_price_dollars"":""0.6000""}"
KXBTC15M-26APR280615-15,3a0e186f-7027-6184-b663-6222e90194dc,1777370424,0.6,40.0,yes,"{""count_fp"":""40.00"",""created_time"":""2026-04-28T10:00:24.586271Z"",""no_price_dollars"":""0.4000"",""taker_side"":""yes"",""ticker"":""KXBTC15M-26APR280615-15"",""trade_id"":""3a0e186f-7027-6184-b663-6222e90194dc"",""yes_price_dollars"":""0.6000""}"
KXBTC15M-26APR280615-15,d44d7bdf-c6d0-6151-d192-1c1b8a54fa9c,1777370424,0.59,19.59,no,"{""count_fp"":""19.59"",""created_time"":""2026-04-28T10:00:24.561937Z"",""no_price_dollars"":""0.4100"",""taker_side"":""no"",""ticker"":""KXBTC15M-26APR280615-15"",""trade_id"":""d44d7bdf-c6d0-6151-d192-1c1b8a54fa9c"",""yes_price_dollars"":""0.5900""}"
KXBTC15M-26APR280615-15,ae1a0830-ae56-65be-deeb-565707db0ed4,1777370424,0.59,1.0,no,"{""count_fp"":""1.00"",""created_time"":""2026-04-28T10:00:24.561937Z"",""no_price_dollars"":""0.4100"",""taker_side"":""no"",""ticker"":""KXBTC15M-26APR280615-15"",""trade_id"":""ae1a0830-ae56-65be-deeb-565707db0ed4"",""yes_price_dollars"":""0.5900""}"
KXBTC15M-26APR280615-15,dd27e9b4-baf6-7331-3cb9-43ee4132fdb2,1777370424,0.6,1.0,yes,"{""count_fp"":""1.00"",""created_time"":""2026-04-28T10:00:24.227789Z"",""no_price_dollars"":""0.4000"",""taker_side"":""yes"",""ticker"":""KXBTC15M-26APR280615-15"",""trade_id"":""dd27e9b4-baf6-7331-3cb9-43ee4132fdb2"",""yes_price_dollars"":""0.6000""}"
KXBTC15M-26APR280615-15,c4becd5b-e3ab-73f7-35e4-2304542ac414,1777370424,0.61,47.76,yes,"{""count_fp"":""47.76"",""created_time"":""2026-04-28T10:00:24.227789Z"",""no_price_dollars"":""0.3900"",""taker_side"":""yes"",""ticker"":""KXBTC15M-26APR280615-15"",""trade_id"":""c4becd5b-e3ab-73f7-35e4-2304542ac414"",""yes_price_dollars"":""0.6100""}"
KXBTC15M-26APR280615-15,ae015af7-ef46-7f12-0833-a5b097315567,1777370424,0.6,15.0,yes,"{""count_fp"":""15.00"",""created_time"":""2026-04-28T10:00:24.227789Z"",""no_price_dollars"":""0.4000"",""taker_side"":""yes"",""ticker"":""KXBTC15M-26APR280615-15"",""trade_id"":""ae015af7-ef46-7f12-0833-a5b097315567"",""yes_price_dollars"":""0.6000""}"
KXBTC15M-26APR280615-15,7b4374f1-9110-7ba4-01a7-58aaa8269bdf,1777370424,0.6,1.0,yes,"{""count_fp"":""1.00"",""created_time"":""2026-04-28T10:00:24.227789Z"",""no_price_dollars"":""0.4000"",""taker_side"":""yes"",""ticker"":""KXBTC15M-26APR280615-15"",""trade_id"":""7b4374f1-9110-7ba4-01a7-58aaa8269bdf"",""yes_price_dollars"":""0.6000""}"
KXBTC15M-26APR280615-15,75ecd2a6-1784-7d8a-3f3b-8f28fc3c015f,1777370424,0.6,61.24,yes,"{""count_fp"":""61.24"",""created_time"":""2026-04-28T10:00:24.227789Z"",""no_price_dollars"":""0.4000"",""taker_side"":""yes"",""ticker"":""KXBTC15M-26APR280615-15"",""trade_id"":""75ecd2a6-1784-7d8a-3f3b-8f28fc3c015f"",""yes_price_dollars"":""0.6000""}"
KXBTC15M-26APR280615-15,576bcb5d-085c-76cc-0872-1549cb77c8e2,1777370424,0.6,40.0,yes,"{""count_fp"":""40.00"",""created_time"":""2026-04-28T10:00:24.227789Z"",""no_price_dollars"":""0.4000"",""taker_side"":""yes"",""ticker"":""KXBTC15M-26APR280615-15"",""trade_id"":""576bcb5d-085c-76cc-0872-1549cb77c8e2"",""yes_price_dollars"":""0.6000""}"
KXBTC15M-26APR280615-15,56032d27-5e5f-7fe0-2372-3d49fc2995de,1777370424,0.6,3.0,yes,"{""count_fp"":""3.00"",""created_time"":""2026-04-28T10:00:24.227789Z"",""no_price_dollars"":""0.4000"",""taker_side"":""yes"",""ticker"":""KXBTC15M-26APR280615-15"",""trade_id"":""56032d27-5e5f-7fe0-2372-3d49fc2995de"",""yes_price_dollars"":""0.6000""}"
KXBTC15M-26APR280615-15,8a3ba6e8-9560-4ae2-63e9-a2725b7c6047,1777370424,0.6,33.0,yes,"{""count_fp"":""33.00"",""created_time"":""2026-04-28T10:00:24.186059Z"",""no_price_dollars"":""0.4000"",""taker_side"":""yes"",""ticker"":""KXBTC15M-26APR280615-15"",""trade_id"":""8a3ba6e8-9560-4ae2-63e9-a2725b7c6047"",""yes_price_dollars"":""0.6000""}"
KXBTC15M-26APR280615-15,ac5a8fc8-82e8-4396-b6b3-0a142efe941b,1777370424,0.6,0.16,yes,"{""count_fp"":""0.16"",""created_time"":""2026-04-28T10:00:24.081045Z"",""no_price_dollars"":""0.4000"",""taker_side"":""yes"",""ticker"":""KXBTC15M-26APR280615-15"",""trade_id"":""ac5a8fc8-82e8-4396-b6b3-0a142efe941b"",""yes_price_dollars"":""0.6000""}"
KXBTC15M-26APR280615-15,29fc2757-d75c-5946-4b8a-9475a28b14ff,1777370424,0.6,24.0,yes,"{""count_fp"":""24.00"",""created_time"":""2026-04-28T10:00:24.075779Z"",""no_price_dollars"":""0.4000"",""taker_side"":""yes"",""ticker"":""KXBTC15M-26APR280615-15"",""trade_id"":""29fc2757-d75c-5946-4b8a-9475a28b14ff"",""yes_price_dollars"":""0.6000""}"
KXBTC15M-26APR280615-15,ef822c83-8027-77ef-3952-6c519c5dddf0,1777370425,0.61,7.93,yes,"{""count_fp"":""7.93"",""created_time"":""2026-04-28T10:00:25.660813Z"",""no_price_dollars"":""0.3900"",""taker_side"":""yes"",""ticker"":""KXBTC15M-26APR280615-15"",""trade_id"":""ef822c83-8027-77ef-3952-6c519c5dddf0"",""yes_price_dollars"":""0.6100""}"
KXBTC15M-26APR280615-15,c336c047-ec45-4eed-9cbd-6f6d497c6ae4,1777370426,0.61,29.61,yes,"{""count_fp"":""29.61"",""created_time"":""2026-04-28T10:00:26.915792Z"",""no_price_dollars"":""0.3900"",""taker_side"":""yes"",""ticker"":""KXBTC15M-26APR280615-15"",""trade_id"":""c336c047-ec45-4eed-9cbd-6f6d497c6ae4"",""yes_price_dollars"":""0.6100""}"
KXBTC15M-26APR280615-15,a8e6fcc2-1f62-448c-b0ee-98ec7253bbda,1777370426,0.6,39.0,yes,"{""count_fp"":""39.00"",""created_time"":""2026-04-28T10:00:26.915792Z"",""no_price_dollars"":""0.4000"",""taker_side"":""yes"",""ticker"":""KXBTC15M-26APR280615-15"",""trade_id"":""a8e6fcc2-1f62-448c-b0ee-98ec7253bbda"",""yes_price_dollars"":""0.6000""}"
KXBTC15M-26APR280615-15,f6ee8905-2a1d-7e49-f219-3f1b26ac4328,1777370426,0.61,10.45,yes,"{""count_fp"":""10.45"",""created_time"":""2026-04-28T10:00:26.746119Z"",""no_price_dollars"":""0.3900"",""taker_side"":""yes"",""ticker"":""KXBTC15M-26APR280615-15"",""trade_id"":""f6ee8905-2a1d-7e49-f219-3f1b26ac4328"",""yes_price_dollars"":""0.6100""}"
KXBTC15M-26APR280615-15,b322db03-d19e-7a3d-d593-2142d66f5f7c,1777370426,0.61,1.0,yes,"{""count_fp"":""1.00"",""created_time"":""2026-04-28T10:00:26.746119Z"",""no_price_dollars"":""0.3900"",""taker_side"":""yes"",""ticker"":""KXBTC15M-26APR280615-15"",""trade_id"":""b322db03-d19e-7a3d-d593-2142d66f5f7c"",""yes_price_dollars"":""0.6100""}"
KXBTC15M-26APR280615-15,42f018c6-54d7-7d03-c9cb-72cbc7eddf3c,1777370426,0.61,76.31,yes,"{""count_fp"":""76.31"",""created_time"":""2026-04-28T10:00:26.746119Z"",""no_price_dollars"":""0.3900"",""taker_side"":""yes"",""ticker"":""KXBTC15M-26APR280615-15"",""trade_id"":""42f018c6-54d7-7d03-c9cb-72cbc7eddf3c"",""yes_price_dollars"":""0.6100""}"
KXBTC15M-26APR280615-15,e48f931d-6d41-4844-f6ac-cb5c02dd2ca6,1777370426,0.6,39.0,no,"{""count_fp"":""39.00"",""created_time"":""2026-04-28T10:00:26.532018Z"",""no_price_dollars"":""0.4000"",""taker_side"":""no"",""ticker"":""KXBTC15M-26APR280615-15"",""trade_id"":""e48f931d-6d41-4844-f6ac-cb5c02dd2ca6"",""yes_price_dollars"":""0.6000""}"
KXBTC15M-26APR280615-15,d2cbfb8e-32bc-4c2d-edf4-6f4220b662c4,1777370426,0.6,87.96,no,"{""count_fp"":""87.96"",""created_time"":""2026-04-28T10:00:26.532018Z"",""no_price_dollars"":""0.4000"",""taker_side"":""no"",""ticker"":""KXBTC15M-26APR280615-15"",""trade_id"":""d2cbfb8e-32bc-4c2d-edf4-6f4220b662c4"",""yes_price_dollars"":""0.6000""}"
KXBTC15M-26APR280615-15,9e3896ad-e0be-412e-ff4f-54341a019950,1777370426,0.6,42.0,no,"{""count_fp"":""42.00"",""created_time"":""2026-04-28T10:00:26.532018Z"",""no_price_dollars"":""0.4000"",""taker_side"":""no"",""ticker"":""KXBTC15M-26APR280615-15"",""trade_id"":""9e3896ad-e0be-412e-ff4f-54341a019950"",""yes_price_dollars"":""0.6000""}"
KXBTC15M-26APR280615-15,87feb69c-3806-493c-c62a-f93afba96662,1777370426,0.6,10.0,no,"{""count_fp"":""10.00"",""created_time"":""2026-04-28T10:00:26.532018Z"",""no_price_dollars"":""0.4000"",""taker_side"":""no"",""ticker"":""KXBTC15M-26APR280615-15"",""trade_id"":""87feb69c-3806-493c-c62a-f93afba96662"",""yes_price_dollars"":""0.6000""}"
KXBTC15M-26APR280615-15,50b79881-7061-4882-eeb8-a2da28a74b49,1777370426,0.59,21.04,no,"{""count_fp"":""21.04"",""created_time"":""2026-04-28T10:00:26.532018Z"",""no_price_dollars"":""0.4100"",""taker_side"":""no"",""ticker"":""KXBTC15M-26APR280615-15"",""trade_id"":""50b79881-7061-4882-eeb8-a2da28a74b49"",""yes_price_dollars"":""0.5900""}"
KXBTC15M-26APR280615-15,b5b577f2-8da9-439f-9ad3-4e9ab4bdff06,1777370427,0.61,15.0,yes,"{""count_fp"":""15.00"",""created_time"":""2026-04-28T10:00:27.491689Z"",""no_price_dollars"":""0.3900"",""taker_side"":""yes"",""ticker"":""KXBTC15M-26APR280615-15"",""trade_id"":""b5b577f2-8da9-439f-9ad3-4e9ab4bdff06"",""yes_price_dollars"":""0.6100""}"
KXBTC15M-26APR280615-15,f018fa46-9c64-5bdf-6a77-c5b01a470162,1777370427,0.61,3.0,yes,"{""count_fp"":""3.00"",""created_time"":""2026-04-28T10:00:27.435042Z"",""no_price_dollars"":""0.3900"",""taker_side"":""yes"",""ticker"":""KXBTC15M-26APR280615-15"",""trade_id"":""f018fa46-9c64-5bdf-6a77-c5b01a470162"",""yes_price_dollars"":""0.6100""}"
KXBTC15M-26APR280615-15,2b0ead0f-81b5-5939-6bd0-cb8bb050fe0c,1777370427,0.61,6.42,yes,"{""count_fp"":""6.42"",""created_time"":""2026-04-28T10:00:27.435042Z"",""no_price_dollars"":""0.3900"",""taker_side"":""yes"",""ticker"":""KXBTC15M-26APR280615-15"",""trade_id"":""2b0ead0f-81b5-5939-6bd0-cb8bb050fe0c"",""yes_price_dollars"":""0.6100""}"
KXBTC15M-26APR280615-15,28e95617-dc05-5a17-6134-9a419d719f4a,1777370427,0.61,21.31,yes,"{""count_fp"":""21.31"",""created_time"":""2026-04-28T10:00:27.435042Z"",""no_price_dollars"":""0.3900"",""taker_side"":""yes"",""ticker"":""KXBTC15M-26APR280615-15"",""trade_id"":""28e95617-dc05-5a17-6134-9a419d719f4a"",""yes_price_dollars"":""0.6100""}"
KXBTC15M-26APR280615-15,24c26988-d035-5221-599c-9c4434a4d277,1777370427,0.61,1.0,yes,"{""count_fp"":""1.00"",""created_time"":""2026-04-28T10:00:27.435042Z"",""no_price_dollars"":""0.3900"",""taker_side"":""yes"",""ticker"":""KXBTC15M-26APR280615-15"",""trade_id"":""24c26988-d035-5221-599c-9c4434a4d277"",""yes_price_dollars"":""0.6100""}"
KXBTC15M-26APR280615-15,4e49a976-e7b1-49b1-db0a-cf7c1d1aeed0,1777370427,0.61,7.93,yes,"{""count_fp"":""7.93"",""created_time"":""2026-04-28T10:00:27.385244Z"",""no_price_dollars"":""0.3900"",""taker_side"":""yes"",""ticker"":""KXBTC15M-26APR280615-15"",""trade_id"":""4e49a976-e7b1-49b1-db0a-cf7c1d1aeed0"",""yes_price_dollars"":""0.6100""}"
KXBTC15M-26APR280615-15,eb1e4c1a-c051-4ac5-3a18-d49c0defd4a8,1777370427,0.61,1.59,yes,"{""count_fp"":""1.59"",""created_time"":""2026-04-28T10:00:27.343716Z"",""no_price_dollars"":""0.3900"",""taker_side"":""yes"",""ticker"":""KXBTC15M-26APR280615-15"",""trade_id"":""eb1e4c1a-c051-4ac5-3a18-d49c0defd4a8"",""yes_price_dollars"":""0.6100""}"
KXBTC15M-26APR280615-15,9729d86d-fa3e-5c9f-59f0-f612021ed8fe,1777370428,0.6,1.0,no,"{""count_fp"":""1.00"",""created_time"":""2026-04-28T10:00:28.007829Z"",""no_price_dollars"":""0.4000"",""taker_side"":""no"",""ticker"":""KXBTC15M-26APR280615-15"",""trade_id"":""9729d86d-fa3e-5c9f-59f0-f612021ed8fe"",""yes_price_dollars"":""0.6000""}"
KXBTC15M-26APR280615-15,04758dcb-971a-55ba-76c4-ff6dc9b94ece,1777370428,0.6,39.0,no,"{""count_fp"":""39.00"",""created_time"":""2026-04-28T10:00:28.007829Z"",""no_price_dollars"":""0.4000"",""taker_side"":""no"",""ticker"":""KXBTC15M-26APR280615-15"",""trade_id"":""04758dcb-971a-55ba-76c4-ff6dc9b94ece"",""yes_price_dollars"":""0.6000""}"
KXBTC15M-26APR280615-15,f361f315-2aec-5800-2c90-d4adb96bf952,1777370429,0.61,1.0,yes,"{""count_fp"":""1.00"",""created_time"":""2026-04-28T10:00:29.672777Z"",""no_price_dollars"":""0.3900"",""taker_side"":""yes"",""ticker"":""KXBTC15M-26APR280615-15"",""trade_id"":""f361f315-2aec-5800-2c90-d4adb96bf952"",""yes_price_dollars"":""0.6100""}"
KXBTC15M-26APR280615-15,c676e78d-9fcf-53d3-27a8-7ba3c7b937be,1777370429,0.61,13.0,yes,"{""count_fp"":""13.00"",""created_time"":""2026-04-28T10:00:29.672777Z"",""no_price_dollars"":""0.3900"",""taker_side"":""yes"",""ticker"":""KXBTC15M-26APR280615-15"",""trade_id"":""c676e78d-9fcf-53d3-27a8-7ba3c7b937be"",""yes_price_dollars"":""0.6100""}"
KXBTC15M-26APR280615-15,b3fe08a3-7185-519b-3a1f-d45817f58dc6,1777370429,0.61,3.69,yes,"{""count_fp"":""3.69"",""created_time"":""2026-04-28T10:00:29.672777Z"",""no_price_dollars"":""0.3900"",""taker_side"":""yes"",""ticker"":""KXBTC15M-26APR280615-15"",""trade_id"":""b3fe08a3-7185-519b-3a1f-d45817f58dc6"",""yes_price_dollars"":""0.6100""}"
KXBTC15M-26APR280615-15,b1c04e10-1993-5e20-237d-91b1f0506bf2,1777370429,0.61,3.0,yes,"{""count_fp"":""3.00"",""created_time"":""2026-04-28T10:00:29.672777Z"",""no_price_dollars"":""0.3900"",""taker_side"":""yes"",""ticker"":""KXBTC15M-26APR280615-15"",""trade_id"":""b1c04e10-1993-5e20-237d-91b1f0506bf2"",""yes_price_dollars"":""0.6100""}"
KXBTC15M-26APR280615-15,8ff8edf6-471e-5192-0362-f68202201e2f,1777370429,0.61,10.99,yes,"{""count_fp"":""10.99"",""created_time"":""2026-04-28T10:00:29.672777Z"",""no_price_dollars"":""0.3900"",""taker_side"":""yes"",""ticker"":""KXBTC15M-26APR280615-15"",""trade_id"":""8ff8edf6-471e-5192-0362-f68202201e2f"",""yes_price_dollars"":""0.6100""}"
KXBTC15M-26APR280615-15,41471106-ecfa-5726-2361-95f3c8de4fef,1777370429,0.61,467.32,yes,"{""count_fp"":""467.32"",""created_time"":""2026-04-28T10:00:29.672777Z"",""no_price_dollars"":""0.3900"",""taker_side"":""yes"",""ticker"":""KXBTC15M-26APR280615-15"",""trade_id"":""41471106-ecfa-5726-2361-95f3c8de4fef"",""yes_price_dollars"":""0.6100""}"
KXBTC15M-26APR280615-15,34d5f8a1-06c5-5cd6-11ae-abfb142d0dae,1777370429,0.61,1.0,yes,"{""count_fp"":""1.00"",""created_time"":""2026-04-28T10:00:29.672777Z"",""no_price_dollars"":""0.3900"",""taker_side"":""yes"",""ticker"":""KXBTC15M-26APR280615-15"",""trade_id"":""34d5f8a1-06c5-5cd6-11ae-abfb142d0dae"",""yes_price_dollars"":""0.6100""}"
KXBTC15M-26APR280615-15,aeab89b6-1b2d-4a97-901d-d671a73bac23,1777370429,0.6,4.0,no,"{""count_fp"":""4.00"",""created_time"":""2026-04-28T10:00:29.666124Z"",""no_price_dollars"":""0.4000"",""taker_side"":""no"",""ticker"":""KXBTC15M-26APR280615-15"",""trade_id"":""aeab89b6-1b2d-4a97-901d-d671a73bac23"",""yes_price_dollars"":""0.6000""}"
KXBTC15M-26APR280615-15,436f92de-15aa-41d2-8fbe-f29b0308f4f2,1777370429,0.6,1.0,no,"{""count_fp"":""1.00"",""created_time"":""2026-04-28T10:00:29.666124Z"",""no_price_dollars"":""0.4000"",""taker_side"":""no"",""ticker"":""KXBTC15M-26APR280615-15"",""trade_id"":""436f92de-15aa-41d2-8fbe-f29b0308f4f2"",""yes_price_dollars"":""0.6000""}"
KXBTC15M-26APR280615-15,e9342fde-1f40-4d7b-04ae-246a712565a5,1777370430,0.61,3.0,yes,"{""count_fp"":""3.00"",""created_time"":""2026-04-28T10:00:30.474806Z"",""no_price_dollars"":""0.3900"",""taker_side"":""yes"",""ticker"":""KXBTC15M-26APR280615-15"",""trade_id"":""e9342fde-1f40-4d7b-04ae-246a712565a5"",""yes_price_dollars"":""0.6100""}"
KXBTC15M-26APR280615-15,435b659b-7814-4db6-1062-535769461f31,1777370430,0.61,40.0,yes,"{""count_fp"":""40.00"",""created_time"":""2026-04-28T10:00:30.474806Z"",""no_price_dollars"":""0.3900"",""taker_side"":""yes"",""ticker"":""KXBTC15M-26APR280615-15"",""trade_id"":""435b659b-7814-4db6-1062-535769461f31"",""yes_price_dollars"":""0.6100""}"
KXBTC15M-26APR280615-15,3eeac4a3-1777-4472-3c46-179c4bb17973,1777370430,0.61,1.0,yes,"{""count_fp"":""1.00"",""created_time"":""2026-04-28T10:00:30.474806Z"",""no_price_dollars"":""0.3900"",""taker_side"":""yes"",""ticker"":""KXBTC15M-26APR280615-15"",""trade_id"":""3eeac4a3-1777-4472-3c46-179c4bb17973"",""yes_price_dollars"":""0.6100""}"
KXBTC15M-26APR280615-15,07d28e18-b1e1-4557-0b6d-e065191674bb,1777370430,0.61,35.78,yes,"{""count_fp"":""35.78"",""created_time"":""2026-04-28T10:00:30.474806Z"",""no_price_dollars"":""0.3900"",""taker_side"":""yes"",""ticker"":""KXBTC15M-26APR280615-15"",""trade_id"":""07d28e18-b1e1-4557-0b6d-e065191674bb"",""yes_price_dollars"":""0.6100""}"
KXBTC15M-26APR280615-15,4a1b2a09-a7b3-4202-908d-17b639932a72,1777370431,0.61,1.18,no,"{""count_fp"":""1.18"",""created_time"":""2026-04-28T10:00:31.915076Z"",""no_price_dollars"":""0.3900"",""taker_side"":""no"",""ticker"":""KXBTC15M-26APR280615-15"",""trade_id"":""4a1b2a09-a7b3-4202-908d-17b639932a72"",""yes_price_dollars"":""0.6100""}"
KXBTC15M-26APR280615-15,d4bb948e-7a4c-6a0a-7b20-aeb51b3a2e55,1777370431,0.61,2.0,yes,"{""count_fp"":""2.00"",""created_time"":""2026-04-28T10:00:31.198581Z"",""no_price_dollars"":""0.3900"",""taker_side"":""yes"",""ticker"":""KXBTC15M-26APR280615-15"",""trade_id"":""d4bb948e-7a4c-6a0a-7b20-aeb51b3a2e55"",""yes_price_dollars"":""0.6100""}"
KXBTC15M-26APR280615-15,5fa590c4-607d-7785-1529-19ca3bceb127,1777370432,0.63,1.0,yes,"{""count_fp"":""1.00"",""created_time"":""2026-04-28T10:00:32.804428Z"",""no_price_dollars"":""0.3700"",""taker_side"":""yes"",""ticker"":""KXBTC15M-26APR280615-15"",""trade_id"":""5fa590c4-607d-7785-1529-19ca3bceb127"",""yes_price_dollars"":""0.6300""}"
KXBTC15M-26APR280615-15,3ad62c15-8cd5-4f65-b74d-36ea517d08d3,1777370432,0.63,36.87,yes,"{""count_fp"":""36.87"",""created_time"":""2026-04-28T10:00:32.726918Z"",""no_price_dollars"":""0.3700"",""taker_side"":""yes"",""ticker"":""KXBTC15M-26APR280615-15"",""trade_id"":""3ad62c15-8cd5-4f65-b74d-36ea517d08d3"",""yes_price_dollars"":""0.6300""}"
KXBTC15M-26APR280615-15,2b646552-1788-5cef-f845-0676291e73b0,1777370432,0.62,2.35,no,"{""count_fp"":""2.35"",""created_time"":""2026-04-28T10:00:32.708517Z"",""no_price_dollars"":""0.3800"",""taker_side"":""no"",""ticker"":""KXBTC15M-26APR280615-15"",""trade_id"":""2b646552-1788-5cef-f845-0676291e73b0"",""yes_price_dollars"":""0.6200""}"
KXBTC15M-26APR280615-15,5f5a2cb6-4eed-7c89-64ef-107b50eeba73,1777370432,0.63,70.39,yes,"{""count_fp"":""70.39"",""created_time"":""2026-04-28T10:00:32.699277Z"",""no_price_dollars"":""0.3700"",""taker_side"":""yes"",""ticker"":""KXBTC15M-26APR280615-15"",""trade_id"":""5f5a2cb6-4eed-7c89-64ef-107b50eeba73"",""yes_price_dollars"":""0.6300""}"
KXBTC15M-26APR280615-15,c6b7cd5f-8fca-64fd-4906-129089904342,1777370432,0.62,1.0,yes,"{""count_fp"":""1.00"",""created_time"":""2026-04-28T10:00:32.680006Z"",""no_price_dollars"":""0.3800"",""taker_side"":""yes"",""ticker"":""KXBTC15M-26APR280615-15"",""trade_id"":""c6b7cd5f-8fca-64fd-4906-129089904342"",""yes_price_dollars"":""0.6200""}"
KXBTC15M-26APR280615-15,69416206-4f20-6587-7c3e-abd13d4dfd01,1777370432,0.62,3.0,yes,"{""count_fp"":""3.00"",""created_time"":""2026-04-28T10:00:32.680006Z"",""no_price_dollars"":""0.3800"",""taker_side"":""yes"",""ticker"":""KXBTC15M-26APR280615-15"",""trade_id"":""69416206-4f20-6587-7c3e-abd13d4dfd01"",""yes_price_dollars"":""0.6200""}"
KXBTC15M-26APR280615-15,3c1ff545-d5b0-6d03-7398-4d990d7067eb,1777370432,0.62,2.0,yes,"{""count_fp"":""2.00"",""created_time"":""2026-04-28T10:00:32.680006Z"",""no_price_dollars"":""0.3800"",""taker_side"":""yes"",""ticker"":""KXBTC15M-26APR280615-15"",""trade_id"":""3c1ff545-d5b0-6d03-7398-4d990d7067eb"",""yes_price_dollars"":""0.6200""}"
KXBTC15M-26APR280615-15,12b6b7a2-904b-6b79-6d65-840fb631f938,1777370432,0.62,132.0,yes,"{""count_fp"":""132.00"",""created_time"":""2026-04-28T10:00:32.680006Z"",""no_price_dollars"":""0.3800"",""taker_side"":""yes"",""ticker"":""KXBTC15M-26APR280615-15"",""trade_id"":""12b6b7a2-904b-6b79-6d65-840fb631f938"",""yes_price_dollars"":""0.6200""}"
KXBTC15M-26APR280615-15,0231bffe-ae4b-7eea-33db-95654d2af89e,1777370432,0.61,4.73,no,"{""count_fp"":""4.73"",""created_time"":""2026-04-28T10:00:32.254591Z"",""no_price_dollars"":""0.3900"",""taker_side"":""no"",""ticker"":""KXBTC15M-26APR280615-15"",""trade_id"":""0231bffe-ae4b-7eea-33db-95654d2af89e"",""yes_price_dollars"":""0.6100""}"
KXBTC15M-26APR280615-15,8d281bfb-ec63-70b6-bccc-2f47839dcc82,1777370432,0.61,6.0,no,"{""count_fp"":""6.00"",""created_time"":""2026-04-28T10:00:32.132361Z"",""no_price_dollars"":""0.3900"",""taker_side"":""no"",""ticker"":""KXBTC15M-26APR280615-15"",""trade_id"":""8d281bfb-ec63-70b6-bccc-2f47839dcc82"",""yes_price_dollars"":""0.6100""}"
KXBTC15M-26APR280615-15,561f01b0-f94f-4a47-32fa-c4e1e3c067c3,1777370433,0.63,3.0,no,"{""count_fp"":""3.00"",""created_time"":""2026-04-28T10:00:33.825874Z"",""no_price_dollars"":""0.3700"",""taker_side"":""no"",""ticker"":""KXBTC15M-26APR280615-15"",""trade_id"":""561f01b0-f94f-4a47-32fa-c4e1e3c067c3"",""yes_price_dollars"":""0.6300""}"
KXBTC15M-26APR280615-15,06b3d087-6169-4c9b-3581-13972d6d9738,1777370433,0.63,10.61,no,"{""count_fp"":""10.61"",""created_time"":""2026-04-28T10:00:33.825874Z"",""no_price_dollars"":""0.3700"",""taker_side"":""no"",""ticker"":""KXBTC15M-26APR280615-15"",""trade_id"":""06b3d087-6169-4c9b-3581-13972d6d9738"",""yes_price_dollars"":""0.6300""}"
KXBTC15M-26APR280615-15,f6b01f83-af6d-6585-7827-9a49035747aa,1777370433,0.63,3.0,yes,"{""count_fp"":""3.00"",""created_time"":""2026-04-28T10:00:33.348429Z"",""no_price_dollars"":""0.3700"",""taker_side"":""yes"",""ticker"":""KXBTC15M-26APR280615-15"",""trade_id"":""f6b01f83-af6d-6585-7827-9a49035747aa"",""yes_price_dollars"":""0.6300""}"
KXBTC15M-26APR280615-15,d0d31942-af15-6fd9-5621-bbfbc74c8833,1777370433,0.63,4.88,yes,"{""count_fp"":""4.88"",""created_time"":""2026-04-28T10:00:33.348429Z"",""no_price_dollars"":""0.3700"",""taker_side"":""yes"",""ticker"":""KXBTC15M-26APR280615-15"",""trade_id"":""d0d31942-af15-6fd9-5621-bbfbc74c8833"",""yes_price_dollars"":""0.6300""}"
KXBTC15M-26APR280615-15,63f4ce06-904d-63b8-5da2-3f9db23bed6a,1777370433,0.63,1.0,yes,"{""count_fp"":""1.00"",""created_time"":""2026-04-28T10:00:33.348429Z"",""no_price_dollars"":""0.3700"",""taker_side"":""yes"",""ticker"":""KXBTC15M-26APR280615-15"",""trade_id"":""63f4ce06-904d-63b8-5da2-3f9db23bed6a"",""yes_price_dollars"":""0.6300""}"
KXBTC15M-26APR280615-15,cd64dcc5-9d75-47e9-c5d0-9c00e9447c03,1777370433,0.63,3.06,yes,"{""count_fp"":""3.06"",""created_time"":""2026-04-28T10:00:33.274681Z"",""no_price_dollars"":""0.3700"",""taker_side"":""yes"",""ticker"":""KXBTC15M-26APR280615-15"",""trade_id"":""cd64dcc5-9d75-47e9-c5d0-9c00e9447c03"",""yes_price_dollars"":""0.6300""}"
KXBTC15M-26APR280615-15,75d615d1-f031-4365-f3f0-37554ed86feb,1777370433,0.63,22.8,yes,"{""count_fp"":""22.80"",""created_time"":""2026-04-28T10:00:33.086989Z"",""no_price_dollars"":""0.3700"",""taker_side"":""yes"",""ticker"":""KXBTC15M-26APR280615-15"",""trade_id"":""75d615d1-f031-4365-f3f0-37554ed86feb"",""yes_price_dollars"":""0.6300""}"
KXBTC15M-26APR280615-15,df74f99a-8211-57db-9896-4840ace69bc4,1777370434,0.63,0.49,no,"{""count_fp"":""0.49"",""created_time"":""2026-04-28T10:00:34.324866Z"",""no_price_dollars"":""0.3700"",""taker_side"":""no"",""ticker"":""KXBTC15M-26APR280615-15"",""trade_id"":""df74f99a-8211-57db-9896-4840ace69bc4"",""yes_price_dollars"":""0.6300""}"
KXBTC15M-26APR280615-15,aa998ce2-32df-6a0e-10b3-19b620449f50,1777370435,0.65,73.15,yes,"{""count_fp"":""73.15"",""created_time"":""2026-04-28T10:00:35.543953Z"",""no_price_dollars"":""0.3500"",""taker_side"":""yes"",""ticker"":""KXBTC15M-26APR280615-15"",""trade_id"":""aa998ce2-32df-6a0e-10b3-19b620449f50"",""yes_price_dollars"":""0.6500""}"
KXBTC15M-26APR280615-15,a52a6ebe-e78b-5e83-79fd-44546d643810,1777370435,0.64,0.52,yes,"{""count_fp"":""0.52"",""created_time"":""2026-04-28T10:00:35.185119Z"",""no_price_dollars"":""0.3600"",""taker_side"":""yes"",""ticker"":""KXBTC15M-26APR280615-15"",""trade_id"":""a52a6ebe-e78b-5e83-79fd-44546d643810"",""yes_price_dollars"":""0.6400""}"
KXBTC15M-26APR280615-15,d142a085-15e9-7860-92c3-3823d69b934b,1777370435,0.64,1.0,yes,"{""count_fp"":""1.00"",""created_time"":""2026-04-28T10:00:35.181139Z"",""no_price_dollars"":""0.3600"",""taker_side"":""yes"",""ticker"":""KXBTC15M-26APR280615-15"",""trade_id"":""d142a085-15e9-7860-92c3-3823d69b934b"",""yes_price_dollars"":""0.6400""}"
KXBTC15M-26APR280615-15,ad4d2c8b-3abc-7829-bed8-bcb6d26910b4,1777370435,0.64,3.0,yes,"{""count_fp"":""3.00"",""created_time"":""2026-04-28T10:00:35.181139Z"",""no_price_dollars"":""0.3600"",""taker_side"":""yes"",""ticker"":""KXBTC15M-26APR280615-15"",""trade_id"":""ad4d2c8b-3abc-7829-bed8-bcb6d26910b4"",""yes_price_dollars"":""0.6400""}"
KXBTC15M-26APR280615-15,579d6167-960f-77ec-993d-a63d343f601a,1777370435,0.64,76.52,yes,"{""count_fp"":""76.52"",""created_time"":""2026-04-28T10:00:35.181139Z"",""no_price_dollars"":""0.3600"",""taker_side"":""yes"",""ticker"":""KXBTC15M-26APR280615-15"",""trade_id"":""579d6167-960f-77ec-993d-a63d343f601a"",""yes_price_dollars"":""0.6400""}"
KXBTC15M-26APR280615-15,0167624b-710f-746f-9c4e-0d3514449e18,1777370435,0.64,9.48,yes,"{""count_fp"":""9.48"",""created_time"":""2026-04-28T10:00:35.181139Z"",""no_price_dollars"":""0.3600"",""taker_side"":""yes"",""ticker"":""KXBTC15M-26APR280615-15"",""trade_id"":""0167624b-710f-746f-9c4e-0d3514449e18"",""yes_price_dollars"":""0.6400""}"
KXBTC15M-26APR280615-15,405845ef-49fb-77d4-5bc2-0947a2c9e9fe,1777370435,0.64,62.48,yes,"{""count_fp"":""62.48"",""created_time"":""2026-04-28T10:00:35.100034Z"",""no_price_dollars"":""0.3600"",""taker_side"":""yes"",""ticker"":""KXBTC15M-26APR280615-15"",""trade_id"":""405845ef-49fb-77d4-5bc2-0947a2c9e9fe"",""yes_price_dollars"":""0.6400""}"
KXBTC15M-26APR280615-15,33d570cb-c8dd-485c-d360-3abfcf0bcbc2,1777370436,0.64,24.0,no,"{""count_fp"":""24.00"",""created_time"":""2026-04-28T10:00:36.959795Z"",""no_price_dollars"":""0.3600"",""taker_side"":""no"",""ticker"":""KXBTC15M-26APR280615-15"",""trade_id"":""33d570cb-c8dd-485c-d360-3abfcf0bcbc2"",""yes_price_dollars"":""0.6400""}"
KXBTC15M-26APR280615-15,e80f270a-f54b-5d07-12a8-3ec19f1fc7ae,1777370436,0.64,10.0,no,"{""count_fp"":""10.00"",""created_time"":""2026-04-28T10:00:36.890357Z"",""no_price_dollars"":""0.3600"",""taker_side"":""no"",""ticker"":""KXBTC15M-26APR280615-15"",""trade_id"":""e80f270a-f54b-5d07-12a8-3ec19f1fc7ae"",""yes_price_dollars"":""0.6400""}"
KXBTC15M-26APR280615-15,9d1833b3-de38-5275-211b-1448c1bb0de2,1777370436,0.64,11.75,no,"{""count_fp"":""11.75"",""created_time"":""2026-04-28T10:00:36.890357Z"",""no_price_dollars"":""0.3600"",""taker_side"":""no"",""ticker"":""KXBTC15M-26APR280615-15"",""trade_id"":""9d1833b3-de38-5275-211b-1448c1bb0de2"",""yes_price_dollars"":""0.6400""}"
KXBTC15M-26APR280615-15,08f0559f-7202-5339-2c21-1ea0d3f25066,1777370436,0.64,10.0,no,"{""count_fp"":""10.00"",""created_time"":""2026-04-28T10:00:36.890357Z"",""no_price_dollars"":""0.3600"",""taker_side"":""no"",""ticker"":""KXBTC15M-26APR280615-15"",""trade_id"":""08f0559f-7202-5339-2c21-1ea0d3f25066"",""yes_price_dollars"":""0.6400""}"
KXBTC15M-26APR280615-15,dd1a7bbc-6f52-696f-6b37-0591f6453fed,1777370436,0.64,3.0,no,"{""count_fp"":""3.00"",""created_time"":""2026-04-28T10:00:36.859165Z"",""no_price_dollars"":""0.3600"",""taker_side"":""no"",""ticker"":""KXBTC15M-26APR280615-15"",""trade_id"":""dd1a7bbc-6f52-696f-6b37-0591f6453fed"",""yes_price_dollars"":""0.6400""}"
KXBTC15M-26APR280615-15,79c5132a-a54a-66bc-5d6c-16ceecaec985,1777370436,0.64,20.71,no,"{""count_fp"":""20.71"",""created_time"":""2026-04-28T10:00:36.859165Z"",""no_price_dollars"":""0.3600"",""taker_side"":""no"",""ticker"":""KXBTC15M-26APR280615-15"",""trade_id"":""79c5132a-a54a-66bc-5d6c-16ceecaec985"",""yes_price_dollars"":""0.6400""}"
KXBTC15M-26APR280615-15,4df7a39f-7da3-4002-b118-fe1601a80bec,1777370436,0.65,43.54,yes,"{""count_fp"":""43.54"",""created_time"":""2026-04-28T10:00:36.514974Z"",""no_price_dollars"":""0.3500"",""taker_side"":""yes"",""ticker"":""KXBTC15M-26APR280615-15"",""trade_id"":""4df7a39f-7da3-4002-b118-fe1601a80bec"",""yes_price_dollars"":""0.6500""}"
KXBTC15M-26APR280615-15,738ea805-752f-50ea-37a5-72a1f819f498,1777370436,0.65,1.45,yes,"{""count_fp"":""1.45"",""created_time"":""2026-04-28T10:00:36.478198Z"",""no_price_dollars"":""0.3500"",""taker_side"":""yes"",""ticker"":""KXBTC15M-26APR280615-15"",""trade_id"":""738ea805-752f-50ea-37a5-72a1f819f498"",""yes_price_dollars"":""0.6500""}"
KXBTC15M-26APR280615-15,976b2ceb-fd93-4ff2-a523-fe9ad4163e94,1777370436,0.65,3.0,yes,"{""count_fp"":""3.00"",""created_time"":""2026-04-28T10:00:36.256518Z"",""no_price_dollars"":""0.3500"",""taker_side"":""yes"",""ticker"":""KXBTC15M-26APR280615-15"",""trade_id"":""976b2ceb-fd93-4ff2-a523-fe9ad4163e94"",""yes_price_dollars"":""0.6500""}"
KXBTC15M-26APR280615-15,995af432-45e1-6c2f-d10d-798937ef6237,1777370437,0.63,6.27,no,"{""count_fp"":""6.27"",""created_time"":""2026-04-28T10:00:37.772061Z"",""no_price_dollars"":""0.3700"",""taker_side"":""no"",""ticker"":""KXBTC15M-26APR280615-15"",""trade_id"":""995af432-45e1-6c2f-d10d-798937ef6237"",""yes_price_dollars"":""0.6300""}"
KXBTC15M-26APR280615-15,8d7d7e3c-e97e-6304-d55d-446ebad61569,1777370437,0.63,1.0,no,"{""count_fp"":""1.00"",""created_time"":""2026-04-28T10:00:37.772061Z"",""no_price_dollars"":""0.3700"",""taker_side"":""no"",""ticker"":""KXBTC15M-26APR280615-15"",""trade_id"":""8d7d7e3c-e97e-6304-d55d-446ebad61569"",""yes_price_dollars"":""0.6300""}"
KXBTC15M-26APR280615-15,51d5324f-70aa-6276-c662-2010dd172f53,1777370437,0.63,5.67,no,"{""count_fp"":""5.67"",""created_time"":""2026-04-28T10:00:37.772061Z"",""no_price_dollars"":""0.3700"",""taker_side"":""no"",""ticker"":""KXBTC15M-26APR280615-15"",""trade_id"":""51d5324f-70aa-6276-c662-2010dd172f53"",""yes_price_dollars"":""0.6300""}"
KXBTC15M-26APR280615-15,c0ae7093-e10e-507e-2eb2-dd5a1a8f0197,1777370437,0.63,25.06,no,"{""count_fp"":""25.06"",""created_time"":""2026-04-28T10:00:37.244988Z"",""no_price_dollars"":""0.3700"",""taker_side"":""no"",""ticker"":""KXBTC15M-26APR280615-15"",""trade_id"":""c0ae7093-e10e-507e-2eb2-dd5a1a8f0197"",""yes_price_dollars"":""0.6300""}"
KXBTC15M-26APR280615-15,8fde1ef6-a20d-74fb-5746-8270f8b4b59b,1777370438,0.63,305.29,yes,"{""count_fp"":""305.29"",""created_time"":""2026-04-28T10:00:38.822314Z"",""no_price_dollars"":""0.3700"",""taker_side"":""yes"",""ticker"":""KXBTC15M-26APR280615-15"",""trade_id"":""8fde1ef6-a20d-74fb-5746-8270f8b4b59b"",""yes_price_dollars"":""0.6300""}"
KXBTC15M-26APR280615-15,f53b348f-fa79-5343-a552-01f1e9e24e6f,1777370438,0.63,7.93,no,"{""count_fp"":""7.93"",""created_time"":""2026-04-28T10:00:38.758586Z"",""no_price_dollars"":""0.3700"",""taker_side"":""no"",""ticker"":""KXBTC15M-26APR280615-15"",""trade_id"":""f53b348f-fa79-5343-a552-01f1e9e24e6f"",""yes_price_dollars"":""0.6300""}"
KXBTC15M-26APR280615-15,f1a48478-d871-5840-a816-4cd20344d938,1777370438,0.63,3.0,no,"{""count_fp"":""3.00"",""created_time"":""2026-04-28T10:00:38.758586Z"",""no_price_dollars"":""0.3700"",""taker_side"":""no"",""ticker"":""KXBTC15M-26APR280615-15"",""trade_id"":""f1a48478-d871-5840-a816-4cd20344d938"",""yes_price_dollars"":""0.6300""}"
KXBTC15M-26APR280615-15,fc277c9b-5b51-6403-c08a-bef784e4e8fb,1777370438,0.63,11.07,no,"{""count_fp"":""11.07"",""created_time"":""2026-04-28T10:00:38.755178Z"",""no_price_dollars"":""0.3700"",""taker_side"":""no"",""ticker"":""KXBTC15M-26APR280615-15"",""trade_id"":""fc277c9b-5b51-6403-c08a-bef784e4e8fb"",""yes_price_dollars"":""0.6300""}"
KXBTC15M-26APR280615-15,b733d910-7639-60bb-cd57-8aaa65196d13,1777370438,0.63,12.73,no,"{""count_fp"":""12.73"",""created_time"":""2026-04-28T10:00:38.755178Z"",""no_price_dollars"":""0.3700"",""taker_side"":""no"",""ticker"":""KXBTC15M-26APR280615-15"",""trade_id"":""b733d910-7639-60bb-cd57-8aaa65196d13"",""yes_price_dollars"":""0.6300""}"
KXBTC15M-26APR280615-15,4179f8ce-4d2e-69d0-1018-2d2cf9664815,1777370438,0.64,30.03,yes,"{""count_fp"":""30.03"",""created_time"":""2026-04-28T10:00:38.334345Z"",""no_price_dollars"":""0.3600"",""taker_side"":""yes"",""ticker"":""KXBTC15M-26APR280615-15"",""trade_id"":""4179f8ce-4d2e-69d0-1018-2d2cf9664815"",""yes_price_dollars"":""0.6400""}"
KXBTC15M-26APR280615-15,8a807a93-0d0e-40bd-502f-d4102e63120f,1777370438,0.64,40.0,yes,"{""count_fp"":""40.00"",""created_time"":""2026-04-28T10:00:38.139915Z"",""no_price_dollars"":""0.3600"",""taker_side"":""yes"",""ticker"":""KXBTC15M-26APR280615-15"",""trade_id"":""8a807a93-0d0e-40bd-502f-d4102e63120f"",""yes_price_dollars"":""0.6400""}"
KXBTC15M-26APR280615-15,5a969895-9265-4e79-5680-d9dfe8e19fa1,1777370438,0.64,8.77,yes,"{""count_fp"":""8.77"",""created_time"":""2026-04-28T10:00:38.139915Z"",""no_price_dollars"":""0.3600"",""taker_side"":""yes"",""ticker"":""KXBTC15M-26APR280615-15"",""trade_id"":""5a969895-9265-4e79-5680-d9dfe8e19fa1"",""yes_price_dollars"":""0.6400""}"
KXBTC15M-26APR280615-15,ba5532c6-01bd-54b7-5f16-897a31729fd3,1777370438,0.63,1.0,no,"{""count_fp"":""1.00"",""created_time"":""2026-04-28T10:00:38.024857Z"",""no_price_dollars"":""0.3700"",""taker_side"":""no"",""ticker"":""KXBTC15M-26APR280615-15"",""trade_id"":""ba5532c6-01bd-54b7-5f16-897a31729fd3"",""yes_price_dollars"":""0.6300""}"
KXBTC15M-26APR280615-15,a83a2929-6949-7dd6-b7be-341ac3f86b02,1777370439,0.62,0.25,yes,"{""count_fp"":""0.25"",""created_time"":""2026-04-28T10:00:39.510465Z"",""no_price_dollars"":""0.3800"",""taker_side"":""yes"",""ticker"":""KXBTC15M-26APR280615-15"",""trade_id"":""a83a2929-6949-7dd6-b7be-341ac3f86b02"",""yes_price_dollars"":""0.6200""}"
KXBTC15M-26APR280615-15,b3804831-9a9e-6f5d-bd3a-27fe7d67f511,1777370439,0.62,1.0,no,"{""count_fp"":""1.00"",""created_time"":""2026-04-28T10:00:39.407879Z"",""no_price_dollars"":""0.3800"",""taker_side"":""no"",""ticker"":""KXBTC15M-26APR280615-15"",""trade_id"":""b3804831-9a9e-6f5d-bd3a-27fe7d67f511"",""yes_price_dollars"":""0.6200""}"
KXBTC15M-26APR280615-15,11cf3e2e-b8fd-6065-8977-8b17d81eab33,1777370439,0.62,10.0,no,"{""count_fp"":""10.00"",""created_time"":""2026-04-28T10:00:39.407879Z"",""no_price_dollars"":""0.3800"",""taker_side"":""no"",""ticker"":""KXBTC15M-26APR280615-15"",""trade_id"":""11cf3e2e-b8fd-6065-8977-8b17d81eab33"",""yes_price_dollars"":""0.6200""}"
KXBTC15M-26APR280615-15,02d62542-8d3d-6852-8857-044eb133a180,1777370439,0.61,1.0,no,"{""count_fp"":""1.00"",""created_time"":""2026-04-28T10:00:39.407879Z"",""no_price_dollars"":""0.3900"",""taker_side"":""no"",""ticker"":""KXBTC15M-26APR280615-15"",""trade_id"":""02d62542-8d3d-6852-8857-044eb133a180"",""yes_price_dollars"":""0.6100""}"
KXBTC15M-26APR280615-15,dbb1b484-ffa4-7130-4150-94e9c5cbb967,1777370440,0.63,20.0,yes,"{""count_fp"":""20.00"",""created_time"":""2026-04-28T10:00:40.587035Z"",""no_price_dollars"":""0.3700"",""taker_side"":""yes"",""ticker"":""KXBTC15M-26APR280615-15"",""trade_id"":""dbb1b484-ffa4-7130-4150-94e9c5cbb967"",""yes_price_dollars"":""0.6300""}"
KXBTC15M-26APR280615-15,d0951b98-985c-71f3-7c3c-8c83e9213810,1777370440,0.63,1.0,yes,"{""count_fp"":""1.00"",""created_time"":""2026-04-28T10:00:40.587035Z"",""no_price_dollars"":""0.3700"",""taker_side"":""yes"",""ticker"":""KXBTC15M-26APR280615-15"",""trade_id"":""d0951b98-985c-71f3-7c3c-8c83e9213810"",""yes_price_dollars"":""0.6300""}"
KXBTC15M-26APR280615-15,4e32d677-d15a-7f65-7055-e8f05856c367,1777370440,0.63,14.0,yes,"{""count_fp"":""14.00"",""created_time"":""2026-04-28T10:00:40.587035Z"",""no_price_dollars"":""0.3700"",""taker_side"":""yes"",""ticker"":""KXBTC15M-26APR280615-15"",""trade_id"":""4e32d677-d15a-7f65-7055-e8f05856c367"",""yes_price_dollars"":""0.6300""}"
KXBTC15M-26APR280615-15,7d02eebf-c201-47ce-313c-2d712fcb1a29,1777370440,0.62,10.0,yes,"{""count_fp"":""10.00"",""created_time"":""2026-04-28T10:00:40.486777Z"",""no_price_dollars"":""0.3800"",""taker_side"":""yes"",""ticker"":""KXBTC15M-26APR280615-15"",""trade_id"":""7d02eebf-c201-47ce-313c-2d712fcb1a29"",""yes_price_dollars"":""0.6200""}"
KXBTC15M-26APR280615-15,4991395c-1ea6-56ec-a6f5-1c2251e3021b,1777370440,0.62,5.69,yes,"{""count_fp"":""5.69"",""created_time"":""2026-04-28T10:00:40.486738Z"",""no_price_dollars"":""0.3800"",""taker_side"":""yes"",""ticker"":""KXBTC15M-26APR280615-15"",""trade_id"":""4991395c-1ea6-56ec-a6f5-1c2251e3021b"",""yes_price_dollars"":""0.6200""}"
KXBTC15M-26APR280615-15,36ec9318-e7dd-54b6-a71a-a8c5f2e5d2e9,1777370440,0.62,9.78,yes,"{""count_fp"":""9.78"",""created_time"":""2026-04-28T10:00:40.486738Z"",""no_price_dollars"":""0.3800"",""taker_side"":""yes"",""ticker"":""KXBTC15M-26APR280615-15"",""trade_id"":""36ec9318-e7dd-54b6-a71a-a8c5f2e5d2e9"",""yes_price_dollars"":""0.6200""}"
KXBTC15M-26APR280615-15,bd959314-b282-5688-97e7-c35821ec0c9f,1777370440,0.62,3.81,yes,"{""count_fp"":""3.81"",""created_time"":""2026-04-28T10:00:40.470774Z"",""no_price_dollars"":""0.3800"",""taker_side"":""yes"",""ticker"":""KXBTC15M-26APR280615-15"",""trade_id"":""bd959314-b282-5688-97e7-c35821ec0c9f"",""yes_price_dollars"":""0.6200""}"
KXBTC15M-26APR280615-15,ce037ac1-7915-6f33-c593-c6a9b5f1a1c6,1777370442,0.65,3.0,no,"{""count_fp"":""3.00"",""created_time"":""2026-04-28T10:00:42.581752Z"",""no_price_dollars"":""0.3500"",""taker_side"":""no"",""ticker"":""KXBTC15M-26APR280615-15"",""trade_id"":""ce037ac1-7915-6f33-c593-c6a9b5f1a1c6"",""yes_price_dollars"":""0.6500""}"
KXBTC15M-26APR280615-15,8ab41766-84d1-681f-c00c-39cc32777820,1777370442,0.65,15.9,no,"{""count_fp"":""15.90"",""created_time"":""2026-04-28T10:00:42.581752Z"",""no_price_dollars"":""0.3500"",""taker_side"":""no"",""ticker"":""KXBTC15M-26APR280615-15"",""trade_id"":""8ab41766-84d1-681f-c00c-39cc32777820"",""yes_price_dollars"":""0.6500""}"
KXBTC15M-26APR280615-15,5c6ee784-e294-64b6-de31-8c2fe5a655b0,1777370442,0.65,40.0,no,"{""count_fp"":""40.00"",""created_time"":""2026-04-28T10:00:42.581752Z"",""no_price_dollars"":""0.3500"",""taker_side"":""no"",""ticker"":""KXBTC15M-26APR280615-15"",""trade_id"":""5c6ee784-e294-64b6-de31-8c2fe5a655b0"",""yes_price_dollars"":""0.6500""}"
KXBTC15M-26APR280615-15,2e67b38c-6dee-688a-fae6-14d0ba1def7c,1777370442,0.65,2.57,no,"{""count_fp"":""2.57"",""created_time"":""2026-04-28T10:00:42.581752Z"",""no_price_dollars"":""0.3500"",""taker_side"":""no"",""ticker"":""KXBTC15M-26APR280615-15"",""trade_id"":""2e67b38c-6dee-688a-fae6-14d0ba1def7c"",""yes_price_dollars"":""0.6500""}"
KXBTC15M-26APR280615-15,91152026-d54a-5c8c-b3de-b4702dac1d6b,1777370442,0.65,0.83,yes,"{""count_fp"":""0.83"",""created_time"":""2026-04-28T10:00:42.480264Z"",""no_price_dollars"":""0.3500"",""taker_side"":""yes"",""ticker"":""KXBTC15M-26APR280615-15"",""trade_id"":""91152026-d54a-5c8c-b3de-b4702dac1d6b"",""yes_price_dollars"":""0.6500""}"
KXBTC15M-26APR280615-15,e2078f90-920e-4604-b9ea-6754fd5149bf,1777370442,0.65,0.17,yes,"{""count_fp"":""0.17"",""created_time"":""2026-04-28T10:00:42.479351Z"",""no_price_dollars"":""0.3500"",""taker_side"":""yes"",""ticker"":""KXBTC15M-26APR280615-15"",""trade_id"":""e2078f90-920e-4604-b9ea-6754fd5149bf"",""yes_price_dollars"":""0.6500""}"
KXBTC15M-26APR280615-15,b30850fe-2788-41b3-89a4-db374fe4d254,1777370442,0.65,4.0,yes,"{""count_fp"":""4.00"",""created_time"":""2026-04-28T10:00:42.479351Z"",""no_price_dollars"":""0.3500"",""taker_side"":""yes"",""ticker"":""KXBTC15M-26APR280615-15"",""trade_id"":""b30850fe-2788-41b3-89a4-db374fe4d254"",""yes_price_dollars"":""0.6500""}"
KXBTC15M-26APR280615-15,8c38a600-41f0-4c51-9093-f4f83d3aa15d,1777370442,0.65,3.0,yes,"{""count_fp"":""3.00"",""created_time"":""2026-04-28T10:00:42.479351Z"",""no_price_dollars"":""0.3500"",""taker_side"":""yes"",""ticker"":""KXBTC15M-26APR280615-15"",""trade_id"":""8c38a600-41f0-4c51-9093-f4f83d3aa15d"",""yes_price_dollars"":""0.6500""}"
KXBTC15M-26APR280615-15,77805bb2-1c9f-454e-9ffa-ec6c6195438c,1777370442,0.65,16.86,yes,"{""count_fp"":""16.86"",""created_time"":""2026-04-28T10:00:42.479351Z"",""no_price_dollars"":""0.3500"",""taker_side"":""yes"",""ticker"":""KXBTC15M-26APR280615-15"",""trade_id"":""77805bb2-1c9f-454e-9ffa-ec6c6195438c"",""yes_price_dollars"":""0.6500""}"
KXBTC15M-26APR280615-15,2858b44b-9ed6-4e34-94a0-32ecdf97ecf7,1777370442,0.65,1.0,yes,"{""count_fp"":""1.00"",""created_time"":""2026-04-28T10:00:42.479351Z"",""no_price_dollars"":""0.3500"",""taker_side"":""yes"",""ticker"":""KXBTC15M-26APR280615-15"",""trade_id"":""2858b44b-9ed6-4e34-94a0-32ecdf97ecf7"",""yes_price_dollars"":""0.6500""}"
KXBTC15M-26APR280615-15,dc653e1a-cc72-7b67-9105-d674a86cdd41,1777370442,0.64,1.0,yes,"{""count_fp"":""1.00"",""created_time"":""2026-04-28T10:00:42.472473Z"",""no_price_dollars"":""0.3600"",""taker_side"":""yes"",""ticker"":""KXBTC15M-26APR280615-15"",""trade_id"":""dc653e1a-cc72-7b67-9105-d674a86cdd41"",""yes_price_dollars"":""0.6400""}"
KXBTC15M-26APR280615-15,119d3f12-2e84-7870-a1e4-f0d1c8ccc50f,1777370442,0.64,1.0,yes,"{""count_fp"":""1.00"",""created_time"":""2026-04-28T10:00:42.472473Z"",""no_price_dollars"":""0.3600"",""taker_side"":""yes"",""ticker"":""KXBTC15M-26APR280615-15"",""trade_id"":""119d3f12-2e84-7870-a1e4-f0d1c8ccc50f"",""yes_price_dollars"":""0.6400""}"
KXBTC15M-26APR280615-15,f7b0dd17-ee0a-6eea-13c7-fb16a0a00b65,1777370443,0.66,3.0,yes,"{""count_fp"":""3.00"",""created_time"":""2026-04-28T10:00:43.271183Z"",""no_price_dollars"":""0.3400"",""taker_side"":""yes"",""ticker"":""KXBTC15M-26APR280615-15"",""trade_id"":""f7b0dd17-ee0a-6eea-13c7-fb16a0a00b65"",""yes_price_dollars"":""0.6600""}"
KXBTC15M-26APR280615-15,e8d54ead-1e86-6bac-1019-83e6be363fe7,1777370443,0.66,1.0,yes,"{""count_fp"":""1.00"",""created_time"":""2026-04-28T10:00:43.271183Z"",""no_price_dollars"":""0.3400"",""taker_side"":""yes"",""ticker"":""KXBTC15M-26APR280615-15"",""trade_id"":""e8d54ead-1e86-6bac-1019-83e6be363fe7"",""yes_price_dollars"":""0.6600""}"
KXBTC15M-26APR280615-15,aa14e851-9551-625a-1da4-b7fc5ad24eb9,1777370443,0.66,935.16,yes,"{""count_fp"":""935.16"",""created_time"":""2026-04-28T10:00:43.271183Z"",""no_price_dollars"":""0.3400"",""taker_side"":""yes"",""ticker"":""KXBTC15M-26APR280615-15"",""trade_id"":""aa14e851-9551-625a-1da4-b7fc5ad24eb9"",""yes_price_dollars"":""0.6600""}"
KXBTC15M-26APR280615-15,9fc1cec4-6082-6f49-0af9-105841fb125f,1777370443,0.66,40.0,yes,"{""count_fp"":""40.00"",""created_time"":""2026-04-28T10:00:43.271183Z"",""no_price_dollars"":""0.3400"",""taker_side"":""yes"",""ticker"":""KXBTC15M-26APR280615-15"",""trade_id"":""9fc1cec4-6082-6f49-0af9-105841fb125f"",""yes_price_dollars"":""0.6600""}"
KXBTC15M-26APR280615-15,69d1e211-8637-6019-26d6-78b75a65460c,1777370443,0.66,1.0,yes,"{""count_fp"":""1.00"",""created_time"":""2026-04-28T10:00:43.271183Z"",""no_price_dollars"":""0.3400"",""taker_side"":""yes"",""ticker"":""KXBTC15M-26APR280615-15"",""trade_id"":""69d1e211-8637-6019-26d6-78b75a65460c"",""yes_price_dollars"":""0.6600""}"
KXBTC15M-26APR280615-15,b6e234e0-afb3-52aa-f151-a485017d92a5,1777370443,0.64,40.0,no,"{""count_fp"":""40.00"",""created_time"":""2026-04-28T10:00:43.265719Z"",""no_price_dollars"":""0.3600"",""taker_side"":""no"",""ticker"":""KXBTC15M-26APR280615-15"",""trade_id"":""b6e234e0-afb3-52aa-f151-a485017d92a5"",""yes_price_dollars"":""0.6400""}"
KXBTC15M-26APR280615-15,712cc666-dcb6-569c-cc40-85ad44ad72c2,1777370443,0.65,10.0,no,"{""count_fp"":""10.00"",""created_time"":""2026-04-28T10:00:43.265719Z"",""no_price_dollars"":""0.3500"",""taker_side"":""no"",""ticker"":""KXBTC15M-26APR280615-15"",""trade_id"":""712cc666-dcb6-569c-cc40-85ad44ad72c2"",""yes_price_dollars"":""0.6500""}"
KXBTC15M-26APR280615-15,6b5dad06-1c24-5396-c23d-b95b6093f336,1777370443,0.64,1.77,no,"{""count_fp"":""1.77"",""created_time"":""2026-04-28T10:00:43.265719Z"",""no_price_dollars"":""0.3600"",""taker_side"":""no"",""ticker"":""KXBTC15M-26APR280615-15"",""trade_id"":""6b5dad06-1c24-5396-c23d-b95b6093f336"",""yes_price_dollars"":""0.6400""}"
KXBTC15M-26APR280615-15,ef39bcaf-302e-4bbb-b686-63a6d89e7e87,1777370445,0.66,40.0,yes,"{""count_fp"":""40.00"",""created_time"":""2026-04-28T10:00:45.444837Z"",""no_price_dollars"":""0.3400"",""taker_side"":""yes"",""ticker"":""KXBTC15M-26APR280615-15"",""trade_id"":""ef39bcaf-302e-4bbb-b686-63a6d89e7e87"",""yes_price_dollars"":""0.6600""}"
KXBTC15M-26APR280615-15,b3432908-9880-41fe-8c26-98e4efe0ca00,1777370445,0.66,1.0,yes,"{""count_fp"":""1.00"",""created_time"":""2026-04-28T10:00:45.444837Z"",""no_price_dollars"":""0.3400"",""taker_side"":""yes"",""ticker"":""KXBTC15M-26APR280615-15"",""trade_id"":""b3432908-9880-41fe-8c26-98e4efe0ca00"",""yes_price_dollars"":""0.6600""}"
KXBTC15M-26APR280615-15,5b78fdb8-6afd-4684-a6a5-bc90a779dd71,1777370445,0.66,11.23,yes,"{""count_fp"":""11.23"",""created_time"":""2026-04-28T10:00:45.444837Z"",""no_price_dollars"":""0.3400"",""taker_side"":""yes"",""ticker"":""KXBTC15M-26APR280615-15"",""trade_id"":""5b78fdb8-6afd-4684-a6a5-bc90a779dd71"",""yes_price_dollars"":""0.6600""}"
KXBTC15M-26APR280615-15,21a870b0-35f2-4039-bdbe-c9eb042e4b6a,1777370445,0.66,5.82,yes,"{""count_fp"":""5.82"",""created_time"":""2026-04-28T10:00:45.444837Z"",""no_price_dollars"":""0.3400"",""taker_side"":""yes"",""ticker"":""KXBTC15M-26APR280615-15"",""trade_id"":""21a870b0-35f2-4039-bdbe-c9eb042e4b6a"",""yes_price_dollars"":""0.6600""}"
KXBTC15M-26APR280615-15,06a71cd5-d932-4129-b041-db217ae3d455,1777370445,0.66,13.53,yes,"{""count_fp"":""13.53"",""created_time"":""2026-04-28T10:00:45.444837Z"",""no_price_dollars"":""0.3400"",""taker_side"":""yes"",""ticker"":""KXBTC15M-26APR280615-15"",""trade_id"":""06a71cd5-d932-4129-b041-db217ae3d455"",""yes_price_dollars"":""0.6600""}"
KXBTC15M-26APR280615-15,f5b6e39a-f67f-53e5-6ccf-cfca085c7ef4,1777370446,0.65,22.0,no,"{""count_fp"":""22.00"",""created_time"":""2026-04-28T10:00:46.699107Z"",""no_price_dollars"":""0.3500"",""taker_side"":""no"",""ticker"":""KXBTC15M-26APR280615-15"",""trade_id"":""f5b6e39a-f67f-53e5-6ccf-cfca085c7ef4"",""yes_price_dollars"":""0.6500""}"
KXBTC15M-26APR280615-15,ba9bd746-b2ca-4089-3726-e485bf59b9d6,1777370446,0.66,14.79,yes,"{""count_fp"":""14.79"",""created_time"":""2026-04-28T10:00:46.596135Z"",""no_price_dollars"":""0.3400"",""taker_side"":""yes"",""ticker"":""KXBTC15M-26APR280615-15"",""trade_id"":""ba9bd746-b2ca-4089-3726-e485bf59b9d6"",""yes_price_dollars"":""0.6600""}"
KXBTC15M-26APR280615-15,c9701b99-749a-43a1-021f-92e49ecbc52e,1777370446,0.66,1.47,yes,"{""count_fp"":""1.47"",""created_time"":""2026-04-28T10:00:46.315047Z"",""no_price_dollars"":""0.3400"",""taker_side"":""yes"",""ticker"":""KXBTC15M-26APR280615-15"",""trade_id"":""c9701b99-749a-43a1-021f-92e49ecbc52e"",""yes_price_dollars"":""0.6600""}"
KXBTC15M-26APR280615-15,8ea23657-3ebe-60d5-5a37-5a2d202a4f66,1777370446,0.66,10.0,yes,"{""count_fp"":""10.00"",""created_time"":""2026-04-28T10:00:46.028911Z"",""no_price_dollars"":""0.3400"",""taker_side"":""yes"",""ticker"":""KXBTC15M-26APR280615-15"",""trade_id"":""8ea23657-3ebe-60d5-5a37-5a2d202a4f66"",""yes_price_dollars"":""0.6600""}"
KXBTC15M-26APR280615-15,f90485f6-b962-6ae2-63d0-efd20f8b852b,1777370447,0.65,185.21,no,"{""count_fp"":""185.21"",""created_time"":""2026-04-28T10:00:47.964062Z"",""no_price_dollars"":""0.3500"",""taker_side"":""no"",""ticker"":""KXBTC15M-26APR280615-15"",""trade_id"":""f90485f6-b962-6ae2-63d0-efd20f8b852b"",""yes_price_dollars"":""0.6500""}"
KXBTC15M-26APR280615-15,efcebe35-00b0-6bc4-76d7-84639166fb3c,1777370447,0.65,3.0,no,"{""count_fp"":""3.00"",""created_time"":""2026-04-28T10:00:47.964062Z"",""no_price_dollars"":""0.3500"",""taker_side"":""no"",""ticker"":""KXBTC15M-26APR280615-15"",""trade_id"":""efcebe35-00b0-6bc4-76d7-84639166fb3c"",""yes_price_dollars"":""0.6500""}"
KXBTC15M-26APR280615-15,bc8a59e5-10dc-64f5-524e-2e2d538c92e2,1777370447,0.65,22.0,no,"{""count_fp"":""22.00"",""created_time"":""2026-04-28T10:00:47.964062Z"",""no_price_dollars"":""0.3500"",""taker_side"":""no"",""ticker"":""KXBTC15M-26APR280615-15"",""trade_id"":""bc8a59e5-10dc-64f5-524e-2e2d538c92e2"",""yes_price_dollars"":""0.6500""}"
KXBTC15M-26APR280615-15,220abacc-618f-61b8-4b4a-ab154d1e3dcf,1777370447,0.65,3.0,no,"{""count_fp"":""3.00"",""created_time"":""2026-04-28T10:00:47.964062Z"",""no_price_dollars"":""0.3500"",""taker_side"":""no"",""ticker"":""KXBTC15M-26APR280615-15"",""trade_id"":""220abacc-618f-61b8-4b4a-ab154d1e3dcf"",""yes_price_dollars"":""0.6500""}"
KXBTC15M-26APR280615-15,e76d2528-ad4a-5f25-a3fd-0cfbf2adb1a5,1777370447,0.65,7.0,no,"{""count_fp"":""7.00"",""created_time"":""2026-04-28T10:00:47.781797Z"",""no_price_dollars"":""0.3500"",""taker_side"":""no"",""ticker"":""KXBTC15M-26APR280615-15"",""trade_id"":""e76d2528-ad4a-5f25-a3fd-0cfbf2adb1a5"",""yes_price_dollars"":""0.6500""}"
KXBTC15M-26APR280615-15,b21c6bf6-e52e-5eb4-af63-f1532ad43f82,1777370447,0.65,3.0,no,"{""count_fp"":""3.00"",""created_time"":""2026-04-28T10:00:47.781797Z"",""no_price_dollars"":""0.3500"",""taker_side"":""no"",""ticker"":""KXBTC15M-26APR280615-15"",""trade_id"":""b21c6bf6-e52e-5eb4-af63-f1532ad43f82"",""yes_price_dollars"":""0.6500""}"
KXBTC15M-26APR280615-15,0795623e-bc5e-44e9-9a7c-49dce184d9ee,1777370447,0.66,44.1,yes,"{""count_fp"":""44.10"",""created_time"":""2026-04-28T10:00:47.515956Z"",""no_price_dollars"":""0.3400"",""taker_side"":""yes"",""ticker"":""KXBTC15M-26APR280615-15"",""trade_id"":""0795623e-bc5e-44e9-9a7c-49dce184d9ee"",""yes_price_dollars"":""0.6600""}"
KXBTC15M-26APR280615-15,f3bcd328-535b-7693-8587-4676a8309d8e,1777370447,0.65,40.0,no,"{""count_fp"":""40.00"",""created_time"":""2026-04-28T10:00:47.504885Z"",""no_price_dollars"":""0.3500"",""taker_side"":""no"",""ticker"":""KXBTC15M-26APR280615-15"",""trade_id"":""f3bcd328-535b-7693-8587-4676a8309d8e"",""yes_price_dollars"":""0.6500""}"
KXBTC15M-26APR280615-15,b8ccce15-88fd-7dda-84eb-479194c8f164,1777370447,0.64,1.0,no,"{""count_fp"":""1.00"",""created_time"":""2026-04-28T10:00:47.504885Z"",""no_price_dollars"":""0.3600"",""taker_side"":""no"",""ticker"":""KXBTC15M-26APR280615-15"",""trade_id"":""b8ccce15-88fd-7dda-84eb-479194c8f164"",""yes_price_dollars"":""0.6400""}"
KXBTC15M-26APR280615-15,a1b1f20b-2ecf-7a1f-b676-92b72725c241,1777370447,0.64,31.93,no,"{""count_fp"":""31.93"",""created_time"":""2026-04-28T10:00:47.504885Z"",""no_price_dollars"":""0.3600"",""taker_side"":""no"",""ticker"":""KXBTC15M-26APR280615-15"",""trade_id"":""a1b1f20b-2ecf-7a1f-b676-92b72725c241"",""yes_price_dollars"":""0.6400""}"
KXBTC15M-26APR280615-15,84cc861f-20e0-7eb6-bdcb-dcd021d4824f,1777370447,0.65,1.0,no,"{""count_fp"":""1.00"",""created_time"":""2026-04-28T10:00:47.504885Z"",""no_price_dollars"":""0.3500"",""taker_side"":""no"",""ticker"":""KXBTC15M-26APR280615-15"",""trade_id"":""84cc861f-20e0-7eb6-bdcb-dcd021d4824f"",""yes_price_dollars"":""0.6500""}"
KXBTC15M-26APR280615-15,6c835338-1e8d-7e76-8fb4-9bc9f217ffe2,1777370447,0.65,1.23,no,"{""count_fp"":""1.23"",""created_time"":""2026-04-28T10:00:47.504885Z"",""no_price_dollars"":""0.3500"",""taker_side"":""no"",""ticker"":""KXBTC15M-26APR280615-15"",""trade_id"":""6c835338-1e8d-7e76-8fb4-9bc9f217ffe2"",""yes_price_dollars"":""0.6500""}"
KXBTC15M-26APR280615-15,5b35ea61-0704-7854-90b4-724832acd74f,1777370447,0.65,8.77,no,"{""count_fp"":""8.77"",""created_time"":""2026-04-28T10:00:47.504885Z"",""no_price_dollars"":""0.3500"",""taker_side"":""no"",""ticker"":""KXBTC15M-26APR280615-15"",""trade_id"":""5b35ea61-0704-7854-90b4-724832acd74f"",""yes_price_dollars"":""0.6500""}"
KXBTC15M-26APR280615-15,2912be96-283a-7ca4-9bbc-fdadde1fd5c3,1777370447,0.65,24.0,no,"{""count_fp"":""24.00"",""created_time"":""2026-04-28T10:00:47.504885Z"",""no_price_dollars"":""0.3500"",""taker_side"":""no"",""ticker"":""KXBTC15M-26APR280615-15"",""trade_id"":""2912be96-283a-7ca4-9bbc-fdadde1fd5c3"",""yes_price_dollars"":""0.6500""}"
KXBTC15M-26APR280615-15,1aad08e4-682d-74f9-8889-7e6052a8c880,1777370447,0.65,3.0,no,"{""count_fp"":""3.00"",""created_time"":""2026-04-28T10:00:47.504885Z"",""no_price_dollars"":""0.3500"",""taker_side"":""no"",""ticker"":""KXBTC15M-26APR280615-15"",""trade_id"":""1aad08e4-682d-74f9-8889-7e6052a8c880"",""yes_price_dollars"":""0.6500""}"
KXBTC15M-26APR280615-15,03c286c8-bbb3-7516-8021-692ea123f7bc,1777370447,0.65,22.0,no,"{""count_fp"":""22.00"",""created_time"":""2026-04-28T10:00:47.504885Z"",""no_price_dollars"":""0.3500"",""taker_side"":""no"",""ticker"":""KXBTC15M-26APR280615-15"",""trade_id"":""03c286c8-bbb3-7516-8021-692ea123f7bc"",""yes_price_dollars"":""0.6500""}"
KXBTC15M-26APR280615-15,e54fdda5-1347-6d28-db8e-332a80ea1956,1777370448,0.67,3.0,yes,"{""count_fp"":""3.00"",""created_time"":""2026-04-28T10:00:48.924172Z"",""no_price_dollars"":""0.3300"",""taker_side"":""yes"",""ticker"":""KXBTC15M-26APR280615-15"",""trade_id"":""e54fdda5-1347-6d28-db8e-332a80ea1956"",""yes_price_dollars"":""0.6700""}"
KXBTC15M-26APR280615-15,a7c821cc-a630-65c7-e375-d0ecf27ae6f5,1777370448,0.67,1.0,yes,"{""count_fp"":""1.00"",""created_time"":""2026-04-28T10:00:48.924172Z"",""no_price_dollars"":""0.3300"",""taker_side"":""yes"",""ticker"":""KXBTC15M-26APR280615-15"",""trade_id"":""a7c821cc-a630-65c7-e375-d0ecf27ae6f5"",""yes_price_dollars"":""0.6700""}"
KXBTC15M-26APR280615-15,2c1c5d03-eee9-6fde-eb5c-23404e26e178,1777370448,0.67,1.0,yes,"{""count_fp"":""1.00"",""created_time"":""2026-04-28T10:00:48.924172Z"",""no_price_dollars"":""0.3300"",""taker_side"":""yes"",""ticker"":""KXBTC15M-26APR280615-15"",""trade_id"":""2c1c5d03-eee9-6fde-eb5c-23404e26e178"",""yes_price_dollars"":""0.6700""}"
KXBTC15M-26APR280615-15,5ea2f5b7-e48e-763a-cf7a-846d8f572300,1777370448,0.66,1.0,yes,"{""count_fp"":""1.00"",""created_time"":""2026-04-28T10:00:48.912373Z"",""no_price_dollars"":""0.3400"",""taker_side"":""yes"",""ticker"":""KXBTC15M-26APR280615-15"",""trade_id"":""5ea2f5b7-e48e-763a-cf7a-846d8f572300"",""yes_price_dollars"":""0.6600""}"
KXBTC15M-26APR280615-15,36e03c0f-3ff0-70cb-d72f-82fcd534b8fd,1777370448,0.67,1.0,yes,"{""count_fp"":""1.00"",""created_time"":""2026-04-28T10:00:48.912373Z"",""no_price_dollars"":""0.3300"",""taker_side"":""yes"",""ticker"":""KXBTC15M-26APR280615-15"",""trade_id"":""36e03c0f-3ff0-70cb-d72f-82fcd534b8fd"",""yes_price_dollars"":""0.6700""}"
KXBTC15M-26APR280615-15,b8a5dd24-e622-58fe-c5c8-24a1ba04697f,1777370448,0.65,20.0,no,"{""count_fp"":""20.00"",""created_time"":""2026-04-28T10:00:48.518283Z"",""no_price_dollars"":""0.3500"",""taker_side"":""no"",""ticker"":""KXBTC15M-26APR280615-15"",""trade_id"":""b8a5dd24-e622-58fe-c5c8-24a1ba04697f"",""yes_price_dollars"":""0.6500""}"
KXBTC15M-26APR280615-15,7a5baf7c-bfe6-5838-566a-1d51b3537704,1777370448,0.66,40.0,yes,"{""count_fp"":""40.00"",""created_time"":""2026-04-28T10:00:48.452656Z"",""no_price_dollars"":""0.3400"",""taker_side"":""yes"",""ticker"":""KXBTC15M-26APR280615-15"",""trade_id"":""7a5baf7c-bfe6-5838-566a-1d51b3537704"",""yes_price_dollars"":""0.6600""}"
KXBTC15M-26APR280615-15,580e98b4-cab2-5729-6b9c-8baaeb3cd5ea,1777370448,0.66,85.42,yes,"{""count_fp"":""85.42"",""created_time"":""2026-04-28T10:00:48.452656Z"",""no_price_dollars"":""0.3400"",""taker_side"":""yes"",""ticker"":""KXBTC15M-26APR280615-15"",""trade_id"":""580e98b4-cab2-5729-6b9c-8baaeb3cd5ea"",""yes_price_dollars"":""0.6600""}"
KXBTC15M-26APR280615-15,64ea9458-0e6a-4532-7a9e-55ca0bbc315f,1777370448,0.65,1.0,no,"{""count_fp"":""1.00"",""created_time"":""2026-04-28T10:00:48.329474Z"",""no_price_dollars"":""0.3500"",""taker_side"":""no"",""ticker"":""KXBTC15M-26APR280615-15"",""trade_id"":""64ea9458-0e6a-4532-7a9e-55ca0bbc315f"",""yes_price_dollars"":""0.6500""}"
KXBTC15M-26APR280615-15,53f8b9eb-cf46-524a-cc86-390f2f7750ef,1777370449,0.68,2.89,yes,"{""count_fp"":""2.89"",""created_time"":""2026-04-28T10:00:49.624598Z"",""no_price_dollars"":""0.3200"",""taker_side"":""yes"",""ticker"":""KXBTC15M-26APR280615-15"",""trade_id"":""53f8b9eb-cf46-524a-cc86-390f2f7750ef"",""yes_price_dollars"":""0.6800""}"
KXBTC15M-26APR280615-15,fdb71630-98ff-516f-f420-49c92b82392a,1777370449,0.68,3.0,no,"{""count_fp"":""3.00"",""created_time"":""2026-04-28T10:00:49.222092Z"",""no_price_dollars"":""0.3200"",""taker_side"":""no"",""ticker"":""KXBTC15M-26APR280615-15"",""trade_id"":""fdb71630-98ff-516f-f420-49c92b82392a"",""yes_price_dollars"":""0.6800""}"
KXBTC15M-26APR280615-15,fc4872d9-d467-54ad-cd48-b17a0525c629,1777370449,0.67,14.47,no,"{""count_fp"":""14.47"",""created_time"":""2026-04-28T10:00:49.222092Z"",""no_price_dollars"":""0.3300"",""taker_side"":""no"",""ticker"":""KXBTC15M-26APR280615-15"",""trade_id"":""fc4872d9-d467-54ad-cd48-b17a0525c629"",""yes_price_dollars"":""0.6700""}"
KXBTC15M-26APR280615-15,f71b3124-a3c7-56bd-dca7-6455e5c78931,1777370449,0.67,40.0,no,"{""count_fp"":""40.00"",""created_time"":""2026-04-28T10:00:49.222092Z"",""no_price_dollars"":""0.3300"",""taker_side"":""no"",""ticker"":""KXBTC15M-26APR280615-15"",""trade_id"":""f71b3124-a3c7-56bd-dca7-6455e5c78931"",""yes_price_dollars"":""0.6700""}"
KXBTC15M-26APR280615-15,a3716f86-927d-534c-f2c3-bf69d76d8ec7,1777370449,0.66,40.0,no,"{""count_fp"":""40.00"",""created_time"":""2026-04-28T10:00:49.222092Z"",""no_price_dollars"":""0.3400"",""taker_side"":""no"",""ticker"":""KXBTC15M-26APR280615-15"",""trade_id"":""a3716f86-927d-534c-f2c3-bf69d76d8ec7"",""yes_price_dollars"":""0.6600""}"
KXBTC15M-26APR280615-15,38e24798-f5ca-56e8-d1ca-04a34e7fc9e1,1777370449,0.66,38.55,no,"{""count_fp"":""38.55"",""created_time"":""2026-04-28T10:00:49.222092Z"",""no_price_dollars"":""0.3400"",""taker_side"":""no"",""ticker"":""KXBTC15M-26APR280615-15"",""trade_id"":""38e24798-f5ca-56e8-d1ca-04a34e7fc9e1"",""yes_price_dollars"":""0.6600""}"
KXBTC15M-26APR280615-15,1fa07d76-0686-5a02-c3a5-57470cb4ca16,1777370449,0.68,16.0,no,"{""count_fp"":""16.00"",""created_time"":""2026-04-28T10:00:49.222092Z"",""no_price_dollars"":""0.3200"",""taker_side"":""no"",""ticker"":""KXBTC15M-26APR280615-15"",""trade_id"":""1fa07d76-0686-5a02-c3a5-57470cb4ca16"",""yes_price_dollars"":""0.6800""}"
KXBTC15M-26APR280615-15,295b1f5e-6c1f-7919-7838-35dbb02538a4,1777370449,0.69,1.0,yes,"{""count_fp"":""1.00"",""created_time"":""2026-04-28T10:00:49.104769Z"",""no_price_dollars"":""0.3100"",""taker_side"":""yes"",""ticker"":""KXBTC15M-26APR280615-15"",""trade_id"":""295b1f5e-6c1f-7919-7838-35dbb02538a4"",""yes_price_dollars"":""0.6900""}"
KXBTC15M-26APR280615-15,c6f9e835-e19c-4122-3506-6852c6b51b5a,1777370449,0.68,3.0,yes,"{""count_fp"":""3.00"",""created_time"":""2026-04-28T10:00:49.030219Z"",""no_price_dollars"":""0.3200"",""taker_side"":""yes"",""ticker"":""KXBTC15M-26APR280615-15"",""trade_id"":""c6f9e835-e19c-4122-3506-6852c6b51b5a"",""yes_price_dollars"":""0.6800""}"
KXBTC15M-26APR280615-15,8bba4567-b1a4-4116-291a-ed2e00decff2,1777370449,0.68,1.0,yes,"{""count_fp"":""1.00"",""created_time"":""2026-04-28T10:00:49.030219Z"",""no_price_dollars"":""0.3200"",""taker_side"":""yes"",""ticker"":""KXBTC15M-26APR280615-15"",""trade_id"":""8bba4567-b1a4-4116-291a-ed2e00decff2"",""yes_price_dollars"":""0.6800""}"
KXBTC15M-26APR280615-15,7dddbd99-b56e-477e-1c8f-7011b792c655,1777370449,0.68,2.0,yes,"{""count_fp"":""2.00"",""created_time"":""2026-04-28T10:00:49.030219Z"",""no_price_dollars"":""0.3200"",""taker_side"":""yes"",""ticker"":""KXBTC15M-26APR280615-15"",""trade_id"":""7dddbd99-b56e-477e-1c8f-7011b792c655"",""yes_price_dollars"":""0.6800""}"
KXBTC15M-26APR280615-15,8e3a744e-e894-4e80-e7cb-e541b7d2a482,1777370450,0.68,2.73,no,"{""count_fp"":""2.73"",""created_time"":""2026-04-28T10:00:50.888082Z"",""no_price_dollars"":""0.3200"",""taker_side"":""no"",""ticker"":""KXBTC15M-26APR280615-15"",""trade_id"":""8e3a744e-e894-4e80-e7cb-e541b7d2a482"",""yes_price_dollars"":""0.6800""}"
KXBTC15M-26APR280615-15,bebe5ab9-5b16-6472-6000-00f9b95b28fa,1777370450,0.68,1.0,yes,"{""count_fp"":""1.00"",""created_time"":""2026-04-28T10:00:50.814279Z"",""no_price_dollars"":""0.3200"",""taker_side"":""yes"",""ticker"":""KXBTC15M-26APR280615-15"",""trade_id"":""bebe5ab9-5b16-6472-6000-00f9b95b28fa"",""yes_price_dollars"":""0.6800""}"
KXBTC15M-26APR280615-15,af8edf26-d642-668a-7002-b3c9bde6e89b,1777370450,0.68,37.11,yes,"{""count_fp"":""37.11"",""created_time"":""2026-04-28T10:00:50.814279Z"",""no_price_dollars"":""0.3200"",""taker_side"":""yes"",""ticker"":""KXBTC15M-26APR280615-15"",""trade_id"":""af8edf26-d642-668a-7002-b3c9bde6e89b"",""yes_price_dollars"":""0.6800""}"
KXBTC15M-26APR280615-15,8717d3b9-e69c-656b-689d-1781e4cc2ee9,1777370450,0.69,58.25,yes,"{""count_fp"":""58.25"",""created_time"":""2026-04-28T10:00:50.814279Z"",""no_price_dollars"":""0.3100"",""taker_side"":""yes"",""ticker"":""KXBTC15M-26APR280615-15"",""trade_id"":""8717d3b9-e69c-656b-689d-1781e4cc2ee9"",""yes_price_dollars"":""0.6900""}"
KXBTC15M-26APR280615-15,53348ea1-88bc-64b7-6803-1427486f550b,1777370450,0.69,2.0,yes,"{""count_fp"":""2.00"",""created_time"":""2026-04-28T10:00:50.814279Z"",""no_price_dollars"":""0.3100"",""taker_side"":""yes"",""ticker"":""KXBTC15M-26APR280615-15"",""trade_id"":""53348ea1-88bc-64b7-6803-1427486f550b"",""yes_price_dollars"":""0.6900""}"
KXBTC15M-26APR280615-15,313402a9-cdd3-65ad-551f-eb101fbd15d4,1777370450,0.69,39.0,yes,"{""count_fp"":""39.00"",""created_time"":""2026-04-28T10:00:50.814279Z"",""no_price_dollars"":""0.3100"",""taker_side"":""yes"",""ticker"":""KXBTC15M-26APR280615-15"",""trade_id"":""313402a9-cdd3-65ad-551f-eb101fbd15d4"",""yes_price_dollars"":""0.6900""}"
KXBTC15M-26APR280615-15,0de4e30b-208d-6920-55b4-272065e64454,1777370450,0.69,1.0,yes,"{""count_fp"":""1.00"",""created_time"":""2026-04-28T10:00:50.814279Z"",""no_price_dollars"":""0.3100"",""taker_side"":""yes"",""ticker"":""KXBTC15M-26APR280615-15"",""trade_id"":""0de4e30b-208d-6920-55b4-272065e64454"",""yes_price_dollars"":""0.6900""}"
KXBTC15M-26APR280615-15,00d39a7f-1cab-6144-4e95-90989210eb26,1777370450,0.69,3.0,yes,"{""count_fp"":""3.00"",""created_time"":""2026-04-28T10:00:50.814279Z"",""no_price_dollars"":""0.3100"",""taker_side"":""yes"",""ticker"":""KXBTC15M-26APR280615-15"",""trade_id"":""00d39a7f-1cab-6144-4e95-90989210eb26"",""yes_price_dollars"":""0.6900""}"
KXBTC15M-26APR280615-15,b821cb4b-118e-5a31-6ba6-1aeb5e9b0adb,1777370450,0.67,13.66,no,"{""count_fp"":""13.66"",""created_time"":""2026-04-28T10:00:50.357151Z"",""no_price_dollars"":""0.3300"",""taker_side"":""no"",""ticker"":""KXBTC15M-26APR280615-15"",""trade_id"":""b821cb4b-118e-5a31-6ba6-1aeb5e9b0adb"",""yes_price_dollars"":""0.6700""}"
KXBTC15M-26APR280615-15,2a8e7961-45b9-5cdf-9a69-bc835772e738,1777370451,0.69,2.81,yes,"{""count_fp"":""2.81"",""created_time"":""2026-04-28T10:00:51.700924Z"",""no_price_dollars"":""0.3100"",""taker_side"":""yes"",""ticker"":""KXBTC15M-26APR280615-15"",""trade_id"":""2a8e7961-45b9-5cdf-9a69-bc835772e738"",""yes_price_dollars"":""0.6900""}"
KXBTC15M-26APR280615-15,ef034516-ec80-712a-2f6d-b4c2c6f9e54a,1777370451,0.69,7.0,yes,"{""count_fp"":""7.00"",""created_time"":""2026-04-28T10:00:51.521153Z"",""no_price_dollars"":""0.3100"",""taker_side"":""yes"",""ticker"":""KXBTC15M-26APR280615-15"",""trade_id"":""ef034516-ec80-712a-2f6d-b4c2c6f9e54a"",""yes_price_dollars"":""0.6900""}"
KXBTC15M-26APR280615-15,273199fd-3b2c-4b7a-0820-a930fbf66b02,1777370451,0.69,1.43,yes,"{""count_fp"":""1.43"",""created_time"":""2026-04-28T10:00:51.447533Z"",""no_price_dollars"":""0.3100"",""taker_side"":""yes"",""ticker"":""KXBTC15M-26APR280615-15"",""trade_id"":""273199fd-3b2c-4b7a-0820-a930fbf66b02"",""yes_price_dollars"":""0.6900""}"
KXBTC15M-26APR280615-15,af467c56-9476-5c73-b569-9587eb1a74cb,1777370451,0.68,22.0,no,"{""count_fp"":""22.00"",""created_time"":""2026-04-28T10:00:51.229481Z"",""no_price_dollars"":""0.3200"",""taker_side"":""no"",""ticker"":""KXBTC15M-26APR280615-15"",""trade_id"":""af467c56-9476-5c73-b569-9587eb1a74cb"",""yes_price_dollars"":""0.6800""}"
KXBTC15M-26APR280615-15,852ad3b5-e8e9-5750-9c64-775e7eb204db,1777370451,0.67,13.94,no,"{""count_fp"":""13.94"",""created_time"":""2026-04-28T10:00:51.229481Z"",""no_price_dollars"":""0.3300"",""taker_side"":""no"",""ticker"":""KXBTC15M-26APR280615-15"",""trade_id"":""852ad3b5-e8e9-5750-9c64-775e7eb204db"",""yes_price_dollars"":""0.6700""}"
KXBTC15M-26APR280615-15,4c125906-e375-5c67-8857-08dda7de1e7f,1777370451,0.68,3.0,no,"{""count_fp"":""3.00"",""created_time"":""2026-04-28T10:00:51.229481Z"",""no_price_dollars"":""0.3200"",""taker_side"":""no"",""ticker"":""KXBTC15M-26APR280615-15"",""trade_id"":""4c125906-e375-5c67-8857-08dda7de1e7f"",""yes_price_dollars"":""0.6800""}"
KXBTC15M-26APR280615-15,d983cc16-c92a-4ed5-8271-8af3d4b937c1,1777370452,0.69,4.04,yes,"{""count_fp"":""4.04"",""created_time"":""2026-04-28T10:00:52.678578Z"",""no_price_dollars"":""0.3100"",""taker_side"":""yes"",""ticker"":""KXBTC15M-26APR280615-15"",""trade_id"":""d983cc16-c92a-4ed5-8271-8af3d4b937c1"",""yes_price_dollars"":""0.6900""}"
KXBTC15M-26APR280615-15,1b7a2aab-fa63-4db0-aad9-9d4d7ca25368,1777370452,0.69,3.0,yes,"{""count_fp"":""3.00"",""created_time"":""2026-04-28T10:00:52.678578Z"",""no_price_dollars"":""0.3100"",""taker_side"":""yes"",""ticker"":""KXBTC15M-26APR280615-15"",""trade_id"":""1b7a2aab-fa63-4db0-aad9-9d4d7ca25368"",""yes_price_dollars"":""0.6900""}"
KXBTC15M-26APR280615-15,ebe5f8b1-4bb0-5b4d-2397-739e05bc5611,1777370452,0.69,23.0,yes,"{""count_fp"":""23.00"",""created_time"":""2026-04-28T10:00:52.258619Z"",""no_price_dollars"":""0.3100"",""taker_side"":""yes"",""ticker"":""KXBTC15M-26APR280615-15"",""trade_id"":""ebe5f8b1-4bb0-5b4d-2397-739e05bc5611"",""yes_price_dollars"":""0.6900""}"
KXBTC15M-26APR280615-15,e2c6884a-6324-5f65-083e-f2d0cc1ed9f4,1777370452,0.69,19.32,yes,"{""count_fp"":""19.32"",""created_time"":""2026-04-28T10:00:52.258619Z"",""no_price_dollars"":""0.3100"",""taker_side"":""yes"",""ticker"":""KXBTC15M-26APR280615-15"",""trade_id"":""e2c6884a-6324-5f65-083e-f2d0cc1ed9f4"",""yes_price_dollars"":""0.6900""}"
KXBTC15M-26APR280615-15,115e6f90-a4f9-5f87-3bbd-c09510205104,1777370452,0.69,97.19,yes,"{""count_fp"":""97.19"",""created_time"":""2026-04-28T10:00:52.258619Z"",""no_price_dollars"":""0.3100"",""taker_side"":""yes"",""ticker"":""KXBTC15M-26APR280615-15"",""trade_id"":""115e6f90-a4f9-5f87-3bbd-c09510205104"",""yes_price_dollars"":""0.6900""}"
KXBTC15M-26APR280615-15,8daa148a-da89-5fd7-57e1-212863cf23b7,1777370453,0.68,5.31,no,"{""count_fp"":""5.31"",""created_time"":""2026-04-28T10:00:53.887475Z"",""no_price_dollars"":""0.3200"",""taker_side"":""no"",""ticker"":""KXBTC15M-26APR280615-15"",""trade_id"":""8daa148a-da89-5fd7-57e1-212863cf23b7"",""yes_price_dollars"":""0.6800""}"
KXBTC15M-26APR280615-15,5dff8971-2b86-53aa-7989-d37d2902ad51,1777370453,0.68,10.0,no,"{""count_fp"":""10.00"",""created_time"":""2026-04-28T10:00:53.887475Z"",""no_price_dollars"":""0.3200"",""taker_side"":""no"",""ticker"":""KXBTC15M-26APR280615-15"",""trade_id"":""5dff8971-2b86-53aa-7989-d37d2902ad51"",""yes_price_dollars"":""0.6800""}"
KXBTC15M-26APR280615-15,217c94c1-292a-5a73-57c4-49814594ce8d,1777370453,0.68,9.07,no,"{""count_fp"":""9.07"",""created_time"":""2026-04-28T10:00:53.887475Z"",""no_price_dollars"":""0.3200"",""taker_side"":""no"",""ticker"":""KXBTC15M-26APR280615-15"",""trade_id"":""217c94c1-292a-5a73-57c4-49814594ce8d"",""yes_price_dollars"":""0.6800""}"
KXBTC15M-26APR280615-15,73a40d81-fc66-737c-ac3f-b7dde49c3c88,1777370453,0.69,14.18,yes,"{""count_fp"":""14.18"",""created_time"":""2026-04-28T10:00:53.645008Z"",""no_price_dollars"":""0.3100"",""taker_side"":""yes"",""ticker"":""KXBTC15M-26APR280615-15"",""trade_id"":""73a40d81-fc66-737c-ac3f-b7dde49c3c88"",""yes_price_dollars"":""0.6900""}"
KXBTC15M-26APR280615-15,13eb34c5-416e-7381-9ff1-4065f3273d85,1777370453,0.69,9.31,yes,"{""count_fp"":""9.31"",""created_time"":""2026-04-28T10:00:53.451041Z"",""no_price_dollars"":""0.3100"",""taker_side"":""yes"",""ticker"":""KXBTC15M-26APR280615-15"",""trade_id"":""13eb34c5-416e-7381-9ff1-4065f3273d85"",""yes_price_dollars"":""0.6900""}"
