ticker,trade_id,ts,yes_price,count,taker_side,raw_json
KXBTC15M-26APR281000-00,b9dfd0b1-d8aa-5530-5860-66bb137c8b19,1777383902,0.45,1.0,no,"{""count_fp"":""1.00"",""created_time"":""2026-04-28T13:45:02.536176Z"",""no_price_dollars"":""0.5500"",""taker_side"":""no"",""ticker"":""KXBTC15M-26APR281000-00"",""trade_id"":""b9dfd0b1-d8aa-5530-5860-66bb137c8b19"",""yes_price_dollars"":""0.4500""}"
KXBTC15M-26APR281000-00,af2dfafc-6ce2-58ee-4bd5-3692e591c5ce,1777383902,0.46,1.0,no,"{""count_fp"":""1.00"",""created_time"":""2026-04-28T13:45:02.536176Z"",""no_price_dollars"":""0.5400"",""taker_side"":""no"",""ticker"":""KXBTC15M-26APR281000-00"",""trade_id"":""af2dfafc-6ce2-58ee-4bd5-3692e591c5ce"",""yes_price_dollars"":""0.4600""}"
KXBTC15M-26APR281000-00,3bbf4fcc-5f49-5675-788d-1c9fdecfb634,1777383902,0.46,1.0,no,"{""count_fp"":""1.00"",""created_time"":""2026-04-28T13:45:02.536176Z"",""no_price_dollars"":""0.5400"",""taker_side"":""no"",""ticker"":""KXBTC15M-26APR281000-00"",""trade_id"":""3bbf4fcc-5f49-5675-788d-1c9fdecfb634"",""yes_price_dollars"":""0.4600""}"
KXBTC15M-26APR281000-00,271d789c-1a2f-5855-503d-1d221e787f05,1777383902,0.45,1.0,no,"{""count_fp"":""1.00"",""created_time"":""2026-04-28T13:45:02.536176Z"",""no_price_dollars"":""0.5500"",""taker_side"":""no"",""ticker"":""KXBTC15M-26APR281000-00"",""trade_id"":""271d789c-1a2f-5855-503d-1d221e787f05"",""yes_price_dollars"":""0.4500""}"
KXBTC15M-26APR281000-00,2109f9ab-686c-5885-452a-5156a1899005,1777383902,0.46,1.0,no,"{""count_fp"":""1.00"",""created_time"":""2026-04-28T13:45:02.536176Z"",""no_price_dollars"":""0.5400"",""taker_side"":""no"",""ticker"":""KXBTC15M-26APR281000-00"",""trade_id"":""2109f9ab-686c-5885-452a-5156a1899005"",""yes_price_dollars"":""0.4600""}"
KXBTC15M-26APR281000-00,02f7f2ee-b103-549d-78bd-4dfb76ec01df,1777383902,0.45,1.0,no,"{""count_fp"":""1.00"",""created_time"":""2026-04-28T13:45:02.536176Z"",""no_price_dollars"":""0.5500"",""taker_side"":""no"",""ticker"":""KXBTC15M-26APR281000-00"",""trade_id"":""02f7f2ee-b103-549d-78bd-4dfb76ec01df"",""yes_price_dollars"":""0.4500""}"
KXBTC15M-26APR281000-00,d08e81d3-64f1-5a63-efb6-1727d896eb68,1777383904,0.44,5.0,no,"{""count_fp"":""5.00"",""created_time"":""2026-04-28T13:45:04.021891Z"",""no_price_dollars"":""0.5600"",""taker_side"":""no"",""ticker"":""KXBTC15M-26APR281000-00"",""trade_id"":""d08e81d3-64f1-5a63-efb6-1727d896eb68"",""yes_price_dollars"":""0.4400""}"
KXBTC15M-26APR281000-00,7b2e8656-db1e-5980-f747-4aeab4373793,1777383904,0.44,1.0,no,"{""count_fp"":""1.00"",""created_time"":""2026-04-28T13:45:04.021891Z"",""no_price_dollars"":""0.5600"",""taker_side"":""no"",""ticker"":""KXBTC15M-26APR281000-00"",""trade_id"":""7b2e8656-db1e-5980-f747-4aeab4373793"",""yes_price_dollars"":""0.4400""}"
KXBTC15M-26APR281000-00,2dc9d08f-c086-5e94-c67a-f2237cfd0e6b,1777383904,0.43,1.0,no,"{""count_fp"":""1.00"",""created_time"":""2026-04-28T13:45:04.021891Z"",""no_price_dollars"":""0.5700"",""taker_side"":""no"",""ticker"":""KXBTC15M-26APR281000-00"",""trade_id"":""2dc9d08f-c086-5e94-c67a-f2237cfd0e6b"",""yes_price_dollars"":""0.4300""}"
KXBTC15M-26APR281000-00,2d379bab-0cc8-5655-e9e8-7090fccc95a7,1777383904,0.43,33.45,no,"{""count_fp"":""33.45"",""created_time"":""2026-04-28T13:45:04.021891Z"",""no_price_dollars"":""0.5700"",""taker_side"":""no"",""ticker"":""KXBTC15M-26APR281000-00"",""trade_id"":""2d379bab-0cc8-5655-e9e8-7090fccc95a7"",""yes_price_dollars"":""0.4300""}"
KXBTC15M-26APR281000-00,13c1b35c-f13f-593f-fd3c-9ffc978bb9ec,1777383904,0.44,1.0,no,"{""count_fp"":""1.00"",""created_time"":""2026-04-28T13:45:04.021891Z"",""no_price_dollars"":""0.5600"",""taker_side"":""no"",""ticker"":""KXBTC15M-26APR281000-00"",""trade_id"":""13c1b35c-f13f-593f-fd3c-9ffc978bb9ec"",""yes_price_dollars"":""0.4400""}"
KXBTC15M-26APR281000-00,720ff2b0-ff87-72fa-a7c0-467d41963090,1777383905,0.44,1.0,no,"{""count_fp"":""1.00"",""created_time"":""2026-04-28T13:45:05.769329Z"",""no_price_dollars"":""0.5600"",""taker_side"":""no"",""ticker"":""KXBTC15M-26APR281000-00"",""trade_id"":""720ff2b0-ff87-72fa-a7c0-467d41963090"",""yes_price_dollars"":""0.4400""}"
KXBTC15M-26APR281000-00,fcab1f73-f62d-4346-e48b-5cd1ecccfeaa,1777383905,0.43,1.0,no,"{""count_fp"":""1.00"",""created_time"":""2026-04-28T13:45:05.215397Z"",""no_price_dollars"":""0.5700"",""taker_side"":""no"",""ticker"":""KXBTC15M-26APR281000-00"",""trade_id"":""fcab1f73-f62d-4346-e48b-5cd1ecccfeaa"",""yes_price_dollars"":""0.4300""}"
KXBTC15M-26APR281000-00,fa58bccf-39e9-4f2d-ecef-8619dfbe358f,1777383905,0.43,9.0,no,"{""count_fp"":""9.00"",""created_time"":""2026-04-28T13:45:05.215397Z"",""no_price_dollars"":""0.5700"",""taker_side"":""no"",""ticker"":""KXBTC15M-26APR281000-00"",""trade_id"":""fa58bccf-39e9-4f2d-ecef-8619dfbe358f"",""yes_price_dollars"":""0.4300""}"
KXBTC15M-26APR281000-00,bb649a65-fbfc-49e0-c7c5-80d81bc5fd3d,1777383905,0.43,17.0,no,"{""count_fp"":""17.00"",""created_time"":""2026-04-28T13:45:05.215397Z"",""no_price_dollars"":""0.5700"",""taker_side"":""no"",""ticker"":""KXBTC15M-26APR281000-00"",""trade_id"":""bb649a65-fbfc-49e0-c7c5-80d81bc5fd3d"",""yes_price_dollars"":""0.4300""}"
KXBTC15M-26APR281000-00,8de0b290-f04c-4c45-cca1-4e9e3f7ab40e,1777383905,0.43,5.0,no,"{""count_fp"":""5.00"",""created_time"":""2026-04-28T13:45:05.215397Z"",""no_price_dollars"":""0.5700"",""taker_side"":""no"",""ticker"":""KXBTC15M-26APR281000-00"",""trade_id"":""8de0b290-f04c-4c45-cca1-4e9e3f7ab40e"",""yes_price_dollars"":""0.4300""}"
KXBTC15M-26APR281000-00,52b8be80-9185-59e4-8bdc-bf1f02dbfda4,1777383906,0.45,0.85,yes,"{""count_fp"":""0.85"",""created_time"":""2026-04-28T13:45:06.945255Z"",""no_price_dollars"":""0.5500"",""taker_side"":""yes"",""ticker"":""KXBTC15M-26APR281000-00"",""trade_id"":""52b8be80-9185-59e4-8bdc-bf1f02dbfda4"",""yes_price_dollars"":""0.4500""}"
KXBTC15M-26APR281000-00,087ec6be-8238-5f45-b2bb-3525c6152336,1777383906,0.45,2.22,yes,"{""count_fp"":""2.22"",""created_time"":""2026-04-28T13:45:06.945255Z"",""no_price_dollars"":""0.5500"",""taker_side"":""yes"",""ticker"":""KXBTC15M-26APR281000-00"",""trade_id"":""087ec6be-8238-5f45-b2bb-3525c6152336"",""yes_price_dollars"":""0.4500""}"
KXBTC15M-26APR281000-00,69032807-b93c-5361-4d00-f73871d6747a,1777383906,0.45,10.69,yes,"{""count_fp"":""10.69"",""created_time"":""2026-04-28T13:45:06.570618Z"",""no_price_dollars"":""0.5500"",""taker_side"":""yes"",""ticker"":""KXBTC15M-26APR281000-00"",""trade_id"":""69032807-b93c-5361-4d00-f73871d6747a"",""yes_price_dollars"":""0.4500""}"
KXBTC15M-26APR281000-00,54c3ef91-93a7-439e-363a-9f292ac1c454,1777383906,0.44,11.92,no,"{""count_fp"":""11.92"",""created_time"":""2026-04-28T13:45:06.377671Z"",""no_price_dollars"":""0.5600"",""taker_side"":""no"",""ticker"":""KXBTC15M-26APR281000-00"",""trade_id"":""54c3ef91-93a7-439e-363a-9f292ac1c454"",""yes_price_dollars"":""0.4400""}"
KXBTC15M-26APR281000-00,5f4fc3ba-9db8-420d-5a8c-a280401dddca,1777383906,0.45,2.09,yes,"{""count_fp"":""2.09"",""created_time"":""2026-04-28T13:45:06.289947Z"",""no_price_dollars"":""0.5500"",""taker_side"":""yes"",""ticker"":""KXBTC15M-26APR281000-00"",""trade_id"":""5f4fc3ba-9db8-420d-5a8c-a280401dddca"",""yes_price_dollars"":""0.4500""}"
KXBTC15M-26APR281000-00,67d8d60a-efc9-756c-63b0-c55bf81f58ef,1777383907,0.46,2.0,yes,"{""count_fp"":""2.00"",""created_time"":""2026-04-28T13:45:07.967197Z"",""no_price_dollars"":""0.5400"",""taker_side"":""yes"",""ticker"":""KXBTC15M-26APR281000-00"",""trade_id"":""67d8d60a-efc9-756c-63b0-c55bf81f58ef"",""yes_price_dollars"":""0.4600""}"
KXBTC15M-26APR281000-00,e1cb35b7-5b29-7db4-ab73-8e0c834116f0,1777383907,0.45,111.15,yes,"{""count_fp"":""111.15"",""created_time"":""2026-04-28T13:45:07.210828Z"",""no_price_dollars"":""0.5500"",""taker_side"":""yes"",""ticker"":""KXBTC15M-26APR281000-00"",""trade_id"":""e1cb35b7-5b29-7db4-ab73-8e0c834116f0"",""yes_price_dollars"":""0.4500""}"
KXBTC15M-26APR281000-00,250d5cb3-8ba7-7441-9a6b-c5cabe2e2631,1777383907,0.45,56.0,yes,"{""count_fp"":""56.00"",""created_time"":""2026-04-28T13:45:07.210828Z"",""no_price_dollars"":""0.5500"",""taker_side"":""yes"",""ticker"":""KXBTC15M-26APR281000-00"",""trade_id"":""250d5cb3-8ba7-7441-9a6b-c5cabe2e2631"",""yes_price_dollars"":""0.4500""}"
KXBTC15M-26APR281000-00,cdb3bee3-7104-65a8-ab5b-60c5239c6c68,1777383908,0.45,6.92,no,"{""count_fp"":""6.92"",""created_time"":""2026-04-28T13:45:08.757908Z"",""no_price_dollars"":""0.5500"",""taker_side"":""no"",""ticker"":""KXBTC15M-26APR281000-00"",""trade_id"":""cdb3bee3-7104-65a8-ab5b-60c5239c6c68"",""yes_price_dollars"":""0.4500""}"
KXBTC15M-26APR281000-00,fbb79898-a594-54bf-ea01-ba5810832de6,1777383908,0.47,33.23,yes,"{""count_fp"":""33.23"",""created_time"":""2026-04-28T13:45:08.555273Z"",""no_price_dollars"":""0.5300"",""taker_side"":""yes"",""ticker"":""KXBTC15M-26APR281000-00"",""trade_id"":""fbb79898-a594-54bf-ea01-ba5810832de6"",""yes_price_dollars"":""0.4700""}"
KXBTC15M-26APR281000-00,8ea204e8-873d-5db8-c63c-2381a190ec86,1777383908,0.47,10.0,yes,"{""count_fp"":""10.00"",""created_time"":""2026-04-28T13:45:08.555273Z"",""no_price_dollars"":""0.5300"",""taker_side"":""yes"",""ticker"":""KXBTC15M-26APR281000-00"",""trade_id"":""8ea204e8-873d-5db8-c63c-2381a190ec86"",""yes_price_dollars"":""0.4700""}"
KXBTC15M-26APR281000-00,0c276051-30fd-53f8-e396-a5915bcd387b,1777383908,0.46,18.0,yes,"{""count_fp"":""18.00"",""created_time"":""2026-04-28T13:45:08.555273Z"",""no_price_dollars"":""0.5400"",""taker_side"":""yes"",""ticker"":""KXBTC15M-26APR281000-00"",""trade_id"":""0c276051-30fd-53f8-e396-a5915bcd387b"",""yes_price_dollars"":""0.4600""}"
KXBTC15M-26APR281000-00,3400a7d4-071c-6c60-680c-a4c4a89c180c,1777383909,0.45,5.28,no,"{""count_fp"":""5.28"",""created_time"":""2026-04-28T13:45:09.698126Z"",""no_price_dollars"":""0.5500"",""taker_side"":""no"",""ticker"":""KXBTC15M-26APR281000-00"",""trade_id"":""3400a7d4-071c-6c60-680c-a4c4a89c180c"",""yes_price_dollars"":""0.4500""}"
KXBTC15M-26APR281000-00,c827b7ad-c0a0-579e-2bf9-69d7eae69731,1777383910,0.48,11.0,yes,"{""count_fp"":""11.00"",""created_time"":""2026-04-28T13:45:10.121564Z"",""no_price_dollars"":""0.5200"",""taker_side"":""yes"",""ticker"":""KXBTC15M-26APR281000-00"",""trade_id"":""c827b7ad-c0a0-579e-2bf9-69d7eae69731"",""yes_price_dollars"":""0.4800""}"
KXBTC15M-26APR281000-00,a28c4951-e5c2-5160-173f-4143f3c46193,1777383910,0.48,11.43,yes,"{""count_fp"":""11.43"",""created_time"":""2026-04-28T13:45:10.121564Z"",""no_price_dollars"":""0.5200"",""taker_side"":""yes"",""ticker"":""KXBTC15M-26APR281000-00"",""trade_id"":""a28c4951-e5c2-5160-173f-4143f3c46193"",""yes_price_dollars"":""0.4800""}"
KXBTC15M-26APR281000-00,95d9dc5e-a795-58af-0ab5-d209e1997721,1777383910,0.48,28.0,yes,"{""count_fp"":""28.00"",""created_time"":""2026-04-28T13:45:10.121564Z"",""no_price_dollars"":""0.5200"",""taker_side"":""yes"",""ticker"":""KXBTC15M-26APR281000-00"",""trade_id"":""95d9dc5e-a795-58af-0ab5-d209e1997721"",""yes_price_dollars"":""0.4800""}"
KXBTC15M-26APR281000-00,6d51a687-41cf-57a9-359c-6316766e4e90,1777383910,0.48,27.0,yes,"{""count_fp"":""27.00"",""created_time"":""2026-04-28T13:45:10.121564Z"",""no_price_dollars"":""0.5200"",""taker_side"":""yes"",""ticker"":""KXBTC15M-26APR281000-00"",""trade_id"":""6d51a687-41cf-57a9-359c-6316766e4e90"",""yes_price_dollars"":""0.4800""}"
KXBTC15M-26APR281000-00,6a8ed81e-8b31-544f-3a57-b5fc097f9d12,1777383910,0.48,7.0,yes,"{""count_fp"":""7.00"",""created_time"":""2026-04-28T13:45:10.121564Z"",""no_price_dollars"":""0.5200"",""taker_side"":""yes"",""ticker"":""KXBTC15M-26APR281000-00"",""trade_id"":""6a8ed81e-8b31-544f-3a57-b5fc097f9d12"",""yes_price_dollars"":""0.4800""}"
KXBTC15M-26APR281000-00,4dc8ed38-7a83-5109-3c25-9a342fddf01b,1777383910,0.48,10.0,yes,"{""count_fp"":""10.00"",""created_time"":""2026-04-28T13:45:10.121564Z"",""no_price_dollars"":""0.5200"",""taker_side"":""yes"",""ticker"":""KXBTC15M-26APR281000-00"",""trade_id"":""4dc8ed38-7a83-5109-3c25-9a342fddf01b"",""yes_price_dollars"":""0.4800""}"
KXBTC15M-26APR281000-00,2c2d0d1b-b9d1-5358-3ffe-a1a73d1adb78,1777383910,0.47,3.0,yes,"{""count_fp"":""3.00"",""created_time"":""2026-04-28T13:45:10.121564Z"",""no_price_dollars"":""0.5300"",""taker_side"":""yes"",""ticker"":""KXBTC15M-26APR281000-00"",""trade_id"":""2c2d0d1b-b9d1-5358-3ffe-a1a73d1adb78"",""yes_price_dollars"":""0.4700""}"
KXBTC15M-26APR281000-00,131fde8d-12de-542d-11ce-db88bc7a9c14,1777383910,0.48,13.0,yes,"{""count_fp"":""13.00"",""created_time"":""2026-04-28T13:45:10.121564Z"",""no_price_dollars"":""0.5200"",""taker_side"":""yes"",""ticker"":""KXBTC15M-26APR281000-00"",""trade_id"":""131fde8d-12de-542d-11ce-db88bc7a9c14"",""yes_price_dollars"":""0.4800""}"
KXBTC15M-26APR281000-00,15231062-029d-7de7-d1f6-d749d8c85984,1777383912,0.45,11.1,no,"{""count_fp"":""11.10"",""created_time"":""2026-04-28T13:45:12.535008Z"",""no_price_dollars"":""0.5500"",""taker_side"":""no"",""ticker"":""KXBTC15M-26APR281000-00"",""trade_id"":""15231062-029d-7de7-d1f6-d749d8c85984"",""yes_price_dollars"":""0.4500""}"
KXBTC15M-26APR281000-00,5191c8d0-dcfb-6702-d3cd-64c8f8b261f0,1777383912,0.45,17.16,no,"{""count_fp"":""17.16"",""created_time"":""2026-04-28T13:45:12.377708Z"",""no_price_dollars"":""0.5500"",""taker_side"":""no"",""ticker"":""KXBTC15M-26APR281000-00"",""trade_id"":""5191c8d0-dcfb-6702-d3cd-64c8f8b261f0"",""yes_price_dollars"":""0.4500""}"
KXBTC15M-26APR281000-00,42235e3c-c69d-6917-ff2d-adceeea33bd8,1777383912,0.45,0.46,no,"{""count_fp"":""0.46"",""created_time"":""2026-04-28T13:45:12.377708Z"",""no_price_dollars"":""0.5500"",""taker_side"":""no"",""ticker"":""KXBTC15M-26APR281000-00"",""trade_id"":""42235e3c-c69d-6917-ff2d-adceeea33bd8"",""yes_price_dollars"":""0.4500""}"
KXBTC15M-26APR281000-00,cac2608b-cf4f-7ac7-4e7d-be7be38dc7f6,1777383912,0.46,1.18,yes,"{""count_fp"":""1.18"",""created_time"":""2026-04-28T13:45:12.133196Z"",""no_price_dollars"":""0.5400"",""taker_side"":""yes"",""ticker"":""KXBTC15M-26APR281000-00"",""trade_id"":""cac2608b-cf4f-7ac7-4e7d-be7be38dc7f6"",""yes_price_dollars"":""0.4600""}"
KXBTC15M-26APR281000-00,740a407c-f041-749e-510c-5cecbaa3269a,1777383912,0.46,3.0,yes,"{""count_fp"":""3.00"",""created_time"":""2026-04-28T13:45:12.133196Z"",""no_price_dollars"":""0.5400"",""taker_side"":""yes"",""ticker"":""KXBTC15M-26APR281000-00"",""trade_id"":""740a407c-f041-749e-510c-5cecbaa3269a"",""yes_price_dollars"":""0.4600""}"
KXBTC15M-26APR281000-00,ffcbb159-c44f-74ff-d179-2aba84655c91,1777383913,0.44,40.0,yes,"{""count_fp"":""40.00"",""created_time"":""2026-04-28T13:45:13.530768Z"",""no_price_dollars"":""0.5600"",""taker_side"":""yes"",""ticker"":""KXBTC15M-26APR281000-00"",""trade_id"":""ffcbb159-c44f-74ff-d179-2aba84655c91"",""yes_price_dollars"":""0.4400""}"
KXBTC15M-26APR281000-00,ed588e5e-891a-7aa6-f932-a2d62318ed4b,1777383913,0.44,14.28,yes,"{""count_fp"":""14.28"",""created_time"":""2026-04-28T13:45:13.530768Z"",""no_price_dollars"":""0.5600"",""taker_side"":""yes"",""ticker"":""KXBTC15M-26APR281000-00"",""trade_id"":""ed588e5e-891a-7aa6-f932-a2d62318ed4b"",""yes_price_dollars"":""0.4400""}"
KXBTC15M-26APR281000-00,39cc9c20-e8c7-7188-fe0f-0041286bde32,1777383913,0.45,8.54,yes,"{""count_fp"":""8.54"",""created_time"":""2026-04-28T13:45:13.530768Z"",""no_price_dollars"":""0.5500"",""taker_side"":""yes"",""ticker"":""KXBTC15M-26APR281000-00"",""trade_id"":""39cc9c20-e8c7-7188-fe0f-0041286bde32"",""yes_price_dollars"":""0.4500""}"
KXBTC15M-26APR281000-00,896fe33b-fd44-656c-a2a0-79c73201c72f,1777383913,0.43,5.0,no,"{""count_fp"":""5.00"",""created_time"":""2026-04-28T13:45:13.403935Z"",""no_price_dollars"":""0.5700"",""taker_side"":""no"",""ticker"":""KXBTC15M-26APR281000-00"",""trade_id"":""896fe33b-fd44-656c-a2a0-79c73201c72f"",""yes_price_dollars"":""0.4300""}"
KXBTC15M-26APR281000-00,7725a1aa-d64d-6460-8418-0c345f9f1ce6,1777383913,0.43,3.0,no,"{""count_fp"":""3.00"",""created_time"":""2026-04-28T13:45:13.403935Z"",""no_price_dollars"":""0.5700"",""taker_side"":""no"",""ticker"":""KXBTC15M-26APR281000-00"",""trade_id"":""7725a1aa-d64d-6460-8418-0c345f9f1ce6"",""yes_price_dollars"":""0.4300""}"
KXBTC15M-26APR281000-00,1e5a0a00-9435-6033-ba0c-bce950424e4e,1777383913,0.43,14.28,no,"{""count_fp"":""14.28"",""created_time"":""2026-04-28T13:45:13.403935Z"",""no_price_dollars"":""0.5700"",""taker_side"":""no"",""ticker"":""KXBTC15M-26APR281000-00"",""trade_id"":""1e5a0a00-9435-6033-ba0c-bce950424e4e"",""yes_price_dollars"":""0.4300""}"
KXBTC15M-26APR281000-00,dac4e7fc-b370-4da4-a135-5227419d2699,1777383913,0.43,22.35,no,"{""count_fp"":""22.35"",""created_time"":""2026-04-28T13:45:13.176484Z"",""no_price_dollars"":""0.5700"",""taker_side"":""no"",""ticker"":""KXBTC15M-26APR281000-00"",""trade_id"":""dac4e7fc-b370-4da4-a135-5227419d2699"",""yes_price_dollars"":""0.4300""}"
KXBTC15M-26APR281000-00,f1b71fed-d860-7394-3fae-10cca85e4ab5,1777383913,0.45,12.0,no,"{""count_fp"":""12.00"",""created_time"":""2026-04-28T13:45:13.009615Z"",""no_price_dollars"":""0.5500"",""taker_side"":""no"",""ticker"":""KXBTC15M-26APR281000-00"",""trade_id"":""f1b71fed-d860-7394-3fae-10cca85e4ab5"",""yes_price_dollars"":""0.4500""}"
KXBTC15M-26APR281000-00,cf1a8323-cfb4-7574-0b14-c70acbf77529,1777383913,0.43,44.88,no,"{""count_fp"":""44.88"",""created_time"":""2026-04-28T13:45:13.009615Z"",""no_price_dollars"":""0.5700"",""taker_side"":""no"",""ticker"":""KXBTC15M-26APR281000-00"",""trade_id"":""cf1a8323-cfb4-7574-0b14-c70acbf77529"",""yes_price_dollars"":""0.4300""}"
KXBTC15M-26APR281000-00,7eca9f21-5e4d-7da3-3d0d-beeaa9da6b7c,1777383913,0.45,8.44,no,"{""count_fp"":""8.44"",""created_time"":""2026-04-28T13:45:13.009615Z"",""no_price_dollars"":""0.5500"",""taker_side"":""no"",""ticker"":""KXBTC15M-26APR281000-00"",""trade_id"":""7eca9f21-5e4d-7da3-3d0d-beeaa9da6b7c"",""yes_price_dollars"":""0.4500""}"
KXBTC15M-26APR281000-00,7095acc2-cd87-73f3-0c08-b885f380c6a3,1777383913,0.44,3.0,no,"{""count_fp"":""3.00"",""created_time"":""2026-04-28T13:45:13.009615Z"",""no_price_dollars"":""0.5600"",""taker_side"":""no"",""ticker"":""KXBTC15M-26APR281000-00"",""trade_id"":""7095acc2-cd87-73f3-0c08-b885f380c6a3"",""yes_price_dollars"":""0.4400""}"
KXBTC15M-26APR281000-00,4765c079-c128-74d5-1fa5-708e04a99c85,1777383913,0.44,15.0,no,"{""count_fp"":""15.00"",""created_time"":""2026-04-28T13:45:13.009615Z"",""no_price_dollars"":""0.5600"",""taker_side"":""no"",""ticker"":""KXBTC15M-26APR281000-00"",""trade_id"":""4765c079-c128-74d5-1fa5-708e04a99c85"",""yes_price_dollars"":""0.4400""}"
KXBTC15M-26APR281000-00,4761a821-4305-767f-3c45-cac6cd1a159d,1777383913,0.44,20.0,no,"{""count_fp"":""20.00"",""created_time"":""2026-04-28T13:45:13.009615Z"",""no_price_dollars"":""0.5600"",""taker_side"":""no"",""ticker"":""KXBTC15M-26APR281000-00"",""trade_id"":""4761a821-4305-767f-3c45-cac6cd1a159d"",""yes_price_dollars"":""0.4400""}"
KXBTC15M-26APR281000-00,3b42dabc-534c-7546-2e6a-e15e561c19c0,1777383913,0.44,30.0,no,"{""count_fp"":""30.00"",""created_time"":""2026-04-28T13:45:13.009615Z"",""no_price_dollars"":""0.5600"",""taker_side"":""no"",""ticker"":""KXBTC15M-26APR281000-00"",""trade_id"":""3b42dabc-534c-7546-2e6a-e15e561c19c0"",""yes_price_dollars"":""0.4400""}"
KXBTC15M-26APR281000-00,3a11bc3b-44d9-7d7f-27ea-51322a813cc0,1777383913,0.45,11.43,no,"{""count_fp"":""11.43"",""created_time"":""2026-04-28T13:45:13.009615Z"",""no_price_dollars"":""0.5500"",""taker_side"":""no"",""ticker"":""KXBTC15M-26APR281000-00"",""trade_id"":""3a11bc3b-44d9-7d7f-27ea-51322a813cc0"",""yes_price_dollars"":""0.4500""}"
KXBTC15M-26APR281000-00,cb5fb1c7-ef2e-7e52-e2b0-4ac2c9bf7f0f,1777383914,0.45,5.2,yes,"{""count_fp"":""5.20"",""created_time"":""2026-04-28T13:45:14.417638Z"",""no_price_dollars"":""0.5500"",""taker_side"":""yes"",""ticker"":""KXBTC15M-26APR281000-00"",""trade_id"":""cb5fb1c7-ef2e-7e52-e2b0-4ac2c9bf7f0f"",""yes_price_dollars"":""0.4500""}"
KXBTC15M-26APR281000-00,17742d06-71f4-72d6-f288-f1c8ff38023d,1777383914,0.45,1.0,yes,"{""count_fp"":""1.00"",""created_time"":""2026-04-28T13:45:14.417638Z"",""no_price_dollars"":""0.5500"",""taker_side"":""yes"",""ticker"":""KXBTC15M-26APR281000-00"",""trade_id"":""17742d06-71f4-72d6-f288-f1c8ff38023d"",""yes_price_dollars"":""0.4500""}"
KXBTC15M-26APR281000-00,4cb9d052-9dda-60c0-1ead-96e6d9630733,1777383914,0.44,2.0,no,"{""count_fp"":""2.00"",""created_time"":""2026-04-28T13:45:14.354036Z"",""no_price_dollars"":""0.5600"",""taker_side"":""no"",""ticker"":""KXBTC15M-26APR281000-00"",""trade_id"":""4cb9d052-9dda-60c0-1ead-96e6d9630733"",""yes_price_dollars"":""0.4400""}"
KXBTC15M-26APR281000-00,cc9fc92b-d2a5-544a-dbde-eb1eb2af2e1d,1777383915,0.44,34.23,yes,"{""count_fp"":""34.23"",""created_time"":""2026-04-28T13:45:15.645568Z"",""no_price_dollars"":""0.5600"",""taker_side"":""yes"",""ticker"":""KXBTC15M-26APR281000-00"",""trade_id"":""cc9fc92b-d2a5-544a-dbde-eb1eb2af2e1d"",""yes_price_dollars"":""0.4400""}"
KXBTC15M-26APR281000-00,b04018ea-d308-63c1-fa43-9486fb315e00,1777383915,0.44,14.25,no,"{""count_fp"":""14.25"",""created_time"":""2026-04-28T13:45:15.477832Z"",""no_price_dollars"":""0.5600"",""taker_side"":""no"",""ticker"":""KXBTC15M-26APR281000-00"",""trade_id"":""b04018ea-d308-63c1-fa43-9486fb315e00"",""yes_price_dollars"":""0.4400""}"
KXBTC15M-26APR281000-00,362c08d8-75b9-64ef-e19e-6b5385386f33,1777383915,0.43,5.29,no,"{""count_fp"":""5.29"",""created_time"":""2026-04-28T13:45:15.477832Z"",""no_price_dollars"":""0.5700"",""taker_side"":""no"",""ticker"":""KXBTC15M-26APR281000-00"",""trade_id"":""362c08d8-75b9-64ef-e19e-6b5385386f33"",""yes_price_dollars"":""0.4300""}"
KXBTC15M-26APR281000-00,295c1f31-533e-652b-f459-82c173f5b148,1777383915,0.44,3.0,no,"{""count_fp"":""3.00"",""created_time"":""2026-04-28T13:45:15.477832Z"",""no_price_dollars"":""0.5600"",""taker_side"":""no"",""ticker"":""KXBTC15M-26APR281000-00"",""trade_id"":""295c1f31-533e-652b-f459-82c173f5b148"",""yes_price_dollars"":""0.4400""}"
KXBTC15M-26APR281000-00,28443087-cce0-6b9c-d7a7-6b60d940e6f2,1777383915,0.44,3.0,no,"{""count_fp"":""3.00"",""created_time"":""2026-04-28T13:45:15.477832Z"",""no_price_dollars"":""0.5600"",""taker_side"":""no"",""ticker"":""KXBTC15M-26APR281000-00"",""trade_id"":""28443087-cce0-6b9c-d7a7-6b60d940e6f2"",""yes_price_dollars"":""0.4400""}"
KXBTC15M-26APR281000-00,b18aabfc-92a0-78fc-9e5b-46ebb6b88d56,1777383915,0.44,7.0,no,"{""count_fp"":""7.00"",""created_time"":""2026-04-28T13:45:15.195322Z"",""no_price_dollars"":""0.5600"",""taker_side"":""no"",""ticker"":""KXBTC15M-26APR281000-00"",""trade_id"":""b18aabfc-92a0-78fc-9e5b-46ebb6b88d56"",""yes_price_dollars"":""0.4400""}"
KXBTC15M-26APR281000-00,43d0d097-9c24-752d-aac2-32c014f9fce6,1777383915,0.44,3.0,no,"{""count_fp"":""3.00"",""created_time"":""2026-04-28T13:45:15.195322Z"",""no_price_dollars"":""0.5600"",""taker_side"":""no"",""ticker"":""KXBTC15M-26APR281000-00"",""trade_id"":""43d0d097-9c24-752d-aac2-32c014f9fce6"",""yes_price_dollars"":""0.4400""}"
KXBTC15M-26APR281000-00,47d37c7e-ce3d-4663-c5d8-bd4a25399dc7,1777383917,0.43,10.0,no,"{""count_fp"":""10.00"",""created_time"":""2026-04-28T13:45:17.683989Z"",""no_price_dollars"":""0.5700"",""taker_side"":""no"",""ticker"":""KXBTC15M-26APR281000-00"",""trade_id"":""47d37c7e-ce3d-4663-c5d8-bd4a25399dc7"",""yes_price_dollars"":""0.4300""}"
KXBTC15M-26APR281000-00,e4a242ec-554b-6a7d-e6bb-04452820ede1,1777383917,0.43,37.6,no,"{""count_fp"":""37.60"",""created_time"":""2026-04-28T13:45:17.576733Z"",""no_price_dollars"":""0.5700"",""taker_side"":""no"",""ticker"":""KXBTC15M-26APR281000-00"",""trade_id"":""e4a242ec-554b-6a7d-e6bb-04452820ede1"",""yes_price_dollars"":""0.4300""}"
KXBTC15M-26APR281000-00,17bbf69c-4a3d-6cbf-d43d-06bf3eb571d3,1777383917,0.43,8.88,no,"{""count_fp"":""8.88"",""created_time"":""2026-04-28T13:45:17.576733Z"",""no_price_dollars"":""0.5700"",""taker_side"":""no"",""ticker"":""KXBTC15M-26APR281000-00"",""trade_id"":""17bbf69c-4a3d-6cbf-d43d-06bf3eb571d3"",""yes_price_dollars"":""0.4300""}"
KXBTC15M-26APR281000-00,d22f0330-c699-5fb8-3831-252878644268,1777383917,0.43,11.42,no,"{""count_fp"":""11.42"",""created_time"":""2026-04-28T13:45:17.575534Z"",""no_price_dollars"":""0.5700"",""taker_side"":""no"",""ticker"":""KXBTC15M-26APR281000-00"",""trade_id"":""d22f0330-c699-5fb8-3831-252878644268"",""yes_price_dollars"":""0.4300""}"
KXBTC15M-26APR281000-00,81a98230-58ef-55c1-1e04-d5f513684e41,1777383917,0.43,9.28,no,"{""count_fp"":""9.28"",""created_time"":""2026-04-28T13:45:17.575534Z"",""no_price_dollars"":""0.5700"",""taker_side"":""no"",""ticker"":""KXBTC15M-26APR281000-00"",""trade_id"":""81a98230-58ef-55c1-1e04-d5f513684e41"",""yes_price_dollars"":""0.4300""}"
KXBTC15M-26APR281000-00,ff21cda0-625d-558a-506a-221a8d544dc0,1777383917,0.43,12.55,no,"{""count_fp"":""12.55"",""created_time"":""2026-04-28T13:45:17.523118Z"",""no_price_dollars"":""0.5700"",""taker_side"":""no"",""ticker"":""KXBTC15M-26APR281000-00"",""trade_id"":""ff21cda0-625d-558a-506a-221a8d544dc0"",""yes_price_dollars"":""0.4300""}"
KXBTC15M-26APR281000-00,8e2b3779-f6df-5a2c-559e-a0177036a8c8,1777383917,0.43,3.0,no,"{""count_fp"":""3.00"",""created_time"":""2026-04-28T13:45:17.523118Z"",""no_price_dollars"":""0.5700"",""taker_side"":""no"",""ticker"":""KXBTC15M-26APR281000-00"",""trade_id"":""8e2b3779-f6df-5a2c-559e-a0177036a8c8"",""yes_price_dollars"":""0.4300""}"
KXBTC15M-26APR281000-00,0d1c23f1-a655-51f0-7c9f-10b9ca8cec3c,1777383917,0.43,8.58,no,"{""count_fp"":""8.58"",""created_time"":""2026-04-28T13:45:17.523118Z"",""no_price_dollars"":""0.5700"",""taker_side"":""no"",""ticker"":""KXBTC15M-26APR281000-00"",""trade_id"":""0d1c23f1-a655-51f0-7c9f-10b9ca8cec3c"",""yes_price_dollars"":""0.4300""}"
KXBTC15M-26APR281000-00,c1094f32-e7ed-436e-696a-cbb78b024196,1777383917,0.44,8.0,yes,"{""count_fp"":""8.00"",""created_time"":""2026-04-28T13:45:17.339922Z"",""no_price_dollars"":""0.5600"",""taker_side"":""yes"",""ticker"":""KXBTC15M-26APR281000-00"",""trade_id"":""c1094f32-e7ed-436e-696a-cbb78b024196"",""yes_price_dollars"":""0.4400""}"
KXBTC15M-26APR281000-00,bc7bae0d-aa85-4cfe-4750-aca46f90eb5d,1777383917,0.44,5.77,yes,"{""count_fp"":""5.77"",""created_time"":""2026-04-28T13:45:17.339922Z"",""no_price_dollars"":""0.5600"",""taker_side"":""yes"",""ticker"":""KXBTC15M-26APR281000-00"",""trade_id"":""bc7bae0d-aa85-4cfe-4750-aca46f90eb5d"",""yes_price_dollars"":""0.4400""}"
KXBTC15M-26APR281000-00,7cb373af-9ef3-4075-6659-c5f795522e3e,1777383917,0.45,46.88,yes,"{""count_fp"":""46.88"",""created_time"":""2026-04-28T13:45:17.339922Z"",""no_price_dollars"":""0.5500"",""taker_side"":""yes"",""ticker"":""KXBTC15M-26APR281000-00"",""trade_id"":""7cb373af-9ef3-4075-6659-c5f795522e3e"",""yes_price_dollars"":""0.4500""}"
KXBTC15M-26APR281000-00,76a66e50-f54e-4d8b-6514-99660926150c,1777383917,0.44,10.0,yes,"{""count_fp"":""10.00"",""created_time"":""2026-04-28T13:45:17.339922Z"",""no_price_dollars"":""0.5600"",""taker_side"":""yes"",""ticker"":""KXBTC15M-26APR281000-00"",""trade_id"":""76a66e50-f54e-4d8b-6514-99660926150c"",""yes_price_dollars"":""0.4400""}"
KXBTC15M-26APR281000-00,4ab0efde-8a4e-4216-7d56-f4c7df052613,1777383917,0.45,34.8,yes,"{""count_fp"":""34.80"",""created_time"":""2026-04-28T13:45:17.339922Z"",""no_price_dollars"":""0.5500"",""taker_side"":""yes"",""ticker"":""KXBTC15M-26APR281000-00"",""trade_id"":""4ab0efde-8a4e-4216-7d56-f4c7df052613"",""yes_price_dollars"":""0.4500""}"
KXBTC15M-26APR281000-00,0d6e7a10-9ca3-5ae0-b1b1-7bf7b2ba5f13,1777383918,0.44,28.1,yes,"{""count_fp"":""28.10"",""created_time"":""2026-04-28T13:45:18.261173Z"",""no_price_dollars"":""0.5600"",""taker_side"":""yes"",""ticker"":""KXBTC15M-26APR281000-00"",""trade_id"":""0d6e7a10-9ca3-5ae0-b1b1-7bf7b2ba5f13"",""yes_price_dollars"":""0.4400""}"
KXBTC15M-26APR281000-00,f193f0f6-1ab5-5dfb-df12-444a74d5ef47,1777383918,0.43,5.0,no,"{""count_fp"":""5.00"",""created_time"":""2026-04-28T13:45:18.163558Z"",""no_price_dollars"":""0.5700"",""taker_side"":""no"",""ticker"":""KXBTC15M-26APR281000-00"",""trade_id"":""f193f0f6-1ab5-5dfb-df12-444a74d5ef47"",""yes_price_dollars"":""0.4300""}"
KXBTC15M-26APR281000-00,b2c43a1f-467b-4e00-ba99-1f6fa9c1fbb7,1777383918,0.44,1.0,yes,"{""count_fp"":""1.00"",""created_time"":""2026-04-28T13:45:18.133811Z"",""no_price_dollars"":""0.5600"",""taker_side"":""yes"",""ticker"":""KXBTC15M-26APR281000-00"",""trade_id"":""b2c43a1f-467b-4e00-ba99-1f6fa9c1fbb7"",""yes_price_dollars"":""0.4400""}"
KXBTC15M-26APR281000-00,fe2dcd41-b0fb-4236-fa33-ced4289adaae,1777383919,0.42,2.0,no,"{""count_fp"":""2.00"",""created_time"":""2026-04-28T13:45:19.719903Z"",""no_price_dollars"":""0.5800"",""taker_side"":""no"",""ticker"":""KXBTC15M-26APR281000-00"",""trade_id"":""fe2dcd41-b0fb-4236-fa33-ced4289adaae"",""yes_price_dollars"":""0.4200""}"
KXBTC15M-26APR281000-00,921e69d9-6118-4c1d-c109-5819dd1e5bf8,1777383919,0.43,20.0,no,"{""count_fp"":""20.00"",""created_time"":""2026-04-28T13:45:19.719903Z"",""no_price_dollars"":""0.5700"",""taker_side"":""no"",""ticker"":""KXBTC15M-26APR281000-00"",""trade_id"":""921e69d9-6118-4c1d-c109-5819dd1e5bf8"",""yes_price_dollars"":""0.4300""}"
KXBTC15M-26APR281000-00,8ed7c9a6-caf4-41af-dcf1-a09d28ece4e2,1777383919,0.42,1.0,no,"{""count_fp"":""1.00"",""created_time"":""2026-04-28T13:45:19.719903Z"",""no_price_dollars"":""0.5800"",""taker_side"":""no"",""ticker"":""KXBTC15M-26APR281000-00"",""trade_id"":""8ed7c9a6-caf4-41af-dcf1-a09d28ece4e2"",""yes_price_dollars"":""0.4200""}"
KXBTC15M-26APR281000-00,868bfedb-23c3-4913-da30-759a155f71e8,1777383919,0.42,772.27,no,"{""count_fp"":""772.27"",""created_time"":""2026-04-28T13:45:19.719903Z"",""no_price_dollars"":""0.5800"",""taker_side"":""no"",""ticker"":""KXBTC15M-26APR281000-00"",""trade_id"":""868bfedb-23c3-4913-da30-759a155f71e8"",""yes_price_dollars"":""0.4200""}"
KXBTC15M-26APR281000-00,4c62e6cb-88fa-4064-dca2-81a668f84439,1777383919,0.43,3.82,no,"{""count_fp"":""3.82"",""created_time"":""2026-04-28T13:45:19.719903Z"",""no_price_dollars"":""0.5700"",""taker_side"":""no"",""ticker"":""KXBTC15M-26APR281000-00"",""trade_id"":""4c62e6cb-88fa-4064-dca2-81a668f84439"",""yes_price_dollars"":""0.4300""}"
KXBTC15M-26APR281000-00,2a8e9c03-6f2c-4cb4-fe38-d62abf5b84d9,1777383919,0.43,12.55,no,"{""count_fp"":""12.55"",""created_time"":""2026-04-28T13:45:19.719903Z"",""no_price_dollars"":""0.5700"",""taker_side"":""no"",""ticker"":""KXBTC15M-26APR281000-00"",""trade_id"":""2a8e9c03-6f2c-4cb4-fe38-d62abf5b84d9"",""yes_price_dollars"":""0.4300""}"
KXBTC15M-26APR281000-00,11d7a957-ca47-44fe-f564-6b3abf42929e,1777383919,0.42,10.0,no,"{""count_fp"":""10.00"",""created_time"":""2026-04-28T13:45:19.719903Z"",""no_price_dollars"":""0.5800"",""taker_side"":""no"",""ticker"":""KXBTC15M-26APR281000-00"",""trade_id"":""11d7a957-ca47-44fe-f564-6b3abf42929e"",""yes_price_dollars"":""0.4200""}"
KXBTC15M-26APR281000-00,32e437b9-b8d2-4ec4-d1b8-dc682609bfa9,1777383919,0.43,8.5,no,"{""count_fp"":""8.50"",""created_time"":""2026-04-28T13:45:19.666621Z"",""no_price_dollars"":""0.5700"",""taker_side"":""no"",""ticker"":""KXBTC15M-26APR281000-00"",""trade_id"":""32e437b9-b8d2-4ec4-d1b8-dc682609bfa9"",""yes_price_dollars"":""0.4300""}"
KXBTC15M-26APR281000-00,e23b035c-02e1-62f1-1281-77439d49b855,1777383919,0.45,67.59,yes,"{""count_fp"":""67.59"",""created_time"":""2026-04-28T13:45:19.565133Z"",""no_price_dollars"":""0.5500"",""taker_side"":""yes"",""ticker"":""KXBTC15M-26APR281000-00"",""trade_id"":""e23b035c-02e1-62f1-1281-77439d49b855"",""yes_price_dollars"":""0.4500""}"
KXBTC15M-26APR281000-00,64383c9c-b8c3-6280-142e-e115326c3ff6,1777383919,0.44,38.0,yes,"{""count_fp"":""38.00"",""created_time"":""2026-04-28T13:45:19.565133Z"",""no_price_dollars"":""0.5600"",""taker_side"":""yes"",""ticker"":""KXBTC15M-26APR281000-00"",""trade_id"":""64383c9c-b8c3-6280-142e-e115326c3ff6"",""yes_price_dollars"":""0.4400""}"
KXBTC15M-26APR281000-00,b4a9396a-b37f-4374-cf44-c799bb87e576,1777383919,0.44,2.0,yes,"{""count_fp"":""2.00"",""created_time"":""2026-04-28T13:45:19.551465Z"",""no_price_dollars"":""0.5600"",""taker_side"":""yes"",""ticker"":""KXBTC15M-26APR281000-00"",""trade_id"":""b4a9396a-b37f-4374-cf44-c799bb87e576"",""yes_price_dollars"":""0.4400""}"
KXBTC15M-26APR281000-00,bcf38c9d-a612-6634-1aa3-752efae65d71,1777383919,0.43,27.68,no,"{""count_fp"":""27.68"",""created_time"":""2026-04-28T13:45:19.228273Z"",""no_price_dollars"":""0.5700"",""taker_side"":""no"",""ticker"":""KXBTC15M-26APR281000-00"",""trade_id"":""bcf38c9d-a612-6634-1aa3-752efae65d71"",""yes_price_dollars"":""0.4300""}"
KXBTC15M-26APR281000-00,71ee9caa-8f71-6aad-17b4-452b910ae4af,1777383919,0.43,7.67,no,"{""count_fp"":""7.67"",""created_time"":""2026-04-28T13:45:19.228273Z"",""no_price_dollars"":""0.5700"",""taker_side"":""no"",""ticker"":""KXBTC15M-26APR281000-00"",""trade_id"":""71ee9caa-8f71-6aad-17b4-452b910ae4af"",""yes_price_dollars"":""0.4300""}"
KXBTC15M-26APR281000-00,9d55abde-4d1c-64f3-d231-79c06305ec62,1777383919,0.44,40.0,yes,"{""count_fp"":""40.00"",""created_time"":""2026-04-28T13:45:19.167867Z"",""no_price_dollars"":""0.5600"",""taker_side"":""yes"",""ticker"":""KXBTC15M-26APR281000-00"",""trade_id"":""9d55abde-4d1c-64f3-d231-79c06305ec62"",""yes_price_dollars"":""0.4400""}"
KXBTC15M-26APR281000-00,693bbfd7-3706-6af3-e86c-62f0ae495b35,1777383919,0.44,13.76,yes,"{""count_fp"":""13.76"",""created_time"":""2026-04-28T13:45:19.167867Z"",""no_price_dollars"":""0.5600"",""taker_side"":""yes"",""ticker"":""KXBTC15M-26APR281000-00"",""trade_id"":""693bbfd7-3706-6af3-e86c-62f0ae495b35"",""yes_price_dollars"":""0.4400""}"
KXBTC15M-26APR281000-00,48ce6f56-2941-6919-ecac-0620aeb51471,1777383919,0.45,0.47,yes,"{""count_fp"":""0.47"",""created_time"":""2026-04-28T13:45:19.167867Z"",""no_price_dollars"":""0.5500"",""taker_side"":""yes"",""ticker"":""KXBTC15M-26APR281000-00"",""trade_id"":""48ce6f56-2941-6919-ecac-0620aeb51471"",""yes_price_dollars"":""0.4500""}"
KXBTC15M-26APR281000-00,6c9c7aee-a33d-4297-c188-907eec26a5f7,1777383919,0.43,6.12,no,"{""count_fp"":""6.12"",""created_time"":""2026-04-28T13:45:19.149257Z"",""no_price_dollars"":""0.5700"",""taker_side"":""no"",""ticker"":""KXBTC15M-26APR281000-00"",""trade_id"":""6c9c7aee-a33d-4297-c188-907eec26a5f7"",""yes_price_dollars"":""0.4300""}"
KXBTC15M-26APR281000-00,4973b78f-01d9-48c1-eed9-ba5ef7278f9f,1777383919,0.43,4.88,no,"{""count_fp"":""4.88"",""created_time"":""2026-04-28T13:45:19.149257Z"",""no_price_dollars"":""0.5700"",""taker_side"":""no"",""ticker"":""KXBTC15M-26APR281000-00"",""trade_id"":""4973b78f-01d9-48c1-eed9-ba5ef7278f9f"",""yes_price_dollars"":""0.4300""}"
KXBTC15M-26APR281000-00,80641ae0-33d9-4a41-6940-e1043952e681,1777383920,0.44,20.0,yes,"{""count_fp"":""20.00"",""created_time"":""2026-04-28T13:45:20.911277Z"",""no_price_dollars"":""0.5600"",""taker_side"":""yes"",""ticker"":""KXBTC15M-26APR281000-00"",""trade_id"":""80641ae0-33d9-4a41-6940-e1043952e681"",""yes_price_dollars"":""0.4400""}"
KXBTC15M-26APR281000-00,01014107-f022-41f1-6f5a-46b0bd4162d7,1777383920,0.44,7.43,yes,"{""count_fp"":""7.43"",""created_time"":""2026-04-28T13:45:20.911277Z"",""no_price_dollars"":""0.5600"",""taker_side"":""yes"",""ticker"":""KXBTC15M-26APR281000-00"",""trade_id"":""01014107-f022-41f1-6f5a-46b0bd4162d7"",""yes_price_dollars"":""0.4400""}"
KXBTC15M-26APR281000-00,f77f6f03-957e-4b5e-e509-56ed2c4e84c6,1777383921,0.47,6.0,no,"{""count_fp"":""6.00"",""created_time"":""2026-04-28T13:45:21.879733Z"",""no_price_dollars"":""0.5300"",""taker_side"":""no"",""ticker"":""KXBTC15M-26APR281000-00"",""trade_id"":""f77f6f03-957e-4b5e-e509-56ed2c4e84c6"",""yes_price_dollars"":""0.4700""}"
KXBTC15M-26APR281000-00,b9d6f1e9-560e-6c1e-b2e9-2bc1f9c1c806,1777383921,0.47,2.0,no,"{""count_fp"":""2.00"",""created_time"":""2026-04-28T13:45:21.735612Z"",""no_price_dollars"":""0.5300"",""taker_side"":""no"",""ticker"":""KXBTC15M-26APR281000-00"",""trade_id"":""b9d6f1e9-560e-6c1e-b2e9-2bc1f9c1c806"",""yes_price_dollars"":""0.4700""}"
KXBTC15M-26APR281000-00,f8251e4b-2717-668b-ef10-68a6081a506d,1777383921,0.47,40.0,no,"{""count_fp"":""40.00"",""created_time"":""2026-04-28T13:45:21.573009Z"",""no_price_dollars"":""0.5300"",""taker_side"":""no"",""ticker"":""KXBTC15M-26APR281000-00"",""trade_id"":""f8251e4b-2717-668b-ef10-68a6081a506d"",""yes_price_dollars"":""0.4700""}"
KXBTC15M-26APR281000-00,2af7fb11-fb8a-665d-f2e3-2241c79e99ef,1777383921,0.45,11.1,no,"{""count_fp"":""11.10"",""created_time"":""2026-04-28T13:45:21.573009Z"",""no_price_dollars"":""0.5500"",""taker_side"":""no"",""ticker"":""KXBTC15M-26APR281000-00"",""trade_id"":""2af7fb11-fb8a-665d-f2e3-2241c79e99ef"",""yes_price_dollars"":""0.4500""}"
KXBTC15M-26APR281000-00,1cb553cf-1624-66ed-e4b4-2ea858924eac,1777383921,0.46,40.0,no,"{""count_fp"":""40.00"",""created_time"":""2026-04-28T13:45:21.573009Z"",""no_price_dollars"":""0.5400"",""taker_side"":""no"",""ticker"":""KXBTC15M-26APR281000-00"",""trade_id"":""1cb553cf-1624-66ed-e4b4-2ea858924eac"",""yes_price_dollars"":""0.4600""}"
KXBTC15M-26APR281000-00,965a714d-9e21-7cb2-3f33-177c0e9fbfcb,1777383921,0.47,25.0,yes,"{""count_fp"":""25.00"",""created_time"":""2026-04-28T13:45:21.489672Z"",""no_price_dollars"":""0.5300"",""taker_side"":""yes"",""ticker"":""KXBTC15M-26APR281000-00"",""trade_id"":""965a714d-9e21-7cb2-3f33-177c0e9fbfcb"",""yes_price_dollars"":""0.4700""}"
KXBTC15M-26APR281000-00,5ce430b7-c591-7c09-1c18-3faf1ae87f1c,1777383921,0.47,3.0,yes,"{""count_fp"":""3.00"",""created_time"":""2026-04-28T13:45:21.489672Z"",""no_price_dollars"":""0.5300"",""taker_side"":""yes"",""ticker"":""KXBTC15M-26APR281000-00"",""trade_id"":""5ce430b7-c591-7c09-1c18-3faf1ae87f1c"",""yes_price_dollars"":""0.4700""}"
KXBTC15M-26APR281000-00,bf337ce4-2f6b-47e2-64f0-571886306b2a,1777383921,0.46,20.72,yes,"{""count_fp"":""20.72"",""created_time"":""2026-04-28T13:45:21.472429Z"",""no_price_dollars"":""0.5400"",""taker_side"":""yes"",""ticker"":""KXBTC15M-26APR281000-00"",""trade_id"":""bf337ce4-2f6b-47e2-64f0-571886306b2a"",""yes_price_dollars"":""0.4600""}"
KXBTC15M-26APR281000-00,f19ac3d5-6e8b-728e-6611-5ccbfa089a0e,1777383921,0.46,44.18,yes,"{""count_fp"":""44.18"",""created_time"":""2026-04-28T13:45:21.447845Z"",""no_price_dollars"":""0.5400"",""taker_side"":""yes"",""ticker"":""KXBTC15M-26APR281000-00"",""trade_id"":""f19ac3d5-6e8b-728e-6611-5ccbfa089a0e"",""yes_price_dollars"":""0.4600""}"
KXBTC15M-26APR281000-00,7153d17f-062b-7058-47ef-680ceddbcfbf,1777383921,0.46,3.0,yes,"{""count_fp"":""3.00"",""created_time"":""2026-04-28T13:45:21.447845Z"",""no_price_dollars"":""0.5400"",""taker_side"":""yes"",""ticker"":""KXBTC15M-26APR281000-00"",""trade_id"":""7153d17f-062b-7058-47ef-680ceddbcfbf"",""yes_price_dollars"":""0.4600""}"
KXBTC15M-26APR281000-00,07b0399f-a817-7af0-5f79-eb6d96d762d8,1777383921,0.46,20.0,yes,"{""count_fp"":""20.00"",""created_time"":""2026-04-28T13:45:21.447845Z"",""no_price_dollars"":""0.5400"",""taker_side"":""yes"",""ticker"":""KXBTC15M-26APR281000-00"",""trade_id"":""07b0399f-a817-7af0-5f79-eb6d96d762d8"",""yes_price_dollars"":""0.4600""}"
KXBTC15M-26APR281000-00,ea83a393-ddf2-702d-027c-bcc69ca4753c,1777383921,0.44,3.0,no,"{""count_fp"":""3.00"",""created_time"":""2026-04-28T13:45:21.397771Z"",""no_price_dollars"":""0.5600"",""taker_side"":""no"",""ticker"":""KXBTC15M-26APR281000-00"",""trade_id"":""ea83a393-ddf2-702d-027c-bcc69ca4753c"",""yes_price_dollars"":""0.4400""}"
KXBTC15M-26APR281000-00,de8574fc-0b9a-7801-2be1-e034b20c6e51,1777383921,0.45,40.0,no,"{""count_fp"":""40.00"",""created_time"":""2026-04-28T13:45:21.397771Z"",""no_price_dollars"":""0.5500"",""taker_side"":""no"",""ticker"":""KXBTC15M-26APR281000-00"",""trade_id"":""de8574fc-0b9a-7801-2be1-e034b20c6e51"",""yes_price_dollars"":""0.4500""}"
KXBTC15M-26APR281000-00,aea362c3-2074-7745-3d0a-2450e9879407,1777383921,0.44,112.0,no,"{""count_fp"":""112.00"",""created_time"":""2026-04-28T13:45:21.397771Z"",""no_price_dollars"":""0.5600"",""taker_side"":""no"",""ticker"":""KXBTC15M-26APR281000-00"",""trade_id"":""aea362c3-2074-7745-3d0a-2450e9879407"",""yes_price_dollars"":""0.4400""}"
KXBTC15M-26APR281000-00,939fcf60-daac-7e0a-35c4-aa9c88a14818,1777383921,0.44,19.0,no,"{""count_fp"":""19.00"",""created_time"":""2026-04-28T13:45:21.397771Z"",""no_price_dollars"":""0.5600"",""taker_side"":""no"",""ticker"":""KXBTC15M-26APR281000-00"",""trade_id"":""939fcf60-daac-7e0a-35c4-aa9c88a14818"",""yes_price_dollars"":""0.4400""}"
KXBTC15M-26APR281000-00,7be8b3f5-5908-7bb6-2bf8-137a1533338c,1777383921,0.44,14.25,no,"{""count_fp"":""14.25"",""created_time"":""2026-04-28T13:45:21.397771Z"",""no_price_dollars"":""0.5600"",""taker_side"":""no"",""ticker"":""KXBTC15M-26APR281000-00"",""trade_id"":""7be8b3f5-5908-7bb6-2bf8-137a1533338c"",""yes_price_dollars"":""0.4400""}"
KXBTC15M-26APR281000-00,1ca50e92-29c9-7909-3cad-067223baddf5,1777383921,0.44,40.0,no,"{""count_fp"":""40.00"",""created_time"":""2026-04-28T13:45:21.397771Z"",""no_price_dollars"":""0.5600"",""taker_side"":""no"",""ticker"":""KXBTC15M-26APR281000-00"",""trade_id"":""1ca50e92-29c9-7909-3cad-067223baddf5"",""yes_price_dollars"":""0.4400""}"
KXBTC15M-26APR281000-00,1b84b5f1-6d8b-7967-0b6a-a18a231c765d,1777383921,0.43,13.76,no,"{""count_fp"":""13.76"",""created_time"":""2026-04-28T13:45:21.397771Z"",""no_price_dollars"":""0.5700"",""taker_side"":""no"",""ticker"":""KXBTC15M-26APR281000-00"",""trade_id"":""1b84b5f1-6d8b-7967-0b6a-a18a231c765d"",""yes_price_dollars"":""0.4300""}"
KXBTC15M-26APR281000-00,1839e195-4c21-7e8c-1ab4-da43ebfb2a72,1777383921,0.45,10.0,no,"{""count_fp"":""10.00"",""created_time"":""2026-04-28T13:45:21.397771Z"",""no_price_dollars"":""0.5500"",""taker_side"":""no"",""ticker"":""KXBTC15M-26APR281000-00"",""trade_id"":""1839e195-4c21-7e8c-1ab4-da43ebfb2a72"",""yes_price_dollars"":""0.4500""}"
KXBTC15M-26APR281000-00,e65a48fc-422c-6493-1bb1-21fab54ddac1,1777383922,0.48,17.1,yes,"{""count_fp"":""17.10"",""created_time"":""2026-04-28T13:45:22.898141Z"",""no_price_dollars"":""0.5200"",""taker_side"":""yes"",""ticker"":""KXBTC15M-26APR281000-00"",""trade_id"":""e65a48fc-422c-6493-1bb1-21fab54ddac1"",""yes_price_dollars"":""0.4800""}"
KXBTC15M-26APR281000-00,a23f81e8-e62b-6915-3db5-a4c273bff7c1,1777383922,0.48,3.0,yes,"{""count_fp"":""3.00"",""created_time"":""2026-04-28T13:45:22.898141Z"",""no_price_dollars"":""0.5200"",""taker_side"":""yes"",""ticker"":""KXBTC15M-26APR281000-00"",""trade_id"":""a23f81e8-e62b-6915-3db5-a4c273bff7c1"",""yes_price_dollars"":""0.4800""}"
KXBTC15M-26APR281000-00,d799afdd-460b-49c5-a3cc-b1024d8d4b58,1777383922,0.47,8.51,no,"{""count_fp"":""8.51"",""created_time"":""2026-04-28T13:45:22.313534Z"",""no_price_dollars"":""0.5300"",""taker_side"":""no"",""ticker"":""KXBTC15M-26APR281000-00"",""trade_id"":""d799afdd-460b-49c5-a3cc-b1024d8d4b58"",""yes_price_dollars"":""0.4700""}"
KXBTC15M-26APR281000-00,1f3e270f-76e4-4ba2-2ea8-6e225a707fad,1777383922,0.48,0.2,yes,"{""count_fp"":""0.20"",""created_time"":""2026-04-28T13:45:22.147343Z"",""no_price_dollars"":""0.5200"",""taker_side"":""yes"",""ticker"":""KXBTC15M-26APR281000-00"",""trade_id"":""1f3e270f-76e4-4ba2-2ea8-6e225a707fad"",""yes_price_dollars"":""0.4800""}"
KXBTC15M-26APR281000-00,4a0aa002-6d82-64e2-22f5-fc416c7be9d2,1777383922,0.47,25.54,no,"{""count_fp"":""25.54"",""created_time"":""2026-04-28T13:45:22.015456Z"",""no_price_dollars"":""0.5300"",""taker_side"":""no"",""ticker"":""KXBTC15M-26APR281000-00"",""trade_id"":""4a0aa002-6d82-64e2-22f5-fc416c7be9d2"",""yes_price_dollars"":""0.4700""}"
KXBTC15M-26APR281000-00,ef609d42-5457-4118-285a-249a1e66b319,1777383923,0.46,0.17,no,"{""count_fp"":""0.17"",""created_time"":""2026-04-28T13:45:23.815782Z"",""no_price_dollars"":""0.5400"",""taker_side"":""no"",""ticker"":""KXBTC15M-26APR281000-00"",""trade_id"":""ef609d42-5457-4118-285a-249a1e66b319"",""yes_price_dollars"":""0.4600""}"
KXBTC15M-26APR281000-00,4cf3ac77-9323-50cc-f1b7-a4452864bee9,1777383923,0.46,3.4,no,"{""count_fp"":""3.40"",""created_time"":""2026-04-28T13:45:23.467179Z"",""no_price_dollars"":""0.5400"",""taker_side"":""no"",""ticker"":""KXBTC15M-26APR281000-00"",""trade_id"":""4cf3ac77-9323-50cc-f1b7-a4452864bee9"",""yes_price_dollars"":""0.4600""}"
KXBTC15M-26APR281000-00,a088f75b-8424-7999-1306-c617ee8b2d51,1777383923,0.47,10.0,yes,"{""count_fp"":""10.00"",""created_time"":""2026-04-28T13:45:23.414678Z"",""no_price_dollars"":""0.5300"",""taker_side"":""yes"",""ticker"":""KXBTC15M-26APR281000-00"",""trade_id"":""a088f75b-8424-7999-1306-c617ee8b2d51"",""yes_price_dollars"":""0.4700""}"
KXBTC15M-26APR281000-00,48fe301a-8774-5e3d-b2df-6422983758ed,1777383923,0.47,10.0,yes,"{""count_fp"":""10.00"",""created_time"":""2026-04-28T13:45:23.408419Z"",""no_price_dollars"":""0.5300"",""taker_side"":""yes"",""ticker"":""KXBTC15M-26APR281000-00"",""trade_id"":""48fe301a-8774-5e3d-b2df-6422983758ed"",""yes_price_dollars"":""0.4700""}"
KXBTC15M-26APR281000-00,fdcc9ec3-5908-4f75-3a3f-8c93201b3e44,1777383923,0.47,10.0,no,"{""count_fp"":""10.00"",""created_time"":""2026-04-28T13:45:23.006813Z"",""no_price_dollars"":""0.5300"",""taker_side"":""no"",""ticker"":""KXBTC15M-26APR281000-00"",""trade_id"":""fdcc9ec3-5908-4f75-3a3f-8c93201b3e44"",""yes_price_dollars"":""0.4700""}"
KXBTC15M-26APR281000-00,d582567d-3a4a-4e7f-14d3-c2d1be517918,1777383923,0.46,13.88,no,"{""count_fp"":""13.88"",""created_time"":""2026-04-28T13:45:23.006813Z"",""no_price_dollars"":""0.5400"",""taker_side"":""no"",""ticker"":""KXBTC15M-26APR281000-00"",""trade_id"":""d582567d-3a4a-4e7f-14d3-c2d1be517918"",""yes_price_dollars"":""0.4600""}"
KXBTC15M-26APR281000-00,cf78b394-6ce5-4423-15ef-ceaa11d0a05c,1777383923,0.46,112.0,no,"{""count_fp"":""112.00"",""created_time"":""2026-04-28T13:45:23.006813Z"",""no_price_dollars"":""0.5400"",""taker_side"":""no"",""ticker"":""KXBTC15M-26APR281000-00"",""trade_id"":""cf78b394-6ce5-4423-15ef-ceaa11d0a05c"",""yes_price_dollars"":""0.4600""}"
KXBTC15M-26APR281000-00,30672034-1b4f-4493-395d-b5c7a210a355,1777383923,0.46,40.0,no,"{""count_fp"":""40.00"",""created_time"":""2026-04-28T13:45:23.006813Z"",""no_price_dollars"":""0.5400"",""taker_side"":""no"",""ticker"":""KXBTC15M-26APR281000-00"",""trade_id"":""30672034-1b4f-4493-395d-b5c7a210a355"",""yes_price_dollars"":""0.4600""}"
KXBTC15M-26APR281000-00,1f65ae21-9ed5-4193-084e-a10c73aca503,1777383923,0.45,10.54,no,"{""count_fp"":""10.54"",""created_time"":""2026-04-28T13:45:23.006813Z"",""no_price_dollars"":""0.5500"",""taker_side"":""no"",""ticker"":""KXBTC15M-26APR281000-00"",""trade_id"":""1f65ae21-9ed5-4193-084e-a10c73aca503"",""yes_price_dollars"":""0.4500""}"
KXBTC15M-26APR281000-00,093ce46b-3866-4119-042a-3d5429c8378b,1777383923,0.45,28.9,no,"{""count_fp"":""28.90"",""created_time"":""2026-04-28T13:45:23.006813Z"",""no_price_dollars"":""0.5500"",""taker_side"":""no"",""ticker"":""KXBTC15M-26APR281000-00"",""trade_id"":""093ce46b-3866-4119-042a-3d5429c8378b"",""yes_price_dollars"":""0.4500""}"
KXBTC15M-26APR281000-00,f033b1b9-8ef5-48b4-6fae-48c6c4cb2890,1777383924,0.48,21.74,no,"{""count_fp"":""21.74"",""created_time"":""2026-04-28T13:45:24.977986Z"",""no_price_dollars"":""0.5200"",""taker_side"":""no"",""ticker"":""KXBTC15M-26APR281000-00"",""trade_id"":""f033b1b9-8ef5-48b4-6fae-48c6c4cb2890"",""yes_price_dollars"":""0.4800""}"
KXBTC15M-26APR281000-00,a5c61467-1b85-4b7e-6276-6f0c2ddba214,1777383924,0.48,5.16,no,"{""count_fp"":""5.16"",""created_time"":""2026-04-28T13:45:24.977986Z"",""no_price_dollars"":""0.5200"",""taker_side"":""no"",""ticker"":""KXBTC15M-26APR281000-00"",""trade_id"":""a5c61467-1b85-4b7e-6276-6f0c2ddba214"",""yes_price_dollars"":""0.4800""}"
KXBTC15M-26APR281000-00,3004cbe6-0f81-6ffc-5aea-1ca6850d7628,1777383924,0.48,18.26,no,"{""count_fp"":""18.26"",""created_time"":""2026-04-28T13:45:24.313454Z"",""no_price_dollars"":""0.5200"",""taker_side"":""no"",""ticker"":""KXBTC15M-26APR281000-00"",""trade_id"":""3004cbe6-0f81-6ffc-5aea-1ca6850d7628"",""yes_price_dollars"":""0.4800""}"
KXBTC15M-26APR281000-00,18b17269-106d-530b-02dc-2f89e0997ad0,1777383924,0.47,6.23,yes,"{""count_fp"":""6.23"",""created_time"":""2026-04-28T13:45:24.113489Z"",""no_price_dollars"":""0.5300"",""taker_side"":""yes"",""ticker"":""KXBTC15M-26APR281000-00"",""trade_id"":""18b17269-106d-530b-02dc-2f89e0997ad0"",""yes_price_dollars"":""0.4700""}"
KXBTC15M-26APR281000-00,4b9fa8a3-43f9-5e2b-8d38-c7fc357727a8,1777383924,0.47,43.67,yes,"{""count_fp"":""43.67"",""created_time"":""2026-04-28T13:45:24.098307Z"",""no_price_dollars"":""0.5300"",""taker_side"":""yes"",""ticker"":""KXBTC15M-26APR281000-00"",""trade_id"":""4b9fa8a3-43f9-5e2b-8d38-c7fc357727a8"",""yes_price_dollars"":""0.4700""}"
KXBTC15M-26APR281000-00,e58556ec-5f45-445b-e2cf-1c829fdb9ed8,1777383924,0.47,29.94,yes,"{""count_fp"":""29.94"",""created_time"":""2026-04-28T13:45:24.077014Z"",""no_price_dollars"":""0.5300"",""taker_side"":""yes"",""ticker"":""KXBTC15M-26APR281000-00"",""trade_id"":""e58556ec-5f45-445b-e2cf-1c829fdb9ed8"",""yes_price_dollars"":""0.4700""}"
KXBTC15M-26APR281000-00,ffc94e87-3b83-453f-063a-842fb17c09f1,1777383925,0.46,1.0,yes,"{""count_fp"":""1.00"",""created_time"":""2026-04-28T13:45:25.763099Z"",""no_price_dollars"":""0.5400"",""taker_side"":""yes"",""ticker"":""KXBTC15M-26APR281000-00"",""trade_id"":""ffc94e87-3b83-453f-063a-842fb17c09f1"",""yes_price_dollars"":""0.4600""}"
KXBTC15M-26APR281000-00,e8ba844d-03ac-5d47-f855-3722b5a696f5,1777383925,0.46,20.0,no,"{""count_fp"":""20.00"",""created_time"":""2026-04-28T13:45:25.517953Z"",""no_price_dollars"":""0.5400"",""taker_side"":""no"",""ticker"":""KXBTC15M-26APR281000-00"",""trade_id"":""e8ba844d-03ac-5d47-f855-3722b5a696f5"",""yes_price_dollars"":""0.4600""}"
KXBTC15M-26APR281000-00,98f4789d-b5d0-5f1c-eb70-9f136dddc12d,1777383925,0.45,21.01,no,"{""count_fp"":""21.01"",""created_time"":""2026-04-28T13:45:25.517953Z"",""no_price_dollars"":""0.5500"",""taker_side"":""no"",""ticker"":""KXBTC15M-26APR281000-00"",""trade_id"":""98f4789d-b5d0-5f1c-eb70-9f136dddc12d"",""yes_price_dollars"":""0.4500""}"
KXBTC15M-26APR281000-00,95d044d6-819d-5b83-c4cb-f9083e5c83d7,1777383925,0.46,1100.48,no,"{""count_fp"":""1100.48"",""created_time"":""2026-04-28T13:45:25.517953Z"",""no_price_dollars"":""0.5400"",""taker_side"":""no"",""ticker"":""KXBTC15M-26APR281000-00"",""trade_id"":""95d044d6-819d-5b83-c4cb-f9083e5c83d7"",""yes_price_dollars"":""0.4600""}"
KXBTC15M-26APR281000-00,88aaf563-2156-56c4-dd55-577b56341de4,1777383925,0.46,3.0,no,"{""count_fp"":""3.00"",""created_time"":""2026-04-28T13:45:25.517953Z"",""no_price_dollars"":""0.5400"",""taker_side"":""no"",""ticker"":""KXBTC15M-26APR281000-00"",""trade_id"":""88aaf563-2156-56c4-dd55-577b56341de4"",""yes_price_dollars"":""0.4600""}"
KXBTC15M-26APR281000-00,4a759824-4ea2-5219-ebb9-e930ccf4b0b2,1777383925,0.45,40.0,no,"{""count_fp"":""40.00"",""created_time"":""2026-04-28T13:45:25.517953Z"",""no_price_dollars"":""0.5500"",""taker_side"":""no"",""ticker"":""KXBTC15M-26APR281000-00"",""trade_id"":""4a759824-4ea2-5219-ebb9-e930ccf4b0b2"",""yes_price_dollars"":""0.4500""}"
KXBTC15M-26APR281000-00,240c10d9-0887-560d-d8d9-6a8116b44c18,1777383925,0.47,15.0,no,"{""count_fp"":""15.00"",""created_time"":""2026-04-28T13:45:25.517953Z"",""no_price_dollars"":""0.5300"",""taker_side"":""no"",""ticker"":""KXBTC15M-26APR281000-00"",""trade_id"":""240c10d9-0887-560d-d8d9-6a8116b44c18"",""yes_price_dollars"":""0.4700""}"
KXBTC15M-26APR281000-00,14d5b0df-3476-5af8-feab-b82fb1f0c68c,1777383925,0.46,56.0,no,"{""count_fp"":""56.00"",""created_time"":""2026-04-28T13:45:25.517953Z"",""no_price_dollars"":""0.5400"",""taker_side"":""no"",""ticker"":""KXBTC15M-26APR281000-00"",""trade_id"":""14d5b0df-3476-5af8-feab-b82fb1f0c68c"",""yes_price_dollars"":""0.4600""}"
KXBTC15M-26APR281000-00,01d21c75-fbbe-5ac2-f45d-7575675db728,1777383925,0.46,500.0,no,"{""count_fp"":""500.00"",""created_time"":""2026-04-28T13:45:25.517953Z"",""no_price_dollars"":""0.5400"",""taker_side"":""no"",""ticker"":""KXBTC15M-26APR281000-00"",""trade_id"":""01d21c75-fbbe-5ac2-f45d-7575675db728"",""yes_price_dollars"":""0.4600""}"
KXBTC15M-26APR281000-00,891c2f48-8881-77fc-74a7-159addbd3c70,1777383925,0.47,18.6,no,"{""count_fp"":""18.60"",""created_time"":""2026-04-28T13:45:25.370666Z"",""no_price_dollars"":""0.5300"",""taker_side"":""no"",""ticker"":""KXBTC15M-26APR281000-00"",""trade_id"":""891c2f48-8881-77fc-74a7-159addbd3c70"",""yes_price_dollars"":""0.4700""}"
KXBTC15M-26APR281000-00,33267422-32b2-7ed5-55bd-754cbc27118e,1777383925,0.48,13.0,no,"{""count_fp"":""13.00"",""created_time"":""2026-04-28T13:45:25.370666Z"",""no_price_dollars"":""0.5200"",""taker_side"":""no"",""ticker"":""KXBTC15M-26APR281000-00"",""trade_id"":""33267422-32b2-7ed5-55bd-754cbc27118e"",""yes_price_dollars"":""0.4800""}"
KXBTC15M-26APR281000-00,291073f3-bc26-7a46-473f-917886b72607,1777383925,0.48,40.0,no,"{""count_fp"":""40.00"",""created_time"":""2026-04-28T13:45:25.370666Z"",""no_price_dollars"":""0.5200"",""taker_side"":""no"",""ticker"":""KXBTC15M-26APR281000-00"",""trade_id"":""291073f3-bc26-7a46-473f-917886b72607"",""yes_price_dollars"":""0.4800""}"
KXBTC15M-26APR281000-00,9c10abdb-8d8a-7065-c556-9a7117a2cae3,1777383925,0.49,1.0,yes,"{""count_fp"":""1.00"",""created_time"":""2026-04-28T13:45:25.125373Z"",""no_price_dollars"":""0.5100"",""taker_side"":""yes"",""ticker"":""KXBTC15M-26APR281000-00"",""trade_id"":""9c10abdb-8d8a-7065-c556-9a7117a2cae3"",""yes_price_dollars"":""0.4900""}"
KXBTC15M-26APR281000-00,20b5a64a-ba1f-71ad-d2d7-d556b4fb17ee,1777383925,0.49,1.0,yes,"{""count_fp"":""1.00"",""created_time"":""2026-04-28T13:45:25.125373Z"",""no_price_dollars"":""0.5100"",""taker_side"":""yes"",""ticker"":""KXBTC15M-26APR281000-00"",""trade_id"":""20b5a64a-ba1f-71ad-d2d7-d556b4fb17ee"",""yes_price_dollars"":""0.4900""}"
KXBTC15M-26APR281000-00,38fef7dd-912a-7aff-cd78-00c7573ea22b,1777383926,0.46,1.0,yes,"{""count_fp"":""1.00"",""created_time"":""2026-04-28T13:45:26.927809Z"",""no_price_dollars"":""0.5400"",""taker_side"":""yes"",""ticker"":""KXBTC15M-26APR281000-00"",""trade_id"":""38fef7dd-912a-7aff-cd78-00c7573ea22b"",""yes_price_dollars"":""0.4600""}"
KXBTC15M-26APR281000-00,f4730a12-1dac-46df-6832-c163189a8c3c,1777383926,0.47,35.16,yes,"{""count_fp"":""35.16"",""created_time"":""2026-04-28T13:45:26.874897Z"",""no_price_dollars"":""0.5300"",""taker_side"":""yes"",""ticker"":""KXBTC15M-26APR281000-00"",""trade_id"":""f4730a12-1dac-46df-6832-c163189a8c3c"",""yes_price_dollars"":""0.4700""}"
KXBTC15M-26APR281000-00,b757c70d-69e8-4f47-6ff7-5c1a6fb2af9d,1777383926,0.48,0.35,yes,"{""count_fp"":""0.35"",""created_time"":""2026-04-28T13:45:26.874897Z"",""no_price_dollars"":""0.5200"",""taker_side"":""yes"",""ticker"":""KXBTC15M-26APR281000-00"",""trade_id"":""b757c70d-69e8-4f47-6ff7-5c1a6fb2af9d"",""yes_price_dollars"":""0.4800""}"
KXBTC15M-26APR281000-00,743a2428-b3e8-4e8a-4de2-7982edd497e0,1777383926,0.46,10.0,yes,"{""count_fp"":""10.00"",""created_time"":""2026-04-28T13:45:26.874897Z"",""no_price_dollars"":""0.5400"",""taker_side"":""yes"",""ticker"":""KXBTC15M-26APR281000-00"",""trade_id"":""743a2428-b3e8-4e8a-4de2-7982edd497e0"",""yes_price_dollars"":""0.4600""}"
KXBTC15M-26APR281000-00,49e148d6-799e-4451-6993-7e7681c5847e,1777383926,0.46,22.54,yes,"{""count_fp"":""22.54"",""created_time"":""2026-04-28T13:45:26.874897Z"",""no_price_dollars"":""0.5400"",""taker_side"":""yes"",""ticker"":""KXBTC15M-26APR281000-00"",""trade_id"":""49e148d6-799e-4451-6993-7e7681c5847e"",""yes_price_dollars"":""0.4600""}"
KXBTC15M-26APR281000-00,503c5bd4-72fa-54a9-4322-f29e308c80ae,1777383926,0.46,17.46,yes,"{""count_fp"":""17.46"",""created_time"":""2026-04-28T13:45:26.653074Z"",""no_price_dollars"":""0.5400"",""taker_side"":""yes"",""ticker"":""KXBTC15M-26APR281000-00"",""trade_id"":""503c5bd4-72fa-54a9-4322-f29e308c80ae"",""yes_price_dollars"":""0.4600""}"
KXBTC15M-26APR281000-00,ffc8cfe3-273e-7384-41b1-63299dd9da26,1777383926,0.46,9.0,no,"{""count_fp"":""9.00"",""created_time"":""2026-04-28T13:45:26.471429Z"",""no_price_dollars"":""0.5400"",""taker_side"":""no"",""ticker"":""KXBTC15M-26APR281000-00"",""trade_id"":""ffc8cfe3-273e-7384-41b1-63299dd9da26"",""yes_price_dollars"":""0.4600""}"
KXBTC15M-26APR281000-00,e37dfe8d-2256-7830-4f7b-d8e0e4b6ed2d,1777383926,0.46,13.88,no,"{""count_fp"":""13.88"",""created_time"":""2026-04-28T13:45:26.471429Z"",""no_price_dollars"":""0.5400"",""taker_side"":""no"",""ticker"":""KXBTC15M-26APR281000-00"",""trade_id"":""e37dfe8d-2256-7830-4f7b-d8e0e4b6ed2d"",""yes_price_dollars"":""0.4600""}"
KXBTC15M-26APR281000-00,d0379c6f-f1d2-7b6a-6fa2-f2daf6081304,1777383926,0.46,1.0,no,"{""count_fp"":""1.00"",""created_time"":""2026-04-28T13:45:26.471429Z"",""no_price_dollars"":""0.5400"",""taker_side"":""no"",""ticker"":""KXBTC15M-26APR281000-00"",""trade_id"":""d0379c6f-f1d2-7b6a-6fa2-f2daf6081304"",""yes_price_dollars"":""0.4600""}"
KXBTC15M-26APR281000-00,6b23377d-7bec-7baa-674d-0f4a60241371,1777383926,0.46,3.0,no,"{""count_fp"":""3.00"",""created_time"":""2026-04-28T13:45:26.471429Z"",""no_price_dollars"":""0.5400"",""taker_side"":""no"",""ticker"":""KXBTC15M-26APR281000-00"",""trade_id"":""6b23377d-7bec-7baa-674d-0f4a60241371"",""yes_price_dollars"":""0.4600""}"
KXBTC15M-26APR281000-00,17706fa3-4dbc-6453-1684-aa5cca321a88,1777383926,0.47,2.01,yes,"{""count_fp"":""2.01"",""created_time"":""2026-04-28T13:45:26.465734Z"",""no_price_dollars"":""0.5300"",""taker_side"":""yes"",""ticker"":""KXBTC15M-26APR281000-00"",""trade_id"":""17706fa3-4dbc-6453-1684-aa5cca321a88"",""yes_price_dollars"":""0.4700""}"
KXBTC15M-26APR281000-00,077b6aa2-08bb-68e8-687c-4d4af75b07f3,1777383926,0.46,17.0,no,"{""count_fp"":""17.00"",""created_time"":""2026-04-28T13:45:26.354294Z"",""no_price_dollars"":""0.5400"",""taker_side"":""no"",""ticker"":""KXBTC15M-26APR281000-00"",""trade_id"":""077b6aa2-08bb-68e8-687c-4d4af75b07f3"",""yes_price_dollars"":""0.4600""}"
KXBTC15M-26APR281000-00,a52f338c-f1da-535f-1880-17e5377f1324,1777383927,0.47,6.95,yes,"{""count_fp"":""6.95"",""created_time"":""2026-04-28T13:45:27.636936Z"",""no_price_dollars"":""0.5300"",""taker_side"":""yes"",""ticker"":""KXBTC15M-26APR281000-00"",""trade_id"":""a52f338c-f1da-535f-1880-17e5377f1324"",""yes_price_dollars"":""0.4700""}"
KXBTC15M-26APR281000-00,6426c831-0d1c-6be1-e835-b90c8b43dd0c,1777383927,0.46,40.0,no,"{""count_fp"":""40.00"",""created_time"":""2026-04-28T13:45:27.611895Z"",""no_price_dollars"":""0.5400"",""taker_side"":""no"",""ticker"":""KXBTC15M-26APR281000-00"",""trade_id"":""6426c831-0d1c-6be1-e835-b90c8b43dd0c"",""yes_price_dollars"":""0.4600""}"
KXBTC15M-26APR281000-00,27897c8c-adc7-6f3b-d3e5-7747949f2e38,1777383927,0.46,126.9,no,"{""count_fp"":""126.90"",""created_time"":""2026-04-28T13:45:27.611895Z"",""no_price_dollars"":""0.5400"",""taker_side"":""no"",""ticker"":""KXBTC15M-26APR281000-00"",""trade_id"":""27897c8c-adc7-6f3b-d3e5-7747949f2e38"",""yes_price_dollars"":""0.4600""}"
KXBTC15M-26APR281000-00,912281bc-b48a-6fb5-e5de-7ff8a50e4b29,1777383928,0.46,8.97,no,"{""count_fp"":""8.97"",""created_time"":""2026-04-28T13:45:28.984808Z"",""no_price_dollars"":""0.5400"",""taker_side"":""no"",""ticker"":""KXBTC15M-26APR281000-00"",""trade_id"":""912281bc-b48a-6fb5-e5de-7ff8a50e4b29"",""yes_price_dollars"":""0.4600""}"
KXBTC15M-26APR281000-00,cde42c02-d32b-782b-40a4-8d579701b7a0,1777383929,0.46,1.76,no,"{""count_fp"":""1.76"",""created_time"":""2026-04-28T13:45:29.299064Z"",""no_price_dollars"":""0.5400"",""taker_side"":""no"",""ticker"":""KXBTC15M-26APR281000-00"",""trade_id"":""cde42c02-d32b-782b-40a4-8d579701b7a0"",""yes_price_dollars"":""0.4600""}"
KXBTC15M-26APR281000-00,ad038aa8-b8fb-7dfb-3dff-cdb5ea2fcc28,1777383929,0.46,1.0,no,"{""count_fp"":""1.00"",""created_time"":""2026-04-28T13:45:29.280127Z"",""no_price_dollars"":""0.5400"",""taker_side"":""no"",""ticker"":""KXBTC15M-26APR281000-00"",""trade_id"":""ad038aa8-b8fb-7dfb-3dff-cdb5ea2fcc28"",""yes_price_dollars"":""0.4600""}"
KXBTC15M-26APR281000-00,69aa27bf-dc1b-43e7-579e-a749da9a3434,1777383929,0.46,1.0,no,"{""count_fp"":""1.00"",""created_time"":""2026-04-28T13:45:29.165414Z"",""no_price_dollars"":""0.5400"",""taker_side"":""no"",""ticker"":""KXBTC15M-26APR281000-00"",""trade_id"":""69aa27bf-dc1b-43e7-579e-a749da9a3434"",""yes_price_dollars"":""0.4600""}"
KXBTC15M-26APR281000-00,26c1a364-7093-53e3-ee07-774bd8a60c88,1777383929,0.46,0.89,no,"{""count_fp"":""0.89"",""created_time"":""2026-04-28T13:45:29.112462Z"",""no_price_dollars"":""0.5400"",""taker_side"":""no"",""ticker"":""KXBTC15M-26APR281000-00"",""trade_id"":""26c1a364-7093-53e3-ee07-774bd8a60c88"",""yes_price_dollars"":""0.4600""}"
KXBTC15M-26APR281000-00,0f17228c-241a-6a99-9654-e72f878f3c81,1777383929,0.46,3.57,no,"{""count_fp"":""3.57"",""created_time"":""2026-04-28T13:45:29.018619Z"",""no_price_dollars"":""0.5400"",""taker_side"":""no"",""ticker"":""KXBTC15M-26APR281000-00"",""trade_id"":""0f17228c-241a-6a99-9654-e72f878f3c81"",""yes_price_dollars"":""0.4600""}"
KXBTC15M-26APR281000-00,9dfd00be-50c0-654e-7f65-8cecbc8b90fb,1777383930,0.47,1.0,yes,"{""count_fp"":""1.00"",""created_time"":""2026-04-28T13:45:30.881364Z"",""no_price_dollars"":""0.5300"",""taker_side"":""yes"",""ticker"":""KXBTC15M-26APR281000-00"",""trade_id"":""9dfd00be-50c0-654e-7f65-8cecbc8b90fb"",""yes_price_dollars"":""0.4700""}"
KXBTC15M-26APR281000-00,6eb5b3d3-ed88-7e02-10c1-9386bfdac29b,1777383930,0.47,1.0,yes,"{""count_fp"":""1.00"",""created_time"":""2026-04-28T13:45:30.686653Z"",""no_price_dollars"":""0.5300"",""taker_side"":""yes"",""ticker"":""KXBTC15M-26APR281000-00"",""trade_id"":""6eb5b3d3-ed88-7e02-10c1-9386bfdac29b"",""yes_price_dollars"":""0.4700""}"
KXBTC15M-26APR281000-00,e4a0df53-035c-5eb2-53ea-b73dc8e4f8cf,1777383930,0.47,11.18,yes,"{""count_fp"":""11.18"",""created_time"":""2026-04-28T13:45:30.624401Z"",""no_price_dollars"":""0.5300"",""taker_side"":""yes"",""ticker"":""KXBTC15M-26APR281000-00"",""trade_id"":""e4a0df53-035c-5eb2-53ea-b73dc8e4f8cf"",""yes_price_dollars"":""0.4700""}"
KXBTC15M-26APR281000-00,6c28d477-0543-54fe-437e-4a2e902ef63b,1777383930,0.47,3.0,yes,"{""count_fp"":""3.00"",""created_time"":""2026-04-28T13:45:30.624401Z"",""no_price_dollars"":""0.5300"",""taker_side"":""yes"",""ticker"":""KXBTC15M-26APR281000-00"",""trade_id"":""6c28d477-0543-54fe-437e-4a2e902ef63b"",""yes_price_dollars"":""0.4700""}"
KXBTC15M-26APR281000-00,d3144fd2-d61c-7335-ad66-e30e5614da02,1777383930,0.47,17.94,no,"{""count_fp"":""17.94"",""created_time"":""2026-04-28T13:45:30.258589Z"",""no_price_dollars"":""0.5300"",""taker_side"":""no"",""ticker"":""KXBTC15M-26APR281000-00"",""trade_id"":""d3144fd2-d61c-7335-ad66-e30e5614da02"",""yes_price_dollars"":""0.4700""}"
KXBTC15M-26APR281000-00,f5051094-c2c8-4db9-9243-71b5b40b4cc9,1777383930,0.47,5.16,yes,"{""count_fp"":""5.16"",""created_time"":""2026-04-28T13:45:30.053046Z"",""no_price_dollars"":""0.5300"",""taker_side"":""yes"",""ticker"":""KXBTC15M-26APR281000-00"",""trade_id"":""f5051094-c2c8-4db9-9243-71b5b40b4cc9"",""yes_price_dollars"":""0.4700""}"
KXBTC15M-26APR281000-00,c887ce56-d01a-4f76-9105-b74f4ae53c84,1777383930,0.49,56.0,yes,"{""count_fp"":""56.00"",""created_time"":""2026-04-28T13:45:30.053046Z"",""no_price_dollars"":""0.5100"",""taker_side"":""yes"",""ticker"":""KXBTC15M-26APR281000-00"",""trade_id"":""c887ce56-d01a-4f76-9105-b74f4ae53c84"",""yes_price_dollars"":""0.4900""}"
KXBTC15M-26APR281000-00,b31a4aaf-e49a-4129-ad0d-7267a9827fe6,1777383930,0.49,845.49,yes,"{""count_fp"":""845.49"",""created_time"":""2026-04-28T13:45:30.053046Z"",""no_price_dollars"":""0.5100"",""taker_side"":""yes"",""ticker"":""KXBTC15M-26APR281000-00"",""trade_id"":""b31a4aaf-e49a-4129-ad0d-7267a9827fe6"",""yes_price_dollars"":""0.4900""}"
KXBTC15M-26APR281000-00,578e3316-1b64-4827-852c-4ef3e48257bd,1777383930,0.48,39.65,yes,"{""count_fp"":""39.65"",""created_time"":""2026-04-28T13:45:30.053046Z"",""no_price_dollars"":""0.5200"",""taker_side"":""yes"",""ticker"":""KXBTC15M-26APR281000-00"",""trade_id"":""578e3316-1b64-4827-852c-4ef3e48257bd"",""yes_price_dollars"":""0.4800""}"
KXBTC15M-26APR281000-00,0740585a-2531-401e-ac84-7ab46a49bec8,1777383930,0.49,40.0,yes,"{""count_fp"":""40.00"",""created_time"":""2026-04-28T13:45:30.053046Z"",""no_price_dollars"":""0.5100"",""taker_side"":""yes"",""ticker"":""KXBTC15M-26APR281000-00"",""trade_id"":""0740585a-2531-401e-ac84-7ab46a49bec8"",""yes_price_dollars"":""0.4900""}"
KXBTC15M-26APR281000-00,0648cc09-3282-55f6-874b-269d2287294d,1777383931,0.46,7.17,no,"{""count_fp"":""7.17"",""created_time"":""2026-04-28T13:45:31.746135Z"",""no_price_dollars"":""0.5400"",""taker_side"":""no"",""ticker"":""KXBTC15M-26APR281000-00"",""trade_id"":""0648cc09-3282-55f6-874b-269d2287294d"",""yes_price_dollars"":""0.4600""}"
KXBTC15M-26APR281000-00,e3391dfc-fe60-5b89-f403-7d7e36e069e6,1777383932,0.47,7.17,no,"{""count_fp"":""7.17"",""created_time"":""2026-04-28T13:45:32.888266Z"",""no_price_dollars"":""0.5300"",""taker_side"":""no"",""ticker"":""KXBTC15M-26APR281000-00"",""trade_id"":""e3391dfc-fe60-5b89-f403-7d7e36e069e6"",""yes_price_dollars"":""0.4700""}"
KXBTC15M-26APR281000-00,5a0752f9-3980-4685-1326-4349e1003276,1777383932,0.47,1.0,no,"{""count_fp"":""1.00"",""created_time"":""2026-04-28T13:45:32.813424Z"",""no_price_dollars"":""0.5300"",""taker_side"":""no"",""ticker"":""KXBTC15M-26APR281000-00"",""trade_id"":""5a0752f9-3980-4685-1326-4349e1003276"",""yes_price_dollars"":""0.4700""}"
KXBTC15M-26APR281000-00,bb98b547-b7a5-6245-e882-1e214082a531,1777383932,0.48,99.58,yes,"{""count_fp"":""99.58"",""created_time"":""2026-04-28T13:45:32.744218Z"",""no_price_dollars"":""0.5200"",""taker_side"":""yes"",""ticker"":""KXBTC15M-26APR281000-00"",""trade_id"":""bb98b547-b7a5-6245-e882-1e214082a531"",""yes_price_dollars"":""0.4800""}"
KXBTC15M-26APR281000-00,4345455a-c0b5-4e6e-05e3-1efa025b3784,1777383933,0.49,1.0,yes,"{""count_fp"":""1.00"",""created_time"":""2026-04-28T13:45:33.977859Z"",""no_price_dollars"":""0.5100"",""taker_side"":""yes"",""ticker"":""KXBTC15M-26APR281000-00"",""trade_id"":""4345455a-c0b5-4e6e-05e3-1efa025b3784"",""yes_price_dollars"":""0.4900""}"
KXBTC15M-26APR281000-00,1d762757-4933-4d21-27f9-fe755ae18a75,1777383933,0.49,43.35,yes,"{""count_fp"":""43.35"",""created_time"":""2026-04-28T13:45:33.956863Z"",""no_price_dollars"":""0.5100"",""taker_side"":""yes"",""ticker"":""KXBTC15M-26APR281000-00"",""trade_id"":""1d762757-4933-4d21-27f9-fe755ae18a75"",""yes_price_dollars"":""0.4900""}"
KXBTC15M-26APR281000-00,29e04cc8-bc67-4ba5-5c0b-971ef61a9c59,1777383933,0.49,20.51,yes,"{""count_fp"":""20.51"",""created_time"":""2026-04-28T13:45:33.954422Z"",""no_price_dollars"":""0.5100"",""taker_side"":""yes"",""ticker"":""KXBTC15M-26APR281000-00"",""trade_id"":""29e04cc8-bc67-4ba5-5c0b-971ef61a9c59"",""yes_price_dollars"":""0.4900""}"
KXBTC15M-26APR281000-00,fddb1fd5-665d-5bc5-95b4-97efc5ae9fc3,1777383933,0.48,11.51,yes,"{""count_fp"":""11.51"",""created_time"":""2026-04-28T13:45:33.943563Z"",""no_price_dollars"":""0.5200"",""taker_side"":""yes"",""ticker"":""KXBTC15M-26APR281000-00"",""trade_id"":""fddb1fd5-665d-5bc5-95b4-97efc5ae9fc3"",""yes_price_dollars"":""0.4800""}"
KXBTC15M-26APR281000-00,3354ffc5-b5f1-4531-4d88-fc7591ea0c6c,1777383933,0.48,33.97,yes,"{""count_fp"":""33.97"",""created_time"":""2026-04-28T13:45:33.930772Z"",""no_price_dollars"":""0.5200"",""taker_side"":""yes"",""ticker"":""KXBTC15M-26APR281000-00"",""trade_id"":""3354ffc5-b5f1-4531-4d88-fc7591ea0c6c"",""yes_price_dollars"":""0.4800""}"
KXBTC15M-26APR281000-00,2fc5a4a2-2e7d-429d-4338-db49e9fa5d9b,1777383933,0.48,0.56,yes,"{""count_fp"":""0.56"",""created_time"":""2026-04-28T13:45:33.930772Z"",""no_price_dollars"":""0.5200"",""taker_side"":""yes"",""ticker"":""KXBTC15M-26APR281000-00"",""trade_id"":""2fc5a4a2-2e7d-429d-4338-db49e9fa5d9b"",""yes_price_dollars"":""0.4800""}"
KXBTC15M-26APR281000-00,8d18352b-b164-6709-e8e5-f7ccf7f456fa,1777383933,0.47,27.4,no,"{""count_fp"":""27.40"",""created_time"":""2026-04-28T13:45:33.930593Z"",""no_price_dollars"":""0.5300"",""taker_side"":""no"",""ticker"":""KXBTC15M-26APR281000-00"",""trade_id"":""8d18352b-b164-6709-e8e5-f7ccf7f456fa"",""yes_price_dollars"":""0.4700""}"
KXBTC15M-26APR281000-00,05f2fec7-0355-684d-5c03-22e69f7f0ee0,1777383933,0.48,6.03,yes,"{""count_fp"":""6.03"",""created_time"":""2026-04-28T13:45:33.549115Z"",""no_price_dollars"":""0.5200"",""taker_side"":""yes"",""ticker"":""KXBTC15M-26APR281000-00"",""trade_id"":""05f2fec7-0355-684d-5c03-22e69f7f0ee0"",""yes_price_dollars"":""0.4800""}"
KXBTC15M-26APR281000-00,ad2b2d4d-34e4-77bd-0ab8-4f601b64e5da,1777383933,0.47,0.54,no,"{""count_fp"":""0.54"",""created_time"":""2026-04-28T13:45:33.388856Z"",""no_price_dollars"":""0.5300"",""taker_side"":""no"",""ticker"":""KXBTC15M-26APR281000-00"",""trade_id"":""ad2b2d4d-34e4-77bd-0ab8-4f601b64e5da"",""yes_price_dollars"":""0.4700""}"
KXBTC15M-26APR281000-00,b2a1f2df-e48a-4e30-2951-e37f2944325e,1777383933,0.48,20.0,yes,"{""count_fp"":""20.00"",""created_time"":""2026-04-28T13:45:33.172795Z"",""no_price_dollars"":""0.5200"",""taker_side"":""yes"",""ticker"":""KXBTC15M-26APR281000-00"",""trade_id"":""b2a1f2df-e48a-4e30-2951-e37f2944325e"",""yes_price_dollars"":""0.4800""}"
KXBTC15M-26APR281000-00,d3c1f67c-5591-6997-4c9e-c9d1d8150e7d,1777383934,0.49,5.62,no,"{""count_fp"":""5.62"",""created_time"":""2026-04-28T13:45:34.697958Z"",""no_price_dollars"":""0.5100"",""taker_side"":""no"",""ticker"":""KXBTC15M-26APR281000-00"",""trade_id"":""d3c1f67c-5591-6997-4c9e-c9d1d8150e7d"",""yes_price_dollars"":""0.4900""}"
KXBTC15M-26APR281000-00,2fb06bcf-2b3c-650b-495c-6b3029bacd4a,1777383934,0.48,41.41,no,"{""count_fp"":""41.41"",""created_time"":""2026-04-28T13:45:34.697958Z"",""no_price_dollars"":""0.5200"",""taker_side"":""no"",""ticker"":""KXBTC15M-26APR281000-00"",""trade_id"":""2fb06bcf-2b3c-650b-495c-6b3029bacd4a"",""yes_price_dollars"":""0.4800""}"
KXBTC15M-26APR281000-00,21e2e297-56c5-5d2f-5220-5e2036d6d2c9,1777383934,0.49,4.38,no,"{""count_fp"":""4.38"",""created_time"":""2026-04-28T13:45:34.689133Z"",""no_price_dollars"":""0.5100"",""taker_side"":""no"",""ticker"":""KXBTC15M-26APR281000-00"",""trade_id"":""21e2e297-56c5-5d2f-5220-5e2036d6d2c9"",""yes_price_dollars"":""0.4900""}"
KXBTC15M-26APR281000-00,1318e95c-9490-51b0-4082-e337ab62fc23,1777383934,0.49,20.0,no,"{""count_fp"":""20.00"",""created_time"":""2026-04-28T13:45:34.689133Z"",""no_price_dollars"":""0.5100"",""taker_side"":""no"",""ticker"":""KXBTC15M-26APR281000-00"",""trade_id"":""1318e95c-9490-51b0-4082-e337ab62fc23"",""yes_price_dollars"":""0.4900""}"
KXBTC15M-26APR281000-00,b21592b6-a34b-6d10-f6ae-ac5ae4a42c5c,1777383934,0.5,18.0,yes,"{""count_fp"":""18.00"",""created_time"":""2026-04-28T13:45:34.679053Z"",""no_price_dollars"":""0.5000"",""taker_side"":""yes"",""ticker"":""KXBTC15M-26APR281000-00"",""trade_id"":""b21592b6-a34b-6d10-f6ae-ac5ae4a42c5c"",""yes_price_dollars"":""0.5000""}"
KXBTC15M-26APR281000-00,dc8a57b3-bc72-784a-1764-4b97645bdebc,1777383934,0.5,6.0,yes,"{""count_fp"":""6.00"",""created_time"":""2026-04-28T13:45:34.372504Z"",""no_price_dollars"":""0.5000"",""taker_side"":""yes"",""ticker"":""KXBTC15M-26APR281000-00"",""trade_id"":""dc8a57b3-bc72-784a-1764-4b97645bdebc"",""yes_price_dollars"":""0.5000""}"
KXBTC15M-26APR281000-00,7eb6908f-8a9a-789f-2904-565f75e55be3,1777383934,0.5,10.0,yes,"{""count_fp"":""10.00"",""created_time"":""2026-04-28T13:45:34.372504Z"",""no_price_dollars"":""0.5000"",""taker_side"":""yes"",""ticker"":""KXBTC15M-26APR281000-00"",""trade_id"":""7eb6908f-8a9a-789f-2904-565f75e55be3"",""yes_price_dollars"":""0.5000""}"
KXBTC15M-26APR281000-00,54f3eb26-a633-7388-39f3-f3c907722274,1777383934,0.5,22.83,yes,"{""count_fp"":""22.83"",""created_time"":""2026-04-28T13:45:34.372504Z"",""no_price_dollars"":""0.5000"",""taker_side"":""yes"",""ticker"":""KXBTC15M-26APR281000-00"",""trade_id"":""54f3eb26-a633-7388-39f3-f3c907722274"",""yes_price_dollars"":""0.5000""}"
KXBTC15M-26APR281000-00,d82e2cf5-9626-642f-0b75-5e0522f6d50f,1777383934,0.5,2.0,yes,"{""count_fp"":""2.00"",""created_time"":""2026-04-28T13:45:34.362209Z"",""no_price_dollars"":""0.5000"",""taker_side"":""yes"",""ticker"":""KXBTC15M-26APR281000-00"",""trade_id"":""d82e2cf5-9626-642f-0b75-5e0522f6d50f"",""yes_price_dollars"":""0.5000""}"
KXBTC15M-26APR281000-00,fd08ff86-a8bc-5155-d015-727f217818bf,1777383935,0.49,19.32,yes,"{""count_fp"":""19.32"",""created_time"":""2026-04-28T13:45:35.686309Z"",""no_price_dollars"":""0.5100"",""taker_side"":""yes"",""ticker"":""KXBTC15M-26APR281000-00"",""trade_id"":""fd08ff86-a8bc-5155-d015-727f217818bf"",""yes_price_dollars"":""0.4900""}"
KXBTC15M-26APR281000-00,e1f8e3ba-df62-5883-c4d2-18b942d4a12f,1777383935,0.48,2.55,no,"{""count_fp"":""2.55"",""created_time"":""2026-04-28T13:45:35.193342Z"",""no_price_dollars"":""0.5200"",""taker_side"":""no"",""ticker"":""KXBTC15M-26APR281000-00"",""trade_id"":""e1f8e3ba-df62-5883-c4d2-18b942d4a12f"",""yes_price_dollars"":""0.4800""}"
KXBTC15M-26APR281000-00,30c97ddd-9d14-5a1b-e774-e555d6c8c27a,1777383935,0.48,22.45,no,"{""count_fp"":""22.45"",""created_time"":""2026-04-28T13:45:35.193342Z"",""no_price_dollars"":""0.5200"",""taker_side"":""no"",""ticker"":""KXBTC15M-26APR281000-00"",""trade_id"":""30c97ddd-9d14-5a1b-e774-e555d6c8c27a"",""yes_price_dollars"":""0.4800""}"
KXBTC15M-26APR281000-00,cad1161c-6e88-6de5-f037-d5a7c8bf4867,1777383935,0.49,17.0,yes,"{""count_fp"":""17.00"",""created_time"":""2026-04-28T13:45:35.068685Z"",""no_price_dollars"":""0.5100"",""taker_side"":""yes"",""ticker"":""KXBTC15M-26APR281000-00"",""trade_id"":""cad1161c-6e88-6de5-f037-d5a7c8bf4867"",""yes_price_dollars"":""0.4900""}"
KXBTC15M-26APR281000-00,67cc1c72-022c-7612-d4a2-0f47a0385495,1777383936,0.49,4.0,yes,"{""count_fp"":""4.00"",""created_time"":""2026-04-28T13:45:36.656316Z"",""no_price_dollars"":""0.5100"",""taker_side"":""yes"",""ticker"":""KXBTC15M-26APR281000-00"",""trade_id"":""67cc1c72-022c-7612-d4a2-0f47a0385495"",""yes_price_dollars"":""0.4900""}"
KXBTC15M-26APR281000-00,4a953789-81a5-7d7f-e990-5f5a3a291101,1777383936,0.49,7.82,yes,"{""count_fp"":""7.82"",""created_time"":""2026-04-28T13:45:36.656316Z"",""no_price_dollars"":""0.5100"",""taker_side"":""yes"",""ticker"":""KXBTC15M-26APR281000-00"",""trade_id"":""4a953789-81a5-7d7f-e990-5f5a3a291101"",""yes_price_dollars"":""0.4900""}"
KXBTC15M-26APR281000-00,f8707f93-d352-70cb-ab71-8f847a2b2b5b,1777383937,0.49,1.76,no,"{""count_fp"":""1.76"",""created_time"":""2026-04-28T13:45:37.479611Z"",""no_price_dollars"":""0.5100"",""taker_side"":""no"",""ticker"":""KXBTC15M-26APR281000-00"",""trade_id"":""f8707f93-d352-70cb-ab71-8f847a2b2b5b"",""yes_price_dollars"":""0.4900""}"
KXBTC15M-26APR281000-00,d313766b-3f1b-7349-b6c0-e57abbd432df,1777383937,0.49,0.24,no,"{""count_fp"":""0.24"",""created_time"":""2026-04-28T13:45:37.479611Z"",""no_price_dollars"":""0.5100"",""taker_side"":""no"",""ticker"":""KXBTC15M-26APR281000-00"",""trade_id"":""d313766b-3f1b-7349-b6c0-e57abbd432df"",""yes_price_dollars"":""0.4900""}"
KXBTC15M-26APR281000-00,2e174ffe-662e-71e6-9c07-f6b766cbb226,1777383937,0.49,10.0,no,"{""count_fp"":""10.00"",""created_time"":""2026-04-28T13:45:37.479611Z"",""no_price_dollars"":""0.5100"",""taker_side"":""no"",""ticker"":""KXBTC15M-26APR281000-00"",""trade_id"":""2e174ffe-662e-71e6-9c07-f6b766cbb226"",""yes_price_dollars"":""0.4900""}"
KXBTC15M-26APR281000-00,d1298ee9-964f-403c-93d7-18c4287348a8,1777383937,0.5,30.8,yes,"{""count_fp"":""30.80"",""created_time"":""2026-04-28T13:45:37.264153Z"",""no_price_dollars"":""0.5000"",""taker_side"":""yes"",""ticker"":""KXBTC15M-26APR281000-00"",""trade_id"":""d1298ee9-964f-403c-93d7-18c4287348a8"",""yes_price_dollars"":""0.5000""}"
KXBTC15M-26APR281000-00,cad2e7e2-f543-4615-61cf-54e869f96bd3,1777383937,0.49,27.76,no,"{""count_fp"":""27.76"",""created_time"":""2026-04-28T13:45:37.235347Z"",""no_price_dollars"":""0.5100"",""taker_side"":""no"",""ticker"":""KXBTC15M-26APR281000-00"",""trade_id"":""cad2e7e2-f543-4615-61cf-54e869f96bd3"",""yes_price_dollars"":""0.4900""}"
KXBTC15M-26APR281000-00,879678c0-9bf3-4d49-f130-9419ff94136f,1777383937,0.49,12.0,no,"{""count_fp"":""12.00"",""created_time"":""2026-04-28T13:45:37.017354Z"",""no_price_dollars"":""0.5100"",""taker_side"":""no"",""ticker"":""KXBTC15M-26APR281000-00"",""trade_id"":""879678c0-9bf3-4d49-f130-9419ff94136f"",""yes_price_dollars"":""0.4900""}"
KXBTC15M-26APR281000-00,b43c8d79-7613-7188-6da7-48c1e7f371d8,1777383939,0.5,4.0,yes,"{""count_fp"":""4.00"",""created_time"":""2026-04-28T13:45:39.899607Z"",""no_price_dollars"":""0.5000"",""taker_side"":""yes"",""ticker"":""KXBTC15M-26APR281000-00"",""trade_id"":""b43c8d79-7613-7188-6da7-48c1e7f371d8"",""yes_price_dollars"":""0.5000""}"
KXBTC15M-26APR281000-00,bbdf96df-3e30-5f76-f5f7-548bd9e564ca,1777383939,0.49,14.05,no,"{""count_fp"":""14.05"",""created_time"":""2026-04-28T13:45:39.689493Z"",""no_price_dollars"":""0.5100"",""taker_side"":""no"",""ticker"":""KXBTC15M-26APR281000-00"",""trade_id"":""bbdf96df-3e30-5f76-f5f7-548bd9e564ca"",""yes_price_dollars"":""0.4900""}"
KXBTC15M-26APR281000-00,b82ba254-2534-5804-e093-0bf53e66ab96,1777383939,0.49,20.0,no,"{""count_fp"":""20.00"",""created_time"":""2026-04-28T13:45:39.689493Z"",""no_price_dollars"":""0.5100"",""taker_side"":""no"",""ticker"":""KXBTC15M-26APR281000-00"",""trade_id"":""b82ba254-2534-5804-e093-0bf53e66ab96"",""yes_price_dollars"":""0.4900""}"
KXBTC15M-26APR281000-00,b721476f-093e-5547-eed3-2f82c8bed8f1,1777383939,0.49,31.03,no,"{""count_fp"":""31.03"",""created_time"":""2026-04-28T13:45:39.689493Z"",""no_price_dollars"":""0.5100"",""taker_side"":""no"",""ticker"":""KXBTC15M-26APR281000-00"",""trade_id"":""b721476f-093e-5547-eed3-2f82c8bed8f1"",""yes_price_dollars"":""0.4900""}"
KXBTC15M-26APR281000-00,74b436f0-877f-57f4-cfe5-94e5f1db5fc0,1777383939,0.49,15.0,no,"{""count_fp"":""15.00"",""created_time"":""2026-04-28T13:45:39.689493Z"",""no_price_dollars"":""0.5100"",""taker_side"":""no"",""ticker"":""KXBTC15M-26APR281000-00"",""trade_id"":""74b436f0-877f-57f4-cfe5-94e5f1db5fc0"",""yes_price_dollars"":""0.4900""}"
KXBTC15M-26APR281000-00,52c200ae-1b85-5a8e-ddec-dd705b24e3b8,1777383939,0.49,1.0,no,"{""count_fp"":""1.00"",""created_time"":""2026-04-28T13:45:39.689493Z"",""no_price_dollars"":""0.5100"",""taker_side"":""no"",""ticker"":""KXBTC15M-26APR281000-00"",""trade_id"":""52c200ae-1b85-5a8e-ddec-dd705b24e3b8"",""yes_price_dollars"":""0.4900""}"
KXBTC15M-26APR281000-00,13664031-64fc-54f5-c8ad-884c3bdcbec0,1777383939,0.49,1.54,no,"{""count_fp"":""1.54"",""created_time"":""2026-04-28T13:45:39.689493Z"",""no_price_dollars"":""0.5100"",""taker_side"":""no"",""ticker"":""KXBTC15M-26APR281000-00"",""trade_id"":""13664031-64fc-54f5-c8ad-884c3bdcbec0"",""yes_price_dollars"":""0.4900""}"
KXBTC15M-26APR281000-00,6b27c95a-9c1f-7cf4-4ed2-4ab50f9d7990,1777383939,0.5,0.19,yes,"{""count_fp"":""0.19"",""created_time"":""2026-04-28T13:45:39.675051Z"",""no_price_dollars"":""0.5000"",""taker_side"":""yes"",""ticker"":""KXBTC15M-26APR281000-00"",""trade_id"":""6b27c95a-9c1f-7cf4-4ed2-4ab50f9d7990"",""yes_price_dollars"":""0.5000""}"
KXBTC15M-26APR281000-00,58f54de1-b1d3-4b90-9ac2-25b24ed2f7c4,1777383939,0.5,2.0,yes,"{""count_fp"":""2.00"",""created_time"":""2026-04-28T13:45:39.585856Z"",""no_price_dollars"":""0.5000"",""taker_side"":""yes"",""ticker"":""KXBTC15M-26APR281000-00"",""trade_id"":""58f54de1-b1d3-4b90-9ac2-25b24ed2f7c4"",""yes_price_dollars"":""0.5000""}"
KXBTC15M-26APR281000-00,e30eda67-8863-43b8-6aa7-9b9422441eb8,1777383939,0.5,2.0,yes,"{""count_fp"":""2.00"",""created_time"":""2026-04-28T13:45:39.299176Z"",""no_price_dollars"":""0.5000"",""taker_side"":""yes"",""ticker"":""KXBTC15M-26APR281000-00"",""trade_id"":""e30eda67-8863-43b8-6aa7-9b9422441eb8"",""yes_price_dollars"":""0.5000""}"
KXBTC15M-26APR281000-00,0b11ff00-afcd-5423-0825-21efe86f8d0a,1777383940,0.49,0.18,yes,"{""count_fp"":""0.18"",""created_time"":""2026-04-28T13:45:40.734008Z"",""no_price_dollars"":""0.5100"",""taker_side"":""yes"",""ticker"":""KXBTC15M-26APR281000-00"",""trade_id"":""0b11ff00-afcd-5423-0825-21efe86f8d0a"",""yes_price_dollars"":""0.4900""}"
KXBTC15M-26APR281000-00,d21c81c1-daad-6ca7-271f-df333b6ebe9d,1777383940,0.49,35.0,no,"{""count_fp"":""35.00"",""created_time"":""2026-04-28T13:45:40.078664Z"",""no_price_dollars"":""0.5100"",""taker_side"":""no"",""ticker"":""KXBTC15M-26APR281000-00"",""trade_id"":""d21c81c1-daad-6ca7-271f-df333b6ebe9d"",""yes_price_dollars"":""0.4900""}"
KXBTC15M-26APR281000-00,b31cdb04-8323-46fc-fc91-5213edcd20d3,1777383941,0.49,2.0,no,"{""count_fp"":""2.00"",""created_time"":""2026-04-28T13:45:41.671617Z"",""no_price_dollars"":""0.5100"",""taker_side"":""no"",""ticker"":""KXBTC15M-26APR281000-00"",""trade_id"":""b31cdb04-8323-46fc-fc91-5213edcd20d3"",""yes_price_dollars"":""0.4900""}"
KXBTC15M-26APR281000-00,474441b5-0225-4234-f428-23a0b5100976,1777383941,0.49,3.0,no,"{""count_fp"":""3.00"",""created_time"":""2026-04-28T13:45:41.671617Z"",""no_price_dollars"":""0.5100"",""taker_side"":""no"",""ticker"":""KXBTC15M-26APR281000-00"",""trade_id"":""474441b5-0225-4234-f428-23a0b5100976"",""yes_price_dollars"":""0.4900""}"
KXBTC15M-26APR281000-00,0e206138-c82f-57c8-1af1-6c1244115cac,1777383941,0.5,25.74,yes,"{""count_fp"":""25.74"",""created_time"":""2026-04-28T13:45:41.425434Z"",""no_price_dollars"":""0.5000"",""taker_side"":""yes"",""ticker"":""KXBTC15M-26APR281000-00"",""trade_id"":""0e206138-c82f-57c8-1af1-6c1244115cac"",""yes_price_dollars"":""0.5000""}"
KXBTC15M-26APR281000-00,766c3894-e087-7b72-5999-13338285d1a3,1777383941,0.48,13.64,no,"{""count_fp"":""13.64"",""created_time"":""2026-04-28T13:45:41.138252Z"",""no_price_dollars"":""0.5200"",""taker_side"":""no"",""ticker"":""KXBTC15M-26APR281000-00"",""trade_id"":""766c3894-e087-7b72-5999-13338285d1a3"",""yes_price_dollars"":""0.4800""}"
KXBTC15M-26APR281000-00,94631cdc-c4c1-5b97-0cc9-f0f8d9094486,1777383941,0.49,0.48,yes,"{""count_fp"":""0.48"",""created_time"":""2026-04-28T13:45:41.103808Z"",""no_price_dollars"":""0.5100"",""taker_side"":""yes"",""ticker"":""KXBTC15M-26APR281000-00"",""trade_id"":""94631cdc-c4c1-5b97-0cc9-f0f8d9094486"",""yes_price_dollars"":""0.4900""}"
KXBTC15M-26APR281000-00,c407aa80-ab43-76e4-dcef-71fc18329354,1777383942,0.5,14.44,yes,"{""count_fp"":""14.44"",""created_time"":""2026-04-28T13:45:42.983334Z"",""no_price_dollars"":""0.5000"",""taker_side"":""yes"",""ticker"":""KXBTC15M-26APR281000-00"",""trade_id"":""c407aa80-ab43-76e4-dcef-71fc18329354"",""yes_price_dollars"":""0.5000""}"
KXBTC15M-26APR281000-00,77a6cb35-e266-7db6-eadd-84b1596a0a73,1777383942,0.5,1.0,yes,"{""count_fp"":""1.00"",""created_time"":""2026-04-28T13:45:42.983334Z"",""no_price_dollars"":""0.5000"",""taker_side"":""yes"",""ticker"":""KXBTC15M-26APR281000-00"",""trade_id"":""77a6cb35-e266-7db6-eadd-84b1596a0a73"",""yes_price_dollars"":""0.5000""}"
KXBTC15M-26APR281000-00,4ab58caf-70b4-79b5-e69a-e557ef6bda9b,1777383942,0.51,1.0,yes,"{""count_fp"":""1.00"",""created_time"":""2026-04-28T13:45:42.983334Z"",""no_price_dollars"":""0.4900"",""taker_side"":""yes"",""ticker"":""KXBTC15M-26APR281000-00"",""trade_id"":""4ab58caf-70b4-79b5-e69a-e557ef6bda9b"",""yes_price_dollars"":""0.5100""}"
KXBTC15M-26APR281000-00,333e48d7-44b6-778f-e8b3-e8f625f8fdd1,1777383942,0.51,2.79,yes,"{""count_fp"":""2.79"",""created_time"":""2026-04-28T13:45:42.983334Z"",""no_price_dollars"":""0.4900"",""taker_side"":""yes"",""ticker"":""KXBTC15M-26APR281000-00"",""trade_id"":""333e48d7-44b6-778f-e8b3-e8f625f8fdd1"",""yes_price_dollars"":""0.5100""}"
KXBTC15M-26APR281000-00,5a09cb7a-745b-7a94-3102-03014d13f097,1777383942,0.49,1.0,no,"{""count_fp"":""1.00"",""created_time"":""2026-04-28T13:45:42.978845Z"",""no_price_dollars"":""0.5100"",""taker_side"":""no"",""ticker"":""KXBTC15M-26APR281000-00"",""trade_id"":""5a09cb7a-745b-7a94-3102-03014d13f097"",""yes_price_dollars"":""0.4900""}"
KXBTC15M-26APR281000-00,2b48c560-d540-5891-2b36-91452d46bde1,1777383943,0.52,1.0,yes,"{""count_fp"":""1.00"",""created_time"":""2026-04-28T13:45:43.985035Z"",""no_price_dollars"":""0.4800"",""taker_side"":""yes"",""ticker"":""KXBTC15M-26APR281000-00"",""trade_id"":""2b48c560-d540-5891-2b36-91452d46bde1"",""yes_price_dollars"":""0.5200""}"
KXBTC15M-26APR281000-00,b4eeea7f-cc52-7ead-7913-923186b749cd,1777383943,0.51,10.0,yes,"{""count_fp"":""10.00"",""created_time"":""2026-04-28T13:45:43.324583Z"",""no_price_dollars"":""0.4900"",""taker_side"":""yes"",""ticker"":""KXBTC15M-26APR281000-00"",""trade_id"":""b4eeea7f-cc52-7ead-7913-923186b749cd"",""yes_price_dollars"":""0.5100""}"
KXBTC15M-26APR281000-00,394da6cd-d2a2-7948-40c4-5f571d2673cf,1777383943,0.51,5.28,yes,"{""count_fp"":""5.28"",""created_time"":""2026-04-28T13:45:43.324583Z"",""no_price_dollars"":""0.4900"",""taker_side"":""yes"",""ticker"":""KXBTC15M-26APR281000-00"",""trade_id"":""394da6cd-d2a2-7948-40c4-5f571d2673cf"",""yes_price_dollars"":""0.5100""}"
KXBTC15M-26APR281000-00,fd10640b-c4ab-7bb5-a9e4-36bc9ad6903b,1777383943,0.51,3.0,yes,"{""count_fp"":""3.00"",""created_time"":""2026-04-28T13:45:43.313301Z"",""no_price_dollars"":""0.4900"",""taker_side"":""yes"",""ticker"":""KXBTC15M-26APR281000-00"",""trade_id"":""fd10640b-c4ab-7bb5-a9e4-36bc9ad6903b"",""yes_price_dollars"":""0.5100""}"
KXBTC15M-26APR281000-00,f146d947-d5be-7563-8c1e-93713bb35349,1777383943,0.51,3.0,yes,"{""count_fp"":""3.00"",""created_time"":""2026-04-28T13:45:43.313301Z"",""no_price_dollars"":""0.4900"",""taker_side"":""yes"",""ticker"":""KXBTC15M-26APR281000-00"",""trade_id"":""f146d947-d5be-7563-8c1e-93713bb35349"",""yes_price_dollars"":""0.5100""}"
KXBTC15M-26APR281000-00,c378858f-07c6-73d3-bd74-fa7150601449,1777383943,0.51,31.24,yes,"{""count_fp"":""31.24"",""created_time"":""2026-04-28T13:45:43.313301Z"",""no_price_dollars"":""0.4900"",""taker_side"":""yes"",""ticker"":""KXBTC15M-26APR281000-00"",""trade_id"":""c378858f-07c6-73d3-bd74-fa7150601449"",""yes_price_dollars"":""0.5100""}"
KXBTC15M-26APR281000-00,09fbd2bb-6f1a-7324-bcc0-f94fd91e61eb,1777383943,0.51,9.38,yes,"{""count_fp"":""9.38"",""created_time"":""2026-04-28T13:45:43.313301Z"",""no_price_dollars"":""0.4900"",""taker_side"":""yes"",""ticker"":""KXBTC15M-26APR281000-00"",""trade_id"":""09fbd2bb-6f1a-7324-bcc0-f94fd91e61eb"",""yes_price_dollars"":""0.5100""}"
KXBTC15M-26APR281000-00,764c16fe-7dd6-557f-eecc-137def67eac9,1777383943,0.51,23.97,yes,"{""count_fp"":""23.97"",""created_time"":""2026-04-28T13:45:43.309116Z"",""no_price_dollars"":""0.4900"",""taker_side"":""yes"",""ticker"":""KXBTC15M-26APR281000-00"",""trade_id"":""764c16fe-7dd6-557f-eecc-137def67eac9"",""yes_price_dollars"":""0.5100""}"
KXBTC15M-26APR281000-00,c8d2cc21-4076-43ad-f037-c551b3c56c2c,1777383944,0.52,5.0,yes,"{""count_fp"":""5.00"",""created_time"":""2026-04-28T13:45:44.825384Z"",""no_price_dollars"":""0.4800"",""taker_side"":""yes"",""ticker"":""KXBTC15M-26APR281000-00"",""trade_id"":""c8d2cc21-4076-43ad-f037-c551b3c56c2c"",""yes_price_dollars"":""0.5200""}"
KXBTC15M-26APR281000-00,9ec9c312-d45f-496b-dedb-647e8473b6ce,1777383944,0.52,16.7,yes,"{""count_fp"":""16.70"",""created_time"":""2026-04-28T13:45:44.825384Z"",""no_price_dollars"":""0.4800"",""taker_side"":""yes"",""ticker"":""KXBTC15M-26APR281000-00"",""trade_id"":""9ec9c312-d45f-496b-dedb-647e8473b6ce"",""yes_price_dollars"":""0.5200""}"
KXBTC15M-26APR281000-00,3b69a34f-e05a-4847-ccc0-7bba376469b0,1777383944,0.52,3.0,yes,"{""count_fp"":""3.00"",""created_time"":""2026-04-28T13:45:44.825384Z"",""no_price_dollars"":""0.4800"",""taker_side"":""yes"",""ticker"":""KXBTC15M-26APR281000-00"",""trade_id"":""3b69a34f-e05a-4847-ccc0-7bba376469b0"",""yes_price_dollars"":""0.5200""}"
KXBTC15M-26APR281000-00,18a7dd2a-7f50-4be5-c0b9-90338d919a59,1777383944,0.52,2.0,yes,"{""count_fp"":""2.00"",""created_time"":""2026-04-28T13:45:44.825384Z"",""no_price_dollars"":""0.4800"",""taker_side"":""yes"",""ticker"":""KXBTC15M-26APR281000-00"",""trade_id"":""18a7dd2a-7f50-4be5-c0b9-90338d919a59"",""yes_price_dollars"":""0.5200""}"
KXBTC15M-26APR281000-00,488ca829-3f96-5449-1d04-c536523a7159,1777383944,0.51,5.0,no,"{""count_fp"":""5.00"",""created_time"":""2026-04-28T13:45:44.174718Z"",""no_price_dollars"":""0.4900"",""taker_side"":""no"",""ticker"":""KXBTC15M-26APR281000-00"",""trade_id"":""488ca829-3f96-5449-1d04-c536523a7159"",""yes_price_dollars"":""0.5100""}"
KXBTC15M-26APR281000-00,eee965be-547e-5057-fe6b-778915a9936e,1777383945,0.53,5.91,no,"{""count_fp"":""5.91"",""created_time"":""2026-04-28T13:45:45.985287Z"",""no_price_dollars"":""0.4700"",""taker_side"":""no"",""ticker"":""KXBTC15M-26APR281000-00"",""trade_id"":""eee965be-547e-5057-fe6b-778915a9936e"",""yes_price_dollars"":""0.5300""}"
KXBTC15M-26APR281000-00,d39f0468-e7cb-70af-7e4d-1d3877810504,1777383945,0.54,25.85,yes,"{""count_fp"":""25.85"",""created_time"":""2026-04-28T13:45:45.705856Z"",""no_price_dollars"":""0.4600"",""taker_side"":""yes"",""ticker"":""KXBTC15M-26APR281000-00"",""trade_id"":""d39f0468-e7cb-70af-7e4d-1d3877810504"",""yes_price_dollars"":""0.5400""}"
KXBTC15M-26APR281000-00,619b0bd2-d6cd-63ab-da8c-bc296e072b22,1777383945,0.54,1.0,yes,"{""count_fp"":""1.00"",""created_time"":""2026-04-28T13:45:45.606746Z"",""no_price_dollars"":""0.4600"",""taker_side"":""yes"",""ticker"":""KXBTC15M-26APR281000-00"",""trade_id"":""619b0bd2-d6cd-63ab-da8c-bc296e072b22"",""yes_price_dollars"":""0.5400""}"
KXBTC15M-26APR281000-00,a2d7067f-f737-4d95-6729-28038f873b17,1777383945,0.53,3.0,yes,"{""count_fp"":""3.00"",""created_time"":""2026-04-28T13:45:45.569269Z"",""no_price_dollars"":""0.4700"",""taker_side"":""yes"",""ticker"":""KXBTC15M-26APR281000-00"",""trade_id"":""a2d7067f-f737-4d95-6729-28038f873b17"",""yes_price_dollars"":""0.5300""}"
KXBTC15M-26APR281000-00,9a1ecb4d-953f-4fe1-76ee-01c060de2384,1777383945,0.53,5.0,yes,"{""count_fp"":""5.00"",""created_time"":""2026-04-28T13:45:45.569269Z"",""no_price_dollars"":""0.4700"",""taker_side"":""yes"",""ticker"":""KXBTC15M-26APR281000-00"",""trade_id"":""9a1ecb4d-953f-4fe1-76ee-01c060de2384"",""yes_price_dollars"":""0.5300""}"
KXBTC15M-26APR281000-00,921ea0d7-c1e2-4ced-5626-a33cc98cbd4a,1777383945,0.53,2.98,yes,"{""count_fp"":""2.98"",""created_time"":""2026-04-28T13:45:45.569269Z"",""no_price_dollars"":""0.4700"",""taker_side"":""yes"",""ticker"":""KXBTC15M-26APR281000-00"",""trade_id"":""921ea0d7-c1e2-4ced-5626-a33cc98cbd4a"",""yes_price_dollars"":""0.5300""}"
KXBTC15M-26APR281000-00,84297081-e1a2-4258-4caf-41c00e104fe4,1777383945,0.53,15.38,yes,"{""count_fp"":""15.38"",""created_time"":""2026-04-28T13:45:45.569269Z"",""no_price_dollars"":""0.4700"",""taker_side"":""yes"",""ticker"":""KXBTC15M-26APR281000-00"",""trade_id"":""84297081-e1a2-4258-4caf-41c00e104fe4"",""yes_price_dollars"":""0.5300""}"
KXBTC15M-26APR281000-00,381fdd06-ba1f-4c1b-3829-aa8e535adaf4,1777383946,0.54,33.46,yes,"{""count_fp"":""33.46"",""created_time"":""2026-04-28T13:45:46.398617Z"",""no_price_dollars"":""0.4600"",""taker_side"":""yes"",""ticker"":""KXBTC15M-26APR281000-00"",""trade_id"":""381fdd06-ba1f-4c1b-3829-aa8e535adaf4"",""yes_price_dollars"":""0.5400""}"
KXBTC15M-26APR281000-00,ea777427-d7c6-447d-b881-a969b25b4eee,1777383947,0.53,11.01,no,"{""count_fp"":""11.01"",""created_time"":""2026-04-28T13:45:47.916662Z"",""no_price_dollars"":""0.4700"",""taker_side"":""no"",""ticker"":""KXBTC15M-26APR281000-00"",""trade_id"":""ea777427-d7c6-447d-b881-a969b25b4eee"",""yes_price_dollars"":""0.5300""}"
KXBTC15M-26APR281000-00,bb459715-41ad-4697-9590-202b22312864,1777383947,0.53,5.91,no,"{""count_fp"":""5.91"",""created_time"":""2026-04-28T13:45:47.916662Z"",""no_price_dollars"":""0.4700"",""taker_side"":""no"",""ticker"":""KXBTC15M-26APR281000-00"",""trade_id"":""bb459715-41ad-4697-9590-202b22312864"",""yes_price_dollars"":""0.5300""}"
KXBTC15M-26APR281000-00,ad821a2d-ac70-4e01-ad13-f99cd4f891a1,1777383947,0.52,10.82,no,"{""count_fp"":""10.82"",""created_time"":""2026-04-28T13:45:47.916662Z"",""no_price_dollars"":""0.4800"",""taker_side"":""no"",""ticker"":""KXBTC15M-26APR281000-00"",""trade_id"":""ad821a2d-ac70-4e01-ad13-f99cd4f891a1"",""yes_price_dollars"":""0.5200""}"
KXBTC15M-26APR281000-00,18a53b3b-2003-4dfb-a00f-b633cf42ad41,1777383947,0.53,14.09,no,"{""count_fp"":""14.09"",""created_time"":""2026-04-28T13:45:47.916662Z"",""no_price_dollars"":""0.4700"",""taker_side"":""no"",""ticker"":""KXBTC15M-26APR281000-00"",""trade_id"":""18a53b3b-2003-4dfb-a00f-b633cf42ad41"",""yes_price_dollars"":""0.5300""}"
KXBTC15M-26APR281000-00,c3a2dbf7-d69e-45cd-41f6-d06d313458d2,1777383947,0.53,28.99,no,"{""count_fp"":""28.99"",""created_time"":""2026-04-28T13:45:47.659654Z"",""no_price_dollars"":""0.4700"",""taker_side"":""no"",""ticker"":""KXBTC15M-26APR281000-00"",""trade_id"":""c3a2dbf7-d69e-45cd-41f6-d06d313458d2"",""yes_price_dollars"":""0.5300""}"
KXBTC15M-26APR281000-00,7fc699e1-6f56-4f47-76fd-53be26ab6146,1777383947,0.53,14.09,no,"{""count_fp"":""14.09"",""created_time"":""2026-04-28T13:45:47.659654Z"",""no_price_dollars"":""0.4700"",""taker_side"":""no"",""ticker"":""KXBTC15M-26APR281000-00"",""trade_id"":""7fc699e1-6f56-4f47-76fd-53be26ab6146"",""yes_price_dollars"":""0.5300""}"
KXBTC15M-26APR281000-00,7f29dc33-ac3f-43f9-941e-be06043e5483,1777383948,0.55,1.0,yes,"{""count_fp"":""1.00"",""created_time"":""2026-04-28T13:45:48.119518Z"",""no_price_dollars"":""0.4500"",""taker_side"":""yes"",""ticker"":""KXBTC15M-26APR281000-00"",""trade_id"":""7f29dc33-ac3f-43f9-941e-be06043e5483"",""yes_price_dollars"":""0.5500""}"
KXBTC15M-26APR281000-00,0b91d23e-673b-49b3-8253-d72fb444d5b7,1777383948,0.55,43.77,yes,"{""count_fp"":""43.77"",""created_time"":""2026-04-28T13:45:48.119518Z"",""no_price_dollars"":""0.4500"",""taker_side"":""yes"",""ticker"":""KXBTC15M-26APR281000-00"",""trade_id"":""0b91d23e-673b-49b3-8253-d72fb444d5b7"",""yes_price_dollars"":""0.5500""}"
KXBTC15M-26APR281000-00,de4ee561-d280-63b6-bf27-0dfc4685642e,1777383948,0.54,3.0,yes,"{""count_fp"":""3.00"",""created_time"":""2026-04-28T13:45:48.023833Z"",""no_price_dollars"":""0.4600"",""taker_side"":""yes"",""ticker"":""KXBTC15M-26APR281000-00"",""trade_id"":""de4ee561-d280-63b6-bf27-0dfc4685642e"",""yes_price_dollars"":""0.5400""}"
KXBTC15M-26APR281000-00,96c7dbb6-fd94-6d21-a2dc-5daf8503477e,1777383948,0.54,12.11,yes,"{""count_fp"":""12.11"",""created_time"":""2026-04-28T13:45:48.023833Z"",""no_price_dollars"":""0.4600"",""taker_side"":""yes"",""ticker"":""KXBTC15M-26APR281000-00"",""trade_id"":""96c7dbb6-fd94-6d21-a2dc-5daf8503477e"",""yes_price_dollars"":""0.5400""}"
KXBTC15M-26APR281000-00,5256dad0-3bf1-6ca2-bdf0-86596a16f1d9,1777383948,0.54,19.87,yes,"{""count_fp"":""19.87"",""created_time"":""2026-04-28T13:45:48.023833Z"",""no_price_dollars"":""0.4600"",""taker_side"":""yes"",""ticker"":""KXBTC15M-26APR281000-00"",""trade_id"":""5256dad0-3bf1-6ca2-bdf0-86596a16f1d9"",""yes_price_dollars"":""0.5400""}"
KXBTC15M-26APR281000-00,e2241630-45fa-4926-0d6d-c45ffe85e16c,1777383949,0.56,40.0,no,"{""count_fp"":""40.00"",""created_time"":""2026-04-28T13:45:49.744819Z"",""no_price_dollars"":""0.4400"",""taker_side"":""no"",""ticker"":""KXBTC15M-26APR281000-00"",""trade_id"":""e2241630-45fa-4926-0d6d-c45ffe85e16c"",""yes_price_dollars"":""0.5600""}"
KXBTC15M-26APR281000-00,3a71ed7d-0613-4ee3-35b1-fc47e841aff8,1777383949,0.55,20.0,no,"{""count_fp"":""20.00"",""created_time"":""2026-04-28T13:45:49.744819Z"",""no_price_dollars"":""0.4500"",""taker_side"":""no"",""ticker"":""KXBTC15M-26APR281000-00"",""trade_id"":""3a71ed7d-0613-4ee3-35b1-fc47e841aff8"",""yes_price_dollars"":""0.5500""}"
KXBTC15M-26APR281000-00,321f1954-aee3-4605-027f-b6ebe0f8dc36,1777383949,0.55,40.0,no,"{""count_fp"":""40.00"",""created_time"":""2026-04-28T13:45:49.744819Z"",""no_price_dollars"":""0.4500"",""taker_side"":""no"",""ticker"":""KXBTC15M-26APR281000-00"",""trade_id"":""321f1954-aee3-4605-027f-b6ebe0f8dc36"",""yes_price_dollars"":""0.5500""}"
KXBTC15M-26APR281000-00,ef68bbeb-1b17-7a64-df9d-6d1148d466e3,1777383949,0.56,1.0,yes,"{""count_fp"":""1.00"",""created_time"":""2026-04-28T13:45:49.679723Z"",""no_price_dollars"":""0.4400"",""taker_side"":""yes"",""ticker"":""KXBTC15M-26APR281000-00"",""trade_id"":""ef68bbeb-1b17-7a64-df9d-6d1148d466e3"",""yes_price_dollars"":""0.5600""}"
KXBTC15M-26APR281000-00,b6635622-2079-718d-db2c-5b9be8a5f8bc,1777383949,0.56,3.0,yes,"{""count_fp"":""3.00"",""created_time"":""2026-04-28T13:45:49.679723Z"",""no_price_dollars"":""0.4400"",""taker_side"":""yes"",""ticker"":""KXBTC15M-26APR281000-00"",""trade_id"":""b6635622-2079-718d-db2c-5b9be8a5f8bc"",""yes_price_dollars"":""0.5600""}"
KXBTC15M-26APR281000-00,515919eb-6088-7b10-ca22-c9eeb5215122,1777383949,0.56,19.0,yes,"{""count_fp"":""19.00"",""created_time"":""2026-04-28T13:45:49.679723Z"",""no_price_dollars"":""0.4400"",""taker_side"":""yes"",""ticker"":""KXBTC15M-26APR281000-00"",""trade_id"":""515919eb-6088-7b10-ca22-c9eeb5215122"",""yes_price_dollars"":""0.5600""}"
KXBTC15M-26APR281000-00,e23b8c3f-afaf-54ff-aa1d-8f54d65ac17a,1777383949,0.55,27.85,yes,"{""count_fp"":""27.85"",""created_time"":""2026-04-28T13:45:49.646878Z"",""no_price_dollars"":""0.4500"",""taker_side"":""yes"",""ticker"":""KXBTC15M-26APR281000-00"",""trade_id"":""e23b8c3f-afaf-54ff-aa1d-8f54d65ac17a"",""yes_price_dollars"":""0.5500""}"
KXBTC15M-26APR281000-00,2e7063ef-d1f2-529a-bfc0-e1771494da85,1777383949,0.55,3.0,yes,"{""count_fp"":""3.00"",""created_time"":""2026-04-28T13:45:49.646878Z"",""no_price_dollars"":""0.4500"",""taker_side"":""yes"",""ticker"":""KXBTC15M-26APR281000-00"",""trade_id"":""2e7063ef-d1f2-529a-bfc0-e1771494da85"",""yes_price_dollars"":""0.5500""}"
KXBTC15M-26APR281000-00,1e18fd06-bcd1-5a92-badc-3812765121aa,1777383949,0.55,16.47,yes,"{""count_fp"":""16.47"",""created_time"":""2026-04-28T13:45:49.646878Z"",""no_price_dollars"":""0.4500"",""taker_side"":""yes"",""ticker"":""KXBTC15M-26APR281000-00"",""trade_id"":""1e18fd06-bcd1-5a92-badc-3812765121aa"",""yes_price_dollars"":""0.5500""}"
KXBTC15M-26APR281000-00,e6cbea88-a56f-7fb3-8412-26e9144ceb52,1777383949,0.55,41.75,yes,"{""count_fp"":""41.75"",""created_time"":""2026-04-28T13:45:49.646857Z"",""no_price_dollars"":""0.4500"",""taker_side"":""yes"",""ticker"":""KXBTC15M-26APR281000-00"",""trade_id"":""e6cbea88-a56f-7fb3-8412-26e9144ceb52"",""yes_price_dollars"":""0.5500""}"
KXBTC15M-26APR281000-00,cff23cd6-82e2-5f71-7481-d94e36a948f2,1777383949,0.55,5.67,yes,"{""count_fp"":""5.67"",""created_time"":""2026-04-28T13:45:49.634948Z"",""no_price_dollars"":""0.4500"",""taker_side"":""yes"",""ticker"":""KXBTC15M-26APR281000-00"",""trade_id"":""cff23cd6-82e2-5f71-7481-d94e36a948f2"",""yes_price_dollars"":""0.5500""}"
KXBTC15M-26APR281000-00,88889dec-f3c1-5ef4-5a2f-31b09af28f43,1777383949,0.55,1.0,yes,"{""count_fp"":""1.00"",""created_time"":""2026-04-28T13:45:49.634948Z"",""no_price_dollars"":""0.4500"",""taker_side"":""yes"",""ticker"":""KXBTC15M-26APR281000-00"",""trade_id"":""88889dec-f3c1-5ef4-5a2f-31b09af28f43"",""yes_price_dollars"":""0.5500""}"
KXBTC15M-26APR281000-00,81722d49-117d-5a07-7130-d16bc638ce4c,1777383949,0.55,3.0,yes,"{""count_fp"":""3.00"",""created_time"":""2026-04-28T13:45:49.634948Z"",""no_price_dollars"":""0.4500"",""taker_side"":""yes"",""ticker"":""KXBTC15M-26APR281000-00"",""trade_id"":""81722d49-117d-5a07-7130-d16bc638ce4c"",""yes_price_dollars"":""0.5500""}"
KXBTC15M-26APR281000-00,6c568a8e-06c9-5285-68bb-ae20479dd8c8,1777383949,0.55,5.0,yes,"{""count_fp"":""5.00"",""created_time"":""2026-04-28T13:45:49.634948Z"",""no_price_dollars"":""0.4500"",""taker_side"":""yes"",""ticker"":""KXBTC15M-26APR281000-00"",""trade_id"":""6c568a8e-06c9-5285-68bb-ae20479dd8c8"",""yes_price_dollars"":""0.5500""}"
KXBTC15M-26APR281000-00,1b47cd44-dd33-5fc7-4b96-41fda29c24b2,1777383949,0.55,30.4,yes,"{""count_fp"":""30.40"",""created_time"":""2026-04-28T13:45:49.634948Z"",""no_price_dollars"":""0.4500"",""taker_side"":""yes"",""ticker"":""KXBTC15M-26APR281000-00"",""trade_id"":""1b47cd44-dd33-5fc7-4b96-41fda29c24b2"",""yes_price_dollars"":""0.5500""}"
