ticker,trade_id,ts,yes_price,count,taker_side,raw_json
KXBTC15M-26APR280345-45,41a0819a-2e93-6176-e895-02afb2828edd,1777361400,0.54,1.0,yes,"{""count_fp"":""1.00"",""created_time"":""2026-04-28T07:30:00.924314Z"",""no_price_dollars"":""0.4600"",""taker_side"":""yes"",""ticker"":""KXBTC15M-26APR280345-45"",""trade_id"":""41a0819a-2e93-6176-e895-02afb2828edd"",""yes_price_dollars"":""0.5400""}"
KXBTC15M-26APR280345-45,acf3a450-f075-72d8-e919-9cc64ff044a7,1777361405,0.51,5.0,no,"{""count_fp"":""5.00"",""created_time"":""2026-04-28T07:30:05.314776Z"",""no_price_dollars"":""0.4900"",""taker_side"":""no"",""ticker"":""KXBTC15M-26APR280345-45"",""trade_id"":""acf3a450-f075-72d8-e919-9cc64ff044a7"",""yes_price_dollars"":""0.5100""}"
KXBTC15M-26APR280345-45,439c0324-f8c3-7fc9-ee32-d620ecf675fe,1777361405,0.51,0.61,no,"{""count_fp"":""0.61"",""created_time"":""2026-04-28T07:30:05.314776Z"",""no_price_dollars"":""0.4900"",""taker_side"":""no"",""ticker"":""KXBTC15M-26APR280345-45"",""trade_id"":""439c0324-f8c3-7fc9-ee32-d620ecf675fe"",""yes_price_dollars"":""0.5100""}"
KXBTC15M-26APR280345-45,15086cae-3edc-786b-eb0b-5d05a7ab4db3,1777361405,0.51,0.3,no,"{""count_fp"":""0.30"",""created_time"":""2026-04-28T07:30:05.314776Z"",""no_price_dollars"":""0.4900"",""taker_side"":""no"",""ticker"":""KXBTC15M-26APR280345-45"",""trade_id"":""15086cae-3edc-786b-eb0b-5d05a7ab4db3"",""yes_price_dollars"":""0.5100""}"
KXBTC15M-26APR280345-45,5ee29ddb-e97b-41ac-3885-8a9994498284,1777361406,0.52,20.0,yes,"{""count_fp"":""20.00"",""created_time"":""2026-04-28T07:30:06.962361Z"",""no_price_dollars"":""0.4800"",""taker_side"":""yes"",""ticker"":""KXBTC15M-26APR280345-45"",""trade_id"":""5ee29ddb-e97b-41ac-3885-8a9994498284"",""yes_price_dollars"":""0.5200""}"
KXBTC15M-26APR280345-45,5aae8295-a34b-489a-011d-f4bde1f240cb,1777361406,0.52,2.0,yes,"{""count_fp"":""2.00"",""created_time"":""2026-04-28T07:30:06.962361Z"",""no_price_dollars"":""0.4800"",""taker_side"":""yes"",""ticker"":""KXBTC15M-26APR280345-45"",""trade_id"":""5aae8295-a34b-489a-011d-f4bde1f240cb"",""yes_price_dollars"":""0.5200""}"
KXBTC15M-26APR280345-45,258d4a42-86bd-48d2-1db1-98a2d5b0d39f,1777361406,0.53,33.19,yes,"{""count_fp"":""33.19"",""created_time"":""2026-04-28T07:30:06.962361Z"",""no_price_dollars"":""0.4700"",""taker_side"":""yes"",""ticker"":""KXBTC15M-26APR280345-45"",""trade_id"":""258d4a42-86bd-48d2-1db1-98a2d5b0d39f"",""yes_price_dollars"":""0.5300""}"
KXBTC15M-26APR280345-45,e8f59d00-e1e9-6f5e-2577-8adbd88e65a4,1777361406,0.51,5.0,no,"{""count_fp"":""5.00"",""created_time"":""2026-04-28T07:30:06.043569Z"",""no_price_dollars"":""0.4900"",""taker_side"":""no"",""ticker"":""KXBTC15M-26APR280345-45"",""trade_id"":""e8f59d00-e1e9-6f5e-2577-8adbd88e65a4"",""yes_price_dollars"":""0.5100""}"
KXBTC15M-26APR280345-45,a71cb76e-7a98-66c3-2eb3-e1d57178cc6c,1777361406,0.51,8.79,no,"{""count_fp"":""8.79"",""created_time"":""2026-04-28T07:30:06.043569Z"",""no_price_dollars"":""0.4900"",""taker_side"":""no"",""ticker"":""KXBTC15M-26APR280345-45"",""trade_id"":""a71cb76e-7a98-66c3-2eb3-e1d57178cc6c"",""yes_price_dollars"":""0.5100""}"
KXBTC15M-26APR280345-45,c845968b-a5ef-779a-ec50-d3056347fc81,1777361407,0.52,1.0,yes,"{""count_fp"":""1.00"",""created_time"":""2026-04-28T07:30:07.773251Z"",""no_price_dollars"":""0.4800"",""taker_side"":""yes"",""ticker"":""KXBTC15M-26APR280345-45"",""trade_id"":""c845968b-a5ef-779a-ec50-d3056347fc81"",""yes_price_dollars"":""0.5200""}"
KXBTC15M-26APR280345-45,8f5b7929-1a71-7f28-db9f-85052d9b0e90,1777361407,0.53,2.81,yes,"{""count_fp"":""2.81"",""created_time"":""2026-04-28T07:30:07.773251Z"",""no_price_dollars"":""0.4700"",""taker_side"":""yes"",""ticker"":""KXBTC15M-26APR280345-45"",""trade_id"":""8f5b7929-1a71-7f28-db9f-85052d9b0e90"",""yes_price_dollars"":""0.5300""}"
KXBTC15M-26APR280345-45,0d3cd97c-61cc-70fd-f507-37bb5d8c8ea9,1777361407,0.52,5.0,yes,"{""count_fp"":""5.00"",""created_time"":""2026-04-28T07:30:07.773251Z"",""no_price_dollars"":""0.4800"",""taker_side"":""yes"",""ticker"":""KXBTC15M-26APR280345-45"",""trade_id"":""0d3cd97c-61cc-70fd-f507-37bb5d8c8ea9"",""yes_price_dollars"":""0.5200""}"
KXBTC15M-26APR280345-45,a56f6d06-1e86-6f08-a4c1-f03510959ec1,1777361407,0.52,58.0,yes,"{""count_fp"":""58.00"",""created_time"":""2026-04-28T07:30:07.582242Z"",""no_price_dollars"":""0.4800"",""taker_side"":""yes"",""ticker"":""KXBTC15M-26APR280345-45"",""trade_id"":""a56f6d06-1e86-6f08-a4c1-f03510959ec1"",""yes_price_dollars"":""0.5200""}"
KXBTC15M-26APR280345-45,f79a5a94-65e0-6cd9-1004-eabb9584c44b,1777361407,0.53,5.07,yes,"{""count_fp"":""5.07"",""created_time"":""2026-04-28T07:30:07.305927Z"",""no_price_dollars"":""0.4700"",""taker_side"":""yes"",""ticker"":""KXBTC15M-26APR280345-45"",""trade_id"":""f79a5a94-65e0-6cd9-1004-eabb9584c44b"",""yes_price_dollars"":""0.5300""}"
KXBTC15M-26APR280345-45,4f73a480-9979-64da-2f5a-a9475b268f8f,1777361407,0.53,22.81,yes,"{""count_fp"":""22.81"",""created_time"":""2026-04-28T07:30:07.305927Z"",""no_price_dollars"":""0.4700"",""taker_side"":""yes"",""ticker"":""KXBTC15M-26APR280345-45"",""trade_id"":""4f73a480-9979-64da-2f5a-a9475b268f8f"",""yes_price_dollars"":""0.5300""}"
KXBTC15M-26APR280345-45,3bf9e4e3-477f-6705-13ae-0fe82cb0ab02,1777361407,0.52,2.0,yes,"{""count_fp"":""2.00"",""created_time"":""2026-04-28T07:30:07.305927Z"",""no_price_dollars"":""0.4800"",""taker_side"":""yes"",""ticker"":""KXBTC15M-26APR280345-45"",""trade_id"":""3bf9e4e3-477f-6705-13ae-0fe82cb0ab02"",""yes_price_dollars"":""0.5200""}"
KXBTC15M-26APR280345-45,e6b56b09-8bea-7e02-4da5-59c5a314086a,1777361408,0.55,1.0,yes,"{""count_fp"":""1.00"",""created_time"":""2026-04-28T07:30:08.887041Z"",""no_price_dollars"":""0.4500"",""taker_side"":""yes"",""ticker"":""KXBTC15M-26APR280345-45"",""trade_id"":""e6b56b09-8bea-7e02-4da5-59c5a314086a"",""yes_price_dollars"":""0.5500""}"
KXBTC15M-26APR280345-45,cb4e436a-7e46-7da1-5ea6-1569b9d2e5f9,1777361408,0.52,42.0,yes,"{""count_fp"":""42.00"",""created_time"":""2026-04-28T07:30:08.887041Z"",""no_price_dollars"":""0.4800"",""taker_side"":""yes"",""ticker"":""KXBTC15M-26APR280345-45"",""trade_id"":""cb4e436a-7e46-7da1-5ea6-1569b9d2e5f9"",""yes_price_dollars"":""0.5200""}"
KXBTC15M-26APR280345-45,7bc32d58-8217-7d1a-42d5-9272b9d9570b,1777361408,0.52,150.0,yes,"{""count_fp"":""150.00"",""created_time"":""2026-04-28T07:30:08.887041Z"",""no_price_dollars"":""0.4800"",""taker_side"":""yes"",""ticker"":""KXBTC15M-26APR280345-45"",""trade_id"":""7bc32d58-8217-7d1a-42d5-9272b9d9570b"",""yes_price_dollars"":""0.5200""}"
KXBTC15M-26APR280345-45,7a6204f6-67cd-7a40-773e-742d43f703cb,1777361408,0.55,5.0,yes,"{""count_fp"":""5.00"",""created_time"":""2026-04-28T07:30:08.887041Z"",""no_price_dollars"":""0.4500"",""taker_side"":""yes"",""ticker"":""KXBTC15M-26APR280345-45"",""trade_id"":""7a6204f6-67cd-7a40-773e-742d43f703cb"",""yes_price_dollars"":""0.5500""}"
KXBTC15M-26APR280345-45,70b5a41f-49c1-716c-7c56-83db0491fffc,1777361408,0.53,62.19,yes,"{""count_fp"":""62.19"",""created_time"":""2026-04-28T07:30:08.887041Z"",""no_price_dollars"":""0.4700"",""taker_side"":""yes"",""ticker"":""KXBTC15M-26APR280345-45"",""trade_id"":""70b5a41f-49c1-716c-7c56-83db0491fffc"",""yes_price_dollars"":""0.5300""}"
KXBTC15M-26APR280345-45,67b9fad4-b9f9-75ff-43ef-694c70db82e4,1777361408,0.55,10.0,yes,"{""count_fp"":""10.00"",""created_time"":""2026-04-28T07:30:08.887041Z"",""no_price_dollars"":""0.4500"",""taker_side"":""yes"",""ticker"":""KXBTC15M-26APR280345-45"",""trade_id"":""67b9fad4-b9f9-75ff-43ef-694c70db82e4"",""yes_price_dollars"":""0.5500""}"
KXBTC15M-26APR280345-45,4bfad830-9c7f-79d5-4333-899a57ac4c1f,1777361408,0.56,112.0,yes,"{""count_fp"":""112.00"",""created_time"":""2026-04-28T07:30:08.887041Z"",""no_price_dollars"":""0.4400"",""taker_side"":""yes"",""ticker"":""KXBTC15M-26APR280345-45"",""trade_id"":""4bfad830-9c7f-79d5-4333-899a57ac4c1f"",""yes_price_dollars"":""0.5600""}"
KXBTC15M-26APR280345-45,42330ceb-b91b-71f2-6237-04dd16de5e98,1777361408,0.55,1.0,yes,"{""count_fp"":""1.00"",""created_time"":""2026-04-28T07:30:08.887041Z"",""no_price_dollars"":""0.4500"",""taker_side"":""yes"",""ticker"":""KXBTC15M-26APR280345-45"",""trade_id"":""42330ceb-b91b-71f2-6237-04dd16de5e98"",""yes_price_dollars"":""0.5500""}"
KXBTC15M-26APR280345-45,32ed0dbf-8cba-7f44-5016-064f0459c0ad,1777361408,0.56,1.0,yes,"{""count_fp"":""1.00"",""created_time"":""2026-04-28T07:30:08.887041Z"",""no_price_dollars"":""0.4400"",""taker_side"":""yes"",""ticker"":""KXBTC15M-26APR280345-45"",""trade_id"":""32ed0dbf-8cba-7f44-5016-064f0459c0ad"",""yes_price_dollars"":""0.5600""}"
KXBTC15M-26APR280345-45,07fbe161-7bae-76ad-640d-cb8f17ceb875,1777361408,0.53,56.0,yes,"{""count_fp"":""56.00"",""created_time"":""2026-04-28T07:30:08.887041Z"",""no_price_dollars"":""0.4700"",""taker_side"":""yes"",""ticker"":""KXBTC15M-26APR280345-45"",""trade_id"":""07fbe161-7bae-76ad-640d-cb8f17ceb875"",""yes_price_dollars"":""0.5300""}"
KXBTC15M-26APR280345-45,9e7dbf37-e04b-5e27-33b8-96cd86df1bb1,1777361409,0.5,10.0,no,"{""count_fp"":""10.00"",""created_time"":""2026-04-28T07:30:09.015405Z"",""no_price_dollars"":""0.5000"",""taker_side"":""no"",""ticker"":""KXBTC15M-26APR280345-45"",""trade_id"":""9e7dbf37-e04b-5e27-33b8-96cd86df1bb1"",""yes_price_dollars"":""0.5000""}"
KXBTC15M-26APR280345-45,75cba175-9bd9-53a3-18b6-4c40fcc6525c,1777361409,0.5,120.0,no,"{""count_fp"":""120.00"",""created_time"":""2026-04-28T07:30:09.015405Z"",""no_price_dollars"":""0.5000"",""taker_side"":""no"",""ticker"":""KXBTC15M-26APR280345-45"",""trade_id"":""75cba175-9bd9-53a3-18b6-4c40fcc6525c"",""yes_price_dollars"":""0.5000""}"
KXBTC15M-26APR280345-45,5cce28d1-7fd4-5144-194a-a15bf356d3bf,1777361409,0.46,120.0,no,"{""count_fp"":""120.00"",""created_time"":""2026-04-28T07:30:09.015405Z"",""no_price_dollars"":""0.5400"",""taker_side"":""no"",""ticker"":""KXBTC15M-26APR280345-45"",""trade_id"":""5cce28d1-7fd4-5144-194a-a15bf356d3bf"",""yes_price_dollars"":""0.4600""}"
KXBTC15M-26APR280345-45,38b92dae-8daa-5c09-38e6-6f6b4ebaf615,1777361409,0.5,1.0,no,"{""count_fp"":""1.00"",""created_time"":""2026-04-28T07:30:09.015405Z"",""no_price_dollars"":""0.5000"",""taker_side"":""no"",""ticker"":""KXBTC15M-26APR280345-45"",""trade_id"":""38b92dae-8daa-5c09-38e6-6f6b4ebaf615"",""yes_price_dollars"":""0.5000""}"
KXBTC15M-26APR280345-45,1b3fd479-91b4-540e-3cc3-ce271f5bd553,1777361409,0.5,1.0,no,"{""count_fp"":""1.00"",""created_time"":""2026-04-28T07:30:09.015405Z"",""no_price_dollars"":""0.5000"",""taker_side"":""no"",""ticker"":""KXBTC15M-26APR280345-45"",""trade_id"":""1b3fd479-91b4-540e-3cc3-ce271f5bd553"",""yes_price_dollars"":""0.5000""}"
KXBTC15M-26APR280345-45,1ac7df55-edb2-56c0-326f-3d97c8e5ef13,1777361409,0.46,1.0,no,"{""count_fp"":""1.00"",""created_time"":""2026-04-28T07:30:09.015405Z"",""no_price_dollars"":""0.5400"",""taker_side"":""no"",""ticker"":""KXBTC15M-26APR280345-45"",""trade_id"":""1ac7df55-edb2-56c0-326f-3d97c8e5ef13"",""yes_price_dollars"":""0.4600""}"
KXBTC15M-26APR280345-45,0bfccab2-b118-5ecb-0bc0-b895c263282c,1777361409,0.51,1.21,no,"{""count_fp"":""1.21"",""created_time"":""2026-04-28T07:30:09.015405Z"",""no_price_dollars"":""0.4900"",""taker_side"":""no"",""ticker"":""KXBTC15M-26APR280345-45"",""trade_id"":""0bfccab2-b118-5ecb-0bc0-b895c263282c"",""yes_price_dollars"":""0.5100""}"
KXBTC15M-26APR280345-45,1082db75-70b4-59c0-976b-f46772ae78b3,1777361410,0.51,5.5,yes,"{""count_fp"":""5.50"",""created_time"":""2026-04-28T07:30:10.236023Z"",""no_price_dollars"":""0.4900"",""taker_side"":""yes"",""ticker"":""KXBTC15M-26APR280345-45"",""trade_id"":""1082db75-70b4-59c0-976b-f46772ae78b3"",""yes_price_dollars"":""0.5100""}"
KXBTC15M-26APR280345-45,265b66dd-9c6c-6ef8-67bd-0a27cff42237,1777361410,0.51,11.0,yes,"{""count_fp"":""11.00"",""created_time"":""2026-04-28T07:30:10.165841Z"",""no_price_dollars"":""0.4900"",""taker_side"":""yes"",""ticker"":""KXBTC15M-26APR280345-45"",""trade_id"":""265b66dd-9c6c-6ef8-67bd-0a27cff42237"",""yes_price_dollars"":""0.5100""}"
KXBTC15M-26APR280345-45,db47223a-b889-5cd0-6013-22ca7bf5c165,1777361411,0.44,25.0,no,"{""count_fp"":""25.00"",""created_time"":""2026-04-28T07:30:11.315003Z"",""no_price_dollars"":""0.5600"",""taker_side"":""no"",""ticker"":""KXBTC15M-26APR280345-45"",""trade_id"":""db47223a-b889-5cd0-6013-22ca7bf5c165"",""yes_price_dollars"":""0.4400""}"
KXBTC15M-26APR280345-45,b97ce0d9-2ad3-5e3a-5f89-12d23ca4a56c,1777361411,0.44,1.0,no,"{""count_fp"":""1.00"",""created_time"":""2026-04-28T07:30:11.315003Z"",""no_price_dollars"":""0.5600"",""taker_side"":""no"",""ticker"":""KXBTC15M-26APR280345-45"",""trade_id"":""b97ce0d9-2ad3-5e3a-5f89-12d23ca4a56c"",""yes_price_dollars"":""0.4400""}"
KXBTC15M-26APR280345-45,624d6fac-ca89-5804-6841-b0c3aebdaa4d,1777361411,0.44,40.0,no,"{""count_fp"":""40.00"",""created_time"":""2026-04-28T07:30:11.315003Z"",""no_price_dollars"":""0.5600"",""taker_side"":""no"",""ticker"":""KXBTC15M-26APR280345-45"",""trade_id"":""624d6fac-ca89-5804-6841-b0c3aebdaa4d"",""yes_price_dollars"":""0.4400""}"
KXBTC15M-26APR280345-45,c804e6c9-ec2f-7c99-e606-f616edf81ae8,1777361411,0.45,1.0,no,"{""count_fp"":""1.00"",""created_time"":""2026-04-28T07:30:11.239628Z"",""no_price_dollars"":""0.5500"",""taker_side"":""no"",""ticker"":""KXBTC15M-26APR280345-45"",""trade_id"":""c804e6c9-ec2f-7c99-e606-f616edf81ae8"",""yes_price_dollars"":""0.4500""}"
KXBTC15M-26APR280345-45,4b28a5da-983c-78a4-d1a6-7ca358734f58,1777361411,0.45,8.0,no,"{""count_fp"":""8.00"",""created_time"":""2026-04-28T07:30:11.239628Z"",""no_price_dollars"":""0.5500"",""taker_side"":""no"",""ticker"":""KXBTC15M-26APR280345-45"",""trade_id"":""4b28a5da-983c-78a4-d1a6-7ca358734f58"",""yes_price_dollars"":""0.4500""}"
KXBTC15M-26APR280345-45,c2806251-7348-4b23-b282-c4bf745e5e54,1777361411,0.5,1.0,no,"{""count_fp"":""1.00"",""created_time"":""2026-04-28T07:30:11.209268Z"",""no_price_dollars"":""0.5000"",""taker_side"":""no"",""ticker"":""KXBTC15M-26APR280345-45"",""trade_id"":""c2806251-7348-4b23-b282-c4bf745e5e54"",""yes_price_dollars"":""0.5000""}"
KXBTC15M-26APR280345-45,864df3e3-cf68-7ce0-8dbd-c305eada285f,1777361411,0.51,23.5,yes,"{""count_fp"":""23.50"",""created_time"":""2026-04-28T07:30:11.081846Z"",""no_price_dollars"":""0.4900"",""taker_side"":""yes"",""ticker"":""KXBTC15M-26APR280345-45"",""trade_id"":""864df3e3-cf68-7ce0-8dbd-c305eada285f"",""yes_price_dollars"":""0.5100""}"
KXBTC15M-26APR280345-45,5661ce29-2b5d-70e1-888d-f578bc68b5f4,1777361411,0.51,70.27,yes,"{""count_fp"":""70.27"",""created_time"":""2026-04-28T07:30:11.081846Z"",""no_price_dollars"":""0.4900"",""taker_side"":""yes"",""ticker"":""KXBTC15M-26APR280345-45"",""trade_id"":""5661ce29-2b5d-70e1-888d-f578bc68b5f4"",""yes_price_dollars"":""0.5100""}"
KXBTC15M-26APR280345-45,feff2967-50c5-4d6d-e10a-c9b071070f10,1777361412,0.48,48.0,yes,"{""count_fp"":""48.00"",""created_time"":""2026-04-28T07:30:12.765368Z"",""no_price_dollars"":""0.5200"",""taker_side"":""yes"",""ticker"":""KXBTC15M-26APR280345-45"",""trade_id"":""feff2967-50c5-4d6d-e10a-c9b071070f10"",""yes_price_dollars"":""0.4800""}"
KXBTC15M-26APR280345-45,278b7eba-3a99-5cc5-3afd-ffb7e4713d9c,1777361412,0.46,25.79,yes,"{""count_fp"":""25.79"",""created_time"":""2026-04-28T07:30:12.427468Z"",""no_price_dollars"":""0.5400"",""taker_side"":""yes"",""ticker"":""KXBTC15M-26APR280345-45"",""trade_id"":""278b7eba-3a99-5cc5-3afd-ffb7e4713d9c"",""yes_price_dollars"":""0.4600""}"
KXBTC15M-26APR280345-45,81b05a3d-209d-7519-f36a-a11863191670,1777361412,0.44,23.46,yes,"{""count_fp"":""23.46"",""created_time"":""2026-04-28T07:30:12.330905Z"",""no_price_dollars"":""0.5600"",""taker_side"":""yes"",""ticker"":""KXBTC15M-26APR280345-45"",""trade_id"":""81b05a3d-209d-7519-f36a-a11863191670"",""yes_price_dollars"":""0.4400""}"
KXBTC15M-26APR280345-45,f5dc356f-bbd7-5d8a-ab1f-58a044a6e0c0,1777361412,0.44,3.0,yes,"{""count_fp"":""3.00"",""created_time"":""2026-04-28T07:30:12.064221Z"",""no_price_dollars"":""0.5600"",""taker_side"":""yes"",""ticker"":""KXBTC15M-26APR280345-45"",""trade_id"":""f5dc356f-bbd7-5d8a-ab1f-58a044a6e0c0"",""yes_price_dollars"":""0.4400""}"
KXBTC15M-26APR280345-45,e29cb42b-fe49-5329-ae67-8b6f14ed31d8,1777361412,0.44,32.12,yes,"{""count_fp"":""32.12"",""created_time"":""2026-04-28T07:30:12.064221Z"",""no_price_dollars"":""0.5600"",""taker_side"":""yes"",""ticker"":""KXBTC15M-26APR280345-45"",""trade_id"":""e29cb42b-fe49-5329-ae67-8b6f14ed31d8"",""yes_price_dollars"":""0.4400""}"
KXBTC15M-26APR280345-45,422c63b1-c954-4d03-45ed-512738eaa272,1777361413,0.48,3.0,yes,"{""count_fp"":""3.00"",""created_time"":""2026-04-28T07:30:13.938821Z"",""no_price_dollars"":""0.5200"",""taker_side"":""yes"",""ticker"":""KXBTC15M-26APR280345-45"",""trade_id"":""422c63b1-c954-4d03-45ed-512738eaa272"",""yes_price_dollars"":""0.4800""}"
KXBTC15M-26APR280345-45,3511bc35-b376-6030-caeb-9f7811589b9c,1777361413,0.47,2.0,no,"{""count_fp"":""2.00"",""created_time"":""2026-04-28T07:30:13.165837Z"",""no_price_dollars"":""0.5300"",""taker_side"":""no"",""ticker"":""KXBTC15M-26APR280345-45"",""trade_id"":""3511bc35-b376-6030-caeb-9f7811589b9c"",""yes_price_dollars"":""0.4700""}"
KXBTC15M-26APR280345-45,d6dd12e3-a648-576c-3f2d-d0653e723c74,1777361414,0.48,40.0,no,"{""count_fp"":""40.00"",""created_time"":""2026-04-28T07:30:14.925386Z"",""no_price_dollars"":""0.5200"",""taker_side"":""no"",""ticker"":""KXBTC15M-26APR280345-45"",""trade_id"":""d6dd12e3-a648-576c-3f2d-d0653e723c74"",""yes_price_dollars"":""0.4800""}"
KXBTC15M-26APR280345-45,7b77274b-4e0c-5292-39d6-8cc4225fce3f,1777361414,0.47,40.0,no,"{""count_fp"":""40.00"",""created_time"":""2026-04-28T07:30:14.925386Z"",""no_price_dollars"":""0.5300"",""taker_side"":""no"",""ticker"":""KXBTC15M-26APR280345-45"",""trade_id"":""7b77274b-4e0c-5292-39d6-8cc4225fce3f"",""yes_price_dollars"":""0.4700""}"
KXBTC15M-26APR280345-45,5702272c-8b12-5680-3460-7ae7e23eb106,1777361414,0.47,3.0,no,"{""count_fp"":""3.00"",""created_time"":""2026-04-28T07:30:14.925386Z"",""no_price_dollars"":""0.5300"",""taker_side"":""no"",""ticker"":""KXBTC15M-26APR280345-45"",""trade_id"":""5702272c-8b12-5680-3460-7ae7e23eb106"",""yes_price_dollars"":""0.4700""}"
KXBTC15M-26APR280345-45,401e4e10-cfcb-5377-2b09-6261ad7ba85e,1777361414,0.47,31.69,no,"{""count_fp"":""31.69"",""created_time"":""2026-04-28T07:30:14.925386Z"",""no_price_dollars"":""0.5300"",""taker_side"":""no"",""ticker"":""KXBTC15M-26APR280345-45"",""trade_id"":""401e4e10-cfcb-5377-2b09-6261ad7ba85e"",""yes_price_dollars"":""0.4700""}"
KXBTC15M-26APR280345-45,14cad99f-6efa-511a-0d94-bdfa99dc4d51,1777361414,0.46,179.39,no,"{""count_fp"":""179.39"",""created_time"":""2026-04-28T07:30:14.925386Z"",""no_price_dollars"":""0.5400"",""taker_side"":""no"",""ticker"":""KXBTC15M-26APR280345-45"",""trade_id"":""14cad99f-6efa-511a-0d94-bdfa99dc4d51"",""yes_price_dollars"":""0.4600""}"
KXBTC15M-26APR280345-45,14a9d2d0-22f3-5b29-058b-a17a3dbddb4b,1777361414,0.46,40.0,no,"{""count_fp"":""40.00"",""created_time"":""2026-04-28T07:30:14.925386Z"",""no_price_dollars"":""0.5400"",""taker_side"":""no"",""ticker"":""KXBTC15M-26APR280345-45"",""trade_id"":""14a9d2d0-22f3-5b29-058b-a17a3dbddb4b"",""yes_price_dollars"":""0.4600""}"
KXBTC15M-26APR280345-45,0a613a9b-41e2-5ea8-26b6-14da57ebb944,1777361414,0.48,10.0,no,"{""count_fp"":""10.00"",""created_time"":""2026-04-28T07:30:14.925386Z"",""no_price_dollars"":""0.5200"",""taker_side"":""no"",""ticker"":""KXBTC15M-26APR280345-45"",""trade_id"":""0a613a9b-41e2-5ea8-26b6-14da57ebb944"",""yes_price_dollars"":""0.4800""}"
KXBTC15M-26APR280345-45,5bb82d9d-8e8a-7894-5b7f-63619c6b73fc,1777361414,0.47,38.0,no,"{""count_fp"":""38.00"",""created_time"":""2026-04-28T07:30:14.839211Z"",""no_price_dollars"":""0.5300"",""taker_side"":""no"",""ticker"":""KXBTC15M-26APR280345-45"",""trade_id"":""5bb82d9d-8e8a-7894-5b7f-63619c6b73fc"",""yes_price_dollars"":""0.4700""}"
KXBTC15M-26APR280345-45,3f94f412-335c-7937-74af-fd85f33a604d,1777361414,0.48,10.0,no,"{""count_fp"":""10.00"",""created_time"":""2026-04-28T07:30:14.839211Z"",""no_price_dollars"":""0.5200"",""taker_side"":""no"",""ticker"":""KXBTC15M-26APR280345-45"",""trade_id"":""3f94f412-335c-7937-74af-fd85f33a604d"",""yes_price_dollars"":""0.4800""}"
KXBTC15M-26APR280345-45,2b826cc0-9dde-7677-6206-44e312636ef3,1777361414,0.49,0.92,no,"{""count_fp"":""0.92"",""created_time"":""2026-04-28T07:30:14.839211Z"",""no_price_dollars"":""0.5100"",""taker_side"":""no"",""ticker"":""KXBTC15M-26APR280345-45"",""trade_id"":""2b826cc0-9dde-7677-6206-44e312636ef3"",""yes_price_dollars"":""0.4900""}"
KXBTC15M-26APR280345-45,18445dbc-12e3-7921-798a-5b6275ecad01,1777361414,0.48,33.67,no,"{""count_fp"":""33.67"",""created_time"":""2026-04-28T07:30:14.839211Z"",""no_price_dollars"":""0.5200"",""taker_side"":""no"",""ticker"":""KXBTC15M-26APR280345-45"",""trade_id"":""18445dbc-12e3-7921-798a-5b6275ecad01"",""yes_price_dollars"":""0.4800""}"
KXBTC15M-26APR280345-45,155d63c0-e3b3-73a3-57f2-f251d8ba7dd6,1777361414,0.47,24.31,no,"{""count_fp"":""24.31"",""created_time"":""2026-04-28T07:30:14.839211Z"",""no_price_dollars"":""0.5300"",""taker_side"":""no"",""ticker"":""KXBTC15M-26APR280345-45"",""trade_id"":""155d63c0-e3b3-73a3-57f2-f251d8ba7dd6"",""yes_price_dollars"":""0.4700""}"
KXBTC15M-26APR280345-45,0adc0295-f754-7562-746b-3da733e2ffe0,1777361414,0.49,10.0,no,"{""count_fp"":""10.00"",""created_time"":""2026-04-28T07:30:14.839211Z"",""no_price_dollars"":""0.5100"",""taker_side"":""no"",""ticker"":""KXBTC15M-26APR280345-45"",""trade_id"":""0adc0295-f754-7562-746b-3da733e2ffe0"",""yes_price_dollars"":""0.4900""}"
KXBTC15M-26APR280345-45,b133f314-37fa-59a3-fed2-a74db5aadda0,1777361415,0.48,1.94,no,"{""count_fp"":""1.94"",""created_time"":""2026-04-28T07:30:15.577484Z"",""no_price_dollars"":""0.5200"",""taker_side"":""no"",""ticker"":""KXBTC15M-26APR280345-45"",""trade_id"":""b133f314-37fa-59a3-fed2-a74db5aadda0"",""yes_price_dollars"":""0.4800""}"
KXBTC15M-26APR280345-45,656129c7-804c-5146-e18a-87346b696d57,1777361415,0.48,33.0,no,"{""count_fp"":""33.00"",""created_time"":""2026-04-28T07:30:15.577484Z"",""no_price_dollars"":""0.5200"",""taker_side"":""no"",""ticker"":""KXBTC15M-26APR280345-45"",""trade_id"":""656129c7-804c-5146-e18a-87346b696d57"",""yes_price_dollars"":""0.4800""}"
KXBTC15M-26APR280345-45,323cbdfe-88e1-53a9-bf7b-b3a422b2bcdc,1777361415,0.49,115.94,yes,"{""count_fp"":""115.94"",""created_time"":""2026-04-28T07:30:15.538512Z"",""no_price_dollars"":""0.5100"",""taker_side"":""yes"",""ticker"":""KXBTC15M-26APR280345-45"",""trade_id"":""323cbdfe-88e1-53a9-bf7b-b3a422b2bcdc"",""yes_price_dollars"":""0.4900""}"
KXBTC15M-26APR280345-45,be1ecb42-2a91-7aa9-d294-fa1d13a1f590,1777361415,0.49,11.12,yes,"{""count_fp"":""11.12"",""created_time"":""2026-04-28T07:30:15.338562Z"",""no_price_dollars"":""0.5100"",""taker_side"":""yes"",""ticker"":""KXBTC15M-26APR280345-45"",""trade_id"":""be1ecb42-2a91-7aa9-d294-fa1d13a1f590"",""yes_price_dollars"":""0.4900""}"
KXBTC15M-26APR280345-45,853232c0-c1d9-6fd5-e47e-878344ae1244,1777361415,0.49,25.31,yes,"{""count_fp"":""25.31"",""created_time"":""2026-04-28T07:30:15.304021Z"",""no_price_dollars"":""0.5100"",""taker_side"":""yes"",""ticker"":""KXBTC15M-26APR280345-45"",""trade_id"":""853232c0-c1d9-6fd5-e47e-878344ae1244"",""yes_price_dollars"":""0.4900""}"
KXBTC15M-26APR280345-45,2d40f2a2-9c09-6acb-cabe-1d2309f80dbd,1777361415,0.49,40.0,yes,"{""count_fp"":""40.00"",""created_time"":""2026-04-28T07:30:15.304021Z"",""no_price_dollars"":""0.5100"",""taker_side"":""yes"",""ticker"":""KXBTC15M-26APR280345-45"",""trade_id"":""2d40f2a2-9c09-6acb-cabe-1d2309f80dbd"",""yes_price_dollars"":""0.4900""}"
KXBTC15M-26APR280345-45,c2ca25e2-c071-7d66-073f-e459416b0597,1777361416,0.46,3.0,no,"{""count_fp"":""3.00"",""created_time"":""2026-04-28T07:30:16.281052Z"",""no_price_dollars"":""0.5400"",""taker_side"":""no"",""ticker"":""KXBTC15M-26APR280345-45"",""trade_id"":""c2ca25e2-c071-7d66-073f-e459416b0597"",""yes_price_dollars"":""0.4600""}"
KXBTC15M-26APR280345-45,72e6f6cc-675e-7a64-231a-0d981af8b186,1777361416,0.46,7.65,no,"{""count_fp"":""7.65"",""created_time"":""2026-04-28T07:30:16.281052Z"",""no_price_dollars"":""0.5400"",""taker_side"":""no"",""ticker"":""KXBTC15M-26APR280345-45"",""trade_id"":""72e6f6cc-675e-7a64-231a-0d981af8b186"",""yes_price_dollars"":""0.4600""}"
KXBTC15M-26APR280345-45,40fc6a41-a8aa-7f29-0b3b-6737b7211f7e,1777361416,0.48,1.35,no,"{""count_fp"":""1.35"",""created_time"":""2026-04-28T07:30:16.281052Z"",""no_price_dollars"":""0.5200"",""taker_side"":""no"",""ticker"":""KXBTC15M-26APR280345-45"",""trade_id"":""40fc6a41-a8aa-7f29-0b3b-6737b7211f7e"",""yes_price_dollars"":""0.4800""}"
KXBTC15M-26APR280345-45,ed8d050d-1295-433c-a008-75a78546ec2a,1777361417,0.46,1.0,no,"{""count_fp"":""1.00"",""created_time"":""2026-04-28T07:30:17.592842Z"",""no_price_dollars"":""0.5400"",""taker_side"":""no"",""ticker"":""KXBTC15M-26APR280345-45"",""trade_id"":""ed8d050d-1295-433c-a008-75a78546ec2a"",""yes_price_dollars"":""0.4600""}"
KXBTC15M-26APR280345-45,9638bde1-5d4a-48db-bdb4-3d842fb3213e,1777361417,0.45,39.91,no,"{""count_fp"":""39.91"",""created_time"":""2026-04-28T07:30:17.592842Z"",""no_price_dollars"":""0.5500"",""taker_side"":""no"",""ticker"":""KXBTC15M-26APR280345-45"",""trade_id"":""9638bde1-5d4a-48db-bdb4-3d842fb3213e"",""yes_price_dollars"":""0.4500""}"
KXBTC15M-26APR280345-45,91540b6a-7d81-468c-9570-72f18935de3f,1777361417,0.45,3.0,no,"{""count_fp"":""3.00"",""created_time"":""2026-04-28T07:30:17.592842Z"",""no_price_dollars"":""0.5500"",""taker_side"":""no"",""ticker"":""KXBTC15M-26APR280345-45"",""trade_id"":""91540b6a-7d81-468c-9570-72f18935de3f"",""yes_price_dollars"":""0.4500""}"
KXBTC15M-26APR280345-45,8acca0c6-b27e-4cec-bef2-21e5689bc881,1777361417,0.47,1.38,no,"{""count_fp"":""1.38"",""created_time"":""2026-04-28T07:30:17.592842Z"",""no_price_dollars"":""0.5300"",""taker_side"":""no"",""ticker"":""KXBTC15M-26APR280345-45"",""trade_id"":""8acca0c6-b27e-4cec-bef2-21e5689bc881"",""yes_price_dollars"":""0.4700""}"
KXBTC15M-26APR280345-45,86fdc25d-47e3-4614-8541-445c5f4399e4,1777361417,0.45,40.0,no,"{""count_fp"":""40.00"",""created_time"":""2026-04-28T07:30:17.592842Z"",""no_price_dollars"":""0.5500"",""taker_side"":""no"",""ticker"":""KXBTC15M-26APR280345-45"",""trade_id"":""86fdc25d-47e3-4614-8541-445c5f4399e4"",""yes_price_dollars"":""0.4500""}"
KXBTC15M-26APR280345-45,6f0f9d96-7c9f-4a85-9b97-a08c7014a862,1777361417,0.45,64.39,no,"{""count_fp"":""64.39"",""created_time"":""2026-04-28T07:30:17.592842Z"",""no_price_dollars"":""0.5500"",""taker_side"":""no"",""ticker"":""KXBTC15M-26APR280345-45"",""trade_id"":""6f0f9d96-7c9f-4a85-9b97-a08c7014a862"",""yes_price_dollars"":""0.4500""}"
KXBTC15M-26APR280345-45,61ec097e-0c1d-42b0-b51d-edd1f399b66b,1777361417,0.46,40.0,no,"{""count_fp"":""40.00"",""created_time"":""2026-04-28T07:30:17.592842Z"",""no_price_dollars"":""0.5400"",""taker_side"":""no"",""ticker"":""KXBTC15M-26APR280345-45"",""trade_id"":""61ec097e-0c1d-42b0-b51d-edd1f399b66b"",""yes_price_dollars"":""0.4600""}"
KXBTC15M-26APR280345-45,4aeb7c20-c154-441e-a3dd-d81b30051414,1777361417,0.45,1.0,no,"{""count_fp"":""1.00"",""created_time"":""2026-04-28T07:30:17.592842Z"",""no_price_dollars"":""0.5500"",""taker_side"":""no"",""ticker"":""KXBTC15M-26APR280345-45"",""trade_id"":""4aeb7c20-c154-441e-a3dd-d81b30051414"",""yes_price_dollars"":""0.4500""}"
KXBTC15M-26APR280345-45,021a8c6b-32c6-4504-9482-4afaa6c2a11a,1777361417,0.46,22.35,no,"{""count_fp"":""22.35"",""created_time"":""2026-04-28T07:30:17.592842Z"",""no_price_dollars"":""0.5400"",""taker_side"":""no"",""ticker"":""KXBTC15M-26APR280345-45"",""trade_id"":""021a8c6b-32c6-4504-9482-4afaa6c2a11a"",""yes_price_dollars"":""0.4600""}"
KXBTC15M-26APR280345-45,01f696f3-086e-4f8c-8e1c-219b23f59823,1777361417,0.47,1.0,no,"{""count_fp"":""1.00"",""created_time"":""2026-04-28T07:30:17.592842Z"",""no_price_dollars"":""0.5300"",""taker_side"":""no"",""ticker"":""KXBTC15M-26APR280345-45"",""trade_id"":""01f696f3-086e-4f8c-8e1c-219b23f59823"",""yes_price_dollars"":""0.4700""}"
KXBTC15M-26APR280345-45,fac2c91d-91ba-6b2a-0109-a94ac77efb6f,1777361418,0.48,3.0,yes,"{""count_fp"":""3.00"",""created_time"":""2026-04-28T07:30:18.999826Z"",""no_price_dollars"":""0.5200"",""taker_side"":""yes"",""ticker"":""KXBTC15M-26APR280345-45"",""trade_id"":""fac2c91d-91ba-6b2a-0109-a94ac77efb6f"",""yes_price_dollars"":""0.4800""}"
KXBTC15M-26APR280345-45,7c7f3c50-0625-614a-3713-e1a99fffb0e9,1777361418,0.48,40.0,yes,"{""count_fp"":""40.00"",""created_time"":""2026-04-28T07:30:18.999826Z"",""no_price_dollars"":""0.5200"",""taker_side"":""yes"",""ticker"":""KXBTC15M-26APR280345-45"",""trade_id"":""7c7f3c50-0625-614a-3713-e1a99fffb0e9"",""yes_price_dollars"":""0.4800""}"
KXBTC15M-26APR280345-45,314972f9-0758-6787-0e16-c839a930fb3c,1777361418,0.47,18.33,yes,"{""count_fp"":""18.33"",""created_time"":""2026-04-28T07:30:18.999826Z"",""no_price_dollars"":""0.5300"",""taker_side"":""yes"",""ticker"":""KXBTC15M-26APR280345-45"",""trade_id"":""314972f9-0758-6787-0e16-c839a930fb3c"",""yes_price_dollars"":""0.4700""}"
KXBTC15M-26APR280345-45,1af658e5-0c95-62ed-0f1c-6a6d0fbf42a8,1777361418,0.48,825.38,yes,"{""count_fp"":""825.38"",""created_time"":""2026-04-28T07:30:18.999826Z"",""no_price_dollars"":""0.5200"",""taker_side"":""yes"",""ticker"":""KXBTC15M-26APR280345-45"",""trade_id"":""1af658e5-0c95-62ed-0f1c-6a6d0fbf42a8"",""yes_price_dollars"":""0.4800""}"
KXBTC15M-26APR280345-45,34501f2c-b6ed-6b5d-e8fc-63099cb26744,1777361418,0.46,3.0,no,"{""count_fp"":""3.00"",""created_time"":""2026-04-28T07:30:18.810997Z"",""no_price_dollars"":""0.5400"",""taker_side"":""no"",""ticker"":""KXBTC15M-26APR280345-45"",""trade_id"":""34501f2c-b6ed-6b5d-e8fc-63099cb26744"",""yes_price_dollars"":""0.4600""}"
KXBTC15M-26APR280345-45,03a09851-89fc-6d5a-f71d-a74692193be0,1777361418,0.46,86.29,no,"{""count_fp"":""86.29"",""created_time"":""2026-04-28T07:30:18.810997Z"",""no_price_dollars"":""0.5400"",""taker_side"":""no"",""ticker"":""KXBTC15M-26APR280345-45"",""trade_id"":""03a09851-89fc-6d5a-f71d-a74692193be0"",""yes_price_dollars"":""0.4600""}"
KXBTC15M-26APR280345-45,6d9531d4-4804-6413-e3e7-3de48d7f4310,1777361418,0.47,21.67,yes,"{""count_fp"":""21.67"",""created_time"":""2026-04-28T07:30:18.125603Z"",""no_price_dollars"":""0.5300"",""taker_side"":""yes"",""ticker"":""KXBTC15M-26APR280345-45"",""trade_id"":""6d9531d4-4804-6413-e3e7-3de48d7f4310"",""yes_price_dollars"":""0.4700""}"
KXBTC15M-26APR280345-45,36ae2a80-10e2-481b-49a1-3397d1e2d09e,1777361418,0.45,87.61,no,"{""count_fp"":""87.61"",""created_time"":""2026-04-28T07:30:18.033661Z"",""no_price_dollars"":""0.5500"",""taker_side"":""no"",""ticker"":""KXBTC15M-26APR280345-45"",""trade_id"":""36ae2a80-10e2-481b-49a1-3397d1e2d09e"",""yes_price_dollars"":""0.4500""}"
KXBTC15M-26APR280345-45,ce33b324-3060-6bd2-4126-64cc9f5ef974,1777361419,0.46,107.64,no,"{""count_fp"":""107.64"",""created_time"":""2026-04-28T07:30:19.756911Z"",""no_price_dollars"":""0.5400"",""taker_side"":""no"",""ticker"":""KXBTC15M-26APR280345-45"",""trade_id"":""ce33b324-3060-6bd2-4126-64cc9f5ef974"",""yes_price_dollars"":""0.4600""}"
KXBTC15M-26APR280345-45,5d166b66-3e69-5bfe-ab22-a8d4de5837ca,1777361419,0.48,27.93,yes,"{""count_fp"":""27.93"",""created_time"":""2026-04-28T07:30:19.740526Z"",""no_price_dollars"":""0.5200"",""taker_side"":""yes"",""ticker"":""KXBTC15M-26APR280345-45"",""trade_id"":""5d166b66-3e69-5bfe-ab22-a8d4de5837ca"",""yes_price_dollars"":""0.4800""}"
KXBTC15M-26APR280345-45,64dee7bf-dea1-7681-28ff-3680017d95f8,1777361419,0.48,224.52,yes,"{""count_fp"":""224.52"",""created_time"":""2026-04-28T07:30:19.543779Z"",""no_price_dollars"":""0.5200"",""taker_side"":""yes"",""ticker"":""KXBTC15M-26APR280345-45"",""trade_id"":""64dee7bf-dea1-7681-28ff-3680017d95f8"",""yes_price_dollars"":""0.4800""}"
KXBTC15M-26APR280345-45,4f8f5ff6-a7af-7199-1213-f2abe00a4dda,1777361419,0.48,3.0,yes,"{""count_fp"":""3.00"",""created_time"":""2026-04-28T07:30:19.543779Z"",""no_price_dollars"":""0.5200"",""taker_side"":""yes"",""ticker"":""KXBTC15M-26APR280345-45"",""trade_id"":""4f8f5ff6-a7af-7199-1213-f2abe00a4dda"",""yes_price_dollars"":""0.4800""}"
KXBTC15M-26APR280345-45,3cafd41d-0aa7-7233-1871-17580c5cd4e0,1777361419,0.48,40.0,yes,"{""count_fp"":""40.00"",""created_time"":""2026-04-28T07:30:19.543779Z"",""no_price_dollars"":""0.5200"",""taker_side"":""yes"",""ticker"":""KXBTC15M-26APR280345-45"",""trade_id"":""3cafd41d-0aa7-7233-1871-17580c5cd4e0"",""yes_price_dollars"":""0.4800""}"
KXBTC15M-26APR280345-45,beda96ab-0304-726e-201e-8c5796c0efe8,1777361419,0.46,4.62,no,"{""count_fp"":""4.62"",""created_time"":""2026-04-28T07:30:19.514354Z"",""no_price_dollars"":""0.5400"",""taker_side"":""no"",""ticker"":""KXBTC15M-26APR280345-45"",""trade_id"":""beda96ab-0304-726e-201e-8c5796c0efe8"",""yes_price_dollars"":""0.4600""}"
KXBTC15M-26APR280345-45,259f8639-63f7-7df9-129c-6c9f1d4402ef,1777361419,0.47,1.38,no,"{""count_fp"":""1.38"",""created_time"":""2026-04-28T07:30:19.514354Z"",""no_price_dollars"":""0.5300"",""taker_side"":""no"",""ticker"":""KXBTC15M-26APR280345-45"",""trade_id"":""259f8639-63f7-7df9-129c-6c9f1d4402ef"",""yes_price_dollars"":""0.4700""}"
KXBTC15M-26APR280345-45,04cd9c5b-2731-593d-7ad8-5ee4e15f1db0,1777361419,0.48,1.0,yes,"{""count_fp"":""1.00"",""created_time"":""2026-04-28T07:30:19.255941Z"",""no_price_dollars"":""0.5200"",""taker_side"":""yes"",""ticker"":""KXBTC15M-26APR280345-45"",""trade_id"":""04cd9c5b-2731-593d-7ad8-5ee4e15f1db0"",""yes_price_dollars"":""0.4800""}"
KXBTC15M-26APR280345-45,96dc4ddd-6085-7005-ce81-1e3003a33ccc,1777361419,0.48,50.02,yes,"{""count_fp"":""50.02"",""created_time"":""2026-04-28T07:30:19.217728Z"",""no_price_dollars"":""0.5200"",""taker_side"":""yes"",""ticker"":""KXBTC15M-26APR280345-45"",""trade_id"":""96dc4ddd-6085-7005-ce81-1e3003a33ccc"",""yes_price_dollars"":""0.4800""}"
KXBTC15M-26APR280345-45,e8e5aa95-ed94-79da-84cf-eb233a54f24c,1777361420,0.48,1.86,no,"{""count_fp"":""1.86"",""created_time"":""2026-04-28T07:30:20.570149Z"",""no_price_dollars"":""0.5200"",""taker_side"":""no"",""ticker"":""KXBTC15M-26APR280345-45"",""trade_id"":""e8e5aa95-ed94-79da-84cf-eb233a54f24c"",""yes_price_dollars"":""0.4800""}"
KXBTC15M-26APR280345-45,8747840c-8061-7c1a-5add-9f9e94de8942,1777361420,0.48,12.07,yes,"{""count_fp"":""12.07"",""created_time"":""2026-04-28T07:30:20.061793Z"",""no_price_dollars"":""0.5200"",""taker_side"":""yes"",""ticker"":""KXBTC15M-26APR280345-45"",""trade_id"":""8747840c-8061-7c1a-5add-9f9e94de8942"",""yes_price_dollars"":""0.4800""}"
KXBTC15M-26APR280345-45,293923c9-8790-65ea-4b01-ba0a67bab27c,1777361421,0.48,1030.84,no,"{""count_fp"":""1030.84"",""created_time"":""2026-04-28T07:30:21.494563Z"",""no_price_dollars"":""0.5200"",""taker_side"":""no"",""ticker"":""KXBTC15M-26APR280345-45"",""trade_id"":""293923c9-8790-65ea-4b01-ba0a67bab27c"",""yes_price_dollars"":""0.4800""}"
KXBTC15M-26APR280345-45,d777cd38-14d8-7516-6dc0-72310ef29da8,1777361421,0.48,0.37,no,"{""count_fp"":""0.37"",""created_time"":""2026-04-28T07:30:21.215044Z"",""no_price_dollars"":""0.5200"",""taker_side"":""no"",""ticker"":""KXBTC15M-26APR280345-45"",""trade_id"":""d777cd38-14d8-7516-6dc0-72310ef29da8"",""yes_price_dollars"":""0.4800""}"
KXBTC15M-26APR280345-45,b81277c0-2be4-79ca-f550-c4cd88eb219c,1777361422,0.48,26.37,no,"{""count_fp"":""26.37"",""created_time"":""2026-04-28T07:30:22.787759Z"",""no_price_dollars"":""0.5200"",""taker_side"":""no"",""ticker"":""KXBTC15M-26APR280345-45"",""trade_id"":""b81277c0-2be4-79ca-f550-c4cd88eb219c"",""yes_price_dollars"":""0.4800""}"
KXBTC15M-26APR280345-45,3085dd6c-fcac-40e2-f2f9-272e48d2ee04,1777361422,0.48,21.11,no,"{""count_fp"":""21.11"",""created_time"":""2026-04-28T07:30:22.669952Z"",""no_price_dollars"":""0.5200"",""taker_side"":""no"",""ticker"":""KXBTC15M-26APR280345-45"",""trade_id"":""3085dd6c-fcac-40e2-f2f9-272e48d2ee04"",""yes_price_dollars"":""0.4800""}"
KXBTC15M-26APR280345-45,7485dc7e-9f7c-60e6-1b8f-250ebc9afc7c,1777361423,0.48,9.3,no,"{""count_fp"":""9.30"",""created_time"":""2026-04-28T07:30:23.942647Z"",""no_price_dollars"":""0.5200"",""taker_side"":""no"",""ticker"":""KXBTC15M-26APR280345-45"",""trade_id"":""7485dc7e-9f7c-60e6-1b8f-250ebc9afc7c"",""yes_price_dollars"":""0.4800""}"
KXBTC15M-26APR280345-45,06b3dc5a-df54-66de-eaa1-6d311c1fddd4,1777361423,0.48,1.0,no,"{""count_fp"":""1.00"",""created_time"":""2026-04-28T07:30:23.939472Z"",""no_price_dollars"":""0.5200"",""taker_side"":""no"",""ticker"":""KXBTC15M-26APR280345-45"",""trade_id"":""06b3dc5a-df54-66de-eaa1-6d311c1fddd4"",""yes_price_dollars"":""0.4800""}"
KXBTC15M-26APR280345-45,ed850fef-4cf2-4998-0686-1a4e9e2f3b01,1777361423,0.49,1.4,yes,"{""count_fp"":""1.40"",""created_time"":""2026-04-28T07:30:23.796828Z"",""no_price_dollars"":""0.5100"",""taker_side"":""yes"",""ticker"":""KXBTC15M-26APR280345-45"",""trade_id"":""ed850fef-4cf2-4998-0686-1a4e9e2f3b01"",""yes_price_dollars"":""0.4900""}"
KXBTC15M-26APR280345-45,c843e2b3-12a2-445c-1382-fb3070e4161d,1777361423,0.49,0.6,yes,"{""count_fp"":""0.60"",""created_time"":""2026-04-28T07:30:23.796828Z"",""no_price_dollars"":""0.5100"",""taker_side"":""yes"",""ticker"":""KXBTC15M-26APR280345-45"",""trade_id"":""c843e2b3-12a2-445c-1382-fb3070e4161d"",""yes_price_dollars"":""0.4900""}"
KXBTC15M-26APR280345-45,8c9db24e-adb4-4d9a-e90e-49fc11abdc34,1777361423,0.48,18.6,no,"{""count_fp"":""18.60"",""created_time"":""2026-04-28T07:30:23.660313Z"",""no_price_dollars"":""0.5200"",""taker_side"":""no"",""ticker"":""KXBTC15M-26APR280345-45"",""trade_id"":""8c9db24e-adb4-4d9a-e90e-49fc11abdc34"",""yes_price_dollars"":""0.4800""}"
KXBTC15M-26APR280345-45,d387f7ce-3eae-450c-daea-002973d8f4ad,1777361423,0.49,39.4,yes,"{""count_fp"":""39.40"",""created_time"":""2026-04-28T07:30:23.402099Z"",""no_price_dollars"":""0.5100"",""taker_side"":""yes"",""ticker"":""KXBTC15M-26APR280345-45"",""trade_id"":""d387f7ce-3eae-450c-daea-002973d8f4ad"",""yes_price_dollars"":""0.4900""}"
KXBTC15M-26APR280345-45,13b82e50-0d34-453e-7e18-b6ea806ba0d0,1777361423,0.48,17.0,no,"{""count_fp"":""17.00"",""created_time"":""2026-04-28T07:30:23.236263Z"",""no_price_dollars"":""0.5200"",""taker_side"":""no"",""ticker"":""KXBTC15M-26APR280345-45"",""trade_id"":""13b82e50-0d34-453e-7e18-b6ea806ba0d0"",""yes_price_dollars"":""0.4800""}"
KXBTC15M-26APR280345-45,f7b86a25-8a38-4722-d8cf-42c690a3a9a0,1777361424,0.48,0.18,no,"{""count_fp"":""0.18"",""created_time"":""2026-04-28T07:30:24.920357Z"",""no_price_dollars"":""0.5200"",""taker_side"":""no"",""ticker"":""KXBTC15M-26APR280345-45"",""trade_id"":""f7b86a25-8a38-4722-d8cf-42c690a3a9a0"",""yes_price_dollars"":""0.4800""}"
KXBTC15M-26APR280345-45,9b3a394f-b7fa-607c-39f6-5d8de96d23f1,1777361424,0.49,0.59,yes,"{""count_fp"":""0.59"",""created_time"":""2026-04-28T07:30:24.657137Z"",""no_price_dollars"":""0.5100"",""taker_side"":""yes"",""ticker"":""KXBTC15M-26APR280345-45"",""trade_id"":""9b3a394f-b7fa-607c-39f6-5d8de96d23f1"",""yes_price_dollars"":""0.4900""}"
KXBTC15M-26APR280345-45,bea8643a-9886-4a5c-2ba2-74ebb37df7d1,1777361425,0.49,2.36,yes,"{""count_fp"":""2.36"",""created_time"":""2026-04-28T07:30:25.279797Z"",""no_price_dollars"":""0.5100"",""taker_side"":""yes"",""ticker"":""KXBTC15M-26APR280345-45"",""trade_id"":""bea8643a-9886-4a5c-2ba2-74ebb37df7d1"",""yes_price_dollars"":""0.4900""}"
KXBTC15M-26APR280345-45,3e06f199-56f8-624a-5457-177e99dcefc8,1777361426,0.48,18.6,no,"{""count_fp"":""18.60"",""created_time"":""2026-04-28T07:30:26.557125Z"",""no_price_dollars"":""0.5200"",""taker_side"":""no"",""ticker"":""KXBTC15M-26APR280345-45"",""trade_id"":""3e06f199-56f8-624a-5457-177e99dcefc8"",""yes_price_dollars"":""0.4800""}"
KXBTC15M-26APR280345-45,9d190d4c-803c-78be-d270-de119cdd4344,1777361426,0.48,1.86,no,"{""count_fp"":""1.86"",""created_time"":""2026-04-28T07:30:26.152668Z"",""no_price_dollars"":""0.5200"",""taker_side"":""no"",""ticker"":""KXBTC15M-26APR280345-45"",""trade_id"":""9d190d4c-803c-78be-d270-de119cdd4344"",""yes_price_dollars"":""0.4800""}"
KXBTC15M-26APR280345-45,d6b75c5c-b358-5d76-7443-848546393900,1777361427,0.48,18.6,no,"{""count_fp"":""18.60"",""created_time"":""2026-04-28T07:30:27.952666Z"",""no_price_dollars"":""0.5200"",""taker_side"":""no"",""ticker"":""KXBTC15M-26APR280345-45"",""trade_id"":""d6b75c5c-b358-5d76-7443-848546393900"",""yes_price_dollars"":""0.4800""}"
KXBTC15M-26APR280345-45,f8b7fcbb-84d4-7306-7ef3-6aa1be5a57a0,1777361428,0.48,74.42,no,"{""count_fp"":""74.42"",""created_time"":""2026-04-28T07:30:28.947647Z"",""no_price_dollars"":""0.5200"",""taker_side"":""no"",""ticker"":""KXBTC15M-26APR280345-45"",""trade_id"":""f8b7fcbb-84d4-7306-7ef3-6aa1be5a57a0"",""yes_price_dollars"":""0.4800""}"
KXBTC15M-26APR280345-45,e418f726-b2d8-7406-88b4-649dfbf32850,1777361428,0.48,5.0,no,"{""count_fp"":""5.00"",""created_time"":""2026-04-28T07:30:28.795768Z"",""no_price_dollars"":""0.5200"",""taker_side"":""no"",""ticker"":""KXBTC15M-26APR280345-45"",""trade_id"":""e418f726-b2d8-7406-88b4-649dfbf32850"",""yes_price_dollars"":""0.4800""}"
KXBTC15M-26APR280345-45,ca06da24-efc8-5076-27a3-e9cc1e38aacc,1777361428,0.48,93.02,no,"{""count_fp"":""93.02"",""created_time"":""2026-04-28T07:30:28.749561Z"",""no_price_dollars"":""0.5200"",""taker_side"":""no"",""ticker"":""KXBTC15M-26APR280345-45"",""trade_id"":""ca06da24-efc8-5076-27a3-e9cc1e38aacc"",""yes_price_dollars"":""0.4800""}"
KXBTC15M-26APR280345-45,80c17769-5fcc-46b6-d28d-ac20193f7210,1777361428,0.48,1.86,no,"{""count_fp"":""1.86"",""created_time"":""2026-04-28T07:30:28.326238Z"",""no_price_dollars"":""0.5200"",""taker_side"":""no"",""ticker"":""KXBTC15M-26APR280345-45"",""trade_id"":""80c17769-5fcc-46b6-d28d-ac20193f7210"",""yes_price_dollars"":""0.4800""}"
KXBTC15M-26APR280345-45,ee5d7f58-0719-5e82-9949-67cd61659a42,1777361429,0.46,40.0,no,"{""count_fp"":""40.00"",""created_time"":""2026-04-28T07:30:29.373273Z"",""no_price_dollars"":""0.5400"",""taker_side"":""no"",""ticker"":""KXBTC15M-26APR280345-45"",""trade_id"":""ee5d7f58-0719-5e82-9949-67cd61659a42"",""yes_price_dollars"":""0.4600""}"
KXBTC15M-26APR280345-45,e55df90f-1e9b-5344-98a5-024c6097da9f,1777361429,0.46,3.0,no,"{""count_fp"":""3.00"",""created_time"":""2026-04-28T07:30:29.373273Z"",""no_price_dollars"":""0.5400"",""taker_side"":""no"",""ticker"":""KXBTC15M-26APR280345-45"",""trade_id"":""e55df90f-1e9b-5344-98a5-024c6097da9f"",""yes_price_dollars"":""0.4600""}"
KXBTC15M-26APR280345-45,d02e7186-bacc-51fb-b21a-4425cc99eee9,1777361429,0.46,56.0,no,"{""count_fp"":""56.00"",""created_time"":""2026-04-28T07:30:29.373273Z"",""no_price_dollars"":""0.5400"",""taker_side"":""no"",""ticker"":""KXBTC15M-26APR280345-45"",""trade_id"":""d02e7186-bacc-51fb-b21a-4425cc99eee9"",""yes_price_dollars"":""0.4600""}"
KXBTC15M-26APR280345-45,a0f7e030-1856-5cbb-9c2e-f9aaebc728c6,1777361429,0.48,3.0,no,"{""count_fp"":""3.00"",""created_time"":""2026-04-28T07:30:29.373273Z"",""no_price_dollars"":""0.5200"",""taker_side"":""no"",""ticker"":""KXBTC15M-26APR280345-45"",""trade_id"":""a0f7e030-1856-5cbb-9c2e-f9aaebc728c6"",""yes_price_dollars"":""0.4800""}"
KXBTC15M-26APR280345-45,8de6509c-abbd-538f-aa6c-c5f804b01302,1777361429,0.46,31.0,no,"{""count_fp"":""31.00"",""created_time"":""2026-04-28T07:30:29.373273Z"",""no_price_dollars"":""0.5400"",""taker_side"":""no"",""ticker"":""KXBTC15M-26APR280345-45"",""trade_id"":""8de6509c-abbd-538f-aa6c-c5f804b01302"",""yes_price_dollars"":""0.4600""}"
KXBTC15M-26APR280345-45,8c9e8e39-c114-5346-bb6b-145f86deceec,1777361429,0.46,437.28,no,"{""count_fp"":""437.28"",""created_time"":""2026-04-28T07:30:29.373273Z"",""no_price_dollars"":""0.5400"",""taker_side"":""no"",""ticker"":""KXBTC15M-26APR280345-45"",""trade_id"":""8c9e8e39-c114-5346-bb6b-145f86deceec"",""yes_price_dollars"":""0.4600""}"
KXBTC15M-26APR280345-45,7f56ec6d-5781-5a37-b57b-31ff903f77aa,1777361429,0.46,20.0,no,"{""count_fp"":""20.00"",""created_time"":""2026-04-28T07:30:29.373273Z"",""no_price_dollars"":""0.5400"",""taker_side"":""no"",""ticker"":""KXBTC15M-26APR280345-45"",""trade_id"":""7f56ec6d-5781-5a37-b57b-31ff903f77aa"",""yes_price_dollars"":""0.4600""}"
KXBTC15M-26APR280345-45,7cf39f47-c680-541e-82cd-b39b83986e04,1777361429,0.48,20.0,no,"{""count_fp"":""20.00"",""created_time"":""2026-04-28T07:30:29.373273Z"",""no_price_dollars"":""0.5200"",""taker_side"":""no"",""ticker"":""KXBTC15M-26APR280345-45"",""trade_id"":""7cf39f47-c680-541e-82cd-b39b83986e04"",""yes_price_dollars"":""0.4800""}"
KXBTC15M-26APR280345-45,78a4e396-85a8-53a7-a010-298c6aa2a023,1777361429,0.47,5.0,no,"{""count_fp"":""5.00"",""created_time"":""2026-04-28T07:30:29.373273Z"",""no_price_dollars"":""0.5300"",""taker_side"":""no"",""ticker"":""KXBTC15M-26APR280345-45"",""trade_id"":""78a4e396-85a8-53a7-a010-298c6aa2a023"",""yes_price_dollars"":""0.4700""}"
KXBTC15M-26APR280345-45,69e2147d-53c6-584c-8ae7-a3dddc6a14d3,1777361429,0.47,3.0,no,"{""count_fp"":""3.00"",""created_time"":""2026-04-28T07:30:29.373273Z"",""no_price_dollars"":""0.5300"",""taker_side"":""no"",""ticker"":""KXBTC15M-26APR280345-45"",""trade_id"":""69e2147d-53c6-584c-8ae7-a3dddc6a14d3"",""yes_price_dollars"":""0.4700""}"
KXBTC15M-26APR280345-45,695612f1-8ed9-5efb-aebc-c2caa817d24c,1777361429,0.48,2.0,no,"{""count_fp"":""2.00"",""created_time"":""2026-04-28T07:30:29.373273Z"",""no_price_dollars"":""0.5200"",""taker_side"":""no"",""ticker"":""KXBTC15M-26APR280345-45"",""trade_id"":""695612f1-8ed9-5efb-aebc-c2caa817d24c"",""yes_price_dollars"":""0.4800""}"
KXBTC15M-26APR280345-45,5d681fce-decd-5435-b400-7bfd6b481c00,1777361429,0.47,3.0,no,"{""count_fp"":""3.00"",""created_time"":""2026-04-28T07:30:29.373273Z"",""no_price_dollars"":""0.5300"",""taker_side"":""no"",""ticker"":""KXBTC15M-26APR280345-45"",""trade_id"":""5d681fce-decd-5435-b400-7bfd6b481c00"",""yes_price_dollars"":""0.4700""}"
KXBTC15M-26APR280345-45,5427b9bc-0111-5d03-be31-4932b7d8d037,1777361429,0.47,40.0,no,"{""count_fp"":""40.00"",""created_time"":""2026-04-28T07:30:29.373273Z"",""no_price_dollars"":""0.5300"",""taker_side"":""no"",""ticker"":""KXBTC15M-26APR280345-45"",""trade_id"":""5427b9bc-0111-5d03-be31-4932b7d8d037"",""yes_price_dollars"":""0.4700""}"
KXBTC15M-26APR280345-45,2cabcaf8-800d-5aec-ab8d-3afd9b452ee3,1777361429,0.48,30.0,no,"{""count_fp"":""30.00"",""created_time"":""2026-04-28T07:30:29.373273Z"",""no_price_dollars"":""0.5200"",""taker_side"":""no"",""ticker"":""KXBTC15M-26APR280345-45"",""trade_id"":""2cabcaf8-800d-5aec-ab8d-3afd9b452ee3"",""yes_price_dollars"":""0.4800""}"
KXBTC15M-26APR280345-45,2bb0a949-8a81-5f18-84e6-67686ca2ab3c,1777361429,0.48,100.0,no,"{""count_fp"":""100.00"",""created_time"":""2026-04-28T07:30:29.373273Z"",""no_price_dollars"":""0.5200"",""taker_side"":""no"",""ticker"":""KXBTC15M-26APR280345-45"",""trade_id"":""2bb0a949-8a81-5f18-84e6-67686ca2ab3c"",""yes_price_dollars"":""0.4800""}"
KXBTC15M-26APR280345-45,264c41c7-45b1-5ace-bed2-212a4cd4f741,1777361429,0.47,1.0,no,"{""count_fp"":""1.00"",""created_time"":""2026-04-28T07:30:29.373273Z"",""no_price_dollars"":""0.5300"",""taker_side"":""no"",""ticker"":""KXBTC15M-26APR280345-45"",""trade_id"":""264c41c7-45b1-5ace-bed2-212a4cd4f741"",""yes_price_dollars"":""0.4700""}"
KXBTC15M-26APR280345-45,243e1e4a-f02d-5aa5-9016-5c21b49dbf00,1777361429,0.48,2.0,no,"{""count_fp"":""2.00"",""created_time"":""2026-04-28T07:30:29.373273Z"",""no_price_dollars"":""0.5200"",""taker_side"":""no"",""ticker"":""KXBTC15M-26APR280345-45"",""trade_id"":""243e1e4a-f02d-5aa5-9016-5c21b49dbf00"",""yes_price_dollars"":""0.4800""}"
KXBTC15M-26APR280345-45,167bd59c-9806-53a9-9a0e-9c27d7d367a4,1777361429,0.48,0.94,no,"{""count_fp"":""0.94"",""created_time"":""2026-04-28T07:30:29.373273Z"",""no_price_dollars"":""0.5200"",""taker_side"":""no"",""ticker"":""KXBTC15M-26APR280345-45"",""trade_id"":""167bd59c-9806-53a9-9a0e-9c27d7d367a4"",""yes_price_dollars"":""0.4800""}"
KXBTC15M-26APR280345-45,052e1b7c-b8fc-557e-b982-7c4a04802980,1777361429,0.48,638.97,no,"{""count_fp"":""638.97"",""created_time"":""2026-04-28T07:30:29.373273Z"",""no_price_dollars"":""0.5200"",""taker_side"":""no"",""ticker"":""KXBTC15M-26APR280345-45"",""trade_id"":""052e1b7c-b8fc-557e-b982-7c4a04802980"",""yes_price_dollars"":""0.4800""}"
KXBTC15M-26APR280345-45,c6a5ef05-aa5e-7948-e04b-c6df99f349a5,1777361429,0.49,2.0,yes,"{""count_fp"":""2.00"",""created_time"":""2026-04-28T07:30:29.073018Z"",""no_price_dollars"":""0.5100"",""taker_side"":""yes"",""ticker"":""KXBTC15M-26APR280345-45"",""trade_id"":""c6a5ef05-aa5e-7948-e04b-c6df99f349a5"",""yes_price_dollars"":""0.4900""}"
KXBTC15M-26APR280345-45,bfdfd461-6cba-6602-aaad-58fc6ac7cfa4,1777361430,0.47,0.47,no,"{""count_fp"":""0.47"",""created_time"":""2026-04-28T07:30:30.838518Z"",""no_price_dollars"":""0.5300"",""taker_side"":""no"",""ticker"":""KXBTC15M-26APR280345-45"",""trade_id"":""bfdfd461-6cba-6602-aaad-58fc6ac7cfa4"",""yes_price_dollars"":""0.4700""}"
KXBTC15M-26APR280345-45,2b121969-08a2-6f11-92e9-158e5932d58f,1777361430,0.47,1.53,no,"{""count_fp"":""1.53"",""created_time"":""2026-04-28T07:30:30.838518Z"",""no_price_dollars"":""0.5300"",""taker_side"":""no"",""ticker"":""KXBTC15M-26APR280345-45"",""trade_id"":""2b121969-08a2-6f11-92e9-158e5932d58f"",""yes_price_dollars"":""0.4700""}"
KXBTC15M-26APR280345-45,6f135c78-16d6-7e92-b2ff-f714c5e0e72c,1777361430,0.47,0.91,no,"{""count_fp"":""0.91"",""created_time"":""2026-04-28T07:30:30.829872Z"",""no_price_dollars"":""0.5300"",""taker_side"":""no"",""ticker"":""KXBTC15M-26APR280345-45"",""trade_id"":""6f135c78-16d6-7e92-b2ff-f714c5e0e72c"",""yes_price_dollars"":""0.4700""}"
KXBTC15M-26APR280345-45,e619f2d4-719b-63de-e3da-2e87fed408a8,1777361430,0.48,1.0,yes,"{""count_fp"":""1.00"",""created_time"":""2026-04-28T07:30:30.319057Z"",""no_price_dollars"":""0.5200"",""taker_side"":""yes"",""ticker"":""KXBTC15M-26APR280345-45"",""trade_id"":""e619f2d4-719b-63de-e3da-2e87fed408a8"",""yes_price_dollars"":""0.4800""}"
KXBTC15M-26APR280345-45,645a949a-e28a-6479-0a06-7c60ecc720f7,1777361431,0.47,6.6,no,"{""count_fp"":""6.60"",""created_time"":""2026-04-28T07:30:31.427697Z"",""no_price_dollars"":""0.5300"",""taker_side"":""no"",""ticker"":""KXBTC15M-26APR280345-45"",""trade_id"":""645a949a-e28a-6479-0a06-7c60ecc720f7"",""yes_price_dollars"":""0.4700""}"
KXBTC15M-26APR280345-45,a22920a9-2d0c-5b8b-56a8-ca4ad7f6acfc,1777361432,0.5,15.09,yes,"{""count_fp"":""15.09"",""created_time"":""2026-04-28T07:30:32.900257Z"",""no_price_dollars"":""0.5000"",""taker_side"":""yes"",""ticker"":""KXBTC15M-26APR280345-45"",""trade_id"":""a22920a9-2d0c-5b8b-56a8-ca4ad7f6acfc"",""yes_price_dollars"":""0.5000""}"
KXBTC15M-26APR280345-45,99246586-5c06-55b7-7e64-dce033909ce2,1777361432,0.5,14.69,yes,"{""count_fp"":""14.69"",""created_time"":""2026-04-28T07:30:32.900257Z"",""no_price_dollars"":""0.5000"",""taker_side"":""yes"",""ticker"":""KXBTC15M-26APR280345-45"",""trade_id"":""99246586-5c06-55b7-7e64-dce033909ce2"",""yes_price_dollars"":""0.5000""}"
KXBTC15M-26APR280345-45,3d93968d-5517-55cc-7fd6-6eae8abc0740,1777361432,0.5,1.0,yes,"{""count_fp"":""1.00"",""created_time"":""2026-04-28T07:30:32.900257Z"",""no_price_dollars"":""0.5000"",""taker_side"":""yes"",""ticker"":""KXBTC15M-26APR280345-45"",""trade_id"":""3d93968d-5517-55cc-7fd6-6eae8abc0740"",""yes_price_dollars"":""0.5000""}"
KXBTC15M-26APR280345-45,da1cf1e0-7f4a-6177-6393-83d2d7b105fe,1777361432,0.5,25.31,yes,"{""count_fp"":""25.31"",""created_time"":""2026-04-28T07:30:32.888876Z"",""no_price_dollars"":""0.5000"",""taker_side"":""yes"",""ticker"":""KXBTC15M-26APR280345-45"",""trade_id"":""da1cf1e0-7f4a-6177-6393-83d2d7b105fe"",""yes_price_dollars"":""0.5000""}"
KXBTC15M-26APR280345-45,4b849585-f5a7-6a02-6924-f12ea0fa1d86,1777361432,0.49,1.0,yes,"{""count_fp"":""1.00"",""created_time"":""2026-04-28T07:30:32.888876Z"",""no_price_dollars"":""0.5100"",""taker_side"":""yes"",""ticker"":""KXBTC15M-26APR280345-45"",""trade_id"":""4b849585-f5a7-6a02-6924-f12ea0fa1d86"",""yes_price_dollars"":""0.4900""}"
KXBTC15M-26APR280345-45,1625e9a8-b76d-6f29-7139-738ea0562a02,1777361432,0.5,2.0,yes,"{""count_fp"":""2.00"",""created_time"":""2026-04-28T07:30:32.888876Z"",""no_price_dollars"":""0.5000"",""taker_side"":""yes"",""ticker"":""KXBTC15M-26APR280345-45"",""trade_id"":""1625e9a8-b76d-6f29-7139-738ea0562a02"",""yes_price_dollars"":""0.5000""}"
KXBTC15M-26APR280345-45,f94f8174-980c-746b-8809-45f21f5fd1dd,1777361432,0.48,14.13,yes,"{""count_fp"":""14.13"",""created_time"":""2026-04-28T07:30:32.550292Z"",""no_price_dollars"":""0.5200"",""taker_side"":""yes"",""ticker"":""KXBTC15M-26APR280345-45"",""trade_id"":""f94f8174-980c-746b-8809-45f21f5fd1dd"",""yes_price_dollars"":""0.4800""}"
KXBTC15M-26APR280345-45,8720bfa5-a20f-7fab-ae28-a6175face56d,1777361432,0.48,3.96,yes,"{""count_fp"":""3.96"",""created_time"":""2026-04-28T07:30:32.550292Z"",""no_price_dollars"":""0.5200"",""taker_side"":""yes"",""ticker"":""KXBTC15M-26APR280345-45"",""trade_id"":""8720bfa5-a20f-7fab-ae28-a6175face56d"",""yes_price_dollars"":""0.4800""}"
KXBTC15M-26APR280345-45,88e7c3b4-46a2-4fd5-cf9d-9c0c9a98714b,1777361432,0.47,0.93,no,"{""count_fp"":""0.93"",""created_time"":""2026-04-28T07:30:32.487328Z"",""no_price_dollars"":""0.5300"",""taker_side"":""no"",""ticker"":""KXBTC15M-26APR280345-45"",""trade_id"":""88e7c3b4-46a2-4fd5-cf9d-9c0c9a98714b"",""yes_price_dollars"":""0.4700""}"
KXBTC15M-26APR280345-45,95c18138-e8bf-5b53-e488-3418412331bd,1777361432,0.48,6.04,yes,"{""count_fp"":""6.04"",""created_time"":""2026-04-28T07:30:32.280037Z"",""no_price_dollars"":""0.5200"",""taker_side"":""yes"",""ticker"":""KXBTC15M-26APR280345-45"",""trade_id"":""95c18138-e8bf-5b53-e488-3418412331bd"",""yes_price_dollars"":""0.4800""}"
KXBTC15M-26APR280345-45,43c3fc9d-8a46-5d3f-d873-3f1a8abc622d,1777361432,0.48,3.81,yes,"{""count_fp"":""3.81"",""created_time"":""2026-04-28T07:30:32.280037Z"",""no_price_dollars"":""0.5200"",""taker_side"":""yes"",""ticker"":""KXBTC15M-26APR280345-45"",""trade_id"":""43c3fc9d-8a46-5d3f-d873-3f1a8abc622d"",""yes_price_dollars"":""0.4800""}"
KXBTC15M-26APR280345-45,958f4f5d-e38c-462f-e303-995c88a4fb45,1777361432,0.48,3.0,yes,"{""count_fp"":""3.00"",""created_time"":""2026-04-28T07:30:32.042046Z"",""no_price_dollars"":""0.5200"",""taker_side"":""yes"",""ticker"":""KXBTC15M-26APR280345-45"",""trade_id"":""958f4f5d-e38c-462f-e303-995c88a4fb45"",""yes_price_dollars"":""0.4800""}"
KXBTC15M-26APR280345-45,7a3f301f-c76a-491f-f701-ee65bc9836e5,1777361432,0.48,8.25,yes,"{""count_fp"":""8.25"",""created_time"":""2026-04-28T07:30:32.042046Z"",""no_price_dollars"":""0.5200"",""taker_side"":""yes"",""ticker"":""KXBTC15M-26APR280345-45"",""trade_id"":""7a3f301f-c76a-491f-f701-ee65bc9836e5"",""yes_price_dollars"":""0.4800""}"
KXBTC15M-26APR280345-45,07408648-005f-4eda-ec8c-e4cf39e8c964,1777361432,0.48,39.0,yes,"{""count_fp"":""39.00"",""created_time"":""2026-04-28T07:30:32.042046Z"",""no_price_dollars"":""0.5200"",""taker_side"":""yes"",""ticker"":""KXBTC15M-26APR280345-45"",""trade_id"":""07408648-005f-4eda-ec8c-e4cf39e8c964"",""yes_price_dollars"":""0.4800""}"
KXBTC15M-26APR280345-45,7e7d3b25-9f4d-4436-38c4-f9f17b6fe2b9,1777361433,0.52,1.0,no,"{""count_fp"":""1.00"",""created_time"":""2026-04-28T07:30:33.689259Z"",""no_price_dollars"":""0.4800"",""taker_side"":""no"",""ticker"":""KXBTC15M-26APR280345-45"",""trade_id"":""7e7d3b25-9f4d-4436-38c4-f9f17b6fe2b9"",""yes_price_dollars"":""0.5200""}"
KXBTC15M-26APR280345-45,ff7d9afe-4ead-49ea-496a-4dea0a76c515,1777361433,0.52,34.8,no,"{""count_fp"":""34.80"",""created_time"":""2026-04-28T07:30:33.388605Z"",""no_price_dollars"":""0.4800"",""taker_side"":""no"",""ticker"":""KXBTC15M-26APR280345-45"",""trade_id"":""ff7d9afe-4ead-49ea-496a-4dea0a76c515"",""yes_price_dollars"":""0.5200""}"
KXBTC15M-26APR280345-45,9af6f78e-91ad-490c-7296-3caff9c61dd4,1777361433,0.53,10.0,no,"{""count_fp"":""10.00"",""created_time"":""2026-04-28T07:30:33.388605Z"",""no_price_dollars"":""0.4700"",""taker_side"":""no"",""ticker"":""KXBTC15M-26APR280345-45"",""trade_id"":""9af6f78e-91ad-490c-7296-3caff9c61dd4"",""yes_price_dollars"":""0.5300""}"
KXBTC15M-26APR280345-45,29578d7a-195d-42af-4730-812854d0708f,1777361433,0.53,10.0,no,"{""count_fp"":""10.00"",""created_time"":""2026-04-28T07:30:33.388605Z"",""no_price_dollars"":""0.4700"",""taker_side"":""no"",""ticker"":""KXBTC15M-26APR280345-45"",""trade_id"":""29578d7a-195d-42af-4730-812854d0708f"",""yes_price_dollars"":""0.5300""}"
KXBTC15M-26APR280345-45,7bc6e2ff-0b76-6269-1b50-53bfeb88a6f1,1777361433,0.53,9.13,no,"{""count_fp"":""9.13"",""created_time"":""2026-04-28T07:30:33.104553Z"",""no_price_dollars"":""0.4700"",""taker_side"":""no"",""ticker"":""KXBTC15M-26APR280345-45"",""trade_id"":""7bc6e2ff-0b76-6269-1b50-53bfeb88a6f1"",""yes_price_dollars"":""0.5300""}"
KXBTC15M-26APR280345-45,d94a6187-1430-7d2e-ab6c-ef5c9fb14c24,1777361433,0.51,1.0,yes,"{""count_fp"":""1.00"",""created_time"":""2026-04-28T07:30:33.008311Z"",""no_price_dollars"":""0.4900"",""taker_side"":""yes"",""ticker"":""KXBTC15M-26APR280345-45"",""trade_id"":""d94a6187-1430-7d2e-ab6c-ef5c9fb14c24"",""yes_price_dollars"":""0.5100""}"
KXBTC15M-26APR280345-45,d5c12e5a-593c-70a9-b85d-071f7101c16b,1777361433,0.51,1.0,yes,"{""count_fp"":""1.00"",""created_time"":""2026-04-28T07:30:33.008311Z"",""no_price_dollars"":""0.4900"",""taker_side"":""yes"",""ticker"":""KXBTC15M-26APR280345-45"",""trade_id"":""d5c12e5a-593c-70a9-b85d-071f7101c16b"",""yes_price_dollars"":""0.5100""}"
KXBTC15M-26APR280345-45,ceed0944-b8f0-76ef-bf1e-0620c2632a18,1777361433,0.5,4.91,yes,"{""count_fp"":""4.91"",""created_time"":""2026-04-28T07:30:33.008311Z"",""no_price_dollars"":""0.5000"",""taker_side"":""yes"",""ticker"":""KXBTC15M-26APR280345-45"",""trade_id"":""ceed0944-b8f0-76ef-bf1e-0620c2632a18"",""yes_price_dollars"":""0.5000""}"
KXBTC15M-26APR280345-45,c110a73e-b53d-70ee-a1b0-9d8e172afd1b,1777361433,0.51,1.0,yes,"{""count_fp"":""1.00"",""created_time"":""2026-04-28T07:30:33.008311Z"",""no_price_dollars"":""0.4900"",""taker_side"":""yes"",""ticker"":""KXBTC15M-26APR280345-45"",""trade_id"":""c110a73e-b53d-70ee-a1b0-9d8e172afd1b"",""yes_price_dollars"":""0.5100""}"
KXBTC15M-26APR280345-45,890efd51-b2f7-7082-b187-92709a191300,1777361433,0.51,3.0,yes,"{""count_fp"":""3.00"",""created_time"":""2026-04-28T07:30:33.008311Z"",""no_price_dollars"":""0.4900"",""taker_side"":""yes"",""ticker"":""KXBTC15M-26APR280345-45"",""trade_id"":""890efd51-b2f7-7082-b187-92709a191300"",""yes_price_dollars"":""0.5100""}"
KXBTC15M-26APR280345-45,5a5f36aa-9f85-4a94-eca8-47408c7a6453,1777361434,0.53,3.65,yes,"{""count_fp"":""3.65"",""created_time"":""2026-04-28T07:30:34.747551Z"",""no_price_dollars"":""0.4700"",""taker_side"":""yes"",""ticker"":""KXBTC15M-26APR280345-45"",""trade_id"":""5a5f36aa-9f85-4a94-eca8-47408c7a6453"",""yes_price_dollars"":""0.5300""}"
KXBTC15M-26APR280345-45,ff7c46f0-ae51-5b0e-d5a7-b21513d26489,1777361434,0.52,3.2,no,"{""count_fp"":""3.20"",""created_time"":""2026-04-28T07:30:34.634895Z"",""no_price_dollars"":""0.4800"",""taker_side"":""no"",""ticker"":""KXBTC15M-26APR280345-45"",""trade_id"":""ff7c46f0-ae51-5b0e-d5a7-b21513d26489"",""yes_price_dollars"":""0.5200""}"
KXBTC15M-26APR280345-45,3d72d069-14d2-5a95-cfba-b87104e01d63,1777361434,0.52,15.4,no,"{""count_fp"":""15.40"",""created_time"":""2026-04-28T07:30:34.634895Z"",""no_price_dollars"":""0.4800"",""taker_side"":""no"",""ticker"":""KXBTC15M-26APR280345-45"",""trade_id"":""3d72d069-14d2-5a95-cfba-b87104e01d63"",""yes_price_dollars"":""0.5200""}"
KXBTC15M-26APR280345-45,fb2c19f5-e001-5d80-5430-b0a0fb2c23c3,1777361434,0.53,1.0,yes,"{""count_fp"":""1.00"",""created_time"":""2026-04-28T07:30:34.576665Z"",""no_price_dollars"":""0.4700"",""taker_side"":""yes"",""ticker"":""KXBTC15M-26APR280345-45"",""trade_id"":""fb2c19f5-e001-5d80-5430-b0a0fb2c23c3"",""yes_price_dollars"":""0.5300""}"
KXBTC15M-26APR280345-45,b1b120b2-1cc3-5b5a-5a3f-cf7564ae2d97,1777361434,0.53,1.0,yes,"{""count_fp"":""1.00"",""created_time"":""2026-04-28T07:30:34.576665Z"",""no_price_dollars"":""0.4700"",""taker_side"":""yes"",""ticker"":""KXBTC15M-26APR280345-45"",""trade_id"":""b1b120b2-1cc3-5b5a-5a3f-cf7564ae2d97"",""yes_price_dollars"":""0.5300""}"
KXBTC15M-26APR280345-45,97eac4b5-cc1d-4fde-9a57-161c39117cc9,1777361434,0.52,1.0,no,"{""count_fp"":""1.00"",""created_time"":""2026-04-28T07:30:34.058945Z"",""no_price_dollars"":""0.4800"",""taker_side"":""no"",""ticker"":""KXBTC15M-26APR280345-45"",""trade_id"":""97eac4b5-cc1d-4fde-9a57-161c39117cc9"",""yes_price_dollars"":""0.5200""}"
KXBTC15M-26APR280345-45,06fed37b-cc52-5c3a-47fa-4f3b67ef0065,1777361435,0.53,5.0,yes,"{""count_fp"":""5.00"",""created_time"":""2026-04-28T07:30:35.583653Z"",""no_price_dollars"":""0.4700"",""taker_side"":""yes"",""ticker"":""KXBTC15M-26APR280345-45"",""trade_id"":""06fed37b-cc52-5c3a-47fa-4f3b67ef0065"",""yes_price_dollars"":""0.5300""}"
KXBTC15M-26APR280345-45,11e18abc-d5a6-4eee-4bdf-4a9841abca39,1777361435,0.53,25.57,yes,"{""count_fp"":""25.57"",""created_time"":""2026-04-28T07:30:35.039Z"",""no_price_dollars"":""0.4700"",""taker_side"":""yes"",""ticker"":""KXBTC15M-26APR280345-45"",""trade_id"":""11e18abc-d5a6-4eee-4bdf-4a9841abca39"",""yes_price_dollars"":""0.5300""}"
KXBTC15M-26APR280345-45,9a41370f-5545-65d8-92a6-f421f1aa9097,1777361435,0.53,11.46,yes,"{""count_fp"":""11.46"",""created_time"":""2026-04-28T07:30:35.017995Z"",""no_price_dollars"":""0.4700"",""taker_side"":""yes"",""ticker"":""KXBTC15M-26APR280345-45"",""trade_id"":""9a41370f-5545-65d8-92a6-f421f1aa9097"",""yes_price_dollars"":""0.5300""}"
KXBTC15M-26APR280345-45,343003fb-433a-64c6-adc4-36e4ab84fd45,1777361435,0.53,6.8,yes,"{""count_fp"":""6.80"",""created_time"":""2026-04-28T07:30:35.017995Z"",""no_price_dollars"":""0.4700"",""taker_side"":""yes"",""ticker"":""KXBTC15M-26APR280345-45"",""trade_id"":""343003fb-433a-64c6-adc4-36e4ab84fd45"",""yes_price_dollars"":""0.5300""}"
KXBTC15M-26APR280345-45,3e3b9314-7d19-563b-88e8-73ae6e6c5025,1777361436,0.54,18.26,no,"{""count_fp"":""18.26"",""created_time"":""2026-04-28T07:30:36.890121Z"",""no_price_dollars"":""0.4600"",""taker_side"":""no"",""ticker"":""KXBTC15M-26APR280345-45"",""trade_id"":""3e3b9314-7d19-563b-88e8-73ae6e6c5025"",""yes_price_dollars"":""0.5400""}"
KXBTC15M-26APR280345-45,d8e5a88a-f6e0-7d3c-77ce-c3e1123f6239,1777361436,0.54,3.0,yes,"{""count_fp"":""3.00"",""created_time"":""2026-04-28T07:30:36.601338Z"",""no_price_dollars"":""0.4600"",""taker_side"":""yes"",""ticker"":""KXBTC15M-26APR280345-45"",""trade_id"":""d8e5a88a-f6e0-7d3c-77ce-c3e1123f6239"",""yes_price_dollars"":""0.5400""}"
KXBTC15M-26APR280345-45,185f748f-a60d-78cd-5164-9903e2592d85,1777361436,0.54,19.94,yes,"{""count_fp"":""19.94"",""created_time"":""2026-04-28T07:30:36.601338Z"",""no_price_dollars"":""0.4600"",""taker_side"":""yes"",""ticker"":""KXBTC15M-26APR280345-45"",""trade_id"":""185f748f-a60d-78cd-5164-9903e2592d85"",""yes_price_dollars"":""0.5400""}"
KXBTC15M-26APR280345-45,914358f2-c826-4296-dc1c-a97d4db7ea8b,1777361436,0.53,6.7,yes,"{""count_fp"":""6.70"",""created_time"":""2026-04-28T07:30:36.549112Z"",""no_price_dollars"":""0.4700"",""taker_side"":""yes"",""ticker"":""KXBTC15M-26APR280345-45"",""trade_id"":""914358f2-c826-4296-dc1c-a97d4db7ea8b"",""yes_price_dollars"":""0.5300""}"
KXBTC15M-26APR280345-45,84a50f20-7414-4dcf-ce77-7a8e1ba890d0,1777361436,0.53,3.0,yes,"{""count_fp"":""3.00"",""created_time"":""2026-04-28T07:30:36.549112Z"",""no_price_dollars"":""0.4700"",""taker_side"":""yes"",""ticker"":""KXBTC15M-26APR280345-45"",""trade_id"":""84a50f20-7414-4dcf-ce77-7a8e1ba890d0"",""yes_price_dollars"":""0.5300""}"
KXBTC15M-26APR280345-45,6fc71a63-912b-402b-ca7a-c22a79bb078f,1777361436,0.53,4.65,yes,"{""count_fp"":""4.65"",""created_time"":""2026-04-28T07:30:36.549112Z"",""no_price_dollars"":""0.4700"",""taker_side"":""yes"",""ticker"":""KXBTC15M-26APR280345-45"",""trade_id"":""6fc71a63-912b-402b-ca7a-c22a79bb078f"",""yes_price_dollars"":""0.5300""}"
KXBTC15M-26APR280345-45,247673f7-3a26-7072-0df0-6a4c6afbd125,1777361436,0.53,4.56,yes,"{""count_fp"":""4.56"",""created_time"":""2026-04-28T07:30:36.095328Z"",""no_price_dollars"":""0.4700"",""taker_side"":""yes"",""ticker"":""KXBTC15M-26APR280345-45"",""trade_id"":""247673f7-3a26-7072-0df0-6a4c6afbd125"",""yes_price_dollars"":""0.5300""}"
KXBTC15M-26APR280345-45,e63d63e6-acbe-609d-8b63-2c5c5f8bfcab,1777361436,0.52,84.54,no,"{""count_fp"":""84.54"",""created_time"":""2026-04-28T07:30:36.006929Z"",""no_price_dollars"":""0.4800"",""taker_side"":""no"",""ticker"":""KXBTC15M-26APR280345-45"",""trade_id"":""e63d63e6-acbe-609d-8b63-2c5c5f8bfcab"",""yes_price_dollars"":""0.5200""}"
KXBTC15M-26APR280345-45,229d6de3-fd51-63c1-b7e4-6265e25310af,1777361436,0.52,6.79,no,"{""count_fp"":""6.79"",""created_time"":""2026-04-28T07:30:36.006929Z"",""no_price_dollars"":""0.4800"",""taker_side"":""no"",""ticker"":""KXBTC15M-26APR280345-45"",""trade_id"":""229d6de3-fd51-63c1-b7e4-6265e25310af"",""yes_price_dollars"":""0.5200""}"
KXBTC15M-26APR280345-45,b85cd51a-b0dd-7b67-a7ae-0b35c5e4cdbd,1777361437,0.54,21.74,no,"{""count_fp"":""21.74"",""created_time"":""2026-04-28T07:30:37.287713Z"",""no_price_dollars"":""0.4600"",""taker_side"":""no"",""ticker"":""KXBTC15M-26APR280345-45"",""trade_id"":""b85cd51a-b0dd-7b67-a7ae-0b35c5e4cdbd"",""yes_price_dollars"":""0.5400""}"
KXBTC15M-26APR280345-45,a548119e-3336-7b02-b72c-351ab8efe685,1777361437,0.54,13.26,no,"{""count_fp"":""13.26"",""created_time"":""2026-04-28T07:30:37.287713Z"",""no_price_dollars"":""0.4600"",""taker_side"":""no"",""ticker"":""KXBTC15M-26APR280345-45"",""trade_id"":""a548119e-3336-7b02-b72c-351ab8efe685"",""yes_price_dollars"":""0.5400""}"
KXBTC15M-26APR280345-45,2af5b69d-1d43-777e-b16e-518711a89591,1777361437,0.54,10.0,no,"{""count_fp"":""10.00"",""created_time"":""2026-04-28T07:30:37.287713Z"",""no_price_dollars"":""0.4600"",""taker_side"":""no"",""ticker"":""KXBTC15M-26APR280345-45"",""trade_id"":""2af5b69d-1d43-777e-b16e-518711a89591"",""yes_price_dollars"":""0.5400""}"
KXBTC15M-26APR280345-45,cfcf0980-07e1-56df-a446-ae89ce547d87,1777361438,0.54,31.73,no,"{""count_fp"":""31.73"",""created_time"":""2026-04-28T07:30:38.776565Z"",""no_price_dollars"":""0.4600"",""taker_side"":""no"",""ticker"":""KXBTC15M-26APR280345-45"",""trade_id"":""cfcf0980-07e1-56df-a446-ae89ce547d87"",""yes_price_dollars"":""0.5400""}"
KXBTC15M-26APR280345-45,81c1c01f-356d-5221-bf00-912e3575346e,1777361438,0.54,9.9,no,"{""count_fp"":""9.90"",""created_time"":""2026-04-28T07:30:38.776565Z"",""no_price_dollars"":""0.4600"",""taker_side"":""no"",""ticker"":""KXBTC15M-26APR280345-45"",""trade_id"":""81c1c01f-356d-5221-bf00-912e3575346e"",""yes_price_dollars"":""0.5400""}"
KXBTC15M-26APR280345-45,e668bfd7-688d-7a0e-7a80-8990ca9ca800,1777361438,0.55,3.0,yes,"{""count_fp"":""3.00"",""created_time"":""2026-04-28T07:30:38.379587Z"",""no_price_dollars"":""0.4500"",""taker_side"":""yes"",""ticker"":""KXBTC15M-26APR280345-45"",""trade_id"":""e668bfd7-688d-7a0e-7a80-8990ca9ca800"",""yes_price_dollars"":""0.5500""}"
KXBTC15M-26APR280345-45,da50941e-d112-7cbe-7709-e61f93bf550d,1777361438,0.55,400.0,yes,"{""count_fp"":""400.00"",""created_time"":""2026-04-28T07:30:38.379587Z"",""no_price_dollars"":""0.4500"",""taker_side"":""yes"",""ticker"":""KXBTC15M-26APR280345-45"",""trade_id"":""da50941e-d112-7cbe-7709-e61f93bf550d"",""yes_price_dollars"":""0.5500""}"
KXBTC15M-26APR280345-45,e97f45ec-ad2a-4d3c-2e94-8eef46c6b5dd,1777361438,0.54,10.0,no,"{""count_fp"":""10.00"",""created_time"":""2026-04-28T07:30:38.339382Z"",""no_price_dollars"":""0.4600"",""taker_side"":""no"",""ticker"":""KXBTC15M-26APR280345-45"",""trade_id"":""e97f45ec-ad2a-4d3c-2e94-8eef46c6b5dd"",""yes_price_dollars"":""0.5400""}"
KXBTC15M-26APR280345-45,b87b01d4-155e-4456-0fe7-e331d3a87939,1777361438,0.54,6.74,no,"{""count_fp"":""6.74"",""created_time"":""2026-04-28T07:30:38.339382Z"",""no_price_dollars"":""0.4600"",""taker_side"":""no"",""ticker"":""KXBTC15M-26APR280345-45"",""trade_id"":""b87b01d4-155e-4456-0fe7-e331d3a87939"",""yes_price_dollars"":""0.5400""}"
KXBTC15M-26APR280345-45,7c0eb676-98ad-4941-0ab3-2b5930c231ba,1777361438,0.54,3.36,no,"{""count_fp"":""3.36"",""created_time"":""2026-04-28T07:30:38.339382Z"",""no_price_dollars"":""0.4600"",""taker_side"":""no"",""ticker"":""KXBTC15M-26APR280345-45"",""trade_id"":""7c0eb676-98ad-4941-0ab3-2b5930c231ba"",""yes_price_dollars"":""0.5400""}"
KXBTC15M-26APR280345-45,ef266379-9191-7ba1-ed81-cadb99ec402a,1777361438,0.55,15.0,yes,"{""count_fp"":""15.00"",""created_time"":""2026-04-28T07:30:38.007985Z"",""no_price_dollars"":""0.4500"",""taker_side"":""yes"",""ticker"":""KXBTC15M-26APR280345-45"",""trade_id"":""ef266379-9191-7ba1-ed81-cadb99ec402a"",""yes_price_dollars"":""0.5500""}"
KXBTC15M-26APR280345-45,7372feab-a1a8-79a9-c17e-b0e1488cf9fa,1777361438,0.55,3.0,yes,"{""count_fp"":""3.00"",""created_time"":""2026-04-28T07:30:38.007985Z"",""no_price_dollars"":""0.4500"",""taker_side"":""yes"",""ticker"":""KXBTC15M-26APR280345-45"",""trade_id"":""7372feab-a1a8-79a9-c17e-b0e1488cf9fa"",""yes_price_dollars"":""0.5500""}"
KXBTC15M-26APR280345-45,34c4bbf1-cd24-7dd5-c632-185b9cfb49d5,1777361438,0.55,2.0,yes,"{""count_fp"":""2.00"",""created_time"":""2026-04-28T07:30:38.007985Z"",""no_price_dollars"":""0.4500"",""taker_side"":""yes"",""ticker"":""KXBTC15M-26APR280345-45"",""trade_id"":""34c4bbf1-cd24-7dd5-c632-185b9cfb49d5"",""yes_price_dollars"":""0.5500""}"
KXBTC15M-26APR280345-45,c6c7f07a-c65d-5578-6eae-5b5090090783,1777361439,0.55,10.0,yes,"{""count_fp"":""10.00"",""created_time"":""2026-04-28T07:30:39.987769Z"",""no_price_dollars"":""0.4500"",""taker_side"":""yes"",""ticker"":""KXBTC15M-26APR280345-45"",""trade_id"":""c6c7f07a-c65d-5578-6eae-5b5090090783"",""yes_price_dollars"":""0.5500""}"
KXBTC15M-26APR280345-45,729e71bf-2dd2-58d0-53f0-51e55b28daa7,1777361439,0.55,3.0,yes,"{""count_fp"":""3.00"",""created_time"":""2026-04-28T07:30:39.987769Z"",""no_price_dollars"":""0.4500"",""taker_side"":""yes"",""ticker"":""KXBTC15M-26APR280345-45"",""trade_id"":""729e71bf-2dd2-58d0-53f0-51e55b28daa7"",""yes_price_dollars"":""0.5500""}"
KXBTC15M-26APR280345-45,40ea293f-4ab2-5457-73b8-6d484f3983e1,1777361439,0.55,6.38,yes,"{""count_fp"":""6.38"",""created_time"":""2026-04-28T07:30:39.987769Z"",""no_price_dollars"":""0.4500"",""taker_side"":""yes"",""ticker"":""KXBTC15M-26APR280345-45"",""trade_id"":""40ea293f-4ab2-5457-73b8-6d484f3983e1"",""yes_price_dollars"":""0.5500""}"
KXBTC15M-26APR280345-45,aebfb16a-976c-5f41-ab3f-82b7ac31d21b,1777361440,0.55,3.0,yes,"{""count_fp"":""3.00"",""created_time"":""2026-04-28T07:30:40.813999Z"",""no_price_dollars"":""0.4500"",""taker_side"":""yes"",""ticker"":""KXBTC15M-26APR280345-45"",""trade_id"":""aebfb16a-976c-5f41-ab3f-82b7ac31d21b"",""yes_price_dollars"":""0.5500""}"
KXBTC15M-26APR280345-45,7b4711bf-dd4d-56f1-8fcd-3bd510b14977,1777361440,0.55,39.29,yes,"{""count_fp"":""39.29"",""created_time"":""2026-04-28T07:30:40.813999Z"",""no_price_dollars"":""0.4500"",""taker_side"":""yes"",""ticker"":""KXBTC15M-26APR280345-45"",""trade_id"":""7b4711bf-dd4d-56f1-8fcd-3bd510b14977"",""yes_price_dollars"":""0.5500""}"
KXBTC15M-26APR280345-45,33b528c1-6b3e-7d53-6341-d77fc0d06dd5,1777361440,0.55,0.87,yes,"{""count_fp"":""0.87"",""created_time"":""2026-04-28T07:30:40.200717Z"",""no_price_dollars"":""0.4500"",""taker_side"":""yes"",""ticker"":""KXBTC15M-26APR280345-45"",""trade_id"":""33b528c1-6b3e-7d53-6341-d77fc0d06dd5"",""yes_price_dollars"":""0.5500""}"
KXBTC15M-26APR280345-45,16e8ae5e-9ae0-4ce8-6aba-3f9db3016f17,1777361440,0.54,3.0,no,"{""count_fp"":""3.00"",""created_time"":""2026-04-28T07:30:40.196884Z"",""no_price_dollars"":""0.4600"",""taker_side"":""no"",""ticker"":""KXBTC15M-26APR280345-45"",""trade_id"":""16e8ae5e-9ae0-4ce8-6aba-3f9db3016f17"",""yes_price_dollars"":""0.5400""}"
KXBTC15M-26APR280345-45,ef1f01fa-4592-6689-d15e-edc594f94005,1777361442,0.56,3.0,yes,"{""count_fp"":""3.00"",""created_time"":""2026-04-28T07:30:42.500305Z"",""no_price_dollars"":""0.4400"",""taker_side"":""yes"",""ticker"":""KXBTC15M-26APR280345-45"",""trade_id"":""ef1f01fa-4592-6689-d15e-edc594f94005"",""yes_price_dollars"":""0.5600""}"
KXBTC15M-26APR280345-45,ca94ad9e-43f1-7813-d5ee-21bfc9a24ab0,1777361442,0.55,2.0,no,"{""count_fp"":""2.00"",""created_time"":""2026-04-28T07:30:42.161889Z"",""no_price_dollars"":""0.4500"",""taker_side"":""no"",""ticker"":""KXBTC15M-26APR280345-45"",""trade_id"":""ca94ad9e-43f1-7813-d5ee-21bfc9a24ab0"",""yes_price_dollars"":""0.5500""}"
KXBTC15M-26APR280345-45,b75a00f4-b9a0-7774-4c1e-8bb61e693b6d,1777361443,0.57,15.97,yes,"{""count_fp"":""15.97"",""created_time"":""2026-04-28T07:30:43.261226Z"",""no_price_dollars"":""0.4300"",""taker_side"":""yes"",""ticker"":""KXBTC15M-26APR280345-45"",""trade_id"":""b75a00f4-b9a0-7774-4c1e-8bb61e693b6d"",""yes_price_dollars"":""0.5700""}"
KXBTC15M-26APR280345-45,a3312661-6f18-7ac6-50f3-f16cfb41c394,1777361443,0.57,1.0,yes,"{""count_fp"":""1.00"",""created_time"":""2026-04-28T07:30:43.261226Z"",""no_price_dollars"":""0.4300"",""taker_side"":""yes"",""ticker"":""KXBTC15M-26APR280345-45"",""trade_id"":""a3312661-6f18-7ac6-50f3-f16cfb41c394"",""yes_price_dollars"":""0.5700""}"
KXBTC15M-26APR280345-45,3f4ae540-e0f9-75a7-2875-c1c4aceac100,1777361443,0.55,2.09,no,"{""count_fp"":""2.09"",""created_time"":""2026-04-28T07:30:43.128681Z"",""no_price_dollars"":""0.4500"",""taker_side"":""no"",""ticker"":""KXBTC15M-26APR280345-45"",""trade_id"":""3f4ae540-e0f9-75a7-2875-c1c4aceac100"",""yes_price_dollars"":""0.5500""}"
KXBTC15M-26APR280345-45,a2179b30-2062-4a0e-1ca0-51e4323e71d9,1777361444,0.54,20.0,no,"{""count_fp"":""20.00"",""created_time"":""2026-04-28T07:30:44.956833Z"",""no_price_dollars"":""0.4600"",""taker_side"":""no"",""ticker"":""KXBTC15M-26APR280345-45"",""trade_id"":""a2179b30-2062-4a0e-1ca0-51e4323e71d9"",""yes_price_dollars"":""0.5400""}"
KXBTC15M-26APR280345-45,b3910975-7b23-6d2f-6a6b-0e229dd2b601,1777361444,0.54,20.0,no,"{""count_fp"":""20.00"",""created_time"":""2026-04-28T07:30:44.877325Z"",""no_price_dollars"":""0.4600"",""taker_side"":""no"",""ticker"":""KXBTC15M-26APR280345-45"",""trade_id"":""b3910975-7b23-6d2f-6a6b-0e229dd2b601"",""yes_price_dollars"":""0.5400""}"
KXBTC15M-26APR280345-45,19d89ba7-0afe-64b6-492d-7d2dfbfdaeb9,1777361444,0.54,53.3,no,"{""count_fp"":""53.30"",""created_time"":""2026-04-28T07:30:44.877325Z"",""no_price_dollars"":""0.4600"",""taker_side"":""no"",""ticker"":""KXBTC15M-26APR280345-45"",""trade_id"":""19d89ba7-0afe-64b6-492d-7d2dfbfdaeb9"",""yes_price_dollars"":""0.5400""}"
KXBTC15M-26APR280345-45,a9e85f38-18ca-66e9-8e5e-8a4305076332,1777361444,0.54,25.13,no,"{""count_fp"":""25.13"",""created_time"":""2026-04-28T07:30:44.595495Z"",""no_price_dollars"":""0.4600"",""taker_side"":""no"",""ticker"":""KXBTC15M-26APR280345-45"",""trade_id"":""a9e85f38-18ca-66e9-8e5e-8a4305076332"",""yes_price_dollars"":""0.5400""}"
KXBTC15M-26APR280345-45,e0494c07-3dd8-44b4-7c85-c4e412a8d6f9,1777361444,0.57,1.86,yes,"{""count_fp"":""1.86"",""created_time"":""2026-04-28T07:30:44.083056Z"",""no_price_dollars"":""0.4300"",""taker_side"":""yes"",""ticker"":""KXBTC15M-26APR280345-45"",""trade_id"":""e0494c07-3dd8-44b4-7c85-c4e412a8d6f9"",""yes_price_dollars"":""0.5700""}"
KXBTC15M-26APR280345-45,f0d241d0-cd5e-5b0b-9d1b-6492eb7954ef,1777361445,0.55,1.41,yes,"{""count_fp"":""1.41"",""created_time"":""2026-04-28T07:30:45.944064Z"",""no_price_dollars"":""0.4500"",""taker_side"":""yes"",""ticker"":""KXBTC15M-26APR280345-45"",""trade_id"":""f0d241d0-cd5e-5b0b-9d1b-6492eb7954ef"",""yes_price_dollars"":""0.5500""}"
KXBTC15M-26APR280345-45,7bad7a12-ee8a-75db-367c-7bd993664edb,1777361445,0.55,3.4,yes,"{""count_fp"":""3.40"",""created_time"":""2026-04-28T07:30:45.703743Z"",""no_price_dollars"":""0.4500"",""taker_side"":""yes"",""ticker"":""KXBTC15M-26APR280345-45"",""trade_id"":""7bad7a12-ee8a-75db-367c-7bd993664edb"",""yes_price_dollars"":""0.5500""}"
KXBTC15M-26APR280345-45,ee342cce-a882-6113-3a3c-33253042ea1b,1777361445,0.54,4.18,no,"{""count_fp"":""4.18"",""created_time"":""2026-04-28T07:30:45.167249Z"",""no_price_dollars"":""0.4600"",""taker_side"":""no"",""ticker"":""KXBTC15M-26APR280345-45"",""trade_id"":""ee342cce-a882-6113-3a3c-33253042ea1b"",""yes_price_dollars"":""0.5400""}"
KXBTC15M-26APR280345-45,70a60494-da61-5fb0-c17f-6dc1be7fc808,1777361445,0.55,15.86,yes,"{""count_fp"":""15.86"",""created_time"":""2026-04-28T07:30:45.061113Z"",""no_price_dollars"":""0.4500"",""taker_side"":""yes"",""ticker"":""KXBTC15M-26APR280345-45"",""trade_id"":""70a60494-da61-5fb0-c17f-6dc1be7fc808"",""yes_price_dollars"":""0.5500""}"
KXBTC15M-26APR280345-45,59045dcd-333d-5194-ef57-fe69ea957a61,1777361446,0.56,8.51,yes,"{""count_fp"":""8.51"",""created_time"":""2026-04-28T07:30:46.504087Z"",""no_price_dollars"":""0.4400"",""taker_side"":""yes"",""ticker"":""KXBTC15M-26APR280345-45"",""trade_id"":""59045dcd-333d-5194-ef57-fe69ea957a61"",""yes_price_dollars"":""0.5600""}"
KXBTC15M-26APR280345-45,f015842b-6361-4314-58bf-13f609eb91a6,1777361446,0.56,40.0,yes,"{""count_fp"":""40.00"",""created_time"":""2026-04-28T07:30:46.235312Z"",""no_price_dollars"":""0.4400"",""taker_side"":""yes"",""ticker"":""KXBTC15M-26APR280345-45"",""trade_id"":""f015842b-6361-4314-58bf-13f609eb91a6"",""yes_price_dollars"":""0.5600""}"
KXBTC15M-26APR280345-45,e38c1d3d-1220-485c-7d70-2224c1ddaed1,1777361446,0.57,22.17,yes,"{""count_fp"":""22.17"",""created_time"":""2026-04-28T07:30:46.235312Z"",""no_price_dollars"":""0.4300"",""taker_side"":""yes"",""ticker"":""KXBTC15M-26APR280345-45"",""trade_id"":""e38c1d3d-1220-485c-7d70-2224c1ddaed1"",""yes_price_dollars"":""0.5700""}"
KXBTC15M-26APR280345-45,c1768092-9f10-4523-619a-eb4948cded7b,1777361446,0.57,56.0,yes,"{""count_fp"":""56.00"",""created_time"":""2026-04-28T07:30:46.235312Z"",""no_price_dollars"":""0.4300"",""taker_side"":""yes"",""ticker"":""KXBTC15M-26APR280345-45"",""trade_id"":""c1768092-9f10-4523-619a-eb4948cded7b"",""yes_price_dollars"":""0.5700""}"
KXBTC15M-26APR280345-45,c12ec2e2-2fe7-4b19-6274-4728542ffa92,1777361446,0.57,20.0,yes,"{""count_fp"":""20.00"",""created_time"":""2026-04-28T07:30:46.235312Z"",""no_price_dollars"":""0.4300"",""taker_side"":""yes"",""ticker"":""KXBTC15M-26APR280345-45"",""trade_id"":""c12ec2e2-2fe7-4b19-6274-4728542ffa92"",""yes_price_dollars"":""0.5700""}"
KXBTC15M-26APR280345-45,b0013432-569e-445e-48aa-51aed3148dbc,1777361446,0.57,3.0,yes,"{""count_fp"":""3.00"",""created_time"":""2026-04-28T07:30:46.235312Z"",""no_price_dollars"":""0.4300"",""taker_side"":""yes"",""ticker"":""KXBTC15M-26APR280345-45"",""trade_id"":""b0013432-569e-445e-48aa-51aed3148dbc"",""yes_price_dollars"":""0.5700""}"
KXBTC15M-26APR280345-45,7836ad12-e733-4a12-78f2-bc982268ca76,1777361446,0.57,26.0,yes,"{""count_fp"":""26.00"",""created_time"":""2026-04-28T07:30:46.235312Z"",""no_price_dollars"":""0.4300"",""taker_side"":""yes"",""ticker"":""KXBTC15M-26APR280345-45"",""trade_id"":""7836ad12-e733-4a12-78f2-bc982268ca76"",""yes_price_dollars"":""0.5700""}"
KXBTC15M-26APR280345-45,21805312-07ba-4622-48dd-8010f369d97e,1777361446,0.57,3.0,yes,"{""count_fp"":""3.00"",""created_time"":""2026-04-28T07:30:46.235312Z"",""no_price_dollars"":""0.4300"",""taker_side"":""yes"",""ticker"":""KXBTC15M-26APR280345-45"",""trade_id"":""21805312-07ba-4622-48dd-8010f369d97e"",""yes_price_dollars"":""0.5700""}"
KXBTC15M-26APR280345-45,1d108389-3b8a-4464-6f3f-f0bb58fee1d1,1777361446,0.57,751.6,yes,"{""count_fp"":""751.60"",""created_time"":""2026-04-28T07:30:46.235312Z"",""no_price_dollars"":""0.4300"",""taker_side"":""yes"",""ticker"":""KXBTC15M-26APR280345-45"",""trade_id"":""1d108389-3b8a-4464-6f3f-f0bb58fee1d1"",""yes_price_dollars"":""0.5700""}"
KXBTC15M-26APR280345-45,02311fa8-1f69-4418-6e06-67b18e5ddfd4,1777361446,0.55,99.25,yes,"{""count_fp"":""99.25"",""created_time"":""2026-04-28T07:30:46.235312Z"",""no_price_dollars"":""0.4500"",""taker_side"":""yes"",""ticker"":""KXBTC15M-26APR280345-45"",""trade_id"":""02311fa8-1f69-4418-6e06-67b18e5ddfd4"",""yes_price_dollars"":""0.5500""}"
KXBTC15M-26APR280345-45,b095d3b3-9a99-54cc-cc27-c2d139e12264,1777361446,0.55,15.86,yes,"{""count_fp"":""15.86"",""created_time"":""2026-04-28T07:30:46.076112Z"",""no_price_dollars"":""0.4500"",""taker_side"":""yes"",""ticker"":""KXBTC15M-26APR280345-45"",""trade_id"":""b095d3b3-9a99-54cc-cc27-c2d139e12264"",""yes_price_dollars"":""0.5500""}"
KXBTC15M-26APR280345-45,8e6bc7f1-8246-7407-7810-a6f58a47824f,1777361446,0.55,10.38,yes,"{""count_fp"":""10.38"",""created_time"":""2026-04-28T07:30:46.050832Z"",""no_price_dollars"":""0.4500"",""taker_side"":""yes"",""ticker"":""KXBTC15M-26APR280345-45"",""trade_id"":""8e6bc7f1-8246-7407-7810-a6f58a47824f"",""yes_price_dollars"":""0.5500""}"
KXBTC15M-26APR280345-45,3209f42d-aad5-78a8-4cb9-00adf69970d0,1777361446,0.55,7.24,yes,"{""count_fp"":""7.24"",""created_time"":""2026-04-28T07:30:46.050832Z"",""no_price_dollars"":""0.4500"",""taker_side"":""yes"",""ticker"":""KXBTC15M-26APR280345-45"",""trade_id"":""3209f42d-aad5-78a8-4cb9-00adf69970d0"",""yes_price_dollars"":""0.5500""}"
KXBTC15M-26APR280345-45,d6505459-20e2-482f-e3aa-64854edb7367,1777361448,0.57,2.79,no,"{""count_fp"":""2.79"",""created_time"":""2026-04-28T07:30:48.873334Z"",""no_price_dollars"":""0.4300"",""taker_side"":""no"",""ticker"":""KXBTC15M-26APR280345-45"",""trade_id"":""d6505459-20e2-482f-e3aa-64854edb7367"",""yes_price_dollars"":""0.5700""}"
KXBTC15M-26APR280345-45,57fccccb-9de4-4546-f705-b7ef572f25c3,1777361448,0.57,40.0,no,"{""count_fp"":""40.00"",""created_time"":""2026-04-28T07:30:48.873334Z"",""no_price_dollars"":""0.4300"",""taker_side"":""no"",""ticker"":""KXBTC15M-26APR280345-45"",""trade_id"":""57fccccb-9de4-4546-f705-b7ef572f25c3"",""yes_price_dollars"":""0.5700""}"
KXBTC15M-26APR280345-45,daa38db8-85a2-6952-f25a-59af2b4fe6bf,1777361449,0.58,40.0,yes,"{""count_fp"":""40.00"",""created_time"":""2026-04-28T07:30:49.671636Z"",""no_price_dollars"":""0.4200"",""taker_side"":""yes"",""ticker"":""KXBTC15M-26APR280345-45"",""trade_id"":""daa38db8-85a2-6952-f25a-59af2b4fe6bf"",""yes_price_dollars"":""0.5800""}"
KXBTC15M-26APR280345-45,d13d6d0d-1c88-6937-d6e8-de0ce53e0438,1777361449,0.59,37.29,yes,"{""count_fp"":""37.29"",""created_time"":""2026-04-28T07:30:49.671636Z"",""no_price_dollars"":""0.4100"",""taker_side"":""yes"",""ticker"":""KXBTC15M-26APR280345-45"",""trade_id"":""d13d6d0d-1c88-6937-d6e8-de0ce53e0438"",""yes_price_dollars"":""0.5900""}"
KXBTC15M-26APR280345-45,ab2d7d9e-47f1-688a-fbdb-73ed26353153,1777361449,0.58,8.03,yes,"{""count_fp"":""8.03"",""created_time"":""2026-04-28T07:30:49.671636Z"",""no_price_dollars"":""0.4200"",""taker_side"":""yes"",""ticker"":""KXBTC15M-26APR280345-45"",""trade_id"":""ab2d7d9e-47f1-688a-fbdb-73ed26353153"",""yes_price_dollars"":""0.5800""}"
KXBTC15M-26APR280345-45,7505a69d-f773-6cbc-dfff-40884874f77d,1777361449,0.58,3.0,yes,"{""count_fp"":""3.00"",""created_time"":""2026-04-28T07:30:49.671636Z"",""no_price_dollars"":""0.4200"",""taker_side"":""yes"",""ticker"":""KXBTC15M-26APR280345-45"",""trade_id"":""7505a69d-f773-6cbc-dfff-40884874f77d"",""yes_price_dollars"":""0.5800""}"
KXBTC15M-26APR280345-45,64c8416f-8b0d-6a54-c89c-57a751af6e19,1777361449,0.58,20.0,yes,"{""count_fp"":""20.00"",""created_time"":""2026-04-28T07:30:49.671636Z"",""no_price_dollars"":""0.4200"",""taker_side"":""yes"",""ticker"":""KXBTC15M-26APR280345-45"",""trade_id"":""64c8416f-8b0d-6a54-c89c-57a751af6e19"",""yes_price_dollars"":""0.5800""}"
KXBTC15M-26APR280345-45,f7b7e388-0997-788c-579c-451834581ed0,1777361449,0.58,3.0,yes,"{""count_fp"":""3.00"",""created_time"":""2026-04-28T07:30:49.430898Z"",""no_price_dollars"":""0.4200"",""taker_side"":""yes"",""ticker"":""KXBTC15M-26APR280345-45"",""trade_id"":""f7b7e388-0997-788c-579c-451834581ed0"",""yes_price_dollars"":""0.5800""}"
KXBTC15M-26APR280345-45,e9c86b64-f713-7074-710d-f67567429361,1777361449,0.58,20.0,yes,"{""count_fp"":""20.00"",""created_time"":""2026-04-28T07:30:49.430898Z"",""no_price_dollars"":""0.4200"",""taker_side"":""yes"",""ticker"":""KXBTC15M-26APR280345-45"",""trade_id"":""e9c86b64-f713-7074-710d-f67567429361"",""yes_price_dollars"":""0.5800""}"
KXBTC15M-26APR280345-45,cec6b131-1ee0-7edf-4641-f456e0b3eb3c,1777361449,0.59,30.2,yes,"{""count_fp"":""30.20"",""created_time"":""2026-04-28T07:30:49.430898Z"",""no_price_dollars"":""0.4100"",""taker_side"":""yes"",""ticker"":""KXBTC15M-26APR280345-45"",""trade_id"":""cec6b131-1ee0-7edf-4641-f456e0b3eb3c"",""yes_price_dollars"":""0.5900""}"
KXBTC15M-26APR280345-45,870064dd-48c3-751a-6d37-8b4d387483a7,1777361449,0.58,40.0,yes,"{""count_fp"":""40.00"",""created_time"":""2026-04-28T07:30:49.430898Z"",""no_price_dollars"":""0.4200"",""taker_side"":""yes"",""ticker"":""KXBTC15M-26APR280345-45"",""trade_id"":""870064dd-48c3-751a-6d37-8b4d387483a7"",""yes_price_dollars"":""0.5800""}"
KXBTC15M-26APR280345-45,553dbed8-e7ab-70ae-503d-665c3b299da0,1777361449,0.58,1.0,yes,"{""count_fp"":""1.00"",""created_time"":""2026-04-28T07:30:49.430898Z"",""no_price_dollars"":""0.4200"",""taker_side"":""yes"",""ticker"":""KXBTC15M-26APR280345-45"",""trade_id"":""553dbed8-e7ab-70ae-503d-665c3b299da0"",""yes_price_dollars"":""0.5800""}"
KXBTC15M-26APR280345-45,4212ef9e-3a35-77e9-5983-726e68083266,1777361449,0.58,1.0,yes,"{""count_fp"":""1.00"",""created_time"":""2026-04-28T07:30:49.430898Z"",""no_price_dollars"":""0.4200"",""taker_side"":""yes"",""ticker"":""KXBTC15M-26APR280345-45"",""trade_id"":""4212ef9e-3a35-77e9-5983-726e68083266"",""yes_price_dollars"":""0.5800""}"
KXBTC15M-26APR280345-45,3a147710-76b0-78cc-73d7-5253eaa3da45,1777361449,0.58,8.03,yes,"{""count_fp"":""8.03"",""created_time"":""2026-04-28T07:30:49.430898Z"",""no_price_dollars"":""0.4200"",""taker_side"":""yes"",""ticker"":""KXBTC15M-26APR280345-45"",""trade_id"":""3a147710-76b0-78cc-73d7-5253eaa3da45"",""yes_price_dollars"":""0.5800""}"
KXBTC15M-26APR280345-45,2130c505-1d2d-7b47-4d98-2174ea1f18a5,1777361449,0.58,3.0,yes,"{""count_fp"":""3.00"",""created_time"":""2026-04-28T07:30:49.430898Z"",""no_price_dollars"":""0.4200"",""taker_side"":""yes"",""ticker"":""KXBTC15M-26APR280345-45"",""trade_id"":""2130c505-1d2d-7b47-4d98-2174ea1f18a5"",""yes_price_dollars"":""0.5800""}"
KXBTC15M-26APR280345-45,fd35b52f-1d64-50dc-e6b7-efa6e1531d51,1777361450,0.58,1.0,no,"{""count_fp"":""1.00"",""created_time"":""2026-04-28T07:30:50.580083Z"",""no_price_dollars"":""0.4200"",""taker_side"":""no"",""ticker"":""KXBTC15M-26APR280345-45"",""trade_id"":""fd35b52f-1d64-50dc-e6b7-efa6e1531d51"",""yes_price_dollars"":""0.5800""}"
KXBTC15M-26APR280345-45,d677db86-d688-7c34-3c3b-b13f16625c49,1777361450,0.58,10.69,no,"{""count_fp"":""10.69"",""created_time"":""2026-04-28T07:30:50.501723Z"",""no_price_dollars"":""0.4200"",""taker_side"":""no"",""ticker"":""KXBTC15M-26APR280345-45"",""trade_id"":""d677db86-d688-7c34-3c3b-b13f16625c49"",""yes_price_dollars"":""0.5800""}"
KXBTC15M-26APR280345-45,901303c8-8c24-7a8b-7a87-23e5556c09cc,1777361450,0.59,8.0,yes,"{""count_fp"":""8.00"",""created_time"":""2026-04-28T07:30:50.499989Z"",""no_price_dollars"":""0.4100"",""taker_side"":""yes"",""ticker"":""KXBTC15M-26APR280345-45"",""trade_id"":""901303c8-8c24-7a8b-7a87-23e5556c09cc"",""yes_price_dollars"":""0.5900""}"
KXBTC15M-26APR280345-45,3fc3c9c1-2978-5cbe-a98d-556d2f0ac970,1777361450,0.58,3.0,yes,"{""count_fp"":""3.00"",""created_time"":""2026-04-28T07:30:50.016253Z"",""no_price_dollars"":""0.4200"",""taker_side"":""yes"",""ticker"":""KXBTC15M-26APR280345-45"",""trade_id"":""3fc3c9c1-2978-5cbe-a98d-556d2f0ac970"",""yes_price_dollars"":""0.5800""}"
KXBTC15M-26APR280345-45,9d0e4d9c-a410-466d-7126-07e4a47bb890,1777361451,0.59,5.59,no,"{""count_fp"":""5.59"",""created_time"":""2026-04-28T07:30:51.845314Z"",""no_price_dollars"":""0.4100"",""taker_side"":""no"",""ticker"":""KXBTC15M-26APR280345-45"",""trade_id"":""9d0e4d9c-a410-466d-7126-07e4a47bb890"",""yes_price_dollars"":""0.5900""}"
KXBTC15M-26APR280345-45,3936d01d-6b70-7b91-f20e-3df58a4325cc,1777361451,0.59,4.57,no,"{""count_fp"":""4.57"",""created_time"":""2026-04-28T07:30:51.556896Z"",""no_price_dollars"":""0.4100"",""taker_side"":""no"",""ticker"":""KXBTC15M-26APR280345-45"",""trade_id"":""3936d01d-6b70-7b91-f20e-3df58a4325cc"",""yes_price_dollars"":""0.5900""}"
KXBTC15M-26APR280345-45,e52a07fe-c081-7e19-6f00-91479825bac5,1777361451,0.59,3.0,yes,"{""count_fp"":""3.00"",""created_time"":""2026-04-28T07:30:51.186189Z"",""no_price_dollars"":""0.4100"",""taker_side"":""yes"",""ticker"":""KXBTC15M-26APR280345-45"",""trade_id"":""e52a07fe-c081-7e19-6f00-91479825bac5"",""yes_price_dollars"":""0.5900""}"
KXBTC15M-26APR280345-45,ba89ef31-fede-7888-7f33-73f81c7b3c3d,1777361451,0.59,5.0,yes,"{""count_fp"":""5.00"",""created_time"":""2026-04-28T07:30:51.186189Z"",""no_price_dollars"":""0.4100"",""taker_side"":""yes"",""ticker"":""KXBTC15M-26APR280345-45"",""trade_id"":""ba89ef31-fede-7888-7f33-73f81c7b3c3d"",""yes_price_dollars"":""0.5900""}"
KXBTC15M-26APR280345-45,77283baf-c410-74cb-4648-3185652cc3c0,1777361451,0.59,2.51,yes,"{""count_fp"":""2.51"",""created_time"":""2026-04-28T07:30:51.186189Z"",""no_price_dollars"":""0.4100"",""taker_side"":""yes"",""ticker"":""KXBTC15M-26APR280345-45"",""trade_id"":""77283baf-c410-74cb-4648-3185652cc3c0"",""yes_price_dollars"":""0.5900""}"
KXBTC15M-26APR280345-45,603b5a90-4eff-7fe9-7e75-16d3426e1c13,1777361451,0.59,5.0,yes,"{""count_fp"":""5.00"",""created_time"":""2026-04-28T07:30:51.186189Z"",""no_price_dollars"":""0.4100"",""taker_side"":""yes"",""ticker"":""KXBTC15M-26APR280345-45"",""trade_id"":""603b5a90-4eff-7fe9-7e75-16d3426e1c13"",""yes_price_dollars"":""0.5900""}"
KXBTC15M-26APR280345-45,3650e135-736c-5a54-b0bf-f8efca080c51,1777361451,0.58,8.94,no,"{""count_fp"":""8.94"",""created_time"":""2026-04-28T07:30:51.154804Z"",""no_price_dollars"":""0.4200"",""taker_side"":""no"",""ticker"":""KXBTC15M-26APR280345-45"",""trade_id"":""3650e135-736c-5a54-b0bf-f8efca080c51"",""yes_price_dollars"":""0.5800""}"
KXBTC15M-26APR280345-45,5d5c4fd2-db88-4e7f-7532-d4ff16710014,1777361451,0.59,8.18,yes,"{""count_fp"":""8.18"",""created_time"":""2026-04-28T07:30:51.020491Z"",""no_price_dollars"":""0.4100"",""taker_side"":""yes"",""ticker"":""KXBTC15M-26APR280345-45"",""trade_id"":""5d5c4fd2-db88-4e7f-7532-d4ff16710014"",""yes_price_dollars"":""0.5900""}"
KXBTC15M-26APR280345-45,646b466a-432c-484d-6520-9d796c96f694,1777361452,0.6,20.41,yes,"{""count_fp"":""20.41"",""created_time"":""2026-04-28T07:30:52.191983Z"",""no_price_dollars"":""0.4000"",""taker_side"":""yes"",""ticker"":""KXBTC15M-26APR280345-45"",""trade_id"":""646b466a-432c-484d-6520-9d796c96f694"",""yes_price_dollars"":""0.6000""}"
KXBTC15M-26APR280345-45,90ff327e-9454-4031-66cb-53a02ce7e824,1777361452,0.6,1.0,yes,"{""count_fp"":""1.00"",""created_time"":""2026-04-28T07:30:52.011262Z"",""no_price_dollars"":""0.4000"",""taker_side"":""yes"",""ticker"":""KXBTC15M-26APR280345-45"",""trade_id"":""90ff327e-9454-4031-66cb-53a02ce7e824"",""yes_price_dollars"":""0.6000""}"
KXBTC15M-26APR280345-45,b13416a2-09c8-4711-e763-2d96311beb78,1777361453,0.6,8.06,yes,"{""count_fp"":""8.06"",""created_time"":""2026-04-28T07:30:53.132098Z"",""no_price_dollars"":""0.4000"",""taker_side"":""yes"",""ticker"":""KXBTC15M-26APR280345-45"",""trade_id"":""b13416a2-09c8-4711-e763-2d96311beb78"",""yes_price_dollars"":""0.6000""}"
KXBTC15M-26APR280345-45,14aba04a-5010-6641-683c-482ebb62353c,1777361454,0.6,24.83,yes,"{""count_fp"":""24.83"",""created_time"":""2026-04-28T07:30:54.945332Z"",""no_price_dollars"":""0.4000"",""taker_side"":""yes"",""ticker"":""KXBTC15M-26APR280345-45"",""trade_id"":""14aba04a-5010-6641-683c-482ebb62353c"",""yes_price_dollars"":""0.6000""}"
KXBTC15M-26APR280345-45,d33faa0b-41a0-6381-383f-332df8739f7c,1777361454,0.6,1.62,yes,"{""count_fp"":""1.62"",""created_time"":""2026-04-28T07:30:54.303236Z"",""no_price_dollars"":""0.4000"",""taker_side"":""yes"",""ticker"":""KXBTC15M-26APR280345-45"",""trade_id"":""d33faa0b-41a0-6381-383f-332df8739f7c"",""yes_price_dollars"":""0.6000""}"
KXBTC15M-26APR280345-45,06eb0124-e058-614d-9be2-cec3513002b8,1777361455,0.6,1.62,yes,"{""count_fp"":""1.62"",""created_time"":""2026-04-28T07:30:55.464408Z"",""no_price_dollars"":""0.4000"",""taker_side"":""yes"",""ticker"":""KXBTC15M-26APR280345-45"",""trade_id"":""06eb0124-e058-614d-9be2-cec3513002b8"",""yes_price_dollars"":""0.6000""}"
KXBTC15M-26APR280345-45,f818cdc9-f83c-7b8b-82be-0188443d512c,1777361455,0.59,3.0,no,"{""count_fp"":""3.00"",""created_time"":""2026-04-28T07:30:55.213064Z"",""no_price_dollars"":""0.4100"",""taker_side"":""no"",""ticker"":""KXBTC15M-26APR280345-45"",""trade_id"":""f818cdc9-f83c-7b8b-82be-0188443d512c"",""yes_price_dollars"":""0.5900""}"
KXBTC15M-26APR280345-45,cc35876c-d33c-7645-af29-131215da9b68,1777361455,0.59,8.03,no,"{""count_fp"":""8.03"",""created_time"":""2026-04-28T07:30:55.213064Z"",""no_price_dollars"":""0.4100"",""taker_side"":""no"",""ticker"":""KXBTC15M-26APR280345-45"",""trade_id"":""cc35876c-d33c-7645-af29-131215da9b68"",""yes_price_dollars"":""0.5900""}"
KXBTC15M-26APR280345-45,abb43270-8e94-7149-8f42-8ea142fcbaa9,1777361455,0.59,9.7,no,"{""count_fp"":""9.70"",""created_time"":""2026-04-28T07:30:55.213064Z"",""no_price_dollars"":""0.4100"",""taker_side"":""no"",""ticker"":""KXBTC15M-26APR280345-45"",""trade_id"":""abb43270-8e94-7149-8f42-8ea142fcbaa9"",""yes_price_dollars"":""0.5900""}"
KXBTC15M-26APR280345-45,826b4a5b-7117-756e-8187-dd24d468ba0e,1777361455,0.59,9.27,no,"{""count_fp"":""9.27"",""created_time"":""2026-04-28T07:30:55.213064Z"",""no_price_dollars"":""0.4100"",""taker_side"":""no"",""ticker"":""KXBTC15M-26APR280345-45"",""trade_id"":""826b4a5b-7117-756e-8187-dd24d468ba0e"",""yes_price_dollars"":""0.5900""}"
KXBTC15M-26APR280345-45,903f1cf8-653b-5f04-a713-00579e89f94d,1777361456,0.61,7.93,yes,"{""count_fp"":""7.93"",""created_time"":""2026-04-28T07:30:56.661567Z"",""no_price_dollars"":""0.3900"",""taker_side"":""yes"",""ticker"":""KXBTC15M-26APR280345-45"",""trade_id"":""903f1cf8-653b-5f04-a713-00579e89f94d"",""yes_price_dollars"":""0.6100""}"
KXBTC15M-26APR280345-45,5905202f-b9e7-45fc-f6cf-0b56d4374bf5,1777361456,0.61,31.69,yes,"{""count_fp"":""31.69"",""created_time"":""2026-04-28T07:30:56.262376Z"",""no_price_dollars"":""0.3900"",""taker_side"":""yes"",""ticker"":""KXBTC15M-26APR280345-45"",""trade_id"":""5905202f-b9e7-45fc-f6cf-0b56d4374bf5"",""yes_price_dollars"":""0.6100""}"
KXBTC15M-26APR280345-45,f3e6e2c3-83fe-6807-5060-12b522ab139e,1777361456,0.6,5.54,yes,"{""count_fp"":""5.54"",""created_time"":""2026-04-28T07:30:56.062538Z"",""no_price_dollars"":""0.4000"",""taker_side"":""yes"",""ticker"":""KXBTC15M-26APR280345-45"",""trade_id"":""f3e6e2c3-83fe-6807-5060-12b522ab139e"",""yes_price_dollars"":""0.6000""}"
KXBTC15M-26APR280345-45,ef995853-c96c-65c5-4161-c169b463dfe4,1777361456,0.6,4.88,yes,"{""count_fp"":""4.88"",""created_time"":""2026-04-28T07:30:56.062538Z"",""no_price_dollars"":""0.4000"",""taker_side"":""yes"",""ticker"":""KXBTC15M-26APR280345-45"",""trade_id"":""ef995853-c96c-65c5-4161-c169b463dfe4"",""yes_price_dollars"":""0.6000""}"
KXBTC15M-26APR280345-45,65245134-2002-6c3e-5edf-37c7370505c2,1777361456,0.6,9.27,yes,"{""count_fp"":""9.27"",""created_time"":""2026-04-28T07:30:56.062538Z"",""no_price_dollars"":""0.4000"",""taker_side"":""yes"",""ticker"":""KXBTC15M-26APR280345-45"",""trade_id"":""65245134-2002-6c3e-5edf-37c7370505c2"",""yes_price_dollars"":""0.6000""}"
KXBTC15M-26APR280345-45,24b2facb-4516-63f0-740c-c266a84d8ddc,1777361456,0.6,3.0,yes,"{""count_fp"":""3.00"",""created_time"":""2026-04-28T07:30:56.062538Z"",""no_price_dollars"":""0.4000"",""taker_side"":""yes"",""ticker"":""KXBTC15M-26APR280345-45"",""trade_id"":""24b2facb-4516-63f0-740c-c266a84d8ddc"",""yes_price_dollars"":""0.6000""}"
KXBTC15M-26APR280345-45,c6d5e59f-ea2f-6474-776a-2293199c2025,1777361457,0.61,8.95,yes,"{""count_fp"":""8.95"",""created_time"":""2026-04-28T07:30:57.691566Z"",""no_price_dollars"":""0.3900"",""taker_side"":""yes"",""ticker"":""KXBTC15M-26APR280345-45"",""trade_id"":""c6d5e59f-ea2f-6474-776a-2293199c2025"",""yes_price_dollars"":""0.6100""}"
KXBTC15M-26APR280345-45,df21904a-dc6f-68d0-0306-1e920379be95,1777361457,0.61,7.96,yes,"{""count_fp"":""7.96"",""created_time"":""2026-04-28T07:30:57.286932Z"",""no_price_dollars"":""0.3900"",""taker_side"":""yes"",""ticker"":""KXBTC15M-26APR280345-45"",""trade_id"":""df21904a-dc6f-68d0-0306-1e920379be95"",""yes_price_dollars"":""0.6100""}"
KXBTC15M-26APR280345-45,90dfc853-bfe7-4c04-b847-a86a85fa0399,1777361457,0.61,7.97,yes,"{""count_fp"":""7.97"",""created_time"":""2026-04-28T07:30:57.126537Z"",""no_price_dollars"":""0.3900"",""taker_side"":""yes"",""ticker"":""KXBTC15M-26APR280345-45"",""trade_id"":""90dfc853-bfe7-4c04-b847-a86a85fa0399"",""yes_price_dollars"":""0.6100""}"
KXBTC15M-26APR280345-45,f2466653-cde0-7f87-192d-082849a11101,1777361458,0.6,0.46,no,"{""count_fp"":""0.46"",""created_time"":""2026-04-28T07:30:58.358693Z"",""no_price_dollars"":""0.4000"",""taker_side"":""no"",""ticker"":""KXBTC15M-26APR280345-45"",""trade_id"":""f2466653-cde0-7f87-192d-082849a11101"",""yes_price_dollars"":""0.6000""}"
KXBTC15M-26APR280345-45,a4045b78-37bf-7358-664b-65728e4af4c5,1777361458,0.61,1.59,yes,"{""count_fp"":""1.59"",""created_time"":""2026-04-28T07:30:58.226161Z"",""no_price_dollars"":""0.3900"",""taker_side"":""yes"",""ticker"":""KXBTC15M-26APR280345-45"",""trade_id"":""a4045b78-37bf-7358-664b-65728e4af4c5"",""yes_price_dollars"":""0.6100""}"
KXBTC15M-26APR280345-45,eae1b594-95b5-4cbf-5478-fe277377f4f8,1777361459,0.61,1.0,yes,"{""count_fp"":""1.00"",""created_time"":""2026-04-28T07:30:59.990484Z"",""no_price_dollars"":""0.3900"",""taker_side"":""yes"",""ticker"":""KXBTC15M-26APR280345-45"",""trade_id"":""eae1b594-95b5-4cbf-5478-fe277377f4f8"",""yes_price_dollars"":""0.6100""}"
KXBTC15M-26APR280345-45,be18f512-f3da-4183-5cc0-f8cbf99488a1,1777361459,0.62,3.0,yes,"{""count_fp"":""3.00"",""created_time"":""2026-04-28T07:30:59.990484Z"",""no_price_dollars"":""0.3800"",""taker_side"":""yes"",""ticker"":""KXBTC15M-26APR280345-45"",""trade_id"":""be18f512-f3da-4183-5cc0-f8cbf99488a1"",""yes_price_dollars"":""0.6200""}"
KXBTC15M-26APR280345-45,9e7a2104-7d86-4957-5823-0f92c86c59d7,1777361459,0.61,3.0,yes,"{""count_fp"":""3.00"",""created_time"":""2026-04-28T07:30:59.990484Z"",""no_price_dollars"":""0.3900"",""taker_side"":""yes"",""ticker"":""KXBTC15M-26APR280345-45"",""trade_id"":""9e7a2104-7d86-4957-5823-0f92c86c59d7"",""yes_price_dollars"":""0.6100""}"
KXBTC15M-26APR280345-45,803ddb67-df87-40a8-6cf1-a8412aef48af,1777361459,0.62,20.0,yes,"{""count_fp"":""20.00"",""created_time"":""2026-04-28T07:30:59.990484Z"",""no_price_dollars"":""0.3800"",""taker_side"":""yes"",""ticker"":""KXBTC15M-26APR280345-45"",""trade_id"":""803ddb67-df87-40a8-6cf1-a8412aef48af"",""yes_price_dollars"":""0.6200""}"
KXBTC15M-26APR280345-45,7e4be65c-61c9-4fa7-563d-3a02f1812ed9,1777361459,0.62,2.0,yes,"{""count_fp"":""2.00"",""created_time"":""2026-04-28T07:30:59.990484Z"",""no_price_dollars"":""0.3800"",""taker_side"":""yes"",""ticker"":""KXBTC15M-26APR280345-45"",""trade_id"":""7e4be65c-61c9-4fa7-563d-3a02f1812ed9"",""yes_price_dollars"":""0.6200""}"
KXBTC15M-26APR280345-45,78096225-b27b-49b4-41b7-52a3782171a9,1777361459,0.61,61.13,yes,"{""count_fp"":""61.13"",""created_time"":""2026-04-28T07:30:59.990484Z"",""no_price_dollars"":""0.3900"",""taker_side"":""yes"",""ticker"":""KXBTC15M-26APR280345-45"",""trade_id"":""78096225-b27b-49b4-41b7-52a3782171a9"",""yes_price_dollars"":""0.6100""}"
KXBTC15M-26APR280345-45,5652ea5b-31ca-4d96-74c1-60983e890363,1777361459,0.63,13.04,yes,"{""count_fp"":""13.04"",""created_time"":""2026-04-28T07:30:59.990484Z"",""no_price_dollars"":""0.3700"",""taker_side"":""yes"",""ticker"":""KXBTC15M-26APR280345-45"",""trade_id"":""5652ea5b-31ca-4d96-74c1-60983e890363"",""yes_price_dollars"":""0.6300""}"
