ticker,trade_id,ts,yes_price,count,taker_side,raw_json
KXBTC15M-26APR281345-45,7ea23020-01b0-4862-1dae-5a82ea406124,1777397401,0.46,1.0,no,"{""count_fp"":""1.00"",""created_time"":""2026-04-28T17:30:01.524756Z"",""no_price_dollars"":""0.5400"",""taker_side"":""no"",""ticker"":""KXBTC15M-26APR281345-45"",""trade_id"":""7ea23020-01b0-4862-1dae-5a82ea406124"",""yes_price_dollars"":""0.4600""}"
KXBTC15M-26APR281345-45,516b90ca-b27e-4b43-13ff-7102e300deab,1777397401,0.46,10.0,no,"{""count_fp"":""10.00"",""created_time"":""2026-04-28T17:30:01.524756Z"",""no_price_dollars"":""0.5400"",""taker_side"":""no"",""ticker"":""KXBTC15M-26APR281345-45"",""trade_id"":""516b90ca-b27e-4b43-13ff-7102e300deab"",""yes_price_dollars"":""0.4600""}"
KXBTC15M-26APR281345-45,71c9c949-0e4a-5f37-eb75-b4a067433b7f,1777397402,0.46,2.0,no,"{""count_fp"":""2.00"",""created_time"":""2026-04-28T17:30:02.088816Z"",""no_price_dollars"":""0.5400"",""taker_side"":""no"",""ticker"":""KXBTC15M-26APR281345-45"",""trade_id"":""71c9c949-0e4a-5f37-eb75-b4a067433b7f"",""yes_price_dollars"":""0.4600""}"
KXBTC15M-26APR281345-45,aef47b1c-1609-71c2-535c-13acff755d3a,1777397403,0.47,1.0,yes,"{""count_fp"":""1.00"",""created_time"":""2026-04-28T17:30:03.197848Z"",""no_price_dollars"":""0.5300"",""taker_side"":""yes"",""ticker"":""KXBTC15M-26APR281345-45"",""trade_id"":""aef47b1c-1609-71c2-535c-13acff755d3a"",""yes_price_dollars"":""0.4700""}"
KXBTC15M-26APR281345-45,a82dab99-f3e2-4fec-a6eb-6604c2d59d75,1777397404,0.48,4.0,yes,"{""count_fp"":""4.00"",""created_time"":""2026-04-28T17:30:04.625931Z"",""no_price_dollars"":""0.5200"",""taker_side"":""yes"",""ticker"":""KXBTC15M-26APR281345-45"",""trade_id"":""a82dab99-f3e2-4fec-a6eb-6604c2d59d75"",""yes_price_dollars"":""0.4800""}"
KXBTC15M-26APR281345-45,38da2109-d3a7-4352-8389-34a6c9d7777c,1777397404,0.48,14.0,yes,"{""count_fp"":""14.00"",""created_time"":""2026-04-28T17:30:04.625931Z"",""no_price_dollars"":""0.5200"",""taker_side"":""yes"",""ticker"":""KXBTC15M-26APR281345-45"",""trade_id"":""38da2109-d3a7-4352-8389-34a6c9d7777c"",""yes_price_dollars"":""0.4800""}"
KXBTC15M-26APR281345-45,e6f2defb-0f20-5ef9-b9c7-37edffd47e84,1777397407,0.46,400.0,no,"{""count_fp"":""400.00"",""created_time"":""2026-04-28T17:30:07.974505Z"",""no_price_dollars"":""0.5400"",""taker_side"":""no"",""ticker"":""KXBTC15M-26APR281345-45"",""trade_id"":""e6f2defb-0f20-5ef9-b9c7-37edffd47e84"",""yes_price_dollars"":""0.4600""}"
KXBTC15M-26APR281345-45,998fb5dc-7f9b-55ec-b673-d5611cd90a6e,1777397407,0.46,56.0,no,"{""count_fp"":""56.00"",""created_time"":""2026-04-28T17:30:07.974505Z"",""no_price_dollars"":""0.5400"",""taker_side"":""no"",""ticker"":""KXBTC15M-26APR281345-45"",""trade_id"":""998fb5dc-7f9b-55ec-b673-d5611cd90a6e"",""yes_price_dollars"":""0.4600""}"
KXBTC15M-26APR281345-45,8ef834bf-95c7-59e4-a6f9-576ec68f00d3,1777397407,0.45,0.33,no,"{""count_fp"":""0.33"",""created_time"":""2026-04-28T17:30:07.974505Z"",""no_price_dollars"":""0.5500"",""taker_side"":""no"",""ticker"":""KXBTC15M-26APR281345-45"",""trade_id"":""8ef834bf-95c7-59e4-a6f9-576ec68f00d3"",""yes_price_dollars"":""0.4500""}"
KXBTC15M-26APR281345-45,1fe5d7ac-8395-574d-9567-5f771d2f0fca,1777397407,0.46,1.0,no,"{""count_fp"":""1.00"",""created_time"":""2026-04-28T17:30:07.974505Z"",""no_price_dollars"":""0.5400"",""taker_side"":""no"",""ticker"":""KXBTC15M-26APR281345-45"",""trade_id"":""1fe5d7ac-8395-574d-9567-5f771d2f0fca"",""yes_price_dollars"":""0.4600""}"
KXBTC15M-26APR281345-45,07ef6f79-9800-570e-80ee-497c9e721fd4,1777397407,0.46,75.0,no,"{""count_fp"":""75.00"",""created_time"":""2026-04-28T17:30:07.974505Z"",""no_price_dollars"":""0.5400"",""taker_side"":""no"",""ticker"":""KXBTC15M-26APR281345-45"",""trade_id"":""07ef6f79-9800-570e-80ee-497c9e721fd4"",""yes_price_dollars"":""0.4600""}"
KXBTC15M-26APR281345-45,fee12a9d-a370-4627-2e73-5e03f4f73263,1777397407,0.47,1.0,no,"{""count_fp"":""1.00"",""created_time"":""2026-04-28T17:30:07.038751Z"",""no_price_dollars"":""0.5300"",""taker_side"":""no"",""ticker"":""KXBTC15M-26APR281345-45"",""trade_id"":""fee12a9d-a370-4627-2e73-5e03f4f73263"",""yes_price_dollars"":""0.4700""}"
KXBTC15M-26APR281345-45,c49f7d2a-1f9e-4ae3-1f91-9af7db05b7bb,1777397407,0.47,6.0,no,"{""count_fp"":""6.00"",""created_time"":""2026-04-28T17:30:07.038751Z"",""no_price_dollars"":""0.5300"",""taker_side"":""no"",""ticker"":""KXBTC15M-26APR281345-45"",""trade_id"":""c49f7d2a-1f9e-4ae3-1f91-9af7db05b7bb"",""yes_price_dollars"":""0.4700""}"
KXBTC15M-26APR281345-45,8a39e3db-66fd-4a93-1e3d-4e13ef859ee1,1777397407,0.47,2.0,no,"{""count_fp"":""2.00"",""created_time"":""2026-04-28T17:30:07.038751Z"",""no_price_dollars"":""0.5300"",""taker_side"":""no"",""ticker"":""KXBTC15M-26APR281345-45"",""trade_id"":""8a39e3db-66fd-4a93-1e3d-4e13ef859ee1"",""yes_price_dollars"":""0.4700""}"
KXBTC15M-26APR281345-45,1f10a008-b2c8-4ff9-2646-1c1181f31a6f,1777397407,0.47,1.0,no,"{""count_fp"":""1.00"",""created_time"":""2026-04-28T17:30:07.038751Z"",""no_price_dollars"":""0.5300"",""taker_side"":""no"",""ticker"":""KXBTC15M-26APR281345-45"",""trade_id"":""1f10a008-b2c8-4ff9-2646-1c1181f31a6f"",""yes_price_dollars"":""0.4700""}"
KXBTC15M-26APR281345-45,e46188dc-3e28-505b-1ab7-8dede500dd18,1777397408,0.48,32.0,yes,"{""count_fp"":""32.00"",""created_time"":""2026-04-28T17:30:08.805963Z"",""no_price_dollars"":""0.5200"",""taker_side"":""yes"",""ticker"":""KXBTC15M-26APR281345-45"",""trade_id"":""e46188dc-3e28-505b-1ab7-8dede500dd18"",""yes_price_dollars"":""0.4800""}"
KXBTC15M-26APR281345-45,d7d49682-3b85-56cd-0214-a159f11fce6e,1777397408,0.48,14.0,yes,"{""count_fp"":""14.00"",""created_time"":""2026-04-28T17:30:08.805963Z"",""no_price_dollars"":""0.5200"",""taker_side"":""yes"",""ticker"":""KXBTC15M-26APR281345-45"",""trade_id"":""d7d49682-3b85-56cd-0214-a159f11fce6e"",""yes_price_dollars"":""0.4800""}"
KXBTC15M-26APR281345-45,779a8034-d27a-524e-3dfe-a8af04040fad,1777397408,0.49,102.67,yes,"{""count_fp"":""102.67"",""created_time"":""2026-04-28T17:30:08.805963Z"",""no_price_dollars"":""0.5100"",""taker_side"":""yes"",""ticker"":""KXBTC15M-26APR281345-45"",""trade_id"":""779a8034-d27a-524e-3dfe-a8af04040fad"",""yes_price_dollars"":""0.4900""}"
KXBTC15M-26APR281345-45,7325b3e0-4268-5f7f-0136-17365ad2e3bc,1777397408,0.49,10.0,yes,"{""count_fp"":""10.00"",""created_time"":""2026-04-28T17:30:08.805963Z"",""no_price_dollars"":""0.5100"",""taker_side"":""yes"",""ticker"":""KXBTC15M-26APR281345-45"",""trade_id"":""7325b3e0-4268-5f7f-0136-17365ad2e3bc"",""yes_price_dollars"":""0.4900""}"
KXBTC15M-26APR281345-45,4694429a-49da-5720-3c40-45f82a1f0e71,1777397408,0.48,10.34,yes,"{""count_fp"":""10.34"",""created_time"":""2026-04-28T17:30:08.805963Z"",""no_price_dollars"":""0.5200"",""taker_side"":""yes"",""ticker"":""KXBTC15M-26APR281345-45"",""trade_id"":""4694429a-49da-5720-3c40-45f82a1f0e71"",""yes_price_dollars"":""0.4800""}"
KXBTC15M-26APR281345-45,36259822-fb97-5cb9-18a8-3277a6727918,1777397408,0.48,28.0,yes,"{""count_fp"":""28.00"",""created_time"":""2026-04-28T17:30:08.805963Z"",""no_price_dollars"":""0.5200"",""taker_side"":""yes"",""ticker"":""KXBTC15M-26APR281345-45"",""trade_id"":""36259822-fb97-5cb9-18a8-3277a6727918"",""yes_price_dollars"":""0.4800""}"
KXBTC15M-26APR281345-45,d518fde9-5cd6-633c-6153-81ac72f52369,1777397408,0.48,12.06,yes,"{""count_fp"":""12.06"",""created_time"":""2026-04-28T17:30:08.344854Z"",""no_price_dollars"":""0.5200"",""taker_side"":""yes"",""ticker"":""KXBTC15M-26APR281345-45"",""trade_id"":""d518fde9-5cd6-633c-6153-81ac72f52369"",""yes_price_dollars"":""0.4800""}"
KXBTC15M-26APR281345-45,a5b4838c-f2ae-44a8-74f7-b48e8556c20d,1777397408,0.48,1.6,yes,"{""count_fp"":""1.60"",""created_time"":""2026-04-28T17:30:08.341443Z"",""no_price_dollars"":""0.5200"",""taker_side"":""yes"",""ticker"":""KXBTC15M-26APR281345-45"",""trade_id"":""a5b4838c-f2ae-44a8-74f7-b48e8556c20d"",""yes_price_dollars"":""0.4800""}"
KXBTC15M-26APR281345-45,7c093379-5d30-5a1e-d20a-4613121689a9,1777397410,0.47,5.37,no,"{""count_fp"":""5.37"",""created_time"":""2026-04-28T17:30:10.503402Z"",""no_price_dollars"":""0.5300"",""taker_side"":""no"",""ticker"":""KXBTC15M-26APR281345-45"",""trade_id"":""7c093379-5d30-5a1e-d20a-4613121689a9"",""yes_price_dollars"":""0.4700""}"
KXBTC15M-26APR281345-45,b6413dbf-5cac-4433-0688-e9f4493c1b4a,1777397410,0.48,10.0,no,"{""count_fp"":""10.00"",""created_time"":""2026-04-28T17:30:10.278529Z"",""no_price_dollars"":""0.5200"",""taker_side"":""no"",""ticker"":""KXBTC15M-26APR281345-45"",""trade_id"":""b6413dbf-5cac-4433-0688-e9f4493c1b4a"",""yes_price_dollars"":""0.4800""}"
KXBTC15M-26APR281345-45,b29eb7ce-617e-49b9-1896-91d5147093a8,1777397410,0.45,1.0,no,"{""count_fp"":""1.00"",""created_time"":""2026-04-28T17:30:10.278529Z"",""no_price_dollars"":""0.5500"",""taker_side"":""no"",""ticker"":""KXBTC15M-26APR281345-45"",""trade_id"":""b29eb7ce-617e-49b9-1896-91d5147093a8"",""yes_price_dollars"":""0.4500""}"
KXBTC15M-26APR281345-45,a61af8cd-93ef-43d0-0e95-5b30d2f72967,1777397410,0.45,0.67,no,"{""count_fp"":""0.67"",""created_time"":""2026-04-28T17:30:10.278529Z"",""no_price_dollars"":""0.5500"",""taker_side"":""no"",""ticker"":""KXBTC15M-26APR281345-45"",""trade_id"":""a61af8cd-93ef-43d0-0e95-5b30d2f72967"",""yes_price_dollars"":""0.4500""}"
KXBTC15M-26APR281345-45,8dc89076-d641-4ea1-05e3-900bfc1da59e,1777397410,0.45,5.0,no,"{""count_fp"":""5.00"",""created_time"":""2026-04-28T17:30:10.278529Z"",""no_price_dollars"":""0.5500"",""taker_side"":""no"",""ticker"":""KXBTC15M-26APR281345-45"",""trade_id"":""8dc89076-d641-4ea1-05e3-900bfc1da59e"",""yes_price_dollars"":""0.4500""}"
KXBTC15M-26APR281345-45,7d0e067f-fc94-4005-333a-197aaac40e17,1777397410,0.47,1.0,no,"{""count_fp"":""1.00"",""created_time"":""2026-04-28T17:30:10.278529Z"",""no_price_dollars"":""0.5300"",""taker_side"":""no"",""ticker"":""KXBTC15M-26APR281345-45"",""trade_id"":""7d0e067f-fc94-4005-333a-197aaac40e17"",""yes_price_dollars"":""0.4700""}"
KXBTC15M-26APR281345-45,6568e8e9-83e4-4fc4-2b6d-d64ad5b1dd0b,1777397410,0.45,8.0,no,"{""count_fp"":""8.00"",""created_time"":""2026-04-28T17:30:10.278529Z"",""no_price_dollars"":""0.5500"",""taker_side"":""no"",""ticker"":""KXBTC15M-26APR281345-45"",""trade_id"":""6568e8e9-83e4-4fc4-2b6d-d64ad5b1dd0b"",""yes_price_dollars"":""0.4500""}"
KXBTC15M-26APR281345-45,3a4614d5-aff8-4545-1597-368e12cee433,1777397410,0.46,1.0,no,"{""count_fp"":""1.00"",""created_time"":""2026-04-28T17:30:10.278529Z"",""no_price_dollars"":""0.5400"",""taker_side"":""no"",""ticker"":""KXBTC15M-26APR281345-45"",""trade_id"":""3a4614d5-aff8-4545-1597-368e12cee433"",""yes_price_dollars"":""0.4600""}"
KXBTC15M-26APR281345-45,283fff9a-a48e-4232-2ba4-e9275100fa2d,1777397410,0.45,40.75,no,"{""count_fp"":""40.75"",""created_time"":""2026-04-28T17:30:10.278529Z"",""no_price_dollars"":""0.5500"",""taker_side"":""no"",""ticker"":""KXBTC15M-26APR281345-45"",""trade_id"":""283fff9a-a48e-4232-2ba4-e9275100fa2d"",""yes_price_dollars"":""0.4500""}"
KXBTC15M-26APR281345-45,2187ceda-059a-4989-0498-99a61bf965c4,1777397410,0.48,10.0,no,"{""count_fp"":""10.00"",""created_time"":""2026-04-28T17:30:10.278529Z"",""no_price_dollars"":""0.5200"",""taker_side"":""no"",""ticker"":""KXBTC15M-26APR281345-45"",""trade_id"":""2187ceda-059a-4989-0498-99a61bf965c4"",""yes_price_dollars"":""0.4800""}"
KXBTC15M-26APR281345-45,0e7f9368-61b9-463a-22c0-e102b9d389bf,1777397410,0.46,3.0,no,"{""count_fp"":""3.00"",""created_time"":""2026-04-28T17:30:10.278529Z"",""no_price_dollars"":""0.5400"",""taker_side"":""no"",""ticker"":""KXBTC15M-26APR281345-45"",""trade_id"":""0e7f9368-61b9-463a-22c0-e102b9d389bf"",""yes_price_dollars"":""0.4600""}"
KXBTC15M-26APR281345-45,52e6fb6b-9001-69ae-cb20-2c758980e2a7,1777397410,0.5,2.0,yes,"{""count_fp"":""2.00"",""created_time"":""2026-04-28T17:30:10.018181Z"",""no_price_dollars"":""0.5000"",""taker_side"":""yes"",""ticker"":""KXBTC15M-26APR281345-45"",""trade_id"":""52e6fb6b-9001-69ae-cb20-2c758980e2a7"",""yes_price_dollars"":""0.5000""}"
KXBTC15M-26APR281345-45,2debffa5-d5a4-6440-e1bd-f9c473127d34,1777397410,0.5,7.64,yes,"{""count_fp"":""7.64"",""created_time"":""2026-04-28T17:30:10.018181Z"",""no_price_dollars"":""0.5000"",""taker_side"":""yes"",""ticker"":""KXBTC15M-26APR281345-45"",""trade_id"":""2debffa5-d5a4-6440-e1bd-f9c473127d34"",""yes_price_dollars"":""0.5000""}"
KXBTC15M-26APR281345-45,c12063fa-7a0c-7171-95ad-59df117504ef,1777397411,0.47,15.37,yes,"{""count_fp"":""15.37"",""created_time"":""2026-04-28T17:30:11.472972Z"",""no_price_dollars"":""0.5300"",""taker_side"":""yes"",""ticker"":""KXBTC15M-26APR281345-45"",""trade_id"":""c12063fa-7a0c-7171-95ad-59df117504ef"",""yes_price_dollars"":""0.4700""}"
KXBTC15M-26APR281345-45,a5b7880f-8249-75af-9443-53e9a2610c4c,1777397411,0.47,3.0,yes,"{""count_fp"":""3.00"",""created_time"":""2026-04-28T17:30:11.472972Z"",""no_price_dollars"":""0.5300"",""taker_side"":""yes"",""ticker"":""KXBTC15M-26APR281345-45"",""trade_id"":""a5b7880f-8249-75af-9443-53e9a2610c4c"",""yes_price_dollars"":""0.4700""}"
KXBTC15M-26APR281345-45,22224cfb-3244-7496-9284-79b992a1b165,1777397411,0.47,1.73,yes,"{""count_fp"":""1.73"",""created_time"":""2026-04-28T17:30:11.472972Z"",""no_price_dollars"":""0.5300"",""taker_side"":""yes"",""ticker"":""KXBTC15M-26APR281345-45"",""trade_id"":""22224cfb-3244-7496-9284-79b992a1b165"",""yes_price_dollars"":""0.4700""}"
KXBTC15M-26APR281345-45,f7eb76cf-0398-75e2-9aed-a4a61d2d4e79,1777397412,0.47,38.49,yes,"{""count_fp"":""38.49"",""created_time"":""2026-04-28T17:30:12.541882Z"",""no_price_dollars"":""0.5300"",""taker_side"":""yes"",""ticker"":""KXBTC15M-26APR281345-45"",""trade_id"":""f7eb76cf-0398-75e2-9aed-a4a61d2d4e79"",""yes_price_dollars"":""0.4700""}"
KXBTC15M-26APR281345-45,f4845a53-f276-7bcb-b3fc-3380611f9247,1777397412,0.47,8.76,yes,"{""count_fp"":""8.76"",""created_time"":""2026-04-28T17:30:12.541882Z"",""no_price_dollars"":""0.5300"",""taker_side"":""yes"",""ticker"":""KXBTC15M-26APR281345-45"",""trade_id"":""f4845a53-f276-7bcb-b3fc-3380611f9247"",""yes_price_dollars"":""0.4700""}"
KXBTC15M-26APR281345-45,a6c30ab8-f2f4-73a5-9e8a-7d4d4c863294,1777397412,0.47,3.0,yes,"{""count_fp"":""3.00"",""created_time"":""2026-04-28T17:30:12.541882Z"",""no_price_dollars"":""0.5300"",""taker_side"":""yes"",""ticker"":""KXBTC15M-26APR281345-45"",""trade_id"":""a6c30ab8-f2f4-73a5-9e8a-7d4d4c863294"",""yes_price_dollars"":""0.4700""}"
KXBTC15M-26APR281345-45,c42a7632-37c3-6bab-f6c9-0b621af154d1,1777397412,0.44,1.0,no,"{""count_fp"":""1.00"",""created_time"":""2026-04-28T17:30:12.536248Z"",""no_price_dollars"":""0.5600"",""taker_side"":""no"",""ticker"":""KXBTC15M-26APR281345-45"",""trade_id"":""c42a7632-37c3-6bab-f6c9-0b621af154d1"",""yes_price_dollars"":""0.4400""}"
KXBTC15M-26APR281345-45,7bbad986-616c-6c5c-c936-2fe77a30c02c,1777397412,0.44,10.0,no,"{""count_fp"":""10.00"",""created_time"":""2026-04-28T17:30:12.536248Z"",""no_price_dollars"":""0.5600"",""taker_side"":""no"",""ticker"":""KXBTC15M-26APR281345-45"",""trade_id"":""7bbad986-616c-6c5c-c936-2fe77a30c02c"",""yes_price_dollars"":""0.4400""}"
KXBTC15M-26APR281345-45,379d0548-3b9e-6ac1-c309-f18c5a123653,1777397412,0.46,6.43,no,"{""count_fp"":""6.43"",""created_time"":""2026-04-28T17:30:12.536248Z"",""no_price_dollars"":""0.5400"",""taker_side"":""no"",""ticker"":""KXBTC15M-26APR281345-45"",""trade_id"":""379d0548-3b9e-6ac1-c309-f18c5a123653"",""yes_price_dollars"":""0.4600""}"
KXBTC15M-26APR281345-45,330f40bc-3c49-63b0-d3c4-3d14f046dfe8,1777397412,0.45,3.0,no,"{""count_fp"":""3.00"",""created_time"":""2026-04-28T17:30:12.536248Z"",""no_price_dollars"":""0.5500"",""taker_side"":""no"",""ticker"":""KXBTC15M-26APR281345-45"",""trade_id"":""330f40bc-3c49-63b0-d3c4-3d14f046dfe8"",""yes_price_dollars"":""0.4500""}"
KXBTC15M-26APR281345-45,1ae4f0cb-8362-6e00-c884-ce877bd2883f,1777397412,0.46,5.0,no,"{""count_fp"":""5.00"",""created_time"":""2026-04-28T17:30:12.536248Z"",""no_price_dollars"":""0.5400"",""taker_side"":""no"",""ticker"":""KXBTC15M-26APR281345-45"",""trade_id"":""1ae4f0cb-8362-6e00-c884-ce877bd2883f"",""yes_price_dollars"":""0.4600""}"
KXBTC15M-26APR281345-45,15a2e0b7-0a3e-6af7-e3b4-8ce21786a7c6,1777397412,0.44,44.09,no,"{""count_fp"":""44.09"",""created_time"":""2026-04-28T17:30:12.536248Z"",""no_price_dollars"":""0.5600"",""taker_side"":""no"",""ticker"":""KXBTC15M-26APR281345-45"",""trade_id"":""15a2e0b7-0a3e-6af7-e3b4-8ce21786a7c6"",""yes_price_dollars"":""0.4400""}"
KXBTC15M-26APR281345-45,fb884bde-786c-4666-7dd0-4cb34ab3a49d,1777397412,0.47,0.53,yes,"{""count_fp"":""0.53"",""created_time"":""2026-04-28T17:30:12.432645Z"",""no_price_dollars"":""0.5300"",""taker_side"":""yes"",""ticker"":""KXBTC15M-26APR281345-45"",""trade_id"":""fb884bde-786c-4666-7dd0-4cb34ab3a49d"",""yes_price_dollars"":""0.4700""}"
KXBTC15M-26APR281345-45,d07b562d-ca82-5535-9417-9a25d23c6337,1777397412,0.46,2.57,no,"{""count_fp"":""2.57"",""created_time"":""2026-04-28T17:30:12.361167Z"",""no_price_dollars"":""0.5400"",""taker_side"":""no"",""ticker"":""KXBTC15M-26APR281345-45"",""trade_id"":""d07b562d-ca82-5535-9417-9a25d23c6337"",""yes_price_dollars"":""0.4600""}"
KXBTC15M-26APR281345-45,235c37d0-cecf-568f-8f65-6ffef3bf23fa,1777397412,0.46,1.0,no,"{""count_fp"":""1.00"",""created_time"":""2026-04-28T17:30:12.361167Z"",""no_price_dollars"":""0.5400"",""taker_side"":""no"",""ticker"":""KXBTC15M-26APR281345-45"",""trade_id"":""235c37d0-cecf-568f-8f65-6ffef3bf23fa"",""yes_price_dollars"":""0.4600""}"
KXBTC15M-26APR281345-45,fb857bd5-c446-6c57-cac4-277bd6e5f311,1777397413,0.45,1.0,no,"{""count_fp"":""1.00"",""created_time"":""2026-04-28T17:30:13.872268Z"",""no_price_dollars"":""0.5500"",""taker_side"":""no"",""ticker"":""KXBTC15M-26APR281345-45"",""trade_id"":""fb857bd5-c446-6c57-cac4-277bd6e5f311"",""yes_price_dollars"":""0.4500""}"
KXBTC15M-26APR281345-45,6d71eb3f-64f6-4ce6-efd3-16af0a3923ce,1777397414,0.48,20.66,no,"{""count_fp"":""20.66"",""created_time"":""2026-04-28T17:30:14.857555Z"",""no_price_dollars"":""0.5200"",""taker_side"":""no"",""ticker"":""KXBTC15M-26APR281345-45"",""trade_id"":""6d71eb3f-64f6-4ce6-efd3-16af0a3923ce"",""yes_price_dollars"":""0.4800""}"
KXBTC15M-26APR281345-45,00974167-51d7-42a1-d311-d8fd5c7c06f5,1777397414,0.48,68.82,no,"{""count_fp"":""68.82"",""created_time"":""2026-04-28T17:30:14.857555Z"",""no_price_dollars"":""0.5200"",""taker_side"":""no"",""ticker"":""KXBTC15M-26APR281345-45"",""trade_id"":""00974167-51d7-42a1-d311-d8fd5c7c06f5"",""yes_price_dollars"":""0.4800""}"
KXBTC15M-26APR281345-45,b4dc8142-dcce-77e2-2389-600d3d20f602,1777397414,0.48,19.34,no,"{""count_fp"":""19.34"",""created_time"":""2026-04-28T17:30:14.591785Z"",""no_price_dollars"":""0.5200"",""taker_side"":""no"",""ticker"":""KXBTC15M-26APR281345-45"",""trade_id"":""b4dc8142-dcce-77e2-2389-600d3d20f602"",""yes_price_dollars"":""0.4800""}"
KXBTC15M-26APR281345-45,e50210d6-495a-733b-7174-4a431ae71eb6,1777397414,0.44,37.59,no,"{""count_fp"":""37.59"",""created_time"":""2026-04-28T17:30:14.453883Z"",""no_price_dollars"":""0.5600"",""taker_side"":""no"",""ticker"":""KXBTC15M-26APR281345-45"",""trade_id"":""e50210d6-495a-733b-7174-4a431ae71eb6"",""yes_price_dollars"":""0.4400""}"
KXBTC15M-26APR281345-45,e2cf638d-52aa-7082-7182-20492957cb01,1777397414,0.48,34.0,no,"{""count_fp"":""34.00"",""created_time"":""2026-04-28T17:30:14.453883Z"",""no_price_dollars"":""0.5200"",""taker_side"":""no"",""ticker"":""KXBTC15M-26APR281345-45"",""trade_id"":""e2cf638d-52aa-7082-7182-20492957cb01"",""yes_price_dollars"":""0.4800""}"
KXBTC15M-26APR281345-45,bfe4d0f3-1077-7733-4f65-80fa23a413b5,1777397414,0.46,40.0,no,"{""count_fp"":""40.00"",""created_time"":""2026-04-28T17:30:14.453883Z"",""no_price_dollars"":""0.5400"",""taker_side"":""no"",""ticker"":""KXBTC15M-26APR281345-45"",""trade_id"":""bfe4d0f3-1077-7733-4f65-80fa23a413b5"",""yes_price_dollars"":""0.4600""}"
KXBTC15M-26APR281345-45,a12021b1-4315-7ba2-5b26-9de2efcfbcad,1777397414,0.47,24.03,no,"{""count_fp"":""24.03"",""created_time"":""2026-04-28T17:30:14.453883Z"",""no_price_dollars"":""0.5300"",""taker_side"":""no"",""ticker"":""KXBTC15M-26APR281345-45"",""trade_id"":""a12021b1-4315-7ba2-5b26-9de2efcfbcad"",""yes_price_dollars"":""0.4700""}"
KXBTC15M-26APR281345-45,7f714ca8-0a57-7f7a-5b43-260bc2731d84,1777397414,0.45,3.0,no,"{""count_fp"":""3.00"",""created_time"":""2026-04-28T17:30:14.453883Z"",""no_price_dollars"":""0.5500"",""taker_side"":""no"",""ticker"":""KXBTC15M-26APR281345-45"",""trade_id"":""7f714ca8-0a57-7f7a-5b43-260bc2731d84"",""yes_price_dollars"":""0.4500""}"
KXBTC15M-26APR281345-45,6afbd848-c466-74cb-7bdc-ed31a1002ce9,1777397414,0.45,55.0,no,"{""count_fp"":""55.00"",""created_time"":""2026-04-28T17:30:14.453883Z"",""no_price_dollars"":""0.5500"",""taker_side"":""no"",""ticker"":""KXBTC15M-26APR281345-45"",""trade_id"":""6afbd848-c466-74cb-7bdc-ed31a1002ce9"",""yes_price_dollars"":""0.4500""}"
KXBTC15M-26APR281345-45,3c849546-89d2-7713-76f0-a4b0ba5410e9,1777397414,0.45,40.0,no,"{""count_fp"":""40.00"",""created_time"":""2026-04-28T17:30:14.453883Z"",""no_price_dollars"":""0.5500"",""taker_side"":""no"",""ticker"":""KXBTC15M-26APR281345-45"",""trade_id"":""3c849546-89d2-7713-76f0-a4b0ba5410e9"",""yes_price_dollars"":""0.4500""}"
KXBTC15M-26APR281345-45,000fdf93-bbf7-7459-4637-055f422aae4f,1777397414,0.47,10.0,no,"{""count_fp"":""10.00"",""created_time"":""2026-04-28T17:30:14.453883Z"",""no_price_dollars"":""0.5300"",""taker_side"":""no"",""ticker"":""KXBTC15M-26APR281345-45"",""trade_id"":""000fdf93-bbf7-7459-4637-055f422aae4f"",""yes_price_dollars"":""0.4700""}"
KXBTC15M-26APR281345-45,af8d20e6-385e-71c2-fd26-44920fae9825,1777397414,0.48,2.0,no,"{""count_fp"":""2.00"",""created_time"":""2026-04-28T17:30:14.390951Z"",""no_price_dollars"":""0.5200"",""taker_side"":""no"",""ticker"":""KXBTC15M-26APR281345-45"",""trade_id"":""af8d20e6-385e-71c2-fd26-44920fae9825"",""yes_price_dollars"":""0.4800""}"
KXBTC15M-26APR281345-45,9e79ee8e-faf6-4b42-0e50-88763d102815,1777397414,0.48,4.0,no,"{""count_fp"":""4.00"",""created_time"":""2026-04-28T17:30:14.271696Z"",""no_price_dollars"":""0.5200"",""taker_side"":""no"",""ticker"":""KXBTC15M-26APR281345-45"",""trade_id"":""9e79ee8e-faf6-4b42-0e50-88763d102815"",""yes_price_dollars"":""0.4800""}"
KXBTC15M-26APR281345-45,acaa6526-9dae-570b-9399-04bfdc9c5436,1777397414,0.48,22.22,no,"{""count_fp"":""22.22"",""created_time"":""2026-04-28T17:30:14.232574Z"",""no_price_dollars"":""0.5200"",""taker_side"":""no"",""ticker"":""KXBTC15M-26APR281345-45"",""trade_id"":""acaa6526-9dae-570b-9399-04bfdc9c5436"",""yes_price_dollars"":""0.4800""}"
KXBTC15M-26APR281345-45,30369a8e-bd41-5f16-9b8d-02713ed16619,1777397414,0.47,15.97,no,"{""count_fp"":""15.97"",""created_time"":""2026-04-28T17:30:14.232574Z"",""no_price_dollars"":""0.5300"",""taker_side"":""no"",""ticker"":""KXBTC15M-26APR281345-45"",""trade_id"":""30369a8e-bd41-5f16-9b8d-02713ed16619"",""yes_price_dollars"":""0.4700""}"
KXBTC15M-26APR281345-45,4c5593f8-8666-46fb-7f02-e5b00733124a,1777397414,0.48,14.28,no,"{""count_fp"":""14.28"",""created_time"":""2026-04-28T17:30:14.185432Z"",""no_price_dollars"":""0.5200"",""taker_side"":""no"",""ticker"":""KXBTC15M-26APR281345-45"",""trade_id"":""4c5593f8-8666-46fb-7f02-e5b00733124a"",""yes_price_dollars"":""0.4800""}"
KXBTC15M-26APR281345-45,41e1803f-9876-4a83-0336-536ad346bbca,1777397414,0.48,3.5,no,"{""count_fp"":""3.50"",""created_time"":""2026-04-28T17:30:14.110284Z"",""no_price_dollars"":""0.5200"",""taker_side"":""no"",""ticker"":""KXBTC15M-26APR281345-45"",""trade_id"":""41e1803f-9876-4a83-0336-536ad346bbca"",""yes_price_dollars"":""0.4800""}"
KXBTC15M-26APR281345-45,f4d591ae-4b9e-7152-64cf-e58e086754dd,1777397414,0.49,112.08,yes,"{""count_fp"":""112.08"",""created_time"":""2026-04-28T17:30:14.016483Z"",""no_price_dollars"":""0.5100"",""taker_side"":""yes"",""ticker"":""KXBTC15M-26APR281345-45"",""trade_id"":""f4d591ae-4b9e-7152-64cf-e58e086754dd"",""yes_price_dollars"":""0.4900""}"
KXBTC15M-26APR281345-45,e45131e4-b1b8-7214-6784-877ba85e05d7,1777397414,0.48,23.24,yes,"{""count_fp"":""23.24"",""created_time"":""2026-04-28T17:30:14.016483Z"",""no_price_dollars"":""0.5200"",""taker_side"":""yes"",""ticker"":""KXBTC15M-26APR281345-45"",""trade_id"":""e45131e4-b1b8-7214-6784-877ba85e05d7"",""yes_price_dollars"":""0.4800""}"
KXBTC15M-26APR281345-45,974189bc-9c8a-7f27-4d2c-146a1923640b,1777397414,0.48,21.81,yes,"{""count_fp"":""21.81"",""created_time"":""2026-04-28T17:30:14.016483Z"",""no_price_dollars"":""0.5200"",""taker_side"":""yes"",""ticker"":""KXBTC15M-26APR281345-45"",""trade_id"":""974189bc-9c8a-7f27-4d2c-146a1923640b"",""yes_price_dollars"":""0.4800""}"
KXBTC15M-26APR281345-45,222caf1c-03bc-7eb7-64c3-6be9cde1c053,1777397414,0.48,3.0,yes,"{""count_fp"":""3.00"",""created_time"":""2026-04-28T17:30:14.016483Z"",""no_price_dollars"":""0.5200"",""taker_side"":""yes"",""ticker"":""KXBTC15M-26APR281345-45"",""trade_id"":""222caf1c-03bc-7eb7-64c3-6be9cde1c053"",""yes_price_dollars"":""0.4800""}"
KXBTC15M-26APR281345-45,3f1b8766-c5cb-7c5d-9287-04cf855a194d,1777397415,0.48,35.61,no,"{""count_fp"":""35.61"",""created_time"":""2026-04-28T17:30:15.884477Z"",""no_price_dollars"":""0.5200"",""taker_side"":""no"",""ticker"":""KXBTC15M-26APR281345-45"",""trade_id"":""3f1b8766-c5cb-7c5d-9287-04cf855a194d"",""yes_price_dollars"":""0.4800""}"
KXBTC15M-26APR281345-45,c4f40032-7467-6d45-9839-9884e7115bc9,1777397415,0.48,17.0,no,"{""count_fp"":""17.00"",""created_time"":""2026-04-28T17:30:15.617883Z"",""no_price_dollars"":""0.5200"",""taker_side"":""no"",""ticker"":""KXBTC15M-26APR281345-45"",""trade_id"":""c4f40032-7467-6d45-9839-9884e7115bc9"",""yes_price_dollars"":""0.4800""}"
KXBTC15M-26APR281345-45,74259ecd-b33f-4aa5-d974-9497b8863379,1777397415,0.48,9.72,no,"{""count_fp"":""9.72"",""created_time"":""2026-04-28T17:30:15.609437Z"",""no_price_dollars"":""0.5200"",""taker_side"":""no"",""ticker"":""KXBTC15M-26APR281345-45"",""trade_id"":""74259ecd-b33f-4aa5-d974-9497b8863379"",""yes_price_dollars"":""0.4800""}"
KXBTC15M-26APR281345-45,bafc39fa-7de7-7aa1-1a33-cb9f8db92425,1777397415,0.48,5.28,no,"{""count_fp"":""5.28"",""created_time"":""2026-04-28T17:30:15.528352Z"",""no_price_dollars"":""0.5200"",""taker_side"":""no"",""ticker"":""KXBTC15M-26APR281345-45"",""trade_id"":""bafc39fa-7de7-7aa1-1a33-cb9f8db92425"",""yes_price_dollars"":""0.4800""}"
KXBTC15M-26APR281345-45,216f5474-a2df-781d-eb35-e8518e2dc72d,1777397415,0.48,3.72,no,"{""count_fp"":""3.72"",""created_time"":""2026-04-28T17:30:15.467989Z"",""no_price_dollars"":""0.5200"",""taker_side"":""no"",""ticker"":""KXBTC15M-26APR281345-45"",""trade_id"":""216f5474-a2df-781d-eb35-e8518e2dc72d"",""yes_price_dollars"":""0.4800""}"
KXBTC15M-26APR281345-45,3729cdc8-aac3-47cd-361f-2076db381729,1777397415,0.48,20.0,no,"{""count_fp"":""20.00"",""created_time"":""2026-04-28T17:30:15.356339Z"",""no_price_dollars"":""0.5200"",""taker_side"":""no"",""ticker"":""KXBTC15M-26APR281345-45"",""trade_id"":""3729cdc8-aac3-47cd-361f-2076db381729"",""yes_price_dollars"":""0.4800""}"
KXBTC15M-26APR281345-45,5c27f81f-4a29-5976-e907-dd2dd08bbda2,1777397416,0.49,2.0,yes,"{""count_fp"":""2.00"",""created_time"":""2026-04-28T17:30:16.682254Z"",""no_price_dollars"":""0.5100"",""taker_side"":""yes"",""ticker"":""KXBTC15M-26APR281345-45"",""trade_id"":""5c27f81f-4a29-5976-e907-dd2dd08bbda2"",""yes_price_dollars"":""0.4900""}"
KXBTC15M-26APR281345-45,b057702e-db3e-712a-0c8b-fbc336c44ae5,1777397416,0.49,102.46,yes,"{""count_fp"":""102.46"",""created_time"":""2026-04-28T17:30:16.358099Z"",""no_price_dollars"":""0.5100"",""taker_side"":""yes"",""ticker"":""KXBTC15M-26APR281345-45"",""trade_id"":""b057702e-db3e-712a-0c8b-fbc336c44ae5"",""yes_price_dollars"":""0.4900""}"
KXBTC15M-26APR281345-45,31c38968-e4ef-5d4d-33e8-541037c5ec59,1777397416,0.48,18.6,no,"{""count_fp"":""18.60"",""created_time"":""2026-04-28T17:30:16.153295Z"",""no_price_dollars"":""0.5200"",""taker_side"":""no"",""ticker"":""KXBTC15M-26APR281345-45"",""trade_id"":""31c38968-e4ef-5d4d-33e8-541037c5ec59"",""yes_price_dollars"":""0.4800""}"
KXBTC15M-26APR281345-45,2504713c-cf9e-7d1a-bda9-c858cb726e49,1777397416,0.49,6.6,yes,"{""count_fp"":""6.60"",""created_time"":""2026-04-28T17:30:16.018691Z"",""no_price_dollars"":""0.5100"",""taker_side"":""yes"",""ticker"":""KXBTC15M-26APR281345-45"",""trade_id"":""2504713c-cf9e-7d1a-bda9-c858cb726e49"",""yes_price_dollars"":""0.4900""}"
KXBTC15M-26APR281345-45,21909861-2c61-64f2-0673-04eeff9022a2,1777397417,0.49,11.82,yes,"{""count_fp"":""11.82"",""created_time"":""2026-04-28T17:30:17.911656Z"",""no_price_dollars"":""0.5100"",""taker_side"":""yes"",""ticker"":""KXBTC15M-26APR281345-45"",""trade_id"":""21909861-2c61-64f2-0673-04eeff9022a2"",""yes_price_dollars"":""0.4900""}"
KXBTC15M-26APR281345-45,54de690a-5a19-7ffa-3bf2-98812653e582,1777397417,0.49,19.7,yes,"{""count_fp"":""19.70"",""created_time"":""2026-04-28T17:30:17.832184Z"",""no_price_dollars"":""0.5100"",""taker_side"":""yes"",""ticker"":""KXBTC15M-26APR281345-45"",""trade_id"":""54de690a-5a19-7ffa-3bf2-98812653e582"",""yes_price_dollars"":""0.4900""}"
KXBTC15M-26APR281345-45,2b59f7d2-93b5-5a16-a313-e3570db182ea,1777397417,0.49,11.82,yes,"{""count_fp"":""11.82"",""created_time"":""2026-04-28T17:30:17.686325Z"",""no_price_dollars"":""0.5100"",""taker_side"":""yes"",""ticker"":""KXBTC15M-26APR281345-45"",""trade_id"":""2b59f7d2-93b5-5a16-a313-e3570db182ea"",""yes_price_dollars"":""0.4900""}"
KXBTC15M-26APR281345-45,f1c0b676-a1bf-62f1-f197-1ee953a88a71,1777397417,0.48,586.07,no,"{""count_fp"":""586.07"",""created_time"":""2026-04-28T17:30:17.548128Z"",""no_price_dollars"":""0.5200"",""taker_side"":""no"",""ticker"":""KXBTC15M-26APR281345-45"",""trade_id"":""f1c0b676-a1bf-62f1-f197-1ee953a88a71"",""yes_price_dollars"":""0.4800""}"
KXBTC15M-26APR281345-45,b6ce9f67-e185-552e-2bbd-ff5c9c3d3f56,1777397417,0.49,197.04,yes,"{""count_fp"":""197.04"",""created_time"":""2026-04-28T17:30:17.503787Z"",""no_price_dollars"":""0.5100"",""taker_side"":""yes"",""ticker"":""KXBTC15M-26APR281345-45"",""trade_id"":""b6ce9f67-e185-552e-2bbd-ff5c9c3d3f56"",""yes_price_dollars"":""0.4900""}"
KXBTC15M-26APR281345-45,706ac1cb-24d1-6822-f330-8025e7b8db26,1777397417,0.49,17.36,yes,"{""count_fp"":""17.36"",""created_time"":""2026-04-28T17:30:17.064436Z"",""no_price_dollars"":""0.5100"",""taker_side"":""yes"",""ticker"":""KXBTC15M-26APR281345-45"",""trade_id"":""706ac1cb-24d1-6822-f330-8025e7b8db26"",""yes_price_dollars"":""0.4900""}"
KXBTC15M-26APR281345-45,0a13a096-edab-6665-f705-cb50bbd379e9,1777397418,0.48,3.72,no,"{""count_fp"":""3.72"",""created_time"":""2026-04-28T17:30:18.969343Z"",""no_price_dollars"":""0.5200"",""taker_side"":""no"",""ticker"":""KXBTC15M-26APR281345-45"",""trade_id"":""0a13a096-edab-6665-f705-cb50bbd379e9"",""yes_price_dollars"":""0.4800""}"
KXBTC15M-26APR281345-45,5bd305fc-412f-6eb9-6187-58fe7712fac5,1777397418,0.48,14.88,no,"{""count_fp"":""14.88"",""created_time"":""2026-04-28T17:30:18.800902Z"",""no_price_dollars"":""0.5200"",""taker_side"":""no"",""ticker"":""KXBTC15M-26APR281345-45"",""trade_id"":""5bd305fc-412f-6eb9-6187-58fe7712fac5"",""yes_price_dollars"":""0.4800""}"
KXBTC15M-26APR281345-45,4ceb6360-0889-7fb6-918c-d092fe75576a,1777397418,0.49,7.88,yes,"{""count_fp"":""7.88"",""created_time"":""2026-04-28T17:30:18.605502Z"",""no_price_dollars"":""0.5100"",""taker_side"":""yes"",""ticker"":""KXBTC15M-26APR281345-45"",""trade_id"":""4ceb6360-0889-7fb6-918c-d092fe75576a"",""yes_price_dollars"":""0.4900""}"
KXBTC15M-26APR281345-45,25ab15ea-f407-5b41-5727-0e22c6444191,1777397418,0.48,23.0,no,"{""count_fp"":""23.00"",""created_time"":""2026-04-28T17:30:18.295398Z"",""no_price_dollars"":""0.5200"",""taker_side"":""no"",""ticker"":""KXBTC15M-26APR281345-45"",""trade_id"":""25ab15ea-f407-5b41-5727-0e22c6444191"",""yes_price_dollars"":""0.4800""}"
KXBTC15M-26APR281345-45,34d99247-7101-57b2-baca-bd51bfb1578e,1777397419,0.49,5.91,yes,"{""count_fp"":""5.91"",""created_time"":""2026-04-28T17:30:19.482387Z"",""no_price_dollars"":""0.5100"",""taker_side"":""yes"",""ticker"":""KXBTC15M-26APR281345-45"",""trade_id"":""34d99247-7101-57b2-baca-bd51bfb1578e"",""yes_price_dollars"":""0.4900""}"
KXBTC15M-26APR281345-45,892db48d-5a35-71f6-d42f-468c3b648206,1777397420,0.49,256.16,yes,"{""count_fp"":""256.16"",""created_time"":""2026-04-28T17:30:20.860822Z"",""no_price_dollars"":""0.5100"",""taker_side"":""yes"",""ticker"":""KXBTC15M-26APR281345-45"",""trade_id"":""892db48d-5a35-71f6-d42f-468c3b648206"",""yes_price_dollars"":""0.4900""}"
KXBTC15M-26APR281345-45,d51c7846-2eb1-7c6a-d2a2-165131d9a396,1777397420,0.49,1.57,yes,"{""count_fp"":""1.57"",""created_time"":""2026-04-28T17:30:20.850068Z"",""no_price_dollars"":""0.5100"",""taker_side"":""yes"",""ticker"":""KXBTC15M-26APR281345-45"",""trade_id"":""d51c7846-2eb1-7c6a-d2a2-165131d9a396"",""yes_price_dollars"":""0.4900""}"
KXBTC15M-26APR281345-45,3e2ddee8-dbc9-5f1e-0e8f-3fdfab3699b2,1777397420,0.49,1.97,yes,"{""count_fp"":""1.97"",""created_time"":""2026-04-28T17:30:20.765273Z"",""no_price_dollars"":""0.5100"",""taker_side"":""yes"",""ticker"":""KXBTC15M-26APR281345-45"",""trade_id"":""3e2ddee8-dbc9-5f1e-0e8f-3fdfab3699b2"",""yes_price_dollars"":""0.4900""}"
KXBTC15M-26APR281345-45,30bb108d-c053-6975-7406-80c48fe7c519,1777397420,0.48,20.0,no,"{""count_fp"":""20.00"",""created_time"":""2026-04-28T17:30:20.333751Z"",""no_price_dollars"":""0.5200"",""taker_side"":""no"",""ticker"":""KXBTC15M-26APR281345-45"",""trade_id"":""30bb108d-c053-6975-7406-80c48fe7c519"",""yes_price_dollars"":""0.4800""}"
KXBTC15M-26APR281345-45,b465a7b6-98bf-7047-473b-f9b3578282d0,1777397421,0.46,8.0,no,"{""count_fp"":""8.00"",""created_time"":""2026-04-28T17:30:21.956674Z"",""no_price_dollars"":""0.5400"",""taker_side"":""no"",""ticker"":""KXBTC15M-26APR281345-45"",""trade_id"":""b465a7b6-98bf-7047-473b-f9b3578282d0"",""yes_price_dollars"":""0.4600""}"
KXBTC15M-26APR281345-45,924eb713-222b-7791-5403-1435e8a7ad3e,1777397421,0.47,1.0,no,"{""count_fp"":""1.00"",""created_time"":""2026-04-28T17:30:21.956674Z"",""no_price_dollars"":""0.5300"",""taker_side"":""no"",""ticker"":""KXBTC15M-26APR281345-45"",""trade_id"":""924eb713-222b-7791-5403-1435e8a7ad3e"",""yes_price_dollars"":""0.4700""}"
KXBTC15M-26APR281345-45,6dd81e33-1c61-4b22-b6f0-3cefb10bbce6,1777397421,0.48,48.87,no,"{""count_fp"":""48.87"",""created_time"":""2026-04-28T17:30:21.616733Z"",""no_price_dollars"":""0.5200"",""taker_side"":""no"",""ticker"":""KXBTC15M-26APR281345-45"",""trade_id"":""6dd81e33-1c61-4b22-b6f0-3cefb10bbce6"",""yes_price_dollars"":""0.4800""}"
KXBTC15M-26APR281345-45,f243a3cb-3e67-5f69-f8a1-1456f1ad7dc9,1777397421,0.48,19.18,no,"{""count_fp"":""19.18"",""created_time"":""2026-04-28T17:30:21.608418Z"",""no_price_dollars"":""0.5200"",""taker_side"":""no"",""ticker"":""KXBTC15M-26APR281345-45"",""trade_id"":""f243a3cb-3e67-5f69-f8a1-1456f1ad7dc9"",""yes_price_dollars"":""0.4800""}"
KXBTC15M-26APR281345-45,941b865e-0901-5e0a-e489-0250fbaa4fc6,1777397421,0.48,8.3,no,"{""count_fp"":""8.30"",""created_time"":""2026-04-28T17:30:21.608418Z"",""no_price_dollars"":""0.5200"",""taker_side"":""no"",""ticker"":""KXBTC15M-26APR281345-45"",""trade_id"":""941b865e-0901-5e0a-e489-0250fbaa4fc6"",""yes_price_dollars"":""0.4800""}"
KXBTC15M-26APR281345-45,69e3813a-c4e8-5a97-d08b-a88b9a08c6c9,1777397421,0.48,1.0,no,"{""count_fp"":""1.00"",""created_time"":""2026-04-28T17:30:21.608418Z"",""no_price_dollars"":""0.5200"",""taker_side"":""no"",""ticker"":""KXBTC15M-26APR281345-45"",""trade_id"":""69e3813a-c4e8-5a97-d08b-a88b9a08c6c9"",""yes_price_dollars"":""0.4800""}"
KXBTC15M-26APR281345-45,d91c9629-b7d3-5221-131d-6b712d4e242d,1777397421,0.48,27.9,no,"{""count_fp"":""27.90"",""created_time"":""2026-04-28T17:30:21.369104Z"",""no_price_dollars"":""0.5200"",""taker_side"":""no"",""ticker"":""KXBTC15M-26APR281345-45"",""trade_id"":""d91c9629-b7d3-5221-131d-6b712d4e242d"",""yes_price_dollars"":""0.4800""}"
KXBTC15M-26APR281345-45,13edb341-95fb-7b71-73ce-ea4a9c9adf0d,1777397421,0.48,27.9,no,"{""count_fp"":""27.90"",""created_time"":""2026-04-28T17:30:21.344544Z"",""no_price_dollars"":""0.5200"",""taker_side"":""no"",""ticker"":""KXBTC15M-26APR281345-45"",""trade_id"":""13edb341-95fb-7b71-73ce-ea4a9c9adf0d"",""yes_price_dollars"":""0.4800""}"
KXBTC15M-26APR281345-45,edf763cf-f98f-5045-318c-7cd52d176825,1777397421,0.48,42.79,no,"{""count_fp"":""42.79"",""created_time"":""2026-04-28T17:30:21.115467Z"",""no_price_dollars"":""0.5200"",""taker_side"":""no"",""ticker"":""KXBTC15M-26APR281345-45"",""trade_id"":""edf763cf-f98f-5045-318c-7cd52d176825"",""yes_price_dollars"":""0.4800""}"
KXBTC15M-26APR281345-45,0a9abc5b-a1d3-4479-9bc3-e5b245660476,1777397422,0.47,2.0,yes,"{""count_fp"":""2.00"",""created_time"":""2026-04-28T17:30:22.994495Z"",""no_price_dollars"":""0.5300"",""taker_side"":""yes"",""ticker"":""KXBTC15M-26APR281345-45"",""trade_id"":""0a9abc5b-a1d3-4479-9bc3-e5b245660476"",""yes_price_dollars"":""0.4700""}"
KXBTC15M-26APR281345-45,94658d19-cbef-5005-6caa-f39918dafdbe,1777397422,0.47,30.76,yes,"{""count_fp"":""30.76"",""created_time"":""2026-04-28T17:30:22.577455Z"",""no_price_dollars"":""0.5300"",""taker_side"":""yes"",""ticker"":""KXBTC15M-26APR281345-45"",""trade_id"":""94658d19-cbef-5005-6caa-f39918dafdbe"",""yes_price_dollars"":""0.4700""}"
KXBTC15M-26APR281345-45,6dc95312-32e5-4e22-91e0-bc2733fc763e,1777397423,0.48,9.85,yes,"{""count_fp"":""9.85"",""created_time"":""2026-04-28T17:30:23.818439Z"",""no_price_dollars"":""0.5200"",""taker_side"":""yes"",""ticker"":""KXBTC15M-26APR281345-45"",""trade_id"":""6dc95312-32e5-4e22-91e0-bc2733fc763e"",""yes_price_dollars"":""0.4800""}"
KXBTC15M-26APR281345-45,59e228c8-2c36-41f1-5225-647e02f34763,1777397423,0.47,17.62,no,"{""count_fp"":""17.62"",""created_time"":""2026-04-28T17:30:23.778909Z"",""no_price_dollars"":""0.5300"",""taker_side"":""no"",""ticker"":""KXBTC15M-26APR281345-45"",""trade_id"":""59e228c8-2c36-41f1-5225-647e02f34763"",""yes_price_dollars"":""0.4700""}"
KXBTC15M-26APR281345-45,e27a4909-4282-7d2a-8251-32a5cf6cf870,1777397423,0.48,40.0,yes,"{""count_fp"":""40.00"",""created_time"":""2026-04-28T17:30:23.238092Z"",""no_price_dollars"":""0.5200"",""taker_side"":""yes"",""ticker"":""KXBTC15M-26APR281345-45"",""trade_id"":""e27a4909-4282-7d2a-8251-32a5cf6cf870"",""yes_price_dollars"":""0.4800""}"
KXBTC15M-26APR281345-45,9d5da492-57ed-71b1-8175-8e3a1628d37d,1777397423,0.47,5.0,yes,"{""count_fp"":""5.00"",""created_time"":""2026-04-28T17:30:23.238092Z"",""no_price_dollars"":""0.5300"",""taker_side"":""yes"",""ticker"":""KXBTC15M-26APR281345-45"",""trade_id"":""9d5da492-57ed-71b1-8175-8e3a1628d37d"",""yes_price_dollars"":""0.4700""}"
KXBTC15M-26APR281345-45,5174c394-97cd-73ae-a938-301238bfe576,1777397423,0.48,53.52,yes,"{""count_fp"":""53.52"",""created_time"":""2026-04-28T17:30:23.238092Z"",""no_price_dollars"":""0.5200"",""taker_side"":""yes"",""ticker"":""KXBTC15M-26APR281345-45"",""trade_id"":""5174c394-97cd-73ae-a938-301238bfe576"",""yes_price_dollars"":""0.4800""}"
KXBTC15M-26APR281345-45,7ceb69c2-036e-6812-4fd3-4833709b8e9a,1777397423,0.47,1.0,yes,"{""count_fp"":""1.00"",""created_time"":""2026-04-28T17:30:23.214352Z"",""no_price_dollars"":""0.5300"",""taker_side"":""yes"",""ticker"":""KXBTC15M-26APR281345-45"",""trade_id"":""7ceb69c2-036e-6812-4fd3-4833709b8e9a"",""yes_price_dollars"":""0.4700""}"
KXBTC15M-26APR281345-45,a1b1f9cd-f4d5-70d2-8e22-39f124468e76,1777397424,0.48,49.26,yes,"{""count_fp"":""49.26"",""created_time"":""2026-04-28T17:30:24.590623Z"",""no_price_dollars"":""0.5200"",""taker_side"":""yes"",""ticker"":""KXBTC15M-26APR281345-45"",""trade_id"":""a1b1f9cd-f4d5-70d2-8e22-39f124468e76"",""yes_price_dollars"":""0.4800""}"
KXBTC15M-26APR281345-45,1d81c622-5f18-5222-0738-53f86816dece,1777397425,0.47,2.01,yes,"{""count_fp"":""2.01"",""created_time"":""2026-04-28T17:30:25.706117Z"",""no_price_dollars"":""0.5300"",""taker_side"":""yes"",""ticker"":""KXBTC15M-26APR281345-45"",""trade_id"":""1d81c622-5f18-5222-0738-53f86816dece"",""yes_price_dollars"":""0.4700""}"
KXBTC15M-26APR281345-45,1b2cde27-2dab-7c44-7b3f-33edcf0d2ff7,1777397426,0.46,3.57,no,"{""count_fp"":""3.57"",""created_time"":""2026-04-28T17:30:26.795233Z"",""no_price_dollars"":""0.5400"",""taker_side"":""no"",""ticker"":""KXBTC15M-26APR281345-45"",""trade_id"":""1b2cde27-2dab-7c44-7b3f-33edcf0d2ff7"",""yes_price_dollars"":""0.4600""}"
KXBTC15M-26APR281345-45,57c2d6b2-51c3-6d0c-4344-cfb2c32a69b3,1777397426,0.46,17.85,no,"{""count_fp"":""17.85"",""created_time"":""2026-04-28T17:30:26.454269Z"",""no_price_dollars"":""0.5400"",""taker_side"":""no"",""ticker"":""KXBTC15M-26APR281345-45"",""trade_id"":""57c2d6b2-51c3-6d0c-4344-cfb2c32a69b3"",""yes_price_dollars"":""0.4600""}"
KXBTC15M-26APR281345-45,d8f13c41-c190-6fe8-5c86-33ab65d99a38,1777397427,0.47,2.64,yes,"{""count_fp"":""2.64"",""created_time"":""2026-04-28T17:30:27.621818Z"",""no_price_dollars"":""0.5300"",""taker_side"":""yes"",""ticker"":""KXBTC15M-26APR281345-45"",""trade_id"":""d8f13c41-c190-6fe8-5c86-33ab65d99a38"",""yes_price_dollars"":""0.4700""}"
KXBTC15M-26APR281345-45,c3ffb47d-3880-6738-6171-ce561192c9cc,1777397427,0.47,3.0,yes,"{""count_fp"":""3.00"",""created_time"":""2026-04-28T17:30:27.621818Z"",""no_price_dollars"":""0.5300"",""taker_side"":""yes"",""ticker"":""KXBTC15M-26APR281345-45"",""trade_id"":""c3ffb47d-3880-6738-6171-ce561192c9cc"",""yes_price_dollars"":""0.4700""}"
KXBTC15M-26APR281345-45,b2340feb-9be3-693a-4ea9-4eeab28c3430,1777397427,0.47,23.43,yes,"{""count_fp"":""23.43"",""created_time"":""2026-04-28T17:30:27.621818Z"",""no_price_dollars"":""0.5300"",""taker_side"":""yes"",""ticker"":""KXBTC15M-26APR281345-45"",""trade_id"":""b2340feb-9be3-693a-4ea9-4eeab28c3430"",""yes_price_dollars"":""0.4700""}"
KXBTC15M-26APR281345-45,89e97369-d1c6-69ed-56ea-1a49871509dd,1777397427,0.47,3.0,yes,"{""count_fp"":""3.00"",""created_time"":""2026-04-28T17:30:27.621818Z"",""no_price_dollars"":""0.5300"",""taker_side"":""yes"",""ticker"":""KXBTC15M-26APR281345-45"",""trade_id"":""89e97369-d1c6-69ed-56ea-1a49871509dd"",""yes_price_dollars"":""0.4700""}"
KXBTC15M-26APR281345-45,e51e1974-ec9f-6a7f-414f-28eca19a1b5a,1777397427,0.46,34.69,no,"{""count_fp"":""34.69"",""created_time"":""2026-04-28T17:30:27.414449Z"",""no_price_dollars"":""0.5400"",""taker_side"":""no"",""ticker"":""KXBTC15M-26APR281345-45"",""trade_id"":""e51e1974-ec9f-6a7f-414f-28eca19a1b5a"",""yes_price_dollars"":""0.4600""}"
KXBTC15M-26APR281345-45,169748c1-474b-6d5d-49e2-cdd3b302af45,1777397427,0.46,1.0,no,"{""count_fp"":""1.00"",""created_time"":""2026-04-28T17:30:27.414449Z"",""no_price_dollars"":""0.5400"",""taker_side"":""no"",""ticker"":""KXBTC15M-26APR281345-45"",""trade_id"":""169748c1-474b-6d5d-49e2-cdd3b302af45"",""yes_price_dollars"":""0.4600""}"
KXBTC15M-26APR281345-45,8b6b7bc7-1cb8-68e0-22d2-105cf4a7a038,1777397427,0.47,8.0,yes,"{""count_fp"":""8.00"",""created_time"":""2026-04-28T17:30:27.359256Z"",""no_price_dollars"":""0.5300"",""taker_side"":""yes"",""ticker"":""KXBTC15M-26APR281345-45"",""trade_id"":""8b6b7bc7-1cb8-68e0-22d2-105cf4a7a038"",""yes_price_dollars"":""0.4700""}"
KXBTC15M-26APR281345-45,fc5bec3a-59c2-7869-f950-c882e6ae5be1,1777397427,0.46,7.0,no,"{""count_fp"":""7.00"",""created_time"":""2026-04-28T17:30:27.096318Z"",""no_price_dollars"":""0.5400"",""taker_side"":""no"",""ticker"":""KXBTC15M-26APR281345-45"",""trade_id"":""fc5bec3a-59c2-7869-f950-c882e6ae5be1"",""yes_price_dollars"":""0.4600""}"
KXBTC15M-26APR281345-45,a56a84a5-ac36-7da8-ddf7-dfcb816eb5bf,1777397427,0.46,34.14,no,"{""count_fp"":""34.14"",""created_time"":""2026-04-28T17:30:27.096318Z"",""no_price_dollars"":""0.5400"",""taker_side"":""no"",""ticker"":""KXBTC15M-26APR281345-45"",""trade_id"":""a56a84a5-ac36-7da8-ddf7-dfcb816eb5bf"",""yes_price_dollars"":""0.4600""}"
KXBTC15M-26APR281345-45,a46c4f76-4e4f-772c-c456-97bf7ef6f8fb,1777397427,0.46,16.78,no,"{""count_fp"":""16.78"",""created_time"":""2026-04-28T17:30:27.096318Z"",""no_price_dollars"":""0.5400"",""taker_side"":""no"",""ticker"":""KXBTC15M-26APR281345-45"",""trade_id"":""a46c4f76-4e4f-772c-c456-97bf7ef6f8fb"",""yes_price_dollars"":""0.4600""}"
KXBTC15M-26APR281345-45,7b1649de-9c02-7c6f-f813-e90315d6e696,1777397427,0.46,3.06,no,"{""count_fp"":""3.06"",""created_time"":""2026-04-28T17:30:27.096318Z"",""no_price_dollars"":""0.5400"",""taker_side"":""no"",""ticker"":""KXBTC15M-26APR281345-45"",""trade_id"":""7b1649de-9c02-7c6f-f813-e90315d6e696"",""yes_price_dollars"":""0.4600""}"
KXBTC15M-26APR281345-45,2a1ec578-8957-5ac0-5e29-c029d55ab553,1777397427,0.46,0.89,no,"{""count_fp"":""0.89"",""created_time"":""2026-04-28T17:30:27.065857Z"",""no_price_dollars"":""0.5400"",""taker_side"":""no"",""ticker"":""KXBTC15M-26APR281345-45"",""trade_id"":""2a1ec578-8957-5ac0-5e29-c029d55ab553"",""yes_price_dollars"":""0.4600""}"
KXBTC15M-26APR281345-45,e334af3b-6c21-589c-ea4e-0e9d2097ff6c,1777397428,0.47,24.16,no,"{""count_fp"":""24.16"",""created_time"":""2026-04-28T17:30:28.966544Z"",""no_price_dollars"":""0.5300"",""taker_side"":""no"",""ticker"":""KXBTC15M-26APR281345-45"",""trade_id"":""e334af3b-6c21-589c-ea4e-0e9d2097ff6c"",""yes_price_dollars"":""0.4700""}"
KXBTC15M-26APR281345-45,643ae93d-5325-6dc8-98a2-08c870ad3c2c,1777397428,0.47,129.77,no,"{""count_fp"":""129.77"",""created_time"":""2026-04-28T17:30:28.910411Z"",""no_price_dollars"":""0.5300"",""taker_side"":""no"",""ticker"":""KXBTC15M-26APR281345-45"",""trade_id"":""643ae93d-5325-6dc8-98a2-08c870ad3c2c"",""yes_price_dollars"":""0.4700""}"
KXBTC15M-26APR281345-45,fb014285-6fe1-7ac4-8a59-3af485f59294,1777397428,0.47,1.79,no,"{""count_fp"":""1.79"",""created_time"":""2026-04-28T17:30:28.831473Z"",""no_price_dollars"":""0.5300"",""taker_side"":""no"",""ticker"":""KXBTC15M-26APR281345-45"",""trade_id"":""fb014285-6fe1-7ac4-8a59-3af485f59294"",""yes_price_dollars"":""0.4700""}"
KXBTC15M-26APR281345-45,f25f1f74-6495-5f7c-7817-3e365167b20c,1777397428,0.47,8.97,no,"{""count_fp"":""8.97"",""created_time"":""2026-04-28T17:30:28.695288Z"",""no_price_dollars"":""0.5300"",""taker_side"":""no"",""ticker"":""KXBTC15M-26APR281345-45"",""trade_id"":""f25f1f74-6495-5f7c-7817-3e365167b20c"",""yes_price_dollars"":""0.4700""}"
KXBTC15M-26APR281345-45,e6d0bda7-6b35-7c34-2871-ff23a5404a20,1777397428,0.47,1.79,no,"{""count_fp"":""1.79"",""created_time"":""2026-04-28T17:30:28.225116Z"",""no_price_dollars"":""0.5300"",""taker_side"":""no"",""ticker"":""KXBTC15M-26APR281345-45"",""trade_id"":""e6d0bda7-6b35-7c34-2871-ff23a5404a20"",""yes_price_dollars"":""0.4700""}"
KXBTC15M-26APR281345-45,b80534b6-2034-4e2c-2bc6-ca8bb7aa4285,1777397429,0.51,0.21,no,"{""count_fp"":""0.21"",""created_time"":""2026-04-28T17:30:29.686943Z"",""no_price_dollars"":""0.4900"",""taker_side"":""no"",""ticker"":""KXBTC15M-26APR281345-45"",""trade_id"":""b80534b6-2034-4e2c-2bc6-ca8bb7aa4285"",""yes_price_dollars"":""0.5100""}"
KXBTC15M-26APR281345-45,0a198111-dde7-4eda-3c6d-2fb9870ec5de,1777397429,0.51,14.79,no,"{""count_fp"":""14.79"",""created_time"":""2026-04-28T17:30:29.686943Z"",""no_price_dollars"":""0.4900"",""taker_side"":""no"",""ticker"":""KXBTC15M-26APR281345-45"",""trade_id"":""0a198111-dde7-4eda-3c6d-2fb9870ec5de"",""yes_price_dollars"":""0.5100""}"
KXBTC15M-26APR281345-45,d68851b1-ded5-5e0c-53ab-450ba378cc63,1777397429,0.51,1.0,no,"{""count_fp"":""1.00"",""created_time"":""2026-04-28T17:30:29.344582Z"",""no_price_dollars"":""0.4900"",""taker_side"":""no"",""ticker"":""KXBTC15M-26APR281345-45"",""trade_id"":""d68851b1-ded5-5e0c-53ab-450ba378cc63"",""yes_price_dollars"":""0.5100""}"
KXBTC15M-26APR281345-45,1ea1005d-b000-401e-9d0b-00cf2a670d49,1777397429,0.5,1.0,no,"{""count_fp"":""1.00"",""created_time"":""2026-04-28T17:30:29.254604Z"",""no_price_dollars"":""0.5000"",""taker_side"":""no"",""ticker"":""KXBTC15M-26APR281345-45"",""trade_id"":""1ea1005d-b000-401e-9d0b-00cf2a670d49"",""yes_price_dollars"":""0.5000""}"
KXBTC15M-26APR281345-45,b5b63f05-0137-7217-7ee0-455b3c23983b,1777397429,0.51,1.88,yes,"{""count_fp"":""1.88"",""created_time"":""2026-04-28T17:30:29.222305Z"",""no_price_dollars"":""0.4900"",""taker_side"":""yes"",""ticker"":""KXBTC15M-26APR281345-45"",""trade_id"":""b5b63f05-0137-7217-7ee0-455b3c23983b"",""yes_price_dollars"":""0.5100""}"
KXBTC15M-26APR281345-45,67e17f82-ae87-7ade-785c-5fb05466160d,1777397429,0.51,20.0,yes,"{""count_fp"":""20.00"",""created_time"":""2026-04-28T17:30:29.222305Z"",""no_price_dollars"":""0.4900"",""taker_side"":""yes"",""ticker"":""KXBTC15M-26APR281345-45"",""trade_id"":""67e17f82-ae87-7ade-785c-5fb05466160d"",""yes_price_dollars"":""0.5100""}"
KXBTC15M-26APR281345-45,d1a65fd1-c8da-4df5-e794-2ac046e59d89,1777397429,0.49,40.0,no,"{""count_fp"":""40.00"",""created_time"":""2026-04-28T17:30:29.120226Z"",""no_price_dollars"":""0.5100"",""taker_side"":""no"",""ticker"":""KXBTC15M-26APR281345-45"",""trade_id"":""d1a65fd1-c8da-4df5-e794-2ac046e59d89"",""yes_price_dollars"":""0.4900""}"
KXBTC15M-26APR281345-45,64af6f34-9da6-4cde-da7f-f61c4d3b74bf,1777397429,0.49,51.49,no,"{""count_fp"":""51.49"",""created_time"":""2026-04-28T17:30:29.120226Z"",""no_price_dollars"":""0.5100"",""taker_side"":""no"",""ticker"":""KXBTC15M-26APR281345-45"",""trade_id"":""64af6f34-9da6-4cde-da7f-f61c4d3b74bf"",""yes_price_dollars"":""0.4900""}"
KXBTC15M-26APR281345-45,de486bc2-900e-7415-c7ef-e2e9d78ef050,1777397429,0.5,3.0,yes,"{""count_fp"":""3.00"",""created_time"":""2026-04-28T17:30:29.112068Z"",""no_price_dollars"":""0.5000"",""taker_side"":""yes"",""ticker"":""KXBTC15M-26APR281345-45"",""trade_id"":""de486bc2-900e-7415-c7ef-e2e9d78ef050"",""yes_price_dollars"":""0.5000""}"
KXBTC15M-26APR281345-45,5a89c626-dd2e-7182-ff8a-f7e2061363fe,1777397429,0.5,7.22,yes,"{""count_fp"":""7.22"",""created_time"":""2026-04-28T17:30:29.112068Z"",""no_price_dollars"":""0.5000"",""taker_side"":""yes"",""ticker"":""KXBTC15M-26APR281345-45"",""trade_id"":""5a89c626-dd2e-7182-ff8a-f7e2061363fe"",""yes_price_dollars"":""0.5000""}"
KXBTC15M-26APR281345-45,a4cda799-0dc8-6e3c-c608-f0b79cba1134,1777397429,0.5,44.49,yes,"{""count_fp"":""44.49"",""created_time"":""2026-04-28T17:30:29.086061Z"",""no_price_dollars"":""0.5000"",""taker_side"":""yes"",""ticker"":""KXBTC15M-26APR281345-45"",""trade_id"":""a4cda799-0dc8-6e3c-c608-f0b79cba1134"",""yes_price_dollars"":""0.5000""}"
KXBTC15M-26APR281345-45,dc5d6e5d-7cc0-7a9c-c075-5317b3139ecc,1777397429,0.5,47.66,yes,"{""count_fp"":""47.66"",""created_time"":""2026-04-28T17:30:29.084275Z"",""no_price_dollars"":""0.5000"",""taker_side"":""yes"",""ticker"":""KXBTC15M-26APR281345-45"",""trade_id"":""dc5d6e5d-7cc0-7a9c-c075-5317b3139ecc"",""yes_price_dollars"":""0.5000""}"
KXBTC15M-26APR281345-45,535c05ee-b4be-714f-4456-c9555ffa3ee2,1777397429,0.49,1.0,yes,"{""count_fp"":""1.00"",""created_time"":""2026-04-28T17:30:29.069719Z"",""no_price_dollars"":""0.5100"",""taker_side"":""yes"",""ticker"":""KXBTC15M-26APR281345-45"",""trade_id"":""535c05ee-b4be-714f-4456-c9555ffa3ee2"",""yes_price_dollars"":""0.4900""}"
KXBTC15M-26APR281345-45,7cbd1a2f-44d0-6baf-8006-2abceb7a3967,1777397429,0.49,23.84,yes,"{""count_fp"":""23.84"",""created_time"":""2026-04-28T17:30:29.058849Z"",""no_price_dollars"":""0.5100"",""taker_side"":""yes"",""ticker"":""KXBTC15M-26APR281345-45"",""trade_id"":""7cbd1a2f-44d0-6baf-8006-2abceb7a3967"",""yes_price_dollars"":""0.4900""}"
KXBTC15M-26APR281345-45,3704561c-e045-6281-ad84-45dce9234421,1777397429,0.49,21.45,yes,"{""count_fp"":""21.45"",""created_time"":""2026-04-28T17:30:29.058849Z"",""no_price_dollars"":""0.5100"",""taker_side"":""yes"",""ticker"":""KXBTC15M-26APR281345-45"",""trade_id"":""3704561c-e045-6281-ad84-45dce9234421"",""yes_price_dollars"":""0.4900""}"
KXBTC15M-26APR281345-45,ec04ad32-5586-6975-3f40-3613f7768a68,1777397429,0.48,10.0,yes,"{""count_fp"":""10.00"",""created_time"":""2026-04-28T17:30:29.034549Z"",""no_price_dollars"":""0.5200"",""taker_side"":""yes"",""ticker"":""KXBTC15M-26APR281345-45"",""trade_id"":""ec04ad32-5586-6975-3f40-3613f7768a68"",""yes_price_dollars"":""0.4800""}"
KXBTC15M-26APR281345-45,7a625f76-add6-6ac3-275b-f9b668c1a9b7,1777397429,0.48,0.42,yes,"{""count_fp"":""0.42"",""created_time"":""2026-04-28T17:30:29.034549Z"",""no_price_dollars"":""0.5200"",""taker_side"":""yes"",""ticker"":""KXBTC15M-26APR281345-45"",""trade_id"":""7a625f76-add6-6ac3-275b-f9b668c1a9b7"",""yes_price_dollars"":""0.4800""}"
KXBTC15M-26APR281345-45,1ab02283-f545-6f1e-503c-7068ce02fc6f,1777397430,0.51,1.0,yes,"{""count_fp"":""1.00"",""created_time"":""2026-04-28T17:30:30.564603Z"",""no_price_dollars"":""0.4900"",""taker_side"":""yes"",""ticker"":""KXBTC15M-26APR281345-45"",""trade_id"":""1ab02283-f545-6f1e-503c-7068ce02fc6f"",""yes_price_dollars"":""0.5100""}"
KXBTC15M-26APR281345-45,c2255238-7e3e-400a-a44b-a331111c62b7,1777397430,0.5,90.54,no,"{""count_fp"":""90.54"",""created_time"":""2026-04-28T17:30:30.367808Z"",""no_price_dollars"":""0.5000"",""taker_side"":""no"",""ticker"":""KXBTC15M-26APR281345-45"",""trade_id"":""c2255238-7e3e-400a-a44b-a331111c62b7"",""yes_price_dollars"":""0.5000""}"
KXBTC15M-26APR281345-45,1a8cb281-2954-4a6a-b71a-041f2a8f860d,1777397430,0.5,6.0,no,"{""count_fp"":""6.00"",""created_time"":""2026-04-28T17:30:30.367808Z"",""no_price_dollars"":""0.5000"",""taker_side"":""no"",""ticker"":""KXBTC15M-26APR281345-45"",""trade_id"":""1a8cb281-2954-4a6a-b71a-041f2a8f860d"",""yes_price_dollars"":""0.5000""}"
KXBTC15M-26APR281345-45,846ca0e3-cbca-6133-f14e-48a4a37d7f06,1777397431,0.5,3.86,no,"{""count_fp"":""3.86"",""created_time"":""2026-04-28T17:30:31.954855Z"",""no_price_dollars"":""0.5000"",""taker_side"":""no"",""ticker"":""KXBTC15M-26APR281345-45"",""trade_id"":""846ca0e3-cbca-6133-f14e-48a4a37d7f06"",""yes_price_dollars"":""0.5000""}"
KXBTC15M-26APR281345-45,399e405c-1f2a-7046-c67d-16c5e8327053,1777397431,0.5,5.78,no,"{""count_fp"":""5.78"",""created_time"":""2026-04-28T17:30:31.288541Z"",""no_price_dollars"":""0.5000"",""taker_side"":""no"",""ticker"":""KXBTC15M-26APR281345-45"",""trade_id"":""399e405c-1f2a-7046-c67d-16c5e8327053"",""yes_price_dollars"":""0.5000""}"
KXBTC15M-26APR281345-45,a8d4dffb-f18e-5cc2-061f-c76aa4796873,1777397431,0.5,100.48,no,"{""count_fp"":""100.48"",""created_time"":""2026-04-28T17:30:31.285053Z"",""no_price_dollars"":""0.5000"",""taker_side"":""no"",""ticker"":""KXBTC15M-26APR281345-45"",""trade_id"":""a8d4dffb-f18e-5cc2-061f-c76aa4796873"",""yes_price_dollars"":""0.5000""}"
KXBTC15M-26APR281345-45,43553de3-b249-797e-a40f-ae3378acf69b,1777397431,0.51,1.86,yes,"{""count_fp"":""1.86"",""created_time"":""2026-04-28T17:30:31.081688Z"",""no_price_dollars"":""0.4900"",""taker_side"":""yes"",""ticker"":""KXBTC15M-26APR281345-45"",""trade_id"":""43553de3-b249-797e-a40f-ae3378acf69b"",""yes_price_dollars"":""0.5100""}"
KXBTC15M-26APR281345-45,f207a6ea-512e-6bc4-e147-b45ea2013a56,1777397432,0.52,3.0,yes,"{""count_fp"":""3.00"",""created_time"":""2026-04-28T17:30:32.973168Z"",""no_price_dollars"":""0.4800"",""taker_side"":""yes"",""ticker"":""KXBTC15M-26APR281345-45"",""trade_id"":""f207a6ea-512e-6bc4-e147-b45ea2013a56"",""yes_price_dollars"":""0.5200""}"
KXBTC15M-26APR281345-45,edee2cc3-4d2b-68ca-d1ed-3965ac2d19b2,1777397432,0.53,40.0,yes,"{""count_fp"":""40.00"",""created_time"":""2026-04-28T17:30:32.973168Z"",""no_price_dollars"":""0.4700"",""taker_side"":""yes"",""ticker"":""KXBTC15M-26APR281345-45"",""trade_id"":""edee2cc3-4d2b-68ca-d1ed-3965ac2d19b2"",""yes_price_dollars"":""0.5300""}"
KXBTC15M-26APR281345-45,d67dd094-1b10-6db1-ea96-882422870d73,1777397432,0.53,151.2,yes,"{""count_fp"":""151.20"",""created_time"":""2026-04-28T17:30:32.973168Z"",""no_price_dollars"":""0.4700"",""taker_side"":""yes"",""ticker"":""KXBTC15M-26APR281345-45"",""trade_id"":""d67dd094-1b10-6db1-ea96-882422870d73"",""yes_price_dollars"":""0.5300""}"
KXBTC15M-26APR281345-45,6f0da2d0-46f1-60b6-dee8-8a26d114af23,1777397432,0.51,17.17,yes,"{""count_fp"":""17.17"",""created_time"":""2026-04-28T17:30:32.973168Z"",""no_price_dollars"":""0.4900"",""taker_side"":""yes"",""ticker"":""KXBTC15M-26APR281345-45"",""trade_id"":""6f0da2d0-46f1-60b6-dee8-8a26d114af23"",""yes_price_dollars"":""0.5100""}"
KXBTC15M-26APR281345-45,38a514d2-a45b-68b5-e0d9-56ea661484b1,1777397432,0.53,56.0,yes,"{""count_fp"":""56.00"",""created_time"":""2026-04-28T17:30:32.973168Z"",""no_price_dollars"":""0.4700"",""taker_side"":""yes"",""ticker"":""KXBTC15M-26APR281345-45"",""trade_id"":""38a514d2-a45b-68b5-e0d9-56ea661484b1"",""yes_price_dollars"":""0.5300""}"
KXBTC15M-26APR281345-45,1aee7536-2f4c-6912-f0dc-a698f74e6195,1777397432,0.51,10.0,yes,"{""count_fp"":""10.00"",""created_time"":""2026-04-28T17:30:32.973168Z"",""no_price_dollars"":""0.4900"",""taker_side"":""yes"",""ticker"":""KXBTC15M-26APR281345-45"",""trade_id"":""1aee7536-2f4c-6912-f0dc-a698f74e6195"",""yes_price_dollars"":""0.5100""}"
KXBTC15M-26APR281345-45,16f920bf-4b33-6ee5-daff-6e2d524bb3e0,1777397432,0.52,40.0,yes,"{""count_fp"":""40.00"",""created_time"":""2026-04-28T17:30:32.973168Z"",""no_price_dollars"":""0.4800"",""taker_side"":""yes"",""ticker"":""KXBTC15M-26APR281345-45"",""trade_id"":""16f920bf-4b33-6ee5-daff-6e2d524bb3e0"",""yes_price_dollars"":""0.5200""}"
KXBTC15M-26APR281345-45,637c1dff-84eb-7ba2-a5ab-87a847663226,1777397432,0.5,4.65,no,"{""count_fp"":""4.65"",""created_time"":""2026-04-28T17:30:32.780678Z"",""no_price_dollars"":""0.5000"",""taker_side"":""no"",""ticker"":""KXBTC15M-26APR281345-45"",""trade_id"":""637c1dff-84eb-7ba2-a5ab-87a847663226"",""yes_price_dollars"":""0.5000""}"
KXBTC15M-26APR281345-45,eb3601df-3abb-6221-a626-7026db6fa16c,1777397432,0.5,3.0,no,"{""count_fp"":""3.00"",""created_time"":""2026-04-28T17:30:32.765606Z"",""no_price_dollars"":""0.5000"",""taker_side"":""no"",""ticker"":""KXBTC15M-26APR281345-45"",""trade_id"":""eb3601df-3abb-6221-a626-7026db6fa16c"",""yes_price_dollars"":""0.5000""}"
KXBTC15M-26APR281345-45,e4411705-5267-65ae-8b82-88d374c0e41e,1777397432,0.5,16.32,no,"{""count_fp"":""16.32"",""created_time"":""2026-04-28T17:30:32.765606Z"",""no_price_dollars"":""0.5000"",""taker_side"":""no"",""ticker"":""KXBTC15M-26APR281345-45"",""trade_id"":""e4411705-5267-65ae-8b82-88d374c0e41e"",""yes_price_dollars"":""0.5000""}"
KXBTC15M-26APR281345-45,f6f2dd6a-6b86-7fd7-7fa3-e3a89639655a,1777397432,0.5,48.3,no,"{""count_fp"":""48.30"",""created_time"":""2026-04-28T17:30:32.542485Z"",""no_price_dollars"":""0.5000"",""taker_side"":""no"",""ticker"":""KXBTC15M-26APR281345-45"",""trade_id"":""f6f2dd6a-6b86-7fd7-7fa3-e3a89639655a"",""yes_price_dollars"":""0.5000""}"
KXBTC15M-26APR281345-45,6c4010b9-fa32-736f-8644-953e025130fa,1777397432,0.5,86.95,no,"{""count_fp"":""86.95"",""created_time"":""2026-04-28T17:30:32.505304Z"",""no_price_dollars"":""0.5000"",""taker_side"":""no"",""ticker"":""KXBTC15M-26APR281345-45"",""trade_id"":""6c4010b9-fa32-736f-8644-953e025130fa"",""yes_price_dollars"":""0.5000""}"
KXBTC15M-26APR281345-45,928696ec-1425-56f6-63c6-3ae2a8e1af47,1777397432,0.51,0.37,yes,"{""count_fp"":""0.37"",""created_time"":""2026-04-28T17:30:32.225016Z"",""no_price_dollars"":""0.4900"",""taker_side"":""yes"",""ticker"":""KXBTC15M-26APR281345-45"",""trade_id"":""928696ec-1425-56f6-63c6-3ae2a8e1af47"",""yes_price_dollars"":""0.5100""}"
KXBTC15M-26APR281345-45,224cb8e5-c0d2-55ab-0ef6-f44cfc02ae16,1777397432,0.5,0.19,no,"{""count_fp"":""0.19"",""created_time"":""2026-04-28T17:30:32.219467Z"",""no_price_dollars"":""0.5000"",""taker_side"":""no"",""ticker"":""KXBTC15M-26APR281345-45"",""trade_id"":""224cb8e5-c0d2-55ab-0ef6-f44cfc02ae16"",""yes_price_dollars"":""0.5000""}"
KXBTC15M-26APR281345-45,6a65064b-9baa-5703-ec50-87f8a94da362,1777397432,0.5,9.13,no,"{""count_fp"":""9.13"",""created_time"":""2026-04-28T17:30:32.125718Z"",""no_price_dollars"":""0.5000"",""taker_side"":""no"",""ticker"":""KXBTC15M-26APR281345-45"",""trade_id"":""6a65064b-9baa-5703-ec50-87f8a94da362"",""yes_price_dollars"":""0.5000""}"
KXBTC15M-26APR281345-45,ea7e3b4d-35c2-5007-945e-8adfa60cce86,1777397432,0.5,8.0,no,"{""count_fp"":""8.00"",""created_time"":""2026-04-28T17:30:32.123369Z"",""no_price_dollars"":""0.5000"",""taker_side"":""no"",""ticker"":""KXBTC15M-26APR281345-45"",""trade_id"":""ea7e3b4d-35c2-5007-945e-8adfa60cce86"",""yes_price_dollars"":""0.5000""}"
KXBTC15M-26APR281345-45,3e8aeaaa-79ea-57b1-e64a-40400a96d8bf,1777397433,0.52,1.0,yes,"{""count_fp"":""1.00"",""created_time"":""2026-04-28T17:30:33.894958Z"",""no_price_dollars"":""0.4800"",""taker_side"":""yes"",""ticker"":""KXBTC15M-26APR281345-45"",""trade_id"":""3e8aeaaa-79ea-57b1-e64a-40400a96d8bf"",""yes_price_dollars"":""0.5200""}"
KXBTC15M-26APR281345-45,293a3602-323e-6f3d-0421-531c50ea11ff,1777397433,0.52,9.0,yes,"{""count_fp"":""9.00"",""created_time"":""2026-04-28T17:30:33.841387Z"",""no_price_dollars"":""0.4800"",""taker_side"":""yes"",""ticker"":""KXBTC15M-26APR281345-45"",""trade_id"":""293a3602-323e-6f3d-0421-531c50ea11ff"",""yes_price_dollars"":""0.5200""}"
KXBTC15M-26APR281345-45,1b4d5f87-4d90-475f-01b1-43bd5f507746,1777397433,0.51,69.56,no,"{""count_fp"":""69.56"",""created_time"":""2026-04-28T17:30:33.796719Z"",""no_price_dollars"":""0.4900"",""taker_side"":""no"",""ticker"":""KXBTC15M-26APR281345-45"",""trade_id"":""1b4d5f87-4d90-475f-01b1-43bd5f507746"",""yes_price_dollars"":""0.5100""}"
KXBTC15M-26APR281345-45,8e4510a7-e737-65e9-064f-584c5073561f,1777397433,0.52,9.09,yes,"{""count_fp"":""9.09"",""created_time"":""2026-04-28T17:30:33.547021Z"",""no_price_dollars"":""0.4800"",""taker_side"":""yes"",""ticker"":""KXBTC15M-26APR281345-45"",""trade_id"":""8e4510a7-e737-65e9-064f-584c5073561f"",""yes_price_dollars"":""0.5200""}"
KXBTC15M-26APR281345-45,ea0eb1de-ee3f-4711-63e4-03d94e3f6d93,1777397433,0.52,4.0,yes,"{""count_fp"":""4.00"",""created_time"":""2026-04-28T17:30:33.530288Z"",""no_price_dollars"":""0.4800"",""taker_side"":""yes"",""ticker"":""KXBTC15M-26APR281345-45"",""trade_id"":""ea0eb1de-ee3f-4711-63e4-03d94e3f6d93"",""yes_price_dollars"":""0.5200""}"
KXBTC15M-26APR281345-45,31ecbf22-9b8c-5a47-4259-eaf499918042,1777397433,0.51,19.32,no,"{""count_fp"":""19.32"",""created_time"":""2026-04-28T17:30:33.238937Z"",""no_price_dollars"":""0.4900"",""taker_side"":""no"",""ticker"":""KXBTC15M-26APR281345-45"",""trade_id"":""31ecbf22-9b8c-5a47-4259-eaf499918042"",""yes_price_dollars"":""0.5100""}"
KXBTC15M-26APR281345-45,d2f1f2f4-2ee5-5045-0a33-702ba0104d87,1777397434,0.56,30.0,yes,"{""count_fp"":""30.00"",""created_time"":""2026-04-28T17:30:34.894313Z"",""no_price_dollars"":""0.4400"",""taker_side"":""yes"",""ticker"":""KXBTC15M-26APR281345-45"",""trade_id"":""d2f1f2f4-2ee5-5045-0a33-702ba0104d87"",""yes_price_dollars"":""0.5600""}"
KXBTC15M-26APR281345-45,7c5aaabf-ce8d-665b-5da5-1d8e172646c3,1777397434,0.56,35.94,yes,"{""count_fp"":""35.94"",""created_time"":""2026-04-28T17:30:34.841265Z"",""no_price_dollars"":""0.4400"",""taker_side"":""yes"",""ticker"":""KXBTC15M-26APR281345-45"",""trade_id"":""7c5aaabf-ce8d-665b-5da5-1d8e172646c3"",""yes_price_dollars"":""0.5600""}"
KXBTC15M-26APR281345-45,82f03c37-4ab2-684d-408b-6b85870c7687,1777397434,0.55,8.97,no,"{""count_fp"":""8.97"",""created_time"":""2026-04-28T17:30:34.820798Z"",""no_price_dollars"":""0.4500"",""taker_side"":""no"",""ticker"":""KXBTC15M-26APR281345-45"",""trade_id"":""82f03c37-4ab2-684d-408b-6b85870c7687"",""yes_price_dollars"":""0.5500""}"
KXBTC15M-26APR281345-45,e96d1498-8d51-667d-2465-daeed61d908c,1777397434,0.55,14.0,yes,"{""count_fp"":""14.00"",""created_time"":""2026-04-28T17:30:34.703042Z"",""no_price_dollars"":""0.4500"",""taker_side"":""yes"",""ticker"":""KXBTC15M-26APR281345-45"",""trade_id"":""e96d1498-8d51-667d-2465-daeed61d908c"",""yes_price_dollars"":""0.5500""}"
KXBTC15M-26APR281345-45,ce4460e1-e8a2-6cda-0a9f-91e7b33ee9c9,1777397434,0.55,400.0,yes,"{""count_fp"":""400.00"",""created_time"":""2026-04-28T17:30:34.703042Z"",""no_price_dollars"":""0.4500"",""taker_side"":""yes"",""ticker"":""KXBTC15M-26APR281345-45"",""trade_id"":""ce4460e1-e8a2-6cda-0a9f-91e7b33ee9c9"",""yes_price_dollars"":""0.5500""}"
KXBTC15M-26APR281345-45,c9c4c23b-4e1f-6223-0afe-32cf036fc7b6,1777397434,0.54,1.0,yes,"{""count_fp"":""1.00"",""created_time"":""2026-04-28T17:30:34.703042Z"",""no_price_dollars"":""0.4600"",""taker_side"":""yes"",""ticker"":""KXBTC15M-26APR281345-45"",""trade_id"":""c9c4c23b-4e1f-6223-0afe-32cf036fc7b6"",""yes_price_dollars"":""0.5400""}"
KXBTC15M-26APR281345-45,c6bc839b-8fff-6a2f-3fee-0422fc687443,1777397434,0.54,100.0,yes,"{""count_fp"":""100.00"",""created_time"":""2026-04-28T17:30:34.703042Z"",""no_price_dollars"":""0.4600"",""taker_side"":""yes"",""ticker"":""KXBTC15M-26APR281345-45"",""trade_id"":""c6bc839b-8fff-6a2f-3fee-0422fc687443"",""yes_price_dollars"":""0.5400""}"
KXBTC15M-26APR281345-45,bda104fa-4663-687d-2515-b1f105dadc3b,1777397434,0.55,9.17,yes,"{""count_fp"":""9.17"",""created_time"":""2026-04-28T17:30:34.703042Z"",""no_price_dollars"":""0.4500"",""taker_side"":""yes"",""ticker"":""KXBTC15M-26APR281345-45"",""trade_id"":""bda104fa-4663-687d-2515-b1f105dadc3b"",""yes_price_dollars"":""0.5500""}"
KXBTC15M-26APR281345-45,96802848-1508-6759-0e7d-a59c957172c3,1777397434,0.54,800.8,yes,"{""count_fp"":""800.80"",""created_time"":""2026-04-28T17:30:34.703042Z"",""no_price_dollars"":""0.4600"",""taker_side"":""yes"",""ticker"":""KXBTC15M-26APR281345-45"",""trade_id"":""96802848-1508-6759-0e7d-a59c957172c3"",""yes_price_dollars"":""0.5400""}"
KXBTC15M-26APR281345-45,7e8d427f-b2f8-6bd9-1a1e-0cab8729d8d1,1777397434,0.55,1.0,yes,"{""count_fp"":""1.00"",""created_time"":""2026-04-28T17:30:34.703042Z"",""no_price_dollars"":""0.4500"",""taker_side"":""yes"",""ticker"":""KXBTC15M-26APR281345-45"",""trade_id"":""7e8d427f-b2f8-6bd9-1a1e-0cab8729d8d1"",""yes_price_dollars"":""0.5500""}"
KXBTC15M-26APR281345-45,736e9c6f-a737-6855-0279-2c19a24d889a,1777397434,0.54,120.0,yes,"{""count_fp"":""120.00"",""created_time"":""2026-04-28T17:30:34.703042Z"",""no_price_dollars"":""0.4600"",""taker_side"":""yes"",""ticker"":""KXBTC15M-26APR281345-45"",""trade_id"":""736e9c6f-a737-6855-0279-2c19a24d889a"",""yes_price_dollars"":""0.5400""}"
KXBTC15M-26APR281345-45,5fa7c130-70c6-6b8e-362a-4df26bb936ae,1777397434,0.56,1.0,yes,"{""count_fp"":""1.00"",""created_time"":""2026-04-28T17:30:34.703042Z"",""no_price_dollars"":""0.4400"",""taker_side"":""yes"",""ticker"":""KXBTC15M-26APR281345-45"",""trade_id"":""5fa7c130-70c6-6b8e-362a-4df26bb936ae"",""yes_price_dollars"":""0.5600""}"
KXBTC15M-26APR281345-45,4937175c-9990-6549-00d9-70225538ade0,1777397434,0.55,40.0,yes,"{""count_fp"":""40.00"",""created_time"":""2026-04-28T17:30:34.703042Z"",""no_price_dollars"":""0.4500"",""taker_side"":""yes"",""ticker"":""KXBTC15M-26APR281345-45"",""trade_id"":""4937175c-9990-6549-00d9-70225538ade0"",""yes_price_dollars"":""0.5500""}"
KXBTC15M-26APR281345-45,3dbd8415-19c7-6e1b-1c6f-e8b81d7c6cea,1777397434,0.56,40.0,yes,"{""count_fp"":""40.00"",""created_time"":""2026-04-28T17:30:34.703042Z"",""no_price_dollars"":""0.4400"",""taker_side"":""yes"",""ticker"":""KXBTC15M-26APR281345-45"",""trade_id"":""3dbd8415-19c7-6e1b-1c6f-e8b81d7c6cea"",""yes_price_dollars"":""0.5600""}"
KXBTC15M-26APR281345-45,3a04d357-7eb2-6eac-11b7-1db04064c6cb,1777397434,0.54,40.0,yes,"{""count_fp"":""40.00"",""created_time"":""2026-04-28T17:30:34.703042Z"",""no_price_dollars"":""0.4600"",""taker_side"":""yes"",""ticker"":""KXBTC15M-26APR281345-45"",""trade_id"":""3a04d357-7eb2-6eac-11b7-1db04064c6cb"",""yes_price_dollars"":""0.5400""}"
KXBTC15M-26APR281345-45,2b0119ca-7c65-6696-28a8-56643e4d2451,1777397434,0.54,3.0,yes,"{""count_fp"":""3.00"",""created_time"":""2026-04-28T17:30:34.703042Z"",""no_price_dollars"":""0.4600"",""taker_side"":""yes"",""ticker"":""KXBTC15M-26APR281345-45"",""trade_id"":""2b0119ca-7c65-6696-28a8-56643e4d2451"",""yes_price_dollars"":""0.5400""}"
KXBTC15M-26APR281345-45,17395c32-c425-628e-30ec-c0a9e6cabf06,1777397434,0.56,202.04,yes,"{""count_fp"":""202.04"",""created_time"":""2026-04-28T17:30:34.703042Z"",""no_price_dollars"":""0.4400"",""taker_side"":""yes"",""ticker"":""KXBTC15M-26APR281345-45"",""trade_id"":""17395c32-c425-628e-30ec-c0a9e6cabf06"",""yes_price_dollars"":""0.5600""}"
KXBTC15M-26APR281345-45,433508bb-4158-44af-8541-0598d315d746,1777397434,0.52,57.97,no,"{""count_fp"":""57.97"",""created_time"":""2026-04-28T17:30:34.552513Z"",""no_price_dollars"":""0.4800"",""taker_side"":""no"",""ticker"":""KXBTC15M-26APR281345-45"",""trade_id"":""433508bb-4158-44af-8541-0598d315d746"",""yes_price_dollars"":""0.5200""}"
KXBTC15M-26APR281345-45,c3f07fc1-8ed0-74cb-fc95-4809e238b056,1777397435,0.56,17.0,no,"{""count_fp"":""17.00"",""created_time"":""2026-04-28T17:30:35.795368Z"",""no_price_dollars"":""0.4400"",""taker_side"":""no"",""ticker"":""KXBTC15M-26APR281345-45"",""trade_id"":""c3f07fc1-8ed0-74cb-fc95-4809e238b056"",""yes_price_dollars"":""0.5600""}"
KXBTC15M-26APR281345-45,af439dff-a3c0-6e7f-6417-ea507446fc22,1777397435,0.56,19.7,no,"{""count_fp"":""19.70"",""created_time"":""2026-04-28T17:30:35.403656Z"",""no_price_dollars"":""0.4400"",""taker_side"":""no"",""ticker"":""KXBTC15M-26APR281345-45"",""trade_id"":""af439dff-a3c0-6e7f-6417-ea507446fc22"",""yes_price_dollars"":""0.5600""}"
KXBTC15M-26APR281345-45,990c1397-3e48-4b7b-9cfe-16bf78143396,1777397435,0.56,9.06,no,"{""count_fp"":""9.06"",""created_time"":""2026-04-28T17:30:35.156948Z"",""no_price_dollars"":""0.4400"",""taker_side"":""no"",""ticker"":""KXBTC15M-26APR281345-45"",""trade_id"":""990c1397-3e48-4b7b-9cfe-16bf78143396"",""yes_price_dollars"":""0.5600""}"
KXBTC15M-26APR281345-45,122d5880-526e-4904-8ebf-fe9f2dca9124,1777397435,0.56,0.6,no,"{""count_fp"":""0.60"",""created_time"":""2026-04-28T17:30:35.156948Z"",""no_price_dollars"":""0.4400"",""taker_side"":""no"",""ticker"":""KXBTC15M-26APR281345-45"",""trade_id"":""122d5880-526e-4904-8ebf-fe9f2dca9124"",""yes_price_dollars"":""0.5600""}"
KXBTC15M-26APR281345-45,908736a6-fd62-4a10-cd84-8b4803edf404,1777397435,0.56,39.4,no,"{""count_fp"":""39.40"",""created_time"":""2026-04-28T17:30:35.105596Z"",""no_price_dollars"":""0.4400"",""taker_side"":""no"",""ticker"":""KXBTC15M-26APR281345-45"",""trade_id"":""908736a6-fd62-4a10-cd84-8b4803edf404"",""yes_price_dollars"":""0.5600""}"
KXBTC15M-26APR281345-45,2f9ba7ba-d32c-52cb-98d7-4a8237e7e2d2,1777397436,0.58,2.28,no,"{""count_fp"":""2.28"",""created_time"":""2026-04-28T17:30:36.979316Z"",""no_price_dollars"":""0.4200"",""taker_side"":""no"",""ticker"":""KXBTC15M-26APR281345-45"",""trade_id"":""2f9ba7ba-d32c-52cb-98d7-4a8237e7e2d2"",""yes_price_dollars"":""0.5800""}"
KXBTC15M-26APR281345-45,b142338e-fc6f-5bab-7ed5-2507d684cf87,1777397436,0.59,4.94,yes,"{""count_fp"":""4.94"",""created_time"":""2026-04-28T17:30:36.868845Z"",""no_price_dollars"":""0.4100"",""taker_side"":""yes"",""ticker"":""KXBTC15M-26APR281345-45"",""trade_id"":""b142338e-fc6f-5bab-7ed5-2507d684cf87"",""yes_price_dollars"":""0.5900""}"
KXBTC15M-26APR281345-45,0c05d40f-3574-5cf7-beb1-162b1273d56a,1777397436,0.58,100.5,no,"{""count_fp"":""100.50"",""created_time"":""2026-04-28T17:30:36.773539Z"",""no_price_dollars"":""0.4200"",""taker_side"":""no"",""ticker"":""KXBTC15M-26APR281345-45"",""trade_id"":""0c05d40f-3574-5cf7-beb1-162b1273d56a"",""yes_price_dollars"":""0.5800""}"
KXBTC15M-26APR281345-45,7432edc4-4214-72f3-e379-34f74ae20612,1777397436,0.58,30.8,no,"{""count_fp"":""30.80"",""created_time"":""2026-04-28T17:30:36.632077Z"",""no_price_dollars"":""0.4200"",""taker_side"":""no"",""ticker"":""KXBTC15M-26APR281345-45"",""trade_id"":""7432edc4-4214-72f3-e379-34f74ae20612"",""yes_price_dollars"":""0.5800""}"
KXBTC15M-26APR281345-45,3e422483-b713-7e30-c0ac-85839988bb0b,1777397436,0.58,19.45,no,"{""count_fp"":""19.45"",""created_time"":""2026-04-28T17:30:36.632077Z"",""no_price_dollars"":""0.4200"",""taker_side"":""no"",""ticker"":""KXBTC15M-26APR281345-45"",""trade_id"":""3e422483-b713-7e30-c0ac-85839988bb0b"",""yes_price_dollars"":""0.5800""}"
KXBTC15M-26APR281345-45,9a58671e-526b-7564-ff55-0c3a2c53f5eb,1777397436,0.58,10.05,no,"{""count_fp"":""10.05"",""created_time"":""2026-04-28T17:30:36.620998Z"",""no_price_dollars"":""0.4200"",""taker_side"":""no"",""ticker"":""KXBTC15M-26APR281345-45"",""trade_id"":""9a58671e-526b-7564-ff55-0c3a2c53f5eb"",""yes_price_dollars"":""0.5800""}"
KXBTC15M-26APR281345-45,cbf033f9-e3d3-5c88-2f91-4c788962b123,1777397436,0.58,1.5,no,"{""count_fp"":""1.50"",""created_time"":""2026-04-28T17:30:36.389556Z"",""no_price_dollars"":""0.4200"",""taker_side"":""no"",""ticker"":""KXBTC15M-26APR281345-45"",""trade_id"":""cbf033f9-e3d3-5c88-2f91-4c788962b123"",""yes_price_dollars"":""0.5800""}"
KXBTC15M-26APR281345-45,e175be67-22a7-4ce8-1ba6-1753553f8243,1777397436,0.58,9.0,no,"{""count_fp"":""9.00"",""created_time"":""2026-04-28T17:30:36.370327Z"",""no_price_dollars"":""0.4200"",""taker_side"":""no"",""ticker"":""KXBTC15M-26APR281345-45"",""trade_id"":""e175be67-22a7-4ce8-1ba6-1753553f8243"",""yes_price_dollars"":""0.5800""}"
KXBTC15M-26APR281345-45,e121752f-c837-4347-9a75-49fac1814e8f,1777397436,0.59,98.75,yes,"{""count_fp"":""98.75"",""created_time"":""2026-04-28T17:30:36.273926Z"",""no_price_dollars"":""0.4100"",""taker_side"":""yes"",""ticker"":""KXBTC15M-26APR281345-45"",""trade_id"":""e121752f-c837-4347-9a75-49fac1814e8f"",""yes_price_dollars"":""0.5900""}"
KXBTC15M-26APR281345-45,c93e22da-c3b7-62d8-3be8-7b9f56dc1704,1777397436,0.58,25.0,yes,"{""count_fp"":""25.00"",""created_time"":""2026-04-28T17:30:36.263754Z"",""no_price_dollars"":""0.4200"",""taker_side"":""yes"",""ticker"":""KXBTC15M-26APR281345-45"",""trade_id"":""c93e22da-c3b7-62d8-3be8-7b9f56dc1704"",""yes_price_dollars"":""0.5800""}"
KXBTC15M-26APR281345-45,93831710-b739-6c54-12a4-3902fc27caeb,1777397436,0.58,1.0,yes,"{""count_fp"":""1.00"",""created_time"":""2026-04-28T17:30:36.263754Z"",""no_price_dollars"":""0.4200"",""taker_side"":""yes"",""ticker"":""KXBTC15M-26APR281345-45"",""trade_id"":""93831710-b739-6c54-12a4-3902fc27caeb"",""yes_price_dollars"":""0.5800""}"
KXBTC15M-26APR281345-45,91ac8d43-5bdf-67d3-02b6-3784d4eb731a,1777397436,0.58,1.0,yes,"{""count_fp"":""1.00"",""created_time"":""2026-04-28T17:30:36.263754Z"",""no_price_dollars"":""0.4200"",""taker_side"":""yes"",""ticker"":""KXBTC15M-26APR281345-45"",""trade_id"":""91ac8d43-5bdf-67d3-02b6-3784d4eb731a"",""yes_price_dollars"":""0.5800""}"
KXBTC15M-26APR281345-45,80956611-a117-6097-1669-543cfc256c5f,1777397436,0.59,12.35,yes,"{""count_fp"":""12.35"",""created_time"":""2026-04-28T17:30:36.263754Z"",""no_price_dollars"":""0.4100"",""taker_side"":""yes"",""ticker"":""KXBTC15M-26APR281345-45"",""trade_id"":""80956611-a117-6097-1669-543cfc256c5f"",""yes_price_dollars"":""0.5900""}"
KXBTC15M-26APR281345-45,380a0f93-f033-6869-04f1-d4b5c3c3ac3b,1777397436,0.58,2.0,yes,"{""count_fp"":""2.00"",""created_time"":""2026-04-28T17:30:36.263754Z"",""no_price_dollars"":""0.4200"",""taker_side"":""yes"",""ticker"":""KXBTC15M-26APR281345-45"",""trade_id"":""380a0f93-f033-6869-04f1-d4b5c3c3ac3b"",""yes_price_dollars"":""0.5800""}"
KXBTC15M-26APR281345-45,ddf0844b-e691-6bd7-11e6-ad2b87723e48,1777397436,0.57,3.0,yes,"{""count_fp"":""3.00"",""created_time"":""2026-04-28T17:30:36.111157Z"",""no_price_dollars"":""0.4300"",""taker_side"":""yes"",""ticker"":""KXBTC15M-26APR281345-45"",""trade_id"":""ddf0844b-e691-6bd7-11e6-ad2b87723e48"",""yes_price_dollars"":""0.5700""}"
KXBTC15M-26APR281345-45,7e56edbf-6232-5311-85b7-244d92db4131,1777397436,0.57,3.3,yes,"{""count_fp"":""3.30"",""created_time"":""2026-04-28T17:30:36.061684Z"",""no_price_dollars"":""0.4300"",""taker_side"":""yes"",""ticker"":""KXBTC15M-26APR281345-45"",""trade_id"":""7e56edbf-6232-5311-85b7-244d92db4131"",""yes_price_dollars"":""0.5700""}"
KXBTC15M-26APR281345-45,5c398818-c6ba-5971-87bc-167c849ba334,1777397436,0.57,20.33,yes,"{""count_fp"":""20.33"",""created_time"":""2026-04-28T17:30:36.061684Z"",""no_price_dollars"":""0.4300"",""taker_side"":""yes"",""ticker"":""KXBTC15M-26APR281345-45"",""trade_id"":""5c398818-c6ba-5971-87bc-167c849ba334"",""yes_price_dollars"":""0.5700""}"
KXBTC15M-26APR281345-45,fb45be90-73fa-64f1-d2f2-c44291e0b339,1777397436,0.57,1.0,yes,"{""count_fp"":""1.00"",""created_time"":""2026-04-28T17:30:36.056585Z"",""no_price_dollars"":""0.4300"",""taker_side"":""yes"",""ticker"":""KXBTC15M-26APR281345-45"",""trade_id"":""fb45be90-73fa-64f1-d2f2-c44291e0b339"",""yes_price_dollars"":""0.5700""}"
KXBTC15M-26APR281345-45,f2a2ced2-82b9-73f5-cb50-ae4af5f61ea9,1777397436,0.57,1.0,yes,"{""count_fp"":""1.00"",""created_time"":""2026-04-28T17:30:36.009365Z"",""no_price_dollars"":""0.4300"",""taker_side"":""yes"",""ticker"":""KXBTC15M-26APR281345-45"",""trade_id"":""f2a2ced2-82b9-73f5-cb50-ae4af5f61ea9"",""yes_price_dollars"":""0.5700""}"
KXBTC15M-26APR281345-45,8d6d0e45-332e-7a2d-f09e-10d91c069c49,1777397436,0.57,5.7,yes,"{""count_fp"":""5.70"",""created_time"":""2026-04-28T17:30:36.009365Z"",""no_price_dollars"":""0.4300"",""taker_side"":""yes"",""ticker"":""KXBTC15M-26APR281345-45"",""trade_id"":""8d6d0e45-332e-7a2d-f09e-10d91c069c49"",""yes_price_dollars"":""0.5700""}"
KXBTC15M-26APR281345-45,abbf4672-f4f0-6adf-5bdc-55e06b47688a,1777397437,0.58,63.73,no,"{""count_fp"":""63.73"",""created_time"":""2026-04-28T17:30:37.985331Z"",""no_price_dollars"":""0.4200"",""taker_side"":""no"",""ticker"":""KXBTC15M-26APR281345-45"",""trade_id"":""abbf4672-f4f0-6adf-5bdc-55e06b47688a"",""yes_price_dollars"":""0.5800""}"
KXBTC15M-26APR281345-45,1f10ad17-98e3-62f6-4a8d-2a49bc255d7a,1777397437,0.58,137.28,no,"{""count_fp"":""137.28"",""created_time"":""2026-04-28T17:30:37.985331Z"",""no_price_dollars"":""0.4200"",""taker_side"":""no"",""ticker"":""KXBTC15M-26APR281345-45"",""trade_id"":""1f10ad17-98e3-62f6-4a8d-2a49bc255d7a"",""yes_price_dollars"":""0.5800""}"
KXBTC15M-26APR281345-45,fd68d645-f479-7f90-1189-fa60e4b3a38e,1777397437,0.6,119.0,yes,"{""count_fp"":""119.00"",""created_time"":""2026-04-28T17:30:37.936584Z"",""no_price_dollars"":""0.4000"",""taker_side"":""yes"",""ticker"":""KXBTC15M-26APR281345-45"",""trade_id"":""fd68d645-f479-7f90-1189-fa60e4b3a38e"",""yes_price_dollars"":""0.6000""}"
KXBTC15M-26APR281345-45,fb902607-0149-7fe9-2100-562c4170f36d,1777397437,0.6,12.0,yes,"{""count_fp"":""12.00"",""created_time"":""2026-04-28T17:30:37.936584Z"",""no_price_dollars"":""0.4000"",""taker_side"":""yes"",""ticker"":""KXBTC15M-26APR281345-45"",""trade_id"":""fb902607-0149-7fe9-2100-562c4170f36d"",""yes_price_dollars"":""0.6000""}"
KXBTC15M-26APR281345-45,b5ba7ef6-3ada-7566-271d-8051b79a6563,1777397437,0.6,15.65,yes,"{""count_fp"":""15.65"",""created_time"":""2026-04-28T17:30:37.936584Z"",""no_price_dollars"":""0.4000"",""taker_side"":""yes"",""ticker"":""KXBTC15M-26APR281345-45"",""trade_id"":""b5ba7ef6-3ada-7566-271d-8051b79a6563"",""yes_price_dollars"":""0.6000""}"
KXBTC15M-26APR281345-45,64debcc4-0f13-7443-37e2-81dfdb0f629b,1777397437,0.59,3.0,yes,"{""count_fp"":""3.00"",""created_time"":""2026-04-28T17:30:37.936584Z"",""no_price_dollars"":""0.4100"",""taker_side"":""yes"",""ticker"":""KXBTC15M-26APR281345-45"",""trade_id"":""64debcc4-0f13-7443-37e2-81dfdb0f629b"",""yes_price_dollars"":""0.5900""}"
KXBTC15M-26APR281345-45,0cf5e790-2678-7154-3a4d-af2c4cb906e5,1777397437,0.59,3.43,yes,"{""count_fp"":""3.43"",""created_time"":""2026-04-28T17:30:37.936584Z"",""no_price_dollars"":""0.4100"",""taker_side"":""yes"",""ticker"":""KXBTC15M-26APR281345-45"",""trade_id"":""0cf5e790-2678-7154-3a4d-af2c4cb906e5"",""yes_price_dollars"":""0.5900""}"
KXBTC15M-26APR281345-45,f3f1cb27-1dd8-5dcc-678e-fbce7cc18f9d,1777397437,0.59,4.57,yes,"{""count_fp"":""4.57"",""created_time"":""2026-04-28T17:30:37.924909Z"",""no_price_dollars"":""0.4100"",""taker_side"":""yes"",""ticker"":""KXBTC15M-26APR281345-45"",""trade_id"":""f3f1cb27-1dd8-5dcc-678e-fbce7cc18f9d"",""yes_price_dollars"":""0.5900""}"
KXBTC15M-26APR281345-45,00f43beb-517c-5347-4537-5a49ebacc0ae,1777397437,0.59,5.43,yes,"{""count_fp"":""5.43"",""created_time"":""2026-04-28T17:30:37.924909Z"",""no_price_dollars"":""0.4100"",""taker_side"":""yes"",""ticker"":""KXBTC15M-26APR281345-45"",""trade_id"":""00f43beb-517c-5347-4537-5a49ebacc0ae"",""yes_price_dollars"":""0.5900""}"
KXBTC15M-26APR281345-45,908a6e46-3bac-7957-032b-38a1ab7901ce,1777397437,0.59,16.37,yes,"{""count_fp"":""16.37"",""created_time"":""2026-04-28T17:30:37.814424Z"",""no_price_dollars"":""0.4100"",""taker_side"":""yes"",""ticker"":""KXBTC15M-26APR281345-45"",""trade_id"":""908a6e46-3bac-7957-032b-38a1ab7901ce"",""yes_price_dollars"":""0.5900""}"
KXBTC15M-26APR281345-45,cbff868f-b16d-7686-f091-073b9a1f1696,1777397437,0.59,14.0,yes,"{""count_fp"":""14.00"",""created_time"":""2026-04-28T17:30:37.677248Z"",""no_price_dollars"":""0.4100"",""taker_side"":""yes"",""ticker"":""KXBTC15M-26APR281345-45"",""trade_id"":""cbff868f-b16d-7686-f091-073b9a1f1696"",""yes_price_dollars"":""0.5900""}"
KXBTC15M-26APR281345-45,c3a00998-a944-749f-d2d2-db6472c1b06a,1777397437,0.59,18.2,yes,"{""count_fp"":""18.20"",""created_time"":""2026-04-28T17:30:37.677248Z"",""no_price_dollars"":""0.4100"",""taker_side"":""yes"",""ticker"":""KXBTC15M-26APR281345-45"",""trade_id"":""c3a00998-a944-749f-d2d2-db6472c1b06a"",""yes_price_dollars"":""0.5900""}"
KXBTC15M-26APR281345-45,7ea0dbea-90e9-768a-dd56-40c480f1fc60,1777397437,0.59,4.76,yes,"{""count_fp"":""4.76"",""created_time"":""2026-04-28T17:30:37.677248Z"",""no_price_dollars"":""0.4100"",""taker_side"":""yes"",""ticker"":""KXBTC15M-26APR281345-45"",""trade_id"":""7ea0dbea-90e9-768a-dd56-40c480f1fc60"",""yes_price_dollars"":""0.5900""}"
KXBTC15M-26APR281345-45,407378d1-044a-71f5-dd8c-28ace95bf68e,1777397437,0.59,4.0,yes,"{""count_fp"":""4.00"",""created_time"":""2026-04-28T17:30:37.677248Z"",""no_price_dollars"":""0.4100"",""taker_side"":""yes"",""ticker"":""KXBTC15M-26APR281345-45"",""trade_id"":""407378d1-044a-71f5-dd8c-28ace95bf68e"",""yes_price_dollars"":""0.5900""}"
KXBTC15M-26APR281345-45,06c52f0b-4908-5a3f-2d40-516e520068fa,1777397437,0.58,2.69,no,"{""count_fp"":""2.69"",""created_time"":""2026-04-28T17:30:37.612755Z"",""no_price_dollars"":""0.4200"",""taker_side"":""no"",""ticker"":""KXBTC15M-26APR281345-45"",""trade_id"":""06c52f0b-4908-5a3f-2d40-516e520068fa"",""yes_price_dollars"":""0.5800""}"
KXBTC15M-26APR281345-45,a431c369-1db5-4b56-0dbc-f783dfd43004,1777397437,0.59,0.24,yes,"{""count_fp"":""0.24"",""created_time"":""2026-04-28T17:30:37.445113Z"",""no_price_dollars"":""0.4100"",""taker_side"":""yes"",""ticker"":""KXBTC15M-26APR281345-45"",""trade_id"":""a431c369-1db5-4b56-0dbc-f783dfd43004"",""yes_price_dollars"":""0.5900""}"
KXBTC15M-26APR281345-45,76ddf545-bdbb-467f-1e61-31d2cf3c5c47,1777397437,0.59,2.96,yes,"{""count_fp"":""2.96"",""created_time"":""2026-04-28T17:30:37.445113Z"",""no_price_dollars"":""0.4100"",""taker_side"":""yes"",""ticker"":""KXBTC15M-26APR281345-45"",""trade_id"":""76ddf545-bdbb-467f-1e61-31d2cf3c5c47"",""yes_price_dollars"":""0.5900""}"
KXBTC15M-26APR281345-45,5cdbc801-d55b-4165-16d4-604e7eee5de0,1777397437,0.59,5.0,yes,"{""count_fp"":""5.00"",""created_time"":""2026-04-28T17:30:37.445113Z"",""no_price_dollars"":""0.4100"",""taker_side"":""yes"",""ticker"":""KXBTC15M-26APR281345-45"",""trade_id"":""5cdbc801-d55b-4165-16d4-604e7eee5de0"",""yes_price_dollars"":""0.5900""}"
KXBTC15M-26APR281345-45,08cd5e36-d21e-48a2-323e-81d67dac4e67,1777397438,0.59,1.0,no,"{""count_fp"":""1.00"",""created_time"":""2026-04-28T17:30:38.824797Z"",""no_price_dollars"":""0.4100"",""taker_side"":""no"",""ticker"":""KXBTC15M-26APR281345-45"",""trade_id"":""08cd5e36-d21e-48a2-323e-81d67dac4e67"",""yes_price_dollars"":""0.5900""}"
KXBTC15M-26APR281345-45,c758e0dc-0736-4be2-d4e6-1f885ed30f6b,1777397438,0.59,22.88,no,"{""count_fp"":""22.88"",""created_time"":""2026-04-28T17:30:38.681811Z"",""no_price_dollars"":""0.4100"",""taker_side"":""no"",""ticker"":""KXBTC15M-26APR281345-45"",""trade_id"":""c758e0dc-0736-4be2-d4e6-1f885ed30f6b"",""yes_price_dollars"":""0.5900""}"
KXBTC15M-26APR281345-45,dfa276d4-db6f-4548-b82e-2dabc3bc48cd,1777397439,0.6,3.0,yes,"{""count_fp"":""3.00"",""created_time"":""2026-04-28T17:30:39.895549Z"",""no_price_dollars"":""0.4000"",""taker_side"":""yes"",""ticker"":""KXBTC15M-26APR281345-45"",""trade_id"":""dfa276d4-db6f-4548-b82e-2dabc3bc48cd"",""yes_price_dollars"":""0.6000""}"
KXBTC15M-26APR281345-45,b4bf1a08-a651-443c-89fd-f4571fd8b53b,1777397439,0.6,5.0,yes,"{""count_fp"":""5.00"",""created_time"":""2026-04-28T17:30:39.895549Z"",""no_price_dollars"":""0.4000"",""taker_side"":""yes"",""ticker"":""KXBTC15M-26APR281345-45"",""trade_id"":""b4bf1a08-a651-443c-89fd-f4571fd8b53b"",""yes_price_dollars"":""0.6000""}"
KXBTC15M-26APR281345-45,b298894c-0a22-4862-97d7-21da867b5cf3,1777397439,0.6,12.0,yes,"{""count_fp"":""12.00"",""created_time"":""2026-04-28T17:30:39.895549Z"",""no_price_dollars"":""0.4000"",""taker_side"":""yes"",""ticker"":""KXBTC15M-26APR281345-45"",""trade_id"":""b298894c-0a22-4862-97d7-21da867b5cf3"",""yes_price_dollars"":""0.6000""}"
KXBTC15M-26APR281345-45,a09b7642-fb81-4681-97e5-0812ff9e74c2,1777397439,0.61,40.0,yes,"{""count_fp"":""40.00"",""created_time"":""2026-04-28T17:30:39.895549Z"",""no_price_dollars"":""0.3900"",""taker_side"":""yes"",""ticker"":""KXBTC15M-26APR281345-45"",""trade_id"":""a09b7642-fb81-4681-97e5-0812ff9e74c2"",""yes_price_dollars"":""0.6100""}"
KXBTC15M-26APR281345-45,930aafbd-0ea9-4c46-aa93-88aab2e7085a,1777397439,0.61,132.0,yes,"{""count_fp"":""132.00"",""created_time"":""2026-04-28T17:30:39.895549Z"",""no_price_dollars"":""0.3900"",""taker_side"":""yes"",""ticker"":""KXBTC15M-26APR281345-45"",""trade_id"":""930aafbd-0ea9-4c46-aa93-88aab2e7085a"",""yes_price_dollars"":""0.6100""}"
KXBTC15M-26APR281345-45,66611671-5694-41a6-b048-a7b08172a8e5,1777397439,0.59,32.0,yes,"{""count_fp"":""32.00"",""created_time"":""2026-04-28T17:30:39.895549Z"",""no_price_dollars"":""0.4100"",""taker_side"":""yes"",""ticker"":""KXBTC15M-26APR281345-45"",""trade_id"":""66611671-5694-41a6-b048-a7b08172a8e5"",""yes_price_dollars"":""0.5900""}"
KXBTC15M-26APR281345-45,5aba9ecd-3e6a-462e-b5a2-d3a4692f1db3,1777397439,0.6,17.18,yes,"{""count_fp"":""17.18"",""created_time"":""2026-04-28T17:30:39.895549Z"",""no_price_dollars"":""0.4000"",""taker_side"":""yes"",""ticker"":""KXBTC15M-26APR281345-45"",""trade_id"":""5aba9ecd-3e6a-462e-b5a2-d3a4692f1db3"",""yes_price_dollars"":""0.6000""}"
KXBTC15M-26APR281345-45,184938b4-03ac-4501-808f-e96c0f91fc02,1777397439,0.61,75.0,yes,"{""count_fp"":""75.00"",""created_time"":""2026-04-28T17:30:39.895549Z"",""no_price_dollars"":""0.3900"",""taker_side"":""yes"",""ticker"":""KXBTC15M-26APR281345-45"",""trade_id"":""184938b4-03ac-4501-808f-e96c0f91fc02"",""yes_price_dollars"":""0.6100""}"
KXBTC15M-26APR281345-45,1376780f-9f3f-468a-a8f4-1db4aaa0c882,1777397439,0.6,40.0,yes,"{""count_fp"":""40.00"",""created_time"":""2026-04-28T17:30:39.895549Z"",""no_price_dollars"":""0.4000"",""taker_side"":""yes"",""ticker"":""KXBTC15M-26APR281345-45"",""trade_id"":""1376780f-9f3f-468a-a8f4-1db4aaa0c882"",""yes_price_dollars"":""0.6000""}"
KXBTC15M-26APR281345-45,0c60d3b2-3bf9-4ade-8913-c5c457e62632,1777397439,0.61,431.75,yes,"{""count_fp"":""431.75"",""created_time"":""2026-04-28T17:30:39.895549Z"",""no_price_dollars"":""0.3900"",""taker_side"":""yes"",""ticker"":""KXBTC15M-26APR281345-45"",""trade_id"":""0c60d3b2-3bf9-4ade-8913-c5c457e62632"",""yes_price_dollars"":""0.6100""}"
KXBTC15M-26APR281345-45,09ca780f-e98e-4d43-93d0-f38a91e2fa1c,1777397439,0.61,11.49,yes,"{""count_fp"":""11.49"",""created_time"":""2026-04-28T17:30:39.895549Z"",""no_price_dollars"":""0.3900"",""taker_side"":""yes"",""ticker"":""KXBTC15M-26APR281345-45"",""trade_id"":""09ca780f-e98e-4d43-93d0-f38a91e2fa1c"",""yes_price_dollars"":""0.6100""}"
KXBTC15M-26APR281345-45,359e70a7-d728-6556-30a4-f6d02ec4d06d,1777397439,0.59,8.0,yes,"{""count_fp"":""8.00"",""created_time"":""2026-04-28T17:30:39.860445Z"",""no_price_dollars"":""0.4100"",""taker_side"":""yes"",""ticker"":""KXBTC15M-26APR281345-45"",""trade_id"":""359e70a7-d728-6556-30a4-f6d02ec4d06d"",""yes_price_dollars"":""0.5900""}"
KXBTC15M-26APR281345-45,dada5d04-8413-6d54-83fe-d36b8628caa5,1777397439,0.59,0.18,no,"{""count_fp"":""0.18"",""created_time"":""2026-04-28T17:30:39.500142Z"",""no_price_dollars"":""0.4100"",""taker_side"":""no"",""ticker"":""KXBTC15M-26APR281345-45"",""trade_id"":""dada5d04-8413-6d54-83fe-d36b8628caa5"",""yes_price_dollars"":""0.5900""}"
KXBTC15M-26APR281345-45,d14a37fd-ada3-6547-a20c-f8937a286534,1777397439,0.58,5.0,no,"{""count_fp"":""5.00"",""created_time"":""2026-04-28T17:30:39.500142Z"",""no_price_dollars"":""0.4200"",""taker_side"":""no"",""ticker"":""KXBTC15M-26APR281345-45"",""trade_id"":""d14a37fd-ada3-6547-a20c-f8937a286534"",""yes_price_dollars"":""0.5800""}"
KXBTC15M-26APR281345-45,673cf6a7-d989-6804-b73b-01d85034a07a,1777397439,0.59,6.69,no,"{""count_fp"":""6.69"",""created_time"":""2026-04-28T17:30:39.500142Z"",""no_price_dollars"":""0.4100"",""taker_side"":""no"",""ticker"":""KXBTC15M-26APR281345-45"",""trade_id"":""673cf6a7-d989-6804-b73b-01d85034a07a"",""yes_price_dollars"":""0.5900""}"
KXBTC15M-26APR281345-45,5aab963a-8a51-607f-be20-e14db69070c5,1777397439,0.58,7.0,no,"{""count_fp"":""7.00"",""created_time"":""2026-04-28T17:30:39.500142Z"",""no_price_dollars"":""0.4200"",""taker_side"":""no"",""ticker"":""KXBTC15M-26APR281345-45"",""trade_id"":""5aab963a-8a51-607f-be20-e14db69070c5"",""yes_price_dollars"":""0.5800""}"
KXBTC15M-26APR281345-45,4e07e55c-6139-6207-bdf6-050f543540ca,1777397439,0.57,16.2,no,"{""count_fp"":""16.20"",""created_time"":""2026-04-28T17:30:39.500142Z"",""no_price_dollars"":""0.4300"",""taker_side"":""no"",""ticker"":""KXBTC15M-26APR281345-45"",""trade_id"":""4e07e55c-6139-6207-bdf6-050f543540ca"",""yes_price_dollars"":""0.5700""}"
KXBTC15M-26APR281345-45,2ec04d62-8d50-6869-b962-e01645d5aced,1777397439,0.58,40.0,no,"{""count_fp"":""40.00"",""created_time"":""2026-04-28T17:30:39.500142Z"",""no_price_dollars"":""0.4200"",""taker_side"":""no"",""ticker"":""KXBTC15M-26APR281345-45"",""trade_id"":""2ec04d62-8d50-6869-b962-e01645d5aced"",""yes_price_dollars"":""0.5800""}"
KXBTC15M-26APR281345-45,2868d882-193f-68ca-a737-fab6b509c8a2,1777397439,0.59,485.5,no,"{""count_fp"":""485.50"",""created_time"":""2026-04-28T17:30:39.500142Z"",""no_price_dollars"":""0.4100"",""taker_side"":""no"",""ticker"":""KXBTC15M-26APR281345-45"",""trade_id"":""2868d882-193f-68ca-a737-fab6b509c8a2"",""yes_price_dollars"":""0.5900""}"
KXBTC15M-26APR281345-45,fb32dca9-801f-604e-2e4d-0c006031a2ea,1777397439,0.59,9.13,no,"{""count_fp"":""9.13"",""created_time"":""2026-04-28T17:30:39.454469Z"",""no_price_dollars"":""0.4100"",""taker_side"":""no"",""ticker"":""KXBTC15M-26APR281345-45"",""trade_id"":""fb32dca9-801f-604e-2e4d-0c006031a2ea"",""yes_price_dollars"":""0.5900""}"
KXBTC15M-26APR281345-45,a12e262f-9a5a-4852-a199-ecb497aaa1ef,1777397439,0.6,16.21,yes,"{""count_fp"":""16.21"",""created_time"":""2026-04-28T17:30:39.288818Z"",""no_price_dollars"":""0.4000"",""taker_side"":""yes"",""ticker"":""KXBTC15M-26APR281345-45"",""trade_id"":""a12e262f-9a5a-4852-a199-ecb497aaa1ef"",""yes_price_dollars"":""0.6000""}"
KXBTC15M-26APR281345-45,9dfafd48-8b82-4e02-5e47-24fab19b822f,1777397439,0.6,0.8,yes,"{""count_fp"":""0.80"",""created_time"":""2026-04-28T17:30:39.095028Z"",""no_price_dollars"":""0.4000"",""taker_side"":""yes"",""ticker"":""KXBTC15M-26APR281345-45"",""trade_id"":""9dfafd48-8b82-4e02-5e47-24fab19b822f"",""yes_price_dollars"":""0.6000""}"
KXBTC15M-26APR281345-45,77010178-6aff-536a-e5d2-cfe743b9658e,1777397439,0.59,5.37,no,"{""count_fp"":""5.37"",""created_time"":""2026-04-28T17:30:39.039066Z"",""no_price_dollars"":""0.4100"",""taker_side"":""no"",""ticker"":""KXBTC15M-26APR281345-45"",""trade_id"":""77010178-6aff-536a-e5d2-cfe743b9658e"",""yes_price_dollars"":""0.5900""}"
KXBTC15M-26APR281345-45,f134cb6c-24dd-6e06-842d-82b917ebc251,1777397440,0.6,81.06,yes,"{""count_fp"":""81.06"",""created_time"":""2026-04-28T17:30:40.370566Z"",""no_price_dollars"":""0.4000"",""taker_side"":""yes"",""ticker"":""KXBTC15M-26APR281345-45"",""trade_id"":""f134cb6c-24dd-6e06-842d-82b917ebc251"",""yes_price_dollars"":""0.6000""}"
KXBTC15M-26APR281345-45,173e0ca0-161d-6a06-868f-4617be030fd5,1777397440,0.6,1.0,yes,"{""count_fp"":""1.00"",""created_time"":""2026-04-28T17:30:40.149742Z"",""no_price_dollars"":""0.4000"",""taker_side"":""yes"",""ticker"":""KXBTC15M-26APR281345-45"",""trade_id"":""173e0ca0-161d-6a06-868f-4617be030fd5"",""yes_price_dollars"":""0.6000""}"
KXBTC15M-26APR281345-45,78317e0a-e025-7462-3cc9-ca15db7a27ad,1777397440,0.6,1.62,yes,"{""count_fp"":""1.62"",""created_time"":""2026-04-28T17:30:40.098431Z"",""no_price_dollars"":""0.4000"",""taker_side"":""yes"",""ticker"":""KXBTC15M-26APR281345-45"",""trade_id"":""78317e0a-e025-7462-3cc9-ca15db7a27ad"",""yes_price_dollars"":""0.6000""}"
KXBTC15M-26APR281345-45,7969a5b9-25fc-478e-6676-9f9a91ad672c,1777397441,0.61,7.18,yes,"{""count_fp"":""7.18"",""created_time"":""2026-04-28T17:30:41.911523Z"",""no_price_dollars"":""0.3900"",""taker_side"":""yes"",""ticker"":""KXBTC15M-26APR281345-45"",""trade_id"":""7969a5b9-25fc-478e-6676-9f9a91ad672c"",""yes_price_dollars"":""0.6100""}"
KXBTC15M-26APR281345-45,56ec06f8-1898-777e-809b-96f55f2f9c10,1777397441,0.61,27.16,yes,"{""count_fp"":""27.16"",""created_time"":""2026-04-28T17:30:41.523906Z"",""no_price_dollars"":""0.3900"",""taker_side"":""yes"",""ticker"":""KXBTC15M-26APR281345-45"",""trade_id"":""56ec06f8-1898-777e-809b-96f55f2f9c10"",""yes_price_dollars"":""0.6100""}"
KXBTC15M-26APR281345-45,bbc885e0-85e1-6592-537e-54195ec52bec,1777397441,0.6,7.09,no,"{""count_fp"":""7.09"",""created_time"":""2026-04-28T17:30:41.195583Z"",""no_price_dollars"":""0.4000"",""taker_side"":""no"",""ticker"":""KXBTC15M-26APR281345-45"",""trade_id"":""bbc885e0-85e1-6592-537e-54195ec52bec"",""yes_price_dollars"":""0.6000""}"
KXBTC15M-26APR281345-45,35f55b61-161b-42c0-3fa1-f8cbe3b5c9cc,1777397441,0.6,40.0,no,"{""count_fp"":""40.00"",""created_time"":""2026-04-28T17:30:41.057447Z"",""no_price_dollars"":""0.4000"",""taker_side"":""no"",""ticker"":""KXBTC15M-26APR281345-45"",""trade_id"":""35f55b61-161b-42c0-3fa1-f8cbe3b5c9cc"",""yes_price_dollars"":""0.6000""}"
KXBTC15M-26APR281345-45,2bca2ed8-5a35-4c7e-31ae-a054828d279c,1777397441,0.6,418.52,no,"{""count_fp"":""418.52"",""created_time"":""2026-04-28T17:30:41.057447Z"",""no_price_dollars"":""0.4000"",""taker_side"":""no"",""ticker"":""KXBTC15M-26APR281345-45"",""trade_id"":""2bca2ed8-5a35-4c7e-31ae-a054828d279c"",""yes_price_dollars"":""0.6000""}"
KXBTC15M-26APR281345-45,ff70c042-32f5-45df-ec9e-3d2fea138509,1777397442,0.62,200.0,yes,"{""count_fp"":""200.00"",""created_time"":""2026-04-28T17:30:42.454236Z"",""no_price_dollars"":""0.3800"",""taker_side"":""yes"",""ticker"":""KXBTC15M-26APR281345-45"",""trade_id"":""ff70c042-32f5-45df-ec9e-3d2fea138509"",""yes_price_dollars"":""0.6200""}"
KXBTC15M-26APR281345-45,fb0ed1b2-8f29-4e61-d99d-8aea219cd937,1777397442,0.61,40.0,yes,"{""count_fp"":""40.00"",""created_time"":""2026-04-28T17:30:42.454236Z"",""no_price_dollars"":""0.3900"",""taker_side"":""yes"",""ticker"":""KXBTC15M-26APR281345-45"",""trade_id"":""fb0ed1b2-8f29-4e61-d99d-8aea219cd937"",""yes_price_dollars"":""0.6100""}"
KXBTC15M-26APR281345-45,b6e14473-99b4-49dd-c731-785a9277565f,1777397442,0.62,56.0,yes,"{""count_fp"":""56.00"",""created_time"":""2026-04-28T17:30:42.454236Z"",""no_price_dollars"":""0.3800"",""taker_side"":""yes"",""ticker"":""KXBTC15M-26APR281345-45"",""trade_id"":""b6e14473-99b4-49dd-c731-785a9277565f"",""yes_price_dollars"":""0.6200""}"
KXBTC15M-26APR281345-45,5490fef8-13be-4005-c4a3-d7426a1b94ca,1777397442,0.61,117.05,yes,"{""count_fp"":""117.05"",""created_time"":""2026-04-28T17:30:42.454236Z"",""no_price_dollars"":""0.3900"",""taker_side"":""yes"",""ticker"":""KXBTC15M-26APR281345-45"",""trade_id"":""5490fef8-13be-4005-c4a3-d7426a1b94ca"",""yes_price_dollars"":""0.6100""}"
KXBTC15M-26APR281345-45,3498adeb-b9f8-48de-f7aa-416d537d383f,1777397442,0.62,361.65,yes,"{""count_fp"":""361.65"",""created_time"":""2026-04-28T17:30:42.454236Z"",""no_price_dollars"":""0.3800"",""taker_side"":""yes"",""ticker"":""KXBTC15M-26APR281345-45"",""trade_id"":""3498adeb-b9f8-48de-f7aa-416d537d383f"",""yes_price_dollars"":""0.6200""}"
KXBTC15M-26APR281345-45,2e3768c5-385c-4a58-e50c-4ea626d00b05,1777397442,0.62,4.0,yes,"{""count_fp"":""4.00"",""created_time"":""2026-04-28T17:30:42.454236Z"",""no_price_dollars"":""0.3800"",""taker_side"":""yes"",""ticker"":""KXBTC15M-26APR281345-45"",""trade_id"":""2e3768c5-385c-4a58-e50c-4ea626d00b05"",""yes_price_dollars"":""0.6200""}"
KXBTC15M-26APR281345-45,1e9ab898-f1aa-45ab-cc9c-a4247a1fd1d9,1777397442,0.61,3.0,yes,"{""count_fp"":""3.00"",""created_time"":""2026-04-28T17:30:42.454236Z"",""no_price_dollars"":""0.3900"",""taker_side"":""yes"",""ticker"":""KXBTC15M-26APR281345-45"",""trade_id"":""1e9ab898-f1aa-45ab-cc9c-a4247a1fd1d9"",""yes_price_dollars"":""0.6100""}"
KXBTC15M-26APR281345-45,0701d480-df43-4a09-f30c-8ce0e9f3db0a,1777397442,0.62,9.1,yes,"{""count_fp"":""9.10"",""created_time"":""2026-04-28T17:30:42.454236Z"",""no_price_dollars"":""0.3800"",""taker_side"":""yes"",""ticker"":""KXBTC15M-26APR281345-45"",""trade_id"":""0701d480-df43-4a09-f30c-8ce0e9f3db0a"",""yes_price_dollars"":""0.6200""}"
KXBTC15M-26APR281345-45,95bbbefe-32ce-67f5-912c-0615e968dcaa,1777397442,0.61,3.17,yes,"{""count_fp"":""3.17"",""created_time"":""2026-04-28T17:30:42.197807Z"",""no_price_dollars"":""0.3900"",""taker_side"":""yes"",""ticker"":""KXBTC15M-26APR281345-45"",""trade_id"":""95bbbefe-32ce-67f5-912c-0615e968dcaa"",""yes_price_dollars"":""0.6100""}"
KXBTC15M-26APR281345-45,f347788d-e252-7495-b081-a16645d7fb85,1777397442,0.6,5.0,no,"{""count_fp"":""5.00"",""created_time"":""2026-04-28T17:30:42.173457Z"",""no_price_dollars"":""0.4000"",""taker_side"":""no"",""ticker"":""KXBTC15M-26APR281345-45"",""trade_id"":""f347788d-e252-7495-b081-a16645d7fb85"",""yes_price_dollars"":""0.6000""}"
KXBTC15M-26APR281345-45,f05f08be-ab51-7965-acee-1b1d16cb5731,1777397442,0.6,0.01,no,"{""count_fp"":""0.01"",""created_time"":""2026-04-28T17:30:42.173457Z"",""no_price_dollars"":""0.4000"",""taker_side"":""no"",""ticker"":""KXBTC15M-26APR281345-45"",""trade_id"":""f05f08be-ab51-7965-acee-1b1d16cb5731"",""yes_price_dollars"":""0.6000""}"
KXBTC15M-26APR281345-45,d531aeff-4223-76cf-8ab6-eb4e225d6a0f,1777397442,0.6,23.29,no,"{""count_fp"":""23.29"",""created_time"":""2026-04-28T17:30:42.173457Z"",""no_price_dollars"":""0.4000"",""taker_side"":""no"",""ticker"":""KXBTC15M-26APR281345-45"",""trade_id"":""d531aeff-4223-76cf-8ab6-eb4e225d6a0f"",""yes_price_dollars"":""0.6000""}"
KXBTC15M-26APR281345-45,ac628af7-b13e-7843-9be6-18e97d5c3ecb,1777397442,0.6,8.3,no,"{""count_fp"":""8.30"",""created_time"":""2026-04-28T17:30:42.173457Z"",""no_price_dollars"":""0.4000"",""taker_side"":""no"",""ticker"":""KXBTC15M-26APR281345-45"",""trade_id"":""ac628af7-b13e-7843-9be6-18e97d5c3ecb"",""yes_price_dollars"":""0.6000""}"
KXBTC15M-26APR281345-45,51dfe604-3028-74ee-bec2-17198fba876a,1777397442,0.6,0.22,no,"{""count_fp"":""0.22"",""created_time"":""2026-04-28T17:30:42.173457Z"",""no_price_dollars"":""0.4000"",""taker_side"":""no"",""ticker"":""KXBTC15M-26APR281345-45"",""trade_id"":""51dfe604-3028-74ee-bec2-17198fba876a"",""yes_price_dollars"":""0.6000""}"
KXBTC15M-26APR281345-45,089b7ca0-187d-7836-8a84-ae72049f6429,1777397442,0.6,0.18,no,"{""count_fp"":""0.18"",""created_time"":""2026-04-28T17:30:42.173457Z"",""no_price_dollars"":""0.4000"",""taker_side"":""no"",""ticker"":""KXBTC15M-26APR281345-45"",""trade_id"":""089b7ca0-187d-7836-8a84-ae72049f6429"",""yes_price_dollars"":""0.6000""}"
KXBTC15M-26APR281345-45,d13dbc3f-616a-65eb-e6c9-52ce286ccd2d,1777397442,0.61,7.0,yes,"{""count_fp"":""7.00"",""created_time"":""2026-04-28T17:30:42.051276Z"",""no_price_dollars"":""0.3900"",""taker_side"":""yes"",""ticker"":""KXBTC15M-26APR281345-45"",""trade_id"":""d13dbc3f-616a-65eb-e6c9-52ce286ccd2d"",""yes_price_dollars"":""0.6100""}"
