ticker,trade_id,ts,yes_price,count,taker_side,raw_json
KXBTC15M-26APR271745-45,86e8c479-0796-6ebb-61ad-3044705bde34,1777325403,0.48,10.05,yes,"{""count_fp"":""10.05"",""created_time"":""2026-04-27T21:30:03.516155Z"",""no_price_dollars"":""0.5200"",""taker_side"":""yes"",""ticker"":""KXBTC15M-26APR271745-45"",""trade_id"":""86e8c479-0796-6ebb-61ad-3044705bde34"",""yes_price_dollars"":""0.4800""}"
KXBTC15M-26APR271745-45,c2df3f21-fcec-472f-6032-5115d739d60d,1777325404,0.48,4.98,yes,"{""count_fp"":""4.98"",""created_time"":""2026-04-27T21:30:04.908176Z"",""no_price_dollars"":""0.5200"",""taker_side"":""yes"",""ticker"":""KXBTC15M-26APR271745-45"",""trade_id"":""c2df3f21-fcec-472f-6032-5115d739d60d"",""yes_price_dollars"":""0.4800""}"
KXBTC15M-26APR271745-45,b3ef4abf-bce2-451f-54ad-b5d9c99de600,1777325404,0.48,2.95,yes,"{""count_fp"":""2.95"",""created_time"":""2026-04-27T21:30:04.908176Z"",""no_price_dollars"":""0.5200"",""taker_side"":""yes"",""ticker"":""KXBTC15M-26APR271745-45"",""trade_id"":""b3ef4abf-bce2-451f-54ad-b5d9c99de600"",""yes_price_dollars"":""0.4800""}"
KXBTC15M-26APR271745-45,02d6fe03-d5c5-4072-cfeb-699479a79272,1777325405,0.45,8.81,no,"{""count_fp"":""8.81"",""created_time"":""2026-04-27T21:30:05.999879Z"",""no_price_dollars"":""0.5500"",""taker_side"":""no"",""ticker"":""KXBTC15M-26APR271745-45"",""trade_id"":""02d6fe03-d5c5-4072-cfeb-699479a79272"",""yes_price_dollars"":""0.4500""}"
KXBTC15M-26APR271745-45,ceded7c8-ef0a-5477-32ff-882090915fe0,1777325405,0.45,2.0,no,"{""count_fp"":""2.00"",""created_time"":""2026-04-27T21:30:05.888651Z"",""no_price_dollars"":""0.5500"",""taker_side"":""no"",""ticker"":""KXBTC15M-26APR271745-45"",""trade_id"":""ceded7c8-ef0a-5477-32ff-882090915fe0"",""yes_price_dollars"":""0.4500""}"
KXBTC15M-26APR271745-45,c0fb1a46-08c8-5a80-0167-c6276bada7f1,1777325405,0.45,2.0,no,"{""count_fp"":""2.00"",""created_time"":""2026-04-27T21:30:05.888651Z"",""no_price_dollars"":""0.5500"",""taker_side"":""no"",""ticker"":""KXBTC15M-26APR271745-45"",""trade_id"":""c0fb1a46-08c8-5a80-0167-c6276bada7f1"",""yes_price_dollars"":""0.4500""}"
KXBTC15M-26APR271745-45,7efb977a-abc3-5334-2f47-6264080811b7,1777325405,0.45,1.0,no,"{""count_fp"":""1.00"",""created_time"":""2026-04-27T21:30:05.888651Z"",""no_price_dollars"":""0.5500"",""taker_side"":""no"",""ticker"":""KXBTC15M-26APR271745-45"",""trade_id"":""7efb977a-abc3-5334-2f47-6264080811b7"",""yes_price_dollars"":""0.4500""}"
KXBTC15M-26APR271745-45,666cbaf7-cee1-5ee9-04d5-0cf867cb0c4c,1777325405,0.45,4.0,no,"{""count_fp"":""4.00"",""created_time"":""2026-04-27T21:30:05.888651Z"",""no_price_dollars"":""0.5500"",""taker_side"":""no"",""ticker"":""KXBTC15M-26APR271745-45"",""trade_id"":""666cbaf7-cee1-5ee9-04d5-0cf867cb0c4c"",""yes_price_dollars"":""0.4500""}"
KXBTC15M-26APR271745-45,63383a41-2fb3-5977-1e93-a96bbe8b85d6,1777325405,0.45,4.0,no,"{""count_fp"":""4.00"",""created_time"":""2026-04-27T21:30:05.888651Z"",""no_price_dollars"":""0.5500"",""taker_side"":""no"",""ticker"":""KXBTC15M-26APR271745-45"",""trade_id"":""63383a41-2fb3-5977-1e93-a96bbe8b85d6"",""yes_price_dollars"":""0.4500""}"
KXBTC15M-26APR271745-45,490a082e-6fd1-518e-1e70-2c69cb096832,1777325405,0.45,0.15,no,"{""count_fp"":""0.15"",""created_time"":""2026-04-27T21:30:05.888651Z"",""no_price_dollars"":""0.5500"",""taker_side"":""no"",""ticker"":""KXBTC15M-26APR271745-45"",""trade_id"":""490a082e-6fd1-518e-1e70-2c69cb096832"",""yes_price_dollars"":""0.4500""}"
KXBTC15M-26APR271745-45,1a73a9db-252f-5d83-053c-332c118f6a84,1777325405,0.45,8.0,no,"{""count_fp"":""8.00"",""created_time"":""2026-04-27T21:30:05.888651Z"",""no_price_dollars"":""0.5500"",""taker_side"":""no"",""ticker"":""KXBTC15M-26APR271745-45"",""trade_id"":""1a73a9db-252f-5d83-053c-332c118f6a84"",""yes_price_dollars"":""0.4500""}"
KXBTC15M-26APR271745-45,5027da7e-d065-74da-d28a-bd9673f189e4,1777325405,0.49,49.31,yes,"{""count_fp"":""49.31"",""created_time"":""2026-04-27T21:30:05.521851Z"",""no_price_dollars"":""0.5100"",""taker_side"":""yes"",""ticker"":""KXBTC15M-26APR271745-45"",""trade_id"":""5027da7e-d065-74da-d28a-bd9673f189e4"",""yes_price_dollars"":""0.4900""}"
KXBTC15M-26APR271745-45,ce5022a8-db69-4196-7705-34c57c72b92e,1777325407,0.45,1.04,no,"{""count_fp"":""1.04"",""created_time"":""2026-04-27T21:30:07.997888Z"",""no_price_dollars"":""0.5500"",""taker_side"":""no"",""ticker"":""KXBTC15M-26APR271745-45"",""trade_id"":""ce5022a8-db69-4196-7705-34c57c72b92e"",""yes_price_dollars"":""0.4500""}"
KXBTC15M-26APR271745-45,8ee00369-bf38-4565-6c3e-75b4065dd606,1777325407,0.45,0.96,no,"{""count_fp"":""0.96"",""created_time"":""2026-04-27T21:30:07.997888Z"",""no_price_dollars"":""0.5500"",""taker_side"":""no"",""ticker"":""KXBTC15M-26APR271745-45"",""trade_id"":""8ee00369-bf38-4565-6c3e-75b4065dd606"",""yes_price_dollars"":""0.4500""}"
KXBTC15M-26APR271745-45,ed7025ff-ac77-57c9-dec3-19ddda76673c,1777325408,0.45,13.0,no,"{""count_fp"":""13.00"",""created_time"":""2026-04-27T21:30:08.978671Z"",""no_price_dollars"":""0.5500"",""taker_side"":""no"",""ticker"":""KXBTC15M-26APR271745-45"",""trade_id"":""ed7025ff-ac77-57c9-dec3-19ddda76673c"",""yes_price_dollars"":""0.4500""}"
KXBTC15M-26APR271745-45,de56885f-78f3-53fd-d620-69f49e6f1b5b,1777325408,0.45,10.0,no,"{""count_fp"":""10.00"",""created_time"":""2026-04-27T21:30:08.978671Z"",""no_price_dollars"":""0.5500"",""taker_side"":""no"",""ticker"":""KXBTC15M-26APR271745-45"",""trade_id"":""de56885f-78f3-53fd-d620-69f49e6f1b5b"",""yes_price_dollars"":""0.4500""}"
KXBTC15M-26APR271745-45,aa5685b4-0455-5f3b-cb86-ddd658a30bae,1777325408,0.45,26.0,no,"{""count_fp"":""26.00"",""created_time"":""2026-04-27T21:30:08.978671Z"",""no_price_dollars"":""0.5500"",""taker_side"":""no"",""ticker"":""KXBTC15M-26APR271745-45"",""trade_id"":""aa5685b4-0455-5f3b-cb86-ddd658a30bae"",""yes_price_dollars"":""0.4500""}"
KXBTC15M-26APR271745-45,98bff4e6-7bf1-5042-c0b8-2d9c919f8bbe,1777325408,0.45,1.0,no,"{""count_fp"":""1.00"",""created_time"":""2026-04-27T21:30:08.978671Z"",""no_price_dollars"":""0.5500"",""taker_side"":""no"",""ticker"":""KXBTC15M-26APR271745-45"",""trade_id"":""98bff4e6-7bf1-5042-c0b8-2d9c919f8bbe"",""yes_price_dollars"":""0.4500""}"
KXBTC15M-26APR271745-45,9722b7ca-818c-43fa-6365-16cdc0036477,1777325408,0.49,10.0,yes,"{""count_fp"":""10.00"",""created_time"":""2026-04-27T21:30:08.797406Z"",""no_price_dollars"":""0.5100"",""taker_side"":""yes"",""ticker"":""KXBTC15M-26APR271745-45"",""trade_id"":""9722b7ca-818c-43fa-6365-16cdc0036477"",""yes_price_dollars"":""0.4900""}"
KXBTC15M-26APR271745-45,59670ff4-d872-4c05-4968-9cf56d9b2dbe,1777325408,0.49,10.0,yes,"{""count_fp"":""10.00"",""created_time"":""2026-04-27T21:30:08.797406Z"",""no_price_dollars"":""0.5100"",""taker_side"":""yes"",""ticker"":""KXBTC15M-26APR271745-45"",""trade_id"":""59670ff4-d872-4c05-4968-9cf56d9b2dbe"",""yes_price_dollars"":""0.4900""}"
KXBTC15M-26APR271745-45,efe9fde0-ca89-6056-5fe4-e6cc4e1258d8,1777325408,0.49,6.69,yes,"{""count_fp"":""6.69"",""created_time"":""2026-04-27T21:30:08.412148Z"",""no_price_dollars"":""0.5100"",""taker_side"":""yes"",""ticker"":""KXBTC15M-26APR271745-45"",""trade_id"":""efe9fde0-ca89-6056-5fe4-e6cc4e1258d8"",""yes_price_dollars"":""0.4900""}"
KXBTC15M-26APR271745-45,7c6d96bf-56cf-66ff-6d4c-a819e1aafbb6,1777325408,0.49,9.07,yes,"{""count_fp"":""9.07"",""created_time"":""2026-04-27T21:30:08.412148Z"",""no_price_dollars"":""0.5100"",""taker_side"":""yes"",""ticker"":""KXBTC15M-26APR271745-45"",""trade_id"":""7c6d96bf-56cf-66ff-6d4c-a819e1aafbb6"",""yes_price_dollars"":""0.4900""}"
KXBTC15M-26APR271745-45,f06b0ed6-a975-4097-6150-ab20ce8bba56,1777325409,0.45,17.59,no,"{""count_fp"":""17.59"",""created_time"":""2026-04-27T21:30:09.358834Z"",""no_price_dollars"":""0.5500"",""taker_side"":""no"",""ticker"":""KXBTC15M-26APR271745-45"",""trade_id"":""f06b0ed6-a975-4097-6150-ab20ce8bba56"",""yes_price_dollars"":""0.4500""}"
KXBTC15M-26APR271745-45,71a293ac-4e95-6d2f-d6f4-1316a07e8e32,1777325409,0.45,3.52,no,"{""count_fp"":""3.52"",""created_time"":""2026-04-27T21:30:09.246586Z"",""no_price_dollars"":""0.5500"",""taker_side"":""no"",""ticker"":""KXBTC15M-26APR271745-45"",""trade_id"":""71a293ac-4e95-6d2f-d6f4-1316a07e8e32"",""yes_price_dollars"":""0.4500""}"
KXBTC15M-26APR271745-45,efcb6094-6534-6d9e-f857-1cdd45c9a42e,1777325410,0.45,70.83,yes,"{""count_fp"":""70.83"",""created_time"":""2026-04-27T21:30:10.855367Z"",""no_price_dollars"":""0.5500"",""taker_side"":""yes"",""ticker"":""KXBTC15M-26APR271745-45"",""trade_id"":""efcb6094-6534-6d9e-f857-1cdd45c9a42e"",""yes_price_dollars"":""0.4500""}"
KXBTC15M-26APR271745-45,e2b811a2-e61e-6151-fe5c-11ceda8a3fee,1777325410,0.51,2.0,yes,"{""count_fp"":""2.00"",""created_time"":""2026-04-27T21:30:10.855367Z"",""no_price_dollars"":""0.4900"",""taker_side"":""yes"",""ticker"":""KXBTC15M-26APR271745-45"",""trade_id"":""e2b811a2-e61e-6151-fe5c-11ceda8a3fee"",""yes_price_dollars"":""0.5100""}"
KXBTC15M-26APR271745-45,cb4ae961-eec6-6200-c6fa-531957d04876,1777325410,0.49,185.57,yes,"{""count_fp"":""185.57"",""created_time"":""2026-04-27T21:30:10.855367Z"",""no_price_dollars"":""0.5100"",""taker_side"":""yes"",""ticker"":""KXBTC15M-26APR271745-45"",""trade_id"":""cb4ae961-eec6-6200-c6fa-531957d04876"",""yes_price_dollars"":""0.4900""}"
KXBTC15M-26APR271745-45,c4b8a0be-b0bf-63be-d129-009739694de1,1777325410,0.5,120.0,yes,"{""count_fp"":""120.00"",""created_time"":""2026-04-27T21:30:10.855367Z"",""no_price_dollars"":""0.5000"",""taker_side"":""yes"",""ticker"":""KXBTC15M-26APR271745-45"",""trade_id"":""c4b8a0be-b0bf-63be-d129-009739694de1"",""yes_price_dollars"":""0.5000""}"
KXBTC15M-26APR271745-45,95a8ae68-976f-60d0-e1e9-52176011e6e0,1777325410,0.48,10.0,yes,"{""count_fp"":""10.00"",""created_time"":""2026-04-27T21:30:10.855367Z"",""no_price_dollars"":""0.5200"",""taker_side"":""yes"",""ticker"":""KXBTC15M-26APR271745-45"",""trade_id"":""95a8ae68-976f-60d0-e1e9-52176011e6e0"",""yes_price_dollars"":""0.4800""}"
KXBTC15M-26APR271745-45,8884c45b-133e-6ae9-df71-de2074b45aa6,1777325410,0.52,5.88,yes,"{""count_fp"":""5.88"",""created_time"":""2026-04-27T21:30:10.855367Z"",""no_price_dollars"":""0.4800"",""taker_side"":""yes"",""ticker"":""KXBTC15M-26APR271745-45"",""trade_id"":""8884c45b-133e-6ae9-df71-de2074b45aa6"",""yes_price_dollars"":""0.5200""}"
KXBTC15M-26APR271745-45,841b3a98-f02a-6330-fcaf-06d38ed3ab97,1777325410,0.51,65.0,yes,"{""count_fp"":""65.00"",""created_time"":""2026-04-27T21:30:10.855367Z"",""no_price_dollars"":""0.4900"",""taker_side"":""yes"",""ticker"":""KXBTC15M-26APR271745-45"",""trade_id"":""841b3a98-f02a-6330-fcaf-06d38ed3ab97"",""yes_price_dollars"":""0.5100""}"
KXBTC15M-26APR271745-45,35450795-b1e6-6f24-c637-2dbe5776934a,1777325410,0.5,1.0,yes,"{""count_fp"":""1.00"",""created_time"":""2026-04-27T21:30:10.855367Z"",""no_price_dollars"":""0.5000"",""taker_side"":""yes"",""ticker"":""KXBTC15M-26APR271745-45"",""trade_id"":""35450795-b1e6-6f24-c637-2dbe5776934a"",""yes_price_dollars"":""0.5000""}"
KXBTC15M-26APR271745-45,20ed4ef7-91a7-6e12-ed2e-f93c897c15c6,1777325410,0.46,5.0,yes,"{""count_fp"":""5.00"",""created_time"":""2026-04-27T21:30:10.855367Z"",""no_price_dollars"":""0.5400"",""taker_side"":""yes"",""ticker"":""KXBTC15M-26APR271745-45"",""trade_id"":""20ed4ef7-91a7-6e12-ed2e-f93c897c15c6"",""yes_price_dollars"":""0.4600""}"
KXBTC15M-26APR271745-45,0729e8a7-20ff-650d-e99a-6bf0b4ac77b2,1777325410,0.5,2.0,yes,"{""count_fp"":""2.00"",""created_time"":""2026-04-27T21:30:10.855367Z"",""no_price_dollars"":""0.5000"",""taker_side"":""yes"",""ticker"":""KXBTC15M-26APR271745-45"",""trade_id"":""0729e8a7-20ff-650d-e99a-6bf0b4ac77b2"",""yes_price_dollars"":""0.5000""}"
KXBTC15M-26APR271745-45,03bb1478-3d67-6568-e8f8-031317818f40,1777325410,0.46,3.0,yes,"{""count_fp"":""3.00"",""created_time"":""2026-04-27T21:30:10.855367Z"",""no_price_dollars"":""0.5400"",""taker_side"":""yes"",""ticker"":""KXBTC15M-26APR271745-45"",""trade_id"":""03bb1478-3d67-6568-e8f8-031317818f40"",""yes_price_dollars"":""0.4600""}"
KXBTC15M-26APR271745-45,9e7b7c0a-8825-4af4-caa4-3578e13ee13b,1777325410,0.43,7.9,no,"{""count_fp"":""7.90"",""created_time"":""2026-04-27T21:30:10.830429Z"",""no_price_dollars"":""0.5700"",""taker_side"":""no"",""ticker"":""KXBTC15M-26APR271745-45"",""trade_id"":""9e7b7c0a-8825-4af4-caa4-3578e13ee13b"",""yes_price_dollars"":""0.4300""}"
KXBTC15M-26APR271745-45,67498ab7-8490-4a6d-da64-580c32373ff6,1777325410,0.44,9.0,no,"{""count_fp"":""9.00"",""created_time"":""2026-04-27T21:30:10.830429Z"",""no_price_dollars"":""0.5600"",""taker_side"":""no"",""ticker"":""KXBTC15M-26APR271745-45"",""trade_id"":""67498ab7-8490-4a6d-da64-580c32373ff6"",""yes_price_dollars"":""0.4400""}"
KXBTC15M-26APR271745-45,afa139e1-afdc-4ce2-7a25-4b611e0b7992,1777325410,0.45,19.32,yes,"{""count_fp"":""19.32"",""created_time"":""2026-04-27T21:30:10.568Z"",""no_price_dollars"":""0.5500"",""taker_side"":""yes"",""ticker"":""KXBTC15M-26APR271745-45"",""trade_id"":""afa139e1-afdc-4ce2-7a25-4b611e0b7992"",""yes_price_dollars"":""0.4500""}"
KXBTC15M-26APR271745-45,539ff82e-2061-7ac2-f1f6-99587b01493d,1777325410,0.42,12.37,no,"{""count_fp"":""12.37"",""created_time"":""2026-04-27T21:30:10.455764Z"",""no_price_dollars"":""0.5800"",""taker_side"":""no"",""ticker"":""KXBTC15M-26APR271745-45"",""trade_id"":""539ff82e-2061-7ac2-f1f6-99587b01493d"",""yes_price_dollars"":""0.4200""}"
KXBTC15M-26APR271745-45,1706a4dd-e9c9-7148-c5dc-164babef746b,1777325410,0.43,3.0,no,"{""count_fp"":""3.00"",""created_time"":""2026-04-27T21:30:10.455764Z"",""no_price_dollars"":""0.5700"",""taker_side"":""no"",""ticker"":""KXBTC15M-26APR271745-45"",""trade_id"":""1706a4dd-e9c9-7148-c5dc-164babef746b"",""yes_price_dollars"":""0.4300""}"
KXBTC15M-26APR271745-45,134f60ea-2cc9-79c3-d08c-2edee61bff49,1777325410,0.43,10.0,no,"{""count_fp"":""10.00"",""created_time"":""2026-04-27T21:30:10.455764Z"",""no_price_dollars"":""0.5700"",""taker_side"":""no"",""ticker"":""KXBTC15M-26APR271745-45"",""trade_id"":""134f60ea-2cc9-79c3-d08c-2edee61bff49"",""yes_price_dollars"":""0.4300""}"
KXBTC15M-26APR271745-45,4032e331-6754-738a-3434-bcea7bab919e,1777325410,0.45,19.85,yes,"{""count_fp"":""19.85"",""created_time"":""2026-04-27T21:30:10.102711Z"",""no_price_dollars"":""0.5500"",""taker_side"":""yes"",""ticker"":""KXBTC15M-26APR271745-45"",""trade_id"":""4032e331-6754-738a-3434-bcea7bab919e"",""yes_price_dollars"":""0.4500""}"
KXBTC15M-26APR271745-45,636e62c3-5a99-6986-f8a9-a0b017e8df67,1777325411,0.47,12.0,yes,"{""count_fp"":""12.00"",""created_time"":""2026-04-27T21:30:11.285689Z"",""no_price_dollars"":""0.5300"",""taker_side"":""yes"",""ticker"":""KXBTC15M-26APR271745-45"",""trade_id"":""636e62c3-5a99-6986-f8a9-a0b017e8df67"",""yes_price_dollars"":""0.4700""}"
KXBTC15M-26APR271745-45,1b9e8270-5ba3-6d65-c9d6-d7eb2b47e2a4,1777325411,0.47,3.0,yes,"{""count_fp"":""3.00"",""created_time"":""2026-04-27T21:30:11.285689Z"",""no_price_dollars"":""0.5300"",""taker_side"":""yes"",""ticker"":""KXBTC15M-26APR271745-45"",""trade_id"":""1b9e8270-5ba3-6d65-c9d6-d7eb2b47e2a4"",""yes_price_dollars"":""0.4700""}"
KXBTC15M-26APR271745-45,108b88d0-2b36-6fd1-c0e6-e10a47abced0,1777325411,0.49,34.24,yes,"{""count_fp"":""34.24"",""created_time"":""2026-04-27T21:30:11.285689Z"",""no_price_dollars"":""0.5100"",""taker_side"":""yes"",""ticker"":""KXBTC15M-26APR271745-45"",""trade_id"":""108b88d0-2b36-6fd1-c0e6-e10a47abced0"",""yes_price_dollars"":""0.4900""}"
KXBTC15M-26APR271745-45,fc6f34bc-cf03-4a17-10b4-7f7acfa709c1,1777325412,0.48,11.74,yes,"{""count_fp"":""11.74"",""created_time"":""2026-04-27T21:30:12.979685Z"",""no_price_dollars"":""0.5200"",""taker_side"":""yes"",""ticker"":""KXBTC15M-26APR271745-45"",""trade_id"":""fc6f34bc-cf03-4a17-10b4-7f7acfa709c1"",""yes_price_dollars"":""0.4800""}"
KXBTC15M-26APR271745-45,c14db1e8-82fa-4e16-1de8-dafa29941054,1777325412,0.48,5.0,yes,"{""count_fp"":""5.00"",""created_time"":""2026-04-27T21:30:12.979685Z"",""no_price_dollars"":""0.5200"",""taker_side"":""yes"",""ticker"":""KXBTC15M-26APR271745-45"",""trade_id"":""c14db1e8-82fa-4e16-1de8-dafa29941054"",""yes_price_dollars"":""0.4800""}"
KXBTC15M-26APR271745-45,6e90efc2-d7a3-456e-236e-924a9abb92cd,1777325412,0.48,3.0,yes,"{""count_fp"":""3.00"",""created_time"":""2026-04-27T21:30:12.979685Z"",""no_price_dollars"":""0.5200"",""taker_side"":""yes"",""ticker"":""KXBTC15M-26APR271745-45"",""trade_id"":""6e90efc2-d7a3-456e-236e-924a9abb92cd"",""yes_price_dollars"":""0.4800""}"
KXBTC15M-26APR271745-45,262f5fe4-531f-4c4b-c6bb-0dfd4a6e6e7e,1777325412,0.47,8.0,no,"{""count_fp"":""8.00"",""created_time"":""2026-04-27T21:30:12.224198Z"",""no_price_dollars"":""0.5300"",""taker_side"":""no"",""ticker"":""KXBTC15M-26APR271745-45"",""trade_id"":""262f5fe4-531f-4c4b-c6bb-0dfd4a6e6e7e"",""yes_price_dollars"":""0.4700""}"
KXBTC15M-26APR271745-45,b27cb3f4-a467-46cb-d28d-fac89f1d239a,1777325412,0.47,8.66,no,"{""count_fp"":""8.66"",""created_time"":""2026-04-27T21:30:12.132326Z"",""no_price_dollars"":""0.5300"",""taker_side"":""no"",""ticker"":""KXBTC15M-26APR271745-45"",""trade_id"":""b27cb3f4-a467-46cb-d28d-fac89f1d239a"",""yes_price_dollars"":""0.4700""}"
KXBTC15M-26APR271745-45,63884276-779c-79ed-7936-131545f7184d,1777325413,0.46,3.57,no,"{""count_fp"":""3.57"",""created_time"":""2026-04-27T21:30:13.873654Z"",""no_price_dollars"":""0.5400"",""taker_side"":""no"",""ticker"":""KXBTC15M-26APR271745-45"",""trade_id"":""63884276-779c-79ed-7936-131545f7184d"",""yes_price_dollars"":""0.4600""}"
KXBTC15M-26APR271745-45,676213c7-e92c-4ab1-8230-f671719dfac1,1777325413,0.46,8.66,no,"{""count_fp"":""8.66"",""created_time"":""2026-04-27T21:30:13.811768Z"",""no_price_dollars"":""0.5400"",""taker_side"":""no"",""ticker"":""KXBTC15M-26APR271745-45"",""trade_id"":""676213c7-e92c-4ab1-8230-f671719dfac1"",""yes_price_dollars"":""0.4600""}"
KXBTC15M-26APR271745-45,c9c8e71c-9cc9-7b90-e7ef-4929b0e71777,1777325413,0.45,39.58,no,"{""count_fp"":""39.58"",""created_time"":""2026-04-27T21:30:13.561891Z"",""no_price_dollars"":""0.5500"",""taker_side"":""no"",""ticker"":""KXBTC15M-26APR271745-45"",""trade_id"":""c9c8e71c-9cc9-7b90-e7ef-4929b0e71777"",""yes_price_dollars"":""0.4500""}"
KXBTC15M-26APR271745-45,7a9443a7-4ce0-78be-d021-287f15aa227f,1777325413,0.46,20.0,no,"{""count_fp"":""20.00"",""created_time"":""2026-04-27T21:30:13.561891Z"",""no_price_dollars"":""0.5400"",""taker_side"":""no"",""ticker"":""KXBTC15M-26APR271745-45"",""trade_id"":""7a9443a7-4ce0-78be-d021-287f15aa227f"",""yes_price_dollars"":""0.4600""}"
KXBTC15M-26APR271745-45,355b6448-5eae-72ec-db86-de92cc973a09,1777325413,0.46,10.0,no,"{""count_fp"":""10.00"",""created_time"":""2026-04-27T21:30:13.561891Z"",""no_price_dollars"":""0.5400"",""taker_side"":""no"",""ticker"":""KXBTC15M-26APR271745-45"",""trade_id"":""355b6448-5eae-72ec-db86-de92cc973a09"",""yes_price_dollars"":""0.4600""}"
KXBTC15M-26APR271745-45,e4bc3e97-b5bf-76c0-fd62-19513d7357bb,1777325413,0.49,20.0,yes,"{""count_fp"":""20.00"",""created_time"":""2026-04-27T21:30:13.386973Z"",""no_price_dollars"":""0.5100"",""taker_side"":""yes"",""ticker"":""KXBTC15M-26APR271745-45"",""trade_id"":""e4bc3e97-b5bf-76c0-fd62-19513d7357bb"",""yes_price_dollars"":""0.4900""}"
KXBTC15M-26APR271745-45,afa65779-f199-7141-d02f-e9aa7ba081fe,1777325413,0.49,110.0,yes,"{""count_fp"":""110.00"",""created_time"":""2026-04-27T21:30:13.386973Z"",""no_price_dollars"":""0.5100"",""taker_side"":""yes"",""ticker"":""KXBTC15M-26APR271745-45"",""trade_id"":""afa65779-f199-7141-d02f-e9aa7ba081fe"",""yes_price_dollars"":""0.4900""}"
KXBTC15M-26APR271745-45,7c6e5cce-f163-7aa1-d026-fe500bb2188c,1777325413,0.5,2.0,yes,"{""count_fp"":""2.00"",""created_time"":""2026-04-27T21:30:13.386973Z"",""no_price_dollars"":""0.5000"",""taker_side"":""yes"",""ticker"":""KXBTC15M-26APR271745-45"",""trade_id"":""7c6e5cce-f163-7aa1-d026-fe500bb2188c"",""yes_price_dollars"":""0.5000""}"
KXBTC15M-26APR271745-45,73ff03fa-28c1-7038-f1ea-0d9219a983fa,1777325413,0.49,400.0,yes,"{""count_fp"":""400.00"",""created_time"":""2026-04-27T21:30:13.386973Z"",""no_price_dollars"":""0.5100"",""taker_side"":""yes"",""ticker"":""KXBTC15M-26APR271745-45"",""trade_id"":""73ff03fa-28c1-7038-f1ea-0d9219a983fa"",""yes_price_dollars"":""0.4900""}"
KXBTC15M-26APR271745-45,6602f95a-eeb9-7188-ece2-2bc8eae85398,1777325413,0.49,56.0,yes,"{""count_fp"":""56.00"",""created_time"":""2026-04-27T21:30:13.386973Z"",""no_price_dollars"":""0.5100"",""taker_side"":""yes"",""ticker"":""KXBTC15M-26APR271745-45"",""trade_id"":""6602f95a-eeb9-7188-ece2-2bc8eae85398"",""yes_price_dollars"":""0.4900""}"
KXBTC15M-26APR271745-45,409c9be6-99a7-7ae6-e5a1-bd841aea659a,1777325413,0.49,10.0,yes,"{""count_fp"":""10.00"",""created_time"":""2026-04-27T21:30:13.386973Z"",""no_price_dollars"":""0.5100"",""taker_side"":""yes"",""ticker"":""KXBTC15M-26APR271745-45"",""trade_id"":""409c9be6-99a7-7ae6-e5a1-bd841aea659a"",""yes_price_dollars"":""0.4900""}"
KXBTC15M-26APR271745-45,3e57d9f1-3cf5-7c77-ed5e-ad8e005fa03b,1777325413,0.5,375.53,yes,"{""count_fp"":""375.53"",""created_time"":""2026-04-27T21:30:13.386973Z"",""no_price_dollars"":""0.5000"",""taker_side"":""yes"",""ticker"":""KXBTC15M-26APR271745-45"",""trade_id"":""3e57d9f1-3cf5-7c77-ed5e-ad8e005fa03b"",""yes_price_dollars"":""0.5000""}"
KXBTC15M-26APR271745-45,31970ec6-1f97-78b0-f731-9ab2f7feb074,1777325413,0.48,3.0,yes,"{""count_fp"":""3.00"",""created_time"":""2026-04-27T21:30:13.386973Z"",""no_price_dollars"":""0.5200"",""taker_side"":""yes"",""ticker"":""KXBTC15M-26APR271745-45"",""trade_id"":""31970ec6-1f97-78b0-f731-9ab2f7feb074"",""yes_price_dollars"":""0.4800""}"
KXBTC15M-26APR271745-45,2be327bd-ccc3-72c7-f0c0-0ffd1c7035b1,1777325413,0.48,0.32,yes,"{""count_fp"":""0.32"",""created_time"":""2026-04-27T21:30:13.386973Z"",""no_price_dollars"":""0.5200"",""taker_side"":""yes"",""ticker"":""KXBTC15M-26APR271745-45"",""trade_id"":""2be327bd-ccc3-72c7-f0c0-0ffd1c7035b1"",""yes_price_dollars"":""0.4800""}"
KXBTC15M-26APR271745-45,d04e9c25-93e6-6904-b650-8ac9efdb0df0,1777325413,0.47,8.66,no,"{""count_fp"":""8.66"",""created_time"":""2026-04-27T21:30:13.211073Z"",""no_price_dollars"":""0.5300"",""taker_side"":""no"",""ticker"":""KXBTC15M-26APR271745-45"",""trade_id"":""d04e9c25-93e6-6904-b650-8ac9efdb0df0"",""yes_price_dollars"":""0.4700""}"
KXBTC15M-26APR271745-45,b507d39b-cad3-6bc8-b442-235108cae7b6,1777325413,0.47,6.26,no,"{""count_fp"":""6.26"",""created_time"":""2026-04-27T21:30:13.211073Z"",""no_price_dollars"":""0.5300"",""taker_side"":""no"",""ticker"":""KXBTC15M-26APR271745-45"",""trade_id"":""b507d39b-cad3-6bc8-b442-235108cae7b6"",""yes_price_dollars"":""0.4700""}"
KXBTC15M-26APR271745-45,b40107db-e36f-6863-a33e-4d4eb848b542,1777325413,0.47,3.34,no,"{""count_fp"":""3.34"",""created_time"":""2026-04-27T21:30:13.211073Z"",""no_price_dollars"":""0.5300"",""taker_side"":""no"",""ticker"":""KXBTC15M-26APR271745-45"",""trade_id"":""b40107db-e36f-6863-a33e-4d4eb848b542"",""yes_price_dollars"":""0.4700""}"
KXBTC15M-26APR271745-45,363d0f93-c719-46a3-869f-3e9b5948507d,1777325414,0.48,0.2,yes,"{""count_fp"":""0.20"",""created_time"":""2026-04-27T21:30:14.786946Z"",""no_price_dollars"":""0.5200"",""taker_side"":""yes"",""ticker"":""KXBTC15M-26APR271745-45"",""trade_id"":""363d0f93-c719-46a3-869f-3e9b5948507d"",""yes_price_dollars"":""0.4800""}"
KXBTC15M-26APR271745-45,25054028-96f0-7450-2f0a-a56be4fc166d,1777325414,0.46,55.02,no,"{""count_fp"":""55.02"",""created_time"":""2026-04-27T21:30:14.358523Z"",""no_price_dollars"":""0.5400"",""taker_side"":""no"",""ticker"":""KXBTC15M-26APR271745-45"",""trade_id"":""25054028-96f0-7450-2f0a-a56be4fc166d"",""yes_price_dollars"":""0.4600""}"
KXBTC15M-26APR271745-45,227aaeb1-2fcc-74a5-303a-5a1c566b0525,1777325414,0.46,7.77,no,"{""count_fp"":""7.77"",""created_time"":""2026-04-27T21:30:14.358523Z"",""no_price_dollars"":""0.5400"",""taker_side"":""no"",""ticker"":""KXBTC15M-26APR271745-45"",""trade_id"":""227aaeb1-2fcc-74a5-303a-5a1c566b0525"",""yes_price_dollars"":""0.4600""}"
KXBTC15M-26APR271745-45,656cf08d-add1-4130-db0f-b48dc473f29d,1777325414,0.48,1.0,yes,"{""count_fp"":""1.00"",""created_time"":""2026-04-27T21:30:14.134155Z"",""no_price_dollars"":""0.5200"",""taker_side"":""yes"",""ticker"":""KXBTC15M-26APR271745-45"",""trade_id"":""656cf08d-add1-4130-db0f-b48dc473f29d"",""yes_price_dollars"":""0.4800""}"
KXBTC15M-26APR271745-45,82df3e00-fcd8-729d-fa29-11bdca8ee3ab,1777325415,0.47,17.94,no,"{""count_fp"":""17.94"",""created_time"":""2026-04-27T21:30:15.956913Z"",""no_price_dollars"":""0.5300"",""taker_side"":""no"",""ticker"":""KXBTC15M-26APR271745-45"",""trade_id"":""82df3e00-fcd8-729d-fa29-11bdca8ee3ab"",""yes_price_dollars"":""0.4700""}"
KXBTC15M-26APR271745-45,6c4c18df-0f24-61dd-821c-f01c131c131b,1777325415,0.47,59.2,no,"{""count_fp"":""59.20"",""created_time"":""2026-04-27T21:30:15.848985Z"",""no_price_dollars"":""0.5300"",""taker_side"":""no"",""ticker"":""KXBTC15M-26APR271745-45"",""trade_id"":""6c4c18df-0f24-61dd-821c-f01c131c131b"",""yes_price_dollars"":""0.4700""}"
KXBTC15M-26APR271745-45,d06ba270-3798-4064-f2ee-ecfb86cae672,1777325415,0.49,7.12,yes,"{""count_fp"":""7.12"",""created_time"":""2026-04-27T21:30:15.645581Z"",""no_price_dollars"":""0.5100"",""taker_side"":""yes"",""ticker"":""KXBTC15M-26APR271745-45"",""trade_id"":""d06ba270-3798-4064-f2ee-ecfb86cae672"",""yes_price_dollars"":""0.4900""}"
KXBTC15M-26APR271745-45,c29c4a56-7304-42e8-d302-2e9df98bd335,1777325415,0.48,3.0,yes,"{""count_fp"":""3.00"",""created_time"":""2026-04-27T21:30:15.645581Z"",""no_price_dollars"":""0.5200"",""taker_side"":""yes"",""ticker"":""KXBTC15M-26APR271745-45"",""trade_id"":""c29c4a56-7304-42e8-d302-2e9df98bd335"",""yes_price_dollars"":""0.4800""}"
KXBTC15M-26APR271745-45,9c34ef56-4f4d-4429-dee4-6515c5ade489,1777325415,0.48,4.5,yes,"{""count_fp"":""4.50"",""created_time"":""2026-04-27T21:30:15.645581Z"",""no_price_dollars"":""0.5200"",""taker_side"":""yes"",""ticker"":""KXBTC15M-26APR271745-45"",""trade_id"":""9c34ef56-4f4d-4429-dee4-6515c5ade489"",""yes_price_dollars"":""0.4800""}"
KXBTC15M-26APR271745-45,8d66c156-c9c5-452e-c83e-662c577bdf7a,1777325415,0.49,10.0,yes,"{""count_fp"":""10.00"",""created_time"":""2026-04-27T21:30:15.645581Z"",""no_price_dollars"":""0.5100"",""taker_side"":""yes"",""ticker"":""KXBTC15M-26APR271745-45"",""trade_id"":""8d66c156-c9c5-452e-c83e-662c577bdf7a"",""yes_price_dollars"":""0.4900""}"
KXBTC15M-26APR271745-45,7e76191f-edb2-4b8c-d5d0-7e49a274e9b3,1777325415,0.49,20.0,yes,"{""count_fp"":""20.00"",""created_time"":""2026-04-27T21:30:15.645581Z"",""no_price_dollars"":""0.5100"",""taker_side"":""yes"",""ticker"":""KXBTC15M-26APR271745-45"",""trade_id"":""7e76191f-edb2-4b8c-d5d0-7e49a274e9b3"",""yes_price_dollars"":""0.4900""}"
KXBTC15M-26APR271745-45,5e31b5ad-4478-4c67-f963-90604c22e1e3,1777325415,0.48,40.0,yes,"{""count_fp"":""40.00"",""created_time"":""2026-04-27T21:30:15.645581Z"",""no_price_dollars"":""0.5200"",""taker_side"":""yes"",""ticker"":""KXBTC15M-26APR271745-45"",""trade_id"":""5e31b5ad-4478-4c67-f963-90604c22e1e3"",""yes_price_dollars"":""0.4800""}"
KXBTC15M-26APR271745-45,58e22636-58ef-416f-e7fe-f3bdcf853f98,1777325415,0.48,13.0,yes,"{""count_fp"":""13.00"",""created_time"":""2026-04-27T21:30:15.645581Z"",""no_price_dollars"":""0.5200"",""taker_side"":""yes"",""ticker"":""KXBTC15M-26APR271745-45"",""trade_id"":""58e22636-58ef-416f-e7fe-f3bdcf853f98"",""yes_price_dollars"":""0.4800""}"
KXBTC15M-26APR271745-45,d64e393c-cc25-5609-8586-155b1e92a1ad,1777325415,0.48,0.5,yes,"{""count_fp"":""0.50"",""created_time"":""2026-04-27T21:30:15.348232Z"",""no_price_dollars"":""0.5200"",""taker_side"":""yes"",""ticker"":""KXBTC15M-26APR271745-45"",""trade_id"":""d64e393c-cc25-5609-8586-155b1e92a1ad"",""yes_price_dollars"":""0.4800""}"
KXBTC15M-26APR271745-45,93710c05-d008-4ac9-a814-14af6f441ff3,1777325416,0.47,10.96,no,"{""count_fp"":""10.96"",""created_time"":""2026-04-27T21:30:16.828502Z"",""no_price_dollars"":""0.5300"",""taker_side"":""no"",""ticker"":""KXBTC15M-26APR271745-45"",""trade_id"":""93710c05-d008-4ac9-a814-14af6f441ff3"",""yes_price_dollars"":""0.4700""}"
KXBTC15M-26APR271745-45,404ba002-2f45-595b-8a7a-411eb169a1ab,1777325416,0.48,3.0,yes,"{""count_fp"":""3.00"",""created_time"":""2026-04-27T21:30:16.634124Z"",""no_price_dollars"":""0.5200"",""taker_side"":""yes"",""ticker"":""KXBTC15M-26APR271745-45"",""trade_id"":""404ba002-2f45-595b-8a7a-411eb169a1ab"",""yes_price_dollars"":""0.4800""}"
KXBTC15M-26APR271745-45,402e772b-9be9-5a3b-ac2f-a304398b14b7,1777325416,0.48,7.05,yes,"{""count_fp"":""7.05"",""created_time"":""2026-04-27T21:30:16.634124Z"",""no_price_dollars"":""0.5200"",""taker_side"":""yes"",""ticker"":""KXBTC15M-26APR271745-45"",""trade_id"":""402e772b-9be9-5a3b-ac2f-a304398b14b7"",""yes_price_dollars"":""0.4800""}"
KXBTC15M-26APR271745-45,9f9e1e01-28c0-5249-a164-5bc3544014bf,1777325416,0.47,10.94,no,"{""count_fp"":""10.94"",""created_time"":""2026-04-27T21:30:16.600027Z"",""no_price_dollars"":""0.5300"",""taker_side"":""no"",""ticker"":""KXBTC15M-26APR271745-45"",""trade_id"":""9f9e1e01-28c0-5249-a164-5bc3544014bf"",""yes_price_dollars"":""0.4700""}"
KXBTC15M-26APR271745-45,74aeb5ee-2cf0-4c79-d997-474701c3adf3,1777325416,0.47,3.0,no,"{""count_fp"":""3.00"",""created_time"":""2026-04-27T21:30:16.007348Z"",""no_price_dollars"":""0.5300"",""taker_side"":""no"",""ticker"":""KXBTC15M-26APR271745-45"",""trade_id"":""74aeb5ee-2cf0-4c79-d997-474701c3adf3"",""yes_price_dollars"":""0.4700""}"
KXBTC15M-26APR271745-45,6ec5db3f-06d0-5209-9a87-6d5d69d7052f,1777325417,0.47,18.26,no,"{""count_fp"":""18.26"",""created_time"":""2026-04-27T21:30:17.809699Z"",""no_price_dollars"":""0.5300"",""taker_side"":""no"",""ticker"":""KXBTC15M-26APR271745-45"",""trade_id"":""6ec5db3f-06d0-5209-9a87-6d5d69d7052f"",""yes_price_dollars"":""0.4700""}"
KXBTC15M-26APR271745-45,75baa37d-8d30-5385-52e5-ae9f742fcd57,1777325417,0.47,29.22,no,"{""count_fp"":""29.22"",""created_time"":""2026-04-27T21:30:17.644778Z"",""no_price_dollars"":""0.5300"",""taker_side"":""no"",""ticker"":""KXBTC15M-26APR271745-45"",""trade_id"":""75baa37d-8d30-5385-52e5-ae9f742fcd57"",""yes_price_dollars"":""0.4700""}"
KXBTC15M-26APR271745-45,915d2950-d009-7177-8199-d280ee0c06a7,1777325417,0.48,30.15,yes,"{""count_fp"":""30.15"",""created_time"":""2026-04-27T21:30:17.577415Z"",""no_price_dollars"":""0.5200"",""taker_side"":""yes"",""ticker"":""KXBTC15M-26APR271745-45"",""trade_id"":""915d2950-d009-7177-8199-d280ee0c06a7"",""yes_price_dollars"":""0.4800""}"
KXBTC15M-26APR271745-45,64df9da7-e056-656f-c0ff-50954f7fa7f3,1777325418,0.48,6.03,yes,"{""count_fp"":""6.03"",""created_time"":""2026-04-27T21:30:18.783037Z"",""no_price_dollars"":""0.5200"",""taker_side"":""yes"",""ticker"":""KXBTC15M-26APR271745-45"",""trade_id"":""64df9da7-e056-656f-c0ff-50954f7fa7f3"",""yes_price_dollars"":""0.4800""}"
KXBTC15M-26APR271745-45,012beac0-f90c-4b1d-e25d-ce71d07fb3c3,1777325418,0.47,93.7,no,"{""count_fp"":""93.70"",""created_time"":""2026-04-27T21:30:18.685583Z"",""no_price_dollars"":""0.5300"",""taker_side"":""no"",""ticker"":""KXBTC15M-26APR271745-45"",""trade_id"":""012beac0-f90c-4b1d-e25d-ce71d07fb3c3"",""yes_price_dollars"":""0.4700""}"
KXBTC15M-26APR271745-45,348367b1-d3f8-5579-c66c-35434b8cd2e3,1777325418,0.47,9.13,no,"{""count_fp"":""9.13"",""created_time"":""2026-04-27T21:30:18.675204Z"",""no_price_dollars"":""0.5300"",""taker_side"":""no"",""ticker"":""KXBTC15M-26APR271745-45"",""trade_id"":""348367b1-d3f8-5579-c66c-35434b8cd2e3"",""yes_price_dollars"":""0.4700""}"
KXBTC15M-26APR271745-45,effc53cf-c54c-458d-8483-370dcc7948a7,1777325418,0.47,28.0,no,"{""count_fp"":""28.00"",""created_time"":""2026-04-27T21:30:18.668502Z"",""no_price_dollars"":""0.5300"",""taker_side"":""no"",""ticker"":""KXBTC15M-26APR271745-45"",""trade_id"":""effc53cf-c54c-458d-8483-370dcc7948a7"",""yes_price_dollars"":""0.4700""}"
KXBTC15M-26APR271745-45,b0169de0-6e9c-6cf1-7267-57bb8925e40b,1777325418,0.47,89.5,no,"{""count_fp"":""89.50"",""created_time"":""2026-04-27T21:30:18.627269Z"",""no_price_dollars"":""0.5300"",""taker_side"":""no"",""ticker"":""KXBTC15M-26APR271745-45"",""trade_id"":""b0169de0-6e9c-6cf1-7267-57bb8925e40b"",""yes_price_dollars"":""0.4700""}"
KXBTC15M-26APR271745-45,55e0e037-2038-4211-e2ef-89a05b1fbd6b,1777325418,0.47,1.0,no,"{""count_fp"":""1.00"",""created_time"":""2026-04-27T21:30:18.477852Z"",""no_price_dollars"":""0.5300"",""taker_side"":""no"",""ticker"":""KXBTC15M-26APR271745-45"",""trade_id"":""55e0e037-2038-4211-e2ef-89a05b1fbd6b"",""yes_price_dollars"":""0.4700""}"
KXBTC15M-26APR271745-45,f76b5c79-473d-7f77-f524-bf2110eac23b,1777325418,0.48,2.8,yes,"{""count_fp"":""2.80"",""created_time"":""2026-04-27T21:30:18.269197Z"",""no_price_dollars"":""0.5200"",""taker_side"":""yes"",""ticker"":""KXBTC15M-26APR271745-45"",""trade_id"":""f76b5c79-473d-7f77-f524-bf2110eac23b"",""yes_price_dollars"":""0.4800""}"
KXBTC15M-26APR271745-45,7affeedb-9954-7ac8-e988-40ae0b261b12,1777325418,0.49,1.14,yes,"{""count_fp"":""1.14"",""created_time"":""2026-04-27T21:30:18.269197Z"",""no_price_dollars"":""0.5100"",""taker_side"":""yes"",""ticker"":""KXBTC15M-26APR271745-45"",""trade_id"":""7affeedb-9954-7ac8-e988-40ae0b261b12"",""yes_price_dollars"":""0.4900""}"
KXBTC15M-26APR271745-45,ac1e4264-a76c-5729-489b-e543fa4f7b1f,1777325418,0.47,2.0,no,"{""count_fp"":""2.00"",""created_time"":""2026-04-27T21:30:18.029736Z"",""no_price_dollars"":""0.5300"",""taker_side"":""no"",""ticker"":""KXBTC15M-26APR271745-45"",""trade_id"":""ac1e4264-a76c-5729-489b-e543fa4f7b1f"",""yes_price_dollars"":""0.4700""}"
KXBTC15M-26APR271745-45,2b0f0876-c3f0-682d-b39e-afb806ad4427,1777325418,0.47,3.65,no,"{""count_fp"":""3.65"",""created_time"":""2026-04-27T21:30:18.019151Z"",""no_price_dollars"":""0.5300"",""taker_side"":""no"",""ticker"":""KXBTC15M-26APR271745-45"",""trade_id"":""2b0f0876-c3f0-682d-b39e-afb806ad4427"",""yes_price_dollars"":""0.4700""}"
KXBTC15M-26APR271745-45,d73e5847-7a1d-468e-1295-4ebd2241a020,1777325419,0.48,16.72,no,"{""count_fp"":""16.72"",""created_time"":""2026-04-27T21:30:19.975139Z"",""no_price_dollars"":""0.5200"",""taker_side"":""no"",""ticker"":""KXBTC15M-26APR271745-45"",""trade_id"":""d73e5847-7a1d-468e-1295-4ebd2241a020"",""yes_price_dollars"":""0.4800""}"
KXBTC15M-26APR271745-45,c566f3f9-cc85-4ca0-0529-84d55e531c77,1777325419,0.46,14.61,no,"{""count_fp"":""14.61"",""created_time"":""2026-04-27T21:30:19.975139Z"",""no_price_dollars"":""0.5400"",""taker_side"":""no"",""ticker"":""KXBTC15M-26APR271745-45"",""trade_id"":""c566f3f9-cc85-4ca0-0529-84d55e531c77"",""yes_price_dollars"":""0.4600""}"
KXBTC15M-26APR271745-45,87b66914-1b25-4d78-22ff-3c937adca977,1777325419,0.47,20.0,no,"{""count_fp"":""20.00"",""created_time"":""2026-04-27T21:30:19.975139Z"",""no_price_dollars"":""0.5300"",""taker_side"":""no"",""ticker"":""KXBTC15M-26APR271745-45"",""trade_id"":""87b66914-1b25-4d78-22ff-3c937adca977"",""yes_price_dollars"":""0.4700""}"
KXBTC15M-26APR271745-45,3041bc1c-ca54-4961-00e2-e577d8efc6eb,1777325419,0.47,40.0,no,"{""count_fp"":""40.00"",""created_time"":""2026-04-27T21:30:19.975139Z"",""no_price_dollars"":""0.5300"",""taker_side"":""no"",""ticker"":""KXBTC15M-26APR271745-45"",""trade_id"":""3041bc1c-ca54-4961-00e2-e577d8efc6eb"",""yes_price_dollars"":""0.4700""}"
KXBTC15M-26APR271745-45,a5024f42-9bb5-4d05-c9a5-aab2341d2a63,1777325419,0.49,0.13,yes,"{""count_fp"":""0.13"",""created_time"":""2026-04-27T21:30:19.863967Z"",""no_price_dollars"":""0.5100"",""taker_side"":""yes"",""ticker"":""KXBTC15M-26APR271745-45"",""trade_id"":""a5024f42-9bb5-4d05-c9a5-aab2341d2a63"",""yes_price_dollars"":""0.4900""}"
KXBTC15M-26APR271745-45,51d3ec39-9413-4360-d3ce-4a6215e59111,1777325419,0.49,19.57,yes,"{""count_fp"":""19.57"",""created_time"":""2026-04-27T21:30:19.863967Z"",""no_price_dollars"":""0.5100"",""taker_side"":""yes"",""ticker"":""KXBTC15M-26APR271745-45"",""trade_id"":""51d3ec39-9413-4360-d3ce-4a6215e59111"",""yes_price_dollars"":""0.4900""}"
KXBTC15M-26APR271745-45,92ace0fa-3851-68fe-b031-0e9098a6d834,1777325419,0.48,18.26,no,"{""count_fp"":""18.26"",""created_time"":""2026-04-27T21:30:19.712934Z"",""no_price_dollars"":""0.5200"",""taker_side"":""no"",""ticker"":""KXBTC15M-26APR271745-45"",""trade_id"":""92ace0fa-3851-68fe-b031-0e9098a6d834"",""yes_price_dollars"":""0.4800""}"
KXBTC15M-26APR271745-45,f59186ad-d85b-4178-3fd9-b296560ff1c9,1777325419,0.49,0.43,yes,"{""count_fp"":""0.43"",""created_time"":""2026-04-27T21:30:19.220446Z"",""no_price_dollars"":""0.5100"",""taker_side"":""yes"",""ticker"":""KXBTC15M-26APR271745-45"",""trade_id"":""f59186ad-d85b-4178-3fd9-b296560ff1c9"",""yes_price_dollars"":""0.4900""}"
KXBTC15M-26APR271745-45,b8f1bb18-b388-4ad7-36d3-e72454b1fa3e,1777325419,0.49,18.52,yes,"{""count_fp"":""18.52"",""created_time"":""2026-04-27T21:30:19.220446Z"",""no_price_dollars"":""0.5100"",""taker_side"":""yes"",""ticker"":""KXBTC15M-26APR271745-45"",""trade_id"":""b8f1bb18-b388-4ad7-36d3-e72454b1fa3e"",""yes_price_dollars"":""0.4900""}"
KXBTC15M-26APR271745-45,e3402347-81e8-529b-9b29-14a6cae86b96,1777325419,0.49,21.48,yes,"{""count_fp"":""21.48"",""created_time"":""2026-04-27T21:30:19.194806Z"",""no_price_dollars"":""0.5100"",""taker_side"":""yes"",""ticker"":""KXBTC15M-26APR271745-45"",""trade_id"":""e3402347-81e8-529b-9b29-14a6cae86b96"",""yes_price_dollars"":""0.4900""}"
KXBTC15M-26APR271745-45,dac1522e-7fe8-55b4-a00b-2b356cd8f2fe,1777325419,0.49,3.7,yes,"{""count_fp"":""3.70"",""created_time"":""2026-04-27T21:30:19.194806Z"",""no_price_dollars"":""0.5100"",""taker_side"":""yes"",""ticker"":""KXBTC15M-26APR271745-45"",""trade_id"":""dac1522e-7fe8-55b4-a00b-2b356cd8f2fe"",""yes_price_dollars"":""0.4900""}"
KXBTC15M-26APR271745-45,aacfdd9b-a78a-5c93-a4dd-944aa1dc3b87,1777325419,0.48,33.97,yes,"{""count_fp"":""33.97"",""created_time"":""2026-04-27T21:30:19.194806Z"",""no_price_dollars"":""0.5200"",""taker_side"":""yes"",""ticker"":""KXBTC15M-26APR271745-45"",""trade_id"":""aacfdd9b-a78a-5c93-a4dd-944aa1dc3b87"",""yes_price_dollars"":""0.4800""}"
KXBTC15M-26APR271745-45,4b5a8b8d-7195-471e-1cf2-f1c26258a8e3,1777325420,0.49,1.97,yes,"{""count_fp"":""1.97"",""created_time"":""2026-04-27T21:30:20.797463Z"",""no_price_dollars"":""0.5100"",""taker_side"":""yes"",""ticker"":""KXBTC15M-26APR271745-45"",""trade_id"":""4b5a8b8d-7195-471e-1cf2-f1c26258a8e3"",""yes_price_dollars"":""0.4900""}"
KXBTC15M-26APR271745-45,a67fa6b1-026c-641d-7f93-24e193b05b24,1777325420,0.47,13.96,no,"{""count_fp"":""13.96"",""created_time"":""2026-04-27T21:30:20.713563Z"",""no_price_dollars"":""0.5300"",""taker_side"":""no"",""ticker"":""KXBTC15M-26APR271745-45"",""trade_id"":""a67fa6b1-026c-641d-7f93-24e193b05b24"",""yes_price_dollars"":""0.4700""}"
KXBTC15M-26APR271745-45,13b5a01f-a149-6b46-5e49-5a34e49bdc24,1777325420,0.47,20.74,no,"{""count_fp"":""20.74"",""created_time"":""2026-04-27T21:30:20.713563Z"",""no_price_dollars"":""0.5300"",""taker_side"":""no"",""ticker"":""KXBTC15M-26APR271745-45"",""trade_id"":""13b5a01f-a149-6b46-5e49-5a34e49bdc24"",""yes_price_dollars"":""0.4700""}"
KXBTC15M-26APR271745-45,b2103cf2-1669-7a86-eb3b-61fbbb03f64f,1777325420,0.49,8.5,yes,"{""count_fp"":""8.50"",""created_time"":""2026-04-27T21:30:20.697321Z"",""no_price_dollars"":""0.5100"",""taker_side"":""yes"",""ticker"":""KXBTC15M-26APR271745-45"",""trade_id"":""b2103cf2-1669-7a86-eb3b-61fbbb03f64f"",""yes_price_dollars"":""0.4900""}"
KXBTC15M-26APR271745-45,8b74f594-fb86-75e6-f7a9-f36c0991de2a,1777325420,0.49,0.43,yes,"{""count_fp"":""0.43"",""created_time"":""2026-04-27T21:30:20.697321Z"",""no_price_dollars"":""0.5100"",""taker_side"":""yes"",""ticker"":""KXBTC15M-26APR271745-45"",""trade_id"":""8b74f594-fb86-75e6-f7a9-f36c0991de2a"",""yes_price_dollars"":""0.4900""}"
KXBTC15M-26APR271745-45,5473dccd-7ea3-7a00-cef8-d81b5f4c84b6,1777325420,0.49,40.0,yes,"{""count_fp"":""40.00"",""created_time"":""2026-04-27T21:30:20.697321Z"",""no_price_dollars"":""0.5100"",""taker_side"":""yes"",""ticker"":""KXBTC15M-26APR271745-45"",""trade_id"":""5473dccd-7ea3-7a00-cef8-d81b5f4c84b6"",""yes_price_dollars"":""0.4900""}"
KXBTC15M-26APR271745-45,fa1fbbd6-0c95-6fba-e4e2-0e4a6d689040,1777325420,0.47,18.26,no,"{""count_fp"":""18.26"",""created_time"":""2026-04-27T21:30:20.670723Z"",""no_price_dollars"":""0.5300"",""taker_side"":""no"",""ticker"":""KXBTC15M-26APR271745-45"",""trade_id"":""fa1fbbd6-0c95-6fba-e4e2-0e4a6d689040"",""yes_price_dollars"":""0.4700""}"
KXBTC15M-26APR271745-45,e78f83f3-674d-5902-7bf2-3d8a2a4cc534,1777325420,0.47,1.0,no,"{""count_fp"":""1.00"",""created_time"":""2026-04-27T21:30:20.482634Z"",""no_price_dollars"":""0.5300"",""taker_side"":""no"",""ticker"":""KXBTC15M-26APR271745-45"",""trade_id"":""e78f83f3-674d-5902-7bf2-3d8a2a4cc534"",""yes_price_dollars"":""0.4700""}"
KXBTC15M-26APR271745-45,2a155e2f-3f59-6987-a829-d09fa994affe,1777325421,0.48,3.0,yes,"{""count_fp"":""3.00"",""created_time"":""2026-04-27T21:30:21.974177Z"",""no_price_dollars"":""0.5200"",""taker_side"":""yes"",""ticker"":""KXBTC15M-26APR271745-45"",""trade_id"":""2a155e2f-3f59-6987-a829-d09fa994affe"",""yes_price_dollars"":""0.4800""}"
KXBTC15M-26APR271745-45,00a97e44-dec0-6d23-98ac-b41a3c62342e,1777325421,0.49,36.45,yes,"{""count_fp"":""36.45"",""created_time"":""2026-04-27T21:30:21.974177Z"",""no_price_dollars"":""0.5100"",""taker_side"":""yes"",""ticker"":""KXBTC15M-26APR271745-45"",""trade_id"":""00a97e44-dec0-6d23-98ac-b41a3c62342e"",""yes_price_dollars"":""0.4900""}"
KXBTC15M-26APR271745-45,f5894569-1f47-4719-c1ef-b8c94fdd290b,1777325421,0.47,20.0,no,"{""count_fp"":""20.00"",""created_time"":""2026-04-27T21:30:21.878849Z"",""no_price_dollars"":""0.5300"",""taker_side"":""no"",""ticker"":""KXBTC15M-26APR271745-45"",""trade_id"":""f5894569-1f47-4719-c1ef-b8c94fdd290b"",""yes_price_dollars"":""0.4700""}"
KXBTC15M-26APR271745-45,e3e18424-b217-4795-cf31-1b5e9e4beec7,1777325421,0.47,40.0,no,"{""count_fp"":""40.00"",""created_time"":""2026-04-27T21:30:21.878849Z"",""no_price_dollars"":""0.5300"",""taker_side"":""no"",""ticker"":""KXBTC15M-26APR271745-45"",""trade_id"":""e3e18424-b217-4795-cf31-1b5e9e4beec7"",""yes_price_dollars"":""0.4700""}"
KXBTC15M-26APR271745-45,a600ea1d-fdbf-4334-f8fa-e653728beb65,1777325421,0.47,0.79,no,"{""count_fp"":""0.79"",""created_time"":""2026-04-27T21:30:21.878849Z"",""no_price_dollars"":""0.5300"",""taker_side"":""no"",""ticker"":""KXBTC15M-26APR271745-45"",""trade_id"":""a600ea1d-fdbf-4334-f8fa-e653728beb65"",""yes_price_dollars"":""0.4700""}"
KXBTC15M-26APR271745-45,a479e21f-5ad1-455c-ca49-939bdeff3ffb,1777325421,0.46,84.61,no,"{""count_fp"":""84.61"",""created_time"":""2026-04-27T21:30:21.878849Z"",""no_price_dollars"":""0.5400"",""taker_side"":""no"",""ticker"":""KXBTC15M-26APR271745-45"",""trade_id"":""a479e21f-5ad1-455c-ca49-939bdeff3ffb"",""yes_price_dollars"":""0.4600""}"
KXBTC15M-26APR271745-45,878ba8db-fa0e-49e1-2ff7-347becb95f47,1777325421,0.49,40.0,yes,"{""count_fp"":""40.00"",""created_time"":""2026-04-27T21:30:21.819785Z"",""no_price_dollars"":""0.5100"",""taker_side"":""yes"",""ticker"":""KXBTC15M-26APR271745-45"",""trade_id"":""878ba8db-fa0e-49e1-2ff7-347becb95f47"",""yes_price_dollars"":""0.4900""}"
KXBTC15M-26APR271745-45,6169d305-b354-46d3-0539-e152320f2cda,1777325421,0.49,20.0,yes,"{""count_fp"":""20.00"",""created_time"":""2026-04-27T21:30:21.819785Z"",""no_price_dollars"":""0.5100"",""taker_side"":""yes"",""ticker"":""KXBTC15M-26APR271745-45"",""trade_id"":""6169d305-b354-46d3-0539-e152320f2cda"",""yes_price_dollars"":""0.4900""}"
KXBTC15M-26APR271745-45,1bba83f0-eef9-46bb-3db0-f066c06ab6e3,1777325421,0.5,5.02,yes,"{""count_fp"":""5.02"",""created_time"":""2026-04-27T21:30:21.819785Z"",""no_price_dollars"":""0.5000"",""taker_side"":""yes"",""ticker"":""KXBTC15M-26APR271745-45"",""trade_id"":""1bba83f0-eef9-46bb-3db0-f066c06ab6e3"",""yes_price_dollars"":""0.5000""}"
KXBTC15M-26APR271745-45,815067e6-be07-47f4-35d8-dcb6442b8705,1777325421,0.49,0.79,yes,"{""count_fp"":""0.79"",""created_time"":""2026-04-27T21:30:21.321882Z"",""no_price_dollars"":""0.5100"",""taker_side"":""yes"",""ticker"":""KXBTC15M-26APR271745-45"",""trade_id"":""815067e6-be07-47f4-35d8-dcb6442b8705"",""yes_price_dollars"":""0.4900""}"
KXBTC15M-26APR271745-45,37afe8b1-06c5-418a-0669-4e422870e237,1777325421,0.49,9.1,yes,"{""count_fp"":""9.10"",""created_time"":""2026-04-27T21:30:21.321882Z"",""no_price_dollars"":""0.5100"",""taker_side"":""yes"",""ticker"":""KXBTC15M-26APR271745-45"",""trade_id"":""37afe8b1-06c5-418a-0669-4e422870e237"",""yes_price_dollars"":""0.4900""}"
KXBTC15M-26APR271745-45,e2b7b6e2-3f2c-53a5-1400-8314eedc7da8,1777325421,0.47,36.53,no,"{""count_fp"":""36.53"",""created_time"":""2026-04-27T21:30:21.318397Z"",""no_price_dollars"":""0.5300"",""taker_side"":""no"",""ticker"":""KXBTC15M-26APR271745-45"",""trade_id"":""e2b7b6e2-3f2c-53a5-1400-8314eedc7da8"",""yes_price_dollars"":""0.4700""}"
KXBTC15M-26APR271745-45,672d2977-2a5c-4695-ba98-a8c94424b88c,1777325421,0.47,2.0,no,"{""count_fp"":""2.00"",""created_time"":""2026-04-27T21:30:21.185561Z"",""no_price_dollars"":""0.5300"",""taker_side"":""no"",""ticker"":""KXBTC15M-26APR271745-45"",""trade_id"":""672d2977-2a5c-4695-ba98-a8c94424b88c"",""yes_price_dollars"":""0.4700""}"
KXBTC15M-26APR271745-45,80e7820a-dec6-4b44-ff5c-7fed218d292f,1777325422,0.47,10.75,no,"{""count_fp"":""10.75"",""created_time"":""2026-04-27T21:30:22.925413Z"",""no_price_dollars"":""0.5300"",""taker_side"":""no"",""ticker"":""KXBTC15M-26APR271745-45"",""trade_id"":""80e7820a-dec6-4b44-ff5c-7fed218d292f"",""yes_price_dollars"":""0.4700""}"
KXBTC15M-26APR271745-45,643ed29e-b968-4dcb-f226-f056c0abf254,1777325422,0.47,20.0,no,"{""count_fp"":""20.00"",""created_time"":""2026-04-27T21:30:22.925413Z"",""no_price_dollars"":""0.5300"",""taker_side"":""no"",""ticker"":""KXBTC15M-26APR271745-45"",""trade_id"":""643ed29e-b968-4dcb-f226-f056c0abf254"",""yes_price_dollars"":""0.4700""}"
KXBTC15M-26APR271745-45,46236c22-5050-49d0-ed1f-dcffd64e8bad,1777325422,0.47,2.78,no,"{""count_fp"":""2.78"",""created_time"":""2026-04-27T21:30:22.925413Z"",""no_price_dollars"":""0.5300"",""taker_side"":""no"",""ticker"":""KXBTC15M-26APR271745-45"",""trade_id"":""46236c22-5050-49d0-ed1f-dcffd64e8bad"",""yes_price_dollars"":""0.4700""}"
KXBTC15M-26APR271745-45,063e89c2-ec0b-4b06-c2bd-8ac3e1afb268,1777325422,0.48,3.0,no,"{""count_fp"":""3.00"",""created_time"":""2026-04-27T21:30:22.925413Z"",""no_price_dollars"":""0.5200"",""taker_side"":""no"",""ticker"":""KXBTC15M-26APR271745-45"",""trade_id"":""063e89c2-ec0b-4b06-c2bd-8ac3e1afb268"",""yes_price_dollars"":""0.4800""}"
KXBTC15M-26APR271745-45,ab64b115-4d2c-7577-97ed-76568c529162,1777325422,0.49,49.0,yes,"{""count_fp"":""49.00"",""created_time"":""2026-04-27T21:30:22.756644Z"",""no_price_dollars"":""0.5100"",""taker_side"":""yes"",""ticker"":""KXBTC15M-26APR271745-45"",""trade_id"":""ab64b115-4d2c-7577-97ed-76568c529162"",""yes_price_dollars"":""0.4900""}"
KXBTC15M-26APR271745-45,385b5408-55b8-6e07-0f1e-e3ef3431c7e2,1777325422,0.49,1.96,yes,"{""count_fp"":""1.96"",""created_time"":""2026-04-27T21:30:22.587364Z"",""no_price_dollars"":""0.5100"",""taker_side"":""yes"",""ticker"":""KXBTC15M-26APR271745-45"",""trade_id"":""385b5408-55b8-6e07-0f1e-e3ef3431c7e2"",""yes_price_dollars"":""0.4900""}"
KXBTC15M-26APR271745-45,b83cc370-dcfa-56f8-afaa-da00e8787bcb,1777325422,0.47,3.64,no,"{""count_fp"":""3.64"",""created_time"":""2026-04-27T21:30:22.334463Z"",""no_price_dollars"":""0.5300"",""taker_side"":""no"",""ticker"":""KXBTC15M-26APR271745-45"",""trade_id"":""b83cc370-dcfa-56f8-afaa-da00e8787bcb"",""yes_price_dollars"":""0.4700""}"
KXBTC15M-26APR271745-45,bb1f5de0-087a-41fc-e6c9-68bf1dbf68f3,1777325422,0.47,10.0,no,"{""count_fp"":""10.00"",""created_time"":""2026-04-27T21:30:22.306847Z"",""no_price_dollars"":""0.5300"",""taker_side"":""no"",""ticker"":""KXBTC15M-26APR271745-45"",""trade_id"":""bb1f5de0-087a-41fc-e6c9-68bf1dbf68f3"",""yes_price_dollars"":""0.4700""}"
KXBTC15M-26APR271745-45,da25af09-28b8-6127-cf19-78f740226212,1777325422,0.49,9.69,yes,"{""count_fp"":""9.69"",""created_time"":""2026-04-27T21:30:22.255593Z"",""no_price_dollars"":""0.5100"",""taker_side"":""yes"",""ticker"":""KXBTC15M-26APR271745-45"",""trade_id"":""da25af09-28b8-6127-cf19-78f740226212"",""yes_price_dollars"":""0.4900""}"
KXBTC15M-26APR271745-45,4f925553-d7f9-610d-d7b8-272ca24de4af,1777325422,0.48,3.0,no,"{""count_fp"":""3.00"",""created_time"":""2026-04-27T21:30:22.229642Z"",""no_price_dollars"":""0.5200"",""taker_side"":""no"",""ticker"":""KXBTC15M-26APR271745-45"",""trade_id"":""4f925553-d7f9-610d-d7b8-272ca24de4af"",""yes_price_dollars"":""0.4800""}"
KXBTC15M-26APR271745-45,452e1f11-16c2-6064-cc3e-f908cfcfa36b,1777325422,0.47,6.13,no,"{""count_fp"":""6.13"",""created_time"":""2026-04-27T21:30:22.229642Z"",""no_price_dollars"":""0.5300"",""taker_side"":""no"",""ticker"":""KXBTC15M-26APR271745-45"",""trade_id"":""452e1f11-16c2-6064-cc3e-f908cfcfa36b"",""yes_price_dollars"":""0.4700""}"
KXBTC15M-26APR271745-45,7ac634d5-a814-4193-4040-78a4e55cd3f6,1777325422,0.49,0.97,yes,"{""count_fp"":""0.97"",""created_time"":""2026-04-27T21:30:22.168424Z"",""no_price_dollars"":""0.5100"",""taker_side"":""yes"",""ticker"":""KXBTC15M-26APR271745-45"",""trade_id"":""7ac634d5-a814-4193-4040-78a4e55cd3f6"",""yes_price_dollars"":""0.4900""}"
KXBTC15M-26APR271745-45,83f1363b-99e4-6d3b-82ab-95a1e174819e,1777325422,0.49,49.3,yes,"{""count_fp"":""49.30"",""created_time"":""2026-04-27T21:30:22.122102Z"",""no_price_dollars"":""0.5100"",""taker_side"":""yes"",""ticker"":""KXBTC15M-26APR271745-45"",""trade_id"":""83f1363b-99e4-6d3b-82ab-95a1e174819e"",""yes_price_dollars"":""0.4900""}"
KXBTC15M-26APR271745-45,66e4dc8b-48ca-4cc4-032c-576a6564bbff,1777325422,0.47,9.48,no,"{""count_fp"":""9.48"",""created_time"":""2026-04-27T21:30:22.030542Z"",""no_price_dollars"":""0.5300"",""taker_side"":""no"",""ticker"":""KXBTC15M-26APR271745-45"",""trade_id"":""66e4dc8b-48ca-4cc4-032c-576a6564bbff"",""yes_price_dollars"":""0.4700""}"
KXBTC15M-26APR271745-45,843f0124-330c-48f4-7c5a-6dab54c5de61,1777325423,0.47,7.0,no,"{""count_fp"":""7.00"",""created_time"":""2026-04-27T21:30:23.864417Z"",""no_price_dollars"":""0.5300"",""taker_side"":""no"",""ticker"":""KXBTC15M-26APR271745-45"",""trade_id"":""843f0124-330c-48f4-7c5a-6dab54c5de61"",""yes_price_dollars"":""0.4700""}"
KXBTC15M-26APR271745-45,2a0bb5e3-8a01-44be-75c9-abee9ab7f97e,1777325423,0.48,20.0,no,"{""count_fp"":""20.00"",""created_time"":""2026-04-27T21:30:23.864417Z"",""no_price_dollars"":""0.5200"",""taker_side"":""no"",""ticker"":""KXBTC15M-26APR271745-45"",""trade_id"":""2a0bb5e3-8a01-44be-75c9-abee9ab7f97e"",""yes_price_dollars"":""0.4800""}"
KXBTC15M-26APR271745-45,66a5dfa8-254c-4124-728a-5db7c5e844d1,1777325423,0.47,5.0,no,"{""count_fp"":""5.00"",""created_time"":""2026-04-27T21:30:23.480722Z"",""no_price_dollars"":""0.5300"",""taker_side"":""no"",""ticker"":""KXBTC15M-26APR271745-45"",""trade_id"":""66a5dfa8-254c-4124-728a-5db7c5e844d1"",""yes_price_dollars"":""0.4700""}"
KXBTC15M-26APR271745-45,7b898c60-c5c7-5380-88ae-ff0b769e195a,1777325423,0.48,3.0,no,"{""count_fp"":""3.00"",""created_time"":""2026-04-27T21:30:23.214111Z"",""no_price_dollars"":""0.5200"",""taker_side"":""no"",""ticker"":""KXBTC15M-26APR271745-45"",""trade_id"":""7b898c60-c5c7-5380-88ae-ff0b769e195a"",""yes_price_dollars"":""0.4800""}"
KXBTC15M-26APR271745-45,421edd59-7d90-5398-bf20-c74484861f1d,1777325423,0.47,15.26,no,"{""count_fp"":""15.26"",""created_time"":""2026-04-27T21:30:23.214111Z"",""no_price_dollars"":""0.5300"",""taker_side"":""no"",""ticker"":""KXBTC15M-26APR271745-45"",""trade_id"":""421edd59-7d90-5398-bf20-c74484861f1d"",""yes_price_dollars"":""0.4700""}"
KXBTC15M-26APR271745-45,682130ca-91e4-4d9f-ee93-3b0a714eba2e,1777325423,0.49,19.58,yes,"{""count_fp"":""19.58"",""created_time"":""2026-04-27T21:30:23.052874Z"",""no_price_dollars"":""0.5100"",""taker_side"":""yes"",""ticker"":""KXBTC15M-26APR271745-45"",""trade_id"":""682130ca-91e4-4d9f-ee93-3b0a714eba2e"",""yes_price_dollars"":""0.4900""}"
KXBTC15M-26APR271745-45,93055533-4eb0-6af3-c81f-539122cf13fa,1777325424,0.49,6.4,yes,"{""count_fp"":""6.40"",""created_time"":""2026-04-27T21:30:24.948337Z"",""no_price_dollars"":""0.5100"",""taker_side"":""yes"",""ticker"":""KXBTC15M-26APR271745-45"",""trade_id"":""93055533-4eb0-6af3-c81f-539122cf13fa"",""yes_price_dollars"":""0.4900""}"
KXBTC15M-26APR271745-45,ea1c1947-ef50-6780-a096-1c866a7a5df1,1777325424,0.47,0.91,no,"{""count_fp"":""0.91"",""created_time"":""2026-04-27T21:30:24.702265Z"",""no_price_dollars"":""0.5300"",""taker_side"":""no"",""ticker"":""KXBTC15M-26APR271745-45"",""trade_id"":""ea1c1947-ef50-6780-a096-1c866a7a5df1"",""yes_price_dollars"":""0.4700""}"
KXBTC15M-26APR271745-45,9ef37cc6-2570-4def-96b1-d232604cf092,1777325424,0.49,22.46,yes,"{""count_fp"":""22.46"",""created_time"":""2026-04-27T21:30:24.563365Z"",""no_price_dollars"":""0.5100"",""taker_side"":""yes"",""ticker"":""KXBTC15M-26APR271745-45"",""trade_id"":""9ef37cc6-2570-4def-96b1-d232604cf092"",""yes_price_dollars"":""0.4900""}"
KXBTC15M-26APR271745-45,4b903449-96a0-4a57-e7e3-029483173646,1777325424,0.49,15.75,yes,"{""count_fp"":""15.75"",""created_time"":""2026-04-27T21:30:24.300764Z"",""no_price_dollars"":""0.5100"",""taker_side"":""yes"",""ticker"":""KXBTC15M-26APR271745-45"",""trade_id"":""4b903449-96a0-4a57-e7e3-029483173646"",""yes_price_dollars"":""0.4900""}"
KXBTC15M-26APR271745-45,463145a9-03d5-4937-3828-8547b2ee00b4,1777325425,0.47,35.1,no,"{""count_fp"":""35.10"",""created_time"":""2026-04-27T21:30:25.915947Z"",""no_price_dollars"":""0.5300"",""taker_side"":""no"",""ticker"":""KXBTC15M-26APR271745-45"",""trade_id"":""463145a9-03d5-4937-3828-8547b2ee00b4"",""yes_price_dollars"":""0.4700""}"
KXBTC15M-26APR271745-45,00915ff5-3391-7d63-656d-2aec1e51b4a8,1777325425,0.47,9.13,no,"{""count_fp"":""9.13"",""created_time"":""2026-04-27T21:30:25.757253Z"",""no_price_dollars"":""0.5300"",""taker_side"":""no"",""ticker"":""KXBTC15M-26APR271745-45"",""trade_id"":""00915ff5-3391-7d63-656d-2aec1e51b4a8"",""yes_price_dollars"":""0.4700""}"
KXBTC15M-26APR271745-45,f5a4d211-ce31-5483-9ead-adafc359b320,1777325425,0.47,5.48,no,"{""count_fp"":""5.48"",""created_time"":""2026-04-27T21:30:25.489819Z"",""no_price_dollars"":""0.5300"",""taker_side"":""no"",""ticker"":""KXBTC15M-26APR271745-45"",""trade_id"":""f5a4d211-ce31-5483-9ead-adafc359b320"",""yes_price_dollars"":""0.4700""}"
KXBTC15M-26APR271745-45,b1f12a27-44f0-554e-c764-88882ec5a876,1777325425,0.47,3.0,no,"{""count_fp"":""3.00"",""created_time"":""2026-04-27T21:30:25.246651Z"",""no_price_dollars"":""0.5300"",""taker_side"":""no"",""ticker"":""KXBTC15M-26APR271745-45"",""trade_id"":""b1f12a27-44f0-554e-c764-88882ec5a876"",""yes_price_dollars"":""0.4700""}"
KXBTC15M-26APR271745-45,5f6accca-e5cc-59b8-f826-cc3c4f9fabed,1777325425,0.47,48.93,no,"{""count_fp"":""48.93"",""created_time"":""2026-04-27T21:30:25.246651Z"",""no_price_dollars"":""0.5300"",""taker_side"":""no"",""ticker"":""KXBTC15M-26APR271745-45"",""trade_id"":""5f6accca-e5cc-59b8-f826-cc3c4f9fabed"",""yes_price_dollars"":""0.4700""}"
KXBTC15M-26APR271745-45,4d4373f6-2388-599c-cbc5-99b4911ddfa1,1777325425,0.47,67.23,no,"{""count_fp"":""67.23"",""created_time"":""2026-04-27T21:30:25.246651Z"",""no_price_dollars"":""0.5300"",""taker_side"":""no"",""ticker"":""KXBTC15M-26APR271745-45"",""trade_id"":""4d4373f6-2388-599c-cbc5-99b4911ddfa1"",""yes_price_dollars"":""0.4700""}"
KXBTC15M-26APR271745-45,2dd3df21-bcb3-5385-daf0-4c93a8a8be61,1777325425,0.47,40.0,no,"{""count_fp"":""40.00"",""created_time"":""2026-04-27T21:30:25.246651Z"",""no_price_dollars"":""0.5300"",""taker_side"":""no"",""ticker"":""KXBTC15M-26APR271745-45"",""trade_id"":""2dd3df21-bcb3-5385-daf0-4c93a8a8be61"",""yes_price_dollars"":""0.4700""}"
KXBTC15M-26APR271745-45,2cc1eebb-91d6-5f43-ff61-49a653dae4b4,1777325425,0.47,20.0,no,"{""count_fp"":""20.00"",""created_time"":""2026-04-27T21:30:25.246651Z"",""no_price_dollars"":""0.5300"",""taker_side"":""no"",""ticker"":""KXBTC15M-26APR271745-45"",""trade_id"":""2cc1eebb-91d6-5f43-ff61-49a653dae4b4"",""yes_price_dollars"":""0.4700""}"
KXBTC15M-26APR271745-45,0f257ff1-77d6-5153-f26b-44800463bb3b,1777325425,0.47,3.0,no,"{""count_fp"":""3.00"",""created_time"":""2026-04-27T21:30:25.246651Z"",""no_price_dollars"":""0.5300"",""taker_side"":""no"",""ticker"":""KXBTC15M-26APR271745-45"",""trade_id"":""0f257ff1-77d6-5153-f26b-44800463bb3b"",""yes_price_dollars"":""0.4700""}"
KXBTC15M-26APR271745-45,9aaa4d5a-5898-5a48-0c19-2cca51c861a5,1777325425,0.47,1.82,no,"{""count_fp"":""1.82"",""created_time"":""2026-04-27T21:30:25.049462Z"",""no_price_dollars"":""0.5300"",""taker_side"":""no"",""ticker"":""KXBTC15M-26APR271745-45"",""trade_id"":""9aaa4d5a-5898-5a48-0c19-2cca51c861a5"",""yes_price_dollars"":""0.4700""}"
KXBTC15M-26APR271745-45,1f58802d-6516-514d-5847-1b11bd7f9848,1777325426,0.49,4.0,yes,"{""count_fp"":""4.00"",""created_time"":""2026-04-27T21:30:26.829858Z"",""no_price_dollars"":""0.5100"",""taker_side"":""yes"",""ticker"":""KXBTC15M-26APR271745-45"",""trade_id"":""1f58802d-6516-514d-5847-1b11bd7f9848"",""yes_price_dollars"":""0.4900""}"
KXBTC15M-26APR271745-45,ab81fef9-55b3-4b3f-86c1-80b0a0c07b61,1777325426,0.48,40.0,yes,"{""count_fp"":""40.00"",""created_time"":""2026-04-27T21:30:26.761894Z"",""no_price_dollars"":""0.5200"",""taker_side"":""yes"",""ticker"":""KXBTC15M-26APR271745-45"",""trade_id"":""ab81fef9-55b3-4b3f-86c1-80b0a0c07b61"",""yes_price_dollars"":""0.4800""}"
KXBTC15M-26APR271745-45,3960ab33-4f43-4d00-9671-b592a8ef76b1,1777325426,0.48,48.93,yes,"{""count_fp"":""48.93"",""created_time"":""2026-04-27T21:30:26.761894Z"",""no_price_dollars"":""0.5200"",""taker_side"":""yes"",""ticker"":""KXBTC15M-26APR271745-45"",""trade_id"":""3960ab33-4f43-4d00-9671-b592a8ef76b1"",""yes_price_dollars"":""0.4800""}"
KXBTC15M-26APR271745-45,2f32aaba-73b6-4069-80fe-0f7e03090cac,1777325426,0.49,1.16,yes,"{""count_fp"":""1.16"",""created_time"":""2026-04-27T21:30:26.761894Z"",""no_price_dollars"":""0.5100"",""taker_side"":""yes"",""ticker"":""KXBTC15M-26APR271745-45"",""trade_id"":""2f32aaba-73b6-4069-80fe-0f7e03090cac"",""yes_price_dollars"":""0.4900""}"
KXBTC15M-26APR271745-45,e3d6c22d-8435-6fef-d4f9-6a7b774f5ee4,1777325426,0.47,6.05,no,"{""count_fp"":""6.05"",""created_time"":""2026-04-27T21:30:26.655588Z"",""no_price_dollars"":""0.5300"",""taker_side"":""no"",""ticker"":""KXBTC15M-26APR271745-45"",""trade_id"":""e3d6c22d-8435-6fef-d4f9-6a7b774f5ee4"",""yes_price_dollars"":""0.4700""}"
KXBTC15M-26APR271745-45,d68abca8-131b-629f-e302-36ed33d64413,1777325426,0.47,13.87,no,"{""count_fp"":""13.87"",""created_time"":""2026-04-27T21:30:26.655588Z"",""no_price_dollars"":""0.5300"",""taker_side"":""no"",""ticker"":""KXBTC15M-26APR271745-45"",""trade_id"":""d68abca8-131b-629f-e302-36ed33d64413"",""yes_price_dollars"":""0.4700""}"
KXBTC15M-26APR271745-45,db48be06-4b56-7f09-fbb8-fc86c1259882,1777325426,0.47,3.0,no,"{""count_fp"":""3.00"",""created_time"":""2026-04-27T21:30:26.546737Z"",""no_price_dollars"":""0.5300"",""taker_side"":""no"",""ticker"":""KXBTC15M-26APR271745-45"",""trade_id"":""db48be06-4b56-7f09-fbb8-fc86c1259882"",""yes_price_dollars"":""0.4700""}"
KXBTC15M-26APR271745-45,c7a8d2cf-33ff-73db-df46-b1d9f092437b,1777325426,0.47,6.13,no,"{""count_fp"":""6.13"",""created_time"":""2026-04-27T21:30:26.546737Z"",""no_price_dollars"":""0.5300"",""taker_side"":""no"",""ticker"":""KXBTC15M-26APR271745-45"",""trade_id"":""c7a8d2cf-33ff-73db-df46-b1d9f092437b"",""yes_price_dollars"":""0.4700""}"
KXBTC15M-26APR271745-45,ef7c775a-0e60-7de6-4e43-b2484e991558,1777325427,0.47,3.0,no,"{""count_fp"":""3.00"",""created_time"":""2026-04-27T21:30:27.990063Z"",""no_price_dollars"":""0.5300"",""taker_side"":""no"",""ticker"":""KXBTC15M-26APR271745-45"",""trade_id"":""ef7c775a-0e60-7de6-4e43-b2484e991558"",""yes_price_dollars"":""0.4700""}"
KXBTC15M-26APR271745-45,e522cce5-1749-716c-426a-66a930355a53,1777325427,0.46,195.81,no,"{""count_fp"":""195.81"",""created_time"":""2026-04-27T21:30:27.990063Z"",""no_price_dollars"":""0.5400"",""taker_side"":""no"",""ticker"":""KXBTC15M-26APR271745-45"",""trade_id"":""e522cce5-1749-716c-426a-66a930355a53"",""yes_price_dollars"":""0.4600""}"
KXBTC15M-26APR271745-45,dc1e0756-1334-7233-6503-e959cceb5851,1777325427,0.47,40.0,no,"{""count_fp"":""40.00"",""created_time"":""2026-04-27T21:30:27.990063Z"",""no_price_dollars"":""0.5300"",""taker_side"":""no"",""ticker"":""KXBTC15M-26APR271745-45"",""trade_id"":""dc1e0756-1334-7233-6503-e959cceb5851"",""yes_price_dollars"":""0.4700""}"
KXBTC15M-26APR271745-45,9f99afb6-4eeb-7378-433f-5b9109d8f7dd,1777325427,0.47,13.87,no,"{""count_fp"":""13.87"",""created_time"":""2026-04-27T21:30:27.990063Z"",""no_price_dollars"":""0.5300"",""taker_side"":""no"",""ticker"":""KXBTC15M-26APR271745-45"",""trade_id"":""9f99afb6-4eeb-7378-433f-5b9109d8f7dd"",""yes_price_dollars"":""0.4700""}"
KXBTC15M-26APR271745-45,8d92956a-da32-749c-499e-6f949da75b00,1777325427,0.47,2.36,no,"{""count_fp"":""2.36"",""created_time"":""2026-04-27T21:30:27.990063Z"",""no_price_dollars"":""0.5300"",""taker_side"":""no"",""ticker"":""KXBTC15M-26APR271745-45"",""trade_id"":""8d92956a-da32-749c-499e-6f949da75b00"",""yes_price_dollars"":""0.4700""}"
KXBTC15M-26APR271745-45,4601530e-28a2-785a-7bb5-ab3732853c6d,1777325427,0.47,6.13,no,"{""count_fp"":""6.13"",""created_time"":""2026-04-27T21:30:27.990063Z"",""no_price_dollars"":""0.5300"",""taker_side"":""no"",""ticker"":""KXBTC15M-26APR271745-45"",""trade_id"":""4601530e-28a2-785a-7bb5-ab3732853c6d"",""yes_price_dollars"":""0.4700""}"
KXBTC15M-26APR271745-45,0a6fdf47-30c7-7caf-7a45-18e8edc30c76,1777325427,0.47,100.0,no,"{""count_fp"":""100.00"",""created_time"":""2026-04-27T21:30:27.990063Z"",""no_price_dollars"":""0.5300"",""taker_side"":""no"",""ticker"":""KXBTC15M-26APR271745-45"",""trade_id"":""0a6fdf47-30c7-7caf-7a45-18e8edc30c76"",""yes_price_dollars"":""0.4700""}"
KXBTC15M-26APR271745-45,69a475a6-1452-7932-a740-67a156044fdc,1777325427,0.48,4.68,yes,"{""count_fp"":""4.68"",""created_time"":""2026-04-27T21:30:27.881375Z"",""no_price_dollars"":""0.5200"",""taker_side"":""yes"",""ticker"":""KXBTC15M-26APR271745-45"",""trade_id"":""69a475a6-1452-7932-a740-67a156044fdc"",""yes_price_dollars"":""0.4800""}"
KXBTC15M-26APR271745-45,6e4c154c-3f46-6c40-c753-8107776cf3f4,1777325427,0.47,7.3,no,"{""count_fp"":""7.30"",""created_time"":""2026-04-27T21:30:27.735345Z"",""no_price_dollars"":""0.5300"",""taker_side"":""no"",""ticker"":""KXBTC15M-26APR271745-45"",""trade_id"":""6e4c154c-3f46-6c40-c753-8107776cf3f4"",""yes_price_dollars"":""0.4700""}"
KXBTC15M-26APR271745-45,4a8f6fac-7ba5-555f-41f4-9a1d302c7e28,1777325427,0.47,50.0,no,"{""count_fp"":""50.00"",""created_time"":""2026-04-27T21:30:27.290938Z"",""no_price_dollars"":""0.5300"",""taker_side"":""no"",""ticker"":""KXBTC15M-26APR271745-45"",""trade_id"":""4a8f6fac-7ba5-555f-41f4-9a1d302c7e28"",""yes_price_dollars"":""0.4700""}"
KXBTC15M-26APR271745-45,f4cc8ed5-c688-78e3-2b47-2e3a336d314e,1777325428,0.48,10.32,yes,"{""count_fp"":""10.32"",""created_time"":""2026-04-27T21:30:28.962014Z"",""no_price_dollars"":""0.5200"",""taker_side"":""yes"",""ticker"":""KXBTC15M-26APR271745-45"",""trade_id"":""f4cc8ed5-c688-78e3-2b47-2e3a336d314e"",""yes_price_dollars"":""0.4800""}"
KXBTC15M-26APR271745-45,623327cb-d58f-442f-d44d-d4214b155ac6,1777325428,0.47,3.0,no,"{""count_fp"":""3.00"",""created_time"":""2026-04-27T21:30:28.942748Z"",""no_price_dollars"":""0.5300"",""taker_side"":""no"",""ticker"":""KXBTC15M-26APR271745-45"",""trade_id"":""623327cb-d58f-442f-d44d-d4214b155ac6"",""yes_price_dollars"":""0.4700""}"
KXBTC15M-26APR271745-45,14d14edd-0324-47db-cee7-040aeb70eef3,1777325428,0.47,6.13,no,"{""count_fp"":""6.13"",""created_time"":""2026-04-27T21:30:28.942748Z"",""no_price_dollars"":""0.5300"",""taker_side"":""no"",""ticker"":""KXBTC15M-26APR271745-45"",""trade_id"":""14d14edd-0324-47db-cee7-040aeb70eef3"",""yes_price_dollars"":""0.4700""}"
KXBTC15M-26APR271745-45,bdef425d-ee34-729c-a615-e032fbd9af59,1777325428,0.47,6.0,yes,"{""count_fp"":""6.00"",""created_time"":""2026-04-27T21:30:28.236751Z"",""no_price_dollars"":""0.5300"",""taker_side"":""yes"",""ticker"":""KXBTC15M-26APR271745-45"",""trade_id"":""bdef425d-ee34-729c-a615-e032fbd9af59"",""yes_price_dollars"":""0.4700""}"
KXBTC15M-26APR271745-45,8da5aef6-f2ba-75d6-9fb0-04a6e4d42d88,1777325428,0.48,13.7,yes,"{""count_fp"":""13.70"",""created_time"":""2026-04-27T21:30:28.236751Z"",""no_price_dollars"":""0.5200"",""taker_side"":""yes"",""ticker"":""KXBTC15M-26APR271745-45"",""trade_id"":""8da5aef6-f2ba-75d6-9fb0-04a6e4d42d88"",""yes_price_dollars"":""0.4800""}"
KXBTC15M-26APR271745-45,fc796fdc-a5c5-44b0-a5e5-558141dd8422,1777325429,0.49,4.84,yes,"{""count_fp"":""4.84"",""created_time"":""2026-04-27T21:30:29.641029Z"",""no_price_dollars"":""0.5100"",""taker_side"":""yes"",""ticker"":""KXBTC15M-26APR271745-45"",""trade_id"":""fc796fdc-a5c5-44b0-a5e5-558141dd8422"",""yes_price_dollars"":""0.4900""}"
KXBTC15M-26APR271745-45,e736f679-9f56-46d4-a9d3-b7fe56a99b06,1777325429,0.49,5.0,yes,"{""count_fp"":""5.00"",""created_time"":""2026-04-27T21:30:29.641029Z"",""no_price_dollars"":""0.5100"",""taker_side"":""yes"",""ticker"":""KXBTC15M-26APR271745-45"",""trade_id"":""e736f679-9f56-46d4-a9d3-b7fe56a99b06"",""yes_price_dollars"":""0.4900""}"
KXBTC15M-26APR271745-45,07e6ec6b-e80a-76d9-dc14-dd7c38bce1c2,1777325429,0.48,3.65,no,"{""count_fp"":""3.65"",""created_time"":""2026-04-27T21:30:29.338087Z"",""no_price_dollars"":""0.5200"",""taker_side"":""no"",""ticker"":""KXBTC15M-26APR271745-45"",""trade_id"":""07e6ec6b-e80a-76d9-dc14-dd7c38bce1c2"",""yes_price_dollars"":""0.4800""}"
KXBTC15M-26APR271745-45,d26864f0-f06b-4d18-dda2-9a7d7a90d609,1777325429,0.48,1.0,yes,"{""count_fp"":""1.00"",""created_time"":""2026-04-27T21:30:29.310442Z"",""no_price_dollars"":""0.5200"",""taker_side"":""yes"",""ticker"":""KXBTC15M-26APR271745-45"",""trade_id"":""d26864f0-f06b-4d18-dda2-9a7d7a90d609"",""yes_price_dollars"":""0.4800""}"
KXBTC15M-26APR271745-45,cba64895-3edb-40da-dca1-f1589aa5eb69,1777325429,0.49,56.0,yes,"{""count_fp"":""56.00"",""created_time"":""2026-04-27T21:30:29.310442Z"",""no_price_dollars"":""0.5100"",""taker_side"":""yes"",""ticker"":""KXBTC15M-26APR271745-45"",""trade_id"":""cba64895-3edb-40da-dca1-f1589aa5eb69"",""yes_price_dollars"":""0.4900""}"
KXBTC15M-26APR271745-45,8d1efb49-f93d-4ff1-e22b-8b14203badf1,1777325429,0.49,38.0,yes,"{""count_fp"":""38.00"",""created_time"":""2026-04-27T21:30:29.310442Z"",""no_price_dollars"":""0.5100"",""taker_side"":""yes"",""ticker"":""KXBTC15M-26APR271745-45"",""trade_id"":""8d1efb49-f93d-4ff1-e22b-8b14203badf1"",""yes_price_dollars"":""0.4900""}"
KXBTC15M-26APR271745-45,74761f1d-195e-42a9-d420-33d62e2a80e4,1777325429,0.49,34.84,yes,"{""count_fp"":""34.84"",""created_time"":""2026-04-27T21:30:29.310442Z"",""no_price_dollars"":""0.5100"",""taker_side"":""yes"",""ticker"":""KXBTC15M-26APR271745-45"",""trade_id"":""74761f1d-195e-42a9-d420-33d62e2a80e4"",""yes_price_dollars"":""0.4900""}"
KXBTC15M-26APR271745-45,6dd25774-b7f6-487a-d6e2-89da9b70c8c3,1777325429,0.49,20.0,yes,"{""count_fp"":""20.00"",""created_time"":""2026-04-27T21:30:29.310442Z"",""no_price_dollars"":""0.5100"",""taker_side"":""yes"",""ticker"":""KXBTC15M-26APR271745-45"",""trade_id"":""6dd25774-b7f6-487a-d6e2-89da9b70c8c3"",""yes_price_dollars"":""0.4900""}"
KXBTC15M-26APR271745-45,3f195927-3361-4667-efd2-ed978e555044,1777325429,0.49,3.0,yes,"{""count_fp"":""3.00"",""created_time"":""2026-04-27T21:30:29.310442Z"",""no_price_dollars"":""0.5100"",""taker_side"":""yes"",""ticker"":""KXBTC15M-26APR271745-45"",""trade_id"":""3f195927-3361-4667-efd2-ed978e555044"",""yes_price_dollars"":""0.4900""}"
KXBTC15M-26APR271745-45,36dbf1b8-c44d-46fb-e257-4e76974ebc83,1777325429,0.5,320.77,yes,"{""count_fp"":""320.77"",""created_time"":""2026-04-27T21:30:29.310442Z"",""no_price_dollars"":""0.5000"",""taker_side"":""yes"",""ticker"":""KXBTC15M-26APR271745-45"",""trade_id"":""36dbf1b8-c44d-46fb-e257-4e76974ebc83"",""yes_price_dollars"":""0.5000""}"
KXBTC15M-26APR271745-45,172609c6-6bf4-4353-f40a-f86986b39e7e,1777325429,0.49,500.0,yes,"{""count_fp"":""500.00"",""created_time"":""2026-04-27T21:30:29.310442Z"",""no_price_dollars"":""0.5100"",""taker_side"":""yes"",""ticker"":""KXBTC15M-26APR271745-45"",""trade_id"":""172609c6-6bf4-4353-f40a-f86986b39e7e"",""yes_price_dollars"":""0.4900""}"
KXBTC15M-26APR271745-45,f0b5ed6c-171b-5ef9-8753-a5ec5a24fd82,1777325429,0.48,40.0,yes,"{""count_fp"":""40.00"",""created_time"":""2026-04-27T21:30:29.187407Z"",""no_price_dollars"":""0.5200"",""taker_side"":""yes"",""ticker"":""KXBTC15M-26APR271745-45"",""trade_id"":""f0b5ed6c-171b-5ef9-8753-a5ec5a24fd82"",""yes_price_dollars"":""0.4800""}"
KXBTC15M-26APR271745-45,7cf2116f-c01e-5c1a-a9c9-80bdf74f023a,1777325429,0.48,6.26,yes,"{""count_fp"":""6.26"",""created_time"":""2026-04-27T21:30:29.187407Z"",""no_price_dollars"":""0.5200"",""taker_side"":""yes"",""ticker"":""KXBTC15M-26APR271745-45"",""trade_id"":""7cf2116f-c01e-5c1a-a9c9-80bdf74f023a"",""yes_price_dollars"":""0.4800""}"
KXBTC15M-26APR271745-45,466fe737-c585-5d50-81ab-3a3661ca928c,1777325429,0.48,3.0,yes,"{""count_fp"":""3.00"",""created_time"":""2026-04-27T21:30:29.187407Z"",""no_price_dollars"":""0.5200"",""taker_side"":""yes"",""ticker"":""KXBTC15M-26APR271745-45"",""trade_id"":""466fe737-c585-5d50-81ab-3a3661ca928c"",""yes_price_dollars"":""0.4800""}"
KXBTC15M-26APR271745-45,f49f7090-6e40-782b-126e-21199e66b20e,1777325429,0.48,9.85,yes,"{""count_fp"":""9.85"",""created_time"":""2026-04-27T21:30:29.028794Z"",""no_price_dollars"":""0.5200"",""taker_side"":""yes"",""ticker"":""KXBTC15M-26APR271745-45"",""trade_id"":""f49f7090-6e40-782b-126e-21199e66b20e"",""yes_price_dollars"":""0.4800""}"
KXBTC15M-26APR271745-45,468eb990-ac72-5191-1a7b-16e592d42786,1777325430,0.48,11.68,no,"{""count_fp"":""11.68"",""created_time"":""2026-04-27T21:30:30.676649Z"",""no_price_dollars"":""0.5200"",""taker_side"":""no"",""ticker"":""KXBTC15M-26APR271745-45"",""trade_id"":""468eb990-ac72-5191-1a7b-16e592d42786"",""yes_price_dollars"":""0.4800""}"
KXBTC15M-26APR271745-45,57fddc8b-6826-447d-f7bb-4b4825280986,1777325430,0.48,1.0,no,"{""count_fp"":""1.00"",""created_time"":""2026-04-27T21:30:30.495145Z"",""no_price_dollars"":""0.5200"",""taker_side"":""no"",""ticker"":""KXBTC15M-26APR271745-45"",""trade_id"":""57fddc8b-6826-447d-f7bb-4b4825280986"",""yes_price_dollars"":""0.4800""}"
KXBTC15M-26APR271745-45,ddda9078-2b65-71e7-c446-ad4eb7e43b15,1777325431,0.49,348.09,yes,"{""count_fp"":""348.09"",""created_time"":""2026-04-27T21:30:31.943095Z"",""no_price_dollars"":""0.5100"",""taker_side"":""yes"",""ticker"":""KXBTC15M-26APR271745-45"",""trade_id"":""ddda9078-2b65-71e7-c446-ad4eb7e43b15"",""yes_price_dollars"":""0.4900""}"
KXBTC15M-26APR271745-45,a264ca40-f456-78c5-f975-f8cd61edc285,1777325431,0.48,38.0,yes,"{""count_fp"":""38.00"",""created_time"":""2026-04-27T21:30:31.943095Z"",""no_price_dollars"":""0.5200"",""taker_side"":""yes"",""ticker"":""KXBTC15M-26APR271745-45"",""trade_id"":""a264ca40-f456-78c5-f975-f8cd61edc285"",""yes_price_dollars"":""0.4800""}"
KXBTC15M-26APR271745-45,6db7d7a8-b0e3-7c70-c86b-7ec6fe581cea,1777325431,0.48,8.0,yes,"{""count_fp"":""8.00"",""created_time"":""2026-04-27T21:30:31.943095Z"",""no_price_dollars"":""0.5200"",""taker_side"":""yes"",""ticker"":""KXBTC15M-26APR271745-45"",""trade_id"":""6db7d7a8-b0e3-7c70-c86b-7ec6fe581cea"",""yes_price_dollars"":""0.4800""}"
KXBTC15M-26APR271745-45,dc150108-7241-5598-bc11-1ac58a2e2a4b,1777325431,0.46,8.94,no,"{""count_fp"":""8.94"",""created_time"":""2026-04-27T21:30:31.904037Z"",""no_price_dollars"":""0.5400"",""taker_side"":""no"",""ticker"":""KXBTC15M-26APR271745-45"",""trade_id"":""dc150108-7241-5598-bc11-1ac58a2e2a4b"",""yes_price_dollars"":""0.4600""}"
KXBTC15M-26APR271745-45,a7cc379e-af5a-5a9d-1d33-34d364058295,1777325431,0.48,2.0,yes,"{""count_fp"":""2.00"",""created_time"":""2026-04-27T21:30:31.658409Z"",""no_price_dollars"":""0.5200"",""taker_side"":""yes"",""ticker"":""KXBTC15M-26APR271745-45"",""trade_id"":""a7cc379e-af5a-5a9d-1d33-34d364058295"",""yes_price_dollars"":""0.4800""}"
KXBTC15M-26APR271745-45,ee817fe3-df26-4293-becd-268a714e9036,1777325431,0.47,20.0,no,"{""count_fp"":""20.00"",""created_time"":""2026-04-27T21:30:31.621107Z"",""no_price_dollars"":""0.5300"",""taker_side"":""no"",""ticker"":""KXBTC15M-26APR271745-45"",""trade_id"":""ee817fe3-df26-4293-becd-268a714e9036"",""yes_price_dollars"":""0.4700""}"
KXBTC15M-26APR271745-45,be8f97d6-b306-4e95-88dc-3fadaf0085b0,1777325431,0.48,1.0,no,"{""count_fp"":""1.00"",""created_time"":""2026-04-27T21:30:31.621107Z"",""no_price_dollars"":""0.5200"",""taker_side"":""no"",""ticker"":""KXBTC15M-26APR271745-45"",""trade_id"":""be8f97d6-b306-4e95-88dc-3fadaf0085b0"",""yes_price_dollars"":""0.4800""}"
KXBTC15M-26APR271745-45,b907ea6a-2513-4af6-98cc-cbc9b1391d2e,1777325431,0.47,40.0,no,"{""count_fp"":""40.00"",""created_time"":""2026-04-27T21:30:31.621107Z"",""no_price_dollars"":""0.5300"",""taker_side"":""no"",""ticker"":""KXBTC15M-26APR271745-45"",""trade_id"":""b907ea6a-2513-4af6-98cc-cbc9b1391d2e"",""yes_price_dollars"":""0.4700""}"
KXBTC15M-26APR271745-45,525fc118-e235-440c-8cdf-df1de9f55d5b,1777325431,0.46,147.5,no,"{""count_fp"":""147.50"",""created_time"":""2026-04-27T21:30:31.621107Z"",""no_price_dollars"":""0.5400"",""taker_side"":""no"",""ticker"":""KXBTC15M-26APR271745-45"",""trade_id"":""525fc118-e235-440c-8cdf-df1de9f55d5b"",""yes_price_dollars"":""0.4600""}"
KXBTC15M-26APR271745-45,c3317c68-97a1-75e8-2ca3-09212cc22e5a,1777325431,0.49,5.15,yes,"{""count_fp"":""5.15"",""created_time"":""2026-04-27T21:30:31.451969Z"",""no_price_dollars"":""0.5100"",""taker_side"":""yes"",""ticker"":""KXBTC15M-26APR271745-45"",""trade_id"":""c3317c68-97a1-75e8-2ca3-09212cc22e5a"",""yes_price_dollars"":""0.4900""}"
KXBTC15M-26APR271745-45,17f79d91-6ef5-72f7-16a1-d37bec1471f9,1777325431,0.49,28.34,yes,"{""count_fp"":""28.34"",""created_time"":""2026-04-27T21:30:31.451969Z"",""no_price_dollars"":""0.5100"",""taker_side"":""yes"",""ticker"":""KXBTC15M-26APR271745-45"",""trade_id"":""17f79d91-6ef5-72f7-16a1-d37bec1471f9"",""yes_price_dollars"":""0.4900""}"
KXBTC15M-26APR271745-45,4f1b4e00-0b41-5cc4-7f1a-549c318d27ca,1777325431,0.49,2.36,yes,"{""count_fp"":""2.36"",""created_time"":""2026-04-27T21:30:31.009922Z"",""no_price_dollars"":""0.5100"",""taker_side"":""yes"",""ticker"":""KXBTC15M-26APR271745-45"",""trade_id"":""4f1b4e00-0b41-5cc4-7f1a-549c318d27ca"",""yes_price_dollars"":""0.4900""}"
KXBTC15M-26APR271745-45,18ff9386-791a-5889-a3d4-6c034a966c05,1777325432,0.47,2.0,no,"{""count_fp"":""2.00"",""created_time"":""2026-04-27T21:30:32.570301Z"",""no_price_dollars"":""0.5300"",""taker_side"":""no"",""ticker"":""KXBTC15M-26APR271745-45"",""trade_id"":""18ff9386-791a-5889-a3d4-6c034a966c05"",""yes_price_dollars"":""0.4700""}"
KXBTC15M-26APR271745-45,2b721d90-62b6-6de5-fa1a-3bfbf6caa909,1777325432,0.47,5.0,no,"{""count_fp"":""5.00"",""created_time"":""2026-04-27T21:30:32.508184Z"",""no_price_dollars"":""0.5300"",""taker_side"":""no"",""ticker"":""KXBTC15M-26APR271745-45"",""trade_id"":""2b721d90-62b6-6de5-fa1a-3bfbf6caa909"",""yes_price_dollars"":""0.4700""}"
KXBTC15M-26APR271745-45,63796658-e9ed-4503-f582-2a9e24adf241,1777325432,0.49,1.0,yes,"{""count_fp"":""1.00"",""created_time"":""2026-04-27T21:30:32.354721Z"",""no_price_dollars"":""0.5100"",""taker_side"":""yes"",""ticker"":""KXBTC15M-26APR271745-45"",""trade_id"":""63796658-e9ed-4503-f582-2a9e24adf241"",""yes_price_dollars"":""0.4900""}"
KXBTC15M-26APR271745-45,9ba87348-80a9-5723-bf5e-c27f177000dd,1777325432,0.49,98.52,yes,"{""count_fp"":""98.52"",""created_time"":""2026-04-27T21:30:32.323502Z"",""no_price_dollars"":""0.5100"",""taker_side"":""yes"",""ticker"":""KXBTC15M-26APR271745-45"",""trade_id"":""9ba87348-80a9-5723-bf5e-c27f177000dd"",""yes_price_dollars"":""0.4900""}"
KXBTC15M-26APR271745-45,ae2e3034-7979-588b-a0cb-6c09a0af0399,1777325432,0.49,7.88,yes,"{""count_fp"":""7.88"",""created_time"":""2026-04-27T21:30:32.251086Z"",""no_price_dollars"":""0.5100"",""taker_side"":""yes"",""ticker"":""KXBTC15M-26APR271745-45"",""trade_id"":""ae2e3034-7979-588b-a0cb-6c09a0af0399"",""yes_price_dollars"":""0.4900""}"
KXBTC15M-26APR271745-45,3e0bcc56-53e6-46b5-7ea4-3cbbfef2d5fd,1777325433,0.49,10.0,yes,"{""count_fp"":""10.00"",""created_time"":""2026-04-27T21:30:33.905046Z"",""no_price_dollars"":""0.5100"",""taker_side"":""yes"",""ticker"":""KXBTC15M-26APR271745-45"",""trade_id"":""3e0bcc56-53e6-46b5-7ea4-3cbbfef2d5fd"",""yes_price_dollars"":""0.4900""}"
KXBTC15M-26APR271745-45,e0f868b1-fcda-65d4-d0ae-ca0850ed5830,1777325433,0.49,3.0,yes,"{""count_fp"":""3.00"",""created_time"":""2026-04-27T21:30:33.846281Z"",""no_price_dollars"":""0.5100"",""taker_side"":""yes"",""ticker"":""KXBTC15M-26APR271745-45"",""trade_id"":""e0f868b1-fcda-65d4-d0ae-ca0850ed5830"",""yes_price_dollars"":""0.4900""}"
KXBTC15M-26APR271745-45,dc941b96-7a1f-657a-d08e-6e57474e5103,1777325433,0.49,16.48,yes,"{""count_fp"":""16.48"",""created_time"":""2026-04-27T21:30:33.846281Z"",""no_price_dollars"":""0.5100"",""taker_side"":""yes"",""ticker"":""KXBTC15M-26APR271745-45"",""trade_id"":""dc941b96-7a1f-657a-d08e-6e57474e5103"",""yes_price_dollars"":""0.4900""}"
KXBTC15M-26APR271745-45,84f523a9-617a-6556-eb25-4acc909fe38e,1777325433,0.49,56.77,yes,"{""count_fp"":""56.77"",""created_time"":""2026-04-27T21:30:33.846281Z"",""no_price_dollars"":""0.5100"",""taker_side"":""yes"",""ticker"":""KXBTC15M-26APR271745-45"",""trade_id"":""84f523a9-617a-6556-eb25-4acc909fe38e"",""yes_price_dollars"":""0.4900""}"
KXBTC15M-26APR271745-45,6311a4f6-8466-658e-f35b-d72fb8cff41f,1777325433,0.49,40.0,yes,"{""count_fp"":""40.00"",""created_time"":""2026-04-27T21:30:33.846281Z"",""no_price_dollars"":""0.5100"",""taker_side"":""yes"",""ticker"":""KXBTC15M-26APR271745-45"",""trade_id"":""6311a4f6-8466-658e-f35b-d72fb8cff41f"",""yes_price_dollars"":""0.4900""}"
KXBTC15M-26APR271745-45,e75bdf05-e345-7af3-eb52-8300e784f4a1,1777325433,0.49,16.17,yes,"{""count_fp"":""16.17"",""created_time"":""2026-04-27T21:30:33.526543Z"",""no_price_dollars"":""0.5100"",""taker_side"":""yes"",""ticker"":""KXBTC15M-26APR271745-45"",""trade_id"":""e75bdf05-e345-7af3-eb52-8300e784f4a1"",""yes_price_dollars"":""0.4900""}"
KXBTC15M-26APR271745-45,bc56727d-4a23-7782-df57-d76924bda96f,1777325433,0.49,3.52,yes,"{""count_fp"":""3.52"",""created_time"":""2026-04-27T21:30:33.526543Z"",""no_price_dollars"":""0.5100"",""taker_side"":""yes"",""ticker"":""KXBTC15M-26APR271745-45"",""trade_id"":""bc56727d-4a23-7782-df57-d76924bda96f"",""yes_price_dollars"":""0.4900""}"
KXBTC15M-26APR271745-45,b56c224b-9912-70b1-ffba-220c2acbc15e,1777325433,0.48,9.86,yes,"{""count_fp"":""9.86"",""created_time"":""2026-04-27T21:30:33.526543Z"",""no_price_dollars"":""0.5200"",""taker_side"":""yes"",""ticker"":""KXBTC15M-26APR271745-45"",""trade_id"":""b56c224b-9912-70b1-ffba-220c2acbc15e"",""yes_price_dollars"":""0.4800""}"
KXBTC15M-26APR271745-45,9c25d99a-e5f6-402a-4f85-3da3ed06821f,1777325433,0.48,0.01,yes,"{""count_fp"":""0.01"",""created_time"":""2026-04-27T21:30:33.347914Z"",""no_price_dollars"":""0.5200"",""taker_side"":""yes"",""ticker"":""KXBTC15M-26APR271745-45"",""trade_id"":""9c25d99a-e5f6-402a-4f85-3da3ed06821f"",""yes_price_dollars"":""0.4800""}"
KXBTC15M-26APR271745-45,1cfc4984-7b12-47f9-5aa7-8054ef4f3c52,1777325433,0.48,30.14,yes,"{""count_fp"":""30.14"",""created_time"":""2026-04-27T21:30:33.347914Z"",""no_price_dollars"":""0.5200"",""taker_side"":""yes"",""ticker"":""KXBTC15M-26APR271745-45"",""trade_id"":""1cfc4984-7b12-47f9-5aa7-8054ef4f3c52"",""yes_price_dollars"":""0.4800""}"
KXBTC15M-26APR271745-45,11343503-c04e-4e65-2d11-d9e3ce9733a5,1777325433,0.47,25.0,no,"{""count_fp"":""25.00"",""created_time"":""2026-04-27T21:30:33.163846Z"",""no_price_dollars"":""0.5300"",""taker_side"":""no"",""ticker"":""KXBTC15M-26APR271745-45"",""trade_id"":""11343503-c04e-4e65-2d11-d9e3ce9733a5"",""yes_price_dollars"":""0.4700""}"
KXBTC15M-26APR271745-45,ceff78cf-314e-7879-35c2-990c07217701,1777325434,0.49,3.94,yes,"{""count_fp"":""3.94"",""created_time"":""2026-04-27T21:30:34.329079Z"",""no_price_dollars"":""0.5100"",""taker_side"":""yes"",""ticker"":""KXBTC15M-26APR271745-45"",""trade_id"":""ceff78cf-314e-7879-35c2-990c07217701"",""yes_price_dollars"":""0.4900""}"
KXBTC15M-26APR271745-45,fe2d567d-8e1a-7830-6d59-dda2cc81a623,1777325434,0.48,3.0,no,"{""count_fp"":""3.00"",""created_time"":""2026-04-27T21:30:34.215468Z"",""no_price_dollars"":""0.5200"",""taker_side"":""no"",""ticker"":""KXBTC15M-26APR271745-45"",""trade_id"":""fe2d567d-8e1a-7830-6d59-dda2cc81a623"",""yes_price_dollars"":""0.4800""}"
KXBTC15M-26APR271745-45,16be2ae5-21fe-7b1f-51a4-465bd251a385,1777325434,0.48,6.3,no,"{""count_fp"":""6.30"",""created_time"":""2026-04-27T21:30:34.215468Z"",""no_price_dollars"":""0.5200"",""taker_side"":""no"",""ticker"":""KXBTC15M-26APR271745-45"",""trade_id"":""16be2ae5-21fe-7b1f-51a4-465bd251a385"",""yes_price_dollars"":""0.4800""}"
KXBTC15M-26APR271745-45,67f07ba3-e2aa-4f71-916b-386772c17985,1777325434,0.49,0.78,yes,"{""count_fp"":""0.78"",""created_time"":""2026-04-27T21:30:34.049608Z"",""no_price_dollars"":""0.5100"",""taker_side"":""yes"",""ticker"":""KXBTC15M-26APR271745-45"",""trade_id"":""67f07ba3-e2aa-4f71-916b-386772c17985"",""yes_price_dollars"":""0.4900""}"
KXBTC15M-26APR271745-45,a733bba0-16c6-478d-22a9-ffd3682ad8fd,1777325434,0.49,1.97,yes,"{""count_fp"":""1.97"",""created_time"":""2026-04-27T21:30:34.043795Z"",""no_price_dollars"":""0.5100"",""taker_side"":""yes"",""ticker"":""KXBTC15M-26APR271745-45"",""trade_id"":""a733bba0-16c6-478d-22a9-ffd3682ad8fd"",""yes_price_dollars"":""0.4900""}"
KXBTC15M-26APR271745-45,772cdf8b-306f-5bf9-5c03-a73a7ec2119b,1777325435,0.48,36.38,no,"{""count_fp"":""36.38"",""created_time"":""2026-04-27T21:30:35.420079Z"",""no_price_dollars"":""0.5200"",""taker_side"":""no"",""ticker"":""KXBTC15M-26APR271745-45"",""trade_id"":""772cdf8b-306f-5bf9-5c03-a73a7ec2119b"",""yes_price_dollars"":""0.4800""}"
KXBTC15M-26APR271745-45,0e46c596-28fe-5603-456a-bcca14343c69,1777325435,0.48,26.63,no,"{""count_fp"":""26.63"",""created_time"":""2026-04-27T21:30:35.420079Z"",""no_price_dollars"":""0.5200"",""taker_side"":""no"",""ticker"":""KXBTC15M-26APR271745-45"",""trade_id"":""0e46c596-28fe-5603-456a-bcca14343c69"",""yes_price_dollars"":""0.4800""}"
KXBTC15M-26APR271745-45,5e6b30e8-4cd6-6ae1-6ad8-5be302586d19,1777325435,0.49,8.0,yes,"{""count_fp"":""8.00"",""created_time"":""2026-04-27T21:30:35.282042Z"",""no_price_dollars"":""0.5100"",""taker_side"":""yes"",""ticker"":""KXBTC15M-26APR271745-45"",""trade_id"":""5e6b30e8-4cd6-6ae1-6ad8-5be302586d19"",""yes_price_dollars"":""0.4900""}"
KXBTC15M-26APR271745-45,4f221a3e-44fa-56ef-a84e-3344bcf9c229,1777325435,0.48,18.3,no,"{""count_fp"":""18.30"",""created_time"":""2026-04-27T21:30:35.185099Z"",""no_price_dollars"":""0.5200"",""taker_side"":""no"",""ticker"":""KXBTC15M-26APR271745-45"",""trade_id"":""4f221a3e-44fa-56ef-a84e-3344bcf9c229"",""yes_price_dollars"":""0.4800""}"
KXBTC15M-26APR271745-45,a92d9add-3596-7745-a62d-85f78d21e5a1,1777325435,0.49,3.93,yes,"{""count_fp"":""3.93"",""created_time"":""2026-04-27T21:30:35.150751Z"",""no_price_dollars"":""0.5100"",""taker_side"":""yes"",""ticker"":""KXBTC15M-26APR271745-45"",""trade_id"":""a92d9add-3596-7745-a62d-85f78d21e5a1"",""yes_price_dollars"":""0.4900""}"
KXBTC15M-26APR271745-45,8fa8afe7-113a-46e5-3679-0380b662caf1,1777325435,0.49,49.26,yes,"{""count_fp"":""49.26"",""created_time"":""2026-04-27T21:30:35.149057Z"",""no_price_dollars"":""0.5100"",""taker_side"":""yes"",""ticker"":""KXBTC15M-26APR271745-45"",""trade_id"":""8fa8afe7-113a-46e5-3679-0380b662caf1"",""yes_price_dollars"":""0.4900""}"
KXBTC15M-26APR271745-45,a89d2a83-73ae-5851-2055-ce7a5097b541,1777325435,0.49,9.85,yes,"{""count_fp"":""9.85"",""created_time"":""2026-04-27T21:30:35.109914Z"",""no_price_dollars"":""0.5100"",""taker_side"":""yes"",""ticker"":""KXBTC15M-26APR271745-45"",""trade_id"":""a89d2a83-73ae-5851-2055-ce7a5097b541"",""yes_price_dollars"":""0.4900""}"
KXBTC15M-26APR271745-45,c6c07d2a-d476-63e9-0b1c-074632ac3109,1777325435,0.49,1.64,yes,"{""count_fp"":""1.64"",""created_time"":""2026-04-27T21:30:35.059999Z"",""no_price_dollars"":""0.5100"",""taker_side"":""yes"",""ticker"":""KXBTC15M-26APR271745-45"",""trade_id"":""c6c07d2a-d476-63e9-0b1c-074632ac3109"",""yes_price_dollars"":""0.4900""}"
KXBTC15M-26APR271745-45,f584b34c-c614-420b-d7a4-57103fc9b913,1777325436,0.47,9.11,no,"{""count_fp"":""9.11"",""created_time"":""2026-04-27T21:30:36.691856Z"",""no_price_dollars"":""0.5300"",""taker_side"":""no"",""ticker"":""KXBTC15M-26APR271745-45"",""trade_id"":""f584b34c-c614-420b-d7a4-57103fc9b913"",""yes_price_dollars"":""0.4700""}"
KXBTC15M-26APR271745-45,882b3d55-4167-74b3-bb44-71161c47f05f,1777325436,0.48,20.0,yes,"{""count_fp"":""20.00"",""created_time"":""2026-04-27T21:30:36.482205Z"",""no_price_dollars"":""0.5200"",""taker_side"":""yes"",""ticker"":""KXBTC15M-26APR271745-45"",""trade_id"":""882b3d55-4167-74b3-bb44-71161c47f05f"",""yes_price_dollars"":""0.4800""}"
KXBTC15M-26APR271745-45,c2e82eab-2cbf-4221-40b0-1f1264bcf2eb,1777325436,0.48,99.62,no,"{""count_fp"":""99.62"",""created_time"":""2026-04-27T21:30:36.173585Z"",""no_price_dollars"":""0.5200"",""taker_side"":""no"",""ticker"":""KXBTC15M-26APR271745-45"",""trade_id"":""c2e82eab-2cbf-4221-40b0-1f1264bcf2eb"",""yes_price_dollars"":""0.4800""}"
KXBTC15M-26APR271745-45,9a31fff6-a65d-4490-478a-542ed6052727,1777325436,0.46,465.6,no,"{""count_fp"":""465.60"",""created_time"":""2026-04-27T21:30:36.173585Z"",""no_price_dollars"":""0.5400"",""taker_side"":""no"",""ticker"":""KXBTC15M-26APR271745-45"",""trade_id"":""9a31fff6-a65d-4490-478a-542ed6052727"",""yes_price_dollars"":""0.4600""}"
KXBTC15M-26APR271745-45,6791dd58-fa40-4190-59c0-90d7473e7393,1777325436,0.47,20.0,no,"{""count_fp"":""20.00"",""created_time"":""2026-04-27T21:30:36.173585Z"",""no_price_dollars"":""0.5300"",""taker_side"":""no"",""ticker"":""KXBTC15M-26APR271745-45"",""trade_id"":""6791dd58-fa40-4190-59c0-90d7473e7393"",""yes_price_dollars"":""0.4700""}"
KXBTC15M-26APR271745-45,60857c8e-8b5a-485e-6a9f-06620480c26b,1777325436,0.47,40.0,no,"{""count_fp"":""40.00"",""created_time"":""2026-04-27T21:30:36.173585Z"",""no_price_dollars"":""0.5300"",""taker_side"":""no"",""ticker"":""KXBTC15M-26APR271745-45"",""trade_id"":""60857c8e-8b5a-485e-6a9f-06620480c26b"",""yes_price_dollars"":""0.4700""}"
KXBTC15M-26APR271745-45,3ae869b2-cbaa-4461-66c7-680a039bd82b,1777325436,0.47,110.0,no,"{""count_fp"":""110.00"",""created_time"":""2026-04-27T21:30:36.173585Z"",""no_price_dollars"":""0.5300"",""taker_side"":""no"",""ticker"":""KXBTC15M-26APR271745-45"",""trade_id"":""3ae869b2-cbaa-4461-66c7-680a039bd82b"",""yes_price_dollars"":""0.4700""}"
KXBTC15M-26APR271745-45,0ee70430-50b4-4fd1-4ff8-4d079ca944bf,1777325436,0.48,3.0,no,"{""count_fp"":""3.00"",""created_time"":""2026-04-27T21:30:36.173585Z"",""no_price_dollars"":""0.5200"",""taker_side"":""no"",""ticker"":""KXBTC15M-26APR271745-45"",""trade_id"":""0ee70430-50b4-4fd1-4ff8-4d079ca944bf"",""yes_price_dollars"":""0.4800""}"
KXBTC15M-26APR271745-45,cacba932-431a-50d6-a3bf-e102e3ddd88a,1777325437,0.48,2.01,yes,"{""count_fp"":""2.01"",""created_time"":""2026-04-27T21:30:37.840389Z"",""no_price_dollars"":""0.5200"",""taker_side"":""yes"",""ticker"":""KXBTC15M-26APR271745-45"",""trade_id"":""cacba932-431a-50d6-a3bf-e102e3ddd88a"",""yes_price_dollars"":""0.4800""}"
KXBTC15M-26APR271745-45,72f5835b-d17e-5afa-c85f-9888dd548c72,1777325437,0.48,17.73,yes,"{""count_fp"":""17.73"",""created_time"":""2026-04-27T21:30:37.480079Z"",""no_price_dollars"":""0.5200"",""taker_side"":""yes"",""ticker"":""KXBTC15M-26APR271745-45"",""trade_id"":""72f5835b-d17e-5afa-c85f-9888dd548c72"",""yes_price_dollars"":""0.4800""}"
KXBTC15M-26APR271745-45,10edab9b-f5fe-7a86-651d-9f0f09a02802,1777325437,0.48,1.97,yes,"{""count_fp"":""1.97"",""created_time"":""2026-04-27T21:30:37.411175Z"",""no_price_dollars"":""0.5200"",""taker_side"":""yes"",""ticker"":""KXBTC15M-26APR271745-45"",""trade_id"":""10edab9b-f5fe-7a86-651d-9f0f09a02802"",""yes_price_dollars"":""0.4800""}"
KXBTC15M-26APR271745-45,fc9af7bd-e716-505a-8b8f-6b39d1c4d99a,1777325437,0.48,6.03,yes,"{""count_fp"":""6.03"",""created_time"":""2026-04-27T21:30:37.334179Z"",""no_price_dollars"":""0.5200"",""taker_side"":""yes"",""ticker"":""KXBTC15M-26APR271745-45"",""trade_id"":""fc9af7bd-e716-505a-8b8f-6b39d1c4d99a"",""yes_price_dollars"":""0.4800""}"
KXBTC15M-26APR271745-45,d94fda63-379f-6fc7-8b5f-137c0eae83bf,1777325437,0.48,19.77,yes,"{""count_fp"":""19.77"",""created_time"":""2026-04-27T21:30:37.213187Z"",""no_price_dollars"":""0.5200"",""taker_side"":""yes"",""ticker"":""KXBTC15M-26APR271745-45"",""trade_id"":""d94fda63-379f-6fc7-8b5f-137c0eae83bf"",""yes_price_dollars"":""0.4800""}"
KXBTC15M-26APR271745-45,9ab95738-bc62-6222-9a3f-4ac0c289c5ce,1777325437,0.48,51.16,yes,"{""count_fp"":""51.16"",""created_time"":""2026-04-27T21:30:37.213187Z"",""no_price_dollars"":""0.5200"",""taker_side"":""yes"",""ticker"":""KXBTC15M-26APR271745-45"",""trade_id"":""9ab95738-bc62-6222-9a3f-4ac0c289c5ce"",""yes_price_dollars"":""0.4800""}"
KXBTC15M-26APR271745-45,c88d97c9-2e0f-50ef-10b5-37d21fe68e07,1777325437,0.48,0.23,yes,"{""count_fp"":""0.23"",""created_time"":""2026-04-27T21:30:37.198581Z"",""no_price_dollars"":""0.5200"",""taker_side"":""yes"",""ticker"":""KXBTC15M-26APR271745-45"",""trade_id"":""c88d97c9-2e0f-50ef-10b5-37d21fe68e07"",""yes_price_dollars"":""0.4800""}"
KXBTC15M-26APR271745-45,53e1d0d8-27d0-506b-624c-634df3d6ce77,1777325437,0.47,0.93,no,"{""count_fp"":""0.93"",""created_time"":""2026-04-27T21:30:37.124857Z"",""no_price_dollars"":""0.5300"",""taker_side"":""no"",""ticker"":""KXBTC15M-26APR271745-45"",""trade_id"":""53e1d0d8-27d0-506b-624c-634df3d6ce77"",""yes_price_dollars"":""0.4700""}"
KXBTC15M-26APR271745-45,164cf01d-0774-480b-abc4-834ca8864fe7,1777325437,0.47,1.96,no,"{""count_fp"":""1.96"",""created_time"":""2026-04-27T21:30:37.058414Z"",""no_price_dollars"":""0.5300"",""taker_side"":""no"",""ticker"":""KXBTC15M-26APR271745-45"",""trade_id"":""164cf01d-0774-480b-abc4-834ca8864fe7"",""yes_price_dollars"":""0.4700""}"
KXBTC15M-26APR271745-45,c02cfc90-be88-779b-b18f-10ac4efc9af7,1777325438,0.47,10.96,no,"{""count_fp"":""10.96"",""created_time"":""2026-04-27T21:30:38.212212Z"",""no_price_dollars"":""0.5300"",""taker_side"":""no"",""ticker"":""KXBTC15M-26APR271745-45"",""trade_id"":""c02cfc90-be88-779b-b18f-10ac4efc9af7"",""yes_price_dollars"":""0.4700""}"
KXBTC15M-26APR271745-45,328d4038-461e-79f9-322a-49cddea4670d,1777325439,0.48,2.0,yes,"{""count_fp"":""2.00"",""created_time"":""2026-04-27T21:30:39.927418Z"",""no_price_dollars"":""0.5200"",""taker_side"":""yes"",""ticker"":""KXBTC15M-26APR271745-45"",""trade_id"":""328d4038-461e-79f9-322a-49cddea4670d"",""yes_price_dollars"":""0.4800""}"
KXBTC15M-26APR271745-45,cac40586-43be-4c09-e673-a9d2ca5451e1,1777325439,0.48,4.02,yes,"{""count_fp"":""4.02"",""created_time"":""2026-04-27T21:30:39.476607Z"",""no_price_dollars"":""0.5200"",""taker_side"":""yes"",""ticker"":""KXBTC15M-26APR271745-45"",""trade_id"":""cac40586-43be-4c09-e673-a9d2ca5451e1"",""yes_price_dollars"":""0.4800""}"
KXBTC15M-26APR271745-45,f16506c9-9166-4599-994f-aa6f0ca6dcd1,1777325439,0.48,67.42,yes,"{""count_fp"":""67.42"",""created_time"":""2026-04-27T21:30:39.362067Z"",""no_price_dollars"":""0.5200"",""taker_side"":""yes"",""ticker"":""KXBTC15M-26APR271745-45"",""trade_id"":""f16506c9-9166-4599-994f-aa6f0ca6dcd1"",""yes_price_dollars"":""0.4800""}"
KXBTC15M-26APR271745-45,2cec8b06-a0fe-43f6-86a9-14ecf616ecca,1777325439,0.48,31.1,yes,"{""count_fp"":""31.10"",""created_time"":""2026-04-27T21:30:39.362067Z"",""no_price_dollars"":""0.5200"",""taker_side"":""yes"",""ticker"":""KXBTC15M-26APR271745-45"",""trade_id"":""2cec8b06-a0fe-43f6-86a9-14ecf616ecca"",""yes_price_dollars"":""0.4800""}"
KXBTC15M-26APR271745-45,3077f3d1-f49a-5021-84b0-7a63f9dc9bf9,1777325440,0.48,158.37,yes,"{""count_fp"":""158.37"",""created_time"":""2026-04-27T21:30:40.905889Z"",""no_price_dollars"":""0.5200"",""taker_side"":""yes"",""ticker"":""KXBTC15M-26APR271745-45"",""trade_id"":""3077f3d1-f49a-5021-84b0-7a63f9dc9bf9"",""yes_price_dollars"":""0.4800""}"
KXBTC15M-26APR271745-45,503b9a23-b392-6a55-6586-0c5efbf62d65,1777325440,0.48,10.05,yes,"{""count_fp"":""10.05"",""created_time"":""2026-04-27T21:30:40.428712Z"",""no_price_dollars"":""0.5200"",""taker_side"":""yes"",""ticker"":""KXBTC15M-26APR271745-45"",""trade_id"":""503b9a23-b392-6a55-6586-0c5efbf62d65"",""yes_price_dollars"":""0.4800""}"
KXBTC15M-26APR271745-45,d2557f3b-49d2-773d-beb0-2d98d8bd6bad,1777325440,0.48,10.05,yes,"{""count_fp"":""10.05"",""created_time"":""2026-04-27T21:30:40.243115Z"",""no_price_dollars"":""0.5200"",""taker_side"":""yes"",""ticker"":""KXBTC15M-26APR271745-45"",""trade_id"":""d2557f3b-49d2-773d-beb0-2d98d8bd6bad"",""yes_price_dollars"":""0.4800""}"
KXBTC15M-26APR271745-45,77164904-f20a-682d-018b-35ad6a26d47d,1777325440,0.48,10.05,yes,"{""count_fp"":""10.05"",""created_time"":""2026-04-27T21:30:40.197642Z"",""no_price_dollars"":""0.5200"",""taker_side"":""yes"",""ticker"":""KXBTC15M-26APR271745-45"",""trade_id"":""77164904-f20a-682d-018b-35ad6a26d47d"",""yes_price_dollars"":""0.4800""}"
KXBTC15M-26APR271745-45,c18a87b9-bb06-6c51-4631-7dbff6bf134d,1777325440,0.48,10.05,yes,"{""count_fp"":""10.05"",""created_time"":""2026-04-27T21:30:40.117849Z"",""no_price_dollars"":""0.5200"",""taker_side"":""yes"",""ticker"":""KXBTC15M-26APR271745-45"",""trade_id"":""c18a87b9-bb06-6c51-4631-7dbff6bf134d"",""yes_price_dollars"":""0.4800""}"
KXBTC15M-26APR271745-45,c1e56cac-b9a1-59a0-6862-ae0c8562d5fb,1777325440,0.46,141.71,no,"{""count_fp"":""141.71"",""created_time"":""2026-04-27T21:30:40.001767Z"",""no_price_dollars"":""0.5400"",""taker_side"":""no"",""ticker"":""KXBTC15M-26APR271745-45"",""trade_id"":""c1e56cac-b9a1-59a0-6862-ae0c8562d5fb"",""yes_price_dollars"":""0.4600""}"
KXBTC15M-26APR271745-45,79c22a10-9ec0-53a7-55be-4c7011208093,1777325440,0.47,17.04,no,"{""count_fp"":""17.04"",""created_time"":""2026-04-27T21:30:40.001767Z"",""no_price_dollars"":""0.5300"",""taker_side"":""no"",""ticker"":""KXBTC15M-26APR271745-45"",""trade_id"":""79c22a10-9ec0-53a7-55be-4c7011208093"",""yes_price_dollars"":""0.4700""}"
KXBTC15M-26APR271745-45,51b85667-8428-5559-4774-1b2e08e0a792,1777325440,0.47,9.66,no,"{""count_fp"":""9.66"",""created_time"":""2026-04-27T21:30:40.001767Z"",""no_price_dollars"":""0.5300"",""taker_side"":""no"",""ticker"":""KXBTC15M-26APR271745-45"",""trade_id"":""51b85667-8428-5559-4774-1b2e08e0a792"",""yes_price_dollars"":""0.4700""}"
KXBTC15M-26APR271745-45,34a0f904-490c-5f3e-7c26-66f7d80a9160,1777325440,0.47,3.0,no,"{""count_fp"":""3.00"",""created_time"":""2026-04-27T21:30:40.001767Z"",""no_price_dollars"":""0.5300"",""taker_side"":""no"",""ticker"":""KXBTC15M-26APR271745-45"",""trade_id"":""34a0f904-490c-5f3e-7c26-66f7d80a9160"",""yes_price_dollars"":""0.4700""}"
KXBTC15M-26APR271745-45,112d2a8b-c5cf-5839-47ed-f69df610f9dd,1777325440,0.47,100.0,no,"{""count_fp"":""100.00"",""created_time"":""2026-04-27T21:30:40.001767Z"",""no_price_dollars"":""0.5300"",""taker_side"":""no"",""ticker"":""KXBTC15M-26APR271745-45"",""trade_id"":""112d2a8b-c5cf-5839-47ed-f69df610f9dd"",""yes_price_dollars"":""0.4700""}"
KXBTC15M-26APR271745-45,d426790d-89dd-70c8-2f27-e870c980d7e7,1777325441,0.46,7.16,no,"{""count_fp"":""7.16"",""created_time"":""2026-04-27T21:30:41.923828Z"",""no_price_dollars"":""0.5400"",""taker_side"":""no"",""ticker"":""KXBTC15M-26APR271745-45"",""trade_id"":""d426790d-89dd-70c8-2f27-e870c980d7e7"",""yes_price_dollars"":""0.4600""}"
KXBTC15M-26APR271745-45,9e7d5e0f-72fe-6191-76a2-3e82aadb699d,1777325441,0.48,1.0,yes,"{""count_fp"":""1.00"",""created_time"":""2026-04-27T21:30:41.208703Z"",""no_price_dollars"":""0.5200"",""taker_side"":""yes"",""ticker"":""KXBTC15M-26APR271745-45"",""trade_id"":""9e7d5e0f-72fe-6191-76a2-3e82aadb699d"",""yes_price_dollars"":""0.4800""}"
KXBTC15M-26APR271745-45,839568f3-7779-6954-7f66-9d10102aafbb,1777325441,0.46,0.43,no,"{""count_fp"":""0.43"",""created_time"":""2026-04-27T21:30:41.155374Z"",""no_price_dollars"":""0.5400"",""taker_side"":""no"",""ticker"":""KXBTC15M-26APR271745-45"",""trade_id"":""839568f3-7779-6954-7f66-9d10102aafbb"",""yes_price_dollars"":""0.4600""}"
KXBTC15M-26APR271745-45,3c28c2a9-c986-4ead-3916-159dc24603c1,1777325441,0.48,33.0,yes,"{""count_fp"":""33.00"",""created_time"":""2026-04-27T21:30:41.144603Z"",""no_price_dollars"":""0.5200"",""taker_side"":""yes"",""ticker"":""KXBTC15M-26APR271745-45"",""trade_id"":""3c28c2a9-c986-4ead-3916-159dc24603c1"",""yes_price_dollars"":""0.4800""}"
KXBTC15M-26APR271745-45,0342e5ad-c2da-7f36-8b12-653849fc1a14,1777325442,0.47,4.0,yes,"{""count_fp"":""4.00"",""created_time"":""2026-04-27T21:30:42.998646Z"",""no_price_dollars"":""0.5300"",""taker_side"":""yes"",""ticker"":""KXBTC15M-26APR271745-45"",""trade_id"":""0342e5ad-c2da-7f36-8b12-653849fc1a14"",""yes_price_dollars"":""0.4700""}"
KXBTC15M-26APR271745-45,eb268caf-67c2-5d81-81b1-1fe7d6d346a1,1777325442,0.48,4.02,yes,"{""count_fp"":""4.02"",""created_time"":""2026-04-27T21:30:42.907896Z"",""no_price_dollars"":""0.5200"",""taker_side"":""yes"",""ticker"":""KXBTC15M-26APR271745-45"",""trade_id"":""eb268caf-67c2-5d81-81b1-1fe7d6d346a1"",""yes_price_dollars"":""0.4800""}"
KXBTC15M-26APR271745-45,daa3f0d0-70ea-563d-d255-8d3b7dc155a1,1777325442,0.48,20.0,yes,"{""count_fp"":""20.00"",""created_time"":""2026-04-27T21:30:42.475632Z"",""no_price_dollars"":""0.5200"",""taker_side"":""yes"",""ticker"":""KXBTC15M-26APR271745-45"",""trade_id"":""daa3f0d0-70ea-563d-d255-8d3b7dc155a1"",""yes_price_dollars"":""0.4800""}"
KXBTC15M-26APR271745-45,24aeaaa0-30a9-6a24-d507-116b9aee56b7,1777325442,0.46,87.67,no,"{""count_fp"":""87.67"",""created_time"":""2026-04-27T21:30:42.305172Z"",""no_price_dollars"":""0.5400"",""taker_side"":""no"",""ticker"":""KXBTC15M-26APR271745-45"",""trade_id"":""24aeaaa0-30a9-6a24-d507-116b9aee56b7"",""yes_price_dollars"":""0.4600""}"
KXBTC15M-26APR271745-45,961e1d4a-e6ce-6f4e-a495-cae4c9186544,1777325443,0.47,24.12,yes,"{""count_fp"":""24.12"",""created_time"":""2026-04-27T21:30:43.994241Z"",""no_price_dollars"":""0.5300"",""taker_side"":""yes"",""ticker"":""KXBTC15M-26APR271745-45"",""trade_id"":""961e1d4a-e6ce-6f4e-a495-cae4c9186544"",""yes_price_dollars"":""0.4700""}"
KXBTC15M-26APR271745-45,9018c1ce-f692-5826-8d16-e771467fac64,1777325443,0.47,20.0,yes,"{""count_fp"":""20.00"",""created_time"":""2026-04-27T21:30:43.362836Z"",""no_price_dollars"":""0.5300"",""taker_side"":""yes"",""ticker"":""KXBTC15M-26APR271745-45"",""trade_id"":""9018c1ce-f692-5826-8d16-e771467fac64"",""yes_price_dollars"":""0.4700""}"
KXBTC15M-26APR271745-45,19541ec9-011a-5116-49f9-641215466188,1777325443,0.47,10.05,yes,"{""count_fp"":""10.05"",""created_time"":""2026-04-27T21:30:43.263845Z"",""no_price_dollars"":""0.5300"",""taker_side"":""yes"",""ticker"":""KXBTC15M-26APR271745-45"",""trade_id"":""19541ec9-011a-5116-49f9-641215466188"",""yes_price_dollars"":""0.4700""}"
KXBTC15M-26APR271745-45,3930fe67-ed96-57b2-d7bd-6db041797b34,1777325443,0.47,40.2,yes,"{""count_fp"":""40.20"",""created_time"":""2026-04-27T21:30:43.234745Z"",""no_price_dollars"":""0.5300"",""taker_side"":""yes"",""ticker"":""KXBTC15M-26APR271745-45"",""trade_id"":""3930fe67-ed96-57b2-d7bd-6db041797b34"",""yes_price_dollars"":""0.4700""}"
KXBTC15M-26APR271745-45,54a5c6a1-5126-742a-79b1-42d87ea88b08,1777325443,0.47,2.0,yes,"{""count_fp"":""2.00"",""created_time"":""2026-04-27T21:30:43.102057Z"",""no_price_dollars"":""0.5300"",""taker_side"":""yes"",""ticker"":""KXBTC15M-26APR271745-45"",""trade_id"":""54a5c6a1-5126-742a-79b1-42d87ea88b08"",""yes_price_dollars"":""0.4700""}"
