ticker,trade_id,ts,yes_price,count,taker_side,raw_json
KXBTC15M-26APR272000-00,44c9a908-71c1-787d-06b5-892152df386f,1777333500,0.5,1.0,no,"{""count_fp"":""1.00"",""created_time"":""2026-04-27T23:45:00.253817Z"",""no_price_dollars"":""0.5000"",""taker_side"":""no"",""ticker"":""KXBTC15M-26APR272000-00"",""trade_id"":""44c9a908-71c1-787d-06b5-892152df386f"",""yes_price_dollars"":""0.5000""}"
KXBTC15M-26APR272000-00,e43d1ace-2a74-7522-9b19-021f063fd122,1777333501,0.47,11.8,yes,"{""count_fp"":""11.80"",""created_time"":""2026-04-27T23:45:01.897526Z"",""no_price_dollars"":""0.5300"",""taker_side"":""yes"",""ticker"":""KXBTC15M-26APR272000-00"",""trade_id"":""e43d1ace-2a74-7522-9b19-021f063fd122"",""yes_price_dollars"":""0.4700""}"
KXBTC15M-26APR272000-00,d4cb238b-b620-7320-dcf5-3d87a83245a5,1777333501,0.48,12.0,no,"{""count_fp"":""12.00"",""created_time"":""2026-04-27T23:45:01.747851Z"",""no_price_dollars"":""0.5200"",""taker_side"":""no"",""ticker"":""KXBTC15M-26APR272000-00"",""trade_id"":""d4cb238b-b620-7320-dcf5-3d87a83245a5"",""yes_price_dollars"":""0.4800""}"
KXBTC15M-26APR272000-00,760de471-62d4-7670-4381-132d125cc069,1777333501,0.48,9.0,no,"{""count_fp"":""9.00"",""created_time"":""2026-04-27T23:45:01.602249Z"",""no_price_dollars"":""0.5200"",""taker_side"":""no"",""ticker"":""KXBTC15M-26APR272000-00"",""trade_id"":""760de471-62d4-7670-4381-132d125cc069"",""yes_price_dollars"":""0.4800""}"
KXBTC15M-26APR272000-00,daea7d43-bb9f-4567-e364-2bc9a2678da5,1777333501,0.49,1.0,yes,"{""count_fp"":""1.00"",""created_time"":""2026-04-27T23:45:01.378213Z"",""no_price_dollars"":""0.5100"",""taker_side"":""yes"",""ticker"":""KXBTC15M-26APR272000-00"",""trade_id"":""daea7d43-bb9f-4567-e364-2bc9a2678da5"",""yes_price_dollars"":""0.4900""}"
KXBTC15M-26APR272000-00,08ae2168-6790-6e70-fb23-a764603cf981,1777333501,0.48,34.0,no,"{""count_fp"":""34.00"",""created_time"":""2026-04-27T23:45:01.377394Z"",""no_price_dollars"":""0.5200"",""taker_side"":""no"",""ticker"":""KXBTC15M-26APR272000-00"",""trade_id"":""08ae2168-6790-6e70-fb23-a764603cf981"",""yes_price_dollars"":""0.4800""}"
KXBTC15M-26APR272000-00,a48ce807-cb85-60e0-b05c-f652b03cec33,1777333502,0.5,120.0,yes,"{""count_fp"":""120.00"",""created_time"":""2026-04-27T23:45:02.783018Z"",""no_price_dollars"":""0.5000"",""taker_side"":""yes"",""ticker"":""KXBTC15M-26APR272000-00"",""trade_id"":""a48ce807-cb85-60e0-b05c-f652b03cec33"",""yes_price_dollars"":""0.5000""}"
KXBTC15M-26APR272000-00,18dbf31f-2d49-6100-aa4a-80b68b8f415a,1777333502,0.5,9.0,yes,"{""count_fp"":""9.00"",""created_time"":""2026-04-27T23:45:02.783018Z"",""no_price_dollars"":""0.5000"",""taker_side"":""yes"",""ticker"":""KXBTC15M-26APR272000-00"",""trade_id"":""18dbf31f-2d49-6100-aa4a-80b68b8f415a"",""yes_price_dollars"":""0.5000""}"
KXBTC15M-26APR272000-00,ca7bacf0-e6c1-4bd4-013f-f30b7febd892,1777333502,0.5,3.0,yes,"{""count_fp"":""3.00"",""created_time"":""2026-04-27T23:45:02.654288Z"",""no_price_dollars"":""0.5000"",""taker_side"":""yes"",""ticker"":""KXBTC15M-26APR272000-00"",""trade_id"":""ca7bacf0-e6c1-4bd4-013f-f30b7febd892"",""yes_price_dollars"":""0.5000""}"
KXBTC15M-26APR272000-00,a3f49436-81cb-43cf-127f-e313938711a5,1777333502,0.49,1.0,yes,"{""count_fp"":""1.00"",""created_time"":""2026-04-27T23:45:02.654288Z"",""no_price_dollars"":""0.5100"",""taker_side"":""yes"",""ticker"":""KXBTC15M-26APR272000-00"",""trade_id"":""a3f49436-81cb-43cf-127f-e313938711a5"",""yes_price_dollars"":""0.4900""}"
KXBTC15M-26APR272000-00,7246efee-8829-47cd-34f6-774e21cab945,1777333502,0.48,14.0,yes,"{""count_fp"":""14.00"",""created_time"":""2026-04-27T23:45:02.654288Z"",""no_price_dollars"":""0.5200"",""taker_side"":""yes"",""ticker"":""KXBTC15M-26APR272000-00"",""trade_id"":""7246efee-8829-47cd-34f6-774e21cab945"",""yes_price_dollars"":""0.4800""}"
KXBTC15M-26APR272000-00,e7bbe0b9-2757-7f3b-5aab-194b5db8a2b6,1777333502,0.48,2.0,yes,"{""count_fp"":""2.00"",""created_time"":""2026-04-27T23:45:02.517284Z"",""no_price_dollars"":""0.5200"",""taker_side"":""yes"",""ticker"":""KXBTC15M-26APR272000-00"",""trade_id"":""e7bbe0b9-2757-7f3b-5aab-194b5db8a2b6"",""yes_price_dollars"":""0.4800""}"
KXBTC15M-26APR272000-00,920e08bc-4705-788d-76e3-6b0fb311c40d,1777333502,0.48,4.0,yes,"{""count_fp"":""4.00"",""created_time"":""2026-04-27T23:45:02.517284Z"",""no_price_dollars"":""0.5200"",""taker_side"":""yes"",""ticker"":""KXBTC15M-26APR272000-00"",""trade_id"":""920e08bc-4705-788d-76e3-6b0fb311c40d"",""yes_price_dollars"":""0.4800""}"
KXBTC15M-26APR272000-00,2bdcf8e3-8167-67ab-c25b-44427c17a0b6,1777333502,0.48,6.0,yes,"{""count_fp"":""6.00"",""created_time"":""2026-04-27T23:45:02.315783Z"",""no_price_dollars"":""0.5200"",""taker_side"":""yes"",""ticker"":""KXBTC15M-26APR272000-00"",""trade_id"":""2bdcf8e3-8167-67ab-c25b-44427c17a0b6"",""yes_price_dollars"":""0.4800""}"
KXBTC15M-26APR272000-00,e8cb6ddb-66d3-7177-1f25-f7d149236cde,1777333502,0.48,1.0,yes,"{""count_fp"":""1.00"",""created_time"":""2026-04-27T23:45:02.114395Z"",""no_price_dollars"":""0.5200"",""taker_side"":""yes"",""ticker"":""KXBTC15M-26APR272000-00"",""trade_id"":""e8cb6ddb-66d3-7177-1f25-f7d149236cde"",""yes_price_dollars"":""0.4800""}"
KXBTC15M-26APR272000-00,500aaa2a-73e5-75ab-0292-f0ceb43f0f87,1777333502,0.48,6.0,yes,"{""count_fp"":""6.00"",""created_time"":""2026-04-27T23:45:02.114395Z"",""no_price_dollars"":""0.5200"",""taker_side"":""yes"",""ticker"":""KXBTC15M-26APR272000-00"",""trade_id"":""500aaa2a-73e5-75ab-0292-f0ceb43f0f87"",""yes_price_dollars"":""0.4800""}"
KXBTC15M-26APR272000-00,498760a4-8b7f-7ca2-730f-702f2db5b82f,1777333503,0.49,1.0,yes,"{""count_fp"":""1.00"",""created_time"":""2026-04-27T23:45:03.634414Z"",""no_price_dollars"":""0.5100"",""taker_side"":""yes"",""ticker"":""KXBTC15M-26APR272000-00"",""trade_id"":""498760a4-8b7f-7ca2-730f-702f2db5b82f"",""yes_price_dollars"":""0.4900""}"
KXBTC15M-26APR272000-00,0c572bfa-d686-7738-6b14-c763e6046eed,1777333503,0.49,32.0,yes,"{""count_fp"":""32.00"",""created_time"":""2026-04-27T23:45:03.634414Z"",""no_price_dollars"":""0.5100"",""taker_side"":""yes"",""ticker"":""KXBTC15M-26APR272000-00"",""trade_id"":""0c572bfa-d686-7738-6b14-c763e6046eed"",""yes_price_dollars"":""0.4900""}"
KXBTC15M-26APR272000-00,fe98603a-d8ff-723f-af3d-e35bd5986421,1777333503,0.48,10.0,no,"{""count_fp"":""10.00"",""created_time"":""2026-04-27T23:45:03.561765Z"",""no_price_dollars"":""0.5200"",""taker_side"":""no"",""ticker"":""KXBTC15M-26APR272000-00"",""trade_id"":""fe98603a-d8ff-723f-af3d-e35bd5986421"",""yes_price_dollars"":""0.4800""}"
KXBTC15M-26APR272000-00,deab2d53-6ac8-7dc6-8fef-d410a842b0c3,1777333503,0.47,47.83,no,"{""count_fp"":""47.83"",""created_time"":""2026-04-27T23:45:03.561765Z"",""no_price_dollars"":""0.5300"",""taker_side"":""no"",""ticker"":""KXBTC15M-26APR272000-00"",""trade_id"":""deab2d53-6ac8-7dc6-8fef-d410a842b0c3"",""yes_price_dollars"":""0.4700""}"
KXBTC15M-26APR272000-00,87efb020-ee54-7977-b1a7-d427facbe9c1,1777333503,0.48,19.0,no,"{""count_fp"":""19.00"",""created_time"":""2026-04-27T23:45:03.561765Z"",""no_price_dollars"":""0.5200"",""taker_side"":""no"",""ticker"":""KXBTC15M-26APR272000-00"",""trade_id"":""87efb020-ee54-7977-b1a7-d427facbe9c1"",""yes_price_dollars"":""0.4800""}"
KXBTC15M-26APR272000-00,ad114b80-2b68-442e-24fe-7fce422cb32a,1777333504,0.5,30.0,yes,"{""count_fp"":""30.00"",""created_time"":""2026-04-27T23:45:04.312019Z"",""no_price_dollars"":""0.5000"",""taker_side"":""yes"",""ticker"":""KXBTC15M-26APR272000-00"",""trade_id"":""ad114b80-2b68-442e-24fe-7fce422cb32a"",""yes_price_dollars"":""0.5000""}"
KXBTC15M-26APR272000-00,8b7dddd0-8188-4ebc-03a3-bb1d126fe0ce,1777333504,0.53,0.19,yes,"{""count_fp"":""0.19"",""created_time"":""2026-04-27T23:45:04.312019Z"",""no_price_dollars"":""0.4700"",""taker_side"":""yes"",""ticker"":""KXBTC15M-26APR272000-00"",""trade_id"":""8b7dddd0-8188-4ebc-03a3-bb1d126fe0ce"",""yes_price_dollars"":""0.5300""}"
KXBTC15M-26APR272000-00,661f6529-59f6-41c4-3ab4-455f1c248929,1777333504,0.49,18.13,yes,"{""count_fp"":""18.13"",""created_time"":""2026-04-27T23:45:04.312019Z"",""no_price_dollars"":""0.5100"",""taker_side"":""yes"",""ticker"":""KXBTC15M-26APR272000-00"",""trade_id"":""661f6529-59f6-41c4-3ab4-455f1c248929"",""yes_price_dollars"":""0.4900""}"
KXBTC15M-26APR272000-00,de82e72e-718a-45cc-6e0e-2bc1b05df421,1777333504,0.49,6.0,yes,"{""count_fp"":""6.00"",""created_time"":""2026-04-27T23:45:04.294225Z"",""no_price_dollars"":""0.5100"",""taker_side"":""yes"",""ticker"":""KXBTC15M-26APR272000-00"",""trade_id"":""de82e72e-718a-45cc-6e0e-2bc1b05df421"",""yes_price_dollars"":""0.4900""}"
KXBTC15M-26APR272000-00,72d3f0a7-4a36-7418-bbac-300e989627ed,1777333504,0.49,3.87,yes,"{""count_fp"":""3.87"",""created_time"":""2026-04-27T23:45:04.145737Z"",""no_price_dollars"":""0.5100"",""taker_side"":""yes"",""ticker"":""KXBTC15M-26APR272000-00"",""trade_id"":""72d3f0a7-4a36-7418-bbac-300e989627ed"",""yes_price_dollars"":""0.4900""}"
KXBTC15M-26APR272000-00,d4b68aff-fcb2-6048-c616-d66e2c305309,1777333504,0.49,14.0,yes,"{""count_fp"":""14.00"",""created_time"":""2026-04-27T23:45:04.090796Z"",""no_price_dollars"":""0.5100"",""taker_side"":""yes"",""ticker"":""KXBTC15M-26APR272000-00"",""trade_id"":""d4b68aff-fcb2-6048-c616-d66e2c305309"",""yes_price_dollars"":""0.4900""}"
KXBTC15M-26APR272000-00,ebadddf3-d852-52a8-2344-f79e7a93b2a5,1777333505,0.53,4.0,yes,"{""count_fp"":""4.00"",""created_time"":""2026-04-27T23:45:05.792311Z"",""no_price_dollars"":""0.4700"",""taker_side"":""yes"",""ticker"":""KXBTC15M-26APR272000-00"",""trade_id"":""ebadddf3-d852-52a8-2344-f79e7a93b2a5"",""yes_price_dollars"":""0.5300""}"
KXBTC15M-26APR272000-00,a43809cd-d400-539d-39a5-bf2f49672499,1777333505,0.52,10.0,yes,"{""count_fp"":""10.00"",""created_time"":""2026-04-27T23:45:05.792311Z"",""no_price_dollars"":""0.4800"",""taker_side"":""yes"",""ticker"":""KXBTC15M-26APR272000-00"",""trade_id"":""a43809cd-d400-539d-39a5-bf2f49672499"",""yes_price_dollars"":""0.5200""}"
KXBTC15M-26APR272000-00,d549752b-a8d1-6d70-2632-e242b1b7cddc,1777333505,0.51,3.0,no,"{""count_fp"":""3.00"",""created_time"":""2026-04-27T23:45:05.766752Z"",""no_price_dollars"":""0.4900"",""taker_side"":""no"",""ticker"":""KXBTC15M-26APR272000-00"",""trade_id"":""d549752b-a8d1-6d70-2632-e242b1b7cddc"",""yes_price_dollars"":""0.5100""}"
KXBTC15M-26APR272000-00,a48ba75e-7112-6a6e-0668-8f3a34e8ea54,1777333505,0.51,9.0,no,"{""count_fp"":""9.00"",""created_time"":""2026-04-27T23:45:05.766752Z"",""no_price_dollars"":""0.4900"",""taker_side"":""no"",""ticker"":""KXBTC15M-26APR272000-00"",""trade_id"":""a48ba75e-7112-6a6e-0668-8f3a34e8ea54"",""yes_price_dollars"":""0.5100""}"
KXBTC15M-26APR272000-00,762f6479-79c9-69c4-07d9-918fd715fc20,1777333505,0.51,5.0,no,"{""count_fp"":""5.00"",""created_time"":""2026-04-27T23:45:05.766752Z"",""no_price_dollars"":""0.4900"",""taker_side"":""no"",""ticker"":""KXBTC15M-26APR272000-00"",""trade_id"":""762f6479-79c9-69c4-07d9-918fd715fc20"",""yes_price_dollars"":""0.5100""}"
KXBTC15M-26APR272000-00,6be7daed-8dcd-616a-095f-6fabd1721e8e,1777333505,0.51,3.0,no,"{""count_fp"":""3.00"",""created_time"":""2026-04-27T23:45:05.766752Z"",""no_price_dollars"":""0.4900"",""taker_side"":""no"",""ticker"":""KXBTC15M-26APR272000-00"",""trade_id"":""6be7daed-8dcd-616a-095f-6fabd1721e8e"",""yes_price_dollars"":""0.5100""}"
KXBTC15M-26APR272000-00,a4d42f65-e1aa-46e6-0c6c-e639afeff8c9,1777333505,0.51,18.0,no,"{""count_fp"":""18.00"",""created_time"":""2026-04-27T23:45:05.191584Z"",""no_price_dollars"":""0.4900"",""taker_side"":""no"",""ticker"":""KXBTC15M-26APR272000-00"",""trade_id"":""a4d42f65-e1aa-46e6-0c6c-e639afeff8c9"",""yes_price_dollars"":""0.5100""}"
KXBTC15M-26APR272000-00,205504dc-4e0c-4f8c-14df-ec4fe7771cd8,1777333505,0.5,12.0,no,"{""count_fp"":""12.00"",""created_time"":""2026-04-27T23:45:05.191584Z"",""no_price_dollars"":""0.5000"",""taker_side"":""no"",""ticker"":""KXBTC15M-26APR272000-00"",""trade_id"":""205504dc-4e0c-4f8c-14df-ec4fe7771cd8"",""yes_price_dollars"":""0.5000""}"
KXBTC15M-26APR272000-00,cac6f907-7c5b-52e1-6b05-2350af38157f,1777333506,0.49,8.0,no,"{""count_fp"":""8.00"",""created_time"":""2026-04-27T23:45:06.604815Z"",""no_price_dollars"":""0.5100"",""taker_side"":""no"",""ticker"":""KXBTC15M-26APR272000-00"",""trade_id"":""cac6f907-7c5b-52e1-6b05-2350af38157f"",""yes_price_dollars"":""0.4900""}"
KXBTC15M-26APR272000-00,b46de048-0231-570e-a6e7-10fbf4570198,1777333506,0.53,19.0,yes,"{""count_fp"":""19.00"",""created_time"":""2026-04-27T23:45:06.241626Z"",""no_price_dollars"":""0.4700"",""taker_side"":""yes"",""ticker"":""KXBTC15M-26APR272000-00"",""trade_id"":""b46de048-0231-570e-a6e7-10fbf4570198"",""yes_price_dollars"":""0.5300""}"
KXBTC15M-26APR272000-00,81dccdcd-507c-5f25-bcd5-376e0d140ea9,1777333506,0.53,62.39,yes,"{""count_fp"":""62.39"",""created_time"":""2026-04-27T23:45:06.241626Z"",""no_price_dollars"":""0.4700"",""taker_side"":""yes"",""ticker"":""KXBTC15M-26APR272000-00"",""trade_id"":""81dccdcd-507c-5f25-bcd5-376e0d140ea9"",""yes_price_dollars"":""0.5300""}"
KXBTC15M-26APR272000-00,7b24d870-3ab2-5168-bf39-8cfb85aaff45,1777333506,0.53,6.0,yes,"{""count_fp"":""6.00"",""created_time"":""2026-04-27T23:45:06.241626Z"",""no_price_dollars"":""0.4700"",""taker_side"":""yes"",""ticker"":""KXBTC15M-26APR272000-00"",""trade_id"":""7b24d870-3ab2-5168-bf39-8cfb85aaff45"",""yes_price_dollars"":""0.5300""}"
KXBTC15M-26APR272000-00,17d47b55-115b-52d6-8cf5-67c9d9e197f5,1777333506,0.53,10.0,yes,"{""count_fp"":""10.00"",""created_time"":""2026-04-27T23:45:06.241626Z"",""no_price_dollars"":""0.4700"",""taker_side"":""yes"",""ticker"":""KXBTC15M-26APR272000-00"",""trade_id"":""17d47b55-115b-52d6-8cf5-67c9d9e197f5"",""yes_price_dollars"":""0.5300""}"
KXBTC15M-26APR272000-00,dad3c828-acdf-5efd-2af0-8e2ba5d4a39f,1777333506,0.49,3.72,no,"{""count_fp"":""3.72"",""created_time"":""2026-04-27T23:45:06.179776Z"",""no_price_dollars"":""0.5100"",""taker_side"":""no"",""ticker"":""KXBTC15M-26APR272000-00"",""trade_id"":""dad3c828-acdf-5efd-2af0-8e2ba5d4a39f"",""yes_price_dollars"":""0.4900""}"
KXBTC15M-26APR272000-00,d50c979d-d10a-4129-6568-77e3b9cf5eab,1777333506,0.51,10.0,no,"{""count_fp"":""10.00"",""created_time"":""2026-04-27T23:45:06.003176Z"",""no_price_dollars"":""0.4900"",""taker_side"":""no"",""ticker"":""KXBTC15M-26APR272000-00"",""trade_id"":""d50c979d-d10a-4129-6568-77e3b9cf5eab"",""yes_price_dollars"":""0.5100""}"
KXBTC15M-26APR272000-00,7dda98de-4b96-4f04-69c0-d324767e7e17,1777333506,0.47,64.5,no,"{""count_fp"":""64.50"",""created_time"":""2026-04-27T23:45:06.003176Z"",""no_price_dollars"":""0.5300"",""taker_side"":""no"",""ticker"":""KXBTC15M-26APR272000-00"",""trade_id"":""7dda98de-4b96-4f04-69c0-d324767e7e17"",""yes_price_dollars"":""0.4700""}"
KXBTC15M-26APR272000-00,5fbc1140-dfac-4bd0-7cb9-08ca68ce4a58,1777333506,0.48,51.0,no,"{""count_fp"":""51.00"",""created_time"":""2026-04-27T23:45:06.003176Z"",""no_price_dollars"":""0.5200"",""taker_side"":""no"",""ticker"":""KXBTC15M-26APR272000-00"",""trade_id"":""5fbc1140-dfac-4bd0-7cb9-08ca68ce4a58"",""yes_price_dollars"":""0.4800""}"
KXBTC15M-26APR272000-00,43ddac57-b1b6-4939-50c1-7e56fa9b7a50,1777333506,0.47,2.0,no,"{""count_fp"":""2.00"",""created_time"":""2026-04-27T23:45:06.003176Z"",""no_price_dollars"":""0.5300"",""taker_side"":""no"",""ticker"":""KXBTC15M-26APR272000-00"",""trade_id"":""43ddac57-b1b6-4939-50c1-7e56fa9b7a50"",""yes_price_dollars"":""0.4700""}"
KXBTC15M-26APR272000-00,1c3053e7-b338-45c1-6f2c-247079127d31,1777333506,0.48,2.0,no,"{""count_fp"":""2.00"",""created_time"":""2026-04-27T23:45:06.003176Z"",""no_price_dollars"":""0.5200"",""taker_side"":""no"",""ticker"":""KXBTC15M-26APR272000-00"",""trade_id"":""1c3053e7-b338-45c1-6f2c-247079127d31"",""yes_price_dollars"":""0.4800""}"
KXBTC15M-26APR272000-00,1ab22a98-e5e8-4e9d-7706-59dfb0c3efdc,1777333506,0.51,5.0,no,"{""count_fp"":""5.00"",""created_time"":""2026-04-27T23:45:06.003176Z"",""no_price_dollars"":""0.4900"",""taker_side"":""no"",""ticker"":""KXBTC15M-26APR272000-00"",""trade_id"":""1ab22a98-e5e8-4e9d-7706-59dfb0c3efdc"",""yes_price_dollars"":""0.5100""}"
KXBTC15M-26APR272000-00,16c23697-a517-41a9-5cca-b62148a7a79e,1777333506,0.49,2.0,no,"{""count_fp"":""2.00"",""created_time"":""2026-04-27T23:45:06.003176Z"",""no_price_dollars"":""0.5100"",""taker_side"":""no"",""ticker"":""KXBTC15M-26APR272000-00"",""trade_id"":""16c23697-a517-41a9-5cca-b62148a7a79e"",""yes_price_dollars"":""0.4900""}"
KXBTC15M-26APR272000-00,3eb346c9-748f-7e2d-a28d-56a8f5281403,1777333507,0.54,35.91,yes,"{""count_fp"":""35.91"",""created_time"":""2026-04-27T23:45:07.940858Z"",""no_price_dollars"":""0.4600"",""taker_side"":""yes"",""ticker"":""KXBTC15M-26APR272000-00"",""trade_id"":""3eb346c9-748f-7e2d-a28d-56a8f5281403"",""yes_price_dollars"":""0.5400""}"
KXBTC15M-26APR272000-00,50b9d39b-d06b-72a9-c2b5-0dc7d403f355,1777333508,0.5,13.51,no,"{""count_fp"":""13.51"",""created_time"":""2026-04-27T23:45:08.867582Z"",""no_price_dollars"":""0.5000"",""taker_side"":""no"",""ticker"":""KXBTC15M-26APR272000-00"",""trade_id"":""50b9d39b-d06b-72a9-c2b5-0dc7d403f355"",""yes_price_dollars"":""0.5000""}"
KXBTC15M-26APR272000-00,8ed74856-2bf7-67d9-6104-8eda1c1047e7,1777333508,0.52,44.0,yes,"{""count_fp"":""44.00"",""created_time"":""2026-04-27T23:45:08.817577Z"",""no_price_dollars"":""0.4800"",""taker_side"":""yes"",""ticker"":""KXBTC15M-26APR272000-00"",""trade_id"":""8ed74856-2bf7-67d9-6104-8eda1c1047e7"",""yes_price_dollars"":""0.5200""}"
KXBTC15M-26APR272000-00,f499ff58-fd37-7b1d-8a4d-064fbfe1c6b3,1777333508,0.54,25.11,yes,"{""count_fp"":""25.11"",""created_time"":""2026-04-27T23:45:08.697169Z"",""no_price_dollars"":""0.4600"",""taker_side"":""yes"",""ticker"":""KXBTC15M-26APR272000-00"",""trade_id"":""f499ff58-fd37-7b1d-8a4d-064fbfe1c6b3"",""yes_price_dollars"":""0.5400""}"
KXBTC15M-26APR272000-00,640074ca-64cc-439d-656e-f9482174e11a,1777333508,0.52,10.0,yes,"{""count_fp"":""10.00"",""created_time"":""2026-04-27T23:45:08.514991Z"",""no_price_dollars"":""0.4800"",""taker_side"":""yes"",""ticker"":""KXBTC15M-26APR272000-00"",""trade_id"":""640074ca-64cc-439d-656e-f9482174e11a"",""yes_price_dollars"":""0.5200""}"
KXBTC15M-26APR272000-00,4f2b94df-5fb2-4909-6d5d-c768f27ba40a,1777333508,0.53,8.26,yes,"{""count_fp"":""8.26"",""created_time"":""2026-04-27T23:45:08.514991Z"",""no_price_dollars"":""0.4700"",""taker_side"":""yes"",""ticker"":""KXBTC15M-26APR272000-00"",""trade_id"":""4f2b94df-5fb2-4909-6d5d-c768f27ba40a"",""yes_price_dollars"":""0.5300""}"
KXBTC15M-26APR272000-00,12dd3190-82cd-76f4-f0f7-717bc8fe047f,1777333508,0.53,75.38,yes,"{""count_fp"":""75.38"",""created_time"":""2026-04-27T23:45:08.246172Z"",""no_price_dollars"":""0.4700"",""taker_side"":""yes"",""ticker"":""KXBTC15M-26APR272000-00"",""trade_id"":""12dd3190-82cd-76f4-f0f7-717bc8fe047f"",""yes_price_dollars"":""0.5300""}"
KXBTC15M-26APR272000-00,fb4dc184-0646-66ea-e778-0f8c7ccf2f6d,1777333508,0.51,4.0,no,"{""count_fp"":""4.00"",""created_time"":""2026-04-27T23:45:08.154208Z"",""no_price_dollars"":""0.4900"",""taker_side"":""no"",""ticker"":""KXBTC15M-26APR272000-00"",""trade_id"":""fb4dc184-0646-66ea-e778-0f8c7ccf2f6d"",""yes_price_dollars"":""0.5100""}"
KXBTC15M-26APR272000-00,ee0208d2-6b68-51f6-7e01-07b6ac14bdee,1777333508,0.52,6.0,no,"{""count_fp"":""6.00"",""created_time"":""2026-04-27T23:45:08.086246Z"",""no_price_dollars"":""0.4800"",""taker_side"":""no"",""ticker"":""KXBTC15M-26APR272000-00"",""trade_id"":""ee0208d2-6b68-51f6-7e01-07b6ac14bdee"",""yes_price_dollars"":""0.5200""}"
KXBTC15M-26APR272000-00,18e2ee40-b4d4-5020-687e-bc2b949703c4,1777333508,0.53,59.0,no,"{""count_fp"":""59.00"",""created_time"":""2026-04-27T23:45:08.058652Z"",""no_price_dollars"":""0.4700"",""taker_side"":""no"",""ticker"":""KXBTC15M-26APR272000-00"",""trade_id"":""18e2ee40-b4d4-5020-687e-bc2b949703c4"",""yes_price_dollars"":""0.5300""}"
KXBTC15M-26APR272000-00,5cdaceb0-1d38-45f8-a13c-4d100386081c,1777333508,0.53,30.0,no,"{""count_fp"":""30.00"",""created_time"":""2026-04-27T23:45:08.054588Z"",""no_price_dollars"":""0.4700"",""taker_side"":""no"",""ticker"":""KXBTC15M-26APR272000-00"",""trade_id"":""5cdaceb0-1d38-45f8-a13c-4d100386081c"",""yes_price_dollars"":""0.5300""}"
KXBTC15M-26APR272000-00,b6aafdc9-9177-657d-8caa-8ad112ec8031,1777333509,0.5,4.49,no,"{""count_fp"":""4.49"",""created_time"":""2026-04-27T23:45:09.760695Z"",""no_price_dollars"":""0.5000"",""taker_side"":""no"",""ticker"":""KXBTC15M-26APR272000-00"",""trade_id"":""b6aafdc9-9177-657d-8caa-8ad112ec8031"",""yes_price_dollars"":""0.5000""}"
KXBTC15M-26APR272000-00,34d39726-e926-6620-8fe1-ae7336ac90eb,1777333509,0.5,4.98,no,"{""count_fp"":""4.98"",""created_time"":""2026-04-27T23:45:09.760695Z"",""no_price_dollars"":""0.5000"",""taker_side"":""no"",""ticker"":""KXBTC15M-26APR272000-00"",""trade_id"":""34d39726-e926-6620-8fe1-ae7336ac90eb"",""yes_price_dollars"":""0.5000""}"
KXBTC15M-26APR272000-00,f442e211-8beb-7091-d203-0aadaae82a4b,1777333509,0.52,19.22,yes,"{""count_fp"":""19.22"",""created_time"":""2026-04-27T23:45:09.662763Z"",""no_price_dollars"":""0.4800"",""taker_side"":""yes"",""ticker"":""KXBTC15M-26APR272000-00"",""trade_id"":""f442e211-8beb-7091-d203-0aadaae82a4b"",""yes_price_dollars"":""0.5200""}"
KXBTC15M-26APR272000-00,b7a8add4-0f46-7fed-cff2-24337341a214,1777333509,0.52,71.0,yes,"{""count_fp"":""71.00"",""created_time"":""2026-04-27T23:45:09.662763Z"",""no_price_dollars"":""0.4800"",""taker_side"":""yes"",""ticker"":""KXBTC15M-26APR272000-00"",""trade_id"":""b7a8add4-0f46-7fed-cff2-24337341a214"",""yes_price_dollars"":""0.5200""}"
KXBTC15M-26APR272000-00,846a4ac8-b3bf-7085-a876-289c2bfb5ae7,1777333509,0.52,27.4,yes,"{""count_fp"":""27.40"",""created_time"":""2026-04-27T23:45:09.551513Z"",""no_price_dollars"":""0.4800"",""taker_side"":""yes"",""ticker"":""KXBTC15M-26APR272000-00"",""trade_id"":""846a4ac8-b3bf-7085-a876-289c2bfb5ae7"",""yes_price_dollars"":""0.5200""}"
KXBTC15M-26APR272000-00,10e9a43d-133f-4715-3099-a2a0def7194f,1777333509,0.52,9.38,yes,"{""count_fp"":""9.38"",""created_time"":""2026-04-27T23:45:09.273004Z"",""no_price_dollars"":""0.4800"",""taker_side"":""yes"",""ticker"":""KXBTC15M-26APR272000-00"",""trade_id"":""10e9a43d-133f-4715-3099-a2a0def7194f"",""yes_price_dollars"":""0.5200""}"
KXBTC15M-26APR272000-00,28e15da0-2bae-6199-d01c-8ac12a15e316,1777333510,0.52,16.21,yes,"{""count_fp"":""16.21"",""created_time"":""2026-04-27T23:45:10.893666Z"",""no_price_dollars"":""0.4800"",""taker_side"":""yes"",""ticker"":""KXBTC15M-26APR272000-00"",""trade_id"":""28e15da0-2bae-6199-d01c-8ac12a15e316"",""yes_price_dollars"":""0.5200""}"
KXBTC15M-26APR272000-00,13df7d9b-89e1-6b7a-c35e-77a5402486b4,1777333510,0.51,18.0,yes,"{""count_fp"":""18.00"",""created_time"":""2026-04-27T23:45:10.893666Z"",""no_price_dollars"":""0.4900"",""taker_side"":""yes"",""ticker"":""KXBTC15M-26APR272000-00"",""trade_id"":""13df7d9b-89e1-6b7a-c35e-77a5402486b4"",""yes_price_dollars"":""0.5100""}"
KXBTC15M-26APR272000-00,1184676a-83fe-6bbd-d88e-f2fc5f49c0da,1777333510,0.5,3.0,yes,"{""count_fp"":""3.00"",""created_time"":""2026-04-27T23:45:10.893666Z"",""no_price_dollars"":""0.5000"",""taker_side"":""yes"",""ticker"":""KXBTC15M-26APR272000-00"",""trade_id"":""1184676a-83fe-6bbd-d88e-f2fc5f49c0da"",""yes_price_dollars"":""0.5000""}"
KXBTC15M-26APR272000-00,c6f4cc43-d717-56e9-434a-a8eeaaecb380,1777333510,0.46,2.0,no,"{""count_fp"":""2.00"",""created_time"":""2026-04-27T23:45:10.855194Z"",""no_price_dollars"":""0.5400"",""taker_side"":""no"",""ticker"":""KXBTC15M-26APR272000-00"",""trade_id"":""c6f4cc43-d717-56e9-434a-a8eeaaecb380"",""yes_price_dollars"":""0.4600""}"
KXBTC15M-26APR272000-00,bd8b73dd-af7b-52e9-7cd8-63839d8fc380,1777333510,0.48,3.0,no,"{""count_fp"":""3.00"",""created_time"":""2026-04-27T23:45:10.855194Z"",""no_price_dollars"":""0.5200"",""taker_side"":""no"",""ticker"":""KXBTC15M-26APR272000-00"",""trade_id"":""bd8b73dd-af7b-52e9-7cd8-63839d8fc380"",""yes_price_dollars"":""0.4800""}"
KXBTC15M-26APR272000-00,84b44200-535b-5441-5fe6-6cf1900f86af,1777333510,0.47,400.0,no,"{""count_fp"":""400.00"",""created_time"":""2026-04-27T23:45:10.855194Z"",""no_price_dollars"":""0.5300"",""taker_side"":""no"",""ticker"":""KXBTC15M-26APR272000-00"",""trade_id"":""84b44200-535b-5441-5fe6-6cf1900f86af"",""yes_price_dollars"":""0.4700""}"
KXBTC15M-26APR272000-00,6b4cf344-cc59-5e97-4613-27a0caee441f,1777333510,0.46,28.41,no,"{""count_fp"":""28.41"",""created_time"":""2026-04-27T23:45:10.855194Z"",""no_price_dollars"":""0.5400"",""taker_side"":""no"",""ticker"":""KXBTC15M-26APR272000-00"",""trade_id"":""6b4cf344-cc59-5e97-4613-27a0caee441f"",""yes_price_dollars"":""0.4600""}"
KXBTC15M-26APR272000-00,e4693452-c792-5b78-267d-fad076b5aeef,1777333510,0.5,3.28,no,"{""count_fp"":""3.28"",""created_time"":""2026-04-27T23:45:10.448105Z"",""no_price_dollars"":""0.5000"",""taker_side"":""no"",""ticker"":""KXBTC15M-26APR272000-00"",""trade_id"":""e4693452-c792-5b78-267d-fad076b5aeef"",""yes_price_dollars"":""0.5000""}"
KXBTC15M-26APR272000-00,4e3593ae-6c32-5eda-2aca-57189bd8a496,1777333510,0.49,34.49,no,"{""count_fp"":""34.49"",""created_time"":""2026-04-27T23:45:10.448105Z"",""no_price_dollars"":""0.5100"",""taker_side"":""no"",""ticker"":""KXBTC15M-26APR272000-00"",""trade_id"":""4e3593ae-6c32-5eda-2aca-57189bd8a496"",""yes_price_dollars"":""0.4900""}"
KXBTC15M-26APR272000-00,01885aaf-2fda-599f-b430-3f8357383552,1777333510,0.51,1.79,yes,"{""count_fp"":""1.79"",""created_time"":""2026-04-27T23:45:10.323668Z"",""no_price_dollars"":""0.4900"",""taker_side"":""yes"",""ticker"":""KXBTC15M-26APR272000-00"",""trade_id"":""01885aaf-2fda-599f-b430-3f8357383552"",""yes_price_dollars"":""0.5100""}"
KXBTC15M-26APR272000-00,810b80f1-6596-5e56-fc49-a895d2149b0c,1777333511,0.52,200.0,no,"{""count_fp"":""200.00"",""created_time"":""2026-04-27T23:45:11.998369Z"",""no_price_dollars"":""0.4800"",""taker_side"":""no"",""ticker"":""KXBTC15M-26APR272000-00"",""trade_id"":""810b80f1-6596-5e56-fc49-a895d2149b0c"",""yes_price_dollars"":""0.5200""}"
KXBTC15M-26APR272000-00,c0d8a679-ea12-597e-713b-af062487e160,1777333511,0.52,200.0,no,"{""count_fp"":""200.00"",""created_time"":""2026-04-27T23:45:11.982618Z"",""no_price_dollars"":""0.4800"",""taker_side"":""no"",""ticker"":""KXBTC15M-26APR272000-00"",""trade_id"":""c0d8a679-ea12-597e-713b-af062487e160"",""yes_price_dollars"":""0.5200""}"
KXBTC15M-26APR272000-00,9afc1fc9-cf62-7ef7-fe59-bb102d6e0af9,1777333511,0.52,10.0,yes,"{""count_fp"":""10.00"",""created_time"":""2026-04-27T23:45:11.918645Z"",""no_price_dollars"":""0.4800"",""taker_side"":""yes"",""ticker"":""KXBTC15M-26APR272000-00"",""trade_id"":""9afc1fc9-cf62-7ef7-fe59-bb102d6e0af9"",""yes_price_dollars"":""0.5200""}"
KXBTC15M-26APR272000-00,35c559d3-2df4-7d11-f801-9ae395ee8739,1777333511,0.53,512.14,yes,"{""count_fp"":""512.14"",""created_time"":""2026-04-27T23:45:11.918645Z"",""no_price_dollars"":""0.4700"",""taker_side"":""yes"",""ticker"":""KXBTC15M-26APR272000-00"",""trade_id"":""35c559d3-2df4-7d11-f801-9ae395ee8739"",""yes_price_dollars"":""0.5300""}"
KXBTC15M-26APR272000-00,41952cd8-136a-6898-9778-7e3d88914ed6,1777333511,0.49,2.0,yes,"{""count_fp"":""2.00"",""created_time"":""2026-04-27T23:45:11.824109Z"",""no_price_dollars"":""0.5100"",""taker_side"":""yes"",""ticker"":""KXBTC15M-26APR272000-00"",""trade_id"":""41952cd8-136a-6898-9778-7e3d88914ed6"",""yes_price_dollars"":""0.4900""}"
KXBTC15M-26APR272000-00,979309c9-7b1c-4241-13fd-c35fedfa982d,1777333511,0.53,471.78,yes,"{""count_fp"":""471.78"",""created_time"":""2026-04-27T23:45:11.698185Z"",""no_price_dollars"":""0.4700"",""taker_side"":""yes"",""ticker"":""KXBTC15M-26APR272000-00"",""trade_id"":""979309c9-7b1c-4241-13fd-c35fedfa982d"",""yes_price_dollars"":""0.5300""}"
KXBTC15M-26APR272000-00,791582c0-d9e0-4fdf-02df-1e6d51043652,1777333511,0.52,59.17,yes,"{""count_fp"":""59.17"",""created_time"":""2026-04-27T23:45:11.698185Z"",""no_price_dollars"":""0.4800"",""taker_side"":""yes"",""ticker"":""KXBTC15M-26APR272000-00"",""trade_id"":""791582c0-d9e0-4fdf-02df-1e6d51043652"",""yes_price_dollars"":""0.5200""}"
KXBTC15M-26APR272000-00,7f756a86-f8a4-6fdf-eeba-6469cec3ea42,1777333511,0.52,40.83,yes,"{""count_fp"":""40.83"",""created_time"":""2026-04-27T23:45:11.612896Z"",""no_price_dollars"":""0.4800"",""taker_side"":""yes"",""ticker"":""KXBTC15M-26APR272000-00"",""trade_id"":""7f756a86-f8a4-6fdf-eeba-6469cec3ea42"",""yes_price_dollars"":""0.5200""}"
KXBTC15M-26APR272000-00,3893ca6d-0611-66cc-d8b6-4238d7b7b4f7,1777333511,0.49,3.0,yes,"{""count_fp"":""3.00"",""created_time"":""2026-04-27T23:45:11.612896Z"",""no_price_dollars"":""0.5100"",""taker_side"":""yes"",""ticker"":""KXBTC15M-26APR272000-00"",""trade_id"":""3893ca6d-0611-66cc-d8b6-4238d7b7b4f7"",""yes_price_dollars"":""0.4900""}"
KXBTC15M-26APR272000-00,3c4cc333-fb1a-4582-2fb7-328942cba6e3,1777333511,0.48,4.0,no,"{""count_fp"":""4.00"",""created_time"":""2026-04-27T23:45:11.516974Z"",""no_price_dollars"":""0.5200"",""taker_side"":""no"",""ticker"":""KXBTC15M-26APR272000-00"",""trade_id"":""3c4cc333-fb1a-4582-2fb7-328942cba6e3"",""yes_price_dollars"":""0.4800""}"
KXBTC15M-26APR272000-00,268f2ab4-7bb5-4f97-1458-50cab6530616,1777333511,0.48,10.0,no,"{""count_fp"":""10.00"",""created_time"":""2026-04-27T23:45:11.516974Z"",""no_price_dollars"":""0.5200"",""taker_side"":""no"",""ticker"":""KXBTC15M-26APR272000-00"",""trade_id"":""268f2ab4-7bb5-4f97-1458-50cab6530616"",""yes_price_dollars"":""0.4800""}"
KXBTC15M-26APR272000-00,cc37b5fa-6096-68c1-5ae0-4bca3e33aa6d,1777333511,0.49,3.0,yes,"{""count_fp"":""3.00"",""created_time"":""2026-04-27T23:45:11.440812Z"",""no_price_dollars"":""0.5100"",""taker_side"":""yes"",""ticker"":""KXBTC15M-26APR272000-00"",""trade_id"":""cc37b5fa-6096-68c1-5ae0-4bca3e33aa6d"",""yes_price_dollars"":""0.4900""}"
KXBTC15M-26APR272000-00,bb8c958f-fc3e-6be6-49cb-caed0da589a5,1777333511,0.52,13.74,yes,"{""count_fp"":""13.74"",""created_time"":""2026-04-27T23:45:11.440812Z"",""no_price_dollars"":""0.4800"",""taker_side"":""yes"",""ticker"":""KXBTC15M-26APR272000-00"",""trade_id"":""bb8c958f-fc3e-6be6-49cb-caed0da589a5"",""yes_price_dollars"":""0.5200""}"
KXBTC15M-26APR272000-00,d5931c25-e64f-7e5b-440c-9faf46db1e7c,1777333511,0.48,3.0,no,"{""count_fp"":""3.00"",""created_time"":""2026-04-27T23:45:11.383365Z"",""no_price_dollars"":""0.5200"",""taker_side"":""no"",""ticker"":""KXBTC15M-26APR272000-00"",""trade_id"":""d5931c25-e64f-7e5b-440c-9faf46db1e7c"",""yes_price_dollars"":""0.4800""}"
KXBTC15M-26APR272000-00,19db2786-b1a1-5bb3-f53c-cb606a834bc6,1777333511,0.49,3.0,yes,"{""count_fp"":""3.00"",""created_time"":""2026-04-27T23:45:11.147443Z"",""no_price_dollars"":""0.5100"",""taker_side"":""yes"",""ticker"":""KXBTC15M-26APR272000-00"",""trade_id"":""19db2786-b1a1-5bb3-f53c-cb606a834bc6"",""yes_price_dollars"":""0.4900""}"
KXBTC15M-26APR272000-00,5a526b06-6ce8-6a71-f3b2-1fb878d5ed55,1777333512,0.52,360.87,yes,"{""count_fp"":""360.87"",""created_time"":""2026-04-27T23:45:12.914561Z"",""no_price_dollars"":""0.4800"",""taker_side"":""yes"",""ticker"":""KXBTC15M-26APR272000-00"",""trade_id"":""5a526b06-6ce8-6a71-f3b2-1fb878d5ed55"",""yes_price_dollars"":""0.5200""}"
KXBTC15M-26APR272000-00,dbbaa478-f597-7275-71b9-02c1dd1dc051,1777333512,0.51,1.82,no,"{""count_fp"":""1.82"",""created_time"":""2026-04-27T23:45:12.805349Z"",""no_price_dollars"":""0.4900"",""taker_side"":""no"",""ticker"":""KXBTC15M-26APR272000-00"",""trade_id"":""dbbaa478-f597-7275-71b9-02c1dd1dc051"",""yes_price_dollars"":""0.5100""}"
KXBTC15M-26APR272000-00,1a973bee-1fe0-7aad-223b-66723435fa79,1777333512,0.52,0.17,yes,"{""count_fp"":""0.17"",""created_time"":""2026-04-27T23:45:12.747566Z"",""no_price_dollars"":""0.4800"",""taker_side"":""yes"",""ticker"":""KXBTC15M-26APR272000-00"",""trade_id"":""1a973bee-1fe0-7aad-223b-66723435fa79"",""yes_price_dollars"":""0.5200""}"
KXBTC15M-26APR272000-00,cc08c5f8-0e37-65f5-a622-c3b4a79c04ab,1777333512,0.52,12.22,yes,"{""count_fp"":""12.22"",""created_time"":""2026-04-27T23:45:12.691394Z"",""no_price_dollars"":""0.4800"",""taker_side"":""yes"",""ticker"":""KXBTC15M-26APR272000-00"",""trade_id"":""cc08c5f8-0e37-65f5-a622-c3b4a79c04ab"",""yes_price_dollars"":""0.5200""}"
KXBTC15M-26APR272000-00,7ddd277d-d03c-63e3-bab3-db447527abe8,1777333512,0.52,4.0,yes,"{""count_fp"":""4.00"",""created_time"":""2026-04-27T23:45:12.691394Z"",""no_price_dollars"":""0.4800"",""taker_side"":""yes"",""ticker"":""KXBTC15M-26APR272000-00"",""trade_id"":""7ddd277d-d03c-63e3-bab3-db447527abe8"",""yes_price_dollars"":""0.5200""}"
KXBTC15M-26APR272000-00,721d44f0-63f5-6d9e-bacb-983c472b315b,1777333512,0.52,3.0,yes,"{""count_fp"":""3.00"",""created_time"":""2026-04-27T23:45:12.691394Z"",""no_price_dollars"":""0.4800"",""taker_side"":""yes"",""ticker"":""KXBTC15M-26APR272000-00"",""trade_id"":""721d44f0-63f5-6d9e-bacb-983c472b315b"",""yes_price_dollars"":""0.5200""}"
KXBTC15M-26APR272000-00,444133ed-44b8-670d-a564-09fe352f6bf1,1777333512,0.52,296.0,yes,"{""count_fp"":""296.00"",""created_time"":""2026-04-27T23:45:12.691394Z"",""no_price_dollars"":""0.4800"",""taker_side"":""yes"",""ticker"":""KXBTC15M-26APR272000-00"",""trade_id"":""444133ed-44b8-670d-a564-09fe352f6bf1"",""yes_price_dollars"":""0.5200""}"
KXBTC15M-26APR272000-00,9b054f82-0393-40dd-36f7-2071c28334f1,1777333512,0.51,3.0,no,"{""count_fp"":""3.00"",""created_time"":""2026-04-27T23:45:12.389601Z"",""no_price_dollars"":""0.4900"",""taker_side"":""no"",""ticker"":""KXBTC15M-26APR272000-00"",""trade_id"":""9b054f82-0393-40dd-36f7-2071c28334f1"",""yes_price_dollars"":""0.5100""}"
KXBTC15M-26APR272000-00,f1d1a92c-9523-5e79-29be-4c8781d4e69d,1777333512,0.51,9.0,no,"{""count_fp"":""9.00"",""created_time"":""2026-04-27T23:45:12.220861Z"",""no_price_dollars"":""0.4900"",""taker_side"":""no"",""ticker"":""KXBTC15M-26APR272000-00"",""trade_id"":""f1d1a92c-9523-5e79-29be-4c8781d4e69d"",""yes_price_dollars"":""0.5100""}"
KXBTC15M-26APR272000-00,c5e7d866-e332-56be-0d93-8a59486b7da8,1777333512,0.52,100.0,no,"{""count_fp"":""100.00"",""created_time"":""2026-04-27T23:45:12.220861Z"",""no_price_dollars"":""0.4800"",""taker_side"":""no"",""ticker"":""KXBTC15M-26APR272000-00"",""trade_id"":""c5e7d866-e332-56be-0d93-8a59486b7da8"",""yes_price_dollars"":""0.5200""}"
KXBTC15M-26APR272000-00,d583aa0c-4aac-483d-7f3a-a6f40ef41975,1777333513,0.52,16.44,yes,"{""count_fp"":""16.44"",""created_time"":""2026-04-27T23:45:13.835726Z"",""no_price_dollars"":""0.4800"",""taker_side"":""yes"",""ticker"":""KXBTC15M-26APR272000-00"",""trade_id"":""d583aa0c-4aac-483d-7f3a-a6f40ef41975"",""yes_price_dollars"":""0.5200""}"
KXBTC15M-26APR272000-00,d59e793e-25f8-4d19-de19-baa03e087464,1777333513,0.49,3.0,no,"{""count_fp"":""3.00"",""created_time"":""2026-04-27T23:45:13.332814Z"",""no_price_dollars"":""0.5100"",""taker_side"":""no"",""ticker"":""KXBTC15M-26APR272000-00"",""trade_id"":""d59e793e-25f8-4d19-de19-baa03e087464"",""yes_price_dollars"":""0.4900""}"
KXBTC15M-26APR272000-00,860f5549-becf-4565-d858-a8aa0f2504f5,1777333513,0.51,1.77,no,"{""count_fp"":""1.77"",""created_time"":""2026-04-27T23:45:13.332814Z"",""no_price_dollars"":""0.4900"",""taker_side"":""no"",""ticker"":""KXBTC15M-26APR272000-00"",""trade_id"":""860f5549-becf-4565-d858-a8aa0f2504f5"",""yes_price_dollars"":""0.5100""}"
KXBTC15M-26APR272000-00,817a2144-e878-4599-f16b-39ff5137afd0,1777333513,0.51,6.0,no,"{""count_fp"":""6.00"",""created_time"":""2026-04-27T23:45:13.332814Z"",""no_price_dollars"":""0.4900"",""taker_side"":""no"",""ticker"":""KXBTC15M-26APR272000-00"",""trade_id"":""817a2144-e878-4599-f16b-39ff5137afd0"",""yes_price_dollars"":""0.5100""}"
KXBTC15M-26APR272000-00,756644fe-08fd-4aaf-fb4f-7e52db7b3c5d,1777333513,0.48,3.52,no,"{""count_fp"":""3.52"",""created_time"":""2026-04-27T23:45:13.332814Z"",""no_price_dollars"":""0.5200"",""taker_side"":""no"",""ticker"":""KXBTC15M-26APR272000-00"",""trade_id"":""756644fe-08fd-4aaf-fb4f-7e52db7b3c5d"",""yes_price_dollars"":""0.4800""}"
KXBTC15M-26APR272000-00,9ba6c702-4547-5f99-0701-bd7cf1bf3175,1777333513,0.51,0.62,no,"{""count_fp"":""0.62"",""created_time"":""2026-04-27T23:45:13.241115Z"",""no_price_dollars"":""0.4900"",""taker_side"":""no"",""ticker"":""KXBTC15M-26APR272000-00"",""trade_id"":""9ba6c702-4547-5f99-0701-bd7cf1bf3175"",""yes_price_dollars"":""0.5100""}"
KXBTC15M-26APR272000-00,f72a0e82-60bc-76d3-730d-363ef238f387,1777333514,0.48,6.3,no,"{""count_fp"":""6.30"",""created_time"":""2026-04-27T23:45:14.777599Z"",""no_price_dollars"":""0.5200"",""taker_side"":""no"",""ticker"":""KXBTC15M-26APR272000-00"",""trade_id"":""f72a0e82-60bc-76d3-730d-363ef238f387"",""yes_price_dollars"":""0.4800""}"
KXBTC15M-26APR272000-00,b41c3131-47f2-78b6-665f-64ac39e311bb,1777333514,0.48,3.0,no,"{""count_fp"":""3.00"",""created_time"":""2026-04-27T23:45:14.777599Z"",""no_price_dollars"":""0.5200"",""taker_side"":""no"",""ticker"":""KXBTC15M-26APR272000-00"",""trade_id"":""b41c3131-47f2-78b6-665f-64ac39e311bb"",""yes_price_dollars"":""0.4800""}"
KXBTC15M-26APR272000-00,71d65f2d-eb29-7901-6401-58a105507d0a,1777333514,0.48,16.57,no,"{""count_fp"":""16.57"",""created_time"":""2026-04-27T23:45:14.777599Z"",""no_price_dollars"":""0.5200"",""taker_side"":""no"",""ticker"":""KXBTC15M-26APR272000-00"",""trade_id"":""71d65f2d-eb29-7901-6401-58a105507d0a"",""yes_price_dollars"":""0.4800""}"
KXBTC15M-26APR272000-00,f7f61bc6-8f9e-7cab-4eb9-bbb7e7c7f1ae,1777333514,0.48,10.0,no,"{""count_fp"":""10.00"",""created_time"":""2026-04-27T23:45:14.383516Z"",""no_price_dollars"":""0.5200"",""taker_side"":""no"",""ticker"":""KXBTC15M-26APR272000-00"",""trade_id"":""f7f61bc6-8f9e-7cab-4eb9-bbb7e7c7f1ae"",""yes_price_dollars"":""0.4800""}"
KXBTC15M-26APR272000-00,ed65738b-129a-7777-7974-138117d8d27b,1777333514,0.49,7.44,no,"{""count_fp"":""7.44"",""created_time"":""2026-04-27T23:45:14.383516Z"",""no_price_dollars"":""0.5100"",""taker_side"":""no"",""ticker"":""KXBTC15M-26APR272000-00"",""trade_id"":""ed65738b-129a-7777-7974-138117d8d27b"",""yes_price_dollars"":""0.4900""}"
KXBTC15M-26APR272000-00,c7bf7119-7064-7415-5a56-a676a7575ce3,1777333514,0.48,3.0,no,"{""count_fp"":""3.00"",""created_time"":""2026-04-27T23:45:14.383516Z"",""no_price_dollars"":""0.5200"",""taker_side"":""no"",""ticker"":""KXBTC15M-26APR272000-00"",""trade_id"":""c7bf7119-7064-7415-5a56-a676a7575ce3"",""yes_price_dollars"":""0.4800""}"
KXBTC15M-26APR272000-00,9e14cca8-ab6d-7e6e-686e-7091a50c097e,1777333514,0.48,62.94,no,"{""count_fp"":""62.94"",""created_time"":""2026-04-27T23:45:14.383516Z"",""no_price_dollars"":""0.5200"",""taker_side"":""no"",""ticker"":""KXBTC15M-26APR272000-00"",""trade_id"":""9e14cca8-ab6d-7e6e-686e-7091a50c097e"",""yes_price_dollars"":""0.4800""}"
KXBTC15M-26APR272000-00,4958e05a-9a49-7a4c-6b6e-bbc9e7a195fd,1777333514,0.49,56.0,no,"{""count_fp"":""56.00"",""created_time"":""2026-04-27T23:45:14.383516Z"",""no_price_dollars"":""0.5100"",""taker_side"":""no"",""ticker"":""KXBTC15M-26APR272000-00"",""trade_id"":""4958e05a-9a49-7a4c-6b6e-bbc9e7a195fd"",""yes_price_dollars"":""0.4900""}"
KXBTC15M-26APR272000-00,f5f3767a-f940-7ab9-3c9c-ba456b2594f5,1777333514,0.52,6.3,yes,"{""count_fp"":""6.30"",""created_time"":""2026-04-27T23:45:14.157713Z"",""no_price_dollars"":""0.4800"",""taker_side"":""yes"",""ticker"":""KXBTC15M-26APR272000-00"",""trade_id"":""f5f3767a-f940-7ab9-3c9c-ba456b2594f5"",""yes_price_dollars"":""0.5200""}"
KXBTC15M-26APR272000-00,7cd7a584-99f4-7e40-0eb1-878f9f07a014,1777333514,0.51,3.0,yes,"{""count_fp"":""3.00"",""created_time"":""2026-04-27T23:45:14.157713Z"",""no_price_dollars"":""0.4900"",""taker_side"":""yes"",""ticker"":""KXBTC15M-26APR272000-00"",""trade_id"":""7cd7a584-99f4-7e40-0eb1-878f9f07a014"",""yes_price_dollars"":""0.5100""}"
KXBTC15M-26APR272000-00,c8af0515-df94-4549-e263-3f502b7d55b4,1777333515,0.49,552.6,no,"{""count_fp"":""552.60"",""created_time"":""2026-04-27T23:45:15.981603Z"",""no_price_dollars"":""0.5100"",""taker_side"":""no"",""ticker"":""KXBTC15M-26APR272000-00"",""trade_id"":""c8af0515-df94-4549-e263-3f502b7d55b4"",""yes_price_dollars"":""0.4900""}"
KXBTC15M-26APR272000-00,966a5813-6a03-4717-c56c-2446d5c12466,1777333515,0.5,3.0,no,"{""count_fp"":""3.00"",""created_time"":""2026-04-27T23:45:15.981603Z"",""no_price_dollars"":""0.5000"",""taker_side"":""no"",""ticker"":""KXBTC15M-26APR272000-00"",""trade_id"":""966a5813-6a03-4717-c56c-2446d5c12466"",""yes_price_dollars"":""0.5000""}"
KXBTC15M-26APR272000-00,7a675516-7ae5-4ab1-e71f-9d87321862ee,1777333515,0.5,327.12,no,"{""count_fp"":""327.12"",""created_time"":""2026-04-27T23:45:15.981603Z"",""no_price_dollars"":""0.5000"",""taker_side"":""no"",""ticker"":""KXBTC15M-26APR272000-00"",""trade_id"":""7a675516-7ae5-4ab1-e71f-9d87321862ee"",""yes_price_dollars"":""0.5000""}"
KXBTC15M-26APR272000-00,d8fabf44-2a77-523a-b325-441460a109c0,1777333515,0.5,2.0,no,"{""count_fp"":""2.00"",""created_time"":""2026-04-27T23:45:15.865631Z"",""no_price_dollars"":""0.5000"",""taker_side"":""no"",""ticker"":""KXBTC15M-26APR272000-00"",""trade_id"":""d8fabf44-2a77-523a-b325-441460a109c0"",""yes_price_dollars"":""0.5000""}"
KXBTC15M-26APR272000-00,41ab0e1f-64f5-5644-dbc0-8e7810ffebcf,1777333515,0.49,13.84,no,"{""count_fp"":""13.84"",""created_time"":""2026-04-27T23:45:15.731028Z"",""no_price_dollars"":""0.5100"",""taker_side"":""no"",""ticker"":""KXBTC15M-26APR272000-00"",""trade_id"":""41ab0e1f-64f5-5644-dbc0-8e7810ffebcf"",""yes_price_dollars"":""0.4900""}"
KXBTC15M-26APR272000-00,15376860-5e47-7c4a-b79b-810d15534ab2,1777333515,0.49,140.64,no,"{""count_fp"":""140.64"",""created_time"":""2026-04-27T23:45:15.348777Z"",""no_price_dollars"":""0.5100"",""taker_side"":""no"",""ticker"":""KXBTC15M-26APR272000-00"",""trade_id"":""15376860-5e47-7c4a-b79b-810d15534ab2"",""yes_price_dollars"":""0.4900""}"
KXBTC15M-26APR272000-00,7d2aff7b-14bb-6dee-be92-8f36414eeeda,1777333515,0.49,44.22,no,"{""count_fp"":""44.22"",""created_time"":""2026-04-27T23:45:15.324166Z"",""no_price_dollars"":""0.5100"",""taker_side"":""no"",""ticker"":""KXBTC15M-26APR272000-00"",""trade_id"":""7d2aff7b-14bb-6dee-be92-8f36414eeeda"",""yes_price_dollars"":""0.4900""}"
KXBTC15M-26APR272000-00,1e72ca19-6686-6141-9f13-f2a535db4f80,1777333515,0.5,3.0,no,"{""count_fp"":""3.00"",""created_time"":""2026-04-27T23:45:15.324166Z"",""no_price_dollars"":""0.5000"",""taker_side"":""no"",""ticker"":""KXBTC15M-26APR272000-00"",""trade_id"":""1e72ca19-6686-6141-9f13-f2a535db4f80"",""yes_price_dollars"":""0.5000""}"
KXBTC15M-26APR272000-00,7183ba67-e48f-6026-c281-23328b79c542,1777333515,0.5,34.25,no,"{""count_fp"":""34.25"",""created_time"":""2026-04-27T23:45:15.119201Z"",""no_price_dollars"":""0.5000"",""taker_side"":""no"",""ticker"":""KXBTC15M-26APR272000-00"",""trade_id"":""7183ba67-e48f-6026-c281-23328b79c542"",""yes_price_dollars"":""0.5000""}"
KXBTC15M-26APR272000-00,1749bfc4-93a9-6ca1-c076-8f13daa75b3c,1777333515,0.49,2.0,no,"{""count_fp"":""2.00"",""created_time"":""2026-04-27T23:45:15.119201Z"",""no_price_dollars"":""0.5100"",""taker_side"":""no"",""ticker"":""KXBTC15M-26APR272000-00"",""trade_id"":""1749bfc4-93a9-6ca1-c076-8f13daa75b3c"",""yes_price_dollars"":""0.4900""}"
KXBTC15M-26APR272000-00,01af4294-7761-6479-fb79-285c0bd6ca04,1777333515,0.48,45.93,no,"{""count_fp"":""45.93"",""created_time"":""2026-04-27T23:45:15.119201Z"",""no_price_dollars"":""0.5200"",""taker_side"":""no"",""ticker"":""KXBTC15M-26APR272000-00"",""trade_id"":""01af4294-7761-6479-fb79-285c0bd6ca04"",""yes_price_dollars"":""0.4800""}"
KXBTC15M-26APR272000-00,a347ab68-ecfc-49f0-be18-329733957ab1,1777333515,0.5,41.27,no,"{""count_fp"":""41.27"",""created_time"":""2026-04-27T23:45:15.112866Z"",""no_price_dollars"":""0.5000"",""taker_side"":""no"",""ticker"":""KXBTC15M-26APR272000-00"",""trade_id"":""a347ab68-ecfc-49f0-be18-329733957ab1"",""yes_price_dollars"":""0.5000""}"
KXBTC15M-26APR272000-00,9f43fb95-7434-4e5d-ba67-1f21bc79945c,1777333515,0.5,3.0,no,"{""count_fp"":""3.00"",""created_time"":""2026-04-27T23:45:15.112866Z"",""no_price_dollars"":""0.5000"",""taker_side"":""no"",""ticker"":""KXBTC15M-26APR272000-00"",""trade_id"":""9f43fb95-7434-4e5d-ba67-1f21bc79945c"",""yes_price_dollars"":""0.5000""}"
KXBTC15M-26APR272000-00,66deb7d3-f883-42b5-9618-727d9b0cebe9,1777333515,0.5,10.0,no,"{""count_fp"":""10.00"",""created_time"":""2026-04-27T23:45:15.112866Z"",""no_price_dollars"":""0.5000"",""taker_side"":""no"",""ticker"":""KXBTC15M-26APR272000-00"",""trade_id"":""66deb7d3-f883-42b5-9618-727d9b0cebe9"",""yes_price_dollars"":""0.5000""}"
KXBTC15M-26APR272000-00,cdc010f7-3cc6-5354-7be1-aaf2159b15ad,1777333515,0.51,11.37,yes,"{""count_fp"":""11.37"",""created_time"":""2026-04-27T23:45:15.066619Z"",""no_price_dollars"":""0.4900"",""taker_side"":""yes"",""ticker"":""KXBTC15M-26APR272000-00"",""trade_id"":""cdc010f7-3cc6-5354-7be1-aaf2159b15ad"",""yes_price_dollars"":""0.5100""}"
KXBTC15M-26APR272000-00,ff06b183-7b3a-65b5-51ea-69dc1f757582,1777333515,0.51,34.25,yes,"{""count_fp"":""34.25"",""created_time"":""2026-04-27T23:45:15.032366Z"",""no_price_dollars"":""0.4900"",""taker_side"":""yes"",""ticker"":""KXBTC15M-26APR272000-00"",""trade_id"":""ff06b183-7b3a-65b5-51ea-69dc1f757582"",""yes_price_dollars"":""0.5100""}"
KXBTC15M-26APR272000-00,11dd6780-96d4-608a-5dea-36f853a7fdbe,1777333515,0.51,3.0,yes,"{""count_fp"":""3.00"",""created_time"":""2026-04-27T23:45:15.032366Z"",""no_price_dollars"":""0.4900"",""taker_side"":""yes"",""ticker"":""KXBTC15M-26APR272000-00"",""trade_id"":""11dd6780-96d4-608a-5dea-36f853a7fdbe"",""yes_price_dollars"":""0.5100""}"
KXBTC15M-26APR272000-00,04e778a4-f359-4029-6bde-c7fee010de78,1777333516,0.49,1.88,no,"{""count_fp"":""1.88"",""created_time"":""2026-04-27T23:45:16.651643Z"",""no_price_dollars"":""0.5100"",""taker_side"":""no"",""ticker"":""KXBTC15M-26APR272000-00"",""trade_id"":""04e778a4-f359-4029-6bde-c7fee010de78"",""yes_price_dollars"":""0.4900""}"
KXBTC15M-26APR272000-00,6ac422e1-5fcd-715d-7008-32f38597b328,1777333516,0.49,19.0,no,"{""count_fp"":""19.00"",""created_time"":""2026-04-27T23:45:16.587877Z"",""no_price_dollars"":""0.5100"",""taker_side"":""no"",""ticker"":""KXBTC15M-26APR272000-00"",""trade_id"":""6ac422e1-5fcd-715d-7008-32f38597b328"",""yes_price_dollars"":""0.4900""}"
KXBTC15M-26APR272000-00,e94d1a20-ce00-4f33-7ab0-05733d726dc7,1777333516,0.5,114.0,no,"{""count_fp"":""114.00"",""created_time"":""2026-04-27T23:45:16.399591Z"",""no_price_dollars"":""0.5000"",""taker_side"":""no"",""ticker"":""KXBTC15M-26APR272000-00"",""trade_id"":""e94d1a20-ce00-4f33-7ab0-05733d726dc7"",""yes_price_dollars"":""0.5000""}"
KXBTC15M-26APR272000-00,cda37227-f4a0-4569-696a-d8a9093673d0,1777333516,0.49,447.4,no,"{""count_fp"":""447.40"",""created_time"":""2026-04-27T23:45:16.399591Z"",""no_price_dollars"":""0.5100"",""taker_side"":""no"",""ticker"":""KXBTC15M-26APR272000-00"",""trade_id"":""cda37227-f4a0-4569-696a-d8a9093673d0"",""yes_price_dollars"":""0.4900""}"
KXBTC15M-26APR272000-00,c9f3126c-ccd9-48e9-613f-78b34fd0e848,1777333516,0.49,1318.68,no,"{""count_fp"":""1318.68"",""created_time"":""2026-04-27T23:45:16.399591Z"",""no_price_dollars"":""0.5100"",""taker_side"":""no"",""ticker"":""KXBTC15M-26APR272000-00"",""trade_id"":""c9f3126c-ccd9-48e9-613f-78b34fd0e848"",""yes_price_dollars"":""0.4900""}"
KXBTC15M-26APR272000-00,e330dfa2-3c24-68da-792f-beb5a5e27844,1777333517,0.52,13.0,yes,"{""count_fp"":""13.00"",""created_time"":""2026-04-27T23:45:17.967769Z"",""no_price_dollars"":""0.4800"",""taker_side"":""yes"",""ticker"":""KXBTC15M-26APR272000-00"",""trade_id"":""e330dfa2-3c24-68da-792f-beb5a5e27844"",""yes_price_dollars"":""0.5200""}"
KXBTC15M-26APR272000-00,dd0d23c6-ad80-505a-435a-52495c4c2e14,1777333517,0.52,4.44,yes,"{""count_fp"":""4.44"",""created_time"":""2026-04-27T23:45:17.876479Z"",""no_price_dollars"":""0.4800"",""taker_side"":""yes"",""ticker"":""KXBTC15M-26APR272000-00"",""trade_id"":""dd0d23c6-ad80-505a-435a-52495c4c2e14"",""yes_price_dollars"":""0.5200""}"
KXBTC15M-26APR272000-00,879f1910-9c71-55a5-5bb8-9980d07a4c16,1777333517,0.51,3.0,yes,"{""count_fp"":""3.00"",""created_time"":""2026-04-27T23:45:17.876479Z"",""no_price_dollars"":""0.4900"",""taker_side"":""yes"",""ticker"":""KXBTC15M-26APR272000-00"",""trade_id"":""879f1910-9c71-55a5-5bb8-9980d07a4c16"",""yes_price_dollars"":""0.5100""}"
KXBTC15M-26APR272000-00,bcb8c88c-0af8-6682-9800-b7f3c0a9be10,1777333517,0.52,0.18,yes,"{""count_fp"":""0.18"",""created_time"":""2026-04-27T23:45:17.736906Z"",""no_price_dollars"":""0.4800"",""taker_side"":""yes"",""ticker"":""KXBTC15M-26APR272000-00"",""trade_id"":""bcb8c88c-0af8-6682-9800-b7f3c0a9be10"",""yes_price_dollars"":""0.5200""}"
KXBTC15M-26APR272000-00,c50ebe71-0db1-50d1-6b33-8c2ce82047e6,1777333517,0.5,11.0,no,"{""count_fp"":""11.00"",""created_time"":""2026-04-27T23:45:17.599272Z"",""no_price_dollars"":""0.5000"",""taker_side"":""no"",""ticker"":""KXBTC15M-26APR272000-00"",""trade_id"":""c50ebe71-0db1-50d1-6b33-8c2ce82047e6"",""yes_price_dollars"":""0.5000""}"
KXBTC15M-26APR272000-00,835043b9-5c24-5e03-7bb5-6042ff305a38,1777333517,0.5,1.0,no,"{""count_fp"":""1.00"",""created_time"":""2026-04-27T23:45:17.599272Z"",""no_price_dollars"":""0.5000"",""taker_side"":""no"",""ticker"":""KXBTC15M-26APR272000-00"",""trade_id"":""835043b9-5c24-5e03-7bb5-6042ff305a38"",""yes_price_dollars"":""0.5000""}"
KXBTC15M-26APR272000-00,3316e5b7-e817-5490-65df-fc806b226c5b,1777333517,0.5,17.0,no,"{""count_fp"":""17.00"",""created_time"":""2026-04-27T23:45:17.599272Z"",""no_price_dollars"":""0.5000"",""taker_side"":""no"",""ticker"":""KXBTC15M-26APR272000-00"",""trade_id"":""3316e5b7-e817-5490-65df-fc806b226c5b"",""yes_price_dollars"":""0.5000""}"
KXBTC15M-26APR272000-00,c78acd0a-57dc-4426-ca02-8ea1b1547628,1777333517,0.52,9.3,yes,"{""count_fp"":""9.30"",""created_time"":""2026-04-27T23:45:17.502608Z"",""no_price_dollars"":""0.4800"",""taker_side"":""yes"",""ticker"":""KXBTC15M-26APR272000-00"",""trade_id"":""c78acd0a-57dc-4426-ca02-8ea1b1547628"",""yes_price_dollars"":""0.5200""}"
KXBTC15M-26APR272000-00,f31a170c-6e87-7d4a-d92b-4574d4e28c33,1777333517,0.52,16.0,yes,"{""count_fp"":""16.00"",""created_time"":""2026-04-27T23:45:17.339524Z"",""no_price_dollars"":""0.4800"",""taker_side"":""yes"",""ticker"":""KXBTC15M-26APR272000-00"",""trade_id"":""f31a170c-6e87-7d4a-d92b-4574d4e28c33"",""yes_price_dollars"":""0.5200""}"
KXBTC15M-26APR272000-00,c09a9945-8ad4-796a-c8f1-ab957c500af4,1777333517,0.52,705.69,yes,"{""count_fp"":""705.69"",""created_time"":""2026-04-27T23:45:17.339524Z"",""no_price_dollars"":""0.4800"",""taker_side"":""yes"",""ticker"":""KXBTC15M-26APR272000-00"",""trade_id"":""c09a9945-8ad4-796a-c8f1-ab957c500af4"",""yes_price_dollars"":""0.5200""}"
KXBTC15M-26APR272000-00,afccd026-f99d-769c-e63b-808ce26a8f89,1777333517,0.52,56.0,yes,"{""count_fp"":""56.00"",""created_time"":""2026-04-27T23:45:17.339524Z"",""no_price_dollars"":""0.4800"",""taker_side"":""yes"",""ticker"":""KXBTC15M-26APR272000-00"",""trade_id"":""afccd026-f99d-769c-e63b-808ce26a8f89"",""yes_price_dollars"":""0.5200""}"
KXBTC15M-26APR272000-00,9021c226-607c-7c40-cf1c-32b91a1f9aa3,1777333517,0.51,20.0,yes,"{""count_fp"":""20.00"",""created_time"":""2026-04-27T23:45:17.339524Z"",""no_price_dollars"":""0.4900"",""taker_side"":""yes"",""ticker"":""KXBTC15M-26APR272000-00"",""trade_id"":""9021c226-607c-7c40-cf1c-32b91a1f9aa3"",""yes_price_dollars"":""0.5100""}"
KXBTC15M-26APR272000-00,6a16bf82-e6f3-75af-e591-3a31efc4efea,1777333517,0.51,114.0,yes,"{""count_fp"":""114.00"",""created_time"":""2026-04-27T23:45:17.339524Z"",""no_price_dollars"":""0.4900"",""taker_side"":""yes"",""ticker"":""KXBTC15M-26APR272000-00"",""trade_id"":""6a16bf82-e6f3-75af-e591-3a31efc4efea"",""yes_price_dollars"":""0.5100""}"
KXBTC15M-26APR272000-00,04cc5840-63f6-7c11-f682-84a514e58989,1777333517,0.51,3.0,yes,"{""count_fp"":""3.00"",""created_time"":""2026-04-27T23:45:17.339524Z"",""no_price_dollars"":""0.4900"",""taker_side"":""yes"",""ticker"":""KXBTC15M-26APR272000-00"",""trade_id"":""04cc5840-63f6-7c11-f682-84a514e58989"",""yes_price_dollars"":""0.5100""}"
KXBTC15M-26APR272000-00,3a9479dc-779c-7610-4163-c6602a1251e2,1777333518,0.51,2.0,yes,"{""count_fp"":""2.00"",""created_time"":""2026-04-27T23:45:18.931236Z"",""no_price_dollars"":""0.4900"",""taker_side"":""yes"",""ticker"":""KXBTC15M-26APR272000-00"",""trade_id"":""3a9479dc-779c-7610-4163-c6602a1251e2"",""yes_price_dollars"":""0.5100""}"
KXBTC15M-26APR272000-00,774771c6-3a1e-78d9-23c0-051e96debe4e,1777333519,0.51,1.89,yes,"{""count_fp"":""1.89"",""created_time"":""2026-04-27T23:45:19.973744Z"",""no_price_dollars"":""0.4900"",""taker_side"":""yes"",""ticker"":""KXBTC15M-26APR272000-00"",""trade_id"":""774771c6-3a1e-78d9-23c0-051e96debe4e"",""yes_price_dollars"":""0.5100""}"
KXBTC15M-26APR272000-00,f9380ef5-384e-5c7f-39aa-838c3c43f3a8,1777333519,0.52,336.68,yes,"{""count_fp"":""336.68"",""created_time"":""2026-04-27T23:45:19.711109Z"",""no_price_dollars"":""0.4800"",""taker_side"":""yes"",""ticker"":""KXBTC15M-26APR272000-00"",""trade_id"":""f9380ef5-384e-5c7f-39aa-838c3c43f3a8"",""yes_price_dollars"":""0.5200""}"
KXBTC15M-26APR272000-00,c0d7e56f-dc72-51ec-2f19-4c2e258677ae,1777333519,0.51,15.0,yes,"{""count_fp"":""15.00"",""created_time"":""2026-04-27T23:45:19.711109Z"",""no_price_dollars"":""0.4900"",""taker_side"":""yes"",""ticker"":""KXBTC15M-26APR272000-00"",""trade_id"":""c0d7e56f-dc72-51ec-2f19-4c2e258677ae"",""yes_price_dollars"":""0.5100""}"
KXBTC15M-26APR272000-00,6482e47d-aee5-5b31-12d0-f38371b50134,1777333519,0.51,26.0,yes,"{""count_fp"":""26.00"",""created_time"":""2026-04-27T23:45:19.711109Z"",""no_price_dollars"":""0.4900"",""taker_side"":""yes"",""ticker"":""KXBTC15M-26APR272000-00"",""trade_id"":""6482e47d-aee5-5b31-12d0-f38371b50134"",""yes_price_dollars"":""0.5100""}"
KXBTC15M-26APR272000-00,382e771f-d60d-5f39-0930-fff518744e93,1777333519,0.51,58.98,yes,"{""count_fp"":""58.98"",""created_time"":""2026-04-27T23:45:19.711109Z"",""no_price_dollars"":""0.4900"",""taker_side"":""yes"",""ticker"":""KXBTC15M-26APR272000-00"",""trade_id"":""382e771f-d60d-5f39-0930-fff518744e93"",""yes_price_dollars"":""0.5100""}"
KXBTC15M-26APR272000-00,0e02699c-6170-5902-0eb7-ec0814639d8c,1777333519,0.52,28.52,yes,"{""count_fp"":""28.52"",""created_time"":""2026-04-27T23:45:19.711109Z"",""no_price_dollars"":""0.4800"",""taker_side"":""yes"",""ticker"":""KXBTC15M-26APR272000-00"",""trade_id"":""0e02699c-6170-5902-0eb7-ec0814639d8c"",""yes_price_dollars"":""0.5200""}"
KXBTC15M-26APR272000-00,4eefe71f-8999-6f31-2a86-d1ad0765da2f,1777333519,0.51,1.02,yes,"{""count_fp"":""1.02"",""created_time"":""2026-04-27T23:45:19.687077Z"",""no_price_dollars"":""0.4900"",""taker_side"":""yes"",""ticker"":""KXBTC15M-26APR272000-00"",""trade_id"":""4eefe71f-8999-6f31-2a86-d1ad0765da2f"",""yes_price_dollars"":""0.5100""}"
KXBTC15M-26APR272000-00,d4490532-7d35-5b95-ab73-71f5c35390ee,1777333519,0.5,0.66,no,"{""count_fp"":""0.66"",""created_time"":""2026-04-27T23:45:19.361668Z"",""no_price_dollars"":""0.5000"",""taker_side"":""no"",""ticker"":""KXBTC15M-26APR272000-00"",""trade_id"":""d4490532-7d35-5b95-ab73-71f5c35390ee"",""yes_price_dollars"":""0.5000""}"
KXBTC15M-26APR272000-00,9ff36084-cda9-52d4-8b04-243f3111919c,1777333519,0.5,9.0,no,"{""count_fp"":""9.00"",""created_time"":""2026-04-27T23:45:19.361668Z"",""no_price_dollars"":""0.5000"",""taker_side"":""no"",""ticker"":""KXBTC15M-26APR272000-00"",""trade_id"":""9ff36084-cda9-52d4-8b04-243f3111919c"",""yes_price_dollars"":""0.5000""}"
KXBTC15M-26APR272000-00,e7e7cc64-a953-5c72-226b-7cced5c40da3,1777333519,0.49,10.0,no,"{""count_fp"":""10.00"",""created_time"":""2026-04-27T23:45:19.143712Z"",""no_price_dollars"":""0.5100"",""taker_side"":""no"",""ticker"":""KXBTC15M-26APR272000-00"",""trade_id"":""e7e7cc64-a953-5c72-226b-7cced5c40da3"",""yes_price_dollars"":""0.4900""}"
KXBTC15M-26APR272000-00,5578c19e-4d9c-511e-628f-9921ee94ab24,1777333519,0.52,238.87,yes,"{""count_fp"":""238.87"",""created_time"":""2026-04-27T23:45:19.143194Z"",""no_price_dollars"":""0.4800"",""taker_side"":""yes"",""ticker"":""KXBTC15M-26APR272000-00"",""trade_id"":""5578c19e-4d9c-511e-628f-9921ee94ab24"",""yes_price_dollars"":""0.5200""}"
KXBTC15M-26APR272000-00,4790bca7-6d14-5c6a-6fea-1c4319429334,1777333519,0.51,3.0,yes,"{""count_fp"":""3.00"",""created_time"":""2026-04-27T23:45:19.143194Z"",""no_price_dollars"":""0.4900"",""taker_side"":""yes"",""ticker"":""KXBTC15M-26APR272000-00"",""trade_id"":""4790bca7-6d14-5c6a-6fea-1c4319429334"",""yes_price_dollars"":""0.5100""}"
KXBTC15M-26APR272000-00,1ddd2a1b-babb-609a-14de-c1363e472a7f,1777333519,0.49,50.0,no,"{""count_fp"":""50.00"",""created_time"":""2026-04-27T23:45:19.116236Z"",""no_price_dollars"":""0.5100"",""taker_side"":""no"",""ticker"":""KXBTC15M-26APR272000-00"",""trade_id"":""1ddd2a1b-babb-609a-14de-c1363e472a7f"",""yes_price_dollars"":""0.4900""}"
KXBTC15M-26APR272000-00,c00ec9df-1eca-7702-9fb6-576935961ef8,1777333520,0.5,15.45,no,"{""count_fp"":""15.45"",""created_time"":""2026-04-27T23:45:20.914996Z"",""no_price_dollars"":""0.5000"",""taker_side"":""no"",""ticker"":""KXBTC15M-26APR272000-00"",""trade_id"":""c00ec9df-1eca-7702-9fb6-576935961ef8"",""yes_price_dollars"":""0.5000""}"
KXBTC15M-26APR272000-00,8747b639-fcc8-48dd-c228-5fcdba6d6574,1777333520,0.5,3.0,yes,"{""count_fp"":""3.00"",""created_time"":""2026-04-27T23:45:20.854509Z"",""no_price_dollars"":""0.5000"",""taker_side"":""yes"",""ticker"":""KXBTC15M-26APR272000-00"",""trade_id"":""8747b639-fcc8-48dd-c228-5fcdba6d6574"",""yes_price_dollars"":""0.5000""}"
KXBTC15M-26APR272000-00,01a480ed-be76-413f-c0ba-d5fc99f40a6d,1777333520,0.52,0.76,yes,"{""count_fp"":""0.76"",""created_time"":""2026-04-27T23:45:20.854509Z"",""no_price_dollars"":""0.4800"",""taker_side"":""yes"",""ticker"":""KXBTC15M-26APR272000-00"",""trade_id"":""01a480ed-be76-413f-c0ba-d5fc99f40a6d"",""yes_price_dollars"":""0.5200""}"
KXBTC15M-26APR272000-00,8c92dc68-f081-48e3-8802-232d032f7d7b,1777333520,0.49,4.0,no,"{""count_fp"":""4.00"",""created_time"":""2026-04-27T23:45:20.521789Z"",""no_price_dollars"":""0.5100"",""taker_side"":""no"",""ticker"":""KXBTC15M-26APR272000-00"",""trade_id"":""8c92dc68-f081-48e3-8802-232d032f7d7b"",""yes_price_dollars"":""0.4900""}"
KXBTC15M-26APR272000-00,8a4324f4-1ad1-4fe4-9b82-3475f783d253,1777333520,0.49,3.0,no,"{""count_fp"":""3.00"",""created_time"":""2026-04-27T23:45:20.521789Z"",""no_price_dollars"":""0.5100"",""taker_side"":""no"",""ticker"":""KXBTC15M-26APR272000-00"",""trade_id"":""8a4324f4-1ad1-4fe4-9b82-3475f783d253"",""yes_price_dollars"":""0.4900""}"
KXBTC15M-26APR272000-00,0bbcdd29-4907-49db-9ab5-0ce04f2ac3d9,1777333520,0.49,56.0,no,"{""count_fp"":""56.00"",""created_time"":""2026-04-27T23:45:20.521789Z"",""no_price_dollars"":""0.5100"",""taker_side"":""no"",""ticker"":""KXBTC15M-26APR272000-00"",""trade_id"":""0bbcdd29-4907-49db-9ab5-0ce04f2ac3d9"",""yes_price_dollars"":""0.4900""}"
KXBTC15M-26APR272000-00,072c47a2-83bd-4565-9d76-a30955ee5652,1777333520,0.49,173.96,no,"{""count_fp"":""173.96"",""created_time"":""2026-04-27T23:45:20.521789Z"",""no_price_dollars"":""0.5100"",""taker_side"":""no"",""ticker"":""KXBTC15M-26APR272000-00"",""trade_id"":""072c47a2-83bd-4565-9d76-a30955ee5652"",""yes_price_dollars"":""0.4900""}"
KXBTC15M-26APR272000-00,ca570b4b-773c-689a-ae92-50b35f7708b7,1777333521,0.52,3.0,yes,"{""count_fp"":""3.00"",""created_time"":""2026-04-27T23:45:21.825836Z"",""no_price_dollars"":""0.4800"",""taker_side"":""yes"",""ticker"":""KXBTC15M-26APR272000-00"",""trade_id"":""ca570b4b-773c-689a-ae92-50b35f7708b7"",""yes_price_dollars"":""0.5200""}"
KXBTC15M-26APR272000-00,7f466937-9f38-6a10-addb-f5d4a64c09f1,1777333521,0.52,18.0,yes,"{""count_fp"":""18.00"",""created_time"":""2026-04-27T23:45:21.825836Z"",""no_price_dollars"":""0.4800"",""taker_side"":""yes"",""ticker"":""KXBTC15M-26APR272000-00"",""trade_id"":""7f466937-9f38-6a10-addb-f5d4a64c09f1"",""yes_price_dollars"":""0.5200""}"
KXBTC15M-26APR272000-00,7eb0984b-d160-6511-9aa2-ae8a784d149f,1777333521,0.53,20.0,yes,"{""count_fp"":""20.00"",""created_time"":""2026-04-27T23:45:21.825836Z"",""no_price_dollars"":""0.4700"",""taker_side"":""yes"",""ticker"":""KXBTC15M-26APR272000-00"",""trade_id"":""7eb0984b-d160-6511-9aa2-ae8a784d149f"",""yes_price_dollars"":""0.5300""}"
KXBTC15M-26APR272000-00,48919c0e-576e-620c-b270-1698223e8675,1777333521,0.52,7.63,yes,"{""count_fp"":""7.63"",""created_time"":""2026-04-27T23:45:21.825836Z"",""no_price_dollars"":""0.4800"",""taker_side"":""yes"",""ticker"":""KXBTC15M-26APR272000-00"",""trade_id"":""48919c0e-576e-620c-b270-1698223e8675"",""yes_price_dollars"":""0.5200""}"
KXBTC15M-26APR272000-00,037ac949-0b9c-6d51-a294-a56a356b3445,1777333521,0.53,51.37,yes,"{""count_fp"":""51.37"",""created_time"":""2026-04-27T23:45:21.825836Z"",""no_price_dollars"":""0.4700"",""taker_side"":""yes"",""ticker"":""KXBTC15M-26APR272000-00"",""trade_id"":""037ac949-0b9c-6d51-a294-a56a356b3445"",""yes_price_dollars"":""0.5300""}"
KXBTC15M-26APR272000-00,a64102bc-73a2-6c7d-56e8-5e4b5bf3939a,1777333521,0.51,20.0,no,"{""count_fp"":""20.00"",""created_time"":""2026-04-27T23:45:21.649403Z"",""no_price_dollars"":""0.4900"",""taker_side"":""no"",""ticker"":""KXBTC15M-26APR272000-00"",""trade_id"":""a64102bc-73a2-6c7d-56e8-5e4b5bf3939a"",""yes_price_dollars"":""0.5100""}"
KXBTC15M-26APR272000-00,02db6125-c81e-4668-f5c6-afcb619694a5,1777333521,0.52,4.59,yes,"{""count_fp"":""4.59"",""created_time"":""2026-04-27T23:45:21.405191Z"",""no_price_dollars"":""0.4800"",""taker_side"":""yes"",""ticker"":""KXBTC15M-26APR272000-00"",""trade_id"":""02db6125-c81e-4668-f5c6-afcb619694a5"",""yes_price_dollars"":""0.5200""}"
KXBTC15M-26APR272000-00,41957c3b-b472-5c8b-8b51-cd60fcd10d15,1777333521,0.52,24.9,yes,"{""count_fp"":""24.90"",""created_time"":""2026-04-27T23:45:21.246215Z"",""no_price_dollars"":""0.4800"",""taker_side"":""yes"",""ticker"":""KXBTC15M-26APR272000-00"",""trade_id"":""41957c3b-b472-5c8b-8b51-cd60fcd10d15"",""yes_price_dollars"":""0.5200""}"
KXBTC15M-26APR272000-00,348da5ef-c75b-5567-bb99-412d5698ef15,1777333521,0.52,3.0,yes,"{""count_fp"":""3.00"",""created_time"":""2026-04-27T23:45:21.246215Z"",""no_price_dollars"":""0.4800"",""taker_side"":""yes"",""ticker"":""KXBTC15M-26APR272000-00"",""trade_id"":""348da5ef-c75b-5567-bb99-412d5698ef15"",""yes_price_dollars"":""0.5200""}"
KXBTC15M-26APR272000-00,20b70a6b-92ea-4d5a-30c8-9f702afea302,1777333521,0.49,3.79,no,"{""count_fp"":""3.79"",""created_time"":""2026-04-27T23:45:21.189214Z"",""no_price_dollars"":""0.5100"",""taker_side"":""no"",""ticker"":""KXBTC15M-26APR272000-00"",""trade_id"":""20b70a6b-92ea-4d5a-30c8-9f702afea302"",""yes_price_dollars"":""0.4900""}"
KXBTC15M-26APR272000-00,88046988-d8c8-544f-b079-df570420d4dc,1777333522,0.52,3.0,yes,"{""count_fp"":""3.00"",""created_time"":""2026-04-27T23:45:22.708383Z"",""no_price_dollars"":""0.4800"",""taker_side"":""yes"",""ticker"":""KXBTC15M-26APR272000-00"",""trade_id"":""88046988-d8c8-544f-b079-df570420d4dc"",""yes_price_dollars"":""0.5200""}"
KXBTC15M-26APR272000-00,217bb115-c32e-5ac7-b1a1-933b177af161,1777333522,0.52,4.38,yes,"{""count_fp"":""4.38"",""created_time"":""2026-04-27T23:45:22.708383Z"",""no_price_dollars"":""0.4800"",""taker_side"":""yes"",""ticker"":""KXBTC15M-26APR272000-00"",""trade_id"":""217bb115-c32e-5ac7-b1a1-933b177af161"",""yes_price_dollars"":""0.5200""}"
KXBTC15M-26APR272000-00,52f201f8-72a8-6f9e-2189-3861b2155422,1777333522,0.5,38.86,no,"{""count_fp"":""38.86"",""created_time"":""2026-04-27T23:45:22.657351Z"",""no_price_dollars"":""0.5000"",""taker_side"":""no"",""ticker"":""KXBTC15M-26APR272000-00"",""trade_id"":""52f201f8-72a8-6f9e-2189-3861b2155422"",""yes_price_dollars"":""0.5000""}"
KXBTC15M-26APR272000-00,0ac1748d-cb1c-6c87-3245-134eba7f9002,1777333522,0.5,18.0,no,"{""count_fp"":""18.00"",""created_time"":""2026-04-27T23:45:22.657351Z"",""no_price_dollars"":""0.5000"",""taker_side"":""no"",""ticker"":""KXBTC15M-26APR272000-00"",""trade_id"":""0ac1748d-cb1c-6c87-3245-134eba7f9002"",""yes_price_dollars"":""0.5000""}"
KXBTC15M-26APR272000-00,f6e812d8-b080-47d4-ef90-27f8d1d25351,1777333522,0.49,230.51,no,"{""count_fp"":""230.51"",""created_time"":""2026-04-27T23:45:22.482825Z"",""no_price_dollars"":""0.5100"",""taker_side"":""no"",""ticker"":""KXBTC15M-26APR272000-00"",""trade_id"":""f6e812d8-b080-47d4-ef90-27f8d1d25351"",""yes_price_dollars"":""0.4900""}"
KXBTC15M-26APR272000-00,d0de7a02-5db8-40f2-f3ad-e03f2cfbaa94,1777333522,0.5,3.0,no,"{""count_fp"":""3.00"",""created_time"":""2026-04-27T23:45:22.482825Z"",""no_price_dollars"":""0.5000"",""taker_side"":""no"",""ticker"":""KXBTC15M-26APR272000-00"",""trade_id"":""d0de7a02-5db8-40f2-f3ad-e03f2cfbaa94"",""yes_price_dollars"":""0.5000""}"
KXBTC15M-26APR272000-00,bfa71375-53b3-4bcb-f9a5-fb096cd37e2a,1777333522,0.5,10.0,no,"{""count_fp"":""10.00"",""created_time"":""2026-04-27T23:45:22.482825Z"",""no_price_dollars"":""0.5000"",""taker_side"":""no"",""ticker"":""KXBTC15M-26APR272000-00"",""trade_id"":""bfa71375-53b3-4bcb-f9a5-fb096cd37e2a"",""yes_price_dollars"":""0.5000""}"
KXBTC15M-26APR272000-00,ba3021af-5f67-4b18-e747-5011ce20c046,1777333522,0.51,500.0,no,"{""count_fp"":""500.00"",""created_time"":""2026-04-27T23:45:22.482825Z"",""no_price_dollars"":""0.4900"",""taker_side"":""no"",""ticker"":""KXBTC15M-26APR272000-00"",""trade_id"":""ba3021af-5f67-4b18-e747-5011ce20c046"",""yes_price_dollars"":""0.5100""}"
KXBTC15M-26APR272000-00,6578db60-5f19-4f36-c000-ddc8a35eb752,1777333522,0.51,1.0,no,"{""count_fp"":""1.00"",""created_time"":""2026-04-27T23:45:22.482825Z"",""no_price_dollars"":""0.4900"",""taker_side"":""no"",""ticker"":""KXBTC15M-26APR272000-00"",""trade_id"":""6578db60-5f19-4f36-c000-ddc8a35eb752"",""yes_price_dollars"":""0.5100""}"
KXBTC15M-26APR272000-00,50a23241-2dda-40a2-e879-ab47d4bbe02a,1777333522,0.49,6.21,no,"{""count_fp"":""6.21"",""created_time"":""2026-04-27T23:45:22.482825Z"",""no_price_dollars"":""0.5100"",""taker_side"":""no"",""ticker"":""KXBTC15M-26APR272000-00"",""trade_id"":""50a23241-2dda-40a2-e879-ab47d4bbe02a"",""yes_price_dollars"":""0.4900""}"
KXBTC15M-26APR272000-00,ac9190c6-f0f7-40f4-409c-445b246e8ace,1777333522,0.5,18.95,no,"{""count_fp"":""18.95"",""created_time"":""2026-04-27T23:45:22.118012Z"",""no_price_dollars"":""0.5000"",""taker_side"":""no"",""ticker"":""KXBTC15M-26APR272000-00"",""trade_id"":""ac9190c6-f0f7-40f4-409c-445b246e8ace"",""yes_price_dollars"":""0.5000""}"
KXBTC15M-26APR272000-00,2032ce67-8a0e-415c-034e-61c7e4084d1c,1777333522,0.5,1.0,no,"{""count_fp"":""1.00"",""created_time"":""2026-04-27T23:45:22.061098Z"",""no_price_dollars"":""0.5000"",""taker_side"":""no"",""ticker"":""KXBTC15M-26APR272000-00"",""trade_id"":""2032ce67-8a0e-415c-034e-61c7e4084d1c"",""yes_price_dollars"":""0.5000""}"
KXBTC15M-26APR272000-00,891ec465-0e23-6b54-df67-ce8867c9a46e,1777333522,0.51,15.05,no,"{""count_fp"":""15.05"",""created_time"":""2026-04-27T23:45:22.002282Z"",""no_price_dollars"":""0.4900"",""taker_side"":""no"",""ticker"":""KXBTC15M-26APR272000-00"",""trade_id"":""891ec465-0e23-6b54-df67-ce8867c9a46e"",""yes_price_dollars"":""0.5100""}"
KXBTC15M-26APR272000-00,46efc8c7-51ba-67f1-d937-03cee74631c6,1777333522,0.51,3.9,no,"{""count_fp"":""3.90"",""created_time"":""2026-04-27T23:45:22.002282Z"",""no_price_dollars"":""0.4900"",""taker_side"":""no"",""ticker"":""KXBTC15M-26APR272000-00"",""trade_id"":""46efc8c7-51ba-67f1-d937-03cee74631c6"",""yes_price_dollars"":""0.5100""}"
KXBTC15M-26APR272000-00,f40acfed-f5c2-4d98-baf8-0b05c58c5cbb,1777333523,0.51,3.0,yes,"{""count_fp"":""3.00"",""created_time"":""2026-04-27T23:45:23.981354Z"",""no_price_dollars"":""0.4900"",""taker_side"":""yes"",""ticker"":""KXBTC15M-26APR272000-00"",""trade_id"":""f40acfed-f5c2-4d98-baf8-0b05c58c5cbb"",""yes_price_dollars"":""0.5100""}"
KXBTC15M-26APR272000-00,c99138e0-5ae0-4ad9-ba11-a961afe7a129,1777333523,0.52,15.3,yes,"{""count_fp"":""15.30"",""created_time"":""2026-04-27T23:45:23.981354Z"",""no_price_dollars"":""0.4800"",""taker_side"":""yes"",""ticker"":""KXBTC15M-26APR272000-00"",""trade_id"":""c99138e0-5ae0-4ad9-ba11-a961afe7a129"",""yes_price_dollars"":""0.5200""}"
KXBTC15M-26APR272000-00,8c2844d8-eef8-7a02-a79a-9f0491d897a6,1777333523,0.5,1.89,no,"{""count_fp"":""1.89"",""created_time"":""2026-04-27T23:45:23.419339Z"",""no_price_dollars"":""0.5000"",""taker_side"":""no"",""ticker"":""KXBTC15M-26APR272000-00"",""trade_id"":""8c2844d8-eef8-7a02-a79a-9f0491d897a6"",""yes_price_dollars"":""0.5000""}"
KXBTC15M-26APR272000-00,0e89e5c8-d87c-4842-3fc0-06f9fb5b5a4a,1777333523,0.5,246.13,no,"{""count_fp"":""246.13"",""created_time"":""2026-04-27T23:45:23.304794Z"",""no_price_dollars"":""0.5000"",""taker_side"":""no"",""ticker"":""KXBTC15M-26APR272000-00"",""trade_id"":""0e89e5c8-d87c-4842-3fc0-06f9fb5b5a4a"",""yes_price_dollars"":""0.5000""}"
KXBTC15M-26APR272000-00,ce464047-8e1c-5895-99b9-d5842384266d,1777333523,0.53,56.93,yes,"{""count_fp"":""56.93"",""created_time"":""2026-04-27T23:45:23.226945Z"",""no_price_dollars"":""0.4700"",""taker_side"":""yes"",""ticker"":""KXBTC15M-26APR272000-00"",""trade_id"":""ce464047-8e1c-5895-99b9-d5842384266d"",""yes_price_dollars"":""0.5300""}"
KXBTC15M-26APR272000-00,66064f48-09be-5601-b34d-99c9ddf0155e,1777333523,0.52,16.0,yes,"{""count_fp"":""16.00"",""created_time"":""2026-04-27T23:45:23.226945Z"",""no_price_dollars"":""0.4800"",""taker_side"":""yes"",""ticker"":""KXBTC15M-26APR272000-00"",""trade_id"":""66064f48-09be-5601-b34d-99c9ddf0155e"",""yes_price_dollars"":""0.5200""}"
KXBTC15M-26APR272000-00,f38b91c3-34ab-7369-8857-d66e009c1aea,1777333523,0.52,3.0,yes,"{""count_fp"":""3.00"",""created_time"":""2026-04-27T23:45:23.219839Z"",""no_price_dollars"":""0.4800"",""taker_side"":""yes"",""ticker"":""KXBTC15M-26APR272000-00"",""trade_id"":""f38b91c3-34ab-7369-8857-d66e009c1aea"",""yes_price_dollars"":""0.5200""}"
KXBTC15M-26APR272000-00,c697b3fa-96ae-7dcd-b3da-0926582abcf6,1777333523,0.52,2.0,yes,"{""count_fp"":""2.00"",""created_time"":""2026-04-27T23:45:23.219839Z"",""no_price_dollars"":""0.4800"",""taker_side"":""yes"",""ticker"":""KXBTC15M-26APR272000-00"",""trade_id"":""c697b3fa-96ae-7dcd-b3da-0926582abcf6"",""yes_price_dollars"":""0.5200""}"
KXBTC15M-26APR272000-00,d161cfd4-cc66-57be-94ce-2e61e5aec144,1777333523,0.5,3.0,no,"{""count_fp"":""3.00"",""created_time"":""2026-04-27T23:45:23.054669Z"",""no_price_dollars"":""0.5000"",""taker_side"":""no"",""ticker"":""KXBTC15M-26APR272000-00"",""trade_id"":""d161cfd4-cc66-57be-94ce-2e61e5aec144"",""yes_price_dollars"":""0.5000""}"
KXBTC15M-26APR272000-00,55064067-aa4c-56fe-b16d-e78afc190b32,1777333523,0.5,14.0,no,"{""count_fp"":""14.00"",""created_time"":""2026-04-27T23:45:23.054669Z"",""no_price_dollars"":""0.5000"",""taker_side"":""no"",""ticker"":""KXBTC15M-26APR272000-00"",""trade_id"":""55064067-aa4c-56fe-b16d-e78afc190b32"",""yes_price_dollars"":""0.5000""}"
KXBTC15M-26APR272000-00,d153dfd7-61d8-6a09-48cb-7d4247c1dbb1,1777333524,0.51,362.37,yes,"{""count_fp"":""362.37"",""created_time"":""2026-04-27T23:45:24.777334Z"",""no_price_dollars"":""0.4900"",""taker_side"":""yes"",""ticker"":""KXBTC15M-26APR272000-00"",""trade_id"":""d153dfd7-61d8-6a09-48cb-7d4247c1dbb1"",""yes_price_dollars"":""0.5100""}"
KXBTC15M-26APR272000-00,afe6eeb0-8035-68c5-7f55-43f8dc72dafa,1777333524,0.5,3.0,yes,"{""count_fp"":""3.00"",""created_time"":""2026-04-27T23:45:24.777334Z"",""no_price_dollars"":""0.5000"",""taker_side"":""yes"",""ticker"":""KXBTC15M-26APR272000-00"",""trade_id"":""afe6eeb0-8035-68c5-7f55-43f8dc72dafa"",""yes_price_dollars"":""0.5000""}"
KXBTC15M-26APR272000-00,eba27510-b998-6ff2-28d2-ed84b0404ee0,1777333524,0.51,3.0,yes,"{""count_fp"":""3.00"",""created_time"":""2026-04-27T23:45:24.660906Z"",""no_price_dollars"":""0.4900"",""taker_side"":""yes"",""ticker"":""KXBTC15M-26APR272000-00"",""trade_id"":""eba27510-b998-6ff2-28d2-ed84b0404ee0"",""yes_price_dollars"":""0.5100""}"
KXBTC15M-26APR272000-00,d46c0077-8470-68d5-1010-20d716235651,1777333524,0.51,34.63,yes,"{""count_fp"":""34.63"",""created_time"":""2026-04-27T23:45:24.660906Z"",""no_price_dollars"":""0.4900"",""taker_side"":""yes"",""ticker"":""KXBTC15M-26APR272000-00"",""trade_id"":""d46c0077-8470-68d5-1010-20d716235651"",""yes_price_dollars"":""0.5100""}"
KXBTC15M-26APR272000-00,712b1c6e-272b-6ddf-055b-f20d15fe46dc,1777333524,0.51,11.37,yes,"{""count_fp"":""11.37"",""created_time"":""2026-04-27T23:45:24.660906Z"",""no_price_dollars"":""0.4900"",""taker_side"":""yes"",""ticker"":""KXBTC15M-26APR272000-00"",""trade_id"":""712b1c6e-272b-6ddf-055b-f20d15fe46dc"",""yes_price_dollars"":""0.5100""}"
KXBTC15M-26APR272000-00,f12a4db7-77fe-5367-2b96-374b53711f38,1777333524,0.49,1.0,no,"{""count_fp"":""1.00"",""created_time"":""2026-04-27T23:45:24.518646Z"",""no_price_dollars"":""0.5100"",""taker_side"":""no"",""ticker"":""KXBTC15M-26APR272000-00"",""trade_id"":""f12a4db7-77fe-5367-2b96-374b53711f38"",""yes_price_dollars"":""0.4900""}"
KXBTC15M-26APR272000-00,165e9fde-792d-5a4c-2329-a49648844e4a,1777333524,0.49,8.0,no,"{""count_fp"":""8.00"",""created_time"":""2026-04-27T23:45:24.518646Z"",""no_price_dollars"":""0.5100"",""taker_side"":""no"",""ticker"":""KXBTC15M-26APR272000-00"",""trade_id"":""165e9fde-792d-5a4c-2329-a49648844e4a"",""yes_price_dollars"":""0.4900""}"
KXBTC15M-26APR272000-00,15d030d6-b55c-5e47-076e-7c9232562ea0,1777333524,0.49,3.0,no,"{""count_fp"":""3.00"",""created_time"":""2026-04-27T23:45:24.518646Z"",""no_price_dollars"":""0.5100"",""taker_side"":""no"",""ticker"":""KXBTC15M-26APR272000-00"",""trade_id"":""15d030d6-b55c-5e47-076e-7c9232562ea0"",""yes_price_dollars"":""0.4900""}"
KXBTC15M-26APR272000-00,13b7f412-7c8e-58a3-0e51-7a17a86cd9cf,1777333524,0.49,1.0,no,"{""count_fp"":""1.00"",""created_time"":""2026-04-27T23:45:24.518646Z"",""no_price_dollars"":""0.5100"",""taker_side"":""no"",""ticker"":""KXBTC15M-26APR272000-00"",""trade_id"":""13b7f412-7c8e-58a3-0e51-7a17a86cd9cf"",""yes_price_dollars"":""0.4900""}"
KXBTC15M-26APR272000-00,cab02cd3-3f24-7fb0-b9b1-410f544f9a3d,1777333524,0.49,2.0,no,"{""count_fp"":""2.00"",""created_time"":""2026-04-27T23:45:24.383653Z"",""no_price_dollars"":""0.5100"",""taker_side"":""no"",""ticker"":""KXBTC15M-26APR272000-00"",""trade_id"":""cab02cd3-3f24-7fb0-b9b1-410f544f9a3d"",""yes_price_dollars"":""0.4900""}"
KXBTC15M-26APR272000-00,9222d54c-1b9e-669f-0dd6-841bd3f1a634,1777333524,0.5,13.0,no,"{""count_fp"":""13.00"",""created_time"":""2026-04-27T23:45:24.305144Z"",""no_price_dollars"":""0.5000"",""taker_side"":""no"",""ticker"":""KXBTC15M-26APR272000-00"",""trade_id"":""9222d54c-1b9e-669f-0dd6-841bd3f1a634"",""yes_price_dollars"":""0.5000""}"
KXBTC15M-26APR272000-00,273cf64e-caa4-68d6-25d8-4b195f100a4a,1777333524,0.5,83.61,no,"{""count_fp"":""83.61"",""created_time"":""2026-04-27T23:45:24.305144Z"",""no_price_dollars"":""0.5000"",""taker_side"":""no"",""ticker"":""KXBTC15M-26APR272000-00"",""trade_id"":""273cf64e-caa4-68d6-25d8-4b195f100a4a"",""yes_price_dollars"":""0.5000""}"
KXBTC15M-26APR272000-00,89e6f4a3-d3bb-43ae-a3a4-81ddb8c53c23,1777333525,0.5,6.0,yes,"{""count_fp"":""6.00"",""created_time"":""2026-04-27T23:45:25.978106Z"",""no_price_dollars"":""0.5000"",""taker_side"":""yes"",""ticker"":""KXBTC15M-26APR272000-00"",""trade_id"":""89e6f4a3-d3bb-43ae-a3a4-81ddb8c53c23"",""yes_price_dollars"":""0.5000""}"
KXBTC15M-26APR272000-00,63fb795b-a8c5-4d47-bd98-ee4dbbf69fdf,1777333525,0.5,7.52,yes,"{""count_fp"":""7.52"",""created_time"":""2026-04-27T23:45:25.978106Z"",""no_price_dollars"":""0.5000"",""taker_side"":""yes"",""ticker"":""KXBTC15M-26APR272000-00"",""trade_id"":""63fb795b-a8c5-4d47-bd98-ee4dbbf69fdf"",""yes_price_dollars"":""0.5000""}"
KXBTC15M-26APR272000-00,e909b979-df78-71a2-5b03-174ebac3933f,1777333525,0.5,70.05,yes,"{""count_fp"":""70.05"",""created_time"":""2026-04-27T23:45:25.636031Z"",""no_price_dollars"":""0.5000"",""taker_side"":""yes"",""ticker"":""KXBTC15M-26APR272000-00"",""trade_id"":""e909b979-df78-71a2-5b03-174ebac3933f"",""yes_price_dollars"":""0.5000""}"
KXBTC15M-26APR272000-00,537bbe00-27f4-7230-7eab-3c7aa39e806b,1777333525,0.49,2.0,yes,"{""count_fp"":""2.00"",""created_time"":""2026-04-27T23:45:25.636031Z"",""no_price_dollars"":""0.5100"",""taker_side"":""yes"",""ticker"":""KXBTC15M-26APR272000-00"",""trade_id"":""537bbe00-27f4-7230-7eab-3c7aa39e806b"",""yes_price_dollars"":""0.4900""}"
KXBTC15M-26APR272000-00,22750407-0bf6-703b-66f2-9af9cd5e4b01,1777333525,0.5,114.0,yes,"{""count_fp"":""114.00"",""created_time"":""2026-04-27T23:45:25.636031Z"",""no_price_dollars"":""0.5000"",""taker_side"":""yes"",""ticker"":""KXBTC15M-26APR272000-00"",""trade_id"":""22750407-0bf6-703b-66f2-9af9cd5e4b01"",""yes_price_dollars"":""0.5000""}"
KXBTC15M-26APR272000-00,0cec9c9d-d1c8-6558-8c8a-f3c911c1de13,1777333525,0.49,3.0,yes,"{""count_fp"":""3.00"",""created_time"":""2026-04-27T23:45:25.247962Z"",""no_price_dollars"":""0.5100"",""taker_side"":""yes"",""ticker"":""KXBTC15M-26APR272000-00"",""trade_id"":""0cec9c9d-d1c8-6558-8c8a-f3c911c1de13"",""yes_price_dollars"":""0.4900""}"
KXBTC15M-26APR272000-00,bf94ff80-a1ac-4555-ac12-ff904ec33eeb,1777333526,0.5,17.64,yes,"{""count_fp"":""17.64"",""created_time"":""2026-04-27T23:45:26.309281Z"",""no_price_dollars"":""0.5000"",""taker_side"":""yes"",""ticker"":""KXBTC15M-26APR272000-00"",""trade_id"":""bf94ff80-a1ac-4555-ac12-ff904ec33eeb"",""yes_price_dollars"":""0.5000""}"
KXBTC15M-26APR272000-00,0ce34d6c-a20e-4935-937c-b488bf000961,1777333526,0.5,1.0,yes,"{""count_fp"":""1.00"",""created_time"":""2026-04-27T23:45:26.309281Z"",""no_price_dollars"":""0.5000"",""taker_side"":""yes"",""ticker"":""KXBTC15M-26APR272000-00"",""trade_id"":""0ce34d6c-a20e-4935-937c-b488bf000961"",""yes_price_dollars"":""0.5000""}"
KXBTC15M-26APR272000-00,a0c62de8-9a42-55cb-68bb-9c0d5073eb97,1777333526,0.49,3.79,no,"{""count_fp"":""3.79"",""created_time"":""2026-04-27T23:45:26.124682Z"",""no_price_dollars"":""0.5100"",""taker_side"":""no"",""ticker"":""KXBTC15M-26APR272000-00"",""trade_id"":""a0c62de8-9a42-55cb-68bb-9c0d5073eb97"",""yes_price_dollars"":""0.4900""}"
KXBTC15M-26APR272000-00,e1385811-6a02-40df-aaac-33c3266dbdab,1777333526,0.49,129.7,no,"{""count_fp"":""129.70"",""created_time"":""2026-04-27T23:45:26.112907Z"",""no_price_dollars"":""0.5100"",""taker_side"":""no"",""ticker"":""KXBTC15M-26APR272000-00"",""trade_id"":""e1385811-6a02-40df-aaac-33c3266dbdab"",""yes_price_dollars"":""0.4900""}"
KXBTC15M-26APR272000-00,16ce0208-ac62-41ca-9dc0-2aab000ca285,1777333526,0.49,3.0,no,"{""count_fp"":""3.00"",""created_time"":""2026-04-27T23:45:26.112907Z"",""no_price_dollars"":""0.5100"",""taker_side"":""no"",""ticker"":""KXBTC15M-26APR272000-00"",""trade_id"":""16ce0208-ac62-41ca-9dc0-2aab000ca285"",""yes_price_dollars"":""0.4900""}"
KXBTC15M-26APR272000-00,c9f36790-6ff1-6ab7-facd-8cc92a2bbba3,1777333527,0.49,2.0,no,"{""count_fp"":""2.00"",""created_time"":""2026-04-27T23:45:27.961296Z"",""no_price_dollars"":""0.5100"",""taker_side"":""no"",""ticker"":""KXBTC15M-26APR272000-00"",""trade_id"":""c9f36790-6ff1-6ab7-facd-8cc92a2bbba3"",""yes_price_dollars"":""0.4900""}"
KXBTC15M-26APR272000-00,39aaa7a6-fd20-56e1-1db8-238049c9c93d,1777333527,0.51,1139.06,yes,"{""count_fp"":""1139.06"",""created_time"":""2026-04-27T23:45:27.711408Z"",""no_price_dollars"":""0.4900"",""taker_side"":""yes"",""ticker"":""KXBTC15M-26APR272000-00"",""trade_id"":""39aaa7a6-fd20-56e1-1db8-238049c9c93d"",""yes_price_dollars"":""0.5100""}"
KXBTC15M-26APR272000-00,255ff67f-b972-5eef-336c-d3d5ed70d178,1777333527,0.51,661.91,yes,"{""count_fp"":""661.91"",""created_time"":""2026-04-27T23:45:27.711408Z"",""no_price_dollars"":""0.4900"",""taker_side"":""yes"",""ticker"":""KXBTC15M-26APR272000-00"",""trade_id"":""255ff67f-b972-5eef-336c-d3d5ed70d178"",""yes_price_dollars"":""0.5100""}"
KXBTC15M-26APR272000-00,2364de88-3010-55cb-38b5-29b9100183a3,1777333527,0.5,400.0,yes,"{""count_fp"":""400.00"",""created_time"":""2026-04-27T23:45:27.711408Z"",""no_price_dollars"":""0.5000"",""taker_side"":""yes"",""ticker"":""KXBTC15M-26APR272000-00"",""trade_id"":""2364de88-3010-55cb-38b5-29b9100183a3"",""yes_price_dollars"":""0.5000""}"
KXBTC15M-26APR272000-00,a4f14876-7468-5ced-1f3d-5445c2d15691,1777333527,0.51,20.0,yes,"{""count_fp"":""20.00"",""created_time"":""2026-04-27T23:45:27.639822Z"",""no_price_dollars"":""0.4900"",""taker_side"":""yes"",""ticker"":""KXBTC15M-26APR272000-00"",""trade_id"":""a4f14876-7468-5ced-1f3d-5445c2d15691"",""yes_price_dollars"":""0.5100""}"
KXBTC15M-26APR272000-00,dce248f6-21a4-4585-d203-aa5b57ce52b1,1777333527,0.51,3.79,yes,"{""count_fp"":""3.79"",""created_time"":""2026-04-27T23:45:27.594562Z"",""no_price_dollars"":""0.4900"",""taker_side"":""yes"",""ticker"":""KXBTC15M-26APR272000-00"",""trade_id"":""dce248f6-21a4-4585-d203-aa5b57ce52b1"",""yes_price_dollars"":""0.5100""}"
KXBTC15M-26APR272000-00,bfe70c09-a429-53f3-1a8c-f51111d0c7ab,1777333527,0.49,98.57,no,"{""count_fp"":""98.57"",""created_time"":""2026-04-27T23:45:27.585133Z"",""no_price_dollars"":""0.5100"",""taker_side"":""no"",""ticker"":""KXBTC15M-26APR272000-00"",""trade_id"":""bfe70c09-a429-53f3-1a8c-f51111d0c7ab"",""yes_price_dollars"":""0.4900""}"
KXBTC15M-26APR272000-00,2f5ee74c-3e50-69d5-e320-4f6af958defd,1777333527,0.51,22.74,yes,"{""count_fp"":""22.74"",""created_time"":""2026-04-27T23:45:27.490208Z"",""no_price_dollars"":""0.4900"",""taker_side"":""yes"",""ticker"":""KXBTC15M-26APR272000-00"",""trade_id"":""2f5ee74c-3e50-69d5-e320-4f6af958defd"",""yes_price_dollars"":""0.5100""}"
KXBTC15M-26APR272000-00,c84201bf-170c-6ae5-ffe9-d2d211c39c11,1777333527,0.51,35.97,yes,"{""count_fp"":""35.97"",""created_time"":""2026-04-27T23:45:27.295679Z"",""no_price_dollars"":""0.4900"",""taker_side"":""yes"",""ticker"":""KXBTC15M-26APR272000-00"",""trade_id"":""c84201bf-170c-6ae5-ffe9-d2d211c39c11"",""yes_price_dollars"":""0.5100""}"
KXBTC15M-26APR272000-00,1e0607f9-3474-5f0d-b0b3-f2e16b0833e9,1777333527,0.51,5.62,yes,"{""count_fp"":""5.62"",""created_time"":""2026-04-27T23:45:27.267204Z"",""no_price_dollars"":""0.4900"",""taker_side"":""yes"",""ticker"":""KXBTC15M-26APR272000-00"",""trade_id"":""1e0607f9-3474-5f0d-b0b3-f2e16b0833e9"",""yes_price_dollars"":""0.5100""}"
KXBTC15M-26APR272000-00,7f2b7723-448c-6cf5-0af2-a27f497254a9,1777333527,0.51,25.0,yes,"{""count_fp"":""25.00"",""created_time"":""2026-04-27T23:45:27.121466Z"",""no_price_dollars"":""0.4900"",""taker_side"":""yes"",""ticker"":""KXBTC15M-26APR272000-00"",""trade_id"":""7f2b7723-448c-6cf5-0af2-a27f497254a9"",""yes_price_dollars"":""0.5100""}"
KXBTC15M-26APR272000-00,0473184a-f48a-671f-ec26-4cfca695a3ac,1777333528,0.51,22.0,yes,"{""count_fp"":""22.00"",""created_time"":""2026-04-27T23:45:28.708664Z"",""no_price_dollars"":""0.4900"",""taker_side"":""yes"",""ticker"":""KXBTC15M-26APR272000-00"",""trade_id"":""0473184a-f48a-671f-ec26-4cfca695a3ac"",""yes_price_dollars"":""0.5100""}"
KXBTC15M-26APR272000-00,38ad4146-6a8a-5e8b-53a6-255c49e99ffb,1777333528,0.49,3.72,no,"{""count_fp"":""3.72"",""created_time"":""2026-04-27T23:45:28.705471Z"",""no_price_dollars"":""0.5100"",""taker_side"":""no"",""ticker"":""KXBTC15M-26APR272000-00"",""trade_id"":""38ad4146-6a8a-5e8b-53a6-255c49e99ffb"",""yes_price_dollars"":""0.4900""}"
KXBTC15M-26APR272000-00,eba5bdf3-ce02-5647-fc22-61851d3eb648,1777333528,0.51,3.79,yes,"{""count_fp"":""3.79"",""created_time"":""2026-04-27T23:45:28.665347Z"",""no_price_dollars"":""0.4900"",""taker_side"":""yes"",""ticker"":""KXBTC15M-26APR272000-00"",""trade_id"":""eba5bdf3-ce02-5647-fc22-61851d3eb648"",""yes_price_dollars"":""0.5100""}"
KXBTC15M-26APR272000-00,791bed58-079a-752f-7e30-46b0383eabd4,1777333528,0.51,17.06,yes,"{""count_fp"":""17.06"",""created_time"":""2026-04-27T23:45:28.420341Z"",""no_price_dollars"":""0.4900"",""taker_side"":""yes"",""ticker"":""KXBTC15M-26APR272000-00"",""trade_id"":""791bed58-079a-752f-7e30-46b0383eabd4"",""yes_price_dollars"":""0.5100""}"
KXBTC15M-26APR272000-00,1cb31ad5-a2f6-4a4f-3baf-c91960ff47fb,1777333528,0.49,4.0,no,"{""count_fp"":""4.00"",""created_time"":""2026-04-27T23:45:28.156983Z"",""no_price_dollars"":""0.5100"",""taker_side"":""no"",""ticker"":""KXBTC15M-26APR272000-00"",""trade_id"":""1cb31ad5-a2f6-4a4f-3baf-c91960ff47fb"",""yes_price_dollars"":""0.4900""}"
KXBTC15M-26APR272000-00,f4ba1fb6-83f2-785b-f4ce-353baea024c0,1777333528,0.51,3.78,yes,"{""count_fp"":""3.78"",""created_time"":""2026-04-27T23:45:28.132101Z"",""no_price_dollars"":""0.4900"",""taker_side"":""yes"",""ticker"":""KXBTC15M-26APR272000-00"",""trade_id"":""f4ba1fb6-83f2-785b-f4ce-353baea024c0"",""yes_price_dollars"":""0.5100""}"
KXBTC15M-26APR272000-00,98eebc4c-90ba-6a0b-aab8-1ec86111f824,1777333528,0.51,1.0,yes,"{""count_fp"":""1.00"",""created_time"":""2026-04-27T23:45:28.107165Z"",""no_price_dollars"":""0.4900"",""taker_side"":""yes"",""ticker"":""KXBTC15M-26APR272000-00"",""trade_id"":""98eebc4c-90ba-6a0b-aab8-1ec86111f824"",""yes_price_dollars"":""0.5100""}"
KXBTC15M-26APR272000-00,7fc045f0-bd82-6f2f-5458-0695b69e996f,1777333528,0.49,12.0,no,"{""count_fp"":""12.00"",""created_time"":""2026-04-27T23:45:28.102935Z"",""no_price_dollars"":""0.5100"",""taker_side"":""no"",""ticker"":""KXBTC15M-26APR272000-00"",""trade_id"":""7fc045f0-bd82-6f2f-5458-0695b69e996f"",""yes_price_dollars"":""0.4900""}"
KXBTC15M-26APR272000-00,cc9e5fac-6a51-5ffb-3a06-92540799675b,1777333528,0.49,12.82,no,"{""count_fp"":""12.82"",""created_time"":""2026-04-27T23:45:28.076221Z"",""no_price_dollars"":""0.5100"",""taker_side"":""no"",""ticker"":""KXBTC15M-26APR272000-00"",""trade_id"":""cc9e5fac-6a51-5ffb-3a06-92540799675b"",""yes_price_dollars"":""0.4900""}"
KXBTC15M-26APR272000-00,106b6457-d4d2-5953-34fa-0e200a9506a3,1777333528,0.49,13.98,no,"{""count_fp"":""13.98"",""created_time"":""2026-04-27T23:45:28.076221Z"",""no_price_dollars"":""0.5100"",""taker_side"":""no"",""ticker"":""KXBTC15M-26APR272000-00"",""trade_id"":""106b6457-d4d2-5953-34fa-0e200a9506a3"",""yes_price_dollars"":""0.4900""}"
KXBTC15M-26APR272000-00,97988025-65fd-54d7-7955-b0744b582ceb,1777333528,0.49,0.61,no,"{""count_fp"":""0.61"",""created_time"":""2026-04-27T23:45:28.004111Z"",""no_price_dollars"":""0.5100"",""taker_side"":""no"",""ticker"":""KXBTC15M-26APR272000-00"",""trade_id"":""97988025-65fd-54d7-7955-b0744b582ceb"",""yes_price_dollars"":""0.4900""}"
KXBTC15M-26APR272000-00,a7b6e458-351b-6d90-9a30-494b985cc184,1777333529,0.5,100.0,yes,"{""count_fp"":""100.00"",""created_time"":""2026-04-27T23:45:29.606814Z"",""no_price_dollars"":""0.5000"",""taker_side"":""yes"",""ticker"":""KXBTC15M-26APR272000-00"",""trade_id"":""a7b6e458-351b-6d90-9a30-494b985cc184"",""yes_price_dollars"":""0.5000""}"
KXBTC15M-26APR272000-00,9c7e75b5-5f5c-6eae-bae8-df2c5b57bf32,1777333529,0.5,89.57,yes,"{""count_fp"":""89.57"",""created_time"":""2026-04-27T23:45:29.606814Z"",""no_price_dollars"":""0.5000"",""taker_side"":""yes"",""ticker"":""KXBTC15M-26APR272000-00"",""trade_id"":""9c7e75b5-5f5c-6eae-bae8-df2c5b57bf32"",""yes_price_dollars"":""0.5000""}"
KXBTC15M-26APR272000-00,384d0ab3-1a90-5a7a-3eee-5487935c52f1,1777333529,0.5,1.0,yes,"{""count_fp"":""1.00"",""created_time"":""2026-04-27T23:45:29.423252Z"",""no_price_dollars"":""0.5000"",""taker_side"":""yes"",""ticker"":""KXBTC15M-26APR272000-00"",""trade_id"":""384d0ab3-1a90-5a7a-3eee-5487935c52f1"",""yes_price_dollars"":""0.5000""}"
KXBTC15M-26APR272000-00,e720247a-90b4-612e-55b2-f1e0b245fbf5,1777333529,0.5,6.95,yes,"{""count_fp"":""6.95"",""created_time"":""2026-04-27T23:45:29.310364Z"",""no_price_dollars"":""0.5000"",""taker_side"":""yes"",""ticker"":""KXBTC15M-26APR272000-00"",""trade_id"":""e720247a-90b4-612e-55b2-f1e0b245fbf5"",""yes_price_dollars"":""0.5000""}"
KXBTC15M-26APR272000-00,6a0855f9-3a9b-61cf-4354-8f3e803d8f96,1777333529,0.5,12.0,yes,"{""count_fp"":""12.00"",""created_time"":""2026-04-27T23:45:29.310364Z"",""no_price_dollars"":""0.5000"",""taker_side"":""yes"",""ticker"":""KXBTC15M-26APR272000-00"",""trade_id"":""6a0855f9-3a9b-61cf-4354-8f3e803d8f96"",""yes_price_dollars"":""0.5000""}"
KXBTC15M-26APR272000-00,b016dcec-52ef-5333-f027-d42827273f7a,1777333529,0.5,3.0,yes,"{""count_fp"":""3.00"",""created_time"":""2026-04-27T23:45:29.216857Z"",""no_price_dollars"":""0.5000"",""taker_side"":""yes"",""ticker"":""KXBTC15M-26APR272000-00"",""trade_id"":""b016dcec-52ef-5333-f027-d42827273f7a"",""yes_price_dollars"":""0.5000""}"
KXBTC15M-26APR272000-00,8cb6a157-1372-79e7-98ab-3f466f260fdf,1777333529,0.49,335.54,no,"{""count_fp"":""335.54"",""created_time"":""2026-04-27T23:45:29.052886Z"",""no_price_dollars"":""0.5100"",""taker_side"":""no"",""ticker"":""KXBTC15M-26APR272000-00"",""trade_id"":""8cb6a157-1372-79e7-98ab-3f466f260fdf"",""yes_price_dollars"":""0.4900""}"
KXBTC15M-26APR272000-00,9b908250-275a-5383-b7b4-8984df3b3f84,1777333530,0.51,5.68,yes,"{""count_fp"":""5.68"",""created_time"":""2026-04-27T23:45:30.018294Z"",""no_price_dollars"":""0.4900"",""taker_side"":""yes"",""ticker"":""KXBTC15M-26APR272000-00"",""trade_id"":""9b908250-275a-5383-b7b4-8984df3b3f84"",""yes_price_dollars"":""0.5100""}"
KXBTC15M-26APR272000-00,c7833ad6-8aee-457e-6986-9244d4d86779,1777333531,0.5,9.66,yes,"{""count_fp"":""9.66"",""created_time"":""2026-04-27T23:45:31.854938Z"",""no_price_dollars"":""0.5000"",""taker_side"":""yes"",""ticker"":""KXBTC15M-26APR272000-00"",""trade_id"":""c7833ad6-8aee-457e-6986-9244d4d86779"",""yes_price_dollars"":""0.5000""}"
KXBTC15M-26APR272000-00,e6597b71-8ba8-6dfe-56a1-dfc2080c188a,1777333531,0.49,7.0,no,"{""count_fp"":""7.00"",""created_time"":""2026-04-27T23:45:31.799186Z"",""no_price_dollars"":""0.5100"",""taker_side"":""no"",""ticker"":""KXBTC15M-26APR272000-00"",""trade_id"":""e6597b71-8ba8-6dfe-56a1-dfc2080c188a"",""yes_price_dollars"":""0.4900""}"
KXBTC15M-26APR272000-00,f5f9b5c9-795a-4322-098f-7a305778fd25,1777333531,0.5,17.33,yes,"{""count_fp"":""17.33"",""created_time"":""2026-04-27T23:45:31.781982Z"",""no_price_dollars"":""0.5000"",""taker_side"":""yes"",""ticker"":""KXBTC15M-26APR272000-00"",""trade_id"":""f5f9b5c9-795a-4322-098f-7a305778fd25"",""yes_price_dollars"":""0.5000""}"
KXBTC15M-26APR272000-00,eb052247-7d5e-568e-a524-7c21516c9145,1777333531,0.5,2.0,yes,"{""count_fp"":""2.00"",""created_time"":""2026-04-27T23:45:31.704324Z"",""no_price_dollars"":""0.5000"",""taker_side"":""yes"",""ticker"":""KXBTC15M-26APR272000-00"",""trade_id"":""eb052247-7d5e-568e-a524-7c21516c9145"",""yes_price_dollars"":""0.5000""}"
KXBTC15M-26APR272000-00,88209e65-3006-58c2-df36-f0ac370ea25d,1777333531,0.5,240.36,yes,"{""count_fp"":""240.36"",""created_time"":""2026-04-27T23:45:31.696386Z"",""no_price_dollars"":""0.5000"",""taker_side"":""yes"",""ticker"":""KXBTC15M-26APR272000-00"",""trade_id"":""88209e65-3006-58c2-df36-f0ac370ea25d"",""yes_price_dollars"":""0.5000""}"
KXBTC15M-26APR272000-00,8a6e471f-6306-7bda-4a69-c5045eeb39dd,1777333531,0.5,0.96,yes,"{""count_fp"":""0.96"",""created_time"":""2026-04-27T23:45:31.679821Z"",""no_price_dollars"":""0.5000"",""taker_side"":""yes"",""ticker"":""KXBTC15M-26APR272000-00"",""trade_id"":""8a6e471f-6306-7bda-4a69-c5045eeb39dd"",""yes_price_dollars"":""0.5000""}"
KXBTC15M-26APR272000-00,735ac071-f0bc-5116-0e4f-f611aebb76d6,1777333531,0.49,4.0,no,"{""count_fp"":""4.00"",""created_time"":""2026-04-27T23:45:31.635095Z"",""no_price_dollars"":""0.5100"",""taker_side"":""no"",""ticker"":""KXBTC15M-26APR272000-00"",""trade_id"":""735ac071-f0bc-5116-0e4f-f611aebb76d6"",""yes_price_dollars"":""0.4900""}"
KXBTC15M-26APR272000-00,7affc74b-42a7-438b-3172-ca486cda4118,1777333531,0.5,47.84,yes,"{""count_fp"":""47.84"",""created_time"":""2026-04-27T23:45:31.623319Z"",""no_price_dollars"":""0.5000"",""taker_side"":""yes"",""ticker"":""KXBTC15M-26APR272000-00"",""trade_id"":""7affc74b-42a7-438b-3172-ca486cda4118"",""yes_price_dollars"":""0.5000""}"
KXBTC15M-26APR272000-00,499b3ab3-f7a8-78b2-dfd8-cceda86dfe82,1777333531,0.49,17.0,no,"{""count_fp"":""17.00"",""created_time"":""2026-04-27T23:45:31.424335Z"",""no_price_dollars"":""0.5100"",""taker_side"":""no"",""ticker"":""KXBTC15M-26APR272000-00"",""trade_id"":""499b3ab3-f7a8-78b2-dfd8-cceda86dfe82"",""yes_price_dollars"":""0.4900""}"
KXBTC15M-26APR272000-00,57d7a573-dce0-4c1a-ed94-a606ad4c9b7e,1777333531,0.49,5.0,no,"{""count_fp"":""5.00"",""created_time"":""2026-04-27T23:45:31.110748Z"",""no_price_dollars"":""0.5100"",""taker_side"":""no"",""ticker"":""KXBTC15M-26APR272000-00"",""trade_id"":""57d7a573-dce0-4c1a-ed94-a606ad4c9b7e"",""yes_price_dollars"":""0.4900""}"
KXBTC15M-26APR272000-00,386144d3-f6e4-4062-9769-8c992decbca6,1777333531,0.49,2.0,no,"{""count_fp"":""2.00"",""created_time"":""2026-04-27T23:45:31.047512Z"",""no_price_dollars"":""0.5100"",""taker_side"":""no"",""ticker"":""KXBTC15M-26APR272000-00"",""trade_id"":""386144d3-f6e4-4062-9769-8c992decbca6"",""yes_price_dollars"":""0.4900""}"
KXBTC15M-26APR272000-00,0e195e8a-f5d8-550e-f921-77909afe92ca,1777333532,0.49,3.0,no,"{""count_fp"":""3.00"",""created_time"":""2026-04-27T23:45:32.728492Z"",""no_price_dollars"":""0.5100"",""taker_side"":""no"",""ticker"":""KXBTC15M-26APR272000-00"",""trade_id"":""0e195e8a-f5d8-550e-f921-77909afe92ca"",""yes_price_dollars"":""0.4900""}"
KXBTC15M-26APR272000-00,8c03ad4d-884a-566a-4c8d-520d6249ba65,1777333532,0.5,37.91,yes,"{""count_fp"":""37.91"",""created_time"":""2026-04-27T23:45:32.717422Z"",""no_price_dollars"":""0.5000"",""taker_side"":""yes"",""ticker"":""KXBTC15M-26APR272000-00"",""trade_id"":""8c03ad4d-884a-566a-4c8d-520d6249ba65"",""yes_price_dollars"":""0.5000""}"
KXBTC15M-26APR272000-00,3af5cc5c-4550-46ce-b7df-934f3ccc197e,1777333532,0.49,32.22,no,"{""count_fp"":""32.22"",""created_time"":""2026-04-27T23:45:32.712491Z"",""no_price_dollars"":""0.5100"",""taker_side"":""no"",""ticker"":""KXBTC15M-26APR272000-00"",""trade_id"":""3af5cc5c-4550-46ce-b7df-934f3ccc197e"",""yes_price_dollars"":""0.4900""}"
KXBTC15M-26APR272000-00,0058bb04-a076-46e2-9323-b9a37af84691,1777333532,0.5,5.52,yes,"{""count_fp"":""5.52"",""created_time"":""2026-04-27T23:45:32.160007Z"",""no_price_dollars"":""0.5000"",""taker_side"":""yes"",""ticker"":""KXBTC15M-26APR272000-00"",""trade_id"":""0058bb04-a076-46e2-9323-b9a37af84691"",""yes_price_dollars"":""0.5000""}"
KXBTC15M-26APR272000-00,7816d41c-940e-745e-ae86-d8f92f01fc69,1777333532,0.5,5.79,yes,"{""count_fp"":""5.79"",""created_time"":""2026-04-27T23:45:32.001169Z"",""no_price_dollars"":""0.5000"",""taker_side"":""yes"",""ticker"":""KXBTC15M-26APR272000-00"",""trade_id"":""7816d41c-940e-745e-ae86-d8f92f01fc69"",""yes_price_dollars"":""0.5000""}"
KXBTC15M-26APR272000-00,1e64ad6a-c6ba-5bce-662f-e67f36c0335d,1777333533,0.5,3.86,yes,"{""count_fp"":""3.86"",""created_time"":""2026-04-27T23:45:33.807039Z"",""no_price_dollars"":""0.5000"",""taker_side"":""yes"",""ticker"":""KXBTC15M-26APR272000-00"",""trade_id"":""1e64ad6a-c6ba-5bce-662f-e67f36c0335d"",""yes_price_dollars"":""0.5000""}"
KXBTC15M-26APR272000-00,9beb269b-72e2-743e-0de7-c39a7b465c01,1777333533,0.5,1.86,yes,"{""count_fp"":""1.86"",""created_time"":""2026-04-27T23:45:33.778927Z"",""no_price_dollars"":""0.5000"",""taker_side"":""yes"",""ticker"":""KXBTC15M-26APR272000-00"",""trade_id"":""9beb269b-72e2-743e-0de7-c39a7b465c01"",""yes_price_dollars"":""0.5000""}"
KXBTC15M-26APR272000-00,76473c83-c6ca-59a2-a68c-cef565f1b3f9,1777333533,0.5,6.18,yes,"{""count_fp"":""6.18"",""created_time"":""2026-04-27T23:45:33.768875Z"",""no_price_dollars"":""0.5000"",""taker_side"":""yes"",""ticker"":""KXBTC15M-26APR272000-00"",""trade_id"":""76473c83-c6ca-59a2-a68c-cef565f1b3f9"",""yes_price_dollars"":""0.5000""}"
KXBTC15M-26APR272000-00,d38d568a-d706-475a-18d3-5bf387c4cee1,1777333533,0.5,3.0,yes,"{""count_fp"":""3.00"",""created_time"":""2026-04-27T23:45:33.317319Z"",""no_price_dollars"":""0.5000"",""taker_side"":""yes"",""ticker"":""KXBTC15M-26APR272000-00"",""trade_id"":""d38d568a-d706-475a-18d3-5bf387c4cee1"",""yes_price_dollars"":""0.5000""}"
KXBTC15M-26APR272000-00,e90f513c-b016-4016-361c-e95e12e4816d,1777333534,0.5,38.64,yes,"{""count_fp"":""38.64"",""created_time"":""2026-04-27T23:45:34.909236Z"",""no_price_dollars"":""0.5000"",""taker_side"":""yes"",""ticker"":""KXBTC15M-26APR272000-00"",""trade_id"":""e90f513c-b016-4016-361c-e95e12e4816d"",""yes_price_dollars"":""0.5000""}"
KXBTC15M-26APR272000-00,daab2d4c-4b28-409e-f2b0-7bb8f6a9b722,1777333534,0.49,2.0,no,"{""count_fp"":""2.00"",""created_time"":""2026-04-27T23:45:34.882382Z"",""no_price_dollars"":""0.5100"",""taker_side"":""no"",""ticker"":""KXBTC15M-26APR272000-00"",""trade_id"":""daab2d4c-4b28-409e-f2b0-7bb8f6a9b722"",""yes_price_dollars"":""0.4900""}"
KXBTC15M-26APR272000-00,dc37959f-53c8-51b2-4b36-bb64991a797a,1777333534,0.49,3.0,no,"{""count_fp"":""3.00"",""created_time"":""2026-04-27T23:45:34.110549Z"",""no_price_dollars"":""0.5100"",""taker_side"":""no"",""ticker"":""KXBTC15M-26APR272000-00"",""trade_id"":""dc37959f-53c8-51b2-4b36-bb64991a797a"",""yes_price_dollars"":""0.4900""}"
KXBTC15M-26APR272000-00,6d4771de-e57c-581a-b8b0-219b823be66e,1777333534,0.49,9.47,no,"{""count_fp"":""9.47"",""created_time"":""2026-04-27T23:45:34.072274Z"",""no_price_dollars"":""0.5100"",""taker_side"":""no"",""ticker"":""KXBTC15M-26APR272000-00"",""trade_id"":""6d4771de-e57c-581a-b8b0-219b823be66e"",""yes_price_dollars"":""0.4900""}"
KXBTC15M-26APR272000-00,78251f38-3996-604e-6d0c-fa88b7ba5375,1777333535,0.5,3.0,yes,"{""count_fp"":""3.00"",""created_time"":""2026-04-27T23:45:35.926444Z"",""no_price_dollars"":""0.5000"",""taker_side"":""yes"",""ticker"":""KXBTC15M-26APR272000-00"",""trade_id"":""78251f38-3996-604e-6d0c-fa88b7ba5375"",""yes_price_dollars"":""0.5000""}"
KXBTC15M-26APR272000-00,6d9183d4-1456-6bba-6a11-10dbd829f479,1777333535,0.5,750.0,yes,"{""count_fp"":""750.00"",""created_time"":""2026-04-27T23:45:35.552676Z"",""no_price_dollars"":""0.5000"",""taker_side"":""yes"",""ticker"":""KXBTC15M-26APR272000-00"",""trade_id"":""6d9183d4-1456-6bba-6a11-10dbd829f479"",""yes_price_dollars"":""0.5000""}"
KXBTC15M-26APR272000-00,003527e7-9849-49c6-dc99-9f611484b620,1777333535,0.49,5.0,no,"{""count_fp"":""5.00"",""created_time"":""2026-04-27T23:45:35.505648Z"",""no_price_dollars"":""0.5100"",""taker_side"":""no"",""ticker"":""KXBTC15M-26APR272000-00"",""trade_id"":""003527e7-9849-49c6-dc99-9f611484b620"",""yes_price_dollars"":""0.4900""}"
KXBTC15M-26APR272000-00,cfaa6d57-dfb1-4b24-a739-d495593ed8bd,1777333535,0.49,1.88,no,"{""count_fp"":""1.88"",""created_time"":""2026-04-27T23:45:35.467455Z"",""no_price_dollars"":""0.5100"",""taker_side"":""no"",""ticker"":""KXBTC15M-26APR272000-00"",""trade_id"":""cfaa6d57-dfb1-4b24-a739-d495593ed8bd"",""yes_price_dollars"":""0.4900""}"
KXBTC15M-26APR272000-00,6d684725-9385-4ff2-b8b7-380e2b0a263c,1777333535,0.49,1.12,no,"{""count_fp"":""1.12"",""created_time"":""2026-04-27T23:45:35.467455Z"",""no_price_dollars"":""0.5100"",""taker_side"":""no"",""ticker"":""KXBTC15M-26APR272000-00"",""trade_id"":""6d684725-9385-4ff2-b8b7-380e2b0a263c"",""yes_price_dollars"":""0.4900""}"
KXBTC15M-26APR272000-00,de967fea-db3c-7b52-010c-df5a4800288a,1777333535,0.49,1.88,no,"{""count_fp"":""1.88"",""created_time"":""2026-04-27T23:45:35.414431Z"",""no_price_dollars"":""0.5100"",""taker_side"":""no"",""ticker"":""KXBTC15M-26APR272000-00"",""trade_id"":""de967fea-db3c-7b52-010c-df5a4800288a"",""yes_price_dollars"":""0.4900""}"
KXBTC15M-26APR272000-00,922fcbaa-1601-76d8-2069-92575b0eb889,1777333535,0.49,3.12,no,"{""count_fp"":""3.12"",""created_time"":""2026-04-27T23:45:35.414431Z"",""no_price_dollars"":""0.5100"",""taker_side"":""no"",""ticker"":""KXBTC15M-26APR272000-00"",""trade_id"":""922fcbaa-1601-76d8-2069-92575b0eb889"",""yes_price_dollars"":""0.4900""}"
KXBTC15M-26APR272000-00,08294b0b-e592-604e-01ec-64941a0ea43d,1777333535,0.5,3.86,yes,"{""count_fp"":""3.86"",""created_time"":""2026-04-27T23:45:35.271634Z"",""no_price_dollars"":""0.5000"",""taker_side"":""yes"",""ticker"":""KXBTC15M-26APR272000-00"",""trade_id"":""08294b0b-e592-604e-01ec-64941a0ea43d"",""yes_price_dollars"":""0.5000""}"
