ticker,trade_id,ts,yes_price,count,taker_side,raw_json
KXBTC15M-26APR271730-30,8f6405b1-db5e-5eea-9a0e-95a8b33c3454,1777324501,0.5,30.0,yes,"{""count_fp"":""30.00"",""created_time"":""2026-04-27T21:15:01.481976Z"",""no_price_dollars"":""0.5000"",""taker_side"":""yes"",""ticker"":""KXBTC15M-26APR271730-30"",""trade_id"":""8f6405b1-db5e-5eea-9a0e-95a8b33c3454"",""yes_price_dollars"":""0.5000""}"
KXBTC15M-26APR271730-30,50f4d2cc-df98-5a46-ba61-7a8aa3aac5e3,1777324501,0.5,21.0,no,"{""count_fp"":""21.00"",""created_time"":""2026-04-27T21:15:01.094442Z"",""no_price_dollars"":""0.5000"",""taker_side"":""no"",""ticker"":""KXBTC15M-26APR271730-30"",""trade_id"":""50f4d2cc-df98-5a46-ba61-7a8aa3aac5e3"",""yes_price_dollars"":""0.5000""}"
KXBTC15M-26APR271730-30,fe504037-262c-522c-2442-850ffc533850,1777324502,0.49,30.0,no,"{""count_fp"":""30.00"",""created_time"":""2026-04-27T21:15:02.868874Z"",""no_price_dollars"":""0.5100"",""taker_side"":""no"",""ticker"":""KXBTC15M-26APR271730-30"",""trade_id"":""fe504037-262c-522c-2442-850ffc533850"",""yes_price_dollars"":""0.4900""}"
KXBTC15M-26APR271730-30,f2c98580-85ca-570d-265c-a2cd69e8a29d,1777324502,0.49,17.0,no,"{""count_fp"":""17.00"",""created_time"":""2026-04-27T21:15:02.868874Z"",""no_price_dollars"":""0.5100"",""taker_side"":""no"",""ticker"":""KXBTC15M-26APR271730-30"",""trade_id"":""f2c98580-85ca-570d-265c-a2cd69e8a29d"",""yes_price_dollars"":""0.4900""}"
KXBTC15M-26APR271730-30,ad4fb857-873d-5703-0256-f04ec13f1b47,1777324502,0.45,1.0,no,"{""count_fp"":""1.00"",""created_time"":""2026-04-27T21:15:02.868874Z"",""no_price_dollars"":""0.5500"",""taker_side"":""no"",""ticker"":""KXBTC15M-26APR271730-30"",""trade_id"":""ad4fb857-873d-5703-0256-f04ec13f1b47"",""yes_price_dollars"":""0.4500""}"
KXBTC15M-26APR271730-30,4eb61c39-6f5b-5142-0452-3bc020e5bcc8,1777324502,0.49,17.0,no,"{""count_fp"":""17.00"",""created_time"":""2026-04-27T21:15:02.868874Z"",""no_price_dollars"":""0.5100"",""taker_side"":""no"",""ticker"":""KXBTC15M-26APR271730-30"",""trade_id"":""4eb61c39-6f5b-5142-0452-3bc020e5bcc8"",""yes_price_dollars"":""0.4900""}"
KXBTC15M-26APR271730-30,1ac7b30a-70f5-5718-1c07-f775c4452352,1777324502,0.49,0.92,no,"{""count_fp"":""0.92"",""created_time"":""2026-04-27T21:15:02.868874Z"",""no_price_dollars"":""0.5100"",""taker_side"":""no"",""ticker"":""KXBTC15M-26APR271730-30"",""trade_id"":""1ac7b30a-70f5-5718-1c07-f775c4452352"",""yes_price_dollars"":""0.4900""}"
KXBTC15M-26APR271730-30,0c9f2967-79dc-5046-14f3-ee56aca93b6a,1777324502,0.49,34.0,no,"{""count_fp"":""34.00"",""created_time"":""2026-04-27T21:15:02.868874Z"",""no_price_dollars"":""0.5100"",""taker_side"":""no"",""ticker"":""KXBTC15M-26APR271730-30"",""trade_id"":""0c9f2967-79dc-5046-14f3-ee56aca93b6a"",""yes_price_dollars"":""0.4900""}"
KXBTC15M-26APR271730-30,08e09dca-ad4e-5670-18f3-1858a546376a,1777324502,0.49,30.0,no,"{""count_fp"":""30.00"",""created_time"":""2026-04-27T21:15:02.868874Z"",""no_price_dollars"":""0.5100"",""taker_side"":""no"",""ticker"":""KXBTC15M-26APR271730-30"",""trade_id"":""08e09dca-ad4e-5670-18f3-1858a546376a"",""yes_price_dollars"":""0.4900""}"
KXBTC15M-26APR271730-30,82815989-a9ae-6cee-02c1-2e6c9417e491,1777324503,0.49,12.35,yes,"{""count_fp"":""12.35"",""created_time"":""2026-04-27T21:15:03.193138Z"",""no_price_dollars"":""0.5100"",""taker_side"":""yes"",""ticker"":""KXBTC15M-26APR271730-30"",""trade_id"":""82815989-a9ae-6cee-02c1-2e6c9417e491"",""yes_price_dollars"":""0.4900""}"
KXBTC15M-26APR271730-30,0de6dd86-a0ba-6766-36f6-a010b0a58c7c,1777324503,0.5,27.65,yes,"{""count_fp"":""27.65"",""created_time"":""2026-04-27T21:15:03.193138Z"",""no_price_dollars"":""0.5000"",""taker_side"":""yes"",""ticker"":""KXBTC15M-26APR271730-30"",""trade_id"":""0de6dd86-a0ba-6766-36f6-a010b0a58c7c"",""yes_price_dollars"":""0.5000""}"
KXBTC15M-26APR271730-30,7abbf29d-0d65-4972-a0f5-9a4f11dbd152,1777324504,0.46,1.0,yes,"{""count_fp"":""1.00"",""created_time"":""2026-04-27T21:15:04.847519Z"",""no_price_dollars"":""0.5400"",""taker_side"":""yes"",""ticker"":""KXBTC15M-26APR271730-30"",""trade_id"":""7abbf29d-0d65-4972-a0f5-9a4f11dbd152"",""yes_price_dollars"":""0.4600""}"
KXBTC15M-26APR271730-30,1c2b1a4d-b0d4-404f-a83b-e8f5d76fc8b3,1777324504,0.48,16.39,yes,"{""count_fp"":""16.39"",""created_time"":""2026-04-27T21:15:04.847519Z"",""no_price_dollars"":""0.5200"",""taker_side"":""yes"",""ticker"":""KXBTC15M-26APR271730-30"",""trade_id"":""1c2b1a4d-b0d4-404f-a83b-e8f5d76fc8b3"",""yes_price_dollars"":""0.4800""}"
KXBTC15M-26APR271730-30,a9678c65-924d-4cc6-c791-9f0e568a6fec,1777324504,0.47,2.0,yes,"{""count_fp"":""2.00"",""created_time"":""2026-04-27T21:15:04.719623Z"",""no_price_dollars"":""0.5300"",""taker_side"":""yes"",""ticker"":""KXBTC15M-26APR271730-30"",""trade_id"":""a9678c65-924d-4cc6-c791-9f0e568a6fec"",""yes_price_dollars"":""0.4700""}"
KXBTC15M-26APR271730-30,14b43403-9ded-4303-f443-46a95259ad42,1777324504,0.48,25.08,yes,"{""count_fp"":""25.08"",""created_time"":""2026-04-27T21:15:04.719623Z"",""no_price_dollars"":""0.5200"",""taker_side"":""yes"",""ticker"":""KXBTC15M-26APR271730-30"",""trade_id"":""14b43403-9ded-4303-f443-46a95259ad42"",""yes_price_dollars"":""0.4800""}"
KXBTC15M-26APR271730-30,82adec17-a538-5d48-b1b6-e57667e6bc68,1777324504,0.46,8.85,yes,"{""count_fp"":""8.85"",""created_time"":""2026-04-27T21:15:04.592741Z"",""no_price_dollars"":""0.5400"",""taker_side"":""yes"",""ticker"":""KXBTC15M-26APR271730-30"",""trade_id"":""82adec17-a538-5d48-b1b6-e57667e6bc68"",""yes_price_dollars"":""0.4600""}"
KXBTC15M-26APR271730-30,7ea1795b-f793-5659-9912-153bcd71f324,1777324504,0.45,1.0,yes,"{""count_fp"":""1.00"",""created_time"":""2026-04-27T21:15:04.592741Z"",""no_price_dollars"":""0.5500"",""taker_side"":""yes"",""ticker"":""KXBTC15M-26APR271730-30"",""trade_id"":""7ea1795b-f793-5659-9912-153bcd71f324"",""yes_price_dollars"":""0.4500""}"
KXBTC15M-26APR271730-30,f9eb2193-ceea-5767-689f-fa26e35ba5d1,1777324504,0.45,16.0,yes,"{""count_fp"":""16.00"",""created_time"":""2026-04-27T21:15:04.375369Z"",""no_price_dollars"":""0.5500"",""taker_side"":""yes"",""ticker"":""KXBTC15M-26APR271730-30"",""trade_id"":""f9eb2193-ceea-5767-689f-fa26e35ba5d1"",""yes_price_dollars"":""0.4500""}"
KXBTC15M-26APR271730-30,b28b4284-9d57-5228-68c9-1ed51f09316b,1777324504,0.46,56.0,yes,"{""count_fp"":""56.00"",""created_time"":""2026-04-27T21:15:04.375369Z"",""no_price_dollars"":""0.5400"",""taker_side"":""yes"",""ticker"":""KXBTC15M-26APR271730-30"",""trade_id"":""b28b4284-9d57-5228-68c9-1ed51f09316b"",""yes_price_dollars"":""0.4600""}"
KXBTC15M-26APR271730-30,5226908b-d4e9-5477-6b4b-e6cd73dae1de,1777324504,0.46,27.0,yes,"{""count_fp"":""27.00"",""created_time"":""2026-04-27T21:15:04.375369Z"",""no_price_dollars"":""0.5400"",""taker_side"":""yes"",""ticker"":""KXBTC15M-26APR271730-30"",""trade_id"":""5226908b-d4e9-5477-6b4b-e6cd73dae1de"",""yes_price_dollars"":""0.4600""}"
KXBTC15M-26APR271730-30,0a68bcf2-f3bd-5a8a-5a56-c959ca1696dc,1777324504,0.45,1.0,yes,"{""count_fp"":""1.00"",""created_time"":""2026-04-27T21:15:04.375369Z"",""no_price_dollars"":""0.5500"",""taker_side"":""yes"",""ticker"":""KXBTC15M-26APR271730-30"",""trade_id"":""0a68bcf2-f3bd-5a8a-5a56-c959ca1696dc"",""yes_price_dollars"":""0.4500""}"
KXBTC15M-26APR271730-30,bbc05d11-331e-619d-b5cd-1936d67a16d7,1777324505,0.49,34.34,yes,"{""count_fp"":""34.34"",""created_time"":""2026-04-27T21:15:05.163851Z"",""no_price_dollars"":""0.5100"",""taker_side"":""yes"",""ticker"":""KXBTC15M-26APR271730-30"",""trade_id"":""bbc05d11-331e-619d-b5cd-1936d67a16d7"",""yes_price_dollars"":""0.4900""}"
KXBTC15M-26APR271730-30,b7c97575-bece-6167-a7e0-cee12e9d42d6,1777324505,0.48,2.0,yes,"{""count_fp"":""2.00"",""created_time"":""2026-04-27T21:15:05.163851Z"",""no_price_dollars"":""0.5200"",""taker_side"":""yes"",""ticker"":""KXBTC15M-26APR271730-30"",""trade_id"":""b7c97575-bece-6167-a7e0-cee12e9d42d6"",""yes_price_dollars"":""0.4800""}"
KXBTC15M-26APR271730-30,ae945dcc-ef8f-6c5d-855f-a6e61a370a08,1777324505,0.47,10.0,yes,"{""count_fp"":""10.00"",""created_time"":""2026-04-27T21:15:05.163851Z"",""no_price_dollars"":""0.5300"",""taker_side"":""yes"",""ticker"":""KXBTC15M-26APR271730-30"",""trade_id"":""ae945dcc-ef8f-6c5d-855f-a6e61a370a08"",""yes_price_dollars"":""0.4700""}"
KXBTC15M-26APR271730-30,25af393d-c3b0-60e9-a4a3-8f5960797f44,1777324505,0.47,2.0,yes,"{""count_fp"":""2.00"",""created_time"":""2026-04-27T21:15:05.163851Z"",""no_price_dollars"":""0.5300"",""taker_side"":""yes"",""ticker"":""KXBTC15M-26APR271730-30"",""trade_id"":""25af393d-c3b0-60e9-a4a3-8f5960797f44"",""yes_price_dollars"":""0.4700""}"
KXBTC15M-26APR271730-30,ba3ccdd6-c1ae-6934-67e1-8b549735e857,1777324505,0.42,1.0,no,"{""count_fp"":""1.00"",""created_time"":""2026-04-27T21:15:05.068191Z"",""no_price_dollars"":""0.5800"",""taker_side"":""no"",""ticker"":""KXBTC15M-26APR271730-30"",""trade_id"":""ba3ccdd6-c1ae-6934-67e1-8b549735e857"",""yes_price_dollars"":""0.4200""}"
KXBTC15M-26APR271730-30,9cb5db8e-79a2-6f52-4b6d-285ef77142d1,1777324505,0.42,16.0,no,"{""count_fp"":""16.00"",""created_time"":""2026-04-27T21:15:05.068191Z"",""no_price_dollars"":""0.5800"",""taker_side"":""no"",""ticker"":""KXBTC15M-26APR271730-30"",""trade_id"":""9cb5db8e-79a2-6f52-4b6d-285ef77142d1"",""yes_price_dollars"":""0.4200""}"
KXBTC15M-26APR271730-30,9c89d760-cef5-6b81-507b-30e6ef762f14,1777324505,0.42,30.71,no,"{""count_fp"":""30.71"",""created_time"":""2026-04-27T21:15:05.068191Z"",""no_price_dollars"":""0.5800"",""taker_side"":""no"",""ticker"":""KXBTC15M-26APR271730-30"",""trade_id"":""9c89d760-cef5-6b81-507b-30e6ef762f14"",""yes_price_dollars"":""0.4200""}"
KXBTC15M-26APR271730-30,9a3e65ec-6916-60b3-53d2-af8c3d2830f4,1777324505,0.44,5.0,no,"{""count_fp"":""5.00"",""created_time"":""2026-04-27T21:15:05.068191Z"",""no_price_dollars"":""0.5600"",""taker_side"":""no"",""ticker"":""KXBTC15M-26APR271730-30"",""trade_id"":""9a3e65ec-6916-60b3-53d2-af8c3d2830f4"",""yes_price_dollars"":""0.4400""}"
KXBTC15M-26APR271730-30,7496a499-720f-6fd9-67ec-aad255f803de,1777324505,0.43,2.0,no,"{""count_fp"":""2.00"",""created_time"":""2026-04-27T21:15:05.068191Z"",""no_price_dollars"":""0.5700"",""taker_side"":""no"",""ticker"":""KXBTC15M-26APR271730-30"",""trade_id"":""7496a499-720f-6fd9-67ec-aad255f803de"",""yes_price_dollars"":""0.4300""}"
KXBTC15M-26APR271730-30,574bee5e-6bba-6d3b-7ce5-e2d956af24c6,1777324505,0.46,1.41,no,"{""count_fp"":""1.41"",""created_time"":""2026-04-27T21:15:05.068191Z"",""no_price_dollars"":""0.5400"",""taker_side"":""no"",""ticker"":""KXBTC15M-26APR271730-30"",""trade_id"":""574bee5e-6bba-6d3b-7ce5-e2d956af24c6"",""yes_price_dollars"":""0.4600""}"
KXBTC15M-26APR271730-30,35a53599-1e8a-660e-4d84-0d2549dba3bb,1777324505,0.42,10.0,no,"{""count_fp"":""10.00"",""created_time"":""2026-04-27T21:15:05.068191Z"",""no_price_dollars"":""0.5800"",""taker_side"":""no"",""ticker"":""KXBTC15M-26APR271730-30"",""trade_id"":""35a53599-1e8a-660e-4d84-0d2549dba3bb"",""yes_price_dollars"":""0.4200""}"
KXBTC15M-26APR271730-30,820d6c8f-1158-4c11-0e9d-023fa0fd4952,1777324506,0.49,200.0,no,"{""count_fp"":""200.00"",""created_time"":""2026-04-27T21:15:06.375321Z"",""no_price_dollars"":""0.5100"",""taker_side"":""no"",""ticker"":""KXBTC15M-26APR271730-30"",""trade_id"":""820d6c8f-1158-4c11-0e9d-023fa0fd4952"",""yes_price_dollars"":""0.4900""}"
KXBTC15M-26APR271730-30,fce3ce79-c94e-6b4d-f20b-ee178bf0aeda,1777324506,0.48,2.0,yes,"{""count_fp"":""2.00"",""created_time"":""2026-04-27T21:15:06.353924Z"",""no_price_dollars"":""0.5200"",""taker_side"":""yes"",""ticker"":""KXBTC15M-26APR271730-30"",""trade_id"":""fce3ce79-c94e-6b4d-f20b-ee178bf0aeda"",""yes_price_dollars"":""0.4800""}"
KXBTC15M-26APR271730-30,81f309c6-752c-64ed-e847-0f0568173de6,1777324506,0.49,2.0,yes,"{""count_fp"":""2.00"",""created_time"":""2026-04-27T21:15:06.353924Z"",""no_price_dollars"":""0.5100"",""taker_side"":""yes"",""ticker"":""KXBTC15M-26APR271730-30"",""trade_id"":""81f309c6-752c-64ed-e847-0f0568173de6"",""yes_price_dollars"":""0.4900""}"
KXBTC15M-26APR271730-30,69d3add6-2f72-6f07-d44e-a7a50d1cfff4,1777324506,0.48,10.0,yes,"{""count_fp"":""10.00"",""created_time"":""2026-04-27T21:15:06.353924Z"",""no_price_dollars"":""0.5200"",""taker_side"":""yes"",""ticker"":""KXBTC15M-26APR271730-30"",""trade_id"":""69d3add6-2f72-6f07-d44e-a7a50d1cfff4"",""yes_price_dollars"":""0.4800""}"
KXBTC15M-26APR271730-30,3f5aa8a1-0e74-6091-ea6b-0814a9c2e51a,1777324506,0.44,2.91,yes,"{""count_fp"":""2.91"",""created_time"":""2026-04-27T21:15:06.353924Z"",""no_price_dollars"":""0.5600"",""taker_side"":""yes"",""ticker"":""KXBTC15M-26APR271730-30"",""trade_id"":""3f5aa8a1-0e74-6091-ea6b-0814a9c2e51a"",""yes_price_dollars"":""0.4400""}"
KXBTC15M-26APR271730-30,0b8ce0e0-c983-690b-f4a0-82f714420003,1777324506,0.48,166.0,yes,"{""count_fp"":""166.00"",""created_time"":""2026-04-27T21:15:06.353924Z"",""no_price_dollars"":""0.5200"",""taker_side"":""yes"",""ticker"":""KXBTC15M-26APR271730-30"",""trade_id"":""0b8ce0e0-c983-690b-f4a0-82f714420003"",""yes_price_dollars"":""0.4800""}"
KXBTC15M-26APR271730-30,00f81e19-7694-73f5-0400-2dc8ae9cf2b6,1777324506,0.44,397.09,yes,"{""count_fp"":""397.09"",""created_time"":""2026-04-27T21:15:06.276511Z"",""no_price_dollars"":""0.5600"",""taker_side"":""yes"",""ticker"":""KXBTC15M-26APR271730-30"",""trade_id"":""00f81e19-7694-73f5-0400-2dc8ae9cf2b6"",""yes_price_dollars"":""0.4400""}"
KXBTC15M-26APR271730-30,62256a7a-5e5f-7e0f-1177-b3605999dab4,1777324506,0.46,2.01,yes,"{""count_fp"":""2.01"",""created_time"":""2026-04-27T21:15:06.165467Z"",""no_price_dollars"":""0.5400"",""taker_side"":""yes"",""ticker"":""KXBTC15M-26APR271730-30"",""trade_id"":""62256a7a-5e5f-7e0f-1177-b3605999dab4"",""yes_price_dollars"":""0.4600""}"
KXBTC15M-26APR271730-30,fe91f996-2074-53a9-cbde-b100fe4a704a,1777324506,0.44,20.1,yes,"{""count_fp"":""20.10"",""created_time"":""2026-04-27T21:15:06.054346Z"",""no_price_dollars"":""0.5600"",""taker_side"":""yes"",""ticker"":""KXBTC15M-26APR271730-30"",""trade_id"":""fe91f996-2074-53a9-cbde-b100fe4a704a"",""yes_price_dollars"":""0.4400""}"
KXBTC15M-26APR271730-30,356d0e0b-43b4-68ca-a2cc-aab146c35028,1777324507,0.48,10.05,yes,"{""count_fp"":""10.05"",""created_time"":""2026-04-27T21:15:07.976924Z"",""no_price_dollars"":""0.5200"",""taker_side"":""yes"",""ticker"":""KXBTC15M-26APR271730-30"",""trade_id"":""356d0e0b-43b4-68ca-a2cc-aab146c35028"",""yes_price_dollars"":""0.4800""}"
KXBTC15M-26APR271730-30,61772e31-1c71-7afa-da82-3ede0161e533,1777324508,0.47,1.17,no,"{""count_fp"":""1.17"",""created_time"":""2026-04-27T21:15:08.762238Z"",""no_price_dollars"":""0.5300"",""taker_side"":""no"",""ticker"":""KXBTC15M-26APR271730-30"",""trade_id"":""61772e31-1c71-7afa-da82-3ede0161e533"",""yes_price_dollars"":""0.4700""}"
KXBTC15M-26APR271730-30,eaafd657-2869-7687-19e8-fd57adc4b6a2,1777324509,0.49,2.0,yes,"{""count_fp"":""2.00"",""created_time"":""2026-04-27T21:15:09.453421Z"",""no_price_dollars"":""0.5100"",""taker_side"":""yes"",""ticker"":""KXBTC15M-26APR271730-30"",""trade_id"":""eaafd657-2869-7687-19e8-fd57adc4b6a2"",""yes_price_dollars"":""0.4900""}"
KXBTC15M-26APR271730-30,84f80d03-21bd-795c-1a2a-06058e0934a5,1777324509,0.48,56.0,yes,"{""count_fp"":""56.00"",""created_time"":""2026-04-27T21:15:09.453421Z"",""no_price_dollars"":""0.5200"",""taker_side"":""yes"",""ticker"":""KXBTC15M-26APR271730-30"",""trade_id"":""84f80d03-21bd-795c-1a2a-06058e0934a5"",""yes_price_dollars"":""0.4800""}"
KXBTC15M-26APR271730-30,70b95023-5d00-7132-3a2a-e9284799a76c,1777324509,0.48,2.01,yes,"{""count_fp"":""2.01"",""created_time"":""2026-04-27T21:15:09.453421Z"",""no_price_dollars"":""0.5200"",""taker_side"":""yes"",""ticker"":""KXBTC15M-26APR271730-30"",""trade_id"":""70b95023-5d00-7132-3a2a-e9284799a76c"",""yes_price_dollars"":""0.4800""}"
KXBTC15M-26APR271730-30,5fa8bd86-1e8f-75ee-1d92-37073a2f4391,1777324509,0.49,75.68,yes,"{""count_fp"":""75.68"",""created_time"":""2026-04-27T21:15:09.453421Z"",""no_price_dollars"":""0.5100"",""taker_side"":""yes"",""ticker"":""KXBTC15M-26APR271730-30"",""trade_id"":""5fa8bd86-1e8f-75ee-1d92-37073a2f4391"",""yes_price_dollars"":""0.4900""}"
KXBTC15M-26APR271730-30,30f6f808-c422-7051-3a4b-1ff4b9743945,1777324509,0.48,2.0,yes,"{""count_fp"":""2.00"",""created_time"":""2026-04-27T21:15:09.453421Z"",""no_price_dollars"":""0.5200"",""taker_side"":""yes"",""ticker"":""KXBTC15M-26APR271730-30"",""trade_id"":""30f6f808-c422-7051-3a4b-1ff4b9743945"",""yes_price_dollars"":""0.4800""}"
KXBTC15M-26APR271730-30,2db077b1-28e1-702b-3c49-2c9a10cf3c83,1777324509,0.48,10.05,yes,"{""count_fp"":""10.05"",""created_time"":""2026-04-27T21:15:09.453421Z"",""no_price_dollars"":""0.5200"",""taker_side"":""yes"",""ticker"":""KXBTC15M-26APR271730-30"",""trade_id"":""2db077b1-28e1-702b-3c49-2c9a10cf3c83"",""yes_price_dollars"":""0.4800""}"
KXBTC15M-26APR271730-30,a4e9403e-1ee8-4900-53c2-a3a414931307,1777324510,0.47,10.0,no,"{""count_fp"":""10.00"",""created_time"":""2026-04-27T21:15:10.884527Z"",""no_price_dollars"":""0.5300"",""taker_side"":""no"",""ticker"":""KXBTC15M-26APR271730-30"",""trade_id"":""a4e9403e-1ee8-4900-53c2-a3a414931307"",""yes_price_dollars"":""0.4700""}"
KXBTC15M-26APR271730-30,5ecdc0d7-5b48-44e0-694b-864c345b57d4,1777324510,0.45,3.0,no,"{""count_fp"":""3.00"",""created_time"":""2026-04-27T21:15:10.884527Z"",""no_price_dollars"":""0.5500"",""taker_side"":""no"",""ticker"":""KXBTC15M-26APR271730-30"",""trade_id"":""5ecdc0d7-5b48-44e0-694b-864c345b57d4"",""yes_price_dollars"":""0.4500""}"
KXBTC15M-26APR271730-30,51c86a90-8253-470d-64ab-7db990876726,1777324510,0.47,1.17,no,"{""count_fp"":""1.17"",""created_time"":""2026-04-27T21:15:10.884527Z"",""no_price_dollars"":""0.5300"",""taker_side"":""no"",""ticker"":""KXBTC15M-26APR271730-30"",""trade_id"":""51c86a90-8253-470d-64ab-7db990876726"",""yes_price_dollars"":""0.4700""}"
KXBTC15M-26APR271730-30,1f1c2dfe-6083-48b6-4317-627ab158273b,1777324510,0.43,1.0,no,"{""count_fp"":""1.00"",""created_time"":""2026-04-27T21:15:10.884527Z"",""no_price_dollars"":""0.5700"",""taker_side"":""no"",""ticker"":""KXBTC15M-26APR271730-30"",""trade_id"":""1f1c2dfe-6083-48b6-4317-627ab158273b"",""yes_price_dollars"":""0.4300""}"
KXBTC15M-26APR271730-30,10286160-aad9-4e56-5c47-df5ba5a7a908,1777324510,0.43,1.75,no,"{""count_fp"":""1.75"",""created_time"":""2026-04-27T21:15:10.884527Z"",""no_price_dollars"":""0.5700"",""taker_side"":""no"",""ticker"":""KXBTC15M-26APR271730-30"",""trade_id"":""10286160-aad9-4e56-5c47-df5ba5a7a908"",""yes_price_dollars"":""0.4300""}"
KXBTC15M-26APR271730-30,33e46900-194f-7be8-fa0f-98cde9505b53,1777324510,0.48,0.2,yes,"{""count_fp"":""0.20"",""created_time"":""2026-04-27T21:15:10.876645Z"",""no_price_dollars"":""0.5200"",""taker_side"":""yes"",""ticker"":""KXBTC15M-26APR271730-30"",""trade_id"":""33e46900-194f-7be8-fa0f-98cde9505b53"",""yes_price_dollars"":""0.4800""}"
KXBTC15M-26APR271730-30,128eabf1-83ae-4ef0-f40c-1a13e9beb057,1777324511,0.48,736.17,yes,"{""count_fp"":""736.17"",""created_time"":""2026-04-27T21:15:11.908252Z"",""no_price_dollars"":""0.5200"",""taker_side"":""yes"",""ticker"":""KXBTC15M-26APR271730-30"",""trade_id"":""128eabf1-83ae-4ef0-f40c-1a13e9beb057"",""yes_price_dollars"":""0.4800""}"
KXBTC15M-26APR271730-30,d8990418-d636-5c64-8e83-a4f8910aed9b,1777324511,0.48,235.47,yes,"{""count_fp"":""235.47"",""created_time"":""2026-04-27T21:15:11.890187Z"",""no_price_dollars"":""0.5200"",""taker_side"":""yes"",""ticker"":""KXBTC15M-26APR271730-30"",""trade_id"":""d8990418-d636-5c64-8e83-a4f8910aed9b"",""yes_price_dollars"":""0.4800""}"
KXBTC15M-26APR271730-30,b400cbcd-2a67-5e9d-8294-25498390ebd7,1777324511,0.46,3.0,yes,"{""count_fp"":""3.00"",""created_time"":""2026-04-27T21:15:11.890187Z"",""no_price_dollars"":""0.5400"",""taker_side"":""yes"",""ticker"":""KXBTC15M-26APR271730-30"",""trade_id"":""b400cbcd-2a67-5e9d-8294-25498390ebd7"",""yes_price_dollars"":""0.4600""}"
KXBTC15M-26APR271730-30,a00634a3-abd0-5769-b7a3-59fc6d801bee,1777324511,0.47,11.8,yes,"{""count_fp"":""11.80"",""created_time"":""2026-04-27T21:15:11.890187Z"",""no_price_dollars"":""0.5300"",""taker_side"":""yes"",""ticker"":""KXBTC15M-26APR271730-30"",""trade_id"":""a00634a3-abd0-5769-b7a3-59fc6d801bee"",""yes_price_dollars"":""0.4700""}"
KXBTC15M-26APR271730-30,1108d106-dec5-53c9-ad9f-b9927359da53,1777324511,0.47,1.0,yes,"{""count_fp"":""1.00"",""created_time"":""2026-04-27T21:15:11.890187Z"",""no_price_dollars"":""0.5300"",""taker_side"":""yes"",""ticker"":""KXBTC15M-26APR271730-30"",""trade_id"":""1108d106-dec5-53c9-ad9f-b9927359da53"",""yes_price_dollars"":""0.4700""}"
KXBTC15M-26APR271730-30,ef003654-1ce6-7224-ba9e-f2f3218d0687,1777324511,0.45,1.22,no,"{""count_fp"":""1.22"",""created_time"":""2026-04-27T21:15:11.831084Z"",""no_price_dollars"":""0.5500"",""taker_side"":""no"",""ticker"":""KXBTC15M-26APR271730-30"",""trade_id"":""ef003654-1ce6-7224-ba9e-f2f3218d0687"",""yes_price_dollars"":""0.4500""}"
KXBTC15M-26APR271730-30,ea6aa630-4f4a-7a2f-986f-9feb3fb706de,1777324511,0.45,1.0,no,"{""count_fp"":""1.00"",""created_time"":""2026-04-27T21:15:11.831084Z"",""no_price_dollars"":""0.5500"",""taker_side"":""no"",""ticker"":""KXBTC15M-26APR271730-30"",""trade_id"":""ea6aa630-4f4a-7a2f-986f-9feb3fb706de"",""yes_price_dollars"":""0.4500""}"
KXBTC15M-26APR271730-30,02417d82-d39d-74c0-9ec4-3be72cd25c5e,1777324511,0.45,6.44,no,"{""count_fp"":""6.44"",""created_time"":""2026-04-27T21:15:11.831084Z"",""no_price_dollars"":""0.5500"",""taker_side"":""no"",""ticker"":""KXBTC15M-26APR271730-30"",""trade_id"":""02417d82-d39d-74c0-9ec4-3be72cd25c5e"",""yes_price_dollars"":""0.4500""}"
KXBTC15M-26APR271730-30,cab68fe3-fe7b-4e69-07f7-fa806df50ae3,1777324511,0.44,1.0,no,"{""count_fp"":""1.00"",""created_time"":""2026-04-27T21:15:11.360218Z"",""no_price_dollars"":""0.5600"",""taker_side"":""no"",""ticker"":""KXBTC15M-26APR271730-30"",""trade_id"":""cab68fe3-fe7b-4e69-07f7-fa806df50ae3"",""yes_price_dollars"":""0.4400""}"
KXBTC15M-26APR271730-30,a8fc6f11-0c6d-45c5-1677-d47fca8b6bcb,1777324511,0.44,2.46,no,"{""count_fp"":""2.46"",""created_time"":""2026-04-27T21:15:11.360218Z"",""no_price_dollars"":""0.5600"",""taker_side"":""no"",""ticker"":""KXBTC15M-26APR271730-30"",""trade_id"":""a8fc6f11-0c6d-45c5-1677-d47fca8b6bcb"",""yes_price_dollars"":""0.4400""}"
KXBTC15M-26APR271730-30,08ebe27b-e7ea-5bc4-e631-719bd6f03ab7,1777324511,0.48,19.98,yes,"{""count_fp"":""19.98"",""created_time"":""2026-04-27T21:15:11.359787Z"",""no_price_dollars"":""0.5200"",""taker_side"":""yes"",""ticker"":""KXBTC15M-26APR271730-30"",""trade_id"":""08ebe27b-e7ea-5bc4-e631-719bd6f03ab7"",""yes_price_dollars"":""0.4800""}"
KXBTC15M-26APR271730-30,f36a68c7-302d-505c-a9e8-fd7b921e6ed2,1777324511,0.45,8.0,yes,"{""count_fp"":""8.00"",""created_time"":""2026-04-27T21:15:11.326802Z"",""no_price_dollars"":""0.5500"",""taker_side"":""yes"",""ticker"":""KXBTC15M-26APR271730-30"",""trade_id"":""f36a68c7-302d-505c-a9e8-fd7b921e6ed2"",""yes_price_dollars"":""0.4500""}"
KXBTC15M-26APR271730-30,9743cbd1-edf5-5dd1-93ee-9e1b5f46f35a,1777324511,0.46,3.0,yes,"{""count_fp"":""3.00"",""created_time"":""2026-04-27T21:15:11.326802Z"",""no_price_dollars"":""0.5400"",""taker_side"":""yes"",""ticker"":""KXBTC15M-26APR271730-30"",""trade_id"":""9743cbd1-edf5-5dd1-93ee-9e1b5f46f35a"",""yes_price_dollars"":""0.4600""}"
KXBTC15M-26APR271730-30,489cba34-1816-5111-a59b-f09a789796a0,1777324511,0.47,110.0,yes,"{""count_fp"":""110.00"",""created_time"":""2026-04-27T21:15:11.326802Z"",""no_price_dollars"":""0.5300"",""taker_side"":""yes"",""ticker"":""KXBTC15M-26APR271730-30"",""trade_id"":""489cba34-1816-5111-a59b-f09a789796a0"",""yes_price_dollars"":""0.4700""}"
KXBTC15M-26APR271730-30,488c72ac-1a1a-5cf8-bd6a-0b65463d63e3,1777324511,0.48,14.96,yes,"{""count_fp"":""14.96"",""created_time"":""2026-04-27T21:15:11.326802Z"",""no_price_dollars"":""0.5200"",""taker_side"":""yes"",""ticker"":""KXBTC15M-26APR271730-30"",""trade_id"":""488c72ac-1a1a-5cf8-bd6a-0b65463d63e3"",""yes_price_dollars"":""0.4800""}"
KXBTC15M-26APR271730-30,eb35b784-d504-5921-216d-a365c40c4e03,1777324511,0.44,10.0,no,"{""count_fp"":""10.00"",""created_time"":""2026-04-27T21:15:11.001506Z"",""no_price_dollars"":""0.5600"",""taker_side"":""no"",""ticker"":""KXBTC15M-26APR271730-30"",""trade_id"":""eb35b784-d504-5921-216d-a365c40c4e03"",""yes_price_dollars"":""0.4400""}"
KXBTC15M-26APR271730-30,d2054359-e260-5fb3-271b-cb2f92813c83,1777324511,0.42,1.0,no,"{""count_fp"":""1.00"",""created_time"":""2026-04-27T21:15:11.001506Z"",""no_price_dollars"":""0.5800"",""taker_side"":""no"",""ticker"":""KXBTC15M-26APR271730-30"",""trade_id"":""d2054359-e260-5fb3-271b-cb2f92813c83"",""yes_price_dollars"":""0.4200""}"
KXBTC15M-26APR271730-30,cb75812b-4915-502c-2d78-b4354f8e5c22,1777324511,0.42,179.27,no,"{""count_fp"":""179.27"",""created_time"":""2026-04-27T21:15:11.001506Z"",""no_price_dollars"":""0.5800"",""taker_side"":""no"",""ticker"":""KXBTC15M-26APR271730-30"",""trade_id"":""cb75812b-4915-502c-2d78-b4354f8e5c22"",""yes_price_dollars"":""0.4200""}"
KXBTC15M-26APR271730-30,9c8ec3f1-06f8-5a30-28fa-7e1d27ccb8d9,1777324511,0.43,56.0,no,"{""count_fp"":""56.00"",""created_time"":""2026-04-27T21:15:11.001506Z"",""no_price_dollars"":""0.5700"",""taker_side"":""no"",""ticker"":""KXBTC15M-26APR271730-30"",""trade_id"":""9c8ec3f1-06f8-5a30-28fa-7e1d27ccb8d9"",""yes_price_dollars"":""0.4300""}"
KXBTC15M-26APR271730-30,8e750592-8735-5306-3989-8bb16735999c,1777324511,0.43,8.25,no,"{""count_fp"":""8.25"",""created_time"":""2026-04-27T21:15:11.001506Z"",""no_price_dollars"":""0.5700"",""taker_side"":""no"",""ticker"":""KXBTC15M-26APR271730-30"",""trade_id"":""8e750592-8735-5306-3989-8bb16735999c"",""yes_price_dollars"":""0.4300""}"
KXBTC15M-26APR271730-30,ea2e2409-6b05-46ac-2448-021bc7c4acc2,1777324512,0.46,2.32,no,"{""count_fp"":""2.32"",""created_time"":""2026-04-27T21:15:12.842484Z"",""no_price_dollars"":""0.5400"",""taker_side"":""no"",""ticker"":""KXBTC15M-26APR271730-30"",""trade_id"":""ea2e2409-6b05-46ac-2448-021bc7c4acc2"",""yes_price_dollars"":""0.4600""}"
KXBTC15M-26APR271730-30,ac8462c2-bc58-4e1c-191d-f9ad513bf63a,1777324512,0.46,1.2,no,"{""count_fp"":""1.20"",""created_time"":""2026-04-27T21:15:12.842484Z"",""no_price_dollars"":""0.5400"",""taker_side"":""no"",""ticker"":""KXBTC15M-26APR271730-30"",""trade_id"":""ac8462c2-bc58-4e1c-191d-f9ad513bf63a"",""yes_price_dollars"":""0.4600""}"
KXBTC15M-26APR271730-30,edfbb278-0eb9-490c-188f-ab74448dd912,1777324512,0.45,12.0,no,"{""count_fp"":""12.00"",""created_time"":""2026-04-27T21:15:12.594102Z"",""no_price_dollars"":""0.5500"",""taker_side"":""no"",""ticker"":""KXBTC15M-26APR271730-30"",""trade_id"":""edfbb278-0eb9-490c-188f-ab74448dd912"",""yes_price_dollars"":""0.4500""}"
KXBTC15M-26APR271730-30,4cb60c7d-9405-7a38-bbcd-4a47d4893a7a,1777324512,0.45,12.82,no,"{""count_fp"":""12.82"",""created_time"":""2026-04-27T21:15:12.435862Z"",""no_price_dollars"":""0.5500"",""taker_side"":""no"",""ticker"":""KXBTC15M-26APR271730-30"",""trade_id"":""4cb60c7d-9405-7a38-bbcd-4a47d4893a7a"",""yes_price_dollars"":""0.4500""}"
KXBTC15M-26APR271730-30,955abf5d-8019-7a98-0fed-40ca529618d6,1777324512,0.45,1.73,no,"{""count_fp"":""1.73"",""created_time"":""2026-04-27T21:15:12.361647Z"",""no_price_dollars"":""0.5500"",""taker_side"":""no"",""ticker"":""KXBTC15M-26APR271730-30"",""trade_id"":""955abf5d-8019-7a98-0fed-40ca529618d6"",""yes_price_dollars"":""0.4500""}"
KXBTC15M-26APR271730-30,b9f52eaf-759b-51c0-9f71-8dc94b283c8e,1777324512,0.47,3.0,yes,"{""count_fp"":""3.00"",""created_time"":""2026-04-27T21:15:12.321465Z"",""no_price_dollars"":""0.5300"",""taker_side"":""yes"",""ticker"":""KXBTC15M-26APR271730-30"",""trade_id"":""b9f52eaf-759b-51c0-9f71-8dc94b283c8e"",""yes_price_dollars"":""0.4700""}"
KXBTC15M-26APR271730-30,99bd511e-b3cf-5232-aa35-6d7338341acb,1777324512,0.46,1.0,yes,"{""count_fp"":""1.00"",""created_time"":""2026-04-27T21:15:12.321465Z"",""no_price_dollars"":""0.5400"",""taker_side"":""yes"",""ticker"":""KXBTC15M-26APR271730-30"",""trade_id"":""99bd511e-b3cf-5232-aa35-6d7338341acb"",""yes_price_dollars"":""0.4600""}"
KXBTC15M-26APR271730-30,dfab2054-cc08-56a6-7cc1-9c06d40f5613,1777324513,0.43,1.0,no,"{""count_fp"":""1.00"",""created_time"":""2026-04-27T21:15:13.892305Z"",""no_price_dollars"":""0.5700"",""taker_side"":""no"",""ticker"":""KXBTC15M-26APR271730-30"",""trade_id"":""dfab2054-cc08-56a6-7cc1-9c06d40f5613"",""yes_price_dollars"":""0.4300""}"
KXBTC15M-26APR271730-30,7f9b1f3c-5aa1-55b7-5003-43f301c8ecb3,1777324513,0.44,3.0,no,"{""count_fp"":""3.00"",""created_time"":""2026-04-27T21:15:13.892305Z"",""no_price_dollars"":""0.5600"",""taker_side"":""no"",""ticker"":""KXBTC15M-26APR271730-30"",""trade_id"":""7f9b1f3c-5aa1-55b7-5003-43f301c8ecb3"",""yes_price_dollars"":""0.4400""}"
KXBTC15M-26APR271730-30,46369180-0209-5545-59cf-bfbc85cfa89a,1777324513,0.43,72.36,no,"{""count_fp"":""72.36"",""created_time"":""2026-04-27T21:15:13.892305Z"",""no_price_dollars"":""0.5700"",""taker_side"":""no"",""ticker"":""KXBTC15M-26APR271730-30"",""trade_id"":""46369180-0209-5545-59cf-bfbc85cfa89a"",""yes_price_dollars"":""0.4300""}"
KXBTC15M-26APR271730-30,0a0aa5d8-772a-5a19-55ae-fb284b1b77a5,1777324513,0.43,8.51,no,"{""count_fp"":""8.51"",""created_time"":""2026-04-27T21:15:13.892305Z"",""no_price_dollars"":""0.5700"",""taker_side"":""no"",""ticker"":""KXBTC15M-26APR271730-30"",""trade_id"":""0a0aa5d8-772a-5a19-55ae-fb284b1b77a5"",""yes_price_dollars"":""0.4300""}"
KXBTC15M-26APR271730-30,fda06247-bc90-65c4-31a7-6f6439eefdd2,1777324513,0.46,2.91,yes,"{""count_fp"":""2.91"",""created_time"":""2026-04-27T21:15:13.589929Z"",""no_price_dollars"":""0.5400"",""taker_side"":""yes"",""ticker"":""KXBTC15M-26APR271730-30"",""trade_id"":""fda06247-bc90-65c4-31a7-6f6439eefdd2"",""yes_price_dollars"":""0.4600""}"
KXBTC15M-26APR271730-30,b93d5516-e4ef-7af3-c210-68b3d5e427ec,1777324513,0.44,1.0,no,"{""count_fp"":""1.00"",""created_time"":""2026-04-27T21:15:13.384472Z"",""no_price_dollars"":""0.5600"",""taker_side"":""no"",""ticker"":""KXBTC15M-26APR271730-30"",""trade_id"":""b93d5516-e4ef-7af3-c210-68b3d5e427ec"",""yes_price_dollars"":""0.4400""}"
KXBTC15M-26APR271730-30,b0509179-a6ac-7245-fa8f-1622e7f8acd1,1777324513,0.46,1.41,no,"{""count_fp"":""1.41"",""created_time"":""2026-04-27T21:15:13.384472Z"",""no_price_dollars"":""0.5400"",""taker_side"":""no"",""ticker"":""KXBTC15M-26APR271730-30"",""trade_id"":""b0509179-a6ac-7245-fa8f-1622e7f8acd1"",""yes_price_dollars"":""0.4600""}"
KXBTC15M-26APR271730-30,a6d407a8-b2d3-7f65-cf34-e87913c9c346,1777324513,0.43,1.0,no,"{""count_fp"":""1.00"",""created_time"":""2026-04-27T21:15:13.384472Z"",""no_price_dollars"":""0.5700"",""taker_side"":""no"",""ticker"":""KXBTC15M-26APR271730-30"",""trade_id"":""a6d407a8-b2d3-7f65-cf34-e87913c9c346"",""yes_price_dollars"":""0.4300""}"
KXBTC15M-26APR271730-30,69766fca-ff80-7ddf-d00f-54a1fcdfa6bb,1777324513,0.42,13.07,no,"{""count_fp"":""13.07"",""created_time"":""2026-04-27T21:15:13.384472Z"",""no_price_dollars"":""0.5800"",""taker_side"":""no"",""ticker"":""KXBTC15M-26APR271730-30"",""trade_id"":""69766fca-ff80-7ddf-d00f-54a1fcdfa6bb"",""yes_price_dollars"":""0.4200""}"
KXBTC15M-26APR271730-30,bed92c34-3875-4bcd-44a4-85a28c6a286d,1777324513,0.43,8.51,no,"{""count_fp"":""8.51"",""created_time"":""2026-04-27T21:15:13.296638Z"",""no_price_dollars"":""0.5700"",""taker_side"":""no"",""ticker"":""KXBTC15M-26APR271730-30"",""trade_id"":""bed92c34-3875-4bcd-44a4-85a28c6a286d"",""yes_price_dollars"":""0.4300""}"
KXBTC15M-26APR271730-30,6e43f53f-17d0-40c7-6e37-e22bc10d75df,1777324513,0.42,234.47,no,"{""count_fp"":""234.47"",""created_time"":""2026-04-27T21:15:13.296638Z"",""no_price_dollars"":""0.5800"",""taker_side"":""no"",""ticker"":""KXBTC15M-26APR271730-30"",""trade_id"":""6e43f53f-17d0-40c7-6e37-e22bc10d75df"",""yes_price_dollars"":""0.4200""}"
KXBTC15M-26APR271730-30,2d8e6940-3ec5-4309-73f6-23222579baff,1777324513,0.44,7.54,no,"{""count_fp"":""7.54"",""created_time"":""2026-04-27T21:15:13.296638Z"",""no_price_dollars"":""0.5600"",""taker_side"":""no"",""ticker"":""KXBTC15M-26APR271730-30"",""trade_id"":""2d8e6940-3ec5-4309-73f6-23222579baff"",""yes_price_dollars"":""0.4400""}"
KXBTC15M-26APR271730-30,1c2b64b4-6801-45ec-4afd-fda1da5dfdaa,1777324513,0.46,73.69,no,"{""count_fp"":""73.69"",""created_time"":""2026-04-27T21:15:13.296638Z"",""no_price_dollars"":""0.5400"",""taker_side"":""no"",""ticker"":""KXBTC15M-26APR271730-30"",""trade_id"":""1c2b64b4-6801-45ec-4afd-fda1da5dfdaa"",""yes_price_dollars"":""0.4600""}"
KXBTC15M-26APR271730-30,113a522f-c3dd-4dda-6489-43815eaed399,1777324513,0.43,10.01,no,"{""count_fp"":""10.01"",""created_time"":""2026-04-27T21:15:13.296638Z"",""no_price_dollars"":""0.5700"",""taker_side"":""no"",""ticker"":""KXBTC15M-26APR271730-30"",""trade_id"":""113a522f-c3dd-4dda-6489-43815eaed399"",""yes_price_dollars"":""0.4300""}"
KXBTC15M-26APR271730-30,065625de-b4d4-4340-4a01-f56198c73298,1777324513,0.44,3.0,no,"{""count_fp"":""3.00"",""created_time"":""2026-04-27T21:15:13.296638Z"",""no_price_dollars"":""0.5600"",""taker_side"":""no"",""ticker"":""KXBTC15M-26APR271730-30"",""trade_id"":""065625de-b4d4-4340-4a01-f56198c73298"",""yes_price_dollars"":""0.4400""}"
KXBTC15M-26APR271730-30,7ea18f21-2429-6574-d8e4-feec03ff96d2,1777324513,0.46,1.0,no,"{""count_fp"":""1.00"",""created_time"":""2026-04-27T21:15:13.036411Z"",""no_price_dollars"":""0.5400"",""taker_side"":""no"",""ticker"":""KXBTC15M-26APR271730-30"",""trade_id"":""7ea18f21-2429-6574-d8e4-feec03ff96d2"",""yes_price_dollars"":""0.4600""}"
KXBTC15M-26APR271730-30,26a0b4a5-f598-46fa-08f0-944008360a19,1777324514,0.44,24.0,no,"{""count_fp"":""24.00"",""created_time"":""2026-04-27T21:15:14.996656Z"",""no_price_dollars"":""0.5600"",""taker_side"":""no"",""ticker"":""KXBTC15M-26APR271730-30"",""trade_id"":""26a0b4a5-f598-46fa-08f0-944008360a19"",""yes_price_dollars"":""0.4400""}"
KXBTC15M-26APR271730-30,1d6acd46-76e9-43bd-1b51-ed1f96182c3a,1777324514,0.45,1.0,no,"{""count_fp"":""1.00"",""created_time"":""2026-04-27T21:15:14.996656Z"",""no_price_dollars"":""0.5500"",""taker_side"":""no"",""ticker"":""KXBTC15M-26APR271730-30"",""trade_id"":""1d6acd46-76e9-43bd-1b51-ed1f96182c3a"",""yes_price_dollars"":""0.4500""}"
KXBTC15M-26APR271730-30,1398896d-22b0-43e3-0bf4-da148b6e859c,1777324514,0.43,17.1,no,"{""count_fp"":""17.10"",""created_time"":""2026-04-27T21:15:14.996656Z"",""no_price_dollars"":""0.5700"",""taker_side"":""no"",""ticker"":""KXBTC15M-26APR271730-30"",""trade_id"":""1398896d-22b0-43e3-0bf4-da148b6e859c"",""yes_price_dollars"":""0.4300""}"
KXBTC15M-26APR271730-30,45ef2f46-4984-4dd5-ace0-c4744db6af9d,1777324514,0.45,1.76,no,"{""count_fp"":""1.76"",""created_time"":""2026-04-27T21:15:14.865945Z"",""no_price_dollars"":""0.5500"",""taker_side"":""no"",""ticker"":""KXBTC15M-26APR271730-30"",""trade_id"":""45ef2f46-4984-4dd5-ace0-c4744db6af9d"",""yes_price_dollars"":""0.4500""}"
KXBTC15M-26APR271730-30,8df2243e-32cc-7463-af5d-1e96902818ab,1777324514,0.47,1.0,yes,"{""count_fp"":""1.00"",""created_time"":""2026-04-27T21:15:14.773779Z"",""no_price_dollars"":""0.5300"",""taker_side"":""yes"",""ticker"":""KXBTC15M-26APR271730-30"",""trade_id"":""8df2243e-32cc-7463-af5d-1e96902818ab"",""yes_price_dollars"":""0.4700""}"
KXBTC15M-26APR271730-30,07cd3430-5f99-78eb-b024-273824bfb66d,1777324514,0.47,30.04,yes,"{""count_fp"":""30.04"",""created_time"":""2026-04-27T21:15:14.773779Z"",""no_price_dollars"":""0.5300"",""taker_side"":""yes"",""ticker"":""KXBTC15M-26APR271730-30"",""trade_id"":""07cd3430-5f99-78eb-b024-273824bfb66d"",""yes_price_dollars"":""0.4700""}"
KXBTC15M-26APR271730-30,fc0670cf-5773-7662-8e73-e4484476f0e9,1777324514,0.47,400.0,yes,"{""count_fp"":""400.00"",""created_time"":""2026-04-27T21:15:14.578626Z"",""no_price_dollars"":""0.5300"",""taker_side"":""yes"",""ticker"":""KXBTC15M-26APR271730-30"",""trade_id"":""fc0670cf-5773-7662-8e73-e4484476f0e9"",""yes_price_dollars"":""0.4700""}"
KXBTC15M-26APR271730-30,d0fe51ff-c5d2-7488-8617-b4007ce78743,1777324514,0.48,643.42,yes,"{""count_fp"":""643.42"",""created_time"":""2026-04-27T21:15:14.578626Z"",""no_price_dollars"":""0.5200"",""taker_side"":""yes"",""ticker"":""KXBTC15M-26APR271730-30"",""trade_id"":""d0fe51ff-c5d2-7488-8617-b4007ce78743"",""yes_price_dollars"":""0.4800""}"
KXBTC15M-26APR271730-30,beeaa827-d70e-71bc-b71d-3bf72f1edd6e,1777324514,0.47,40.0,yes,"{""count_fp"":""40.00"",""created_time"":""2026-04-27T21:15:14.578626Z"",""no_price_dollars"":""0.5300"",""taker_side"":""yes"",""ticker"":""KXBTC15M-26APR271730-30"",""trade_id"":""beeaa827-d70e-71bc-b71d-3bf72f1edd6e"",""yes_price_dollars"":""0.4700""}"
KXBTC15M-26APR271730-30,bb7309f2-348b-7a9b-af1f-6f7ec2595279,1777324514,0.47,2.0,yes,"{""count_fp"":""2.00"",""created_time"":""2026-04-27T21:15:14.578626Z"",""no_price_dollars"":""0.5300"",""taker_side"":""yes"",""ticker"":""KXBTC15M-26APR271730-30"",""trade_id"":""bb7309f2-348b-7a9b-af1f-6f7ec2595279"",""yes_price_dollars"":""0.4700""}"
KXBTC15M-26APR271730-30,b9fc8ab1-1ab2-78b5-95d3-b88c2452b140,1777324514,0.46,40.0,yes,"{""count_fp"":""40.00"",""created_time"":""2026-04-27T21:15:14.578626Z"",""no_price_dollars"":""0.5400"",""taker_side"":""yes"",""ticker"":""KXBTC15M-26APR271730-30"",""trade_id"":""b9fc8ab1-1ab2-78b5-95d3-b88c2452b140"",""yes_price_dollars"":""0.4600""}"
KXBTC15M-26APR271730-30,b1ec0fa8-f10c-7ff7-8a72-1e07e71d1cea,1777324514,0.47,58.0,yes,"{""count_fp"":""58.00"",""created_time"":""2026-04-27T21:15:14.578626Z"",""no_price_dollars"":""0.5300"",""taker_side"":""yes"",""ticker"":""KXBTC15M-26APR271730-30"",""trade_id"":""b1ec0fa8-f10c-7ff7-8a72-1e07e71d1cea"",""yes_price_dollars"":""0.4700""}"
KXBTC15M-26APR271730-30,a5e300ca-09bc-7bf8-9dd2-bdde01d6d634,1777324514,0.48,736.96,yes,"{""count_fp"":""736.96"",""created_time"":""2026-04-27T21:15:14.578626Z"",""no_price_dollars"":""0.5200"",""taker_side"":""yes"",""ticker"":""KXBTC15M-26APR271730-30"",""trade_id"":""a5e300ca-09bc-7bf8-9dd2-bdde01d6d634"",""yes_price_dollars"":""0.4800""}"
KXBTC15M-26APR271730-30,a44bece7-b05e-7c64-8c67-27e69875095a,1777324514,0.45,59.62,yes,"{""count_fp"":""59.62"",""created_time"":""2026-04-27T21:15:14.578626Z"",""no_price_dollars"":""0.5500"",""taker_side"":""yes"",""ticker"":""KXBTC15M-26APR271730-30"",""trade_id"":""a44bece7-b05e-7c64-8c67-27e69875095a"",""yes_price_dollars"":""0.4500""}"
KXBTC15M-26APR271730-30,7e6d75b6-802a-7fe6-bb25-6f5fd9f0131f,1777324514,0.48,1.0,yes,"{""count_fp"":""1.00"",""created_time"":""2026-04-27T21:15:14.578626Z"",""no_price_dollars"":""0.5200"",""taker_side"":""yes"",""ticker"":""KXBTC15M-26APR271730-30"",""trade_id"":""7e6d75b6-802a-7fe6-bb25-6f5fd9f0131f"",""yes_price_dollars"":""0.4800""}"
KXBTC15M-26APR271730-30,43e4f35f-d3f8-7ba7-8f2d-58fa6bc88e65,1777324514,0.46,3.0,yes,"{""count_fp"":""3.00"",""created_time"":""2026-04-27T21:15:14.578626Z"",""no_price_dollars"":""0.5400"",""taker_side"":""yes"",""ticker"":""KXBTC15M-26APR271730-30"",""trade_id"":""43e4f35f-d3f8-7ba7-8f2d-58fa6bc88e65"",""yes_price_dollars"":""0.4600""}"
KXBTC15M-26APR271730-30,162f4b4a-9362-7c67-a9aa-04cef2a27b14,1777324514,0.47,16.0,yes,"{""count_fp"":""16.00"",""created_time"":""2026-04-27T21:15:14.578626Z"",""no_price_dollars"":""0.5300"",""taker_side"":""yes"",""ticker"":""KXBTC15M-26APR271730-30"",""trade_id"":""162f4b4a-9362-7c67-a9aa-04cef2a27b14"",""yes_price_dollars"":""0.4700""}"
KXBTC15M-26APR271730-30,ceed5817-2566-41ba-2bf9-e049a19510ea,1777324514,0.45,7.59,yes,"{""count_fp"":""7.59"",""created_time"":""2026-04-27T21:15:14.549047Z"",""no_price_dollars"":""0.5500"",""taker_side"":""yes"",""ticker"":""KXBTC15M-26APR271730-30"",""trade_id"":""ceed5817-2566-41ba-2bf9-e049a19510ea"",""yes_price_dollars"":""0.4500""}"
KXBTC15M-26APR271730-30,9c0f26a3-7027-4709-05ec-a9f7bdb84104,1777324514,0.45,1.0,yes,"{""count_fp"":""1.00"",""created_time"":""2026-04-27T21:15:14.549047Z"",""no_price_dollars"":""0.5500"",""taker_side"":""yes"",""ticker"":""KXBTC15M-26APR271730-30"",""trade_id"":""9c0f26a3-7027-4709-05ec-a9f7bdb84104"",""yes_price_dollars"":""0.4500""}"
KXBTC15M-26APR271730-30,0c74e918-2816-4c14-27cc-646e6a2fe656,1777324514,0.45,12.03,yes,"{""count_fp"":""12.03"",""created_time"":""2026-04-27T21:15:14.549047Z"",""no_price_dollars"":""0.5500"",""taker_side"":""yes"",""ticker"":""KXBTC15M-26APR271730-30"",""trade_id"":""0c74e918-2816-4c14-27cc-646e6a2fe656"",""yes_price_dollars"":""0.4500""}"
KXBTC15M-26APR271730-30,581fe93c-9ad1-6bfb-46cd-db1ab0bd4c2e,1777324514,0.44,1.0,no,"{""count_fp"":""1.00"",""created_time"":""2026-04-27T21:15:14.234368Z"",""no_price_dollars"":""0.5600"",""taker_side"":""no"",""ticker"":""KXBTC15M-26APR271730-30"",""trade_id"":""581fe93c-9ad1-6bfb-46cd-db1ab0bd4c2e"",""yes_price_dollars"":""0.4400""}"
KXBTC15M-26APR271730-30,c1bc0c44-8e4e-797e-0950-39492b87ca72,1777324514,0.45,32.41,yes,"{""count_fp"":""32.41"",""created_time"":""2026-04-27T21:15:14.210949Z"",""no_price_dollars"":""0.5500"",""taker_side"":""yes"",""ticker"":""KXBTC15M-26APR271730-30"",""trade_id"":""c1bc0c44-8e4e-797e-0950-39492b87ca72"",""yes_price_dollars"":""0.4500""}"
KXBTC15M-26APR271730-30,9429d22a-4e9c-741a-e5c4-f29a00a6791b,1777324514,0.44,1.0,no,"{""count_fp"":""1.00"",""created_time"":""2026-04-27T21:15:14.116268Z"",""no_price_dollars"":""0.5600"",""taker_side"":""no"",""ticker"":""KXBTC15M-26APR271730-30"",""trade_id"":""9429d22a-4e9c-741a-e5c4-f29a00a6791b"",""yes_price_dollars"":""0.4400""}"
KXBTC15M-26APR271730-30,ea7c139a-1c3e-7cdf-077f-1a0cf499bb35,1777324514,0.46,1.0,yes,"{""count_fp"":""1.00"",""created_time"":""2026-04-27T21:15:14.008256Z"",""no_price_dollars"":""0.5400"",""taker_side"":""yes"",""ticker"":""KXBTC15M-26APR271730-30"",""trade_id"":""ea7c139a-1c3e-7cdf-077f-1a0cf499bb35"",""yes_price_dollars"":""0.4600""}"
KXBTC15M-26APR271730-30,985742de-6d68-7141-0aaa-ddbca68306cd,1777324514,0.46,10.47,yes,"{""count_fp"":""10.47"",""created_time"":""2026-04-27T21:15:14.008256Z"",""no_price_dollars"":""0.5400"",""taker_side"":""yes"",""ticker"":""KXBTC15M-26APR271730-30"",""trade_id"":""985742de-6d68-7141-0aaa-ddbca68306cd"",""yes_price_dollars"":""0.4600""}"
KXBTC15M-26APR271730-30,86f45089-c5a6-72e8-39f7-044fea1d730a,1777324514,0.46,0.71,yes,"{""count_fp"":""0.71"",""created_time"":""2026-04-27T21:15:14.008256Z"",""no_price_dollars"":""0.5400"",""taker_side"":""yes"",""ticker"":""KXBTC15M-26APR271730-30"",""trade_id"":""86f45089-c5a6-72e8-39f7-044fea1d730a"",""yes_price_dollars"":""0.4600""}"
KXBTC15M-26APR271730-30,7a3fc4fa-e005-72c8-0e64-7e470fa96c3f,1777324514,0.45,8.0,yes,"{""count_fp"":""8.00"",""created_time"":""2026-04-27T21:15:14.008256Z"",""no_price_dollars"":""0.5500"",""taker_side"":""yes"",""ticker"":""KXBTC15M-26APR271730-30"",""trade_id"":""7a3fc4fa-e005-72c8-0e64-7e470fa96c3f"",""yes_price_dollars"":""0.4500""}"
KXBTC15M-26APR271730-30,722b1a28-58b3-7199-e54f-b144796208bd,1777324515,0.45,18.0,yes,"{""count_fp"":""18.00"",""created_time"":""2026-04-27T21:15:15.954854Z"",""no_price_dollars"":""0.5500"",""taker_side"":""yes"",""ticker"":""KXBTC15M-26APR271730-30"",""trade_id"":""722b1a28-58b3-7199-e54f-b144796208bd"",""yes_price_dollars"":""0.4500""}"
KXBTC15M-26APR271730-30,ea92c3f3-5881-7727-04b0-3ee84afe0d33,1777324515,0.44,1.0,no,"{""count_fp"":""1.00"",""created_time"":""2026-04-27T21:15:15.480875Z"",""no_price_dollars"":""0.5600"",""taker_side"":""no"",""ticker"":""KXBTC15M-26APR271730-30"",""trade_id"":""ea92c3f3-5881-7727-04b0-3ee84afe0d33"",""yes_price_dollars"":""0.4400""}"
KXBTC15M-26APR271730-30,b60c1de9-0955-7a5c-2c17-ec564c8e5333,1777324515,0.44,0.73,no,"{""count_fp"":""0.73"",""created_time"":""2026-04-27T21:15:15.480875Z"",""no_price_dollars"":""0.5600"",""taker_side"":""no"",""ticker"":""KXBTC15M-26APR271730-30"",""trade_id"":""b60c1de9-0955-7a5c-2c17-ec564c8e5333"",""yes_price_dollars"":""0.4400""}"
KXBTC15M-26APR271730-30,f87c182c-715e-4a3f-d2ac-8ddaed1c1ec1,1777324515,0.45,1.0,yes,"{""count_fp"":""1.00"",""created_time"":""2026-04-27T21:15:15.440405Z"",""no_price_dollars"":""0.5500"",""taker_side"":""yes"",""ticker"":""KXBTC15M-26APR271730-30"",""trade_id"":""f87c182c-715e-4a3f-d2ac-8ddaed1c1ec1"",""yes_price_dollars"":""0.4500""}"
KXBTC15M-26APR271730-30,efd99173-c937-4569-f7c8-5d0dcaa576a0,1777324515,0.47,7.25,yes,"{""count_fp"":""7.25"",""created_time"":""2026-04-27T21:15:15.440405Z"",""no_price_dollars"":""0.5300"",""taker_side"":""yes"",""ticker"":""KXBTC15M-26APR271730-30"",""trade_id"":""efd99173-c937-4569-f7c8-5d0dcaa576a0"",""yes_price_dollars"":""0.4700""}"
KXBTC15M-26APR271730-30,c2e155ec-3020-46a4-cce3-bbea5a6ed9cb,1777324515,0.46,7.84,yes,"{""count_fp"":""7.84"",""created_time"":""2026-04-27T21:15:15.440405Z"",""no_price_dollars"":""0.5400"",""taker_side"":""yes"",""ticker"":""KXBTC15M-26APR271730-30"",""trade_id"":""c2e155ec-3020-46a4-cce3-bbea5a6ed9cb"",""yes_price_dollars"":""0.4600""}"
KXBTC15M-26APR271730-30,a1248fc4-cc85-436a-d376-745bfc474384,1777324515,0.47,3.0,yes,"{""count_fp"":""3.00"",""created_time"":""2026-04-27T21:15:15.440405Z"",""no_price_dollars"":""0.5300"",""taker_side"":""yes"",""ticker"":""KXBTC15M-26APR271730-30"",""trade_id"":""a1248fc4-cc85-436a-d376-745bfc474384"",""yes_price_dollars"":""0.4700""}"
KXBTC15M-26APR271730-30,865a47f5-7649-4284-e41f-fbda1c7c6e9c,1777324515,0.46,2.0,yes,"{""count_fp"":""2.00"",""created_time"":""2026-04-27T21:15:15.440405Z"",""no_price_dollars"":""0.5400"",""taker_side"":""yes"",""ticker"":""KXBTC15M-26APR271730-30"",""trade_id"":""865a47f5-7649-4284-e41f-fbda1c7c6e9c"",""yes_price_dollars"":""0.4600""}"
KXBTC15M-26APR271730-30,4a49990d-dade-4248-d091-b35a871a60b4,1777324515,0.45,40.0,yes,"{""count_fp"":""40.00"",""created_time"":""2026-04-27T21:15:15.440405Z"",""no_price_dollars"":""0.5500"",""taker_side"":""yes"",""ticker"":""KXBTC15M-26APR271730-30"",""trade_id"":""4a49990d-dade-4248-d091-b35a871a60b4"",""yes_price_dollars"":""0.4500""}"
KXBTC15M-26APR271730-30,bbfbd86d-1dc7-4456-5b9f-670667fb8c48,1777324515,0.45,40.0,yes,"{""count_fp"":""40.00"",""created_time"":""2026-04-27T21:15:15.132032Z"",""no_price_dollars"":""0.5500"",""taker_side"":""yes"",""ticker"":""KXBTC15M-26APR271730-30"",""trade_id"":""bbfbd86d-1dc7-4456-5b9f-670667fb8c48"",""yes_price_dollars"":""0.4500""}"
KXBTC15M-26APR271730-30,b6751401-d760-48c4-719d-a49568921d93,1777324515,0.46,32.16,yes,"{""count_fp"":""32.16"",""created_time"":""2026-04-27T21:15:15.132032Z"",""no_price_dollars"":""0.5400"",""taker_side"":""yes"",""ticker"":""KXBTC15M-26APR271730-30"",""trade_id"":""b6751401-d760-48c4-719d-a49568921d93"",""yes_price_dollars"":""0.4600""}"
KXBTC15M-26APR271730-30,72067522-e501-4eed-7707-88c74515bf1f,1777324515,0.45,10.0,yes,"{""count_fp"":""10.00"",""created_time"":""2026-04-27T21:15:15.132032Z"",""no_price_dollars"":""0.5500"",""taker_side"":""yes"",""ticker"":""KXBTC15M-26APR271730-30"",""trade_id"":""72067522-e501-4eed-7707-88c74515bf1f"",""yes_price_dollars"":""0.4500""}"
KXBTC15M-26APR271730-30,ff76e106-2472-638d-6559-5cc7f29ca7a3,1777324516,0.44,4.9,no,"{""count_fp"":""4.90"",""created_time"":""2026-04-27T21:15:16.176794Z"",""no_price_dollars"":""0.5600"",""taker_side"":""no"",""ticker"":""KXBTC15M-26APR271730-30"",""trade_id"":""ff76e106-2472-638d-6559-5cc7f29ca7a3"",""yes_price_dollars"":""0.4400""}"
KXBTC15M-26APR271730-30,6f2e0e1b-c1ac-650f-5e88-d32d26aa14a1,1777324516,0.44,3.0,no,"{""count_fp"":""3.00"",""created_time"":""2026-04-27T21:15:16.176794Z"",""no_price_dollars"":""0.5600"",""taker_side"":""no"",""ticker"":""KXBTC15M-26APR271730-30"",""trade_id"":""6f2e0e1b-c1ac-650f-5e88-d32d26aa14a1"",""yes_price_dollars"":""0.4400""}"
KXBTC15M-26APR271730-30,5dbf61ba-a9e0-6a51-4bbd-26ed8c5f04e0,1777324516,0.44,1.02,no,"{""count_fp"":""1.02"",""created_time"":""2026-04-27T21:15:16.176794Z"",""no_price_dollars"":""0.5600"",""taker_side"":""no"",""ticker"":""KXBTC15M-26APR271730-30"",""trade_id"":""5dbf61ba-a9e0-6a51-4bbd-26ed8c5f04e0"",""yes_price_dollars"":""0.4400""}"
KXBTC15M-26APR271730-30,1a726ea3-09be-6556-5cfc-3dd55ebd55bb,1777324516,0.44,8.14,no,"{""count_fp"":""8.14"",""created_time"":""2026-04-27T21:15:16.176794Z"",""no_price_dollars"":""0.5600"",""taker_side"":""no"",""ticker"":""KXBTC15M-26APR271730-30"",""trade_id"":""1a726ea3-09be-6556-5cfc-3dd55ebd55bb"",""yes_price_dollars"":""0.4400""}"
KXBTC15M-26APR271730-30,c6053d10-14ca-5445-2490-6ee9c7149f7f,1777324516,0.44,3.44,no,"{""count_fp"":""3.44"",""created_time"":""2026-04-27T21:15:16.104235Z"",""no_price_dollars"":""0.5600"",""taker_side"":""no"",""ticker"":""KXBTC15M-26APR271730-30"",""trade_id"":""c6053d10-14ca-5445-2490-6ee9c7149f7f"",""yes_price_dollars"":""0.4400""}"
KXBTC15M-26APR271730-30,8a1e4abb-685a-7a4a-e512-6cc019dba447,1777324517,0.46,5.19,no,"{""count_fp"":""5.19"",""created_time"":""2026-04-27T21:15:17.923916Z"",""no_price_dollars"":""0.5400"",""taker_side"":""no"",""ticker"":""KXBTC15M-26APR271730-30"",""trade_id"":""8a1e4abb-685a-7a4a-e512-6cc019dba447"",""yes_price_dollars"":""0.4600""}"
KXBTC15M-26APR271730-30,f7e63f99-0f2c-410f-89e5-9094881e8ed3,1777324517,0.5,150.0,yes,"{""count_fp"":""150.00"",""created_time"":""2026-04-27T21:15:17.804958Z"",""no_price_dollars"":""0.5000"",""taker_side"":""yes"",""ticker"":""KXBTC15M-26APR271730-30"",""trade_id"":""f7e63f99-0f2c-410f-89e5-9094881e8ed3"",""yes_price_dollars"":""0.5000""}"
KXBTC15M-26APR271730-30,f48447ee-9e93-493d-90d1-8512a09c60ac,1777324517,0.49,110.0,yes,"{""count_fp"":""110.00"",""created_time"":""2026-04-27T21:15:17.804958Z"",""no_price_dollars"":""0.5100"",""taker_side"":""yes"",""ticker"":""KXBTC15M-26APR271730-30"",""trade_id"":""f48447ee-9e93-493d-90d1-8512a09c60ac"",""yes_price_dollars"":""0.4900""}"
KXBTC15M-26APR271730-30,e88ac724-eb73-4dce-9a5a-a84a86576402,1777324517,0.46,2.0,yes,"{""count_fp"":""2.00"",""created_time"":""2026-04-27T21:15:17.804958Z"",""no_price_dollars"":""0.5400"",""taker_side"":""yes"",""ticker"":""KXBTC15M-26APR271730-30"",""trade_id"":""e88ac724-eb73-4dce-9a5a-a84a86576402"",""yes_price_dollars"":""0.4600""}"
KXBTC15M-26APR271730-30,e2ba6bc1-8fd0-4047-922d-5bf1c208d9a6,1777324517,0.48,2.0,yes,"{""count_fp"":""2.00"",""created_time"":""2026-04-27T21:15:17.804958Z"",""no_price_dollars"":""0.5200"",""taker_side"":""yes"",""ticker"":""KXBTC15M-26APR271730-30"",""trade_id"":""e2ba6bc1-8fd0-4047-922d-5bf1c208d9a6"",""yes_price_dollars"":""0.4800""}"
KXBTC15M-26APR271730-30,b10dd3a6-16e8-4b33-b6e3-194e88ed7a9e,1777324517,0.46,39.95,yes,"{""count_fp"":""39.95"",""created_time"":""2026-04-27T21:15:17.804958Z"",""no_price_dollars"":""0.5400"",""taker_side"":""yes"",""ticker"":""KXBTC15M-26APR271730-30"",""trade_id"":""b10dd3a6-16e8-4b33-b6e3-194e88ed7a9e"",""yes_price_dollars"":""0.4600""}"
KXBTC15M-26APR271730-30,aa385384-fecd-4a52-ab56-726fe7b55a58,1777324517,0.45,1.0,yes,"{""count_fp"":""1.00"",""created_time"":""2026-04-27T21:15:17.804958Z"",""no_price_dollars"":""0.5500"",""taker_side"":""yes"",""ticker"":""KXBTC15M-26APR271730-30"",""trade_id"":""aa385384-fecd-4a52-ab56-726fe7b55a58"",""yes_price_dollars"":""0.4500""}"
KXBTC15M-26APR271730-30,8fcf87be-c386-4454-a00e-2fca7d3bec72,1777324517,0.47,56.0,yes,"{""count_fp"":""56.00"",""created_time"":""2026-04-27T21:15:17.804958Z"",""no_price_dollars"":""0.5300"",""taker_side"":""yes"",""ticker"":""KXBTC15M-26APR271730-30"",""trade_id"":""8fcf87be-c386-4454-a00e-2fca7d3bec72"",""yes_price_dollars"":""0.4700""}"
KXBTC15M-26APR271730-30,877808a3-942f-442d-bd04-338c678e51a8,1777324517,0.47,32.75,yes,"{""count_fp"":""32.75"",""created_time"":""2026-04-27T21:15:17.804958Z"",""no_price_dollars"":""0.5300"",""taker_side"":""yes"",""ticker"":""KXBTC15M-26APR271730-30"",""trade_id"":""877808a3-942f-442d-bd04-338c678e51a8"",""yes_price_dollars"":""0.4700""}"
KXBTC15M-26APR271730-30,86d781ae-622d-4d9f-91f2-18fafb52bf6e,1777324517,0.5,1.0,yes,"{""count_fp"":""1.00"",""created_time"":""2026-04-27T21:15:17.804958Z"",""no_price_dollars"":""0.5000"",""taker_side"":""yes"",""ticker"":""KXBTC15M-26APR271730-30"",""trade_id"":""86d781ae-622d-4d9f-91f2-18fafb52bf6e"",""yes_price_dollars"":""0.5000""}"
KXBTC15M-26APR271730-30,80c03d5f-3720-4fe8-8ff0-2404da0b84c4,1777324517,0.49,40.0,yes,"{""count_fp"":""40.00"",""created_time"":""2026-04-27T21:15:17.804958Z"",""no_price_dollars"":""0.5100"",""taker_side"":""yes"",""ticker"":""KXBTC15M-26APR271730-30"",""trade_id"":""80c03d5f-3720-4fe8-8ff0-2404da0b84c4"",""yes_price_dollars"":""0.4900""}"
KXBTC15M-26APR271730-30,6d01213f-e9c6-4c0a-aae7-c3d4fbacabac,1777324517,0.5,62.35,yes,"{""count_fp"":""62.35"",""created_time"":""2026-04-27T21:15:17.804958Z"",""no_price_dollars"":""0.5000"",""taker_side"":""yes"",""ticker"":""KXBTC15M-26APR271730-30"",""trade_id"":""6d01213f-e9c6-4c0a-aae7-c3d4fbacabac"",""yes_price_dollars"":""0.5000""}"
KXBTC15M-26APR271730-30,5b10926b-a0d8-4930-8a42-409341f953e0,1777324517,0.5,143.64,yes,"{""count_fp"":""143.64"",""created_time"":""2026-04-27T21:15:17.804958Z"",""no_price_dollars"":""0.5000"",""taker_side"":""yes"",""ticker"":""KXBTC15M-26APR271730-30"",""trade_id"":""5b10926b-a0d8-4930-8a42-409341f953e0"",""yes_price_dollars"":""0.5000""}"
KXBTC15M-26APR271730-30,5b0ebd9c-89de-4833-9f9f-92b87bc7954f,1777324517,0.5,40.0,yes,"{""count_fp"":""40.00"",""created_time"":""2026-04-27T21:15:17.804958Z"",""no_price_dollars"":""0.5000"",""taker_side"":""yes"",""ticker"":""KXBTC15M-26APR271730-30"",""trade_id"":""5b0ebd9c-89de-4833-9f9f-92b87bc7954f"",""yes_price_dollars"":""0.5000""}"
KXBTC15M-26APR271730-30,4fa82c0d-c237-4c78-95a1-09236e0e60cc,1777324517,0.48,40.0,yes,"{""count_fp"":""40.00"",""created_time"":""2026-04-27T21:15:17.804958Z"",""no_price_dollars"":""0.5200"",""taker_side"":""yes"",""ticker"":""KXBTC15M-26APR271730-30"",""trade_id"":""4fa82c0d-c237-4c78-95a1-09236e0e60cc"",""yes_price_dollars"":""0.4800""}"
KXBTC15M-26APR271730-30,488b7399-227a-45f6-9f1c-92bc8d7df221,1777324517,0.47,2.0,yes,"{""count_fp"":""2.00"",""created_time"":""2026-04-27T21:15:17.804958Z"",""no_price_dollars"":""0.5300"",""taker_side"":""yes"",""ticker"":""KXBTC15M-26APR271730-30"",""trade_id"":""488b7399-227a-45f6-9f1c-92bc8d7df221"",""yes_price_dollars"":""0.4700""}"
KXBTC15M-26APR271730-30,457c5514-e95b-41b4-b6b8-f33afe99e1e6,1777324517,0.46,10.0,yes,"{""count_fp"":""10.00"",""created_time"":""2026-04-27T21:15:17.804958Z"",""no_price_dollars"":""0.5400"",""taker_side"":""yes"",""ticker"":""KXBTC15M-26APR271730-30"",""trade_id"":""457c5514-e95b-41b4-b6b8-f33afe99e1e6"",""yes_price_dollars"":""0.4600""}"
KXBTC15M-26APR271730-30,3a93cfe4-e160-4b55-97c4-f07e32040d27,1777324517,0.47,3.0,yes,"{""count_fp"":""3.00"",""created_time"":""2026-04-27T21:15:17.804958Z"",""no_price_dollars"":""0.5300"",""taker_side"":""yes"",""ticker"":""KXBTC15M-26APR271730-30"",""trade_id"":""3a93cfe4-e160-4b55-97c4-f07e32040d27"",""yes_price_dollars"":""0.4700""}"
KXBTC15M-26APR271730-30,2768b500-a2f7-4612-ab25-6aec286926ca,1777324517,0.47,1000.0,yes,"{""count_fp"":""1000.00"",""created_time"":""2026-04-27T21:15:17.804958Z"",""no_price_dollars"":""0.5300"",""taker_side"":""yes"",""ticker"":""KXBTC15M-26APR271730-30"",""trade_id"":""2768b500-a2f7-4612-ab25-6aec286926ca"",""yes_price_dollars"":""0.4700""}"
KXBTC15M-26APR271730-30,04017b8d-6f4b-450c-8cfc-9cd96c0d4ef1,1777324517,0.48,166.0,yes,"{""count_fp"":""166.00"",""created_time"":""2026-04-27T21:15:17.804958Z"",""no_price_dollars"":""0.5200"",""taker_side"":""yes"",""ticker"":""KXBTC15M-26APR271730-30"",""trade_id"":""04017b8d-6f4b-450c-8cfc-9cd96c0d4ef1"",""yes_price_dollars"":""0.4800""}"
KXBTC15M-26APR271730-30,4572b071-a4de-64ca-c9f9-b96475d7b017,1777324517,0.44,1.0,no,"{""count_fp"":""1.00"",""created_time"":""2026-04-27T21:15:17.713028Z"",""no_price_dollars"":""0.5600"",""taker_side"":""no"",""ticker"":""KXBTC15M-26APR271730-30"",""trade_id"":""4572b071-a4de-64ca-c9f9-b96475d7b017"",""yes_price_dollars"":""0.4400""}"
KXBTC15M-26APR271730-30,19e05027-94b6-79a6-99e2-74ff61d8af6f,1777324518,0.46,10.0,no,"{""count_fp"":""10.00"",""created_time"":""2026-04-27T21:15:18.998145Z"",""no_price_dollars"":""0.5400"",""taker_side"":""no"",""ticker"":""KXBTC15M-26APR271730-30"",""trade_id"":""19e05027-94b6-79a6-99e2-74ff61d8af6f"",""yes_price_dollars"":""0.4600""}"
KXBTC15M-26APR271730-30,afcffb1e-57a1-47b5-2b37-ce65755a7f92,1777324519,0.46,1.0,no,"{""count_fp"":""1.00"",""created_time"":""2026-04-27T21:15:19.943696Z"",""no_price_dollars"":""0.5400"",""taker_side"":""no"",""ticker"":""KXBTC15M-26APR271730-30"",""trade_id"":""afcffb1e-57a1-47b5-2b37-ce65755a7f92"",""yes_price_dollars"":""0.4600""}"
KXBTC15M-26APR271730-30,2ad286b2-a3f1-419d-67ad-a077fdf8a986,1777324519,0.46,8.94,no,"{""count_fp"":""8.94"",""created_time"":""2026-04-27T21:15:19.783821Z"",""no_price_dollars"":""0.5400"",""taker_side"":""no"",""ticker"":""KXBTC15M-26APR271730-30"",""trade_id"":""2ad286b2-a3f1-419d-67ad-a077fdf8a986"",""yes_price_dollars"":""0.4600""}"
KXBTC15M-26APR271730-30,1727f31d-2521-468b-63e8-d4fd0518eb5b,1777324519,0.47,51.28,yes,"{""count_fp"":""51.28"",""created_time"":""2026-04-27T21:15:19.365204Z"",""no_price_dollars"":""0.5300"",""taker_side"":""yes"",""ticker"":""KXBTC15M-26APR271730-30"",""trade_id"":""1727f31d-2521-468b-63e8-d4fd0518eb5b"",""yes_price_dollars"":""0.4700""}"
KXBTC15M-26APR271730-30,77255e44-51aa-51aa-bc6b-640a8ca018c7,1777324519,0.46,2.83,no,"{""count_fp"":""2.83"",""created_time"":""2026-04-27T21:15:19.136778Z"",""no_price_dollars"":""0.5400"",""taker_side"":""no"",""ticker"":""KXBTC15M-26APR271730-30"",""trade_id"":""77255e44-51aa-51aa-bc6b-640a8ca018c7"",""yes_price_dollars"":""0.4600""}"
KXBTC15M-26APR271730-30,5b34f855-b9b9-5221-a0ce-a49b40c92ba6,1777324519,0.46,15.11,no,"{""count_fp"":""15.11"",""created_time"":""2026-04-27T21:15:19.136778Z"",""no_price_dollars"":""0.5400"",""taker_side"":""no"",""ticker"":""KXBTC15M-26APR271730-30"",""trade_id"":""5b34f855-b9b9-5221-a0ce-a49b40c92ba6"",""yes_price_dollars"":""0.4600""}"
KXBTC15M-26APR271730-30,835dfc4e-9342-771a-a98a-3113c1ccc483,1777324519,0.46,9.86,no,"{""count_fp"":""9.86"",""created_time"":""2026-04-27T21:15:19.009032Z"",""no_price_dollars"":""0.5400"",""taker_side"":""no"",""ticker"":""KXBTC15M-26APR271730-30"",""trade_id"":""835dfc4e-9342-771a-a98a-3113c1ccc483"",""yes_price_dollars"":""0.4600""}"
KXBTC15M-26APR271730-30,5b8e49d2-8e05-421d-ccce-e2314d13bc5a,1777324520,0.46,7.17,no,"{""count_fp"":""7.17"",""created_time"":""2026-04-27T21:15:20.978132Z"",""no_price_dollars"":""0.5400"",""taker_side"":""no"",""ticker"":""KXBTC15M-26APR271730-30"",""trade_id"":""5b8e49d2-8e05-421d-ccce-e2314d13bc5a"",""yes_price_dollars"":""0.4600""}"
KXBTC15M-26APR271730-30,85a09358-8fcd-7d6d-ee16-98db2a147e6a,1777324520,0.46,8.97,no,"{""count_fp"":""8.97"",""created_time"":""2026-04-27T21:15:20.377073Z"",""no_price_dollars"":""0.5400"",""taker_side"":""no"",""ticker"":""KXBTC15M-26APR271730-30"",""trade_id"":""85a09358-8fcd-7d6d-ee16-98db2a147e6a"",""yes_price_dollars"":""0.4600""}"
KXBTC15M-26APR271730-30,ee9ffc33-c859-7549-7892-7d028daf94b6,1777324520,0.46,17.17,no,"{""count_fp"":""17.17"",""created_time"":""2026-04-27T21:15:20.163085Z"",""no_price_dollars"":""0.5400"",""taker_side"":""no"",""ticker"":""KXBTC15M-26APR271730-30"",""trade_id"":""ee9ffc33-c859-7549-7892-7d028daf94b6"",""yes_price_dollars"":""0.4600""}"
KXBTC15M-26APR271730-30,ffd049d2-8d24-67cf-6393-459da4d8fc78,1777324521,0.44,6.88,no,"{""count_fp"":""6.88"",""created_time"":""2026-04-27T21:15:21.401885Z"",""no_price_dollars"":""0.5600"",""taker_side"":""no"",""ticker"":""KXBTC15M-26APR271730-30"",""trade_id"":""ffd049d2-8d24-67cf-6393-459da4d8fc78"",""yes_price_dollars"":""0.4400""}"
KXBTC15M-26APR271730-30,ef4bf17d-e167-731b-bc4c-9c3f12a926bd,1777324521,0.45,1.0,no,"{""count_fp"":""1.00"",""created_time"":""2026-04-27T21:15:21.390608Z"",""no_price_dollars"":""0.5500"",""taker_side"":""no"",""ticker"":""KXBTC15M-26APR271730-30"",""trade_id"":""ef4bf17d-e167-731b-bc4c-9c3f12a926bd"",""yes_price_dollars"":""0.4500""}"
KXBTC15M-26APR271730-30,e9a1a3bf-d922-701d-9f2c-1871e3fac7ea,1777324521,0.45,44.47,no,"{""count_fp"":""44.47"",""created_time"":""2026-04-27T21:15:21.390608Z"",""no_price_dollars"":""0.5500"",""taker_side"":""no"",""ticker"":""KXBTC15M-26APR271730-30"",""trade_id"":""e9a1a3bf-d922-701d-9f2c-1871e3fac7ea"",""yes_price_dollars"":""0.4500""}"
KXBTC15M-26APR271730-30,4ca9ed90-f355-71c6-970d-1d2303da3430,1777324521,0.45,40.0,no,"{""count_fp"":""40.00"",""created_time"":""2026-04-27T21:15:21.390608Z"",""no_price_dollars"":""0.5500"",""taker_side"":""no"",""ticker"":""KXBTC15M-26APR271730-30"",""trade_id"":""4ca9ed90-f355-71c6-970d-1d2303da3430"",""yes_price_dollars"":""0.4500""}"
KXBTC15M-26APR271730-30,fd8e859c-b620-66e7-af24-debf935fc5eb,1777324521,0.46,40.0,no,"{""count_fp"":""40.00"",""created_time"":""2026-04-27T21:15:21.289965Z"",""no_price_dollars"":""0.5400"",""taker_side"":""no"",""ticker"":""KXBTC15M-26APR271730-30"",""trade_id"":""fd8e859c-b620-66e7-af24-debf935fc5eb"",""yes_price_dollars"":""0.4600""}"
KXBTC15M-26APR271730-30,f269b7fc-fa32-6982-ae66-91f9b6ad1883,1777324521,0.44,29.65,no,"{""count_fp"":""29.65"",""created_time"":""2026-04-27T21:15:21.289965Z"",""no_price_dollars"":""0.5600"",""taker_side"":""no"",""ticker"":""KXBTC15M-26APR271730-30"",""trade_id"":""f269b7fc-fa32-6982-ae66-91f9b6ad1883"",""yes_price_dollars"":""0.4400""}"
KXBTC15M-26APR271730-30,a7e61a68-da5b-6aaa-adac-75bb8fcfd283,1777324521,0.45,40.0,no,"{""count_fp"":""40.00"",""created_time"":""2026-04-27T21:15:21.289965Z"",""no_price_dollars"":""0.5500"",""taker_side"":""no"",""ticker"":""KXBTC15M-26APR271730-30"",""trade_id"":""a7e61a68-da5b-6aaa-adac-75bb8fcfd283"",""yes_price_dollars"":""0.4500""}"
KXBTC15M-26APR271730-30,705365a8-99ab-62fc-ac39-625c24d66635,1777324521,0.46,1.2,no,"{""count_fp"":""1.20"",""created_time"":""2026-04-27T21:15:21.289965Z"",""no_price_dollars"":""0.5400"",""taker_side"":""no"",""ticker"":""KXBTC15M-26APR271730-30"",""trade_id"":""705365a8-99ab-62fc-ac39-625c24d66635"",""yes_price_dollars"":""0.4600""}"
KXBTC15M-26APR271730-30,39ca4167-6525-69dd-a23c-61b6a23f0a3e,1777324521,0.46,51.64,no,"{""count_fp"":""51.64"",""created_time"":""2026-04-27T21:15:21.289965Z"",""no_price_dollars"":""0.5400"",""taker_side"":""no"",""ticker"":""KXBTC15M-26APR271730-30"",""trade_id"":""39ca4167-6525-69dd-a23c-61b6a23f0a3e"",""yes_price_dollars"":""0.4600""}"
KXBTC15M-26APR271730-30,0e1b9f59-fcf4-6f57-a605-b062d9434370,1777324521,0.44,94.12,no,"{""count_fp"":""94.12"",""created_time"":""2026-04-27T21:15:21.289965Z"",""no_price_dollars"":""0.5600"",""taker_side"":""no"",""ticker"":""KXBTC15M-26APR271730-30"",""trade_id"":""0e1b9f59-fcf4-6f57-a605-b062d9434370"",""yes_price_dollars"":""0.4400""}"
KXBTC15M-26APR271730-30,0bd05123-8734-6b72-8001-cb35aa86efc6,1777324521,0.45,3.0,no,"{""count_fp"":""3.00"",""created_time"":""2026-04-27T21:15:21.289965Z"",""no_price_dollars"":""0.5500"",""taker_side"":""no"",""ticker"":""KXBTC15M-26APR271730-30"",""trade_id"":""0bd05123-8734-6b72-8001-cb35aa86efc6"",""yes_price_dollars"":""0.4500""}"
KXBTC15M-26APR271730-30,8e05af5a-396d-4e03-ae70-280854c7cfe3,1777324521,0.47,10.25,yes,"{""count_fp"":""10.25"",""created_time"":""2026-04-27T21:15:21.057423Z"",""no_price_dollars"":""0.5300"",""taker_side"":""yes"",""ticker"":""KXBTC15M-26APR271730-30"",""trade_id"":""8e05af5a-396d-4e03-ae70-280854c7cfe3"",""yes_price_dollars"":""0.4700""}"
KXBTC15M-26APR271730-30,14f312b0-9860-7577-db1d-a7376694b870,1777324522,0.44,34.64,no,"{""count_fp"":""34.64"",""created_time"":""2026-04-27T21:15:22.777707Z"",""no_price_dollars"":""0.5600"",""taker_side"":""no"",""ticker"":""KXBTC15M-26APR271730-30"",""trade_id"":""14f312b0-9860-7577-db1d-a7376694b870"",""yes_price_dollars"":""0.4400""}"
KXBTC15M-26APR271730-30,ee2a5213-94e5-7dca-be02-25142796b21d,1777324522,0.45,45.13,yes,"{""count_fp"":""45.13"",""created_time"":""2026-04-27T21:15:22.605394Z"",""no_price_dollars"":""0.5500"",""taker_side"":""yes"",""ticker"":""KXBTC15M-26APR271730-30"",""trade_id"":""ee2a5213-94e5-7dca-be02-25142796b21d"",""yes_price_dollars"":""0.4500""}"
KXBTC15M-26APR271730-30,e5836d06-6351-5126-23ac-fd46bd46b2bd,1777324522,0.45,2.05,yes,"{""count_fp"":""2.05"",""created_time"":""2026-04-27T21:15:22.476071Z"",""no_price_dollars"":""0.5500"",""taker_side"":""yes"",""ticker"":""KXBTC15M-26APR271730-30"",""trade_id"":""e5836d06-6351-5126-23ac-fd46bd46b2bd"",""yes_price_dollars"":""0.4500""}"
KXBTC15M-26APR271730-30,c6a98f72-8f89-45ba-f38f-b565bd58f4d9,1777324522,0.45,2.13,yes,"{""count_fp"":""2.13"",""created_time"":""2026-04-27T21:15:22.474049Z"",""no_price_dollars"":""0.5500"",""taker_side"":""yes"",""ticker"":""KXBTC15M-26APR271730-30"",""trade_id"":""c6a98f72-8f89-45ba-f38f-b565bd58f4d9"",""yes_price_dollars"":""0.4500""}"
KXBTC15M-26APR271730-30,50b43081-bb85-5292-d6d9-e4adfcb6ab25,1777324522,0.45,9.0,yes,"{""count_fp"":""9.00"",""created_time"":""2026-04-27T21:15:22.286314Z"",""no_price_dollars"":""0.5500"",""taker_side"":""yes"",""ticker"":""KXBTC15M-26APR271730-30"",""trade_id"":""50b43081-bb85-5292-d6d9-e4adfcb6ab25"",""yes_price_dollars"":""0.4500""}"
KXBTC15M-26APR271730-30,44a98d07-b3b5-748a-55ff-c8fcfe6b127d,1777324522,0.45,31.89,yes,"{""count_fp"":""31.89"",""created_time"":""2026-04-27T21:15:22.278761Z"",""no_price_dollars"":""0.5500"",""taker_side"":""yes"",""ticker"":""KXBTC15M-26APR271730-30"",""trade_id"":""44a98d07-b3b5-748a-55ff-c8fcfe6b127d"",""yes_price_dollars"":""0.4500""}"
KXBTC15M-26APR271730-30,991a2e6d-c5c9-7ae2-817b-bd52d4893e41,1777324522,0.45,2.0,yes,"{""count_fp"":""2.00"",""created_time"":""2026-04-27T21:15:22.142488Z"",""no_price_dollars"":""0.5500"",""taker_side"":""yes"",""ticker"":""KXBTC15M-26APR271730-30"",""trade_id"":""991a2e6d-c5c9-7ae2-817b-bd52d4893e41"",""yes_price_dollars"":""0.4500""}"
KXBTC15M-26APR271730-30,48d43575-eb1d-7582-6f5b-9f92585f55cd,1777324523,0.45,50.25,yes,"{""count_fp"":""50.25"",""created_time"":""2026-04-27T21:15:23.947753Z"",""no_price_dollars"":""0.5500"",""taker_side"":""yes"",""ticker"":""KXBTC15M-26APR271730-30"",""trade_id"":""48d43575-eb1d-7582-6f5b-9f92585f55cd"",""yes_price_dollars"":""0.4500""}"
KXBTC15M-26APR271730-30,4eca255e-181d-781e-7fbf-6f338191fd1d,1777324523,0.45,1.36,yes,"{""count_fp"":""1.36"",""created_time"":""2026-04-27T21:15:23.906723Z"",""no_price_dollars"":""0.5500"",""taker_side"":""yes"",""ticker"":""KXBTC15M-26APR271730-30"",""trade_id"":""4eca255e-181d-781e-7fbf-6f338191fd1d"",""yes_price_dollars"":""0.4500""}"
KXBTC15M-26APR271730-30,a0a5eb58-b8dd-77c6-b590-1fd5c1b6e35d,1777324523,0.45,256.78,yes,"{""count_fp"":""256.78"",""created_time"":""2026-04-27T21:15:23.849441Z"",""no_price_dollars"":""0.5500"",""taker_side"":""yes"",""ticker"":""KXBTC15M-26APR271730-30"",""trade_id"":""a0a5eb58-b8dd-77c6-b590-1fd5c1b6e35d"",""yes_price_dollars"":""0.4500""}"
KXBTC15M-26APR271730-30,a55fba84-994d-6a4e-9606-ee63be9a4cb9,1777324523,0.45,40.65,yes,"{""count_fp"":""40.65"",""created_time"":""2026-04-27T21:15:23.827878Z"",""no_price_dollars"":""0.5500"",""taker_side"":""yes"",""ticker"":""KXBTC15M-26APR271730-30"",""trade_id"":""a55fba84-994d-6a4e-9606-ee63be9a4cb9"",""yes_price_dollars"":""0.4500""}"
KXBTC15M-26APR271730-30,fc1eda50-662d-7872-6d6c-20a7fb333e39,1777324523,0.45,41.03,yes,"{""count_fp"":""41.03"",""created_time"":""2026-04-27T21:15:23.259317Z"",""no_price_dollars"":""0.5500"",""taker_side"":""yes"",""ticker"":""KXBTC15M-26APR271730-30"",""trade_id"":""fc1eda50-662d-7872-6d6c-20a7fb333e39"",""yes_price_dollars"":""0.4500""}"
KXBTC15M-26APR271730-30,3ab82050-bcac-633b-9db7-caab3dd760bc,1777324524,0.44,14.11,no,"{""count_fp"":""14.11"",""created_time"":""2026-04-27T21:15:24.907214Z"",""no_price_dollars"":""0.5600"",""taker_side"":""no"",""ticker"":""KXBTC15M-26APR271730-30"",""trade_id"":""3ab82050-bcac-633b-9db7-caab3dd760bc"",""yes_price_dollars"":""0.4400""}"
KXBTC15M-26APR271730-30,ae77d06b-cd89-7cff-a9b3-876b033ed0b2,1777324524,0.45,3.0,yes,"{""count_fp"":""3.00"",""created_time"":""2026-04-27T21:15:24.868008Z"",""no_price_dollars"":""0.5500"",""taker_side"":""yes"",""ticker"":""KXBTC15M-26APR271730-30"",""trade_id"":""ae77d06b-cd89-7cff-a9b3-876b033ed0b2"",""yes_price_dollars"":""0.4500""}"
KXBTC15M-26APR271730-30,3454d530-d191-6ce3-9597-506af2850ca2,1777324524,0.45,4.27,yes,"{""count_fp"":""4.27"",""created_time"":""2026-04-27T21:15:24.656497Z"",""no_price_dollars"":""0.5500"",""taker_side"":""yes"",""ticker"":""KXBTC15M-26APR271730-30"",""trade_id"":""3454d530-d191-6ce3-9597-506af2850ca2"",""yes_price_dollars"":""0.4500""}"
KXBTC15M-26APR271730-30,858f7552-9485-45a3-0bb0-a82e4ed800ea,1777324524,0.45,1.06,yes,"{""count_fp"":""1.06"",""created_time"":""2026-04-27T21:15:24.479198Z"",""no_price_dollars"":""0.5500"",""taker_side"":""yes"",""ticker"":""KXBTC15M-26APR271730-30"",""trade_id"":""858f7552-9485-45a3-0bb0-a82e4ed800ea"",""yes_price_dollars"":""0.4500""}"
KXBTC15M-26APR271730-30,0bba4736-21a8-773f-3e08-e81c88c3dc24,1777324525,0.44,1.73,no,"{""count_fp"":""1.73"",""created_time"":""2026-04-27T21:15:25.777961Z"",""no_price_dollars"":""0.5600"",""taker_side"":""no"",""ticker"":""KXBTC15M-26APR271730-30"",""trade_id"":""0bba4736-21a8-773f-3e08-e81c88c3dc24"",""yes_price_dollars"":""0.4400""}"
KXBTC15M-26APR271730-30,37b7d678-48c5-4357-8186-02d6200796b6,1777324525,0.45,2.05,yes,"{""count_fp"":""2.05"",""created_time"":""2026-04-27T21:15:25.617003Z"",""no_price_dollars"":""0.5500"",""taker_side"":""yes"",""ticker"":""KXBTC15M-26APR271730-30"",""trade_id"":""37b7d678-48c5-4357-8186-02d6200796b6"",""yes_price_dollars"":""0.4500""}"
KXBTC15M-26APR271730-30,d19340b9-4808-68e7-775a-bbf1f84a89e8,1777324525,0.44,161.82,no,"{""count_fp"":""161.82"",""created_time"":""2026-04-27T21:15:25.473615Z"",""no_price_dollars"":""0.5600"",""taker_side"":""no"",""ticker"":""KXBTC15M-26APR271730-30"",""trade_id"":""d19340b9-4808-68e7-775a-bbf1f84a89e8"",""yes_price_dollars"":""0.4400""}"
KXBTC15M-26APR271730-30,0802c006-cf5c-77a3-b1f4-00438476db58,1777324525,0.44,187.0,no,"{""count_fp"":""187.00"",""created_time"":""2026-04-27T21:15:25.334542Z"",""no_price_dollars"":""0.5600"",""taker_side"":""no"",""ticker"":""KXBTC15M-26APR271730-30"",""trade_id"":""0802c006-cf5c-77a3-b1f4-00438476db58"",""yes_price_dollars"":""0.4400""}"
KXBTC15M-26APR271730-30,b826a17f-329d-597b-248f-97c4fbabc276,1777324525,0.45,92.19,yes,"{""count_fp"":""92.19"",""created_time"":""2026-04-27T21:15:25.283915Z"",""no_price_dollars"":""0.5500"",""taker_side"":""yes"",""ticker"":""KXBTC15M-26APR271730-30"",""trade_id"":""b826a17f-329d-597b-248f-97c4fbabc276"",""yes_price_dollars"":""0.4500""}"
KXBTC15M-26APR271730-30,9fbe6b1a-8289-50a7-2a7f-8452c25456ee,1777324525,0.45,10.78,yes,"{""count_fp"":""10.78"",""created_time"":""2026-04-27T21:15:25.283915Z"",""no_price_dollars"":""0.5500"",""taker_side"":""yes"",""ticker"":""KXBTC15M-26APR271730-30"",""trade_id"":""9fbe6b1a-8289-50a7-2a7f-8452c25456ee"",""yes_price_dollars"":""0.4500""}"
KXBTC15M-26APR271730-30,0c2074f7-5852-521e-15ba-1a259a1a642d,1777324525,0.45,44.47,yes,"{""count_fp"":""44.47"",""created_time"":""2026-04-27T21:15:25.283915Z"",""no_price_dollars"":""0.5500"",""taker_side"":""yes"",""ticker"":""KXBTC15M-26APR271730-30"",""trade_id"":""0c2074f7-5852-521e-15ba-1a259a1a642d"",""yes_price_dollars"":""0.4500""}"
KXBTC15M-26APR271730-30,2788dd9e-81b9-6fd7-682a-a2efba2d31e2,1777324526,0.45,85.08,yes,"{""count_fp"":""85.08"",""created_time"":""2026-04-27T21:15:26.956921Z"",""no_price_dollars"":""0.5500"",""taker_side"":""yes"",""ticker"":""KXBTC15M-26APR271730-30"",""trade_id"":""2788dd9e-81b9-6fd7-682a-a2efba2d31e2"",""yes_price_dollars"":""0.4500""}"
KXBTC15M-26APR271730-30,19657e71-98dc-4e7b-40bb-68e96e65b7cc,1777324526,0.44,433.08,no,"{""count_fp"":""433.08"",""created_time"":""2026-04-27T21:15:26.688275Z"",""no_price_dollars"":""0.5600"",""taker_side"":""no"",""ticker"":""KXBTC15M-26APR271730-30"",""trade_id"":""19657e71-98dc-4e7b-40bb-68e96e65b7cc"",""yes_price_dollars"":""0.4400""}"
KXBTC15M-26APR271730-30,c04acbf3-6598-5023-caf0-f5d97ae1832c,1777324526,0.44,3.46,no,"{""count_fp"":""3.46"",""created_time"":""2026-04-27T21:15:26.530735Z"",""no_price_dollars"":""0.5600"",""taker_side"":""no"",""ticker"":""KXBTC15M-26APR271730-30"",""trade_id"":""c04acbf3-6598-5023-caf0-f5d97ae1832c"",""yes_price_dollars"":""0.4400""}"
KXBTC15M-26APR271730-30,2c0b305b-8c09-465f-dc14-28b955d414f2,1777324526,0.45,10.69,yes,"{""count_fp"":""10.69"",""created_time"":""2026-04-27T21:15:26.511582Z"",""no_price_dollars"":""0.5500"",""taker_side"":""yes"",""ticker"":""KXBTC15M-26APR271730-30"",""trade_id"":""2c0b305b-8c09-465f-dc14-28b955d414f2"",""yes_price_dollars"":""0.4500""}"
KXBTC15M-26APR271730-30,f50a92a6-4b15-757f-b807-c7ea41db2eaa,1777324526,0.45,0.21,yes,"{""count_fp"":""0.21"",""created_time"":""2026-04-27T21:15:26.403176Z"",""no_price_dollars"":""0.5500"",""taker_side"":""yes"",""ticker"":""KXBTC15M-26APR271730-30"",""trade_id"":""f50a92a6-4b15-757f-b807-c7ea41db2eaa"",""yes_price_dollars"":""0.4500""}"
KXBTC15M-26APR271730-30,25ca8c04-9280-4f3f-b090-92c7f0109a64,1777324526,0.44,1.0,no,"{""count_fp"":""1.00"",""created_time"":""2026-04-27T21:15:26.252972Z"",""no_price_dollars"":""0.5600"",""taker_side"":""no"",""ticker"":""KXBTC15M-26APR271730-30"",""trade_id"":""25ca8c04-9280-4f3f-b090-92c7f0109a64"",""yes_price_dollars"":""0.4400""}"
KXBTC15M-26APR271730-30,25810f32-e3f1-51fb-0c3a-1ba2084657b2,1777324527,0.45,132.66,yes,"{""count_fp"":""132.66"",""created_time"":""2026-04-27T21:15:27.797718Z"",""no_price_dollars"":""0.5500"",""taker_side"":""yes"",""ticker"":""KXBTC15M-26APR271730-30"",""trade_id"":""25810f32-e3f1-51fb-0c3a-1ba2084657b2"",""yes_price_dollars"":""0.4500""}"
KXBTC15M-26APR271730-30,fd0bc364-9591-4377-0a13-89ed46c0481e,1777324527,0.45,21.39,yes,"{""count_fp"":""21.39"",""created_time"":""2026-04-27T21:15:27.699777Z"",""no_price_dollars"":""0.5500"",""taker_side"":""yes"",""ticker"":""KXBTC15M-26APR271730-30"",""trade_id"":""fd0bc364-9591-4377-0a13-89ed46c0481e"",""yes_price_dollars"":""0.4500""}"
KXBTC15M-26APR271730-30,7ab1c672-07ec-5ab3-e113-1a6f774205a8,1777324527,0.44,5.0,no,"{""count_fp"":""5.00"",""created_time"":""2026-04-27T21:15:27.635808Z"",""no_price_dollars"":""0.5600"",""taker_side"":""no"",""ticker"":""KXBTC15M-26APR271730-30"",""trade_id"":""7ab1c672-07ec-5ab3-e113-1a6f774205a8"",""yes_price_dollars"":""0.4400""}"
KXBTC15M-26APR271730-30,d64ef528-43a1-78b3-2995-154ce43b2262,1777324527,0.45,2.0,yes,"{""count_fp"":""2.00"",""created_time"":""2026-04-27T21:15:27.571644Z"",""no_price_dollars"":""0.5500"",""taker_side"":""yes"",""ticker"":""KXBTC15M-26APR271730-30"",""trade_id"":""d64ef528-43a1-78b3-2995-154ce43b2262"",""yes_price_dollars"":""0.4500""}"
KXBTC15M-26APR271730-30,c93a2883-eb6d-506f-3211-dbd39414a59a,1777324527,0.45,2.0,yes,"{""count_fp"":""2.00"",""created_time"":""2026-04-27T21:15:27.333417Z"",""no_price_dollars"":""0.5500"",""taker_side"":""yes"",""ticker"":""KXBTC15M-26APR271730-30"",""trade_id"":""c93a2883-eb6d-506f-3211-dbd39414a59a"",""yes_price_dollars"":""0.4500""}"
KXBTC15M-26APR271730-30,61ce0175-2b4c-4dfb-0b4a-a0a2f556ae9c,1777324527,0.44,86.61,no,"{""count_fp"":""86.61"",""created_time"":""2026-04-27T21:15:27.324786Z"",""no_price_dollars"":""0.5600"",""taker_side"":""no"",""ticker"":""KXBTC15M-26APR271730-30"",""trade_id"":""61ce0175-2b4c-4dfb-0b4a-a0a2f556ae9c"",""yes_price_dollars"":""0.4400""}"
KXBTC15M-26APR271730-30,d91fd505-abc9-7e5f-8242-f536c538efd2,1777324527,0.45,42.79,yes,"{""count_fp"":""42.79"",""created_time"":""2026-04-27T21:15:27.324072Z"",""no_price_dollars"":""0.5500"",""taker_side"":""yes"",""ticker"":""KXBTC15M-26APR271730-30"",""trade_id"":""d91fd505-abc9-7e5f-8242-f536c538efd2"",""yes_price_dollars"":""0.4500""}"
KXBTC15M-26APR271730-30,168ad0fb-2200-58c7-803d-48163f615bb4,1777324527,0.44,1.73,no,"{""count_fp"":""1.73"",""created_time"":""2026-04-27T21:15:27.175571Z"",""no_price_dollars"":""0.5600"",""taker_side"":""no"",""ticker"":""KXBTC15M-26APR271730-30"",""trade_id"":""168ad0fb-2200-58c7-803d-48163f615bb4"",""yes_price_dollars"":""0.4400""}"
KXBTC15M-26APR271730-30,87dc405d-4041-61a3-88d7-bebae168da12,1777324527,0.45,5.0,yes,"{""count_fp"":""5.00"",""created_time"":""2026-04-27T21:15:27.064826Z"",""no_price_dollars"":""0.5500"",""taker_side"":""yes"",""ticker"":""KXBTC15M-26APR271730-30"",""trade_id"":""87dc405d-4041-61a3-88d7-bebae168da12"",""yes_price_dollars"":""0.4500""}"
KXBTC15M-26APR271730-30,7df5544c-d1ed-762f-e06e-e73ec999ea22,1777324528,0.45,42.79,yes,"{""count_fp"":""42.79"",""created_time"":""2026-04-27T21:15:28.989595Z"",""no_price_dollars"":""0.5500"",""taker_side"":""yes"",""ticker"":""KXBTC15M-26APR271730-30"",""trade_id"":""7df5544c-d1ed-762f-e06e-e73ec999ea22"",""yes_price_dollars"":""0.4500""}"
KXBTC15M-26APR271730-30,84315ed9-61bd-6ab7-3b22-bb7c44907c8e,1777324528,0.45,32.09,yes,"{""count_fp"":""32.09"",""created_time"":""2026-04-27T21:15:28.670263Z"",""no_price_dollars"":""0.5500"",""taker_side"":""yes"",""ticker"":""KXBTC15M-26APR271730-30"",""trade_id"":""84315ed9-61bd-6ab7-3b22-bb7c44907c8e"",""yes_price_dollars"":""0.4500""}"
KXBTC15M-26APR271730-30,6e84c6bf-2c6d-4157-5ff1-b82ea2ed177a,1777324528,0.45,10.67,yes,"{""count_fp"":""10.67"",""created_time"":""2026-04-27T21:15:28.528012Z"",""no_price_dollars"":""0.5500"",""taker_side"":""yes"",""ticker"":""KXBTC15M-26APR271730-30"",""trade_id"":""6e84c6bf-2c6d-4157-5ff1-b82ea2ed177a"",""yes_price_dollars"":""0.4500""}"
KXBTC15M-26APR271730-30,447532ab-4bbc-4d6b-1dae-9b1d8c565778,1777324528,0.44,1.0,no,"{""count_fp"":""1.00"",""created_time"":""2026-04-27T21:15:28.245111Z"",""no_price_dollars"":""0.5600"",""taker_side"":""no"",""ticker"":""KXBTC15M-26APR271730-30"",""trade_id"":""447532ab-4bbc-4d6b-1dae-9b1d8c565778"",""yes_price_dollars"":""0.4400""}"
KXBTC15M-26APR271730-30,aea11ab0-81ec-76a6-958a-4710f58eccc9,1777324529,0.45,1.73,no,"{""count_fp"":""1.73"",""created_time"":""2026-04-27T21:15:29.820678Z"",""no_price_dollars"":""0.5500"",""taker_side"":""no"",""ticker"":""KXBTC15M-26APR271730-30"",""trade_id"":""aea11ab0-81ec-76a6-958a-4710f58eccc9"",""yes_price_dollars"":""0.4500""}"
KXBTC15M-26APR271730-30,e9150651-fa2b-4f48-a7f1-4d2883cbd726,1777324529,0.46,38.0,yes,"{""count_fp"":""38.00"",""created_time"":""2026-04-27T21:15:29.216857Z"",""no_price_dollars"":""0.5400"",""taker_side"":""yes"",""ticker"":""KXBTC15M-26APR271730-30"",""trade_id"":""e9150651-fa2b-4f48-a7f1-4d2883cbd726"",""yes_price_dollars"":""0.4600""}"
KXBTC15M-26APR271730-30,c77e4373-87b2-47e6-b283-0784e4cc86ee,1777324529,0.46,40.0,yes,"{""count_fp"":""40.00"",""created_time"":""2026-04-27T21:15:29.216857Z"",""no_price_dollars"":""0.5400"",""taker_side"":""yes"",""ticker"":""KXBTC15M-26APR271730-30"",""trade_id"":""c77e4373-87b2-47e6-b283-0784e4cc86ee"",""yes_price_dollars"":""0.4600""}"
KXBTC15M-26APR271730-30,bbdde08a-5a99-418b-b535-c736771a4e52,1777324529,0.45,2.39,yes,"{""count_fp"":""2.39"",""created_time"":""2026-04-27T21:15:29.216857Z"",""no_price_dollars"":""0.5500"",""taker_side"":""yes"",""ticker"":""KXBTC15M-26APR271730-30"",""trade_id"":""bbdde08a-5a99-418b-b535-c736771a4e52"",""yes_price_dollars"":""0.4500""}"
KXBTC15M-26APR271730-30,8e6faf4e-dcf5-4e13-a029-2ddc98bedd40,1777324529,0.45,10.0,yes,"{""count_fp"":""10.00"",""created_time"":""2026-04-27T21:15:29.216857Z"",""no_price_dollars"":""0.5500"",""taker_side"":""yes"",""ticker"":""KXBTC15M-26APR271730-30"",""trade_id"":""8e6faf4e-dcf5-4e13-a029-2ddc98bedd40"",""yes_price_dollars"":""0.4500""}"
KXBTC15M-26APR271730-30,62c608c7-1008-44a8-ba5a-be7c6b1e713f,1777324529,0.46,91.88,yes,"{""count_fp"":""91.88"",""created_time"":""2026-04-27T21:15:29.216857Z"",""no_price_dollars"":""0.5400"",""taker_side"":""yes"",""ticker"":""KXBTC15M-26APR271730-30"",""trade_id"":""62c608c7-1008-44a8-ba5a-be7c6b1e713f"",""yes_price_dollars"":""0.4600""}"
KXBTC15M-26APR271730-30,030a7415-5968-467a-880e-10e2757aaab8,1777324529,0.45,30.0,yes,"{""count_fp"":""30.00"",""created_time"":""2026-04-27T21:15:29.216857Z"",""no_price_dollars"":""0.5500"",""taker_side"":""yes"",""ticker"":""KXBTC15M-26APR271730-30"",""trade_id"":""030a7415-5968-467a-880e-10e2757aaab8"",""yes_price_dollars"":""0.4500""}"
KXBTC15M-26APR271730-30,0bc6bcb5-350d-5bcf-261a-c18f86c469e2,1777324529,0.45,2.0,yes,"{""count_fp"":""2.00"",""created_time"":""2026-04-27T21:15:29.094022Z"",""no_price_dollars"":""0.5500"",""taker_side"":""yes"",""ticker"":""KXBTC15M-26APR271730-30"",""trade_id"":""0bc6bcb5-350d-5bcf-261a-c18f86c469e2"",""yes_price_dollars"":""0.4500""}"
KXBTC15M-26APR271730-30,5af50480-8771-72cc-006b-c649f4c66b0d,1777324530,0.45,2.0,no,"{""count_fp"":""2.00"",""created_time"":""2026-04-27T21:15:30.951382Z"",""no_price_dollars"":""0.5500"",""taker_side"":""no"",""ticker"":""KXBTC15M-26APR271730-30"",""trade_id"":""5af50480-8771-72cc-006b-c649f4c66b0d"",""yes_price_dollars"":""0.4500""}"
KXBTC15M-26APR271730-30,cd6384a6-7931-40d0-35b9-836743b6b249,1777324530,0.45,23.66,no,"{""count_fp"":""23.66"",""created_time"":""2026-04-27T21:15:30.748982Z"",""no_price_dollars"":""0.5500"",""taker_side"":""no"",""ticker"":""KXBTC15M-26APR271730-30"",""trade_id"":""cd6384a6-7931-40d0-35b9-836743b6b249"",""yes_price_dollars"":""0.4500""}"
KXBTC15M-26APR271730-30,68972b73-28f9-4170-2aa5-e04d2d858c63,1777324530,0.45,1.22,no,"{""count_fp"":""1.22"",""created_time"":""2026-04-27T21:15:30.748982Z"",""no_price_dollars"":""0.5500"",""taker_side"":""no"",""ticker"":""KXBTC15M-26APR271730-30"",""trade_id"":""68972b73-28f9-4170-2aa5-e04d2d858c63"",""yes_price_dollars"":""0.4500""}"
KXBTC15M-26APR271730-30,56f0a712-fe2f-4814-255a-e686a71cc20a,1777324530,0.45,40.0,no,"{""count_fp"":""40.00"",""created_time"":""2026-04-27T21:15:30.748982Z"",""no_price_dollars"":""0.5500"",""taker_side"":""no"",""ticker"":""KXBTC15M-26APR271730-30"",""trade_id"":""56f0a712-fe2f-4814-255a-e686a71cc20a"",""yes_price_dollars"":""0.4500""}"
KXBTC15M-26APR271730-30,32b55448-5ac8-4d48-2dbf-db41d6c5777f,1777324530,0.45,10.0,no,"{""count_fp"":""10.00"",""created_time"":""2026-04-27T21:15:30.748982Z"",""no_price_dollars"":""0.5500"",""taker_side"":""no"",""ticker"":""KXBTC15M-26APR271730-30"",""trade_id"":""32b55448-5ac8-4d48-2dbf-db41d6c5777f"",""yes_price_dollars"":""0.4500""}"
KXBTC15M-26APR271730-30,31cd34ec-ccdd-4219-022e-5b6e38db8774,1777324530,0.45,10.0,no,"{""count_fp"":""10.00"",""created_time"":""2026-04-27T21:15:30.748982Z"",""no_price_dollars"":""0.5500"",""taker_side"":""no"",""ticker"":""KXBTC15M-26APR271730-30"",""trade_id"":""31cd34ec-ccdd-4219-022e-5b6e38db8774"",""yes_price_dollars"":""0.4500""}"
KXBTC15M-26APR271730-30,f0af21a2-eaec-45cc-3757-d3aa33237a0b,1777324530,0.46,1.84,yes,"{""count_fp"":""1.84"",""created_time"":""2026-04-27T21:15:30.700947Z"",""no_price_dollars"":""0.5400"",""taker_side"":""yes"",""ticker"":""KXBTC15M-26APR271730-30"",""trade_id"":""f0af21a2-eaec-45cc-3757-d3aa33237a0b"",""yes_price_dollars"":""0.4600""}"
KXBTC15M-26APR271730-30,65b69558-8b63-43f8-0d2d-ae8f8fe5e35a,1777324530,0.46,1.3,yes,"{""count_fp"":""1.30"",""created_time"":""2026-04-27T21:15:30.700947Z"",""no_price_dollars"":""0.5400"",""taker_side"":""yes"",""ticker"":""KXBTC15M-26APR271730-30"",""trade_id"":""65b69558-8b63-43f8-0d2d-ae8f8fe5e35a"",""yes_price_dollars"":""0.4600""}"
KXBTC15M-26APR271730-30,505cfea5-b1e8-7cb0-eb04-d8c440c1e43f,1777324530,0.46,6.28,yes,"{""count_fp"":""6.28"",""created_time"":""2026-04-27T21:15:30.373175Z"",""no_price_dollars"":""0.5400"",""taker_side"":""yes"",""ticker"":""KXBTC15M-26APR271730-30"",""trade_id"":""505cfea5-b1e8-7cb0-eb04-d8c440c1e43f"",""yes_price_dollars"":""0.4600""}"
KXBTC15M-26APR271730-30,381ba1dd-6195-5887-ac1d-9d9c3d9eb728,1777324531,0.45,8.37,yes,"{""count_fp"":""8.37"",""created_time"":""2026-04-27T21:15:31.866516Z"",""no_price_dollars"":""0.5500"",""taker_side"":""yes"",""ticker"":""KXBTC15M-26APR271730-30"",""trade_id"":""381ba1dd-6195-5887-ac1d-9d9c3d9eb728"",""yes_price_dollars"":""0.4500""}"
KXBTC15M-26APR271730-30,f5f208c8-7aa8-7497-4f38-23860aa4ef60,1777324531,0.44,7.39,no,"{""count_fp"":""7.39"",""created_time"":""2026-04-27T21:15:31.616526Z"",""no_price_dollars"":""0.5600"",""taker_side"":""no"",""ticker"":""KXBTC15M-26APR271730-30"",""trade_id"":""f5f208c8-7aa8-7497-4f38-23860aa4ef60"",""yes_price_dollars"":""0.4400""}"
KXBTC15M-26APR271730-30,d5bbca6a-3b53-7905-4def-ad622fe62d21,1777324531,0.45,0.24,no,"{""count_fp"":""0.24"",""created_time"":""2026-04-27T21:15:31.616526Z"",""no_price_dollars"":""0.5500"",""taker_side"":""no"",""ticker"":""KXBTC15M-26APR271730-30"",""trade_id"":""d5bbca6a-3b53-7905-4def-ad622fe62d21"",""yes_price_dollars"":""0.4500""}"
KXBTC15M-26APR271730-30,a65c685d-b616-7290-716e-a3328fd74d25,1777324531,0.45,1.0,no,"{""count_fp"":""1.00"",""created_time"":""2026-04-27T21:15:31.616526Z"",""no_price_dollars"":""0.5500"",""taker_side"":""no"",""ticker"":""KXBTC15M-26APR271730-30"",""trade_id"":""a65c685d-b616-7290-716e-a3328fd74d25"",""yes_price_dollars"":""0.4500""}"
KXBTC15M-26APR271730-30,80a5d114-985f-7c7c-083f-19f4bb58613a,1777324531,0.46,20.0,yes,"{""count_fp"":""20.00"",""created_time"":""2026-04-27T21:15:31.388482Z"",""no_price_dollars"":""0.5400"",""taker_side"":""yes"",""ticker"":""KXBTC15M-26APR271730-30"",""trade_id"":""80a5d114-985f-7c7c-083f-19f4bb58613a"",""yes_price_dollars"":""0.4600""}"
KXBTC15M-26APR271730-30,fee5e90b-32af-788c-3b1f-fb7e7bffbede,1777324531,0.46,1.0,yes,"{""count_fp"":""1.00"",""created_time"":""2026-04-27T21:15:31.221202Z"",""no_price_dollars"":""0.5400"",""taker_side"":""yes"",""ticker"":""KXBTC15M-26APR271730-30"",""trade_id"":""fee5e90b-32af-788c-3b1f-fb7e7bffbede"",""yes_price_dollars"":""0.4600""}"
KXBTC15M-26APR271730-30,241371fb-efa1-522b-72b7-6b87c6d9b360,1777324532,0.45,2.13,yes,"{""count_fp"":""2.13"",""created_time"":""2026-04-27T21:15:32.865398Z"",""no_price_dollars"":""0.5500"",""taker_side"":""yes"",""ticker"":""KXBTC15M-26APR271730-30"",""trade_id"":""241371fb-efa1-522b-72b7-6b87c6d9b360"",""yes_price_dollars"":""0.4500""}"
KXBTC15M-26APR271730-30,eb20c88f-3be5-4b9b-d681-0a2796352784,1777324532,0.45,3.13,yes,"{""count_fp"":""3.13"",""created_time"":""2026-04-27T21:15:32.757576Z"",""no_price_dollars"":""0.5500"",""taker_side"":""yes"",""ticker"":""KXBTC15M-26APR271730-30"",""trade_id"":""eb20c88f-3be5-4b9b-d681-0a2796352784"",""yes_price_dollars"":""0.4500""}"
KXBTC15M-26APR271730-30,48bb90a5-0368-7723-6c40-cc587a7c28b0,1777324532,0.44,17.26,no,"{""count_fp"":""17.26"",""created_time"":""2026-04-27T21:15:32.614929Z"",""no_price_dollars"":""0.5600"",""taker_side"":""no"",""ticker"":""KXBTC15M-26APR271730-30"",""trade_id"":""48bb90a5-0368-7723-6c40-cc587a7c28b0"",""yes_price_dollars"":""0.4400""}"
KXBTC15M-26APR271730-30,ba72647c-b7a9-7aab-0149-46e03f8af2a4,1777324532,0.45,4.18,yes,"{""count_fp"":""4.18"",""created_time"":""2026-04-27T21:15:32.443216Z"",""no_price_dollars"":""0.5500"",""taker_side"":""yes"",""ticker"":""KXBTC15M-26APR271730-30"",""trade_id"":""ba72647c-b7a9-7aab-0149-46e03f8af2a4"",""yes_price_dollars"":""0.4500""}"
KXBTC15M-26APR271730-30,69e09a0c-13d8-6537-d97d-78c5ff8bec00,1777324532,0.44,51.15,no,"{""count_fp"":""51.15"",""created_time"":""2026-04-27T21:15:32.433428Z"",""no_price_dollars"":""0.5600"",""taker_side"":""no"",""ticker"":""KXBTC15M-26APR271730-30"",""trade_id"":""69e09a0c-13d8-6537-d97d-78c5ff8bec00"",""yes_price_dollars"":""0.4400""}"
KXBTC15M-26APR271730-30,e6b7f006-31b0-5fcf-28c8-82382fc67890,1777324532,0.44,60.3,no,"{""count_fp"":""60.30"",""created_time"":""2026-04-27T21:15:32.360774Z"",""no_price_dollars"":""0.5600"",""taker_side"":""no"",""ticker"":""KXBTC15M-26APR271730-30"",""trade_id"":""e6b7f006-31b0-5fcf-28c8-82382fc67890"",""yes_price_dollars"":""0.4400""}"
KXBTC15M-26APR271730-30,c8556833-e804-7a03-e780-2f052583cf94,1777324532,0.44,8.63,no,"{""count_fp"":""8.63"",""created_time"":""2026-04-27T21:15:32.313728Z"",""no_price_dollars"":""0.5600"",""taker_side"":""no"",""ticker"":""KXBTC15M-26APR271730-30"",""trade_id"":""c8556833-e804-7a03-e780-2f052583cf94"",""yes_price_dollars"":""0.4400""}"
KXBTC15M-26APR271730-30,803a31e2-83b1-55eb-7ca9-87c41fb9b4fc,1777324532,0.45,41.89,yes,"{""count_fp"":""41.89"",""created_time"":""2026-04-27T21:15:32.097032Z"",""no_price_dollars"":""0.5500"",""taker_side"":""yes"",""ticker"":""KXBTC15M-26APR271730-30"",""trade_id"":""803a31e2-83b1-55eb-7ca9-87c41fb9b4fc"",""yes_price_dollars"":""0.4500""}"
KXBTC15M-26APR271730-30,8943b6e2-6689-6a5b-e64e-657632743380,1777324533,0.45,192.58,yes,"{""count_fp"":""192.58"",""created_time"":""2026-04-27T21:15:33.936214Z"",""no_price_dollars"":""0.5500"",""taker_side"":""yes"",""ticker"":""KXBTC15M-26APR271730-30"",""trade_id"":""8943b6e2-6689-6a5b-e64e-657632743380"",""yes_price_dollars"":""0.4500""}"
KXBTC15M-26APR271730-30,844cbb26-6041-6457-f562-9f57c71a82e8,1777324533,0.45,42.79,yes,"{""count_fp"":""42.79"",""created_time"":""2026-04-27T21:15:33.602586Z"",""no_price_dollars"":""0.5500"",""taker_side"":""yes"",""ticker"":""KXBTC15M-26APR271730-30"",""trade_id"":""844cbb26-6041-6457-f562-9f57c71a82e8"",""yes_price_dollars"":""0.4500""}"
KXBTC15M-26APR271730-30,28107425-de3d-65e7-c5c6-e10852afd078,1777324533,0.45,1.06,yes,"{""count_fp"":""1.06"",""created_time"":""2026-04-27T21:15:33.312311Z"",""no_price_dollars"":""0.5500"",""taker_side"":""yes"",""ticker"":""KXBTC15M-26APR271730-30"",""trade_id"":""28107425-de3d-65e7-c5c6-e10852afd078"",""yes_price_dollars"":""0.4500""}"
KXBTC15M-26APR271730-30,991662fb-9760-65e3-f20e-f189389cd7e8,1777324534,0.44,1.68,no,"{""count_fp"":""1.68"",""created_time"":""2026-04-27T21:15:34.579477Z"",""no_price_dollars"":""0.5600"",""taker_side"":""no"",""ticker"":""KXBTC15M-26APR271730-30"",""trade_id"":""991662fb-9760-65e3-f20e-f189389cd7e8"",""yes_price_dollars"":""0.4400""}"
KXBTC15M-26APR271730-30,c383b2b7-f335-5d43-6d7e-467a247ab6bc,1777324534,0.45,10.69,yes,"{""count_fp"":""10.69"",""created_time"":""2026-04-27T21:15:34.490799Z"",""no_price_dollars"":""0.5500"",""taker_side"":""yes"",""ticker"":""KXBTC15M-26APR271730-30"",""trade_id"":""c383b2b7-f335-5d43-6d7e-467a247ab6bc"",""yes_price_dollars"":""0.4500""}"
KXBTC15M-26APR271730-30,0d3c9946-97f8-43f9-5cb7-af938fe605b9,1777324535,0.45,32.0,yes,"{""count_fp"":""32.00"",""created_time"":""2026-04-27T21:15:35.678937Z"",""no_price_dollars"":""0.5500"",""taker_side"":""yes"",""ticker"":""KXBTC15M-26APR271730-30"",""trade_id"":""0d3c9946-97f8-43f9-5cb7-af938fe605b9"",""yes_price_dollars"":""0.4500""}"
KXBTC15M-26APR271730-30,fb87768a-ec5c-4e15-85d2-b44821075521,1777324535,0.45,41.79,yes,"{""count_fp"":""41.79"",""created_time"":""2026-04-27T21:15:35.159937Z"",""no_price_dollars"":""0.5500"",""taker_side"":""yes"",""ticker"":""KXBTC15M-26APR271730-30"",""trade_id"":""fb87768a-ec5c-4e15-85d2-b44821075521"",""yes_price_dollars"":""0.4500""}"
KXBTC15M-26APR271730-30,f7662ce6-1f5b-4d0c-8286-a9eb07b13b05,1777324535,0.45,1.0,yes,"{""count_fp"":""1.00"",""created_time"":""2026-04-27T21:15:35.159937Z"",""no_price_dollars"":""0.5500"",""taker_side"":""yes"",""ticker"":""KXBTC15M-26APR271730-30"",""trade_id"":""f7662ce6-1f5b-4d0c-8286-a9eb07b13b05"",""yes_price_dollars"":""0.4500""}"
KXBTC15M-26APR271730-30,e52b79d8-35e0-7388-faa8-4d860a081c84,1777324535,0.46,56.71,yes,"{""count_fp"":""56.71"",""created_time"":""2026-04-27T21:15:35.061743Z"",""no_price_dollars"":""0.5400"",""taker_side"":""yes"",""ticker"":""KXBTC15M-26APR271730-30"",""trade_id"":""e52b79d8-35e0-7388-faa8-4d860a081c84"",""yes_price_dollars"":""0.4600""}"
KXBTC15M-26APR271730-30,aaaed1b2-c106-7cec-dc8b-863fb88d42d5,1777324535,0.45,30.0,yes,"{""count_fp"":""30.00"",""created_time"":""2026-04-27T21:15:35.061743Z"",""no_price_dollars"":""0.5500"",""taker_side"":""yes"",""ticker"":""KXBTC15M-26APR271730-30"",""trade_id"":""aaaed1b2-c106-7cec-dc8b-863fb88d42d5"",""yes_price_dollars"":""0.4500""}"
KXBTC15M-26APR271730-30,18ac4eeb-6de1-76a3-c9a5-daf5273fa8c4,1777324535,0.45,53.78,yes,"{""count_fp"":""53.78"",""created_time"":""2026-04-27T21:15:35.061743Z"",""no_price_dollars"":""0.5500"",""taker_side"":""yes"",""ticker"":""KXBTC15M-26APR271730-30"",""trade_id"":""18ac4eeb-6de1-76a3-c9a5-daf5273fa8c4"",""yes_price_dollars"":""0.4500""}"
KXBTC15M-26APR271730-30,a80509d0-26dc-6f1d-4b82-35d0eaa42211,1777324536,0.45,21.39,yes,"{""count_fp"":""21.39"",""created_time"":""2026-04-27T21:15:36.360395Z"",""no_price_dollars"":""0.5500"",""taker_side"":""yes"",""ticker"":""KXBTC15M-26APR271730-30"",""trade_id"":""a80509d0-26dc-6f1d-4b82-35d0eaa42211"",""yes_price_dollars"":""0.4500""}"
KXBTC15M-26APR271730-30,5062b1e6-7144-7afb-8206-73614dcccc30,1777324536,0.44,1.73,no,"{""count_fp"":""1.73"",""created_time"":""2026-04-27T21:15:36.010307Z"",""no_price_dollars"":""0.5600"",""taker_side"":""no"",""ticker"":""KXBTC15M-26APR271730-30"",""trade_id"":""5062b1e6-7144-7afb-8206-73614dcccc30"",""yes_price_dollars"":""0.4400""}"
KXBTC15M-26APR271730-30,07c7304c-6454-6745-a12a-fe6b695d4e2d,1777324537,0.45,2.09,yes,"{""count_fp"":""2.09"",""created_time"":""2026-04-27T21:15:37.942726Z"",""no_price_dollars"":""0.5500"",""taker_side"":""yes"",""ticker"":""KXBTC15M-26APR271730-30"",""trade_id"":""07c7304c-6454-6745-a12a-fe6b695d4e2d"",""yes_price_dollars"":""0.4500""}"
KXBTC15M-26APR271730-30,b59736b4-fbe4-6815-e9a6-523f6cd870ad,1777324537,0.45,1.06,yes,"{""count_fp"":""1.06"",""created_time"":""2026-04-27T21:15:37.671317Z"",""no_price_dollars"":""0.5500"",""taker_side"":""yes"",""ticker"":""KXBTC15M-26APR271730-30"",""trade_id"":""b59736b4-fbe4-6815-e9a6-523f6cd870ad"",""yes_price_dollars"":""0.4500""}"
KXBTC15M-26APR271730-30,15b60089-817c-4e77-a7d5-eae241997d3c,1777324537,0.44,17.32,no,"{""count_fp"":""17.32"",""created_time"":""2026-04-27T21:15:37.359153Z"",""no_price_dollars"":""0.5600"",""taker_side"":""no"",""ticker"":""KXBTC15M-26APR271730-30"",""trade_id"":""15b60089-817c-4e77-a7d5-eae241997d3c"",""yes_price_dollars"":""0.4400""}"
KXBTC15M-26APR271730-30,e9dc2e34-d268-79e9-1660-01bedff144f5,1777324538,0.45,64.19,yes,"{""count_fp"":""64.19"",""created_time"":""2026-04-27T21:15:38.936812Z"",""no_price_dollars"":""0.5500"",""taker_side"":""yes"",""ticker"":""KXBTC15M-26APR271730-30"",""trade_id"":""e9dc2e34-d268-79e9-1660-01bedff144f5"",""yes_price_dollars"":""0.4500""}"
KXBTC15M-26APR271730-30,f181a47e-d4b0-74cf-385b-d1baa3222708,1777324538,0.44,1.0,no,"{""count_fp"":""1.00"",""created_time"":""2026-04-27T21:15:38.915249Z"",""no_price_dollars"":""0.5600"",""taker_side"":""no"",""ticker"":""KXBTC15M-26APR271730-30"",""trade_id"":""f181a47e-d4b0-74cf-385b-d1baa3222708"",""yes_price_dollars"":""0.4400""}"
KXBTC15M-26APR271730-30,45ac0099-8524-48bd-53ea-311140b33119,1777324538,0.45,77.03,yes,"{""count_fp"":""77.03"",""created_time"":""2026-04-27T21:15:38.413443Z"",""no_price_dollars"":""0.5500"",""taker_side"":""yes"",""ticker"":""KXBTC15M-26APR271730-30"",""trade_id"":""45ac0099-8524-48bd-53ea-311140b33119"",""yes_price_dollars"":""0.4500""}"
KXBTC15M-26APR271730-30,6e984e4e-8a24-7e73-cc89-1d40eb760a24,1777324538,0.44,0.32,no,"{""count_fp"":""0.32"",""created_time"":""2026-04-27T21:15:38.407595Z"",""no_price_dollars"":""0.5600"",""taker_side"":""no"",""ticker"":""KXBTC15M-26APR271730-30"",""trade_id"":""6e984e4e-8a24-7e73-cc89-1d40eb760a24"",""yes_price_dollars"":""0.4400""}"
KXBTC15M-26APR271730-30,2fcc8f62-c528-714d-3bc0-5502e98bd289,1777324539,0.45,21.37,yes,"{""count_fp"":""21.37"",""created_time"":""2026-04-27T21:15:39.743591Z"",""no_price_dollars"":""0.5500"",""taker_side"":""yes"",""ticker"":""KXBTC15M-26APR271730-30"",""trade_id"":""2fcc8f62-c528-714d-3bc0-5502e98bd289"",""yes_price_dollars"":""0.4500""}"
KXBTC15M-26APR271730-30,c3dd1c2f-a560-4109-186b-102457c76669,1777324539,0.45,19.25,yes,"{""count_fp"":""19.25"",""created_time"":""2026-04-27T21:15:39.675467Z"",""no_price_dollars"":""0.5500"",""taker_side"":""yes"",""ticker"":""KXBTC15M-26APR271730-30"",""trade_id"":""c3dd1c2f-a560-4109-186b-102457c76669"",""yes_price_dollars"":""0.4500""}"
KXBTC15M-26APR271730-30,0cd51f29-abfc-7f81-5ac7-fab9fa72f3a9,1777324539,0.45,64.19,yes,"{""count_fp"":""64.19"",""created_time"":""2026-04-27T21:15:39.527198Z"",""no_price_dollars"":""0.5500"",""taker_side"":""yes"",""ticker"":""KXBTC15M-26APR271730-30"",""trade_id"":""0cd51f29-abfc-7f81-5ac7-fab9fa72f3a9"",""yes_price_dollars"":""0.4500""}"
KXBTC15M-26APR271730-30,b78e9fce-67dc-4bfb-ced8-bbddd50effa8,1777324539,0.44,8.66,no,"{""count_fp"":""8.66"",""created_time"":""2026-04-27T21:15:39.223991Z"",""no_price_dollars"":""0.5600"",""taker_side"":""no"",""ticker"":""KXBTC15M-26APR271730-30"",""trade_id"":""b78e9fce-67dc-4bfb-ced8-bbddd50effa8"",""yes_price_dollars"":""0.4400""}"
KXBTC15M-26APR271730-30,934bc840-7e64-6597-8d04-da767ce63a30,1777324539,0.44,1.0,no,"{""count_fp"":""1.00"",""created_time"":""2026-04-27T21:15:39.162486Z"",""no_price_dollars"":""0.5600"",""taker_side"":""no"",""ticker"":""KXBTC15M-26APR271730-30"",""trade_id"":""934bc840-7e64-6597-8d04-da767ce63a30"",""yes_price_dollars"":""0.4400""}"
KXBTC15M-26APR271730-30,de7d355a-dd88-770f-088e-4182f2ac8cec,1777324540,0.44,1.73,no,"{""count_fp"":""1.73"",""created_time"":""2026-04-27T21:15:40.716197Z"",""no_price_dollars"":""0.5600"",""taker_side"":""no"",""ticker"":""KXBTC15M-26APR271730-30"",""trade_id"":""de7d355a-dd88-770f-088e-4182f2ac8cec"",""yes_price_dollars"":""0.4400""}"
KXBTC15M-26APR271730-30,8e181016-b8ec-7767-635f-57b3bfc29cfc,1777324540,0.44,27.71,no,"{""count_fp"":""27.71"",""created_time"":""2026-04-27T21:15:40.225845Z"",""no_price_dollars"":""0.5600"",""taker_side"":""no"",""ticker"":""KXBTC15M-26APR271730-30"",""trade_id"":""8e181016-b8ec-7767-635f-57b3bfc29cfc"",""yes_price_dollars"":""0.4400""}"
KXBTC15M-26APR271730-30,82c2d759-dbb0-5d87-ab8b-823b57ab5408,1777324540,0.44,12.64,no,"{""count_fp"":""12.64"",""created_time"":""2026-04-27T21:15:40.043003Z"",""no_price_dollars"":""0.5600"",""taker_side"":""no"",""ticker"":""KXBTC15M-26APR271730-30"",""trade_id"":""82c2d759-dbb0-5d87-ab8b-823b57ab5408"",""yes_price_dollars"":""0.4400""}"
KXBTC15M-26APR271730-30,f1aa8b3d-4a28-402d-75dd-342008612001,1777324541,0.45,42.79,yes,"{""count_fp"":""42.79"",""created_time"":""2026-04-27T21:15:41.609095Z"",""no_price_dollars"":""0.5500"",""taker_side"":""yes"",""ticker"":""KXBTC15M-26APR271730-30"",""trade_id"":""f1aa8b3d-4a28-402d-75dd-342008612001"",""yes_price_dollars"":""0.4500""}"
KXBTC15M-26APR271730-30,ebfab530-b5a0-7b97-975d-81f2a0c722f8,1777324541,0.44,5.0,no,"{""count_fp"":""5.00"",""created_time"":""2026-04-27T21:15:41.392654Z"",""no_price_dollars"":""0.5600"",""taker_side"":""no"",""ticker"":""KXBTC15M-26APR271730-30"",""trade_id"":""ebfab530-b5a0-7b97-975d-81f2a0c722f8"",""yes_price_dollars"":""0.4400""}"
KXBTC15M-26APR271730-30,1db60dce-a964-5d09-dcc1-2cba9036d509,1777324541,0.45,2.13,yes,"{""count_fp"":""2.13"",""created_time"":""2026-04-27T21:15:41.280509Z"",""no_price_dollars"":""0.5500"",""taker_side"":""yes"",""ticker"":""KXBTC15M-26APR271730-30"",""trade_id"":""1db60dce-a964-5d09-dcc1-2cba9036d509"",""yes_price_dollars"":""0.4500""}"
KXBTC15M-26APR271730-30,881804cd-bc14-50fd-8982-d127d8d74071,1777324541,0.45,5.34,yes,"{""count_fp"":""5.34"",""created_time"":""2026-04-27T21:15:41.265389Z"",""no_price_dollars"":""0.5500"",""taker_side"":""yes"",""ticker"":""KXBTC15M-26APR271730-30"",""trade_id"":""881804cd-bc14-50fd-8982-d127d8d74071"",""yes_price_dollars"":""0.4500""}"
KXBTC15M-26APR271730-30,ead8c57d-29a1-5dd6-3bcd-55f3433a51f2,1777324542,0.47,110.0,yes,"{""count_fp"":""110.00"",""created_time"":""2026-04-27T21:15:42.466974Z"",""no_price_dollars"":""0.5300"",""taker_side"":""yes"",""ticker"":""KXBTC15M-26APR271730-30"",""trade_id"":""ead8c57d-29a1-5dd6-3bcd-55f3433a51f2"",""yes_price_dollars"":""0.4700""}"
KXBTC15M-26APR271730-30,e8dafbd5-82a1-5aa6-1c2b-f4e24cd38f5d,1777324542,0.46,2.0,yes,"{""count_fp"":""2.00"",""created_time"":""2026-04-27T21:15:42.466974Z"",""no_price_dollars"":""0.5400"",""taker_side"":""yes"",""ticker"":""KXBTC15M-26APR271730-30"",""trade_id"":""e8dafbd5-82a1-5aa6-1c2b-f4e24cd38f5d"",""yes_price_dollars"":""0.4600""}"
