ticker,trade_id,ts,yes_price,count,taker_side,raw_json
KXBTC15M-26APR271515-15,7dcdcb69-cf90-5f38-082d-25c8ab7ba419,1777316400,0.41,20.0,no,"{""count_fp"":""20.00"",""created_time"":""2026-04-27T19:00:00.745626Z"",""no_price_dollars"":""0.5900"",""taker_side"":""no"",""ticker"":""KXBTC15M-26APR271515-15"",""trade_id"":""7dcdcb69-cf90-5f38-082d-25c8ab7ba419"",""yes_price_dollars"":""0.4100""}"
KXBTC15M-26APR271515-15,92c323fe-e6fe-575f-7576-a96a5d4cfa1b,1777316401,0.4,1.0,yes,"{""count_fp"":""1.00"",""created_time"":""2026-04-27T19:00:01.016712Z"",""no_price_dollars"":""0.6000"",""taker_side"":""yes"",""ticker"":""KXBTC15M-26APR271515-15"",""trade_id"":""92c323fe-e6fe-575f-7576-a96a5d4cfa1b"",""yes_price_dollars"":""0.4000""}"
KXBTC15M-26APR271515-15,0ad0c8de-f8b2-4aab-1ced-adc5b024c22b,1777316402,0.41,1.0,yes,"{""count_fp"":""1.00"",""created_time"":""2026-04-27T19:00:02.075901Z"",""no_price_dollars"":""0.5900"",""taker_side"":""yes"",""ticker"":""KXBTC15M-26APR271515-15"",""trade_id"":""0ad0c8de-f8b2-4aab-1ced-adc5b024c22b"",""yes_price_dollars"":""0.4100""}"
KXBTC15M-26APR271515-15,d89b5311-4a9c-5ad7-deb4-a48ebf435a1c,1777316403,0.4,4.0,yes,"{""count_fp"":""4.00"",""created_time"":""2026-04-27T19:00:03.960099Z"",""no_price_dollars"":""0.6000"",""taker_side"":""yes"",""ticker"":""KXBTC15M-26APR271515-15"",""trade_id"":""d89b5311-4a9c-5ad7-deb4-a48ebf435a1c"",""yes_price_dollars"":""0.4000""}"
KXBTC15M-26APR271515-15,a9dd986b-c055-5513-f4be-05e02bc30a36,1777316403,0.39,1.0,yes,"{""count_fp"":""1.00"",""created_time"":""2026-04-27T19:00:03.960099Z"",""no_price_dollars"":""0.6100"",""taker_side"":""yes"",""ticker"":""KXBTC15M-26APR271515-15"",""trade_id"":""a9dd986b-c055-5513-f4be-05e02bc30a36"",""yes_price_dollars"":""0.3900""}"
KXBTC15M-26APR271515-15,7d82bd39-612b-7e17-7dab-05dd49f407b9,1777316403,0.34,9.84,no,"{""count_fp"":""9.84"",""created_time"":""2026-04-27T19:00:03.207941Z"",""no_price_dollars"":""0.6600"",""taker_side"":""no"",""ticker"":""KXBTC15M-26APR271515-15"",""trade_id"":""7d82bd39-612b-7e17-7dab-05dd49f407b9"",""yes_price_dollars"":""0.3400""}"
KXBTC15M-26APR271515-15,2eaa5cd8-c8b3-758c-4343-46dabef643b4,1777316403,0.35,4.0,no,"{""count_fp"":""4.00"",""created_time"":""2026-04-27T19:00:03.207941Z"",""no_price_dollars"":""0.6500"",""taker_side"":""no"",""ticker"":""KXBTC15M-26APR271515-15"",""trade_id"":""2eaa5cd8-c8b3-758c-4343-46dabef643b4"",""yes_price_dollars"":""0.3500""}"
KXBTC15M-26APR271515-15,198adbfd-4454-70ea-722d-c0ea074cd289,1777316403,0.35,1.0,no,"{""count_fp"":""1.00"",""created_time"":""2026-04-27T19:00:03.207941Z"",""no_price_dollars"":""0.6500"",""taker_side"":""no"",""ticker"":""KXBTC15M-26APR271515-15"",""trade_id"":""198adbfd-4454-70ea-722d-c0ea074cd289"",""yes_price_dollars"":""0.3500""}"
KXBTC15M-26APR271515-15,af20d459-ef68-55bc-cc1e-8cafeea20301,1777316403,0.39,1.0,yes,"{""count_fp"":""1.00"",""created_time"":""2026-04-27T19:00:03.053518Z"",""no_price_dollars"":""0.6100"",""taker_side"":""yes"",""ticker"":""KXBTC15M-26APR271515-15"",""trade_id"":""af20d459-ef68-55bc-cc1e-8cafeea20301"",""yes_price_dollars"":""0.3900""}"
KXBTC15M-26APR271515-15,9cc42f0a-4f4d-50ab-cccf-6552c70c0e7c,1777316403,0.41,3.0,yes,"{""count_fp"":""3.00"",""created_time"":""2026-04-27T19:00:03.053518Z"",""no_price_dollars"":""0.5900"",""taker_side"":""yes"",""ticker"":""KXBTC15M-26APR271515-15"",""trade_id"":""9cc42f0a-4f4d-50ab-cccf-6552c70c0e7c"",""yes_price_dollars"":""0.4100""}"
KXBTC15M-26APR271515-15,5647c8e4-fbde-533f-c4f4-4b119aacc5ef,1777316403,0.39,16.0,yes,"{""count_fp"":""16.00"",""created_time"":""2026-04-27T19:00:03.053518Z"",""no_price_dollars"":""0.6100"",""taker_side"":""yes"",""ticker"":""KXBTC15M-26APR271515-15"",""trade_id"":""5647c8e4-fbde-533f-c4f4-4b119aacc5ef"",""yes_price_dollars"":""0.3900""}"
KXBTC15M-26APR271515-15,477598ae-7ee8-551a-d9d1-f52059b343eb,1777316403,0.4,5.0,yes,"{""count_fp"":""5.00"",""created_time"":""2026-04-27T19:00:03.053518Z"",""no_price_dollars"":""0.6000"",""taker_side"":""yes"",""ticker"":""KXBTC15M-26APR271515-15"",""trade_id"":""477598ae-7ee8-551a-d9d1-f52059b343eb"",""yes_price_dollars"":""0.4000""}"
KXBTC15M-26APR271515-15,685b5389-dd4c-56b6-728a-82c9b733d7e3,1777316405,0.4,2.0,yes,"{""count_fp"":""2.00"",""created_time"":""2026-04-27T19:00:05.758763Z"",""no_price_dollars"":""0.6000"",""taker_side"":""yes"",""ticker"":""KXBTC15M-26APR271515-15"",""trade_id"":""685b5389-dd4c-56b6-728a-82c9b733d7e3"",""yes_price_dollars"":""0.4000""}"
KXBTC15M-26APR271515-15,1503e420-5b04-5101-4946-54316545d577,1777316405,0.39,6.0,yes,"{""count_fp"":""6.00"",""created_time"":""2026-04-27T19:00:05.758763Z"",""no_price_dollars"":""0.6100"",""taker_side"":""yes"",""ticker"":""KXBTC15M-26APR271515-15"",""trade_id"":""1503e420-5b04-5101-4946-54316545d577"",""yes_price_dollars"":""0.3900""}"
KXBTC15M-26APR271515-15,c0deddc3-7c2d-54e7-e965-79ca37e3797b,1777316405,0.39,10.0,yes,"{""count_fp"":""10.00"",""created_time"":""2026-04-27T19:00:05.724413Z"",""no_price_dollars"":""0.6100"",""taker_side"":""yes"",""ticker"":""KXBTC15M-26APR271515-15"",""trade_id"":""c0deddc3-7c2d-54e7-e965-79ca37e3797b"",""yes_price_dollars"":""0.3900""}"
KXBTC15M-26APR271515-15,89e2bd1f-8848-5d5e-f9b5-8697d16fa647,1777316405,0.39,1.0,yes,"{""count_fp"":""1.00"",""created_time"":""2026-04-27T19:00:05.724413Z"",""no_price_dollars"":""0.6100"",""taker_side"":""yes"",""ticker"":""KXBTC15M-26APR271515-15"",""trade_id"":""89e2bd1f-8848-5d5e-f9b5-8697d16fa647"",""yes_price_dollars"":""0.3900""}"
KXBTC15M-26APR271515-15,6fc5fbd7-5714-5fe2-efcd-6400b2002e3b,1777316405,0.4,7.0,yes,"{""count_fp"":""7.00"",""created_time"":""2026-04-27T19:00:05.724413Z"",""no_price_dollars"":""0.6000"",""taker_side"":""yes"",""ticker"":""KXBTC15M-26APR271515-15"",""trade_id"":""6fc5fbd7-5714-5fe2-efcd-6400b2002e3b"",""yes_price_dollars"":""0.4000""}"
KXBTC15M-26APR271515-15,79aea4b3-574b-61da-87db-2c3d1fe9d397,1777316405,0.39,1.0,yes,"{""count_fp"":""1.00"",""created_time"":""2026-04-27T19:00:05.259019Z"",""no_price_dollars"":""0.6100"",""taker_side"":""yes"",""ticker"":""KXBTC15M-26APR271515-15"",""trade_id"":""79aea4b3-574b-61da-87db-2c3d1fe9d397"",""yes_price_dollars"":""0.3900""}"
KXBTC15M-26APR271515-15,01899593-12ec-6ff6-89f8-59aecbef783f,1777316405,0.4,1.0,yes,"{""count_fp"":""1.00"",""created_time"":""2026-04-27T19:00:05.259019Z"",""no_price_dollars"":""0.6000"",""taker_side"":""yes"",""ticker"":""KXBTC15M-26APR271515-15"",""trade_id"":""01899593-12ec-6ff6-89f8-59aecbef783f"",""yes_price_dollars"":""0.4000""}"
KXBTC15M-26APR271515-15,b82dde8c-79b1-7090-0fe0-e87f799457c0,1777316405,0.37,30.48,no,"{""count_fp"":""30.48"",""created_time"":""2026-04-27T19:00:05.052346Z"",""no_price_dollars"":""0.6300"",""taker_side"":""no"",""ticker"":""KXBTC15M-26APR271515-15"",""trade_id"":""b82dde8c-79b1-7090-0fe0-e87f799457c0"",""yes_price_dollars"":""0.3700""}"
KXBTC15M-26APR271515-15,6cddb768-e129-5ddc-d514-05b6560301a4,1777316406,0.36,11.93,no,"{""count_fp"":""11.93"",""created_time"":""2026-04-27T19:00:06.843553Z"",""no_price_dollars"":""0.6400"",""taker_side"":""no"",""ticker"":""KXBTC15M-26APR271515-15"",""trade_id"":""6cddb768-e129-5ddc-d514-05b6560301a4"",""yes_price_dollars"":""0.3600""}"
KXBTC15M-26APR271515-15,69301af2-8415-5e62-f66e-06a405166b1d,1777316406,0.38,106.27,no,"{""count_fp"":""106.27"",""created_time"":""2026-04-27T19:00:06.843553Z"",""no_price_dollars"":""0.6200"",""taker_side"":""no"",""ticker"":""KXBTC15M-26APR271515-15"",""trade_id"":""69301af2-8415-5e62-f66e-06a405166b1d"",""yes_price_dollars"":""0.3800""}"
KXBTC15M-26APR271515-15,303f25cf-412c-5221-c83b-6cf5d7e85875,1777316406,0.36,34.72,no,"{""count_fp"":""34.72"",""created_time"":""2026-04-27T19:00:06.843553Z"",""no_price_dollars"":""0.6400"",""taker_side"":""no"",""ticker"":""KXBTC15M-26APR271515-15"",""trade_id"":""303f25cf-412c-5221-c83b-6cf5d7e85875"",""yes_price_dollars"":""0.3600""}"
KXBTC15M-26APR271515-15,9aea8227-5e52-7be3-8f3c-3fada67d73e1,1777316406,0.37,56.0,no,"{""count_fp"":""56.00"",""created_time"":""2026-04-27T19:00:06.786928Z"",""no_price_dollars"":""0.6300"",""taker_side"":""no"",""ticker"":""KXBTC15M-26APR271515-15"",""trade_id"":""9aea8227-5e52-7be3-8f3c-3fada67d73e1"",""yes_price_dollars"":""0.3700""}"
KXBTC15M-26APR271515-15,9338673b-f8aa-7d9d-9ba8-a7693a980e83,1777316406,0.38,1.0,no,"{""count_fp"":""1.00"",""created_time"":""2026-04-27T19:00:06.786928Z"",""no_price_dollars"":""0.6200"",""taker_side"":""no"",""ticker"":""KXBTC15M-26APR271515-15"",""trade_id"":""9338673b-f8aa-7d9d-9ba8-a7693a980e83"",""yes_price_dollars"":""0.3800""}"
KXBTC15M-26APR271515-15,54c1f1c9-b774-78dd-b4f9-2d9546554951,1777316406,0.37,46.65,no,"{""count_fp"":""46.65"",""created_time"":""2026-04-27T19:00:06.786928Z"",""no_price_dollars"":""0.6300"",""taker_side"":""no"",""ticker"":""KXBTC15M-26APR271515-15"",""trade_id"":""54c1f1c9-b774-78dd-b4f9-2d9546554951"",""yes_price_dollars"":""0.3700""}"
KXBTC15M-26APR271515-15,1e8ca282-d362-7094-b44e-5ddffd936283,1777316406,0.37,9.0,no,"{""count_fp"":""9.00"",""created_time"":""2026-04-27T19:00:06.786928Z"",""no_price_dollars"":""0.6300"",""taker_side"":""no"",""ticker"":""KXBTC15M-26APR271515-15"",""trade_id"":""1e8ca282-d362-7094-b44e-5ddffd936283"",""yes_price_dollars"":""0.3700""}"
KXBTC15M-26APR271515-15,16aed71a-4384-7278-a10a-82df0803d0ce,1777316406,0.4,40.27,no,"{""count_fp"":""40.27"",""created_time"":""2026-04-27T19:00:06.786928Z"",""no_price_dollars"":""0.6000"",""taker_side"":""no"",""ticker"":""KXBTC15M-26APR271515-15"",""trade_id"":""16aed71a-4384-7278-a10a-82df0803d0ce"",""yes_price_dollars"":""0.4000""}"
KXBTC15M-26APR271515-15,dcabe652-335f-6039-a3fa-48a6f3d46424,1777316406,0.4,6.73,yes,"{""count_fp"":""6.73"",""created_time"":""2026-04-27T19:00:06.771739Z"",""no_price_dollars"":""0.6000"",""taker_side"":""yes"",""ticker"":""KXBTC15M-26APR271515-15"",""trade_id"":""dcabe652-335f-6039-a3fa-48a6f3d46424"",""yes_price_dollars"":""0.4000""}"
KXBTC15M-26APR271515-15,7bca21ea-679c-6e35-84a2-cc4b90e9f974,1777316406,0.4,53.0,yes,"{""count_fp"":""53.00"",""created_time"":""2026-04-27T19:00:06.771739Z"",""no_price_dollars"":""0.6000"",""taker_side"":""yes"",""ticker"":""KXBTC15M-26APR271515-15"",""trade_id"":""7bca21ea-679c-6e35-84a2-cc4b90e9f974"",""yes_price_dollars"":""0.4000""}"
KXBTC15M-26APR271515-15,b0ed6ddf-dfdd-6d64-9cc1-69c804c34f3e,1777316406,0.38,1.0,no,"{""count_fp"":""1.00"",""created_time"":""2026-04-27T19:00:06.459476Z"",""no_price_dollars"":""0.6200"",""taker_side"":""no"",""ticker"":""KXBTC15M-26APR271515-15"",""trade_id"":""b0ed6ddf-dfdd-6d64-9cc1-69c804c34f3e"",""yes_price_dollars"":""0.3800""}"
KXBTC15M-26APR271515-15,84939af7-93b1-6fbe-94ea-3e743179db61,1777316406,0.38,6.73,no,"{""count_fp"":""6.73"",""created_time"":""2026-04-27T19:00:06.459476Z"",""no_price_dollars"":""0.6200"",""taker_side"":""no"",""ticker"":""KXBTC15M-26APR271515-15"",""trade_id"":""84939af7-93b1-6fbe-94ea-3e743179db61"",""yes_price_dollars"":""0.3800""}"
KXBTC15M-26APR271515-15,c9f947be-7094-774d-3155-0e60fe830434,1777316406,0.4,2.0,yes,"{""count_fp"":""2.00"",""created_time"":""2026-04-27T19:00:06.355737Z"",""no_price_dollars"":""0.6000"",""taker_side"":""yes"",""ticker"":""KXBTC15M-26APR271515-15"",""trade_id"":""c9f947be-7094-774d-3155-0e60fe830434"",""yes_price_dollars"":""0.4000""}"
KXBTC15M-26APR271515-15,11975372-ccb0-774a-39e4-f2e81a6111ef,1777316406,0.4,46.0,yes,"{""count_fp"":""46.00"",""created_time"":""2026-04-27T19:00:06.355737Z"",""no_price_dollars"":""0.6000"",""taker_side"":""yes"",""ticker"":""KXBTC15M-26APR271515-15"",""trade_id"":""11975372-ccb0-774a-39e4-f2e81a6111ef"",""yes_price_dollars"":""0.4000""}"
KXBTC15M-26APR271515-15,b3c0bc14-37eb-4044-db8e-acad30734d03,1777316406,0.38,1.0,no,"{""count_fp"":""1.00"",""created_time"":""2026-04-27T19:00:06.042381Z"",""no_price_dollars"":""0.6200"",""taker_side"":""no"",""ticker"":""KXBTC15M-26APR271515-15"",""trade_id"":""b3c0bc14-37eb-4044-db8e-acad30734d03"",""yes_price_dollars"":""0.3800""}"
KXBTC15M-26APR271515-15,b1d308e6-007d-4f84-cf73-ea463a7d2ecc,1777316406,0.37,12.92,no,"{""count_fp"":""12.92"",""created_time"":""2026-04-27T19:00:06.042381Z"",""no_price_dollars"":""0.6300"",""taker_side"":""no"",""ticker"":""KXBTC15M-26APR271515-15"",""trade_id"":""b1d308e6-007d-4f84-cf73-ea463a7d2ecc"",""yes_price_dollars"":""0.3700""}"
KXBTC15M-26APR271515-15,045bf82c-b8c9-448c-69e6-abe27fb9fa09,1777316407,0.4,35.3,yes,"{""count_fp"":""35.30"",""created_time"":""2026-04-27T19:00:07.838247Z"",""no_price_dollars"":""0.6000"",""taker_side"":""yes"",""ticker"":""KXBTC15M-26APR271515-15"",""trade_id"":""045bf82c-b8c9-448c-69e6-abe27fb9fa09"",""yes_price_dollars"":""0.4000""}"
KXBTC15M-26APR271515-15,02fb3eeb-d0c0-4fd9-435e-afa457918f15,1777316407,0.4,7.88,yes,"{""count_fp"":""7.88"",""created_time"":""2026-04-27T19:00:07.838247Z"",""no_price_dollars"":""0.6000"",""taker_side"":""yes"",""ticker"":""KXBTC15M-26APR271515-15"",""trade_id"":""02fb3eeb-d0c0-4fd9-435e-afa457918f15"",""yes_price_dollars"":""0.4000""}"
KXBTC15M-26APR271515-15,ba7f30a4-6e1c-553d-d391-39660b7b131b,1777316407,0.38,7.0,no,"{""count_fp"":""7.00"",""created_time"":""2026-04-27T19:00:07.788853Z"",""no_price_dollars"":""0.6200"",""taker_side"":""no"",""ticker"":""KXBTC15M-26APR271515-15"",""trade_id"":""ba7f30a4-6e1c-553d-d391-39660b7b131b"",""yes_price_dollars"":""0.3800""}"
KXBTC15M-26APR271515-15,2a6d358b-b043-5097-d567-a029f5fc917d,1777316407,0.38,15.56,no,"{""count_fp"":""15.56"",""created_time"":""2026-04-27T19:00:07.788853Z"",""no_price_dollars"":""0.6200"",""taker_side"":""no"",""ticker"":""KXBTC15M-26APR271515-15"",""trade_id"":""2a6d358b-b043-5097-d567-a029f5fc917d"",""yes_price_dollars"":""0.3800""}"
KXBTC15M-26APR271515-15,1a3bda11-ef95-5fd1-e9df-f080f87be0ec,1777316407,0.38,1.0,no,"{""count_fp"":""1.00"",""created_time"":""2026-04-27T19:00:07.788853Z"",""no_price_dollars"":""0.6200"",""taker_side"":""no"",""ticker"":""KXBTC15M-26APR271515-15"",""trade_id"":""1a3bda11-ef95-5fd1-e9df-f080f87be0ec"",""yes_price_dollars"":""0.3800""}"
KXBTC15M-26APR271515-15,9f2a5d8e-1885-582c-0f22-c720eb208e0d,1777316407,0.4,70.97,yes,"{""count_fp"":""70.97"",""created_time"":""2026-04-27T19:00:07.407764Z"",""no_price_dollars"":""0.6000"",""taker_side"":""yes"",""ticker"":""KXBTC15M-26APR271515-15"",""trade_id"":""9f2a5d8e-1885-582c-0f22-c720eb208e0d"",""yes_price_dollars"":""0.4000""}"
KXBTC15M-26APR271515-15,542b8e4f-900c-52e8-174a-d72c3262bb19,1777316407,0.4,1.0,yes,"{""count_fp"":""1.00"",""created_time"":""2026-04-27T19:00:07.407764Z"",""no_price_dollars"":""0.6000"",""taker_side"":""yes"",""ticker"":""KXBTC15M-26APR271515-15"",""trade_id"":""542b8e4f-900c-52e8-174a-d72c3262bb19"",""yes_price_dollars"":""0.4000""}"
KXBTC15M-26APR271515-15,d22c81f1-3569-700c-4a68-13c45f894e3c,1777316408,0.42,15.53,no,"{""count_fp"":""15.53"",""created_time"":""2026-04-27T19:00:08.757803Z"",""no_price_dollars"":""0.5800"",""taker_side"":""no"",""ticker"":""KXBTC15M-26APR271515-15"",""trade_id"":""d22c81f1-3569-700c-4a68-13c45f894e3c"",""yes_price_dollars"":""0.4200""}"
KXBTC15M-26APR271515-15,ade335aa-deb0-5e25-1e12-eb743e1350c4,1777316408,0.4,5.0,no,"{""count_fp"":""5.00"",""created_time"":""2026-04-27T19:00:08.626129Z"",""no_price_dollars"":""0.6000"",""taker_side"":""no"",""ticker"":""KXBTC15M-26APR271515-15"",""trade_id"":""ade335aa-deb0-5e25-1e12-eb743e1350c4"",""yes_price_dollars"":""0.4000""}"
KXBTC15M-26APR271515-15,a134fb7b-b3c1-50a8-37bd-fefbe5048bb6,1777316408,0.4,21.0,no,"{""count_fp"":""21.00"",""created_time"":""2026-04-27T19:00:08.626129Z"",""no_price_dollars"":""0.6000"",""taker_side"":""no"",""ticker"":""KXBTC15M-26APR271515-15"",""trade_id"":""a134fb7b-b3c1-50a8-37bd-fefbe5048bb6"",""yes_price_dollars"":""0.4000""}"
KXBTC15M-26APR271515-15,824cba65-9330-5cb5-3ee1-ae358a22c072,1777316408,0.41,1.0,no,"{""count_fp"":""1.00"",""created_time"":""2026-04-27T19:00:08.626129Z"",""no_price_dollars"":""0.5900"",""taker_side"":""no"",""ticker"":""KXBTC15M-26APR271515-15"",""trade_id"":""824cba65-9330-5cb5-3ee1-ae358a22c072"",""yes_price_dollars"":""0.4100""}"
KXBTC15M-26APR271515-15,7f0729c5-8b98-5aca-2a10-99593209a9f8,1777316408,0.4,1.0,no,"{""count_fp"":""1.00"",""created_time"":""2026-04-27T19:00:08.626129Z"",""no_price_dollars"":""0.6000"",""taker_side"":""no"",""ticker"":""KXBTC15M-26APR271515-15"",""trade_id"":""7f0729c5-8b98-5aca-2a10-99593209a9f8"",""yes_price_dollars"":""0.4000""}"
KXBTC15M-26APR271515-15,20c74820-130d-5a5c-1b3b-256367e0c8ec,1777316408,0.4,22.0,no,"{""count_fp"":""22.00"",""created_time"":""2026-04-27T19:00:08.626129Z"",""no_price_dollars"":""0.6000"",""taker_side"":""no"",""ticker"":""KXBTC15M-26APR271515-15"",""trade_id"":""20c74820-130d-5a5c-1b3b-256367e0c8ec"",""yes_price_dollars"":""0.4000""}"
KXBTC15M-26APR271515-15,d5524028-3165-597c-cd48-4183fc22b4b9,1777316408,0.41,10.0,yes,"{""count_fp"":""10.00"",""created_time"":""2026-04-27T19:00:08.603111Z"",""no_price_dollars"":""0.5900"",""taker_side"":""yes"",""ticker"":""KXBTC15M-26APR271515-15"",""trade_id"":""d5524028-3165-597c-cd48-4183fc22b4b9"",""yes_price_dollars"":""0.4100""}"
KXBTC15M-26APR271515-15,97831247-cbb7-47af-c895-fc2e336fd1dd,1777316408,0.38,5.44,no,"{""count_fp"":""5.44"",""created_time"":""2026-04-27T19:00:08.295692Z"",""no_price_dollars"":""0.6200"",""taker_side"":""no"",""ticker"":""KXBTC15M-26APR271515-15"",""trade_id"":""97831247-cbb7-47af-c895-fc2e336fd1dd"",""yes_price_dollars"":""0.3800""}"
KXBTC15M-26APR271515-15,45ed95a3-ee9b-48f9-dc99-a73d9f18ed0d,1777316408,0.38,0.75,no,"{""count_fp"":""0.75"",""created_time"":""2026-04-27T19:00:08.295692Z"",""no_price_dollars"":""0.6200"",""taker_side"":""no"",""ticker"":""KXBTC15M-26APR271515-15"",""trade_id"":""45ed95a3-ee9b-48f9-dc99-a73d9f18ed0d"",""yes_price_dollars"":""0.3800""}"
KXBTC15M-26APR271515-15,f33f8515-ae1f-6a97-608f-f79b2af66339,1777316409,0.47,1.0,yes,"{""count_fp"":""1.00"",""created_time"":""2026-04-27T19:00:09.756289Z"",""no_price_dollars"":""0.5300"",""taker_side"":""yes"",""ticker"":""KXBTC15M-26APR271515-15"",""trade_id"":""f33f8515-ae1f-6a97-608f-f79b2af66339"",""yes_price_dollars"":""0.4700""}"
KXBTC15M-26APR271515-15,dd0719ed-ca27-6535-766e-02fea9380d55,1777316409,0.5,10.0,yes,"{""count_fp"":""10.00"",""created_time"":""2026-04-27T19:00:09.756289Z"",""no_price_dollars"":""0.5000"",""taker_side"":""yes"",""ticker"":""KXBTC15M-26APR271515-15"",""trade_id"":""dd0719ed-ca27-6535-766e-02fea9380d55"",""yes_price_dollars"":""0.5000""}"
KXBTC15M-26APR271515-15,b5b2e5eb-d079-63ff-5a89-c0a1251aa9bb,1777316409,0.48,14.0,yes,"{""count_fp"":""14.00"",""created_time"":""2026-04-27T19:00:09.756289Z"",""no_price_dollars"":""0.5200"",""taker_side"":""yes"",""ticker"":""KXBTC15M-26APR271515-15"",""trade_id"":""b5b2e5eb-d079-63ff-5a89-c0a1251aa9bb"",""yes_price_dollars"":""0.4800""}"
KXBTC15M-26APR271515-15,b458164f-ce01-6fb6-6b74-a764a2bd1bef,1777316409,0.49,13.53,yes,"{""count_fp"":""13.53"",""created_time"":""2026-04-27T19:00:09.756289Z"",""no_price_dollars"":""0.5100"",""taker_side"":""yes"",""ticker"":""KXBTC15M-26APR271515-15"",""trade_id"":""b458164f-ce01-6fb6-6b74-a764a2bd1bef"",""yes_price_dollars"":""0.4900""}"
KXBTC15M-26APR271515-15,ae6a774b-5af8-6c1b-5442-08dc230680d2,1777316409,0.5,120.0,yes,"{""count_fp"":""120.00"",""created_time"":""2026-04-27T19:00:09.756289Z"",""no_price_dollars"":""0.5000"",""taker_side"":""yes"",""ticker"":""KXBTC15M-26APR271515-15"",""trade_id"":""ae6a774b-5af8-6c1b-5442-08dc230680d2"",""yes_price_dollars"":""0.5000""}"
KXBTC15M-26APR271515-15,a9afe9e4-47df-64c8-4b02-82401e8518a9,1777316409,0.48,29.0,yes,"{""count_fp"":""29.00"",""created_time"":""2026-04-27T19:00:09.756289Z"",""no_price_dollars"":""0.5200"",""taker_side"":""yes"",""ticker"":""KXBTC15M-26APR271515-15"",""trade_id"":""a9afe9e4-47df-64c8-4b02-82401e8518a9"",""yes_price_dollars"":""0.4800""}"
KXBTC15M-26APR271515-15,8b755803-9ba2-6782-704a-7c542c54a496,1777316409,0.53,150.0,yes,"{""count_fp"":""150.00"",""created_time"":""2026-04-27T19:00:09.756289Z"",""no_price_dollars"":""0.4700"",""taker_side"":""yes"",""ticker"":""KXBTC15M-26APR271515-15"",""trade_id"":""8b755803-9ba2-6782-704a-7c542c54a496"",""yes_price_dollars"":""0.5300""}"
KXBTC15M-26APR271515-15,8654ee83-c2af-6963-74d6-6890d75eef63,1777316409,0.48,34.0,yes,"{""count_fp"":""34.00"",""created_time"":""2026-04-27T19:00:09.756289Z"",""no_price_dollars"":""0.5200"",""taker_side"":""yes"",""ticker"":""KXBTC15M-26APR271515-15"",""trade_id"":""8654ee83-c2af-6963-74d6-6890d75eef63"",""yes_price_dollars"":""0.4800""}"
KXBTC15M-26APR271515-15,7e94490f-d682-6b28-513a-1ee95675c9df,1777316409,0.48,29.0,yes,"{""count_fp"":""29.00"",""created_time"":""2026-04-27T19:00:09.756289Z"",""no_price_dollars"":""0.5200"",""taker_side"":""yes"",""ticker"":""KXBTC15M-26APR271515-15"",""trade_id"":""7e94490f-d682-6b28-513a-1ee95675c9df"",""yes_price_dollars"":""0.4800""}"
KXBTC15M-26APR271515-15,6b6399a7-1d51-6697-4b16-1f175bd57b84,1777316409,0.5,10.0,yes,"{""count_fp"":""10.00"",""created_time"":""2026-04-27T19:00:09.756289Z"",""no_price_dollars"":""0.5000"",""taker_side"":""yes"",""ticker"":""KXBTC15M-26APR271515-15"",""trade_id"":""6b6399a7-1d51-6697-4b16-1f175bd57b84"",""yes_price_dollars"":""0.5000""}"
KXBTC15M-26APR271515-15,4c82f9eb-b634-6e64-68ec-a026b3570ea8,1777316409,0.51,20.0,yes,"{""count_fp"":""20.00"",""created_time"":""2026-04-27T19:00:09.756289Z"",""no_price_dollars"":""0.4900"",""taker_side"":""yes"",""ticker"":""KXBTC15M-26APR271515-15"",""trade_id"":""4c82f9eb-b634-6e64-68ec-a026b3570ea8"",""yes_price_dollars"":""0.5100""}"
KXBTC15M-26APR271515-15,3c21fe6f-1abc-6cdd-67ce-d2371de81a08,1777316409,0.48,29.0,yes,"{""count_fp"":""29.00"",""created_time"":""2026-04-27T19:00:09.756289Z"",""no_price_dollars"":""0.5200"",""taker_side"":""yes"",""ticker"":""KXBTC15M-26APR271515-15"",""trade_id"":""3c21fe6f-1abc-6cdd-67ce-d2371de81a08"",""yes_price_dollars"":""0.4800""}"
KXBTC15M-26APR271515-15,385d8d52-004e-6ab0-693b-553ff2c33da7,1777316409,0.54,0.85,yes,"{""count_fp"":""0.85"",""created_time"":""2026-04-27T19:00:09.756289Z"",""no_price_dollars"":""0.4600"",""taker_side"":""yes"",""ticker"":""KXBTC15M-26APR271515-15"",""trade_id"":""385d8d52-004e-6ab0-693b-553ff2c33da7"",""yes_price_dollars"":""0.5400""}"
KXBTC15M-26APR271515-15,33df1ce0-fc9e-6b37-4d4b-b38f92da1857,1777316409,0.5,5.0,yes,"{""count_fp"":""5.00"",""created_time"":""2026-04-27T19:00:09.756289Z"",""no_price_dollars"":""0.5000"",""taker_side"":""yes"",""ticker"":""KXBTC15M-26APR271515-15"",""trade_id"":""33df1ce0-fc9e-6b37-4d4b-b38f92da1857"",""yes_price_dollars"":""0.5000""}"
KXBTC15M-26APR271515-15,255c2675-2d94-6cd8-497d-7986c6e44072,1777316409,0.48,14.0,yes,"{""count_fp"":""14.00"",""created_time"":""2026-04-27T19:00:09.756289Z"",""no_price_dollars"":""0.5200"",""taker_side"":""yes"",""ticker"":""KXBTC15M-26APR271515-15"",""trade_id"":""255c2675-2d94-6cd8-497d-7986c6e44072"",""yes_price_dollars"":""0.4800""}"
KXBTC15M-26APR271515-15,f0cd68b9-d472-4859-f81d-1f9e416f5893,1777316409,0.44,1.0,no,"{""count_fp"":""1.00"",""created_time"":""2026-04-27T19:00:09.750913Z"",""no_price_dollars"":""0.5600"",""taker_side"":""no"",""ticker"":""KXBTC15M-26APR271515-15"",""trade_id"":""f0cd68b9-d472-4859-f81d-1f9e416f5893"",""yes_price_dollars"":""0.4400""}"
KXBTC15M-26APR271515-15,2b31ef03-da5d-43e8-df4c-9e4888fe05ae,1777316409,0.44,4.0,no,"{""count_fp"":""4.00"",""created_time"":""2026-04-27T19:00:09.750913Z"",""no_price_dollars"":""0.5600"",""taker_side"":""no"",""ticker"":""KXBTC15M-26APR271515-15"",""trade_id"":""2b31ef03-da5d-43e8-df4c-9e4888fe05ae"",""yes_price_dollars"":""0.4400""}"
KXBTC15M-26APR271515-15,49142f47-f9a4-55d0-2e18-7499dd2824d3,1777316409,0.41,22.0,no,"{""count_fp"":""22.00"",""created_time"":""2026-04-27T19:00:09.001904Z"",""no_price_dollars"":""0.5900"",""taker_side"":""no"",""ticker"":""KXBTC15M-26APR271515-15"",""trade_id"":""49142f47-f9a4-55d0-2e18-7499dd2824d3"",""yes_price_dollars"":""0.4100""}"
KXBTC15M-26APR271515-15,70594752-b6cf-75a3-5b88-a8a414eb7b92,1777316410,0.47,5.69,no,"{""count_fp"":""5.69"",""created_time"":""2026-04-27T19:00:10.962349Z"",""no_price_dollars"":""0.5300"",""taker_side"":""no"",""ticker"":""KXBTC15M-26APR271515-15"",""trade_id"":""70594752-b6cf-75a3-5b88-a8a414eb7b92"",""yes_price_dollars"":""0.4700""}"
KXBTC15M-26APR271515-15,39db1647-4e62-787e-4665-0effaa71510b,1777316410,0.47,1.0,no,"{""count_fp"":""1.00"",""created_time"":""2026-04-27T19:00:10.962349Z"",""no_price_dollars"":""0.5300"",""taker_side"":""no"",""ticker"":""KXBTC15M-26APR271515-15"",""trade_id"":""39db1647-4e62-787e-4665-0effaa71510b"",""yes_price_dollars"":""0.4700""}"
KXBTC15M-26APR271515-15,1cdae538-9c3c-7a3f-59ff-9b8c583160ee,1777316410,0.47,5.0,no,"{""count_fp"":""5.00"",""created_time"":""2026-04-27T19:00:10.555518Z"",""no_price_dollars"":""0.5300"",""taker_side"":""no"",""ticker"":""KXBTC15M-26APR271515-15"",""trade_id"":""1cdae538-9c3c-7a3f-59ff-9b8c583160ee"",""yes_price_dollars"":""0.4700""}"
KXBTC15M-26APR271515-15,c4a6d03d-c80e-431b-ed0a-a0218dfce777,1777316410,0.44,17.03,no,"{""count_fp"":""17.03"",""created_time"":""2026-04-27T19:00:10.321402Z"",""no_price_dollars"":""0.5600"",""taker_side"":""no"",""ticker"":""KXBTC15M-26APR271515-15"",""trade_id"":""c4a6d03d-c80e-431b-ed0a-a0218dfce777"",""yes_price_dollars"":""0.4400""}"
KXBTC15M-26APR271515-15,5b0fbcd3-148d-59a7-59c5-45589e56b0ae,1777316411,0.49,58.58,yes,"{""count_fp"":""58.58"",""created_time"":""2026-04-27T19:00:11.723084Z"",""no_price_dollars"":""0.5100"",""taker_side"":""yes"",""ticker"":""KXBTC15M-26APR271515-15"",""trade_id"":""5b0fbcd3-148d-59a7-59c5-45589e56b0ae"",""yes_price_dollars"":""0.4900""}"
KXBTC15M-26APR271515-15,2e938307-da7a-5729-48bb-9cfe5852f0b8,1777316411,0.49,1.0,yes,"{""count_fp"":""1.00"",""created_time"":""2026-04-27T19:00:11.723084Z"",""no_price_dollars"":""0.5100"",""taker_side"":""yes"",""ticker"":""KXBTC15M-26APR271515-15"",""trade_id"":""2e938307-da7a-5729-48bb-9cfe5852f0b8"",""yes_price_dollars"":""0.4900""}"
KXBTC15M-26APR271515-15,71f8ca20-e67d-6021-e64d-c5b2cd45e0bf,1777316411,0.47,8.04,no,"{""count_fp"":""8.04"",""created_time"":""2026-04-27T19:00:11.321918Z"",""no_price_dollars"":""0.5300"",""taker_side"":""no"",""ticker"":""KXBTC15M-26APR271515-15"",""trade_id"":""71f8ca20-e67d-6021-e64d-c5b2cd45e0bf"",""yes_price_dollars"":""0.4700""}"
KXBTC15M-26APR271515-15,32fbb354-c5a1-6c7a-ffca-efcb751e6a5e,1777316411,0.48,1.0,no,"{""count_fp"":""1.00"",""created_time"":""2026-04-27T19:00:11.321918Z"",""no_price_dollars"":""0.5200"",""taker_side"":""no"",""ticker"":""KXBTC15M-26APR271515-15"",""trade_id"":""32fbb354-c5a1-6c7a-ffca-efcb751e6a5e"",""yes_price_dollars"":""0.4800""}"
KXBTC15M-26APR271515-15,062fdede-a814-628b-e543-e9d0d0bf28fc,1777316411,0.47,8.28,no,"{""count_fp"":""8.28"",""created_time"":""2026-04-27T19:00:11.321918Z"",""no_price_dollars"":""0.5300"",""taker_side"":""no"",""ticker"":""KXBTC15M-26APR271515-15"",""trade_id"":""062fdede-a814-628b-e543-e9d0d0bf28fc"",""yes_price_dollars"":""0.4700""}"
KXBTC15M-26APR271515-15,a703e60a-d751-403a-911d-f4c1e89dc6b9,1777316411,0.48,20.0,no,"{""count_fp"":""20.00"",""created_time"":""2026-04-27T19:00:11.189411Z"",""no_price_dollars"":""0.5200"",""taker_side"":""no"",""ticker"":""KXBTC15M-26APR271515-15"",""trade_id"":""a703e60a-d751-403a-911d-f4c1e89dc6b9"",""yes_price_dollars"":""0.4800""}"
KXBTC15M-26APR271515-15,7b13d520-cdcc-46a7-8040-1263438d883c,1777316411,0.47,31.72,no,"{""count_fp"":""31.72"",""created_time"":""2026-04-27T19:00:11.189411Z"",""no_price_dollars"":""0.5300"",""taker_side"":""no"",""ticker"":""KXBTC15M-26APR271515-15"",""trade_id"":""7b13d520-cdcc-46a7-8040-1263438d883c"",""yes_price_dollars"":""0.4700""}"
KXBTC15M-26APR271515-15,0909c8ea-b1bd-4bd5-8150-0d8ccf469a34,1777316411,0.48,26.0,no,"{""count_fp"":""26.00"",""created_time"":""2026-04-27T19:00:11.189411Z"",""no_price_dollars"":""0.5200"",""taker_side"":""no"",""ticker"":""KXBTC15M-26APR271515-15"",""trade_id"":""0909c8ea-b1bd-4bd5-8150-0d8ccf469a34"",""yes_price_dollars"":""0.4800""}"
KXBTC15M-26APR271515-15,587746ad-d4c5-6de1-5b16-540bebe49ecc,1777316411,0.48,13.0,no,"{""count_fp"":""13.00"",""created_time"":""2026-04-27T19:00:11.185728Z"",""no_price_dollars"":""0.5200"",""taker_side"":""no"",""ticker"":""KXBTC15M-26APR271515-15"",""trade_id"":""587746ad-d4c5-6de1-5b16-540bebe49ecc"",""yes_price_dollars"":""0.4800""}"
KXBTC15M-26APR271515-15,7163aaf3-c78c-6ffc-4dbb-3b58471de143,1777316412,0.49,4.0,no,"{""count_fp"":""4.00"",""created_time"":""2026-04-27T19:00:12.931354Z"",""no_price_dollars"":""0.5100"",""taker_side"":""no"",""ticker"":""KXBTC15M-26APR271515-15"",""trade_id"":""7163aaf3-c78c-6ffc-4dbb-3b58471de143"",""yes_price_dollars"":""0.4900""}"
KXBTC15M-26APR271515-15,9ad5d1ce-59c8-5d48-2e1d-6491c5024d4b,1777316412,0.49,3.65,no,"{""count_fp"":""3.65"",""created_time"":""2026-04-27T19:00:12.499328Z"",""no_price_dollars"":""0.5100"",""taker_side"":""no"",""ticker"":""KXBTC15M-26APR271515-15"",""trade_id"":""9ad5d1ce-59c8-5d48-2e1d-6491c5024d4b"",""yes_price_dollars"":""0.4900""}"
KXBTC15M-26APR271515-15,477916c9-e808-50a5-3e3f-a81df3e4a3a7,1777316412,0.48,1.0,no,"{""count_fp"":""1.00"",""created_time"":""2026-04-27T19:00:12.045662Z"",""no_price_dollars"":""0.5200"",""taker_side"":""no"",""ticker"":""KXBTC15M-26APR271515-15"",""trade_id"":""477916c9-e808-50a5-3e3f-a81df3e4a3a7"",""yes_price_dollars"":""0.4800""}"
KXBTC15M-26APR271515-15,fcf96575-794d-6f63-9d43-e9c5a7379cc1,1777316413,0.51,17.61,yes,"{""count_fp"":""17.61"",""created_time"":""2026-04-27T19:00:13.151587Z"",""no_price_dollars"":""0.4900"",""taker_side"":""yes"",""ticker"":""KXBTC15M-26APR271515-15"",""trade_id"":""fcf96575-794d-6f63-9d43-e9c5a7379cc1"",""yes_price_dollars"":""0.5100""}"
KXBTC15M-26APR271515-15,025b4272-99ca-6686-813c-9cc89bd9a008,1777316413,0.5,1.0,yes,"{""count_fp"":""1.00"",""created_time"":""2026-04-27T19:00:13.151587Z"",""no_price_dollars"":""0.5000"",""taker_side"":""yes"",""ticker"":""KXBTC15M-26APR271515-15"",""trade_id"":""025b4272-99ca-6686-813c-9cc89bd9a008"",""yes_price_dollars"":""0.5000""}"
KXBTC15M-26APR271515-15,1d376089-8d70-478c-47c4-e16cdf0836d7,1777316413,0.49,3.0,no,"{""count_fp"":""3.00"",""created_time"":""2026-04-27T19:00:13.129314Z"",""no_price_dollars"":""0.5100"",""taker_side"":""no"",""ticker"":""KXBTC15M-26APR271515-15"",""trade_id"":""1d376089-8d70-478c-47c4-e16cdf0836d7"",""yes_price_dollars"":""0.4900""}"
KXBTC15M-26APR271515-15,bf8c4792-f063-4edb-f87d-af5c5b5f2268,1777316414,0.49,40.0,yes,"{""count_fp"":""40.00"",""created_time"":""2026-04-27T19:00:14.758385Z"",""no_price_dollars"":""0.5100"",""taker_side"":""yes"",""ticker"":""KXBTC15M-26APR271515-15"",""trade_id"":""bf8c4792-f063-4edb-f87d-af5c5b5f2268"",""yes_price_dollars"":""0.4900""}"
KXBTC15M-26APR271515-15,623beb49-4b71-4877-d136-5b1427f9eddb,1777316414,0.49,25.44,yes,"{""count_fp"":""25.44"",""created_time"":""2026-04-27T19:00:14.758385Z"",""no_price_dollars"":""0.5100"",""taker_side"":""yes"",""ticker"":""KXBTC15M-26APR271515-15"",""trade_id"":""623beb49-4b71-4877-d136-5b1427f9eddb"",""yes_price_dollars"":""0.4900""}"
KXBTC15M-26APR271515-15,a90c5c61-d3d3-4676-d8f6-3b5fffcdf62b,1777316414,0.47,402.95,no,"{""count_fp"":""402.95"",""created_time"":""2026-04-27T19:00:14.344524Z"",""no_price_dollars"":""0.5300"",""taker_side"":""no"",""ticker"":""KXBTC15M-26APR271515-15"",""trade_id"":""a90c5c61-d3d3-4676-d8f6-3b5fffcdf62b"",""yes_price_dollars"":""0.4700""}"
KXBTC15M-26APR271515-15,96ff51b3-083e-48c0-e2b1-28bbf8edc821,1777316414,0.48,56.0,no,"{""count_fp"":""56.00"",""created_time"":""2026-04-27T19:00:14.344524Z"",""no_price_dollars"":""0.5200"",""taker_side"":""no"",""ticker"":""KXBTC15M-26APR271515-15"",""trade_id"":""96ff51b3-083e-48c0-e2b1-28bbf8edc821"",""yes_price_dollars"":""0.4800""}"
KXBTC15M-26APR271515-15,8d4b26df-f587-4ed2-e651-46fb1b01d47a,1777316414,0.47,40.0,no,"{""count_fp"":""40.00"",""created_time"":""2026-04-27T19:00:14.344524Z"",""no_price_dollars"":""0.5300"",""taker_side"":""no"",""ticker"":""KXBTC15M-26APR271515-15"",""trade_id"":""8d4b26df-f587-4ed2-e651-46fb1b01d47a"",""yes_price_dollars"":""0.4700""}"
KXBTC15M-26APR271515-15,849f47bf-54e2-4b26-f92c-6a3550ca7b79,1777316414,0.48,113.0,no,"{""count_fp"":""113.00"",""created_time"":""2026-04-27T19:00:14.344524Z"",""no_price_dollars"":""0.5200"",""taker_side"":""no"",""ticker"":""KXBTC15M-26APR271515-15"",""trade_id"":""849f47bf-54e2-4b26-f92c-6a3550ca7b79"",""yes_price_dollars"":""0.4800""}"
KXBTC15M-26APR271515-15,64c45678-ff24-4611-da59-742f9d720a08,1777316414,0.48,1.0,no,"{""count_fp"":""1.00"",""created_time"":""2026-04-27T19:00:14.344524Z"",""no_price_dollars"":""0.5200"",""taker_side"":""no"",""ticker"":""KXBTC15M-26APR271515-15"",""trade_id"":""64c45678-ff24-4611-da59-742f9d720a08"",""yes_price_dollars"":""0.4800""}"
KXBTC15M-26APR271515-15,486e0569-3823-4d1f-e07a-166fe1151c3b,1777316414,0.49,3.0,no,"{""count_fp"":""3.00"",""created_time"":""2026-04-27T19:00:14.344524Z"",""no_price_dollars"":""0.5100"",""taker_side"":""no"",""ticker"":""KXBTC15M-26APR271515-15"",""trade_id"":""486e0569-3823-4d1f-e07a-166fe1151c3b"",""yes_price_dollars"":""0.4900""}"
KXBTC15M-26APR271515-15,40945a83-1484-4c78-e1bf-34b23f9feb3f,1777316414,0.48,4.0,no,"{""count_fp"":""4.00"",""created_time"":""2026-04-27T19:00:14.344524Z"",""no_price_dollars"":""0.5200"",""taker_side"":""no"",""ticker"":""KXBTC15M-26APR271515-15"",""trade_id"":""40945a83-1484-4c78-e1bf-34b23f9feb3f"",""yes_price_dollars"":""0.4800""}"
KXBTC15M-26APR271515-15,33be3def-49f6-4041-eb7c-d04cabac0ade,1777316414,0.48,40.0,no,"{""count_fp"":""40.00"",""created_time"":""2026-04-27T19:00:14.344524Z"",""no_price_dollars"":""0.5200"",""taker_side"":""no"",""ticker"":""KXBTC15M-26APR271515-15"",""trade_id"":""33be3def-49f6-4041-eb7c-d04cabac0ade"",""yes_price_dollars"":""0.4800""}"
KXBTC15M-26APR271515-15,2f870c05-afe4-48e0-c735-1cae1ac7b693,1777316414,0.49,19.88,no,"{""count_fp"":""19.88"",""created_time"":""2026-04-27T19:00:14.344524Z"",""no_price_dollars"":""0.5100"",""taker_side"":""no"",""ticker"":""KXBTC15M-26APR271515-15"",""trade_id"":""2f870c05-afe4-48e0-c735-1cae1ac7b693"",""yes_price_dollars"":""0.4900""}"
KXBTC15M-26APR271515-15,638fa460-cb34-6500-8512-9ad811300887,1777316414,0.49,9.47,no,"{""count_fp"":""9.47"",""created_time"":""2026-04-27T19:00:14.342274Z"",""no_price_dollars"":""0.5100"",""taker_side"":""no"",""ticker"":""KXBTC15M-26APR271515-15"",""trade_id"":""638fa460-cb34-6500-8512-9ad811300887"",""yes_price_dollars"":""0.4900""}"
KXBTC15M-26APR271515-15,e4c6ec55-30d1-57ff-6515-e891d751db78,1777316415,0.5,1.0,yes,"{""count_fp"":""1.00"",""created_time"":""2026-04-27T19:00:15.989516Z"",""no_price_dollars"":""0.5000"",""taker_side"":""yes"",""ticker"":""KXBTC15M-26APR271515-15"",""trade_id"":""e4c6ec55-30d1-57ff-6515-e891d751db78"",""yes_price_dollars"":""0.5000""}"
KXBTC15M-26APR271515-15,d8a19e16-be11-5b97-4a21-cec44c638743,1777316415,0.49,35.0,yes,"{""count_fp"":""35.00"",""created_time"":""2026-04-27T19:00:15.989516Z"",""no_price_dollars"":""0.5100"",""taker_side"":""yes"",""ticker"":""KXBTC15M-26APR271515-15"",""trade_id"":""d8a19e16-be11-5b97-4a21-cec44c638743"",""yes_price_dollars"":""0.4900""}"
KXBTC15M-26APR271515-15,5c6817ae-6e5d-5dfb-4146-713b7d8ce4d9,1777316415,0.51,4.42,yes,"{""count_fp"":""4.42"",""created_time"":""2026-04-27T19:00:15.989516Z"",""no_price_dollars"":""0.4900"",""taker_side"":""yes"",""ticker"":""KXBTC15M-26APR271515-15"",""trade_id"":""5c6817ae-6e5d-5dfb-4146-713b7d8ce4d9"",""yes_price_dollars"":""0.5100""}"
KXBTC15M-26APR271515-15,3143db21-93d5-5e83-7549-2d03cb2df4ad,1777316415,0.51,105.56,yes,"{""count_fp"":""105.56"",""created_time"":""2026-04-27T19:00:15.989516Z"",""no_price_dollars"":""0.4900"",""taker_side"":""yes"",""ticker"":""KXBTC15M-26APR271515-15"",""trade_id"":""3143db21-93d5-5e83-7549-2d03cb2df4ad"",""yes_price_dollars"":""0.5100""}"
KXBTC15M-26APR271515-15,f9a0fef0-8c25-576f-d56b-2e2b23d434b3,1777316415,0.49,32.88,yes,"{""count_fp"":""32.88"",""created_time"":""2026-04-27T19:00:15.986763Z"",""no_price_dollars"":""0.5100"",""taker_side"":""yes"",""ticker"":""KXBTC15M-26APR271515-15"",""trade_id"":""f9a0fef0-8c25-576f-d56b-2e2b23d434b3"",""yes_price_dollars"":""0.4900""}"
KXBTC15M-26APR271515-15,d7000885-cb8a-4a47-d667-1ac064834e33,1777316415,0.48,5.45,no,"{""count_fp"":""5.45"",""created_time"":""2026-04-27T19:00:15.965267Z"",""no_price_dollars"":""0.5200"",""taker_side"":""no"",""ticker"":""KXBTC15M-26APR271515-15"",""trade_id"":""d7000885-cb8a-4a47-d667-1ac064834e33"",""yes_price_dollars"":""0.4800""}"
KXBTC15M-26APR271515-15,0387ce2e-b5b2-6587-8d9a-bf473e025e93,1777316415,0.48,3.12,no,"{""count_fp"":""3.12"",""created_time"":""2026-04-27T19:00:15.783331Z"",""no_price_dollars"":""0.5200"",""taker_side"":""no"",""ticker"":""KXBTC15M-26APR271515-15"",""trade_id"":""0387ce2e-b5b2-6587-8d9a-bf473e025e93"",""yes_price_dollars"":""0.4800""}"
KXBTC15M-26APR271515-15,ba88fd57-b9a2-5e0b-0953-d5cb9dce3d13,1777316415,0.48,3.0,no,"{""count_fp"":""3.00"",""created_time"":""2026-04-27T19:00:15.729647Z"",""no_price_dollars"":""0.5200"",""taker_side"":""no"",""ticker"":""KXBTC15M-26APR271515-15"",""trade_id"":""ba88fd57-b9a2-5e0b-0953-d5cb9dce3d13"",""yes_price_dollars"":""0.4800""}"
KXBTC15M-26APR271515-15,544838cd-48c1-622b-7eb7-6a347eb42cdf,1777316415,0.49,9.85,yes,"{""count_fp"":""9.85"",""created_time"":""2026-04-27T19:00:15.639056Z"",""no_price_dollars"":""0.5100"",""taker_side"":""yes"",""ticker"":""KXBTC15M-26APR271515-15"",""trade_id"":""544838cd-48c1-622b-7eb7-6a347eb42cdf"",""yes_price_dollars"":""0.4900""}"
KXBTC15M-26APR271515-15,9f89087e-0632-7abb-1d22-551e259596d7,1777316415,0.48,2.0,no,"{""count_fp"":""2.00"",""created_time"":""2026-04-27T19:00:15.571134Z"",""no_price_dollars"":""0.5200"",""taker_side"":""no"",""ticker"":""KXBTC15M-26APR271515-15"",""trade_id"":""9f89087e-0632-7abb-1d22-551e259596d7"",""yes_price_dollars"":""0.4800""}"
KXBTC15M-26APR271515-15,9fe670d5-305b-431a-8959-11f980b9cefb,1777316416,0.54,1.0,no,"{""count_fp"":""1.00"",""created_time"":""2026-04-27T19:00:16.709794Z"",""no_price_dollars"":""0.4600"",""taker_side"":""no"",""ticker"":""KXBTC15M-26APR271515-15"",""trade_id"":""9fe670d5-305b-431a-8959-11f980b9cefb"",""yes_price_dollars"":""0.5400""}"
KXBTC15M-26APR271515-15,95975268-d710-6032-b467-5b0a46798ed2,1777316416,0.54,3.72,no,"{""count_fp"":""3.72"",""created_time"":""2026-04-27T19:00:16.387676Z"",""no_price_dollars"":""0.4600"",""taker_side"":""no"",""ticker"":""KXBTC15M-26APR271515-15"",""trade_id"":""95975268-d710-6032-b467-5b0a46798ed2"",""yes_price_dollars"":""0.5400""}"
KXBTC15M-26APR271515-15,a1338bf6-23ad-72ed-f7b5-7bd6e5cb46d1,1777316416,0.55,1.0,yes,"{""count_fp"":""1.00"",""created_time"":""2026-04-27T19:00:16.204112Z"",""no_price_dollars"":""0.4500"",""taker_side"":""yes"",""ticker"":""KXBTC15M-26APR271515-15"",""trade_id"":""a1338bf6-23ad-72ed-f7b5-7bd6e5cb46d1"",""yes_price_dollars"":""0.5500""}"
KXBTC15M-26APR271515-15,56c51f20-0aa7-7774-e477-c200568883ea,1777316416,0.55,100.0,yes,"{""count_fp"":""100.00"",""created_time"":""2026-04-27T19:00:16.204112Z"",""no_price_dollars"":""0.4500"",""taker_side"":""yes"",""ticker"":""KXBTC15M-26APR271515-15"",""trade_id"":""56c51f20-0aa7-7774-e477-c200568883ea"",""yes_price_dollars"":""0.5500""}"
KXBTC15M-26APR271515-15,d5241132-e8e1-5606-66fd-fa83d6d82b8d,1777316416,0.51,3.0,no,"{""count_fp"":""3.00"",""created_time"":""2026-04-27T19:00:16.194293Z"",""no_price_dollars"":""0.4900"",""taker_side"":""no"",""ticker"":""KXBTC15M-26APR271515-15"",""trade_id"":""d5241132-e8e1-5606-66fd-fa83d6d82b8d"",""yes_price_dollars"":""0.5100""}"
KXBTC15M-26APR271515-15,c387dd81-29b5-5e5b-56b3-ea127bb3f7b0,1777316416,0.52,29.0,no,"{""count_fp"":""29.00"",""created_time"":""2026-04-27T19:00:16.194293Z"",""no_price_dollars"":""0.4800"",""taker_side"":""no"",""ticker"":""KXBTC15M-26APR271515-15"",""trade_id"":""c387dd81-29b5-5e5b-56b3-ea127bb3f7b0"",""yes_price_dollars"":""0.5200""}"
KXBTC15M-26APR271515-15,b8e8573e-7453-5e66-60e8-b0baa1096390,1777316416,0.51,34.05,no,"{""count_fp"":""34.05"",""created_time"":""2026-04-27T19:00:16.194293Z"",""no_price_dollars"":""0.4900"",""taker_side"":""no"",""ticker"":""KXBTC15M-26APR271515-15"",""trade_id"":""b8e8573e-7453-5e66-60e8-b0baa1096390"",""yes_price_dollars"":""0.5100""}"
KXBTC15M-26APR271515-15,5ff83231-b586-5228-4549-e0dbffbdd758,1777316416,0.53,40.0,no,"{""count_fp"":""40.00"",""created_time"":""2026-04-27T19:00:16.194293Z"",""no_price_dollars"":""0.4700"",""taker_side"":""no"",""ticker"":""KXBTC15M-26APR271515-15"",""trade_id"":""5ff83231-b586-5228-4549-e0dbffbdd758"",""yes_price_dollars"":""0.5300""}"
KXBTC15M-26APR271515-15,1093ab32-63ae-5a45-5c8b-b08b5a5254d8,1777316416,0.52,40.0,no,"{""count_fp"":""40.00"",""created_time"":""2026-04-27T19:00:16.194293Z"",""no_price_dollars"":""0.4800"",""taker_side"":""no"",""ticker"":""KXBTC15M-26APR271515-15"",""trade_id"":""1093ab32-63ae-5a45-5c8b-b08b5a5254d8"",""yes_price_dollars"":""0.5200""}"
KXBTC15M-26APR271515-15,0ae5e20a-b270-5531-7ad3-b240fbf9a057,1777316416,0.51,40.0,no,"{""count_fp"":""40.00"",""created_time"":""2026-04-27T19:00:16.194293Z"",""no_price_dollars"":""0.4900"",""taker_side"":""no"",""ticker"":""KXBTC15M-26APR271515-15"",""trade_id"":""0ae5e20a-b270-5531-7ad3-b240fbf9a057"",""yes_price_dollars"":""0.5100""}"
KXBTC15M-26APR271515-15,6577686f-bb86-77dc-76e5-7d66e2e9f7cf,1777316416,0.54,7.82,yes,"{""count_fp"":""7.82"",""created_time"":""2026-04-27T19:00:16.192186Z"",""no_price_dollars"":""0.4600"",""taker_side"":""yes"",""ticker"":""KXBTC15M-26APR271515-15"",""trade_id"":""6577686f-bb86-77dc-76e5-7d66e2e9f7cf"",""yes_price_dollars"":""0.5400""}"
KXBTC15M-26APR271515-15,5f0f3a96-cc5a-742c-ff52-1085eae2191b,1777316416,0.54,48.43,yes,"{""count_fp"":""48.43"",""created_time"":""2026-04-27T19:00:16.172073Z"",""no_price_dollars"":""0.4600"",""taker_side"":""yes"",""ticker"":""KXBTC15M-26APR271515-15"",""trade_id"":""5f0f3a96-cc5a-742c-ff52-1085eae2191b"",""yes_price_dollars"":""0.5400""}"
KXBTC15M-26APR271515-15,c9edf040-431d-63aa-1cf1-e471c0a39fe3,1777316416,0.52,2.0,yes,"{""count_fp"":""2.00"",""created_time"":""2026-04-27T19:00:16.160992Z"",""no_price_dollars"":""0.4800"",""taker_side"":""yes"",""ticker"":""KXBTC15M-26APR271515-15"",""trade_id"":""c9edf040-431d-63aa-1cf1-e471c0a39fe3"",""yes_price_dollars"":""0.5200""}"
KXBTC15M-26APR271515-15,a756b43b-5b14-4158-52cd-d1a310fefe41,1777316416,0.51,1.0,yes,"{""count_fp"":""1.00"",""created_time"":""2026-04-27T19:00:16.116403Z"",""no_price_dollars"":""0.4900"",""taker_side"":""yes"",""ticker"":""KXBTC15M-26APR271515-15"",""trade_id"":""a756b43b-5b14-4158-52cd-d1a310fefe41"",""yes_price_dollars"":""0.5100""}"
KXBTC15M-26APR271515-15,8352938a-daeb-4290-4c93-a0525d0b5c74,1777316416,0.51,10.0,yes,"{""count_fp"":""10.00"",""created_time"":""2026-04-27T19:00:16.116403Z"",""no_price_dollars"":""0.4900"",""taker_side"":""yes"",""ticker"":""KXBTC15M-26APR271515-15"",""trade_id"":""8352938a-daeb-4290-4c93-a0525d0b5c74"",""yes_price_dollars"":""0.5100""}"
KXBTC15M-26APR271515-15,24527803-e3a3-7cf3-110e-fac92feff6c2,1777316417,0.55,9.0,no,"{""count_fp"":""9.00"",""created_time"":""2026-04-27T19:00:17.994788Z"",""no_price_dollars"":""0.4500"",""taker_side"":""no"",""ticker"":""KXBTC15M-26APR271515-15"",""trade_id"":""24527803-e3a3-7cf3-110e-fac92feff6c2"",""yes_price_dollars"":""0.5500""}"
KXBTC15M-26APR271515-15,c35a7c52-b0ec-6706-533b-00aa59620a08,1777316417,0.56,6.0,yes,"{""count_fp"":""6.00"",""created_time"":""2026-04-27T19:00:17.983355Z"",""no_price_dollars"":""0.4400"",""taker_side"":""yes"",""ticker"":""KXBTC15M-26APR271515-15"",""trade_id"":""c35a7c52-b0ec-6706-533b-00aa59620a08"",""yes_price_dollars"":""0.5600""}"
KXBTC15M-26APR271515-15,377b3184-8123-4beb-d229-3d347d065416,1777316417,0.55,16.75,no,"{""count_fp"":""16.75"",""created_time"":""2026-04-27T19:00:17.956432Z"",""no_price_dollars"":""0.4500"",""taker_side"":""no"",""ticker"":""KXBTC15M-26APR271515-15"",""trade_id"":""377b3184-8123-4beb-d229-3d347d065416"",""yes_price_dollars"":""0.5500""}"
KXBTC15M-26APR271515-15,6877bdc8-53c8-5e72-325e-f1a9ec0f6a90,1777316417,0.56,7.0,yes,"{""count_fp"":""7.00"",""created_time"":""2026-04-27T19:00:17.778479Z"",""no_price_dollars"":""0.4400"",""taker_side"":""yes"",""ticker"":""KXBTC15M-26APR271515-15"",""trade_id"":""6877bdc8-53c8-5e72-325e-f1a9ec0f6a90"",""yes_price_dollars"":""0.5600""}"
KXBTC15M-26APR271515-15,c66e39f2-e193-53c7-8652-c265b623b03e,1777316417,0.55,41.89,no,"{""count_fp"":""41.89"",""created_time"":""2026-04-27T19:00:17.757717Z"",""no_price_dollars"":""0.4500"",""taker_side"":""no"",""ticker"":""KXBTC15M-26APR271515-15"",""trade_id"":""c66e39f2-e193-53c7-8652-c265b623b03e"",""yes_price_dollars"":""0.5500""}"
KXBTC15M-26APR271515-15,896bd17f-4f8f-5e37-13c3-d5ec8b6ad7ca,1777316417,0.55,40.0,no,"{""count_fp"":""40.00"",""created_time"":""2026-04-27T19:00:17.750606Z"",""no_price_dollars"":""0.4500"",""taker_side"":""no"",""ticker"":""KXBTC15M-26APR271515-15"",""trade_id"":""896bd17f-4f8f-5e37-13c3-d5ec8b6ad7ca"",""yes_price_dollars"":""0.5500""}"
KXBTC15M-26APR271515-15,c4588d1e-528b-5867-3203-2d42f5abf3c0,1777316417,0.55,19.22,no,"{""count_fp"":""19.22"",""created_time"":""2026-04-27T19:00:17.598165Z"",""no_price_dollars"":""0.4500"",""taker_side"":""no"",""ticker"":""KXBTC15M-26APR271515-15"",""trade_id"":""c4588d1e-528b-5867-3203-2d42f5abf3c0"",""yes_price_dollars"":""0.5500""}"
KXBTC15M-26APR271515-15,b5e24608-ea3f-5e47-2cb2-ea6cf09d7f4a,1777316417,0.55,45.89,no,"{""count_fp"":""45.89"",""created_time"":""2026-04-27T19:00:17.598165Z"",""no_price_dollars"":""0.4500"",""taker_side"":""no"",""ticker"":""KXBTC15M-26APR271515-15"",""trade_id"":""b5e24608-ea3f-5e47-2cb2-ea6cf09d7f4a"",""yes_price_dollars"":""0.5500""}"
KXBTC15M-26APR271515-15,e648039d-a926-7cb4-2d54-5a41a851d385,1777316417,0.57,3.0,yes,"{""count_fp"":""3.00"",""created_time"":""2026-04-27T19:00:17.361804Z"",""no_price_dollars"":""0.4300"",""taker_side"":""yes"",""ticker"":""KXBTC15M-26APR271515-15"",""trade_id"":""e648039d-a926-7cb4-2d54-5a41a851d385"",""yes_price_dollars"":""0.5700""}"
KXBTC15M-26APR271515-15,9480e39f-b35d-79d7-1c53-e6590f078b85,1777316417,0.57,40.0,yes,"{""count_fp"":""40.00"",""created_time"":""2026-04-27T19:00:17.361804Z"",""no_price_dollars"":""0.4300"",""taker_side"":""yes"",""ticker"":""KXBTC15M-26APR271515-15"",""trade_id"":""9480e39f-b35d-79d7-1c53-e6590f078b85"",""yes_price_dollars"":""0.5700""}"
KXBTC15M-26APR271515-15,e0a22814-90ad-5f22-781e-11334d0fa7bb,1777316417,0.55,40.0,yes,"{""count_fp"":""40.00"",""created_time"":""2026-04-27T19:00:17.355388Z"",""no_price_dollars"":""0.4500"",""taker_side"":""yes"",""ticker"":""KXBTC15M-26APR271515-15"",""trade_id"":""e0a22814-90ad-5f22-781e-11334d0fa7bb"",""yes_price_dollars"":""0.5500""}"
KXBTC15M-26APR271515-15,4b30a531-9005-5a47-588f-9dd4a9d196b3,1777316417,0.55,1.0,yes,"{""count_fp"":""1.00"",""created_time"":""2026-04-27T19:00:17.355388Z"",""no_price_dollars"":""0.4500"",""taker_side"":""yes"",""ticker"":""KXBTC15M-26APR271515-15"",""trade_id"":""4b30a531-9005-5a47-588f-9dd4a9d196b3"",""yes_price_dollars"":""0.5500""}"
KXBTC15M-26APR271515-15,3a26ab45-dd5c-5b46-7d55-6482f770ee34,1777316417,0.55,10.0,yes,"{""count_fp"":""10.00"",""created_time"":""2026-04-27T19:00:17.355388Z"",""no_price_dollars"":""0.4500"",""taker_side"":""yes"",""ticker"":""KXBTC15M-26APR271515-15"",""trade_id"":""3a26ab45-dd5c-5b46-7d55-6482f770ee34"",""yes_price_dollars"":""0.5500""}"
KXBTC15M-26APR271515-15,c1d87e2f-07b7-62fe-02cd-74ac476431e3,1777316417,0.54,186.05,no,"{""count_fp"":""186.05"",""created_time"":""2026-04-27T19:00:17.254129Z"",""no_price_dollars"":""0.4600"",""taker_side"":""no"",""ticker"":""KXBTC15M-26APR271515-15"",""trade_id"":""c1d87e2f-07b7-62fe-02cd-74ac476431e3"",""yes_price_dollars"":""0.5400""}"
KXBTC15M-26APR271515-15,9aa39768-a89b-7586-7b2a-483dad8b0108,1777316418,0.56,40.0,no,"{""count_fp"":""40.00"",""created_time"":""2026-04-27T19:00:18.962659Z"",""no_price_dollars"":""0.4400"",""taker_side"":""no"",""ticker"":""KXBTC15M-26APR271515-15"",""trade_id"":""9aa39768-a89b-7586-7b2a-483dad8b0108"",""yes_price_dollars"":""0.5600""}"
KXBTC15M-26APR271515-15,0d831a6d-3daa-70e4-4f3a-28e4dcc56284,1777316418,0.56,19.91,no,"{""count_fp"":""19.91"",""created_time"":""2026-04-27T19:00:18.962659Z"",""no_price_dollars"":""0.4400"",""taker_side"":""no"",""ticker"":""KXBTC15M-26APR271515-15"",""trade_id"":""0d831a6d-3daa-70e4-4f3a-28e4dcc56284"",""yes_price_dollars"":""0.5600""}"
KXBTC15M-26APR271515-15,f2c02d25-a385-6a22-15a3-c6c4be903b5f,1777316418,0.57,40.0,yes,"{""count_fp"":""40.00"",""created_time"":""2026-04-27T19:00:18.753558Z"",""no_price_dollars"":""0.4300"",""taker_side"":""yes"",""ticker"":""KXBTC15M-26APR271515-15"",""trade_id"":""f2c02d25-a385-6a22-15a3-c6c4be903b5f"",""yes_price_dollars"":""0.5700""}"
KXBTC15M-26APR271515-15,e0df4ad1-7ee2-66b4-332c-2b434ab0ac56,1777316418,0.58,40.0,yes,"{""count_fp"":""40.00"",""created_time"":""2026-04-27T19:00:18.753558Z"",""no_price_dollars"":""0.4200"",""taker_side"":""yes"",""ticker"":""KXBTC15M-26APR271515-15"",""trade_id"":""e0df4ad1-7ee2-66b4-332c-2b434ab0ac56"",""yes_price_dollars"":""0.5800""}"
KXBTC15M-26APR271515-15,d0e11277-1c30-6816-2526-b572cf283b6d,1777316418,0.58,20.0,yes,"{""count_fp"":""20.00"",""created_time"":""2026-04-27T19:00:18.753558Z"",""no_price_dollars"":""0.4200"",""taker_side"":""yes"",""ticker"":""KXBTC15M-26APR271515-15"",""trade_id"":""d0e11277-1c30-6816-2526-b572cf283b6d"",""yes_price_dollars"":""0.5800""}"
KXBTC15M-26APR271515-15,b0116da5-5f0a-6804-3750-d8f2b191912c,1777316418,0.58,10.0,yes,"{""count_fp"":""10.00"",""created_time"":""2026-04-27T19:00:18.753558Z"",""no_price_dollars"":""0.4200"",""taker_side"":""yes"",""ticker"":""KXBTC15M-26APR271515-15"",""trade_id"":""b0116da5-5f0a-6804-3750-d8f2b191912c"",""yes_price_dollars"":""0.5800""}"
KXBTC15M-26APR271515-15,9fde8f2a-65cf-63f4-04d9-fc1a31d33dc0,1777316418,0.56,113.0,yes,"{""count_fp"":""113.00"",""created_time"":""2026-04-27T19:00:18.753558Z"",""no_price_dollars"":""0.4400"",""taker_side"":""yes"",""ticker"":""KXBTC15M-26APR271515-15"",""trade_id"":""9fde8f2a-65cf-63f4-04d9-fc1a31d33dc0"",""yes_price_dollars"":""0.5600""}"
KXBTC15M-26APR271515-15,9d29a404-a30c-6487-0c17-c3b0f62608ab,1777316418,0.57,1.0,yes,"{""count_fp"":""1.00"",""created_time"":""2026-04-27T19:00:18.753558Z"",""no_price_dollars"":""0.4300"",""taker_side"":""yes"",""ticker"":""KXBTC15M-26APR271515-15"",""trade_id"":""9d29a404-a30c-6487-0c17-c3b0f62608ab"",""yes_price_dollars"":""0.5700""}"
KXBTC15M-26APR271515-15,87ccf870-7f44-6d5e-0b61-18540b61a8b8,1777316418,0.56,21.0,yes,"{""count_fp"":""21.00"",""created_time"":""2026-04-27T19:00:18.753558Z"",""no_price_dollars"":""0.4400"",""taker_side"":""yes"",""ticker"":""KXBTC15M-26APR271515-15"",""trade_id"":""87ccf870-7f44-6d5e-0b61-18540b61a8b8"",""yes_price_dollars"":""0.5600""}"
KXBTC15M-26APR271515-15,76f2390d-e514-6af7-2fbb-0117609849dc,1777316418,0.59,514.68,yes,"{""count_fp"":""514.68"",""created_time"":""2026-04-27T19:00:18.753558Z"",""no_price_dollars"":""0.4100"",""taker_side"":""yes"",""ticker"":""KXBTC15M-26APR271515-15"",""trade_id"":""76f2390d-e514-6af7-2fbb-0117609849dc"",""yes_price_dollars"":""0.5900""}"
KXBTC15M-26APR271515-15,63f957e0-f543-6bf4-03b2-0d814e3f427f,1777316418,0.59,25.0,yes,"{""count_fp"":""25.00"",""created_time"":""2026-04-27T19:00:18.753558Z"",""no_price_dollars"":""0.4100"",""taker_side"":""yes"",""ticker"":""KXBTC15M-26APR271515-15"",""trade_id"":""63f957e0-f543-6bf4-03b2-0d814e3f427f"",""yes_price_dollars"":""0.5900""}"
KXBTC15M-26APR271515-15,5dd0cdd5-4241-6349-1ecd-ed3022caf07a,1777316418,0.59,40.0,yes,"{""count_fp"":""40.00"",""created_time"":""2026-04-27T19:00:18.753558Z"",""no_price_dollars"":""0.4100"",""taker_side"":""yes"",""ticker"":""KXBTC15M-26APR271515-15"",""trade_id"":""5dd0cdd5-4241-6349-1ecd-ed3022caf07a"",""yes_price_dollars"":""0.5900""}"
KXBTC15M-26APR271515-15,476ce84a-8f02-6840-379b-ebd4b366b01d,1777316418,0.57,3.0,yes,"{""count_fp"":""3.00"",""created_time"":""2026-04-27T19:00:18.753558Z"",""no_price_dollars"":""0.4300"",""taker_side"":""yes"",""ticker"":""KXBTC15M-26APR271515-15"",""trade_id"":""476ce84a-8f02-6840-379b-ebd4b366b01d"",""yes_price_dollars"":""0.5700""}"
KXBTC15M-26APR271515-15,8f2016f6-a781-4c39-ecb3-bbf19b3410fb,1777316418,0.55,1.0,no,"{""count_fp"":""1.00"",""created_time"":""2026-04-27T19:00:18.703816Z"",""no_price_dollars"":""0.4500"",""taker_side"":""no"",""ticker"":""KXBTC15M-26APR271515-15"",""trade_id"":""8f2016f6-a781-4c39-ecb3-bbf19b3410fb"",""yes_price_dollars"":""0.5500""}"
KXBTC15M-26APR271515-15,7fe3bb83-fe6e-4814-e113-9d614c948e9c,1777316418,0.55,13.89,no,"{""count_fp"":""13.89"",""created_time"":""2026-04-27T19:00:18.703816Z"",""no_price_dollars"":""0.4500"",""taker_side"":""no"",""ticker"":""KXBTC15M-26APR271515-15"",""trade_id"":""7fe3bb83-fe6e-4814-e113-9d614c948e9c"",""yes_price_dollars"":""0.5500""}"
KXBTC15M-26APR271515-15,741cdeb7-7973-481a-cdbf-832595b58e95,1777316418,0.55,17.0,no,"{""count_fp"":""17.00"",""created_time"":""2026-04-27T19:00:18.703816Z"",""no_price_dollars"":""0.4500"",""taker_side"":""no"",""ticker"":""KXBTC15M-26APR271515-15"",""trade_id"":""741cdeb7-7973-481a-cdbf-832595b58e95"",""yes_price_dollars"":""0.5500""}"
KXBTC15M-26APR271515-15,28490a6b-a4e4-421b-d629-f71c51486990,1777316418,0.55,10.0,no,"{""count_fp"":""10.00"",""created_time"":""2026-04-27T19:00:18.703816Z"",""no_price_dollars"":""0.4500"",""taker_side"":""no"",""ticker"":""KXBTC15M-26APR271515-15"",""trade_id"":""28490a6b-a4e4-421b-d629-f71c51486990"",""yes_price_dollars"":""0.5500""}"
KXBTC15M-26APR271515-15,9bf75d8a-fadb-4ea6-41d4-f269399eaffc,1777316418,0.54,9.3,no,"{""count_fp"":""9.30"",""created_time"":""2026-04-27T19:00:18.619252Z"",""no_price_dollars"":""0.4600"",""taker_side"":""no"",""ticker"":""KXBTC15M-26APR271515-15"",""trade_id"":""9bf75d8a-fadb-4ea6-41d4-f269399eaffc"",""yes_price_dollars"":""0.5400""}"
KXBTC15M-26APR271515-15,f80e051e-6b2c-422f-17f3-8e9fe83e1aa8,1777316418,0.55,100.0,no,"{""count_fp"":""100.00"",""created_time"":""2026-04-27T19:00:18.607521Z"",""no_price_dollars"":""0.4500"",""taker_side"":""no"",""ticker"":""KXBTC15M-26APR271515-15"",""trade_id"":""f80e051e-6b2c-422f-17f3-8e9fe83e1aa8"",""yes_price_dollars"":""0.5500""}"
KXBTC15M-26APR271515-15,ac25eb5a-32cf-402a-2651-e43034f62a13,1777316418,0.54,913.0,no,"{""count_fp"":""913.00"",""created_time"":""2026-04-27T19:00:18.607521Z"",""no_price_dollars"":""0.4600"",""taker_side"":""no"",""ticker"":""KXBTC15M-26APR271515-15"",""trade_id"":""ac25eb5a-32cf-402a-2651-e43034f62a13"",""yes_price_dollars"":""0.5400""}"
KXBTC15M-26APR271515-15,8d6913d5-a5da-443f-355e-415db27fe99c,1777316418,0.55,40.0,no,"{""count_fp"":""40.00"",""created_time"":""2026-04-27T19:00:18.607521Z"",""no_price_dollars"":""0.4500"",""taker_side"":""no"",""ticker"":""KXBTC15M-26APR271515-15"",""trade_id"":""8d6913d5-a5da-443f-355e-415db27fe99c"",""yes_price_dollars"":""0.5500""}"
KXBTC15M-26APR271515-15,8acc6204-ce6b-4415-2109-5b3f75accd34,1777316418,0.55,3.0,no,"{""count_fp"":""3.00"",""created_time"":""2026-04-27T19:00:18.607521Z"",""no_price_dollars"":""0.4500"",""taker_side"":""no"",""ticker"":""KXBTC15M-26APR271515-15"",""trade_id"":""8acc6204-ce6b-4415-2109-5b3f75accd34"",""yes_price_dollars"":""0.5500""}"
KXBTC15M-26APR271515-15,88ac484a-1a77-46db-356b-978ab45f6a02,1777316418,0.55,256.4,no,"{""count_fp"":""256.40"",""created_time"":""2026-04-27T19:00:18.607521Z"",""no_price_dollars"":""0.4500"",""taker_side"":""no"",""ticker"":""KXBTC15M-26APR271515-15"",""trade_id"":""88ac484a-1a77-46db-356b-978ab45f6a02"",""yes_price_dollars"":""0.5500""}"
KXBTC15M-26APR271515-15,7f8f53bc-d4b5-4426-1206-c803c614fd7c,1777316418,0.55,113.0,no,"{""count_fp"":""113.00"",""created_time"":""2026-04-27T19:00:18.607521Z"",""no_price_dollars"":""0.4500"",""taker_side"":""no"",""ticker"":""KXBTC15M-26APR271515-15"",""trade_id"":""7f8f53bc-d4b5-4426-1206-c803c614fd7c"",""yes_price_dollars"":""0.5500""}"
KXBTC15M-26APR271515-15,7a2c9f6d-7c0b-4be2-06ce-d4b6b1374acc,1777316418,0.54,192.43,no,"{""count_fp"":""192.43"",""created_time"":""2026-04-27T19:00:18.607521Z"",""no_price_dollars"":""0.4600"",""taker_side"":""no"",""ticker"":""KXBTC15M-26APR271515-15"",""trade_id"":""7a2c9f6d-7c0b-4be2-06ce-d4b6b1374acc"",""yes_price_dollars"":""0.5400""}"
KXBTC15M-26APR271515-15,2c39ec61-b748-4d4d-05bd-47c637173ac0,1777316418,0.55,10.0,no,"{""count_fp"":""10.00"",""created_time"":""2026-04-27T19:00:18.607521Z"",""no_price_dollars"":""0.4500"",""taker_side"":""no"",""ticker"":""KXBTC15M-26APR271515-15"",""trade_id"":""2c39ec61-b748-4d4d-05bd-47c637173ac0"",""yes_price_dollars"":""0.5500""}"
KXBTC15M-26APR271515-15,1d849a42-d1ff-44c5-3307-5248718e6034,1777316418,0.55,5.0,no,"{""count_fp"":""5.00"",""created_time"":""2026-04-27T19:00:18.607521Z"",""no_price_dollars"":""0.4500"",""taker_side"":""no"",""ticker"":""KXBTC15M-26APR271515-15"",""trade_id"":""1d849a42-d1ff-44c5-3307-5248718e6034"",""yes_price_dollars"":""0.5500""}"
KXBTC15M-26APR271515-15,0c3b86ed-118d-44b3-05b7-912a055e667f,1777316418,0.55,20.0,no,"{""count_fp"":""20.00"",""created_time"":""2026-04-27T19:00:18.607521Z"",""no_price_dollars"":""0.4500"",""taker_side"":""no"",""ticker"":""KXBTC15M-26APR271515-15"",""trade_id"":""0c3b86ed-118d-44b3-05b7-912a055e667f"",""yes_price_dollars"":""0.5500""}"
KXBTC15M-26APR271515-15,0c25483e-af4a-4837-2ed5-4b5e4c2be13f,1777316418,0.55,400.0,no,"{""count_fp"":""400.00"",""created_time"":""2026-04-27T19:00:18.607521Z"",""no_price_dollars"":""0.4500"",""taker_side"":""no"",""ticker"":""KXBTC15M-26APR271515-15"",""trade_id"":""0c25483e-af4a-4837-2ed5-4b5e4c2be13f"",""yes_price_dollars"":""0.5500""}"
KXBTC15M-26APR271515-15,946641b8-c60f-7233-f1ea-39b7952296fa,1777316418,0.55,90.07,no,"{""count_fp"":""90.07"",""created_time"":""2026-04-27T19:00:18.090956Z"",""no_price_dollars"":""0.4500"",""taker_side"":""no"",""ticker"":""KXBTC15M-26APR271515-15"",""trade_id"":""946641b8-c60f-7233-f1ea-39b7952296fa"",""yes_price_dollars"":""0.5500""}"
KXBTC15M-26APR271515-15,bd376b7d-3346-6888-addf-710fcd978a80,1777316419,0.56,160.48,no,"{""count_fp"":""160.48"",""created_time"":""2026-04-27T19:00:19.290803Z"",""no_price_dollars"":""0.4400"",""taker_side"":""no"",""ticker"":""KXBTC15M-26APR271515-15"",""trade_id"":""bd376b7d-3346-6888-addf-710fcd978a80"",""yes_price_dollars"":""0.5600""}"
KXBTC15M-26APR271515-15,8d5ddc35-f6d0-6f57-218c-95b9d1d642fc,1777316419,0.57,168.63,yes,"{""count_fp"":""168.63"",""created_time"":""2026-04-27T19:00:19.076922Z"",""no_price_dollars"":""0.4300"",""taker_side"":""yes"",""ticker"":""KXBTC15M-26APR271515-15"",""trade_id"":""8d5ddc35-f6d0-6f57-218c-95b9d1d642fc"",""yes_price_dollars"":""0.5700""}"
KXBTC15M-26APR271515-15,09dcf62a-8486-6a90-4c8d-3bb28a0d272c,1777316419,0.56,5.34,no,"{""count_fp"":""5.34"",""created_time"":""2026-04-27T19:00:19.005994Z"",""no_price_dollars"":""0.4400"",""taker_side"":""no"",""ticker"":""KXBTC15M-26APR271515-15"",""trade_id"":""09dcf62a-8486-6a90-4c8d-3bb28a0d272c"",""yes_price_dollars"":""0.5600""}"
KXBTC15M-26APR271515-15,f8e59a09-dca2-495c-8ec3-d43457aa21a4,1777316420,0.56,21.0,no,"{""count_fp"":""21.00"",""created_time"":""2026-04-27T19:00:20.740325Z"",""no_price_dollars"":""0.4400"",""taker_side"":""no"",""ticker"":""KXBTC15M-26APR271515-15"",""trade_id"":""f8e59a09-dca2-495c-8ec3-d43457aa21a4"",""yes_price_dollars"":""0.5600""}"
KXBTC15M-26APR271515-15,9dbc0940-2fce-55e0-3e2b-02b5b43754d0,1777316420,0.56,54.67,no,"{""count_fp"":""54.67"",""created_time"":""2026-04-27T19:00:20.670834Z"",""no_price_dollars"":""0.4400"",""taker_side"":""no"",""ticker"":""KXBTC15M-26APR271515-15"",""trade_id"":""9dbc0940-2fce-55e0-3e2b-02b5b43754d0"",""yes_price_dollars"":""0.5600""}"
KXBTC15M-26APR271515-15,ffcb21f1-6ac0-4daf-4765-84f88775d77c,1777316420,0.57,10.0,yes,"{""count_fp"":""10.00"",""created_time"":""2026-04-27T19:00:20.574907Z"",""no_price_dollars"":""0.4300"",""taker_side"":""yes"",""ticker"":""KXBTC15M-26APR271515-15"",""trade_id"":""ffcb21f1-6ac0-4daf-4765-84f88775d77c"",""yes_price_dollars"":""0.5700""}"
KXBTC15M-26APR271515-15,8b6ad3e4-3b62-7db0-1943-6d7a22a4ce34,1777316420,0.56,1.0,no,"{""count_fp"":""1.00"",""created_time"":""2026-04-27T19:00:20.295407Z"",""no_price_dollars"":""0.4400"",""taker_side"":""no"",""ticker"":""KXBTC15M-26APR271515-15"",""trade_id"":""8b6ad3e4-3b62-7db0-1943-6d7a22a4ce34"",""yes_price_dollars"":""0.5600""}"
KXBTC15M-26APR271515-15,fd3c7f51-e295-7bd6-9ff6-44c6dd8a5b27,1777316421,0.57,0.17,yes,"{""count_fp"":""0.17"",""created_time"":""2026-04-27T19:00:21.998501Z"",""no_price_dollars"":""0.4300"",""taker_side"":""yes"",""ticker"":""KXBTC15M-26APR271515-15"",""trade_id"":""fd3c7f51-e295-7bd6-9ff6-44c6dd8a5b27"",""yes_price_dollars"":""0.5700""}"
KXBTC15M-26APR271515-15,fbb6182d-2ab5-4766-f08b-4d4d1f9ce5c3,1777316421,0.57,12.83,yes,"{""count_fp"":""12.83"",""created_time"":""2026-04-27T19:00:21.964268Z"",""no_price_dollars"":""0.4300"",""taker_side"":""yes"",""ticker"":""KXBTC15M-26APR271515-15"",""trade_id"":""fbb6182d-2ab5-4766-f08b-4d4d1f9ce5c3"",""yes_price_dollars"":""0.5700""}"
KXBTC15M-26APR271515-15,de9b831f-e428-4f39-eddd-6da0749f5113,1777316421,0.57,3.0,yes,"{""count_fp"":""3.00"",""created_time"":""2026-04-27T19:00:21.964268Z"",""no_price_dollars"":""0.4300"",""taker_side"":""yes"",""ticker"":""KXBTC15M-26APR271515-15"",""trade_id"":""de9b831f-e428-4f39-eddd-6da0749f5113"",""yes_price_dollars"":""0.5700""}"
KXBTC15M-26APR271515-15,6709e44b-6da4-442f-cb92-21f40d1b1ef8,1777316421,0.57,88.06,yes,"{""count_fp"":""88.06"",""created_time"":""2026-04-27T19:00:21.964268Z"",""no_price_dollars"":""0.4300"",""taker_side"":""yes"",""ticker"":""KXBTC15M-26APR271515-15"",""trade_id"":""6709e44b-6da4-442f-cb92-21f40d1b1ef8"",""yes_price_dollars"":""0.5700""}"
KXBTC15M-26APR271515-15,7386ec45-5db2-588c-4bed-4c9707d5e7a8,1777316421,0.56,4.37,no,"{""count_fp"":""4.37"",""created_time"":""2026-04-27T19:00:21.903535Z"",""no_price_dollars"":""0.4400"",""taker_side"":""no"",""ticker"":""KXBTC15M-26APR271515-15"",""trade_id"":""7386ec45-5db2-588c-4bed-4c9707d5e7a8"",""yes_price_dollars"":""0.5600""}"
KXBTC15M-26APR271515-15,53cd4ee7-c736-4644-02fe-fb304e19d120,1777316421,0.56,1.64,no,"{""count_fp"":""1.64"",""created_time"":""2026-04-27T19:00:21.438647Z"",""no_price_dollars"":""0.4400"",""taker_side"":""no"",""ticker"":""KXBTC15M-26APR271515-15"",""trade_id"":""53cd4ee7-c736-4644-02fe-fb304e19d120"",""yes_price_dollars"":""0.5600""}"
KXBTC15M-26APR271515-15,9e552f49-e95a-536c-2ccc-bf7c918f59f4,1777316421,0.56,8.66,no,"{""count_fp"":""8.66"",""created_time"":""2026-04-27T19:00:21.355764Z"",""no_price_dollars"":""0.4400"",""taker_side"":""no"",""ticker"":""KXBTC15M-26APR271515-15"",""trade_id"":""9e552f49-e95a-536c-2ccc-bf7c918f59f4"",""yes_price_dollars"":""0.5600""}"
KXBTC15M-26APR271515-15,115fae81-8c1a-4c5c-bbd2-b51608e32c64,1777316421,0.56,43.73,no,"{""count_fp"":""43.73"",""created_time"":""2026-04-27T19:00:21.351746Z"",""no_price_dollars"":""0.4400"",""taker_side"":""no"",""ticker"":""KXBTC15M-26APR271515-15"",""trade_id"":""115fae81-8c1a-4c5c-bbd2-b51608e32c64"",""yes_price_dollars"":""0.5600""}"
KXBTC15M-26APR271515-15,1300787c-c792-7f68-6e46-04564afb76f8,1777316421,0.56,63.64,no,"{""count_fp"":""63.64"",""created_time"":""2026-04-27T19:00:21.186629Z"",""no_price_dollars"":""0.4400"",""taker_side"":""no"",""ticker"":""KXBTC15M-26APR271515-15"",""trade_id"":""1300787c-c792-7f68-6e46-04564afb76f8"",""yes_price_dollars"":""0.5600""}"
KXBTC15M-26APR271515-15,9eb7cdff-a848-46fb-11bb-04ed3893507c,1777316421,0.57,1.7,yes,"{""count_fp"":""1.70"",""created_time"":""2026-04-27T19:00:21.139663Z"",""no_price_dollars"":""0.4300"",""taker_side"":""yes"",""ticker"":""KXBTC15M-26APR271515-15"",""trade_id"":""9eb7cdff-a848-46fb-11bb-04ed3893507c"",""yes_price_dollars"":""0.5700""}"
KXBTC15M-26APR271515-15,ada7cea5-2de4-44d3-59e9-6b081bbea434,1777316421,0.57,16.93,yes,"{""count_fp"":""16.93"",""created_time"":""2026-04-27T19:00:21.088856Z"",""no_price_dollars"":""0.4300"",""taker_side"":""yes"",""ticker"":""KXBTC15M-26APR271515-15"",""trade_id"":""ada7cea5-2de4-44d3-59e9-6b081bbea434"",""yes_price_dollars"":""0.5700""}"
KXBTC15M-26APR271515-15,19271542-a51a-5acc-60c8-375c0542266c,1777316421,0.56,10.93,no,"{""count_fp"":""10.93"",""created_time"":""2026-04-27T19:00:21.058458Z"",""no_price_dollars"":""0.4400"",""taker_side"":""no"",""ticker"":""KXBTC15M-26APR271515-15"",""trade_id"":""19271542-a51a-5acc-60c8-375c0542266c"",""yes_price_dollars"":""0.5600""}"
KXBTC15M-26APR271515-15,cbffcc9e-535a-4758-b442-bc91d4d69678,1777316421,0.56,2.09,no,"{""count_fp"":""2.09"",""created_time"":""2026-04-27T19:00:21.051016Z"",""no_price_dollars"":""0.4400"",""taker_side"":""no"",""ticker"":""KXBTC15M-26APR271515-15"",""trade_id"":""cbffcc9e-535a-4758-b442-bc91d4d69678"",""yes_price_dollars"":""0.5600""}"
KXBTC15M-26APR271515-15,f73a23f4-a288-4c97-1cf1-42b8f9621dd8,1777316422,0.49,6.0,no,"{""count_fp"":""6.00"",""created_time"":""2026-04-27T19:00:22.952149Z"",""no_price_dollars"":""0.5100"",""taker_side"":""no"",""ticker"":""KXBTC15M-26APR271515-15"",""trade_id"":""f73a23f4-a288-4c97-1cf1-42b8f9621dd8"",""yes_price_dollars"":""0.4900""}"
KXBTC15M-26APR271515-15,eccdb4f0-97fa-4268-0392-3e355b2681b9,1777316422,0.47,40.0,no,"{""count_fp"":""40.00"",""created_time"":""2026-04-27T19:00:22.952149Z"",""no_price_dollars"":""0.5300"",""taker_side"":""no"",""ticker"":""KXBTC15M-26APR271515-15"",""trade_id"":""eccdb4f0-97fa-4268-0392-3e355b2681b9"",""yes_price_dollars"":""0.4700""}"
KXBTC15M-26APR271515-15,ebf039b6-aef7-4742-3680-2745691bccc0,1777316422,0.56,634.65,no,"{""count_fp"":""634.65"",""created_time"":""2026-04-27T19:00:22.952149Z"",""no_price_dollars"":""0.4400"",""taker_side"":""no"",""ticker"":""KXBTC15M-26APR271515-15"",""trade_id"":""ebf039b6-aef7-4742-3680-2745691bccc0"",""yes_price_dollars"":""0.5600""}"
KXBTC15M-26APR271515-15,ebc9ff98-e23b-425f-0a5a-1ce171c2387a,1777316422,0.55,56.0,no,"{""count_fp"":""56.00"",""created_time"":""2026-04-27T19:00:22.952149Z"",""no_price_dollars"":""0.4500"",""taker_side"":""no"",""ticker"":""KXBTC15M-26APR271515-15"",""trade_id"":""ebc9ff98-e23b-425f-0a5a-1ce171c2387a"",""yes_price_dollars"":""0.5500""}"
KXBTC15M-26APR271515-15,dffb3a3a-d5f2-4bed-378d-4dab22c4586f,1777316422,0.56,500.0,no,"{""count_fp"":""500.00"",""created_time"":""2026-04-27T19:00:22.952149Z"",""no_price_dollars"":""0.4400"",""taker_side"":""no"",""ticker"":""KXBTC15M-26APR271515-15"",""trade_id"":""dffb3a3a-d5f2-4bed-378d-4dab22c4586f"",""yes_price_dollars"":""0.5600""}"
KXBTC15M-26APR271515-15,d8c79d6b-ff8e-4b2b-386f-b008b7fc5683,1777316422,0.48,26.43,no,"{""count_fp"":""26.43"",""created_time"":""2026-04-27T19:00:22.952149Z"",""no_price_dollars"":""0.5200"",""taker_side"":""no"",""ticker"":""KXBTC15M-26APR271515-15"",""trade_id"":""d8c79d6b-ff8e-4b2b-386f-b008b7fc5683"",""yes_price_dollars"":""0.4800""}"
KXBTC15M-26APR271515-15,cc2486f9-e001-4ced-0c4c-cbd24b6af540,1777316422,0.56,40.0,no,"{""count_fp"":""40.00"",""created_time"":""2026-04-27T19:00:22.952149Z"",""no_price_dollars"":""0.4400"",""taker_side"":""no"",""ticker"":""KXBTC15M-26APR271515-15"",""trade_id"":""cc2486f9-e001-4ced-0c4c-cbd24b6af540"",""yes_price_dollars"":""0.5600""}"
KXBTC15M-26APR271515-15,cb9b4c34-1864-465c-19ea-0ee824815348,1777316422,0.54,1100.0,no,"{""count_fp"":""1100.00"",""created_time"":""2026-04-27T19:00:22.952149Z"",""no_price_dollars"":""0.4600"",""taker_side"":""no"",""ticker"":""KXBTC15M-26APR271515-15"",""trade_id"":""cb9b4c34-1864-465c-19ea-0ee824815348"",""yes_price_dollars"":""0.5400""}"
KXBTC15M-26APR271515-15,a4636c51-8374-4a9b-1809-2006665b304e,1777316422,0.47,10.0,no,"{""count_fp"":""10.00"",""created_time"":""2026-04-27T19:00:22.952149Z"",""no_price_dollars"":""0.5300"",""taker_side"":""no"",""ticker"":""KXBTC15M-26APR271515-15"",""trade_id"":""a4636c51-8374-4a9b-1809-2006665b304e"",""yes_price_dollars"":""0.4700""}"
KXBTC15M-26APR271515-15,a34355b7-477e-4829-0351-e2ba514629df,1777316422,0.56,20.0,no,"{""count_fp"":""20.00"",""created_time"":""2026-04-27T19:00:22.952149Z"",""no_price_dollars"":""0.4400"",""taker_side"":""no"",""ticker"":""KXBTC15M-26APR271515-15"",""trade_id"":""a34355b7-477e-4829-0351-e2ba514629df"",""yes_price_dollars"":""0.5600""}"
KXBTC15M-26APR271515-15,a1fca0d2-3947-4be4-301b-093ec4d56a99,1777316422,0.45,40.0,no,"{""count_fp"":""40.00"",""created_time"":""2026-04-27T19:00:22.952149Z"",""no_price_dollars"":""0.5500"",""taker_side"":""no"",""ticker"":""KXBTC15M-26APR271515-15"",""trade_id"":""a1fca0d2-3947-4be4-301b-093ec4d56a99"",""yes_price_dollars"":""0.4500""}"
KXBTC15M-26APR271515-15,a07c8b96-afb5-4919-2355-ed866d50fd24,1777316422,0.54,150.0,no,"{""count_fp"":""150.00"",""created_time"":""2026-04-27T19:00:22.952149Z"",""no_price_dollars"":""0.4600"",""taker_side"":""no"",""ticker"":""KXBTC15M-26APR271515-15"",""trade_id"":""a07c8b96-afb5-4919-2355-ed866d50fd24"",""yes_price_dollars"":""0.5400""}"
KXBTC15M-26APR271515-15,9579f692-fe8e-43d7-2ba4-852f3b594ef9,1777316422,0.45,100.0,no,"{""count_fp"":""100.00"",""created_time"":""2026-04-27T19:00:22.952149Z"",""no_price_dollars"":""0.5500"",""taker_side"":""no"",""ticker"":""KXBTC15M-26APR271515-15"",""trade_id"":""9579f692-fe8e-43d7-2ba4-852f3b594ef9"",""yes_price_dollars"":""0.4500""}"
KXBTC15M-26APR271515-15,8e70bd5a-873d-4539-33fb-17fc3dd9cd59,1777316422,0.56,20.0,no,"{""count_fp"":""20.00"",""created_time"":""2026-04-27T19:00:22.952149Z"",""no_price_dollars"":""0.4400"",""taker_side"":""no"",""ticker"":""KXBTC15M-26APR271515-15"",""trade_id"":""8e70bd5a-873d-4539-33fb-17fc3dd9cd59"",""yes_price_dollars"":""0.5600""}"
KXBTC15M-26APR271515-15,7f0c0acd-6ada-4455-2716-cf1d1133093b,1777316422,0.55,50.0,no,"{""count_fp"":""50.00"",""created_time"":""2026-04-27T19:00:22.952149Z"",""no_price_dollars"":""0.4500"",""taker_side"":""no"",""ticker"":""KXBTC15M-26APR271515-15"",""trade_id"":""7f0c0acd-6ada-4455-2716-cf1d1133093b"",""yes_price_dollars"":""0.5500""}"
KXBTC15M-26APR271515-15,775ad080-c7d5-481b-29e0-d1d3044b6f53,1777316422,0.53,40.0,no,"{""count_fp"":""40.00"",""created_time"":""2026-04-27T19:00:22.952149Z"",""no_price_dollars"":""0.4700"",""taker_side"":""no"",""ticker"":""KXBTC15M-26APR271515-15"",""trade_id"":""775ad080-c7d5-481b-29e0-d1d3044b6f53"",""yes_price_dollars"":""0.5300""}"
KXBTC15M-26APR271515-15,6f2604e2-0c05-463a-3c50-fa3fd8af7c07,1777316422,0.5,1.0,no,"{""count_fp"":""1.00"",""created_time"":""2026-04-27T19:00:22.952149Z"",""no_price_dollars"":""0.5000"",""taker_side"":""no"",""ticker"":""KXBTC15M-26APR271515-15"",""trade_id"":""6f2604e2-0c05-463a-3c50-fa3fd8af7c07"",""yes_price_dollars"":""0.5000""}"
KXBTC15M-26APR271515-15,63e41f21-fe81-4028-37fb-1a9892eb3473,1777316422,0.53,400.0,no,"{""count_fp"":""400.00"",""created_time"":""2026-04-27T19:00:22.952149Z"",""no_price_dollars"":""0.4700"",""taker_side"":""no"",""ticker"":""KXBTC15M-26APR271515-15"",""trade_id"":""63e41f21-fe81-4028-37fb-1a9892eb3473"",""yes_price_dollars"":""0.5300""}"
KXBTC15M-26APR271515-15,60d64505-fcb9-45b4-0f1f-9ca5515abde7,1777316422,0.56,5.0,no,"{""count_fp"":""5.00"",""created_time"":""2026-04-27T19:00:22.952149Z"",""no_price_dollars"":""0.4400"",""taker_side"":""no"",""ticker"":""KXBTC15M-26APR271515-15"",""trade_id"":""60d64505-fcb9-45b4-0f1f-9ca5515abde7"",""yes_price_dollars"":""0.5600""}"
KXBTC15M-26APR271515-15,5e21b1da-2973-45d0-123f-14f0add721a5,1777316422,0.52,40.0,no,"{""count_fp"":""40.00"",""created_time"":""2026-04-27T19:00:22.952149Z"",""no_price_dollars"":""0.4800"",""taker_side"":""no"",""ticker"":""KXBTC15M-26APR271515-15"",""trade_id"":""5e21b1da-2973-45d0-123f-14f0add721a5"",""yes_price_dollars"":""0.5200""}"
KXBTC15M-26APR271515-15,5c765fe9-c9d8-4415-18c4-54046831d4d3,1777316422,0.48,1.0,no,"{""count_fp"":""1.00"",""created_time"":""2026-04-27T19:00:22.952149Z"",""no_price_dollars"":""0.5200"",""taker_side"":""no"",""ticker"":""KXBTC15M-26APR271515-15"",""trade_id"":""5c765fe9-c9d8-4415-18c4-54046831d4d3"",""yes_price_dollars"":""0.4800""}"
KXBTC15M-26APR271515-15,5a364dd2-0ee7-40c8-160c-c6902432349d,1777316422,0.54,40.0,no,"{""count_fp"":""40.00"",""created_time"":""2026-04-27T19:00:22.952149Z"",""no_price_dollars"":""0.4600"",""taker_side"":""no"",""ticker"":""KXBTC15M-26APR271515-15"",""trade_id"":""5a364dd2-0ee7-40c8-160c-c6902432349d"",""yes_price_dollars"":""0.5400""}"
KXBTC15M-26APR271515-15,4c50efb7-e745-420b-3b7e-6a429083e7e7,1777316422,0.49,40.0,no,"{""count_fp"":""40.00"",""created_time"":""2026-04-27T19:00:22.952149Z"",""no_price_dollars"":""0.5100"",""taker_side"":""no"",""ticker"":""KXBTC15M-26APR271515-15"",""trade_id"":""4c50efb7-e745-420b-3b7e-6a429083e7e7"",""yes_price_dollars"":""0.4900""}"
KXBTC15M-26APR271515-15,436eab75-0f99-4b62-1270-f455460b6d09,1777316422,0.54,2.0,no,"{""count_fp"":""2.00"",""created_time"":""2026-04-27T19:00:22.952149Z"",""no_price_dollars"":""0.4600"",""taker_side"":""no"",""ticker"":""KXBTC15M-26APR271515-15"",""trade_id"":""436eab75-0f99-4b62-1270-f455460b6d09"",""yes_price_dollars"":""0.5400""}"
KXBTC15M-26APR271515-15,409f0cc3-fade-4c8b-0118-ff1109378256,1777316422,0.5,75.0,no,"{""count_fp"":""75.00"",""created_time"":""2026-04-27T19:00:22.952149Z"",""no_price_dollars"":""0.5000"",""taker_side"":""no"",""ticker"":""KXBTC15M-26APR271515-15"",""trade_id"":""409f0cc3-fade-4c8b-0118-ff1109378256"",""yes_price_dollars"":""0.5000""}"
KXBTC15M-26APR271515-15,40002db4-78f6-4a41-3dc1-5e9b83621f45,1777316422,0.55,113.0,no,"{""count_fp"":""113.00"",""created_time"":""2026-04-27T19:00:22.952149Z"",""no_price_dollars"":""0.4500"",""taker_side"":""no"",""ticker"":""KXBTC15M-26APR271515-15"",""trade_id"":""40002db4-78f6-4a41-3dc1-5e9b83621f45"",""yes_price_dollars"":""0.5500""}"
KXBTC15M-26APR271515-15,3ddd23e2-26da-4ff5-1f4d-ab947534df5e,1777316422,0.56,3.0,no,"{""count_fp"":""3.00"",""created_time"":""2026-04-27T19:00:22.952149Z"",""no_price_dollars"":""0.4400"",""taker_side"":""no"",""ticker"":""KXBTC15M-26APR271515-15"",""trade_id"":""3ddd23e2-26da-4ff5-1f4d-ab947534df5e"",""yes_price_dollars"":""0.5600""}"
KXBTC15M-26APR271515-15,3cc6c651-f483-4e74-3c54-f59c1c3aef1d,1777316422,0.51,40.0,no,"{""count_fp"":""40.00"",""created_time"":""2026-04-27T19:00:22.952149Z"",""no_price_dollars"":""0.4900"",""taker_side"":""no"",""ticker"":""KXBTC15M-26APR271515-15"",""trade_id"":""3cc6c651-f483-4e74-3c54-f59c1c3aef1d"",""yes_price_dollars"":""0.5100""}"
KXBTC15M-26APR271515-15,3c7f0db8-2193-4485-1ad6-775877130892,1777316422,0.53,2.0,no,"{""count_fp"":""2.00"",""created_time"":""2026-04-27T19:00:22.952149Z"",""no_price_dollars"":""0.4700"",""taker_side"":""no"",""ticker"":""KXBTC15M-26APR271515-15"",""trade_id"":""3c7f0db8-2193-4485-1ad6-775877130892"",""yes_price_dollars"":""0.5300""}"
KXBTC15M-26APR271515-15,377c4c79-7929-4bd3-31a5-4569688440b6,1777316422,0.44,847.38,no,"{""count_fp"":""847.38"",""created_time"":""2026-04-27T19:00:22.952149Z"",""no_price_dollars"":""0.5600"",""taker_side"":""no"",""ticker"":""KXBTC15M-26APR271515-15"",""trade_id"":""377c4c79-7929-4bd3-31a5-4569688440b6"",""yes_price_dollars"":""0.4400""}"
KXBTC15M-26APR271515-15,35a7113d-f5eb-4dee-0ddf-ed08ffc46170,1777316422,0.55,2.0,no,"{""count_fp"":""2.00"",""created_time"":""2026-04-27T19:00:22.952149Z"",""no_price_dollars"":""0.4500"",""taker_side"":""no"",""ticker"":""KXBTC15M-26APR271515-15"",""trade_id"":""35a7113d-f5eb-4dee-0ddf-ed08ffc46170"",""yes_price_dollars"":""0.5500""}"
KXBTC15M-26APR271515-15,3090f51a-84a2-4c1b-1c50-5a9d1e8aa152,1777316422,0.46,40.0,no,"{""count_fp"":""40.00"",""created_time"":""2026-04-27T19:00:22.952149Z"",""no_price_dollars"":""0.5400"",""taker_side"":""no"",""ticker"":""KXBTC15M-26APR271515-15"",""trade_id"":""3090f51a-84a2-4c1b-1c50-5a9d1e8aa152"",""yes_price_dollars"":""0.4600""}"
KXBTC15M-26APR271515-15,29ac84e1-92d9-4c00-2aca-a17d22148555,1777316422,0.5,40.0,no,"{""count_fp"":""40.00"",""created_time"":""2026-04-27T19:00:22.952149Z"",""no_price_dollars"":""0.5000"",""taker_side"":""no"",""ticker"":""KXBTC15M-26APR271515-15"",""trade_id"":""29ac84e1-92d9-4c00-2aca-a17d22148555"",""yes_price_dollars"":""0.5000""}"
KXBTC15M-26APR271515-15,224f330c-a958-47c7-0a8a-465a8842b775,1777316422,0.54,10.0,no,"{""count_fp"":""10.00"",""created_time"":""2026-04-27T19:00:22.952149Z"",""no_price_dollars"":""0.4600"",""taker_side"":""no"",""ticker"":""KXBTC15M-26APR271515-15"",""trade_id"":""224f330c-a958-47c7-0a8a-465a8842b775"",""yes_price_dollars"":""0.5400""}"
KXBTC15M-26APR271515-15,21f87c14-3d43-4e83-01d5-e74a6f75d391,1777316422,0.44,174.0,no,"{""count_fp"":""174.00"",""created_time"":""2026-04-27T19:00:22.952149Z"",""no_price_dollars"":""0.5600"",""taker_side"":""no"",""ticker"":""KXBTC15M-26APR271515-15"",""trade_id"":""21f87c14-3d43-4e83-01d5-e74a6f75d391"",""yes_price_dollars"":""0.4400""}"
KXBTC15M-26APR271515-15,1c7cb780-713b-45da-01de-897e39a4a60d,1777316422,0.55,40.0,no,"{""count_fp"":""40.00"",""created_time"":""2026-04-27T19:00:22.952149Z"",""no_price_dollars"":""0.4500"",""taker_side"":""no"",""ticker"":""KXBTC15M-26APR271515-15"",""trade_id"":""1c7cb780-713b-45da-01de-897e39a4a60d"",""yes_price_dollars"":""0.5500""}"
KXBTC15M-26APR271515-15,0fc91bba-2dcc-4efa-3b83-553cfd72f6c5,1777316422,0.44,40.0,no,"{""count_fp"":""40.00"",""created_time"":""2026-04-27T19:00:22.952149Z"",""no_price_dollars"":""0.5600"",""taker_side"":""no"",""ticker"":""KXBTC15M-26APR271515-15"",""trade_id"":""0fc91bba-2dcc-4efa-3b83-553cfd72f6c5"",""yes_price_dollars"":""0.4400""}"
KXBTC15M-26APR271515-15,fa8b8474-b213-562a-434e-41c49e088cc4,1777316422,0.56,6.56,no,"{""count_fp"":""6.56"",""created_time"":""2026-04-27T19:00:22.905012Z"",""no_price_dollars"":""0.4400"",""taker_side"":""no"",""ticker"":""KXBTC15M-26APR271515-15"",""trade_id"":""fa8b8474-b213-562a-434e-41c49e088cc4"",""yes_price_dollars"":""0.5600""}"
KXBTC15M-26APR271515-15,e1ab1679-4f07-41da-3a83-39d57f83b4d0,1777316422,0.56,159.01,no,"{""count_fp"":""159.01"",""created_time"":""2026-04-27T19:00:22.599733Z"",""no_price_dollars"":""0.4400"",""taker_side"":""no"",""ticker"":""KXBTC15M-26APR271515-15"",""trade_id"":""e1ab1679-4f07-41da-3a83-39d57f83b4d0"",""yes_price_dollars"":""0.5600""}"
KXBTC15M-26APR271515-15,d841ddb0-13a0-4cbd-3746-b27866af9824,1777316422,0.56,5.0,no,"{""count_fp"":""5.00"",""created_time"":""2026-04-27T19:00:22.599733Z"",""no_price_dollars"":""0.4400"",""taker_side"":""no"",""ticker"":""KXBTC15M-26APR271515-15"",""trade_id"":""d841ddb0-13a0-4cbd-3746-b27866af9824"",""yes_price_dollars"":""0.5600""}"
KXBTC15M-26APR271515-15,da87f0ff-b942-4618-522b-add07e41d72c,1777316422,0.56,2.18,no,"{""count_fp"":""2.18"",""created_time"":""2026-04-27T19:00:22.339888Z"",""no_price_dollars"":""0.4400"",""taker_side"":""no"",""ticker"":""KXBTC15M-26APR271515-15"",""trade_id"":""da87f0ff-b942-4618-522b-add07e41d72c"",""yes_price_dollars"":""0.5600""}"
KXBTC15M-26APR271515-15,23c08f4d-89f2-48a0-f315-d44100362ed4,1777316422,0.56,10.93,no,"{""count_fp"":""10.93"",""created_time"":""2026-04-27T19:00:22.241045Z"",""no_price_dollars"":""0.4400"",""taker_side"":""no"",""ticker"":""KXBTC15M-26APR271515-15"",""trade_id"":""23c08f4d-89f2-48a0-f315-d44100362ed4"",""yes_price_dollars"":""0.5600""}"
KXBTC15M-26APR271515-15,271a7708-8fe5-51ee-1cd9-69362e42be0b,1777316422,0.57,41.0,yes,"{""count_fp"":""41.00"",""created_time"":""2026-04-27T19:00:22.240452Z"",""no_price_dollars"":""0.4300"",""taker_side"":""yes"",""ticker"":""KXBTC15M-26APR271515-15"",""trade_id"":""271a7708-8fe5-51ee-1cd9-69362e42be0b"",""yes_price_dollars"":""0.5700""}"
KXBTC15M-26APR271515-15,f644645e-ccda-7c68-14a4-680895b65c38,1777316422,0.56,54.67,no,"{""count_fp"":""54.67"",""created_time"":""2026-04-27T19:00:22.207579Z"",""no_price_dollars"":""0.4400"",""taker_side"":""no"",""ticker"":""KXBTC15M-26APR271515-15"",""trade_id"":""f644645e-ccda-7c68-14a4-680895b65c38"",""yes_price_dollars"":""0.5600""}"
KXBTC15M-26APR271515-15,17c27089-d7fd-71f6-b38f-15af12625123,1777316422,0.57,85.15,yes,"{""count_fp"":""85.15"",""created_time"":""2026-04-27T19:00:22.143056Z"",""no_price_dollars"":""0.4300"",""taker_side"":""yes"",""ticker"":""KXBTC15M-26APR271515-15"",""trade_id"":""17c27089-d7fd-71f6-b38f-15af12625123"",""yes_price_dollars"":""0.5700""}"
KXBTC15M-26APR271515-15,f2856e32-837b-5b07-5c0a-f3af06e0d59f,1777316423,0.53,0.53,no,"{""count_fp"":""0.53"",""created_time"":""2026-04-27T19:00:23.776088Z"",""no_price_dollars"":""0.4700"",""taker_side"":""no"",""ticker"":""KXBTC15M-26APR271515-15"",""trade_id"":""f2856e32-837b-5b07-5c0a-f3af06e0d59f"",""yes_price_dollars"":""0.5300""}"
KXBTC15M-26APR271515-15,bf7a4972-ae63-6048-0f7c-c5327fddf044,1777316423,0.54,7.2,yes,"{""count_fp"":""7.20"",""created_time"":""2026-04-27T19:00:23.655226Z"",""no_price_dollars"":""0.4600"",""taker_side"":""yes"",""ticker"":""KXBTC15M-26APR271515-15"",""trade_id"":""bf7a4972-ae63-6048-0f7c-c5327fddf044"",""yes_price_dollars"":""0.5400""}"
KXBTC15M-26APR271515-15,5569889c-8602-6b1f-2903-3bad54ff53b3,1777316423,0.55,8.8,yes,"{""count_fp"":""8.80"",""created_time"":""2026-04-27T19:00:23.655226Z"",""no_price_dollars"":""0.4500"",""taker_side"":""yes"",""ticker"":""KXBTC15M-26APR271515-15"",""trade_id"":""5569889c-8602-6b1f-2903-3bad54ff53b3"",""yes_price_dollars"":""0.5500""}"
KXBTC15M-26APR271515-15,aaad1c5f-2977-6780-dd8e-4677ef2dd7d8,1777316423,0.54,1.0,yes,"{""count_fp"":""1.00"",""created_time"":""2026-04-27T19:00:23.598377Z"",""no_price_dollars"":""0.4600"",""taker_side"":""yes"",""ticker"":""KXBTC15M-26APR271515-15"",""trade_id"":""aaad1c5f-2977-6780-dd8e-4677ef2dd7d8"",""yes_price_dollars"":""0.5400""}"
KXBTC15M-26APR271515-15,6e63c49b-cf9f-7bf0-59ad-c19a53005410,1777316423,0.54,3.4,yes,"{""count_fp"":""3.40"",""created_time"":""2026-04-27T19:00:23.275599Z"",""no_price_dollars"":""0.4600"",""taker_side"":""yes"",""ticker"":""KXBTC15M-26APR271515-15"",""trade_id"":""6e63c49b-cf9f-7bf0-59ad-c19a53005410"",""yes_price_dollars"":""0.5400""}"
KXBTC15M-26APR271515-15,880057a4-5689-716c-e3b4-73dc6e097991,1777316423,0.51,0.2,no,"{""count_fp"":""0.20"",""created_time"":""2026-04-27T19:00:23.127587Z"",""no_price_dollars"":""0.4900"",""taker_side"":""no"",""ticker"":""KXBTC15M-26APR271515-15"",""trade_id"":""880057a4-5689-716c-e3b4-73dc6e097991"",""yes_price_dollars"":""0.5100""}"
KXBTC15M-26APR271515-15,ee602b04-5ea3-7a24-0c9e-87cb75f4c91c,1777316423,0.54,28.4,yes,"{""count_fp"":""28.40"",""created_time"":""2026-04-27T19:00:23.122249Z"",""no_price_dollars"":""0.4600"",""taker_side"":""yes"",""ticker"":""KXBTC15M-26APR271515-15"",""trade_id"":""ee602b04-5ea3-7a24-0c9e-87cb75f4c91c"",""yes_price_dollars"":""0.5400""}"
KXBTC15M-26APR271515-15,d672d63e-9ef8-7810-0eba-91df1cc80307,1777316423,0.52,36.6,yes,"{""count_fp"":""36.60"",""created_time"":""2026-04-27T19:00:23.122249Z"",""no_price_dollars"":""0.4800"",""taker_side"":""yes"",""ticker"":""KXBTC15M-26APR271515-15"",""trade_id"":""d672d63e-9ef8-7810-0eba-91df1cc80307"",""yes_price_dollars"":""0.5200""}"
KXBTC15M-26APR271515-15,7c333066-2eaa-7c41-10f4-71892f149c94,1777316423,0.53,40.0,yes,"{""count_fp"":""40.00"",""created_time"":""2026-04-27T19:00:23.122249Z"",""no_price_dollars"":""0.4700"",""taker_side"":""yes"",""ticker"":""KXBTC15M-26APR271515-15"",""trade_id"":""7c333066-2eaa-7c41-10f4-71892f149c94"",""yes_price_dollars"":""0.5300""}"
KXBTC15M-26APR271515-15,60e7fa4e-7006-73c8-270b-16629acc8e1a,1777316423,0.52,1.0,yes,"{""count_fp"":""1.00"",""created_time"":""2026-04-27T19:00:23.122249Z"",""no_price_dollars"":""0.4800"",""taker_side"":""yes"",""ticker"":""KXBTC15M-26APR271515-15"",""trade_id"":""60e7fa4e-7006-73c8-270b-16629acc8e1a"",""yes_price_dollars"":""0.5200""}"
KXBTC15M-26APR271515-15,2de71823-93f2-7c28-27d0-c8ac369bd00b,1777316423,0.53,1.0,yes,"{""count_fp"":""1.00"",""created_time"":""2026-04-27T19:00:23.122249Z"",""no_price_dollars"":""0.4700"",""taker_side"":""yes"",""ticker"":""KXBTC15M-26APR271515-15"",""trade_id"":""2de71823-93f2-7c28-27d0-c8ac369bd00b"",""yes_price_dollars"":""0.5300""}"
KXBTC15M-26APR271515-15,7e61eb0f-b7f4-6932-f4e6-e47a84ad5e70,1777316423,0.51,1.0,no,"{""count_fp"":""1.00"",""created_time"":""2026-04-27T19:00:23.064978Z"",""no_price_dollars"":""0.4900"",""taker_side"":""no"",""ticker"":""KXBTC15M-26APR271515-15"",""trade_id"":""7e61eb0f-b7f4-6932-f4e6-e47a84ad5e70"",""yes_price_dollars"":""0.5100""}"
KXBTC15M-26APR271515-15,edb89c04-f4e0-6dac-b4c8-a47bfc529937,1777316423,0.52,3.4,yes,"{""count_fp"":""3.40"",""created_time"":""2026-04-27T19:00:23.054149Z"",""no_price_dollars"":""0.4800"",""taker_side"":""yes"",""ticker"":""KXBTC15M-26APR271515-15"",""trade_id"":""edb89c04-f4e0-6dac-b4c8-a47bfc529937"",""yes_price_dollars"":""0.5200""}"
KXBTC15M-26APR271515-15,73552b41-9342-5aab-5dde-96da9755a639,1777316423,0.53,40.0,yes,"{""count_fp"":""40.00"",""created_time"":""2026-04-27T19:00:23.034091Z"",""no_price_dollars"":""0.4700"",""taker_side"":""yes"",""ticker"":""KXBTC15M-26APR271515-15"",""trade_id"":""73552b41-9342-5aab-5dde-96da9755a639"",""yes_price_dollars"":""0.5300""}"
KXBTC15M-26APR271515-15,fd849196-2206-7e0d-6ac1-e8b94b341c04,1777316423,0.51,40.0,yes,"{""count_fp"":""40.00"",""created_time"":""2026-04-27T19:00:23.021804Z"",""no_price_dollars"":""0.4900"",""taker_side"":""yes"",""ticker"":""KXBTC15M-26APR271515-15"",""trade_id"":""fd849196-2206-7e0d-6ac1-e8b94b341c04"",""yes_price_dollars"":""0.5100""}"
KXBTC15M-26APR271515-15,b640cf74-d5c0-7de2-6fc2-1ddaed9eb27f,1777316423,0.5,40.0,yes,"{""count_fp"":""40.00"",""created_time"":""2026-04-27T19:00:23.021804Z"",""no_price_dollars"":""0.5000"",""taker_side"":""yes"",""ticker"":""KXBTC15M-26APR271515-15"",""trade_id"":""b640cf74-d5c0-7de2-6fc2-1ddaed9eb27f"",""yes_price_dollars"":""0.5000""}"
KXBTC15M-26APR271515-15,a4b399db-8f2e-74d9-753d-10d8b777debc,1777316423,0.52,40.0,yes,"{""count_fp"":""40.00"",""created_time"":""2026-04-27T19:00:23.021804Z"",""no_price_dollars"":""0.4800"",""taker_side"":""yes"",""ticker"":""KXBTC15M-26APR271515-15"",""trade_id"":""a4b399db-8f2e-74d9-753d-10d8b777debc"",""yes_price_dollars"":""0.5200""}"
KXBTC15M-26APR271515-15,515e9eca-7ff7-4dbf-8084-c509d3895cab,1777316424,0.55,20.72,no,"{""count_fp"":""20.72"",""created_time"":""2026-04-27T19:00:24.824479Z"",""no_price_dollars"":""0.4500"",""taker_side"":""no"",""ticker"":""KXBTC15M-26APR271515-15"",""trade_id"":""515e9eca-7ff7-4dbf-8084-c509d3895cab"",""yes_price_dollars"":""0.5500""}"
KXBTC15M-26APR271515-15,f258d78a-f66b-622b-e079-7f16376c9e9b,1777316424,0.55,102.57,no,"{""count_fp"":""102.57"",""created_time"":""2026-04-27T19:00:24.749182Z"",""no_price_dollars"":""0.4500"",""taker_side"":""no"",""ticker"":""KXBTC15M-26APR271515-15"",""trade_id"":""f258d78a-f66b-622b-e079-7f16376c9e9b"",""yes_price_dollars"":""0.5500""}"
KXBTC15M-26APR271515-15,eba33802-dd4c-4830-1169-6e25010aeb1d,1777316424,0.55,40.0,no,"{""count_fp"":""40.00"",""created_time"":""2026-04-27T19:00:24.665263Z"",""no_price_dollars"":""0.4500"",""taker_side"":""no"",""ticker"":""KXBTC15M-26APR271515-15"",""trade_id"":""eba33802-dd4c-4830-1169-6e25010aeb1d"",""yes_price_dollars"":""0.5500""}"
KXBTC15M-26APR271515-15,34fc575b-5f90-4fdf-3a1f-c123c44be988,1777316424,0.55,1.0,no,"{""count_fp"":""1.00"",""created_time"":""2026-04-27T19:00:24.665263Z"",""no_price_dollars"":""0.4500"",""taker_side"":""no"",""ticker"":""KXBTC15M-26APR271515-15"",""trade_id"":""34fc575b-5f90-4fdf-3a1f-c123c44be988"",""yes_price_dollars"":""0.5500""}"
KXBTC15M-26APR271515-15,302eb7b3-3cb7-4663-1215-218be9321907,1777316424,0.55,143.63,no,"{""count_fp"":""143.63"",""created_time"":""2026-04-27T19:00:24.665263Z"",""no_price_dollars"":""0.4500"",""taker_side"":""no"",""ticker"":""KXBTC15M-26APR271515-15"",""trade_id"":""302eb7b3-3cb7-4663-1215-218be9321907"",""yes_price_dollars"":""0.5500""}"
KXBTC15M-26APR271515-15,43ada72a-5571-501c-55c7-7f699a667337,1777316424,0.55,5.0,yes,"{""count_fp"":""5.00"",""created_time"":""2026-04-27T19:00:24.473984Z"",""no_price_dollars"":""0.4500"",""taker_side"":""yes"",""ticker"":""KXBTC15M-26APR271515-15"",""trade_id"":""43ada72a-5571-501c-55c7-7f699a667337"",""yes_price_dollars"":""0.5500""}"
KXBTC15M-26APR271515-15,ee68e1e4-f31a-69d9-4782-43ea93c65202,1777316424,0.56,55.0,yes,"{""count_fp"":""55.00"",""created_time"":""2026-04-27T19:00:24.432704Z"",""no_price_dollars"":""0.4400"",""taker_side"":""yes"",""ticker"":""KXBTC15M-26APR271515-15"",""trade_id"":""ee68e1e4-f31a-69d9-4782-43ea93c65202"",""yes_price_dollars"":""0.5600""}"
KXBTC15M-26APR271515-15,ebf4795e-eb5e-6ce8-55b5-87a194b8423a,1777316424,0.56,1.0,yes,"{""count_fp"":""1.00"",""created_time"":""2026-04-27T19:00:24.432704Z"",""no_price_dollars"":""0.4400"",""taker_side"":""yes"",""ticker"":""KXBTC15M-26APR271515-15"",""trade_id"":""ebf4795e-eb5e-6ce8-55b5-87a194b8423a"",""yes_price_dollars"":""0.5600""}"
KXBTC15M-26APR271515-15,e8ef7026-0379-686e-7701-e9c85a1b47ef,1777316424,0.58,1100.85,yes,"{""count_fp"":""1100.85"",""created_time"":""2026-04-27T19:00:24.432704Z"",""no_price_dollars"":""0.4200"",""taker_side"":""yes"",""ticker"":""KXBTC15M-26APR271515-15"",""trade_id"":""e8ef7026-0379-686e-7701-e9c85a1b47ef"",""yes_price_dollars"":""0.5800""}"
KXBTC15M-26APR271515-15,dc5b895f-fc0e-6c25-4c03-7b82d4cfa51a,1777316424,0.56,113.0,yes,"{""count_fp"":""113.00"",""created_time"":""2026-04-27T19:00:24.432704Z"",""no_price_dollars"":""0.4400"",""taker_side"":""yes"",""ticker"":""KXBTC15M-26APR271515-15"",""trade_id"":""dc5b895f-fc0e-6c25-4c03-7b82d4cfa51a"",""yes_price_dollars"":""0.5600""}"
KXBTC15M-26APR271515-15,d169481e-774c-635c-6e19-5ee1b201150a,1777316424,0.57,75.0,yes,"{""count_fp"":""75.00"",""created_time"":""2026-04-27T19:00:24.432704Z"",""no_price_dollars"":""0.4300"",""taker_side"":""yes"",""ticker"":""KXBTC15M-26APR271515-15"",""trade_id"":""d169481e-774c-635c-6e19-5ee1b201150a"",""yes_price_dollars"":""0.5700""}"
KXBTC15M-26APR271515-15,beaa3ecf-535a-639b-79e4-1d997f877d4b,1777316424,0.55,2.16,yes,"{""count_fp"":""2.16"",""created_time"":""2026-04-27T19:00:24.432704Z"",""no_price_dollars"":""0.4500"",""taker_side"":""yes"",""ticker"":""KXBTC15M-26APR271515-15"",""trade_id"":""beaa3ecf-535a-639b-79e4-1d997f877d4b"",""yes_price_dollars"":""0.5500""}"
KXBTC15M-26APR271515-15,aed3ac7c-153b-6e0a-5498-9e57bc16bdfe,1777316424,0.57,40.0,yes,"{""count_fp"":""40.00"",""created_time"":""2026-04-27T19:00:24.432704Z"",""no_price_dollars"":""0.4300"",""taker_side"":""yes"",""ticker"":""KXBTC15M-26APR271515-15"",""trade_id"":""aed3ac7c-153b-6e0a-5498-9e57bc16bdfe"",""yes_price_dollars"":""0.5700""}"
KXBTC15M-26APR271515-15,a2809547-c133-6c04-6e4c-83c5da2fd45a,1777316424,0.59,40.0,yes,"{""count_fp"":""40.00"",""created_time"":""2026-04-27T19:00:24.432704Z"",""no_price_dollars"":""0.4100"",""taker_side"":""yes"",""ticker"":""KXBTC15M-26APR271515-15"",""trade_id"":""a2809547-c133-6c04-6e4c-83c5da2fd45a"",""yes_price_dollars"":""0.5900""}"
KXBTC15M-26APR271515-15,a2065cd6-4a45-61ae-6670-7b92fd841217,1777316424,0.57,174.0,yes,"{""count_fp"":""174.00"",""created_time"":""2026-04-27T19:00:24.432704Z"",""no_price_dollars"":""0.4300"",""taker_side"":""yes"",""ticker"":""KXBTC15M-26APR271515-15"",""trade_id"":""a2065cd6-4a45-61ae-6670-7b92fd841217"",""yes_price_dollars"":""0.5700""}"
KXBTC15M-26APR271515-15,80d1894a-9e11-6656-72d2-f771a1f38f48,1777316424,0.56,40.0,yes,"{""count_fp"":""40.00"",""created_time"":""2026-04-27T19:00:24.432704Z"",""no_price_dollars"":""0.4400"",""taker_side"":""yes"",""ticker"":""KXBTC15M-26APR271515-15"",""trade_id"":""80d1894a-9e11-6656-72d2-f771a1f38f48"",""yes_price_dollars"":""0.5600""}"
KXBTC15M-26APR271515-15,5a731857-9814-62ab-443f-8545552e6886,1777316424,0.59,10.0,yes,"{""count_fp"":""10.00"",""created_time"":""2026-04-27T19:00:24.432704Z"",""no_price_dollars"":""0.4100"",""taker_side"":""yes"",""ticker"":""KXBTC15M-26APR271515-15"",""trade_id"":""5a731857-9814-62ab-443f-8545552e6886"",""yes_price_dollars"":""0.5900""}"
KXBTC15M-26APR271515-15,3bb789ab-8b2e-6ea8-7a16-aed25d98ebf6,1777316424,0.57,56.0,yes,"{""count_fp"":""56.00"",""created_time"":""2026-04-27T19:00:24.432704Z"",""no_price_dollars"":""0.4300"",""taker_side"":""yes"",""ticker"":""KXBTC15M-26APR271515-15"",""trade_id"":""3bb789ab-8b2e-6ea8-7a16-aed25d98ebf6"",""yes_price_dollars"":""0.5700""}"
KXBTC15M-26APR271515-15,37f42299-5075-660b-4734-435435efdfd5,1777316424,0.57,400.0,yes,"{""count_fp"":""400.00"",""created_time"":""2026-04-27T19:00:24.432704Z"",""no_price_dollars"":""0.4300"",""taker_side"":""yes"",""ticker"":""KXBTC15M-26APR271515-15"",""trade_id"":""37f42299-5075-660b-4734-435435efdfd5"",""yes_price_dollars"":""0.5700""}"
KXBTC15M-26APR271515-15,27bf4a9c-2ca6-695c-5d00-487e94e982ea,1777316424,0.59,112.34,yes,"{""count_fp"":""112.34"",""created_time"":""2026-04-27T19:00:24.432704Z"",""no_price_dollars"":""0.4100"",""taker_side"":""yes"",""ticker"":""KXBTC15M-26APR271515-15"",""trade_id"":""27bf4a9c-2ca6-695c-5d00-487e94e982ea"",""yes_price_dollars"":""0.5900""}"
KXBTC15M-26APR271515-15,25814f0c-227d-613e-561f-5584fa7d58a7,1777316424,0.56,3.0,yes,"{""count_fp"":""3.00"",""created_time"":""2026-04-27T19:00:24.432704Z"",""no_price_dollars"":""0.4400"",""taker_side"":""yes"",""ticker"":""KXBTC15M-26APR271515-15"",""trade_id"":""25814f0c-227d-613e-561f-5584fa7d58a7"",""yes_price_dollars"":""0.5600""}"
KXBTC15M-26APR271515-15,1f367a3d-cbb5-6e1e-46ee-6c7e0facadc6,1777316424,0.58,40.0,yes,"{""count_fp"":""40.00"",""created_time"":""2026-04-27T19:00:24.432704Z"",""no_price_dollars"":""0.4200"",""taker_side"":""yes"",""ticker"":""KXBTC15M-26APR271515-15"",""trade_id"":""1f367a3d-cbb5-6e1e-46ee-6c7e0facadc6"",""yes_price_dollars"":""0.5800""}"
KXBTC15M-26APR271515-15,082e3b38-82d4-6f68-6d6f-66b8e48deaaf,1777316424,0.57,57.0,yes,"{""count_fp"":""57.00"",""created_time"":""2026-04-27T19:00:24.432704Z"",""no_price_dollars"":""0.4300"",""taker_side"":""yes"",""ticker"":""KXBTC15M-26APR271515-15"",""trade_id"":""082e3b38-82d4-6f68-6d6f-66b8e48deaaf"",""yes_price_dollars"":""0.5700""}"
KXBTC15M-26APR271515-15,e2f860eb-c212-4d13-00f0-55a5927c092f,1777316424,0.55,29.04,yes,"{""count_fp"":""29.04"",""created_time"":""2026-04-27T19:00:24.418546Z"",""no_price_dollars"":""0.4500"",""taker_side"":""yes"",""ticker"":""KXBTC15M-26APR271515-15"",""trade_id"":""e2f860eb-c212-4d13-00f0-55a5927c092f"",""yes_price_dollars"":""0.5500""}"
KXBTC15M-26APR271515-15,d8604256-298f-42ee-3a48-009c903a6988,1777316424,0.54,1.0,yes,"{""count_fp"":""1.00"",""created_time"":""2026-04-27T19:00:24.418546Z"",""no_price_dollars"":""0.4600"",""taker_side"":""yes"",""ticker"":""KXBTC15M-26APR271515-15"",""trade_id"":""d8604256-298f-42ee-3a48-009c903a6988"",""yes_price_dollars"":""0.5400""}"
KXBTC15M-26APR271515-15,b1cb0def-883d-455a-1915-16055289066c,1777316424,0.54,10.0,yes,"{""count_fp"":""10.00"",""created_time"":""2026-04-27T19:00:24.418546Z"",""no_price_dollars"":""0.4600"",""taker_side"":""yes"",""ticker"":""KXBTC15M-26APR271515-15"",""trade_id"":""b1cb0def-883d-455a-1915-16055289066c"",""yes_price_dollars"":""0.5400""}"
KXBTC15M-26APR271515-15,197275f2-3d74-48b2-0bf1-c1cdf3447fea,1777316424,0.54,40.0,yes,"{""count_fp"":""40.00"",""created_time"":""2026-04-27T19:00:24.418546Z"",""no_price_dollars"":""0.4600"",""taker_side"":""yes"",""ticker"":""KXBTC15M-26APR271515-15"",""trade_id"":""197275f2-3d74-48b2-0bf1-c1cdf3447fea"",""yes_price_dollars"":""0.5400""}"
KXBTC15M-26APR271515-15,b4fb748a-31b9-5675-5515-7a46aad152ef,1777316425,0.56,1.0,yes,"{""count_fp"":""1.00"",""created_time"":""2026-04-27T19:00:25.622092Z"",""no_price_dollars"":""0.4400"",""taker_side"":""yes"",""ticker"":""KXBTC15M-26APR271515-15"",""trade_id"":""b4fb748a-31b9-5675-5515-7a46aad152ef"",""yes_price_dollars"":""0.5600""}"
KXBTC15M-26APR271515-15,699b2eca-515a-5c18-7f62-d0f66a71dab2,1777316425,0.56,19.0,yes,"{""count_fp"":""19.00"",""created_time"":""2026-04-27T19:00:25.622092Z"",""no_price_dollars"":""0.4400"",""taker_side"":""yes"",""ticker"":""KXBTC15M-26APR271515-15"",""trade_id"":""699b2eca-515a-5c18-7f62-d0f66a71dab2"",""yes_price_dollars"":""0.5600""}"
KXBTC15M-26APR271515-15,a1106c70-8ccb-46bf-ea70-0a3fa269f83b,1777316425,0.55,2.05,no,"{""count_fp"":""2.05"",""created_time"":""2026-04-27T19:00:25.230078Z"",""no_price_dollars"":""0.4500"",""taker_side"":""no"",""ticker"":""KXBTC15M-26APR271515-15"",""trade_id"":""a1106c70-8ccb-46bf-ea70-0a3fa269f83b"",""yes_price_dollars"":""0.5500""}"
KXBTC15M-26APR271515-15,9f7b3d6c-ad8f-797f-b1ec-c54d7415b574,1777316426,0.54,5.0,no,"{""count_fp"":""5.00"",""created_time"":""2026-04-27T19:00:26.899127Z"",""no_price_dollars"":""0.4600"",""taker_side"":""no"",""ticker"":""KXBTC15M-26APR271515-15"",""trade_id"":""9f7b3d6c-ad8f-797f-b1ec-c54d7415b574"",""yes_price_dollars"":""0.5400""}"
KXBTC15M-26APR271515-15,1a62d83a-e487-7bde-a0a2-0bec509ffa25,1777316426,0.54,26.0,no,"{""count_fp"":""26.00"",""created_time"":""2026-04-27T19:00:26.899127Z"",""no_price_dollars"":""0.4600"",""taker_side"":""no"",""ticker"":""KXBTC15M-26APR271515-15"",""trade_id"":""1a62d83a-e487-7bde-a0a2-0bec509ffa25"",""yes_price_dollars"":""0.5400""}"
KXBTC15M-26APR271515-15,00d55ede-1ac2-70ed-b29f-504359fb5973,1777316426,0.54,4.0,no,"{""count_fp"":""4.00"",""created_time"":""2026-04-27T19:00:26.899127Z"",""no_price_dollars"":""0.4600"",""taker_side"":""no"",""ticker"":""KXBTC15M-26APR271515-15"",""trade_id"":""00d55ede-1ac2-70ed-b29f-504359fb5973"",""yes_price_dollars"":""0.5400""}"
KXBTC15M-26APR271515-15,9f32f5a4-b029-6152-3d8a-20d294c8e183,1777316426,0.54,20.0,no,"{""count_fp"":""20.00"",""created_time"":""2026-04-27T19:00:26.879524Z"",""no_price_dollars"":""0.4600"",""taker_side"":""no"",""ticker"":""KXBTC15M-26APR271515-15"",""trade_id"":""9f32f5a4-b029-6152-3d8a-20d294c8e183"",""yes_price_dollars"":""0.5400""}"
KXBTC15M-26APR271515-15,e1d55992-39d2-5380-49ae-ea8d744e183e,1777316426,0.56,3.43,yes,"{""count_fp"":""3.43"",""created_time"":""2026-04-27T19:00:26.792901Z"",""no_price_dollars"":""0.4400"",""taker_side"":""yes"",""ticker"":""KXBTC15M-26APR271515-15"",""trade_id"":""e1d55992-39d2-5380-49ae-ea8d744e183e"",""yes_price_dollars"":""0.5600""}"
KXBTC15M-26APR271515-15,a85c30a1-077b-758b-6586-02146ede539f,1777316426,0.55,53.49,no,"{""count_fp"":""53.49"",""created_time"":""2026-04-27T19:00:26.780258Z"",""no_price_dollars"":""0.4500"",""taker_side"":""no"",""ticker"":""KXBTC15M-26APR271515-15"",""trade_id"":""a85c30a1-077b-758b-6586-02146ede539f"",""yes_price_dollars"":""0.5500""}"
KXBTC15M-26APR271515-15,70e550b1-a2ae-664d-4b74-289802c90766,1777316426,0.55,11.8,no,"{""count_fp"":""11.80"",""created_time"":""2026-04-27T19:00:26.726652Z"",""no_price_dollars"":""0.4500"",""taker_side"":""no"",""ticker"":""KXBTC15M-26APR271515-15"",""trade_id"":""70e550b1-a2ae-664d-4b74-289802c90766"",""yes_price_dollars"":""0.5500""}"
KXBTC15M-26APR271515-15,590e9bbf-f913-63ff-55f0-259ee031df03,1777316426,0.55,38.2,no,"{""count_fp"":""38.20"",""created_time"":""2026-04-27T19:00:26.726652Z"",""no_price_dollars"":""0.4500"",""taker_side"":""no"",""ticker"":""KXBTC15M-26APR271515-15"",""trade_id"":""590e9bbf-f913-63ff-55f0-259ee031df03"",""yes_price_dollars"":""0.5500""}"
KXBTC15M-26APR271515-15,e8661b52-6bbe-7700-a445-d48e5662d60e,1777316426,0.56,10.0,yes,"{""count_fp"":""10.00"",""created_time"":""2026-04-27T19:00:26.599944Z"",""no_price_dollars"":""0.4400"",""taker_side"":""yes"",""ticker"":""KXBTC15M-26APR271515-15"",""trade_id"":""e8661b52-6bbe-7700-a445-d48e5662d60e"",""yes_price_dollars"":""0.5600""}"
KXBTC15M-26APR271515-15,eb64d2c2-f586-5cf8-4a67-79eb371400d2,1777316426,0.56,2.45,yes,"{""count_fp"":""2.45"",""created_time"":""2026-04-27T19:00:26.563169Z"",""no_price_dollars"":""0.4400"",""taker_side"":""yes"",""ticker"":""KXBTC15M-26APR271515-15"",""trade_id"":""eb64d2c2-f586-5cf8-4a67-79eb371400d2"",""yes_price_dollars"":""0.5600""}"
