ticker,trade_id,ts,yes_price,count,taker_side,raw_json
KXBTC15M-26APR280515-15,d6a4bfb6-3239-7d18-190b-96dba13aede4,1777366800,0.5,1.0,no,"{""count_fp"":""1.00"",""created_time"":""2026-04-28T09:00:00.708192Z"",""no_price_dollars"":""0.5000"",""taker_side"":""no"",""ticker"":""KXBTC15M-26APR280515-15"",""trade_id"":""d6a4bfb6-3239-7d18-190b-96dba13aede4"",""yes_price_dollars"":""0.5000""}"
KXBTC15M-26APR280515-15,a495b1cb-3f23-43e9-ff9c-47a739fb1452,1777366801,0.54,1.0,yes,"{""count_fp"":""1.00"",""created_time"":""2026-04-28T09:00:01.641882Z"",""no_price_dollars"":""0.4600"",""taker_side"":""yes"",""ticker"":""KXBTC15M-26APR280515-15"",""trade_id"":""a495b1cb-3f23-43e9-ff9c-47a739fb1452"",""yes_price_dollars"":""0.5400""}"
KXBTC15M-26APR280515-15,6db30dff-50a5-4b1a-ff77-b3e1cd289422,1777366801,0.54,20.0,yes,"{""count_fp"":""20.00"",""created_time"":""2026-04-28T09:00:01.641882Z"",""no_price_dollars"":""0.4600"",""taker_side"":""yes"",""ticker"":""KXBTC15M-26APR280515-15"",""trade_id"":""6db30dff-50a5-4b1a-ff77-b3e1cd289422"",""yes_price_dollars"":""0.5400""}"
KXBTC15M-26APR280515-15,6d34e9fd-12c8-48b5-cc77-aec900ee9b63,1777366801,0.55,56.0,yes,"{""count_fp"":""56.00"",""created_time"":""2026-04-28T09:00:01.641882Z"",""no_price_dollars"":""0.4500"",""taker_side"":""yes"",""ticker"":""KXBTC15M-26APR280515-15"",""trade_id"":""6d34e9fd-12c8-48b5-cc77-aec900ee9b63"",""yes_price_dollars"":""0.5500""}"
KXBTC15M-26APR280515-15,53b45dda-3ad9-4a3f-fb91-ab4335aa8f34,1777366801,0.5,111.0,yes,"{""count_fp"":""111.00"",""created_time"":""2026-04-28T09:00:01.641882Z"",""no_price_dollars"":""0.5000"",""taker_side"":""yes"",""ticker"":""KXBTC15M-26APR280515-15"",""trade_id"":""53b45dda-3ad9-4a3f-fb91-ab4335aa8f34"",""yes_price_dollars"":""0.5000""}"
KXBTC15M-26APR280515-15,27bfded1-6612-4cf8-c57f-aa684c59eb4c,1777366801,0.55,1.0,yes,"{""count_fp"":""1.00"",""created_time"":""2026-04-28T09:00:01.641882Z"",""no_price_dollars"":""0.4500"",""taker_side"":""yes"",""ticker"":""KXBTC15M-26APR280515-15"",""trade_id"":""27bfded1-6612-4cf8-c57f-aa684c59eb4c"",""yes_price_dollars"":""0.5500""}"
KXBTC15M-26APR280515-15,e536a0f3-d0f1-7cd0-6223-39dfb92e1e58,1777366801,0.5,9.0,no,"{""count_fp"":""9.00"",""created_time"":""2026-04-28T09:00:01.608114Z"",""no_price_dollars"":""0.5000"",""taker_side"":""no"",""ticker"":""KXBTC15M-26APR280515-15"",""trade_id"":""e536a0f3-d0f1-7cd0-6223-39dfb92e1e58"",""yes_price_dollars"":""0.5000""}"
KXBTC15M-26APR280515-15,321a3ae7-0fde-6ab6-e663-9e60ac90bb79,1777366803,0.51,5.68,no,"{""count_fp"":""5.68"",""created_time"":""2026-04-28T09:00:03.926272Z"",""no_price_dollars"":""0.4900"",""taker_side"":""no"",""ticker"":""KXBTC15M-26APR280515-15"",""trade_id"":""321a3ae7-0fde-6ab6-e663-9e60ac90bb79"",""yes_price_dollars"":""0.5100""}"
KXBTC15M-26APR280515-15,3ab59b3e-86aa-6b55-f1b1-a082ce51d468,1777366805,0.51,17.73,no,"{""count_fp"":""17.73"",""created_time"":""2026-04-28T09:00:05.802355Z"",""no_price_dollars"":""0.4900"",""taker_side"":""no"",""ticker"":""KXBTC15M-26APR280515-15"",""trade_id"":""3ab59b3e-86aa-6b55-f1b1-a082ce51d468"",""yes_price_dollars"":""0.5100""}"
KXBTC15M-26APR280515-15,2d70947d-d3eb-5361-722c-3e2bd6ebc529,1777366805,0.54,48.35,yes,"{""count_fp"":""48.35"",""created_time"":""2026-04-28T09:00:05.011227Z"",""no_price_dollars"":""0.4600"",""taker_side"":""yes"",""ticker"":""KXBTC15M-26APR280515-15"",""trade_id"":""2d70947d-d3eb-5361-722c-3e2bd6ebc529"",""yes_price_dollars"":""0.5400""}"
KXBTC15M-26APR280515-15,b045377e-5187-6669-5eb2-08ed8a5fc7eb,1777366806,0.51,1.0,no,"{""count_fp"":""1.00"",""created_time"":""2026-04-28T09:00:06.824202Z"",""no_price_dollars"":""0.4900"",""taker_side"":""no"",""ticker"":""KXBTC15M-26APR280515-15"",""trade_id"":""b045377e-5187-6669-5eb2-08ed8a5fc7eb"",""yes_price_dollars"":""0.5100""}"
KXBTC15M-26APR280515-15,65a60ea6-6926-487f-42c1-db922e89a224,1777366809,0.54,3.58,yes,"{""count_fp"":""3.58"",""created_time"":""2026-04-28T09:00:09.640437Z"",""no_price_dollars"":""0.4600"",""taker_side"":""yes"",""ticker"":""KXBTC15M-26APR280515-15"",""trade_id"":""65a60ea6-6926-487f-42c1-db922e89a224"",""yes_price_dollars"":""0.5400""}"
KXBTC15M-26APR280515-15,f6d05e6b-5837-76b3-9098-9f70b7082ce3,1777366809,0.54,5.0,yes,"{""count_fp"":""5.00"",""created_time"":""2026-04-28T09:00:09.007692Z"",""no_price_dollars"":""0.4600"",""taker_side"":""yes"",""ticker"":""KXBTC15M-26APR280515-15"",""trade_id"":""f6d05e6b-5837-76b3-9098-9f70b7082ce3"",""yes_price_dollars"":""0.5400""}"
KXBTC15M-26APR280515-15,eaf85612-1bba-7e6b-a6cb-2796f690bf80,1777366809,0.54,4.22,yes,"{""count_fp"":""4.22"",""created_time"":""2026-04-28T09:00:09.007692Z"",""no_price_dollars"":""0.4600"",""taker_side"":""yes"",""ticker"":""KXBTC15M-26APR280515-15"",""trade_id"":""eaf85612-1bba-7e6b-a6cb-2796f690bf80"",""yes_price_dollars"":""0.5400""}"
KXBTC15M-26APR280515-15,840f351e-8233-72b9-926d-87735838e3a5,1777366809,0.54,71.65,yes,"{""count_fp"":""71.65"",""created_time"":""2026-04-28T09:00:09.007692Z"",""no_price_dollars"":""0.4600"",""taker_side"":""yes"",""ticker"":""KXBTC15M-26APR280515-15"",""trade_id"":""840f351e-8233-72b9-926d-87735838e3a5"",""yes_price_dollars"":""0.5400""}"
KXBTC15M-26APR280515-15,ea2e673c-4233-73cc-16ff-fce95f46968d,1777366810,0.54,20.0,no,"{""count_fp"":""20.00"",""created_time"":""2026-04-28T09:00:10.712678Z"",""no_price_dollars"":""0.4600"",""taker_side"":""no"",""ticker"":""KXBTC15M-26APR280515-15"",""trade_id"":""ea2e673c-4233-73cc-16ff-fce95f46968d"",""yes_price_dollars"":""0.5400""}"
KXBTC15M-26APR280515-15,aa649e1b-e092-7020-3f3f-e5777dd368fb,1777366810,0.53,19.9,no,"{""count_fp"":""19.90"",""created_time"":""2026-04-28T09:00:10.712678Z"",""no_price_dollars"":""0.4700"",""taker_side"":""no"",""ticker"":""KXBTC15M-26APR280515-15"",""trade_id"":""aa649e1b-e092-7020-3f3f-e5777dd368fb"",""yes_price_dollars"":""0.5300""}"
KXBTC15M-26APR280515-15,a9593c89-a3c7-7b7e-099b-709cb36956d6,1777366810,0.54,21.98,no,"{""count_fp"":""21.98"",""created_time"":""2026-04-28T09:00:10.712678Z"",""no_price_dollars"":""0.4600"",""taker_side"":""no"",""ticker"":""KXBTC15M-26APR280515-15"",""trade_id"":""a9593c89-a3c7-7b7e-099b-709cb36956d6"",""yes_price_dollars"":""0.5400""}"
KXBTC15M-26APR280515-15,09cc4838-f541-7582-1b7d-3b3598556668,1777366810,0.53,133.31,no,"{""count_fp"":""133.31"",""created_time"":""2026-04-28T09:00:10.712678Z"",""no_price_dollars"":""0.4700"",""taker_side"":""no"",""ticker"":""KXBTC15M-26APR280515-15"",""trade_id"":""09cc4838-f541-7582-1b7d-3b3598556668"",""yes_price_dollars"":""0.5300""}"
KXBTC15M-26APR280515-15,67687128-bed3-4d5e-6664-985f807ff55a,1777366810,0.54,2.02,no,"{""count_fp"":""2.02"",""created_time"":""2026-04-28T09:00:10.635812Z"",""no_price_dollars"":""0.4600"",""taker_side"":""no"",""ticker"":""KXBTC15M-26APR280515-15"",""trade_id"":""67687128-bed3-4d5e-6664-985f807ff55a"",""yes_price_dollars"":""0.5400""}"
KXBTC15M-26APR280515-15,5c8b7b2b-2e18-44a9-6560-6672febb5e89,1777366810,0.54,39.0,no,"{""count_fp"":""39.00"",""created_time"":""2026-04-28T09:00:10.635812Z"",""no_price_dollars"":""0.4600"",""taker_side"":""no"",""ticker"":""KXBTC15M-26APR280515-15"",""trade_id"":""5c8b7b2b-2e18-44a9-6560-6672febb5e89"",""yes_price_dollars"":""0.5400""}"
KXBTC15M-26APR280515-15,ceffe85d-ccd8-43ad-8947-5a34be943ad1,1777366810,0.54,1.0,no,"{""count_fp"":""1.00"",""created_time"":""2026-04-28T09:00:10.314847Z"",""no_price_dollars"":""0.4600"",""taker_side"":""no"",""ticker"":""KXBTC15M-26APR280515-15"",""trade_id"":""ceffe85d-ccd8-43ad-8947-5a34be943ad1"",""yes_price_dollars"":""0.5400""}"
KXBTC15M-26APR280515-15,d2954255-cc49-4516-2d69-6c863d70a56a,1777366810,0.55,19.8,yes,"{""count_fp"":""19.80"",""created_time"":""2026-04-28T09:00:10.171634Z"",""no_price_dollars"":""0.4500"",""taker_side"":""yes"",""ticker"":""KXBTC15M-26APR280515-15"",""trade_id"":""d2954255-cc49-4516-2d69-6c863d70a56a"",""yes_price_dollars"":""0.5500""}"
KXBTC15M-26APR280515-15,4bc128d5-59a0-498b-2b62-7ee96d462eda,1777366810,0.55,14.0,yes,"{""count_fp"":""14.00"",""created_time"":""2026-04-28T09:00:10.171634Z"",""no_price_dollars"":""0.4500"",""taker_side"":""yes"",""ticker"":""KXBTC15M-26APR280515-15"",""trade_id"":""4bc128d5-59a0-498b-2b62-7ee96d462eda"",""yes_price_dollars"":""0.5500""}"
KXBTC15M-26APR280515-15,41ea0934-5780-4508-2473-24e5dc89615b,1777366810,0.55,14.0,yes,"{""count_fp"":""14.00"",""created_time"":""2026-04-28T09:00:10.171634Z"",""no_price_dollars"":""0.4500"",""taker_side"":""yes"",""ticker"":""KXBTC15M-26APR280515-15"",""trade_id"":""41ea0934-5780-4508-2473-24e5dc89615b"",""yes_price_dollars"":""0.5500""}"
KXBTC15M-26APR280515-15,02cd502a-cf56-4a93-2b07-8ac884aab744,1777366810,0.54,2.2,yes,"{""count_fp"":""2.20"",""created_time"":""2026-04-28T09:00:10.171634Z"",""no_price_dollars"":""0.4600"",""taker_side"":""yes"",""ticker"":""KXBTC15M-26APR280515-15"",""trade_id"":""02cd502a-cf56-4a93-2b07-8ac884aab744"",""yes_price_dollars"":""0.5400""}"
KXBTC15M-26APR280515-15,8de45e8a-b8de-571c-4467-ec4fadc16bd7,1777366810,0.53,20.1,no,"{""count_fp"":""20.10"",""created_time"":""2026-04-28T09:00:10.057562Z"",""no_price_dollars"":""0.4700"",""taker_side"":""no"",""ticker"":""KXBTC15M-26APR280515-15"",""trade_id"":""8de45e8a-b8de-571c-4467-ec4fadc16bd7"",""yes_price_dollars"":""0.5300""}"
KXBTC15M-26APR280515-15,ebd34d36-6102-6cc1-4dd9-84f6b5745ae1,1777366811,0.54,1.0,no,"{""count_fp"":""1.00"",""created_time"":""2026-04-28T09:00:11.583325Z"",""no_price_dollars"":""0.4600"",""taker_side"":""no"",""ticker"":""KXBTC15M-26APR280515-15"",""trade_id"":""ebd34d36-6102-6cc1-4dd9-84f6b5745ae1"",""yes_price_dollars"":""0.5400""}"
KXBTC15M-26APR280515-15,dfd718bf-d774-77a0-3ce4-6ec29e1f0acd,1777366811,0.56,1.0,yes,"{""count_fp"":""1.00"",""created_time"":""2026-04-28T09:00:11.431129Z"",""no_price_dollars"":""0.4400"",""taker_side"":""yes"",""ticker"":""KXBTC15M-26APR280515-15"",""trade_id"":""dfd718bf-d774-77a0-3ce4-6ec29e1f0acd"",""yes_price_dollars"":""0.5600""}"
KXBTC15M-26APR280515-15,ce72a755-8d9f-7df7-0fa1-7a1a05c4e210,1777366811,0.55,10.0,yes,"{""count_fp"":""10.00"",""created_time"":""2026-04-28T09:00:11.431129Z"",""no_price_dollars"":""0.4500"",""taker_side"":""yes"",""ticker"":""KXBTC15M-26APR280515-15"",""trade_id"":""ce72a755-8d9f-7df7-0fa1-7a1a05c4e210"",""yes_price_dollars"":""0.5500""}"
KXBTC15M-26APR280515-15,aa3a6424-9ddf-7211-02da-10683d4adf9e,1777366811,0.55,40.0,yes,"{""count_fp"":""40.00"",""created_time"":""2026-04-28T09:00:11.431129Z"",""no_price_dollars"":""0.4500"",""taker_side"":""yes"",""ticker"":""KXBTC15M-26APR280515-15"",""trade_id"":""aa3a6424-9ddf-7211-02da-10683d4adf9e"",""yes_price_dollars"":""0.5500""}"
KXBTC15M-26APR280515-15,93e46085-64b6-764c-0d2b-4ae214be986c,1777366811,0.56,1.65,yes,"{""count_fp"":""1.65"",""created_time"":""2026-04-28T09:00:11.431129Z"",""no_price_dollars"":""0.4400"",""taker_side"":""yes"",""ticker"":""KXBTC15M-26APR280515-15"",""trade_id"":""93e46085-64b6-764c-0d2b-4ae214be986c"",""yes_price_dollars"":""0.5600""}"
KXBTC15M-26APR280515-15,552b7866-9c01-7f9a-3f77-8b0352584fba,1777366811,0.55,0.2,yes,"{""count_fp"":""0.20"",""created_time"":""2026-04-28T09:00:11.431129Z"",""no_price_dollars"":""0.4500"",""taker_side"":""yes"",""ticker"":""KXBTC15M-26APR280515-15"",""trade_id"":""552b7866-9c01-7f9a-3f77-8b0352584fba"",""yes_price_dollars"":""0.5500""}"
KXBTC15M-26APR280515-15,2ae6a8c4-8b9e-68d4-42b0-49b1fe766a58,1777366813,0.55,4.0,yes,"{""count_fp"":""4.00"",""created_time"":""2026-04-28T09:00:13.983973Z"",""no_price_dollars"":""0.4500"",""taker_side"":""yes"",""ticker"":""KXBTC15M-26APR280515-15"",""trade_id"":""2ae6a8c4-8b9e-68d4-42b0-49b1fe766a58"",""yes_price_dollars"":""0.5500""}"
KXBTC15M-26APR280515-15,090a3e7a-2b5e-4c79-fae5-f50f8de7272d,1777366813,0.54,4.18,no,"{""count_fp"":""4.18"",""created_time"":""2026-04-28T09:00:13.772668Z"",""no_price_dollars"":""0.4600"",""taker_side"":""no"",""ticker"":""KXBTC15M-26APR280515-15"",""trade_id"":""090a3e7a-2b5e-4c79-fae5-f50f8de7272d"",""yes_price_dollars"":""0.5400""}"
KXBTC15M-26APR280515-15,57cabaa4-2f4f-5f06-b93d-d88a11c8fa37,1777366814,0.55,4.18,no,"{""count_fp"":""4.18"",""created_time"":""2026-04-28T09:00:14.955658Z"",""no_price_dollars"":""0.4500"",""taker_side"":""no"",""ticker"":""KXBTC15M-26APR280515-15"",""trade_id"":""57cabaa4-2f4f-5f06-b93d-d88a11c8fa37"",""yes_price_dollars"":""0.5500""}"
KXBTC15M-26APR280515-15,4b4b6045-86c3-66e6-d104-96ec9d34cd97,1777366814,0.55,31.42,no,"{""count_fp"":""31.42"",""created_time"":""2026-04-28T09:00:14.484611Z"",""no_price_dollars"":""0.4500"",""taker_side"":""no"",""ticker"":""KXBTC15M-26APR280515-15"",""trade_id"":""4b4b6045-86c3-66e6-d104-96ec9d34cd97"",""yes_price_dollars"":""0.5500""}"
KXBTC15M-26APR280515-15,4057d101-da83-4c88-2409-18c27549e26c,1777366814,0.56,2.0,yes,"{""count_fp"":""2.00"",""created_time"":""2026-04-28T09:00:14.418963Z"",""no_price_dollars"":""0.4400"",""taker_side"":""yes"",""ticker"":""KXBTC15M-26APR280515-15"",""trade_id"":""4057d101-da83-4c88-2409-18c27549e26c"",""yes_price_dollars"":""0.5600""}"
KXBTC15M-26APR280515-15,494a3159-7f5e-6b70-ca2a-1f72e83160a4,1777366814,0.55,0.35,yes,"{""count_fp"":""0.35"",""created_time"":""2026-04-28T09:00:14.041919Z"",""no_price_dollars"":""0.4500"",""taker_side"":""yes"",""ticker"":""KXBTC15M-26APR280515-15"",""trade_id"":""494a3159-7f5e-6b70-ca2a-1f72e83160a4"",""yes_price_dollars"":""0.5500""}"
KXBTC15M-26APR280515-15,5ddb89bb-45be-6b88-8bc5-c2eb7376a094,1777366814,0.55,2.0,yes,"{""count_fp"":""2.00"",""created_time"":""2026-04-28T09:00:14.009505Z"",""no_price_dollars"":""0.4500"",""taker_side"":""yes"",""ticker"":""KXBTC15M-26APR280515-15"",""trade_id"":""5ddb89bb-45be-6b88-8bc5-c2eb7376a094"",""yes_price_dollars"":""0.5500""}"
KXBTC15M-26APR280515-15,aa2aaafe-f401-4ef8-4093-f9225c5577d2,1777366815,0.56,1.98,yes,"{""count_fp"":""1.98"",""created_time"":""2026-04-28T09:00:15.069044Z"",""no_price_dollars"":""0.4400"",""taker_side"":""yes"",""ticker"":""KXBTC15M-26APR280515-15"",""trade_id"":""aa2aaafe-f401-4ef8-4093-f9225c5577d2"",""yes_price_dollars"":""0.5600""}"
KXBTC15M-26APR280515-15,519c3d9f-1a73-4d88-7213-8d5b8e8661a4,1777366815,0.56,1.46,yes,"{""count_fp"":""1.46"",""created_time"":""2026-04-28T09:00:15.069044Z"",""no_price_dollars"":""0.4400"",""taker_side"":""yes"",""ticker"":""KXBTC15M-26APR280515-15"",""trade_id"":""519c3d9f-1a73-4d88-7213-8d5b8e8661a4"",""yes_price_dollars"":""0.5600""}"
KXBTC15M-26APR280515-15,fd89abd3-c15c-696f-95a1-f0ca667a3993,1777366816,0.56,56.0,no,"{""count_fp"":""56.00"",""created_time"":""2026-04-28T09:00:16.826071Z"",""no_price_dollars"":""0.4400"",""taker_side"":""no"",""ticker"":""KXBTC15M-26APR280515-15"",""trade_id"":""fd89abd3-c15c-696f-95a1-f0ca667a3993"",""yes_price_dollars"":""0.5600""}"
KXBTC15M-26APR280515-15,d7f64404-8829-6e45-b849-615594f85824,1777366816,0.56,40.0,no,"{""count_fp"":""40.00"",""created_time"":""2026-04-28T09:00:16.826071Z"",""no_price_dollars"":""0.4400"",""taker_side"":""no"",""ticker"":""KXBTC15M-26APR280515-15"",""trade_id"":""d7f64404-8829-6e45-b849-615594f85824"",""yes_price_dollars"":""0.5600""}"
KXBTC15M-26APR280515-15,5cdc1a8a-53fd-61e6-b311-485b41bb97d8,1777366816,0.56,156.31,no,"{""count_fp"":""156.31"",""created_time"":""2026-04-28T09:00:16.826071Z"",""no_price_dollars"":""0.4400"",""taker_side"":""no"",""ticker"":""KXBTC15M-26APR280515-15"",""trade_id"":""5cdc1a8a-53fd-61e6-b311-485b41bb97d8"",""yes_price_dollars"":""0.5600""}"
KXBTC15M-26APR280515-15,166490d1-7465-60cf-a472-2ef3a02245b0,1777366816,0.56,20.0,no,"{""count_fp"":""20.00"",""created_time"":""2026-04-28T09:00:16.826071Z"",""no_price_dollars"":""0.4400"",""taker_side"":""no"",""ticker"":""KXBTC15M-26APR280515-15"",""trade_id"":""166490d1-7465-60cf-a472-2ef3a02245b0"",""yes_price_dollars"":""0.5600""}"
KXBTC15M-26APR280515-15,b3bfdd08-e1e0-59df-8e74-bc4495e93f2f,1777366816,0.56,20.0,yes,"{""count_fp"":""20.00"",""created_time"":""2026-04-28T09:00:16.150167Z"",""no_price_dollars"":""0.4400"",""taker_side"":""yes"",""ticker"":""KXBTC15M-26APR280515-15"",""trade_id"":""b3bfdd08-e1e0-59df-8e74-bc4495e93f2f"",""yes_price_dollars"":""0.5600""}"
KXBTC15M-26APR280515-15,a282eefb-c059-50b3-aba4-7c0f3a5ed8d7,1777366816,0.58,1.0,yes,"{""count_fp"":""1.00"",""created_time"":""2026-04-28T09:00:16.150167Z"",""no_price_dollars"":""0.4200"",""taker_side"":""yes"",""ticker"":""KXBTC15M-26APR280515-15"",""trade_id"":""a282eefb-c059-50b3-aba4-7c0f3a5ed8d7"",""yes_price_dollars"":""0.5800""}"
KXBTC15M-26APR280515-15,a2142acb-9194-5cbd-9c37-9a9848f5e37e,1777366816,0.59,5.0,yes,"{""count_fp"":""5.00"",""created_time"":""2026-04-28T09:00:16.150167Z"",""no_price_dollars"":""0.4100"",""taker_side"":""yes"",""ticker"":""KXBTC15M-26APR280515-15"",""trade_id"":""a2142acb-9194-5cbd-9c37-9a9848f5e37e"",""yes_price_dollars"":""0.5900""}"
KXBTC15M-26APR280515-15,a1fd9a37-7075-5efe-af73-69ed6e1eb51b,1777366816,0.59,65.0,yes,"{""count_fp"":""65.00"",""created_time"":""2026-04-28T09:00:16.150167Z"",""no_price_dollars"":""0.4100"",""taker_side"":""yes"",""ticker"":""KXBTC15M-26APR280515-15"",""trade_id"":""a1fd9a37-7075-5efe-af73-69ed6e1eb51b"",""yes_price_dollars"":""0.5900""}"
KXBTC15M-26APR280515-15,8e61ad6b-a6ad-5e56-aac1-e8ed21f6b4f8,1777366816,0.59,40.0,yes,"{""count_fp"":""40.00"",""created_time"":""2026-04-28T09:00:16.150167Z"",""no_price_dollars"":""0.4100"",""taker_side"":""yes"",""ticker"":""KXBTC15M-26APR280515-15"",""trade_id"":""8e61ad6b-a6ad-5e56-aac1-e8ed21f6b4f8"",""yes_price_dollars"":""0.5900""}"
KXBTC15M-26APR280515-15,6fa39445-65bb-52c9-977d-0be481ee437f,1777366816,0.58,40.0,yes,"{""count_fp"":""40.00"",""created_time"":""2026-04-28T09:00:16.150167Z"",""no_price_dollars"":""0.4200"",""taker_side"":""yes"",""ticker"":""KXBTC15M-26APR280515-15"",""trade_id"":""6fa39445-65bb-52c9-977d-0be481ee437f"",""yes_price_dollars"":""0.5800""}"
KXBTC15M-26APR280515-15,3a8d6ed0-f69a-51bb-8fa2-02fa0c600fdf,1777366816,0.58,1.0,yes,"{""count_fp"":""1.00"",""created_time"":""2026-04-28T09:00:16.150167Z"",""no_price_dollars"":""0.4200"",""taker_side"":""yes"",""ticker"":""KXBTC15M-26APR280515-15"",""trade_id"":""3a8d6ed0-f69a-51bb-8fa2-02fa0c600fdf"",""yes_price_dollars"":""0.5800""}"
KXBTC15M-26APR280515-15,185ce359-ed94-5112-beb1-af8dd42d20ce,1777366816,0.57,40.0,yes,"{""count_fp"":""40.00"",""created_time"":""2026-04-28T09:00:16.150167Z"",""no_price_dollars"":""0.4300"",""taker_side"":""yes"",""ticker"":""KXBTC15M-26APR280515-15"",""trade_id"":""185ce359-ed94-5112-beb1-af8dd42d20ce"",""yes_price_dollars"":""0.5700""}"
KXBTC15M-26APR280515-15,17e465d9-a614-59f5-b6f6-3bf7bf02d620,1777366816,0.59,5.0,yes,"{""count_fp"":""5.00"",""created_time"":""2026-04-28T09:00:16.150167Z"",""no_price_dollars"":""0.4100"",""taker_side"":""yes"",""ticker"":""KXBTC15M-26APR280515-15"",""trade_id"":""17e465d9-a614-59f5-b6f6-3bf7bf02d620"",""yes_price_dollars"":""0.5900""}"
KXBTC15M-26APR280515-15,14f51064-e85d-5848-ac65-caba8522a6aa,1777366816,0.56,5.11,yes,"{""count_fp"":""5.11"",""created_time"":""2026-04-28T09:00:16.150167Z"",""no_price_dollars"":""0.4400"",""taker_side"":""yes"",""ticker"":""KXBTC15M-26APR280515-15"",""trade_id"":""14f51064-e85d-5848-ac65-caba8522a6aa"",""yes_price_dollars"":""0.5600""}"
KXBTC15M-26APR280515-15,0e24693d-ff5b-582f-a1e8-b0e02bb0a0d7,1777366816,0.57,3.0,yes,"{""count_fp"":""3.00"",""created_time"":""2026-04-28T09:00:16.150167Z"",""no_price_dollars"":""0.4300"",""taker_side"":""yes"",""ticker"":""KXBTC15M-26APR280515-15"",""trade_id"":""0e24693d-ff5b-582f-a1e8-b0e02bb0a0d7"",""yes_price_dollars"":""0.5700""}"
KXBTC15M-26APR280515-15,0b655ed0-eb03-5773-95d4-e7fd5f369e84,1777366816,0.59,54.51,yes,"{""count_fp"":""54.51"",""created_time"":""2026-04-28T09:00:16.150167Z"",""no_price_dollars"":""0.4100"",""taker_side"":""yes"",""ticker"":""KXBTC15M-26APR280515-15"",""trade_id"":""0b655ed0-eb03-5773-95d4-e7fd5f369e84"",""yes_price_dollars"":""0.5900""}"
KXBTC15M-26APR280515-15,015fbb5c-537c-5714-b295-9ee49a8b0efc,1777366816,0.59,119.0,yes,"{""count_fp"":""119.00"",""created_time"":""2026-04-28T09:00:16.150167Z"",""no_price_dollars"":""0.4100"",""taker_side"":""yes"",""ticker"":""KXBTC15M-26APR280515-15"",""trade_id"":""015fbb5c-537c-5714-b295-9ee49a8b0efc"",""yes_price_dollars"":""0.5900""}"
KXBTC15M-26APR280515-15,013ecff4-b9f4-5eee-807c-672fdc410a43,1777366816,0.57,1.0,yes,"{""count_fp"":""1.00"",""created_time"":""2026-04-28T09:00:16.150167Z"",""no_price_dollars"":""0.4300"",""taker_side"":""yes"",""ticker"":""KXBTC15M-26APR280515-15"",""trade_id"":""013ecff4-b9f4-5eee-807c-672fdc410a43"",""yes_price_dollars"":""0.5700""}"
KXBTC15M-26APR280515-15,8b35abc6-89a9-7c14-6582-b30ca36f1c2e,1777366816,0.56,3.46,yes,"{""count_fp"":""3.46"",""created_time"":""2026-04-28T09:00:16.024588Z"",""no_price_dollars"":""0.4400"",""taker_side"":""yes"",""ticker"":""KXBTC15M-26APR280515-15"",""trade_id"":""8b35abc6-89a9-7c14-6582-b30ca36f1c2e"",""yes_price_dollars"":""0.5600""}"
KXBTC15M-26APR280515-15,4c24fd16-2a49-7dd0-8cc9-ac3ee93f283a,1777366816,0.56,29.45,yes,"{""count_fp"":""29.45"",""created_time"":""2026-04-28T09:00:16.013516Z"",""no_price_dollars"":""0.4400"",""taker_side"":""yes"",""ticker"":""KXBTC15M-26APR280515-15"",""trade_id"":""4c24fd16-2a49-7dd0-8cc9-ac3ee93f283a"",""yes_price_dollars"":""0.5600""}"
KXBTC15M-26APR280515-15,6ee765f2-d6fd-42e2-7d5e-cb2852db6eb4,1777366817,0.56,42.79,no,"{""count_fp"":""42.79"",""created_time"":""2026-04-28T09:00:17.176631Z"",""no_price_dollars"":""0.4400"",""taker_side"":""no"",""ticker"":""KXBTC15M-26APR280515-15"",""trade_id"":""6ee765f2-d6fd-42e2-7d5e-cb2852db6eb4"",""yes_price_dollars"":""0.5600""}"
KXBTC15M-26APR280515-15,4e0e8fa1-da1c-5b98-9701-007119b9656c,1777366818,0.55,20.0,no,"{""count_fp"":""20.00"",""created_time"":""2026-04-28T09:00:18.755492Z"",""no_price_dollars"":""0.4500"",""taker_side"":""no"",""ticker"":""KXBTC15M-26APR280515-15"",""trade_id"":""4e0e8fa1-da1c-5b98-9701-007119b9656c"",""yes_price_dollars"":""0.5500""}"
KXBTC15M-26APR280515-15,4a44c559-b9ea-68a2-0619-f4ff1a5994d7,1777366818,0.56,8.51,yes,"{""count_fp"":""8.51"",""created_time"":""2026-04-28T09:00:18.547007Z"",""no_price_dollars"":""0.4400"",""taker_side"":""yes"",""ticker"":""KXBTC15M-26APR280515-15"",""trade_id"":""4a44c559-b9ea-68a2-0619-f4ff1a5994d7"",""yes_price_dollars"":""0.5600""}"
KXBTC15M-26APR280515-15,da3008d0-be14-4922-fbbb-8cc6ea4ccb9c,1777366818,0.55,20.04,no,"{""count_fp"":""20.04"",""created_time"":""2026-04-28T09:00:18.405834Z"",""no_price_dollars"":""0.4500"",""taker_side"":""no"",""ticker"":""KXBTC15M-26APR280515-15"",""trade_id"":""da3008d0-be14-4922-fbbb-8cc6ea4ccb9c"",""yes_price_dollars"":""0.5500""}"
KXBTC15M-26APR280515-15,54235d63-1840-510a-86b5-efb3df7c47e8,1777366818,0.55,54.93,no,"{""count_fp"":""54.93"",""created_time"":""2026-04-28T09:00:18.343683Z"",""no_price_dollars"":""0.4500"",""taker_side"":""no"",""ticker"":""KXBTC15M-26APR280515-15"",""trade_id"":""54235d63-1840-510a-86b5-efb3df7c47e8"",""yes_price_dollars"":""0.5500""}"
KXBTC15M-26APR280515-15,eaa57a76-7959-5d45-8260-40ba43a2a2ab,1777366818,0.56,20.0,no,"{""count_fp"":""20.00"",""created_time"":""2026-04-28T09:00:18.294469Z"",""no_price_dollars"":""0.4400"",""taker_side"":""no"",""ticker"":""KXBTC15M-26APR280515-15"",""trade_id"":""eaa57a76-7959-5d45-8260-40ba43a2a2ab"",""yes_price_dollars"":""0.5600""}"
KXBTC15M-26APR280515-15,47cf4371-07bc-50d9-bc1a-3ae97f2f6b5d,1777366818,0.56,2.15,no,"{""count_fp"":""2.15"",""created_time"":""2026-04-28T09:00:18.294469Z"",""no_price_dollars"":""0.4400"",""taker_side"":""no"",""ticker"":""KXBTC15M-26APR280515-15"",""trade_id"":""47cf4371-07bc-50d9-bc1a-3ae97f2f6b5d"",""yes_price_dollars"":""0.5600""}"
KXBTC15M-26APR280515-15,fd6027d5-feff-7f61-d7f4-b9c143e754be,1777366818,0.57,5.0,yes,"{""count_fp"":""5.00"",""created_time"":""2026-04-28T09:00:18.166155Z"",""no_price_dollars"":""0.4300"",""taker_side"":""yes"",""ticker"":""KXBTC15M-26APR280515-15"",""trade_id"":""fd6027d5-feff-7f61-d7f4-b9c143e754be"",""yes_price_dollars"":""0.5700""}"
KXBTC15M-26APR280515-15,56ee7a55-4899-5ffe-40f9-b011e5238258,1777366818,0.56,2.0,no,"{""count_fp"":""2.00"",""created_time"":""2026-04-28T09:00:18.115174Z"",""no_price_dollars"":""0.4400"",""taker_side"":""no"",""ticker"":""KXBTC15M-26APR280515-15"",""trade_id"":""56ee7a55-4899-5ffe-40f9-b011e5238258"",""yes_price_dollars"":""0.5600""}"
KXBTC15M-26APR280515-15,4b1f6ad8-f827-5079-113d-d485fa01fb26,1777366818,0.57,1.68,yes,"{""count_fp"":""1.68"",""created_time"":""2026-04-28T09:00:18.098118Z"",""no_price_dollars"":""0.4300"",""taker_side"":""yes"",""ticker"":""KXBTC15M-26APR280515-15"",""trade_id"":""4b1f6ad8-f827-5079-113d-d485fa01fb26"",""yes_price_dollars"":""0.5700""}"
KXBTC15M-26APR280515-15,1622d1ec-8d21-4c92-c3a5-0c3af54e13b4,1777366818,0.56,65.59,no,"{""count_fp"":""65.59"",""created_time"":""2026-04-28T09:00:18.024245Z"",""no_price_dollars"":""0.4400"",""taker_side"":""no"",""ticker"":""KXBTC15M-26APR280515-15"",""trade_id"":""1622d1ec-8d21-4c92-c3a5-0c3af54e13b4"",""yes_price_dollars"":""0.5600""}"
KXBTC15M-26APR280515-15,64e09aa8-860e-50cf-37c6-2e8a323d6112,1777366819,0.45,1.0,yes,"{""count_fp"":""1.00"",""created_time"":""2026-04-28T09:00:19.807079Z"",""no_price_dollars"":""0.5500"",""taker_side"":""yes"",""ticker"":""KXBTC15M-26APR280515-15"",""trade_id"":""64e09aa8-860e-50cf-37c6-2e8a323d6112"",""yes_price_dollars"":""0.4500""}"
KXBTC15M-26APR280515-15,e6ec039f-94de-7883-b9d2-448b20ee0d09,1777366819,0.45,200.0,no,"{""count_fp"":""200.00"",""created_time"":""2026-04-28T09:00:19.784804Z"",""no_price_dollars"":""0.5500"",""taker_side"":""no"",""ticker"":""KXBTC15M-26APR280515-15"",""trade_id"":""e6ec039f-94de-7883-b9d2-448b20ee0d09"",""yes_price_dollars"":""0.4500""}"
KXBTC15M-26APR280515-15,4e48488c-ede8-7259-aee6-9a8c0dc5dc24,1777366819,0.45,16.0,no,"{""count_fp"":""16.00"",""created_time"":""2026-04-28T09:00:19.784804Z"",""no_price_dollars"":""0.5500"",""taker_side"":""no"",""ticker"":""KXBTC15M-26APR280515-15"",""trade_id"":""4e48488c-ede8-7259-aee6-9a8c0dc5dc24"",""yes_price_dollars"":""0.4500""}"
KXBTC15M-26APR280515-15,aadcdd7c-55e7-6f1e-93ca-375e8029e6e7,1777366819,0.48,1.0,no,"{""count_fp"":""1.00"",""created_time"":""2026-04-28T09:00:19.416377Z"",""no_price_dollars"":""0.5200"",""taker_side"":""no"",""ticker"":""KXBTC15M-26APR280515-15"",""trade_id"":""aadcdd7c-55e7-6f1e-93ca-375e8029e6e7"",""yes_price_dollars"":""0.4800""}"
KXBTC15M-26APR280515-15,1fafe21c-d89b-62ea-6fa4-f16134fbb7e6,1777366819,0.5,2.0,no,"{""count_fp"":""2.00"",""created_time"":""2026-04-28T09:00:19.342622Z"",""no_price_dollars"":""0.5000"",""taker_side"":""no"",""ticker"":""KXBTC15M-26APR280515-15"",""trade_id"":""1fafe21c-d89b-62ea-6fa4-f16134fbb7e6"",""yes_price_dollars"":""0.5000""}"
KXBTC15M-26APR280515-15,0790d7f5-6c11-63a0-77d0-291f2d896e3a,1777366819,0.5,1.0,no,"{""count_fp"":""1.00"",""created_time"":""2026-04-28T09:00:19.342622Z"",""no_price_dollars"":""0.5000"",""taker_side"":""no"",""ticker"":""KXBTC15M-26APR280515-15"",""trade_id"":""0790d7f5-6c11-63a0-77d0-291f2d896e3a"",""yes_price_dollars"":""0.5000""}"
KXBTC15M-26APR280515-15,b30f17f4-f014-6a17-4b40-dd9b3754e254,1777366819,0.51,1.0,no,"{""count_fp"":""1.00"",""created_time"":""2026-04-28T09:00:19.332048Z"",""no_price_dollars"":""0.4900"",""taker_side"":""no"",""ticker"":""KXBTC15M-26APR280515-15"",""trade_id"":""b30f17f4-f014-6a17-4b40-dd9b3754e254"",""yes_price_dollars"":""0.5100""}"
KXBTC15M-26APR280515-15,ae068ad6-8cbc-6fd5-6bba-40821f6976a2,1777366819,0.51,10.0,no,"{""count_fp"":""10.00"",""created_time"":""2026-04-28T09:00:19.332048Z"",""no_price_dollars"":""0.4900"",""taker_side"":""no"",""ticker"":""KXBTC15M-26APR280515-15"",""trade_id"":""ae068ad6-8cbc-6fd5-6bba-40821f6976a2"",""yes_price_dollars"":""0.5100""}"
KXBTC15M-26APR280515-15,72ec8aa0-5b3b-6f61-744f-376e1cba731b,1777366819,0.51,4.0,no,"{""count_fp"":""4.00"",""created_time"":""2026-04-28T09:00:19.332048Z"",""no_price_dollars"":""0.4900"",""taker_side"":""no"",""ticker"":""KXBTC15M-26APR280515-15"",""trade_id"":""72ec8aa0-5b3b-6f61-744f-376e1cba731b"",""yes_price_dollars"":""0.5100""}"
KXBTC15M-26APR280515-15,b2c7367c-26c2-69d7-25b9-85e91c366582,1777366819,0.52,53.0,no,"{""count_fp"":""53.00"",""created_time"":""2026-04-28T09:00:19.326553Z"",""no_price_dollars"":""0.4800"",""taker_side"":""no"",""ticker"":""KXBTC15M-26APR280515-15"",""trade_id"":""b2c7367c-26c2-69d7-25b9-85e91c366582"",""yes_price_dollars"":""0.5200""}"
KXBTC15M-26APR280515-15,7baf87d6-0f1a-7cd2-68a2-8dadc1f284ef,1777366819,0.53,150.0,no,"{""count_fp"":""150.00"",""created_time"":""2026-04-28T09:00:19.282578Z"",""no_price_dollars"":""0.4700"",""taker_side"":""no"",""ticker"":""KXBTC15M-26APR280515-15"",""trade_id"":""7baf87d6-0f1a-7cd2-68a2-8dadc1f284ef"",""yes_price_dollars"":""0.5300""}"
KXBTC15M-26APR280515-15,74cfa2b7-b0cd-7912-6554-63abca5eb392,1777366819,0.53,30.2,no,"{""count_fp"":""30.20"",""created_time"":""2026-04-28T09:00:19.282578Z"",""no_price_dollars"":""0.4700"",""taker_side"":""no"",""ticker"":""KXBTC15M-26APR280515-15"",""trade_id"":""74cfa2b7-b0cd-7912-6554-63abca5eb392"",""yes_price_dollars"":""0.5300""}"
KXBTC15M-26APR280515-15,dbb99114-d321-47b2-dc96-a7eb3a80071e,1777366819,0.53,62.93,no,"{""count_fp"":""62.93"",""created_time"":""2026-04-28T09:00:19.275876Z"",""no_price_dollars"":""0.4700"",""taker_side"":""no"",""ticker"":""KXBTC15M-26APR280515-15"",""trade_id"":""dbb99114-d321-47b2-dc96-a7eb3a80071e"",""yes_price_dollars"":""0.5300""}"
KXBTC15M-26APR280515-15,56cece83-0021-6f9e-e35a-eb47b58ccd86,1777366819,0.53,43.12,no,"{""count_fp"":""43.12"",""created_time"":""2026-04-28T09:00:19.261552Z"",""no_price_dollars"":""0.4700"",""taker_side"":""no"",""ticker"":""KXBTC15M-26APR280515-15"",""trade_id"":""56cece83-0021-6f9e-e35a-eb47b58ccd86"",""yes_price_dollars"":""0.5300""}"
KXBTC15M-26APR280515-15,b1a78b90-4f6d-6ffe-f3e5-ed61f81fb8fe,1777366819,0.53,35.75,no,"{""count_fp"":""35.75"",""created_time"":""2026-04-28T09:00:19.255424Z"",""no_price_dollars"":""0.4700"",""taker_side"":""no"",""ticker"":""KXBTC15M-26APR280515-15"",""trade_id"":""b1a78b90-4f6d-6ffe-f3e5-ed61f81fb8fe"",""yes_price_dollars"":""0.5300""}"
KXBTC15M-26APR280515-15,c60a8371-d6d9-4693-5904-4c15ff3a37e4,1777366820,0.45,2.11,no,"{""count_fp"":""2.11"",""created_time"":""2026-04-28T09:00:20.973831Z"",""no_price_dollars"":""0.5500"",""taker_side"":""no"",""ticker"":""KXBTC15M-26APR280515-15"",""trade_id"":""c60a8371-d6d9-4693-5904-4c15ff3a37e4"",""yes_price_dollars"":""0.4500""}"
KXBTC15M-26APR280515-15,93bee8e4-29c3-4804-41fd-327fda819736,1777366820,0.46,8.81,yes,"{""count_fp"":""8.81"",""created_time"":""2026-04-28T09:00:20.939901Z"",""no_price_dollars"":""0.5400"",""taker_side"":""yes"",""ticker"":""KXBTC15M-26APR280515-15"",""trade_id"":""93bee8e4-29c3-4804-41fd-327fda819736"",""yes_price_dollars"":""0.4600""}"
KXBTC15M-26APR280515-15,608debd1-27eb-6040-3aa9-03c446c3fc3e,1777366820,0.46,2.0,yes,"{""count_fp"":""2.00"",""created_time"":""2026-04-28T09:00:20.936367Z"",""no_price_dollars"":""0.5400"",""taker_side"":""yes"",""ticker"":""KXBTC15M-26APR280515-15"",""trade_id"":""608debd1-27eb-6040-3aa9-03c446c3fc3e"",""yes_price_dollars"":""0.4600""}"
KXBTC15M-26APR280515-15,ea77c783-036b-6660-f374-017e87e43226,1777366820,0.46,8.66,yes,"{""count_fp"":""8.66"",""created_time"":""2026-04-28T09:00:20.883506Z"",""no_price_dollars"":""0.5400"",""taker_side"":""yes"",""ticker"":""KXBTC15M-26APR280515-15"",""trade_id"":""ea77c783-036b-6660-f374-017e87e43226"",""yes_price_dollars"":""0.4600""}"
KXBTC15M-26APR280515-15,e1c1741a-25fc-5fb6-159b-6baa89efa181,1777366820,0.44,10.0,yes,"{""count_fp"":""10.00"",""created_time"":""2026-04-28T09:00:20.597112Z"",""no_price_dollars"":""0.5600"",""taker_side"":""yes"",""ticker"":""KXBTC15M-26APR280515-15"",""trade_id"":""e1c1741a-25fc-5fb6-159b-6baa89efa181"",""yes_price_dollars"":""0.4400""}"
KXBTC15M-26APR280515-15,38b5efb9-cd6e-5d2e-34ed-3dbe5fc4c95d,1777366820,0.44,47.0,yes,"{""count_fp"":""47.00"",""created_time"":""2026-04-28T09:00:20.597112Z"",""no_price_dollars"":""0.5600"",""taker_side"":""yes"",""ticker"":""KXBTC15M-26APR280515-15"",""trade_id"":""38b5efb9-cd6e-5d2e-34ed-3dbe5fc4c95d"",""yes_price_dollars"":""0.4400""}"
KXBTC15M-26APR280515-15,cb90f347-c7b1-42dd-f7c2-8d48cb933e01,1777366821,0.44,6.0,no,"{""count_fp"":""6.00"",""created_time"":""2026-04-28T09:00:21.884618Z"",""no_price_dollars"":""0.5600"",""taker_side"":""no"",""ticker"":""KXBTC15M-26APR280515-15"",""trade_id"":""cb90f347-c7b1-42dd-f7c2-8d48cb933e01"",""yes_price_dollars"":""0.4400""}"
KXBTC15M-26APR280515-15,c4026d0f-4a88-4492-f043-95dcbc4fdc11,1777366821,0.44,33.35,no,"{""count_fp"":""33.35"",""created_time"":""2026-04-28T09:00:21.884618Z"",""no_price_dollars"":""0.5600"",""taker_side"":""no"",""ticker"":""KXBTC15M-26APR280515-15"",""trade_id"":""c4026d0f-4a88-4492-f043-95dcbc4fdc11"",""yes_price_dollars"":""0.4400""}"
KXBTC15M-26APR280515-15,65d9709a-c4a3-4ecb-dc60-3f0b568b6398,1777366821,0.45,20.0,no,"{""count_fp"":""20.00"",""created_time"":""2026-04-28T09:00:21.884618Z"",""no_price_dollars"":""0.5500"",""taker_side"":""no"",""ticker"":""KXBTC15M-26APR280515-15"",""trade_id"":""65d9709a-c4a3-4ecb-dc60-3f0b568b6398"",""yes_price_dollars"":""0.4500""}"
KXBTC15M-26APR280515-15,558e1d72-e4ed-4438-c1ae-b730b5bd9477,1777366821,0.45,1.44,no,"{""count_fp"":""1.44"",""created_time"":""2026-04-28T09:00:21.884618Z"",""no_price_dollars"":""0.5500"",""taker_side"":""no"",""ticker"":""KXBTC15M-26APR280515-15"",""trade_id"":""558e1d72-e4ed-4438-c1ae-b730b5bd9477"",""yes_price_dollars"":""0.4500""}"
KXBTC15M-26APR280515-15,37680e66-a70f-469d-de65-fb5b2c914115,1777366821,0.45,3.0,no,"{""count_fp"":""3.00"",""created_time"":""2026-04-28T09:00:21.884618Z"",""no_price_dollars"":""0.5500"",""taker_side"":""no"",""ticker"":""KXBTC15M-26APR280515-15"",""trade_id"":""37680e66-a70f-469d-de65-fb5b2c914115"",""yes_price_dollars"":""0.4500""}"
KXBTC15M-26APR280515-15,2dc78651-038d-47e5-feec-3083a38e6e58,1777366821,0.45,2.0,no,"{""count_fp"":""2.00"",""created_time"":""2026-04-28T09:00:21.884618Z"",""no_price_dollars"":""0.5500"",""taker_side"":""no"",""ticker"":""KXBTC15M-26APR280515-15"",""trade_id"":""2dc78651-038d-47e5-feec-3083a38e6e58"",""yes_price_dollars"":""0.4500""}"
KXBTC15M-26APR280515-15,0e792d59-415e-4b4e-f1d2-18e9fe0a6c88,1777366821,0.44,3.0,no,"{""count_fp"":""3.00"",""created_time"":""2026-04-28T09:00:21.884618Z"",""no_price_dollars"":""0.5600"",""taker_side"":""no"",""ticker"":""KXBTC15M-26APR280515-15"",""trade_id"":""0e792d59-415e-4b4e-f1d2-18e9fe0a6c88"",""yes_price_dollars"":""0.4400""}"
KXBTC15M-26APR280515-15,fb7f4698-f34c-59de-dd57-5f2cdd774684,1777366821,0.45,212.8,no,"{""count_fp"":""212.80"",""created_time"":""2026-04-28T09:00:21.193886Z"",""no_price_dollars"":""0.5500"",""taker_side"":""no"",""ticker"":""KXBTC15M-26APR280515-15"",""trade_id"":""fb7f4698-f34c-59de-dd57-5f2cdd774684"",""yes_price_dollars"":""0.4500""}"
KXBTC15M-26APR280515-15,2364ff02-6939-79d5-8d46-1523d52d47e8,1777366821,0.47,31.88,yes,"{""count_fp"":""31.88"",""created_time"":""2026-04-28T09:00:21.098031Z"",""no_price_dollars"":""0.5300"",""taker_side"":""yes"",""ticker"":""KXBTC15M-26APR280515-15"",""trade_id"":""2364ff02-6939-79d5-8d46-1523d52d47e8"",""yes_price_dollars"":""0.4700""}"
KXBTC15M-26APR280515-15,c9d6e66b-cad8-7bf7-ecfd-fbbd08606a51,1777366821,0.46,3.0,yes,"{""count_fp"":""3.00"",""created_time"":""2026-04-28T09:00:21.053192Z"",""no_price_dollars"":""0.5400"",""taker_side"":""yes"",""ticker"":""KXBTC15M-26APR280515-15"",""trade_id"":""c9d6e66b-cad8-7bf7-ecfd-fbbd08606a51"",""yes_price_dollars"":""0.4600""}"
KXBTC15M-26APR280515-15,94612f71-fa9f-71f0-d56c-080e73acf38a,1777366821,0.46,0.53,yes,"{""count_fp"":""0.53"",""created_time"":""2026-04-28T09:00:21.053192Z"",""no_price_dollars"":""0.5400"",""taker_side"":""yes"",""ticker"":""KXBTC15M-26APR280515-15"",""trade_id"":""94612f71-fa9f-71f0-d56c-080e73acf38a"",""yes_price_dollars"":""0.4600""}"
KXBTC15M-26APR280515-15,9560411e-a0d4-7dbd-cd31-a2b2bfb2a710,1777366822,0.45,10.05,yes,"{""count_fp"":""10.05"",""created_time"":""2026-04-28T09:00:22.506681Z"",""no_price_dollars"":""0.5500"",""taker_side"":""yes"",""ticker"":""KXBTC15M-26APR280515-15"",""trade_id"":""9560411e-a0d4-7dbd-cd31-a2b2bfb2a710"",""yes_price_dollars"":""0.4500""}"
KXBTC15M-26APR280515-15,e07717d7-40b4-57dd-4bf8-1535dad6d694,1777366822,0.45,6.0,yes,"{""count_fp"":""6.00"",""created_time"":""2026-04-28T09:00:22.212338Z"",""no_price_dollars"":""0.5500"",""taker_side"":""yes"",""ticker"":""KXBTC15M-26APR280515-15"",""trade_id"":""e07717d7-40b4-57dd-4bf8-1535dad6d694"",""yes_price_dollars"":""0.4500""}"
KXBTC15M-26APR280515-15,c50a9825-103f-6621-1623-0911376efb87,1777366823,0.46,10.0,yes,"{""count_fp"":""10.00"",""created_time"":""2026-04-28T09:00:23.870296Z"",""no_price_dollars"":""0.5400"",""taker_side"":""yes"",""ticker"":""KXBTC15M-26APR280515-15"",""trade_id"":""c50a9825-103f-6621-1623-0911376efb87"",""yes_price_dollars"":""0.4600""}"
KXBTC15M-26APR280515-15,6189538f-fe35-6736-0cde-52c9cb628d6e,1777366823,0.46,3.0,yes,"{""count_fp"":""3.00"",""created_time"":""2026-04-28T09:00:23.870296Z"",""no_price_dollars"":""0.5400"",""taker_side"":""yes"",""ticker"":""KXBTC15M-26APR280515-15"",""trade_id"":""6189538f-fe35-6736-0cde-52c9cb628d6e"",""yes_price_dollars"":""0.4600""}"
KXBTC15M-26APR280515-15,2347de28-76f0-6d0c-373f-f58dc6d890c2,1777366823,0.47,15.0,yes,"{""count_fp"":""15.00"",""created_time"":""2026-04-28T09:00:23.870296Z"",""no_price_dollars"":""0.5300"",""taker_side"":""yes"",""ticker"":""KXBTC15M-26APR280515-15"",""trade_id"":""2347de28-76f0-6d0c-373f-f58dc6d890c2"",""yes_price_dollars"":""0.4700""}"
KXBTC15M-26APR280515-15,7974fc9e-8f8f-6d7c-bf0f-f8bb09f18972,1777366823,0.46,13.62,yes,"{""count_fp"":""13.62"",""created_time"":""2026-04-28T09:00:23.436346Z"",""no_price_dollars"":""0.5400"",""taker_side"":""yes"",""ticker"":""KXBTC15M-26APR280515-15"",""trade_id"":""7974fc9e-8f8f-6d7c-bf0f-f8bb09f18972"",""yes_price_dollars"":""0.4600""}"
KXBTC15M-26APR280515-15,fddca94d-d39e-7e29-91f5-6a592602b872,1777366823,0.45,17.0,yes,"{""count_fp"":""17.00"",""created_time"":""2026-04-28T09:00:23.309873Z"",""no_price_dollars"":""0.5500"",""taker_side"":""yes"",""ticker"":""KXBTC15M-26APR280515-15"",""trade_id"":""fddca94d-d39e-7e29-91f5-6a592602b872"",""yes_price_dollars"":""0.4500""}"
KXBTC15M-26APR280515-15,cd2ac55b-864e-7aa2-a8af-84414439cc81,1777366823,0.45,10.0,yes,"{""count_fp"":""10.00"",""created_time"":""2026-04-28T09:00:23.309873Z"",""no_price_dollars"":""0.5500"",""taker_side"":""yes"",""ticker"":""KXBTC15M-26APR280515-15"",""trade_id"":""cd2ac55b-864e-7aa2-a8af-84414439cc81"",""yes_price_dollars"":""0.4500""}"
KXBTC15M-26APR280515-15,caca41b6-8a46-7429-b9bf-61aefad39d99,1777366823,0.45,12.0,yes,"{""count_fp"":""12.00"",""created_time"":""2026-04-28T09:00:23.309873Z"",""no_price_dollars"":""0.5500"",""taker_side"":""yes"",""ticker"":""KXBTC15M-26APR280515-15"",""trade_id"":""caca41b6-8a46-7429-b9bf-61aefad39d99"",""yes_price_dollars"":""0.4500""}"
KXBTC15M-26APR280515-15,2973e8b4-d8c3-7c3c-8efc-b6d4e5ee0556,1777366823,0.46,12.52,yes,"{""count_fp"":""12.52"",""created_time"":""2026-04-28T09:00:23.309873Z"",""no_price_dollars"":""0.5400"",""taker_side"":""yes"",""ticker"":""KXBTC15M-26APR280515-15"",""trade_id"":""2973e8b4-d8c3-7c3c-8efc-b6d4e5ee0556"",""yes_price_dollars"":""0.4600""}"
KXBTC15M-26APR280515-15,e3a49d8a-deb4-7380-8555-a68c22bc269a,1777366824,0.47,2.04,yes,"{""count_fp"":""2.04"",""created_time"":""2026-04-28T09:00:24.847975Z"",""no_price_dollars"":""0.5300"",""taker_side"":""yes"",""ticker"":""KXBTC15M-26APR280515-15"",""trade_id"":""e3a49d8a-deb4-7380-8555-a68c22bc269a"",""yes_price_dollars"":""0.4700""}"
KXBTC15M-26APR280515-15,558540eb-8b00-76f0-bf9f-f6699c710532,1777366824,0.47,10.26,yes,"{""count_fp"":""10.26"",""created_time"":""2026-04-28T09:00:24.598096Z"",""no_price_dollars"":""0.5300"",""taker_side"":""yes"",""ticker"":""KXBTC15M-26APR280515-15"",""trade_id"":""558540eb-8b00-76f0-bf9f-f6699c710532"",""yes_price_dollars"":""0.4700""}"
KXBTC15M-26APR280515-15,d01a57a9-66e7-7238-2cde-58a10685c8f2,1777366825,0.45,17.12,no,"{""count_fp"":""17.12"",""created_time"":""2026-04-28T09:00:25.740469Z"",""no_price_dollars"":""0.5500"",""taker_side"":""no"",""ticker"":""KXBTC15M-26APR280515-15"",""trade_id"":""d01a57a9-66e7-7238-2cde-58a10685c8f2"",""yes_price_dollars"":""0.4500""}"
KXBTC15M-26APR280515-15,2aeb275a-861e-7750-0a69-e7dde6a7f904,1777366825,0.45,10.88,no,"{""count_fp"":""10.88"",""created_time"":""2026-04-28T09:00:25.740469Z"",""no_price_dollars"":""0.5500"",""taker_side"":""no"",""ticker"":""KXBTC15M-26APR280515-15"",""trade_id"":""2aeb275a-861e-7750-0a69-e7dde6a7f904"",""yes_price_dollars"":""0.4500""}"
KXBTC15M-26APR280515-15,71689bcd-f74c-45f5-295b-5fea9aa55b87,1777366825,0.46,2.37,no,"{""count_fp"":""2.37"",""created_time"":""2026-04-28T09:00:25.553281Z"",""no_price_dollars"":""0.5400"",""taker_side"":""no"",""ticker"":""KXBTC15M-26APR280515-15"",""trade_id"":""71689bcd-f74c-45f5-295b-5fea9aa55b87"",""yes_price_dollars"":""0.4600""}"
KXBTC15M-26APR280515-15,3e4b55b8-1a4b-4360-3566-3811e04d1f86,1777366825,0.45,22.88,no,"{""count_fp"":""22.88"",""created_time"":""2026-04-28T09:00:25.553281Z"",""no_price_dollars"":""0.5500"",""taker_side"":""no"",""ticker"":""KXBTC15M-26APR280515-15"",""trade_id"":""3e4b55b8-1a4b-4360-3566-3811e04d1f86"",""yes_price_dollars"":""0.4500""}"
KXBTC15M-26APR280515-15,18703f38-fd9d-40ff-00ac-b3f54771c06b,1777366825,0.46,1.2,no,"{""count_fp"":""1.20"",""created_time"":""2026-04-28T09:00:25.553281Z"",""no_price_dollars"":""0.5400"",""taker_side"":""no"",""ticker"":""KXBTC15M-26APR280515-15"",""trade_id"":""18703f38-fd9d-40ff-00ac-b3f54771c06b"",""yes_price_dollars"":""0.4600""}"
KXBTC15M-26APR280515-15,8d60a5f5-5ec4-4e38-ec6f-d9a19670bab2,1777366825,0.47,12.7,yes,"{""count_fp"":""12.70"",""created_time"":""2026-04-28T09:00:25.337814Z"",""no_price_dollars"":""0.5300"",""taker_side"":""yes"",""ticker"":""KXBTC15M-26APR280515-15"",""trade_id"":""8d60a5f5-5ec4-4e38-ec6f-d9a19670bab2"",""yes_price_dollars"":""0.4700""}"
KXBTC15M-26APR280515-15,29b09081-78ad-4852-f7e2-3a6eaf356fbf,1777366825,0.47,27.76,yes,"{""count_fp"":""27.76"",""created_time"":""2026-04-28T09:00:25.337814Z"",""no_price_dollars"":""0.5300"",""taker_side"":""yes"",""ticker"":""KXBTC15M-26APR280515-15"",""trade_id"":""29b09081-78ad-4852-f7e2-3a6eaf356fbf"",""yes_price_dollars"":""0.4700""}"
KXBTC15M-26APR280515-15,518c4069-4d4b-74c1-b3b1-35a31647f64b,1777366825,0.46,17.63,no,"{""count_fp"":""17.63"",""created_time"":""2026-04-28T09:00:25.019934Z"",""no_price_dollars"":""0.5400"",""taker_side"":""no"",""ticker"":""KXBTC15M-26APR280515-15"",""trade_id"":""518c4069-4d4b-74c1-b3b1-35a31647f64b"",""yes_price_dollars"":""0.4600""}"
KXBTC15M-26APR280515-15,c32828c6-57cd-6506-b844-70de476856f7,1777366826,0.47,20.51,yes,"{""count_fp"":""20.51"",""created_time"":""2026-04-28T09:00:26.466689Z"",""no_price_dollars"":""0.5300"",""taker_side"":""yes"",""ticker"":""KXBTC15M-26APR280515-15"",""trade_id"":""c32828c6-57cd-6506-b844-70de476856f7"",""yes_price_dollars"":""0.4700""}"
KXBTC15M-26APR280515-15,d98970d2-7fae-6fdf-db1b-c1c185d788a8,1777366826,0.46,1.41,no,"{""count_fp"":""1.41"",""created_time"":""2026-04-28T09:00:26.409463Z"",""no_price_dollars"":""0.5400"",""taker_side"":""no"",""ticker"":""KXBTC15M-26APR280515-15"",""trade_id"":""d98970d2-7fae-6fdf-db1b-c1c185d788a8"",""yes_price_dollars"":""0.4600""}"
KXBTC15M-26APR280515-15,d73d5fc6-7cda-6d5c-d6a5-51d009ad9ac8,1777366826,0.45,0.35,no,"{""count_fp"":""0.35"",""created_time"":""2026-04-28T09:00:26.409463Z"",""no_price_dollars"":""0.5500"",""taker_side"":""no"",""ticker"":""KXBTC15M-26APR280515-15"",""trade_id"":""d73d5fc6-7cda-6d5c-d6a5-51d009ad9ac8"",""yes_price_dollars"":""0.4500""}"
KXBTC15M-26APR280515-15,d6b0b448-ca09-5cb2-85a8-3aab99197f7b,1777366826,0.47,20.51,yes,"{""count_fp"":""20.51"",""created_time"":""2026-04-28T09:00:26.310658Z"",""no_price_dollars"":""0.5300"",""taker_side"":""yes"",""ticker"":""KXBTC15M-26APR280515-15"",""trade_id"":""d6b0b448-ca09-5cb2-85a8-3aab99197f7b"",""yes_price_dollars"":""0.4700""}"
KXBTC15M-26APR280515-15,b6fc0702-f5f9-7532-6ea9-6fcdc2300a1b,1777366826,0.47,0.28,yes,"{""count_fp"":""0.28"",""created_time"":""2026-04-28T09:00:26.033995Z"",""no_price_dollars"":""0.5300"",""taker_side"":""yes"",""ticker"":""KXBTC15M-26APR280515-15"",""trade_id"":""b6fc0702-f5f9-7532-6ea9-6fcdc2300a1b"",""yes_price_dollars"":""0.4700""}"
KXBTC15M-26APR280515-15,e9554bb6-264d-7dce-0185-b74ac659562b,1777366827,0.47,161.38,yes,"{""count_fp"":""161.38"",""created_time"":""2026-04-28T09:00:27.202491Z"",""no_price_dollars"":""0.5300"",""taker_side"":""yes"",""ticker"":""KXBTC15M-26APR280515-15"",""trade_id"":""e9554bb6-264d-7dce-0185-b74ac659562b"",""yes_price_dollars"":""0.4700""}"
KXBTC15M-26APR280515-15,df14b4b1-bfff-7d1b-34cf-06a9f947a72d,1777366827,0.46,3.0,yes,"{""count_fp"":""3.00"",""created_time"":""2026-04-28T09:00:27.202491Z"",""no_price_dollars"":""0.5400"",""taker_side"":""yes"",""ticker"":""KXBTC15M-26APR280515-15"",""trade_id"":""df14b4b1-bfff-7d1b-34cf-06a9f947a72d"",""yes_price_dollars"":""0.4600""}"
KXBTC15M-26APR280515-15,2d5bec11-ff00-70b8-0165-7a5fc4c4d0c3,1777366827,0.46,10.0,yes,"{""count_fp"":""10.00"",""created_time"":""2026-04-28T09:00:27.202491Z"",""no_price_dollars"":""0.5400"",""taker_side"":""yes"",""ticker"":""KXBTC15M-26APR280515-15"",""trade_id"":""2d5bec11-ff00-70b8-0165-7a5fc4c4d0c3"",""yes_price_dollars"":""0.4600""}"
KXBTC15M-26APR280515-15,cbe15985-3962-47dc-498a-4e6f879fa664,1777366828,0.45,8.77,no,"{""count_fp"":""8.77"",""created_time"":""2026-04-28T09:00:28.123129Z"",""no_price_dollars"":""0.5500"",""taker_side"":""no"",""ticker"":""KXBTC15M-26APR280515-15"",""trade_id"":""cbe15985-3962-47dc-498a-4e6f879fa664"",""yes_price_dollars"":""0.4500""}"
KXBTC15M-26APR280515-15,152f1628-a501-493c-5775-812d262d7810,1777366828,0.45,21.19,no,"{""count_fp"":""21.19"",""created_time"":""2026-04-28T09:00:28.123129Z"",""no_price_dollars"":""0.5500"",""taker_side"":""no"",""ticker"":""KXBTC15M-26APR280515-15"",""trade_id"":""152f1628-a501-493c-5775-812d262d7810"",""yes_price_dollars"":""0.4500""}"
KXBTC15M-26APR280515-15,96061891-5872-4d7c-1e6b-f30927a946a2,1777366829,0.46,6.7,yes,"{""count_fp"":""6.70"",""created_time"":""2026-04-28T09:00:29.802278Z"",""no_price_dollars"":""0.5400"",""taker_side"":""yes"",""ticker"":""KXBTC15M-26APR280515-15"",""trade_id"":""96061891-5872-4d7c-1e6b-f30927a946a2"",""yes_price_dollars"":""0.4600""}"
KXBTC15M-26APR280515-15,37205ee4-ca55-6b1c-62f4-c3f26986de98,1777366829,0.45,0.17,no,"{""count_fp"":""0.17"",""created_time"":""2026-04-28T09:00:29.699036Z"",""no_price_dollars"":""0.5500"",""taker_side"":""no"",""ticker"":""KXBTC15M-26APR280515-15"",""trade_id"":""37205ee4-ca55-6b1c-62f4-c3f26986de98"",""yes_price_dollars"":""0.4500""}"
KXBTC15M-26APR280515-15,8b0f72bb-728e-6fb4-ce9f-eba63e527476,1777366830,0.46,5.23,yes,"{""count_fp"":""5.23"",""created_time"":""2026-04-28T09:00:30.726757Z"",""no_price_dollars"":""0.5400"",""taker_side"":""yes"",""ticker"":""KXBTC15M-26APR280515-15"",""trade_id"":""8b0f72bb-728e-6fb4-ce9f-eba63e527476"",""yes_price_dollars"":""0.4600""}"
KXBTC15M-26APR280515-15,ec1fa2d8-4cde-6720-909b-6185d3650d2a,1777366830,0.46,10.47,yes,"{""count_fp"":""10.47"",""created_time"":""2026-04-28T09:00:30.124426Z"",""no_price_dollars"":""0.5400"",""taker_side"":""yes"",""ticker"":""KXBTC15M-26APR280515-15"",""trade_id"":""ec1fa2d8-4cde-6720-909b-6185d3650d2a"",""yes_price_dollars"":""0.4600""}"
KXBTC15M-26APR280515-15,05a9c520-b046-7140-67b5-5ea9f3144236,1777366830,0.46,10.47,yes,"{""count_fp"":""10.47"",""created_time"":""2026-04-28T09:00:30.104856Z"",""no_price_dollars"":""0.5400"",""taker_side"":""yes"",""ticker"":""KXBTC15M-26APR280515-15"",""trade_id"":""05a9c520-b046-7140-67b5-5ea9f3144236"",""yes_price_dollars"":""0.4600""}"
KXBTC15M-26APR280515-15,b6a1e347-abca-4d94-9fdc-2ef23018c38e,1777366830,0.46,10.47,yes,"{""count_fp"":""10.47"",""created_time"":""2026-04-28T09:00:30.029402Z"",""no_price_dollars"":""0.5400"",""taker_side"":""yes"",""ticker"":""KXBTC15M-26APR280515-15"",""trade_id"":""b6a1e347-abca-4d94-9fdc-2ef23018c38e"",""yes_price_dollars"":""0.4600""}"
KXBTC15M-26APR280515-15,d633fe49-91a5-61ec-6181-ce908a9e8184,1777366831,0.45,0.35,no,"{""count_fp"":""0.35"",""created_time"":""2026-04-28T09:00:31.943797Z"",""no_price_dollars"":""0.5500"",""taker_side"":""no"",""ticker"":""KXBTC15M-26APR280515-15"",""trade_id"":""d633fe49-91a5-61ec-6181-ce908a9e8184"",""yes_price_dollars"":""0.4500""}"
KXBTC15M-26APR280515-15,d62b7aa0-79aa-7704-8f2f-939db366f7fa,1777366831,0.46,41.89,yes,"{""count_fp"":""41.89"",""created_time"":""2026-04-28T09:00:31.676044Z"",""no_price_dollars"":""0.5400"",""taker_side"":""yes"",""ticker"":""KXBTC15M-26APR280515-15"",""trade_id"":""d62b7aa0-79aa-7704-8f2f-939db366f7fa"",""yes_price_dollars"":""0.4600""}"
KXBTC15M-26APR280515-15,dce491e6-e406-4660-288f-80321d0c8036,1777366832,0.46,41.03,yes,"{""count_fp"":""41.03"",""created_time"":""2026-04-28T09:00:32.895892Z"",""no_price_dollars"":""0.5400"",""taker_side"":""yes"",""ticker"":""KXBTC15M-26APR280515-15"",""trade_id"":""dce491e6-e406-4660-288f-80321d0c8036"",""yes_price_dollars"":""0.4600""}"
KXBTC15M-26APR280515-15,6914409b-641a-5980-e22c-541b6e26483a,1777366832,0.46,50.0,yes,"{""count_fp"":""50.00"",""created_time"":""2026-04-28T09:00:32.448805Z"",""no_price_dollars"":""0.5400"",""taker_side"":""yes"",""ticker"":""KXBTC15M-26APR280515-15"",""trade_id"":""6914409b-641a-5980-e22c-541b6e26483a"",""yes_price_dollars"":""0.4600""}"
KXBTC15M-26APR280515-15,e9e04827-5b88-4f6f-83a5-b2eb748603bd,1777366832,0.45,5.66,no,"{""count_fp"":""5.66"",""created_time"":""2026-04-28T09:00:32.381505Z"",""no_price_dollars"":""0.5500"",""taker_side"":""no"",""ticker"":""KXBTC15M-26APR280515-15"",""trade_id"":""e9e04827-5b88-4f6f-83a5-b2eb748603bd"",""yes_price_dollars"":""0.4500""}"
KXBTC15M-26APR280515-15,d43d2dc2-20bc-4cb4-bdc9-3a3a3bd73541,1777366832,0.45,0.35,no,"{""count_fp"":""0.35"",""created_time"":""2026-04-28T09:00:32.381505Z"",""no_price_dollars"":""0.5500"",""taker_side"":""no"",""ticker"":""KXBTC15M-26APR280515-15"",""trade_id"":""d43d2dc2-20bc-4cb4-bdc9-3a3a3bd73541"",""yes_price_dollars"":""0.4500""}"
KXBTC15M-26APR280515-15,56cfd7bf-eaa3-4f5f-b2fa-fd95b3fe0996,1777366832,0.45,10.88,no,"{""count_fp"":""10.88"",""created_time"":""2026-04-28T09:00:32.381505Z"",""no_price_dollars"":""0.5500"",""taker_side"":""no"",""ticker"":""KXBTC15M-26APR280515-15"",""trade_id"":""56cfd7bf-eaa3-4f5f-b2fa-fd95b3fe0996"",""yes_price_dollars"":""0.4500""}"
KXBTC15M-26APR280515-15,2b994d47-8b79-4560-bf57-43305d6ad884,1777366832,0.45,0.73,no,"{""count_fp"":""0.73"",""created_time"":""2026-04-28T09:00:32.381505Z"",""no_price_dollars"":""0.5500"",""taker_side"":""no"",""ticker"":""KXBTC15M-26APR280515-15"",""trade_id"":""2b994d47-8b79-4560-bf57-43305d6ad884"",""yes_price_dollars"":""0.4500""}"
KXBTC15M-26APR280515-15,7a1979bc-7135-7408-b423-aa7cb282a348,1777366832,0.45,17.56,no,"{""count_fp"":""17.56"",""created_time"":""2026-04-28T09:00:32.366848Z"",""no_price_dollars"":""0.5500"",""taker_side"":""no"",""ticker"":""KXBTC15M-26APR280515-15"",""trade_id"":""7a1979bc-7135-7408-b423-aa7cb282a348"",""yes_price_dollars"":""0.4500""}"
KXBTC15M-26APR280515-15,cf724ef5-e2ff-55af-3313-b30ecfa1bc10,1777366833,0.45,20.0,no,"{""count_fp"":""20.00"",""created_time"":""2026-04-28T09:00:33.791468Z"",""no_price_dollars"":""0.5500"",""taker_side"":""no"",""ticker"":""KXBTC15M-26APR280515-15"",""trade_id"":""cf724ef5-e2ff-55af-3313-b30ecfa1bc10"",""yes_price_dollars"":""0.4500""}"
KXBTC15M-26APR280515-15,b92939f6-1cb2-55c9-2f22-d8877f94e359,1777366833,0.45,40.0,no,"{""count_fp"":""40.00"",""created_time"":""2026-04-28T09:00:33.791468Z"",""no_price_dollars"":""0.5500"",""taker_side"":""no"",""ticker"":""KXBTC15M-26APR280515-15"",""trade_id"":""b92939f6-1cb2-55c9-2f22-d8877f94e359"",""yes_price_dollars"":""0.4500""}"
KXBTC15M-26APR280515-15,68e00723-c888-506e-309e-b4d1d776b568,1777366833,0.44,27.42,no,"{""count_fp"":""27.42"",""created_time"":""2026-04-28T09:00:33.791468Z"",""no_price_dollars"":""0.5600"",""taker_side"":""no"",""ticker"":""KXBTC15M-26APR280515-15"",""trade_id"":""68e00723-c888-506e-309e-b4d1d776b568"",""yes_price_dollars"":""0.4400""}"
KXBTC15M-26APR280515-15,961dc2ec-1a76-61b0-8a33-77d1e7091864,1777366833,0.45,23.99,no,"{""count_fp"":""23.99"",""created_time"":""2026-04-28T09:00:33.238975Z"",""no_price_dollars"":""0.5500"",""taker_side"":""no"",""ticker"":""KXBTC15M-26APR280515-15"",""trade_id"":""961dc2ec-1a76-61b0-8a33-77d1e7091864"",""yes_price_dollars"":""0.4500""}"
KXBTC15M-26APR280515-15,8faf01ed-e55b-61ba-916e-5144ee6cd2ea,1777366833,0.45,1.44,no,"{""count_fp"":""1.44"",""created_time"":""2026-04-28T09:00:33.238975Z"",""no_price_dollars"":""0.5500"",""taker_side"":""no"",""ticker"":""KXBTC15M-26APR280515-15"",""trade_id"":""8faf01ed-e55b-61ba-916e-5144ee6cd2ea"",""yes_price_dollars"":""0.4500""}"
KXBTC15M-26APR280515-15,4d825be8-a0f1-6b35-963a-84a3da7052b7,1777366833,0.45,1.0,no,"{""count_fp"":""1.00"",""created_time"":""2026-04-28T09:00:33.238975Z"",""no_price_dollars"":""0.5500"",""taker_side"":""no"",""ticker"":""KXBTC15M-26APR280515-15"",""trade_id"":""4d825be8-a0f1-6b35-963a-84a3da7052b7"",""yes_price_dollars"":""0.4500""}"
KXBTC15M-26APR280515-15,f0e8bd1a-efce-5ccc-384f-02da9305d19a,1777366834,0.46,16.23,yes,"{""count_fp"":""16.23"",""created_time"":""2026-04-28T09:00:34.926196Z"",""no_price_dollars"":""0.5400"",""taker_side"":""yes"",""ticker"":""KXBTC15M-26APR280515-15"",""trade_id"":""f0e8bd1a-efce-5ccc-384f-02da9305d19a"",""yes_price_dollars"":""0.4600""}"
KXBTC15M-26APR280515-15,c00bd995-740e-6a04-3ae7-ff6a40340530,1777366835,0.46,0.95,yes,"{""count_fp"":""0.95"",""created_time"":""2026-04-28T09:00:35.936273Z"",""no_price_dollars"":""0.5400"",""taker_side"":""yes"",""ticker"":""KXBTC15M-26APR280515-15"",""trade_id"":""c00bd995-740e-6a04-3ae7-ff6a40340530"",""yes_price_dollars"":""0.4600""}"
KXBTC15M-26APR280515-15,669dcda2-3d39-652e-23d4-f4f0bc03d58e,1777366835,0.46,20.0,yes,"{""count_fp"":""20.00"",""created_time"":""2026-04-28T09:00:35.936273Z"",""no_price_dollars"":""0.5400"",""taker_side"":""yes"",""ticker"":""KXBTC15M-26APR280515-15"",""trade_id"":""669dcda2-3d39-652e-23d4-f4f0bc03d58e"",""yes_price_dollars"":""0.4600""}"
KXBTC15M-26APR280515-15,64b57221-d3d5-6149-25da-1fadd13a07d2,1777366835,0.46,10.47,yes,"{""count_fp"":""10.47"",""created_time"":""2026-04-28T09:00:35.936273Z"",""no_price_dollars"":""0.5400"",""taker_side"":""yes"",""ticker"":""KXBTC15M-26APR280515-15"",""trade_id"":""64b57221-d3d5-6149-25da-1fadd13a07d2"",""yes_price_dollars"":""0.4600""}"
KXBTC15M-26APR280515-15,0902eca2-2f0e-4474-bb54-c2d7f5906856,1777366835,0.46,33.51,yes,"{""count_fp"":""33.51"",""created_time"":""2026-04-28T09:00:35.715543Z"",""no_price_dollars"":""0.5400"",""taker_side"":""yes"",""ticker"":""KXBTC15M-26APR280515-15"",""trade_id"":""0902eca2-2f0e-4474-bb54-c2d7f5906856"",""yes_price_dollars"":""0.4600""}"
KXBTC15M-26APR280515-15,d0444dc4-538b-5ac4-46c6-4179e556348f,1777366835,0.45,15.0,no,"{""count_fp"":""15.00"",""created_time"":""2026-04-28T09:00:35.633802Z"",""no_price_dollars"":""0.5500"",""taker_side"":""no"",""ticker"":""KXBTC15M-26APR280515-15"",""trade_id"":""d0444dc4-538b-5ac4-46c6-4179e556348f"",""yes_price_dollars"":""0.4500""}"
KXBTC15M-26APR280515-15,9b850bf7-0193-5d11-549f-e8d75f3ed052,1777366835,0.45,1.44,no,"{""count_fp"":""1.44"",""created_time"":""2026-04-28T09:00:35.633802Z"",""no_price_dollars"":""0.5500"",""taker_side"":""no"",""ticker"":""KXBTC15M-26APR280515-15"",""trade_id"":""9b850bf7-0193-5d11-549f-e8d75f3ed052"",""yes_price_dollars"":""0.4500""}"
KXBTC15M-26APR280515-15,50910799-4d21-506d-6eed-cd152d970667,1777366835,0.45,0.56,no,"{""count_fp"":""0.56"",""created_time"":""2026-04-28T09:00:35.633802Z"",""no_price_dollars"":""0.5500"",""taker_side"":""no"",""ticker"":""KXBTC15M-26APR280515-15"",""trade_id"":""50910799-4d21-506d-6eed-cd152d970667"",""yes_price_dollars"":""0.4500""}"
KXBTC15M-26APR280515-15,f6cb5266-1a60-6424-2ee3-352ff24222ef,1777366836,0.46,13.0,no,"{""count_fp"":""13.00"",""created_time"":""2026-04-28T09:00:36.803796Z"",""no_price_dollars"":""0.5400"",""taker_side"":""no"",""ticker"":""KXBTC15M-26APR280515-15"",""trade_id"":""f6cb5266-1a60-6424-2ee3-352ff24222ef"",""yes_price_dollars"":""0.4600""}"
KXBTC15M-26APR280515-15,be9853d9-c11a-6d38-3c88-07263d30d1c0,1777366836,0.45,40.0,no,"{""count_fp"":""40.00"",""created_time"":""2026-04-28T09:00:36.803796Z"",""no_price_dollars"":""0.5500"",""taker_side"":""no"",""ticker"":""KXBTC15M-26APR280515-15"",""trade_id"":""be9853d9-c11a-6d38-3c88-07263d30d1c0"",""yes_price_dollars"":""0.4500""}"
KXBTC15M-26APR280515-15,b9f45a79-51f9-67b1-37cb-4f2abcfa520b,1777366836,0.46,3.22,no,"{""count_fp"":""3.22"",""created_time"":""2026-04-28T09:00:36.803796Z"",""no_price_dollars"":""0.5400"",""taker_side"":""no"",""ticker"":""KXBTC15M-26APR280515-15"",""trade_id"":""b9f45a79-51f9-67b1-37cb-4f2abcfa520b"",""yes_price_dollars"":""0.4600""}"
KXBTC15M-26APR280515-15,ae385049-1148-64a5-35b3-746c4c4e42a1,1777366836,0.45,56.31,no,"{""count_fp"":""56.31"",""created_time"":""2026-04-28T09:00:36.803796Z"",""no_price_dollars"":""0.5500"",""taker_side"":""no"",""ticker"":""KXBTC15M-26APR280515-15"",""trade_id"":""ae385049-1148-64a5-35b3-746c4c4e42a1"",""yes_price_dollars"":""0.4500""}"
KXBTC15M-26APR280515-15,6733da37-e14c-623b-3e06-b8b0c26ea1b2,1777366836,0.46,3.0,no,"{""count_fp"":""3.00"",""created_time"":""2026-04-28T09:00:36.803796Z"",""no_price_dollars"":""0.5400"",""taker_side"":""no"",""ticker"":""KXBTC15M-26APR280515-15"",""trade_id"":""6733da37-e14c-623b-3e06-b8b0c26ea1b2"",""yes_price_dollars"":""0.4600""}"
KXBTC15M-26APR280515-15,5e3894fa-7aa4-6bf2-017b-ff7609178507,1777366836,0.46,20.0,no,"{""count_fp"":""20.00"",""created_time"":""2026-04-28T09:00:36.803796Z"",""no_price_dollars"":""0.5400"",""taker_side"":""no"",""ticker"":""KXBTC15M-26APR280515-15"",""trade_id"":""5e3894fa-7aa4-6bf2-017b-ff7609178507"",""yes_price_dollars"":""0.4600""}"
KXBTC15M-26APR280515-15,32ac7e62-5ffe-6e89-0f1d-e80f00256052,1777366836,0.46,1.2,no,"{""count_fp"":""1.20"",""created_time"":""2026-04-28T09:00:36.803796Z"",""no_price_dollars"":""0.5400"",""taker_side"":""no"",""ticker"":""KXBTC15M-26APR280515-15"",""trade_id"":""32ac7e62-5ffe-6e89-0f1d-e80f00256052"",""yes_price_dollars"":""0.4600""}"
KXBTC15M-26APR280515-15,181246cb-4dd2-60c9-17ce-7b0796cfe3bb,1777366836,0.46,36.52,no,"{""count_fp"":""36.52"",""created_time"":""2026-04-28T09:00:36.803796Z"",""no_price_dollars"":""0.5400"",""taker_side"":""no"",""ticker"":""KXBTC15M-26APR280515-15"",""trade_id"":""181246cb-4dd2-60c9-17ce-7b0796cfe3bb"",""yes_price_dollars"":""0.4600""}"
KXBTC15M-26APR280515-15,95536fa5-94a6-4ecd-b648-5ac9f51703e7,1777366836,0.46,3.48,no,"{""count_fp"":""3.48"",""created_time"":""2026-04-28T09:00:36.600074Z"",""no_price_dollars"":""0.5400"",""taker_side"":""no"",""ticker"":""KXBTC15M-26APR280515-15"",""trade_id"":""95536fa5-94a6-4ecd-b648-5ac9f51703e7"",""yes_price_dollars"":""0.4600""}"
KXBTC15M-26APR280515-15,8b962939-a3b6-7eaf-4be4-1e1b7fb16f43,1777366837,0.47,0.96,no,"{""count_fp"":""0.96"",""created_time"":""2026-04-28T09:00:37.924544Z"",""no_price_dollars"":""0.5300"",""taker_side"":""no"",""ticker"":""KXBTC15M-26APR280515-15"",""trade_id"":""8b962939-a3b6-7eaf-4be4-1e1b7fb16f43"",""yes_price_dollars"":""0.4700""}"
KXBTC15M-26APR280515-15,3c932218-4b3b-7d3c-52f2-a01a2be207d9,1777366837,0.46,0.04,no,"{""count_fp"":""0.04"",""created_time"":""2026-04-28T09:00:37.924544Z"",""no_price_dollars"":""0.5400"",""taker_side"":""no"",""ticker"":""KXBTC15M-26APR280515-15"",""trade_id"":""3c932218-4b3b-7d3c-52f2-a01a2be207d9"",""yes_price_dollars"":""0.4600""}"
KXBTC15M-26APR280515-15,f4c8eb76-c93a-7449-96d4-2540a5367d91,1777366837,0.47,20.0,yes,"{""count_fp"":""20.00"",""created_time"":""2026-04-28T09:00:37.565554Z"",""no_price_dollars"":""0.5300"",""taker_side"":""yes"",""ticker"":""KXBTC15M-26APR280515-15"",""trade_id"":""f4c8eb76-c93a-7449-96d4-2540a5367d91"",""yes_price_dollars"":""0.4700""}"
KXBTC15M-26APR280515-15,a2fc24b9-8ecc-76b9-b65b-1f0d5a21f5ba,1777366837,0.47,11.8,yes,"{""count_fp"":""11.80"",""created_time"":""2026-04-28T09:00:37.565554Z"",""no_price_dollars"":""0.5300"",""taker_side"":""yes"",""ticker"":""KXBTC15M-26APR280515-15"",""trade_id"":""a2fc24b9-8ecc-76b9-b65b-1f0d5a21f5ba"",""yes_price_dollars"":""0.4700""}"
KXBTC15M-26APR280515-15,90b60a49-086a-7ab3-ab5d-16c0055991be,1777366837,0.48,13.37,yes,"{""count_fp"":""13.37"",""created_time"":""2026-04-28T09:00:37.565554Z"",""no_price_dollars"":""0.5200"",""taker_side"":""yes"",""ticker"":""KXBTC15M-26APR280515-15"",""trade_id"":""90b60a49-086a-7ab3-ab5d-16c0055991be"",""yes_price_dollars"":""0.4800""}"
KXBTC15M-26APR280515-15,5c88c19e-de02-72d0-9f19-c668bb247a0e,1777366837,0.47,19.48,yes,"{""count_fp"":""19.48"",""created_time"":""2026-04-28T09:00:37.565554Z"",""no_price_dollars"":""0.5300"",""taker_side"":""yes"",""ticker"":""KXBTC15M-26APR280515-15"",""trade_id"":""5c88c19e-de02-72d0-9f19-c668bb247a0e"",""yes_price_dollars"":""0.4700""}"
KXBTC15M-26APR280515-15,0ca1f81a-5a92-770b-816b-271fb0444db2,1777366837,0.47,10.0,yes,"{""count_fp"":""10.00"",""created_time"":""2026-04-28T09:00:37.565554Z"",""no_price_dollars"":""0.5300"",""taker_side"":""yes"",""ticker"":""KXBTC15M-26APR280515-15"",""trade_id"":""0ca1f81a-5a92-770b-816b-271fb0444db2"",""yes_price_dollars"":""0.4700""}"
KXBTC15M-26APR280515-15,57f319de-f2a7-7104-7085-8d0ebdb6e1c1,1777366837,0.46,17.37,no,"{""count_fp"":""17.37"",""created_time"":""2026-04-28T09:00:37.191462Z"",""no_price_dollars"":""0.5400"",""taker_side"":""no"",""ticker"":""KXBTC15M-26APR280515-15"",""trade_id"":""57f319de-f2a7-7104-7085-8d0ebdb6e1c1"",""yes_price_dollars"":""0.4600""}"
KXBTC15M-26APR280515-15,8569deab-84de-70c4-f47a-3c0210dc12ba,1777366837,0.47,20.52,yes,"{""count_fp"":""20.52"",""created_time"":""2026-04-28T09:00:37.139213Z"",""no_price_dollars"":""0.5300"",""taker_side"":""yes"",""ticker"":""KXBTC15M-26APR280515-15"",""trade_id"":""8569deab-84de-70c4-f47a-3c0210dc12ba"",""yes_price_dollars"":""0.4700""}"
KXBTC15M-26APR280515-15,7eed8a07-bfdf-61fc-0164-d7cc2c0629f9,1777366837,0.46,3.49,no,"{""count_fp"":""3.49"",""created_time"":""2026-04-28T09:00:37.022387Z"",""no_price_dollars"":""0.5400"",""taker_side"":""no"",""ticker"":""KXBTC15M-26APR280515-15"",""trade_id"":""7eed8a07-bfdf-61fc-0164-d7cc2c0629f9"",""yes_price_dollars"":""0.4600""}"
KXBTC15M-26APR280515-15,64beefeb-ebbf-6c53-231f-139631d64473,1777366837,0.46,0.56,no,"{""count_fp"":""0.56"",""created_time"":""2026-04-28T09:00:37.022387Z"",""no_price_dollars"":""0.5400"",""taker_side"":""no"",""ticker"":""KXBTC15M-26APR280515-15"",""trade_id"":""64beefeb-ebbf-6c53-231f-139631d64473"",""yes_price_dollars"":""0.4600""}"
KXBTC15M-26APR280515-15,32d2f040-54bf-6fd8-1ac3-7a7e47375656,1777366837,0.46,3.0,no,"{""count_fp"":""3.00"",""created_time"":""2026-04-28T09:00:37.022387Z"",""no_price_dollars"":""0.5400"",""taker_side"":""no"",""ticker"":""KXBTC15M-26APR280515-15"",""trade_id"":""32d2f040-54bf-6fd8-1ac3-7a7e47375656"",""yes_price_dollars"":""0.4600""}"
KXBTC15M-26APR280515-15,2fb433a3-4523-62fb-dea9-56d0c35075ad,1777366839,0.45,12.06,yes,"{""count_fp"":""12.06"",""created_time"":""2026-04-28T09:00:39.766959Z"",""no_price_dollars"":""0.5500"",""taker_side"":""yes"",""ticker"":""KXBTC15M-26APR280515-15"",""trade_id"":""2fb433a3-4523-62fb-dea9-56d0c35075ad"",""yes_price_dollars"":""0.4500""}"
KXBTC15M-26APR280515-15,5c6a3c8a-dede-7cab-0f1b-efaf22cfa405,1777366839,0.44,40.0,yes,"{""count_fp"":""40.00"",""created_time"":""2026-04-28T09:00:39.689426Z"",""no_price_dollars"":""0.5600"",""taker_side"":""yes"",""ticker"":""KXBTC15M-26APR280515-15"",""trade_id"":""5c6a3c8a-dede-7cab-0f1b-efaf22cfa405"",""yes_price_dollars"":""0.4400""}"
KXBTC15M-26APR280515-15,1c767648-6e07-7aaf-092c-5e6da3c9b331,1777366839,0.45,4.22,yes,"{""count_fp"":""4.22"",""created_time"":""2026-04-28T09:00:39.689426Z"",""no_price_dollars"":""0.5500"",""taker_side"":""yes"",""ticker"":""KXBTC15M-26APR280515-15"",""trade_id"":""1c767648-6e07-7aaf-092c-5e6da3c9b331"",""yes_price_dollars"":""0.4500""}"
KXBTC15M-26APR280515-15,f0096c7c-5de7-6196-e22b-6fc290902627,1777366839,0.43,1.41,no,"{""count_fp"":""1.41"",""created_time"":""2026-04-28T09:00:39.358586Z"",""no_price_dollars"":""0.5700"",""taker_side"":""no"",""ticker"":""KXBTC15M-26APR280515-15"",""trade_id"":""f0096c7c-5de7-6196-e22b-6fc290902627"",""yes_price_dollars"":""0.4300""}"
KXBTC15M-26APR280515-15,e412f5c6-4de4-67db-f9a5-8b9247844488,1777366839,0.44,3.0,no,"{""count_fp"":""3.00"",""created_time"":""2026-04-28T09:00:39.358586Z"",""no_price_dollars"":""0.5600"",""taker_side"":""no"",""ticker"":""KXBTC15M-26APR280515-15"",""trade_id"":""e412f5c6-4de4-67db-f9a5-8b9247844488"",""yes_price_dollars"":""0.4400""}"
KXBTC15M-26APR280515-15,56cf22b1-8116-689b-fcb0-6648228defb8,1777366839,0.44,56.0,no,"{""count_fp"":""56.00"",""created_time"":""2026-04-28T09:00:39.358586Z"",""no_price_dollars"":""0.5600"",""taker_side"":""no"",""ticker"":""KXBTC15M-26APR280515-15"",""trade_id"":""56cf22b1-8116-689b-fcb0-6648228defb8"",""yes_price_dollars"":""0.4400""}"
KXBTC15M-26APR280515-15,03eafb30-baba-6925-ce94-f6a87490b8f6,1777366839,0.44,20.0,no,"{""count_fp"":""20.00"",""created_time"":""2026-04-28T09:00:39.358586Z"",""no_price_dollars"":""0.5600"",""taker_side"":""no"",""ticker"":""KXBTC15M-26APR280515-15"",""trade_id"":""03eafb30-baba-6925-ce94-f6a87490b8f6"",""yes_price_dollars"":""0.4400""}"
KXBTC15M-26APR280515-15,37f9c58f-0374-706e-3aa8-17e9d2df0f2c,1777366839,0.44,1.0,no,"{""count_fp"":""1.00"",""created_time"":""2026-04-28T09:00:39.310622Z"",""no_price_dollars"":""0.5600"",""taker_side"":""no"",""ticker"":""KXBTC15M-26APR280515-15"",""trade_id"":""37f9c58f-0374-706e-3aa8-17e9d2df0f2c"",""yes_price_dollars"":""0.4400""}"
KXBTC15M-26APR280515-15,c40e883a-c1aa-7ec5-0ddc-84119e68d824,1777366839,0.46,18.11,yes,"{""count_fp"":""18.11"",""created_time"":""2026-04-28T09:00:39.208978Z"",""no_price_dollars"":""0.5400"",""taker_side"":""yes"",""ticker"":""KXBTC15M-26APR280515-15"",""trade_id"":""c40e883a-c1aa-7ec5-0ddc-84119e68d824"",""yes_price_dollars"":""0.4600""}"
KXBTC15M-26APR280515-15,69de2ec7-7320-5950-3d79-ee2c5462097e,1777366839,0.46,3.0,no,"{""count_fp"":""3.00"",""created_time"":""2026-04-28T09:00:39.060697Z"",""no_price_dollars"":""0.5400"",""taker_side"":""no"",""ticker"":""KXBTC15M-26APR280515-15"",""trade_id"":""69de2ec7-7320-5950-3d79-ee2c5462097e"",""yes_price_dollars"":""0.4600""}"
KXBTC15M-26APR280515-15,53178bd0-53f5-5c50-3fec-93f7d621e6c6,1777366839,0.46,4.6,no,"{""count_fp"":""4.60"",""created_time"":""2026-04-28T09:00:39.060697Z"",""no_price_dollars"":""0.5400"",""taker_side"":""no"",""ticker"":""KXBTC15M-26APR280515-15"",""trade_id"":""53178bd0-53f5-5c50-3fec-93f7d621e6c6"",""yes_price_dollars"":""0.4600""}"
KXBTC15M-26APR280515-15,45dcf6c1-760c-5fbd-10fd-3d3d68c1ef21,1777366839,0.46,1.37,no,"{""count_fp"":""1.37"",""created_time"":""2026-04-28T09:00:39.060697Z"",""no_price_dollars"":""0.5400"",""taker_side"":""no"",""ticker"":""KXBTC15M-26APR280515-15"",""trade_id"":""45dcf6c1-760c-5fbd-10fd-3d3d68c1ef21"",""yes_price_dollars"":""0.4600""}"
KXBTC15M-26APR280515-15,c8ff2f4b-4dea-47b4-2f6e-d263a1697eae,1777366840,0.46,43.78,yes,"{""count_fp"":""43.78"",""created_time"":""2026-04-28T09:00:40.365115Z"",""no_price_dollars"":""0.5400"",""taker_side"":""yes"",""ticker"":""KXBTC15M-26APR280515-15"",""trade_id"":""c8ff2f4b-4dea-47b4-2f6e-d263a1697eae"",""yes_price_dollars"":""0.4600""}"
KXBTC15M-26APR280515-15,5ae83d32-5e32-4b11-0065-d734bbccf3b0,1777366840,0.46,17.32,yes,"{""count_fp"":""17.32"",""created_time"":""2026-04-28T09:00:40.365115Z"",""no_price_dollars"":""0.5400"",""taker_side"":""yes"",""ticker"":""KXBTC15M-26APR280515-15"",""trade_id"":""5ae83d32-5e32-4b11-0065-d734bbccf3b0"",""yes_price_dollars"":""0.4600""}"
KXBTC15M-26APR280515-15,cc2ead75-5a92-59d0-21b2-fbdfd7964fb7,1777366840,0.44,40.0,no,"{""count_fp"":""40.00"",""created_time"":""2026-04-28T09:00:40.218792Z"",""no_price_dollars"":""0.5600"",""taker_side"":""no"",""ticker"":""KXBTC15M-26APR280515-15"",""trade_id"":""cc2ead75-5a92-59d0-21b2-fbdfd7964fb7"",""yes_price_dollars"":""0.4400""}"
KXBTC15M-26APR280515-15,8d7a91d9-eb70-5c1d-05dc-d9c18b8c7f21,1777366840,0.44,282.63,no,"{""count_fp"":""282.63"",""created_time"":""2026-04-28T09:00:40.218792Z"",""no_price_dollars"":""0.5600"",""taker_side"":""no"",""ticker"":""KXBTC15M-26APR280515-15"",""trade_id"":""8d7a91d9-eb70-5c1d-05dc-d9c18b8c7f21"",""yes_price_dollars"":""0.4400""}"
KXBTC15M-26APR280515-15,8756e205-c9ed-554e-230a-43272f29ebef,1777366840,0.44,20.0,no,"{""count_fp"":""20.00"",""created_time"":""2026-04-28T09:00:40.218792Z"",""no_price_dollars"":""0.5600"",""taker_side"":""no"",""ticker"":""KXBTC15M-26APR280515-15"",""trade_id"":""8756e205-c9ed-554e-230a-43272f29ebef"",""yes_price_dollars"":""0.4400""}"
KXBTC15M-26APR280515-15,8665c737-e464-5a7a-19a2-38154047729b,1777366840,0.44,3.0,no,"{""count_fp"":""3.00"",""created_time"":""2026-04-28T09:00:40.218792Z"",""no_price_dollars"":""0.5600"",""taker_side"":""no"",""ticker"":""KXBTC15M-26APR280515-15"",""trade_id"":""8665c737-e464-5a7a-19a2-38154047729b"",""yes_price_dollars"":""0.4400""}"
KXBTC15M-26APR280515-15,07657546-34f7-6e46-abf0-a4ace9ecad5b,1777366841,0.43,13.0,no,"{""count_fp"":""13.00"",""created_time"":""2026-04-28T09:00:41.342918Z"",""no_price_dollars"":""0.5700"",""taker_side"":""no"",""ticker"":""KXBTC15M-26APR280515-15"",""trade_id"":""07657546-34f7-6e46-abf0-a4ace9ecad5b"",""yes_price_dollars"":""0.4300""}"
KXBTC15M-26APR280515-15,c0d76f41-5eee-4354-4591-f7f66e04a012,1777366841,0.46,41.0,yes,"{""count_fp"":""41.00"",""created_time"":""2026-04-28T09:00:41.038433Z"",""no_price_dollars"":""0.5400"",""taker_side"":""yes"",""ticker"":""KXBTC15M-26APR280515-15"",""trade_id"":""c0d76f41-5eee-4354-4591-f7f66e04a012"",""yes_price_dollars"":""0.4600""}"
KXBTC15M-26APR280515-15,db67c9d7-2cf5-7460-e9e9-c58053113906,1777366842,0.45,10.0,yes,"{""count_fp"":""10.00"",""created_time"":""2026-04-28T09:00:42.523511Z"",""no_price_dollars"":""0.5500"",""taker_side"":""yes"",""ticker"":""KXBTC15M-26APR280515-15"",""trade_id"":""db67c9d7-2cf5-7460-e9e9-c58053113906"",""yes_price_dollars"":""0.4500""}"
KXBTC15M-26APR280515-15,9bf0e21a-3f94-7470-e0a2-8b2ce7f83648,1777366842,0.45,3.0,yes,"{""count_fp"":""3.00"",""created_time"":""2026-04-28T09:00:42.523511Z"",""no_price_dollars"":""0.5500"",""taker_side"":""yes"",""ticker"":""KXBTC15M-26APR280515-15"",""trade_id"":""9bf0e21a-3f94-7470-e0a2-8b2ce7f83648"",""yes_price_dollars"":""0.4500""}"
KXBTC15M-26APR280515-15,8bb94a85-b4c5-71dc-cd34-4388fa50b51f,1777366842,0.45,40.0,yes,"{""count_fp"":""40.00"",""created_time"":""2026-04-28T09:00:42.523511Z"",""no_price_dollars"":""0.5500"",""taker_side"":""yes"",""ticker"":""KXBTC15M-26APR280515-15"",""trade_id"":""8bb94a85-b4c5-71dc-cd34-4388fa50b51f"",""yes_price_dollars"":""0.4500""}"
KXBTC15M-26APR280515-15,5c9dcffa-8414-7395-dca6-482713cd58f8,1777366842,0.45,20.0,yes,"{""count_fp"":""20.00"",""created_time"":""2026-04-28T09:00:42.523511Z"",""no_price_dollars"":""0.5500"",""taker_side"":""yes"",""ticker"":""KXBTC15M-26APR280515-15"",""trade_id"":""5c9dcffa-8414-7395-dca6-482713cd58f8"",""yes_price_dollars"":""0.4500""}"
KXBTC15M-26APR280515-15,5248fdf1-af1b-7711-db71-c9954f302f02,1777366842,0.45,14.97,yes,"{""count_fp"":""14.97"",""created_time"":""2026-04-28T09:00:42.523511Z"",""no_price_dollars"":""0.5500"",""taker_side"":""yes"",""ticker"":""KXBTC15M-26APR280515-15"",""trade_id"":""5248fdf1-af1b-7711-db71-c9954f302f02"",""yes_price_dollars"":""0.4500""}"
KXBTC15M-26APR280515-15,fd655a16-a3ff-7b79-12da-33f95a391f63,1777366843,0.47,38.1,yes,"{""count_fp"":""38.10"",""created_time"":""2026-04-28T09:00:43.782689Z"",""no_price_dollars"":""0.5300"",""taker_side"":""yes"",""ticker"":""KXBTC15M-26APR280515-15"",""trade_id"":""fd655a16-a3ff-7b79-12da-33f95a391f63"",""yes_price_dollars"":""0.4700""}"
KXBTC15M-26APR280515-15,9d20cf0f-f175-776b-3c82-c2ab22a8832b,1777366843,0.45,2.09,yes,"{""count_fp"":""2.09"",""created_time"":""2026-04-28T09:00:43.782689Z"",""no_price_dollars"":""0.5500"",""taker_side"":""yes"",""ticker"":""KXBTC15M-26APR280515-15"",""trade_id"":""9d20cf0f-f175-776b-3c82-c2ab22a8832b"",""yes_price_dollars"":""0.4500""}"
KXBTC15M-26APR280515-15,8fe98e0a-536b-7758-15c9-ba1346ecc820,1777366843,0.45,4.18,yes,"{""count_fp"":""4.18"",""created_time"":""2026-04-28T09:00:43.782689Z"",""no_price_dollars"":""0.5500"",""taker_side"":""yes"",""ticker"":""KXBTC15M-26APR280515-15"",""trade_id"":""8fe98e0a-536b-7758-15c9-ba1346ecc820"",""yes_price_dollars"":""0.4500""}"
KXBTC15M-26APR280515-15,5ad86f33-1226-778a-1818-22a0a8c30bab,1777366843,0.46,3.0,yes,"{""count_fp"":""3.00"",""created_time"":""2026-04-28T09:00:43.782689Z"",""no_price_dollars"":""0.5400"",""taker_side"":""yes"",""ticker"":""KXBTC15M-26APR280515-15"",""trade_id"":""5ad86f33-1226-778a-1818-22a0a8c30bab"",""yes_price_dollars"":""0.4600""}"
KXBTC15M-26APR280515-15,3c7451ab-b677-74f1-3bb5-cbd9478c16de,1777366843,0.45,3.26,yes,"{""count_fp"":""3.26"",""created_time"":""2026-04-28T09:00:43.782689Z"",""no_price_dollars"":""0.5500"",""taker_side"":""yes"",""ticker"":""KXBTC15M-26APR280515-15"",""trade_id"":""3c7451ab-b677-74f1-3bb5-cbd9478c16de"",""yes_price_dollars"":""0.4500""}"
KXBTC15M-26APR280515-15,2e1c2dc4-abd0-790a-0f3b-3ae508832652,1777366843,0.45,10.47,yes,"{""count_fp"":""10.47"",""created_time"":""2026-04-28T09:00:43.782689Z"",""no_price_dollars"":""0.5500"",""taker_side"":""yes"",""ticker"":""KXBTC15M-26APR280515-15"",""trade_id"":""2e1c2dc4-abd0-790a-0f3b-3ae508832652"",""yes_price_dollars"":""0.4500""}"
KXBTC15M-26APR280515-15,dcd47b40-7177-4c3d-6266-27315b4daa3e,1777366843,0.45,2.09,yes,"{""count_fp"":""2.09"",""created_time"":""2026-04-28T09:00:43.622617Z"",""no_price_dollars"":""0.5500"",""taker_side"":""yes"",""ticker"":""KXBTC15M-26APR280515-15"",""trade_id"":""dcd47b40-7177-4c3d-6266-27315b4daa3e"",""yes_price_dollars"":""0.4500""}"
KXBTC15M-26APR280515-15,91a4b835-f1c7-79bd-9c2e-b385d0cb208e,1777366843,0.45,4.18,yes,"{""count_fp"":""4.18"",""created_time"":""2026-04-28T09:00:43.132034Z"",""no_price_dollars"":""0.5500"",""taker_side"":""yes"",""ticker"":""KXBTC15M-26APR280515-15"",""trade_id"":""91a4b835-f1c7-79bd-9c2e-b385d0cb208e"",""yes_price_dollars"":""0.4500""}"
KXBTC15M-26APR280515-15,4ace22b4-6462-65fa-e6fe-23a829f64d13,1777366844,0.48,1.73,no,"{""count_fp"":""1.73"",""created_time"":""2026-04-28T09:00:44.886292Z"",""no_price_dollars"":""0.5200"",""taker_side"":""no"",""ticker"":""KXBTC15M-26APR280515-15"",""trade_id"":""4ace22b4-6462-65fa-e6fe-23a829f64d13"",""yes_price_dollars"":""0.4800""}"
KXBTC15M-26APR280515-15,9351aa0b-d0ea-75e6-a423-8bc96fe1aba7,1777366844,0.48,20.51,no,"{""count_fp"":""20.51"",""created_time"":""2026-04-28T09:00:44.581359Z"",""no_price_dollars"":""0.5200"",""taker_side"":""no"",""ticker"":""KXBTC15M-26APR280515-15"",""trade_id"":""9351aa0b-d0ea-75e6-a423-8bc96fe1aba7"",""yes_price_dollars"":""0.4800""}"
KXBTC15M-26APR280515-15,12e3da40-6206-6dfa-7407-f594f418666b,1777366844,0.48,8.66,no,"{""count_fp"":""8.66"",""created_time"":""2026-04-28T09:00:44.183785Z"",""no_price_dollars"":""0.5200"",""taker_side"":""no"",""ticker"":""KXBTC15M-26APR280515-15"",""trade_id"":""12e3da40-6206-6dfa-7407-f594f418666b"",""yes_price_dollars"":""0.4800""}"
KXBTC15M-26APR280515-15,d35d0df7-46c0-6d1d-939e-9a3d9c571a72,1777366844,0.47,3.0,yes,"{""count_fp"":""3.00"",""created_time"":""2026-04-28T09:00:44.140511Z"",""no_price_dollars"":""0.5300"",""taker_side"":""yes"",""ticker"":""KXBTC15M-26APR280515-15"",""trade_id"":""d35d0df7-46c0-6d1d-939e-9a3d9c571a72"",""yes_price_dollars"":""0.4700""}"
KXBTC15M-26APR280515-15,481bdf5a-2829-6265-9ac9-a343bb08e89f,1777366844,0.47,5.0,yes,"{""count_fp"":""5.00"",""created_time"":""2026-04-28T09:00:44.140511Z"",""no_price_dollars"":""0.5300"",""taker_side"":""yes"",""ticker"":""KXBTC15M-26APR280515-15"",""trade_id"":""481bdf5a-2829-6265-9ac9-a343bb08e89f"",""yes_price_dollars"":""0.4700""}"
KXBTC15M-26APR280515-15,dcb3fc20-78a2-5482-b545-0e10db278cdf,1777366845,0.48,8.66,no,"{""count_fp"":""8.66"",""created_time"":""2026-04-28T09:00:45.219923Z"",""no_price_dollars"":""0.5200"",""taker_side"":""no"",""ticker"":""KXBTC15M-26APR280515-15"",""trade_id"":""dcb3fc20-78a2-5482-b545-0e10db278cdf"",""yes_price_dollars"":""0.4800""}"
KXBTC15M-26APR280515-15,b9136387-e295-4a85-d75b-c3f7e05b1ba7,1777366846,0.48,11.16,no,"{""count_fp"":""11.16"",""created_time"":""2026-04-28T09:00:46.926369Z"",""no_price_dollars"":""0.5200"",""taker_side"":""no"",""ticker"":""KXBTC15M-26APR280515-15"",""trade_id"":""b9136387-e295-4a85-d75b-c3f7e05b1ba7"",""yes_price_dollars"":""0.4800""}"
KXBTC15M-26APR280515-15,9cc01ba0-12bd-65e9-225d-1f77a389378b,1777366846,0.48,0.93,no,"{""count_fp"":""0.93"",""created_time"":""2026-04-28T09:00:46.514145Z"",""no_price_dollars"":""0.5200"",""taker_side"":""no"",""ticker"":""KXBTC15M-26APR280515-15"",""trade_id"":""9cc01ba0-12bd-65e9-225d-1f77a389378b"",""yes_price_dollars"":""0.4800""}"
KXBTC15M-26APR280515-15,3688bc5f-7111-7697-1718-e3cfe73a04f7,1777366847,0.49,20.0,yes,"{""count_fp"":""20.00"",""created_time"":""2026-04-28T09:00:47.890919Z"",""no_price_dollars"":""0.5100"",""taker_side"":""yes"",""ticker"":""KXBTC15M-26APR280515-15"",""trade_id"":""3688bc5f-7111-7697-1718-e3cfe73a04f7"",""yes_price_dollars"":""0.4900""}"
KXBTC15M-26APR280515-15,0c8d9b50-26ed-7cf9-ae76-9ca34244482b,1777366847,0.48,5.58,no,"{""count_fp"":""5.58"",""created_time"":""2026-04-28T09:00:47.793905Z"",""no_price_dollars"":""0.5200"",""taker_side"":""no"",""ticker"":""KXBTC15M-26APR280515-15"",""trade_id"":""0c8d9b50-26ed-7cf9-ae76-9ca34244482b"",""yes_price_dollars"":""0.4800""}"
KXBTC15M-26APR280515-15,357f84eb-8671-48b1-2e96-2cb245c102db,1777366847,0.48,9.3,no,"{""count_fp"":""9.30"",""created_time"":""2026-04-28T09:00:47.197318Z"",""no_price_dollars"":""0.5200"",""taker_side"":""no"",""ticker"":""KXBTC15M-26APR280515-15"",""trade_id"":""357f84eb-8671-48b1-2e96-2cb245c102db"",""yes_price_dollars"":""0.4800""}"
KXBTC15M-26APR280515-15,0f197208-a59e-63c9-74af-34e8266c2139,1777366848,0.49,0.55,no,"{""count_fp"":""0.55"",""created_time"":""2026-04-28T09:00:48.865903Z"",""no_price_dollars"":""0.5100"",""taker_side"":""no"",""ticker"":""KXBTC15M-26APR280515-15"",""trade_id"":""0f197208-a59e-63c9-74af-34e8266c2139"",""yes_price_dollars"":""0.4900""}"
KXBTC15M-26APR280515-15,cd54506d-8589-7eeb-7666-73aec7eca2e8,1777366848,0.49,0.92,no,"{""count_fp"":""0.92"",""created_time"":""2026-04-28T09:00:48.862424Z"",""no_price_dollars"":""0.5100"",""taker_side"":""no"",""ticker"":""KXBTC15M-26APR280515-15"",""trade_id"":""cd54506d-8589-7eeb-7666-73aec7eca2e8"",""yes_price_dollars"":""0.4900""}"
KXBTC15M-26APR280515-15,94838983-9a2a-75fd-65db-395840e8de69,1777366848,0.49,9.55,no,"{""count_fp"":""9.55"",""created_time"":""2026-04-28T09:00:48.862424Z"",""no_price_dollars"":""0.5100"",""taker_side"":""no"",""ticker"":""KXBTC15M-26APR280515-15"",""trade_id"":""94838983-9a2a-75fd-65db-395840e8de69"",""yes_price_dollars"":""0.4900""}"
KXBTC15M-26APR280515-15,d36c8ecd-87d5-426e-90b7-92296060c0cf,1777366848,0.49,10.0,no,"{""count_fp"":""10.00"",""created_time"":""2026-04-28T09:00:48.449252Z"",""no_price_dollars"":""0.5100"",""taker_side"":""no"",""ticker"":""KXBTC15M-26APR280515-15"",""trade_id"":""d36c8ecd-87d5-426e-90b7-92296060c0cf"",""yes_price_dollars"":""0.4900""}"
KXBTC15M-26APR280515-15,e73031d2-62f1-4bae-aecc-76ec3ac99133,1777366848,0.49,1.0,no,"{""count_fp"":""1.00"",""created_time"":""2026-04-28T09:00:48.386739Z"",""no_price_dollars"":""0.5100"",""taker_side"":""no"",""ticker"":""KXBTC15M-26APR280515-15"",""trade_id"":""e73031d2-62f1-4bae-aecc-76ec3ac99133"",""yes_price_dollars"":""0.4900""}"
KXBTC15M-26APR280515-15,21084f3f-155c-4c9e-edb0-4215f857fdb3,1777366848,0.49,12.35,yes,"{""count_fp"":""12.35"",""created_time"":""2026-04-28T09:00:48.302345Z"",""no_price_dollars"":""0.5100"",""taker_side"":""yes"",""ticker"":""KXBTC15M-26APR280515-15"",""trade_id"":""21084f3f-155c-4c9e-edb0-4215f857fdb3"",""yes_price_dollars"":""0.4900""}"
KXBTC15M-26APR280515-15,1ed11d9d-fd09-40e6-ccc3-fbe748b61913,1777366848,0.49,3.0,yes,"{""count_fp"":""3.00"",""created_time"":""2026-04-28T09:00:48.302345Z"",""no_price_dollars"":""0.5100"",""taker_side"":""yes"",""ticker"":""KXBTC15M-26APR280515-15"",""trade_id"":""1ed11d9d-fd09-40e6-ccc3-fbe748b61913"",""yes_price_dollars"":""0.4900""}"
KXBTC15M-26APR280515-15,c922f4d7-974f-56ae-e1be-0a48db7cd842,1777366849,0.47,11.65,no,"{""count_fp"":""11.65"",""created_time"":""2026-04-28T09:00:49.882472Z"",""no_price_dollars"":""0.5300"",""taker_side"":""no"",""ticker"":""KXBTC15M-26APR280515-15"",""trade_id"":""c922f4d7-974f-56ae-e1be-0a48db7cd842"",""yes_price_dollars"":""0.4700""}"
KXBTC15M-26APR280515-15,6627fcd2-d8aa-58bb-e71f-f0b7f2208962,1777366849,0.48,1.35,no,"{""count_fp"":""1.35"",""created_time"":""2026-04-28T09:00:49.882472Z"",""no_price_dollars"":""0.5200"",""taker_side"":""no"",""ticker"":""KXBTC15M-26APR280515-15"",""trade_id"":""6627fcd2-d8aa-58bb-e71f-f0b7f2208962"",""yes_price_dollars"":""0.4800""}"
KXBTC15M-26APR280515-15,5eed22c8-25d0-50d8-cce8-e0683fae1331,1777366849,0.48,3.0,no,"{""count_fp"":""3.00"",""created_time"":""2026-04-28T09:00:49.882472Z"",""no_price_dollars"":""0.5200"",""taker_side"":""no"",""ticker"":""KXBTC15M-26APR280515-15"",""trade_id"":""5eed22c8-25d0-50d8-cce8-e0683fae1331"",""yes_price_dollars"":""0.4800""}"
KXBTC15M-26APR280515-15,f182298b-a3b4-7956-2256-6bfff606db34,1777366849,0.48,56.0,no,"{""count_fp"":""56.00"",""created_time"":""2026-04-28T09:00:49.137397Z"",""no_price_dollars"":""0.5200"",""taker_side"":""no"",""ticker"":""KXBTC15M-26APR280515-15"",""trade_id"":""f182298b-a3b4-7956-2256-6bfff606db34"",""yes_price_dollars"":""0.4800""}"
KXBTC15M-26APR280515-15,df7f2bdf-3f02-7519-19db-f9f1579e0041,1777366849,0.49,9.9,no,"{""count_fp"":""9.90"",""created_time"":""2026-04-28T09:00:49.137397Z"",""no_price_dollars"":""0.5100"",""taker_side"":""no"",""ticker"":""KXBTC15M-26APR280515-15"",""trade_id"":""df7f2bdf-3f02-7519-19db-f9f1579e0041"",""yes_price_dollars"":""0.4900""}"
KXBTC15M-26APR280515-15,7b144de7-3a5d-74cd-299a-5eefc5d6fabb,1777366849,0.48,13.03,no,"{""count_fp"":""13.03"",""created_time"":""2026-04-28T09:00:49.137397Z"",""no_price_dollars"":""0.5200"",""taker_side"":""no"",""ticker"":""KXBTC15M-26APR280515-15"",""trade_id"":""7b144de7-3a5d-74cd-299a-5eefc5d6fabb"",""yes_price_dollars"":""0.4800""}"
KXBTC15M-26APR280515-15,736edc51-7362-7f29-0919-4976fb451fe8,1777366849,0.49,0.55,no,"{""count_fp"":""0.55"",""created_time"":""2026-04-28T09:00:49.137397Z"",""no_price_dollars"":""0.5100"",""taker_side"":""no"",""ticker"":""KXBTC15M-26APR280515-15"",""trade_id"":""736edc51-7362-7f29-0919-4976fb451fe8"",""yes_price_dollars"":""0.4900""}"
KXBTC15M-26APR280515-15,45f014f8-ac19-769a-30f8-cae3222b2ae1,1777366849,0.49,9.55,no,"{""count_fp"":""9.55"",""created_time"":""2026-04-28T09:00:49.137397Z"",""no_price_dollars"":""0.5100"",""taker_side"":""no"",""ticker"":""KXBTC15M-26APR280515-15"",""trade_id"":""45f014f8-ac19-769a-30f8-cae3222b2ae1"",""yes_price_dollars"":""0.4900""}"
KXBTC15M-26APR280515-15,27ee4097-b8f7-758a-30d3-eed75e3f6aae,1777366849,0.47,2.09,no,"{""count_fp"":""2.09"",""created_time"":""2026-04-28T09:00:49.137397Z"",""no_price_dollars"":""0.5300"",""taker_side"":""no"",""ticker"":""KXBTC15M-26APR280515-15"",""trade_id"":""27ee4097-b8f7-758a-30d3-eed75e3f6aae"",""yes_price_dollars"":""0.4700""}"
KXBTC15M-26APR280515-15,b32db7e7-15ad-67cc-547b-a7bc5bcee58b,1777366850,0.49,10.0,yes,"{""count_fp"":""10.00"",""created_time"":""2026-04-28T09:00:50.702313Z"",""no_price_dollars"":""0.5100"",""taker_side"":""yes"",""ticker"":""KXBTC15M-26APR280515-15"",""trade_id"":""b32db7e7-15ad-67cc-547b-a7bc5bcee58b"",""yes_price_dollars"":""0.4900""}"
KXBTC15M-26APR280515-15,3332c269-9c19-4cc8-02ba-10b2be765166,1777366850,0.48,1.86,no,"{""count_fp"":""1.86"",""created_time"":""2026-04-28T09:00:50.638648Z"",""no_price_dollars"":""0.5200"",""taker_side"":""no"",""ticker"":""KXBTC15M-26APR280515-15"",""trade_id"":""3332c269-9c19-4cc8-02ba-10b2be765166"",""yes_price_dollars"":""0.4800""}"
KXBTC15M-26APR280515-15,991f89b3-020d-4b6c-ddcf-d8593865a48e,1777366850,0.48,1.86,no,"{""count_fp"":""1.86"",""created_time"":""2026-04-28T09:00:50.247261Z"",""no_price_dollars"":""0.5200"",""taker_side"":""no"",""ticker"":""KXBTC15M-26APR280515-15"",""trade_id"":""991f89b3-020d-4b6c-ddcf-d8593865a48e"",""yes_price_dollars"":""0.4800""}"
KXBTC15M-26APR280515-15,48ff751b-532d-7470-7689-a8e383bae4c6,1777366850,0.48,5.58,no,"{""count_fp"":""5.58"",""created_time"":""2026-04-28T09:00:50.071807Z"",""no_price_dollars"":""0.5200"",""taker_side"":""no"",""ticker"":""KXBTC15M-26APR280515-15"",""trade_id"":""48ff751b-532d-7470-7689-a8e383bae4c6"",""yes_price_dollars"":""0.4800""}"
KXBTC15M-26APR280515-15,e92a521a-2cab-6c89-0c53-5e17b9a4c8ba,1777366851,0.49,16.26,yes,"{""count_fp"":""16.26"",""created_time"":""2026-04-28T09:00:51.766492Z"",""no_price_dollars"":""0.5100"",""taker_side"":""yes"",""ticker"":""KXBTC15M-26APR280515-15"",""trade_id"":""e92a521a-2cab-6c89-0c53-5e17b9a4c8ba"",""yes_price_dollars"":""0.4900""}"
KXBTC15M-26APR280515-15,d1371779-00d7-6108-20a2-ab8cbef35ff3,1777366851,0.49,3.0,yes,"{""count_fp"":""3.00"",""created_time"":""2026-04-28T09:00:51.766492Z"",""no_price_dollars"":""0.5100"",""taker_side"":""yes"",""ticker"":""KXBTC15M-26APR280515-15"",""trade_id"":""d1371779-00d7-6108-20a2-ab8cbef35ff3"",""yes_price_dollars"":""0.4900""}"
KXBTC15M-26APR280515-15,1c79c3d9-6f05-6734-1022-dadd3e1301d3,1777366851,0.49,30.0,yes,"{""count_fp"":""30.00"",""created_time"":""2026-04-28T09:00:51.766492Z"",""no_price_dollars"":""0.5100"",""taker_side"":""yes"",""ticker"":""KXBTC15M-26APR280515-15"",""trade_id"":""1c79c3d9-6f05-6734-1022-dadd3e1301d3"",""yes_price_dollars"":""0.4900""}"
KXBTC15M-26APR280515-15,ed6e52f4-42a0-49de-477b-750a350716a0,1777366852,0.49,12.35,yes,"{""count_fp"":""12.35"",""created_time"":""2026-04-28T09:00:52.873631Z"",""no_price_dollars"":""0.5100"",""taker_side"":""yes"",""ticker"":""KXBTC15M-26APR280515-15"",""trade_id"":""ed6e52f4-42a0-49de-477b-750a350716a0"",""yes_price_dollars"":""0.4900""}"
KXBTC15M-26APR280515-15,d67eb8a5-2053-4ca3-7324-b8d6287f7108,1777366852,0.49,7.12,yes,"{""count_fp"":""7.12"",""created_time"":""2026-04-28T09:00:52.873631Z"",""no_price_dollars"":""0.5100"",""taker_side"":""yes"",""ticker"":""KXBTC15M-26APR280515-15"",""trade_id"":""d67eb8a5-2053-4ca3-7324-b8d6287f7108"",""yes_price_dollars"":""0.4900""}"
KXBTC15M-26APR280515-15,45b6b4bd-df78-4c4a-6308-19ff88548855,1777366852,0.49,0.23,yes,"{""count_fp"":""0.23"",""created_time"":""2026-04-28T09:00:52.873631Z"",""no_price_dollars"":""0.5100"",""taker_side"":""yes"",""ticker"":""KXBTC15M-26APR280515-15"",""trade_id"":""45b6b4bd-df78-4c4a-6308-19ff88548855"",""yes_price_dollars"":""0.4900""}"
KXBTC15M-26APR280515-15,d816cc1f-33fd-6464-c62b-ec62c7efea46,1777366852,0.48,3.44,no,"{""count_fp"":""3.44"",""created_time"":""2026-04-28T09:00:52.539602Z"",""no_price_dollars"":""0.5200"",""taker_side"":""no"",""ticker"":""KXBTC15M-26APR280515-15"",""trade_id"":""d816cc1f-33fd-6464-c62b-ec62c7efea46"",""yes_price_dollars"":""0.4800""}"
KXBTC15M-26APR280515-15,8afd559b-f2ad-49d0-dca2-6a26ea8234ea,1777366852,0.48,9.3,no,"{""count_fp"":""9.30"",""created_time"":""2026-04-28T09:00:52.480888Z"",""no_price_dollars"":""0.5200"",""taker_side"":""no"",""ticker"":""KXBTC15M-26APR280515-15"",""trade_id"":""8afd559b-f2ad-49d0-dca2-6a26ea8234ea"",""yes_price_dollars"":""0.4800""}"
KXBTC15M-26APR280515-15,7e707f95-4414-49da-f643-764defcd25a5,1777366852,0.49,9.77,yes,"{""count_fp"":""9.77"",""created_time"":""2026-04-28T09:00:52.199428Z"",""no_price_dollars"":""0.5100"",""taker_side"":""yes"",""ticker"":""KXBTC15M-26APR280515-15"",""trade_id"":""7e707f95-4414-49da-f643-764defcd25a5"",""yes_price_dollars"":""0.4900""}"
KXBTC15M-26APR280515-15,3c7ff2ca-6be7-41fd-ec83-e32d20554fda,1777366852,0.49,3.74,yes,"{""count_fp"":""3.74"",""created_time"":""2026-04-28T09:00:52.199428Z"",""no_price_dollars"":""0.5100"",""taker_side"":""yes"",""ticker"":""KXBTC15M-26APR280515-15"",""trade_id"":""3c7ff2ca-6be7-41fd-ec83-e32d20554fda"",""yes_price_dollars"":""0.4900""}"
KXBTC15M-26APR280515-15,c8293264-0094-480b-92d9-63feee08fb0d,1777366854,0.49,15.0,yes,"{""count_fp"":""15.00"",""created_time"":""2026-04-28T09:00:54.942246Z"",""no_price_dollars"":""0.5100"",""taker_side"":""yes"",""ticker"":""KXBTC15M-26APR280515-15"",""trade_id"":""c8293264-0094-480b-92d9-63feee08fb0d"",""yes_price_dollars"":""0.4900""}"
KXBTC15M-26APR280515-15,a737c4d0-bbcb-4586-9532-26a5a0498825,1777366854,0.49,3.74,yes,"{""count_fp"":""3.74"",""created_time"":""2026-04-28T09:00:54.942246Z"",""no_price_dollars"":""0.5100"",""taker_side"":""yes"",""ticker"":""KXBTC15M-26APR280515-15"",""trade_id"":""a737c4d0-bbcb-4586-9532-26a5a0498825"",""yes_price_dollars"":""0.4900""}"
KXBTC15M-26APR280515-15,9e54567d-939e-400c-a010-3d3d103cdb8b,1777366854,0.49,16.26,yes,"{""count_fp"":""16.26"",""created_time"":""2026-04-28T09:00:54.942246Z"",""no_price_dollars"":""0.5100"",""taker_side"":""yes"",""ticker"":""KXBTC15M-26APR280515-15"",""trade_id"":""9e54567d-939e-400c-a010-3d3d103cdb8b"",""yes_price_dollars"":""0.4900""}"
KXBTC15M-26APR280515-15,7bcabd17-774b-4e1f-a08f-f4447985cdc8,1777366854,0.49,38.88,yes,"{""count_fp"":""38.88"",""created_time"":""2026-04-28T09:00:54.942246Z"",""no_price_dollars"":""0.5100"",""taker_side"":""yes"",""ticker"":""KXBTC15M-26APR280515-15"",""trade_id"":""7bcabd17-774b-4e1f-a08f-f4447985cdc8"",""yes_price_dollars"":""0.4900""}"
KXBTC15M-26APR280515-15,77031c88-4a71-485e-b44c-0e7606b47667,1777366854,0.49,12.35,yes,"{""count_fp"":""12.35"",""created_time"":""2026-04-28T09:00:54.942246Z"",""no_price_dollars"":""0.5100"",""taker_side"":""yes"",""ticker"":""KXBTC15M-26APR280515-15"",""trade_id"":""77031c88-4a71-485e-b44c-0e7606b47667"",""yes_price_dollars"":""0.4900""}"
KXBTC15M-26APR280515-15,326d8df2-f507-4ca7-b938-a9cf62df7f6b,1777366854,0.49,3.0,yes,"{""count_fp"":""3.00"",""created_time"":""2026-04-28T09:00:54.942246Z"",""no_price_dollars"":""0.5100"",""taker_side"":""yes"",""ticker"":""KXBTC15M-26APR280515-15"",""trade_id"":""326d8df2-f507-4ca7-b938-a9cf62df7f6b"",""yes_price_dollars"":""0.4900""}"
KXBTC15M-26APR280515-15,58bb9bdf-4eb9-41b8-7fba-ecf0dd9ff507,1777366854,0.48,11.53,no,"{""count_fp"":""11.53"",""created_time"":""2026-04-28T09:00:54.711767Z"",""no_price_dollars"":""0.5200"",""taker_side"":""no"",""ticker"":""KXBTC15M-26APR280515-15"",""trade_id"":""58bb9bdf-4eb9-41b8-7fba-ecf0dd9ff507"",""yes_price_dollars"":""0.4800""}"
KXBTC15M-26APR280515-15,42f34579-0d89-41b0-75d5-2689d0dec82a,1777366854,0.48,8.87,no,"{""count_fp"":""8.87"",""created_time"":""2026-04-28T09:00:54.711767Z"",""no_price_dollars"":""0.5200"",""taker_side"":""no"",""ticker"":""KXBTC15M-26APR280515-15"",""trade_id"":""42f34579-0d89-41b0-75d5-2689d0dec82a"",""yes_price_dollars"":""0.4800""}"
KXBTC15M-26APR280515-15,86d90c17-612f-7a6b-67a1-da4cf67c2668,1777366854,0.49,10.0,yes,"{""count_fp"":""10.00"",""created_time"":""2026-04-28T09:00:54.002498Z"",""no_price_dollars"":""0.5100"",""taker_side"":""yes"",""ticker"":""KXBTC15M-26APR280515-15"",""trade_id"":""86d90c17-612f-7a6b-67a1-da4cf67c2668"",""yes_price_dollars"":""0.4900""}"
KXBTC15M-26APR280515-15,4141ed5a-62ae-74dd-0364-73a94e2fe26f,1777366855,0.49,179.74,no,"{""count_fp"":""179.74"",""created_time"":""2026-04-28T09:00:55.247686Z"",""no_price_dollars"":""0.5100"",""taker_side"":""no"",""ticker"":""KXBTC15M-26APR280515-15"",""trade_id"":""4141ed5a-62ae-74dd-0364-73a94e2fe26f"",""yes_price_dollars"":""0.4900""}"
KXBTC15M-26APR280515-15,5aa5b002-761a-6fe5-44b0-116ba66349cf,1777366855,0.49,18.6,no,"{""count_fp"":""18.60"",""created_time"":""2026-04-28T09:00:55.182171Z"",""no_price_dollars"":""0.5100"",""taker_side"":""no"",""ticker"":""KXBTC15M-26APR280515-15"",""trade_id"":""5aa5b002-761a-6fe5-44b0-116ba66349cf"",""yes_price_dollars"":""0.4900""}"
KXBTC15M-26APR280515-15,11f48f0a-10ee-7345-91c0-ee5e8001e5e3,1777366855,0.49,548.73,no,"{""count_fp"":""548.73"",""created_time"":""2026-04-28T09:00:55.079688Z"",""no_price_dollars"":""0.5100"",""taker_side"":""no"",""ticker"":""KXBTC15M-26APR280515-15"",""trade_id"":""11f48f0a-10ee-7345-91c0-ee5e8001e5e3"",""yes_price_dollars"":""0.4900""}"
KXBTC15M-26APR280515-15,09e510d0-15de-5571-5f1f-8405c171cabf,1777366857,0.49,55.42,no,"{""count_fp"":""55.42"",""created_time"":""2026-04-28T09:00:57.929092Z"",""no_price_dollars"":""0.5100"",""taker_side"":""no"",""ticker"":""KXBTC15M-26APR280515-15"",""trade_id"":""09e510d0-15de-5571-5f1f-8405c171cabf"",""yes_price_dollars"":""0.4900""}"
KXBTC15M-26APR280515-15,9a006a18-9dda-4235-aa62-1d6d9cb31447,1777366857,0.49,9.3,no,"{""count_fp"":""9.30"",""created_time"":""2026-04-28T09:00:57.725023Z"",""no_price_dollars"":""0.5100"",""taker_side"":""no"",""ticker"":""KXBTC15M-26APR280515-15"",""trade_id"":""9a006a18-9dda-4235-aa62-1d6d9cb31447"",""yes_price_dollars"":""0.4900""}"
KXBTC15M-26APR280515-15,681e141a-5bea-6dad-97d8-deed2580751b,1777366859,0.49,18.95,no,"{""count_fp"":""18.95"",""created_time"":""2026-04-28T09:00:59.728766Z"",""no_price_dollars"":""0.5100"",""taker_side"":""no"",""ticker"":""KXBTC15M-26APR280515-15"",""trade_id"":""681e141a-5bea-6dad-97d8-deed2580751b"",""yes_price_dollars"":""0.4900""}"
KXBTC15M-26APR280515-15,f6e6b935-4d38-7c22-72bc-d4e43dea6499,1777366859,0.5,1.93,yes,"{""count_fp"":""1.93"",""created_time"":""2026-04-28T09:00:59.666589Z"",""no_price_dollars"":""0.5000"",""taker_side"":""yes"",""ticker"":""KXBTC15M-26APR280515-15"",""trade_id"":""f6e6b935-4d38-7c22-72bc-d4e43dea6499"",""yes_price_dollars"":""0.5000""}"
KXBTC15M-26APR280515-15,d16f45f4-0d9c-441a-58c3-bbd58a0c951d,1777366859,0.5,2.97,yes,"{""count_fp"":""2.97"",""created_time"":""2026-04-28T09:00:59.176884Z"",""no_price_dollars"":""0.5000"",""taker_side"":""yes"",""ticker"":""KXBTC15M-26APR280515-15"",""trade_id"":""d16f45f4-0d9c-441a-58c3-bbd58a0c951d"",""yes_price_dollars"":""0.5000""}"
KXBTC15M-26APR280515-15,b58cd5cc-7092-42fb-678b-8ae4e8c1b636,1777366859,0.5,55.0,yes,"{""count_fp"":""55.00"",""created_time"":""2026-04-28T09:00:59.176884Z"",""no_price_dollars"":""0.5000"",""taker_side"":""yes"",""ticker"":""KXBTC15M-26APR280515-15"",""trade_id"":""b58cd5cc-7092-42fb-678b-8ae4e8c1b636"",""yes_price_dollars"":""0.5000""}"
KXBTC15M-26APR280515-15,a0f8fa70-2aa4-4f56-0f49-d848bba36381,1777366860,0.5,1.93,yes,"{""count_fp"":""1.93"",""created_time"":""2026-04-28T09:01:00.107507Z"",""no_price_dollars"":""0.5000"",""taker_side"":""yes"",""ticker"":""KXBTC15M-26APR280515-15"",""trade_id"":""a0f8fa70-2aa4-4f56-0f49-d848bba36381"",""yes_price_dollars"":""0.5000""}"
KXBTC15M-26APR280515-15,d2bde1ce-b6ce-51ad-43a0-fba4783618d7,1777366861,0.49,30.0,no,"{""count_fp"":""30.00"",""created_time"":""2026-04-28T09:01:01.454313Z"",""no_price_dollars"":""0.5100"",""taker_side"":""no"",""ticker"":""KXBTC15M-26APR280515-15"",""trade_id"":""d2bde1ce-b6ce-51ad-43a0-fba4783618d7"",""yes_price_dollars"":""0.4900""}"
KXBTC15M-26APR280515-15,38228b70-b625-5722-667a-1e415b87b0f4,1777366862,0.49,1.7,no,"{""count_fp"":""1.70"",""created_time"":""2026-04-28T09:01:02.954971Z"",""no_price_dollars"":""0.5100"",""taker_side"":""no"",""ticker"":""KXBTC15M-26APR280515-15"",""trade_id"":""38228b70-b625-5722-667a-1e415b87b0f4"",""yes_price_dollars"":""0.4900""}"
KXBTC15M-26APR280515-15,9cc83714-3648-4f36-dfab-ae3979a923d5,1777366862,0.5,9.66,yes,"{""count_fp"":""9.66"",""created_time"":""2026-04-28T09:01:02.734888Z"",""no_price_dollars"":""0.5000"",""taker_side"":""yes"",""ticker"":""KXBTC15M-26APR280515-15"",""trade_id"":""9cc83714-3648-4f36-dfab-ae3979a923d5"",""yes_price_dollars"":""0.5000""}"
KXBTC15M-26APR280515-15,c678c071-cc81-54d6-e14a-1f329ec8f2c0,1777366862,0.49,1.14,no,"{""count_fp"":""1.14"",""created_time"":""2026-04-28T09:01:02.251175Z"",""no_price_dollars"":""0.5100"",""taker_side"":""no"",""ticker"":""KXBTC15M-26APR280515-15"",""trade_id"":""c678c071-cc81-54d6-e14a-1f329ec8f2c0"",""yes_price_dollars"":""0.4900""}"
KXBTC15M-26APR280515-15,bbe4e0d2-5a0a-5a69-dd69-7e0d7e7c9883,1777366862,0.49,8.33,no,"{""count_fp"":""8.33"",""created_time"":""2026-04-28T09:01:02.251175Z"",""no_price_dollars"":""0.5100"",""taker_side"":""no"",""ticker"":""KXBTC15M-26APR280515-15"",""trade_id"":""bbe4e0d2-5a0a-5a69-dd69-7e0d7e7c9883"",""yes_price_dollars"":""0.4900""}"
KXBTC15M-26APR280515-15,bdc890ea-9285-4798-123f-b534bf564470,1777366863,0.47,1.15,yes,"{""count_fp"":""1.15"",""created_time"":""2026-04-28T09:01:03.984064Z"",""no_price_dollars"":""0.5300"",""taker_side"":""yes"",""ticker"":""KXBTC15M-26APR280515-15"",""trade_id"":""bdc890ea-9285-4798-123f-b534bf564470"",""yes_price_dollars"":""0.4700""}"
KXBTC15M-26APR280515-15,d90bf536-d26d-7e70-54ac-6c4f9f99cee8,1777366863,0.47,2.0,yes,"{""count_fp"":""2.00"",""created_time"":""2026-04-28T09:01:03.978089Z"",""no_price_dollars"":""0.5300"",""taker_side"":""yes"",""ticker"":""KXBTC15M-26APR280515-15"",""trade_id"":""d90bf536-d26d-7e70-54ac-6c4f9f99cee8"",""yes_price_dollars"":""0.4700""}"
KXBTC15M-26APR280515-15,f53434c5-f271-4f13-3acd-f7054495941d,1777366863,0.46,48.0,no,"{""count_fp"":""48.00"",""created_time"":""2026-04-28T09:01:03.898641Z"",""no_price_dollars"":""0.5400"",""taker_side"":""no"",""ticker"":""KXBTC15M-26APR280515-15"",""trade_id"":""f53434c5-f271-4f13-3acd-f7054495941d"",""yes_price_dollars"":""0.4600""}"
KXBTC15M-26APR280515-15,8d3e2e5e-93c5-4302-0218-ee94e8a857b9,1777366863,0.46,3.0,no,"{""count_fp"":""3.00"",""created_time"":""2026-04-28T09:01:03.898641Z"",""no_price_dollars"":""0.5400"",""taker_side"":""no"",""ticker"":""KXBTC15M-26APR280515-15"",""trade_id"":""8d3e2e5e-93c5-4302-0218-ee94e8a857b9"",""yes_price_dollars"":""0.4600""}"
KXBTC15M-26APR280515-15,414c0697-c751-5ded-4615-40877c8621ed,1777366863,0.47,3.0,no,"{""count_fp"":""3.00"",""created_time"":""2026-04-28T09:01:03.806879Z"",""no_price_dollars"":""0.5300"",""taker_side"":""no"",""ticker"":""KXBTC15M-26APR280515-15"",""trade_id"":""414c0697-c751-5ded-4615-40877c8621ed"",""yes_price_dollars"":""0.4700""}"
KXBTC15M-26APR280515-15,2329b244-7cbb-4a67-a3d7-c32b5b52ff2c,1777366863,0.49,0.33,no,"{""count_fp"":""0.33"",""created_time"":""2026-04-28T09:01:03.775958Z"",""no_price_dollars"":""0.5100"",""taker_side"":""no"",""ticker"":""KXBTC15M-26APR280515-15"",""trade_id"":""2329b244-7cbb-4a67-a3d7-c32b5b52ff2c"",""yes_price_dollars"":""0.4900""}"
KXBTC15M-26APR280515-15,de3b2660-b40c-536a-b6e6-83244e7f9629,1777366864,0.44,30.0,yes,"{""count_fp"":""30.00"",""created_time"":""2026-04-28T09:01:04.960805Z"",""no_price_dollars"":""0.5600"",""taker_side"":""yes"",""ticker"":""KXBTC15M-26APR280515-15"",""trade_id"":""de3b2660-b40c-536a-b6e6-83244e7f9629"",""yes_price_dollars"":""0.4400""}"
KXBTC15M-26APR280515-15,b6cae95a-cf2f-5ed4-8b3f-8798b90be317,1777366864,0.44,10.0,yes,"{""count_fp"":""10.00"",""created_time"":""2026-04-28T09:01:04.960805Z"",""no_price_dollars"":""0.5600"",""taker_side"":""yes"",""ticker"":""KXBTC15M-26APR280515-15"",""trade_id"":""b6cae95a-cf2f-5ed4-8b3f-8798b90be317"",""yes_price_dollars"":""0.4400""}"
KXBTC15M-26APR280515-15,30158a00-3db7-5725-ad70-1a5d1cb6434c,1777366864,0.44,2.79,yes,"{""count_fp"":""2.79"",""created_time"":""2026-04-28T09:01:04.960805Z"",""no_price_dollars"":""0.5600"",""taker_side"":""yes"",""ticker"":""KXBTC15M-26APR280515-15"",""trade_id"":""30158a00-3db7-5725-ad70-1a5d1cb6434c"",""yes_price_dollars"":""0.4400""}"
