ticker,trade_id,ts,yes_price,count,taker_side,raw_json
KXBTC15M-26APR280545-45,e50d7387-5801-51a5-fa9d-7f7dfe0c8beb,1777368601,0.52,13.0,no,"{""count_fp"":""13.00"",""created_time"":""2026-04-28T09:30:01.658538Z"",""no_price_dollars"":""0.4800"",""taker_side"":""no"",""ticker"":""KXBTC15M-26APR280545-45"",""trade_id"":""e50d7387-5801-51a5-fa9d-7f7dfe0c8beb"",""yes_price_dollars"":""0.5200""}"
KXBTC15M-26APR280545-45,b020f7cb-89ff-507d-dd18-720c3fbbff27,1777368601,0.51,56.0,no,"{""count_fp"":""56.00"",""created_time"":""2026-04-28T09:30:01.658538Z"",""no_price_dollars"":""0.4900"",""taker_side"":""no"",""ticker"":""KXBTC15M-26APR280545-45"",""trade_id"":""b020f7cb-89ff-507d-dd18-720c3fbbff27"",""yes_price_dollars"":""0.5100""}"
KXBTC15M-26APR280545-45,a420f7b7-2b34-525a-fd1d-5e468ef33a2e,1777368601,0.5,15.0,no,"{""count_fp"":""15.00"",""created_time"":""2026-04-28T09:30:01.658538Z"",""no_price_dollars"":""0.5000"",""taker_side"":""no"",""ticker"":""KXBTC15M-26APR280545-45"",""trade_id"":""a420f7b7-2b34-525a-fd1d-5e468ef33a2e"",""yes_price_dollars"":""0.5000""}"
KXBTC15M-26APR280545-45,3c3beb52-0e87-5fc5-dacf-019821883d24,1777368601,0.52,24.0,no,"{""count_fp"":""24.00"",""created_time"":""2026-04-28T09:30:01.658538Z"",""no_price_dollars"":""0.4800"",""taker_side"":""no"",""ticker"":""KXBTC15M-26APR280545-45"",""trade_id"":""3c3beb52-0e87-5fc5-dacf-019821883d24"",""yes_price_dollars"":""0.5200""}"
KXBTC15M-26APR280545-45,2a450b70-02fa-5981-ca27-da1ca5201760,1777368601,0.54,12.0,no,"{""count_fp"":""12.00"",""created_time"":""2026-04-28T09:30:01.658538Z"",""no_price_dollars"":""0.4600"",""taker_side"":""no"",""ticker"":""KXBTC15M-26APR280545-45"",""trade_id"":""2a450b70-02fa-5981-ca27-da1ca5201760"",""yes_price_dollars"":""0.5400""}"
KXBTC15M-26APR280545-45,521d1bdc-bffe-421d-8c2c-2986df94275d,1777368601,0.54,1.0,yes,"{""count_fp"":""1.00"",""created_time"":""2026-04-28T09:30:01.630725Z"",""no_price_dollars"":""0.4600"",""taker_side"":""yes"",""ticker"":""KXBTC15M-26APR280545-45"",""trade_id"":""521d1bdc-bffe-421d-8c2c-2986df94275d"",""yes_price_dollars"":""0.5400""}"
KXBTC15M-26APR280545-45,ff05482d-6977-662d-ce7d-953428ef3984,1777368601,0.52,1.0,no,"{""count_fp"":""1.00"",""created_time"":""2026-04-28T09:30:01.134213Z"",""no_price_dollars"":""0.4800"",""taker_side"":""no"",""ticker"":""KXBTC15M-26APR280545-45"",""trade_id"":""ff05482d-6977-662d-ce7d-953428ef3984"",""yes_price_dollars"":""0.5200""}"
KXBTC15M-26APR280545-45,b5524be2-506a-4f3d-1fc9-5c795121b40a,1777368603,0.5,16.0,no,"{""count_fp"":""16.00"",""created_time"":""2026-04-28T09:30:03.913356Z"",""no_price_dollars"":""0.5000"",""taker_side"":""no"",""ticker"":""KXBTC15M-26APR280545-45"",""trade_id"":""b5524be2-506a-4f3d-1fc9-5c795121b40a"",""yes_price_dollars"":""0.5000""}"
KXBTC15M-26APR280545-45,b21aed71-f6ec-4f11-0542-2082c6ddd53f,1777368603,0.5,3.0,no,"{""count_fp"":""3.00"",""created_time"":""2026-04-28T09:30:03.913356Z"",""no_price_dollars"":""0.5000"",""taker_side"":""no"",""ticker"":""KXBTC15M-26APR280545-45"",""trade_id"":""b21aed71-f6ec-4f11-0542-2082c6ddd53f"",""yes_price_dollars"":""0.5000""}"
KXBTC15M-26APR280545-45,a2390e4b-358d-4a21-3404-edf2ecfcede3,1777368603,0.51,13.0,no,"{""count_fp"":""13.00"",""created_time"":""2026-04-28T09:30:03.913356Z"",""no_price_dollars"":""0.4900"",""taker_side"":""no"",""ticker"":""KXBTC15M-26APR280545-45"",""trade_id"":""a2390e4b-358d-4a21-3404-edf2ecfcede3"",""yes_price_dollars"":""0.5100""}"
KXBTC15M-26APR280545-45,43e808fd-7eac-4c62-0007-b563e440e3ea,1777368603,0.46,1.0,no,"{""count_fp"":""1.00"",""created_time"":""2026-04-28T09:30:03.913356Z"",""no_price_dollars"":""0.5400"",""taker_side"":""no"",""ticker"":""KXBTC15M-26APR280545-45"",""trade_id"":""43e808fd-7eac-4c62-0007-b563e440e3ea"",""yes_price_dollars"":""0.4600""}"
KXBTC15M-26APR280545-45,eb0f466e-4fb0-4a52-3159-0228b1604f5a,1777368603,0.5,119.0,no,"{""count_fp"":""119.00"",""created_time"":""2026-04-28T09:30:03.856465Z"",""no_price_dollars"":""0.5000"",""taker_side"":""no"",""ticker"":""KXBTC15M-26APR280545-45"",""trade_id"":""eb0f466e-4fb0-4a52-3159-0228b1604f5a"",""yes_price_dollars"":""0.5000""}"
KXBTC15M-26APR280545-45,de280c24-cb26-4c4a-22a8-1beb5f186fe6,1777368603,0.51,7.0,no,"{""count_fp"":""7.00"",""created_time"":""2026-04-28T09:30:03.856465Z"",""no_price_dollars"":""0.4900"",""taker_side"":""no"",""ticker"":""KXBTC15M-26APR280545-45"",""trade_id"":""de280c24-cb26-4c4a-22a8-1beb5f186fe6"",""yes_price_dollars"":""0.5100""}"
KXBTC15M-26APR280545-45,73304ee6-3a40-47ea-0043-7e304b8c5502,1777368603,0.51,13.0,no,"{""count_fp"":""13.00"",""created_time"":""2026-04-28T09:30:03.856465Z"",""no_price_dollars"":""0.4900"",""taker_side"":""no"",""ticker"":""KXBTC15M-26APR280545-45"",""trade_id"":""73304ee6-3a40-47ea-0043-7e304b8c5502"",""yes_price_dollars"":""0.5100""}"
KXBTC15M-26APR280545-45,20cb7353-fa34-478d-1e6f-d56a41fb5d4f,1777368603,0.5,7.0,no,"{""count_fp"":""7.00"",""created_time"":""2026-04-28T09:30:03.856465Z"",""no_price_dollars"":""0.5000"",""taker_side"":""no"",""ticker"":""KXBTC15M-26APR280545-45"",""trade_id"":""20cb7353-fa34-478d-1e6f-d56a41fb5d4f"",""yes_price_dollars"":""0.5000""}"
KXBTC15M-26APR280545-45,008c7f33-7d0b-45cf-0cbe-336bc842d1e6,1777368603,0.51,7.0,no,"{""count_fp"":""7.00"",""created_time"":""2026-04-28T09:30:03.856465Z"",""no_price_dollars"":""0.4900"",""taker_side"":""no"",""ticker"":""KXBTC15M-26APR280545-45"",""trade_id"":""008c7f33-7d0b-45cf-0cbe-336bc842d1e6"",""yes_price_dollars"":""0.5100""}"
KXBTC15M-26APR280545-45,c68edd86-eb46-6f5b-9ad2-d4d59b6dae2d,1777368603,0.51,54.58,no,"{""count_fp"":""54.58"",""created_time"":""2026-04-28T09:30:03.688893Z"",""no_price_dollars"":""0.4900"",""taker_side"":""no"",""ticker"":""KXBTC15M-26APR280545-45"",""trade_id"":""c68edd86-eb46-6f5b-9ad2-d4d59b6dae2d"",""yes_price_dollars"":""0.5100""}"
KXBTC15M-26APR280545-45,09f802de-9d4b-5f2f-12c1-c48ad80bb29d,1777368603,0.51,10.42,yes,"{""count_fp"":""10.42"",""created_time"":""2026-04-28T09:30:03.648099Z"",""no_price_dollars"":""0.4900"",""taker_side"":""yes"",""ticker"":""KXBTC15M-26APR280545-45"",""trade_id"":""09f802de-9d4b-5f2f-12c1-c48ad80bb29d"",""yes_price_dollars"":""0.5100""}"
KXBTC15M-26APR280545-45,dd1d6490-c1d7-5733-af74-458c659b9719,1777368603,0.51,17.58,yes,"{""count_fp"":""17.58"",""created_time"":""2026-04-28T09:30:03.517552Z"",""no_price_dollars"":""0.4900"",""taker_side"":""yes"",""ticker"":""KXBTC15M-26APR280545-45"",""trade_id"":""dd1d6490-c1d7-5733-af74-458c659b9719"",""yes_price_dollars"":""0.5100""}"
KXBTC15M-26APR280545-45,3f63de91-70dc-4b8a-c3f1-e58d37adb6ce,1777368603,0.5,56.0,no,"{""count_fp"":""56.00"",""created_time"":""2026-04-28T09:30:03.431609Z"",""no_price_dollars"":""0.5000"",""taker_side"":""no"",""ticker"":""KXBTC15M-26APR280545-45"",""trade_id"":""3f63de91-70dc-4b8a-c3f1-e58d37adb6ce"",""yes_price_dollars"":""0.5000""}"
KXBTC15M-26APR280545-45,ec5a9d02-3ab3-43ff-5b7a-191cf46430b0,1777368604,0.49,3.0,no,"{""count_fp"":""3.00"",""created_time"":""2026-04-28T09:30:04.587202Z"",""no_price_dollars"":""0.5100"",""taker_side"":""no"",""ticker"":""KXBTC15M-26APR280545-45"",""trade_id"":""ec5a9d02-3ab3-43ff-5b7a-191cf46430b0"",""yes_price_dollars"":""0.4900""}"
KXBTC15M-26APR280545-45,6fb85360-f3ef-71bb-31ba-ac814b581710,1777368604,0.49,14.0,no,"{""count_fp"":""14.00"",""created_time"":""2026-04-28T09:30:04.381611Z"",""no_price_dollars"":""0.5100"",""taker_side"":""no"",""ticker"":""KXBTC15M-26APR280545-45"",""trade_id"":""6fb85360-f3ef-71bb-31ba-ac814b581710"",""yes_price_dollars"":""0.4900""}"
KXBTC15M-26APR280545-45,758f9b78-c225-4153-b402-62dfac00d41a,1777368604,0.5,12.33,yes,"{""count_fp"":""12.33"",""created_time"":""2026-04-28T09:30:04.234976Z"",""no_price_dollars"":""0.5000"",""taker_side"":""yes"",""ticker"":""KXBTC15M-26APR280545-45"",""trade_id"":""758f9b78-c225-4153-b402-62dfac00d41a"",""yes_price_dollars"":""0.5000""}"
KXBTC15M-26APR280545-45,5867de4f-03f6-529c-c57e-f746f73e7f96,1777368605,0.47,6.0,no,"{""count_fp"":""6.00"",""created_time"":""2026-04-28T09:30:05.498526Z"",""no_price_dollars"":""0.5300"",""taker_side"":""no"",""ticker"":""KXBTC15M-26APR280545-45"",""trade_id"":""5867de4f-03f6-529c-c57e-f746f73e7f96"",""yes_price_dollars"":""0.4700""}"
KXBTC15M-26APR280545-45,a5b39fed-17ab-6563-42fc-8451054f4f12,1777368605,0.5,57.63,yes,"{""count_fp"":""57.63"",""created_time"":""2026-04-28T09:30:05.448905Z"",""no_price_dollars"":""0.5000"",""taker_side"":""yes"",""ticker"":""KXBTC15M-26APR280545-45"",""trade_id"":""a5b39fed-17ab-6563-42fc-8451054f4f12"",""yes_price_dollars"":""0.5000""}"
KXBTC15M-26APR280545-45,48b38a80-43ff-6754-45bf-fa65c043de97,1777368605,0.49,10.0,yes,"{""count_fp"":""10.00"",""created_time"":""2026-04-28T09:30:05.448905Z"",""no_price_dollars"":""0.5100"",""taker_side"":""yes"",""ticker"":""KXBTC15M-26APR280545-45"",""trade_id"":""48b38a80-43ff-6754-45bf-fa65c043de97"",""yes_price_dollars"":""0.4900""}"
KXBTC15M-26APR280545-45,2a6a8ee7-de39-5afb-9deb-649ecbdb6b2c,1777368607,0.46,71.76,no,"{""count_fp"":""71.76"",""created_time"":""2026-04-28T09:30:07.736662Z"",""no_price_dollars"":""0.5400"",""taker_side"":""no"",""ticker"":""KXBTC15M-26APR280545-45"",""trade_id"":""2a6a8ee7-de39-5afb-9deb-649ecbdb6b2c"",""yes_price_dollars"":""0.4600""}"
KXBTC15M-26APR280545-45,6b6079dc-af01-409b-2ea7-9d1310f12f60,1777368607,0.46,17.0,no,"{""count_fp"":""17.00"",""created_time"":""2026-04-28T09:30:07.161117Z"",""no_price_dollars"":""0.5400"",""taker_side"":""no"",""ticker"":""KXBTC15M-26APR280545-45"",""trade_id"":""6b6079dc-af01-409b-2ea7-9d1310f12f60"",""yes_price_dollars"":""0.4600""}"
KXBTC15M-26APR280545-45,fc04a6ce-6cee-79f0-32a0-ee3bf0f31e1c,1777368608,0.5,10.0,yes,"{""count_fp"":""10.00"",""created_time"":""2026-04-28T09:30:08.735045Z"",""no_price_dollars"":""0.5000"",""taker_side"":""yes"",""ticker"":""KXBTC15M-26APR280545-45"",""trade_id"":""fc04a6ce-6cee-79f0-32a0-ee3bf0f31e1c"",""yes_price_dollars"":""0.5000""}"
KXBTC15M-26APR280545-45,f01bac15-7a07-7b65-350d-20f02b762ded,1777368608,0.49,28.0,yes,"{""count_fp"":""28.00"",""created_time"":""2026-04-28T09:30:08.735045Z"",""no_price_dollars"":""0.5100"",""taker_side"":""yes"",""ticker"":""KXBTC15M-26APR280545-45"",""trade_id"":""f01bac15-7a07-7b65-350d-20f02b762ded"",""yes_price_dollars"":""0.4900""}"
KXBTC15M-26APR280545-45,eed99028-f624-76f8-3ba4-cab3be8b3df0,1777368608,0.5,157.0,yes,"{""count_fp"":""157.00"",""created_time"":""2026-04-28T09:30:08.735045Z"",""no_price_dollars"":""0.5000"",""taker_side"":""yes"",""ticker"":""KXBTC15M-26APR280545-45"",""trade_id"":""eed99028-f624-76f8-3ba4-cab3be8b3df0"",""yes_price_dollars"":""0.5000""}"
KXBTC15M-26APR280545-45,692bf469-70cf-7b49-24c2-59798708be2c,1777368608,0.5,5.0,yes,"{""count_fp"":""5.00"",""created_time"":""2026-04-28T09:30:08.735045Z"",""no_price_dollars"":""0.5000"",""taker_side"":""yes"",""ticker"":""KXBTC15M-26APR280545-45"",""trade_id"":""692bf469-70cf-7b49-24c2-59798708be2c"",""yes_price_dollars"":""0.5000""}"
KXBTC15M-26APR280545-45,bae07a06-2f7f-4fff-b802-cc134cf95d0a,1777368609,0.51,92.37,yes,"{""count_fp"":""92.37"",""created_time"":""2026-04-28T09:30:09.280324Z"",""no_price_dollars"":""0.4900"",""taker_side"":""yes"",""ticker"":""KXBTC15M-26APR280545-45"",""trade_id"":""bae07a06-2f7f-4fff-b802-cc134cf95d0a"",""yes_price_dollars"":""0.5100""}"
KXBTC15M-26APR280545-45,4682a29b-e26d-47f1-86cb-5ac85454b0e4,1777368609,0.51,0.89,yes,"{""count_fp"":""0.89"",""created_time"":""2026-04-28T09:30:09.280324Z"",""no_price_dollars"":""0.4900"",""taker_side"":""yes"",""ticker"":""KXBTC15M-26APR280545-45"",""trade_id"":""4682a29b-e26d-47f1-86cb-5ac85454b0e4"",""yes_price_dollars"":""0.5100""}"
KXBTC15M-26APR280545-45,072b2651-c809-79b7-ab02-2bfcec62ec2c,1777368609,0.46,3.58,no,"{""count_fp"":""3.58"",""created_time"":""2026-04-28T09:30:09.229829Z"",""no_price_dollars"":""0.5400"",""taker_side"":""no"",""ticker"":""KXBTC15M-26APR280545-45"",""trade_id"":""072b2651-c809-79b7-ab02-2bfcec62ec2c"",""yes_price_dollars"":""0.4600""}"
KXBTC15M-26APR280545-45,a6cc33a5-1fa1-50e7-6ffe-4d380b439db4,1777368609,0.46,6.0,no,"{""count_fp"":""6.00"",""created_time"":""2026-04-28T09:30:09.201837Z"",""no_price_dollars"":""0.5400"",""taker_side"":""no"",""ticker"":""KXBTC15M-26APR280545-45"",""trade_id"":""a6cc33a5-1fa1-50e7-6ffe-4d380b439db4"",""yes_price_dollars"":""0.4600""}"
KXBTC15M-26APR280545-45,c66721fb-d6ee-4bd9-62ed-93d1e87e2fd7,1777368610,0.48,3.0,yes,"{""count_fp"":""3.00"",""created_time"":""2026-04-28T09:30:10.782999Z"",""no_price_dollars"":""0.5200"",""taker_side"":""yes"",""ticker"":""KXBTC15M-26APR280545-45"",""trade_id"":""c66721fb-d6ee-4bd9-62ed-93d1e87e2fd7"",""yes_price_dollars"":""0.4800""}"
KXBTC15M-26APR280545-45,372124f6-242c-48a7-7889-50e5daf18fb7,1777368610,0.48,11.06,yes,"{""count_fp"":""11.06"",""created_time"":""2026-04-28T09:30:10.782999Z"",""no_price_dollars"":""0.5200"",""taker_side"":""yes"",""ticker"":""KXBTC15M-26APR280545-45"",""trade_id"":""372124f6-242c-48a7-7889-50e5daf18fb7"",""yes_price_dollars"":""0.4800""}"
KXBTC15M-26APR280545-45,6ce4d8b9-8ae2-67c8-6637-c417e7f32391,1777368612,0.48,3.0,yes,"{""count_fp"":""3.00"",""created_time"":""2026-04-28T09:30:12.046077Z"",""no_price_dollars"":""0.5200"",""taker_side"":""yes"",""ticker"":""KXBTC15M-26APR280545-45"",""trade_id"":""6ce4d8b9-8ae2-67c8-6637-c417e7f32391"",""yes_price_dollars"":""0.4800""}"
KXBTC15M-26APR280545-45,4857e2a3-8285-6e9a-59ca-639a96309937,1777368612,0.48,12.06,yes,"{""count_fp"":""12.06"",""created_time"":""2026-04-28T09:30:12.046077Z"",""no_price_dollars"":""0.5200"",""taker_side"":""yes"",""ticker"":""KXBTC15M-26APR280545-45"",""trade_id"":""4857e2a3-8285-6e9a-59ca-639a96309937"",""yes_price_dollars"":""0.4800""}"
KXBTC15M-26APR280545-45,3a1b4323-b74a-63e1-58bd-76854835701b,1777368612,0.49,33.79,yes,"{""count_fp"":""33.79"",""created_time"":""2026-04-28T09:30:12.046077Z"",""no_price_dollars"":""0.5100"",""taker_side"":""yes"",""ticker"":""KXBTC15M-26APR280545-45"",""trade_id"":""3a1b4323-b74a-63e1-58bd-76854835701b"",""yes_price_dollars"":""0.4900""}"
KXBTC15M-26APR280545-45,dfbca86e-91d0-44eb-0fec-11f84280239f,1777368613,0.47,20.51,yes,"{""count_fp"":""20.51"",""created_time"":""2026-04-28T09:30:13.611985Z"",""no_price_dollars"":""0.5300"",""taker_side"":""yes"",""ticker"":""KXBTC15M-26APR280545-45"",""trade_id"":""dfbca86e-91d0-44eb-0fec-11f84280239f"",""yes_price_dollars"":""0.4700""}"
KXBTC15M-26APR280545-45,f91d1524-4a55-6d27-a50e-08fe6723e168,1777368613,0.46,0.46,no,"{""count_fp"":""0.46"",""created_time"":""2026-04-28T09:30:13.489446Z"",""no_price_dollars"":""0.5400"",""taker_side"":""no"",""ticker"":""KXBTC15M-26APR280545-45"",""trade_id"":""f91d1524-4a55-6d27-a50e-08fe6723e168"",""yes_price_dollars"":""0.4600""}"
KXBTC15M-26APR280545-45,fc0980de-efe4-4107-fb74-d567e6770097,1777368613,0.47,86.02,yes,"{""count_fp"":""86.02"",""created_time"":""2026-04-28T09:30:13.195227Z"",""no_price_dollars"":""0.5300"",""taker_side"":""yes"",""ticker"":""KXBTC15M-26APR280545-45"",""trade_id"":""fc0980de-efe4-4107-fb74-d567e6770097"",""yes_price_dollars"":""0.4700""}"
KXBTC15M-26APR280545-45,e38a7343-f18c-49ce-6b3c-3c46abddd704,1777368614,0.46,3.0,no,"{""count_fp"":""3.00"",""created_time"":""2026-04-28T09:30:14.804755Z"",""no_price_dollars"":""0.5400"",""taker_side"":""no"",""ticker"":""KXBTC15M-26APR280545-45"",""trade_id"":""e38a7343-f18c-49ce-6b3c-3c46abddd704"",""yes_price_dollars"":""0.4600""}"
KXBTC15M-26APR280545-45,5acacd6f-e027-4718-70de-297264fdb827,1777368614,0.46,2.71,no,"{""count_fp"":""2.71"",""created_time"":""2026-04-28T09:30:14.804755Z"",""no_price_dollars"":""0.5400"",""taker_side"":""no"",""ticker"":""KXBTC15M-26APR280545-45"",""trade_id"":""5acacd6f-e027-4718-70de-297264fdb827"",""yes_price_dollars"":""0.4600""}"
KXBTC15M-26APR280545-45,01886a6e-3089-43df-75d3-beac8b2ced4c,1777368614,0.46,21.2,no,"{""count_fp"":""21.20"",""created_time"":""2026-04-28T09:30:14.804755Z"",""no_price_dollars"":""0.5400"",""taker_side"":""no"",""ticker"":""KXBTC15M-26APR280545-45"",""trade_id"":""01886a6e-3089-43df-75d3-beac8b2ced4c"",""yes_price_dollars"":""0.4600""}"
KXBTC15M-26APR280545-45,2faf3428-3d7a-74cf-4777-168e3aa68b96,1777368615,0.46,2.0,yes,"{""count_fp"":""2.00"",""created_time"":""2026-04-28T09:30:15.841472Z"",""no_price_dollars"":""0.5400"",""taker_side"":""yes"",""ticker"":""KXBTC15M-26APR280545-45"",""trade_id"":""2faf3428-3d7a-74cf-4777-168e3aa68b96"",""yes_price_dollars"":""0.4600""}"
KXBTC15M-26APR280545-45,d9bcc54f-d718-481c-79b2-61f331b28777,1777368615,0.45,1.0,no,"{""count_fp"":""1.00"",""created_time"":""2026-04-28T09:30:15.504899Z"",""no_price_dollars"":""0.5500"",""taker_side"":""no"",""ticker"":""KXBTC15M-26APR280545-45"",""trade_id"":""d9bcc54f-d718-481c-79b2-61f331b28777"",""yes_price_dollars"":""0.4500""}"
KXBTC15M-26APR280545-45,d4605ffb-4327-4da9-4bbe-d7e24fdcd06e,1777368615,0.44,56.0,no,"{""count_fp"":""56.00"",""created_time"":""2026-04-28T09:30:15.504899Z"",""no_price_dollars"":""0.5600"",""taker_side"":""no"",""ticker"":""KXBTC15M-26APR280545-45"",""trade_id"":""d4605ffb-4327-4da9-4bbe-d7e24fdcd06e"",""yes_price_dollars"":""0.4400""}"
KXBTC15M-26APR280545-45,d2c9d0f5-c271-49cf-4bcf-0920a5369fb4,1777368615,0.43,1.0,no,"{""count_fp"":""1.00"",""created_time"":""2026-04-28T09:30:15.504899Z"",""no_price_dollars"":""0.5700"",""taker_side"":""no"",""ticker"":""KXBTC15M-26APR280545-45"",""trade_id"":""d2c9d0f5-c271-49cf-4bcf-0920a5369fb4"",""yes_price_dollars"":""0.4300""}"
KXBTC15M-26APR280545-45,cbeb415f-abca-4f1d-4704-0ed698f21265,1777368615,0.46,10.0,no,"{""count_fp"":""10.00"",""created_time"":""2026-04-28T09:30:15.504899Z"",""no_price_dollars"":""0.5400"",""taker_side"":""no"",""ticker"":""KXBTC15M-26APR280545-45"",""trade_id"":""cbeb415f-abca-4f1d-4704-0ed698f21265"",""yes_price_dollars"":""0.4600""}"
KXBTC15M-26APR280545-45,b0c43aba-50dc-4cf9-7992-f11e4ff6f04b,1777368615,0.44,1.0,no,"{""count_fp"":""1.00"",""created_time"":""2026-04-28T09:30:15.504899Z"",""no_price_dollars"":""0.5600"",""taker_side"":""no"",""ticker"":""KXBTC15M-26APR280545-45"",""trade_id"":""b0c43aba-50dc-4cf9-7992-f11e4ff6f04b"",""yes_price_dollars"":""0.4400""}"
KXBTC15M-26APR280545-45,729eb8dd-b603-4330-7869-77e4e9831827,1777368615,0.46,2.29,no,"{""count_fp"":""2.29"",""created_time"":""2026-04-28T09:30:15.504899Z"",""no_price_dollars"":""0.5400"",""taker_side"":""no"",""ticker"":""KXBTC15M-26APR280545-45"",""trade_id"":""729eb8dd-b603-4330-7869-77e4e9831827"",""yes_price_dollars"":""0.4600""}"
KXBTC15M-26APR280545-45,6d5db72a-8dc8-4fce-7a5b-92e6962580b2,1777368615,0.46,22.0,no,"{""count_fp"":""22.00"",""created_time"":""2026-04-28T09:30:15.504899Z"",""no_price_dollars"":""0.5400"",""taker_side"":""no"",""ticker"":""KXBTC15M-26APR280545-45"",""trade_id"":""6d5db72a-8dc8-4fce-7a5b-92e6962580b2"",""yes_price_dollars"":""0.4600""}"
KXBTC15M-26APR280545-45,6ce5829b-065a-4964-5941-9ede4489cefe,1777368615,0.45,1.0,no,"{""count_fp"":""1.00"",""created_time"":""2026-04-28T09:30:15.504899Z"",""no_price_dollars"":""0.5500"",""taker_side"":""no"",""ticker"":""KXBTC15M-26APR280545-45"",""trade_id"":""6ce5829b-065a-4964-5941-9ede4489cefe"",""yes_price_dollars"":""0.4500""}"
KXBTC15M-26APR280545-45,62daa14c-6b61-4f00-64f4-f3730129f68f,1777368615,0.45,3.0,no,"{""count_fp"":""3.00"",""created_time"":""2026-04-28T09:30:15.504899Z"",""no_price_dollars"":""0.5500"",""taker_side"":""no"",""ticker"":""KXBTC15M-26APR280545-45"",""trade_id"":""62daa14c-6b61-4f00-64f4-f3730129f68f"",""yes_price_dollars"":""0.4500""}"
KXBTC15M-26APR280545-45,5a16797f-4bd4-4e6e-4147-726fcdf6df2c,1777368615,0.43,406.13,no,"{""count_fp"":""406.13"",""created_time"":""2026-04-28T09:30:15.504899Z"",""no_price_dollars"":""0.5700"",""taker_side"":""no"",""ticker"":""KXBTC15M-26APR280545-45"",""trade_id"":""5a16797f-4bd4-4e6e-4147-726fcdf6df2c"",""yes_price_dollars"":""0.4300""}"
KXBTC15M-26APR280545-45,57327799-f393-4ad6-5e7f-e406bf2e98d0,1777368615,0.46,50.0,no,"{""count_fp"":""50.00"",""created_time"":""2026-04-28T09:30:15.504899Z"",""no_price_dollars"":""0.5400"",""taker_side"":""no"",""ticker"":""KXBTC15M-26APR280545-45"",""trade_id"":""57327799-f393-4ad6-5e7f-e406bf2e98d0"",""yes_price_dollars"":""0.4600""}"
KXBTC15M-26APR280545-45,3d3ab89a-5986-4293-4ef5-9f441afe45b2,1777368615,0.43,43.0,no,"{""count_fp"":""43.00"",""created_time"":""2026-04-28T09:30:15.504899Z"",""no_price_dollars"":""0.5700"",""taker_side"":""no"",""ticker"":""KXBTC15M-26APR280545-45"",""trade_id"":""3d3ab89a-5986-4293-4ef5-9f441afe45b2"",""yes_price_dollars"":""0.4300""}"
KXBTC15M-26APR280545-45,ccae8942-3064-5953-39f0-44dc0a25b6e7,1777368615,0.47,92.31,yes,"{""count_fp"":""92.31"",""created_time"":""2026-04-28T09:30:15.239681Z"",""no_price_dollars"":""0.5300"",""taker_side"":""yes"",""ticker"":""KXBTC15M-26APR280545-45"",""trade_id"":""ccae8942-3064-5953-39f0-44dc0a25b6e7"",""yes_price_dollars"":""0.4700""}"
KXBTC15M-26APR280545-45,87d3932f-bc94-757f-6d34-eca132d44f23,1777368615,0.47,10.25,yes,"{""count_fp"":""10.25"",""created_time"":""2026-04-28T09:30:15.015136Z"",""no_price_dollars"":""0.5300"",""taker_side"":""yes"",""ticker"":""KXBTC15M-26APR280545-45"",""trade_id"":""87d3932f-bc94-757f-6d34-eca132d44f23"",""yes_price_dollars"":""0.4700""}"
KXBTC15M-26APR280545-45,bea3356f-b8aa-7097-b298-233aa415e172,1777368616,0.46,11.0,yes,"{""count_fp"":""11.00"",""created_time"":""2026-04-28T09:30:16.412137Z"",""no_price_dollars"":""0.5400"",""taker_side"":""yes"",""ticker"":""KXBTC15M-26APR280545-45"",""trade_id"":""bea3356f-b8aa-7097-b298-233aa415e172"",""yes_price_dollars"":""0.4600""}"
KXBTC15M-26APR280545-45,88bcd990-2524-7e1f-9ce9-7026cf1bb52b,1777368616,0.47,71.1,yes,"{""count_fp"":""71.10"",""created_time"":""2026-04-28T09:30:16.412137Z"",""no_price_dollars"":""0.5300"",""taker_side"":""yes"",""ticker"":""KXBTC15M-26APR280545-45"",""trade_id"":""88bcd990-2524-7e1f-9ce9-7026cf1bb52b"",""yes_price_dollars"":""0.4700""}"
KXBTC15M-26APR280545-45,87fee518-ccbf-7fe9-b814-8555810f31fb,1777368616,0.46,10.0,yes,"{""count_fp"":""10.00"",""created_time"":""2026-04-28T09:30:16.412137Z"",""no_price_dollars"":""0.5400"",""taker_side"":""yes"",""ticker"":""KXBTC15M-26APR280545-45"",""trade_id"":""87fee518-ccbf-7fe9-b814-8555810f31fb"",""yes_price_dollars"":""0.4600""}"
KXBTC15M-26APR280545-45,43af9b77-e0ff-71c2-840b-a55633b05611,1777368616,0.46,10.47,yes,"{""count_fp"":""10.47"",""created_time"":""2026-04-28T09:30:16.412137Z"",""no_price_dollars"":""0.5400"",""taker_side"":""yes"",""ticker"":""KXBTC15M-26APR280545-45"",""trade_id"":""43af9b77-e0ff-71c2-840b-a55633b05611"",""yes_price_dollars"":""0.4600""}"
KXBTC15M-26APR280545-45,6b5bf3d2-fd81-5dac-0e18-212789e0b1f0,1777368617,0.44,12.56,yes,"{""count_fp"":""12.56"",""created_time"":""2026-04-28T09:30:17.636864Z"",""no_price_dollars"":""0.5600"",""taker_side"":""yes"",""ticker"":""KXBTC15M-26APR280545-45"",""trade_id"":""6b5bf3d2-fd81-5dac-0e18-212789e0b1f0"",""yes_price_dollars"":""0.4400""}"
KXBTC15M-26APR280545-45,a87813e3-30b5-5abc-6a8e-dfae9ebf9e6c,1777368617,0.44,1.0,yes,"{""count_fp"":""1.00"",""created_time"":""2026-04-28T09:30:17.570292Z"",""no_price_dollars"":""0.5600"",""taker_side"":""yes"",""ticker"":""KXBTC15M-26APR280545-45"",""trade_id"":""a87813e3-30b5-5abc-6a8e-dfae9ebf9e6c"",""yes_price_dollars"":""0.4400""}"
KXBTC15M-26APR280545-45,6f50c6b1-9fac-5fde-5f50-c053e92b0d02,1777368617,0.44,30.41,no,"{""count_fp"":""30.41"",""created_time"":""2026-04-28T09:30:17.527993Z"",""no_price_dollars"":""0.5600"",""taker_side"":""no"",""ticker"":""KXBTC15M-26APR280545-45"",""trade_id"":""6f50c6b1-9fac-5fde-5f50-c053e92b0d02"",""yes_price_dollars"":""0.4400""}"
KXBTC15M-26APR280545-45,2e73db7a-9f0f-5dc5-423e-8c592b97dee6,1777368617,0.44,3.0,no,"{""count_fp"":""3.00"",""created_time"":""2026-04-28T09:30:17.527993Z"",""no_price_dollars"":""0.5600"",""taker_side"":""no"",""ticker"":""KXBTC15M-26APR280545-45"",""trade_id"":""2e73db7a-9f0f-5dc5-423e-8c592b97dee6"",""yes_price_dollars"":""0.4400""}"
KXBTC15M-26APR280545-45,e0ea59bf-16c0-5f5f-027d-c9bd99e2f335,1777368617,0.45,48.9,yes,"{""count_fp"":""48.90"",""created_time"":""2026-04-28T09:30:17.446003Z"",""no_price_dollars"":""0.5500"",""taker_side"":""yes"",""ticker"":""KXBTC15M-26APR280545-45"",""trade_id"":""e0ea59bf-16c0-5f5f-027d-c9bd99e2f335"",""yes_price_dollars"":""0.4500""}"
KXBTC15M-26APR280545-45,9f3c5549-d58e-5c64-1d2a-fea0fb5a93eb,1777368617,0.45,10.0,yes,"{""count_fp"":""10.00"",""created_time"":""2026-04-28T09:30:17.446003Z"",""no_price_dollars"":""0.5500"",""taker_side"":""yes"",""ticker"":""KXBTC15M-26APR280545-45"",""trade_id"":""9f3c5549-d58e-5c64-1d2a-fea0fb5a93eb"",""yes_price_dollars"":""0.4500""}"
KXBTC15M-26APR280545-45,63d2d589-e65f-595d-0fe0-790cdc72034b,1777368617,0.45,40.0,yes,"{""count_fp"":""40.00"",""created_time"":""2026-04-28T09:30:17.446003Z"",""no_price_dollars"":""0.5500"",""taker_side"":""yes"",""ticker"":""KXBTC15M-26APR280545-45"",""trade_id"":""63d2d589-e65f-595d-0fe0-790cdc72034b"",""yes_price_dollars"":""0.4500""}"
KXBTC15M-26APR280545-45,bfcdb5a7-4b92-4ef3-510e-bc58e4ee702f,1777368617,0.45,15.0,yes,"{""count_fp"":""15.00"",""created_time"":""2026-04-28T09:30:17.008793Z"",""no_price_dollars"":""0.5500"",""taker_side"":""yes"",""ticker"":""KXBTC15M-26APR280545-45"",""trade_id"":""bfcdb5a7-4b92-4ef3-510e-bc58e4ee702f"",""yes_price_dollars"":""0.4500""}"
KXBTC15M-26APR280545-45,83dcd783-1617-5bd7-1af0-6ac26a60fbea,1777368618,0.42,1.0,no,"{""count_fp"":""1.00"",""created_time"":""2026-04-28T09:30:18.995789Z"",""no_price_dollars"":""0.5800"",""taker_side"":""no"",""ticker"":""KXBTC15M-26APR280545-45"",""trade_id"":""83dcd783-1617-5bd7-1af0-6ac26a60fbea"",""yes_price_dollars"":""0.4200""}"
KXBTC15M-26APR280545-45,73684705-a7a0-5b27-0e6f-53fde7da5877,1777368618,0.42,30.0,no,"{""count_fp"":""30.00"",""created_time"":""2026-04-28T09:30:18.995789Z"",""no_price_dollars"":""0.5800"",""taker_side"":""no"",""ticker"":""KXBTC15M-26APR280545-45"",""trade_id"":""73684705-a7a0-5b27-0e6f-53fde7da5877"",""yes_price_dollars"":""0.4200""}"
KXBTC15M-26APR280545-45,668eaa4e-9e62-5141-2b33-078b6a4a7f88,1777368618,0.42,1.0,no,"{""count_fp"":""1.00"",""created_time"":""2026-04-28T09:30:18.995789Z"",""no_price_dollars"":""0.5800"",""taker_side"":""no"",""ticker"":""KXBTC15M-26APR280545-45"",""trade_id"":""668eaa4e-9e62-5141-2b33-078b6a4a7f88"",""yes_price_dollars"":""0.4200""}"
KXBTC15M-26APR280545-45,3ffc57d4-3c32-5356-073e-665171807cbc,1777368618,0.42,3.0,no,"{""count_fp"":""3.00"",""created_time"":""2026-04-28T09:30:18.995789Z"",""no_price_dollars"":""0.5800"",""taker_side"":""no"",""ticker"":""KXBTC15M-26APR280545-45"",""trade_id"":""3ffc57d4-3c32-5356-073e-665171807cbc"",""yes_price_dollars"":""0.4200""}"
KXBTC15M-26APR280545-45,6aecf4c6-31bd-7b80-479e-3b9f6d7c24ac,1777368618,0.43,2.23,yes,"{""count_fp"":""2.23"",""created_time"":""2026-04-28T09:30:18.683992Z"",""no_price_dollars"":""0.5700"",""taker_side"":""yes"",""ticker"":""KXBTC15M-26APR280545-45"",""trade_id"":""6aecf4c6-31bd-7b80-479e-3b9f6d7c24ac"",""yes_price_dollars"":""0.4300""}"
KXBTC15M-26APR280545-45,c5f5d70e-3e89-7208-f3cb-72c86659d3ec,1777368618,0.43,4.0,yes,"{""count_fp"":""4.00"",""created_time"":""2026-04-28T09:30:18.442557Z"",""no_price_dollars"":""0.5700"",""taker_side"":""yes"",""ticker"":""KXBTC15M-26APR280545-45"",""trade_id"":""c5f5d70e-3e89-7208-f3cb-72c86659d3ec"",""yes_price_dollars"":""0.4300""}"
KXBTC15M-26APR280545-45,739577b9-de4d-7ca4-4715-fd8e6111a424,1777368618,0.43,8.0,yes,"{""count_fp"":""8.00"",""created_time"":""2026-04-28T09:30:18.171497Z"",""no_price_dollars"":""0.5700"",""taker_side"":""yes"",""ticker"":""KXBTC15M-26APR280545-45"",""trade_id"":""739577b9-de4d-7ca4-4715-fd8e6111a424"",""yes_price_dollars"":""0.4300""}"
KXBTC15M-26APR280545-45,364cfc29-4951-4248-24d0-0b83432ea85c,1777368618,0.43,10.25,yes,"{""count_fp"":""10.25"",""created_time"":""2026-04-28T09:30:18.096509Z"",""no_price_dollars"":""0.5700"",""taker_side"":""yes"",""ticker"":""KXBTC15M-26APR280545-45"",""trade_id"":""364cfc29-4951-4248-24d0-0b83432ea85c"",""yes_price_dollars"":""0.4300""}"
KXBTC15M-26APR280545-45,5efdcca4-10c9-476c-acfd-0dad88096f28,1777368618,0.43,17.0,yes,"{""count_fp"":""17.00"",""created_time"":""2026-04-28T09:30:18.031614Z"",""no_price_dollars"":""0.5700"",""taker_side"":""yes"",""ticker"":""KXBTC15M-26APR280545-45"",""trade_id"":""5efdcca4-10c9-476c-acfd-0dad88096f28"",""yes_price_dollars"":""0.4300""}"
KXBTC15M-26APR280545-45,92347e3f-0f6f-6902-fccd-3642550811fb,1777368619,0.41,1.0,no,"{""count_fp"":""1.00"",""created_time"":""2026-04-28T09:30:19.776123Z"",""no_price_dollars"":""0.5900"",""taker_side"":""no"",""ticker"":""KXBTC15M-26APR280545-45"",""trade_id"":""92347e3f-0f6f-6902-fccd-3642550811fb"",""yes_price_dollars"":""0.4100""}"
KXBTC15M-26APR280545-45,6b4012cb-a498-7ea6-f646-4afd4400e881,1777368619,0.42,7.0,yes,"{""count_fp"":""7.00"",""created_time"":""2026-04-28T09:30:19.179543Z"",""no_price_dollars"":""0.5800"",""taker_side"":""yes"",""ticker"":""KXBTC15M-26APR280545-45"",""trade_id"":""6b4012cb-a498-7ea6-f646-4afd4400e881"",""yes_price_dollars"":""0.4200""}"
KXBTC15M-26APR280545-45,615e50d3-b47f-6fda-ae05-2aca48a26bab,1777368619,0.41,45.35,no,"{""count_fp"":""45.35"",""created_time"":""2026-04-28T09:30:19.071692Z"",""no_price_dollars"":""0.5900"",""taker_side"":""no"",""ticker"":""KXBTC15M-26APR280545-45"",""trade_id"":""615e50d3-b47f-6fda-ae05-2aca48a26bab"",""yes_price_dollars"":""0.4100""}"
KXBTC15M-26APR280545-45,e4b91950-80eb-5712-0829-488673a3b6db,1777368619,0.41,38.3,no,"{""count_fp"":""38.30"",""created_time"":""2026-04-28T09:30:19.069088Z"",""no_price_dollars"":""0.5900"",""taker_side"":""no"",""ticker"":""KXBTC15M-26APR280545-45"",""trade_id"":""e4b91950-80eb-5712-0829-488673a3b6db"",""yes_price_dollars"":""0.4100""}"
KXBTC15M-26APR280545-45,32b233ad-f00d-74a8-b6fa-1533d03cfbac,1777368621,0.42,6.86,yes,"{""count_fp"":""6.86"",""created_time"":""2026-04-28T09:30:21.562354Z"",""no_price_dollars"":""0.5800"",""taker_side"":""yes"",""ticker"":""KXBTC15M-26APR280545-45"",""trade_id"":""32b233ad-f00d-74a8-b6fa-1533d03cfbac"",""yes_price_dollars"":""0.4200""}"
KXBTC15M-26APR280545-45,33c6be42-6069-4198-b3c9-ce190d1c9654,1777368621,0.42,3.3,yes,"{""count_fp"":""3.30"",""created_time"":""2026-04-28T09:30:21.253941Z"",""no_price_dollars"":""0.5800"",""taker_side"":""yes"",""ticker"":""KXBTC15M-26APR280545-45"",""trade_id"":""33c6be42-6069-4198-b3c9-ce190d1c9654"",""yes_price_dollars"":""0.4200""}"
KXBTC15M-26APR280545-45,25af6f69-8fbc-4ece-a3d2-59c1ed39450d,1777368621,0.42,31.0,yes,"{""count_fp"":""31.00"",""created_time"":""2026-04-28T09:30:21.253941Z"",""no_price_dollars"":""0.5800"",""taker_side"":""yes"",""ticker"":""KXBTC15M-26APR280545-45"",""trade_id"":""25af6f69-8fbc-4ece-a3d2-59c1ed39450d"",""yes_price_dollars"":""0.4200""}"
KXBTC15M-26APR280545-45,73fb2b38-9f74-56fe-9b0f-961435d1bb8d,1777368621,0.42,2.0,yes,"{""count_fp"":""2.00"",""created_time"":""2026-04-28T09:30:21.189774Z"",""no_price_dollars"":""0.5800"",""taker_side"":""yes"",""ticker"":""KXBTC15M-26APR280545-45"",""trade_id"":""73fb2b38-9f74-56fe-9b0f-961435d1bb8d"",""yes_price_dollars"":""0.4200""}"
KXBTC15M-26APR280545-45,d7c5d85e-8353-4892-60a6-c166dd2ae67f,1777368622,0.41,34.35,no,"{""count_fp"":""34.35"",""created_time"":""2026-04-28T09:30:22.445844Z"",""no_price_dollars"":""0.5900"",""taker_side"":""no"",""ticker"":""KXBTC15M-26APR280545-45"",""trade_id"":""d7c5d85e-8353-4892-60a6-c166dd2ae67f"",""yes_price_dollars"":""0.4100""}"
KXBTC15M-26APR280545-45,99f03504-49ca-40ff-6e3f-43d5270d35f5,1777368622,0.41,9.55,no,"{""count_fp"":""9.55"",""created_time"":""2026-04-28T09:30:22.445844Z"",""no_price_dollars"":""0.5900"",""taker_side"":""no"",""ticker"":""KXBTC15M-26APR280545-45"",""trade_id"":""99f03504-49ca-40ff-6e3f-43d5270d35f5"",""yes_price_dollars"":""0.4100""}"
KXBTC15M-26APR280545-45,7dea0856-7cb1-4cee-57a1-3f7a453fb9b3,1777368622,0.41,12.0,no,"{""count_fp"":""12.00"",""created_time"":""2026-04-28T09:30:22.445844Z"",""no_price_dollars"":""0.5900"",""taker_side"":""no"",""ticker"":""KXBTC15M-26APR280545-45"",""trade_id"":""7dea0856-7cb1-4cee-57a1-3f7a453fb9b3"",""yes_price_dollars"":""0.4100""}"
KXBTC15M-26APR280545-45,6e436407-42d0-40f5-46e6-5bba637059b6,1777368622,0.41,5.0,no,"{""count_fp"":""5.00"",""created_time"":""2026-04-28T09:30:22.445844Z"",""no_price_dollars"":""0.5900"",""taker_side"":""no"",""ticker"":""KXBTC15M-26APR280545-45"",""trade_id"":""6e436407-42d0-40f5-46e6-5bba637059b6"",""yes_price_dollars"":""0.4100""}"
KXBTC15M-26APR280545-45,4061d810-763d-4149-6dba-879f8271871d,1777368622,0.41,5.0,no,"{""count_fp"":""5.00"",""created_time"":""2026-04-28T09:30:22.445844Z"",""no_price_dollars"":""0.5900"",""taker_side"":""no"",""ticker"":""KXBTC15M-26APR280545-45"",""trade_id"":""4061d810-763d-4149-6dba-879f8271871d"",""yes_price_dollars"":""0.4100""}"
KXBTC15M-26APR280545-45,147e744b-80b9-4860-00b6-3b5eea0dbffc,1777368622,0.42,2.28,yes,"{""count_fp"":""2.28"",""created_time"":""2026-04-28T09:30:22.260783Z"",""no_price_dollars"":""0.5800"",""taker_side"":""yes"",""ticker"":""KXBTC15M-26APR280545-45"",""trade_id"":""147e744b-80b9-4860-00b6-3b5eea0dbffc"",""yes_price_dollars"":""0.4200""}"
KXBTC15M-26APR280545-45,71ca9acd-0128-5cfc-50c3-a56babae4a51,1777368623,0.41,24.71,no,"{""count_fp"":""24.71"",""created_time"":""2026-04-28T09:30:23.946158Z"",""no_price_dollars"":""0.5900"",""taker_side"":""no"",""ticker"":""KXBTC15M-26APR280545-45"",""trade_id"":""71ca9acd-0128-5cfc-50c3-a56babae4a51"",""yes_price_dollars"":""0.4100""}"
KXBTC15M-26APR280545-45,79169db3-05e6-60b6-0bb0-f449adfe2e95,1777368623,0.41,1.62,no,"{""count_fp"":""1.62"",""created_time"":""2026-04-28T09:30:23.488085Z"",""no_price_dollars"":""0.5900"",""taker_side"":""no"",""ticker"":""KXBTC15M-26APR280545-45"",""trade_id"":""79169db3-05e6-60b6-0bb0-f449adfe2e95"",""yes_price_dollars"":""0.4100""}"
KXBTC15M-26APR280545-45,6d634f0e-a708-63a0-1206-f40445861b85,1777368623,0.41,18.38,no,"{""count_fp"":""18.38"",""created_time"":""2026-04-28T09:30:23.488085Z"",""no_price_dollars"":""0.5900"",""taker_side"":""no"",""ticker"":""KXBTC15M-26APR280545-45"",""trade_id"":""6d634f0e-a708-63a0-1206-f40445861b85"",""yes_price_dollars"":""0.4100""}"
KXBTC15M-26APR280545-45,c77c2012-93b4-7940-29e5-9c9539a69319,1777368624,0.41,3.29,no,"{""count_fp"":""3.29"",""created_time"":""2026-04-28T09:30:24.361355Z"",""no_price_dollars"":""0.5900"",""taker_side"":""no"",""ticker"":""KXBTC15M-26APR280545-45"",""trade_id"":""c77c2012-93b4-7940-29e5-9c9539a69319"",""yes_price_dollars"":""0.4100""}"
KXBTC15M-26APR280545-45,ed5fdbf2-b410-52ac-7c54-372cfc08f67d,1777368624,0.41,6.59,no,"{""count_fp"":""6.59"",""created_time"":""2026-04-28T09:30:24.282976Z"",""no_price_dollars"":""0.5900"",""taker_side"":""no"",""ticker"":""KXBTC15M-26APR280545-45"",""trade_id"":""ed5fdbf2-b410-52ac-7c54-372cfc08f67d"",""yes_price_dollars"":""0.4100""}"
KXBTC15M-26APR280545-45,3484ab9e-5dcc-5174-845f-7602ba6887fd,1777368625,0.41,10.0,no,"{""count_fp"":""10.00"",""created_time"":""2026-04-28T09:30:25.306367Z"",""no_price_dollars"":""0.5900"",""taker_side"":""no"",""ticker"":""KXBTC15M-26APR280545-45"",""trade_id"":""3484ab9e-5dcc-5174-845f-7602ba6887fd"",""yes_price_dollars"":""0.4100""}"
KXBTC15M-26APR280545-45,34680c8f-2f55-7dac-c7fe-ee6d3224ea0c,1777368626,0.42,5.0,yes,"{""count_fp"":""5.00"",""created_time"":""2026-04-28T09:30:26.781142Z"",""no_price_dollars"":""0.5800"",""taker_side"":""yes"",""ticker"":""KXBTC15M-26APR280545-45"",""trade_id"":""34680c8f-2f55-7dac-c7fe-ee6d3224ea0c"",""yes_price_dollars"":""0.4200""}"
KXBTC15M-26APR280545-45,fbc92b6e-39a1-5bc8-f175-aed842bdf650,1777368626,0.42,2.28,yes,"{""count_fp"":""2.28"",""created_time"":""2026-04-28T09:30:26.136598Z"",""no_price_dollars"":""0.5800"",""taker_side"":""yes"",""ticker"":""KXBTC15M-26APR280545-45"",""trade_id"":""fbc92b6e-39a1-5bc8-f175-aed842bdf650"",""yes_price_dollars"":""0.4200""}"
KXBTC15M-26APR280545-45,5bcbc562-9d65-626a-1303-e2e0ba789267,1777368627,0.45,18.12,no,"{""count_fp"":""18.12"",""created_time"":""2026-04-28T09:30:27.890078Z"",""no_price_dollars"":""0.5500"",""taker_side"":""no"",""ticker"":""KXBTC15M-26APR280545-45"",""trade_id"":""5bcbc562-9d65-626a-1303-e2e0ba789267"",""yes_price_dollars"":""0.4500""}"
KXBTC15M-26APR280545-45,8bf2915c-5ef5-5cae-58e8-03c9ee019d53,1777368627,0.45,2.0,no,"{""count_fp"":""2.00"",""created_time"":""2026-04-28T09:30:27.772284Z"",""no_price_dollars"":""0.5500"",""taker_side"":""no"",""ticker"":""KXBTC15M-26APR280545-45"",""trade_id"":""8bf2915c-5ef5-5cae-58e8-03c9ee019d53"",""yes_price_dollars"":""0.4500""}"
KXBTC15M-26APR280545-45,cd9fe878-0704-4d63-b5ca-429a8aab6dae,1777368627,0.44,16.47,no,"{""count_fp"":""16.47"",""created_time"":""2026-04-28T09:30:27.745308Z"",""no_price_dollars"":""0.5600"",""taker_side"":""no"",""ticker"":""KXBTC15M-26APR280545-45"",""trade_id"":""cd9fe878-0704-4d63-b5ca-429a8aab6dae"",""yes_price_dollars"":""0.4400""}"
KXBTC15M-26APR280545-45,c32db6cf-021c-78b1-b0ba-413ec3043a84,1777368627,0.45,1.0,yes,"{""count_fp"":""1.00"",""created_time"":""2026-04-28T09:30:27.697821Z"",""no_price_dollars"":""0.5500"",""taker_side"":""yes"",""ticker"":""KXBTC15M-26APR280545-45"",""trade_id"":""c32db6cf-021c-78b1-b0ba-413ec3043a84"",""yes_price_dollars"":""0.4500""}"
KXBTC15M-26APR280545-45,bd0ecef6-526a-72d5-9e68-5ed8b5916d23,1777368627,0.45,25.82,yes,"{""count_fp"":""25.82"",""created_time"":""2026-04-28T09:30:27.697821Z"",""no_price_dollars"":""0.5500"",""taker_side"":""yes"",""ticker"":""KXBTC15M-26APR280545-45"",""trade_id"":""bd0ecef6-526a-72d5-9e68-5ed8b5916d23"",""yes_price_dollars"":""0.4500""}"
KXBTC15M-26APR280545-45,8acdfe43-f389-7b29-9b64-534e45cf1ee8,1777368627,0.44,5.0,yes,"{""count_fp"":""5.00"",""created_time"":""2026-04-28T09:30:27.697821Z"",""no_price_dollars"":""0.5600"",""taker_side"":""yes"",""ticker"":""KXBTC15M-26APR280545-45"",""trade_id"":""8acdfe43-f389-7b29-9b64-534e45cf1ee8"",""yes_price_dollars"":""0.4400""}"
KXBTC15M-26APR280545-45,2a902963-afbb-7966-953c-8bb62c9b40f7,1777368627,0.44,1.0,yes,"{""count_fp"":""1.00"",""created_time"":""2026-04-28T09:30:27.697821Z"",""no_price_dollars"":""0.5600"",""taker_side"":""yes"",""ticker"":""KXBTC15M-26APR280545-45"",""trade_id"":""2a902963-afbb-7966-953c-8bb62c9b40f7"",""yes_price_dollars"":""0.4400""}"
KXBTC15M-26APR280545-45,b2a1fe5a-7f38-6f4d-8f7d-50b49f947fd5,1777368627,0.43,3.0,yes,"{""count_fp"":""3.00"",""created_time"":""2026-04-28T09:30:27.636353Z"",""no_price_dollars"":""0.5700"",""taker_side"":""yes"",""ticker"":""KXBTC15M-26APR280545-45"",""trade_id"":""b2a1fe5a-7f38-6f4d-8f7d-50b49f947fd5"",""yes_price_dollars"":""0.4300""}"
KXBTC15M-26APR280545-45,b0ead286-71da-7b60-7ee3-51bb5df37038,1777368627,0.43,25.0,yes,"{""count_fp"":""25.00"",""created_time"":""2026-04-28T09:30:27.619057Z"",""no_price_dollars"":""0.5700"",""taker_side"":""yes"",""ticker"":""KXBTC15M-26APR280545-45"",""trade_id"":""b0ead286-71da-7b60-7ee3-51bb5df37038"",""yes_price_dollars"":""0.4300""}"
KXBTC15M-26APR280545-45,55251a06-117b-7538-71b7-4e0089a41f98,1777368627,0.42,10.0,yes,"{""count_fp"":""10.00"",""created_time"":""2026-04-28T09:30:27.619057Z"",""no_price_dollars"":""0.5800"",""taker_side"":""yes"",""ticker"":""KXBTC15M-26APR280545-45"",""trade_id"":""55251a06-117b-7538-71b7-4e0089a41f98"",""yes_price_dollars"":""0.4200""}"
KXBTC15M-26APR280545-45,50345c3d-3da1-73bc-44b8-adb5d4faf0b4,1777368627,0.43,20.12,yes,"{""count_fp"":""20.12"",""created_time"":""2026-04-28T09:30:27.619057Z"",""no_price_dollars"":""0.5700"",""taker_side"":""yes"",""ticker"":""KXBTC15M-26APR280545-45"",""trade_id"":""50345c3d-3da1-73bc-44b8-adb5d4faf0b4"",""yes_price_dollars"":""0.4300""}"
KXBTC15M-26APR280545-45,3b02f73e-47ce-7d37-6699-ba57bf6fe95f,1777368627,0.42,1.0,yes,"{""count_fp"":""1.00"",""created_time"":""2026-04-28T09:30:27.619057Z"",""no_price_dollars"":""0.5800"",""taker_side"":""yes"",""ticker"":""KXBTC15M-26APR280545-45"",""trade_id"":""3b02f73e-47ce-7d37-6699-ba57bf6fe95f"",""yes_price_dollars"":""0.4200""}"
KXBTC15M-26APR280545-45,1edf3071-e515-71ac-47b5-c3cfc68e3420,1777368627,0.42,25.86,yes,"{""count_fp"":""25.86"",""created_time"":""2026-04-28T09:30:27.619057Z"",""no_price_dollars"":""0.5800"",""taker_side"":""yes"",""ticker"":""KXBTC15M-26APR280545-45"",""trade_id"":""1edf3071-e515-71ac-47b5-c3cfc68e3420"",""yes_price_dollars"":""0.4200""}"
KXBTC15M-26APR280545-45,0567b0ad-5301-46c0-406b-111093f59984,1777368627,0.42,24.08,yes,"{""count_fp"":""24.08"",""created_time"":""2026-04-28T09:30:27.611726Z"",""no_price_dollars"":""0.5800"",""taker_side"":""yes"",""ticker"":""KXBTC15M-26APR280545-45"",""trade_id"":""0567b0ad-5301-46c0-406b-111093f59984"",""yes_price_dollars"":""0.4200""}"
KXBTC15M-26APR280545-45,bab4d01b-c81d-7c78-435c-120cba433d14,1777368627,0.42,41.78,yes,"{""count_fp"":""41.78"",""created_time"":""2026-04-28T09:30:27.611481Z"",""no_price_dollars"":""0.5800"",""taker_side"":""yes"",""ticker"":""KXBTC15M-26APR280545-45"",""trade_id"":""bab4d01b-c81d-7c78-435c-120cba433d14"",""yes_price_dollars"":""0.4200""}"
KXBTC15M-26APR280545-45,485fa1a9-f6b8-5ba4-66b2-60ccf3e94499,1777368627,0.41,981.98,no,"{""count_fp"":""981.98"",""created_time"":""2026-04-28T09:30:27.012679Z"",""no_price_dollars"":""0.5900"",""taker_side"":""no"",""ticker"":""KXBTC15M-26APR280545-45"",""trade_id"":""485fa1a9-f6b8-5ba4-66b2-60ccf3e94499"",""yes_price_dollars"":""0.4100""}"
KXBTC15M-26APR280545-45,42d574a1-c165-5d09-3d2b-bf5bde468d8f,1777368628,0.45,6.47,no,"{""count_fp"":""6.47"",""created_time"":""2026-04-28T09:30:28.953691Z"",""no_price_dollars"":""0.5500"",""taker_side"":""no"",""ticker"":""KXBTC15M-26APR280545-45"",""trade_id"":""42d574a1-c165-5d09-3d2b-bf5bde468d8f"",""yes_price_dollars"":""0.4500""}"
KXBTC15M-26APR280545-45,0703c26f-a95c-57f3-3879-7b050f08600d,1777368628,0.45,10.0,no,"{""count_fp"":""10.00"",""created_time"":""2026-04-28T09:30:28.953691Z"",""no_price_dollars"":""0.5500"",""taker_side"":""no"",""ticker"":""KXBTC15M-26APR280545-45"",""trade_id"":""0703c26f-a95c-57f3-3879-7b050f08600d"",""yes_price_dollars"":""0.4500""}"
KXBTC15M-26APR280545-45,0e0db41a-6703-5536-56ad-cc897ab6eb33,1777368629,0.44,18.47,no,"{""count_fp"":""18.47"",""created_time"":""2026-04-28T09:30:29.959982Z"",""no_price_dollars"":""0.5600"",""taker_side"":""no"",""ticker"":""KXBTC15M-26APR280545-45"",""trade_id"":""0e0db41a-6703-5536-56ad-cc897ab6eb33"",""yes_price_dollars"":""0.4400""}"
KXBTC15M-26APR280545-45,04786d61-6d34-523b-727b-efcd0b49d5da,1777368629,0.44,23.53,no,"{""count_fp"":""23.53"",""created_time"":""2026-04-28T09:30:29.959982Z"",""no_price_dollars"":""0.5600"",""taker_side"":""no"",""ticker"":""KXBTC15M-26APR280545-45"",""trade_id"":""04786d61-6d34-523b-727b-efcd0b49d5da"",""yes_price_dollars"":""0.4400""}"
KXBTC15M-26APR280545-45,5cec1f9a-bd2a-7d17-388c-08712b468a19,1777368629,0.45,3.53,no,"{""count_fp"":""3.53"",""created_time"":""2026-04-28T09:30:29.483413Z"",""no_price_dollars"":""0.5500"",""taker_side"":""no"",""ticker"":""KXBTC15M-26APR280545-45"",""trade_id"":""5cec1f9a-bd2a-7d17-388c-08712b468a19"",""yes_price_dollars"":""0.4500""}"
KXBTC15M-26APR280545-45,d156e067-4593-4822-d4fe-7e74f033afd1,1777368630,0.44,8.34,no,"{""count_fp"":""8.34"",""created_time"":""2026-04-28T09:30:30.982688Z"",""no_price_dollars"":""0.5600"",""taker_side"":""no"",""ticker"":""KXBTC15M-26APR280545-45"",""trade_id"":""d156e067-4593-4822-d4fe-7e74f033afd1"",""yes_price_dollars"":""0.4400""}"
KXBTC15M-26APR280545-45,8f7a51cf-6fb8-4ce0-dbed-642de7e7188e,1777368630,0.44,24.42,no,"{""count_fp"":""24.42"",""created_time"":""2026-04-28T09:30:30.982688Z"",""no_price_dollars"":""0.5600"",""taker_side"":""no"",""ticker"":""KXBTC15M-26APR280545-45"",""trade_id"":""8f7a51cf-6fb8-4ce0-dbed-642de7e7188e"",""yes_price_dollars"":""0.4400""}"
KXBTC15M-26APR280545-45,7632627f-0d59-4251-eac2-2db3481ff67e,1777368630,0.44,1.0,no,"{""count_fp"":""1.00"",""created_time"":""2026-04-28T09:30:30.982688Z"",""no_price_dollars"":""0.5600"",""taker_side"":""no"",""ticker"":""KXBTC15M-26APR280545-45"",""trade_id"":""7632627f-0d59-4251-eac2-2db3481ff67e"",""yes_price_dollars"":""0.4400""}"
KXBTC15M-26APR280545-45,ef28f869-1987-4b7a-77e3-60b212466eef,1777368630,0.44,14.0,no,"{""count_fp"":""14.00"",""created_time"":""2026-04-28T09:30:30.749272Z"",""no_price_dollars"":""0.5600"",""taker_side"":""no"",""ticker"":""KXBTC15M-26APR280545-45"",""trade_id"":""ef28f869-1987-4b7a-77e3-60b212466eef"",""yes_price_dollars"":""0.4400""}"
KXBTC15M-26APR280545-45,9231646b-3f0f-5be3-9c3a-b64e976891e3,1777368630,0.45,1.0,yes,"{""count_fp"":""1.00"",""created_time"":""2026-04-28T09:30:30.671133Z"",""no_price_dollars"":""0.5500"",""taker_side"":""yes"",""ticker"":""KXBTC15M-26APR280545-45"",""trade_id"":""9231646b-3f0f-5be3-9c3a-b64e976891e3"",""yes_price_dollars"":""0.4500""}"
KXBTC15M-26APR280545-45,d390c1df-400d-7f0d-8cfa-2287db0611dd,1777368631,0.43,1.69,no,"{""count_fp"":""1.69"",""created_time"":""2026-04-28T09:30:31.819844Z"",""no_price_dollars"":""0.5700"",""taker_side"":""no"",""ticker"":""KXBTC15M-26APR280545-45"",""trade_id"":""d390c1df-400d-7f0d-8cfa-2287db0611dd"",""yes_price_dollars"":""0.4300""}"
KXBTC15M-26APR280545-45,9d3cb213-bb1a-763d-a616-085621472b23,1777368631,0.44,10.69,yes,"{""count_fp"":""10.69"",""created_time"":""2026-04-28T09:30:31.645064Z"",""no_price_dollars"":""0.5600"",""taker_side"":""yes"",""ticker"":""KXBTC15M-26APR280545-45"",""trade_id"":""9d3cb213-bb1a-763d-a616-085621472b23"",""yes_price_dollars"":""0.4400""}"
KXBTC15M-26APR280545-45,345e6747-28ea-55a1-6a4b-ee1c402cfd03,1777368631,0.44,1.15,yes,"{""count_fp"":""1.15"",""created_time"":""2026-04-28T09:30:31.086161Z"",""no_price_dollars"":""0.5600"",""taker_side"":""yes"",""ticker"":""KXBTC15M-26APR280545-45"",""trade_id"":""345e6747-28ea-55a1-6a4b-ee1c402cfd03"",""yes_price_dollars"":""0.4400""}"
KXBTC15M-26APR280545-45,650e756f-b461-4bec-1db1-3f6e34b85c1c,1777368632,0.44,7.0,yes,"{""count_fp"":""7.00"",""created_time"":""2026-04-28T09:30:32.961904Z"",""no_price_dollars"":""0.5600"",""taker_side"":""yes"",""ticker"":""KXBTC15M-26APR280545-45"",""trade_id"":""650e756f-b461-4bec-1db1-3f6e34b85c1c"",""yes_price_dollars"":""0.4400""}"
KXBTC15M-26APR280545-45,09b2b5a7-ce59-41cc-507d-9a46ea37f08c,1777368632,0.44,2.18,yes,"{""count_fp"":""2.18"",""created_time"":""2026-04-28T09:30:32.698699Z"",""no_price_dollars"":""0.5600"",""taker_side"":""yes"",""ticker"":""KXBTC15M-26APR280545-45"",""trade_id"":""09b2b5a7-ce59-41cc-507d-9a46ea37f08c"",""yes_price_dollars"":""0.4400""}"
KXBTC15M-26APR280545-45,62125119-826e-6525-ca82-34b89091fc13,1777368632,0.44,28.16,yes,"{""count_fp"":""28.16"",""created_time"":""2026-04-28T09:30:32.333261Z"",""no_price_dollars"":""0.5600"",""taker_side"":""yes"",""ticker"":""KXBTC15M-26APR280545-45"",""trade_id"":""62125119-826e-6525-ca82-34b89091fc13"",""yes_price_dollars"":""0.4400""}"
KXBTC15M-26APR280545-45,3ba67be7-7955-627c-ef1e-d5c5a3dbb324,1777368632,0.44,71.84,yes,"{""count_fp"":""71.84"",""created_time"":""2026-04-28T09:30:32.333261Z"",""no_price_dollars"":""0.5600"",""taker_side"":""yes"",""ticker"":""KXBTC15M-26APR280545-45"",""trade_id"":""3ba67be7-7955-627c-ef1e-d5c5a3dbb324"",""yes_price_dollars"":""0.4400""}"
KXBTC15M-26APR280545-45,906ca2a9-1c9d-41f0-cdfc-1cb58859c791,1777368633,0.47,40.0,no,"{""count_fp"":""40.00"",""created_time"":""2026-04-28T09:30:33.766242Z"",""no_price_dollars"":""0.5300"",""taker_side"":""no"",""ticker"":""KXBTC15M-26APR280545-45"",""trade_id"":""906ca2a9-1c9d-41f0-cdfc-1cb58859c791"",""yes_price_dollars"":""0.4700""}"
KXBTC15M-26APR280545-45,22c23882-4883-7984-b839-529ce09167f4,1777368633,0.48,40.0,no,"{""count_fp"":""40.00"",""created_time"":""2026-04-28T09:30:33.765857Z"",""no_price_dollars"":""0.5200"",""taker_side"":""no"",""ticker"":""KXBTC15M-26APR280545-45"",""trade_id"":""22c23882-4883-7984-b839-529ce09167f4"",""yes_price_dollars"":""0.4800""}"
KXBTC15M-26APR280545-45,77a9290e-046e-5cbd-7383-80b0bf7ea161,1777368633,0.48,40.0,no,"{""count_fp"":""40.00"",""created_time"":""2026-04-28T09:30:33.647921Z"",""no_price_dollars"":""0.5200"",""taker_side"":""no"",""ticker"":""KXBTC15M-26APR280545-45"",""trade_id"":""77a9290e-046e-5cbd-7383-80b0bf7ea161"",""yes_price_dollars"":""0.4800""}"
KXBTC15M-26APR280545-45,e48d2f3e-c315-54b1-51cf-de2ca52369c5,1777368633,0.43,4.31,no,"{""count_fp"":""4.31"",""created_time"":""2026-04-28T09:30:33.612322Z"",""no_price_dollars"":""0.5700"",""taker_side"":""no"",""ticker"":""KXBTC15M-26APR280545-45"",""trade_id"":""e48d2f3e-c315-54b1-51cf-de2ca52369c5"",""yes_price_dollars"":""0.4300""}"
KXBTC15M-26APR280545-45,9d330bdf-d3a6-528e-42e9-e7c03880a462,1777368633,0.43,0.69,no,"{""count_fp"":""0.69"",""created_time"":""2026-04-28T09:30:33.612322Z"",""no_price_dollars"":""0.5700"",""taker_side"":""no"",""ticker"":""KXBTC15M-26APR280545-45"",""trade_id"":""9d330bdf-d3a6-528e-42e9-e7c03880a462"",""yes_price_dollars"":""0.4300""}"
KXBTC15M-26APR280545-45,ffb912b8-a77f-415b-3b33-1fde874e0606,1777368633,0.47,1.0,yes,"{""count_fp"":""1.00"",""created_time"":""2026-04-28T09:30:33.591266Z"",""no_price_dollars"":""0.5300"",""taker_side"":""yes"",""ticker"":""KXBTC15M-26APR280545-45"",""trade_id"":""ffb912b8-a77f-415b-3b33-1fde874e0606"",""yes_price_dollars"":""0.4700""}"
KXBTC15M-26APR280545-45,f60f20f4-7475-4328-27a9-9d65123adf05,1777368633,0.44,15.0,yes,"{""count_fp"":""15.00"",""created_time"":""2026-04-28T09:30:33.591266Z"",""no_price_dollars"":""0.5600"",""taker_side"":""yes"",""ticker"":""KXBTC15M-26APR280545-45"",""trade_id"":""f60f20f4-7475-4328-27a9-9d65123adf05"",""yes_price_dollars"":""0.4400""}"
KXBTC15M-26APR280545-45,df15aa5b-480e-46f5-18bb-ca98cd82a022,1777368633,0.46,56.0,yes,"{""count_fp"":""56.00"",""created_time"":""2026-04-28T09:30:33.591266Z"",""no_price_dollars"":""0.5400"",""taker_side"":""yes"",""ticker"":""KXBTC15M-26APR280545-45"",""trade_id"":""df15aa5b-480e-46f5-18bb-ca98cd82a022"",""yes_price_dollars"":""0.4600""}"
KXBTC15M-26APR280545-45,dd617b0b-798c-455e-1847-6ef04d4013cf,1777368633,0.52,40.0,yes,"{""count_fp"":""40.00"",""created_time"":""2026-04-28T09:30:33.591266Z"",""no_price_dollars"":""0.4800"",""taker_side"":""yes"",""ticker"":""KXBTC15M-26APR280545-45"",""trade_id"":""dd617b0b-798c-455e-1847-6ef04d4013cf"",""yes_price_dollars"":""0.5200""}"
KXBTC15M-26APR280545-45,d9f348c5-ae10-48d2-0e09-e5ebd3162ad0,1777368633,0.54,40.0,yes,"{""count_fp"":""40.00"",""created_time"":""2026-04-28T09:30:33.591266Z"",""no_price_dollars"":""0.4600"",""taker_side"":""yes"",""ticker"":""KXBTC15M-26APR280545-45"",""trade_id"":""d9f348c5-ae10-48d2-0e09-e5ebd3162ad0"",""yes_price_dollars"":""0.5400""}"
KXBTC15M-26APR280545-45,c0d870f2-151b-4c13-097e-18f24d302349,1777368633,0.57,40.0,yes,"{""count_fp"":""40.00"",""created_time"":""2026-04-28T09:30:33.591266Z"",""no_price_dollars"":""0.4300"",""taker_side"":""yes"",""ticker"":""KXBTC15M-26APR280545-45"",""trade_id"":""c0d870f2-151b-4c13-097e-18f24d302349"",""yes_price_dollars"":""0.5700""}"
KXBTC15M-26APR280545-45,bf10ce35-7f90-49a5-0a29-b59b7a017f91,1777368633,0.59,40.0,yes,"{""count_fp"":""40.00"",""created_time"":""2026-04-28T09:30:33.591266Z"",""no_price_dollars"":""0.4100"",""taker_side"":""yes"",""ticker"":""KXBTC15M-26APR280545-45"",""trade_id"":""bf10ce35-7f90-49a5-0a29-b59b7a017f91"",""yes_price_dollars"":""0.5900""}"
KXBTC15M-26APR280545-45,bd7679a3-6109-4f94-1f9c-4d69d4d18ba7,1777368633,0.55,1.0,yes,"{""count_fp"":""1.00"",""created_time"":""2026-04-28T09:30:33.591266Z"",""no_price_dollars"":""0.4500"",""taker_side"":""yes"",""ticker"":""KXBTC15M-26APR280545-45"",""trade_id"":""bd7679a3-6109-4f94-1f9c-4d69d4d18ba7"",""yes_price_dollars"":""0.5500""}"
KXBTC15M-26APR280545-45,bd33285a-fb83-4537-0edf-7606a49c4e71,1777368633,0.45,1000.0,yes,"{""count_fp"":""1000.00"",""created_time"":""2026-04-28T09:30:33.591266Z"",""no_price_dollars"":""0.5500"",""taker_side"":""yes"",""ticker"":""KXBTC15M-26APR280545-45"",""trade_id"":""bd33285a-fb83-4537-0edf-7606a49c4e71"",""yes_price_dollars"":""0.4500""}"
KXBTC15M-26APR280545-45,bade202e-0d5a-42c8-0364-f640354f139c,1777368633,0.51,40.0,yes,"{""count_fp"":""40.00"",""created_time"":""2026-04-28T09:30:33.591266Z"",""no_price_dollars"":""0.4900"",""taker_side"":""yes"",""ticker"":""KXBTC15M-26APR280545-45"",""trade_id"":""bade202e-0d5a-42c8-0364-f640354f139c"",""yes_price_dollars"":""0.5100""}"
KXBTC15M-26APR280545-45,aee705ae-5b0f-499e-3f6c-4439adda98f8,1777368633,0.59,5.0,yes,"{""count_fp"":""5.00"",""created_time"":""2026-04-28T09:30:33.591266Z"",""no_price_dollars"":""0.4100"",""taker_side"":""yes"",""ticker"":""KXBTC15M-26APR280545-45"",""trade_id"":""aee705ae-5b0f-499e-3f6c-4439adda98f8"",""yes_price_dollars"":""0.5900""}"
KXBTC15M-26APR280545-45,adcbeaed-ffc0-4bab-32d4-b644d603289b,1777368633,0.46,1100.81,yes,"{""count_fp"":""1100.81"",""created_time"":""2026-04-28T09:30:33.591266Z"",""no_price_dollars"":""0.5400"",""taker_side"":""yes"",""ticker"":""KXBTC15M-26APR280545-45"",""trade_id"":""adcbeaed-ffc0-4bab-32d4-b644d603289b"",""yes_price_dollars"":""0.4600""}"
KXBTC15M-26APR280545-45,acb94a60-2b27-4a77-10b2-a389e7df5330,1777368633,0.48,1.0,yes,"{""count_fp"":""1.00"",""created_time"":""2026-04-28T09:30:33.591266Z"",""no_price_dollars"":""0.5200"",""taker_side"":""yes"",""ticker"":""KXBTC15M-26APR280545-45"",""trade_id"":""acb94a60-2b27-4a77-10b2-a389e7df5330"",""yes_price_dollars"":""0.4800""}"
KXBTC15M-26APR280545-45,ac9e27db-d3ab-46f1-12bf-09276d6818e2,1777368633,0.58,1.0,yes,"{""count_fp"":""1.00"",""created_time"":""2026-04-28T09:30:33.591266Z"",""no_price_dollars"":""0.4200"",""taker_side"":""yes"",""ticker"":""KXBTC15M-26APR280545-45"",""trade_id"":""ac9e27db-d3ab-46f1-12bf-09276d6818e2"",""yes_price_dollars"":""0.5800""}"
KXBTC15M-26APR280545-45,abee5f93-b6dc-4737-1b6d-418fa02b9583,1777368633,0.5,1.0,yes,"{""count_fp"":""1.00"",""created_time"":""2026-04-28T09:30:33.591266Z"",""no_price_dollars"":""0.5000"",""taker_side"":""yes"",""ticker"":""KXBTC15M-26APR280545-45"",""trade_id"":""abee5f93-b6dc-4737-1b6d-418fa02b9583"",""yes_price_dollars"":""0.5000""}"
KXBTC15M-26APR280545-45,a244dd5d-ba54-4f2b-2aeb-f463876fb57f,1777368633,0.45,40.0,yes,"{""count_fp"":""40.00"",""created_time"":""2026-04-28T09:30:33.591266Z"",""no_price_dollars"":""0.5500"",""taker_side"":""yes"",""ticker"":""KXBTC15M-26APR280545-45"",""trade_id"":""a244dd5d-ba54-4f2b-2aeb-f463876fb57f"",""yes_price_dollars"":""0.4500""}"
KXBTC15M-26APR280545-45,a21ae544-8ca3-4528-1833-e885a67b03b1,1777368633,0.48,40.0,yes,"{""count_fp"":""40.00"",""created_time"":""2026-04-28T09:30:33.591266Z"",""no_price_dollars"":""0.5200"",""taker_side"":""yes"",""ticker"":""KXBTC15M-26APR280545-45"",""trade_id"":""a21ae544-8ca3-4528-1833-e885a67b03b1"",""yes_price_dollars"":""0.4800""}"
KXBTC15M-26APR280545-45,9fcaeef3-3dca-4901-0e07-42c8ab9a27c9,1777368633,0.44,12.0,yes,"{""count_fp"":""12.00"",""created_time"":""2026-04-28T09:30:33.591266Z"",""no_price_dollars"":""0.5600"",""taker_side"":""yes"",""ticker"":""KXBTC15M-26APR280545-45"",""trade_id"":""9fcaeef3-3dca-4901-0e07-42c8ab9a27c9"",""yes_price_dollars"":""0.4400""}"
KXBTC15M-26APR280545-45,941e84ad-3a13-4dd3-2bec-91d2cc21d686,1777368633,0.6,84.57,yes,"{""count_fp"":""84.57"",""created_time"":""2026-04-28T09:30:33.591266Z"",""no_price_dollars"":""0.4000"",""taker_side"":""yes"",""ticker"":""KXBTC15M-26APR280545-45"",""trade_id"":""941e84ad-3a13-4dd3-2bec-91d2cc21d686"",""yes_price_dollars"":""0.6000""}"
KXBTC15M-26APR280545-45,93eb56f3-9693-4dff-2432-b35b8b74fc1e,1777368633,0.55,32.0,yes,"{""count_fp"":""32.00"",""created_time"":""2026-04-28T09:30:33.591266Z"",""no_price_dollars"":""0.4500"",""taker_side"":""yes"",""ticker"":""KXBTC15M-26APR280545-45"",""trade_id"":""93eb56f3-9693-4dff-2432-b35b8b74fc1e"",""yes_price_dollars"":""0.5500""}"
KXBTC15M-26APR280545-45,8dcce2a7-f644-4c30-10c7-fdf370f2a6c9,1777368633,0.45,400.0,yes,"{""count_fp"":""400.00"",""created_time"":""2026-04-28T09:30:33.591266Z"",""no_price_dollars"":""0.5500"",""taker_side"":""yes"",""ticker"":""KXBTC15M-26APR280545-45"",""trade_id"":""8dcce2a7-f644-4c30-10c7-fdf370f2a6c9"",""yes_price_dollars"":""0.4500""}"
KXBTC15M-26APR280545-45,8863bf44-358c-4c5f-0b62-82e33dd867f0,1777368633,0.44,3.0,yes,"{""count_fp"":""3.00"",""created_time"":""2026-04-28T09:30:33.591266Z"",""no_price_dollars"":""0.5600"",""taker_side"":""yes"",""ticker"":""KXBTC15M-26APR280545-45"",""trade_id"":""8863bf44-358c-4c5f-0b62-82e33dd867f0"",""yes_price_dollars"":""0.4400""}"
KXBTC15M-26APR280545-45,83e894d5-903d-4cb4-23ce-900ef68ccff6,1777368633,0.5,40.0,yes,"{""count_fp"":""40.00"",""created_time"":""2026-04-28T09:30:33.591266Z"",""no_price_dollars"":""0.5000"",""taker_side"":""yes"",""ticker"":""KXBTC15M-26APR280545-45"",""trade_id"":""83e894d5-903d-4cb4-23ce-900ef68ccff6"",""yes_price_dollars"":""0.5000""}"
KXBTC15M-26APR280545-45,7f217222-8ed2-4df2-02c3-2f22ccbdc381,1777368633,0.46,40.0,yes,"{""count_fp"":""40.00"",""created_time"":""2026-04-28T09:30:33.591266Z"",""no_price_dollars"":""0.5400"",""taker_side"":""yes"",""ticker"":""KXBTC15M-26APR280545-45"",""trade_id"":""7f217222-8ed2-4df2-02c3-2f22ccbdc381"",""yes_price_dollars"":""0.4600""}"
KXBTC15M-26APR280545-45,7d7b48c5-b562-4f8a-14db-a8552bbb71ed,1777368633,0.5,1.0,yes,"{""count_fp"":""1.00"",""created_time"":""2026-04-28T09:30:33.591266Z"",""no_price_dollars"":""0.5000"",""taker_side"":""yes"",""ticker"":""KXBTC15M-26APR280545-45"",""trade_id"":""7d7b48c5-b562-4f8a-14db-a8552bbb71ed"",""yes_price_dollars"":""0.5000""}"
KXBTC15M-26APR280545-45,7b66eee4-0832-45f1-317a-41447be19c71,1777368633,0.56,40.0,yes,"{""count_fp"":""40.00"",""created_time"":""2026-04-28T09:30:33.591266Z"",""no_price_dollars"":""0.4400"",""taker_side"":""yes"",""ticker"":""KXBTC15M-26APR280545-45"",""trade_id"":""7b66eee4-0832-45f1-317a-41447be19c71"",""yes_price_dollars"":""0.5600""}"
KXBTC15M-26APR280545-45,7a1bd451-8fa8-4a19-177b-cf00bdff8b7b,1777368633,0.47,40.0,yes,"{""count_fp"":""40.00"",""created_time"":""2026-04-28T09:30:33.591266Z"",""no_price_dollars"":""0.5300"",""taker_side"":""yes"",""ticker"":""KXBTC15M-26APR280545-45"",""trade_id"":""7a1bd451-8fa8-4a19-177b-cf00bdff8b7b"",""yes_price_dollars"":""0.4700""}"
KXBTC15M-26APR280545-45,780f1e95-4510-4a79-0551-366143b77fef,1777368633,0.58,40.0,yes,"{""count_fp"":""40.00"",""created_time"":""2026-04-28T09:30:33.591266Z"",""no_price_dollars"":""0.4200"",""taker_side"":""yes"",""ticker"":""KXBTC15M-26APR280545-45"",""trade_id"":""780f1e95-4510-4a79-0551-366143b77fef"",""yes_price_dollars"":""0.5800""}"
KXBTC15M-26APR280545-45,729e24c6-446d-4d13-2c55-e1e534244b5e,1777368633,0.57,1.0,yes,"{""count_fp"":""1.00"",""created_time"":""2026-04-28T09:30:33.591266Z"",""no_price_dollars"":""0.4300"",""taker_side"":""yes"",""ticker"":""KXBTC15M-26APR280545-45"",""trade_id"":""729e24c6-446d-4d13-2c55-e1e534244b5e"",""yes_price_dollars"":""0.5700""}"
KXBTC15M-26APR280545-45,6b5f4e00-72d3-47e9-11ac-d4dcefd92bed,1777368633,0.5,20.0,yes,"{""count_fp"":""20.00"",""created_time"":""2026-04-28T09:30:33.591266Z"",""no_price_dollars"":""0.5000"",""taker_side"":""yes"",""ticker"":""KXBTC15M-26APR280545-45"",""trade_id"":""6b5f4e00-72d3-47e9-11ac-d4dcefd92bed"",""yes_price_dollars"":""0.5000""}"
KXBTC15M-26APR280545-45,6afec5b7-c123-4f9b-3e23-1c589a31ce57,1777368633,0.44,9.0,yes,"{""count_fp"":""9.00"",""created_time"":""2026-04-28T09:30:33.591266Z"",""no_price_dollars"":""0.5600"",""taker_side"":""yes"",""ticker"":""KXBTC15M-26APR280545-45"",""trade_id"":""6afec5b7-c123-4f9b-3e23-1c589a31ce57"",""yes_price_dollars"":""0.4400""}"
KXBTC15M-26APR280545-45,6992009e-7690-4d5e-1c1d-3a39c0ece30d,1777368633,0.44,40.0,yes,"{""count_fp"":""40.00"",""created_time"":""2026-04-28T09:30:33.591266Z"",""no_price_dollars"":""0.5600"",""taker_side"":""yes"",""ticker"":""KXBTC15M-26APR280545-45"",""trade_id"":""6992009e-7690-4d5e-1c1d-3a39c0ece30d"",""yes_price_dollars"":""0.4400""}"
KXBTC15M-26APR280545-45,65f49fc4-c67b-40d1-2709-8ae5c50f3388,1777368633,0.5,1.0,yes,"{""count_fp"":""1.00"",""created_time"":""2026-04-28T09:30:33.591266Z"",""no_price_dollars"":""0.5000"",""taker_side"":""yes"",""ticker"":""KXBTC15M-26APR280545-45"",""trade_id"":""65f49fc4-c67b-40d1-2709-8ae5c50f3388"",""yes_price_dollars"":""0.5000""}"
KXBTC15M-26APR280545-45,5d3a31b4-7029-416f-0dd2-c6186c17f503,1777368633,0.49,1.0,yes,"{""count_fp"":""1.00"",""created_time"":""2026-04-28T09:30:33.591266Z"",""no_price_dollars"":""0.5100"",""taker_side"":""yes"",""ticker"":""KXBTC15M-26APR280545-45"",""trade_id"":""5d3a31b4-7029-416f-0dd2-c6186c17f503"",""yes_price_dollars"":""0.4900""}"
KXBTC15M-26APR280545-45,5852922c-b565-4a3f-3ce0-76b58728cead,1777368633,0.49,40.0,yes,"{""count_fp"":""40.00"",""created_time"":""2026-04-28T09:30:33.591266Z"",""no_price_dollars"":""0.5100"",""taker_side"":""yes"",""ticker"":""KXBTC15M-26APR280545-45"",""trade_id"":""5852922c-b565-4a3f-3ce0-76b58728cead"",""yes_price_dollars"":""0.4900""}"
KXBTC15M-26APR280545-45,4c9f618f-168b-4fd0-09c9-dccc90f511dd,1777368633,0.49,150.0,yes,"{""count_fp"":""150.00"",""created_time"":""2026-04-28T09:30:33.591266Z"",""no_price_dollars"":""0.5100"",""taker_side"":""yes"",""ticker"":""KXBTC15M-26APR280545-45"",""trade_id"":""4c9f618f-168b-4fd0-09c9-dccc90f511dd"",""yes_price_dollars"":""0.4900""}"
KXBTC15M-26APR280545-45,46ee6c93-88f5-4f71-06df-57092935f1b8,1777368633,0.59,119.0,yes,"{""count_fp"":""119.00"",""created_time"":""2026-04-28T09:30:33.591266Z"",""no_price_dollars"":""0.4100"",""taker_side"":""yes"",""ticker"":""KXBTC15M-26APR280545-45"",""trade_id"":""46ee6c93-88f5-4f71-06df-57092935f1b8"",""yes_price_dollars"":""0.5900""}"
KXBTC15M-26APR280545-45,448f5e53-dcdd-46f0-3204-729ea9c37f11,1777368633,0.44,100.0,yes,"{""count_fp"":""100.00"",""created_time"":""2026-04-28T09:30:33.591266Z"",""no_price_dollars"":""0.5600"",""taker_side"":""yes"",""ticker"":""KXBTC15M-26APR280545-45"",""trade_id"":""448f5e53-dcdd-46f0-3204-729ea9c37f11"",""yes_price_dollars"":""0.4400""}"
KXBTC15M-26APR280545-45,3d94edd9-940d-4821-3a66-c1954933e399,1777368633,0.46,1.0,yes,"{""count_fp"":""1.00"",""created_time"":""2026-04-28T09:30:33.591266Z"",""no_price_dollars"":""0.5400"",""taker_side"":""yes"",""ticker"":""KXBTC15M-26APR280545-45"",""trade_id"":""3d94edd9-940d-4821-3a66-c1954933e399"",""yes_price_dollars"":""0.4600""}"
KXBTC15M-26APR280545-45,2e993d18-73e8-4a10-3737-efc8650909f2,1777368633,0.55,200.0,yes,"{""count_fp"":""200.00"",""created_time"":""2026-04-28T09:30:33.591266Z"",""no_price_dollars"":""0.4500"",""taker_side"":""yes"",""ticker"":""KXBTC15M-26APR280545-45"",""trade_id"":""2e993d18-73e8-4a10-3737-efc8650909f2"",""yes_price_dollars"":""0.5500""}"
KXBTC15M-26APR280545-45,295dd01a-f6a9-464c-24e4-8e14b15e6d0f,1777368633,0.58,1.0,yes,"{""count_fp"":""1.00"",""created_time"":""2026-04-28T09:30:33.591266Z"",""no_price_dollars"":""0.4200"",""taker_side"":""yes"",""ticker"":""KXBTC15M-26APR280545-45"",""trade_id"":""295dd01a-f6a9-464c-24e4-8e14b15e6d0f"",""yes_price_dollars"":""0.5800""}"
KXBTC15M-26APR280545-45,22163636-2b9a-4aef-3cdf-5171a8f371aa,1777368633,0.55,40.0,yes,"{""count_fp"":""40.00"",""created_time"":""2026-04-28T09:30:33.591266Z"",""no_price_dollars"":""0.4500"",""taker_side"":""yes"",""ticker"":""KXBTC15M-26APR280545-45"",""trade_id"":""22163636-2b9a-4aef-3cdf-5171a8f371aa"",""yes_price_dollars"":""0.5500""}"
KXBTC15M-26APR280545-45,20949dda-fdcf-4f2c-1d49-99f109702117,1777368633,0.56,1.0,yes,"{""count_fp"":""1.00"",""created_time"":""2026-04-28T09:30:33.591266Z"",""no_price_dollars"":""0.4400"",""taker_side"":""yes"",""ticker"":""KXBTC15M-26APR280545-45"",""trade_id"":""20949dda-fdcf-4f2c-1d49-99f109702117"",""yes_price_dollars"":""0.5600""}"
KXBTC15M-26APR280545-45,171437a9-8475-42e7-19e3-441f830b9155,1777368633,0.53,40.0,yes,"{""count_fp"":""40.00"",""created_time"":""2026-04-28T09:30:33.591266Z"",""no_price_dollars"":""0.4700"",""taker_side"":""yes"",""ticker"":""KXBTC15M-26APR280545-45"",""trade_id"":""171437a9-8475-42e7-19e3-441f830b9155"",""yes_price_dollars"":""0.5300""}"
KXBTC15M-26APR280545-45,14f26bb5-80da-43b1-1ba9-5a5775ef1e5b,1777368633,0.48,39.18,yes,"{""count_fp"":""39.18"",""created_time"":""2026-04-28T09:30:33.591266Z"",""no_price_dollars"":""0.5200"",""taker_side"":""yes"",""ticker"":""KXBTC15M-26APR280545-45"",""trade_id"":""14f26bb5-80da-43b1-1ba9-5a5775ef1e5b"",""yes_price_dollars"":""0.4800""}"
KXBTC15M-26APR280545-45,11c7ddbf-6dda-42c0-0867-5bbd089c8854,1777368633,0.59,5.0,yes,"{""count_fp"":""5.00"",""created_time"":""2026-04-28T09:30:33.591266Z"",""no_price_dollars"":""0.4100"",""taker_side"":""yes"",""ticker"":""KXBTC15M-26APR280545-45"",""trade_id"":""11c7ddbf-6dda-42c0-0867-5bbd089c8854"",""yes_price_dollars"":""0.5900""}"
KXBTC15M-26APR280545-45,068747ef-7709-4274-3c23-5bb440f68970,1777368633,0.44,418.98,yes,"{""count_fp"":""418.98"",""created_time"":""2026-04-28T09:30:33.591266Z"",""no_price_dollars"":""0.5600"",""taker_side"":""yes"",""ticker"":""KXBTC15M-26APR280545-45"",""trade_id"":""068747ef-7709-4274-3c23-5bb440f68970"",""yes_price_dollars"":""0.4400""}"
KXBTC15M-26APR280545-45,04889ea1-93ca-44fc-33f8-533875922c8e,1777368633,0.48,20.0,yes,"{""count_fp"":""20.00"",""created_time"":""2026-04-28T09:30:33.591266Z"",""no_price_dollars"":""0.5200"",""taker_side"":""yes"",""ticker"":""KXBTC15M-26APR280545-45"",""trade_id"":""04889ea1-93ca-44fc-33f8-533875922c8e"",""yes_price_dollars"":""0.4800""}"
KXBTC15M-26APR280545-45,04151eab-fd1e-44f5-2648-68e7b78d5f52,1777368633,0.5,70.0,yes,"{""count_fp"":""70.00"",""created_time"":""2026-04-28T09:30:33.591266Z"",""no_price_dollars"":""0.5000"",""taker_side"":""yes"",""ticker"":""KXBTC15M-26APR280545-45"",""trade_id"":""04151eab-fd1e-44f5-2648-68e7b78d5f52"",""yes_price_dollars"":""0.5000""}"
KXBTC15M-26APR280545-45,f72c8f9c-4d11-4cec-79e6-287a75cc746a,1777368634,0.47,1.0,no,"{""count_fp"":""1.00"",""created_time"":""2026-04-28T09:30:34.627236Z"",""no_price_dollars"":""0.5300"",""taker_side"":""no"",""ticker"":""KXBTC15M-26APR280545-45"",""trade_id"":""f72c8f9c-4d11-4cec-79e6-287a75cc746a"",""yes_price_dollars"":""0.4700""}"
KXBTC15M-26APR280545-45,71260dfc-0029-71b8-02ed-684a47e4502e,1777368634,0.47,2.28,no,"{""count_fp"":""2.28"",""created_time"":""2026-04-28T09:30:34.579785Z"",""no_price_dollars"":""0.5300"",""taker_side"":""no"",""ticker"":""KXBTC15M-26APR280545-45"",""trade_id"":""71260dfc-0029-71b8-02ed-684a47e4502e"",""yes_price_dollars"":""0.4700""}"
KXBTC15M-26APR280545-45,7d3d44db-d1d8-47de-503a-937e04a6b744,1777368635,0.47,2.0,yes,"{""count_fp"":""2.00"",""created_time"":""2026-04-28T09:30:35.862511Z"",""no_price_dollars"":""0.5300"",""taker_side"":""yes"",""ticker"":""KXBTC15M-26APR280545-45"",""trade_id"":""7d3d44db-d1d8-47de-503a-937e04a6b744"",""yes_price_dollars"":""0.4700""}"
KXBTC15M-26APR280545-45,1ec7ba23-2a34-4c6e-76e8-a068767a44b9,1777368635,0.47,3.0,yes,"{""count_fp"":""3.00"",""created_time"":""2026-04-28T09:30:35.862511Z"",""no_price_dollars"":""0.5300"",""taker_side"":""yes"",""ticker"":""KXBTC15M-26APR280545-45"",""trade_id"":""1ec7ba23-2a34-4c6e-76e8-a068767a44b9"",""yes_price_dollars"":""0.4700""}"
KXBTC15M-26APR280545-45,94855444-1516-70d3-3ef7-7975f557199a,1777368635,0.46,1.73,no,"{""count_fp"":""1.73"",""created_time"":""2026-04-28T09:30:35.607589Z"",""no_price_dollars"":""0.5400"",""taker_side"":""no"",""ticker"":""KXBTC15M-26APR280545-45"",""trade_id"":""94855444-1516-70d3-3ef7-7975f557199a"",""yes_price_dollars"":""0.4600""}"
KXBTC15M-26APR280545-45,13098770-5cbe-7767-170e-3d5b2fb2e2fe,1777368635,0.46,1.0,no,"{""count_fp"":""1.00"",""created_time"":""2026-04-28T09:30:35.081715Z"",""no_price_dollars"":""0.5400"",""taker_side"":""no"",""ticker"":""KXBTC15M-26APR280545-45"",""trade_id"":""13098770-5cbe-7767-170e-3d5b2fb2e2fe"",""yes_price_dollars"":""0.4600""}"
KXBTC15M-26APR280545-45,e8e37040-3c3d-6c70-d87c-ded25156ef26,1777368635,0.47,34.72,no,"{""count_fp"":""34.72"",""created_time"":""2026-04-28T09:30:35.032132Z"",""no_price_dollars"":""0.5300"",""taker_side"":""no"",""ticker"":""KXBTC15M-26APR280545-45"",""trade_id"":""e8e37040-3c3d-6c70-d87c-ded25156ef26"",""yes_price_dollars"":""0.4700""}"
KXBTC15M-26APR280545-45,e7946a14-ca5f-6924-e099-46dd1c997a30,1777368635,0.47,10.0,no,"{""count_fp"":""10.00"",""created_time"":""2026-04-28T09:30:35.032132Z"",""no_price_dollars"":""0.5300"",""taker_side"":""no"",""ticker"":""KXBTC15M-26APR280545-45"",""trade_id"":""e7946a14-ca5f-6924-e099-46dd1c997a30"",""yes_price_dollars"":""0.4700""}"
KXBTC15M-26APR280545-45,a83b9dc5-f542-676f-c550-1525bd9215a6,1777368635,0.46,33.28,no,"{""count_fp"":""33.28"",""created_time"":""2026-04-28T09:30:35.032132Z"",""no_price_dollars"":""0.5400"",""taker_side"":""no"",""ticker"":""KXBTC15M-26APR280545-45"",""trade_id"":""a83b9dc5-f542-676f-c550-1525bd9215a6"",""yes_price_dollars"":""0.4600""}"
KXBTC15M-26APR280545-45,3644696c-3679-55fd-16b1-e3f10f198d14,1777368636,0.46,10.0,yes,"{""count_fp"":""10.00"",""created_time"":""2026-04-28T09:30:36.528862Z"",""no_price_dollars"":""0.5400"",""taker_side"":""yes"",""ticker"":""KXBTC15M-26APR280545-45"",""trade_id"":""3644696c-3679-55fd-16b1-e3f10f198d14"",""yes_price_dollars"":""0.4600""}"
KXBTC15M-26APR280545-45,90a124af-4335-51dd-f450-b681fa02e170,1777368636,0.46,17.51,yes,"{""count_fp"":""17.51"",""created_time"":""2026-04-28T09:30:36.388003Z"",""no_price_dollars"":""0.5400"",""taker_side"":""yes"",""ticker"":""KXBTC15M-26APR280545-45"",""trade_id"":""90a124af-4335-51dd-f450-b681fa02e170"",""yes_price_dollars"":""0.4600""}"
KXBTC15M-26APR280545-45,1e53dbd3-884a-5317-ddf6-17947d84693d,1777368636,0.46,3.0,yes,"{""count_fp"":""3.00"",""created_time"":""2026-04-28T09:30:36.388003Z"",""no_price_dollars"":""0.5400"",""taker_side"":""yes"",""ticker"":""KXBTC15M-26APR280545-45"",""trade_id"":""1e53dbd3-884a-5317-ddf6-17947d84693d"",""yes_price_dollars"":""0.4600""}"
KXBTC15M-26APR280545-45,37d81033-52a3-79c2-bf24-1551731703e2,1777368636,0.45,0.25,no,"{""count_fp"":""0.25"",""created_time"":""2026-04-28T09:30:36.349657Z"",""no_price_dollars"":""0.5500"",""taker_side"":""no"",""ticker"":""KXBTC15M-26APR280545-45"",""trade_id"":""37d81033-52a3-79c2-bf24-1551731703e2"",""yes_price_dollars"":""0.4500""}"
KXBTC15M-26APR280545-45,24e27071-4ec3-44b6-0544-9d670873f926,1777368636,0.45,1.0,no,"{""count_fp"":""1.00"",""created_time"":""2026-04-28T09:30:36.229741Z"",""no_price_dollars"":""0.5500"",""taker_side"":""no"",""ticker"":""KXBTC15M-26APR280545-45"",""trade_id"":""24e27071-4ec3-44b6-0544-9d670873f926"",""yes_price_dollars"":""0.4500""}"
KXBTC15M-26APR280545-45,60abb218-bb58-555d-f67e-99bfc58621a4,1777368637,0.45,0.75,no,"{""count_fp"":""0.75"",""created_time"":""2026-04-28T09:30:37.236199Z"",""no_price_dollars"":""0.5500"",""taker_side"":""no"",""ticker"":""KXBTC15M-26APR280545-45"",""trade_id"":""60abb218-bb58-555d-f67e-99bfc58621a4"",""yes_price_dollars"":""0.4500""}"
KXBTC15M-26APR280545-45,e7f6113d-56d4-7188-e7ba-5dde396fb63a,1777368637,0.45,40.0,no,"{""count_fp"":""40.00"",""created_time"":""2026-04-28T09:30:37.221057Z"",""no_price_dollars"":""0.5500"",""taker_side"":""no"",""ticker"":""KXBTC15M-26APR280545-45"",""trade_id"":""e7f6113d-56d4-7188-e7ba-5dde396fb63a"",""yes_price_dollars"":""0.4500""}"
KXBTC15M-26APR280545-45,e4472105-2a8f-7eea-d95a-3ccd32799986,1777368637,0.45,0.75,no,"{""count_fp"":""0.75"",""created_time"":""2026-04-28T09:30:37.221057Z"",""no_price_dollars"":""0.5500"",""taker_side"":""no"",""ticker"":""KXBTC15M-26APR280545-45"",""trade_id"":""e4472105-2a8f-7eea-d95a-3ccd32799986"",""yes_price_dollars"":""0.4500""}"
KXBTC15M-26APR280545-45,864bd1de-4668-762d-da06-784d7adc6364,1777368637,0.45,9.25,no,"{""count_fp"":""9.25"",""created_time"":""2026-04-28T09:30:37.221057Z"",""no_price_dollars"":""0.5500"",""taker_side"":""no"",""ticker"":""KXBTC15M-26APR280545-45"",""trade_id"":""864bd1de-4668-762d-da06-784d7adc6364"",""yes_price_dollars"":""0.4500""}"
KXBTC15M-26APR280545-45,6183eea8-2846-6bca-c4a2-3f9705cd2d44,1777368638,0.44,0.2,yes,"{""count_fp"":""0.20"",""created_time"":""2026-04-28T09:30:38.993506Z"",""no_price_dollars"":""0.5600"",""taker_side"":""yes"",""ticker"":""KXBTC15M-26APR280545-45"",""trade_id"":""6183eea8-2846-6bca-c4a2-3f9705cd2d44"",""yes_price_dollars"":""0.4400""}"
KXBTC15M-26APR280545-45,f1c6dda9-2686-682a-45e3-df7bf12ffc70,1777368638,0.44,5.12,yes,"{""count_fp"":""5.12"",""created_time"":""2026-04-28T09:30:38.603121Z"",""no_price_dollars"":""0.5600"",""taker_side"":""yes"",""ticker"":""KXBTC15M-26APR280545-45"",""trade_id"":""f1c6dda9-2686-682a-45e3-df7bf12ffc70"",""yes_price_dollars"":""0.4400""}"
KXBTC15M-26APR280545-45,f45cfe16-beb4-4c50-69ac-22bda5e9c9a7,1777368638,0.43,0.69,no,"{""count_fp"":""0.69"",""created_time"":""2026-04-28T09:30:38.005832Z"",""no_price_dollars"":""0.5700"",""taker_side"":""no"",""ticker"":""KXBTC15M-26APR280545-45"",""trade_id"":""f45cfe16-beb4-4c50-69ac-22bda5e9c9a7"",""yes_price_dollars"":""0.4300""}"
KXBTC15M-26APR280545-45,773850bc-4eda-4b96-739b-f9e90ef747de,1777368638,0.43,0.31,no,"{""count_fp"":""0.31"",""created_time"":""2026-04-28T09:30:38.005832Z"",""no_price_dollars"":""0.5700"",""taker_side"":""no"",""ticker"":""KXBTC15M-26APR280545-45"",""trade_id"":""773850bc-4eda-4b96-739b-f9e90ef747de"",""yes_price_dollars"":""0.4300""}"
KXBTC15M-26APR280545-45,edb22fbe-1714-6dce-6fb2-588e732638c7,1777368640,0.43,10.0,no,"{""count_fp"":""10.00"",""created_time"":""2026-04-28T09:30:40.703139Z"",""no_price_dollars"":""0.5700"",""taker_side"":""no"",""ticker"":""KXBTC15M-26APR280545-45"",""trade_id"":""edb22fbe-1714-6dce-6fb2-588e732638c7"",""yes_price_dollars"":""0.4300""}"
KXBTC15M-26APR280545-45,de39a25c-9660-65e0-6021-0d4f23e0fa5f,1777368640,0.43,39.31,no,"{""count_fp"":""39.31"",""created_time"":""2026-04-28T09:30:40.703139Z"",""no_price_dollars"":""0.5700"",""taker_side"":""no"",""ticker"":""KXBTC15M-26APR280545-45"",""trade_id"":""de39a25c-9660-65e0-6021-0d4f23e0fa5f"",""yes_price_dollars"":""0.4300""}"
KXBTC15M-26APR280545-45,d673f4db-679f-631a-6014-7853d664d109,1777368640,0.43,1.0,no,"{""count_fp"":""1.00"",""created_time"":""2026-04-28T09:30:40.703139Z"",""no_price_dollars"":""0.5700"",""taker_side"":""no"",""ticker"":""KXBTC15M-26APR280545-45"",""trade_id"":""d673f4db-679f-631a-6014-7853d664d109"",""yes_price_dollars"":""0.4300""}"
KXBTC15M-26APR280545-45,af9980a1-25b1-6cec-776a-93c5864a9d4d,1777368640,0.42,40.0,no,"{""count_fp"":""40.00"",""created_time"":""2026-04-28T09:30:40.703139Z"",""no_price_dollars"":""0.5800"",""taker_side"":""no"",""ticker"":""KXBTC15M-26APR280545-45"",""trade_id"":""af9980a1-25b1-6cec-776a-93c5864a9d4d"",""yes_price_dollars"":""0.4200""}"
KXBTC15M-26APR280545-45,ae859c67-bda4-637b-5ba6-d5df86b753e6,1777368640,0.43,1.0,no,"{""count_fp"":""1.00"",""created_time"":""2026-04-28T09:30:40.703139Z"",""no_price_dollars"":""0.5700"",""taker_side"":""no"",""ticker"":""KXBTC15M-26APR280545-45"",""trade_id"":""ae859c67-bda4-637b-5ba6-d5df86b753e6"",""yes_price_dollars"":""0.4300""}"
KXBTC15M-26APR280545-45,7df04b86-45f0-60e0-4f6b-7eecb0541978,1777368640,0.42,25.0,no,"{""count_fp"":""25.00"",""created_time"":""2026-04-28T09:30:40.703139Z"",""no_price_dollars"":""0.5800"",""taker_side"":""no"",""ticker"":""KXBTC15M-26APR280545-45"",""trade_id"":""7df04b86-45f0-60e0-4f6b-7eecb0541978"",""yes_price_dollars"":""0.4200""}"
KXBTC15M-26APR280545-45,72a9dce1-7156-6fce-6673-e90b2f5bfd71,1777368640,0.42,20.0,no,"{""count_fp"":""20.00"",""created_time"":""2026-04-28T09:30:40.703139Z"",""no_price_dollars"":""0.5800"",""taker_side"":""no"",""ticker"":""KXBTC15M-26APR280545-45"",""trade_id"":""72a9dce1-7156-6fce-6673-e90b2f5bfd71"",""yes_price_dollars"":""0.4200""}"
KXBTC15M-26APR280545-45,705ad793-b501-6284-4363-9b241a9a67ca,1777368640,0.42,1.0,no,"{""count_fp"":""1.00"",""created_time"":""2026-04-28T09:30:40.703139Z"",""no_price_dollars"":""0.5800"",""taker_side"":""no"",""ticker"":""KXBTC15M-26APR280545-45"",""trade_id"":""705ad793-b501-6284-4363-9b241a9a67ca"",""yes_price_dollars"":""0.4200""}"
KXBTC15M-26APR280545-45,1f31b656-7901-639e-6166-09492cc48a22,1777368640,0.41,27.56,no,"{""count_fp"":""27.56"",""created_time"":""2026-04-28T09:30:40.703139Z"",""no_price_dollars"":""0.5900"",""taker_side"":""no"",""ticker"":""KXBTC15M-26APR280545-45"",""trade_id"":""1f31b656-7901-639e-6166-09492cc48a22"",""yes_price_dollars"":""0.4100""}"
KXBTC15M-26APR280545-45,0d9be29a-08da-64ed-6fc0-1532e0137b31,1777368640,0.42,3.0,no,"{""count_fp"":""3.00"",""created_time"":""2026-04-28T09:30:40.703139Z"",""no_price_dollars"":""0.5800"",""taker_side"":""no"",""ticker"":""KXBTC15M-26APR280545-45"",""trade_id"":""0d9be29a-08da-64ed-6fc0-1532e0137b31"",""yes_price_dollars"":""0.4200""}"
KXBTC15M-26APR280545-45,8dcb126d-cb3f-799f-a951-8502245e6e6e,1777368641,0.43,109.34,yes,"{""count_fp"":""109.34"",""created_time"":""2026-04-28T09:30:41.341443Z"",""no_price_dollars"":""0.5700"",""taker_side"":""yes"",""ticker"":""KXBTC15M-26APR280545-45"",""trade_id"":""8dcb126d-cb3f-799f-a951-8502245e6e6e"",""yes_price_dollars"":""0.4300""}"
KXBTC15M-26APR280545-45,c6978a81-96e2-5706-a3be-44e90337b050,1777368641,0.42,16.34,no,"{""count_fp"":""16.34"",""created_time"":""2026-04-28T09:30:41.166471Z"",""no_price_dollars"":""0.5800"",""taker_side"":""no"",""ticker"":""KXBTC15M-26APR280545-45"",""trade_id"":""c6978a81-96e2-5706-a3be-44e90337b050"",""yes_price_dollars"":""0.4200""}"
KXBTC15M-26APR280545-45,711ebd85-c70f-610f-5178-1105e4e4ce0e,1777368642,0.43,4.37,yes,"{""count_fp"":""4.37"",""created_time"":""2026-04-28T09:30:42.061932Z"",""no_price_dollars"":""0.5700"",""taker_side"":""yes"",""ticker"":""KXBTC15M-26APR280545-45"",""trade_id"":""711ebd85-c70f-610f-5178-1105e4e4ce0e"",""yes_price_dollars"":""0.4300""}"
KXBTC15M-26APR280545-45,67c76ebc-f18e-7fda-8b7c-f192caab13a8,1777368643,0.42,1.0,no,"{""count_fp"":""1.00"",""created_time"":""2026-04-28T09:30:43.677438Z"",""no_price_dollars"":""0.5800"",""taker_side"":""no"",""ticker"":""KXBTC15M-26APR280545-45"",""trade_id"":""67c76ebc-f18e-7fda-8b7c-f192caab13a8"",""yes_price_dollars"":""0.4200""}"
KXBTC15M-26APR280545-45,7550e2a0-549b-773f-dbee-768131305c2e,1777368643,0.43,20.0,yes,"{""count_fp"":""20.00"",""created_time"":""2026-04-28T09:30:43.185729Z"",""no_price_dollars"":""0.5700"",""taker_side"":""yes"",""ticker"":""KXBTC15M-26APR280545-45"",""trade_id"":""7550e2a0-549b-773f-dbee-768131305c2e"",""yes_price_dollars"":""0.4300""}"
KXBTC15M-26APR280545-45,0cb15a76-6617-7f23-e9d5-55ebf1c4f0a6,1777368644,0.43,67.09,yes,"{""count_fp"":""67.09"",""created_time"":""2026-04-28T09:30:44.701696Z"",""no_price_dollars"":""0.5700"",""taker_side"":""yes"",""ticker"":""KXBTC15M-26APR280545-45"",""trade_id"":""0cb15a76-6617-7f23-e9d5-55ebf1c4f0a6"",""yes_price_dollars"":""0.4300""}"
KXBTC15M-26APR280545-45,1258b09a-514e-52f2-c930-ad01fc1a4964,1777368644,0.42,3.08,no,"{""count_fp"":""3.08"",""created_time"":""2026-04-28T09:30:44.062943Z"",""no_price_dollars"":""0.5800"",""taker_side"":""no"",""ticker"":""KXBTC15M-26APR280545-45"",""trade_id"":""1258b09a-514e-52f2-c930-ad01fc1a4964"",""yes_price_dollars"":""0.4200""}"
KXBTC15M-26APR280545-45,a5cb85a1-15f3-7587-2c20-d9d5966224ca,1777368645,0.43,2.23,yes,"{""count_fp"":""2.23"",""created_time"":""2026-04-28T09:30:45.448369Z"",""no_price_dollars"":""0.5700"",""taker_side"":""yes"",""ticker"":""KXBTC15M-26APR280545-45"",""trade_id"":""a5cb85a1-15f3-7587-2c20-d9d5966224ca"",""yes_price_dollars"":""0.4300""}"
KXBTC15M-26APR280545-45,ef1e6945-0d5a-7b23-ccfd-33cecb1486d1,1777368646,0.42,6.62,no,"{""count_fp"":""6.62"",""created_time"":""2026-04-28T09:30:46.612496Z"",""no_price_dollars"":""0.5800"",""taker_side"":""no"",""ticker"":""KXBTC15M-26APR280545-45"",""trade_id"":""ef1e6945-0d5a-7b23-ccfd-33cecb1486d1"",""yes_price_dollars"":""0.4200""}"
KXBTC15M-26APR280545-45,e737d02c-c1cb-79ff-f5e6-e47c4ed1c6a4,1777368646,0.42,10.0,no,"{""count_fp"":""10.00"",""created_time"":""2026-04-28T09:30:46.612496Z"",""no_price_dollars"":""0.5800"",""taker_side"":""no"",""ticker"":""KXBTC15M-26APR280545-45"",""trade_id"":""e737d02c-c1cb-79ff-f5e6-e47c4ed1c6a4"",""yes_price_dollars"":""0.4200""}"
KXBTC15M-26APR280545-45,e78901f5-4533-447f-b245-2b393ddf6a4a,1777368647,0.43,22.36,yes,"{""count_fp"":""22.36"",""created_time"":""2026-04-28T09:30:47.511109Z"",""no_price_dollars"":""0.5700"",""taker_side"":""yes"",""ticker"":""KXBTC15M-26APR280545-45"",""trade_id"":""e78901f5-4533-447f-b245-2b393ddf6a4a"",""yes_price_dollars"":""0.4300""}"
KXBTC15M-26APR280545-45,f2373681-4012-7c87-121e-6137685f6e45,1777368647,0.42,3.34,no,"{""count_fp"":""3.34"",""created_time"":""2026-04-28T09:30:47.235657Z"",""no_price_dollars"":""0.5800"",""taker_side"":""no"",""ticker"":""KXBTC15M-26APR280545-45"",""trade_id"":""f2373681-4012-7c87-121e-6137685f6e45"",""yes_price_dollars"":""0.4200""}"
KXBTC15M-26APR280545-45,cbb68a25-2cc3-661f-e882-8eb71488bdba,1777368648,0.43,5.0,yes,"{""count_fp"":""5.00"",""created_time"":""2026-04-28T09:30:48.806748Z"",""no_price_dollars"":""0.5700"",""taker_side"":""yes"",""ticker"":""KXBTC15M-26APR280545-45"",""trade_id"":""cbb68a25-2cc3-661f-e882-8eb71488bdba"",""yes_price_dollars"":""0.4300""}"
KXBTC15M-26APR280545-45,e15900b2-890b-589e-1bd0-047c7715d355,1777368650,0.41,8.23,no,"{""count_fp"":""8.23"",""created_time"":""2026-04-28T09:30:50.984303Z"",""no_price_dollars"":""0.5900"",""taker_side"":""no"",""ticker"":""KXBTC15M-26APR280545-45"",""trade_id"":""e15900b2-890b-589e-1bd0-047c7715d355"",""yes_price_dollars"":""0.4100""}"
KXBTC15M-26APR280545-45,acdc8357-9c96-5057-05d1-d5548d2f0948,1777368650,0.41,10.0,no,"{""count_fp"":""10.00"",""created_time"":""2026-04-28T09:30:50.984303Z"",""no_price_dollars"":""0.5900"",""taker_side"":""no"",""ticker"":""KXBTC15M-26APR280545-45"",""trade_id"":""acdc8357-9c96-5057-05d1-d5548d2f0948"",""yes_price_dollars"":""0.4100""}"
KXBTC15M-26APR280545-45,452e04b3-7792-5cb8-1c2a-95a24adc6d14,1777368650,0.41,30.82,no,"{""count_fp"":""30.82"",""created_time"":""2026-04-28T09:30:50.984303Z"",""no_price_dollars"":""0.5900"",""taker_side"":""no"",""ticker"":""KXBTC15M-26APR280545-45"",""trade_id"":""452e04b3-7792-5cb8-1c2a-95a24adc6d14"",""yes_price_dollars"":""0.4100""}"
KXBTC15M-26APR280545-45,745d86d4-d2cb-704c-9842-06c5dabbcad4,1777368650,0.41,17.68,no,"{""count_fp"":""17.68"",""created_time"":""2026-04-28T09:30:50.326477Z"",""no_price_dollars"":""0.5900"",""taker_side"":""no"",""ticker"":""KXBTC15M-26APR280545-45"",""trade_id"":""745d86d4-d2cb-704c-9842-06c5dabbcad4"",""yes_price_dollars"":""0.4100""}"
KXBTC15M-26APR280545-45,6cea1a9f-3ccf-659f-b09d-e44ef0260492,1777368651,0.42,6.86,yes,"{""count_fp"":""6.86"",""created_time"":""2026-04-28T09:30:51.369089Z"",""no_price_dollars"":""0.5800"",""taker_side"":""yes"",""ticker"":""KXBTC15M-26APR280545-45"",""trade_id"":""6cea1a9f-3ccf-659f-b09d-e44ef0260492"",""yes_price_dollars"":""0.4200""}"
KXBTC15M-26APR280545-45,1f917c28-f727-7a9f-0b85-e3f8ca0fde9e,1777368653,0.42,57.2,yes,"{""count_fp"":""57.20"",""created_time"":""2026-04-28T09:30:53.139478Z"",""no_price_dollars"":""0.5800"",""taker_side"":""yes"",""ticker"":""KXBTC15M-26APR280545-45"",""trade_id"":""1f917c28-f727-7a9f-0b85-e3f8ca0fde9e"",""yes_price_dollars"":""0.4200""}"
KXBTC15M-26APR280545-45,5a880271-dd0d-4410-ba62-a644f0ab2714,1777368654,0.42,8.23,yes,"{""count_fp"":""8.23"",""created_time"":""2026-04-28T09:30:54.496195Z"",""no_price_dollars"":""0.5800"",""taker_side"":""yes"",""ticker"":""KXBTC15M-26APR280545-45"",""trade_id"":""5a880271-dd0d-4410-ba62-a644f0ab2714"",""yes_price_dollars"":""0.4200""}"
KXBTC15M-26APR280545-45,7386c226-8abd-4498-99ab-e9812f922318,1777368654,0.42,40.0,yes,"{""count_fp"":""40.00"",""created_time"":""2026-04-28T09:30:54.310377Z"",""no_price_dollars"":""0.5800"",""taker_side"":""yes"",""ticker"":""KXBTC15M-26APR280545-45"",""trade_id"":""7386c226-8abd-4498-99ab-e9812f922318"",""yes_price_dollars"":""0.4200""}"
KXBTC15M-26APR280545-45,8a8881ac-2cc5-5c00-c7c0-8f345bf1ddb4,1777368655,0.42,11.44,yes,"{""count_fp"":""11.44"",""created_time"":""2026-04-28T09:30:55.943578Z"",""no_price_dollars"":""0.5800"",""taker_side"":""yes"",""ticker"":""KXBTC15M-26APR280545-45"",""trade_id"":""8a8881ac-2cc5-5c00-c7c0-8f345bf1ddb4"",""yes_price_dollars"":""0.4200""}"
KXBTC15M-26APR280545-45,0c94454e-b829-59f8-94a6-ea5ecd738f2c,1777368655,0.42,11.44,yes,"{""count_fp"":""11.44"",""created_time"":""2026-04-28T09:30:55.760341Z"",""no_price_dollars"":""0.5800"",""taker_side"":""yes"",""ticker"":""KXBTC15M-26APR280545-45"",""trade_id"":""0c94454e-b829-59f8-94a6-ea5ecd738f2c"",""yes_price_dollars"":""0.4200""}"
KXBTC15M-26APR280545-45,d8d67c2f-5250-44be-2f1f-cede10168e7c,1777368655,0.41,9.29,no,"{""count_fp"":""9.29"",""created_time"":""2026-04-28T09:30:55.439127Z"",""no_price_dollars"":""0.5900"",""taker_side"":""no"",""ticker"":""KXBTC15M-26APR280545-45"",""trade_id"":""d8d67c2f-5250-44be-2f1f-cede10168e7c"",""yes_price_dollars"":""0.4100""}"
KXBTC15M-26APR280545-45,3f990518-e714-4de8-2ccf-ebb49b634c63,1777368655,0.41,7.18,no,"{""count_fp"":""7.18"",""created_time"":""2026-04-28T09:30:55.439127Z"",""no_price_dollars"":""0.5900"",""taker_side"":""no"",""ticker"":""KXBTC15M-26APR280545-45"",""trade_id"":""3f990518-e714-4de8-2ccf-ebb49b634c63"",""yes_price_dollars"":""0.4100""}"
KXBTC15M-26APR280545-45,e8efe2fc-cea8-5874-1738-c2c64448314f,1777368655,0.41,1.05,no,"{""count_fp"":""1.05"",""created_time"":""2026-04-28T09:30:55.350568Z"",""no_price_dollars"":""0.5900"",""taker_side"":""no"",""ticker"":""KXBTC15M-26APR280545-45"",""trade_id"":""e8efe2fc-cea8-5874-1738-c2c64448314f"",""yes_price_dollars"":""0.4100""}"
KXBTC15M-26APR280545-45,e2d1b185-9d00-56c6-14db-7c773a9726f7,1777368655,0.41,3.0,no,"{""count_fp"":""3.00"",""created_time"":""2026-04-28T09:30:55.350568Z"",""no_price_dollars"":""0.5900"",""taker_side"":""no"",""ticker"":""KXBTC15M-26APR280545-45"",""trade_id"":""e2d1b185-9d00-56c6-14db-7c773a9726f7"",""yes_price_dollars"":""0.4100""}"
KXBTC15M-26APR280545-45,418f50f4-221e-5444-1f86-679bb43abafc,1777368655,0.41,4.18,no,"{""count_fp"":""4.18"",""created_time"":""2026-04-28T09:30:55.350568Z"",""no_price_dollars"":""0.5900"",""taker_side"":""no"",""ticker"":""KXBTC15M-26APR280545-45"",""trade_id"":""418f50f4-221e-5444-1f86-679bb43abafc"",""yes_price_dollars"":""0.4100""}"
KXBTC15M-26APR280545-45,6ab78c9c-dd0d-54f8-fd8f-00ae3e9bf538,1777368657,0.42,2.28,yes,"{""count_fp"":""2.28"",""created_time"":""2026-04-28T09:30:57.128224Z"",""no_price_dollars"":""0.5800"",""taker_side"":""yes"",""ticker"":""KXBTC15M-26APR280545-45"",""trade_id"":""6ab78c9c-dd0d-54f8-fd8f-00ae3e9bf538"",""yes_price_dollars"":""0.4200""}"
KXBTC15M-26APR280545-45,48fc716d-8544-4be2-5c36-c1dd29b078ac,1777368658,0.41,29.65,no,"{""count_fp"":""29.65"",""created_time"":""2026-04-28T09:30:58.739597Z"",""no_price_dollars"":""0.5900"",""taker_side"":""no"",""ticker"":""KXBTC15M-26APR280545-45"",""trade_id"":""48fc716d-8544-4be2-5c36-c1dd29b078ac"",""yes_price_dollars"":""0.4100""}"
KXBTC15M-26APR280545-45,54ae5fa7-ce7c-5516-54a3-97d8ddc140e8,1777368658,0.41,4.94,no,"{""count_fp"":""4.94"",""created_time"":""2026-04-28T09:30:58.126432Z"",""no_price_dollars"":""0.5900"",""taker_side"":""no"",""ticker"":""KXBTC15M-26APR280545-45"",""trade_id"":""54ae5fa7-ce7c-5516-54a3-97d8ddc140e8"",""yes_price_dollars"":""0.4100""}"
KXBTC15M-26APR280545-45,3d0d5c2f-30d5-44e8-707a-ec48f6cd763c,1777368659,0.42,10.0,yes,"{""count_fp"":""10.00"",""created_time"":""2026-04-28T09:30:59.942707Z"",""no_price_dollars"":""0.5800"",""taker_side"":""yes"",""ticker"":""KXBTC15M-26APR280545-45"",""trade_id"":""3d0d5c2f-30d5-44e8-707a-ec48f6cd763c"",""yes_price_dollars"":""0.4200""}"
KXBTC15M-26APR280545-45,37dc6fdd-a9f8-5d32-5a45-191648d0f510,1777368659,0.41,16.47,no,"{""count_fp"":""16.47"",""created_time"":""2026-04-28T09:30:59.237533Z"",""no_price_dollars"":""0.5900"",""taker_side"":""no"",""ticker"":""KXBTC15M-26APR280545-45"",""trade_id"":""37dc6fdd-a9f8-5d32-5a45-191648d0f510"",""yes_price_dollars"":""0.4100""}"
KXBTC15M-26APR280545-45,977e8fb2-a234-58b4-c86d-9dfa988df705,1777368660,0.41,2.29,no,"{""count_fp"":""2.29"",""created_time"":""2026-04-28T09:31:00.587473Z"",""no_price_dollars"":""0.5900"",""taker_side"":""no"",""ticker"":""KXBTC15M-26APR280545-45"",""trade_id"":""977e8fb2-a234-58b4-c86d-9dfa988df705"",""yes_price_dollars"":""0.4100""}"
KXBTC15M-26APR280545-45,57509d37-59f0-5268-19f0-5441dfe244f5,1777368660,0.41,16.0,no,"{""count_fp"":""16.00"",""created_time"":""2026-04-28T09:31:00.493063Z"",""no_price_dollars"":""0.5900"",""taker_side"":""no"",""ticker"":""KXBTC15M-26APR280545-45"",""trade_id"":""57509d37-59f0-5268-19f0-5441dfe244f5"",""yes_price_dollars"":""0.4100""}"
KXBTC15M-26APR280545-45,c0e5387d-cd49-6f04-2f34-2083c71f2788,1777368662,0.42,27.45,yes,"{""count_fp"":""27.45"",""created_time"":""2026-04-28T09:31:02.943141Z"",""no_price_dollars"":""0.5800"",""taker_side"":""yes"",""ticker"":""KXBTC15M-26APR280545-45"",""trade_id"":""c0e5387d-cd49-6f04-2f34-2083c71f2788"",""yes_price_dollars"":""0.4200""}"
KXBTC15M-26APR280545-45,ec9124cc-aadb-7713-90e2-1e9017d49bea,1777368664,0.42,56.2,yes,"{""count_fp"":""56.20"",""created_time"":""2026-04-28T09:31:04.029475Z"",""no_price_dollars"":""0.5800"",""taker_side"":""yes"",""ticker"":""KXBTC15M-26APR280545-45"",""trade_id"":""ec9124cc-aadb-7713-90e2-1e9017d49bea"",""yes_price_dollars"":""0.4200""}"
KXBTC15M-26APR280545-45,68a2bd27-af92-72e9-895a-234ea3397855,1777368664,0.42,1.0,yes,"{""count_fp"":""1.00"",""created_time"":""2026-04-28T09:31:04.029475Z"",""no_price_dollars"":""0.5800"",""taker_side"":""yes"",""ticker"":""KXBTC15M-26APR280545-45"",""trade_id"":""68a2bd27-af92-72e9-895a-234ea3397855"",""yes_price_dollars"":""0.4200""}"
KXBTC15M-26APR280545-45,ff7f203b-2333-5def-c171-b7fad3cdbece,1777368665,0.42,2.28,yes,"{""count_fp"":""2.28"",""created_time"":""2026-04-28T09:31:05.779343Z"",""no_price_dollars"":""0.5800"",""taker_side"":""yes"",""ticker"":""KXBTC15M-26APR280545-45"",""trade_id"":""ff7f203b-2333-5def-c171-b7fad3cdbece"",""yes_price_dollars"":""0.4200""}"
KXBTC15M-26APR280545-45,7e60f7e7-7244-60ac-2a83-20cf534114a9,1777368667,0.41,1.0,no,"{""count_fp"":""1.00"",""created_time"":""2026-04-28T09:31:07.095846Z"",""no_price_dollars"":""0.5900"",""taker_side"":""no"",""ticker"":""KXBTC15M-26APR280545-45"",""trade_id"":""7e60f7e7-7244-60ac-2a83-20cf534114a9"",""yes_price_dollars"":""0.4100""}"
KXBTC15M-26APR280545-45,544e98bd-bf40-6660-5d46-518a0143d13d,1777368668,0.41,108.74,no,"{""count_fp"":""108.74"",""created_time"":""2026-04-28T09:31:08.789606Z"",""no_price_dollars"":""0.5900"",""taker_side"":""no"",""ticker"":""KXBTC15M-26APR280545-45"",""trade_id"":""544e98bd-bf40-6660-5d46-518a0143d13d"",""yes_price_dollars"":""0.4100""}"
KXBTC15M-26APR280545-45,cd8a06d1-5468-4044-2879-8ab5b43965e1,1777368668,0.41,27.0,no,"{""count_fp"":""27.00"",""created_time"":""2026-04-28T09:31:08.019907Z"",""no_price_dollars"":""0.5900"",""taker_side"":""no"",""ticker"":""KXBTC15M-26APR280545-45"",""trade_id"":""cd8a06d1-5468-4044-2879-8ab5b43965e1"",""yes_price_dollars"":""0.4100""}"
KXBTC15M-26APR280545-45,c1559f9a-d574-561c-5f56-069771d13589,1777368670,0.41,16.47,no,"{""count_fp"":""16.47"",""created_time"":""2026-04-28T09:31:10.912746Z"",""no_price_dollars"":""0.5900"",""taker_side"":""no"",""ticker"":""KXBTC15M-26APR280545-45"",""trade_id"":""c1559f9a-d574-561c-5f56-069771d13589"",""yes_price_dollars"":""0.4100""}"
KXBTC15M-26APR280545-45,2000744f-3507-65cb-aec3-f25d6003911e,1777368672,0.42,25.0,yes,"{""count_fp"":""25.00"",""created_time"":""2026-04-28T09:31:12.591175Z"",""no_price_dollars"":""0.5800"",""taker_side"":""yes"",""ticker"":""KXBTC15M-26APR280545-45"",""trade_id"":""2000744f-3507-65cb-aec3-f25d6003911e"",""yes_price_dollars"":""0.4200""}"
KXBTC15M-26APR280545-45,b8692e6a-d5bf-42bb-4fb4-8c816160cff6,1777368673,0.42,10.0,yes,"{""count_fp"":""10.00"",""created_time"":""2026-04-28T09:31:13.788302Z"",""no_price_dollars"":""0.5800"",""taker_side"":""yes"",""ticker"":""KXBTC15M-26APR280545-45"",""trade_id"":""b8692e6a-d5bf-42bb-4fb4-8c816160cff6"",""yes_price_dollars"":""0.4200""}"
KXBTC15M-26APR280545-45,ae52defb-74f3-5b67-2cd4-bf753414b4da,1777368674,0.42,11.44,yes,"{""count_fp"":""11.44"",""created_time"":""2026-04-28T09:31:14.922966Z"",""no_price_dollars"":""0.5800"",""taker_side"":""yes"",""ticker"":""KXBTC15M-26APR280545-45"",""trade_id"":""ae52defb-74f3-5b67-2cd4-bf753414b4da"",""yes_price_dollars"":""0.4200""}"
KXBTC15M-26APR280545-45,181edfda-85ab-715b-f181-af0a908c1dca,1777368674,0.42,1.07,yes,"{""count_fp"":""1.07"",""created_time"":""2026-04-28T09:31:14.543131Z"",""no_price_dollars"":""0.5800"",""taker_side"":""yes"",""ticker"":""KXBTC15M-26APR280545-45"",""trade_id"":""181edfda-85ab-715b-f181-af0a908c1dca"",""yes_price_dollars"":""0.4200""}"
KXBTC15M-26APR280545-45,207a4137-116b-5867-8e1f-5d5183860ade,1777368675,0.42,2.28,yes,"{""count_fp"":""2.28"",""created_time"":""2026-04-28T09:31:15.319356Z"",""no_price_dollars"":""0.5800"",""taker_side"":""yes"",""ticker"":""KXBTC15M-26APR280545-45"",""trade_id"":""207a4137-116b-5867-8e1f-5d5183860ade"",""yes_price_dollars"":""0.4200""}"
KXBTC15M-26APR280545-45,159612e7-e2b4-630c-a838-33017cebc768,1777368677,0.41,0.82,no,"{""count_fp"":""0.82"",""created_time"":""2026-04-28T09:31:17.940205Z"",""no_price_dollars"":""0.5900"",""taker_side"":""no"",""ticker"":""KXBTC15M-26APR280545-45"",""trade_id"":""159612e7-e2b4-630c-a838-33017cebc768"",""yes_price_dollars"":""0.4100""}"
KXBTC15M-26APR280545-45,3a8dcb5e-1567-4f8b-afeb-017b63628ea2,1777368677,0.42,57.2,yes,"{""count_fp"":""57.20"",""created_time"":""2026-04-28T09:31:17.570506Z"",""no_price_dollars"":""0.5800"",""taker_side"":""yes"",""ticker"":""KXBTC15M-26APR280545-45"",""trade_id"":""3a8dcb5e-1567-4f8b-afeb-017b63628ea2"",""yes_price_dollars"":""0.4200""}"
KXBTC15M-26APR280545-45,e307dac1-fdf6-64c5-036a-60e30a84c4e7,1777368678,0.41,0.82,no,"{""count_fp"":""0.82"",""created_time"":""2026-04-28T09:31:18.888632Z"",""no_price_dollars"":""0.5900"",""taker_side"":""no"",""ticker"":""KXBTC15M-26APR280545-45"",""trade_id"":""e307dac1-fdf6-64c5-036a-60e30a84c4e7"",""yes_price_dollars"":""0.4100""}"
KXBTC15M-26APR280545-45,198966e9-c6dc-6238-3d52-8bbe0950f554,1777368678,0.41,4.18,no,"{""count_fp"":""4.18"",""created_time"":""2026-04-28T09:31:18.888632Z"",""no_price_dollars"":""0.5900"",""taker_side"":""no"",""ticker"":""KXBTC15M-26APR280545-45"",""trade_id"":""198966e9-c6dc-6238-3d52-8bbe0950f554"",""yes_price_dollars"":""0.4100""}"
KXBTC15M-26APR280545-45,85be931c-8f9f-59cf-fb11-8689faf934de,1777368680,0.42,1.0,yes,"{""count_fp"":""1.00"",""created_time"":""2026-04-28T09:31:20.424139Z"",""no_price_dollars"":""0.5800"",""taker_side"":""yes"",""ticker"":""KXBTC15M-26APR280545-45"",""trade_id"":""85be931c-8f9f-59cf-fb11-8689faf934de"",""yes_price_dollars"":""0.4200""}"
KXBTC15M-26APR280545-45,6d75e30a-8b37-6d1f-ddb9-5bd183f52fea,1777368680,0.42,6.86,yes,"{""count_fp"":""6.86"",""created_time"":""2026-04-28T09:31:20.268098Z"",""no_price_dollars"":""0.5800"",""taker_side"":""yes"",""ticker"":""KXBTC15M-26APR280545-45"",""trade_id"":""6d75e30a-8b37-6d1f-ddb9-5bd183f52fea"",""yes_price_dollars"":""0.4200""}"
KXBTC15M-26APR280545-45,9410094a-f746-550d-efda-0609b5c6b767,1777368681,0.41,1.18,no,"{""count_fp"":""1.18"",""created_time"":""2026-04-28T09:31:21.933703Z"",""no_price_dollars"":""0.5900"",""taker_side"":""no"",""ticker"":""KXBTC15M-26APR280545-45"",""trade_id"":""9410094a-f746-550d-efda-0609b5c6b767"",""yes_price_dollars"":""0.4100""}"
KXBTC15M-26APR280545-45,1d4f37fb-ec89-565d-eb71-ac9824d4b95a,1777368681,0.41,5.68,no,"{""count_fp"":""5.68"",""created_time"":""2026-04-28T09:31:21.933703Z"",""no_price_dollars"":""0.5900"",""taker_side"":""no"",""ticker"":""KXBTC15M-26APR280545-45"",""trade_id"":""1d4f37fb-ec89-565d-eb71-ac9824d4b95a"",""yes_price_dollars"":""0.4100""}"
KXBTC15M-26APR280545-45,3d92d993-2027-5693-111e-13464a416a0a,1777368681,0.42,11.44,yes,"{""count_fp"":""11.44"",""created_time"":""2026-04-28T09:31:21.237627Z"",""no_price_dollars"":""0.5800"",""taker_side"":""yes"",""ticker"":""KXBTC15M-26APR280545-45"",""trade_id"":""3d92d993-2027-5693-111e-13464a416a0a"",""yes_price_dollars"":""0.4200""}"
KXBTC15M-26APR280545-45,cc7bd46c-0af2-7857-694a-acef3bcdd80f,1777368682,0.41,4.45,no,"{""count_fp"":""4.45"",""created_time"":""2026-04-28T09:31:22.612295Z"",""no_price_dollars"":""0.5900"",""taker_side"":""no"",""ticker"":""KXBTC15M-26APR280545-45"",""trade_id"":""cc7bd46c-0af2-7857-694a-acef3bcdd80f"",""yes_price_dollars"":""0.4100""}"
KXBTC15M-26APR280545-45,7621e224-0413-7b6e-5d7f-59f5a787bc40,1777368682,0.41,1.0,no,"{""count_fp"":""1.00"",""created_time"":""2026-04-28T09:31:22.612295Z"",""no_price_dollars"":""0.5900"",""taker_side"":""no"",""ticker"":""KXBTC15M-26APR280545-45"",""trade_id"":""7621e224-0413-7b6e-5d7f-59f5a787bc40"",""yes_price_dollars"":""0.4100""}"
KXBTC15M-26APR280545-45,605ed35a-7163-7664-47a8-e5561e6d898f,1777368682,0.41,2.0,no,"{""count_fp"":""2.00"",""created_time"":""2026-04-28T09:31:22.612295Z"",""no_price_dollars"":""0.5900"",""taker_side"":""no"",""ticker"":""KXBTC15M-26APR280545-45"",""trade_id"":""605ed35a-7163-7664-47a8-e5561e6d898f"",""yes_price_dollars"":""0.4100""}"
KXBTC15M-26APR280545-45,28b81e7f-86b1-7fd5-4813-e22ddc6de602,1777368682,0.41,2.55,no,"{""count_fp"":""2.55"",""created_time"":""2026-04-28T09:31:22.612295Z"",""no_price_dollars"":""0.5900"",""taker_side"":""no"",""ticker"":""KXBTC15M-26APR280545-45"",""trade_id"":""28b81e7f-86b1-7fd5-4813-e22ddc6de602"",""yes_price_dollars"":""0.4100""}"
KXBTC15M-26APR280545-45,8bb53552-97b7-7c23-731e-3a6412960726,1777368685,0.41,109.82,yes,"{""count_fp"":""109.82"",""created_time"":""2026-04-28T09:31:25.720283Z"",""no_price_dollars"":""0.5900"",""taker_side"":""yes"",""ticker"":""KXBTC15M-26APR280545-45"",""trade_id"":""8bb53552-97b7-7c23-731e-3a6412960726"",""yes_price_dollars"":""0.4100""}"
KXBTC15M-26APR280545-45,2e796a8c-5deb-7843-f293-47f6b909e61e,1777368685,0.41,2.34,yes,"{""count_fp"":""2.34"",""created_time"":""2026-04-28T09:31:25.506043Z"",""no_price_dollars"":""0.5900"",""taker_side"":""yes"",""ticker"":""KXBTC15M-26APR280545-45"",""trade_id"":""2e796a8c-5deb-7843-f293-47f6b909e61e"",""yes_price_dollars"":""0.4100""}"
KXBTC15M-26APR280545-45,082ab4eb-c181-73b9-fcee-5629874deaf0,1777368685,0.4,38.91,no,"{""count_fp"":""38.91"",""created_time"":""2026-04-28T09:31:25.364869Z"",""no_price_dollars"":""0.6000"",""taker_side"":""no"",""ticker"":""KXBTC15M-26APR280545-45"",""trade_id"":""082ab4eb-c181-73b9-fcee-5629874deaf0"",""yes_price_dollars"":""0.4000""}"
KXBTC15M-26APR280545-45,a89e0b63-182d-50e8-92b5-aa66c1245300,1777368687,0.39,60.39,no,"{""count_fp"":""60.39"",""created_time"":""2026-04-28T09:31:27.926918Z"",""no_price_dollars"":""0.6100"",""taker_side"":""no"",""ticker"":""KXBTC15M-26APR280545-45"",""trade_id"":""a89e0b63-182d-50e8-92b5-aa66c1245300"",""yes_price_dollars"":""0.3900""}"
KXBTC15M-26APR280545-45,4fcd678e-7731-59fc-b41d-beb17b42c935,1777368687,0.39,3.0,no,"{""count_fp"":""3.00"",""created_time"":""2026-04-28T09:31:27.926918Z"",""no_price_dollars"":""0.6100"",""taker_side"":""no"",""ticker"":""KXBTC15M-26APR280545-45"",""trade_id"":""4fcd678e-7731-59fc-b41d-beb17b42c935"",""yes_price_dollars"":""0.3900""}"
KXBTC15M-26APR280545-45,be83731d-b0bd-6ca0-8f2f-92ee4f0b9ed4,1777368687,0.39,2.0,no,"{""count_fp"":""2.00"",""created_time"":""2026-04-28T09:31:27.724685Z"",""no_price_dollars"":""0.6100"",""taker_side"":""no"",""ticker"":""KXBTC15M-26APR280545-45"",""trade_id"":""be83731d-b0bd-6ca0-8f2f-92ee4f0b9ed4"",""yes_price_dollars"":""0.3900""}"
KXBTC15M-26APR280545-45,ea078f2e-341d-467c-4270-b2f2e4584b8c,1777368687,0.39,69.61,no,"{""count_fp"":""69.61"",""created_time"":""2026-04-28T09:31:27.721334Z"",""no_price_dollars"":""0.6100"",""taker_side"":""no"",""ticker"":""KXBTC15M-26APR280545-45"",""trade_id"":""ea078f2e-341d-467c-4270-b2f2e4584b8c"",""yes_price_dollars"":""0.3900""}"
