ticker,trade_id,ts,yes_price,count,taker_side,raw_json
KXBTC15M-26APR272230-30,c009eff1-a694-7f7c-f789-13156d668d84,1777342501,0.57,166.0,no,"{""count_fp"":""166.00"",""created_time"":""2026-04-28T02:15:01.855638Z"",""no_price_dollars"":""0.4300"",""taker_side"":""no"",""ticker"":""KXBTC15M-26APR272230-30"",""trade_id"":""c009eff1-a694-7f7c-f789-13156d668d84"",""yes_price_dollars"":""0.5700""}"
KXBTC15M-26APR272230-30,e31d995a-2fe6-5268-c7fe-902f1b752fcd,1777342501,0.56,1.0,yes,"{""count_fp"":""1.00"",""created_time"":""2026-04-28T02:15:01.805352Z"",""no_price_dollars"":""0.4400"",""taker_side"":""yes"",""ticker"":""KXBTC15M-26APR272230-30"",""trade_id"":""e31d995a-2fe6-5268-c7fe-902f1b752fcd"",""yes_price_dollars"":""0.5600""}"
KXBTC15M-26APR272230-30,d68f5ad4-5d43-54e3-eaf7-9f829e0c4b12,1777342501,0.54,37.0,yes,"{""count_fp"":""37.00"",""created_time"":""2026-04-28T02:15:01.805352Z"",""no_price_dollars"":""0.4600"",""taker_side"":""yes"",""ticker"":""KXBTC15M-26APR272230-30"",""trade_id"":""d68f5ad4-5d43-54e3-eaf7-9f829e0c4b12"",""yes_price_dollars"":""0.5400""}"
KXBTC15M-26APR272230-30,c1a1b6db-935b-5784-c727-2e885e9773e7,1777342501,0.55,1.0,yes,"{""count_fp"":""1.00"",""created_time"":""2026-04-28T02:15:01.805352Z"",""no_price_dollars"":""0.4500"",""taker_side"":""yes"",""ticker"":""KXBTC15M-26APR272230-30"",""trade_id"":""c1a1b6db-935b-5784-c727-2e885e9773e7"",""yes_price_dollars"":""0.5500""}"
KXBTC15M-26APR272230-30,570dee3d-46d6-50d7-f94a-fafc72da5fc5,1777342501,0.57,1.0,yes,"{""count_fp"":""1.00"",""created_time"":""2026-04-28T02:15:01.805352Z"",""no_price_dollars"":""0.4300"",""taker_side"":""yes"",""ticker"":""KXBTC15M-26APR272230-30"",""trade_id"":""570dee3d-46d6-50d7-f94a-fafc72da5fc5"",""yes_price_dollars"":""0.5700""}"
KXBTC15M-26APR272230-30,39050660-e5d9-53f7-eb11-ee366aa37233,1777342501,0.54,1.0,yes,"{""count_fp"":""1.00"",""created_time"":""2026-04-28T02:15:01.805352Z"",""no_price_dollars"":""0.4600"",""taker_side"":""yes"",""ticker"":""KXBTC15M-26APR272230-30"",""trade_id"":""39050660-e5d9-53f7-eb11-ee366aa37233"",""yes_price_dollars"":""0.5400""}"
KXBTC15M-26APR272230-30,24812312-20a1-5c59-fd8e-cd11c2faf0f2,1777342501,0.54,56.0,yes,"{""count_fp"":""56.00"",""created_time"":""2026-04-28T02:15:01.805352Z"",""no_price_dollars"":""0.4600"",""taker_side"":""yes"",""ticker"":""KXBTC15M-26APR272230-30"",""trade_id"":""24812312-20a1-5c59-fd8e-cd11c2faf0f2"",""yes_price_dollars"":""0.5400""}"
KXBTC15M-26APR272230-30,852f4dff-f362-7d57-147f-3f0bf3109280,1777342503,0.52,1.0,no,"{""count_fp"":""1.00"",""created_time"":""2026-04-28T02:15:03.842106Z"",""no_price_dollars"":""0.4800"",""taker_side"":""no"",""ticker"":""KXBTC15M-26APR272230-30"",""trade_id"":""852f4dff-f362-7d57-147f-3f0bf3109280"",""yes_price_dollars"":""0.5200""}"
KXBTC15M-26APR272230-30,b3f1097c-2c51-70fa-3e07-b4d8704b9809,1777342506,0.5,200.0,no,"{""count_fp"":""200.00"",""created_time"":""2026-04-28T02:15:06.960508Z"",""no_price_dollars"":""0.5000"",""taker_side"":""no"",""ticker"":""KXBTC15M-26APR272230-30"",""trade_id"":""b3f1097c-2c51-70fa-3e07-b4d8704b9809"",""yes_price_dollars"":""0.5000""}"
KXBTC15M-26APR272230-30,8ca47b96-b204-7f53-108b-ecdb8815c084,1777342506,0.5,1.0,no,"{""count_fp"":""1.00"",""created_time"":""2026-04-28T02:15:06.960508Z"",""no_price_dollars"":""0.5000"",""taker_side"":""no"",""ticker"":""KXBTC15M-26APR272230-30"",""trade_id"":""8ca47b96-b204-7f53-108b-ecdb8815c084"",""yes_price_dollars"":""0.5000""}"
KXBTC15M-26APR272230-30,0337fb06-1b53-70b1-13ba-bdab44b00037,1777342506,0.5,120.0,no,"{""count_fp"":""120.00"",""created_time"":""2026-04-28T02:15:06.960508Z"",""no_price_dollars"":""0.5000"",""taker_side"":""no"",""ticker"":""KXBTC15M-26APR272230-30"",""trade_id"":""0337fb06-1b53-70b1-13ba-bdab44b00037"",""yes_price_dollars"":""0.5000""}"
KXBTC15M-26APR272230-30,93b2cd60-97c3-41ea-add8-8f00c9ffec17,1777342506,0.51,10.0,no,"{""count_fp"":""10.00"",""created_time"":""2026-04-28T02:15:06.938571Z"",""no_price_dollars"":""0.4900"",""taker_side"":""no"",""ticker"":""KXBTC15M-26APR272230-30"",""trade_id"":""93b2cd60-97c3-41ea-add8-8f00c9ffec17"",""yes_price_dollars"":""0.5100""}"
KXBTC15M-26APR272230-30,e5ec4f37-b29f-4eb6-91cf-6a739a3c08e2,1777342506,0.52,18.0,no,"{""count_fp"":""18.00"",""created_time"":""2026-04-28T02:15:06.874617Z"",""no_price_dollars"":""0.4800"",""taker_side"":""no"",""ticker"":""KXBTC15M-26APR272230-30"",""trade_id"":""e5ec4f37-b29f-4eb6-91cf-6a739a3c08e2"",""yes_price_dollars"":""0.5200""}"
KXBTC15M-26APR272230-30,adc5c625-636e-4261-bb8b-6c4200836be0,1777342506,0.52,5.0,no,"{""count_fp"":""5.00"",""created_time"":""2026-04-28T02:15:06.874617Z"",""no_price_dollars"":""0.4800"",""taker_side"":""no"",""ticker"":""KXBTC15M-26APR272230-30"",""trade_id"":""adc5c625-636e-4261-bb8b-6c4200836be0"",""yes_price_dollars"":""0.5200""}"
KXBTC15M-26APR272230-30,a109ea5c-56d3-4423-a76d-c8f9aae2b2ca,1777342506,0.52,3.0,no,"{""count_fp"":""3.00"",""created_time"":""2026-04-28T02:15:06.874617Z"",""no_price_dollars"":""0.4800"",""taker_side"":""no"",""ticker"":""KXBTC15M-26APR272230-30"",""trade_id"":""a109ea5c-56d3-4423-a76d-c8f9aae2b2ca"",""yes_price_dollars"":""0.5200""}"
KXBTC15M-26APR272230-30,99ca8f19-5f9f-48e3-b961-150d23e0e2aa,1777342506,0.52,17.0,no,"{""count_fp"":""17.00"",""created_time"":""2026-04-28T02:15:06.874617Z"",""no_price_dollars"":""0.4800"",""taker_side"":""no"",""ticker"":""KXBTC15M-26APR272230-30"",""trade_id"":""99ca8f19-5f9f-48e3-b961-150d23e0e2aa"",""yes_price_dollars"":""0.5200""}"
KXBTC15M-26APR272230-30,931b863b-22ff-4658-bf65-fc3c6e394899,1777342506,0.52,5.0,no,"{""count_fp"":""5.00"",""created_time"":""2026-04-28T02:15:06.874617Z"",""no_price_dollars"":""0.4800"",""taker_side"":""no"",""ticker"":""KXBTC15M-26APR272230-30"",""trade_id"":""931b863b-22ff-4658-bf65-fc3c6e394899"",""yes_price_dollars"":""0.5200""}"
KXBTC15M-26APR272230-30,6b454e60-7598-4591-bab7-a77f203382f6,1777342506,0.52,9.0,no,"{""count_fp"":""9.00"",""created_time"":""2026-04-28T02:15:06.874617Z"",""no_price_dollars"":""0.4800"",""taker_side"":""no"",""ticker"":""KXBTC15M-26APR272230-30"",""trade_id"":""6b454e60-7598-4591-bab7-a77f203382f6"",""yes_price_dollars"":""0.5200""}"
KXBTC15M-26APR272230-30,69252170-442a-42eb-8660-49cab7740937,1777342506,0.52,3.0,no,"{""count_fp"":""3.00"",""created_time"":""2026-04-28T02:15:06.874617Z"",""no_price_dollars"":""0.4800"",""taker_side"":""no"",""ticker"":""KXBTC15M-26APR272230-30"",""trade_id"":""69252170-442a-42eb-8660-49cab7740937"",""yes_price_dollars"":""0.5200""}"
KXBTC15M-26APR272230-30,e6764b65-2e6a-4f30-4e97-2dfab6a25b2a,1777342506,0.54,35.88,yes,"{""count_fp"":""35.88"",""created_time"":""2026-04-28T02:15:06.470914Z"",""no_price_dollars"":""0.4600"",""taker_side"":""yes"",""ticker"":""KXBTC15M-26APR272230-30"",""trade_id"":""e6764b65-2e6a-4f30-4e97-2dfab6a25b2a"",""yes_price_dollars"":""0.5400""}"
KXBTC15M-26APR272230-30,a6af95d6-5015-59f3-46f5-c157aa681a71,1777342508,0.49,2.0,yes,"{""count_fp"":""2.00"",""created_time"":""2026-04-28T02:15:08.293188Z"",""no_price_dollars"":""0.5100"",""taker_side"":""yes"",""ticker"":""KXBTC15M-26APR272230-30"",""trade_id"":""a6af95d6-5015-59f3-46f5-c157aa681a71"",""yes_price_dollars"":""0.4900""}"
KXBTC15M-26APR272230-30,8b6312f6-5579-41b5-273c-b6c4f18bb8a3,1777342509,0.47,30.62,no,"{""count_fp"":""30.62"",""created_time"":""2026-04-28T02:15:09.196025Z"",""no_price_dollars"":""0.5300"",""taker_side"":""no"",""ticker"":""KXBTC15M-26APR272230-30"",""trade_id"":""8b6312f6-5579-41b5-273c-b6c4f18bb8a3"",""yes_price_dollars"":""0.4700""}"
KXBTC15M-26APR272230-30,26c5bd6d-398f-4a0b-3fe5-f9e4ee27909a,1777342509,0.5,0.9,no,"{""count_fp"":""0.90"",""created_time"":""2026-04-28T02:15:09.196025Z"",""no_price_dollars"":""0.5000"",""taker_side"":""no"",""ticker"":""KXBTC15M-26APR272230-30"",""trade_id"":""26c5bd6d-398f-4a0b-3fe5-f9e4ee27909a"",""yes_price_dollars"":""0.5000""}"
KXBTC15M-26APR272230-30,0608e76f-3f3f-4064-1cfd-e92e983c129f,1777342509,0.47,39.0,no,"{""count_fp"":""39.00"",""created_time"":""2026-04-28T02:15:09.196025Z"",""no_price_dollars"":""0.5300"",""taker_side"":""no"",""ticker"":""KXBTC15M-26APR272230-30"",""trade_id"":""0608e76f-3f3f-4064-1cfd-e92e983c129f"",""yes_price_dollars"":""0.4700""}"
KXBTC15M-26APR272230-30,730b5220-d24f-6a45-1d87-e5b5c8963143,1777342511,0.48,1005.08,yes,"{""count_fp"":""1005.08"",""created_time"":""2026-04-28T02:15:11.994329Z"",""no_price_dollars"":""0.5200"",""taker_side"":""yes"",""ticker"":""KXBTC15M-26APR272230-30"",""trade_id"":""730b5220-d24f-6a45-1d87-e5b5c8963143"",""yes_price_dollars"":""0.4800""}"
KXBTC15M-26APR272230-30,fc92487e-a861-49d1-f835-7db1b05afcb1,1777342511,0.46,23.93,no,"{""count_fp"":""23.93"",""created_time"":""2026-04-28T02:15:11.958315Z"",""no_price_dollars"":""0.5400"",""taker_side"":""no"",""ticker"":""KXBTC15M-26APR272230-30"",""trade_id"":""fc92487e-a861-49d1-f835-7db1b05afcb1"",""yes_price_dollars"":""0.4600""}"
KXBTC15M-26APR272230-30,e1ba3166-7987-41f5-f581-d17ce5343a8d,1777342511,0.47,0.96,no,"{""count_fp"":""0.96"",""created_time"":""2026-04-28T02:15:11.958315Z"",""no_price_dollars"":""0.5300"",""taker_side"":""no"",""ticker"":""KXBTC15M-26APR272230-30"",""trade_id"":""e1ba3166-7987-41f5-f581-d17ce5343a8d"",""yes_price_dollars"":""0.4700""}"
KXBTC15M-26APR272230-30,cf90d5d5-b21c-472e-e2b5-e4cffe2d7660,1777342511,0.47,10.0,no,"{""count_fp"":""10.00"",""created_time"":""2026-04-28T02:15:11.958315Z"",""no_price_dollars"":""0.5300"",""taker_side"":""no"",""ticker"":""KXBTC15M-26APR272230-30"",""trade_id"":""cf90d5d5-b21c-472e-e2b5-e4cffe2d7660"",""yes_price_dollars"":""0.4700""}"
KXBTC15M-26APR272230-30,17f1e170-29c2-4c5d-ecd8-1d754c5d60b7,1777342511,0.46,1.0,no,"{""count_fp"":""1.00"",""created_time"":""2026-04-28T02:15:11.958315Z"",""no_price_dollars"":""0.5400"",""taker_side"":""no"",""ticker"":""KXBTC15M-26APR272230-30"",""trade_id"":""17f1e170-29c2-4c5d-ecd8-1d754c5d60b7"",""yes_price_dollars"":""0.4600""}"
KXBTC15M-26APR272230-30,d3ae36fa-46ab-680d-6d94-b775a83b7523,1777342511,0.48,20.1,yes,"{""count_fp"":""20.10"",""created_time"":""2026-04-28T02:15:11.619248Z"",""no_price_dollars"":""0.5200"",""taker_side"":""yes"",""ticker"":""KXBTC15M-26APR272230-30"",""trade_id"":""d3ae36fa-46ab-680d-6d94-b775a83b7523"",""yes_price_dollars"":""0.4800""}"
KXBTC15M-26APR272230-30,45b4ad88-4d6b-6001-87bb-403309d1e3fb,1777342511,0.48,9.66,yes,"{""count_fp"":""9.66"",""created_time"":""2026-04-28T02:15:11.298067Z"",""no_price_dollars"":""0.5200"",""taker_side"":""yes"",""ticker"":""KXBTC15M-26APR272230-30"",""trade_id"":""45b4ad88-4d6b-6001-87bb-403309d1e3fb"",""yes_price_dollars"":""0.4800""}"
KXBTC15M-26APR272230-30,ac3a33bf-97d5-50dd-f002-699f552ec399,1777342511,0.48,25.0,yes,"{""count_fp"":""25.00"",""created_time"":""2026-04-28T02:15:11.277931Z"",""no_price_dollars"":""0.5200"",""taker_side"":""yes"",""ticker"":""KXBTC15M-26APR272230-30"",""trade_id"":""ac3a33bf-97d5-50dd-f002-699f552ec399"",""yes_price_dollars"":""0.4800""}"
KXBTC15M-26APR272230-30,84a62fef-cb23-5285-e63b-188c7132807f,1777342511,0.48,2.94,yes,"{""count_fp"":""2.94"",""created_time"":""2026-04-28T02:15:11.277931Z"",""no_price_dollars"":""0.5200"",""taker_side"":""yes"",""ticker"":""KXBTC15M-26APR272230-30"",""trade_id"":""84a62fef-cb23-5285-e63b-188c7132807f"",""yes_price_dollars"":""0.4800""}"
KXBTC15M-26APR272230-30,2b10e49c-31b0-5f45-e944-cf776887ca45,1777342511,0.48,12.06,yes,"{""count_fp"":""12.06"",""created_time"":""2026-04-28T02:15:11.277931Z"",""no_price_dollars"":""0.5200"",""taker_side"":""yes"",""ticker"":""KXBTC15M-26APR272230-30"",""trade_id"":""2b10e49c-31b0-5f45-e944-cf776887ca45"",""yes_price_dollars"":""0.4800""}"
KXBTC15M-26APR272230-30,f6be17b2-545a-76c8-c5a1-ada6d741c00c,1777342512,0.47,3.0,yes,"{""count_fp"":""3.00"",""created_time"":""2026-04-28T02:15:12.477304Z"",""no_price_dollars"":""0.5300"",""taker_side"":""yes"",""ticker"":""KXBTC15M-26APR272230-30"",""trade_id"":""f6be17b2-545a-76c8-c5a1-ada6d741c00c"",""yes_price_dollars"":""0.4700""}"
KXBTC15M-26APR272230-30,bbd63981-092f-7455-c624-a6ef0937e79b,1777342512,0.48,2.91,yes,"{""count_fp"":""2.91"",""created_time"":""2026-04-28T02:15:12.477304Z"",""no_price_dollars"":""0.5200"",""taker_side"":""yes"",""ticker"":""KXBTC15M-26APR272230-30"",""trade_id"":""bbd63981-092f-7455-c624-a6ef0937e79b"",""yes_price_dollars"":""0.4800""}"
KXBTC15M-26APR272230-30,6406580e-dbc1-5401-78a9-e5830fd3391d,1777342512,0.46,16.97,no,"{""count_fp"":""16.97"",""created_time"":""2026-04-28T02:15:12.263185Z"",""no_price_dollars"":""0.5400"",""taker_side"":""no"",""ticker"":""KXBTC15M-26APR272230-30"",""trade_id"":""6406580e-dbc1-5401-78a9-e5830fd3391d"",""yes_price_dollars"":""0.4600""}"
KXBTC15M-26APR272230-30,48079578-0fe3-745d-c071-51f1c0411cd7,1777342512,0.48,54.27,yes,"{""count_fp"":""54.27"",""created_time"":""2026-04-28T02:15:12.039565Z"",""no_price_dollars"":""0.5200"",""taker_side"":""yes"",""ticker"":""KXBTC15M-26APR272230-30"",""trade_id"":""48079578-0fe3-745d-c071-51f1c0411cd7"",""yes_price_dollars"":""0.4800""}"
KXBTC15M-26APR272230-30,a7f7ac52-58ab-41ed-46fc-a772bf23a08f,1777342512,0.48,150.76,yes,"{""count_fp"":""150.76"",""created_time"":""2026-04-28T02:15:12.034231Z"",""no_price_dollars"":""0.5200"",""taker_side"":""yes"",""ticker"":""KXBTC15M-26APR272230-30"",""trade_id"":""a7f7ac52-58ab-41ed-46fc-a772bf23a08f"",""yes_price_dollars"":""0.4800""}"
KXBTC15M-26APR272230-30,38c6a077-29ac-7bf0-f664-80f3386380bb,1777342513,0.47,0.2,yes,"{""count_fp"":""0.20"",""created_time"":""2026-04-28T02:15:13.421382Z"",""no_price_dollars"":""0.5300"",""taker_side"":""yes"",""ticker"":""KXBTC15M-26APR272230-30"",""trade_id"":""38c6a077-29ac-7bf0-f664-80f3386380bb"",""yes_price_dollars"":""0.4700""}"
KXBTC15M-26APR272230-30,4a59825f-4490-5158-0215-5873f415733b,1777342513,0.47,1.0,yes,"{""count_fp"":""1.00"",""created_time"":""2026-04-28T02:15:13.379791Z"",""no_price_dollars"":""0.5300"",""taker_side"":""yes"",""ticker"":""KXBTC15M-26APR272230-30"",""trade_id"":""4a59825f-4490-5158-0215-5873f415733b"",""yes_price_dollars"":""0.4700""}"
KXBTC15M-26APR272230-30,32046d77-b548-4a54-c55a-70dfdf4567a7,1777342513,0.47,1.0,yes,"{""count_fp"":""1.00"",""created_time"":""2026-04-28T02:15:13.239623Z"",""no_price_dollars"":""0.5300"",""taker_side"":""yes"",""ticker"":""KXBTC15M-26APR272230-30"",""trade_id"":""32046d77-b548-4a54-c55a-70dfdf4567a7"",""yes_price_dollars"":""0.4700""}"
KXBTC15M-26APR272230-30,4d297311-dd84-6ed0-d692-021cf9c78fd3,1777342513,0.47,7.0,yes,"{""count_fp"":""7.00"",""created_time"":""2026-04-28T02:15:13.204728Z"",""no_price_dollars"":""0.5300"",""taker_side"":""yes"",""ticker"":""KXBTC15M-26APR272230-30"",""trade_id"":""4d297311-dd84-6ed0-d692-021cf9c78fd3"",""yes_price_dollars"":""0.4700""}"
KXBTC15M-26APR272230-30,2a64e622-3af7-6154-cf91-5c6d8758b4f8,1777342513,0.47,3.0,yes,"{""count_fp"":""3.00"",""created_time"":""2026-04-28T02:15:13.204728Z"",""no_price_dollars"":""0.5300"",""taker_side"":""yes"",""ticker"":""KXBTC15M-26APR272230-30"",""trade_id"":""2a64e622-3af7-6154-cf91-5c6d8758b4f8"",""yes_price_dollars"":""0.4700""}"
KXBTC15M-26APR272230-30,cf3ad7d0-1349-524a-22c2-2d86598c9cbd,1777342514,0.47,1.38,no,"{""count_fp"":""1.38"",""created_time"":""2026-04-28T02:15:14.999871Z"",""no_price_dollars"":""0.5300"",""taker_side"":""no"",""ticker"":""KXBTC15M-26APR272230-30"",""trade_id"":""cf3ad7d0-1349-524a-22c2-2d86598c9cbd"",""yes_price_dollars"":""0.4700""}"
KXBTC15M-26APR272230-30,557529da-ff16-543a-3c75-8bc183aec551,1777342514,0.46,4.22,no,"{""count_fp"":""4.22"",""created_time"":""2026-04-28T02:15:14.999871Z"",""no_price_dollars"":""0.5400"",""taker_side"":""no"",""ticker"":""KXBTC15M-26APR272230-30"",""trade_id"":""557529da-ff16-543a-3c75-8bc183aec551"",""yes_price_dollars"":""0.4600""}"
KXBTC15M-26APR272230-30,1a0c10a8-71a2-5405-3acb-b0b1b1749465,1777342514,0.46,3.37,no,"{""count_fp"":""3.37"",""created_time"":""2026-04-28T02:15:14.999871Z"",""no_price_dollars"":""0.5400"",""taker_side"":""no"",""ticker"":""KXBTC15M-26APR272230-30"",""trade_id"":""1a0c10a8-71a2-5405-3acb-b0b1b1749465"",""yes_price_dollars"":""0.4600""}"
KXBTC15M-26APR272230-30,f9fcbafb-82b5-69b1-9a03-76694f18a701,1777342514,0.46,15.1,no,"{""count_fp"":""15.10"",""created_time"":""2026-04-28T02:15:14.605258Z"",""no_price_dollars"":""0.5400"",""taker_side"":""no"",""ticker"":""KXBTC15M-26APR272230-30"",""trade_id"":""f9fcbafb-82b5-69b1-9a03-76694f18a701"",""yes_price_dollars"":""0.4600""}"
KXBTC15M-26APR272230-30,06f93901-257e-6e7a-8a2e-b4fcad48b535,1777342514,0.46,20.78,no,"{""count_fp"":""20.78"",""created_time"":""2026-04-28T02:15:14.605258Z"",""no_price_dollars"":""0.5400"",""taker_side"":""no"",""ticker"":""KXBTC15M-26APR272230-30"",""trade_id"":""06f93901-257e-6e7a-8a2e-b4fcad48b535"",""yes_price_dollars"":""0.4600""}"
KXBTC15M-26APR272230-30,bc90e6de-297a-5275-70d5-732dd7dd1aa5,1777342515,0.46,2.34,no,"{""count_fp"":""2.34"",""created_time"":""2026-04-28T02:15:15.800746Z"",""no_price_dollars"":""0.5400"",""taker_side"":""no"",""ticker"":""KXBTC15M-26APR272230-30"",""trade_id"":""bc90e6de-297a-5275-70d5-732dd7dd1aa5"",""yes_price_dollars"":""0.4600""}"
KXBTC15M-26APR272230-30,b92505ce-8b3a-5e55-7ef3-723766ba36a1,1777342515,0.46,6.63,no,"{""count_fp"":""6.63"",""created_time"":""2026-04-28T02:15:15.800746Z"",""no_price_dollars"":""0.5400"",""taker_side"":""no"",""ticker"":""KXBTC15M-26APR272230-30"",""trade_id"":""b92505ce-8b3a-5e55-7ef3-723766ba36a1"",""yes_price_dollars"":""0.4600""}"
KXBTC15M-26APR272230-30,a5b84f9d-736a-7a20-bebc-613448a883e8,1777342516,0.46,3.0,yes,"{""count_fp"":""3.00"",""created_time"":""2026-04-28T02:15:16.413882Z"",""no_price_dollars"":""0.5400"",""taker_side"":""yes"",""ticker"":""KXBTC15M-26APR272230-30"",""trade_id"":""a5b84f9d-736a-7a20-bebc-613448a883e8"",""yes_price_dollars"":""0.4600""}"
KXBTC15M-26APR272230-30,572bab65-d648-7327-b195-26a10c49fc1c,1777342516,0.46,17.51,yes,"{""count_fp"":""17.51"",""created_time"":""2026-04-28T02:15:16.413882Z"",""no_price_dollars"":""0.5400"",""taker_side"":""yes"",""ticker"":""KXBTC15M-26APR272230-30"",""trade_id"":""572bab65-d648-7327-b195-26a10c49fc1c"",""yes_price_dollars"":""0.4600""}"
KXBTC15M-26APR272230-30,56938441-d6bc-59e7-86a8-e83dee7adcd4,1777342516,0.46,79.8,yes,"{""count_fp"":""79.80"",""created_time"":""2026-04-28T02:15:16.363818Z"",""no_price_dollars"":""0.5400"",""taker_side"":""yes"",""ticker"":""KXBTC15M-26APR272230-30"",""trade_id"":""56938441-d6bc-59e7-86a8-e83dee7adcd4"",""yes_price_dollars"":""0.4600""}"
KXBTC15M-26APR272230-30,ed9c1e4f-9899-66f3-c91a-9e762e16f105,1777342516,0.47,2.04,yes,"{""count_fp"":""2.04"",""created_time"":""2026-04-28T02:15:16.223618Z"",""no_price_dollars"":""0.5300"",""taker_side"":""yes"",""ticker"":""KXBTC15M-26APR272230-30"",""trade_id"":""ed9c1e4f-9899-66f3-c91a-9e762e16f105"",""yes_price_dollars"":""0.4700""}"
KXBTC15M-26APR272230-30,c649f7e8-695d-409c-f153-a2674aabb285,1777342516,0.44,2.0,no,"{""count_fp"":""2.00"",""created_time"":""2026-04-28T02:15:16.207546Z"",""no_price_dollars"":""0.5600"",""taker_side"":""no"",""ticker"":""KXBTC15M-26APR272230-30"",""trade_id"":""c649f7e8-695d-409c-f153-a2674aabb285"",""yes_price_dollars"":""0.4400""}"
KXBTC15M-26APR272230-30,a2ee34a5-1a53-4c92-e758-b7a4a3ec1f7a,1777342516,0.44,1.0,no,"{""count_fp"":""1.00"",""created_time"":""2026-04-28T02:15:16.207546Z"",""no_price_dollars"":""0.5600"",""taker_side"":""no"",""ticker"":""KXBTC15M-26APR272230-30"",""trade_id"":""a2ee34a5-1a53-4c92-e758-b7a4a3ec1f7a"",""yes_price_dollars"":""0.4400""}"
KXBTC15M-26APR272230-30,a04c087b-cbad-4ccb-db23-176cbbe235c0,1777342516,0.42,1.0,no,"{""count_fp"":""1.00"",""created_time"":""2026-04-28T02:15:16.207546Z"",""no_price_dollars"":""0.5800"",""taker_side"":""no"",""ticker"":""KXBTC15M-26APR272230-30"",""trade_id"":""a04c087b-cbad-4ccb-db23-176cbbe235c0"",""yes_price_dollars"":""0.4200""}"
KXBTC15M-26APR272230-30,9b5cc2d5-a176-4c80-db48-bc6796979a17,1777342516,0.45,1.0,no,"{""count_fp"":""1.00"",""created_time"":""2026-04-28T02:15:16.207546Z"",""no_price_dollars"":""0.5500"",""taker_side"":""no"",""ticker"":""KXBTC15M-26APR272230-30"",""trade_id"":""9b5cc2d5-a176-4c80-db48-bc6796979a17"",""yes_price_dollars"":""0.4500""}"
KXBTC15M-26APR272230-30,971e5d1c-63a0-443b-e49f-2690c14f18af,1777342516,0.42,2.0,no,"{""count_fp"":""2.00"",""created_time"":""2026-04-28T02:15:16.207546Z"",""no_price_dollars"":""0.5800"",""taker_side"":""no"",""ticker"":""KXBTC15M-26APR272230-30"",""trade_id"":""971e5d1c-63a0-443b-e49f-2690c14f18af"",""yes_price_dollars"":""0.4200""}"
KXBTC15M-26APR272230-30,8b070116-0cda-4ec9-cb5d-2e2c0748aea1,1777342516,0.46,4.66,no,"{""count_fp"":""4.66"",""created_time"":""2026-04-28T02:15:16.207546Z"",""no_price_dollars"":""0.5400"",""taker_side"":""no"",""ticker"":""KXBTC15M-26APR272230-30"",""trade_id"":""8b070116-0cda-4ec9-cb5d-2e2c0748aea1"",""yes_price_dollars"":""0.4600""}"
KXBTC15M-26APR272230-30,81a3148f-0237-4ede-dfae-614f3b52be7a,1777342516,0.43,1.0,no,"{""count_fp"":""1.00"",""created_time"":""2026-04-28T02:15:16.207546Z"",""no_price_dollars"":""0.5700"",""taker_side"":""no"",""ticker"":""KXBTC15M-26APR272230-30"",""trade_id"":""81a3148f-0237-4ede-dfae-614f3b52be7a"",""yes_price_dollars"":""0.4300""}"
KXBTC15M-26APR272230-30,78c4149f-7b54-46f5-dbce-ca47ceaf4880,1777342516,0.45,2.0,no,"{""count_fp"":""2.00"",""created_time"":""2026-04-28T02:15:16.207546Z"",""no_price_dollars"":""0.5500"",""taker_side"":""no"",""ticker"":""KXBTC15M-26APR272230-30"",""trade_id"":""78c4149f-7b54-46f5-dbce-ca47ceaf4880"",""yes_price_dollars"":""0.4500""}"
KXBTC15M-26APR272230-30,69b5ead1-ab6f-4b2b-f0c0-963db7adf540,1777342516,0.46,0.98,no,"{""count_fp"":""0.98"",""created_time"":""2026-04-28T02:15:16.207546Z"",""no_price_dollars"":""0.5400"",""taker_side"":""no"",""ticker"":""KXBTC15M-26APR272230-30"",""trade_id"":""69b5ead1-ab6f-4b2b-f0c0-963db7adf540"",""yes_price_dollars"":""0.4600""}"
KXBTC15M-26APR272230-30,63e730b0-6939-4e8a-c570-33e284377b02,1777342516,0.45,3.0,no,"{""count_fp"":""3.00"",""created_time"":""2026-04-28T02:15:16.207546Z"",""no_price_dollars"":""0.5500"",""taker_side"":""no"",""ticker"":""KXBTC15M-26APR272230-30"",""trade_id"":""63e730b0-6939-4e8a-c570-33e284377b02"",""yes_price_dollars"":""0.4500""}"
KXBTC15M-26APR272230-30,53b0a084-aca6-4915-cb2e-e3749484c731,1777342516,0.42,65.0,no,"{""count_fp"":""65.00"",""created_time"":""2026-04-28T02:15:16.207546Z"",""no_price_dollars"":""0.5800"",""taker_side"":""no"",""ticker"":""KXBTC15M-26APR272230-30"",""trade_id"":""53b0a084-aca6-4915-cb2e-e3749484c731"",""yes_price_dollars"":""0.4200""}"
KXBTC15M-26APR272230-30,50a5b5e1-9ff4-4e2b-c90a-21f0d7616918,1777342516,0.45,1.0,no,"{""count_fp"":""1.00"",""created_time"":""2026-04-28T02:15:16.207546Z"",""no_price_dollars"":""0.5500"",""taker_side"":""no"",""ticker"":""KXBTC15M-26APR272230-30"",""trade_id"":""50a5b5e1-9ff4-4e2b-c90a-21f0d7616918"",""yes_price_dollars"":""0.4500""}"
KXBTC15M-26APR272230-30,4c86f2b6-aee4-4d25-c5bd-fdb91d098c57,1777342516,0.42,213.61,no,"{""count_fp"":""213.61"",""created_time"":""2026-04-28T02:15:16.207546Z"",""no_price_dollars"":""0.5800"",""taker_side"":""no"",""ticker"":""KXBTC15M-26APR272230-30"",""trade_id"":""4c86f2b6-aee4-4d25-c5bd-fdb91d098c57"",""yes_price_dollars"":""0.4200""}"
KXBTC15M-26APR272230-30,388c4192-42cf-41e1-dabc-16afdd831e00,1777342516,0.43,2.0,no,"{""count_fp"":""2.00"",""created_time"":""2026-04-28T02:15:16.207546Z"",""no_price_dollars"":""0.5700"",""taker_side"":""no"",""ticker"":""KXBTC15M-26APR272230-30"",""trade_id"":""388c4192-42cf-41e1-dabc-16afdd831e00"",""yes_price_dollars"":""0.4300""}"
KXBTC15M-26APR272230-30,2f815ead-ca6a-4ce6-de4c-f03538de6992,1777342516,0.44,1.0,no,"{""count_fp"":""1.00"",""created_time"":""2026-04-28T02:15:16.207546Z"",""no_price_dollars"":""0.5600"",""taker_side"":""no"",""ticker"":""KXBTC15M-26APR272230-30"",""trade_id"":""2f815ead-ca6a-4ce6-de4c-f03538de6992"",""yes_price_dollars"":""0.4400""}"
KXBTC15M-26APR272230-30,15ed487e-abd8-44eb-c8d1-b3d08b9c8ad1,1777342516,0.45,10.0,no,"{""count_fp"":""10.00"",""created_time"":""2026-04-28T02:15:16.207546Z"",""no_price_dollars"":""0.5500"",""taker_side"":""no"",""ticker"":""KXBTC15M-26APR272230-30"",""trade_id"":""15ed487e-abd8-44eb-c8d1-b3d08b9c8ad1"",""yes_price_dollars"":""0.4500""}"
KXBTC15M-26APR272230-30,b003185e-b04f-7cd3-14ec-6b64f8a6ffd9,1777342517,0.44,57.0,no,"{""count_fp"":""57.00"",""created_time"":""2026-04-28T02:15:17.880084Z"",""no_price_dollars"":""0.5600"",""taker_side"":""no"",""ticker"":""KXBTC15M-26APR272230-30"",""trade_id"":""b003185e-b04f-7cd3-14ec-6b64f8a6ffd9"",""yes_price_dollars"":""0.4400""}"
KXBTC15M-26APR272230-30,c4915e77-1c72-7cd1-889d-be1f7e12c340,1777342517,0.44,1.0,no,"{""count_fp"":""1.00"",""created_time"":""2026-04-28T02:15:17.846343Z"",""no_price_dollars"":""0.5600"",""taker_side"":""no"",""ticker"":""KXBTC15M-26APR272230-30"",""trade_id"":""c4915e77-1c72-7cd1-889d-be1f7e12c340"",""yes_price_dollars"":""0.4400""}"
KXBTC15M-26APR272230-30,6d1c3a4b-10ed-720b-9fe7-3e8fe0a1d61f,1777342517,0.43,12.45,no,"{""count_fp"":""12.45"",""created_time"":""2026-04-28T02:15:17.846343Z"",""no_price_dollars"":""0.5700"",""taker_side"":""no"",""ticker"":""KXBTC15M-26APR272230-30"",""trade_id"":""6d1c3a4b-10ed-720b-9fe7-3e8fe0a1d61f"",""yes_price_dollars"":""0.4300""}"
KXBTC15M-26APR272230-30,ed06290f-b301-5d11-dede-e4f0e4dc5453,1777342517,0.45,51.28,yes,"{""count_fp"":""51.28"",""created_time"":""2026-04-28T02:15:17.666266Z"",""no_price_dollars"":""0.5500"",""taker_side"":""yes"",""ticker"":""KXBTC15M-26APR272230-30"",""trade_id"":""ed06290f-b301-5d11-dede-e4f0e4dc5453"",""yes_price_dollars"":""0.4500""}"
KXBTC15M-26APR272230-30,e6722ef5-52fa-55d3-6b9c-fface2d31c43,1777342517,0.44,3.0,no,"{""count_fp"":""3.00"",""created_time"":""2026-04-28T02:15:17.198574Z"",""no_price_dollars"":""0.5600"",""taker_side"":""no"",""ticker"":""KXBTC15M-26APR272230-30"",""trade_id"":""e6722ef5-52fa-55d3-6b9c-fface2d31c43"",""yes_price_dollars"":""0.4400""}"
KXBTC15M-26APR272230-30,cb4c70a2-72b3-586d-492b-473cedcd2052,1777342517,0.45,2.0,no,"{""count_fp"":""2.00"",""created_time"":""2026-04-28T02:15:17.198574Z"",""no_price_dollars"":""0.5500"",""taker_side"":""no"",""ticker"":""KXBTC15M-26APR272230-30"",""trade_id"":""cb4c70a2-72b3-586d-492b-473cedcd2052"",""yes_price_dollars"":""0.4500""}"
KXBTC15M-26APR272230-30,bdcd0f16-ec62-5e94-4050-81857f344dbe,1777342517,0.44,2.0,no,"{""count_fp"":""2.00"",""created_time"":""2026-04-28T02:15:17.198574Z"",""no_price_dollars"":""0.5600"",""taker_side"":""no"",""ticker"":""KXBTC15M-26APR272230-30"",""trade_id"":""bdcd0f16-ec62-5e94-4050-81857f344dbe"",""yes_price_dollars"":""0.4400""}"
KXBTC15M-26APR272230-30,93704685-2499-5ce0-7b37-d76bbcd4e580,1777342517,0.46,0.98,no,"{""count_fp"":""0.98"",""created_time"":""2026-04-28T02:15:17.198574Z"",""no_price_dollars"":""0.5400"",""taker_side"":""no"",""ticker"":""KXBTC15M-26APR272230-30"",""trade_id"":""93704685-2499-5ce0-7b37-d76bbcd4e580"",""yes_price_dollars"":""0.4600""}"
KXBTC15M-26APR272230-30,7d324289-65ae-5a0c-723a-7bd18c326316,1777342517,0.44,10.0,no,"{""count_fp"":""10.00"",""created_time"":""2026-04-28T02:15:17.198574Z"",""no_price_dollars"":""0.5600"",""taker_side"":""no"",""ticker"":""KXBTC15M-26APR272230-30"",""trade_id"":""7d324289-65ae-5a0c-723a-7bd18c326316"",""yes_price_dollars"":""0.4400""}"
KXBTC15M-26APR272230-30,58c6ebff-5cd4-56b7-40ec-03d1071bdb6c,1777342517,0.45,2.04,no,"{""count_fp"":""2.04"",""created_time"":""2026-04-28T02:15:17.198574Z"",""no_price_dollars"":""0.5500"",""taker_side"":""no"",""ticker"":""KXBTC15M-26APR272230-30"",""trade_id"":""58c6ebff-5cd4-56b7-40ec-03d1071bdb6c"",""yes_price_dollars"":""0.4500""}"
KXBTC15M-26APR272230-30,22d92c0a-e71c-5069-7e20-b351f0ca0c77,1777342517,0.43,23.86,no,"{""count_fp"":""23.86"",""created_time"":""2026-04-28T02:15:17.198574Z"",""no_price_dollars"":""0.5700"",""taker_side"":""no"",""ticker"":""KXBTC15M-26APR272230-30"",""trade_id"":""22d92c0a-e71c-5069-7e20-b351f0ca0c77"",""yes_price_dollars"":""0.4300""}"
KXBTC15M-26APR272230-30,14c1d9d6-359d-5b48-524a-af572c7db181,1777342517,0.46,2.2,no,"{""count_fp"":""2.20"",""created_time"":""2026-04-28T02:15:17.198574Z"",""no_price_dollars"":""0.5400"",""taker_side"":""no"",""ticker"":""KXBTC15M-26APR272230-30"",""trade_id"":""14c1d9d6-359d-5b48-524a-af572c7db181"",""yes_price_dollars"":""0.4600""}"
KXBTC15M-26APR272230-30,27ced61e-e26c-4b11-6526-7ee810f15a01,1777342518,0.43,410.3,yes,"{""count_fp"":""410.30"",""created_time"":""2026-04-28T02:15:18.717409Z"",""no_price_dollars"":""0.5700"",""taker_side"":""yes"",""ticker"":""KXBTC15M-26APR272230-30"",""trade_id"":""27ced61e-e26c-4b11-6526-7ee810f15a01"",""yes_price_dollars"":""0.4300""}"
KXBTC15M-26APR272230-30,081d002c-62ec-541d-a34a-e1d4cf87d0b9,1777342518,0.43,3.0,yes,"{""count_fp"":""3.00"",""created_time"":""2026-04-28T02:15:18.346015Z"",""no_price_dollars"":""0.5700"",""taker_side"":""yes"",""ticker"":""KXBTC15M-26APR272230-30"",""trade_id"":""081d002c-62ec-541d-a34a-e1d4cf87d0b9"",""yes_price_dollars"":""0.4300""}"
KXBTC15M-26APR272230-30,b12ecc48-fd7c-77b9-aeb9-33b18349c815,1777342518,0.44,48.28,yes,"{""count_fp"":""48.28"",""created_time"":""2026-04-28T02:15:18.057453Z"",""no_price_dollars"":""0.5600"",""taker_side"":""yes"",""ticker"":""KXBTC15M-26APR272230-30"",""trade_id"":""b12ecc48-fd7c-77b9-aeb9-33b18349c815"",""yes_price_dollars"":""0.4400""}"
KXBTC15M-26APR272230-30,003cf8e5-543d-781d-8123-a958628574a0,1777342518,0.44,3.0,yes,"{""count_fp"":""3.00"",""created_time"":""2026-04-28T02:15:18.057453Z"",""no_price_dollars"":""0.5600"",""taker_side"":""yes"",""ticker"":""KXBTC15M-26APR272230-30"",""trade_id"":""003cf8e5-543d-781d-8123-a958628574a0"",""yes_price_dollars"":""0.4400""}"
KXBTC15M-26APR272230-30,df7994f8-ffc1-7515-1b1c-2c6e0e13dfb1,1777342519,0.42,1.07,no,"{""count_fp"":""1.07"",""created_time"":""2026-04-28T02:15:19.995383Z"",""no_price_dollars"":""0.5800"",""taker_side"":""no"",""ticker"":""KXBTC15M-26APR272230-30"",""trade_id"":""df7994f8-ffc1-7515-1b1c-2c6e0e13dfb1"",""yes_price_dollars"":""0.4200""}"
KXBTC15M-26APR272230-30,87358e51-88b5-7ae5-15cd-ad2fa9360f28,1777342519,0.41,12.83,no,"{""count_fp"":""12.83"",""created_time"":""2026-04-28T02:15:19.995383Z"",""no_price_dollars"":""0.5900"",""taker_side"":""no"",""ticker"":""KXBTC15M-26APR272230-30"",""trade_id"":""87358e51-88b5-7ae5-15cd-ad2fa9360f28"",""yes_price_dollars"":""0.4100""}"
KXBTC15M-26APR272230-30,30437d53-43de-753d-0c0b-60de1f70d6ce,1777342519,0.42,11.0,no,"{""count_fp"":""11.00"",""created_time"":""2026-04-28T02:15:19.995383Z"",""no_price_dollars"":""0.5800"",""taker_side"":""no"",""ticker"":""KXBTC15M-26APR272230-30"",""trade_id"":""30437d53-43de-753d-0c0b-60de1f70d6ce"",""yes_price_dollars"":""0.4200""}"
KXBTC15M-26APR272230-30,8fde7e5a-cc74-680d-5ece-5eeb3ea6b721,1777342519,0.43,22.34,yes,"{""count_fp"":""22.34"",""created_time"":""2026-04-28T02:15:19.567156Z"",""no_price_dollars"":""0.5700"",""taker_side"":""yes"",""ticker"":""KXBTC15M-26APR272230-30"",""trade_id"":""8fde7e5a-cc74-680d-5ece-5eeb3ea6b721"",""yes_price_dollars"":""0.4300""}"
KXBTC15M-26APR272230-30,6b22b0d0-f4d8-7315-1730-c649cbc1ab7d,1777342519,0.43,3.97,yes,"{""count_fp"":""3.97"",""created_time"":""2026-04-28T02:15:19.210887Z"",""no_price_dollars"":""0.5700"",""taker_side"":""yes"",""ticker"":""KXBTC15M-26APR272230-30"",""trade_id"":""6b22b0d0-f4d8-7315-1730-c649cbc1ab7d"",""yes_price_dollars"":""0.4300""}"
KXBTC15M-26APR272230-30,ef0dab39-3214-4901-6081-11abf35b07dd,1777342520,0.42,1.0,yes,"{""count_fp"":""1.00"",""created_time"":""2026-04-28T02:15:20.404638Z"",""no_price_dollars"":""0.5800"",""taker_side"":""yes"",""ticker"":""KXBTC15M-26APR272230-30"",""trade_id"":""ef0dab39-3214-4901-6081-11abf35b07dd"",""yes_price_dollars"":""0.4200""}"
KXBTC15M-26APR272230-30,8656af40-fb9d-73f5-949e-8d8992ab8b4c,1777342520,0.41,50.0,no,"{""count_fp"":""50.00"",""created_time"":""2026-04-28T02:15:20.122156Z"",""no_price_dollars"":""0.5900"",""taker_side"":""no"",""ticker"":""KXBTC15M-26APR272230-30"",""trade_id"":""8656af40-fb9d-73f5-949e-8d8992ab8b4c"",""yes_price_dollars"":""0.4100""}"
KXBTC15M-26APR272230-30,0201e3af-ee70-4015-6f27-c00851c42f69,1777342521,0.44,3.0,yes,"{""count_fp"":""3.00"",""created_time"":""2026-04-28T02:15:21.930834Z"",""no_price_dollars"":""0.5600"",""taker_side"":""yes"",""ticker"":""KXBTC15M-26APR272230-30"",""trade_id"":""0201e3af-ee70-4015-6f27-c00851c42f69"",""yes_price_dollars"":""0.4400""}"
KXBTC15M-26APR272230-30,98a1f50b-bce0-7877-5e0b-e357fb24a565,1777342521,0.42,12.15,no,"{""count_fp"":""12.15"",""created_time"":""2026-04-28T02:15:21.352605Z"",""no_price_dollars"":""0.5800"",""taker_side"":""no"",""ticker"":""KXBTC15M-26APR272230-30"",""trade_id"":""98a1f50b-bce0-7877-5e0b-e357fb24a565"",""yes_price_dollars"":""0.4200""}"
KXBTC15M-26APR272230-30,79769d60-ef73-7f6d-6f21-93752db0bd9b,1777342521,0.42,3.0,no,"{""count_fp"":""3.00"",""created_time"":""2026-04-28T02:15:21.352605Z"",""no_price_dollars"":""0.5800"",""taker_side"":""no"",""ticker"":""KXBTC15M-26APR272230-30"",""trade_id"":""79769d60-ef73-7f6d-6f21-93752db0bd9b"",""yes_price_dollars"":""0.4200""}"
KXBTC15M-26APR272230-30,41a1f486-59f2-773a-55a9-bed0e8e142dc,1777342521,0.43,1.51,no,"{""count_fp"":""1.51"",""created_time"":""2026-04-28T02:15:21.352605Z"",""no_price_dollars"":""0.5700"",""taker_side"":""no"",""ticker"":""KXBTC15M-26APR272230-30"",""trade_id"":""41a1f486-59f2-773a-55a9-bed0e8e142dc"",""yes_price_dollars"":""0.4300""}"
KXBTC15M-26APR272230-30,45fd10c8-618b-407c-cedd-b2662179a52a,1777342521,0.42,1.67,no,"{""count_fp"":""1.67"",""created_time"":""2026-04-28T02:15:21.088385Z"",""no_price_dollars"":""0.5800"",""taker_side"":""no"",""ticker"":""KXBTC15M-26APR272230-30"",""trade_id"":""45fd10c8-618b-407c-cedd-b2662179a52a"",""yes_price_dollars"":""0.4200""}"
KXBTC15M-26APR272230-30,9368c97b-b434-7aed-6087-51ee37c8bc7d,1777342522,0.44,1.0,yes,"{""count_fp"":""1.00"",""created_time"":""2026-04-28T02:15:22.610581Z"",""no_price_dollars"":""0.5600"",""taker_side"":""yes"",""ticker"":""KXBTC15M-26APR272230-30"",""trade_id"":""9368c97b-b434-7aed-6087-51ee37c8bc7d"",""yes_price_dollars"":""0.4400""}"
KXBTC15M-26APR272230-30,758b2525-b6b1-6641-2ad9-8c8adeba742c,1777342523,0.44,1.0,yes,"{""count_fp"":""1.00"",""created_time"":""2026-04-28T02:15:23.980371Z"",""no_price_dollars"":""0.5600"",""taker_side"":""yes"",""ticker"":""KXBTC15M-26APR272230-30"",""trade_id"":""758b2525-b6b1-6641-2ad9-8c8adeba742c"",""yes_price_dollars"":""0.4400""}"
KXBTC15M-26APR272230-30,719a70b9-8502-7a82-c447-c42901083d9e,1777342523,0.44,1.0,yes,"{""count_fp"":""1.00"",""created_time"":""2026-04-28T02:15:23.920221Z"",""no_price_dollars"":""0.5600"",""taker_side"":""yes"",""ticker"":""KXBTC15M-26APR272230-30"",""trade_id"":""719a70b9-8502-7a82-c447-c42901083d9e"",""yes_price_dollars"":""0.4400""}"
KXBTC15M-26APR272230-30,dd205fa8-6270-595e-b9fd-7c4377aacf9f,1777342523,0.43,2.0,no,"{""count_fp"":""2.00"",""created_time"":""2026-04-28T02:15:23.777051Z"",""no_price_dollars"":""0.5700"",""taker_side"":""no"",""ticker"":""KXBTC15M-26APR272230-30"",""trade_id"":""dd205fa8-6270-595e-b9fd-7c4377aacf9f"",""yes_price_dollars"":""0.4300""}"
KXBTC15M-26APR272230-30,c5a06a77-6ad3-545e-8b3f-200a1c66c1e5,1777342523,0.43,1.0,no,"{""count_fp"":""1.00"",""created_time"":""2026-04-28T02:15:23.777051Z"",""no_price_dollars"":""0.5700"",""taker_side"":""no"",""ticker"":""KXBTC15M-26APR272230-30"",""trade_id"":""c5a06a77-6ad3-545e-8b3f-200a1c66c1e5"",""yes_price_dollars"":""0.4300""}"
KXBTC15M-26APR272230-30,af43accf-2f5c-5409-8c38-63a5aa7ed334,1777342523,0.43,1.0,no,"{""count_fp"":""1.00"",""created_time"":""2026-04-28T02:15:23.777051Z"",""no_price_dollars"":""0.5700"",""taker_side"":""no"",""ticker"":""KXBTC15M-26APR272230-30"",""trade_id"":""af43accf-2f5c-5409-8c38-63a5aa7ed334"",""yes_price_dollars"":""0.4300""}"
KXBTC15M-26APR272230-30,8bc7f2ed-1f8c-5880-9e65-fcfc82cb1776,1777342523,0.43,17.0,no,"{""count_fp"":""17.00"",""created_time"":""2026-04-28T02:15:23.777051Z"",""no_price_dollars"":""0.5700"",""taker_side"":""no"",""ticker"":""KXBTC15M-26APR272230-30"",""trade_id"":""8bc7f2ed-1f8c-5880-9e65-fcfc82cb1776"",""yes_price_dollars"":""0.4300""}"
KXBTC15M-26APR272230-30,6509ef29-2959-5dce-9d61-c53a5cd36b66,1777342523,0.43,8.2,no,"{""count_fp"":""8.20"",""created_time"":""2026-04-28T02:15:23.777051Z"",""no_price_dollars"":""0.5700"",""taker_side"":""no"",""ticker"":""KXBTC15M-26APR272230-30"",""trade_id"":""6509ef29-2959-5dce-9d61-c53a5cd36b66"",""yes_price_dollars"":""0.4300""}"
KXBTC15M-26APR272230-30,40a9bed0-eea3-5176-b35e-884936634be7,1777342523,0.43,1.28,no,"{""count_fp"":""1.28"",""created_time"":""2026-04-28T02:15:23.777051Z"",""no_price_dollars"":""0.5700"",""taker_side"":""no"",""ticker"":""KXBTC15M-26APR272230-30"",""trade_id"":""40a9bed0-eea3-5176-b35e-884936634be7"",""yes_price_dollars"":""0.4300""}"
KXBTC15M-26APR272230-30,8c50c803-9cec-5959-5a76-c5652ca946bd,1777342523,0.44,3.0,yes,"{""count_fp"":""3.00"",""created_time"":""2026-04-28T02:15:23.706884Z"",""no_price_dollars"":""0.5600"",""taker_side"":""yes"",""ticker"":""KXBTC15M-26APR272230-30"",""trade_id"":""8c50c803-9cec-5959-5a76-c5652ca946bd"",""yes_price_dollars"":""0.4400""}"
KXBTC15M-26APR272230-30,a177dc2a-581c-79d1-fc35-d296e6413629,1777342523,0.44,2.18,yes,"{""count_fp"":""2.18"",""created_time"":""2026-04-28T02:15:23.656432Z"",""no_price_dollars"":""0.5600"",""taker_side"":""yes"",""ticker"":""KXBTC15M-26APR272230-30"",""trade_id"":""a177dc2a-581c-79d1-fc35-d296e6413629"",""yes_price_dollars"":""0.4400""}"
KXBTC15M-26APR272230-30,5e0ddb69-b0bd-7d39-e2b1-9f5a05d6d5bc,1777342524,0.44,218.69,yes,"{""count_fp"":""218.69"",""created_time"":""2026-04-28T02:15:24.757785Z"",""no_price_dollars"":""0.5600"",""taker_side"":""yes"",""ticker"":""KXBTC15M-26APR272230-30"",""trade_id"":""5e0ddb69-b0bd-7d39-e2b1-9f5a05d6d5bc"",""yes_price_dollars"":""0.4400""}"
KXBTC15M-26APR272230-30,c61ac76f-acdc-4347-51e5-b953edb4c6d9,1777342524,0.42,23.2,no,"{""count_fp"":""23.20"",""created_time"":""2026-04-28T02:15:24.345722Z"",""no_price_dollars"":""0.5800"",""taker_side"":""no"",""ticker"":""KXBTC15M-26APR272230-30"",""trade_id"":""c61ac76f-acdc-4347-51e5-b953edb4c6d9"",""yes_price_dollars"":""0.4200""}"
KXBTC15M-26APR272230-30,912b8eb6-e5ad-4a6a-6f6a-dbfae09bcfd6,1777342524,0.43,11.8,no,"{""count_fp"":""11.80"",""created_time"":""2026-04-28T02:15:24.345722Z"",""no_price_dollars"":""0.5700"",""taker_side"":""no"",""ticker"":""KXBTC15M-26APR272230-30"",""trade_id"":""912b8eb6-e5ad-4a6a-6f6a-dbfae09bcfd6"",""yes_price_dollars"":""0.4300""}"
KXBTC15M-26APR272230-30,241725ed-c329-45f7-518f-0516aaf68bb1,1777342524,0.43,2.0,no,"{""count_fp"":""2.00"",""created_time"":""2026-04-28T02:15:24.345722Z"",""no_price_dollars"":""0.5700"",""taker_side"":""no"",""ticker"":""KXBTC15M-26APR272230-30"",""trade_id"":""241725ed-c329-45f7-518f-0516aaf68bb1"",""yes_price_dollars"":""0.4300""}"
KXBTC15M-26APR272230-30,28fd2e73-56b5-65a9-4551-e71ad2d97280,1777342525,0.44,21.86,yes,"{""count_fp"":""21.86"",""created_time"":""2026-04-28T02:15:25.881753Z"",""no_price_dollars"":""0.5600"",""taker_side"":""yes"",""ticker"":""KXBTC15M-26APR272230-30"",""trade_id"":""28fd2e73-56b5-65a9-4551-e71ad2d97280"",""yes_price_dollars"":""0.4400""}"
KXBTC15M-26APR272230-30,211cc5e9-681d-4865-0a8b-f2dee317e8b4,1777342525,0.44,10.93,yes,"{""count_fp"":""10.93"",""created_time"":""2026-04-28T02:15:25.662846Z"",""no_price_dollars"":""0.5600"",""taker_side"":""yes"",""ticker"":""KXBTC15M-26APR272230-30"",""trade_id"":""211cc5e9-681d-4865-0a8b-f2dee317e8b4"",""yes_price_dollars"":""0.4400""}"
KXBTC15M-26APR272230-30,5ce9ecc3-760d-6dc9-49f5-de958b633520,1777342525,0.44,5.0,yes,"{""count_fp"":""5.00"",""created_time"":""2026-04-28T02:15:25.603075Z"",""no_price_dollars"":""0.5600"",""taker_side"":""yes"",""ticker"":""KXBTC15M-26APR272230-30"",""trade_id"":""5ce9ecc3-760d-6dc9-49f5-de958b633520"",""yes_price_dollars"":""0.4400""}"
KXBTC15M-26APR272230-30,f3b2985c-5261-7bc9-9d12-78a746d26888,1777342525,0.44,20.0,yes,"{""count_fp"":""20.00"",""created_time"":""2026-04-28T02:15:25.533565Z"",""no_price_dollars"":""0.5600"",""taker_side"":""yes"",""ticker"":""KXBTC15M-26APR272230-30"",""trade_id"":""f3b2985c-5261-7bc9-9d12-78a746d26888"",""yes_price_dollars"":""0.4400""}"
KXBTC15M-26APR272230-30,f9ad8cb4-399a-4236-4f3e-bf1cce6ac963,1777342525,0.43,2.0,no,"{""count_fp"":""2.00"",""created_time"":""2026-04-28T02:15:25.346723Z"",""no_price_dollars"":""0.5700"",""taker_side"":""no"",""ticker"":""KXBTC15M-26APR272230-30"",""trade_id"":""f9ad8cb4-399a-4236-4f3e-bf1cce6ac963"",""yes_price_dollars"":""0.4300""}"
KXBTC15M-26APR272230-30,97fb3cfb-b4d3-4c67-69b5-ce0b04a964a8,1777342525,0.43,1.05,no,"{""count_fp"":""1.05"",""created_time"":""2026-04-28T02:15:25.346723Z"",""no_price_dollars"":""0.5700"",""taker_side"":""no"",""ticker"":""KXBTC15M-26APR272230-30"",""trade_id"":""97fb3cfb-b4d3-4c67-69b5-ce0b04a964a8"",""yes_price_dollars"":""0.4300""}"
KXBTC15M-26APR272230-30,6091a7a1-2f0c-4a2c-537d-2adf61d0ce36,1777342525,0.43,0.35,no,"{""count_fp"":""0.35"",""created_time"":""2026-04-28T02:15:25.346723Z"",""no_price_dollars"":""0.5700"",""taker_side"":""no"",""ticker"":""KXBTC15M-26APR272230-30"",""trade_id"":""6091a7a1-2f0c-4a2c-537d-2adf61d0ce36"",""yes_price_dollars"":""0.4300""}"
KXBTC15M-26APR272230-30,f3194f37-36f9-41bd-3419-0451d2111f50,1777342526,0.42,2.0,no,"{""count_fp"":""2.00"",""created_time"":""2026-04-28T02:15:26.925788Z"",""no_price_dollars"":""0.5800"",""taker_side"":""no"",""ticker"":""KXBTC15M-26APR272230-30"",""trade_id"":""f3194f37-36f9-41bd-3419-0451d2111f50"",""yes_price_dollars"":""0.4200""}"
KXBTC15M-26APR272230-30,b76d77ad-6006-4c92-2e49-5662f3741061,1777342526,0.42,75.69,no,"{""count_fp"":""75.69"",""created_time"":""2026-04-28T02:15:26.925788Z"",""no_price_dollars"":""0.5800"",""taker_side"":""no"",""ticker"":""KXBTC15M-26APR272230-30"",""trade_id"":""b76d77ad-6006-4c92-2e49-5662f3741061"",""yes_price_dollars"":""0.4200""}"
KXBTC15M-26APR272230-30,b5952d8c-6bd0-4dcb-0aba-264bddfd174d,1777342526,0.42,17.83,no,"{""count_fp"":""17.83"",""created_time"":""2026-04-28T02:15:26.925788Z"",""no_price_dollars"":""0.5800"",""taker_side"":""no"",""ticker"":""KXBTC15M-26APR272230-30"",""trade_id"":""b5952d8c-6bd0-4dcb-0aba-264bddfd174d"",""yes_price_dollars"":""0.4200""}"
KXBTC15M-26APR272230-30,667167cc-8093-49e6-2130-37ef242e0ee2,1777342526,0.42,56.0,no,"{""count_fp"":""56.00"",""created_time"":""2026-04-28T02:15:26.925788Z"",""no_price_dollars"":""0.5800"",""taker_side"":""no"",""ticker"":""KXBTC15M-26APR272230-30"",""trade_id"":""667167cc-8093-49e6-2130-37ef242e0ee2"",""yes_price_dollars"":""0.4200""}"
KXBTC15M-26APR272230-30,29950011-3bad-46f0-24f1-51ecb8fa7a23,1777342526,0.42,3.0,no,"{""count_fp"":""3.00"",""created_time"":""2026-04-28T02:15:26.925788Z"",""no_price_dollars"":""0.5800"",""taker_side"":""no"",""ticker"":""KXBTC15M-26APR272230-30"",""trade_id"":""29950011-3bad-46f0-24f1-51ecb8fa7a23"",""yes_price_dollars"":""0.4200""}"
KXBTC15M-26APR272230-30,286e5da2-3c02-49b4-2b5c-fee19a90348b,1777342526,0.43,1.28,no,"{""count_fp"":""1.28"",""created_time"":""2026-04-28T02:15:26.925788Z"",""no_price_dollars"":""0.5700"",""taker_side"":""no"",""ticker"":""KXBTC15M-26APR272230-30"",""trade_id"":""286e5da2-3c02-49b4-2b5c-fee19a90348b"",""yes_price_dollars"":""0.4300""}"
KXBTC15M-26APR272230-30,a9d7f02e-4ee6-5db8-51f0-947899387317,1777342526,0.44,25.96,yes,"{""count_fp"":""25.96"",""created_time"":""2026-04-28T02:15:26.373899Z"",""no_price_dollars"":""0.5600"",""taker_side"":""yes"",""ticker"":""KXBTC15M-26APR272230-30"",""trade_id"":""a9d7f02e-4ee6-5db8-51f0-947899387317"",""yes_price_dollars"":""0.4400""}"
KXBTC15M-26APR272230-30,37111668-5571-519c-4508-62d431c41df0,1777342526,0.44,3.0,yes,"{""count_fp"":""3.00"",""created_time"":""2026-04-28T02:15:26.373899Z"",""no_price_dollars"":""0.5600"",""taker_side"":""yes"",""ticker"":""KXBTC15M-26APR272230-30"",""trade_id"":""37111668-5571-519c-4508-62d431c41df0"",""yes_price_dollars"":""0.4400""}"
KXBTC15M-26APR272230-30,24d3844e-ca3d-5e79-77f9-b77cf1950ad8,1777342526,0.44,36.64,yes,"{""count_fp"":""36.64"",""created_time"":""2026-04-28T02:15:26.373899Z"",""no_price_dollars"":""0.5600"",""taker_side"":""yes"",""ticker"":""KXBTC15M-26APR272230-30"",""trade_id"":""24d3844e-ca3d-5e79-77f9-b77cf1950ad8"",""yes_price_dollars"":""0.4400""}"
KXBTC15M-26APR272230-30,1f3d98f9-10f5-563d-9ccc-d9137fba5eb8,1777342526,0.44,34.99,yes,"{""count_fp"":""34.99"",""created_time"":""2026-04-28T02:15:26.288512Z"",""no_price_dollars"":""0.5600"",""taker_side"":""yes"",""ticker"":""KXBTC15M-26APR272230-30"",""trade_id"":""1f3d98f9-10f5-563d-9ccc-d9137fba5eb8"",""yes_price_dollars"":""0.4400""}"
KXBTC15M-26APR272230-30,f649b9ad-c660-555c-ebfe-859687bb7efe,1777342526,0.43,1.14,no,"{""count_fp"":""1.14"",""created_time"":""2026-04-28T02:15:26.223703Z"",""no_price_dollars"":""0.5700"",""taker_side"":""no"",""ticker"":""KXBTC15M-26APR272230-30"",""trade_id"":""f649b9ad-c660-555c-ebfe-859687bb7efe"",""yes_price_dollars"":""0.4300""}"
KXBTC15M-26APR272230-30,73084b35-ab7c-5dd7-cc05-42415dcb2ee9,1777342526,0.42,2.82,no,"{""count_fp"":""2.82"",""created_time"":""2026-04-28T02:15:26.223703Z"",""no_price_dollars"":""0.5800"",""taker_side"":""no"",""ticker"":""KXBTC15M-26APR272230-30"",""trade_id"":""73084b35-ab7c-5dd7-cc05-42415dcb2ee9"",""yes_price_dollars"":""0.4200""}"
KXBTC15M-26APR272230-30,4c3071c9-3c1c-56c9-d12c-a2cac65006ff,1777342526,0.43,1.05,no,"{""count_fp"":""1.05"",""created_time"":""2026-04-28T02:15:26.223703Z"",""no_price_dollars"":""0.5700"",""taker_side"":""no"",""ticker"":""KXBTC15M-26APR272230-30"",""trade_id"":""4c3071c9-3c1c-56c9-d12c-a2cac65006ff"",""yes_price_dollars"":""0.4300""}"
KXBTC15M-26APR272230-30,924e8cd2-29e9-5b91-c679-d9d66f48f1b8,1777342526,0.44,15.3,yes,"{""count_fp"":""15.30"",""created_time"":""2026-04-28T02:15:26.076479Z"",""no_price_dollars"":""0.5600"",""taker_side"":""yes"",""ticker"":""KXBTC15M-26APR272230-30"",""trade_id"":""924e8cd2-29e9-5b91-c679-d9d66f48f1b8"",""yes_price_dollars"":""0.4400""}"
KXBTC15M-26APR272230-30,e7a1504e-ed3c-5a38-d53d-1902d6230806,1777342526,0.43,8.51,no,"{""count_fp"":""8.51"",""created_time"":""2026-04-28T02:15:26.024829Z"",""no_price_dollars"":""0.5700"",""taker_side"":""no"",""ticker"":""KXBTC15M-26APR272230-30"",""trade_id"":""e7a1504e-ed3c-5a38-d53d-1902d6230806"",""yes_price_dollars"":""0.4300""}"
KXBTC15M-26APR272230-30,7e3fcd62-cd55-4e9e-e4cc-b9ebf6a87c2c,1777342527,0.44,21.86,yes,"{""count_fp"":""21.86"",""created_time"":""2026-04-28T02:15:27.784295Z"",""no_price_dollars"":""0.5600"",""taker_side"":""yes"",""ticker"":""KXBTC15M-26APR272230-30"",""trade_id"":""7e3fcd62-cd55-4e9e-e4cc-b9ebf6a87c2c"",""yes_price_dollars"":""0.4400""}"
KXBTC15M-26APR272230-30,b3fcad51-4086-69b8-3c3b-adc027882ca7,1777342527,0.44,5.0,yes,"{""count_fp"":""5.00"",""created_time"":""2026-04-28T02:15:27.371696Z"",""no_price_dollars"":""0.5600"",""taker_side"":""yes"",""ticker"":""KXBTC15M-26APR272230-30"",""trade_id"":""b3fcad51-4086-69b8-3c3b-adc027882ca7"",""yes_price_dollars"":""0.4400""}"
KXBTC15M-26APR272230-30,7b987dee-2e20-531c-3e08-ca655a4d60c0,1777342528,0.43,1.0,no,"{""count_fp"":""1.00"",""created_time"":""2026-04-28T02:15:28.814408Z"",""no_price_dollars"":""0.5700"",""taker_side"":""no"",""ticker"":""KXBTC15M-26APR272230-30"",""trade_id"":""7b987dee-2e20-531c-3e08-ca655a4d60c0"",""yes_price_dollars"":""0.4300""}"
KXBTC15M-26APR272230-30,c86c3f8f-6efd-4b66-be91-d71665713f54,1777342528,0.44,0.75,yes,"{""count_fp"":""0.75"",""created_time"":""2026-04-28T02:15:28.707151Z"",""no_price_dollars"":""0.5600"",""taker_side"":""yes"",""ticker"":""KXBTC15M-26APR272230-30"",""trade_id"":""c86c3f8f-6efd-4b66-be91-d71665713f54"",""yes_price_dollars"":""0.4400""}"
KXBTC15M-26APR272230-30,2704ef86-cd49-6122-ac13-02cbea7777a8,1777342528,0.44,380.53,yes,"{""count_fp"":""380.53"",""created_time"":""2026-04-28T02:15:28.639904Z"",""no_price_dollars"":""0.5600"",""taker_side"":""yes"",""ticker"":""KXBTC15M-26APR272230-30"",""trade_id"":""2704ef86-cd49-6122-ac13-02cbea7777a8"",""yes_price_dollars"":""0.4400""}"
KXBTC15M-26APR272230-30,eaf9b3ef-3ba0-4669-4323-b7207502bb46,1777342528,0.43,1.0,no,"{""count_fp"":""1.00"",""created_time"":""2026-04-28T02:15:28.140573Z"",""no_price_dollars"":""0.5700"",""taker_side"":""no"",""ticker"":""KXBTC15M-26APR272230-30"",""trade_id"":""eaf9b3ef-3ba0-4669-4323-b7207502bb46"",""yes_price_dollars"":""0.4300""}"
KXBTC15M-26APR272230-30,a9384c44-d571-4496-4284-4854ccd8313f,1777342528,0.42,79.49,no,"{""count_fp"":""79.49"",""created_time"":""2026-04-28T02:15:28.140573Z"",""no_price_dollars"":""0.5800"",""taker_side"":""no"",""ticker"":""KXBTC15M-26APR272230-30"",""trade_id"":""a9384c44-d571-4496-4284-4854ccd8313f"",""yes_price_dollars"":""0.4200""}"
KXBTC15M-26APR272230-30,7888e47d-9060-44b8-6daa-a3f520b90836,1777342528,0.42,2.0,no,"{""count_fp"":""2.00"",""created_time"":""2026-04-28T02:15:28.140573Z"",""no_price_dollars"":""0.5800"",""taker_side"":""no"",""ticker"":""KXBTC15M-26APR272230-30"",""trade_id"":""7888e47d-9060-44b8-6daa-a3f520b90836"",""yes_price_dollars"":""0.4200""}"
KXBTC15M-26APR272230-30,4e204fda-ced1-4435-44bf-9f671105001b,1777342528,0.43,1.51,no,"{""count_fp"":""1.51"",""created_time"":""2026-04-28T02:15:28.140573Z"",""no_price_dollars"":""0.5700"",""taker_side"":""no"",""ticker"":""KXBTC15M-26APR272230-30"",""trade_id"":""4e204fda-ced1-4435-44bf-9f671105001b"",""yes_price_dollars"":""0.4300""}"
KXBTC15M-26APR272230-30,4664c54a-92f4-4f7b-55ec-a5dca962e29c,1777342528,0.43,2.0,no,"{""count_fp"":""2.00"",""created_time"":""2026-04-28T02:15:28.140573Z"",""no_price_dollars"":""0.5700"",""taker_side"":""no"",""ticker"":""KXBTC15M-26APR272230-30"",""trade_id"":""4664c54a-92f4-4f7b-55ec-a5dca962e29c"",""yes_price_dollars"":""0.4300""}"
KXBTC15M-26APR272230-30,33884a64-fe45-4ce1-7e87-ad6e716e2440,1777342528,0.42,3.0,no,"{""count_fp"":""3.00"",""created_time"":""2026-04-28T02:15:28.140573Z"",""no_price_dollars"":""0.5800"",""taker_side"":""no"",""ticker"":""KXBTC15M-26APR272230-30"",""trade_id"":""33884a64-fe45-4ce1-7e87-ad6e716e2440"",""yes_price_dollars"":""0.4200""}"
KXBTC15M-26APR272230-30,0fa3dff5-c9e5-4830-43d6-1ab52c648949,1777342528,0.43,23.0,no,"{""count_fp"":""23.00"",""created_time"":""2026-04-28T02:15:28.140573Z"",""no_price_dollars"":""0.5700"",""taker_side"":""no"",""ticker"":""KXBTC15M-26APR272230-30"",""trade_id"":""0fa3dff5-c9e5-4830-43d6-1ab52c648949"",""yes_price_dollars"":""0.4300""}"
KXBTC15M-26APR272230-30,1529d674-ec78-4ff4-ed0e-c832d9feba28,1777342529,0.43,0.28,no,"{""count_fp"":""0.28"",""created_time"":""2026-04-28T02:15:29.237861Z"",""no_price_dollars"":""0.5700"",""taker_side"":""no"",""ticker"":""KXBTC15M-26APR272230-30"",""trade_id"":""1529d674-ec78-4ff4-ed0e-c832d9feba28"",""yes_price_dollars"":""0.4300""}"
KXBTC15M-26APR272230-30,5c81616f-7e7d-7687-9069-f9e97ccdc67a,1777342530,0.43,1.0,no,"{""count_fp"":""1.00"",""created_time"":""2026-04-28T02:15:30.838318Z"",""no_price_dollars"":""0.5700"",""taker_side"":""no"",""ticker"":""KXBTC15M-26APR272230-30"",""trade_id"":""5c81616f-7e7d-7687-9069-f9e97ccdc67a"",""yes_price_dollars"":""0.4300""}"
KXBTC15M-26APR272230-30,8ac88e31-2684-45e5-2498-46f75bddaf80,1777342530,0.44,10.0,yes,"{""count_fp"":""10.00"",""created_time"":""2026-04-28T02:15:30.807696Z"",""no_price_dollars"":""0.5600"",""taker_side"":""yes"",""ticker"":""KXBTC15M-26APR272230-30"",""trade_id"":""8ac88e31-2684-45e5-2498-46f75bddaf80"",""yes_price_dollars"":""0.4400""}"
KXBTC15M-26APR272230-30,c5e1689b-4f22-75df-bf6b-488b4cf38b90,1777342530,0.44,3.0,yes,"{""count_fp"":""3.00"",""created_time"":""2026-04-28T02:15:30.607042Z"",""no_price_dollars"":""0.5600"",""taker_side"":""yes"",""ticker"":""KXBTC15M-26APR272230-30"",""trade_id"":""c5e1689b-4f22-75df-bf6b-488b4cf38b90"",""yes_price_dollars"":""0.4400""}"
KXBTC15M-26APR272230-30,8a55a682-4531-7cc3-995d-8f839478539f,1777342530,0.44,8.97,yes,"{""count_fp"":""8.97"",""created_time"":""2026-04-28T02:15:30.607042Z"",""no_price_dollars"":""0.5600"",""taker_side"":""yes"",""ticker"":""KXBTC15M-26APR272230-30"",""trade_id"":""8a55a682-4531-7cc3-995d-8f839478539f"",""yes_price_dollars"":""0.4400""}"
KXBTC15M-26APR272230-30,3cb06344-1a5d-7bae-9c25-1f73e6fd50fc,1777342530,0.44,4.57,yes,"{""count_fp"":""4.57"",""created_time"":""2026-04-28T02:15:30.607042Z"",""no_price_dollars"":""0.5600"",""taker_side"":""yes"",""ticker"":""KXBTC15M-26APR272230-30"",""trade_id"":""3cb06344-1a5d-7bae-9c25-1f73e6fd50fc"",""yes_price_dollars"":""0.4400""}"
KXBTC15M-26APR272230-30,4db7006d-4e39-4e6a-2106-6e723d3bd5b0,1777342530,0.44,0.7,yes,"{""count_fp"":""0.70"",""created_time"":""2026-04-28T02:15:30.527979Z"",""no_price_dollars"":""0.5600"",""taker_side"":""yes"",""ticker"":""KXBTC15M-26APR272230-30"",""trade_id"":""4db7006d-4e39-4e6a-2106-6e723d3bd5b0"",""yes_price_dollars"":""0.4400""}"
KXBTC15M-26APR272230-30,abc9f93e-f338-5a13-340f-9b19c09a8202,1777342530,0.43,1.28,no,"{""count_fp"":""1.28"",""created_time"":""2026-04-28T02:15:30.466608Z"",""no_price_dollars"":""0.5700"",""taker_side"":""no"",""ticker"":""KXBTC15M-26APR272230-30"",""trade_id"":""abc9f93e-f338-5a13-340f-9b19c09a8202"",""yes_price_dollars"":""0.4300""}"
KXBTC15M-26APR272230-30,703d7a64-b305-5437-30e9-5d3dfa682316,1777342530,0.43,0.72,no,"{""count_fp"":""0.72"",""created_time"":""2026-04-28T02:15:30.466608Z"",""no_price_dollars"":""0.5700"",""taker_side"":""no"",""ticker"":""KXBTC15M-26APR272230-30"",""trade_id"":""703d7a64-b305-5437-30e9-5d3dfa682316"",""yes_price_dollars"":""0.4300""}"
KXBTC15M-26APR272230-30,ee3728c8-47bc-5058-7b05-9ece515cd105,1777342531,0.43,1.01,no,"{""count_fp"":""1.01"",""created_time"":""2026-04-28T02:15:31.766148Z"",""no_price_dollars"":""0.5700"",""taker_side"":""no"",""ticker"":""KXBTC15M-26APR272230-30"",""trade_id"":""ee3728c8-47bc-5058-7b05-9ece515cd105"",""yes_price_dollars"":""0.4300""}"
KXBTC15M-26APR272230-30,e04f0a4c-3a87-5229-62f6-3d1c0c89429a,1777342531,0.43,1.0,no,"{""count_fp"":""1.00"",""created_time"":""2026-04-28T02:15:31.766148Z"",""no_price_dollars"":""0.5700"",""taker_side"":""no"",""ticker"":""KXBTC15M-26APR272230-30"",""trade_id"":""e04f0a4c-3a87-5229-62f6-3d1c0c89429a"",""yes_price_dollars"":""0.4300""}"
KXBTC15M-26APR272230-30,0734b363-d981-5b8f-7ac7-6c79224d1186,1777342531,0.43,4.58,no,"{""count_fp"":""4.58"",""created_time"":""2026-04-28T02:15:31.766148Z"",""no_price_dollars"":""0.5700"",""taker_side"":""no"",""ticker"":""KXBTC15M-26APR272230-30"",""trade_id"":""0734b363-d981-5b8f-7ac7-6c79224d1186"",""yes_price_dollars"":""0.4300""}"
KXBTC15M-26APR272230-30,6343704a-4e30-75c5-1e3f-03c4f2309214,1777342531,0.44,2.0,yes,"{""count_fp"":""2.00"",""created_time"":""2026-04-28T02:15:31.249058Z"",""no_price_dollars"":""0.5600"",""taker_side"":""yes"",""ticker"":""KXBTC15M-26APR272230-30"",""trade_id"":""6343704a-4e30-75c5-1e3f-03c4f2309214"",""yes_price_dollars"":""0.4400""}"
KXBTC15M-26APR272230-30,c3252f17-5115-75cb-204d-9eb2600b9b32,1777342531,0.43,1.0,no,"{""count_fp"":""1.00"",""created_time"":""2026-04-28T02:15:31.049494Z"",""no_price_dollars"":""0.5700"",""taker_side"":""no"",""ticker"":""KXBTC15M-26APR272230-30"",""trade_id"":""c3252f17-5115-75cb-204d-9eb2600b9b32"",""yes_price_dollars"":""0.4300""}"
KXBTC15M-26APR272230-30,60725b56-d12c-42ad-3dba-f5e8562c34c8,1777342531,0.44,43.24,yes,"{""count_fp"":""43.24"",""created_time"":""2026-04-28T02:15:31.034159Z"",""no_price_dollars"":""0.5600"",""taker_side"":""yes"",""ticker"":""KXBTC15M-26APR272230-30"",""trade_id"":""60725b56-d12c-42ad-3dba-f5e8562c34c8"",""yes_price_dollars"":""0.4400""}"
KXBTC15M-26APR272230-30,7609ad5b-62fb-5a7a-c79e-bb273bbdc7f7,1777342532,0.44,2.0,yes,"{""count_fp"":""2.00"",""created_time"":""2026-04-28T02:15:32.961086Z"",""no_price_dollars"":""0.5600"",""taker_side"":""yes"",""ticker"":""KXBTC15M-26APR272230-30"",""trade_id"":""7609ad5b-62fb-5a7a-c79e-bb273bbdc7f7"",""yes_price_dollars"":""0.4400""}"
KXBTC15M-26APR272230-30,0d427806-86d8-422d-d605-0c51414a82d8,1777342532,0.44,10.93,yes,"{""count_fp"":""10.93"",""created_time"":""2026-04-28T02:15:32.553398Z"",""no_price_dollars"":""0.5600"",""taker_side"":""yes"",""ticker"":""KXBTC15M-26APR272230-30"",""trade_id"":""0d427806-86d8-422d-d605-0c51414a82d8"",""yes_price_dollars"":""0.4400""}"
KXBTC15M-26APR272230-30,53cb6255-7ca8-7a6d-079a-6b0667919c50,1777342532,0.44,387.74,yes,"{""count_fp"":""387.74"",""created_time"":""2026-04-28T02:15:32.522314Z"",""no_price_dollars"":""0.5600"",""taker_side"":""yes"",""ticker"":""KXBTC15M-26APR272230-30"",""trade_id"":""53cb6255-7ca8-7a6d-079a-6b0667919c50"",""yes_price_dollars"":""0.4400""}"
KXBTC15M-26APR272230-30,8c71e383-47ed-4ac2-1f28-9be5ee97dfbd,1777342532,0.44,10.0,yes,"{""count_fp"":""10.00"",""created_time"":""2026-04-28T02:15:32.197648Z"",""no_price_dollars"":""0.5600"",""taker_side"":""yes"",""ticker"":""KXBTC15M-26APR272230-30"",""trade_id"":""8c71e383-47ed-4ac2-1f28-9be5ee97dfbd"",""yes_price_dollars"":""0.4400""}"
KXBTC15M-26APR272230-30,2690f27c-6cef-4741-1e50-5ddb3cfe8c93,1777342532,0.45,9.45,yes,"{""count_fp"":""9.45"",""created_time"":""2026-04-28T02:15:32.197648Z"",""no_price_dollars"":""0.5500"",""taker_side"":""yes"",""ticker"":""KXBTC15M-26APR272230-30"",""trade_id"":""2690f27c-6cef-4741-1e50-5ddb3cfe8c93"",""yes_price_dollars"":""0.4500""}"
KXBTC15M-26APR272230-30,393acd25-cc53-7fb2-bb26-007315a69ec4,1777342533,0.42,45.43,yes,"{""count_fp"":""45.43"",""created_time"":""2026-04-28T02:15:33.833574Z"",""no_price_dollars"":""0.5800"",""taker_side"":""yes"",""ticker"":""KXBTC15M-26APR272230-30"",""trade_id"":""393acd25-cc53-7fb2-bb26-007315a69ec4"",""yes_price_dollars"":""0.4200""}"
KXBTC15M-26APR272230-30,e51e6c0b-e073-7d3e-d0c4-fef214c029d0,1777342533,0.42,80.0,yes,"{""count_fp"":""80.00"",""created_time"":""2026-04-28T02:15:33.524345Z"",""no_price_dollars"":""0.5800"",""taker_side"":""yes"",""ticker"":""KXBTC15M-26APR272230-30"",""trade_id"":""e51e6c0b-e073-7d3e-d0c4-fef214c029d0"",""yes_price_dollars"":""0.4200""}"
KXBTC15M-26APR272230-30,eba5dc9f-0a0b-745a-63bc-65e1a402659c,1777342533,0.42,10.93,yes,"{""count_fp"":""10.93"",""created_time"":""2026-04-28T02:15:33.506085Z"",""no_price_dollars"":""0.5800"",""taker_side"":""yes"",""ticker"":""KXBTC15M-26APR272230-30"",""trade_id"":""eba5dc9f-0a0b-745a-63bc-65e1a402659c"",""yes_price_dollars"":""0.4200""}"
KXBTC15M-26APR272230-30,ac999028-c0cf-5dd6-6220-0b9642aba628,1777342533,0.42,10.93,yes,"{""count_fp"":""10.93"",""created_time"":""2026-04-28T02:15:33.448354Z"",""no_price_dollars"":""0.5800"",""taker_side"":""yes"",""ticker"":""KXBTC15M-26APR272230-30"",""trade_id"":""ac999028-c0cf-5dd6-6220-0b9642aba628"",""yes_price_dollars"":""0.4200""}"
KXBTC15M-26APR272230-30,fe0a6ff6-2330-5c22-6e0f-179fb8f9ffab,1777342533,0.43,14.0,no,"{""count_fp"":""14.00"",""created_time"":""2026-04-28T02:15:33.408695Z"",""no_price_dollars"":""0.5700"",""taker_side"":""no"",""ticker"":""KXBTC15M-26APR272230-30"",""trade_id"":""fe0a6ff6-2330-5c22-6e0f-179fb8f9ffab"",""yes_price_dollars"":""0.4300""}"
KXBTC15M-26APR272230-30,ccb5e643-3111-57d0-62b4-a57fd3a17e7a,1777342533,0.42,2.0,no,"{""count_fp"":""2.00"",""created_time"":""2026-04-28T02:15:33.408695Z"",""no_price_dollars"":""0.5800"",""taker_side"":""no"",""ticker"":""KXBTC15M-26APR272230-30"",""trade_id"":""ccb5e643-3111-57d0-62b4-a57fd3a17e7a"",""yes_price_dollars"":""0.4200""}"
KXBTC15M-26APR272230-30,b4dae272-1f3c-5c08-5a00-242832ffea05,1777342533,0.43,0.5,no,"{""count_fp"":""0.50"",""created_time"":""2026-04-28T02:15:33.408695Z"",""no_price_dollars"":""0.5700"",""taker_side"":""no"",""ticker"":""KXBTC15M-26APR272230-30"",""trade_id"":""b4dae272-1f3c-5c08-5a00-242832ffea05"",""yes_price_dollars"":""0.4300""}"
KXBTC15M-26APR272230-30,4c2b8d16-b4b5-5b33-5c93-4a71dc53d979,1777342533,0.42,1.34,no,"{""count_fp"":""1.34"",""created_time"":""2026-04-28T02:15:33.408695Z"",""no_price_dollars"":""0.5800"",""taker_side"":""no"",""ticker"":""KXBTC15M-26APR272230-30"",""trade_id"":""4c2b8d16-b4b5-5b33-5c93-4a71dc53d979"",""yes_price_dollars"":""0.4200""}"
KXBTC15M-26APR272230-30,3fc69ad3-3126-7b13-6f21-c15a01d52ed0,1777342534,0.43,4.02,yes,"{""count_fp"":""4.02"",""created_time"":""2026-04-28T02:15:34.658911Z"",""no_price_dollars"":""0.5700"",""taker_side"":""yes"",""ticker"":""KXBTC15M-26APR272230-30"",""trade_id"":""3fc69ad3-3126-7b13-6f21-c15a01d52ed0"",""yes_price_dollars"":""0.4300""}"
KXBTC15M-26APR272230-30,109017f9-5e53-7d46-69b8-7a3e602d854c,1777342534,0.42,34.87,yes,"{""count_fp"":""34.87"",""created_time"":""2026-04-28T02:15:34.658911Z"",""no_price_dollars"":""0.5800"",""taker_side"":""yes"",""ticker"":""KXBTC15M-26APR272230-30"",""trade_id"":""109017f9-5e53-7d46-69b8-7a3e602d854c"",""yes_price_dollars"":""0.4200""}"
KXBTC15M-26APR272230-30,1311fcc7-5bb1-5619-4062-50efbdf7e380,1777342534,0.41,3.26,no,"{""count_fp"":""3.26"",""created_time"":""2026-04-28T02:15:34.253437Z"",""no_price_dollars"":""0.5900"",""taker_side"":""no"",""ticker"":""KXBTC15M-26APR272230-30"",""trade_id"":""1311fcc7-5bb1-5619-4062-50efbdf7e380"",""yes_price_dollars"":""0.4100""}"
KXBTC15M-26APR272230-30,dfb2a883-5e2f-4408-d1df-a198f447c78c,1777342535,0.42,8.23,no,"{""count_fp"":""8.23"",""created_time"":""2026-04-28T02:15:35.800962Z"",""no_price_dollars"":""0.5800"",""taker_side"":""no"",""ticker"":""KXBTC15M-26APR272230-30"",""trade_id"":""dfb2a883-5e2f-4408-d1df-a198f447c78c"",""yes_price_dollars"":""0.4200""}"
KXBTC15M-26APR272230-30,b499a86a-4e4a-5213-c31a-092335897db8,1777342535,0.43,77.75,yes,"{""count_fp"":""77.75"",""created_time"":""2026-04-28T02:15:35.653637Z"",""no_price_dollars"":""0.5700"",""taker_side"":""yes"",""ticker"":""KXBTC15M-26APR272230-30"",""trade_id"":""b499a86a-4e4a-5213-c31a-092335897db8"",""yes_price_dollars"":""0.4300""}"
KXBTC15M-26APR272230-30,fe755469-ad96-6243-1d07-e154797c1628,1777342535,0.43,4.37,yes,"{""count_fp"":""4.37"",""created_time"":""2026-04-28T02:15:35.489773Z"",""no_price_dollars"":""0.5700"",""taker_side"":""yes"",""ticker"":""KXBTC15M-26APR272230-30"",""trade_id"":""fe755469-ad96-6243-1d07-e154797c1628"",""yes_price_dollars"":""0.4300""}"
KXBTC15M-26APR272230-30,bbc66f2e-777e-4ccf-c109-87369b655a34,1777342535,0.43,10.93,yes,"{""count_fp"":""10.93"",""created_time"":""2026-04-28T02:15:35.349758Z"",""no_price_dollars"":""0.5700"",""taker_side"":""yes"",""ticker"":""KXBTC15M-26APR272230-30"",""trade_id"":""bbc66f2e-777e-4ccf-c109-87369b655a34"",""yes_price_dollars"":""0.4300""}"
KXBTC15M-26APR272230-30,ca9adb73-f5d1-6381-10b2-98ee46b20e60,1777342535,0.42,1.31,no,"{""count_fp"":""1.31"",""created_time"":""2026-04-28T02:15:35.112483Z"",""no_price_dollars"":""0.5800"",""taker_side"":""no"",""ticker"":""KXBTC15M-26APR272230-30"",""trade_id"":""ca9adb73-f5d1-6381-10b2-98ee46b20e60"",""yes_price_dollars"":""0.4200""}"
KXBTC15M-26APR272230-30,c3a5a7b8-242a-6346-2c76-87e51acf232b,1777342535,0.42,3.0,no,"{""count_fp"":""3.00"",""created_time"":""2026-04-28T02:15:35.112483Z"",""no_price_dollars"":""0.5800"",""taker_side"":""no"",""ticker"":""KXBTC15M-26APR272230-30"",""trade_id"":""c3a5a7b8-242a-6346-2c76-87e51acf232b"",""yes_price_dollars"":""0.4200""}"
KXBTC15M-26APR272230-30,3bf5b4cc-f2ab-6f0c-3c92-89fa1fddd374,1777342535,0.42,5.27,no,"{""count_fp"":""5.27"",""created_time"":""2026-04-28T02:15:35.112483Z"",""no_price_dollars"":""0.5800"",""taker_side"":""no"",""ticker"":""KXBTC15M-26APR272230-30"",""trade_id"":""3bf5b4cc-f2ab-6f0c-3c92-89fa1fddd374"",""yes_price_dollars"":""0.4200""}"
KXBTC15M-26APR272230-30,1558bcff-6a95-627c-1b98-f8b4fb9c39f8,1777342535,0.42,2.0,no,"{""count_fp"":""2.00"",""created_time"":""2026-04-28T02:15:35.112483Z"",""no_price_dollars"":""0.5800"",""taker_side"":""no"",""ticker"":""KXBTC15M-26APR272230-30"",""trade_id"":""1558bcff-6a95-627c-1b98-f8b4fb9c39f8"",""yes_price_dollars"":""0.4200""}"
KXBTC15M-26APR272230-30,6923f639-4dda-643f-2215-b669db29e184,1777342535,0.43,2.49,yes,"{""count_fp"":""2.49"",""created_time"":""2026-04-28T02:15:35.080126Z"",""no_price_dollars"":""0.5700"",""taker_side"":""yes"",""ticker"":""KXBTC15M-26APR272230-30"",""trade_id"":""6923f639-4dda-643f-2215-b669db29e184"",""yes_price_dollars"":""0.4300""}"
KXBTC15M-26APR272230-30,a3a95b89-1cb9-66ff-c32a-e3eb5dd94984,1777342536,0.42,100.0,yes,"{""count_fp"":""100.00"",""created_time"":""2026-04-28T02:15:36.429539Z"",""no_price_dollars"":""0.5800"",""taker_side"":""yes"",""ticker"":""KXBTC15M-26APR272230-30"",""trade_id"":""a3a95b89-1cb9-66ff-c32a-e3eb5dd94984"",""yes_price_dollars"":""0.4200""}"
KXBTC15M-26APR272230-30,d343456b-741b-6cac-8b99-708031c18f05,1777342536,0.42,1.55,no,"{""count_fp"":""1.55"",""created_time"":""2026-04-28T02:15:36.143229Z"",""no_price_dollars"":""0.5800"",""taker_side"":""no"",""ticker"":""KXBTC15M-26APR272230-30"",""trade_id"":""d343456b-741b-6cac-8b99-708031c18f05"",""yes_price_dollars"":""0.4200""}"
KXBTC15M-26APR272230-30,a33590ba-b55f-6a80-9d91-ebbe7cf4aa6c,1777342536,0.42,3.5,no,"{""count_fp"":""3.50"",""created_time"":""2026-04-28T02:15:36.143229Z"",""no_price_dollars"":""0.5800"",""taker_side"":""no"",""ticker"":""KXBTC15M-26APR272230-30"",""trade_id"":""a33590ba-b55f-6a80-9d91-ebbe7cf4aa6c"",""yes_price_dollars"":""0.4200""}"
KXBTC15M-26APR272230-30,8f951496-0584-6e8e-b6f4-4fbf581acb7b,1777342536,0.42,2.0,no,"{""count_fp"":""2.00"",""created_time"":""2026-04-28T02:15:36.143229Z"",""no_price_dollars"":""0.5800"",""taker_side"":""no"",""ticker"":""KXBTC15M-26APR272230-30"",""trade_id"":""8f951496-0584-6e8e-b6f4-4fbf581acb7b"",""yes_price_dollars"":""0.4200""}"
KXBTC15M-26APR272230-30,2e17a9e9-2ab1-65bd-82db-f06c299cee08,1777342536,0.41,9.42,no,"{""count_fp"":""9.42"",""created_time"":""2026-04-28T02:15:36.143229Z"",""no_price_dollars"":""0.5900"",""taker_side"":""no"",""ticker"":""KXBTC15M-26APR272230-30"",""trade_id"":""2e17a9e9-2ab1-65bd-82db-f06c299cee08"",""yes_price_dollars"":""0.4100""}"
KXBTC15M-26APR272230-30,f8375650-d233-5674-73cf-6e4b71b006d0,1777342536,0.42,2.0,no,"{""count_fp"":""2.00"",""created_time"":""2026-04-28T02:15:36.028194Z"",""no_price_dollars"":""0.5800"",""taker_side"":""no"",""ticker"":""KXBTC15M-26APR272230-30"",""trade_id"":""f8375650-d233-5674-73cf-6e4b71b006d0"",""yes_price_dollars"":""0.4200""}"
KXBTC15M-26APR272230-30,a0d60ae6-6959-60c7-557b-803348e21cf4,1777342537,0.42,11.44,yes,"{""count_fp"":""11.44"",""created_time"":""2026-04-28T02:15:37.857317Z"",""no_price_dollars"":""0.5800"",""taker_side"":""yes"",""ticker"":""KXBTC15M-26APR272230-30"",""trade_id"":""a0d60ae6-6959-60c7-557b-803348e21cf4"",""yes_price_dollars"":""0.4200""}"
KXBTC15M-26APR272230-30,a2aa0999-1b6a-4431-5565-d82ef7d27d80,1777342537,0.41,8.88,no,"{""count_fp"":""8.88"",""created_time"":""2026-04-28T02:15:37.830317Z"",""no_price_dollars"":""0.5900"",""taker_side"":""no"",""ticker"":""KXBTC15M-26APR272230-30"",""trade_id"":""a2aa0999-1b6a-4431-5565-d82ef7d27d80"",""yes_price_dollars"":""0.4100""}"
KXBTC15M-26APR272230-30,8f4cfca3-552e-4315-7f59-02ed22923a7c,1777342537,0.41,5.0,no,"{""count_fp"":""5.00"",""created_time"":""2026-04-28T02:15:37.830317Z"",""no_price_dollars"":""0.5900"",""taker_side"":""no"",""ticker"":""KXBTC15M-26APR272230-30"",""trade_id"":""8f4cfca3-552e-4315-7f59-02ed22923a7c"",""yes_price_dollars"":""0.4100""}"
KXBTC15M-26APR272230-30,56494672-f6a5-41dd-4fd8-669923172470,1777342537,0.41,43.49,no,"{""count_fp"":""43.49"",""created_time"":""2026-04-28T02:15:37.830317Z"",""no_price_dollars"":""0.5900"",""taker_side"":""no"",""ticker"":""KXBTC15M-26APR272230-30"",""trade_id"":""56494672-f6a5-41dd-4fd8-669923172470"",""yes_price_dollars"":""0.4100""}"
KXBTC15M-26APR272230-30,14bf0263-6b14-4047-5871-68ef3a056dc7,1777342537,0.41,25.0,no,"{""count_fp"":""25.00"",""created_time"":""2026-04-28T02:15:37.830317Z"",""no_price_dollars"":""0.5900"",""taker_side"":""no"",""ticker"":""KXBTC15M-26APR272230-30"",""trade_id"":""14bf0263-6b14-4047-5871-68ef3a056dc7"",""yes_price_dollars"":""0.4100""}"
KXBTC15M-26APR272230-30,cd9ae7ae-1a89-461f-8746-ca8fdca343c8,1777342537,0.42,2.0,yes,"{""count_fp"":""2.00"",""created_time"":""2026-04-28T02:15:37.544518Z"",""no_price_dollars"":""0.5800"",""taker_side"":""yes"",""ticker"":""KXBTC15M-26APR272230-30"",""trade_id"":""cd9ae7ae-1a89-461f-8746-ca8fdca343c8"",""yes_price_dollars"":""0.4200""}"
KXBTC15M-26APR272230-30,276852e0-d085-7ae3-d893-3cf308cf8a88,1777342537,0.42,2.0,yes,"{""count_fp"":""2.00"",""created_time"":""2026-04-28T02:15:37.049293Z"",""no_price_dollars"":""0.5800"",""taker_side"":""yes"",""ticker"":""KXBTC15M-26APR272230-30"",""trade_id"":""276852e0-d085-7ae3-d893-3cf308cf8a88"",""yes_price_dollars"":""0.4200""}"
KXBTC15M-26APR272230-30,c57b4d69-1c9f-760c-0e3d-be476b80a0d2,1777342538,0.42,1.0,no,"{""count_fp"":""1.00"",""created_time"":""2026-04-28T02:15:38.896926Z"",""no_price_dollars"":""0.5800"",""taker_side"":""no"",""ticker"":""KXBTC15M-26APR272230-30"",""trade_id"":""c57b4d69-1c9f-760c-0e3d-be476b80a0d2"",""yes_price_dollars"":""0.4200""}"
KXBTC15M-26APR272230-30,f3ee5c39-0cb3-4478-00b2-77db6fa67ae6,1777342538,0.42,8.0,no,"{""count_fp"":""8.00"",""created_time"":""2026-04-28T02:15:38.741608Z"",""no_price_dollars"":""0.5800"",""taker_side"":""no"",""ticker"":""KXBTC15M-26APR272230-30"",""trade_id"":""f3ee5c39-0cb3-4478-00b2-77db6fa67ae6"",""yes_price_dollars"":""0.4200""}"
KXBTC15M-26APR272230-30,5351fa86-e319-5a0f-7f86-01e3cdebfc9b,1777342538,0.43,3.0,yes,"{""count_fp"":""3.00"",""created_time"":""2026-04-28T02:15:38.579984Z"",""no_price_dollars"":""0.5700"",""taker_side"":""yes"",""ticker"":""KXBTC15M-26APR272230-30"",""trade_id"":""5351fa86-e319-5a0f-7f86-01e3cdebfc9b"",""yes_price_dollars"":""0.4300""}"
KXBTC15M-26APR272230-30,466605d1-031c-53e8-7d5a-cd8d8497119f,1777342538,0.43,8.18,yes,"{""count_fp"":""8.18"",""created_time"":""2026-04-28T02:15:38.579984Z"",""no_price_dollars"":""0.5700"",""taker_side"":""yes"",""ticker"":""KXBTC15M-26APR272230-30"",""trade_id"":""466605d1-031c-53e8-7d5a-cd8d8497119f"",""yes_price_dollars"":""0.4300""}"
KXBTC15M-26APR272230-30,6b1d5676-9ed2-7254-1d51-647bc65a27f7,1777342538,0.43,190.78,yes,"{""count_fp"":""190.78"",""created_time"":""2026-04-28T02:15:38.340847Z"",""no_price_dollars"":""0.5700"",""taker_side"":""yes"",""ticker"":""KXBTC15M-26APR272230-30"",""trade_id"":""6b1d5676-9ed2-7254-1d51-647bc65a27f7"",""yes_price_dollars"":""0.4300""}"
KXBTC15M-26APR272230-30,2efc5799-2edf-7951-2bde-bf5c36f35eb0,1777342538,0.42,33.0,yes,"{""count_fp"":""33.00"",""created_time"":""2026-04-28T02:15:38.340847Z"",""no_price_dollars"":""0.5800"",""taker_side"":""yes"",""ticker"":""KXBTC15M-26APR272230-30"",""trade_id"":""2efc5799-2edf-7951-2bde-bf5c36f35eb0"",""yes_price_dollars"":""0.4200""}"
KXBTC15M-26APR272230-30,1ade7a57-035a-72d3-160b-736d30e36598,1777342538,0.43,0.44,yes,"{""count_fp"":""0.44"",""created_time"":""2026-04-28T02:15:38.340847Z"",""no_price_dollars"":""0.5700"",""taker_side"":""yes"",""ticker"":""KXBTC15M-26APR272230-30"",""trade_id"":""1ade7a57-035a-72d3-160b-736d30e36598"",""yes_price_dollars"":""0.4300""}"
KXBTC15M-26APR272230-30,6f8b0bef-dd3e-6abd-40ca-15f91243bd7c,1777342538,0.41,8.23,no,"{""count_fp"":""8.23"",""created_time"":""2026-04-28T02:15:38.290698Z"",""no_price_dollars"":""0.5900"",""taker_side"":""no"",""ticker"":""KXBTC15M-26APR272230-30"",""trade_id"":""6f8b0bef-dd3e-6abd-40ca-15f91243bd7c"",""yes_price_dollars"":""0.4100""}"
KXBTC15M-26APR272230-30,ec9e7018-f397-6381-2770-d70a4b8fba0b,1777342539,0.44,2.0,yes,"{""count_fp"":""2.00"",""created_time"":""2026-04-28T02:15:39.900087Z"",""no_price_dollars"":""0.5600"",""taker_side"":""yes"",""ticker"":""KXBTC15M-26APR272230-30"",""trade_id"":""ec9e7018-f397-6381-2770-d70a4b8fba0b"",""yes_price_dollars"":""0.4400""}"
KXBTC15M-26APR272230-30,c01a76ee-bbfa-6776-23ec-95f6540cfc58,1777342539,0.43,3.0,yes,"{""count_fp"":""3.00"",""created_time"":""2026-04-28T02:15:39.900087Z"",""no_price_dollars"":""0.5700"",""taker_side"":""yes"",""ticker"":""KXBTC15M-26APR272230-30"",""trade_id"":""c01a76ee-bbfa-6776-23ec-95f6540cfc58"",""yes_price_dollars"":""0.4300""}"
KXBTC15M-26APR272230-30,ebc88094-6533-7998-4dfb-075900ebe6fa,1777342539,0.42,8.23,no,"{""count_fp"":""8.23"",""created_time"":""2026-04-28T02:15:39.658757Z"",""no_price_dollars"":""0.5800"",""taker_side"":""no"",""ticker"":""KXBTC15M-26APR272230-30"",""trade_id"":""ebc88094-6533-7998-4dfb-075900ebe6fa"",""yes_price_dollars"":""0.4200""}"
KXBTC15M-26APR272230-30,264e94c7-2f84-48d5-0eac-9c731627b2c1,1777342539,0.43,0.43,yes,"{""count_fp"":""0.43"",""created_time"":""2026-04-28T02:15:39.054801Z"",""no_price_dollars"":""0.5700"",""taker_side"":""yes"",""ticker"":""KXBTC15M-26APR272230-30"",""trade_id"":""264e94c7-2f84-48d5-0eac-9c731627b2c1"",""yes_price_dollars"":""0.4300""}"
KXBTC15M-26APR272230-30,b15b4363-d565-750b-75cd-3276063cc759,1777342540,0.42,1.0,no,"{""count_fp"":""1.00"",""created_time"":""2026-04-28T02:15:40.879908Z"",""no_price_dollars"":""0.5800"",""taker_side"":""no"",""ticker"":""KXBTC15M-26APR272230-30"",""trade_id"":""b15b4363-d565-750b-75cd-3276063cc759"",""yes_price_dollars"":""0.4200""}"
KXBTC15M-26APR272230-30,20537004-d77c-45de-e16a-1a54948b1ece,1777342540,0.42,2.0,no,"{""count_fp"":""2.00"",""created_time"":""2026-04-28T02:15:40.760672Z"",""no_price_dollars"":""0.5800"",""taker_side"":""no"",""ticker"":""KXBTC15M-26APR272230-30"",""trade_id"":""20537004-d77c-45de-e16a-1a54948b1ece"",""yes_price_dollars"":""0.4200""}"
KXBTC15M-26APR272230-30,86c4c703-a16e-7f36-1c86-ff3ed889e1b2,1777342540,0.44,2.0,yes,"{""count_fp"":""2.00"",""created_time"":""2026-04-28T02:15:40.729631Z"",""no_price_dollars"":""0.5600"",""taker_side"":""yes"",""ticker"":""KXBTC15M-26APR272230-30"",""trade_id"":""86c4c703-a16e-7f36-1c86-ff3ed889e1b2"",""yes_price_dollars"":""0.4400""}"
KXBTC15M-26APR272230-30,7a3c6768-70ad-77f5-1a5e-c2410694f0a5,1777342540,0.44,4.6,yes,"{""count_fp"":""4.60"",""created_time"":""2026-04-28T02:15:40.729631Z"",""no_price_dollars"":""0.5600"",""taker_side"":""yes"",""ticker"":""KXBTC15M-26APR272230-30"",""trade_id"":""7a3c6768-70ad-77f5-1a5e-c2410694f0a5"",""yes_price_dollars"":""0.4400""}"
KXBTC15M-26APR272230-30,8a8a776b-a68b-785e-0037-9664aa3c3d73,1777342540,0.42,3.0,no,"{""count_fp"":""3.00"",""created_time"":""2026-04-28T02:15:40.342712Z"",""no_price_dollars"":""0.5800"",""taker_side"":""no"",""ticker"":""KXBTC15M-26APR272230-30"",""trade_id"":""8a8a776b-a68b-785e-0037-9664aa3c3d73"",""yes_price_dollars"":""0.4200""}"
KXBTC15M-26APR272230-30,3ad2a419-b60b-78d9-0bde-88ff20a42cfa,1777342540,0.42,8.18,no,"{""count_fp"":""8.18"",""created_time"":""2026-04-28T02:15:40.342712Z"",""no_price_dollars"":""0.5800"",""taker_side"":""no"",""ticker"":""KXBTC15M-26APR272230-30"",""trade_id"":""3ad2a419-b60b-78d9-0bde-88ff20a42cfa"",""yes_price_dollars"":""0.4200""}"
KXBTC15M-26APR272230-30,26146c45-5d6f-78a0-3825-67c7ac0a09ae,1777342540,0.42,0.77,no,"{""count_fp"":""0.77"",""created_time"":""2026-04-28T02:15:40.342712Z"",""no_price_dollars"":""0.5800"",""taker_side"":""no"",""ticker"":""KXBTC15M-26APR272230-30"",""trade_id"":""26146c45-5d6f-78a0-3825-67c7ac0a09ae"",""yes_price_dollars"":""0.4200""}"
KXBTC15M-26APR272230-30,1994847c-6b80-7b35-0081-ce80b738dc7d,1777342540,0.42,1.07,no,"{""count_fp"":""1.07"",""created_time"":""2026-04-28T02:15:40.342712Z"",""no_price_dollars"":""0.5800"",""taker_side"":""no"",""ticker"":""KXBTC15M-26APR272230-30"",""trade_id"":""1994847c-6b80-7b35-0081-ce80b738dc7d"",""yes_price_dollars"":""0.4200""}"
KXBTC15M-26APR272230-30,fed8265f-0ced-43dd-296d-3345884eb061,1777342540,0.43,3.0,yes,"{""count_fp"":""3.00"",""created_time"":""2026-04-28T02:15:40.073356Z"",""no_price_dollars"":""0.5700"",""taker_side"":""yes"",""ticker"":""KXBTC15M-26APR272230-30"",""trade_id"":""fed8265f-0ced-43dd-296d-3345884eb061"",""yes_price_dollars"":""0.4300""}"
KXBTC15M-26APR272230-30,856673c7-a5eb-47cd-39df-e1898a1c7d37,1777342540,0.44,106.39,yes,"{""count_fp"":""106.39"",""created_time"":""2026-04-28T02:15:40.073356Z"",""no_price_dollars"":""0.5600"",""taker_side"":""yes"",""ticker"":""KXBTC15M-26APR272230-30"",""trade_id"":""856673c7-a5eb-47cd-39df-e1898a1c7d37"",""yes_price_dollars"":""0.4400""}"
KXBTC15M-26APR272230-30,ff4ff2db-120c-513b-2cd4-ba3027005bb2,1777342541,0.45,6.0,yes,"{""count_fp"":""6.00"",""created_time"":""2026-04-28T02:15:41.666689Z"",""no_price_dollars"":""0.5500"",""taker_side"":""yes"",""ticker"":""KXBTC15M-26APR272230-30"",""trade_id"":""ff4ff2db-120c-513b-2cd4-ba3027005bb2"",""yes_price_dollars"":""0.4500""}"
KXBTC15M-26APR272230-30,eefb7a61-ae30-540d-1b70-6cec1891c69e,1777342541,0.45,8.28,yes,"{""count_fp"":""8.28"",""created_time"":""2026-04-28T02:15:41.666689Z"",""no_price_dollars"":""0.5500"",""taker_side"":""yes"",""ticker"":""KXBTC15M-26APR272230-30"",""trade_id"":""eefb7a61-ae30-540d-1b70-6cec1891c69e"",""yes_price_dollars"":""0.4500""}"
KXBTC15M-26APR272230-30,c12c8062-d1d5-5815-2626-ae9283248aad,1777342541,0.44,3.72,yes,"{""count_fp"":""3.72"",""created_time"":""2026-04-28T02:15:41.666689Z"",""no_price_dollars"":""0.5600"",""taker_side"":""yes"",""ticker"":""KXBTC15M-26APR272230-30"",""trade_id"":""c12c8062-d1d5-5815-2626-ae9283248aad"",""yes_price_dollars"":""0.4400""}"
KXBTC15M-26APR272230-30,91bd02c4-bf57-56e6-078b-2143377179d6,1777342541,0.45,17.0,yes,"{""count_fp"":""17.00"",""created_time"":""2026-04-28T02:15:41.666689Z"",""no_price_dollars"":""0.5500"",""taker_side"":""yes"",""ticker"":""KXBTC15M-26APR272230-30"",""trade_id"":""91bd02c4-bf57-56e6-078b-2143377179d6"",""yes_price_dollars"":""0.4500""}"
KXBTC15M-26APR272230-30,541d7263-a581-5059-00fe-18ff1e51c67f,1777342541,0.44,3.0,yes,"{""count_fp"":""3.00"",""created_time"":""2026-04-28T02:15:41.666689Z"",""no_price_dollars"":""0.5600"",""taker_side"":""yes"",""ticker"":""KXBTC15M-26APR272230-30"",""trade_id"":""541d7263-a581-5059-00fe-18ff1e51c67f"",""yes_price_dollars"":""0.4400""}"
KXBTC15M-26APR272230-30,1572f373-dca8-5947-1f4c-bfd0e120187d,1777342541,0.45,12.0,yes,"{""count_fp"":""12.00"",""created_time"":""2026-04-28T02:15:41.666689Z"",""no_price_dollars"":""0.5500"",""taker_side"":""yes"",""ticker"":""KXBTC15M-26APR272230-30"",""trade_id"":""1572f373-dca8-5947-1f4c-bfd0e120187d"",""yes_price_dollars"":""0.4500""}"
KXBTC15M-26APR272230-30,65d453a2-5ea1-7cb3-2d4d-1b22920e56b9,1777342541,0.42,1.0,no,"{""count_fp"":""1.00"",""created_time"":""2026-04-28T02:15:41.421774Z"",""no_price_dollars"":""0.5800"",""taker_side"":""no"",""ticker"":""KXBTC15M-26APR272230-30"",""trade_id"":""65d453a2-5ea1-7cb3-2d4d-1b22920e56b9"",""yes_price_dollars"":""0.4200""}"
KXBTC15M-26APR272230-30,d0ccea69-9c5c-6b2d-1f69-a9645bcc92e3,1777342541,0.41,2.52,no,"{""count_fp"":""2.52"",""created_time"":""2026-04-28T02:15:41.392447Z"",""no_price_dollars"":""0.5900"",""taker_side"":""no"",""ticker"":""KXBTC15M-26APR272230-30"",""trade_id"":""d0ccea69-9c5c-6b2d-1f69-a9645bcc92e3"",""yes_price_dollars"":""0.4100""}"
KXBTC15M-26APR272230-30,2515fd66-71a3-6bd9-219f-9e3bdbf226bf,1777342541,0.42,1.07,no,"{""count_fp"":""1.07"",""created_time"":""2026-04-28T02:15:41.392447Z"",""no_price_dollars"":""0.5800"",""taker_side"":""no"",""ticker"":""KXBTC15M-26APR272230-30"",""trade_id"":""2515fd66-71a3-6bd9-219f-9e3bdbf226bf"",""yes_price_dollars"":""0.4200""}"
KXBTC15M-26APR272230-30,02cf93fd-be4d-647a-136b-a605fa84ed17,1777342541,0.42,3.0,no,"{""count_fp"":""3.00"",""created_time"":""2026-04-28T02:15:41.392447Z"",""no_price_dollars"":""0.5800"",""taker_side"":""no"",""ticker"":""KXBTC15M-26APR272230-30"",""trade_id"":""02cf93fd-be4d-647a-136b-a605fa84ed17"",""yes_price_dollars"":""0.4200""}"
KXBTC15M-26APR272230-30,9b3c46ed-1b2e-7c6b-9484-dcda99eaebae,1777342541,0.43,3.0,yes,"{""count_fp"":""3.00"",""created_time"":""2026-04-28T02:15:41.330693Z"",""no_price_dollars"":""0.5700"",""taker_side"":""yes"",""ticker"":""KXBTC15M-26APR272230-30"",""trade_id"":""9b3c46ed-1b2e-7c6b-9484-dcda99eaebae"",""yes_price_dollars"":""0.4300""}"
KXBTC15M-26APR272230-30,7f0a1b0f-86b5-7849-aea6-037313ed5d61,1777342541,0.44,9.68,yes,"{""count_fp"":""9.68"",""created_time"":""2026-04-28T02:15:41.330693Z"",""no_price_dollars"":""0.5600"",""taker_side"":""yes"",""ticker"":""KXBTC15M-26APR272230-30"",""trade_id"":""7f0a1b0f-86b5-7849-aea6-037313ed5d61"",""yes_price_dollars"":""0.4400""}"
KXBTC15M-26APR272230-30,3890b7e4-f004-7050-8901-1ffb8a8f4717,1777342541,0.43,9.18,yes,"{""count_fp"":""9.18"",""created_time"":""2026-04-28T02:15:41.330693Z"",""no_price_dollars"":""0.5700"",""taker_side"":""yes"",""ticker"":""KXBTC15M-26APR272230-30"",""trade_id"":""3890b7e4-f004-7050-8901-1ffb8a8f4717"",""yes_price_dollars"":""0.4300""}"
KXBTC15M-26APR272230-30,95d812bd-d44e-651f-85b6-61281cef6b4a,1777342541,0.43,1.0,yes,"{""count_fp"":""1.00"",""created_time"":""2026-04-28T02:15:41.154614Z"",""no_price_dollars"":""0.5700"",""taker_side"":""yes"",""ticker"":""KXBTC15M-26APR272230-30"",""trade_id"":""95d812bd-d44e-651f-85b6-61281cef6b4a"",""yes_price_dollars"":""0.4300""}"
KXBTC15M-26APR272230-30,a12e2c40-b80d-5721-1ba9-77a7d5414bd3,1777342542,0.43,1.0,no,"{""count_fp"":""1.00"",""created_time"":""2026-04-28T02:15:42.945548Z"",""no_price_dollars"":""0.5700"",""taker_side"":""no"",""ticker"":""KXBTC15M-26APR272230-30"",""trade_id"":""a12e2c40-b80d-5721-1ba9-77a7d5414bd3"",""yes_price_dollars"":""0.4300""}"
KXBTC15M-26APR272230-30,08fce381-ac15-5973-2f42-eb29a1865984,1777342542,0.44,89.66,yes,"{""count_fp"":""89.66"",""created_time"":""2026-04-28T02:15:42.706633Z"",""no_price_dollars"":""0.5600"",""taker_side"":""yes"",""ticker"":""KXBTC15M-26APR272230-30"",""trade_id"":""08fce381-ac15-5973-2f42-eb29a1865984"",""yes_price_dollars"":""0.4400""}"
KXBTC15M-26APR272230-30,0bdfe86d-3aad-4677-07d9-8e0a698068c0,1777342542,0.44,56.5,yes,"{""count_fp"":""56.50"",""created_time"":""2026-04-28T02:15:42.531781Z"",""no_price_dollars"":""0.5600"",""taker_side"":""yes"",""ticker"":""KXBTC15M-26APR272230-30"",""trade_id"":""0bdfe86d-3aad-4677-07d9-8e0a698068c0"",""yes_price_dollars"":""0.4400""}"
KXBTC15M-26APR272230-30,84816153-0885-48f1-2656-4fa0aa763f33,1777342542,0.43,82.67,no,"{""count_fp"":""82.67"",""created_time"":""2026-04-28T02:15:42.225276Z"",""no_price_dollars"":""0.5700"",""taker_side"":""no"",""ticker"":""KXBTC15M-26APR272230-30"",""trade_id"":""84816153-0885-48f1-2656-4fa0aa763f33"",""yes_price_dollars"":""0.4300""}"
KXBTC15M-26APR272230-30,2f686728-376d-724b-c80c-3906c48e8944,1777342542,0.44,8.74,yes,"{""count_fp"":""8.74"",""created_time"":""2026-04-28T02:15:42.145445Z"",""no_price_dollars"":""0.5600"",""taker_side"":""yes"",""ticker"":""KXBTC15M-26APR272230-30"",""trade_id"":""2f686728-376d-724b-c80c-3906c48e8944"",""yes_price_dollars"":""0.4400""}"
KXBTC15M-26APR272230-30,24051799-d455-6095-b688-e9b83f73c3af,1777342542,0.43,3.34,no,"{""count_fp"":""3.34"",""created_time"":""2026-04-28T02:15:42.082977Z"",""no_price_dollars"":""0.5700"",""taker_side"":""no"",""ticker"":""KXBTC15M-26APR272230-30"",""trade_id"":""24051799-d455-6095-b688-e9b83f73c3af"",""yes_price_dollars"":""0.4300""}"
KXBTC15M-26APR272230-30,07b405fe-0138-7da9-21a7-a1b9d0091776,1777342543,0.44,8.74,yes,"{""count_fp"":""8.74"",""created_time"":""2026-04-28T02:15:43.975877Z"",""no_price_dollars"":""0.5600"",""taker_side"":""yes"",""ticker"":""KXBTC15M-26APR272230-30"",""trade_id"":""07b405fe-0138-7da9-21a7-a1b9d0091776"",""yes_price_dollars"":""0.4400""}"
KXBTC15M-26APR272230-30,f6c8abaa-5649-6fdf-4df8-d0e7559469c0,1777342543,0.44,218.69,yes,"{""count_fp"":""218.69"",""created_time"":""2026-04-28T02:15:43.854993Z"",""no_price_dollars"":""0.5600"",""taker_side"":""yes"",""ticker"":""KXBTC15M-26APR272230-30"",""trade_id"":""f6c8abaa-5649-6fdf-4df8-d0e7559469c0"",""yes_price_dollars"":""0.4400""}"
KXBTC15M-26APR272230-30,79ce2524-c411-6a41-3b09-2b5955a35023,1777342543,0.43,53.0,no,"{""count_fp"":""53.00"",""created_time"":""2026-04-28T02:15:43.649619Z"",""no_price_dollars"":""0.5700"",""taker_side"":""no"",""ticker"":""KXBTC15M-26APR272230-30"",""trade_id"":""79ce2524-c411-6a41-3b09-2b5955a35023"",""yes_price_dollars"":""0.4300""}"
KXBTC15M-26APR272230-30,2494c802-fbb9-63f9-8f77-6b6fa1f17107,1777342543,0.43,10.0,no,"{""count_fp"":""10.00"",""created_time"":""2026-04-28T02:15:43.559447Z"",""no_price_dollars"":""0.5700"",""taker_side"":""no"",""ticker"":""KXBTC15M-26APR272230-30"",""trade_id"":""2494c802-fbb9-63f9-8f77-6b6fa1f17107"",""yes_price_dollars"":""0.4300""}"
KXBTC15M-26APR272230-30,2ab87e00-4789-5c07-7d2a-9e29aa731e68,1777342543,0.44,39.38,yes,"{""count_fp"":""39.38"",""created_time"":""2026-04-28T02:15:43.285846Z"",""no_price_dollars"":""0.5600"",""taker_side"":""yes"",""ticker"":""KXBTC15M-26APR272230-30"",""trade_id"":""2ab87e00-4789-5c07-7d2a-9e29aa731e68"",""yes_price_dollars"":""0.4400""}"
KXBTC15M-26APR272230-30,54957ec1-d9c5-49a9-0dc4-5b278dc2f443,1777342543,0.43,8.37,no,"{""count_fp"":""8.37"",""created_time"":""2026-04-28T02:15:43.150519Z"",""no_price_dollars"":""0.5700"",""taker_side"":""no"",""ticker"":""KXBTC15M-26APR272230-30"",""trade_id"":""54957ec1-d9c5-49a9-0dc4-5b278dc2f443"",""yes_price_dollars"":""0.4300""}"
KXBTC15M-26APR272230-30,d37d3015-3dfd-56c5-98ea-48a727eb6553,1777342544,0.43,8.5,no,"{""count_fp"":""8.50"",""created_time"":""2026-04-28T02:15:44.674503Z"",""no_price_dollars"":""0.5700"",""taker_side"":""no"",""ticker"":""KXBTC15M-26APR272230-30"",""trade_id"":""d37d3015-3dfd-56c5-98ea-48a727eb6553"",""yes_price_dollars"":""0.4300""}"
KXBTC15M-26APR272230-30,6be0c052-9294-4659-0b36-21aa815b17ea,1777342545,0.44,437.39,yes,"{""count_fp"":""437.39"",""created_time"":""2026-04-28T02:15:45.926074Z"",""no_price_dollars"":""0.5600"",""taker_side"":""yes"",""ticker"":""KXBTC15M-26APR272230-30"",""trade_id"":""6be0c052-9294-4659-0b36-21aa815b17ea"",""yes_price_dollars"":""0.4400""}"
KXBTC15M-26APR272230-30,147ac1cf-5d89-4eb5-cb73-4ab1258d7f2b,1777342545,0.43,8.51,no,"{""count_fp"":""8.51"",""created_time"":""2026-04-28T02:15:45.635379Z"",""no_price_dollars"":""0.5700"",""taker_side"":""no"",""ticker"":""KXBTC15M-26APR272230-30"",""trade_id"":""147ac1cf-5d89-4eb5-cb73-4ab1258d7f2b"",""yes_price_dollars"":""0.4300""}"
KXBTC15M-26APR272230-30,e3266c7b-d644-6bb9-b35c-d8ed716116ce,1777342545,0.44,9.0,yes,"{""count_fp"":""9.00"",""created_time"":""2026-04-28T02:15:45.344022Z"",""no_price_dollars"":""0.5600"",""taker_side"":""yes"",""ticker"":""KXBTC15M-26APR272230-30"",""trade_id"":""e3266c7b-d644-6bb9-b35c-d8ed716116ce"",""yes_price_dollars"":""0.4400""}"
KXBTC15M-26APR272230-30,ddcfa936-59b4-4ad5-2d8e-c63f9a906636,1777342545,0.44,21.86,yes,"{""count_fp"":""21.86"",""created_time"":""2026-04-28T02:15:45.265305Z"",""no_price_dollars"":""0.5600"",""taker_side"":""yes"",""ticker"":""KXBTC15M-26APR272230-30"",""trade_id"":""ddcfa936-59b4-4ad5-2d8e-c63f9a906636"",""yes_price_dollars"":""0.4400""}"
KXBTC15M-26APR272230-30,25c4b61d-c88c-47b5-41dc-4f0ff1b5790e,1777342545,0.44,5.88,yes,"{""count_fp"":""5.88"",""created_time"":""2026-04-28T02:15:45.240981Z"",""no_price_dollars"":""0.5600"",""taker_side"":""yes"",""ticker"":""KXBTC15M-26APR272230-30"",""trade_id"":""25c4b61d-c88c-47b5-41dc-4f0ff1b5790e"",""yes_price_dollars"":""0.4400""}"
KXBTC15M-26APR272230-30,64f0fb7b-d2cd-4741-b19b-483fad117a0b,1777342545,0.43,17.03,no,"{""count_fp"":""17.03"",""created_time"":""2026-04-28T02:15:45.200408Z"",""no_price_dollars"":""0.5700"",""taker_side"":""no"",""ticker"":""KXBTC15M-26APR272230-30"",""trade_id"":""64f0fb7b-d2cd-4741-b19b-483fad117a0b"",""yes_price_dollars"":""0.4300""}"
KXBTC15M-26APR272230-30,8b832564-b628-5035-56fd-bbbbf3bb09a6,1777342545,0.44,328.04,yes,"{""count_fp"":""328.04"",""created_time"":""2026-04-28T02:15:45.182757Z"",""no_price_dollars"":""0.5600"",""taker_side"":""yes"",""ticker"":""KXBTC15M-26APR272230-30"",""trade_id"":""8b832564-b628-5035-56fd-bbbbf3bb09a6"",""yes_price_dollars"":""0.4400""}"
KXBTC15M-26APR272230-30,9f2032a4-c1b9-4d61-0aab-784daa2278bb,1777342546,0.43,1.0,no,"{""count_fp"":""1.00"",""created_time"":""2026-04-28T02:15:46.972807Z"",""no_price_dollars"":""0.5700"",""taker_side"":""no"",""ticker"":""KXBTC15M-26APR272230-30"",""trade_id"":""9f2032a4-c1b9-4d61-0aab-784daa2278bb"",""yes_price_dollars"":""0.4300""}"
KXBTC15M-26APR272230-30,5347761b-010b-4571-f545-b993cde596eb,1777342546,0.44,0.21,yes,"{""count_fp"":""0.21"",""created_time"":""2026-04-28T02:15:46.943527Z"",""no_price_dollars"":""0.5600"",""taker_side"":""yes"",""ticker"":""KXBTC15M-26APR272230-30"",""trade_id"":""5347761b-010b-4571-f545-b993cde596eb"",""yes_price_dollars"":""0.4400""}"
KXBTC15M-26APR272230-30,5d070475-cc3b-6b5d-aa65-13c37a4c255b,1777342546,0.44,1.18,yes,"{""count_fp"":""1.18"",""created_time"":""2026-04-28T02:15:46.856963Z"",""no_price_dollars"":""0.5600"",""taker_side"":""yes"",""ticker"":""KXBTC15M-26APR272230-30"",""trade_id"":""5d070475-cc3b-6b5d-aa65-13c37a4c255b"",""yes_price_dollars"":""0.4400""}"
KXBTC15M-26APR272230-30,4d42ac45-ba36-608d-8a47-a0931b5702bc,1777342546,0.44,2.0,yes,"{""count_fp"":""2.00"",""created_time"":""2026-04-28T02:15:46.856963Z"",""no_price_dollars"":""0.5600"",""taker_side"":""yes"",""ticker"":""KXBTC15M-26APR272230-30"",""trade_id"":""4d42ac45-ba36-608d-8a47-a0931b5702bc"",""yes_price_dollars"":""0.4400""}"
KXBTC15M-26APR272230-30,4af359c8-c398-6ce5-9810-00f7ba912a7e,1777342546,0.44,43.49,yes,"{""count_fp"":""43.49"",""created_time"":""2026-04-28T02:15:46.856963Z"",""no_price_dollars"":""0.5600"",""taker_side"":""yes"",""ticker"":""KXBTC15M-26APR272230-30"",""trade_id"":""4af359c8-c398-6ce5-9810-00f7ba912a7e"",""yes_price_dollars"":""0.4400""}"
KXBTC15M-26APR272230-30,405de775-1a06-692a-873f-f81392a5ed92,1777342546,0.44,3.0,yes,"{""count_fp"":""3.00"",""created_time"":""2026-04-28T02:15:46.856963Z"",""no_price_dollars"":""0.5600"",""taker_side"":""yes"",""ticker"":""KXBTC15M-26APR272230-30"",""trade_id"":""405de775-1a06-692a-873f-f81392a5ed92"",""yes_price_dollars"":""0.4400""}"
KXBTC15M-26APR272230-30,2f4fd8cc-1ba8-6d01-afd4-ae263a463419,1777342546,0.44,5.0,yes,"{""count_fp"":""5.00"",""created_time"":""2026-04-28T02:15:46.856963Z"",""no_price_dollars"":""0.5600"",""taker_side"":""yes"",""ticker"":""KXBTC15M-26APR272230-30"",""trade_id"":""2f4fd8cc-1ba8-6d01-afd4-ae263a463419"",""yes_price_dollars"":""0.4400""}"
KXBTC15M-26APR272230-30,e84abf3b-883c-7709-3195-292756a5ab8e,1777342546,0.44,27.42,yes,"{""count_fp"":""27.42"",""created_time"":""2026-04-28T02:15:46.830377Z"",""no_price_dollars"":""0.5600"",""taker_side"":""yes"",""ticker"":""KXBTC15M-26APR272230-30"",""trade_id"":""e84abf3b-883c-7709-3195-292756a5ab8e"",""yes_price_dollars"":""0.4400""}"
KXBTC15M-26APR272230-30,f3ec20ff-d910-53b1-fd2b-71c36207f50e,1777342546,0.44,10.93,yes,"{""count_fp"":""10.93"",""created_time"":""2026-04-28T02:15:46.120244Z"",""no_price_dollars"":""0.5600"",""taker_side"":""yes"",""ticker"":""KXBTC15M-26APR272230-30"",""trade_id"":""f3ec20ff-d910-53b1-fd2b-71c36207f50e"",""yes_price_dollars"":""0.4400""}"
KXBTC15M-26APR272230-30,fa043b87-6150-6899-01ba-aa4ac8e31f22,1777342546,0.44,3.0,yes,"{""count_fp"":""3.00"",""created_time"":""2026-04-28T02:15:46.078036Z"",""no_price_dollars"":""0.5600"",""taker_side"":""yes"",""ticker"":""KXBTC15M-26APR272230-30"",""trade_id"":""fa043b87-6150-6899-01ba-aa4ac8e31f22"",""yes_price_dollars"":""0.4400""}"
KXBTC15M-26APR272230-30,8cb241fd-326c-4e8c-4f7b-c21915e85f89,1777342547,0.43,37.17,yes,"{""count_fp"":""37.17"",""created_time"":""2026-04-28T02:15:47.944936Z"",""no_price_dollars"":""0.5700"",""taker_side"":""yes"",""ticker"":""KXBTC15M-26APR272230-30"",""trade_id"":""8cb241fd-326c-4e8c-4f7b-c21915e85f89"",""yes_price_dollars"":""0.4300""}"
KXBTC15M-26APR272230-30,490d963d-6533-454d-b251-8d309b010447,1777342547,0.44,43.67,yes,"{""count_fp"":""43.67"",""created_time"":""2026-04-28T02:15:47.672266Z"",""no_price_dollars"":""0.5600"",""taker_side"":""yes"",""ticker"":""KXBTC15M-26APR272230-30"",""trade_id"":""490d963d-6533-454d-b251-8d309b010447"",""yes_price_dollars"":""0.4400""}"
KXBTC15M-26APR272230-30,393233bd-5192-4e42-b013-1d9e7cd3420f,1777342547,0.43,11.0,yes,"{""count_fp"":""11.00"",""created_time"":""2026-04-28T02:15:47.672266Z"",""no_price_dollars"":""0.5700"",""taker_side"":""yes"",""ticker"":""KXBTC15M-26APR272230-30"",""trade_id"":""393233bd-5192-4e42-b013-1d9e7cd3420f"",""yes_price_dollars"":""0.4300""}"
KXBTC15M-26APR272230-30,b922e938-92fb-435b-fcf9-a1811fabfa68,1777342547,0.43,1.05,no,"{""count_fp"":""1.05"",""created_time"":""2026-04-28T02:15:47.662532Z"",""no_price_dollars"":""0.5700"",""taker_side"":""no"",""ticker"":""KXBTC15M-26APR272230-30"",""trade_id"":""b922e938-92fb-435b-fcf9-a1811fabfa68"",""yes_price_dollars"":""0.4300""}"
KXBTC15M-26APR272230-30,8f7568f0-b0e5-4597-f730-a824afb45ff5,1777342547,0.43,8.18,no,"{""count_fp"":""8.18"",""created_time"":""2026-04-28T02:15:47.662532Z"",""no_price_dollars"":""0.5700"",""taker_side"":""no"",""ticker"":""KXBTC15M-26APR272230-30"",""trade_id"":""8f7568f0-b0e5-4597-f730-a824afb45ff5"",""yes_price_dollars"":""0.4300""}"
KXBTC15M-26APR272230-30,465212f0-d691-47c9-cc34-68a264f4a6db,1777342547,0.43,49.77,no,"{""count_fp"":""49.77"",""created_time"":""2026-04-28T02:15:47.662532Z"",""no_price_dollars"":""0.5700"",""taker_side"":""no"",""ticker"":""KXBTC15M-26APR272230-30"",""trade_id"":""465212f0-d691-47c9-cc34-68a264f4a6db"",""yes_price_dollars"":""0.4300""}"
KXBTC15M-26APR272230-30,14aaeb25-ee5e-4785-d5fe-b42f0d00df54,1777342547,0.43,30.0,no,"{""count_fp"":""30.00"",""created_time"":""2026-04-28T02:15:47.662532Z"",""no_price_dollars"":""0.5700"",""taker_side"":""no"",""ticker"":""KXBTC15M-26APR272230-30"",""trade_id"":""14aaeb25-ee5e-4785-d5fe-b42f0d00df54"",""yes_price_dollars"":""0.4300""}"
KXBTC15M-26APR272230-30,b2287d26-4489-4f02-b7fe-4b0cdd219fa1,1777342548,0.42,201.29,no,"{""count_fp"":""201.29"",""created_time"":""2026-04-28T02:15:48.648846Z"",""no_price_dollars"":""0.5800"",""taker_side"":""no"",""ticker"":""KXBTC15M-26APR272230-30"",""trade_id"":""b2287d26-4489-4f02-b7fe-4b0cdd219fa1"",""yes_price_dollars"":""0.4200""}"
KXBTC15M-26APR272230-30,27b5481c-7b40-44d0-1354-9592de5e3f8d,1777342548,0.43,21.86,yes,"{""count_fp"":""21.86"",""created_time"":""2026-04-28T02:15:48.035003Z"",""no_price_dollars"":""0.5700"",""taker_side"":""yes"",""ticker"":""KXBTC15M-26APR272230-30"",""trade_id"":""27b5481c-7b40-44d0-1354-9592de5e3f8d"",""yes_price_dollars"":""0.4300""}"
KXBTC15M-26APR272230-30,823ee037-9238-40d0-cc1d-c18e7747d109,1777342549,0.43,1.0,yes,"{""count_fp"":""1.00"",""created_time"":""2026-04-28T02:15:49.882914Z"",""no_price_dollars"":""0.5700"",""taker_side"":""yes"",""ticker"":""KXBTC15M-26APR272230-30"",""trade_id"":""823ee037-9238-40d0-cc1d-c18e7747d109"",""yes_price_dollars"":""0.4300""}"
KXBTC15M-26APR272230-30,76d1799c-4c6c-636c-db3e-666a5a7fb8f1,1777342549,0.43,45.92,yes,"{""count_fp"":""45.92"",""created_time"":""2026-04-28T02:15:49.212684Z"",""no_price_dollars"":""0.5700"",""taker_side"":""yes"",""ticker"":""KXBTC15M-26APR272230-30"",""trade_id"":""76d1799c-4c6c-636c-db3e-666a5a7fb8f1"",""yes_price_dollars"":""0.4300""}"
KXBTC15M-26APR272230-30,c9c8ec74-3231-799d-598f-bba81886e2e0,1777342550,0.43,24.59,yes,"{""count_fp"":""24.59"",""created_time"":""2026-04-28T02:15:50.682005Z"",""no_price_dollars"":""0.5700"",""taker_side"":""yes"",""ticker"":""KXBTC15M-26APR272230-30"",""trade_id"":""c9c8ec74-3231-799d-598f-bba81886e2e0"",""yes_price_dollars"":""0.4300""}"
KXBTC15M-26APR272230-30,9b1a7cae-87d3-6f21-4797-d0ac8990d8c3,1777342550,0.44,2.18,yes,"{""count_fp"":""2.18"",""created_time"":""2026-04-28T02:15:50.544971Z"",""no_price_dollars"":""0.5600"",""taker_side"":""yes"",""ticker"":""KXBTC15M-26APR272230-30"",""trade_id"":""9b1a7cae-87d3-6f21-4797-d0ac8990d8c3"",""yes_price_dollars"":""0.4400""}"
KXBTC15M-26APR272230-30,ed8e2a23-49f3-6ddd-d304-694413c07073,1777342550,0.44,16.94,yes,"{""count_fp"":""16.94"",""created_time"":""2026-04-28T02:15:50.516481Z"",""no_price_dollars"":""0.5600"",""taker_side"":""yes"",""ticker"":""KXBTC15M-26APR272230-30"",""trade_id"":""ed8e2a23-49f3-6ddd-d304-694413c07073"",""yes_price_dollars"":""0.4400""}"
KXBTC15M-26APR272230-30,e1fa041e-04fe-63f7-cf74-a2c5c9de4214,1777342550,0.43,4.52,yes,"{""count_fp"":""4.52"",""created_time"":""2026-04-28T02:15:50.516481Z"",""no_price_dollars"":""0.5700"",""taker_side"":""yes"",""ticker"":""KXBTC15M-26APR272230-30"",""trade_id"":""e1fa041e-04fe-63f7-cf74-a2c5c9de4214"",""yes_price_dollars"":""0.4300""}"
KXBTC15M-26APR272230-30,f349456a-7624-5348-a68f-d748025c2d8d,1777342550,0.43,42.42,yes,"{""count_fp"":""42.42"",""created_time"":""2026-04-28T02:15:50.509097Z"",""no_price_dollars"":""0.5700"",""taker_side"":""yes"",""ticker"":""KXBTC15M-26APR272230-30"",""trade_id"":""f349456a-7624-5348-a68f-d748025c2d8d"",""yes_price_dollars"":""0.4300""}"
KXBTC15M-26APR272230-30,9438feff-dd74-5c5b-af69-be4ed00758e4,1777342550,0.43,10.0,yes,"{""count_fp"":""10.00"",""created_time"":""2026-04-28T02:15:50.509097Z"",""no_price_dollars"":""0.5700"",""taker_side"":""yes"",""ticker"":""KXBTC15M-26APR272230-30"",""trade_id"":""9438feff-dd74-5c5b-af69-be4ed00758e4"",""yes_price_dollars"":""0.4300""}"
KXBTC15M-26APR272230-30,58a0c928-978e-5343-9704-a917e29391f4,1777342550,0.43,3.48,yes,"{""count_fp"":""3.48"",""created_time"":""2026-04-28T02:15:50.509097Z"",""no_price_dollars"":""0.5700"",""taker_side"":""yes"",""ticker"":""KXBTC15M-26APR272230-30"",""trade_id"":""58a0c928-978e-5343-9704-a917e29391f4"",""yes_price_dollars"":""0.4300""}"
KXBTC15M-26APR272230-30,5b02e36b-cdb0-7a28-62c6-fea6bc756d2d,1777342550,0.43,54.67,yes,"{""count_fp"":""54.67"",""created_time"":""2026-04-28T02:15:50.505002Z"",""no_price_dollars"":""0.5700"",""taker_side"":""yes"",""ticker"":""KXBTC15M-26APR272230-30"",""trade_id"":""5b02e36b-cdb0-7a28-62c6-fea6bc756d2d"",""yes_price_dollars"":""0.4300""}"
KXBTC15M-26APR272230-30,5de599b3-5714-6c78-8204-ac38bb7222ed,1777342550,0.43,78.27,yes,"{""count_fp"":""78.27"",""created_time"":""2026-04-28T02:15:50.475033Z"",""no_price_dollars"":""0.5700"",""taker_side"":""yes"",""ticker"":""KXBTC15M-26APR272230-30"",""trade_id"":""5de599b3-5714-6c78-8204-ac38bb7222ed"",""yes_price_dollars"":""0.4300""}"
KXBTC15M-26APR272230-30,288e67d5-c011-4785-f9fd-34b8ac497804,1777342551,0.43,54.67,yes,"{""count_fp"":""54.67"",""created_time"":""2026-04-28T02:15:51.931605Z"",""no_price_dollars"":""0.5700"",""taker_side"":""yes"",""ticker"":""KXBTC15M-26APR272230-30"",""trade_id"":""288e67d5-c011-4785-f9fd-34b8ac497804"",""yes_price_dollars"":""0.4300""}"
KXBTC15M-26APR272230-30,b1c91dda-b641-55b5-7a35-df556bbd915c,1777342551,0.43,0.44,yes,"{""count_fp"":""0.44"",""created_time"":""2026-04-28T02:15:51.743484Z"",""no_price_dollars"":""0.5700"",""taker_side"":""yes"",""ticker"":""KXBTC15M-26APR272230-30"",""trade_id"":""b1c91dda-b641-55b5-7a35-df556bbd915c"",""yes_price_dollars"":""0.4300""}"
KXBTC15M-26APR272230-30,79890b5e-a3c9-5b01-af4e-eead2efcafb8,1777342551,0.43,4.37,yes,"{""count_fp"":""4.37"",""created_time"":""2026-04-28T02:15:51.512183Z"",""no_price_dollars"":""0.5700"",""taker_side"":""yes"",""ticker"":""KXBTC15M-26APR272230-30"",""trade_id"":""79890b5e-a3c9-5b01-af4e-eead2efcafb8"",""yes_price_dollars"":""0.4300""}"
KXBTC15M-26APR272230-30,9843b8da-cce5-55f2-42b5-377c59a689dd,1777342551,0.42,1.67,no,"{""count_fp"":""1.67"",""created_time"":""2026-04-28T02:15:51.246378Z"",""no_price_dollars"":""0.5800"",""taker_side"":""no"",""ticker"":""KXBTC15M-26APR272230-30"",""trade_id"":""9843b8da-cce5-55f2-42b5-377c59a689dd"",""yes_price_dollars"":""0.4200""}"
KXBTC15M-26APR272230-30,3b4a2d60-4ded-53dd-3451-425b1f3e58c4,1777342551,0.43,2.18,yes,"{""count_fp"":""2.18"",""created_time"":""2026-04-28T02:15:51.055637Z"",""no_price_dollars"":""0.5700"",""taker_side"":""yes"",""ticker"":""KXBTC15M-26APR272230-30"",""trade_id"":""3b4a2d60-4ded-53dd-3451-425b1f3e58c4"",""yes_price_dollars"":""0.4300""}"
