ticker,trade_id,ts,yes_price,count,taker_side,raw_json
KXBTC15M-26APR272145-45,34e9baab-1dd6-58b8-3c89-38cba6c90c5c,1777339800,0.53,5.0,yes,"{""count_fp"":""5.00"",""created_time"":""2026-04-28T01:30:00.870234Z"",""no_price_dollars"":""0.4700"",""taker_side"":""yes"",""ticker"":""KXBTC15M-26APR272145-45"",""trade_id"":""34e9baab-1dd6-58b8-3c89-38cba6c90c5c"",""yes_price_dollars"":""0.5300""}"
KXBTC15M-26APR272145-45,a640d616-d1fc-7a7f-2c15-545a7d52e33f,1777339800,0.52,1.0,no,"{""count_fp"":""1.00"",""created_time"":""2026-04-28T01:30:00.840902Z"",""no_price_dollars"":""0.4800"",""taker_side"":""no"",""ticker"":""KXBTC15M-26APR272145-45"",""trade_id"":""a640d616-d1fc-7a7f-2c15-545a7d52e33f"",""yes_price_dollars"":""0.5200""}"
KXBTC15M-26APR272145-45,6e488556-e139-6301-bc5f-a2591bb46f76,1777339803,0.55,1.0,yes,"{""count_fp"":""1.00"",""created_time"":""2026-04-28T01:30:03.608876Z"",""no_price_dollars"":""0.4500"",""taker_side"":""yes"",""ticker"":""KXBTC15M-26APR272145-45"",""trade_id"":""6e488556-e139-6301-bc5f-a2591bb46f76"",""yes_price_dollars"":""0.5500""}"
KXBTC15M-26APR272145-45,07e234ad-1577-6be7-9145-55a25bc726a2,1777339803,0.55,1.0,yes,"{""count_fp"":""1.00"",""created_time"":""2026-04-28T01:30:03.608876Z"",""no_price_dollars"":""0.4500"",""taker_side"":""yes"",""ticker"":""KXBTC15M-26APR272145-45"",""trade_id"":""07e234ad-1577-6be7-9145-55a25bc726a2"",""yes_price_dollars"":""0.5500""}"
KXBTC15M-26APR272145-45,d8752c48-02f6-6d6b-c6e2-0c2c2830a3a2,1777339803,0.54,1.0,yes,"{""count_fp"":""1.00"",""created_time"":""2026-04-28T01:30:03.345685Z"",""no_price_dollars"":""0.4600"",""taker_side"":""yes"",""ticker"":""KXBTC15M-26APR272145-45"",""trade_id"":""d8752c48-02f6-6d6b-c6e2-0c2c2830a3a2"",""yes_price_dollars"":""0.5400""}"
KXBTC15M-26APR272145-45,bfa3de89-8f92-67ed-cd71-506ca090540d,1777339803,0.54,9.0,yes,"{""count_fp"":""9.00"",""created_time"":""2026-04-28T01:30:03.345685Z"",""no_price_dollars"":""0.4600"",""taker_side"":""yes"",""ticker"":""KXBTC15M-26APR272145-45"",""trade_id"":""bfa3de89-8f92-67ed-cd71-506ca090540d"",""yes_price_dollars"":""0.5400""}"
KXBTC15M-26APR272145-45,0597c897-c0ea-6c59-e90a-7ca9f3df4d71,1777339803,0.54,1.0,yes,"{""count_fp"":""1.00"",""created_time"":""2026-04-28T01:30:03.345685Z"",""no_price_dollars"":""0.4600"",""taker_side"":""yes"",""ticker"":""KXBTC15M-26APR272145-45"",""trade_id"":""0597c897-c0ea-6c59-e90a-7ca9f3df4d71"",""yes_price_dollars"":""0.5400""}"
KXBTC15M-26APR272145-45,f2fc66c9-30c0-5e4c-57bc-d9f1f0b4efe2,1777339804,0.53,12.0,no,"{""count_fp"":""12.00"",""created_time"":""2026-04-28T01:30:04.468974Z"",""no_price_dollars"":""0.4700"",""taker_side"":""no"",""ticker"":""KXBTC15M-26APR272145-45"",""trade_id"":""f2fc66c9-30c0-5e4c-57bc-d9f1f0b4efe2"",""yes_price_dollars"":""0.5300""}"
KXBTC15M-26APR272145-45,c7fd91ae-0ca0-5c7c-7bb7-00fae73bb485,1777339804,0.52,77.12,no,"{""count_fp"":""77.12"",""created_time"":""2026-04-28T01:30:04.468974Z"",""no_price_dollars"":""0.4800"",""taker_side"":""no"",""ticker"":""KXBTC15M-26APR272145-45"",""trade_id"":""c7fd91ae-0ca0-5c7c-7bb7-00fae73bb485"",""yes_price_dollars"":""0.5200""}"
KXBTC15M-26APR272145-45,289adbbe-6d45-5a2c-56c5-9063ead1f9b6,1777339804,0.52,10.0,no,"{""count_fp"":""10.00"",""created_time"":""2026-04-28T01:30:04.468974Z"",""no_price_dollars"":""0.4800"",""taker_side"":""no"",""ticker"":""KXBTC15M-26APR272145-45"",""trade_id"":""289adbbe-6d45-5a2c-56c5-9063ead1f9b6"",""yes_price_dollars"":""0.5200""}"
KXBTC15M-26APR272145-45,f932f2b6-9a2a-65a1-18f6-e8b33897d303,1777339804,0.53,12.0,yes,"{""count_fp"":""12.00"",""created_time"":""2026-04-28T01:30:04.218521Z"",""no_price_dollars"":""0.4700"",""taker_side"":""yes"",""ticker"":""KXBTC15M-26APR272145-45"",""trade_id"":""f932f2b6-9a2a-65a1-18f6-e8b33897d303"",""yes_price_dollars"":""0.5300""}"
KXBTC15M-26APR272145-45,341f4050-3f48-657f-1a35-dbf4b152f779,1777339804,0.53,150.0,yes,"{""count_fp"":""150.00"",""created_time"":""2026-04-28T01:30:04.218521Z"",""no_price_dollars"":""0.4700"",""taker_side"":""yes"",""ticker"":""KXBTC15M-26APR272145-45"",""trade_id"":""341f4050-3f48-657f-1a35-dbf4b152f779"",""yes_price_dollars"":""0.5300""}"
KXBTC15M-26APR272145-45,fd5a4184-8a48-79e7-727e-5ba4326afaab,1777339804,0.52,26.0,no,"{""count_fp"":""26.00"",""created_time"":""2026-04-28T01:30:04.185981Z"",""no_price_dollars"":""0.4800"",""taker_side"":""no"",""ticker"":""KXBTC15M-26APR272145-45"",""trade_id"":""fd5a4184-8a48-79e7-727e-5ba4326afaab"",""yes_price_dollars"":""0.5200""}"
KXBTC15M-26APR272145-45,f45bef4f-495c-7501-4823-288d45822d22,1777339804,0.52,9.0,no,"{""count_fp"":""9.00"",""created_time"":""2026-04-28T01:30:04.185981Z"",""no_price_dollars"":""0.4800"",""taker_side"":""no"",""ticker"":""KXBTC15M-26APR272145-45"",""trade_id"":""f45bef4f-495c-7501-4823-288d45822d22"",""yes_price_dollars"":""0.5200""}"
KXBTC15M-26APR272145-45,b0fb5297-5027-75c0-5fa8-0804751987fe,1777339804,0.52,5.0,no,"{""count_fp"":""5.00"",""created_time"":""2026-04-28T01:30:04.185981Z"",""no_price_dollars"":""0.4800"",""taker_side"":""no"",""ticker"":""KXBTC15M-26APR272145-45"",""trade_id"":""b0fb5297-5027-75c0-5fa8-0804751987fe"",""yes_price_dollars"":""0.5200""}"
KXBTC15M-26APR272145-45,9fb548c2-904e-7aee-57f8-30956544c97a,1777339804,0.52,3.0,no,"{""count_fp"":""3.00"",""created_time"":""2026-04-28T01:30:04.185981Z"",""no_price_dollars"":""0.4800"",""taker_side"":""no"",""ticker"":""KXBTC15M-26APR272145-45"",""trade_id"":""9fb548c2-904e-7aee-57f8-30956544c97a"",""yes_price_dollars"":""0.5200""}"
KXBTC15M-26APR272145-45,1af62b85-54e4-7537-52e3-0fca7ec540e5,1777339804,0.52,5.0,no,"{""count_fp"":""5.00"",""created_time"":""2026-04-28T01:30:04.185981Z"",""no_price_dollars"":""0.4800"",""taker_side"":""no"",""ticker"":""KXBTC15M-26APR272145-45"",""trade_id"":""1af62b85-54e4-7537-52e3-0fca7ec540e5"",""yes_price_dollars"":""0.5200""}"
KXBTC15M-26APR272145-45,0a89745b-6364-7039-4137-1d400727fc39,1777339804,0.52,3.0,no,"{""count_fp"":""3.00"",""created_time"":""2026-04-28T01:30:04.185981Z"",""no_price_dollars"":""0.4800"",""taker_side"":""no"",""ticker"":""KXBTC15M-26APR272145-45"",""trade_id"":""0a89745b-6364-7039-4137-1d400727fc39"",""yes_price_dollars"":""0.5200""}"
KXBTC15M-26APR272145-45,e6e6490b-6d9a-7fef-eb23-9438dc9cefba,1777339805,0.52,2.0,yes,"{""count_fp"":""2.00"",""created_time"":""2026-04-28T01:30:05.910086Z"",""no_price_dollars"":""0.4800"",""taker_side"":""yes"",""ticker"":""KXBTC15M-26APR272145-45"",""trade_id"":""e6e6490b-6d9a-7fef-eb23-9438dc9cefba"",""yes_price_dollars"":""0.5200""}"
KXBTC15M-26APR272145-45,ce15aa3b-c13b-7a69-e168-617bfa6cbe87,1777339805,0.52,10.0,yes,"{""count_fp"":""10.00"",""created_time"":""2026-04-28T01:30:05.910086Z"",""no_price_dollars"":""0.4800"",""taker_side"":""yes"",""ticker"":""KXBTC15M-26APR272145-45"",""trade_id"":""ce15aa3b-c13b-7a69-e168-617bfa6cbe87"",""yes_price_dollars"":""0.5200""}"
KXBTC15M-26APR272145-45,acc246b2-a48d-7e77-0f68-333c3944e5ad,1777339805,0.54,24.82,yes,"{""count_fp"":""24.82"",""created_time"":""2026-04-28T01:30:05.375894Z"",""no_price_dollars"":""0.4600"",""taker_side"":""yes"",""ticker"":""KXBTC15M-26APR272145-45"",""trade_id"":""acc246b2-a48d-7e77-0f68-333c3944e5ad"",""yes_price_dollars"":""0.5400""}"
KXBTC15M-26APR272145-45,2c6ad7c9-4e87-4db0-95f8-f27445826455,1777339805,0.53,2.0,yes,"{""count_fp"":""2.00"",""created_time"":""2026-04-28T01:30:05.239232Z"",""no_price_dollars"":""0.4700"",""taker_side"":""yes"",""ticker"":""KXBTC15M-26APR272145-45"",""trade_id"":""2c6ad7c9-4e87-4db0-95f8-f27445826455"",""yes_price_dollars"":""0.5300""}"
KXBTC15M-26APR272145-45,e4f79a7c-6924-6b96-d8bf-d06ecf785c28,1777339806,0.54,47.74,yes,"{""count_fp"":""47.74"",""created_time"":""2026-04-28T01:30:06.939414Z"",""no_price_dollars"":""0.4600"",""taker_side"":""yes"",""ticker"":""KXBTC15M-26APR272145-45"",""trade_id"":""e4f79a7c-6924-6b96-d8bf-d06ecf785c28"",""yes_price_dollars"":""0.5400""}"
KXBTC15M-26APR272145-45,6a6e1de0-2cf4-5dee-ee3e-4fa106f189ec,1777339806,0.54,102.26,yes,"{""count_fp"":""102.26"",""created_time"":""2026-04-28T01:30:06.861927Z"",""no_price_dollars"":""0.4600"",""taker_side"":""yes"",""ticker"":""KXBTC15M-26APR272145-45"",""trade_id"":""6a6e1de0-2cf4-5dee-ee3e-4fa106f189ec"",""yes_price_dollars"":""0.5400""}"
KXBTC15M-26APR272145-45,f3e64990-d3de-5861-d8ef-9955592df17f,1777339806,0.51,8.0,no,"{""count_fp"":""8.00"",""created_time"":""2026-04-28T01:30:06.519801Z"",""no_price_dollars"":""0.4900"",""taker_side"":""no"",""ticker"":""KXBTC15M-26APR272145-45"",""trade_id"":""f3e64990-d3de-5861-d8ef-9955592df17f"",""yes_price_dollars"":""0.5100""}"
KXBTC15M-26APR272145-45,f4bdbe6d-5e14-5524-b398-a23e595aca2a,1777339806,0.52,437.12,yes,"{""count_fp"":""437.12"",""created_time"":""2026-04-28T01:30:06.083216Z"",""no_price_dollars"":""0.4800"",""taker_side"":""yes"",""ticker"":""KXBTC15M-26APR272145-45"",""trade_id"":""f4bdbe6d-5e14-5524-b398-a23e595aca2a"",""yes_price_dollars"":""0.5200""}"
KXBTC15M-26APR272145-45,e3b5f763-b720-5499-8612-7c4526f9031b,1777339806,0.57,1.0,yes,"{""count_fp"":""1.00"",""created_time"":""2026-04-28T01:30:06.083216Z"",""no_price_dollars"":""0.4300"",""taker_side"":""yes"",""ticker"":""KXBTC15M-26APR272145-45"",""trade_id"":""e3b5f763-b720-5499-8612-7c4526f9031b"",""yes_price_dollars"":""0.5700""}"
KXBTC15M-26APR272145-45,d64f2b62-b33f-5836-a4e0-5ade6a699dc7,1777339806,0.56,1.0,yes,"{""count_fp"":""1.00"",""created_time"":""2026-04-28T01:30:06.083216Z"",""no_price_dollars"":""0.4400"",""taker_side"":""yes"",""ticker"":""KXBTC15M-26APR272145-45"",""trade_id"":""d64f2b62-b33f-5836-a4e0-5ade6a699dc7"",""yes_price_dollars"":""0.5600""}"
KXBTC15M-26APR272145-45,c60b09ac-a5ed-5a07-9301-d58980ad701d,1777339806,0.53,125.18,yes,"{""count_fp"":""125.18"",""created_time"":""2026-04-28T01:30:06.083216Z"",""no_price_dollars"":""0.4700"",""taker_side"":""yes"",""ticker"":""KXBTC15M-26APR272145-45"",""trade_id"":""c60b09ac-a5ed-5a07-9301-d58980ad701d"",""yes_price_dollars"":""0.5300""}"
KXBTC15M-26APR272145-45,c2a06f0a-b003-5545-8fbc-674ba402d413,1777339806,0.58,2.0,yes,"{""count_fp"":""2.00"",""created_time"":""2026-04-28T01:30:06.083216Z"",""no_price_dollars"":""0.4200"",""taker_side"":""yes"",""ticker"":""KXBTC15M-26APR272145-45"",""trade_id"":""c2a06f0a-b003-5545-8fbc-674ba402d413"",""yes_price_dollars"":""0.5800""}"
KXBTC15M-26APR272145-45,bc5158be-0ef3-5edf-a351-e291dfd1558f,1777339806,0.52,10.0,yes,"{""count_fp"":""10.00"",""created_time"":""2026-04-28T01:30:06.083216Z"",""no_price_dollars"":""0.4800"",""taker_side"":""yes"",""ticker"":""KXBTC15M-26APR272145-45"",""trade_id"":""bc5158be-0ef3-5edf-a351-e291dfd1558f"",""yes_price_dollars"":""0.5200""}"
KXBTC15M-26APR272145-45,6dc261bc-cc31-53e9-bd1e-9e6fae1c502b,1777339806,0.59,5.0,yes,"{""count_fp"":""5.00"",""created_time"":""2026-04-28T01:30:06.083216Z"",""no_price_dollars"":""0.4100"",""taker_side"":""yes"",""ticker"":""KXBTC15M-26APR272145-45"",""trade_id"":""6dc261bc-cc31-53e9-bd1e-9e6fae1c502b"",""yes_price_dollars"":""0.5900""}"
KXBTC15M-26APR272145-45,6d0c5ac3-76b3-5cb5-8cbf-9e9a56cb426d,1777339806,0.58,1.0,yes,"{""count_fp"":""1.00"",""created_time"":""2026-04-28T01:30:06.083216Z"",""no_price_dollars"":""0.4200"",""taker_side"":""yes"",""ticker"":""KXBTC15M-26APR272145-45"",""trade_id"":""6d0c5ac3-76b3-5cb5-8cbf-9e9a56cb426d"",""yes_price_dollars"":""0.5800""}"
KXBTC15M-26APR272145-45,4c0bc9e6-ad05-509d-8f2e-497e19d5a0f4,1777339806,0.59,25.0,yes,"{""count_fp"":""25.00"",""created_time"":""2026-04-28T01:30:06.083216Z"",""no_price_dollars"":""0.4100"",""taker_side"":""yes"",""ticker"":""KXBTC15M-26APR272145-45"",""trade_id"":""4c0bc9e6-ad05-509d-8f2e-497e19d5a0f4"",""yes_price_dollars"":""0.5900""}"
KXBTC15M-26APR272145-45,44433bc9-67c1-58d1-8cec-84f7dce0c267,1777339806,0.59,119.0,yes,"{""count_fp"":""119.00"",""created_time"":""2026-04-28T01:30:06.083216Z"",""no_price_dollars"":""0.4100"",""taker_side"":""yes"",""ticker"":""KXBTC15M-26APR272145-45"",""trade_id"":""44433bc9-67c1-58d1-8cec-84f7dce0c267"",""yes_price_dollars"":""0.5900""}"
KXBTC15M-26APR272145-45,427fe46f-4749-5d10-b73b-2edfb2bc0a0b,1777339806,0.61,4.81,yes,"{""count_fp"":""4.81"",""created_time"":""2026-04-28T01:30:06.083216Z"",""no_price_dollars"":""0.3900"",""taker_side"":""yes"",""ticker"":""KXBTC15M-26APR272145-45"",""trade_id"":""427fe46f-4749-5d10-b73b-2edfb2bc0a0b"",""yes_price_dollars"":""0.6100""}"
KXBTC15M-26APR272145-45,3c986c65-fd76-5147-af89-b5e0fdbc2c93,1777339806,0.6,119.0,yes,"{""count_fp"":""119.00"",""created_time"":""2026-04-28T01:30:06.083216Z"",""no_price_dollars"":""0.4000"",""taker_side"":""yes"",""ticker"":""KXBTC15M-26APR272145-45"",""trade_id"":""3c986c65-fd76-5147-af89-b5e0fdbc2c93"",""yes_price_dollars"":""0.6000""}"
KXBTC15M-26APR272145-45,27e185ab-85e6-5b93-aefc-3a4b907900ce,1777339806,0.52,23.0,yes,"{""count_fp"":""23.00"",""created_time"":""2026-04-28T01:30:06.083216Z"",""no_price_dollars"":""0.4800"",""taker_side"":""yes"",""ticker"":""KXBTC15M-26APR272145-45"",""trade_id"":""27e185ab-85e6-5b93-aefc-3a4b907900ce"",""yes_price_dollars"":""0.5200""}"
KXBTC15M-26APR272145-45,92502c26-e034-7e2d-6394-ab2a4a0560d6,1777339807,0.52,17.62,yes,"{""count_fp"":""17.62"",""created_time"":""2026-04-28T01:30:07.863144Z"",""no_price_dollars"":""0.4800"",""taker_side"":""yes"",""ticker"":""KXBTC15M-26APR272145-45"",""trade_id"":""92502c26-e034-7e2d-6394-ab2a4a0560d6"",""yes_price_dollars"":""0.5200""}"
KXBTC15M-26APR272145-45,95f809cb-a578-4aad-18a5-2f7c64b069ea,1777339807,0.53,43.39,yes,"{""count_fp"":""43.39"",""created_time"":""2026-04-28T01:30:07.074622Z"",""no_price_dollars"":""0.4700"",""taker_side"":""yes"",""ticker"":""KXBTC15M-26APR272145-45"",""trade_id"":""95f809cb-a578-4aad-18a5-2f7c64b069ea"",""yes_price_dollars"":""0.5300""}"
KXBTC15M-26APR272145-45,92597943-70fb-6688-d67c-51171b8a0a73,1777339808,0.52,4.39,yes,"{""count_fp"":""4.39"",""created_time"":""2026-04-28T01:30:08.949333Z"",""no_price_dollars"":""0.4800"",""taker_side"":""yes"",""ticker"":""KXBTC15M-26APR272145-45"",""trade_id"":""92597943-70fb-6688-d67c-51171b8a0a73"",""yes_price_dollars"":""0.5200""}"
KXBTC15M-26APR272145-45,47aab4d8-4898-6325-ced2-fe009c093306,1777339808,0.52,14.2,yes,"{""count_fp"":""14.20"",""created_time"":""2026-04-28T01:30:08.949333Z"",""no_price_dollars"":""0.4800"",""taker_side"":""yes"",""ticker"":""KXBTC15M-26APR272145-45"",""trade_id"":""47aab4d8-4898-6325-ced2-fe009c093306"",""yes_price_dollars"":""0.5200""}"
KXBTC15M-26APR272145-45,7ff3f78a-b885-5bb2-7eb2-1b99a2312cc4,1777339808,0.5,61.0,no,"{""count_fp"":""61.00"",""created_time"":""2026-04-28T01:30:08.874386Z"",""no_price_dollars"":""0.5000"",""taker_side"":""no"",""ticker"":""KXBTC15M-26APR272145-45"",""trade_id"":""7ff3f78a-b885-5bb2-7eb2-1b99a2312cc4"",""yes_price_dollars"":""0.5000""}"
KXBTC15M-26APR272145-45,519f061d-5acf-5215-5cd2-35d35663476c,1777339808,0.5,8.0,no,"{""count_fp"":""8.00"",""created_time"":""2026-04-28T01:30:08.874386Z"",""no_price_dollars"":""0.5000"",""taker_side"":""no"",""ticker"":""KXBTC15M-26APR272145-45"",""trade_id"":""519f061d-5acf-5215-5cd2-35d35663476c"",""yes_price_dollars"":""0.5000""}"
KXBTC15M-26APR272145-45,2ce267ae-89de-52de-58f1-46dff785986e,1777339808,0.5,1.0,no,"{""count_fp"":""1.00"",""created_time"":""2026-04-28T01:30:08.874386Z"",""no_price_dollars"":""0.5000"",""taker_side"":""no"",""ticker"":""KXBTC15M-26APR272145-45"",""trade_id"":""2ce267ae-89de-52de-58f1-46dff785986e"",""yes_price_dollars"":""0.5000""}"
KXBTC15M-26APR272145-45,591ceb04-1f56-61cc-8591-f60b19c8e980,1777339808,0.51,1.76,yes,"{""count_fp"":""1.76"",""created_time"":""2026-04-28T01:30:08.785836Z"",""no_price_dollars"":""0.4900"",""taker_side"":""yes"",""ticker"":""KXBTC15M-26APR272145-45"",""trade_id"":""591ceb04-1f56-61cc-8591-f60b19c8e980"",""yes_price_dollars"":""0.5100""}"
KXBTC15M-26APR272145-45,157cc330-8d0b-4950-d6be-6280d73045e3,1777339808,0.52,8.61,yes,"{""count_fp"":""8.61"",""created_time"":""2026-04-28T01:30:08.598695Z"",""no_price_dollars"":""0.4800"",""taker_side"":""yes"",""ticker"":""KXBTC15M-26APR272145-45"",""trade_id"":""157cc330-8d0b-4950-d6be-6280d73045e3"",""yes_price_dollars"":""0.5200""}"
KXBTC15M-26APR272145-45,9a47ef0b-dc19-5a82-9e84-c3f712259e7c,1777339809,0.5,106.0,no,"{""count_fp"":""106.00"",""created_time"":""2026-04-28T01:30:09.994617Z"",""no_price_dollars"":""0.5000"",""taker_side"":""no"",""ticker"":""KXBTC15M-26APR272145-45"",""trade_id"":""9a47ef0b-dc19-5a82-9e84-c3f712259e7c"",""yes_price_dollars"":""0.5000""}"
KXBTC15M-26APR272145-45,c79a03fc-3511-4302-cee6-8fb6c5158968,1777339809,0.5,6.0,no,"{""count_fp"":""6.00"",""created_time"":""2026-04-28T01:30:09.931305Z"",""no_price_dollars"":""0.5000"",""taker_side"":""no"",""ticker"":""KXBTC15M-26APR272145-45"",""trade_id"":""c79a03fc-3511-4302-cee6-8fb6c5158968"",""yes_price_dollars"":""0.5000""}"
KXBTC15M-26APR272145-45,b8002973-de35-425a-3452-1b7527cf8e58,1777339809,0.5,6.0,no,"{""count_fp"":""6.00"",""created_time"":""2026-04-28T01:30:09.813865Z"",""no_price_dollars"":""0.5000"",""taker_side"":""no"",""ticker"":""KXBTC15M-26APR272145-45"",""trade_id"":""b8002973-de35-425a-3452-1b7527cf8e58"",""yes_price_dollars"":""0.5000""}"
KXBTC15M-26APR272145-45,be317c69-e93d-77c6-c6f3-bba429943000,1777339809,0.5,3.86,no,"{""count_fp"":""3.86"",""created_time"":""2026-04-28T01:30:09.683855Z"",""no_price_dollars"":""0.5000"",""taker_side"":""no"",""ticker"":""KXBTC15M-26APR272145-45"",""trade_id"":""be317c69-e93d-77c6-c6f3-bba429943000"",""yes_price_dollars"":""0.5000""}"
KXBTC15M-26APR272145-45,8c508f8e-07f3-50f4-5c4a-fbaaa4af8901,1777339809,0.52,17.16,yes,"{""count_fp"":""17.16"",""created_time"":""2026-04-28T01:30:09.545401Z"",""no_price_dollars"":""0.4800"",""taker_side"":""yes"",""ticker"":""KXBTC15M-26APR272145-45"",""trade_id"":""8c508f8e-07f3-50f4-5c4a-fbaaa4af8901"",""yes_price_dollars"":""0.5200""}"
KXBTC15M-26APR272145-45,8ba193ae-35de-5ce1-6171-419c7f15e92a,1777339809,0.53,5.0,yes,"{""count_fp"":""5.00"",""created_time"":""2026-04-28T01:30:09.545401Z"",""no_price_dollars"":""0.4700"",""taker_side"":""yes"",""ticker"":""KXBTC15M-26APR272145-45"",""trade_id"":""8ba193ae-35de-5ce1-6171-419c7f15e92a"",""yes_price_dollars"":""0.5300""}"
KXBTC15M-26APR272145-45,72798107-af40-504e-7102-901d9ae2d8a2,1777339809,0.62,111.35,yes,"{""count_fp"":""111.35"",""created_time"":""2026-04-28T01:30:09.545401Z"",""no_price_dollars"":""0.3800"",""taker_side"":""yes"",""ticker"":""KXBTC15M-26APR272145-45"",""trade_id"":""72798107-af40-504e-7102-901d9ae2d8a2"",""yes_price_dollars"":""0.6200""}"
KXBTC15M-26APR272145-45,70987ad6-726f-5b00-4ae7-dd67d3dd2832,1777339809,0.6,1.0,yes,"{""count_fp"":""1.00"",""created_time"":""2026-04-28T01:30:09.545401Z"",""no_price_dollars"":""0.4000"",""taker_side"":""yes"",""ticker"":""KXBTC15M-26APR272145-45"",""trade_id"":""70987ad6-726f-5b00-4ae7-dd67d3dd2832"",""yes_price_dollars"":""0.6000""}"
KXBTC15M-26APR272145-45,5dc65b59-9f66-50de-686f-3cbcc3f29492,1777339809,0.53,65.0,yes,"{""count_fp"":""65.00"",""created_time"":""2026-04-28T01:30:09.545401Z"",""no_price_dollars"":""0.4700"",""taker_side"":""yes"",""ticker"":""KXBTC15M-26APR272145-45"",""trade_id"":""5dc65b59-9f66-50de-686f-3cbcc3f29492"",""yes_price_dollars"":""0.5300""}"
KXBTC15M-26APR272145-45,262cc715-9075-5ed8-612f-d916fbd2777b,1777339809,0.61,127.19,yes,"{""count_fp"":""127.19"",""created_time"":""2026-04-28T01:30:09.545401Z"",""no_price_dollars"":""0.3900"",""taker_side"":""yes"",""ticker"":""KXBTC15M-26APR272145-45"",""trade_id"":""262cc715-9075-5ed8-612f-d916fbd2777b"",""yes_price_dollars"":""0.6100""}"
KXBTC15M-26APR272145-45,b65fe56e-20d5-4ed6-e007-86977574968c,1777339809,0.5,13.0,no,"{""count_fp"":""13.00"",""created_time"":""2026-04-28T01:30:09.513361Z"",""no_price_dollars"":""0.5000"",""taker_side"":""no"",""ticker"":""KXBTC15M-26APR272145-45"",""trade_id"":""b65fe56e-20d5-4ed6-e007-86977574968c"",""yes_price_dollars"":""0.5000""}"
KXBTC15M-26APR272145-45,2a5e525d-c6e4-4b21-3abf-4adcb9aa1c9a,1777339809,0.52,52.77,yes,"{""count_fp"":""52.77"",""created_time"":""2026-04-28T01:30:09.411673Z"",""no_price_dollars"":""0.4800"",""taker_side"":""yes"",""ticker"":""KXBTC15M-26APR272145-45"",""trade_id"":""2a5e525d-c6e4-4b21-3abf-4adcb9aa1c9a"",""yes_price_dollars"":""0.5200""}"
KXBTC15M-26APR272145-45,648b789a-059d-7936-9cdc-1420e686f034,1777339809,0.5,7.0,no,"{""count_fp"":""7.00"",""created_time"":""2026-04-28T01:30:09.082605Z"",""no_price_dollars"":""0.5000"",""taker_side"":""no"",""ticker"":""KXBTC15M-26APR272145-45"",""trade_id"":""648b789a-059d-7936-9cdc-1420e686f034"",""yes_price_dollars"":""0.5000""}"
KXBTC15M-26APR272145-45,f2519ccf-be23-49ac-bfef-be22cfc305d4,1777339810,0.51,46.51,yes,"{""count_fp"":""46.51"",""created_time"":""2026-04-28T01:30:10.844969Z"",""no_price_dollars"":""0.4900"",""taker_side"":""yes"",""ticker"":""KXBTC15M-26APR272145-45"",""trade_id"":""f2519ccf-be23-49ac-bfef-be22cfc305d4"",""yes_price_dollars"":""0.5100""}"
KXBTC15M-26APR272145-45,ba88b121-30a1-45ee-1619-0d8b3037d628,1777339810,0.5,223.82,no,"{""count_fp"":""223.82"",""created_time"":""2026-04-28T01:30:10.694567Z"",""no_price_dollars"":""0.5000"",""taker_side"":""no"",""ticker"":""KXBTC15M-26APR272145-45"",""trade_id"":""ba88b121-30a1-45ee-1619-0d8b3037d628"",""yes_price_dollars"":""0.5000""}"
KXBTC15M-26APR272145-45,a575ff9c-0a3f-4c4e-33fb-025030a5ab30,1777339810,0.5,0.18,no,"{""count_fp"":""0.18"",""created_time"":""2026-04-28T01:30:10.694567Z"",""no_price_dollars"":""0.5000"",""taker_side"":""no"",""ticker"":""KXBTC15M-26APR272145-45"",""trade_id"":""a575ff9c-0a3f-4c4e-33fb-025030a5ab30"",""yes_price_dollars"":""0.5000""}"
KXBTC15M-26APR272145-45,86c8e631-f462-43e7-1c4c-a0f52b55881d,1777339810,0.5,11.0,no,"{""count_fp"":""11.00"",""created_time"":""2026-04-28T01:30:10.694567Z"",""no_price_dollars"":""0.5000"",""taker_side"":""no"",""ticker"":""KXBTC15M-26APR272145-45"",""trade_id"":""86c8e631-f462-43e7-1c4c-a0f52b55881d"",""yes_price_dollars"":""0.5000""}"
KXBTC15M-26APR272145-45,274e7a83-1dcb-42e1-366b-89b881daa46d,1777339810,0.5,120.0,no,"{""count_fp"":""120.00"",""created_time"":""2026-04-28T01:30:10.694567Z"",""no_price_dollars"":""0.5000"",""taker_side"":""no"",""ticker"":""KXBTC15M-26APR272145-45"",""trade_id"":""274e7a83-1dcb-42e1-366b-89b881daa46d"",""yes_price_dollars"":""0.5000""}"
KXBTC15M-26APR272145-45,3346069c-eff9-634a-73fd-2e6dfeb35974,1777339810,0.5,6.0,no,"{""count_fp"":""6.00"",""created_time"":""2026-04-28T01:30:10.568112Z"",""no_price_dollars"":""0.5000"",""taker_side"":""no"",""ticker"":""KXBTC15M-26APR272145-45"",""trade_id"":""3346069c-eff9-634a-73fd-2e6dfeb35974"",""yes_price_dollars"":""0.5000""}"
KXBTC15M-26APR272145-45,ee47b21a-d7fd-6472-afb3-63651ca010d0,1777339810,0.5,17.32,no,"{""count_fp"":""17.32"",""created_time"":""2026-04-28T01:30:10.412583Z"",""no_price_dollars"":""0.5000"",""taker_side"":""no"",""ticker"":""KXBTC15M-26APR272145-45"",""trade_id"":""ee47b21a-d7fd-6472-afb3-63651ca010d0"",""yes_price_dollars"":""0.5000""}"
KXBTC15M-26APR272145-45,5778b096-9756-6129-9780-44f3e8f6efca,1777339810,0.54,2.0,no,"{""count_fp"":""2.00"",""created_time"":""2026-04-28T01:30:10.412583Z"",""no_price_dollars"":""0.4600"",""taker_side"":""no"",""ticker"":""KXBTC15M-26APR272145-45"",""trade_id"":""5778b096-9756-6129-9780-44f3e8f6efca"",""yes_price_dollars"":""0.5400""}"
KXBTC15M-26APR272145-45,8a451f0d-f2d6-6271-7449-050aec357b5a,1777339810,0.54,6.0,no,"{""count_fp"":""6.00"",""created_time"":""2026-04-28T01:30:10.366996Z"",""no_price_dollars"":""0.4600"",""taker_side"":""no"",""ticker"":""KXBTC15M-26APR272145-45"",""trade_id"":""8a451f0d-f2d6-6271-7449-050aec357b5a"",""yes_price_dollars"":""0.5400""}"
KXBTC15M-26APR272145-45,421c0499-d060-6368-8aea-eb6a71cb5486,1777339810,0.58,6.0,yes,"{""count_fp"":""6.00"",""created_time"":""2026-04-28T01:30:10.320883Z"",""no_price_dollars"":""0.4200"",""taker_side"":""yes"",""ticker"":""KXBTC15M-26APR272145-45"",""trade_id"":""421c0499-d060-6368-8aea-eb6a71cb5486"",""yes_price_dollars"":""0.5800""}"
KXBTC15M-26APR272145-45,fdaf6732-8e46-6bd9-722f-17b56cc9ceca,1777339810,0.54,7.0,no,"{""count_fp"":""7.00"",""created_time"":""2026-04-28T01:30:10.153206Z"",""no_price_dollars"":""0.4600"",""taker_side"":""no"",""ticker"":""KXBTC15M-26APR272145-45"",""trade_id"":""fdaf6732-8e46-6bd9-722f-17b56cc9ceca"",""yes_price_dollars"":""0.5400""}"
KXBTC15M-26APR272145-45,ff7527c3-56a1-45e8-e51d-b4c0ee005ef6,1777339811,0.47,1.46,no,"{""count_fp"":""1.46"",""created_time"":""2026-04-28T01:30:11.767888Z"",""no_price_dollars"":""0.5300"",""taker_side"":""no"",""ticker"":""KXBTC15M-26APR272145-45"",""trade_id"":""ff7527c3-56a1-45e8-e51d-b4c0ee005ef6"",""yes_price_dollars"":""0.4700""}"
KXBTC15M-26APR272145-45,328df55e-0873-4af4-fb1b-44bc5d29c49d,1777339811,0.47,4.82,no,"{""count_fp"":""4.82"",""created_time"":""2026-04-28T01:30:11.767888Z"",""no_price_dollars"":""0.5300"",""taker_side"":""no"",""ticker"":""KXBTC15M-26APR272145-45"",""trade_id"":""328df55e-0873-4af4-fb1b-44bc5d29c49d"",""yes_price_dollars"":""0.4700""}"
KXBTC15M-26APR272145-45,58369870-9563-6ca0-b976-144239c55cbc,1777339811,0.51,64.23,yes,"{""count_fp"":""64.23"",""created_time"":""2026-04-28T01:30:11.698667Z"",""no_price_dollars"":""0.4900"",""taker_side"":""yes"",""ticker"":""KXBTC15M-26APR272145-45"",""trade_id"":""58369870-9563-6ca0-b976-144239c55cbc"",""yes_price_dollars"":""0.5100""}"
KXBTC15M-26APR272145-45,7c38765e-14a3-786a-25ca-7cf41a04a460,1777339811,0.5,0.82,no,"{""count_fp"":""0.82"",""created_time"":""2026-04-28T01:30:11.480142Z"",""no_price_dollars"":""0.5000"",""taker_side"":""no"",""ticker"":""KXBTC15M-26APR272145-45"",""trade_id"":""7c38765e-14a3-786a-25ca-7cf41a04a460"",""yes_price_dollars"":""0.5000""}"
KXBTC15M-26APR272145-45,7ae189be-ae1b-7324-1ad5-48006685cff5,1777339811,0.47,0.18,no,"{""count_fp"":""0.18"",""created_time"":""2026-04-28T01:30:11.480142Z"",""no_price_dollars"":""0.5300"",""taker_side"":""no"",""ticker"":""KXBTC15M-26APR272145-45"",""trade_id"":""7ae189be-ae1b-7324-1ad5-48006685cff5"",""yes_price_dollars"":""0.4700""}"
KXBTC15M-26APR272145-45,1b54f1d1-7af7-64bc-59f2-641676fde59c,1777339811,0.51,90.02,yes,"{""count_fp"":""90.02"",""created_time"":""2026-04-28T01:30:11.041082Z"",""no_price_dollars"":""0.4900"",""taker_side"":""yes"",""ticker"":""KXBTC15M-26APR272145-45"",""trade_id"":""1b54f1d1-7af7-64bc-59f2-641676fde59c"",""yes_price_dollars"":""0.5100""}"
KXBTC15M-26APR272145-45,8cace284-96cd-44c3-a7dc-610d60214a33,1777339812,0.49,0.92,no,"{""count_fp"":""0.92"",""created_time"":""2026-04-28T01:30:12.789295Z"",""no_price_dollars"":""0.5100"",""taker_side"":""no"",""ticker"":""KXBTC15M-26APR272145-45"",""trade_id"":""8cace284-96cd-44c3-a7dc-610d60214a33"",""yes_price_dollars"":""0.4900""}"
KXBTC15M-26APR272145-45,068a6aaf-84c5-44cf-b353-5cb883ad4163,1777339812,0.48,0.97,no,"{""count_fp"":""0.97"",""created_time"":""2026-04-28T01:30:12.789295Z"",""no_price_dollars"":""0.5200"",""taker_side"":""no"",""ticker"":""KXBTC15M-26APR272145-45"",""trade_id"":""068a6aaf-84c5-44cf-b353-5cb883ad4163"",""yes_price_dollars"":""0.4800""}"
KXBTC15M-26APR272145-45,f4d43dc6-4186-553f-e51f-7c176f830c49,1777339812,0.49,0.69,yes,"{""count_fp"":""0.69"",""created_time"":""2026-04-28T01:30:12.659198Z"",""no_price_dollars"":""0.5100"",""taker_side"":""yes"",""ticker"":""KXBTC15M-26APR272145-45"",""trade_id"":""f4d43dc6-4186-553f-e51f-7c176f830c49"",""yes_price_dollars"":""0.4900""}"
KXBTC15M-26APR272145-45,ef8cfe40-a3cf-5d18-fcc1-98638258b1ec,1777339812,0.54,49.31,yes,"{""count_fp"":""49.31"",""created_time"":""2026-04-28T01:30:12.659198Z"",""no_price_dollars"":""0.4600"",""taker_side"":""yes"",""ticker"":""KXBTC15M-26APR272145-45"",""trade_id"":""ef8cfe40-a3cf-5d18-fcc1-98638258b1ec"",""yes_price_dollars"":""0.5400""}"
KXBTC15M-26APR272145-45,ac5b6a01-9885-78e3-dbe7-72b84749c9af,1777339812,0.48,16.0,no,"{""count_fp"":""16.00"",""created_time"":""2026-04-28T01:30:12.523636Z"",""no_price_dollars"":""0.5200"",""taker_side"":""no"",""ticker"":""KXBTC15M-26APR272145-45"",""trade_id"":""ac5b6a01-9885-78e3-dbe7-72b84749c9af"",""yes_price_dollars"":""0.4800""}"
KXBTC15M-26APR272145-45,a4e6bda5-960e-6662-d0d5-1ca292acab1d,1777339812,0.55,6.74,yes,"{""count_fp"":""6.74"",""created_time"":""2026-04-28T01:30:12.415246Z"",""no_price_dollars"":""0.4500"",""taker_side"":""yes"",""ticker"":""KXBTC15M-26APR272145-45"",""trade_id"":""a4e6bda5-960e-6662-d0d5-1ca292acab1d"",""yes_price_dollars"":""0.5500""}"
KXBTC15M-26APR272145-45,85320c37-6f66-6264-f8c4-1ba26809d367,1777339812,0.5,9.26,yes,"{""count_fp"":""9.26"",""created_time"":""2026-04-28T01:30:12.415246Z"",""no_price_dollars"":""0.5000"",""taker_side"":""yes"",""ticker"":""KXBTC15M-26APR272145-45"",""trade_id"":""85320c37-6f66-6264-f8c4-1ba26809d367"",""yes_price_dollars"":""0.5000""}"
KXBTC15M-26APR272145-45,56e40d35-e638-6b59-f4a6-5db54b0837fd,1777339812,0.49,10.0,yes,"{""count_fp"":""10.00"",""created_time"":""2026-04-28T01:30:12.415246Z"",""no_price_dollars"":""0.5100"",""taker_side"":""yes"",""ticker"":""KXBTC15M-26APR272145-45"",""trade_id"":""56e40d35-e638-6b59-f4a6-5db54b0837fd"",""yes_price_dollars"":""0.4900""}"
KXBTC15M-26APR272145-45,34493c9c-428e-7714-2259-b69796b3b38f,1777339812,0.49,16.74,yes,"{""count_fp"":""16.74"",""created_time"":""2026-04-28T01:30:12.382673Z"",""no_price_dollars"":""0.5100"",""taker_side"":""yes"",""ticker"":""KXBTC15M-26APR272145-45"",""trade_id"":""34493c9c-428e-7714-2259-b69796b3b38f"",""yes_price_dollars"":""0.4900""}"
KXBTC15M-26APR272145-45,e892140b-cd59-496b-f3ff-b29b964691ff,1777339812,0.48,18.15,no,"{""count_fp"":""18.15"",""created_time"":""2026-04-28T01:30:12.190547Z"",""no_price_dollars"":""0.5200"",""taker_side"":""no"",""ticker"":""KXBTC15M-26APR272145-45"",""trade_id"":""e892140b-cd59-496b-f3ff-b29b964691ff"",""yes_price_dollars"":""0.4800""}"
KXBTC15M-26APR272145-45,f8636a30-7aa3-5100-606a-a3937f33fd74,1777339813,0.54,9.0,yes,"{""count_fp"":""9.00"",""created_time"":""2026-04-28T01:30:13.953662Z"",""no_price_dollars"":""0.4600"",""taker_side"":""yes"",""ticker"":""KXBTC15M-26APR272145-45"",""trade_id"":""f8636a30-7aa3-5100-606a-a3937f33fd74"",""yes_price_dollars"":""0.5400""}"
KXBTC15M-26APR272145-45,a713b850-30cb-7860-1f94-8464df01c9d0,1777339813,0.54,3.58,yes,"{""count_fp"":""3.58"",""created_time"":""2026-04-28T01:30:13.751796Z"",""no_price_dollars"":""0.4600"",""taker_side"":""yes"",""ticker"":""KXBTC15M-26APR272145-45"",""trade_id"":""a713b850-30cb-7860-1f94-8464df01c9d0"",""yes_price_dollars"":""0.5400""}"
KXBTC15M-26APR272145-45,c2753ca2-03d7-64b0-4d79-bc8fd8baa0a4,1777339813,0.54,181.18,yes,"{""count_fp"":""181.18"",""created_time"":""2026-04-28T01:30:13.693543Z"",""no_price_dollars"":""0.4600"",""taker_side"":""yes"",""ticker"":""KXBTC15M-26APR272145-45"",""trade_id"":""c2753ca2-03d7-64b0-4d79-bc8fd8baa0a4"",""yes_price_dollars"":""0.5400""}"
KXBTC15M-26APR272145-45,cb3c04c9-ab87-7964-fb11-d774288907e8,1777339813,0.54,177.4,yes,"{""count_fp"":""177.40"",""created_time"":""2026-04-28T01:30:13.507757Z"",""no_price_dollars"":""0.4600"",""taker_side"":""yes"",""ticker"":""KXBTC15M-26APR272145-45"",""trade_id"":""cb3c04c9-ab87-7964-fb11-d774288907e8"",""yes_price_dollars"":""0.5400""}"
KXBTC15M-26APR272145-45,9ef2fa5a-3c48-7ef6-fa6a-4fe307732496,1777339813,0.53,2.0,yes,"{""count_fp"":""2.00"",""created_time"":""2026-04-28T01:30:13.507757Z"",""no_price_dollars"":""0.4700"",""taker_side"":""yes"",""ticker"":""KXBTC15M-26APR272145-45"",""trade_id"":""9ef2fa5a-3c48-7ef6-fa6a-4fe307732496"",""yes_price_dollars"":""0.5300""}"
KXBTC15M-26APR272145-45,f77855d6-4cb9-40b0-07d4-4692ce1bc738,1777339813,0.49,18.59,no,"{""count_fp"":""18.59"",""created_time"":""2026-04-28T01:30:13.289979Z"",""no_price_dollars"":""0.5100"",""taker_side"":""no"",""ticker"":""KXBTC15M-26APR272145-45"",""trade_id"":""f77855d6-4cb9-40b0-07d4-4692ce1bc738"",""yes_price_dollars"":""0.4900""}"
KXBTC15M-26APR272145-45,a84f81f0-8c68-4701-deda-dca8877077dd,1777339813,0.53,0.72,yes,"{""count_fp"":""0.72"",""created_time"":""2026-04-28T01:30:13.187052Z"",""no_price_dollars"":""0.4700"",""taker_side"":""yes"",""ticker"":""KXBTC15M-26APR272145-45"",""trade_id"":""a84f81f0-8c68-4701-deda-dca8877077dd"",""yes_price_dollars"":""0.5300""}"
KXBTC15M-26APR272145-45,31ce9a72-7712-44de-f908-7a2530e9a0dc,1777339813,0.51,3.0,yes,"{""count_fp"":""3.00"",""created_time"":""2026-04-28T01:30:13.187052Z"",""no_price_dollars"":""0.4900"",""taker_side"":""yes"",""ticker"":""KXBTC15M-26APR272145-45"",""trade_id"":""31ce9a72-7712-44de-f908-7a2530e9a0dc"",""yes_price_dollars"":""0.5100""}"
KXBTC15M-26APR272145-45,3bd7f00e-8193-7758-c1df-6cfc4cb4bdd9,1777339814,0.53,5.81,yes,"{""count_fp"":""5.81"",""created_time"":""2026-04-28T01:30:14.792276Z"",""no_price_dollars"":""0.4700"",""taker_side"":""yes"",""ticker"":""KXBTC15M-26APR272145-45"",""trade_id"":""3bd7f00e-8193-7758-c1df-6cfc4cb4bdd9"",""yes_price_dollars"":""0.5300""}"
KXBTC15M-26APR272145-45,101ade1f-c971-7080-dfd7-08cb0a02365d,1777339814,0.52,3.0,yes,"{""count_fp"":""3.00"",""created_time"":""2026-04-28T01:30:14.792276Z"",""no_price_dollars"":""0.4800"",""taker_side"":""yes"",""ticker"":""KXBTC15M-26APR272145-45"",""trade_id"":""101ade1f-c971-7080-dfd7-08cb0a02365d"",""yes_price_dollars"":""0.5200""}"
KXBTC15M-26APR272145-45,186481f3-5a27-6b80-c061-a30c12271a5e,1777339814,0.52,10.23,no,"{""count_fp"":""10.23"",""created_time"":""2026-04-28T01:30:14.683399Z"",""no_price_dollars"":""0.4800"",""taker_side"":""no"",""ticker"":""KXBTC15M-26APR272145-45"",""trade_id"":""186481f3-5a27-6b80-c061-a30c12271a5e"",""yes_price_dollars"":""0.5200""}"
KXBTC15M-26APR272145-45,174a9114-f8e6-69af-ff38-341da9ee982a,1777339814,0.5,18.75,no,"{""count_fp"":""18.75"",""created_time"":""2026-04-28T01:30:14.683399Z"",""no_price_dollars"":""0.5000"",""taker_side"":""no"",""ticker"":""KXBTC15M-26APR272145-45"",""trade_id"":""174a9114-f8e6-69af-ff38-341da9ee982a"",""yes_price_dollars"":""0.5000""}"
KXBTC15M-26APR272145-45,4d22e664-9cb6-7eae-d892-7ef4b988c3ec,1777339814,0.53,7.41,yes,"{""count_fp"":""7.41"",""created_time"":""2026-04-28T01:30:14.407626Z"",""no_price_dollars"":""0.4700"",""taker_side"":""yes"",""ticker"":""KXBTC15M-26APR272145-45"",""trade_id"":""4d22e664-9cb6-7eae-d892-7ef4b988c3ec"",""yes_price_dollars"":""0.5300""}"
KXBTC15M-26APR272145-45,09e5d4c0-abff-7278-fdac-1582c2105c4d,1777339814,0.53,25.59,yes,"{""count_fp"":""25.59"",""created_time"":""2026-04-28T01:30:14.407626Z"",""no_price_dollars"":""0.4700"",""taker_side"":""yes"",""ticker"":""KXBTC15M-26APR272145-45"",""trade_id"":""09e5d4c0-abff-7278-fdac-1582c2105c4d"",""yes_price_dollars"":""0.5300""}"
KXBTC15M-26APR272145-45,d0cf5406-9797-747c-287b-31cad8e8de2a,1777339814,0.52,1.82,no,"{""count_fp"":""1.82"",""created_time"":""2026-04-28T01:30:14.383615Z"",""no_price_dollars"":""0.4800"",""taker_side"":""no"",""ticker"":""KXBTC15M-26APR272145-45"",""trade_id"":""d0cf5406-9797-747c-287b-31cad8e8de2a"",""yes_price_dollars"":""0.5200""}"
KXBTC15M-26APR272145-45,8c8ff4e4-fc36-7dfe-22c1-50edf9e47aa0,1777339814,0.53,28.59,yes,"{""count_fp"":""28.59"",""created_time"":""2026-04-28T01:30:14.327508Z"",""no_price_dollars"":""0.4700"",""taker_side"":""yes"",""ticker"":""KXBTC15M-26APR272145-45"",""trade_id"":""8c8ff4e4-fc36-7dfe-22c1-50edf9e47aa0"",""yes_price_dollars"":""0.5300""}"
KXBTC15M-26APR272145-45,2ea8a5a1-ef1f-747c-29b7-812a9579831e,1777339814,0.52,18.95,no,"{""count_fp"":""18.95"",""created_time"":""2026-04-28T01:30:14.046311Z"",""no_price_dollars"":""0.4800"",""taker_side"":""no"",""ticker"":""KXBTC15M-26APR272145-45"",""trade_id"":""2ea8a5a1-ef1f-747c-29b7-812a9579831e"",""yes_price_dollars"":""0.5200""}"
KXBTC15M-26APR272145-45,56a02c64-7713-46dc-62c3-eb9260d42b55,1777339815,0.53,1.81,yes,"{""count_fp"":""1.81"",""created_time"":""2026-04-28T01:30:15.862288Z"",""no_price_dollars"":""0.4700"",""taker_side"":""yes"",""ticker"":""KXBTC15M-26APR272145-45"",""trade_id"":""56a02c64-7713-46dc-62c3-eb9260d42b55"",""yes_price_dollars"":""0.5300""}"
KXBTC15M-26APR272145-45,b5f81d71-8562-5ba0-0bb5-e05119593569,1777339815,0.52,10.87,yes,"{""count_fp"":""10.87"",""created_time"":""2026-04-28T01:30:15.856954Z"",""no_price_dollars"":""0.4800"",""taker_side"":""yes"",""ticker"":""KXBTC15M-26APR272145-45"",""trade_id"":""b5f81d71-8562-5ba0-0bb5-e05119593569"",""yes_price_dollars"":""0.5200""}"
KXBTC15M-26APR272145-45,8ff7f937-e4c7-5c34-10bd-0375e4152795,1777339815,0.53,166.79,yes,"{""count_fp"":""166.79"",""created_time"":""2026-04-28T01:30:15.856954Z"",""no_price_dollars"":""0.4700"",""taker_side"":""yes"",""ticker"":""KXBTC15M-26APR272145-45"",""trade_id"":""8ff7f937-e4c7-5c34-10bd-0375e4152795"",""yes_price_dollars"":""0.5300""}"
KXBTC15M-26APR272145-45,064ddcb3-d846-5d70-0516-866f7d504a21,1777339815,0.52,3.0,yes,"{""count_fp"":""3.00"",""created_time"":""2026-04-28T01:30:15.856954Z"",""no_price_dollars"":""0.4800"",""taker_side"":""yes"",""ticker"":""KXBTC15M-26APR272145-45"",""trade_id"":""064ddcb3-d846-5d70-0516-866f7d504a21"",""yes_price_dollars"":""0.5200""}"
KXBTC15M-26APR272145-45,01c42060-8597-51ec-0136-89f73f508728,1777339815,0.52,2.0,yes,"{""count_fp"":""2.00"",""created_time"":""2026-04-28T01:30:15.856954Z"",""no_price_dollars"":""0.4800"",""taker_side"":""yes"",""ticker"":""KXBTC15M-26APR272145-45"",""trade_id"":""01c42060-8597-51ec-0136-89f73f508728"",""yes_price_dollars"":""0.5200""}"
KXBTC15M-26APR272145-45,0e29133f-178e-676c-b0ad-3d3e9f2ed8c5,1777339815,0.52,9.13,yes,"{""count_fp"":""9.13"",""created_time"":""2026-04-28T01:30:15.755076Z"",""no_price_dollars"":""0.4800"",""taker_side"":""yes"",""ticker"":""KXBTC15M-26APR272145-45"",""trade_id"":""0e29133f-178e-676c-b0ad-3d3e9f2ed8c5"",""yes_price_dollars"":""0.5200""}"
KXBTC15M-26APR272145-45,3c98203c-af91-7f48-4244-c4021a5fb60b,1777339815,0.51,19.71,no,"{""count_fp"":""19.71"",""created_time"":""2026-04-28T01:30:15.647536Z"",""no_price_dollars"":""0.4900"",""taker_side"":""no"",""ticker"":""KXBTC15M-26APR272145-45"",""trade_id"":""3c98203c-af91-7f48-4244-c4021a5fb60b"",""yes_price_dollars"":""0.5100""}"
KXBTC15M-26APR272145-45,f0065b02-6705-6457-485d-2ca30b5c733f,1777339816,0.52,13.52,yes,"{""count_fp"":""13.52"",""created_time"":""2026-04-28T01:30:16.961611Z"",""no_price_dollars"":""0.4800"",""taker_side"":""yes"",""ticker"":""KXBTC15M-26APR272145-45"",""trade_id"":""f0065b02-6705-6457-485d-2ca30b5c733f"",""yes_price_dollars"":""0.5200""}"
KXBTC15M-26APR272145-45,a68b8e24-51fb-66d7-5eba-a310bc0dd7d9,1777339816,0.52,3.0,yes,"{""count_fp"":""3.00"",""created_time"":""2026-04-28T01:30:16.961611Z"",""no_price_dollars"":""0.4800"",""taker_side"":""yes"",""ticker"":""KXBTC15M-26APR272145-45"",""trade_id"":""a68b8e24-51fb-66d7-5eba-a310bc0dd7d9"",""yes_price_dollars"":""0.5200""}"
KXBTC15M-26APR272145-45,919a444f-7a39-6c68-4eb6-29a069af481a,1777339816,0.52,2.0,yes,"{""count_fp"":""2.00"",""created_time"":""2026-04-28T01:30:16.961611Z"",""no_price_dollars"":""0.4800"",""taker_side"":""yes"",""ticker"":""KXBTC15M-26APR272145-45"",""trade_id"":""919a444f-7a39-6c68-4eb6-29a069af481a"",""yes_price_dollars"":""0.5200""}"
KXBTC15M-26APR272145-45,88f55bbd-67cc-63b4-4116-4dd162a8b2e1,1777339816,0.52,18.04,yes,"{""count_fp"":""18.04"",""created_time"":""2026-04-28T01:30:16.961611Z"",""no_price_dollars"":""0.4800"",""taker_side"":""yes"",""ticker"":""KXBTC15M-26APR272145-45"",""trade_id"":""88f55bbd-67cc-63b4-4116-4dd162a8b2e1"",""yes_price_dollars"":""0.5200""}"
KXBTC15M-26APR272145-45,e6f20324-7fe5-7e0b-1ba4-dfaa4543038b,1777339816,0.52,5.48,yes,"{""count_fp"":""5.48"",""created_time"":""2026-04-28T01:30:16.405667Z"",""no_price_dollars"":""0.4800"",""taker_side"":""yes"",""ticker"":""KXBTC15M-26APR272145-45"",""trade_id"":""e6f20324-7fe5-7e0b-1ba4-dfaa4543038b"",""yes_price_dollars"":""0.5200""}"
KXBTC15M-26APR272145-45,917075b4-acb5-66cc-9fc5-d3d83ab507fb,1777339816,0.51,19.71,no,"{""count_fp"":""19.71"",""created_time"":""2026-04-28T01:30:16.043696Z"",""no_price_dollars"":""0.4900"",""taker_side"":""no"",""ticker"":""KXBTC15M-26APR272145-45"",""trade_id"":""917075b4-acb5-66cc-9fc5-d3d83ab507fb"",""yes_price_dollars"":""0.5100""}"
KXBTC15M-26APR272145-45,22a94805-ff63-638d-ad04-10f9c76ddd6f,1777339817,0.52,10.0,yes,"{""count_fp"":""10.00"",""created_time"":""2026-04-28T01:30:17.839219Z"",""no_price_dollars"":""0.4800"",""taker_side"":""yes"",""ticker"":""KXBTC15M-26APR272145-45"",""trade_id"":""22a94805-ff63-638d-ad04-10f9c76ddd6f"",""yes_price_dollars"":""0.5200""}"
KXBTC15M-26APR272145-45,02e69204-4f41-67ac-b44b-f17bfbcd75f7,1777339817,0.52,83.02,yes,"{""count_fp"":""83.02"",""created_time"":""2026-04-28T01:30:17.839219Z"",""no_price_dollars"":""0.4800"",""taker_side"":""yes"",""ticker"":""KXBTC15M-26APR272145-45"",""trade_id"":""02e69204-4f41-67ac-b44b-f17bfbcd75f7"",""yes_price_dollars"":""0.5200""}"
KXBTC15M-26APR272145-45,d4fdceba-a319-7b23-3994-1e47057aca8f,1777339817,0.5,66.75,no,"{""count_fp"":""66.75"",""created_time"":""2026-04-28T01:30:17.567008Z"",""no_price_dollars"":""0.5000"",""taker_side"":""no"",""ticker"":""KXBTC15M-26APR272145-45"",""trade_id"":""d4fdceba-a319-7b23-3994-1e47057aca8f"",""yes_price_dollars"":""0.5000""}"
KXBTC15M-26APR272145-45,c20fc217-b99e-7c2b-1057-41f7f61b493a,1777339817,0.5,31.25,no,"{""count_fp"":""31.25"",""created_time"":""2026-04-28T01:30:17.567008Z"",""no_price_dollars"":""0.5000"",""taker_side"":""no"",""ticker"":""KXBTC15M-26APR272145-45"",""trade_id"":""c20fc217-b99e-7c2b-1057-41f7f61b493a"",""yes_price_dollars"":""0.5000""}"
KXBTC15M-26APR272145-45,806f2985-f1f9-5c49-b44c-f93c37b43ee6,1777339817,0.51,1.0,yes,"{""count_fp"":""1.00"",""created_time"":""2026-04-28T01:30:17.518031Z"",""no_price_dollars"":""0.4900"",""taker_side"":""yes"",""ticker"":""KXBTC15M-26APR272145-45"",""trade_id"":""806f2985-f1f9-5c49-b44c-f93c37b43ee6"",""yes_price_dollars"":""0.5100""}"
KXBTC15M-26APR272145-45,25027f61-d699-6487-fc14-8ee8acd4ebd7,1777339818,0.51,29.55,no,"{""count_fp"":""29.55"",""created_time"":""2026-04-28T01:30:18.830754Z"",""no_price_dollars"":""0.4900"",""taker_side"":""no"",""ticker"":""KXBTC15M-26APR272145-45"",""trade_id"":""25027f61-d699-6487-fc14-8ee8acd4ebd7"",""yes_price_dollars"":""0.5100""}"
KXBTC15M-26APR272145-45,5f108c79-38e1-41c7-8b05-ccb3095d4dd3,1777339818,0.51,9.0,no,"{""count_fp"":""9.00"",""created_time"":""2026-04-28T01:30:18.734136Z"",""no_price_dollars"":""0.4900"",""taker_side"":""no"",""ticker"":""KXBTC15M-26APR272145-45"",""trade_id"":""5f108c79-38e1-41c7-8b05-ccb3095d4dd3"",""yes_price_dollars"":""0.5100""}"
KXBTC15M-26APR272145-45,e79769b3-4e25-616f-a57d-828f62c220ab,1777339818,0.51,57.44,no,"{""count_fp"":""57.44"",""created_time"":""2026-04-28T01:30:18.147753Z"",""no_price_dollars"":""0.4900"",""taker_side"":""no"",""ticker"":""KXBTC15M-26APR272145-45"",""trade_id"":""e79769b3-4e25-616f-a57d-828f62c220ab"",""yes_price_dollars"":""0.5100""}"
KXBTC15M-26APR272145-45,b3aa6d3e-6343-6cb5-0cea-3153497e4300,1777339819,0.53,34.64,yes,"{""count_fp"":""34.64"",""created_time"":""2026-04-28T01:30:19.923032Z"",""no_price_dollars"":""0.4700"",""taker_side"":""yes"",""ticker"":""KXBTC15M-26APR272145-45"",""trade_id"":""b3aa6d3e-6343-6cb5-0cea-3153497e4300"",""yes_price_dollars"":""0.5300""}"
KXBTC15M-26APR272145-45,df68f066-47a5-640f-7a0c-4ba45933b123,1777339819,0.51,17.38,no,"{""count_fp"":""17.38"",""created_time"":""2026-04-28T01:30:19.605522Z"",""no_price_dollars"":""0.4900"",""taker_side"":""no"",""ticker"":""KXBTC15M-26APR272145-45"",""trade_id"":""df68f066-47a5-640f-7a0c-4ba45933b123"",""yes_price_dollars"":""0.5100""}"
KXBTC15M-26APR272145-45,f918453c-0957-6df0-efdc-d47971329f65,1777339819,0.53,400.0,yes,"{""count_fp"":""400.00"",""created_time"":""2026-04-28T01:30:19.601841Z"",""no_price_dollars"":""0.4700"",""taker_side"":""yes"",""ticker"":""KXBTC15M-26APR272145-45"",""trade_id"":""f918453c-0957-6df0-efdc-d47971329f65"",""yes_price_dollars"":""0.5300""}"
KXBTC15M-26APR272145-45,e9ed5cfe-d0ef-6eff-e8f6-ab450d556bc7,1777339819,0.55,659.09,yes,"{""count_fp"":""659.09"",""created_time"":""2026-04-28T01:30:19.601841Z"",""no_price_dollars"":""0.4500"",""taker_side"":""yes"",""ticker"":""KXBTC15M-26APR272145-45"",""trade_id"":""e9ed5cfe-d0ef-6eff-e8f6-ab450d556bc7"",""yes_price_dollars"":""0.5500""}"
KXBTC15M-26APR272145-45,bc0f7be7-b482-6089-f6f5-a14065e63dac,1777339819,0.54,56.0,yes,"{""count_fp"":""56.00"",""created_time"":""2026-04-28T01:30:19.601841Z"",""no_price_dollars"":""0.4600"",""taker_side"":""yes"",""ticker"":""KXBTC15M-26APR272145-45"",""trade_id"":""bc0f7be7-b482-6089-f6f5-a14065e63dac"",""yes_price_dollars"":""0.5400""}"
KXBTC15M-26APR272145-45,7e47ba44-7c67-6979-f453-6ee0c246cbfd,1777339819,0.52,30.0,yes,"{""count_fp"":""30.00"",""created_time"":""2026-04-28T01:30:19.601841Z"",""no_price_dollars"":""0.4800"",""taker_side"":""yes"",""ticker"":""KXBTC15M-26APR272145-45"",""trade_id"":""7e47ba44-7c67-6979-f453-6ee0c246cbfd"",""yes_price_dollars"":""0.5200""}"
KXBTC15M-26APR272145-45,7aa5fb93-8a8d-6a45-d1db-f54168c9f89e,1777339819,0.52,18.0,yes,"{""count_fp"":""18.00"",""created_time"":""2026-04-28T01:30:19.601841Z"",""no_price_dollars"":""0.4800"",""taker_side"":""yes"",""ticker"":""KXBTC15M-26APR272145-45"",""trade_id"":""7aa5fb93-8a8d-6a45-d1db-f54168c9f89e"",""yes_price_dollars"":""0.5200""}"
KXBTC15M-26APR272145-45,695ba2cb-239a-6ca2-cf9f-f30cb99638d5,1777339819,0.55,1.26,yes,"{""count_fp"":""1.26"",""created_time"":""2026-04-28T01:30:19.601841Z"",""no_price_dollars"":""0.4500"",""taker_side"":""yes"",""ticker"":""KXBTC15M-26APR272145-45"",""trade_id"":""695ba2cb-239a-6ca2-cf9f-f30cb99638d5"",""yes_price_dollars"":""0.5500""}"
KXBTC15M-26APR272145-45,4c58e428-cced-6ba1-e1c2-e37b9af1fa90,1777339819,0.52,100.0,yes,"{""count_fp"":""100.00"",""created_time"":""2026-04-28T01:30:19.601841Z"",""no_price_dollars"":""0.4800"",""taker_side"":""yes"",""ticker"":""KXBTC15M-26APR272145-45"",""trade_id"":""4c58e428-cced-6ba1-e1c2-e37b9af1fa90"",""yes_price_dollars"":""0.5200""}"
KXBTC15M-26APR272145-45,39b57d28-2911-6ccc-fd58-8bf8ef3f8d33,1777339819,0.52,483.21,yes,"{""count_fp"":""483.21"",""created_time"":""2026-04-28T01:30:19.601841Z"",""no_price_dollars"":""0.4800"",""taker_side"":""yes"",""ticker"":""KXBTC15M-26APR272145-45"",""trade_id"":""39b57d28-2911-6ccc-fd58-8bf8ef3f8d33"",""yes_price_dollars"":""0.5200""}"
KXBTC15M-26APR272145-45,b7d34ad2-7449-7bb3-80fd-f5c2f26b7efb,1777339819,0.51,9.66,no,"{""count_fp"":""9.66"",""created_time"":""2026-04-28T01:30:19.533503Z"",""no_price_dollars"":""0.4900"",""taker_side"":""no"",""ticker"":""KXBTC15M-26APR272145-45"",""trade_id"":""b7d34ad2-7449-7bb3-80fd-f5c2f26b7efb"",""yes_price_dollars"":""0.5100""}"
KXBTC15M-26APR272145-45,1e6e70bd-5f41-6c33-46db-b64204a67a4f,1777339819,0.51,28.98,no,"{""count_fp"":""28.98"",""created_time"":""2026-04-28T01:30:19.242706Z"",""no_price_dollars"":""0.4900"",""taker_side"":""no"",""ticker"":""KXBTC15M-26APR272145-45"",""trade_id"":""1e6e70bd-5f41-6c33-46db-b64204a67a4f"",""yes_price_dollars"":""0.5100""}"
KXBTC15M-26APR272145-45,82e84418-a691-55c7-889b-d6695ff7ae9f,1777339819,0.51,1182.28,no,"{""count_fp"":""1182.28"",""created_time"":""2026-04-28T01:30:19.222927Z"",""no_price_dollars"":""0.4900"",""taker_side"":""no"",""ticker"":""KXBTC15M-26APR272145-45"",""trade_id"":""82e84418-a691-55c7-889b-d6695ff7ae9f"",""yes_price_dollars"":""0.5100""}"
KXBTC15M-26APR272145-45,3ea7e433-a951-54ec-60b4-679ac1678083,1777339819,0.52,2.0,yes,"{""count_fp"":""2.00"",""created_time"":""2026-04-28T01:30:19.055355Z"",""no_price_dollars"":""0.4800"",""taker_side"":""yes"",""ticker"":""KXBTC15M-26APR272145-45"",""trade_id"":""3ea7e433-a951-54ec-60b4-679ac1678083"",""yes_price_dollars"":""0.5200""}"
KXBTC15M-26APR272145-45,2695d023-c55d-7c9c-ded7-219d13bb5613,1777339819,0.52,14.79,yes,"{""count_fp"":""14.79"",""created_time"":""2026-04-28T01:30:19.013961Z"",""no_price_dollars"":""0.4800"",""taker_side"":""yes"",""ticker"":""KXBTC15M-26APR272145-45"",""trade_id"":""2695d023-c55d-7c9c-ded7-219d13bb5613"",""yes_price_dollars"":""0.5200""}"
KXBTC15M-26APR272145-45,995c914c-31d5-6d37-a4d2-5866a0536f07,1777339819,0.51,28.98,no,"{""count_fp"":""28.98"",""created_time"":""2026-04-28T01:30:19.011108Z"",""no_price_dollars"":""0.4900"",""taker_side"":""no"",""ticker"":""KXBTC15M-26APR272145-45"",""trade_id"":""995c914c-31d5-6d37-a4d2-5866a0536f07"",""yes_price_dollars"":""0.5100""}"
KXBTC15M-26APR272145-45,06fc8785-c181-5f93-6c0d-dfdad2c056df,1777339820,0.51,10.0,no,"{""count_fp"":""10.00"",""created_time"":""2026-04-28T01:30:20.918916Z"",""no_price_dollars"":""0.4900"",""taker_side"":""no"",""ticker"":""KXBTC15M-26APR272145-45"",""trade_id"":""06fc8785-c181-5f93-6c0d-dfdad2c056df"",""yes_price_dollars"":""0.5100""}"
KXBTC15M-26APR272145-45,ba62dd75-1f49-75d3-bea0-c80b5eb1f887,1777339820,0.51,2.36,no,"{""count_fp"":""2.36"",""created_time"":""2026-04-28T01:30:20.548482Z"",""no_price_dollars"":""0.4900"",""taker_side"":""no"",""ticker"":""KXBTC15M-26APR272145-45"",""trade_id"":""ba62dd75-1f49-75d3-bea0-c80b5eb1f887"",""yes_price_dollars"":""0.5100""}"
KXBTC15M-26APR272145-45,ad1fbe19-7f5d-54eb-70aa-f1d50eca360f,1777339820,0.51,0.38,no,"{""count_fp"":""0.38"",""created_time"":""2026-04-28T01:30:20.504598Z"",""no_price_dollars"":""0.4900"",""taker_side"":""no"",""ticker"":""KXBTC15M-26APR272145-45"",""trade_id"":""ad1fbe19-7f5d-54eb-70aa-f1d50eca360f"",""yes_price_dollars"":""0.5100""}"
KXBTC15M-26APR272145-45,6eb7e52f-2457-7f21-b7b9-cf5ba3852e70,1777339820,0.52,182.33,yes,"{""count_fp"":""182.33"",""created_time"":""2026-04-28T01:30:20.400926Z"",""no_price_dollars"":""0.4800"",""taker_side"":""yes"",""ticker"":""KXBTC15M-26APR272145-45"",""trade_id"":""6eb7e52f-2457-7f21-b7b9-cf5ba3852e70"",""yes_price_dollars"":""0.5200""}"
KXBTC15M-26APR272145-45,b57cbe01-ac8d-4797-d009-033479d14b03,1777339820,0.51,1.0,no,"{""count_fp"":""1.00"",""created_time"":""2026-04-28T01:30:20.367468Z"",""no_price_dollars"":""0.4900"",""taker_side"":""no"",""ticker"":""KXBTC15M-26APR272145-45"",""trade_id"":""b57cbe01-ac8d-4797-d009-033479d14b03"",""yes_price_dollars"":""0.5100""}"
KXBTC15M-26APR272145-45,3715dc7d-8127-4879-c58b-e6be43838230,1777339820,0.52,20.09,yes,"{""count_fp"":""20.09"",""created_time"":""2026-04-28T01:30:20.161249Z"",""no_price_dollars"":""0.4800"",""taker_side"":""yes"",""ticker"":""KXBTC15M-26APR272145-45"",""trade_id"":""3715dc7d-8127-4879-c58b-e6be43838230"",""yes_price_dollars"":""0.5200""}"
KXBTC15M-26APR272145-45,7b2671e1-6069-4653-ad24-81b23dafeb3b,1777339820,0.51,10.0,no,"{""count_fp"":""10.00"",""created_time"":""2026-04-28T01:30:20.087568Z"",""no_price_dollars"":""0.4900"",""taker_side"":""no"",""ticker"":""KXBTC15M-26APR272145-45"",""trade_id"":""7b2671e1-6069-4653-ad24-81b23dafeb3b"",""yes_price_dollars"":""0.5100""}"
KXBTC15M-26APR272145-45,1a38099c-7095-6593-16fd-dd5d25d306ef,1777339821,0.51,10.0,no,"{""count_fp"":""10.00"",""created_time"":""2026-04-28T01:30:21.888244Z"",""no_price_dollars"":""0.4900"",""taker_side"":""no"",""ticker"":""KXBTC15M-26APR272145-45"",""trade_id"":""1a38099c-7095-6593-16fd-dd5d25d306ef"",""yes_price_dollars"":""0.5100""}"
KXBTC15M-26APR272145-45,3131447c-4959-7c2b-487f-b72d0bbe581f,1777339821,0.51,3.94,no,"{""count_fp"":""3.94"",""created_time"":""2026-04-28T01:30:21.860965Z"",""no_price_dollars"":""0.4900"",""taker_side"":""no"",""ticker"":""KXBTC15M-26APR272145-45"",""trade_id"":""3131447c-4959-7c2b-487f-b72d0bbe581f"",""yes_price_dollars"":""0.5100""}"
KXBTC15M-26APR272145-45,39eee638-3679-6c83-bd2d-3475767417f7,1777339821,0.51,10.0,no,"{""count_fp"":""10.00"",""created_time"":""2026-04-28T01:30:21.497795Z"",""no_price_dollars"":""0.4900"",""taker_side"":""no"",""ticker"":""KXBTC15M-26APR272145-45"",""trade_id"":""39eee638-3679-6c83-bd2d-3475767417f7"",""yes_price_dollars"":""0.5100""}"
KXBTC15M-26APR272145-45,fe3a3365-afa3-4929-8740-d17099df9850,1777339821,0.52,1.86,yes,"{""count_fp"":""1.86"",""created_time"":""2026-04-28T01:30:21.429429Z"",""no_price_dollars"":""0.4800"",""taker_side"":""yes"",""ticker"":""KXBTC15M-26APR272145-45"",""trade_id"":""fe3a3365-afa3-4929-8740-d17099df9850"",""yes_price_dollars"":""0.5200""}"
KXBTC15M-26APR272145-45,a64d7d6c-b2a9-5b9b-7816-7f1eecf36ec3,1777339822,0.51,19.7,no,"{""count_fp"":""19.70"",""created_time"":""2026-04-28T01:30:22.767291Z"",""no_price_dollars"":""0.4900"",""taker_side"":""no"",""ticker"":""KXBTC15M-26APR272145-45"",""trade_id"":""a64d7d6c-b2a9-5b9b-7816-7f1eecf36ec3"",""yes_price_dollars"":""0.5100""}"
KXBTC15M-26APR272145-45,8d8a4b06-dc3c-52fb-8531-07ee32b998e9,1777339822,0.53,2.0,yes,"{""count_fp"":""2.00"",""created_time"":""2026-04-28T01:30:22.640014Z"",""no_price_dollars"":""0.4700"",""taker_side"":""yes"",""ticker"":""KXBTC15M-26APR272145-45"",""trade_id"":""8d8a4b06-dc3c-52fb-8531-07ee32b998e9"",""yes_price_dollars"":""0.5300""}"
KXBTC15M-26APR272145-45,1b9c488e-501f-5d65-9bc9-bbed2fe46234,1777339822,0.53,41.75,yes,"{""count_fp"":""41.75"",""created_time"":""2026-04-28T01:30:22.640014Z"",""no_price_dollars"":""0.4700"",""taker_side"":""yes"",""ticker"":""KXBTC15M-26APR272145-45"",""trade_id"":""1b9c488e-501f-5d65-9bc9-bbed2fe46234"",""yes_price_dollars"":""0.5300""}"
KXBTC15M-26APR272145-45,0714dcca-0d67-776b-8e64-3e9e710da514,1777339822,0.52,1.0,yes,"{""count_fp"":""1.00"",""created_time"":""2026-04-28T01:30:22.455367Z"",""no_price_dollars"":""0.4800"",""taker_side"":""yes"",""ticker"":""KXBTC15M-26APR272145-45"",""trade_id"":""0714dcca-0d67-776b-8e64-3e9e710da514"",""yes_price_dollars"":""0.5200""}"
KXBTC15M-26APR272145-45,37a626c4-af9e-4688-6525-a25e32f27b11,1777339822,0.52,2.0,yes,"{""count_fp"":""2.00"",""created_time"":""2026-04-28T01:30:22.437032Z"",""no_price_dollars"":""0.4800"",""taker_side"":""yes"",""ticker"":""KXBTC15M-26APR272145-45"",""trade_id"":""37a626c4-af9e-4688-6525-a25e32f27b11"",""yes_price_dollars"":""0.5200""}"
KXBTC15M-26APR272145-45,19535bfa-b2f8-45d0-51a4-a3f9b6f2c7a4,1777339822,0.52,30.0,yes,"{""count_fp"":""30.00"",""created_time"":""2026-04-28T01:30:22.437032Z"",""no_price_dollars"":""0.4800"",""taker_side"":""yes"",""ticker"":""KXBTC15M-26APR272145-45"",""trade_id"":""19535bfa-b2f8-45d0-51a4-a3f9b6f2c7a4"",""yes_price_dollars"":""0.5200""}"
KXBTC15M-26APR272145-45,d1dd7253-2057-6cd5-6553-dbd87d92aad0,1777339822,0.52,6.13,yes,"{""count_fp"":""6.13"",""created_time"":""2026-04-28T01:30:22.038179Z"",""no_price_dollars"":""0.4800"",""taker_side"":""yes"",""ticker"":""KXBTC15M-26APR272145-45"",""trade_id"":""d1dd7253-2057-6cd5-6553-dbd87d92aad0"",""yes_price_dollars"":""0.5200""}"
KXBTC15M-26APR272145-45,4457c070-bcd5-4c63-c32c-e94a47bea4cb,1777339823,0.52,9.85,no,"{""count_fp"":""9.85"",""created_time"":""2026-04-28T01:30:23.972743Z"",""no_price_dollars"":""0.4800"",""taker_side"":""no"",""ticker"":""KXBTC15M-26APR272145-45"",""trade_id"":""4457c070-bcd5-4c63-c32c-e94a47bea4cb"",""yes_price_dollars"":""0.5200""}"
KXBTC15M-26APR272145-45,4214dfc9-9b93-57f1-dad5-1a98e8ffc3b4,1777339823,0.53,18.26,yes,"{""count_fp"":""18.26"",""created_time"":""2026-04-28T01:30:23.887754Z"",""no_price_dollars"":""0.4700"",""taker_side"":""yes"",""ticker"":""KXBTC15M-26APR272145-45"",""trade_id"":""4214dfc9-9b93-57f1-dad5-1a98e8ffc3b4"",""yes_price_dollars"":""0.5300""}"
KXBTC15M-26APR272145-45,f36cb4f1-29a1-494b-f053-780358b620e3,1777339823,0.52,16.0,no,"{""count_fp"":""16.00"",""created_time"":""2026-04-28T01:30:23.774353Z"",""no_price_dollars"":""0.4800"",""taker_side"":""no"",""ticker"":""KXBTC15M-26APR272145-45"",""trade_id"":""f36cb4f1-29a1-494b-f053-780358b620e3"",""yes_price_dollars"":""0.5200""}"
KXBTC15M-26APR272145-45,f4d7833f-7065-5097-f59a-e12e68ae6a57,1777339823,0.52,49.26,no,"{""count_fp"":""49.26"",""created_time"":""2026-04-28T01:30:23.562266Z"",""no_price_dollars"":""0.4800"",""taker_side"":""no"",""ticker"":""KXBTC15M-26APR272145-45"",""trade_id"":""f4d7833f-7065-5097-f59a-e12e68ae6a57"",""yes_price_dollars"":""0.5200""}"
KXBTC15M-26APR272145-45,4d9bc864-946d-6de3-ac34-842810a5b82b,1777339823,0.52,9.85,no,"{""count_fp"":""9.85"",""created_time"":""2026-04-28T01:30:23.515413Z"",""no_price_dollars"":""0.4800"",""taker_side"":""no"",""ticker"":""KXBTC15M-26APR272145-45"",""trade_id"":""4d9bc864-946d-6de3-ac34-842810a5b82b"",""yes_price_dollars"":""0.5200""}"
KXBTC15M-26APR272145-45,24c80aea-de23-5845-a82e-47f8afc06f3c,1777339823,0.53,50.0,yes,"{""count_fp"":""50.00"",""created_time"":""2026-04-28T01:30:23.177379Z"",""no_price_dollars"":""0.4700"",""taker_side"":""yes"",""ticker"":""KXBTC15M-26APR272145-45"",""trade_id"":""24c80aea-de23-5845-a82e-47f8afc06f3c"",""yes_price_dollars"":""0.5300""}"
KXBTC15M-26APR272145-45,be7087a0-8253-61f1-d314-a63275f6665c,1777339823,0.53,36.46,yes,"{""count_fp"":""36.46"",""created_time"":""2026-04-28T01:30:23.089494Z"",""no_price_dollars"":""0.4700"",""taker_side"":""yes"",""ticker"":""KXBTC15M-26APR272145-45"",""trade_id"":""be7087a0-8253-61f1-d314-a63275f6665c"",""yes_price_dollars"":""0.5300""}"
KXBTC15M-26APR272145-45,35cc4b6e-0cd1-7e73-802a-4d2bcb4f665b,1777339823,0.51,3.0,no,"{""count_fp"":""3.00"",""created_time"":""2026-04-28T01:30:23.019211Z"",""no_price_dollars"":""0.4900"",""taker_side"":""no"",""ticker"":""KXBTC15M-26APR272145-45"",""trade_id"":""35cc4b6e-0cd1-7e73-802a-4d2bcb4f665b"",""yes_price_dollars"":""0.5100""}"
KXBTC15M-26APR272145-45,fff0d1b0-11ad-7ff7-f7cb-1886459ffe77,1777339824,0.52,91.33,yes,"{""count_fp"":""91.33"",""created_time"":""2026-04-28T01:30:24.819533Z"",""no_price_dollars"":""0.4800"",""taker_side"":""yes"",""ticker"":""KXBTC15M-26APR272145-45"",""trade_id"":""fff0d1b0-11ad-7ff7-f7cb-1886459ffe77"",""yes_price_dollars"":""0.5200""}"
KXBTC15M-26APR272145-45,6f84b34d-c7f0-4213-a75f-f28e5f80291e,1777339824,0.51,2.78,no,"{""count_fp"":""2.78"",""created_time"":""2026-04-28T01:30:24.672138Z"",""no_price_dollars"":""0.4900"",""taker_side"":""no"",""ticker"":""KXBTC15M-26APR272145-45"",""trade_id"":""6f84b34d-c7f0-4213-a75f-f28e5f80291e"",""yes_price_dollars"":""0.5100""}"
KXBTC15M-26APR272145-45,4512e865-47ed-437a-bba8-fd94bb7b402b,1777339824,0.52,5.0,no,"{""count_fp"":""5.00"",""created_time"":""2026-04-28T01:30:24.672138Z"",""no_price_dollars"":""0.4800"",""taker_side"":""no"",""ticker"":""KXBTC15M-26APR272145-45"",""trade_id"":""4512e865-47ed-437a-bba8-fd94bb7b402b"",""yes_price_dollars"":""0.5200""}"
KXBTC15M-26APR272145-45,99aadccb-d3af-583d-946b-d73e2306f054,1777339824,0.53,91.33,yes,"{""count_fp"":""91.33"",""created_time"":""2026-04-28T01:30:24.462797Z"",""no_price_dollars"":""0.4700"",""taker_side"":""yes"",""ticker"":""KXBTC15M-26APR272145-45"",""trade_id"":""99aadccb-d3af-583d-946b-d73e2306f054"",""yes_price_dollars"":""0.5300""}"
KXBTC15M-26APR272145-45,01230272-03dd-6b23-e442-bb23f75756ff,1777339824,0.52,25.61,no,"{""count_fp"":""25.61"",""created_time"":""2026-04-28T01:30:24.160251Z"",""no_price_dollars"":""0.4800"",""taker_side"":""no"",""ticker"":""KXBTC15M-26APR272145-45"",""trade_id"":""01230272-03dd-6b23-e442-bb23f75756ff"",""yes_price_dollars"":""0.5200""}"
KXBTC15M-26APR272145-45,44f75da3-a005-64cf-3e4b-75150f087d83,1777339825,0.52,12.78,yes,"{""count_fp"":""12.78"",""created_time"":""2026-04-28T01:30:25.712831Z"",""no_price_dollars"":""0.4800"",""taker_side"":""yes"",""ticker"":""KXBTC15M-26APR272145-45"",""trade_id"":""44f75da3-a005-64cf-3e4b-75150f087d83"",""yes_price_dollars"":""0.5200""}"
KXBTC15M-26APR272145-45,1d66e55a-f7f5-404f-2822-b59e5304b707,1777339826,0.52,27.9,yes,"{""count_fp"":""27.90"",""created_time"":""2026-04-28T01:30:26.904404Z"",""no_price_dollars"":""0.4800"",""taker_side"":""yes"",""ticker"":""KXBTC15M-26APR272145-45"",""trade_id"":""1d66e55a-f7f5-404f-2822-b59e5304b707"",""yes_price_dollars"":""0.5200""}"
KXBTC15M-26APR272145-45,d33c6374-0d05-558b-1e84-6cb1a084c97f,1777339826,0.52,26.04,yes,"{""count_fp"":""26.04"",""created_time"":""2026-04-28T01:30:26.434226Z"",""no_price_dollars"":""0.4800"",""taker_side"":""yes"",""ticker"":""KXBTC15M-26APR272145-45"",""trade_id"":""d33c6374-0d05-558b-1e84-6cb1a084c97f"",""yes_price_dollars"":""0.5200""}"
KXBTC15M-26APR272145-45,70215576-e139-4987-55e9-7b196aa66f63,1777339826,0.52,182.66,yes,"{""count_fp"":""182.66"",""created_time"":""2026-04-28T01:30:26.176694Z"",""no_price_dollars"":""0.4800"",""taker_side"":""yes"",""ticker"":""KXBTC15M-26APR272145-45"",""trade_id"":""70215576-e139-4987-55e9-7b196aa66f63"",""yes_price_dollars"":""0.5200""}"
KXBTC15M-26APR272145-45,896b197a-21dc-4f1b-e645-dd960c5d90fe,1777339826,0.51,1.0,no,"{""count_fp"":""1.00"",""created_time"":""2026-04-28T01:30:26.157412Z"",""no_price_dollars"":""0.4900"",""taker_side"":""no"",""ticker"":""KXBTC15M-26APR272145-45"",""trade_id"":""896b197a-21dc-4f1b-e645-dd960c5d90fe"",""yes_price_dollars"":""0.5100""}"
KXBTC15M-26APR272145-45,a2201c6d-9c49-74db-b291-575a741e3687,1777339827,0.52,31.62,yes,"{""count_fp"":""31.62"",""created_time"":""2026-04-28T01:30:27.942016Z"",""no_price_dollars"":""0.4800"",""taker_side"":""yes"",""ticker"":""KXBTC15M-26APR272145-45"",""trade_id"":""a2201c6d-9c49-74db-b291-575a741e3687"",""yes_price_dollars"":""0.5200""}"
KXBTC15M-26APR272145-45,ad03d17a-5df3-6064-29f3-99677ce3e143,1777339827,0.51,1.89,no,"{""count_fp"":""1.89"",""created_time"":""2026-04-28T01:30:27.939565Z"",""no_price_dollars"":""0.4900"",""taker_side"":""no"",""ticker"":""KXBTC15M-26APR272145-45"",""trade_id"":""ad03d17a-5df3-6064-29f3-99677ce3e143"",""yes_price_dollars"":""0.5100""}"
KXBTC15M-26APR272145-45,ba762de9-fc1f-570c-b7ee-bf85d3ef43b3,1777339827,0.51,5.0,no,"{""count_fp"":""5.00"",""created_time"":""2026-04-28T01:30:27.737849Z"",""no_price_dollars"":""0.4900"",""taker_side"":""no"",""ticker"":""KXBTC15M-26APR272145-45"",""trade_id"":""ba762de9-fc1f-570c-b7ee-bf85d3ef43b3"",""yes_price_dollars"":""0.5100""}"
KXBTC15M-26APR272145-45,b93e48d5-929f-6544-1905-8fcef3ce328b,1777339827,0.51,17.73,no,"{""count_fp"":""17.73"",""created_time"":""2026-04-28T01:30:27.730763Z"",""no_price_dollars"":""0.4900"",""taker_side"":""no"",""ticker"":""KXBTC15M-26APR272145-45"",""trade_id"":""b93e48d5-929f-6544-1905-8fcef3ce328b"",""yes_price_dollars"":""0.5100""}"
KXBTC15M-26APR272145-45,22ef6e62-3283-7a34-1ed7-dcd8661c6d4b,1777339827,0.51,317.24,no,"{""count_fp"":""317.24"",""created_time"":""2026-04-28T01:30:27.728209Z"",""no_price_dollars"":""0.4900"",""taker_side"":""no"",""ticker"":""KXBTC15M-26APR272145-45"",""trade_id"":""22ef6e62-3283-7a34-1ed7-dcd8661c6d4b"",""yes_price_dollars"":""0.5100""}"
KXBTC15M-26APR272145-45,e70d739d-f127-40b8-f7ac-96d6bac393ab,1777339827,0.51,45.83,no,"{""count_fp"":""45.83"",""created_time"":""2026-04-28T01:30:27.014916Z"",""no_price_dollars"":""0.4900"",""taker_side"":""no"",""ticker"":""KXBTC15M-26APR272145-45"",""trade_id"":""e70d739d-f127-40b8-f7ac-96d6bac393ab"",""yes_price_dollars"":""0.5100""}"
KXBTC15M-26APR272145-45,d95df544-ac0f-4d78-ed38-967773e6f21e,1777339827,0.51,1.0,no,"{""count_fp"":""1.00"",""created_time"":""2026-04-28T01:30:27.014916Z"",""no_price_dollars"":""0.4900"",""taker_side"":""no"",""ticker"":""KXBTC15M-26APR272145-45"",""trade_id"":""d95df544-ac0f-4d78-ed38-967773e6f21e"",""yes_price_dollars"":""0.5100""}"
KXBTC15M-26APR272145-45,a01c8f0c-3658-4956-f9b3-84568335d8bc,1777339827,0.51,40.0,no,"{""count_fp"":""40.00"",""created_time"":""2026-04-28T01:30:27.014916Z"",""no_price_dollars"":""0.4900"",""taker_side"":""no"",""ticker"":""KXBTC15M-26APR272145-45"",""trade_id"":""a01c8f0c-3658-4956-f9b3-84568335d8bc"",""yes_price_dollars"":""0.5100""}"
KXBTC15M-26APR272145-45,79a8bf72-8794-4ba3-c5d2-ceec0fbc8cca,1777339827,0.51,50.22,no,"{""count_fp"":""50.22"",""created_time"":""2026-04-28T01:30:27.014916Z"",""no_price_dollars"":""0.4900"",""taker_side"":""no"",""ticker"":""KXBTC15M-26APR272145-45"",""trade_id"":""79a8bf72-8794-4ba3-c5d2-ceec0fbc8cca"",""yes_price_dollars"":""0.5100""}"
KXBTC15M-26APR272145-45,2c092c4d-bfce-4b99-d012-0f1d5928ecf2,1777339827,0.51,56.0,no,"{""count_fp"":""56.00"",""created_time"":""2026-04-28T01:30:27.014916Z"",""no_price_dollars"":""0.4900"",""taker_side"":""no"",""ticker"":""KXBTC15M-26APR272145-45"",""trade_id"":""2c092c4d-bfce-4b99-d012-0f1d5928ecf2"",""yes_price_dollars"":""0.5100""}"
KXBTC15M-26APR272145-45,21708015-91d2-5f70-be35-db1fb8049403,1777339828,0.52,6.95,yes,"{""count_fp"":""6.95"",""created_time"":""2026-04-28T01:30:28.785293Z"",""no_price_dollars"":""0.4800"",""taker_side"":""yes"",""ticker"":""KXBTC15M-26APR272145-45"",""trade_id"":""21708015-91d2-5f70-be35-db1fb8049403"",""yes_price_dollars"":""0.5200""}"
KXBTC15M-26APR272145-45,18a4ae5e-9635-559f-91c8-09d02729fa1b,1777339828,0.52,1.05,yes,"{""count_fp"":""1.05"",""created_time"":""2026-04-28T01:30:28.785293Z"",""no_price_dollars"":""0.4800"",""taker_side"":""yes"",""ticker"":""KXBTC15M-26APR272145-45"",""trade_id"":""18a4ae5e-9635-559f-91c8-09d02729fa1b"",""yes_price_dollars"":""0.5200""}"
KXBTC15M-26APR272145-45,ed2d4d56-ab6d-72af-f26a-d0b6d00f2737,1777339828,0.52,100.0,yes,"{""count_fp"":""100.00"",""created_time"":""2026-04-28T01:30:28.770064Z"",""no_price_dollars"":""0.4800"",""taker_side"":""yes"",""ticker"":""KXBTC15M-26APR272145-45"",""trade_id"":""ed2d4d56-ab6d-72af-f26a-d0b6d00f2737"",""yes_price_dollars"":""0.5200""}"
KXBTC15M-26APR272145-45,9e4bf77c-2d03-7df4-e08d-2713c9b56997,1777339828,0.51,1.97,no,"{""count_fp"":""1.97"",""created_time"":""2026-04-28T01:30:28.488653Z"",""no_price_dollars"":""0.4900"",""taker_side"":""no"",""ticker"":""KXBTC15M-26APR272145-45"",""trade_id"":""9e4bf77c-2d03-7df4-e08d-2713c9b56997"",""yes_price_dollars"":""0.5100""}"
KXBTC15M-26APR272145-45,67195dd4-69bf-6f64-b55e-b8a202f15edb,1777339828,0.51,3.94,no,"{""count_fp"":""3.94"",""created_time"":""2026-04-28T01:30:28.438324Z"",""no_price_dollars"":""0.4900"",""taker_side"":""no"",""ticker"":""KXBTC15M-26APR272145-45"",""trade_id"":""67195dd4-69bf-6f64-b55e-b8a202f15edb"",""yes_price_dollars"":""0.5100""}"
KXBTC15M-26APR272145-45,9a5e6dee-31a9-60df-6baa-cc459dcc79fb,1777339828,0.52,7.44,yes,"{""count_fp"":""7.44"",""created_time"":""2026-04-28T01:30:28.158513Z"",""no_price_dollars"":""0.4800"",""taker_side"":""yes"",""ticker"":""KXBTC15M-26APR272145-45"",""trade_id"":""9a5e6dee-31a9-60df-6baa-cc459dcc79fb"",""yes_price_dollars"":""0.5200""}"
KXBTC15M-26APR272145-45,464b42e2-bf6e-700c-0944-ee749e9171f3,1777339829,0.52,46.51,yes,"{""count_fp"":""46.51"",""created_time"":""2026-04-28T01:30:29.301376Z"",""no_price_dollars"":""0.4800"",""taker_side"":""yes"",""ticker"":""KXBTC15M-26APR272145-45"",""trade_id"":""464b42e2-bf6e-700c-0944-ee749e9171f3"",""yes_price_dollars"":""0.5200""}"
KXBTC15M-26APR272145-45,8e7543d1-0fc8-48ba-86d0-6c7c4961630e,1777339830,0.51,3.72,yes,"{""count_fp"":""3.72"",""created_time"":""2026-04-28T01:30:30.929211Z"",""no_price_dollars"":""0.4900"",""taker_side"":""yes"",""ticker"":""KXBTC15M-26APR272145-45"",""trade_id"":""8e7543d1-0fc8-48ba-86d0-6c7c4961630e"",""yes_price_dollars"":""0.5100""}"
KXBTC15M-26APR272145-45,ee2b07a6-2e9c-4b13-a8ee-4b630f5180e5,1777339830,0.51,2.0,no,"{""count_fp"":""2.00"",""created_time"":""2026-04-28T01:30:30.910907Z"",""no_price_dollars"":""0.4900"",""taker_side"":""no"",""ticker"":""KXBTC15M-26APR272145-45"",""trade_id"":""ee2b07a6-2e9c-4b13-a8ee-4b630f5180e5"",""yes_price_dollars"":""0.5100""}"
KXBTC15M-26APR272145-45,d9423641-068a-406e-a96b-9de3c643774c,1777339830,0.51,33.26,no,"{""count_fp"":""33.26"",""created_time"":""2026-04-28T01:30:30.910907Z"",""no_price_dollars"":""0.4900"",""taker_side"":""no"",""ticker"":""KXBTC15M-26APR272145-45"",""trade_id"":""d9423641-068a-406e-a96b-9de3c643774c"",""yes_price_dollars"":""0.5100""}"
KXBTC15M-26APR272145-45,d0c4d60f-4619-4765-9590-6fa13acb9472,1777339830,0.51,1.0,no,"{""count_fp"":""1.00"",""created_time"":""2026-04-28T01:30:30.910907Z"",""no_price_dollars"":""0.4900"",""taker_side"":""no"",""ticker"":""KXBTC15M-26APR272145-45"",""trade_id"":""d0c4d60f-4619-4765-9590-6fa13acb9472"",""yes_price_dollars"":""0.5100""}"
KXBTC15M-26APR272145-45,79619196-f161-6c8f-b1c3-c911752f3f8e,1777339830,0.52,1.0,yes,"{""count_fp"":""1.00"",""created_time"":""2026-04-28T01:30:30.813057Z"",""no_price_dollars"":""0.4800"",""taker_side"":""yes"",""ticker"":""KXBTC15M-26APR272145-45"",""trade_id"":""79619196-f161-6c8f-b1c3-c911752f3f8e"",""yes_price_dollars"":""0.5200""}"
KXBTC15M-26APR272145-45,030735bf-c932-610e-2a8d-35648aedf6c4,1777339830,0.51,17.73,no,"{""count_fp"":""17.73"",""created_time"":""2026-04-28T01:30:30.582372Z"",""no_price_dollars"":""0.4900"",""taker_side"":""no"",""ticker"":""KXBTC15M-26APR272145-45"",""trade_id"":""030735bf-c932-610e-2a8d-35648aedf6c4"",""yes_price_dollars"":""0.5100""}"
KXBTC15M-26APR272145-45,6dac13a1-83e5-6643-2d82-43d6850df872,1777339830,0.52,3.72,yes,"{""count_fp"":""3.72"",""created_time"":""2026-04-28T01:30:30.090516Z"",""no_price_dollars"":""0.4800"",""taker_side"":""yes"",""ticker"":""KXBTC15M-26APR272145-45"",""trade_id"":""6dac13a1-83e5-6643-2d82-43d6850df872"",""yes_price_dollars"":""0.5200""}"
KXBTC15M-26APR272145-45,83bea7a5-6716-5cd9-7197-39efa11687e1,1777339831,0.49,7.96,yes,"{""count_fp"":""7.96"",""created_time"":""2026-04-28T01:30:31.790837Z"",""no_price_dollars"":""0.5100"",""taker_side"":""yes"",""ticker"":""KXBTC15M-26APR272145-45"",""trade_id"":""83bea7a5-6716-5cd9-7197-39efa11687e1"",""yes_price_dollars"":""0.4900""}"
KXBTC15M-26APR272145-45,74913920-db45-6e3e-bbb3-64fc1a7d3391,1777339831,0.5,30.0,no,"{""count_fp"":""30.00"",""created_time"":""2026-04-28T01:30:31.575858Z"",""no_price_dollars"":""0.5000"",""taker_side"":""no"",""ticker"":""KXBTC15M-26APR272145-45"",""trade_id"":""74913920-db45-6e3e-bbb3-64fc1a7d3391"",""yes_price_dollars"":""0.5000""}"
KXBTC15M-26APR272145-45,2b5c5e43-ac9e-60f8-ee8c-5047cf64148d,1777339832,0.49,15.0,yes,"{""count_fp"":""15.00"",""created_time"":""2026-04-28T01:30:32.568875Z"",""no_price_dollars"":""0.5100"",""taker_side"":""yes"",""ticker"":""KXBTC15M-26APR272145-45"",""trade_id"":""2b5c5e43-ac9e-60f8-ee8c-5047cf64148d"",""yes_price_dollars"":""0.4900""}"
KXBTC15M-26APR272145-45,ce1416cc-33ec-7028-66b9-8167ff13c985,1777339832,0.48,7.0,no,"{""count_fp"":""7.00"",""created_time"":""2026-04-28T01:30:32.282506Z"",""no_price_dollars"":""0.5200"",""taker_side"":""no"",""ticker"":""KXBTC15M-26APR272145-45"",""trade_id"":""ce1416cc-33ec-7028-66b9-8167ff13c985"",""yes_price_dollars"":""0.4800""}"
KXBTC15M-26APR272145-45,708588da-ccc9-7d7a-675a-80dca5b15d6f,1777339832,0.48,3.0,no,"{""count_fp"":""3.00"",""created_time"":""2026-04-28T01:30:32.282506Z"",""no_price_dollars"":""0.5200"",""taker_side"":""no"",""ticker"":""KXBTC15M-26APR272145-45"",""trade_id"":""708588da-ccc9-7d7a-675a-80dca5b15d6f"",""yes_price_dollars"":""0.4800""}"
KXBTC15M-26APR272145-45,b64ae1b4-c931-7e0f-1b62-eaf4bf87cac0,1777339832,0.49,2.0,yes,"{""count_fp"":""2.00"",""created_time"":""2026-04-28T01:30:32.241642Z"",""no_price_dollars"":""0.5100"",""taker_side"":""yes"",""ticker"":""KXBTC15M-26APR272145-45"",""trade_id"":""b64ae1b4-c931-7e0f-1b62-eaf4bf87cac0"",""yes_price_dollars"":""0.4900""}"
KXBTC15M-26APR272145-45,4695573e-1482-7efc-2401-4c8ccb7e4221,1777339832,0.49,6.0,yes,"{""count_fp"":""6.00"",""created_time"":""2026-04-28T01:30:32.241642Z"",""no_price_dollars"":""0.5100"",""taker_side"":""yes"",""ticker"":""KXBTC15M-26APR272145-45"",""trade_id"":""4695573e-1482-7efc-2401-4c8ccb7e4221"",""yes_price_dollars"":""0.4900""}"
KXBTC15M-26APR272145-45,80d95dd1-6c7a-53d8-d12e-b61cc9dff2d6,1777339833,0.49,3.79,yes,"{""count_fp"":""3.79"",""created_time"":""2026-04-28T01:30:33.916874Z"",""no_price_dollars"":""0.5100"",""taker_side"":""yes"",""ticker"":""KXBTC15M-26APR272145-45"",""trade_id"":""80d95dd1-6c7a-53d8-d12e-b61cc9dff2d6"",""yes_price_dollars"":""0.4900""}"
KXBTC15M-26APR272145-45,8ba129e1-8f2a-7794-d404-16f4192831ae,1777339833,0.49,9.47,yes,"{""count_fp"":""9.47"",""created_time"":""2026-04-28T01:30:33.762808Z"",""no_price_dollars"":""0.5100"",""taker_side"":""yes"",""ticker"":""KXBTC15M-26APR272145-45"",""trade_id"":""8ba129e1-8f2a-7794-d404-16f4192831ae"",""yes_price_dollars"":""0.4900""}"
KXBTC15M-26APR272145-45,dcf2c7d4-83b0-7ef4-bd36-7207aeba80b1,1777339833,0.48,13.0,no,"{""count_fp"":""13.00"",""created_time"":""2026-04-28T01:30:33.358873Z"",""no_price_dollars"":""0.5200"",""taker_side"":""no"",""ticker"":""KXBTC15M-26APR272145-45"",""trade_id"":""dcf2c7d4-83b0-7ef4-bd36-7207aeba80b1"",""yes_price_dollars"":""0.4800""}"
KXBTC15M-26APR272145-45,e5e7dbbb-4940-5d1c-2fd4-03536d710081,1777339833,0.48,40.22,no,"{""count_fp"":""40.22"",""created_time"":""2026-04-28T01:30:33.247159Z"",""no_price_dollars"":""0.5200"",""taker_side"":""no"",""ticker"":""KXBTC15M-26APR272145-45"",""trade_id"":""e5e7dbbb-4940-5d1c-2fd4-03536d710081"",""yes_price_dollars"":""0.4800""}"
KXBTC15M-26APR272145-45,b22c37e9-9366-4e84-0275-19377e3dc4d2,1777339833,0.49,9.3,yes,"{""count_fp"":""9.30"",""created_time"":""2026-04-28T01:30:33.038697Z"",""no_price_dollars"":""0.5100"",""taker_side"":""yes"",""ticker"":""KXBTC15M-26APR272145-45"",""trade_id"":""b22c37e9-9366-4e84-0275-19377e3dc4d2"",""yes_price_dollars"":""0.4900""}"
KXBTC15M-26APR272145-45,2dc65dff-316d-49a7-2a62-7a990ba5056f,1777339834,0.49,28.36,no,"{""count_fp"":""28.36"",""created_time"":""2026-04-28T01:30:34.996433Z"",""no_price_dollars"":""0.5100"",""taker_side"":""no"",""ticker"":""KXBTC15M-26APR272145-45"",""trade_id"":""2dc65dff-316d-49a7-2a62-7a990ba5056f"",""yes_price_dollars"":""0.4900""}"
KXBTC15M-26APR272145-45,aab74e27-ae51-4e2f-9790-54c74897b377,1777339834,0.49,46.51,no,"{""count_fp"":""46.51"",""created_time"":""2026-04-28T01:30:34.910002Z"",""no_price_dollars"":""0.5100"",""taker_side"":""no"",""ticker"":""KXBTC15M-26APR272145-45"",""trade_id"":""aab74e27-ae51-4e2f-9790-54c74897b377"",""yes_price_dollars"":""0.4900""}"
KXBTC15M-26APR272145-45,b6519621-3216-5c90-0584-2782c3667cd6,1777339834,0.49,9.85,yes,"{""count_fp"":""9.85"",""created_time"":""2026-04-28T01:30:34.840985Z"",""no_price_dollars"":""0.5100"",""taker_side"":""yes"",""ticker"":""KXBTC15M-26APR272145-45"",""trade_id"":""b6519621-3216-5c90-0584-2782c3667cd6"",""yes_price_dollars"":""0.4900""}"
KXBTC15M-26APR272145-45,bea1361e-231e-43bc-004f-ac8cc640223e,1777339834,0.49,27.9,yes,"{""count_fp"":""27.90"",""created_time"":""2026-04-28T01:30:34.803371Z"",""no_price_dollars"":""0.5100"",""taker_side"":""yes"",""ticker"":""KXBTC15M-26APR272145-45"",""trade_id"":""bea1361e-231e-43bc-004f-ac8cc640223e"",""yes_price_dollars"":""0.4900""}"
KXBTC15M-26APR272145-45,8e5d94dc-b5da-5c74-fc7f-1d6d9cc7b752,1777339834,0.49,80.78,yes,"{""count_fp"":""80.78"",""created_time"":""2026-04-28T01:30:34.771824Z"",""no_price_dollars"":""0.5100"",""taker_side"":""yes"",""ticker"":""KXBTC15M-26APR272145-45"",""trade_id"":""8e5d94dc-b5da-5c74-fc7f-1d6d9cc7b752"",""yes_price_dollars"":""0.4900""}"
KXBTC15M-26APR272145-45,cefcf976-cf97-469c-ad28-9100052d6c2f,1777339834,0.49,1.0,yes,"{""count_fp"":""1.00"",""created_time"":""2026-04-28T01:30:34.762087Z"",""no_price_dollars"":""0.5100"",""taker_side"":""yes"",""ticker"":""KXBTC15M-26APR272145-45"",""trade_id"":""cefcf976-cf97-469c-ad28-9100052d6c2f"",""yes_price_dollars"":""0.4900""}"
KXBTC15M-26APR272145-45,47a5b999-41c5-45e4-b7e4-303d1ac04071,1777339834,0.49,1.0,yes,"{""count_fp"":""1.00"",""created_time"":""2026-04-28T01:30:34.762087Z"",""no_price_dollars"":""0.5100"",""taker_side"":""yes"",""ticker"":""KXBTC15M-26APR272145-45"",""trade_id"":""47a5b999-41c5-45e4-b7e4-303d1ac04071"",""yes_price_dollars"":""0.4900""}"
KXBTC15M-26APR272145-45,1c303047-c06e-44b4-86f4-f8efb70cef8a,1777339834,0.49,1.0,yes,"{""count_fp"":""1.00"",""created_time"":""2026-04-28T01:30:34.762087Z"",""no_price_dollars"":""0.5100"",""taker_side"":""yes"",""ticker"":""KXBTC15M-26APR272145-45"",""trade_id"":""1c303047-c06e-44b4-86f4-f8efb70cef8a"",""yes_price_dollars"":""0.4900""}"
KXBTC15M-26APR272145-45,c75f8267-7bd6-77a0-20f6-9b29e24cde6e,1777339834,0.49,1.97,yes,"{""count_fp"":""1.97"",""created_time"":""2026-04-28T01:30:34.554114Z"",""no_price_dollars"":""0.5100"",""taker_side"":""yes"",""ticker"":""KXBTC15M-26APR272145-45"",""trade_id"":""c75f8267-7bd6-77a0-20f6-9b29e24cde6e"",""yes_price_dollars"":""0.4900""}"
KXBTC15M-26APR272145-45,7df99d0d-67aa-4b9c-070f-d5bfd1e6bf86,1777339834,0.49,9.78,yes,"{""count_fp"":""9.78"",""created_time"":""2026-04-28T01:30:34.508377Z"",""no_price_dollars"":""0.5100"",""taker_side"":""yes"",""ticker"":""KXBTC15M-26APR272145-45"",""trade_id"":""7df99d0d-67aa-4b9c-070f-d5bfd1e6bf86"",""yes_price_dollars"":""0.4900""}"
KXBTC15M-26APR272145-45,f2cc554f-63d2-46f4-b37c-b15f8d5b90d6,1777339834,0.49,39.19,yes,"{""count_fp"":""39.19"",""created_time"":""2026-04-28T01:30:34.405531Z"",""no_price_dollars"":""0.5100"",""taker_side"":""yes"",""ticker"":""KXBTC15M-26APR272145-45"",""trade_id"":""f2cc554f-63d2-46f4-b37c-b15f8d5b90d6"",""yes_price_dollars"":""0.4900""}"
KXBTC15M-26APR272145-45,6b1df92c-3f5a-44d4-3fc5-21994a573f42,1777339834,0.49,37.21,yes,"{""count_fp"":""37.21"",""created_time"":""2026-04-28T01:30:34.393998Z"",""no_price_dollars"":""0.5100"",""taker_side"":""yes"",""ticker"":""KXBTC15M-26APR272145-45"",""trade_id"":""6b1df92c-3f5a-44d4-3fc5-21994a573f42"",""yes_price_dollars"":""0.4900""}"
KXBTC15M-26APR272145-45,9f7b665f-a134-4fe4-ac0c-81683b6b8d8c,1777339835,0.5,8.0,yes,"{""count_fp"":""8.00"",""created_time"":""2026-04-28T01:30:35.991124Z"",""no_price_dollars"":""0.5000"",""taker_side"":""yes"",""ticker"":""KXBTC15M-26APR272145-45"",""trade_id"":""9f7b665f-a134-4fe4-ac0c-81683b6b8d8c"",""yes_price_dollars"":""0.5000""}"
KXBTC15M-26APR272145-45,5062feb4-19a1-499f-80fa-a2a5e592053f,1777339835,0.49,92.55,no,"{""count_fp"":""92.55"",""created_time"":""2026-04-28T01:30:35.523779Z"",""no_price_dollars"":""0.5100"",""taker_side"":""no"",""ticker"":""KXBTC15M-26APR272145-45"",""trade_id"":""5062feb4-19a1-499f-80fa-a2a5e592053f"",""yes_price_dollars"":""0.4900""}"
KXBTC15M-26APR272145-45,8f41ebdf-4281-59fb-2e09-4af418d2b44b,1777339835,0.49,18.6,no,"{""count_fp"":""18.60"",""created_time"":""2026-04-28T01:30:35.466283Z"",""no_price_dollars"":""0.5100"",""taker_side"":""no"",""ticker"":""KXBTC15M-26APR272145-45"",""trade_id"":""8f41ebdf-4281-59fb-2e09-4af418d2b44b"",""yes_price_dollars"":""0.4900""}"
KXBTC15M-26APR272145-45,fd4b823c-3687-5b1e-219f-7d682285e8f1,1777339835,0.5,20.0,yes,"{""count_fp"":""20.00"",""created_time"":""2026-04-28T01:30:35.423359Z"",""no_price_dollars"":""0.5000"",""taker_side"":""yes"",""ticker"":""KXBTC15M-26APR272145-45"",""trade_id"":""fd4b823c-3687-5b1e-219f-7d682285e8f1"",""yes_price_dollars"":""0.5000""}"
KXBTC15M-26APR272145-45,8e0ee51a-da9f-5375-1fec-8064b87f88e5,1777339835,0.5,2.0,yes,"{""count_fp"":""2.00"",""created_time"":""2026-04-28T01:30:35.423359Z"",""no_price_dollars"":""0.5000"",""taker_side"":""yes"",""ticker"":""KXBTC15M-26APR272145-45"",""trade_id"":""8e0ee51a-da9f-5375-1fec-8064b87f88e5"",""yes_price_dollars"":""0.5000""}"
KXBTC15M-26APR272145-45,167d6b92-3d84-524e-2189-84859c0c3d31,1777339835,0.5,16.61,yes,"{""count_fp"":""16.61"",""created_time"":""2026-04-28T01:30:35.423359Z"",""no_price_dollars"":""0.5000"",""taker_side"":""yes"",""ticker"":""KXBTC15M-26APR272145-45"",""trade_id"":""167d6b92-3d84-524e-2189-84859c0c3d31"",""yes_price_dollars"":""0.5000""}"
KXBTC15M-26APR272145-45,42a69c3e-7845-76ab-0082-abfae2b2ac33,1777339835,0.49,37.21,no,"{""count_fp"":""37.21"",""created_time"":""2026-04-28T01:30:35.363428Z"",""no_price_dollars"":""0.5100"",""taker_side"":""no"",""ticker"":""KXBTC15M-26APR272145-45"",""trade_id"":""42a69c3e-7845-76ab-0082-abfae2b2ac33"",""yes_price_dollars"":""0.4900""}"
KXBTC15M-26APR272145-45,22a4e02f-9d0d-5687-805c-7f0d2cb8e60b,1777339835,0.49,0.93,no,"{""count_fp"":""0.93"",""created_time"":""2026-04-28T01:30:35.080677Z"",""no_price_dollars"":""0.5100"",""taker_side"":""no"",""ticker"":""KXBTC15M-26APR272145-45"",""trade_id"":""22a4e02f-9d0d-5687-805c-7f0d2cb8e60b"",""yes_price_dollars"":""0.4900""}"
KXBTC15M-26APR272145-45,8bd94b55-6289-7047-b003-94d0d1b2b93f,1777339836,0.49,13.0,no,"{""count_fp"":""13.00"",""created_time"":""2026-04-28T01:30:36.747878Z"",""no_price_dollars"":""0.5100"",""taker_side"":""no"",""ticker"":""KXBTC15M-26APR272145-45"",""trade_id"":""8bd94b55-6289-7047-b003-94d0d1b2b93f"",""yes_price_dollars"":""0.4900""}"
KXBTC15M-26APR272145-45,f58b5527-67b4-511a-5ea5-8d4a9b557cfd,1777339836,0.5,193.23,yes,"{""count_fp"":""193.23"",""created_time"":""2026-04-28T01:30:36.651882Z"",""no_price_dollars"":""0.5000"",""taker_side"":""yes"",""ticker"":""KXBTC15M-26APR272145-45"",""trade_id"":""f58b5527-67b4-511a-5ea5-8d4a9b557cfd"",""yes_price_dollars"":""0.5000""}"
KXBTC15M-26APR272145-45,0771eb41-cebd-6d7b-97b8-311ad9d2b86f,1777339836,0.49,9.0,no,"{""count_fp"":""9.00"",""created_time"":""2026-04-28T01:30:36.529816Z"",""no_price_dollars"":""0.5100"",""taker_side"":""no"",""ticker"":""KXBTC15M-26APR272145-45"",""trade_id"":""0771eb41-cebd-6d7b-97b8-311ad9d2b86f"",""yes_price_dollars"":""0.4900""}"
KXBTC15M-26APR272145-45,1b5ecda4-0f20-4836-ea79-d76df34957cd,1777339836,0.5,8.3,yes,"{""count_fp"":""8.30"",""created_time"":""2026-04-28T01:30:36.520013Z"",""no_price_dollars"":""0.5000"",""taker_side"":""yes"",""ticker"":""KXBTC15M-26APR272145-45"",""trade_id"":""1b5ecda4-0f20-4836-ea79-d76df34957cd"",""yes_price_dollars"":""0.5000""}"
KXBTC15M-26APR272145-45,9d5256ab-0a38-41c4-e79e-70f080d263ac,1777339836,0.5,12.0,yes,"{""count_fp"":""12.00"",""created_time"":""2026-04-28T01:30:36.455681Z"",""no_price_dollars"":""0.5000"",""taker_side"":""yes"",""ticker"":""KXBTC15M-26APR272145-45"",""trade_id"":""9d5256ab-0a38-41c4-e79e-70f080d263ac"",""yes_price_dollars"":""0.5000""}"
KXBTC15M-26APR272145-45,7a69511b-aba8-436e-ecae-ebf7b6c5da49,1777339836,0.5,51.76,yes,"{""count_fp"":""51.76"",""created_time"":""2026-04-28T01:30:36.455681Z"",""no_price_dollars"":""0.5000"",""taker_side"":""yes"",""ticker"":""KXBTC15M-26APR272145-45"",""trade_id"":""7a69511b-aba8-436e-ecae-ebf7b6c5da49"",""yes_price_dollars"":""0.5000""}"
KXBTC15M-26APR272145-45,c1728148-1acd-45e3-be91-9c485303ca2b,1777339836,0.49,155.45,no,"{""count_fp"":""155.45"",""created_time"":""2026-04-28T01:30:36.092399Z"",""no_price_dollars"":""0.5100"",""taker_side"":""no"",""ticker"":""KXBTC15M-26APR272145-45"",""trade_id"":""c1728148-1acd-45e3-be91-9c485303ca2b"",""yes_price_dollars"":""0.4900""}"
KXBTC15M-26APR272145-45,f07d1014-19e9-7766-63b6-def58cf20b71,1777339837,0.5,1.0,yes,"{""count_fp"":""1.00"",""created_time"":""2026-04-28T01:30:37.648993Z"",""no_price_dollars"":""0.5000"",""taker_side"":""yes"",""ticker"":""KXBTC15M-26APR272145-45"",""trade_id"":""f07d1014-19e9-7766-63b6-def58cf20b71"",""yes_price_dollars"":""0.5000""}"
KXBTC15M-26APR272145-45,9682d922-f4a1-750e-7cb1-d6a0e7189186,1777339837,0.5,4.21,yes,"{""count_fp"":""4.21"",""created_time"":""2026-04-28T01:30:37.648993Z"",""no_price_dollars"":""0.5000"",""taker_side"":""yes"",""ticker"":""KXBTC15M-26APR272145-45"",""trade_id"":""9682d922-f4a1-750e-7cb1-d6a0e7189186"",""yes_price_dollars"":""0.5000""}"
KXBTC15M-26APR272145-45,16472419-8788-733a-4779-7051baf75719,1777339837,0.5,14.79,yes,"{""count_fp"":""14.79"",""created_time"":""2026-04-28T01:30:37.648993Z"",""no_price_dollars"":""0.5000"",""taker_side"":""yes"",""ticker"":""KXBTC15M-26APR272145-45"",""trade_id"":""16472419-8788-733a-4779-7051baf75719"",""yes_price_dollars"":""0.5000""}"
KXBTC15M-26APR272145-45,d825fcea-5449-733a-619a-f9e2cf984d66,1777339837,0.5,5.79,yes,"{""count_fp"":""5.79"",""created_time"":""2026-04-28T01:30:37.488308Z"",""no_price_dollars"":""0.5000"",""taker_side"":""yes"",""ticker"":""KXBTC15M-26APR272145-45"",""trade_id"":""d825fcea-5449-733a-619a-f9e2cf984d66"",""yes_price_dollars"":""0.5000""}"
KXBTC15M-26APR272145-45,10fae94b-0c48-5bb8-ee33-9d9ff863611d,1777339838,0.5,2.0,no,"{""count_fp"":""2.00"",""created_time"":""2026-04-28T01:30:38.606914Z"",""no_price_dollars"":""0.5000"",""taker_side"":""no"",""ticker"":""KXBTC15M-26APR272145-45"",""trade_id"":""10fae94b-0c48-5bb8-ee33-9d9ff863611d"",""yes_price_dollars"":""0.5000""}"
KXBTC15M-26APR272145-45,b151a44c-0bea-6b6e-f5af-4c9ce6b7cf21,1777339838,0.51,2.0,yes,"{""count_fp"":""2.00"",""created_time"":""2026-04-28T01:30:38.382859Z"",""no_price_dollars"":""0.4900"",""taker_side"":""yes"",""ticker"":""KXBTC15M-26APR272145-45"",""trade_id"":""b151a44c-0bea-6b6e-f5af-4c9ce6b7cf21"",""yes_price_dollars"":""0.5100""}"
KXBTC15M-26APR272145-45,ac8dc358-688d-6d0d-f4b8-10eeaed75d34,1777339838,0.51,362.39,yes,"{""count_fp"":""362.39"",""created_time"":""2026-04-28T01:30:38.382859Z"",""no_price_dollars"":""0.4900"",""taker_side"":""yes"",""ticker"":""KXBTC15M-26APR272145-45"",""trade_id"":""ac8dc358-688d-6d0d-f4b8-10eeaed75d34"",""yes_price_dollars"":""0.5100""}"
KXBTC15M-26APR272145-45,34c6cd53-60e8-6446-ebeb-5b67065c3efa,1777339838,0.51,1.62,yes,"{""count_fp"":""1.62"",""created_time"":""2026-04-28T01:30:38.382859Z"",""no_price_dollars"":""0.4900"",""taker_side"":""yes"",""ticker"":""KXBTC15M-26APR272145-45"",""trade_id"":""34c6cd53-60e8-6446-ebeb-5b67065c3efa"",""yes_price_dollars"":""0.5100""}"
KXBTC15M-26APR272145-45,b69029ef-8bb4-431e-bebf-d1652a4e86f2,1777339838,0.51,28.4,yes,"{""count_fp"":""28.40"",""created_time"":""2026-04-28T01:30:38.034615Z"",""no_price_dollars"":""0.4900"",""taker_side"":""yes"",""ticker"":""KXBTC15M-26APR272145-45"",""trade_id"":""b69029ef-8bb4-431e-bebf-d1652a4e86f2"",""yes_price_dollars"":""0.5100""}"
KXBTC15M-26APR272145-45,108b4605-8701-4789-51c3-aab428dce3dc,1777339839,0.5,9.47,yes,"{""count_fp"":""9.47"",""created_time"":""2026-04-28T01:30:39.957211Z"",""no_price_dollars"":""0.5000"",""taker_side"":""yes"",""ticker"":""KXBTC15M-26APR272145-45"",""trade_id"":""108b4605-8701-4789-51c3-aab428dce3dc"",""yes_price_dollars"":""0.5000""}"
KXBTC15M-26APR272145-45,90c39f65-b176-56b2-811e-da67af3024af,1777339839,0.49,3.0,no,"{""count_fp"":""3.00"",""created_time"":""2026-04-28T01:30:39.907317Z"",""no_price_dollars"":""0.5100"",""taker_side"":""no"",""ticker"":""KXBTC15M-26APR272145-45"",""trade_id"":""90c39f65-b176-56b2-811e-da67af3024af"",""yes_price_dollars"":""0.4900""}"
KXBTC15M-26APR272145-45,c737bdd5-fcde-7197-f798-250b1e0c2be4,1777339839,0.5,10.0,no,"{""count_fp"":""10.00"",""created_time"":""2026-04-28T01:30:39.130965Z"",""no_price_dollars"":""0.5000"",""taker_side"":""no"",""ticker"":""KXBTC15M-26APR272145-45"",""trade_id"":""c737bdd5-fcde-7197-f798-250b1e0c2be4"",""yes_price_dollars"":""0.5000""}"
KXBTC15M-26APR272145-45,c2325058-8756-7815-e76b-74ea6a6edb03,1777339839,0.5,47.0,no,"{""count_fp"":""47.00"",""created_time"":""2026-04-28T01:30:39.130965Z"",""no_price_dollars"":""0.5000"",""taker_side"":""no"",""ticker"":""KXBTC15M-26APR272145-45"",""trade_id"":""c2325058-8756-7815-e76b-74ea6a6edb03"",""yes_price_dollars"":""0.5000""}"
KXBTC15M-26APR272145-45,bc121703-3680-7c1c-d974-dcb4b5b549c1,1777339839,0.5,11.96,no,"{""count_fp"":""11.96"",""created_time"":""2026-04-28T01:30:39.130965Z"",""no_price_dollars"":""0.5000"",""taker_side"":""no"",""ticker"":""KXBTC15M-26APR272145-45"",""trade_id"":""bc121703-3680-7c1c-d974-dcb4b5b549c1"",""yes_price_dollars"":""0.5000""}"
KXBTC15M-26APR272145-45,82eb88a7-7eb9-74a7-dd5a-88d29d05ddaf,1777339839,0.49,53.86,no,"{""count_fp"":""53.86"",""created_time"":""2026-04-28T01:30:39.130965Z"",""no_price_dollars"":""0.5100"",""taker_side"":""no"",""ticker"":""KXBTC15M-26APR272145-45"",""trade_id"":""82eb88a7-7eb9-74a7-dd5a-88d29d05ddaf"",""yes_price_dollars"":""0.4900""}"
KXBTC15M-26APR272145-45,21015dc2-9448-5838-aef0-b16045aba2c9,1777339839,0.5,3.86,no,"{""count_fp"":""3.86"",""created_time"":""2026-04-28T01:30:39.054141Z"",""no_price_dollars"":""0.5000"",""taker_side"":""no"",""ticker"":""KXBTC15M-26APR272145-45"",""trade_id"":""21015dc2-9448-5838-aef0-b16045aba2c9"",""yes_price_dollars"":""0.5000""}"
KXBTC15M-26APR272145-45,ce3f7db1-13d9-70d5-9b64-cd4b74320c28,1777339840,0.5,25.12,yes,"{""count_fp"":""25.12"",""created_time"":""2026-04-28T01:30:40.558973Z"",""no_price_dollars"":""0.5000"",""taker_side"":""yes"",""ticker"":""KXBTC15M-26APR272145-45"",""trade_id"":""ce3f7db1-13d9-70d5-9b64-cd4b74320c28"",""yes_price_dollars"":""0.5000""}"
KXBTC15M-26APR272145-45,4c96a393-6e52-50b6-c730-276378fed86b,1777339840,0.49,10.0,no,"{""count_fp"":""10.00"",""created_time"":""2026-04-28T01:30:40.329613Z"",""no_price_dollars"":""0.5100"",""taker_side"":""no"",""ticker"":""KXBTC15M-26APR272145-45"",""trade_id"":""4c96a393-6e52-50b6-c730-276378fed86b"",""yes_price_dollars"":""0.4900""}"
KXBTC15M-26APR272145-45,0f1715cb-82f6-4d2e-8851-6b075f0cc5e7,1777339840,0.49,10.0,no,"{""count_fp"":""10.00"",""created_time"":""2026-04-28T01:30:40.305085Z"",""no_price_dollars"":""0.5100"",""taker_side"":""no"",""ticker"":""KXBTC15M-26APR272145-45"",""trade_id"":""0f1715cb-82f6-4d2e-8851-6b075f0cc5e7"",""yes_price_dollars"":""0.4900""}"
KXBTC15M-26APR272145-45,2a94b7d9-b98e-5a7e-8084-8a1a8bb5ca83,1777339840,0.49,9.46,no,"{""count_fp"":""9.46"",""created_time"":""2026-04-28T01:30:40.278744Z"",""no_price_dollars"":""0.5100"",""taker_side"":""no"",""ticker"":""KXBTC15M-26APR272145-45"",""trade_id"":""2a94b7d9-b98e-5a7e-8084-8a1a8bb5ca83"",""yes_price_dollars"":""0.4900""}"
KXBTC15M-26APR272145-45,1429c956-d1ba-7676-966c-2b6ab090913f,1777339841,0.49,13.0,no,"{""count_fp"":""13.00"",""created_time"":""2026-04-28T01:30:41.737883Z"",""no_price_dollars"":""0.5100"",""taker_side"":""no"",""ticker"":""KXBTC15M-26APR272145-45"",""trade_id"":""1429c956-d1ba-7676-966c-2b6ab090913f"",""yes_price_dollars"":""0.4900""}"
KXBTC15M-26APR272145-45,8c1dd270-f4a5-4881-1215-90dec45f2058,1777339841,0.5,5.68,yes,"{""count_fp"":""5.68"",""created_time"":""2026-04-28T01:30:41.549965Z"",""no_price_dollars"":""0.5000"",""taker_side"":""yes"",""ticker"":""KXBTC15M-26APR272145-45"",""trade_id"":""8c1dd270-f4a5-4881-1215-90dec45f2058"",""yes_price_dollars"":""0.5000""}"
KXBTC15M-26APR272145-45,afb6f0a4-b28d-4239-1965-2e95fd1ff2f0,1777339842,0.5,11.96,yes,"{""count_fp"":""11.96"",""created_time"":""2026-04-28T01:30:42.994261Z"",""no_price_dollars"":""0.5000"",""taker_side"":""yes"",""ticker"":""KXBTC15M-26APR272145-45"",""trade_id"":""afb6f0a4-b28d-4239-1965-2e95fd1ff2f0"",""yes_price_dollars"":""0.5000""}"
KXBTC15M-26APR272145-45,a9cbee33-c982-51a6-3094-50dba14d297b,1777339842,0.49,3.0,no,"{""count_fp"":""3.00"",""created_time"":""2026-04-28T01:30:42.429309Z"",""no_price_dollars"":""0.5100"",""taker_side"":""no"",""ticker"":""KXBTC15M-26APR272145-45"",""trade_id"":""a9cbee33-c982-51a6-3094-50dba14d297b"",""yes_price_dollars"":""0.4900""}"
KXBTC15M-26APR272145-45,de99dc2e-edb6-6ffa-10ba-fde19f47ee8f,1777339842,0.49,1.0,no,"{""count_fp"":""1.00"",""created_time"":""2026-04-28T01:30:42.390553Z"",""no_price_dollars"":""0.5100"",""taker_side"":""no"",""ticker"":""KXBTC15M-26APR272145-45"",""trade_id"":""de99dc2e-edb6-6ffa-10ba-fde19f47ee8f"",""yes_price_dollars"":""0.4900""}"
KXBTC15M-26APR272145-45,48da3be1-8365-66d1-6d85-983d6fac5cb4,1777339842,0.5,5.68,yes,"{""count_fp"":""5.68"",""created_time"":""2026-04-28T01:30:42.323321Z"",""no_price_dollars"":""0.5000"",""taker_side"":""yes"",""ticker"":""KXBTC15M-26APR272145-45"",""trade_id"":""48da3be1-8365-66d1-6d85-983d6fac5cb4"",""yes_price_dollars"":""0.5000""}"
KXBTC15M-26APR272145-45,b557a888-5c31-4a71-d4b8-52837b06b104,1777339843,0.5,10.41,yes,"{""count_fp"":""10.41"",""created_time"":""2026-04-28T01:30:43.830866Z"",""no_price_dollars"":""0.5000"",""taker_side"":""yes"",""ticker"":""KXBTC15M-26APR272145-45"",""trade_id"":""b557a888-5c31-4a71-d4b8-52837b06b104"",""yes_price_dollars"":""0.5000""}"
KXBTC15M-26APR272145-45,e5a49618-9824-73a5-5949-5a34e19427d3,1777339843,0.47,2.0,no,"{""count_fp"":""2.00"",""created_time"":""2026-04-28T01:30:43.806622Z"",""no_price_dollars"":""0.5300"",""taker_side"":""no"",""ticker"":""KXBTC15M-26APR272145-45"",""trade_id"":""e5a49618-9824-73a5-5949-5a34e19427d3"",""yes_price_dollars"":""0.4700""}"
KXBTC15M-26APR272145-45,6f13b17f-f6b7-71a7-584d-694ef431fce7,1777339843,0.49,0.16,no,"{""count_fp"":""0.16"",""created_time"":""2026-04-28T01:30:43.806622Z"",""no_price_dollars"":""0.5100"",""taker_side"":""no"",""ticker"":""KXBTC15M-26APR272145-45"",""trade_id"":""6f13b17f-f6b7-71a7-584d-694ef431fce7"",""yes_price_dollars"":""0.4900""}"
KXBTC15M-26APR272145-45,5ee19144-c359-729e-4f29-ed7a1a63e58f,1777339843,0.47,10.0,no,"{""count_fp"":""10.00"",""created_time"":""2026-04-28T01:30:43.806622Z"",""no_price_dollars"":""0.5300"",""taker_side"":""no"",""ticker"":""KXBTC15M-26APR272145-45"",""trade_id"":""5ee19144-c359-729e-4f29-ed7a1a63e58f"",""yes_price_dollars"":""0.4700""}"
KXBTC15M-26APR272145-45,3ced6096-4b7c-7e58-6dce-f515db175db5,1777339843,0.47,2.49,no,"{""count_fp"":""2.49"",""created_time"":""2026-04-28T01:30:43.806622Z"",""no_price_dollars"":""0.5300"",""taker_side"":""no"",""ticker"":""KXBTC15M-26APR272145-45"",""trade_id"":""3ced6096-4b7c-7e58-6dce-f515db175db5"",""yes_price_dollars"":""0.4700""}"
KXBTC15M-26APR272145-45,13f52e36-b941-754c-7720-7a7fd095fc72,1777339843,0.47,3.54,no,"{""count_fp"":""3.54"",""created_time"":""2026-04-28T01:30:43.806622Z"",""no_price_dollars"":""0.5300"",""taker_side"":""no"",""ticker"":""KXBTC15M-26APR272145-45"",""trade_id"":""13f52e36-b941-754c-7720-7a7fd095fc72"",""yes_price_dollars"":""0.4700""}"
KXBTC15M-26APR272145-45,37a377f6-0ec1-5019-bbd7-fa6a9b9a9d5c,1777339843,0.5,3.0,yes,"{""count_fp"":""3.00"",""created_time"":""2026-04-28T01:30:43.785424Z"",""no_price_dollars"":""0.5000"",""taker_side"":""yes"",""ticker"":""KXBTC15M-26APR272145-45"",""trade_id"":""37a377f6-0ec1-5019-bbd7-fa6a9b9a9d5c"",""yes_price_dollars"":""0.5000""}"
KXBTC15M-26APR272145-45,85dbdaf5-ea57-58f8-5a1a-756b5a619b66,1777339843,0.49,1.05,no,"{""count_fp"":""1.05"",""created_time"":""2026-04-28T01:30:43.230621Z"",""no_price_dollars"":""0.5100"",""taker_side"":""no"",""ticker"":""KXBTC15M-26APR272145-45"",""trade_id"":""85dbdaf5-ea57-58f8-5a1a-756b5a619b66"",""yes_price_dollars"":""0.4900""}"
KXBTC15M-26APR272145-45,6c699cf5-d41f-5beb-7e5e-f7faa1d9c44f,1777339843,0.49,0.84,no,"{""count_fp"":""0.84"",""created_time"":""2026-04-28T01:30:43.230621Z"",""no_price_dollars"":""0.5100"",""taker_side"":""no"",""ticker"":""KXBTC15M-26APR272145-45"",""trade_id"":""6c699cf5-d41f-5beb-7e5e-f7faa1d9c44f"",""yes_price_dollars"":""0.4900""}"
KXBTC15M-26APR272145-45,0188009b-c63f-7d80-a747-6704a703a382,1777339843,0.49,18.95,no,"{""count_fp"":""18.95"",""created_time"":""2026-04-28T01:30:43.113173Z"",""no_price_dollars"":""0.5100"",""taker_side"":""no"",""ticker"":""KXBTC15M-26APR272145-45"",""trade_id"":""0188009b-c63f-7d80-a747-6704a703a382"",""yes_price_dollars"":""0.4900""}"
KXBTC15M-26APR272145-45,fb7eb22c-447f-647c-499e-99a48f5ec04a,1777339844,0.47,10.0,no,"{""count_fp"":""10.00"",""created_time"":""2026-04-28T01:30:44.943722Z"",""no_price_dollars"":""0.5300"",""taker_side"":""no"",""ticker"":""KXBTC15M-26APR272145-45"",""trade_id"":""fb7eb22c-447f-647c-499e-99a48f5ec04a"",""yes_price_dollars"":""0.4700""}"
KXBTC15M-26APR272145-45,7193541b-ad17-6f54-696d-5bcd4a2569ce,1777339844,0.47,3.0,no,"{""count_fp"":""3.00"",""created_time"":""2026-04-28T01:30:44.943722Z"",""no_price_dollars"":""0.5300"",""taker_side"":""no"",""ticker"":""KXBTC15M-26APR272145-45"",""trade_id"":""7193541b-ad17-6f54-696d-5bcd4a2569ce"",""yes_price_dollars"":""0.4700""}"
KXBTC15M-26APR272145-45,4ce97d9d-26b5-66be-598e-8a7c7e5048c0,1777339844,0.46,64.8,no,"{""count_fp"":""64.80"",""created_time"":""2026-04-28T01:30:44.943722Z"",""no_price_dollars"":""0.5400"",""taker_side"":""no"",""ticker"":""KXBTC15M-26APR272145-45"",""trade_id"":""4ce97d9d-26b5-66be-598e-8a7c7e5048c0"",""yes_price_dollars"":""0.4600""}"
KXBTC15M-26APR272145-45,2ba53e8c-7442-61e2-4d1f-b1230dd7abd0,1777339844,0.47,10.0,no,"{""count_fp"":""10.00"",""created_time"":""2026-04-28T01:30:44.943722Z"",""no_price_dollars"":""0.5300"",""taker_side"":""no"",""ticker"":""KXBTC15M-26APR272145-45"",""trade_id"":""2ba53e8c-7442-61e2-4d1f-b1230dd7abd0"",""yes_price_dollars"":""0.4700""}"
KXBTC15M-26APR272145-45,1c215b78-d082-6e59-45c9-d51db4384215,1777339844,0.46,1.0,no,"{""count_fp"":""1.00"",""created_time"":""2026-04-28T01:30:44.943722Z"",""no_price_dollars"":""0.5400"",""taker_side"":""no"",""ticker"":""KXBTC15M-26APR272145-45"",""trade_id"":""1c215b78-d082-6e59-45c9-d51db4384215"",""yes_price_dollars"":""0.4600""}"
KXBTC15M-26APR272145-45,df0358dd-84ff-57d4-e875-431cee4f96c2,1777339844,0.47,18.25,no,"{""count_fp"":""18.25"",""created_time"":""2026-04-28T01:30:44.705102Z"",""no_price_dollars"":""0.5300"",""taker_side"":""no"",""ticker"":""KXBTC15M-26APR272145-45"",""trade_id"":""df0358dd-84ff-57d4-e875-431cee4f96c2"",""yes_price_dollars"":""0.4700""}"
KXBTC15M-26APR272145-45,ad20193a-d0af-6508-2aab-8045031b96a2,1777339844,0.47,11.75,no,"{""count_fp"":""11.75"",""created_time"":""2026-04-28T01:30:44.687093Z"",""no_price_dollars"":""0.5300"",""taker_side"":""no"",""ticker"":""KXBTC15M-26APR272145-45"",""trade_id"":""ad20193a-d0af-6508-2aab-8045031b96a2"",""yes_price_dollars"":""0.4700""}"
KXBTC15M-26APR272145-45,5ba83b89-f0e0-64b4-337c-efdc1758191d,1777339844,0.47,6.51,no,"{""count_fp"":""6.51"",""created_time"":""2026-04-28T01:30:44.687093Z"",""no_price_dollars"":""0.5300"",""taker_side"":""no"",""ticker"":""KXBTC15M-26APR272145-45"",""trade_id"":""5ba83b89-f0e0-64b4-337c-efdc1758191d"",""yes_price_dollars"":""0.4700""}"
KXBTC15M-26APR272145-45,f87c687f-3c7d-6d47-9c09-38f559e0d43f,1777339844,0.48,1.54,yes,"{""count_fp"":""1.54"",""created_time"":""2026-04-28T01:30:44.099505Z"",""no_price_dollars"":""0.5200"",""taker_side"":""yes"",""ticker"":""KXBTC15M-26APR272145-45"",""trade_id"":""f87c687f-3c7d-6d47-9c09-38f559e0d43f"",""yes_price_dollars"":""0.4800""}"
KXBTC15M-26APR272145-45,221164e9-6ed4-4e66-ac83-25413b46b88f,1777339845,0.47,10.18,yes,"{""count_fp"":""10.18"",""created_time"":""2026-04-28T01:30:45.877994Z"",""no_price_dollars"":""0.5300"",""taker_side"":""yes"",""ticker"":""KXBTC15M-26APR272145-45"",""trade_id"":""221164e9-6ed4-4e66-ac83-25413b46b88f"",""yes_price_dollars"":""0.4700""}"
KXBTC15M-26APR272145-45,fa60dae5-e92d-732e-c395-5428aee57137,1777339845,0.47,10.0,yes,"{""count_fp"":""10.00"",""created_time"":""2026-04-28T01:30:45.832786Z"",""no_price_dollars"":""0.5300"",""taker_side"":""yes"",""ticker"":""KXBTC15M-26APR272145-45"",""trade_id"":""fa60dae5-e92d-732e-c395-5428aee57137"",""yes_price_dollars"":""0.4700""}"
KXBTC15M-26APR272145-45,b45fa1fe-5984-7a92-d536-b34994a707d3,1777339845,0.47,3.92,yes,"{""count_fp"":""3.92"",""created_time"":""2026-04-28T01:30:45.832786Z"",""no_price_dollars"":""0.5300"",""taker_side"":""yes"",""ticker"":""KXBTC15M-26APR272145-45"",""trade_id"":""b45fa1fe-5984-7a92-d536-b34994a707d3"",""yes_price_dollars"":""0.4700""}"
KXBTC15M-26APR272145-45,3734a844-b2e4-7b92-d57e-a102b4b9febb,1777339845,0.47,59.5,yes,"{""count_fp"":""59.50"",""created_time"":""2026-04-28T01:30:45.832786Z"",""no_price_dollars"":""0.5300"",""taker_side"":""yes"",""ticker"":""KXBTC15M-26APR272145-45"",""trade_id"":""3734a844-b2e4-7b92-d57e-a102b4b9febb"",""yes_price_dollars"":""0.4700""}"
KXBTC15M-26APR272145-45,25e03cd1-1b5c-51de-2719-84bc050313a7,1777339845,0.47,16.08,yes,"{""count_fp"":""16.08"",""created_time"":""2026-04-28T01:30:45.786311Z"",""no_price_dollars"":""0.5300"",""taker_side"":""yes"",""ticker"":""KXBTC15M-26APR272145-45"",""trade_id"":""25e03cd1-1b5c-51de-2719-84bc050313a7"",""yes_price_dollars"":""0.4700""}"
KXBTC15M-26APR272145-45,072c5b48-d915-48e6-0338-2e2b920edcc4,1777339845,0.46,25.05,no,"{""count_fp"":""25.05"",""created_time"":""2026-04-28T01:30:45.462374Z"",""no_price_dollars"":""0.5400"",""taker_side"":""no"",""ticker"":""KXBTC15M-26APR272145-45"",""trade_id"":""072c5b48-d915-48e6-0338-2e2b920edcc4"",""yes_price_dollars"":""0.4600""}"
KXBTC15M-26APR272145-45,88044cf6-6405-5f56-0a49-c86dcadc69d8,1777339846,0.46,1.0,no,"{""count_fp"":""1.00"",""created_time"":""2026-04-28T01:30:46.903348Z"",""no_price_dollars"":""0.5400"",""taker_side"":""no"",""ticker"":""KXBTC15M-26APR272145-45"",""trade_id"":""88044cf6-6405-5f56-0a49-c86dcadc69d8"",""yes_price_dollars"":""0.4600""}"
