ticker,trade_id,ts,yes_price,count,taker_side,raw_json
KXBTC15M-26APR280530-30,e243f928-5fbb-5145-f27b-0491937df472,1777367701,0.5,69.0,no,"{""count_fp"":""69.00"",""created_time"":""2026-04-28T09:15:01.722823Z"",""no_price_dollars"":""0.5000"",""taker_side"":""no"",""ticker"":""KXBTC15M-26APR280530-30"",""trade_id"":""e243f928-5fbb-5145-f27b-0491937df472"",""yes_price_dollars"":""0.5000""}"
KXBTC15M-26APR280530-30,27c0af43-7ef3-720d-006e-953e1cafc422,1777367701,0.5,1.0,no,"{""count_fp"":""1.00"",""created_time"":""2026-04-28T09:15:01.484016Z"",""no_price_dollars"":""0.5000"",""taker_side"":""no"",""ticker"":""KXBTC15M-26APR280530-30"",""trade_id"":""27c0af43-7ef3-720d-006e-953e1cafc422"",""yes_price_dollars"":""0.5000""}"
KXBTC15M-26APR280530-30,1b08c3a3-195e-6507-08f2-3e346658d8cc,1777367704,0.5,5.79,yes,"{""count_fp"":""5.79"",""created_time"":""2026-04-28T09:15:04.922714Z"",""no_price_dollars"":""0.5000"",""taker_side"":""yes"",""ticker"":""KXBTC15M-26APR280530-30"",""trade_id"":""1b08c3a3-195e-6507-08f2-3e346658d8cc"",""yes_price_dollars"":""0.5000""}"
KXBTC15M-26APR280530-30,da81b96f-6612-7597-eaad-4ced434cd5bc,1777367705,0.5,45.21,yes,"{""count_fp"":""45.21"",""created_time"":""2026-04-28T09:15:05.142105Z"",""no_price_dollars"":""0.5000"",""taker_side"":""yes"",""ticker"":""KXBTC15M-26APR280530-30"",""trade_id"":""da81b96f-6612-7597-eaad-4ced434cd5bc"",""yes_price_dollars"":""0.5000""}"
KXBTC15M-26APR280530-30,dba7fd76-f9ad-52aa-679f-0f4648e6d2da,1777367707,0.5,15.47,no,"{""count_fp"":""15.47"",""created_time"":""2026-04-28T09:15:07.468874Z"",""no_price_dollars"":""0.5000"",""taker_side"":""no"",""ticker"":""KXBTC15M-26APR280530-30"",""trade_id"":""dba7fd76-f9ad-52aa-679f-0f4648e6d2da"",""yes_price_dollars"":""0.5000""}"
KXBTC15M-26APR280530-30,b0fa8971-eee8-5acc-543c-29459040f02f,1777367707,0.5,2.0,no,"{""count_fp"":""2.00"",""created_time"":""2026-04-28T09:15:07.468874Z"",""no_price_dollars"":""0.5000"",""taker_side"":""no"",""ticker"":""KXBTC15M-26APR280530-30"",""trade_id"":""b0fa8971-eee8-5acc-543c-29459040f02f"",""yes_price_dollars"":""0.5000""}"
KXBTC15M-26APR280530-30,aff653b4-d0f4-57b3-55d5-7f7e013f0eb7,1777367707,0.5,2.0,no,"{""count_fp"":""2.00"",""created_time"":""2026-04-28T09:15:07.468874Z"",""no_price_dollars"":""0.5000"",""taker_side"":""no"",""ticker"":""KXBTC15M-26APR280530-30"",""trade_id"":""aff653b4-d0f4-57b3-55d5-7f7e013f0eb7"",""yes_price_dollars"":""0.5000""}"
KXBTC15M-26APR280530-30,89f21e23-a4c8-5a57-6bd7-84285ceec514,1777367707,0.5,5.0,no,"{""count_fp"":""5.00"",""created_time"":""2026-04-28T09:15:07.468874Z"",""no_price_dollars"":""0.5000"",""taker_side"":""no"",""ticker"":""KXBTC15M-26APR280530-30"",""trade_id"":""89f21e23-a4c8-5a57-6bd7-84285ceec514"",""yes_price_dollars"":""0.5000""}"
KXBTC15M-26APR280530-30,7f2ba1ea-4b61-51e3-4708-e6cc22d2b970,1777367707,0.5,10.0,no,"{""count_fp"":""10.00"",""created_time"":""2026-04-28T09:15:07.468874Z"",""no_price_dollars"":""0.5000"",""taker_side"":""no"",""ticker"":""KXBTC15M-26APR280530-30"",""trade_id"":""7f2ba1ea-4b61-51e3-4708-e6cc22d2b970"",""yes_price_dollars"":""0.5000""}"
KXBTC15M-26APR280530-30,748aea2d-0656-50b5-7cc6-50649e198059,1777367707,0.5,4.0,no,"{""count_fp"":""4.00"",""created_time"":""2026-04-28T09:15:07.468874Z"",""no_price_dollars"":""0.5000"",""taker_side"":""no"",""ticker"":""KXBTC15M-26APR280530-30"",""trade_id"":""748aea2d-0656-50b5-7cc6-50649e198059"",""yes_price_dollars"":""0.5000""}"
KXBTC15M-26APR280530-30,58721da4-76ee-587d-7e26-8426f0260346,1777367707,0.5,8.0,no,"{""count_fp"":""8.00"",""created_time"":""2026-04-28T09:15:07.468874Z"",""no_price_dollars"":""0.5000"",""taker_side"":""no"",""ticker"":""KXBTC15M-26APR280530-30"",""trade_id"":""58721da4-76ee-587d-7e26-8426f0260346"",""yes_price_dollars"":""0.5000""}"
KXBTC15M-26APR280530-30,1672821e-0d12-548c-5b2e-d5a61960be16,1777367707,0.5,4.0,no,"{""count_fp"":""4.00"",""created_time"":""2026-04-28T09:15:07.468874Z"",""no_price_dollars"":""0.5000"",""taker_side"":""no"",""ticker"":""KXBTC15M-26APR280530-30"",""trade_id"":""1672821e-0d12-548c-5b2e-d5a61960be16"",""yes_price_dollars"":""0.5000""}"
KXBTC15M-26APR280530-30,72bfa2e5-27f1-7082-c036-03428c5aa0a2,1777367707,0.5,19.32,no,"{""count_fp"":""19.32"",""created_time"":""2026-04-28T09:15:07.172601Z"",""no_price_dollars"":""0.5000"",""taker_side"":""no"",""ticker"":""KXBTC15M-26APR280530-30"",""trade_id"":""72bfa2e5-27f1-7082-c036-03428c5aa0a2"",""yes_price_dollars"":""0.5000""}"
KXBTC15M-26APR280530-30,b6853900-6ace-6c3b-0eed-6f4fca16f619,1777367709,0.48,53.0,no,"{""count_fp"":""53.00"",""created_time"":""2026-04-28T09:15:09.537553Z"",""no_price_dollars"":""0.5200"",""taker_side"":""no"",""ticker"":""KXBTC15M-26APR280530-30"",""trade_id"":""b6853900-6ace-6c3b-0eed-6f4fca16f619"",""yes_price_dollars"":""0.4800""}"
KXBTC15M-26APR280530-30,972e1204-9358-6189-3407-745d76837b66,1777367709,0.47,10.0,no,"{""count_fp"":""10.00"",""created_time"":""2026-04-28T09:15:09.537553Z"",""no_price_dollars"":""0.5300"",""taker_side"":""no"",""ticker"":""KXBTC15M-26APR280530-30"",""trade_id"":""972e1204-9358-6189-3407-745d76837b66"",""yes_price_dollars"":""0.4700""}"
KXBTC15M-26APR280530-30,37d60d5e-db81-6eb4-27fb-69a0e64ba59e,1777367709,0.46,1.0,no,"{""count_fp"":""1.00"",""created_time"":""2026-04-28T09:15:09.537553Z"",""no_price_dollars"":""0.5400"",""taker_side"":""no"",""ticker"":""KXBTC15M-26APR280530-30"",""trade_id"":""37d60d5e-db81-6eb4-27fb-69a0e64ba59e"",""yes_price_dollars"":""0.4600""}"
KXBTC15M-26APR280530-30,1de7109d-235d-6399-2dcc-7ec2265c8185,1777367709,0.49,1.12,no,"{""count_fp"":""1.12"",""created_time"":""2026-04-28T09:15:09.537553Z"",""no_price_dollars"":""0.5100"",""taker_side"":""no"",""ticker"":""KXBTC15M-26APR280530-30"",""trade_id"":""1de7109d-235d-6399-2dcc-7ec2265c8185"",""yes_price_dollars"":""0.4900""}"
KXBTC15M-26APR280530-30,1af0e480-c8a3-692c-1a64-62c3367e6bcb,1777367709,0.46,7.03,no,"{""count_fp"":""7.03"",""created_time"":""2026-04-28T09:15:09.537553Z"",""no_price_dollars"":""0.5400"",""taker_side"":""no"",""ticker"":""KXBTC15M-26APR280530-30"",""trade_id"":""1af0e480-c8a3-692c-1a64-62c3367e6bcb"",""yes_price_dollars"":""0.4600""}"
KXBTC15M-26APR280530-30,e3462607-1887-4156-981a-6c55fd3d6c5c,1777367710,0.5,1.0,yes,"{""count_fp"":""1.00"",""created_time"":""2026-04-28T09:15:10.828931Z"",""no_price_dollars"":""0.5000"",""taker_side"":""yes"",""ticker"":""KXBTC15M-26APR280530-30"",""trade_id"":""e3462607-1887-4156-981a-6c55fd3d6c5c"",""yes_price_dollars"":""0.5000""}"
KXBTC15M-26APR280530-30,669dd25d-44c6-763f-6746-8cf96e5894ab,1777367710,0.49,2.0,yes,"{""count_fp"":""2.00"",""created_time"":""2026-04-28T09:15:10.702949Z"",""no_price_dollars"":""0.5100"",""taker_side"":""yes"",""ticker"":""KXBTC15M-26APR280530-30"",""trade_id"":""669dd25d-44c6-763f-6746-8cf96e5894ab"",""yes_price_dollars"":""0.4900""}"
KXBTC15M-26APR280530-30,6b9c0cfa-4483-5ffd-1ed5-2776da71fcdc,1777367710,0.5,3.0,yes,"{""count_fp"":""3.00"",""created_time"":""2026-04-28T09:15:10.334504Z"",""no_price_dollars"":""0.5000"",""taker_side"":""yes"",""ticker"":""KXBTC15M-26APR280530-30"",""trade_id"":""6b9c0cfa-4483-5ffd-1ed5-2776da71fcdc"",""yes_price_dollars"":""0.5000""}"
KXBTC15M-26APR280530-30,077875fa-04d3-5874-1c14-1975bb952385,1777367710,0.51,11.83,yes,"{""count_fp"":""11.83"",""created_time"":""2026-04-28T09:15:10.334504Z"",""no_price_dollars"":""0.4900"",""taker_side"":""yes"",""ticker"":""KXBTC15M-26APR280530-30"",""trade_id"":""077875fa-04d3-5874-1c14-1975bb952385"",""yes_price_dollars"":""0.5100""}"
KXBTC15M-26APR280530-30,b637c6ed-1b0b-5f04-1776-86428ddfebc7,1777367710,0.46,31.64,no,"{""count_fp"":""31.64"",""created_time"":""2026-04-28T09:15:10.333221Z"",""no_price_dollars"":""0.5400"",""taker_side"":""no"",""ticker"":""KXBTC15M-26APR280530-30"",""trade_id"":""b637c6ed-1b0b-5f04-1776-86428ddfebc7"",""yes_price_dollars"":""0.4600""}"
KXBTC15M-26APR280530-30,461fb017-473d-5753-010e-99091d24b9b6,1777367710,0.48,3.0,no,"{""count_fp"":""3.00"",""created_time"":""2026-04-28T09:15:10.333221Z"",""no_price_dollars"":""0.5200"",""taker_side"":""no"",""ticker"":""KXBTC15M-26APR280530-30"",""trade_id"":""461fb017-473d-5753-010e-99091d24b9b6"",""yes_price_dollars"":""0.4800""}"
KXBTC15M-26APR280530-30,75f6aabf-3c67-50cc-991d-09e0a7105dbd,1777367710,0.51,9.46,yes,"{""count_fp"":""9.46"",""created_time"":""2026-04-28T09:15:10.179326Z"",""no_price_dollars"":""0.4900"",""taker_side"":""yes"",""ticker"":""KXBTC15M-26APR280530-30"",""trade_id"":""75f6aabf-3c67-50cc-991d-09e0a7105dbd"",""yes_price_dollars"":""0.5100""}"
KXBTC15M-26APR280530-30,e7e8756b-2ec5-7884-1568-0edf6fb98ceb,1777367710,0.5,15.0,yes,"{""count_fp"":""15.00"",""created_time"":""2026-04-28T09:15:10.055271Z"",""no_price_dollars"":""0.5000"",""taker_side"":""yes"",""ticker"":""KXBTC15M-26APR280530-30"",""trade_id"":""e7e8756b-2ec5-7884-1568-0edf6fb98ceb"",""yes_price_dollars"":""0.5000""}"
KXBTC15M-26APR280530-30,bbf9c7a2-630f-7904-2c72-14a0a93b6929,1777367710,0.5,3.0,yes,"{""count_fp"":""3.00"",""created_time"":""2026-04-28T09:15:10.055271Z"",""no_price_dollars"":""0.5000"",""taker_side"":""yes"",""ticker"":""KXBTC15M-26APR280530-30"",""trade_id"":""bbf9c7a2-630f-7904-2c72-14a0a93b6929"",""yes_price_dollars"":""0.5000""}"
KXBTC15M-26APR280530-30,96f8570f-454f-7070-2132-befc60b005b1,1777367710,0.51,3.97,yes,"{""count_fp"":""3.97"",""created_time"":""2026-04-28T09:15:10.055271Z"",""no_price_dollars"":""0.4900"",""taker_side"":""yes"",""ticker"":""KXBTC15M-26APR280530-30"",""trade_id"":""96f8570f-454f-7070-2132-befc60b005b1"",""yes_price_dollars"":""0.5100""}"
KXBTC15M-26APR280530-30,7feb17f6-65d3-75dd-2d92-5bdab8b11943,1777367710,0.5,3.0,yes,"{""count_fp"":""3.00"",""created_time"":""2026-04-28T09:15:10.055271Z"",""no_price_dollars"":""0.5000"",""taker_side"":""yes"",""ticker"":""KXBTC15M-26APR280530-30"",""trade_id"":""7feb17f6-65d3-75dd-2d92-5bdab8b11943"",""yes_price_dollars"":""0.5000""}"
KXBTC15M-26APR280530-30,8bd454ac-d9b9-5812-d23f-e058a505ba8f,1777367711,0.5,1.0,yes,"{""count_fp"":""1.00"",""created_time"":""2026-04-28T09:15:11.510872Z"",""no_price_dollars"":""0.5000"",""taker_side"":""yes"",""ticker"":""KXBTC15M-26APR280530-30"",""trade_id"":""8bd454ac-d9b9-5812-d23f-e058a505ba8f"",""yes_price_dollars"":""0.5000""}"
KXBTC15M-26APR280530-30,935ead71-b85c-74a7-2b48-de22e8ebc413,1777367711,0.48,3.67,no,"{""count_fp"":""3.67"",""created_time"":""2026-04-28T09:15:11.385849Z"",""no_price_dollars"":""0.5200"",""taker_side"":""no"",""ticker"":""KXBTC15M-26APR280530-30"",""trade_id"":""935ead71-b85c-74a7-2b48-de22e8ebc413"",""yes_price_dollars"":""0.4800""}"
KXBTC15M-26APR280530-30,bbb0ba60-231e-596f-200e-54d37cac6f8b,1777367712,0.51,192.4,yes,"{""count_fp"":""192.40"",""created_time"":""2026-04-28T09:15:12.436249Z"",""no_price_dollars"":""0.4900"",""taker_side"":""yes"",""ticker"":""KXBTC15M-26APR280530-30"",""trade_id"":""bbb0ba60-231e-596f-200e-54d37cac6f8b"",""yes_price_dollars"":""0.5100""}"
KXBTC15M-26APR280530-30,b7479e9c-bcc4-5159-0098-a0418f4b8949,1777367712,0.5,40.0,yes,"{""count_fp"":""40.00"",""created_time"":""2026-04-28T09:15:12.436249Z"",""no_price_dollars"":""0.5000"",""taker_side"":""yes"",""ticker"":""KXBTC15M-26APR280530-30"",""trade_id"":""b7479e9c-bcc4-5159-0098-a0418f4b8949"",""yes_price_dollars"":""0.5000""}"
KXBTC15M-26APR280530-30,6fd80c51-0373-5380-0e5c-4c27b8377311,1777367712,0.51,21.28,yes,"{""count_fp"":""21.28"",""created_time"":""2026-04-28T09:15:12.436249Z"",""no_price_dollars"":""0.4900"",""taker_side"":""yes"",""ticker"":""KXBTC15M-26APR280530-30"",""trade_id"":""6fd80c51-0373-5380-0e5c-4c27b8377311"",""yes_price_dollars"":""0.5100""}"
KXBTC15M-26APR280530-30,5df88d1c-0d8a-5cfd-0239-d2018d757570,1777367712,0.51,40.0,yes,"{""count_fp"":""40.00"",""created_time"":""2026-04-28T09:15:12.436249Z"",""no_price_dollars"":""0.4900"",""taker_side"":""yes"",""ticker"":""KXBTC15M-26APR280530-30"",""trade_id"":""5df88d1c-0d8a-5cfd-0239-d2018d757570"",""yes_price_dollars"":""0.5100""}"
KXBTC15M-26APR280530-30,16a8fa06-7409-5648-2156-6a3ae8211ac7,1777367712,0.51,10.0,yes,"{""count_fp"":""10.00"",""created_time"":""2026-04-28T09:15:12.436249Z"",""no_price_dollars"":""0.4900"",""taker_side"":""yes"",""ticker"":""KXBTC15M-26APR280530-30"",""trade_id"":""16a8fa06-7409-5648-2156-6a3ae8211ac7"",""yes_price_dollars"":""0.5100""}"
KXBTC15M-26APR280530-30,04b68492-78f5-529a-11cc-4c99ee96a8e6,1777367712,0.49,40.0,yes,"{""count_fp"":""40.00"",""created_time"":""2026-04-28T09:15:12.436249Z"",""no_price_dollars"":""0.5100"",""taker_side"":""yes"",""ticker"":""KXBTC15M-26APR280530-30"",""trade_id"":""04b68492-78f5-529a-11cc-4c99ee96a8e6"",""yes_price_dollars"":""0.4900""}"
KXBTC15M-26APR280530-30,e397d51b-bef0-611b-d7d8-ca0b51812467,1777367712,0.48,8.97,no,"{""count_fp"":""8.97"",""created_time"":""2026-04-28T09:15:12.436208Z"",""no_price_dollars"":""0.5200"",""taker_side"":""no"",""ticker"":""KXBTC15M-26APR280530-30"",""trade_id"":""e397d51b-bef0-611b-d7d8-ca0b51812467"",""yes_price_dollars"":""0.4800""}"
KXBTC15M-26APR280530-30,4cc58e99-42e8-511f-625c-6a7f5e4b43cb,1777367712,0.48,17.67,no,"{""count_fp"":""17.67"",""created_time"":""2026-04-28T09:15:12.103386Z"",""no_price_dollars"":""0.5200"",""taker_side"":""no"",""ticker"":""KXBTC15M-26APR280530-30"",""trade_id"":""4cc58e99-42e8-511f-625c-6a7f5e4b43cb"",""yes_price_dollars"":""0.4800""}"
KXBTC15M-26APR280530-30,09582f8d-d113-5a22-591a-e29d2492320c,1777367712,0.49,0.92,no,"{""count_fp"":""0.92"",""created_time"":""2026-04-28T09:15:12.103386Z"",""no_price_dollars"":""0.5100"",""taker_side"":""no"",""ticker"":""KXBTC15M-26APR280530-30"",""trade_id"":""09582f8d-d113-5a22-591a-e29d2492320c"",""yes_price_dollars"":""0.4900""}"
KXBTC15M-26APR280530-30,123ad6fe-4276-4144-79fb-c1de6ce2ff97,1777367713,0.48,0.89,no,"{""count_fp"":""0.89"",""created_time"":""2026-04-28T09:15:13.323883Z"",""no_price_dollars"":""0.5200"",""taker_side"":""no"",""ticker"":""KXBTC15M-26APR280530-30"",""trade_id"":""123ad6fe-4276-4144-79fb-c1de6ce2ff97"",""yes_price_dollars"":""0.4800""}"
KXBTC15M-26APR280530-30,73912dad-22ae-6d2c-86a0-8199d6da296f,1777367713,0.48,39.0,no,"{""count_fp"":""39.00"",""created_time"":""2026-04-28T09:15:13.167259Z"",""no_price_dollars"":""0.5200"",""taker_side"":""no"",""ticker"":""KXBTC15M-26APR280530-30"",""trade_id"":""73912dad-22ae-6d2c-86a0-8199d6da296f"",""yes_price_dollars"":""0.4800""}"
KXBTC15M-26APR280530-30,51d4c939-88b0-6137-8c36-5591ba5ab6f7,1777367713,0.48,9.69,no,"{""count_fp"":""9.69"",""created_time"":""2026-04-28T09:15:13.167259Z"",""no_price_dollars"":""0.5200"",""taker_side"":""no"",""ticker"":""KXBTC15M-26APR280530-30"",""trade_id"":""51d4c939-88b0-6137-8c36-5591ba5ab6f7"",""yes_price_dollars"":""0.4800""}"
KXBTC15M-26APR280530-30,4fce168b-d592-62f6-88de-b0ffbade469a,1777367713,0.49,3.0,no,"{""count_fp"":""3.00"",""created_time"":""2026-04-28T09:15:13.167259Z"",""no_price_dollars"":""0.5100"",""taker_side"":""no"",""ticker"":""KXBTC15M-26APR280530-30"",""trade_id"":""4fce168b-d592-62f6-88de-b0ffbade469a"",""yes_price_dollars"":""0.4900""}"
KXBTC15M-26APR280530-30,43a56947-cd4d-689c-ab01-cf0676ea07c8,1777367713,0.49,1.33,no,"{""count_fp"":""1.33"",""created_time"":""2026-04-28T09:15:13.167259Z"",""no_price_dollars"":""0.5100"",""taker_side"":""no"",""ticker"":""KXBTC15M-26APR280530-30"",""trade_id"":""43a56947-cd4d-689c-ab01-cf0676ea07c8"",""yes_price_dollars"":""0.4900""}"
KXBTC15M-26APR280530-30,1b997d38-937b-63b8-b96b-50da8796f055,1777367713,0.49,40.0,no,"{""count_fp"":""40.00"",""created_time"":""2026-04-28T09:15:13.167259Z"",""no_price_dollars"":""0.5100"",""taker_side"":""no"",""ticker"":""KXBTC15M-26APR280530-30"",""trade_id"":""1b997d38-937b-63b8-b96b-50da8796f055"",""yes_price_dollars"":""0.4900""}"
KXBTC15M-26APR280530-30,40f48548-ea1a-41ab-abfc-52e68157a9f1,1777367714,0.49,0.92,no,"{""count_fp"":""0.92"",""created_time"":""2026-04-28T09:15:14.215929Z"",""no_price_dollars"":""0.5100"",""taker_side"":""no"",""ticker"":""KXBTC15M-26APR280530-30"",""trade_id"":""40f48548-ea1a-41ab-abfc-52e68157a9f1"",""yes_price_dollars"":""0.4900""}"
KXBTC15M-26APR280530-30,887b9fd2-22d6-5da4-2493-808ea564328b,1777367715,0.48,20.0,no,"{""count_fp"":""20.00"",""created_time"":""2026-04-28T09:15:15.972607Z"",""no_price_dollars"":""0.5200"",""taker_side"":""no"",""ticker"":""KXBTC15M-26APR280530-30"",""trade_id"":""887b9fd2-22d6-5da4-2493-808ea564328b"",""yes_price_dollars"":""0.4800""}"
KXBTC15M-26APR280530-30,f72460a5-f201-615d-3c7d-64201ca03160,1777367715,0.49,5.58,yes,"{""count_fp"":""5.58"",""created_time"":""2026-04-28T09:15:15.542787Z"",""no_price_dollars"":""0.5100"",""taker_side"":""yes"",""ticker"":""KXBTC15M-26APR280530-30"",""trade_id"":""f72460a5-f201-615d-3c7d-64201ca03160"",""yes_price_dollars"":""0.4900""}"
KXBTC15M-26APR280530-30,1d8c97f2-0a36-6ad6-020b-f2c84c99edb8,1777367715,0.49,4.08,yes,"{""count_fp"":""4.08"",""created_time"":""2026-04-28T09:15:15.542787Z"",""no_price_dollars"":""0.5100"",""taker_side"":""yes"",""ticker"":""KXBTC15M-26APR280530-30"",""trade_id"":""1d8c97f2-0a36-6ad6-020b-f2c84c99edb8"",""yes_price_dollars"":""0.4900""}"
KXBTC15M-26APR280530-30,cbe766b6-1d4c-42f5-d862-30119464c619,1777367716,0.49,1.0,yes,"{""count_fp"":""1.00"",""created_time"":""2026-04-28T09:15:16.808414Z"",""no_price_dollars"":""0.5100"",""taker_side"":""yes"",""ticker"":""KXBTC15M-26APR280530-30"",""trade_id"":""cbe766b6-1d4c-42f5-d862-30119464c619"",""yes_price_dollars"":""0.4900""}"
KXBTC15M-26APR280530-30,4258115e-74f6-6f29-b797-5ca5a9dd1af0,1777367716,0.49,1.12,no,"{""count_fp"":""1.12"",""created_time"":""2026-04-28T09:15:16.297497Z"",""no_price_dollars"":""0.5100"",""taker_side"":""no"",""ticker"":""KXBTC15M-26APR280530-30"",""trade_id"":""4258115e-74f6-6f29-b797-5ca5a9dd1af0"",""yes_price_dollars"":""0.4900""}"
KXBTC15M-26APR280530-30,24a50ef1-0702-6b80-8adb-b47109975c37,1777367716,0.48,10.88,no,"{""count_fp"":""10.88"",""created_time"":""2026-04-28T09:15:16.297497Z"",""no_price_dollars"":""0.5200"",""taker_side"":""no"",""ticker"":""KXBTC15M-26APR280530-30"",""trade_id"":""24a50ef1-0702-6b80-8adb-b47109975c37"",""yes_price_dollars"":""0.4800""}"
KXBTC15M-26APR280530-30,7d02a753-1e1a-4730-8b71-4b1666ebe82b,1777367717,0.48,9.3,no,"{""count_fp"":""9.30"",""created_time"":""2026-04-28T09:15:17.538348Z"",""no_price_dollars"":""0.5200"",""taker_side"":""no"",""ticker"":""KXBTC15M-26APR280530-30"",""trade_id"":""7d02a753-1e1a-4730-8b71-4b1666ebe82b"",""yes_price_dollars"":""0.4800""}"
KXBTC15M-26APR280530-30,c6a1b1b4-dcca-42a8-8ee5-5703e110b16f,1777367717,0.48,16.74,no,"{""count_fp"":""16.74"",""created_time"":""2026-04-28T09:15:17.225306Z"",""no_price_dollars"":""0.5200"",""taker_side"":""no"",""ticker"":""KXBTC15M-26APR280530-30"",""trade_id"":""c6a1b1b4-dcca-42a8-8ee5-5703e110b16f"",""yes_price_dollars"":""0.4800""}"
KXBTC15M-26APR280530-30,bfee971d-609a-4cd0-ae86-25a54c95e7af,1777367717,0.48,2.93,no,"{""count_fp"":""2.93"",""created_time"":""2026-04-28T09:15:17.201226Z"",""no_price_dollars"":""0.5200"",""taker_side"":""no"",""ticker"":""KXBTC15M-26APR280530-30"",""trade_id"":""bfee971d-609a-4cd0-ae86-25a54c95e7af"",""yes_price_dollars"":""0.4800""}"
KXBTC15M-26APR280530-30,c396eb02-f81a-4bb4-0a4e-f6c3f3f46a5b,1777367717,0.48,46.51,no,"{""count_fp"":""46.51"",""created_time"":""2026-04-28T09:15:17.084023Z"",""no_price_dollars"":""0.5200"",""taker_side"":""no"",""ticker"":""KXBTC15M-26APR280530-30"",""trade_id"":""c396eb02-f81a-4bb4-0a4e-f6c3f3f46a5b"",""yes_price_dollars"":""0.4800""}"
KXBTC15M-26APR280530-30,3c008a5c-3458-5715-751b-21a3705f1c19,1777367718,0.49,4.92,yes,"{""count_fp"":""4.92"",""created_time"":""2026-04-28T09:15:18.318793Z"",""no_price_dollars"":""0.5100"",""taker_side"":""yes"",""ticker"":""KXBTC15M-26APR280530-30"",""trade_id"":""3c008a5c-3458-5715-751b-21a3705f1c19"",""yes_price_dollars"":""0.4900""}"
KXBTC15M-26APR280530-30,c920ff49-92ca-6fd4-06e8-37f0b869b3f3,1777367719,0.48,3.72,no,"{""count_fp"":""3.72"",""created_time"":""2026-04-28T09:15:19.759247Z"",""no_price_dollars"":""0.5200"",""taker_side"":""no"",""ticker"":""KXBTC15M-26APR280530-30"",""trade_id"":""c920ff49-92ca-6fd4-06e8-37f0b869b3f3"",""yes_price_dollars"":""0.4800""}"
KXBTC15M-26APR280530-30,3bb837d0-9498-6ae1-bd6f-23662d9ca059,1777367720,0.49,4.0,yes,"{""count_fp"":""4.00"",""created_time"":""2026-04-28T09:15:20.687014Z"",""no_price_dollars"":""0.5100"",""taker_side"":""yes"",""ticker"":""KXBTC15M-26APR280530-30"",""trade_id"":""3bb837d0-9498-6ae1-bd6f-23662d9ca059"",""yes_price_dollars"":""0.4900""}"
KXBTC15M-26APR280530-30,085f69d6-ec7e-7220-8e6d-14027433d8a3,1777367720,0.48,9.3,no,"{""count_fp"":""9.30"",""created_time"":""2026-04-28T09:15:20.610393Z"",""no_price_dollars"":""0.5200"",""taker_side"":""no"",""ticker"":""KXBTC15M-26APR280530-30"",""trade_id"":""085f69d6-ec7e-7220-8e6d-14027433d8a3"",""yes_price_dollars"":""0.4800""}"
KXBTC15M-26APR280530-30,c3ba639a-4882-6318-8a82-a68f84d1f143,1777367720,0.48,24.97,no,"{""count_fp"":""24.97"",""created_time"":""2026-04-28T09:15:20.424311Z"",""no_price_dollars"":""0.5200"",""taker_side"":""no"",""ticker"":""KXBTC15M-26APR280530-30"",""trade_id"":""c3ba639a-4882-6318-8a82-a68f84d1f143"",""yes_price_dollars"":""0.4800""}"
KXBTC15M-26APR280530-30,4e90c55f-7285-6b84-5c35-b8d9340d8b8f,1777367721,0.49,38.64,yes,"{""count_fp"":""38.64"",""created_time"":""2026-04-28T09:15:21.141006Z"",""no_price_dollars"":""0.5100"",""taker_side"":""yes"",""ticker"":""KXBTC15M-26APR280530-30"",""trade_id"":""4e90c55f-7285-6b84-5c35-b8d9340d8b8f"",""yes_price_dollars"":""0.4900""}"
KXBTC15M-26APR280530-30,f81dec6c-4d1a-5e2f-4fbf-8f47d6811a82,1777367721,0.49,50.0,yes,"{""count_fp"":""50.00"",""created_time"":""2026-04-28T09:15:21.117667Z"",""no_price_dollars"":""0.5100"",""taker_side"":""yes"",""ticker"":""KXBTC15M-26APR280530-30"",""trade_id"":""f81dec6c-4d1a-5e2f-4fbf-8f47d6811a82"",""yes_price_dollars"":""0.4900""}"
KXBTC15M-26APR280530-30,dbc40a1d-6a20-5f7d-558d-ffcdb7b410ec,1777367721,0.49,3.0,yes,"{""count_fp"":""3.00"",""created_time"":""2026-04-28T09:15:21.117667Z"",""no_price_dollars"":""0.5100"",""taker_side"":""yes"",""ticker"":""KXBTC15M-26APR280530-30"",""trade_id"":""dbc40a1d-6a20-5f7d-558d-ffcdb7b410ec"",""yes_price_dollars"":""0.4900""}"
KXBTC15M-26APR280530-30,ca512e7e-2305-572b-6a20-24cdca000f2e,1777367721,0.5,40.0,yes,"{""count_fp"":""40.00"",""created_time"":""2026-04-28T09:15:21.117667Z"",""no_price_dollars"":""0.5000"",""taker_side"":""yes"",""ticker"":""KXBTC15M-26APR280530-30"",""trade_id"":""ca512e7e-2305-572b-6a20-24cdca000f2e"",""yes_price_dollars"":""0.5000""}"
KXBTC15M-26APR280530-30,c9cc85d9-f10c-5df9-48f2-6dc4019397e5,1777367721,0.49,30.08,yes,"{""count_fp"":""30.08"",""created_time"":""2026-04-28T09:15:21.117667Z"",""no_price_dollars"":""0.5100"",""taker_side"":""yes"",""ticker"":""KXBTC15M-26APR280530-30"",""trade_id"":""c9cc85d9-f10c-5df9-48f2-6dc4019397e5"",""yes_price_dollars"":""0.4900""}"
KXBTC15M-26APR280530-30,b3ddfc2b-c40a-52a0-628b-b4676f85eb1e,1777367721,0.5,20.0,yes,"{""count_fp"":""20.00"",""created_time"":""2026-04-28T09:15:21.117667Z"",""no_price_dollars"":""0.5000"",""taker_side"":""yes"",""ticker"":""KXBTC15M-26APR280530-30"",""trade_id"":""b3ddfc2b-c40a-52a0-628b-b4676f85eb1e"",""yes_price_dollars"":""0.5000""}"
KXBTC15M-26APR280530-30,a4fe5214-a263-52d3-4170-75b4c32abaad,1777367721,0.5,20.0,yes,"{""count_fp"":""20.00"",""created_time"":""2026-04-28T09:15:21.117667Z"",""no_price_dollars"":""0.5000"",""taker_side"":""yes"",""ticker"":""KXBTC15M-26APR280530-30"",""trade_id"":""a4fe5214-a263-52d3-4170-75b4c32abaad"",""yes_price_dollars"":""0.5000""}"
KXBTC15M-26APR280530-30,99481ca0-2453-53cb-5c23-9fe529ac036d,1777367721,0.5,1.0,yes,"{""count_fp"":""1.00"",""created_time"":""2026-04-28T09:15:21.117667Z"",""no_price_dollars"":""0.5000"",""taker_side"":""yes"",""ticker"":""KXBTC15M-26APR280530-30"",""trade_id"":""99481ca0-2453-53cb-5c23-9fe529ac036d"",""yes_price_dollars"":""0.5000""}"
KXBTC15M-26APR280530-30,976808ab-6416-58a8-657f-05be3eba7dda,1777367721,0.5,65.0,yes,"{""count_fp"":""65.00"",""created_time"":""2026-04-28T09:15:21.117667Z"",""no_price_dollars"":""0.5000"",""taker_side"":""yes"",""ticker"":""KXBTC15M-26APR280530-30"",""trade_id"":""976808ab-6416-58a8-657f-05be3eba7dda"",""yes_price_dollars"":""0.5000""}"
KXBTC15M-26APR280530-30,4bc97f2b-cc93-5c9f-475d-794e4f72d023,1777367721,0.5,56.0,yes,"{""count_fp"":""56.00"",""created_time"":""2026-04-28T09:15:21.117667Z"",""no_price_dollars"":""0.5000"",""taker_side"":""yes"",""ticker"":""KXBTC15M-26APR280530-30"",""trade_id"":""4bc97f2b-cc93-5c9f-475d-794e4f72d023"",""yes_price_dollars"":""0.5000""}"
KXBTC15M-26APR280530-30,4a90bde2-463e-5a38-54df-43b17935160c,1777367721,0.5,10.0,yes,"{""count_fp"":""10.00"",""created_time"":""2026-04-28T09:15:21.117667Z"",""no_price_dollars"":""0.5000"",""taker_side"":""yes"",""ticker"":""KXBTC15M-26APR280530-30"",""trade_id"":""4a90bde2-463e-5a38-54df-43b17935160c"",""yes_price_dollars"":""0.5000""}"
KXBTC15M-26APR280530-30,30529ba6-743e-57e4-787f-d7de740a3423,1777367721,0.49,10.0,yes,"{""count_fp"":""10.00"",""created_time"":""2026-04-28T09:15:21.117667Z"",""no_price_dollars"":""0.5100"",""taker_side"":""yes"",""ticker"":""KXBTC15M-26APR280530-30"",""trade_id"":""30529ba6-743e-57e4-787f-d7de740a3423"",""yes_price_dollars"":""0.4900""}"
KXBTC15M-26APR280530-30,1d66c25b-f1e3-55d1-772d-30e0149c0c9e,1777367721,0.51,20.0,yes,"{""count_fp"":""20.00"",""created_time"":""2026-04-28T09:15:21.117667Z"",""no_price_dollars"":""0.4900"",""taker_side"":""yes"",""ticker"":""KXBTC15M-26APR280530-30"",""trade_id"":""1d66c25b-f1e3-55d1-772d-30e0149c0c9e"",""yes_price_dollars"":""0.5100""}"
KXBTC15M-26APR280530-30,18b6fccc-ecad-5550-7f30-19b2ebdb04ce,1777367721,0.51,787.93,yes,"{""count_fp"":""787.93"",""created_time"":""2026-04-28T09:15:21.117667Z"",""no_price_dollars"":""0.4900"",""taker_side"":""yes"",""ticker"":""KXBTC15M-26APR280530-30"",""trade_id"":""18b6fccc-ecad-5550-7f30-19b2ebdb04ce"",""yes_price_dollars"":""0.5100""}"
KXBTC15M-26APR280530-30,11b09926-d944-56a3-5772-ed5404a5d68b,1777367721,0.51,40.0,yes,"{""count_fp"":""40.00"",""created_time"":""2026-04-28T09:15:21.117667Z"",""no_price_dollars"":""0.4900"",""taker_side"":""yes"",""ticker"":""KXBTC15M-26APR280530-30"",""trade_id"":""11b09926-d944-56a3-5772-ed5404a5d68b"",""yes_price_dollars"":""0.5100""}"
KXBTC15M-26APR280530-30,0b60ba7c-5236-5948-6cc6-d8bab3d07476,1777367721,0.49,500.0,yes,"{""count_fp"":""500.00"",""created_time"":""2026-04-28T09:15:21.117667Z"",""no_price_dollars"":""0.5100"",""taker_side"":""yes"",""ticker"":""KXBTC15M-26APR280530-30"",""trade_id"":""0b60ba7c-5236-5948-6cc6-d8bab3d07476"",""yes_price_dollars"":""0.4900""}"
KXBTC15M-26APR280530-30,f7f830c8-d44b-7906-b442-936e0183f8f7,1777367722,0.46,25.71,no,"{""count_fp"":""25.71"",""created_time"":""2026-04-28T09:15:22.998665Z"",""no_price_dollars"":""0.5400"",""taker_side"":""no"",""ticker"":""KXBTC15M-26APR280530-30"",""trade_id"":""f7f830c8-d44b-7906-b442-936e0183f8f7"",""yes_price_dollars"":""0.4600""}"
KXBTC15M-26APR280530-30,0c6d0770-802f-4a52-e020-1a9013c66ca7,1777367722,0.46,26.87,no,"{""count_fp"":""26.87"",""created_time"":""2026-04-28T09:15:22.987576Z"",""no_price_dollars"":""0.5400"",""taker_side"":""no"",""ticker"":""KXBTC15M-26APR280530-30"",""trade_id"":""0c6d0770-802f-4a52-e020-1a9013c66ca7"",""yes_price_dollars"":""0.4600""}"
KXBTC15M-26APR280530-30,7038d33f-941a-4188-6168-5514f878025f,1777367722,0.47,1.0,no,"{""count_fp"":""1.00"",""created_time"":""2026-04-28T09:15:22.966133Z"",""no_price_dollars"":""0.5300"",""taker_side"":""no"",""ticker"":""KXBTC15M-26APR280530-30"",""trade_id"":""7038d33f-941a-4188-6168-5514f878025f"",""yes_price_dollars"":""0.4700""}"
KXBTC15M-26APR280530-30,ce19a4e5-360b-43ef-df77-49eb5523cdd1,1777367722,0.48,0.59,yes,"{""count_fp"":""0.59"",""created_time"":""2026-04-28T09:15:22.961388Z"",""no_price_dollars"":""0.5200"",""taker_side"":""yes"",""ticker"":""KXBTC15M-26APR280530-30"",""trade_id"":""ce19a4e5-360b-43ef-df77-49eb5523cdd1"",""yes_price_dollars"":""0.4800""}"
KXBTC15M-26APR280530-30,3c888c84-416d-7d08-0742-3c52f8f8bb66,1777367722,0.48,4.06,no,"{""count_fp"":""4.06"",""created_time"":""2026-04-28T09:15:22.597057Z"",""no_price_dollars"":""0.5200"",""taker_side"":""no"",""ticker"":""KXBTC15M-26APR280530-30"",""trade_id"":""3c888c84-416d-7d08-0742-3c52f8f8bb66"",""yes_price_dollars"":""0.4800""}"
KXBTC15M-26APR280530-30,2add95d2-f50c-7aa8-3fca-000893da994b,1777367722,0.48,0.94,no,"{""count_fp"":""0.94"",""created_time"":""2026-04-28T09:15:22.597057Z"",""no_price_dollars"":""0.5200"",""taker_side"":""no"",""ticker"":""KXBTC15M-26APR280530-30"",""trade_id"":""2add95d2-f50c-7aa8-3fca-000893da994b"",""yes_price_dollars"":""0.4800""}"
KXBTC15M-26APR280530-30,ade33ea3-320b-6627-d1bd-ff3b64185cf5,1777367723,0.46,2.0,yes,"{""count_fp"":""2.00"",""created_time"":""2026-04-28T09:15:23.641607Z"",""no_price_dollars"":""0.5400"",""taker_side"":""yes"",""ticker"":""KXBTC15M-26APR280530-30"",""trade_id"":""ade33ea3-320b-6627-d1bd-ff3b64185cf5"",""yes_price_dollars"":""0.4600""}"
KXBTC15M-26APR280530-30,49cddce3-a53b-5843-37ff-c462ac7924b5,1777367723,0.46,43.35,yes,"{""count_fp"":""43.35"",""created_time"":""2026-04-28T09:15:23.357599Z"",""no_price_dollars"":""0.5400"",""taker_side"":""yes"",""ticker"":""KXBTC15M-26APR280530-30"",""trade_id"":""49cddce3-a53b-5843-37ff-c462ac7924b5"",""yes_price_dollars"":""0.4600""}"
KXBTC15M-26APR280530-30,a574ff7c-3dd3-4456-79c6-5fd94453133f,1777367723,0.46,23.98,no,"{""count_fp"":""23.98"",""created_time"":""2026-04-28T09:15:23.035852Z"",""no_price_dollars"":""0.5400"",""taker_side"":""no"",""ticker"":""KXBTC15M-26APR280530-30"",""trade_id"":""a574ff7c-3dd3-4456-79c6-5fd94453133f"",""yes_price_dollars"":""0.4600""}"
KXBTC15M-26APR280530-30,fbf6f5a0-d40f-4e32-e594-0a6095996a27,1777367723,0.46,23.18,no,"{""count_fp"":""23.18"",""created_time"":""2026-04-28T09:15:23.030848Z"",""no_price_dollars"":""0.5400"",""taker_side"":""no"",""ticker"":""KXBTC15M-26APR280530-30"",""trade_id"":""fbf6f5a0-d40f-4e32-e594-0a6095996a27"",""yes_price_dollars"":""0.4600""}"
KXBTC15M-26APR280530-30,abe02596-0a0b-719e-2a35-27e25d307d67,1777367723,0.46,20.26,no,"{""count_fp"":""20.26"",""created_time"":""2026-04-28T09:15:23.014793Z"",""no_price_dollars"":""0.5400"",""taker_side"":""no"",""ticker"":""KXBTC15M-26APR280530-30"",""trade_id"":""abe02596-0a0b-719e-2a35-27e25d307d67"",""yes_price_dollars"":""0.4600""}"
KXBTC15M-26APR280530-30,f94ee00f-1e63-6077-d8e7-fffb25c1ac15,1777367724,0.46,9.85,yes,"{""count_fp"":""9.85"",""created_time"":""2026-04-28T09:15:24.846736Z"",""no_price_dollars"":""0.5400"",""taker_side"":""yes"",""ticker"":""KXBTC15M-26APR280530-30"",""trade_id"":""f94ee00f-1e63-6077-d8e7-fffb25c1ac15"",""yes_price_dollars"":""0.4600""}"
KXBTC15M-26APR280530-30,70b9d5cd-0e6b-69b7-c08b-a34973b37d55,1777367725,0.46,52.36,yes,"{""count_fp"":""52.36"",""created_time"":""2026-04-28T09:15:25.785511Z"",""no_price_dollars"":""0.5400"",""taker_side"":""yes"",""ticker"":""KXBTC15M-26APR280530-30"",""trade_id"":""70b9d5cd-0e6b-69b7-c08b-a34973b37d55"",""yes_price_dollars"":""0.4600""}"
KXBTC15M-26APR280530-30,ce822109-47a3-70c3-1343-99fe95426559,1777367725,0.46,1.0,yes,"{""count_fp"":""1.00"",""created_time"":""2026-04-28T09:15:25.722876Z"",""no_price_dollars"":""0.5400"",""taker_side"":""yes"",""ticker"":""KXBTC15M-26APR280530-30"",""trade_id"":""ce822109-47a3-70c3-1343-99fe95426559"",""yes_price_dollars"":""0.4600""}"
KXBTC15M-26APR280530-30,a2cbef67-39f8-5a09-20e2-e9d62d56c418,1777367725,0.45,33.25,no,"{""count_fp"":""33.25"",""created_time"":""2026-04-28T09:15:25.037766Z"",""no_price_dollars"":""0.5500"",""taker_side"":""no"",""ticker"":""KXBTC15M-26APR280530-30"",""trade_id"":""a2cbef67-39f8-5a09-20e2-e9d62d56c418"",""yes_price_dollars"":""0.4500""}"
KXBTC15M-26APR280530-30,341ad5d2-c58b-5e01-0c3d-eb3b12a22403,1777367725,0.45,1.0,no,"{""count_fp"":""1.00"",""created_time"":""2026-04-28T09:15:25.037766Z"",""no_price_dollars"":""0.5500"",""taker_side"":""no"",""ticker"":""KXBTC15M-26APR280530-30"",""trade_id"":""341ad5d2-c58b-5e01-0c3d-eb3b12a22403"",""yes_price_dollars"":""0.4500""}"
KXBTC15M-26APR280530-30,0485aada-d3e8-5048-0476-58b82395d0ab,1777367725,0.45,1.0,no,"{""count_fp"":""1.00"",""created_time"":""2026-04-28T09:15:25.037766Z"",""no_price_dollars"":""0.5500"",""taker_side"":""no"",""ticker"":""KXBTC15M-26APR280530-30"",""trade_id"":""0485aada-d3e8-5048-0476-58b82395d0ab"",""yes_price_dollars"":""0.4500""}"
KXBTC15M-26APR280530-30,31cc2151-9130-6bb1-cad6-13c8b0872f6c,1777367726,0.45,102.23,no,"{""count_fp"":""102.23"",""created_time"":""2026-04-28T09:15:26.622627Z"",""no_price_dollars"":""0.5500"",""taker_side"":""no"",""ticker"":""KXBTC15M-26APR280530-30"",""trade_id"":""31cc2151-9130-6bb1-cad6-13c8b0872f6c"",""yes_price_dollars"":""0.4500""}"
KXBTC15M-26APR280530-30,a42b24d9-dfdb-538d-33dd-7248bfc7672c,1777367727,0.42,1.0,no,"{""count_fp"":""1.00"",""created_time"":""2026-04-28T09:15:27.958721Z"",""no_price_dollars"":""0.5800"",""taker_side"":""no"",""ticker"":""KXBTC15M-26APR280530-30"",""trade_id"":""a42b24d9-dfdb-538d-33dd-7248bfc7672c"",""yes_price_dollars"":""0.4200""}"
KXBTC15M-26APR280530-30,8e4d48f7-d20a-560f-137d-5faf977cf325,1777367727,0.42,1.0,no,"{""count_fp"":""1.00"",""created_time"":""2026-04-28T09:15:27.958721Z"",""no_price_dollars"":""0.5800"",""taker_side"":""no"",""ticker"":""KXBTC15M-26APR280530-30"",""trade_id"":""8e4d48f7-d20a-560f-137d-5faf977cf325"",""yes_price_dollars"":""0.4200""}"
KXBTC15M-26APR280530-30,74d4edbf-4f6f-5640-1431-e5aab974ac20,1777367727,0.42,3.0,no,"{""count_fp"":""3.00"",""created_time"":""2026-04-28T09:15:27.958721Z"",""no_price_dollars"":""0.5800"",""taker_side"":""no"",""ticker"":""KXBTC15M-26APR280530-30"",""trade_id"":""74d4edbf-4f6f-5640-1431-e5aab974ac20"",""yes_price_dollars"":""0.4200""}"
KXBTC15M-26APR280530-30,3cc23106-2810-5f94-23a0-0a141f7b1062,1777367727,0.42,5.0,no,"{""count_fp"":""5.00"",""created_time"":""2026-04-28T09:15:27.958721Z"",""no_price_dollars"":""0.5800"",""taker_side"":""no"",""ticker"":""KXBTC15M-26APR280530-30"",""trade_id"":""3cc23106-2810-5f94-23a0-0a141f7b1062"",""yes_price_dollars"":""0.4200""}"
KXBTC15M-26APR280530-30,dc595263-d884-4bda-a3b1-694099b04fd1,1777367727,0.44,3.0,no,"{""count_fp"":""3.00"",""created_time"":""2026-04-28T09:15:27.384893Z"",""no_price_dollars"":""0.5600"",""taker_side"":""no"",""ticker"":""KXBTC15M-26APR280530-30"",""trade_id"":""dc595263-d884-4bda-a3b1-694099b04fd1"",""yes_price_dollars"":""0.4400""}"
KXBTC15M-26APR280530-30,8dc8156b-667b-4d93-bb4d-52cdc285bda0,1777367727,0.44,1.0,no,"{""count_fp"":""1.00"",""created_time"":""2026-04-28T09:15:27.384893Z"",""no_price_dollars"":""0.5600"",""taker_side"":""no"",""ticker"":""KXBTC15M-26APR280530-30"",""trade_id"":""8dc8156b-667b-4d93-bb4d-52cdc285bda0"",""yes_price_dollars"":""0.4400""}"
KXBTC15M-26APR280530-30,6b156149-dca3-4df3-b2ef-fb671290d501,1777367727,0.44,3.0,no,"{""count_fp"":""3.00"",""created_time"":""2026-04-28T09:15:27.384893Z"",""no_price_dollars"":""0.5600"",""taker_side"":""no"",""ticker"":""KXBTC15M-26APR280530-30"",""trade_id"":""6b156149-dca3-4df3-b2ef-fb671290d501"",""yes_price_dollars"":""0.4400""}"
KXBTC15M-26APR280530-30,4e4237d5-9496-4e35-8504-d8e55da426fa,1777367727,0.44,20.0,no,"{""count_fp"":""20.00"",""created_time"":""2026-04-28T09:15:27.384893Z"",""no_price_dollars"":""0.5600"",""taker_side"":""no"",""ticker"":""KXBTC15M-26APR280530-30"",""trade_id"":""4e4237d5-9496-4e35-8504-d8e55da426fa"",""yes_price_dollars"":""0.4400""}"
KXBTC15M-26APR280530-30,9ea31220-0518-41d9-3c36-2735afe6f9d8,1777367727,0.45,64.52,no,"{""count_fp"":""64.52"",""created_time"":""2026-04-28T09:15:27.346498Z"",""no_price_dollars"":""0.5500"",""taker_side"":""no"",""ticker"":""KXBTC15M-26APR280530-30"",""trade_id"":""9ea31220-0518-41d9-3c36-2735afe6f9d8"",""yes_price_dollars"":""0.4500""}"
KXBTC15M-26APR280530-30,6517f37f-1b5d-489a-1baf-2e44376c4ca6,1777367727,0.45,3.0,no,"{""count_fp"":""3.00"",""created_time"":""2026-04-28T09:15:27.346498Z"",""no_price_dollars"":""0.5500"",""taker_side"":""no"",""ticker"":""KXBTC15M-26APR280530-30"",""trade_id"":""6517f37f-1b5d-489a-1baf-2e44376c4ca6"",""yes_price_dollars"":""0.4500""}"
KXBTC15M-26APR280530-30,1ef42210-ef73-4046-220f-37ce5443f620,1777367727,0.45,2.0,no,"{""count_fp"":""2.00"",""created_time"":""2026-04-28T09:15:27.346498Z"",""no_price_dollars"":""0.5500"",""taker_side"":""no"",""ticker"":""KXBTC15M-26APR280530-30"",""trade_id"":""1ef42210-ef73-4046-220f-37ce5443f620"",""yes_price_dollars"":""0.4500""}"
KXBTC15M-26APR280530-30,13580fa2-3e45-475f-163f-65de2cf28556,1777367727,0.45,1.0,no,"{""count_fp"":""1.00"",""created_time"":""2026-04-28T09:15:27.346498Z"",""no_price_dollars"":""0.5500"",""taker_side"":""no"",""ticker"":""KXBTC15M-26APR280530-30"",""trade_id"":""13580fa2-3e45-475f-163f-65de2cf28556"",""yes_price_dollars"":""0.4500""}"
KXBTC15M-26APR280530-30,60cdb0b2-4323-7287-1ff8-f3504bf8ac31,1777367727,0.46,0.62,yes,"{""count_fp"":""0.62"",""created_time"":""2026-04-28T09:15:27.078446Z"",""no_price_dollars"":""0.5400"",""taker_side"":""yes"",""ticker"":""KXBTC15M-26APR280530-30"",""trade_id"":""60cdb0b2-4323-7287-1ff8-f3504bf8ac31"",""yes_price_dollars"":""0.4600""}"
KXBTC15M-26APR280530-30,1b520f0e-be7f-6c17-5e36-ac41bfa0b385,1777367727,0.46,139.5,yes,"{""count_fp"":""139.50"",""created_time"":""2026-04-28T09:15:27.048248Z"",""no_price_dollars"":""0.5400"",""taker_side"":""yes"",""ticker"":""KXBTC15M-26APR280530-30"",""trade_id"":""1b520f0e-be7f-6c17-5e36-ac41bfa0b385"",""yes_price_dollars"":""0.4600""}"
KXBTC15M-26APR280530-30,777f7fc8-ac20-6287-3ebe-09f7d640b862,1777367728,0.42,2.0,yes,"{""count_fp"":""2.00"",""created_time"":""2026-04-28T09:15:28.923281Z"",""no_price_dollars"":""0.5800"",""taker_side"":""yes"",""ticker"":""KXBTC15M-26APR280530-30"",""trade_id"":""777f7fc8-ac20-6287-3ebe-09f7d640b862"",""yes_price_dollars"":""0.4200""}"
KXBTC15M-26APR280530-30,fe08eb32-bb60-52fd-43ad-c954fbeb87f0,1777367728,0.41,21.0,no,"{""count_fp"":""21.00"",""created_time"":""2026-04-28T09:15:28.914068Z"",""no_price_dollars"":""0.5900"",""taker_side"":""no"",""ticker"":""KXBTC15M-26APR280530-30"",""trade_id"":""fe08eb32-bb60-52fd-43ad-c954fbeb87f0"",""yes_price_dollars"":""0.4100""}"
KXBTC15M-26APR280530-30,e9f37da9-abbc-5bc5-3059-67178fc5d18c,1777367728,0.41,55.0,no,"{""count_fp"":""55.00"",""created_time"":""2026-04-28T09:15:28.898679Z"",""no_price_dollars"":""0.5900"",""taker_side"":""no"",""ticker"":""KXBTC15M-26APR280530-30"",""trade_id"":""e9f37da9-abbc-5bc5-3059-67178fc5d18c"",""yes_price_dollars"":""0.4100""}"
KXBTC15M-26APR280530-30,603e1b82-6dcd-733b-9d74-585af237ca90,1777367728,0.42,0.31,no,"{""count_fp"":""0.31"",""created_time"":""2026-04-28T09:15:28.884221Z"",""no_price_dollars"":""0.5800"",""taker_side"":""no"",""ticker"":""KXBTC15M-26APR280530-30"",""trade_id"":""603e1b82-6dcd-733b-9d74-585af237ca90"",""yes_price_dollars"":""0.4200""}"
KXBTC15M-26APR280530-30,d6202c00-26b1-6ddf-8a6e-d9404bebe324,1777367728,0.42,1.0,no,"{""count_fp"":""1.00"",""created_time"":""2026-04-28T09:15:28.876942Z"",""no_price_dollars"":""0.5800"",""taker_side"":""no"",""ticker"":""KXBTC15M-26APR280530-30"",""trade_id"":""d6202c00-26b1-6ddf-8a6e-d9404bebe324"",""yes_price_dollars"":""0.4200""}"
KXBTC15M-26APR280530-30,c4add964-9438-6568-89b2-fe3d56403f82,1777367728,0.42,51.0,no,"{""count_fp"":""51.00"",""created_time"":""2026-04-28T09:15:28.876942Z"",""no_price_dollars"":""0.5800"",""taker_side"":""no"",""ticker"":""KXBTC15M-26APR280530-30"",""trade_id"":""c4add964-9438-6568-89b2-fe3d56403f82"",""yes_price_dollars"":""0.4200""}"
KXBTC15M-26APR280530-30,6460cf37-5d88-6733-9ce6-b53bcf19240e,1777367728,0.42,3.0,no,"{""count_fp"":""3.00"",""created_time"":""2026-04-28T09:15:28.876942Z"",""no_price_dollars"":""0.5800"",""taker_side"":""no"",""ticker"":""KXBTC15M-26APR280530-30"",""trade_id"":""6460cf37-5d88-6733-9ce6-b53bcf19240e"",""yes_price_dollars"":""0.4200""}"
KXBTC15M-26APR280530-30,bcf89504-c19b-6b9b-cc92-cbb0b63963da,1777367729,0.41,0.47,no,"{""count_fp"":""0.47"",""created_time"":""2026-04-28T09:15:29.950301Z"",""no_price_dollars"":""0.5900"",""taker_side"":""no"",""ticker"":""KXBTC15M-26APR280530-30"",""trade_id"":""bcf89504-c19b-6b9b-cc92-cbb0b63963da"",""yes_price_dollars"":""0.4100""}"
KXBTC15M-26APR280530-30,2a88b4e6-67d5-61fe-ecff-71d3bf5d3a3b,1777367729,0.41,5.0,no,"{""count_fp"":""5.00"",""created_time"":""2026-04-28T09:15:29.950301Z"",""no_price_dollars"":""0.5900"",""taker_side"":""no"",""ticker"":""KXBTC15M-26APR280530-30"",""trade_id"":""2a88b4e6-67d5-61fe-ecff-71d3bf5d3a3b"",""yes_price_dollars"":""0.4100""}"
KXBTC15M-26APR280530-30,26aeff0c-86d4-6c85-dad1-1fd45595cdf4,1777367729,0.41,0.53,no,"{""count_fp"":""0.53"",""created_time"":""2026-04-28T09:15:29.950301Z"",""no_price_dollars"":""0.5900"",""taker_side"":""no"",""ticker"":""KXBTC15M-26APR280530-30"",""trade_id"":""26aeff0c-86d4-6c85-dad1-1fd45595cdf4"",""yes_price_dollars"":""0.4100""}"
KXBTC15M-26APR280530-30,ade8c0c9-2b94-5a25-78ec-b6c27d1ab884,1777367729,0.41,16.47,no,"{""count_fp"":""16.47"",""created_time"":""2026-04-28T09:15:29.797173Z"",""no_price_dollars"":""0.5900"",""taker_side"":""no"",""ticker"":""KXBTC15M-26APR280530-30"",""trade_id"":""ade8c0c9-2b94-5a25-78ec-b6c27d1ab884"",""yes_price_dollars"":""0.4100""}"
KXBTC15M-26APR280530-30,88284fee-7cc4-4aa1-97e0-50d89190e7ac,1777367729,0.41,6.0,no,"{""count_fp"":""6.00"",""created_time"":""2026-04-28T09:15:29.748867Z"",""no_price_dollars"":""0.5900"",""taker_side"":""no"",""ticker"":""KXBTC15M-26APR280530-30"",""trade_id"":""88284fee-7cc4-4aa1-97e0-50d89190e7ac"",""yes_price_dollars"":""0.4100""}"
KXBTC15M-26APR280530-30,75599677-d458-52a3-ede4-db4e3742bd4a,1777367729,0.42,1.67,yes,"{""count_fp"":""1.67"",""created_time"":""2026-04-28T09:15:29.657388Z"",""no_price_dollars"":""0.5800"",""taker_side"":""yes"",""ticker"":""KXBTC15M-26APR280530-30"",""trade_id"":""75599677-d458-52a3-ede4-db4e3742bd4a"",""yes_price_dollars"":""0.4200""}"
KXBTC15M-26APR280530-30,c8d59065-fb78-6ae5-bbd9-ec3ad0655480,1777367729,0.41,6.0,no,"{""count_fp"":""6.00"",""created_time"":""2026-04-28T09:15:29.538325Z"",""no_price_dollars"":""0.5900"",""taker_side"":""no"",""ticker"":""KXBTC15M-26APR280530-30"",""trade_id"":""c8d59065-fb78-6ae5-bbd9-ec3ad0655480"",""yes_price_dollars"":""0.4100""}"
KXBTC15M-26APR280530-30,c7bad5bd-105c-6349-94a3-7dccba989bd0,1777367729,0.41,7.0,no,"{""count_fp"":""7.00"",""created_time"":""2026-04-28T09:15:29.323789Z"",""no_price_dollars"":""0.5900"",""taker_side"":""no"",""ticker"":""KXBTC15M-26APR280530-30"",""trade_id"":""c7bad5bd-105c-6349-94a3-7dccba989bd0"",""yes_price_dollars"":""0.4100""}"
KXBTC15M-26APR280530-30,673699bc-83f8-4e7b-cdb2-0193779cc352,1777367729,0.42,21.0,yes,"{""count_fp"":""21.00"",""created_time"":""2026-04-28T09:15:29.185404Z"",""no_price_dollars"":""0.5800"",""taker_side"":""yes"",""ticker"":""KXBTC15M-26APR280530-30"",""trade_id"":""673699bc-83f8-4e7b-cdb2-0193779cc352"",""yes_price_dollars"":""0.4200""}"
KXBTC15M-26APR280530-30,f3fb5726-ea1b-70da-9381-31d996c0b8a4,1777367730,0.38,1.0,no,"{""count_fp"":""1.00"",""created_time"":""2026-04-28T09:15:30.879655Z"",""no_price_dollars"":""0.6200"",""taker_side"":""no"",""ticker"":""KXBTC15M-26APR280530-30"",""trade_id"":""f3fb5726-ea1b-70da-9381-31d996c0b8a4"",""yes_price_dollars"":""0.3800""}"
KXBTC15M-26APR280530-30,bbabf44a-bd7f-65da-5d37-bc3e34317800,1777367730,0.38,6.0,no,"{""count_fp"":""6.00"",""created_time"":""2026-04-28T09:15:30.863391Z"",""no_price_dollars"":""0.6200"",""taker_side"":""no"",""ticker"":""KXBTC15M-26APR280530-30"",""trade_id"":""bbabf44a-bd7f-65da-5d37-bc3e34317800"",""yes_price_dollars"":""0.3800""}"
KXBTC15M-26APR280530-30,7dd575d1-9b35-7702-a27e-cf01cccd6686,1777367730,0.39,132.0,no,"{""count_fp"":""132.00"",""created_time"":""2026-04-28T09:15:30.745748Z"",""no_price_dollars"":""0.6100"",""taker_side"":""no"",""ticker"":""KXBTC15M-26APR280530-30"",""trade_id"":""7dd575d1-9b35-7702-a27e-cf01cccd6686"",""yes_price_dollars"":""0.3900""}"
KXBTC15M-26APR280530-30,23dadcdc-f5dd-7065-9a54-aa66784992f2,1777367730,0.39,3.0,no,"{""count_fp"":""3.00"",""created_time"":""2026-04-28T09:15:30.745748Z"",""no_price_dollars"":""0.6100"",""taker_side"":""no"",""ticker"":""KXBTC15M-26APR280530-30"",""trade_id"":""23dadcdc-f5dd-7065-9a54-aa66784992f2"",""yes_price_dollars"":""0.3900""}"
KXBTC15M-26APR280530-30,d9d6ec95-bb50-6c83-4583-a79429c868b4,1777367730,0.4,119.0,no,"{""count_fp"":""119.00"",""created_time"":""2026-04-28T09:15:30.644751Z"",""no_price_dollars"":""0.6000"",""taker_side"":""no"",""ticker"":""KXBTC15M-26APR280530-30"",""trade_id"":""d9d6ec95-bb50-6c83-4583-a79429c868b4"",""yes_price_dollars"":""0.4000""}"
KXBTC15M-26APR280530-30,cf251cc6-995a-6fe7-4638-7184a9bd3f78,1777367730,0.4,1.0,no,"{""count_fp"":""1.00"",""created_time"":""2026-04-28T09:15:30.644751Z"",""no_price_dollars"":""0.6000"",""taker_side"":""no"",""ticker"":""KXBTC15M-26APR280530-30"",""trade_id"":""cf251cc6-995a-6fe7-4638-7184a9bd3f78"",""yes_price_dollars"":""0.4000""}"
KXBTC15M-26APR280530-30,c4477a44-baaa-6f62-525d-19f8a4fa5d31,1777367730,0.4,3.0,no,"{""count_fp"":""3.00"",""created_time"":""2026-04-28T09:15:30.644751Z"",""no_price_dollars"":""0.6000"",""taker_side"":""no"",""ticker"":""KXBTC15M-26APR280530-30"",""trade_id"":""c4477a44-baaa-6f62-525d-19f8a4fa5d31"",""yes_price_dollars"":""0.4000""}"
KXBTC15M-26APR280530-30,06888eb0-1e31-6430-741a-a98b015e18cc,1777367730,0.4,3.0,no,"{""count_fp"":""3.00"",""created_time"":""2026-04-28T09:15:30.644751Z"",""no_price_dollars"":""0.6000"",""taker_side"":""no"",""ticker"":""KXBTC15M-26APR280530-30"",""trade_id"":""06888eb0-1e31-6430-741a-a98b015e18cc"",""yes_price_dollars"":""0.4000""}"
KXBTC15M-26APR280530-30,4e74ef62-8c90-7ab1-9848-3b0104e36d99,1777367730,0.41,1.0,yes,"{""count_fp"":""1.00"",""created_time"":""2026-04-28T09:15:30.440586Z"",""no_price_dollars"":""0.5900"",""taker_side"":""yes"",""ticker"":""KXBTC15M-26APR280530-30"",""trade_id"":""4e74ef62-8c90-7ab1-9848-3b0104e36d99"",""yes_price_dollars"":""0.4100""}"
KXBTC15M-26APR280530-30,4ae9911b-8690-6069-e188-00e8848b67a5,1777367730,0.41,2.0,yes,"{""count_fp"":""2.00"",""created_time"":""2026-04-28T09:15:30.348954Z"",""no_price_dollars"":""0.5900"",""taker_side"":""yes"",""ticker"":""KXBTC15M-26APR280530-30"",""trade_id"":""4ae9911b-8690-6069-e188-00e8848b67a5"",""yes_price_dollars"":""0.4100""}"
KXBTC15M-26APR280530-30,fb50be84-5f26-6520-5e97-7fb6c593248f,1777367730,0.41,0.12,no,"{""count_fp"":""0.12"",""created_time"":""2026-04-28T09:15:30.153384Z"",""no_price_dollars"":""0.5900"",""taker_side"":""no"",""ticker"":""KXBTC15M-26APR280530-30"",""trade_id"":""fb50be84-5f26-6520-5e97-7fb6c593248f"",""yes_price_dollars"":""0.4100""}"
KXBTC15M-26APR280530-30,f55688ba-a03b-4ccf-ea8e-ba049c269c26,1777367730,0.41,4.53,no,"{""count_fp"":""4.53"",""created_time"":""2026-04-28T09:15:30.124135Z"",""no_price_dollars"":""0.5900"",""taker_side"":""no"",""ticker"":""KXBTC15M-26APR280530-30"",""trade_id"":""f55688ba-a03b-4ccf-ea8e-ba049c269c26"",""yes_price_dollars"":""0.4100""}"
KXBTC15M-26APR280530-30,c4c4b733-d14a-4778-f97b-fede0be62d63,1777367730,0.41,1.47,no,"{""count_fp"":""1.47"",""created_time"":""2026-04-28T09:15:30.124135Z"",""no_price_dollars"":""0.5900"",""taker_side"":""no"",""ticker"":""KXBTC15M-26APR280530-30"",""trade_id"":""c4c4b733-d14a-4778-f97b-fede0be62d63"",""yes_price_dollars"":""0.4100""}"
KXBTC15M-26APR280530-30,00ec4f8a-284d-4bcf-f659-1244001a5f8d,1777367730,0.41,3.0,no,"{""count_fp"":""3.00"",""created_time"":""2026-04-28T09:15:30.124135Z"",""no_price_dollars"":""0.5900"",""taker_side"":""no"",""ticker"":""KXBTC15M-26APR280530-30"",""trade_id"":""00ec4f8a-284d-4bcf-f659-1244001a5f8d"",""yes_price_dollars"":""0.4100""}"
KXBTC15M-26APR280530-30,5efe40d7-bb5f-614e-d741-ea68c967a694,1777367731,0.38,10.0,no,"{""count_fp"":""10.00"",""created_time"":""2026-04-28T09:15:31.621681Z"",""no_price_dollars"":""0.6200"",""taker_side"":""no"",""ticker"":""KXBTC15M-26APR280530-30"",""trade_id"":""5efe40d7-bb5f-614e-d741-ea68c967a694"",""yes_price_dollars"":""0.3800""}"
KXBTC15M-26APR280530-30,a76f747a-98cf-75f2-afef-62ebbccf4964,1777367731,0.39,2.0,yes,"{""count_fp"":""2.00"",""created_time"":""2026-04-28T09:15:31.231269Z"",""no_price_dollars"":""0.6100"",""taker_side"":""yes"",""ticker"":""KXBTC15M-26APR280530-30"",""trade_id"":""a76f747a-98cf-75f2-afef-62ebbccf4964"",""yes_price_dollars"":""0.3900""}"
KXBTC15M-26APR280530-30,b01fa531-d153-6f0e-19d0-579a8604d07c,1777367731,0.38,6.0,no,"{""count_fp"":""6.00"",""created_time"":""2026-04-28T09:15:31.071307Z"",""no_price_dollars"":""0.6200"",""taker_side"":""no"",""ticker"":""KXBTC15M-26APR280530-30"",""trade_id"":""b01fa531-d153-6f0e-19d0-579a8604d07c"",""yes_price_dollars"":""0.3800""}"
KXBTC15M-26APR280530-30,fec3782b-fea6-7700-9ef6-d600c7ca07c4,1777367732,0.39,2.23,yes,"{""count_fp"":""2.23"",""created_time"":""2026-04-28T09:15:32.719523Z"",""no_price_dollars"":""0.6100"",""taker_side"":""yes"",""ticker"":""KXBTC15M-26APR280530-30"",""trade_id"":""fec3782b-fea6-7700-9ef6-d600c7ca07c4"",""yes_price_dollars"":""0.3900""}"
KXBTC15M-26APR280530-30,adda5192-e6b6-47f0-737a-d7db9d52d928,1777367733,0.39,1.72,yes,"{""count_fp"":""1.72"",""created_time"":""2026-04-28T09:15:33.486371Z"",""no_price_dollars"":""0.6100"",""taker_side"":""yes"",""ticker"":""KXBTC15M-26APR280530-30"",""trade_id"":""adda5192-e6b6-47f0-737a-d7db9d52d928"",""yes_price_dollars"":""0.3900""}"
KXBTC15M-26APR280530-30,b784ab1c-1afb-6092-9035-673e834fc230,1777367733,0.38,23.56,no,"{""count_fp"":""23.56"",""created_time"":""2026-04-28T09:15:33.120117Z"",""no_price_dollars"":""0.6200"",""taker_side"":""no"",""ticker"":""KXBTC15M-26APR280530-30"",""trade_id"":""b784ab1c-1afb-6092-9035-673e834fc230"",""yes_price_dollars"":""0.3800""}"
KXBTC15M-26APR280530-30,e5310ce0-7f95-7553-2129-378122123039,1777367734,0.39,5.96,yes,"{""count_fp"":""5.96"",""created_time"":""2026-04-28T09:15:34.996334Z"",""no_price_dollars"":""0.6100"",""taker_side"":""yes"",""ticker"":""KXBTC15M-26APR280530-30"",""trade_id"":""e5310ce0-7f95-7553-2129-378122123039"",""yes_price_dollars"":""0.3900""}"
KXBTC15M-26APR280530-30,52abaffc-c51e-717e-1069-ff072a8e1f66,1777367734,0.39,6.33,yes,"{""count_fp"":""6.33"",""created_time"":""2026-04-28T09:15:34.996334Z"",""no_price_dollars"":""0.6100"",""taker_side"":""yes"",""ticker"":""KXBTC15M-26APR280530-30"",""trade_id"":""52abaffc-c51e-717e-1069-ff072a8e1f66"",""yes_price_dollars"":""0.3900""}"
KXBTC15M-26APR280530-30,6137a784-f481-576a-23b8-9bd5910a5dc7,1777367734,0.38,1.57,no,"{""count_fp"":""1.57"",""created_time"":""2026-04-28T09:15:34.751954Z"",""no_price_dollars"":""0.6200"",""taker_side"":""no"",""ticker"":""KXBTC15M-26APR280530-30"",""trade_id"":""6137a784-f481-576a-23b8-9bd5910a5dc7"",""yes_price_dollars"":""0.3800""}"
KXBTC15M-26APR280530-30,c274d4f0-8ffe-5892-d07d-64f5a43d881a,1777367734,0.39,14.67,yes,"{""count_fp"":""14.67"",""created_time"":""2026-04-28T09:15:34.563496Z"",""no_price_dollars"":""0.6100"",""taker_side"":""yes"",""ticker"":""KXBTC15M-26APR280530-30"",""trade_id"":""c274d4f0-8ffe-5892-d07d-64f5a43d881a"",""yes_price_dollars"":""0.3900""}"
KXBTC15M-26APR280530-30,8d929049-98d7-5c48-fc28-587c2a8da2e8,1777367734,0.39,10.0,yes,"{""count_fp"":""10.00"",""created_time"":""2026-04-28T09:15:34.563496Z"",""no_price_dollars"":""0.6100"",""taker_side"":""yes"",""ticker"":""KXBTC15M-26APR280530-30"",""trade_id"":""8d929049-98d7-5c48-fc28-587c2a8da2e8"",""yes_price_dollars"":""0.3900""}"
KXBTC15M-26APR280530-30,7ee1626f-d846-5000-f63f-0d380468922c,1777367734,0.39,22.05,yes,"{""count_fp"":""22.05"",""created_time"":""2026-04-28T09:15:34.563496Z"",""no_price_dollars"":""0.6100"",""taker_side"":""yes"",""ticker"":""KXBTC15M-26APR280530-30"",""trade_id"":""7ee1626f-d846-5000-f63f-0d380468922c"",""yes_price_dollars"":""0.3900""}"
KXBTC15M-26APR280530-30,69e85ffa-fd9a-5cf3-fdf8-7527c8b1a877,1777367734,0.39,12.29,yes,"{""count_fp"":""12.29"",""created_time"":""2026-04-28T09:15:34.563496Z"",""no_price_dollars"":""0.6100"",""taker_side"":""yes"",""ticker"":""KXBTC15M-26APR280530-30"",""trade_id"":""69e85ffa-fd9a-5cf3-fdf8-7527c8b1a877"",""yes_price_dollars"":""0.3900""}"
KXBTC15M-26APR280530-30,b6bc4f7d-a063-4b56-d036-370d8bfab53c,1777367734,0.38,5.0,no,"{""count_fp"":""5.00"",""created_time"":""2026-04-28T09:15:34.159677Z"",""no_price_dollars"":""0.6200"",""taker_side"":""no"",""ticker"":""KXBTC15M-26APR280530-30"",""trade_id"":""b6bc4f7d-a063-4b56-d036-370d8bfab53c"",""yes_price_dollars"":""0.3800""}"
KXBTC15M-26APR280530-30,96fb0c75-4971-5e97-a07a-13e16f3f9ddd,1777367735,0.39,12.0,yes,"{""count_fp"":""12.00"",""created_time"":""2026-04-28T09:15:35.915723Z"",""no_price_dollars"":""0.6100"",""taker_side"":""yes"",""ticker"":""KXBTC15M-26APR280530-30"",""trade_id"":""96fb0c75-4971-5e97-a07a-13e16f3f9ddd"",""yes_price_dollars"":""0.3900""}"
KXBTC15M-26APR280530-30,a484d0bf-5ac1-6fda-4efe-2e75bdb49097,1777367735,0.38,1.0,no,"{""count_fp"":""1.00"",""created_time"":""2026-04-28T09:15:35.430711Z"",""no_price_dollars"":""0.6200"",""taker_side"":""no"",""ticker"":""KXBTC15M-26APR280530-30"",""trade_id"":""a484d0bf-5ac1-6fda-4efe-2e75bdb49097"",""yes_price_dollars"":""0.3800""}"
KXBTC15M-26APR280530-30,a80a5f6f-4062-74e6-d085-31dba8236d46,1777367736,0.37,74.95,no,"{""count_fp"":""74.95"",""created_time"":""2026-04-28T09:15:36.768505Z"",""no_price_dollars"":""0.6300"",""taker_side"":""no"",""ticker"":""KXBTC15M-26APR280530-30"",""trade_id"":""a80a5f6f-4062-74e6-d085-31dba8236d46"",""yes_price_dollars"":""0.3700""}"
KXBTC15M-26APR280530-30,6cd536b4-c583-5101-687d-6507e4525b88,1777367736,0.38,10.0,no,"{""count_fp"":""10.00"",""created_time"":""2026-04-28T09:15:36.565837Z"",""no_price_dollars"":""0.6200"",""taker_side"":""no"",""ticker"":""KXBTC15M-26APR280530-30"",""trade_id"":""6cd536b4-c583-5101-687d-6507e4525b88"",""yes_price_dollars"":""0.3800""}"
KXBTC15M-26APR280530-30,5d536f71-868a-5662-4ecb-6c46480a52c2,1777367736,0.37,362.01,no,"{""count_fp"":""362.01"",""created_time"":""2026-04-28T09:15:36.565837Z"",""no_price_dollars"":""0.6300"",""taker_side"":""no"",""ticker"":""KXBTC15M-26APR280530-30"",""trade_id"":""5d536f71-868a-5662-4ecb-6c46480a52c2"",""yes_price_dollars"":""0.3700""}"
KXBTC15M-26APR280530-30,45d9de02-e04d-5144-6312-e7c4b096f712,1777367736,0.39,29.76,yes,"{""count_fp"":""29.76"",""created_time"":""2026-04-28T09:15:36.076116Z"",""no_price_dollars"":""0.6100"",""taker_side"":""yes"",""ticker"":""KXBTC15M-26APR280530-30"",""trade_id"":""45d9de02-e04d-5144-6312-e7c4b096f712"",""yes_price_dollars"":""0.3900""}"
KXBTC15M-26APR280530-30,2c095d7c-d2a1-51d7-6bfa-b13e4c9b7091,1777367736,0.39,12.04,yes,"{""count_fp"":""12.04"",""created_time"":""2026-04-28T09:15:36.076116Z"",""no_price_dollars"":""0.6100"",""taker_side"":""yes"",""ticker"":""KXBTC15M-26APR280530-30"",""trade_id"":""2c095d7c-d2a1-51d7-6bfa-b13e4c9b7091"",""yes_price_dollars"":""0.3900""}"
KXBTC15M-26APR280530-30,4fefe875-906a-7902-5e70-f5f63e465cba,1777367737,0.37,74.95,no,"{""count_fp"":""74.95"",""created_time"":""2026-04-28T09:15:37.785564Z"",""no_price_dollars"":""0.6300"",""taker_side"":""no"",""ticker"":""KXBTC15M-26APR280530-30"",""trade_id"":""4fefe875-906a-7902-5e70-f5f63e465cba"",""yes_price_dollars"":""0.3700""}"
KXBTC15M-26APR280530-30,51aa295a-c6bd-52a0-6480-100898ccabde,1777367737,0.38,1.0,yes,"{""count_fp"":""1.00"",""created_time"":""2026-04-28T09:15:37.710139Z"",""no_price_dollars"":""0.6200"",""taker_side"":""yes"",""ticker"":""KXBTC15M-26APR280530-30"",""trade_id"":""51aa295a-c6bd-52a0-6480-100898ccabde"",""yes_price_dollars"":""0.3800""}"
KXBTC15M-26APR280530-30,9c764d70-801d-6884-adb6-1b35352da8da,1777367738,0.38,88.27,yes,"{""count_fp"":""88.27"",""created_time"":""2026-04-28T09:15:38.415435Z"",""no_price_dollars"":""0.6200"",""taker_side"":""yes"",""ticker"":""KXBTC15M-26APR280530-30"",""trade_id"":""9c764d70-801d-6884-adb6-1b35352da8da"",""yes_price_dollars"":""0.3800""}"
KXBTC15M-26APR280530-30,400a94e6-b82a-4a0a-f45c-11f33852d166,1777367738,0.37,2.0,no,"{""count_fp"":""2.00"",""created_time"":""2026-04-28T09:15:38.234842Z"",""no_price_dollars"":""0.6300"",""taker_side"":""no"",""ticker"":""KXBTC15M-26APR280530-30"",""trade_id"":""400a94e6-b82a-4a0a-f45c-11f33852d166"",""yes_price_dollars"":""0.3700""}"
KXBTC15M-26APR280530-30,a0879b83-1553-7022-26b1-0d4dd4202cfc,1777367739,0.37,30.94,no,"{""count_fp"":""30.94"",""created_time"":""2026-04-28T09:15:39.964273Z"",""no_price_dollars"":""0.6300"",""taker_side"":""no"",""ticker"":""KXBTC15M-26APR280530-30"",""trade_id"":""a0879b83-1553-7022-26b1-0d4dd4202cfc"",""yes_price_dollars"":""0.3700""}"
KXBTC15M-26APR280530-30,25b706a5-95d1-56bc-440b-4a51613d30a2,1777367739,0.38,27.74,yes,"{""count_fp"":""27.74"",""created_time"":""2026-04-28T09:15:39.417496Z"",""no_price_dollars"":""0.6200"",""taker_side"":""yes"",""ticker"":""KXBTC15M-26APR280530-30"",""trade_id"":""25b706a5-95d1-56bc-440b-4a51613d30a2"",""yes_price_dollars"":""0.3800""}"
KXBTC15M-26APR280530-30,63bdecf3-ae81-6bf0-d6a0-152733d59a8a,1777367740,0.38,126.1,yes,"{""count_fp"":""126.10"",""created_time"":""2026-04-28T09:15:40.429839Z"",""no_price_dollars"":""0.6200"",""taker_side"":""yes"",""ticker"":""KXBTC15M-26APR280530-30"",""trade_id"":""63bdecf3-ae81-6bf0-d6a0-152733d59a8a"",""yes_price_dollars"":""0.3800""}"
KXBTC15M-26APR280530-30,10407daf-1929-671c-1782-7fd42ce3713e,1777367741,0.38,5.04,yes,"{""count_fp"":""5.04"",""created_time"":""2026-04-28T09:15:41.648912Z"",""no_price_dollars"":""0.6200"",""taker_side"":""yes"",""ticker"":""KXBTC15M-26APR280530-30"",""trade_id"":""10407daf-1929-671c-1782-7fd42ce3713e"",""yes_price_dollars"":""0.3800""}"
KXBTC15M-26APR280530-30,2bd4ac07-ddd9-43e4-33e4-8c96afbec87a,1777367742,0.38,2.0,yes,"{""count_fp"":""2.00"",""created_time"":""2026-04-28T09:15:42.214508Z"",""no_price_dollars"":""0.6200"",""taker_side"":""yes"",""ticker"":""KXBTC15M-26APR280530-30"",""trade_id"":""2bd4ac07-ddd9-43e4-33e4-8c96afbec87a"",""yes_price_dollars"":""0.3800""}"
KXBTC15M-26APR280530-30,1d7e055e-5879-5e7c-8357-cebe227cfa5a,1777367743,0.38,35.3,yes,"{""count_fp"":""35.30"",""created_time"":""2026-04-28T09:15:43.353193Z"",""no_price_dollars"":""0.6200"",""taker_side"":""yes"",""ticker"":""KXBTC15M-26APR280530-30"",""trade_id"":""1d7e055e-5879-5e7c-8357-cebe227cfa5a"",""yes_price_dollars"":""0.3800""}"
KXBTC15M-26APR280530-30,1e1749b3-3d21-7808-9355-5d1c8fde6082,1777367743,0.38,0.1,yes,"{""count_fp"":""0.10"",""created_time"":""2026-04-28T09:15:43.345043Z"",""no_price_dollars"":""0.6200"",""taker_side"":""yes"",""ticker"":""KXBTC15M-26APR280530-30"",""trade_id"":""1e1749b3-3d21-7808-9355-5d1c8fde6082"",""yes_price_dollars"":""0.3800""}"
KXBTC15M-26APR280530-30,b1758710-8dc5-66c0-7090-6d2a0ba21d8a,1777367743,0.38,9.0,yes,"{""count_fp"":""9.00"",""created_time"":""2026-04-28T09:15:43.077113Z"",""no_price_dollars"":""0.6200"",""taker_side"":""yes"",""ticker"":""KXBTC15M-26APR280530-30"",""trade_id"":""b1758710-8dc5-66c0-7090-6d2a0ba21d8a"",""yes_price_dollars"":""0.3800""}"
KXBTC15M-26APR280530-30,a4977c6a-1679-6730-3c39-90782214b5b2,1777367744,0.38,20.42,yes,"{""count_fp"":""20.42"",""created_time"":""2026-04-28T09:15:44.988313Z"",""no_price_dollars"":""0.6200"",""taker_side"":""yes"",""ticker"":""KXBTC15M-26APR280530-30"",""trade_id"":""a4977c6a-1679-6730-3c39-90782214b5b2"",""yes_price_dollars"":""0.3800""}"
KXBTC15M-26APR280530-30,92fe4061-cf9d-7e18-4bef-5c3db05870ea,1777367744,0.38,8.97,yes,"{""count_fp"":""8.97"",""created_time"":""2026-04-28T09:15:44.821981Z"",""no_price_dollars"":""0.6200"",""taker_side"":""yes"",""ticker"":""KXBTC15M-26APR280530-30"",""trade_id"":""92fe4061-cf9d-7e18-4bef-5c3db05870ea"",""yes_price_dollars"":""0.3800""}"
KXBTC15M-26APR280530-30,6bf4d83a-2435-6f54-8b61-715a9c6c4bbe,1777367744,0.38,25.22,yes,"{""count_fp"":""25.22"",""created_time"":""2026-04-28T09:15:44.354436Z"",""no_price_dollars"":""0.6200"",""taker_side"":""yes"",""ticker"":""KXBTC15M-26APR280530-30"",""trade_id"":""6bf4d83a-2435-6f54-8b61-715a9c6c4bbe"",""yes_price_dollars"":""0.3800""}"
KXBTC15M-26APR280530-30,89f725d1-b4d5-7b18-2a61-f864672c2926,1777367746,0.38,25.22,yes,"{""count_fp"":""25.22"",""created_time"":""2026-04-28T09:15:46.378006Z"",""no_price_dollars"":""0.6200"",""taker_side"":""yes"",""ticker"":""KXBTC15M-26APR280530-30"",""trade_id"":""89f725d1-b4d5-7b18-2a61-f864672c2926"",""yes_price_dollars"":""0.3800""}"
KXBTC15M-26APR280530-30,7af9996a-3d73-5796-fa6c-f6ebe0fb4564,1777367746,0.37,1.0,no,"{""count_fp"":""1.00"",""created_time"":""2026-04-28T09:15:46.303529Z"",""no_price_dollars"":""0.6300"",""taker_side"":""no"",""ticker"":""KXBTC15M-26APR280530-30"",""trade_id"":""7af9996a-3d73-5796-fa6c-f6ebe0fb4564"",""yes_price_dollars"":""0.3700""}"
KXBTC15M-26APR280530-30,fd79a056-c079-646a-7d2b-c50992c54671,1777367747,0.38,21.0,yes,"{""count_fp"":""21.00"",""created_time"":""2026-04-28T09:15:47.573964Z"",""no_price_dollars"":""0.6200"",""taker_side"":""yes"",""ticker"":""KXBTC15M-26APR280530-30"",""trade_id"":""fd79a056-c079-646a-7d2b-c50992c54671"",""yes_price_dollars"":""0.3800""}"
KXBTC15M-26APR280530-30,a9969cf4-e112-69b3-64e4-0cef5357f0ab,1777367747,0.38,56.0,yes,"{""count_fp"":""56.00"",""created_time"":""2026-04-28T09:15:47.573964Z"",""no_price_dollars"":""0.6200"",""taker_side"":""yes"",""ticker"":""KXBTC15M-26APR280530-30"",""trade_id"":""a9969cf4-e112-69b3-64e4-0cef5357f0ab"",""yes_price_dollars"":""0.3800""}"
KXBTC15M-26APR280530-30,8d53784b-69f3-65c7-5781-a94994d7dedf,1777367747,0.38,30.0,yes,"{""count_fp"":""30.00"",""created_time"":""2026-04-28T09:15:47.573964Z"",""no_price_dollars"":""0.6200"",""taker_side"":""yes"",""ticker"":""KXBTC15M-26APR280530-30"",""trade_id"":""8d53784b-69f3-65c7-5781-a94994d7dedf"",""yes_price_dollars"":""0.3800""}"
KXBTC15M-26APR280530-30,79c8e4c7-eb55-6264-674c-f13272eda0e2,1777367747,0.38,65.1,yes,"{""count_fp"":""65.10"",""created_time"":""2026-04-28T09:15:47.573964Z"",""no_price_dollars"":""0.6200"",""taker_side"":""yes"",""ticker"":""KXBTC15M-26APR280530-30"",""trade_id"":""79c8e4c7-eb55-6264-674c-f13272eda0e2"",""yes_price_dollars"":""0.3800""}"
KXBTC15M-26APR280530-30,16e27e4a-7da0-6528-773b-72db73524041,1777367747,0.38,10.0,yes,"{""count_fp"":""10.00"",""created_time"":""2026-04-28T09:15:47.573964Z"",""no_price_dollars"":""0.6200"",""taker_side"":""yes"",""ticker"":""KXBTC15M-26APR280530-30"",""trade_id"":""16e27e4a-7da0-6528-773b-72db73524041"",""yes_price_dollars"":""0.3800""}"
KXBTC15M-26APR280530-30,0d6d81cb-5c5b-6480-5251-05772d717115,1777367747,0.38,70.11,yes,"{""count_fp"":""70.11"",""created_time"":""2026-04-28T09:15:47.573964Z"",""no_price_dollars"":""0.6200"",""taker_side"":""yes"",""ticker"":""KXBTC15M-26APR280530-30"",""trade_id"":""0d6d81cb-5c5b-6480-5251-05772d717115"",""yes_price_dollars"":""0.3800""}"
KXBTC15M-26APR280530-30,8deead2a-7957-75ee-8fae-9e30f6356d2d,1777367747,0.37,2.76,no,"{""count_fp"":""2.76"",""created_time"":""2026-04-28T09:15:47.304511Z"",""no_price_dollars"":""0.6300"",""taker_side"":""no"",""ticker"":""KXBTC15M-26APR280530-30"",""trade_id"":""8deead2a-7957-75ee-8fae-9e30f6356d2d"",""yes_price_dollars"":""0.3700""}"
KXBTC15M-26APR280530-30,7f47dbef-c5cf-7366-92bf-474c668a77f8,1777367747,0.37,4.97,no,"{""count_fp"":""4.97"",""created_time"":""2026-04-28T09:15:47.304511Z"",""no_price_dollars"":""0.6300"",""taker_side"":""no"",""ticker"":""KXBTC15M-26APR280530-30"",""trade_id"":""7f47dbef-c5cf-7366-92bf-474c668a77f8"",""yes_price_dollars"":""0.3700""}"
KXBTC15M-26APR280530-30,1b45c199-b131-69ac-376d-835d9124d9ca,1777367747,0.38,60.52,yes,"{""count_fp"":""60.52"",""created_time"":""2026-04-28T09:15:47.159322Z"",""no_price_dollars"":""0.6200"",""taker_side"":""yes"",""ticker"":""KXBTC15M-26APR280530-30"",""trade_id"":""1b45c199-b131-69ac-376d-835d9124d9ca"",""yes_price_dollars"":""0.3800""}"
KXBTC15M-26APR280530-30,cb5a2db0-4971-6b53-0ab1-3c3ee345614e,1777367748,0.37,1.53,no,"{""count_fp"":""1.53"",""created_time"":""2026-04-28T09:15:48.908573Z"",""no_price_dollars"":""0.6300"",""taker_side"":""no"",""ticker"":""KXBTC15M-26APR280530-30"",""trade_id"":""cb5a2db0-4971-6b53-0ab1-3c3ee345614e"",""yes_price_dollars"":""0.3700""}"
KXBTC15M-26APR280530-30,f8d0f97b-3401-50e0-769f-f4eab8713081,1777367748,0.38,21.0,yes,"{""count_fp"":""21.00"",""created_time"":""2026-04-28T09:15:48.729305Z"",""no_price_dollars"":""0.6200"",""taker_side"":""yes"",""ticker"":""KXBTC15M-26APR280530-30"",""trade_id"":""f8d0f97b-3401-50e0-769f-f4eab8713081"",""yes_price_dollars"":""0.3800""}"
KXBTC15M-26APR280530-30,25b2eb76-0754-5fa0-626c-48ad5bd2103d,1777367748,0.38,9.26,yes,"{""count_fp"":""9.26"",""created_time"":""2026-04-28T09:15:48.729305Z"",""no_price_dollars"":""0.6200"",""taker_side"":""yes"",""ticker"":""KXBTC15M-26APR280530-30"",""trade_id"":""25b2eb76-0754-5fa0-626c-48ad5bd2103d"",""yes_price_dollars"":""0.3800""}"
KXBTC15M-26APR280530-30,32f65a50-808c-7b89-930f-bac5a4ffbf4f,1777367748,0.38,1.48,yes,"{""count_fp"":""1.48"",""created_time"":""2026-04-28T09:15:48.275878Z"",""no_price_dollars"":""0.6200"",""taker_side"":""yes"",""ticker"":""KXBTC15M-26APR280530-30"",""trade_id"":""32f65a50-808c-7b89-930f-bac5a4ffbf4f"",""yes_price_dollars"":""0.3800""}"
KXBTC15M-26APR280530-30,0195e58a-efc7-7004-87a2-0e2fd975cf55,1777367748,0.38,48.52,yes,"{""count_fp"":""48.52"",""created_time"":""2026-04-28T09:15:48.275878Z"",""no_price_dollars"":""0.6200"",""taker_side"":""yes"",""ticker"":""KXBTC15M-26APR280530-30"",""trade_id"":""0195e58a-efc7-7004-87a2-0e2fd975cf55"",""yes_price_dollars"":""0.3800""}"
KXBTC15M-26APR280530-30,531969f4-d254-47ed-8e9c-18ee5026db8f,1777367748,0.38,2.52,yes,"{""count_fp"":""2.52"",""created_time"":""2026-04-28T09:15:48.146473Z"",""no_price_dollars"":""0.6200"",""taker_side"":""yes"",""ticker"":""KXBTC15M-26APR280530-30"",""trade_id"":""531969f4-d254-47ed-8e9c-18ee5026db8f"",""yes_price_dollars"":""0.3800""}"
KXBTC15M-26APR280530-30,ff6035ff-566b-4466-0d98-a6da02c54b26,1777367749,0.36,6.43,no,"{""count_fp"":""6.43"",""created_time"":""2026-04-28T09:15:49.898785Z"",""no_price_dollars"":""0.6400"",""taker_side"":""no"",""ticker"":""KXBTC15M-26APR280530-30"",""trade_id"":""ff6035ff-566b-4466-0d98-a6da02c54b26"",""yes_price_dollars"":""0.3600""}"
KXBTC15M-26APR280530-30,a896dbca-3997-45f2-371a-e03f50e35150,1777367749,0.37,6.0,no,"{""count_fp"":""6.00"",""created_time"":""2026-04-28T09:15:49.898785Z"",""no_price_dollars"":""0.6300"",""taker_side"":""no"",""ticker"":""KXBTC15M-26APR280530-30"",""trade_id"":""a896dbca-3997-45f2-371a-e03f50e35150"",""yes_price_dollars"":""0.3700""}"
KXBTC15M-26APR280530-30,909d2bbe-1031-4217-2ed7-cf00228365a2,1777367749,0.37,6.08,no,"{""count_fp"":""6.08"",""created_time"":""2026-04-28T09:15:49.898785Z"",""no_price_dollars"":""0.6300"",""taker_side"":""no"",""ticker"":""KXBTC15M-26APR280530-30"",""trade_id"":""909d2bbe-1031-4217-2ed7-cf00228365a2"",""yes_price_dollars"":""0.3700""}"
KXBTC15M-26APR280530-30,4d3ff988-dc90-47b4-2b10-06b52983725e,1777367749,0.37,5.0,no,"{""count_fp"":""5.00"",""created_time"":""2026-04-28T09:15:49.898785Z"",""no_price_dollars"":""0.6300"",""taker_side"":""no"",""ticker"":""KXBTC15M-26APR280530-30"",""trade_id"":""4d3ff988-dc90-47b4-2b10-06b52983725e"",""yes_price_dollars"":""0.3700""}"
KXBTC15M-26APR280530-30,3a782ebb-159c-4267-3fc4-7f003877fd3a,1777367749,0.37,10.0,no,"{""count_fp"":""10.00"",""created_time"":""2026-04-28T09:15:49.898785Z"",""no_price_dollars"":""0.6300"",""taker_side"":""no"",""ticker"":""KXBTC15M-26APR280530-30"",""trade_id"":""3a782ebb-159c-4267-3fc4-7f003877fd3a"",""yes_price_dollars"":""0.3700""}"
KXBTC15M-26APR280530-30,2e85546b-a226-41e0-32e0-8da0876f7e00,1777367749,0.37,3.0,no,"{""count_fp"":""3.00"",""created_time"":""2026-04-28T09:15:49.898785Z"",""no_price_dollars"":""0.6300"",""taker_side"":""no"",""ticker"":""KXBTC15M-26APR280530-30"",""trade_id"":""2e85546b-a226-41e0-32e0-8da0876f7e00"",""yes_price_dollars"":""0.3700""}"
KXBTC15M-26APR280530-30,1d0bbff2-073e-4930-02a5-01d46330202f,1777367749,0.37,40.0,no,"{""count_fp"":""40.00"",""created_time"":""2026-04-28T09:15:49.898785Z"",""no_price_dollars"":""0.6300"",""taker_side"":""no"",""ticker"":""KXBTC15M-26APR280530-30"",""trade_id"":""1d0bbff2-073e-4930-02a5-01d46330202f"",""yes_price_dollars"":""0.3700""}"
KXBTC15M-26APR280530-30,31d970b0-1de8-5edc-3f7d-a58eb2c42be5,1777367749,0.38,1.0,yes,"{""count_fp"":""1.00"",""created_time"":""2026-04-28T09:15:49.595432Z"",""no_price_dollars"":""0.6200"",""taker_side"":""yes"",""ticker"":""KXBTC15M-26APR280530-30"",""trade_id"":""31d970b0-1de8-5edc-3f7d-a58eb2c42be5"",""yes_price_dollars"":""0.3800""}"
KXBTC15M-26APR280530-30,b7bd01c1-68dc-79a0-aaff-ddda5f1b3f39,1777367749,0.38,2.52,yes,"{""count_fp"":""2.52"",""created_time"":""2026-04-28T09:15:49.383298Z"",""no_price_dollars"":""0.6200"",""taker_side"":""yes"",""ticker"":""KXBTC15M-26APR280530-30"",""trade_id"":""b7bd01c1-68dc-79a0-aaff-ddda5f1b3f39"",""yes_price_dollars"":""0.3800""}"
KXBTC15M-26APR280530-30,7f3199b2-9c14-59e4-c76f-c0632f20def4,1777367750,0.38,1.0,yes,"{""count_fp"":""1.00"",""created_time"":""2026-04-28T09:15:50.986884Z"",""no_price_dollars"":""0.6200"",""taker_side"":""yes"",""ticker"":""KXBTC15M-26APR280530-30"",""trade_id"":""7f3199b2-9c14-59e4-c76f-c0632f20def4"",""yes_price_dollars"":""0.3800""}"
KXBTC15M-26APR280530-30,ae575f1e-d878-7c90-aa07-2d59a7f0afec,1777367750,0.38,0.75,yes,"{""count_fp"":""0.75"",""created_time"":""2026-04-28T09:15:50.848095Z"",""no_price_dollars"":""0.6200"",""taker_side"":""yes"",""ticker"":""KXBTC15M-26APR280530-30"",""trade_id"":""ae575f1e-d878-7c90-aa07-2d59a7f0afec"",""yes_price_dollars"":""0.3800""}"
KXBTC15M-26APR280530-30,bf41f745-ec18-7544-d531-05f118376284,1777367750,0.38,1.0,yes,"{""count_fp"":""1.00"",""created_time"":""2026-04-28T09:15:50.616768Z"",""no_price_dollars"":""0.6200"",""taker_side"":""yes"",""ticker"":""KXBTC15M-26APR280530-30"",""trade_id"":""bf41f745-ec18-7544-d531-05f118376284"",""yes_price_dollars"":""0.3800""}"
KXBTC15M-26APR280530-30,fa8571d9-c827-5b28-441b-696c7472735d,1777367750,0.38,53.61,yes,"{""count_fp"":""53.61"",""created_time"":""2026-04-28T09:15:50.385126Z"",""no_price_dollars"":""0.6200"",""taker_side"":""yes"",""ticker"":""KXBTC15M-26APR280530-30"",""trade_id"":""fa8571d9-c827-5b28-441b-696c7472735d"",""yes_price_dollars"":""0.3800""}"
KXBTC15M-26APR280530-30,e57c1573-c733-7aac-99ef-6590cddca461,1777367750,0.38,0.63,yes,"{""count_fp"":""0.63"",""created_time"":""2026-04-28T09:15:50.267988Z"",""no_price_dollars"":""0.6200"",""taker_side"":""yes"",""ticker"":""KXBTC15M-26APR280530-30"",""trade_id"":""e57c1573-c733-7aac-99ef-6590cddca461"",""yes_price_dollars"":""0.3800""}"
KXBTC15M-26APR280530-30,54f88f33-51db-66c0-d504-d9bf06020819,1777367750,0.38,12.0,yes,"{""count_fp"":""12.00"",""created_time"":""2026-04-28T09:15:50.102671Z"",""no_price_dollars"":""0.6200"",""taker_side"":""yes"",""ticker"":""KXBTC15M-26APR280530-30"",""trade_id"":""54f88f33-51db-66c0-d504-d9bf06020819"",""yes_price_dollars"":""0.3800""}"
KXBTC15M-26APR280530-30,d610ca12-c088-4a20-1ffc-cec9401cc8b4,1777367751,0.38,7.56,yes,"{""count_fp"":""7.56"",""created_time"":""2026-04-28T09:15:51.611598Z"",""no_price_dollars"":""0.6200"",""taker_side"":""yes"",""ticker"":""KXBTC15M-26APR280530-30"",""trade_id"":""d610ca12-c088-4a20-1ffc-cec9401cc8b4"",""yes_price_dollars"":""0.3800""}"
KXBTC15M-26APR280530-30,b0c66d26-aee0-7314-b723-a39807050f4c,1777367752,0.38,5.69,yes,"{""count_fp"":""5.69"",""created_time"":""2026-04-28T09:15:52.620318Z"",""no_price_dollars"":""0.6200"",""taker_side"":""yes"",""ticker"":""KXBTC15M-26APR280530-30"",""trade_id"":""b0c66d26-aee0-7314-b723-a39807050f4c"",""yes_price_dollars"":""0.3800""}"
KXBTC15M-26APR280530-30,5a2cb0be-7c3d-716f-b121-ed7307ac58c7,1777367752,0.38,1.87,yes,"{""count_fp"":""1.87"",""created_time"":""2026-04-28T09:15:52.620318Z"",""no_price_dollars"":""0.6200"",""taker_side"":""yes"",""ticker"":""KXBTC15M-26APR280530-30"",""trade_id"":""5a2cb0be-7c3d-716f-b121-ed7307ac58c7"",""yes_price_dollars"":""0.3800""}"
KXBTC15M-26APR280530-30,e56ab079-7194-668f-2e87-f9ea4c5a0124,1777367752,0.37,40.0,no,"{""count_fp"":""40.00"",""created_time"":""2026-04-28T09:15:52.267729Z"",""no_price_dollars"":""0.6300"",""taker_side"":""no"",""ticker"":""KXBTC15M-26APR280530-30"",""trade_id"":""e56ab079-7194-668f-2e87-f9ea4c5a0124"",""yes_price_dollars"":""0.3700""}"
KXBTC15M-26APR280530-30,58b59724-661f-6c74-236d-99058d0111b5,1777367752,0.37,6.41,no,"{""count_fp"":""6.41"",""created_time"":""2026-04-28T09:15:52.267729Z"",""no_price_dollars"":""0.6300"",""taker_side"":""no"",""ticker"":""KXBTC15M-26APR280530-30"",""trade_id"":""58b59724-661f-6c74-236d-99058d0111b5"",""yes_price_dollars"":""0.3700""}"
KXBTC15M-26APR280530-30,d7ae904b-a11b-7864-e0f3-f3d7f23e597d,1777367753,0.37,2.56,no,"{""count_fp"":""2.56"",""created_time"":""2026-04-28T09:15:53.816897Z"",""no_price_dollars"":""0.6300"",""taker_side"":""no"",""ticker"":""KXBTC15M-26APR280530-30"",""trade_id"":""d7ae904b-a11b-7864-e0f3-f3d7f23e597d"",""yes_price_dollars"":""0.3700""}"
KXBTC15M-26APR280530-30,4285be0e-2296-71e4-c9a2-faa680fb70eb,1777367753,0.37,11.21,no,"{""count_fp"":""11.21"",""created_time"":""2026-04-28T09:15:53.816897Z"",""no_price_dollars"":""0.6300"",""taker_side"":""no"",""ticker"":""KXBTC15M-26APR280530-30"",""trade_id"":""4285be0e-2296-71e4-c9a2-faa680fb70eb"",""yes_price_dollars"":""0.3700""}"
KXBTC15M-26APR280530-30,961f254e-f731-43db-4d14-33aa21775c87,1777367753,0.38,4.0,yes,"{""count_fp"":""4.00"",""created_time"":""2026-04-28T09:15:53.732457Z"",""no_price_dollars"":""0.6200"",""taker_side"":""yes"",""ticker"":""KXBTC15M-26APR280530-30"",""trade_id"":""961f254e-f731-43db-4d14-33aa21775c87"",""yes_price_dollars"":""0.3800""}"
KXBTC15M-26APR280530-30,92194f0c-e532-42e1-64ee-bbdce5be2d0a,1777367753,0.38,27.31,yes,"{""count_fp"":""27.31"",""created_time"":""2026-04-28T09:15:53.732457Z"",""no_price_dollars"":""0.6200"",""taker_side"":""yes"",""ticker"":""KXBTC15M-26APR280530-30"",""trade_id"":""92194f0c-e532-42e1-64ee-bbdce5be2d0a"",""yes_price_dollars"":""0.3800""}"
KXBTC15M-26APR280530-30,2449002b-017d-433f-571f-5c6c4409895f,1777367753,0.38,19.13,yes,"{""count_fp"":""19.13"",""created_time"":""2026-04-28T09:15:53.732457Z"",""no_price_dollars"":""0.6200"",""taker_side"":""yes"",""ticker"":""KXBTC15M-26APR280530-30"",""trade_id"":""2449002b-017d-433f-571f-5c6c4409895f"",""yes_price_dollars"":""0.3800""}"
KXBTC15M-26APR280530-30,5d8bd11d-ffc2-4ab1-543b-fb0ed99f8f8a,1777367754,0.37,1.26,yes,"{""count_fp"":""1.26"",""created_time"":""2026-04-28T09:15:54.916548Z"",""no_price_dollars"":""0.6300"",""taker_side"":""yes"",""ticker"":""KXBTC15M-26APR280530-30"",""trade_id"":""5d8bd11d-ffc2-4ab1-543b-fb0ed99f8f8a"",""yes_price_dollars"":""0.3700""}"
KXBTC15M-26APR280530-30,4afe5d9b-4cbe-6629-ba1a-335271563172,1777367755,0.37,63.05,yes,"{""count_fp"":""63.05"",""created_time"":""2026-04-28T09:15:55.841603Z"",""no_price_dollars"":""0.6300"",""taker_side"":""yes"",""ticker"":""KXBTC15M-26APR280530-30"",""trade_id"":""4afe5d9b-4cbe-6629-ba1a-335271563172"",""yes_price_dollars"":""0.3700""}"
KXBTC15M-26APR280530-30,4aa2484c-0e2a-7b49-2ef2-2a484a252cc2,1777367756,0.37,129.42,yes,"{""count_fp"":""129.42"",""created_time"":""2026-04-28T09:15:56.090369Z"",""no_price_dollars"":""0.6300"",""taker_side"":""yes"",""ticker"":""KXBTC15M-26APR280530-30"",""trade_id"":""4aa2484c-0e2a-7b49-2ef2-2a484a252cc2"",""yes_price_dollars"":""0.3700""}"
KXBTC15M-26APR280530-30,3956f618-6d22-7ea9-2b9e-4be2b3149316,1777367757,0.37,12.94,yes,"{""count_fp"":""12.94"",""created_time"":""2026-04-28T09:15:57.885366Z"",""no_price_dollars"":""0.6300"",""taker_side"":""yes"",""ticker"":""KXBTC15M-26APR280530-30"",""trade_id"":""3956f618-6d22-7ea9-2b9e-4be2b3149316"",""yes_price_dollars"":""0.3700""}"
KXBTC15M-26APR280530-30,a1a31a43-955e-543d-999a-d39f57f921ee,1777367757,0.37,51.25,yes,"{""count_fp"":""51.25"",""created_time"":""2026-04-28T09:15:57.487386Z"",""no_price_dollars"":""0.6300"",""taker_side"":""yes"",""ticker"":""KXBTC15M-26APR280530-30"",""trade_id"":""a1a31a43-955e-543d-999a-d39f57f921ee"",""yes_price_dollars"":""0.3700""}"
KXBTC15M-26APR280530-30,3ec6e2de-1bfa-60c5-bc77-1160ab42f8f2,1777367757,0.37,2.58,yes,"{""count_fp"":""2.58"",""created_time"":""2026-04-28T09:15:57.446123Z"",""no_price_dollars"":""0.6300"",""taker_side"":""yes"",""ticker"":""KXBTC15M-26APR280530-30"",""trade_id"":""3ec6e2de-1bfa-60c5-bc77-1160ab42f8f2"",""yes_price_dollars"":""0.3700""}"
KXBTC15M-26APR280530-30,ba298e9d-7d26-440d-5ba4-3031efde1802,1777367757,0.37,100.0,yes,"{""count_fp"":""100.00"",""created_time"":""2026-04-28T09:15:57.158124Z"",""no_price_dollars"":""0.6300"",""taker_side"":""yes"",""ticker"":""KXBTC15M-26APR280530-30"",""trade_id"":""ba298e9d-7d26-440d-5ba4-3031efde1802"",""yes_price_dollars"":""0.3700""}"
KXBTC15M-26APR280530-30,ffd08ace-fe4f-7012-ee08-783270637062,1777367758,0.36,0.3,no,"{""count_fp"":""0.30"",""created_time"":""2026-04-28T09:15:58.429288Z"",""no_price_dollars"":""0.6400"",""taker_side"":""no"",""ticker"":""KXBTC15M-26APR280530-30"",""trade_id"":""ffd08ace-fe4f-7012-ee08-783270637062"",""yes_price_dollars"":""0.3600""}"
KXBTC15M-26APR280530-30,47516d6c-25ba-7e45-bdca-9160d24c767e,1777367759,0.37,1.0,yes,"{""count_fp"":""1.00"",""created_time"":""2026-04-28T09:15:59.774746Z"",""no_price_dollars"":""0.6300"",""taker_side"":""yes"",""ticker"":""KXBTC15M-26APR280530-30"",""trade_id"":""47516d6c-25ba-7e45-bdca-9160d24c767e"",""yes_price_dollars"":""0.3700""}"
KXBTC15M-26APR280530-30,7fa83cf7-117f-45be-ad5b-686880ff504e,1777367759,0.36,2.0,no,"{""count_fp"":""2.00"",""created_time"":""2026-04-28T09:15:59.247064Z"",""no_price_dollars"":""0.6400"",""taker_side"":""no"",""ticker"":""KXBTC15M-26APR280530-30"",""trade_id"":""7fa83cf7-117f-45be-ad5b-686880ff504e"",""yes_price_dollars"":""0.3600""}"
KXBTC15M-26APR280530-30,3c1bbefe-726a-6e39-32a2-da24fda30c46,1777367759,0.37,44.0,yes,"{""count_fp"":""44.00"",""created_time"":""2026-04-28T09:15:59.185662Z"",""no_price_dollars"":""0.6300"",""taker_side"":""yes"",""ticker"":""KXBTC15M-26APR280530-30"",""trade_id"":""3c1bbefe-726a-6e39-32a2-da24fda30c46"",""yes_price_dollars"":""0.3700""}"
KXBTC15M-26APR280530-30,caaa2d4f-719a-60f1-d575-fa9a48da5c16,1777367760,0.37,10.35,yes,"{""count_fp"":""10.35"",""created_time"":""2026-04-28T09:16:00.607143Z"",""no_price_dollars"":""0.6300"",""taker_side"":""yes"",""ticker"":""KXBTC15M-26APR280530-30"",""trade_id"":""caaa2d4f-719a-60f1-d575-fa9a48da5c16"",""yes_price_dollars"":""0.3700""}"
KXBTC15M-26APR280530-30,08869c0b-cf26-6cf1-f5b7-008ee4285c2a,1777367761,0.37,2.58,yes,"{""count_fp"":""2.58"",""created_time"":""2026-04-28T09:16:01.143287Z"",""no_price_dollars"":""0.6300"",""taker_side"":""yes"",""ticker"":""KXBTC15M-26APR280530-30"",""trade_id"":""08869c0b-cf26-6cf1-f5b7-008ee4285c2a"",""yes_price_dollars"":""0.3700""}"
KXBTC15M-26APR280530-30,051fffb8-1ecf-720e-2829-6dee67c99ada,1777367762,0.36,15.24,no,"{""count_fp"":""15.24"",""created_time"":""2026-04-28T09:16:02.349919Z"",""no_price_dollars"":""0.6400"",""taker_side"":""no"",""ticker"":""KXBTC15M-26APR280530-30"",""trade_id"":""051fffb8-1ecf-720e-2829-6dee67c99ada"",""yes_price_dollars"":""0.3600""}"
KXBTC15M-26APR280530-30,ccd18fb0-23fa-685d-222e-e3477828145a,1777367762,0.37,5.0,yes,"{""count_fp"":""5.00"",""created_time"":""2026-04-28T09:16:02.205496Z"",""no_price_dollars"":""0.6300"",""taker_side"":""yes"",""ticker"":""KXBTC15M-26APR280530-30"",""trade_id"":""ccd18fb0-23fa-685d-222e-e3477828145a"",""yes_price_dollars"":""0.3700""}"
KXBTC15M-26APR280530-30,170598a9-861a-66e9-0cc2-70a739e171f6,1777367763,0.37,2.58,yes,"{""count_fp"":""2.58"",""created_time"":""2026-04-28T09:16:03.827178Z"",""no_price_dollars"":""0.6300"",""taker_side"":""yes"",""ticker"":""KXBTC15M-26APR280530-30"",""trade_id"":""170598a9-861a-66e9-0cc2-70a739e171f6"",""yes_price_dollars"":""0.3700""}"
KXBTC15M-26APR280530-30,defb43ea-4607-5e66-5d4e-a03180101912,1777367763,0.36,1.52,no,"{""count_fp"":""1.52"",""created_time"":""2026-04-28T09:16:03.258426Z"",""no_price_dollars"":""0.6400"",""taker_side"":""no"",""ticker"":""KXBTC15M-26APR280530-30"",""trade_id"":""defb43ea-4607-5e66-5d4e-a03180101912"",""yes_price_dollars"":""0.3600""}"
KXBTC15M-26APR280530-30,02798a49-b7db-69d6-47bc-1bcfe3f7cc2e,1777367763,0.36,73.15,no,"{""count_fp"":""73.15"",""created_time"":""2026-04-28T09:16:03.199222Z"",""no_price_dollars"":""0.6400"",""taker_side"":""no"",""ticker"":""KXBTC15M-26APR280530-30"",""trade_id"":""02798a49-b7db-69d6-47bc-1bcfe3f7cc2e"",""yes_price_dollars"":""0.3600""}"
KXBTC15M-26APR280530-30,6c7403af-4d02-6ddd-3806-bab276520d56,1777367764,0.37,51.25,yes,"{""count_fp"":""51.25"",""created_time"":""2026-04-28T09:16:04.463943Z"",""no_price_dollars"":""0.6300"",""taker_side"":""yes"",""ticker"":""KXBTC15M-26APR280530-30"",""trade_id"":""6c7403af-4d02-6ddd-3806-bab276520d56"",""yes_price_dollars"":""0.3700""}"
KXBTC15M-26APR280530-30,a819c73b-90c7-7591-75de-7294df6616e0,1777367766,0.37,30.0,yes,"{""count_fp"":""30.00"",""created_time"":""2026-04-28T09:16:06.612091Z"",""no_price_dollars"":""0.6300"",""taker_side"":""yes"",""ticker"":""KXBTC15M-26APR280530-30"",""trade_id"":""a819c73b-90c7-7591-75de-7294df6616e0"",""yes_price_dollars"":""0.3700""}"
KXBTC15M-26APR280530-30,8503cb74-4e91-7d4d-68c5-9483085020e8,1777367766,0.37,10.0,yes,"{""count_fp"":""10.00"",""created_time"":""2026-04-28T09:16:06.612091Z"",""no_price_dollars"":""0.6300"",""taker_side"":""yes"",""ticker"":""KXBTC15M-26APR280530-30"",""trade_id"":""8503cb74-4e91-7d4d-68c5-9483085020e8"",""yes_price_dollars"":""0.3700""}"
KXBTC15M-26APR280530-30,64872db5-e07c-7111-43db-a36731fdef32,1777367766,0.37,2.0,yes,"{""count_fp"":""2.00"",""created_time"":""2026-04-28T09:16:06.612091Z"",""no_price_dollars"":""0.6300"",""taker_side"":""yes"",""ticker"":""KXBTC15M-26APR280530-30"",""trade_id"":""64872db5-e07c-7111-43db-a36731fdef32"",""yes_price_dollars"":""0.3700""}"
KXBTC15M-26APR280530-30,92503b06-30af-6592-4a6b-0290f0f0c30a,1777367767,0.36,1.52,no,"{""count_fp"":""1.52"",""created_time"":""2026-04-28T09:16:07.650077Z"",""no_price_dollars"":""0.6400"",""taker_side"":""no"",""ticker"":""KXBTC15M-26APR280530-30"",""trade_id"":""92503b06-30af-6592-4a6b-0290f0f0c30a"",""yes_price_dollars"":""0.3600""}"
KXBTC15M-26APR280530-30,b6ae48fd-f3f6-7fed-5d2b-a2fd250b0287,1777367768,0.36,10.0,no,"{""count_fp"":""10.00"",""created_time"":""2026-04-28T09:16:08.009004Z"",""no_price_dollars"":""0.6400"",""taker_side"":""no"",""ticker"":""KXBTC15M-26APR280530-30"",""trade_id"":""b6ae48fd-f3f6-7fed-5d2b-a2fd250b0287"",""yes_price_dollars"":""0.3600""}"
KXBTC15M-26APR280530-30,93992d25-6654-7901-4ade-ad5134084c2e,1777367768,0.36,3.0,no,"{""count_fp"":""3.00"",""created_time"":""2026-04-28T09:16:08.009004Z"",""no_price_dollars"":""0.6400"",""taker_side"":""no"",""ticker"":""KXBTC15M-26APR280530-30"",""trade_id"":""93992d25-6654-7901-4ade-ad5134084c2e"",""yes_price_dollars"":""0.3600""}"
KXBTC15M-26APR280530-30,8a4c126d-3d42-7dfa-7ded-ed01d3917716,1777367768,0.36,20.0,no,"{""count_fp"":""20.00"",""created_time"":""2026-04-28T09:16:08.009004Z"",""no_price_dollars"":""0.6400"",""taker_side"":""no"",""ticker"":""KXBTC15M-26APR280530-30"",""trade_id"":""8a4c126d-3d42-7dfa-7ded-ed01d3917716"",""yes_price_dollars"":""0.3600""}"
KXBTC15M-26APR280530-30,289fa510-8a5b-7aee-7d6e-a4de99ba1d3e,1777367768,0.36,7.06,no,"{""count_fp"":""7.06"",""created_time"":""2026-04-28T09:16:08.009004Z"",""no_price_dollars"":""0.6400"",""taker_side"":""no"",""ticker"":""KXBTC15M-26APR280530-30"",""trade_id"":""289fa510-8a5b-7aee-7d6e-a4de99ba1d3e"",""yes_price_dollars"":""0.3600""}"
KXBTC15M-26APR280530-30,2b30d8e0-4ddb-414e-c2c6-d4657f463206,1777367768,0.36,31.16,no,"{""count_fp"":""31.16"",""created_time"":""2026-04-28T09:16:08.008175Z"",""no_price_dollars"":""0.6400"",""taker_side"":""no"",""ticker"":""KXBTC15M-26APR280530-30"",""trade_id"":""2b30d8e0-4ddb-414e-c2c6-d4657f463206"",""yes_price_dollars"":""0.3600""}"
KXBTC15M-26APR280530-30,f6c5a384-bc96-5837-2e04-4f6e75ca004d,1777367769,0.36,39.83,yes,"{""count_fp"":""39.83"",""created_time"":""2026-04-28T09:16:09.418317Z"",""no_price_dollars"":""0.6400"",""taker_side"":""yes"",""ticker"":""KXBTC15M-26APR280530-30"",""trade_id"":""f6c5a384-bc96-5837-2e04-4f6e75ca004d"",""yes_price_dollars"":""0.3600""}"
KXBTC15M-26APR280530-30,2e604f31-177b-5182-2257-5d4333d45f48,1777367769,0.36,3.0,yes,"{""count_fp"":""3.00"",""created_time"":""2026-04-28T09:16:09.418317Z"",""no_price_dollars"":""0.6400"",""taker_side"":""yes"",""ticker"":""KXBTC15M-26APR280530-30"",""trade_id"":""2e604f31-177b-5182-2257-5d4333d45f48"",""yes_price_dollars"":""0.3600""}"
KXBTC15M-26APR280530-30,299cf91f-4ca7-55c7-1372-722b93e831c3,1777367769,0.36,40.0,yes,"{""count_fp"":""40.00"",""created_time"":""2026-04-28T09:16:09.418317Z"",""no_price_dollars"":""0.6400"",""taker_side"":""yes"",""ticker"":""KXBTC15M-26APR280530-30"",""trade_id"":""299cf91f-4ca7-55c7-1372-722b93e831c3"",""yes_price_dollars"":""0.3600""}"
KXBTC15M-26APR280530-30,9a8c374c-3636-6037-1358-0dc99b7951e6,1777367769,0.35,16.0,no,"{""count_fp"":""16.00"",""created_time"":""2026-04-28T09:16:09.133579Z"",""no_price_dollars"":""0.6500"",""taker_side"":""no"",""ticker"":""KXBTC15M-26APR280530-30"",""trade_id"":""9a8c374c-3636-6037-1358-0dc99b7951e6"",""yes_price_dollars"":""0.3500""}"
KXBTC15M-26APR280530-30,b843192a-4a06-4d33-9bb1-915c4c291dd9,1777367770,0.36,0.26,yes,"{""count_fp"":""0.26"",""created_time"":""2026-04-28T09:16:10.686414Z"",""no_price_dollars"":""0.6400"",""taker_side"":""yes"",""ticker"":""KXBTC15M-26APR280530-30"",""trade_id"":""b843192a-4a06-4d33-9bb1-915c4c291dd9"",""yes_price_dollars"":""0.3600""}"
KXBTC15M-26APR280530-30,edcfcf2b-0b86-77cb-8d2c-043fe7b40a51,1777367770,0.36,30.0,yes,"{""count_fp"":""30.00"",""created_time"":""2026-04-28T09:16:10.590842Z"",""no_price_dollars"":""0.6400"",""taker_side"":""yes"",""ticker"":""KXBTC15M-26APR280530-30"",""trade_id"":""edcfcf2b-0b86-77cb-8d2c-043fe7b40a51"",""yes_price_dollars"":""0.3600""}"
KXBTC15M-26APR280530-30,b9809378-c8a6-5527-3ad4-a65be3732612,1777367770,0.35,10.0,no,"{""count_fp"":""10.00"",""created_time"":""2026-04-28T09:16:10.281905Z"",""no_price_dollars"":""0.6500"",""taker_side"":""no"",""ticker"":""KXBTC15M-26APR280530-30"",""trade_id"":""b9809378-c8a6-5527-3ad4-a65be3732612"",""yes_price_dollars"":""0.3500""}"
KXBTC15M-26APR280530-30,6ce8f117-0f32-7b53-e411-4023295066d9,1777367770,0.36,132.01,yes,"{""count_fp"":""132.01"",""created_time"":""2026-04-28T09:16:10.121905Z"",""no_price_dollars"":""0.6400"",""taker_side"":""yes"",""ticker"":""KXBTC15M-26APR280530-30"",""trade_id"":""6ce8f117-0f32-7b53-e411-4023295066d9"",""yes_price_dollars"":""0.3600""}"
KXBTC15M-26APR280530-30,8d5c4421-a5c2-74db-38f8-154e4423c2b1,1777367771,0.36,132.91,yes,"{""count_fp"":""132.91"",""created_time"":""2026-04-28T09:16:11.052045Z"",""no_price_dollars"":""0.6400"",""taker_side"":""yes"",""ticker"":""KXBTC15M-26APR280530-30"",""trade_id"":""8d5c4421-a5c2-74db-38f8-154e4423c2b1"",""yes_price_dollars"":""0.3600""}"
KXBTC15M-26APR280530-30,d3620736-af0e-6f83-91ee-515939f032f2,1777367772,0.35,73.58,no,"{""count_fp"":""73.58"",""created_time"":""2026-04-28T09:16:12.525733Z"",""no_price_dollars"":""0.6500"",""taker_side"":""no"",""ticker"":""KXBTC15M-26APR280530-30"",""trade_id"":""d3620736-af0e-6f83-91ee-515939f032f2"",""yes_price_dollars"":""0.3500""}"
KXBTC15M-26APR280530-30,e41085ff-42d6-4c4f-d0bc-722ce0778445,1777367772,0.36,1.0,yes,"{""count_fp"":""1.00"",""created_time"":""2026-04-28T09:16:12.458565Z"",""no_price_dollars"":""0.6400"",""taker_side"":""yes"",""ticker"":""KXBTC15M-26APR280530-30"",""trade_id"":""e41085ff-42d6-4c4f-d0bc-722ce0778445"",""yes_price_dollars"":""0.3600""}"
KXBTC15M-26APR280530-30,c3abf1e9-460f-6783-1a38-bb1f2fc1e14b,1777367773,0.35,13.29,yes,"{""count_fp"":""13.29"",""created_time"":""2026-04-28T09:16:13.806218Z"",""no_price_dollars"":""0.6500"",""taker_side"":""yes"",""ticker"":""KXBTC15M-26APR280530-30"",""trade_id"":""c3abf1e9-460f-6783-1a38-bb1f2fc1e14b"",""yes_price_dollars"":""0.3500""}"
KXBTC15M-26APR280530-30,be19f339-e4d6-7a1f-0b79-bb854bf64582,1777367773,0.35,7.39,no,"{""count_fp"":""7.39"",""created_time"":""2026-04-28T09:16:13.155009Z"",""no_price_dollars"":""0.6500"",""taker_side"":""no"",""ticker"":""KXBTC15M-26APR280530-30"",""trade_id"":""be19f339-e4d6-7a1f-0b79-bb854bf64582"",""yes_price_dollars"":""0.3500""}"
KXBTC15M-26APR280530-30,a518a449-4e6f-76ab-3a5f-0f9f26935b1f,1777367773,0.34,3.0,no,"{""count_fp"":""3.00"",""created_time"":""2026-04-28T09:16:13.155009Z"",""no_price_dollars"":""0.6600"",""taker_side"":""no"",""ticker"":""KXBTC15M-26APR280530-30"",""trade_id"":""a518a449-4e6f-76ab-3a5f-0f9f26935b1f"",""yes_price_dollars"":""0.3400""}"
KXBTC15M-26APR280530-30,819d4170-6664-7595-1aae-15013ae2e52a,1777367773,0.34,23.39,no,"{""count_fp"":""23.39"",""created_time"":""2026-04-28T09:16:13.155009Z"",""no_price_dollars"":""0.6600"",""taker_side"":""no"",""ticker"":""KXBTC15M-26APR280530-30"",""trade_id"":""819d4170-6664-7595-1aae-15013ae2e52a"",""yes_price_dollars"":""0.3400""}"
KXBTC15M-26APR280530-30,197916fb-ff64-7ff1-0b74-4d458423fa76,1777367773,0.35,3.0,no,"{""count_fp"":""3.00"",""created_time"":""2026-04-28T09:16:13.155009Z"",""no_price_dollars"":""0.6500"",""taker_side"":""no"",""ticker"":""KXBTC15M-26APR280530-30"",""trade_id"":""197916fb-ff64-7ff1-0b74-4d458423fa76"",""yes_price_dollars"":""0.3500""}"
KXBTC15M-26APR280530-30,b2374802-17fa-7caf-061b-7b7049c8b90e,1777367773,0.35,1.0,no,"{""count_fp"":""1.00"",""created_time"":""2026-04-28T09:16:13.117165Z"",""no_price_dollars"":""0.6500"",""taker_side"":""no"",""ticker"":""KXBTC15M-26APR280530-30"",""trade_id"":""b2374802-17fa-7caf-061b-7b7049c8b90e"",""yes_price_dollars"":""0.3500""}"
KXBTC15M-26APR280530-30,cfe00ecb-3316-75b7-bf1a-3a3ed081daf2,1777367773,0.35,30.03,no,"{""count_fp"":""30.03"",""created_time"":""2026-04-28T09:16:13.036731Z"",""no_price_dollars"":""0.6500"",""taker_side"":""no"",""ticker"":""KXBTC15M-26APR280530-30"",""trade_id"":""cfe00ecb-3316-75b7-bf1a-3a3ed081daf2"",""yes_price_dollars"":""0.3500""}"
KXBTC15M-26APR280530-30,0836a1e0-6167-40b7-ff23-c6e7b0918ecf,1777367774,0.35,7.0,yes,"{""count_fp"":""7.00"",""created_time"":""2026-04-28T09:16:14.545373Z"",""no_price_dollars"":""0.6500"",""taker_side"":""yes"",""ticker"":""KXBTC15M-26APR280530-30"",""trade_id"":""0836a1e0-6167-40b7-ff23-c6e7b0918ecf"",""yes_price_dollars"":""0.3500""}"
KXBTC15M-26APR280530-30,fc0db4f2-5388-75e5-9b3d-646c20c41896,1777367774,0.34,16.61,no,"{""count_fp"":""16.61"",""created_time"":""2026-04-28T09:16:14.097939Z"",""no_price_dollars"":""0.6600"",""taker_side"":""no"",""ticker"":""KXBTC15M-26APR280530-30"",""trade_id"":""fc0db4f2-5388-75e5-9b3d-646c20c41896"",""yes_price_dollars"":""0.3400""}"
KXBTC15M-26APR280530-30,8f58fb58-16aa-729c-be0d-c5daf19fb2f7,1777367774,0.33,2.5,no,"{""count_fp"":""2.50"",""created_time"":""2026-04-28T09:16:14.097939Z"",""no_price_dollars"":""0.6700"",""taker_side"":""no"",""ticker"":""KXBTC15M-26APR280530-30"",""trade_id"":""8f58fb58-16aa-729c-be0d-c5daf19fb2f7"",""yes_price_dollars"":""0.3300""}"
KXBTC15M-26APR280530-30,63564ef5-f7f4-7abc-b19c-d6591b7adae2,1777367774,0.33,40.0,no,"{""count_fp"":""40.00"",""created_time"":""2026-04-28T09:16:14.097939Z"",""no_price_dollars"":""0.6700"",""taker_side"":""no"",""ticker"":""KXBTC15M-26APR280530-30"",""trade_id"":""63564ef5-f7f4-7abc-b19c-d6591b7adae2"",""yes_price_dollars"":""0.3300""}"
KXBTC15M-26APR280530-30,55d126c6-b86a-763a-90b5-cadf59800dde,1777367774,0.33,3.0,no,"{""count_fp"":""3.00"",""created_time"":""2026-04-28T09:16:14.097939Z"",""no_price_dollars"":""0.6700"",""taker_side"":""no"",""ticker"":""KXBTC15M-26APR280530-30"",""trade_id"":""55d126c6-b86a-763a-90b5-cadf59800dde"",""yes_price_dollars"":""0.3300""}"
KXBTC15M-26APR280530-30,4ab3fd58-ebfc-7df3-98dc-d08ba834d5f9,1777367774,0.34,10.73,no,"{""count_fp"":""10.73"",""created_time"":""2026-04-28T09:16:14.097939Z"",""no_price_dollars"":""0.6600"",""taker_side"":""no"",""ticker"":""KXBTC15M-26APR280530-30"",""trade_id"":""4ab3fd58-ebfc-7df3-98dc-d08ba834d5f9"",""yes_price_dollars"":""0.3400""}"
KXBTC15M-26APR280530-30,04615fd5-86e5-5576-32e0-0b6d09d43602,1777367776,0.34,5.0,yes,"{""count_fp"":""5.00"",""created_time"":""2026-04-28T09:16:16.597098Z"",""no_price_dollars"":""0.6600"",""taker_side"":""yes"",""ticker"":""KXBTC15M-26APR280530-30"",""trade_id"":""04615fd5-86e5-5576-32e0-0b6d09d43602"",""yes_price_dollars"":""0.3400""}"
KXBTC15M-26APR280530-30,ce9b6527-7d3e-5fdc-a768-ee973354e608,1777367776,0.35,10.0,yes,"{""count_fp"":""10.00"",""created_time"":""2026-04-28T09:16:16.353948Z"",""no_price_dollars"":""0.6500"",""taker_side"":""yes"",""ticker"":""KXBTC15M-26APR280530-30"",""trade_id"":""ce9b6527-7d3e-5fdc-a768-ee973354e608"",""yes_price_dollars"":""0.3500""}"
KXBTC15M-26APR280530-30,a68a7264-cb63-58cc-8f70-f65cadea307e,1777367776,0.35,0.63,yes,"{""count_fp"":""0.63"",""created_time"":""2026-04-28T09:16:16.353948Z"",""no_price_dollars"":""0.6500"",""taker_side"":""yes"",""ticker"":""KXBTC15M-26APR280530-30"",""trade_id"":""a68a7264-cb63-58cc-8f70-f65cadea307e"",""yes_price_dollars"":""0.3500""}"
KXBTC15M-26APR280530-30,f2c6762f-7b43-60ec-aa90-3e4505c8335d,1777367777,0.37,40.0,yes,"{""count_fp"":""40.00"",""created_time"":""2026-04-28T09:16:17.531257Z"",""no_price_dollars"":""0.6300"",""taker_side"":""yes"",""ticker"":""KXBTC15M-26APR280530-30"",""trade_id"":""f2c6762f-7b43-60ec-aa90-3e4505c8335d"",""yes_price_dollars"":""0.3700""}"
KXBTC15M-26APR280530-30,97a0effa-4c02-6898-904b-78227ab18b7b,1777367777,0.35,5.0,yes,"{""count_fp"":""5.00"",""created_time"":""2026-04-28T09:16:17.531257Z"",""no_price_dollars"":""0.6500"",""taker_side"":""yes"",""ticker"":""KXBTC15M-26APR280530-30"",""trade_id"":""97a0effa-4c02-6898-904b-78227ab18b7b"",""yes_price_dollars"":""0.3500""}"
KXBTC15M-26APR280530-30,965c0d5d-0c2a-6dd3-b35c-96d8eb968289,1777367777,0.36,56.0,yes,"{""count_fp"":""56.00"",""created_time"":""2026-04-28T09:16:17.531257Z"",""no_price_dollars"":""0.6400"",""taker_side"":""yes"",""ticker"":""KXBTC15M-26APR280530-30"",""trade_id"":""965c0d5d-0c2a-6dd3-b35c-96d8eb968289"",""yes_price_dollars"":""0.3600""}"
KXBTC15M-26APR280530-30,914cd5cd-cd72-6464-b448-1508ca4c5b1d,1777367777,0.35,40.0,yes,"{""count_fp"":""40.00"",""created_time"":""2026-04-28T09:16:17.531257Z"",""no_price_dollars"":""0.6500"",""taker_side"":""yes"",""ticker"":""KXBTC15M-26APR280530-30"",""trade_id"":""914cd5cd-cd72-6464-b448-1508ca4c5b1d"",""yes_price_dollars"":""0.3500""}"
KXBTC15M-26APR280530-30,815daafb-3f31-6a28-91d4-4a606a914e62,1777367777,0.37,325.21,yes,"{""count_fp"":""325.21"",""created_time"":""2026-04-28T09:16:17.531257Z"",""no_price_dollars"":""0.6300"",""taker_side"":""yes"",""ticker"":""KXBTC15M-26APR280530-30"",""trade_id"":""815daafb-3f31-6a28-91d4-4a606a914e62"",""yes_price_dollars"":""0.3700""}"
KXBTC15M-26APR280530-30,7ea3461c-6855-6cca-9a3c-28e52ad41a42,1777367777,0.35,145.0,yes,"{""count_fp"":""145.00"",""created_time"":""2026-04-28T09:16:17.531257Z"",""no_price_dollars"":""0.6500"",""taker_side"":""yes"",""ticker"":""KXBTC15M-26APR280530-30"",""trade_id"":""7ea3461c-6855-6cca-9a3c-28e52ad41a42"",""yes_price_dollars"":""0.3500""}"
KXBTC15M-26APR280530-30,6bf79a73-37cb-6cc9-9c1e-c23961f5028e,1777367777,0.36,40.0,yes,"{""count_fp"":""40.00"",""created_time"":""2026-04-28T09:16:17.531257Z"",""no_price_dollars"":""0.6400"",""taker_side"":""yes"",""ticker"":""KXBTC15M-26APR280530-30"",""trade_id"":""6bf79a73-37cb-6cc9-9c1e-c23961f5028e"",""yes_price_dollars"":""0.3600""}"
KXBTC15M-26APR280530-30,5cd0b357-2a8b-6733-b2f5-17d2a69bd8be,1777367777,0.34,100.0,yes,"{""count_fp"":""100.00"",""created_time"":""2026-04-28T09:16:17.531257Z"",""no_price_dollars"":""0.6600"",""taker_side"":""yes"",""ticker"":""KXBTC15M-26APR280530-30"",""trade_id"":""5cd0b357-2a8b-6733-b2f5-17d2a69bd8be"",""yes_price_dollars"":""0.3400""}"
KXBTC15M-26APR280530-30,4e754bb0-d3de-633a-b8b6-2c08e40ee924,1777367777,0.35,3.0,yes,"{""count_fp"":""3.00"",""created_time"":""2026-04-28T09:16:17.531257Z"",""no_price_dollars"":""0.6500"",""taker_side"":""yes"",""ticker"":""KXBTC15M-26APR280530-30"",""trade_id"":""4e754bb0-d3de-633a-b8b6-2c08e40ee924"",""yes_price_dollars"":""0.3500""}"
KXBTC15M-26APR280530-30,4946feca-625a-675a-a107-7d62d1728642,1777367777,0.34,30.0,yes,"{""count_fp"":""30.00"",""created_time"":""2026-04-28T09:16:17.531257Z"",""no_price_dollars"":""0.6600"",""taker_side"":""yes"",""ticker"":""KXBTC15M-26APR280530-30"",""trade_id"":""4946feca-625a-675a-a107-7d62d1728642"",""yes_price_dollars"":""0.3400""}"
KXBTC15M-26APR280530-30,2eb32962-c699-6560-8b2e-de17e073db6d,1777367777,0.34,22.0,yes,"{""count_fp"":""22.00"",""created_time"":""2026-04-28T09:16:17.531257Z"",""no_price_dollars"":""0.6600"",""taker_side"":""yes"",""ticker"":""KXBTC15M-26APR280530-30"",""trade_id"":""2eb32962-c699-6560-8b2e-de17e073db6d"",""yes_price_dollars"":""0.3400""}"
KXBTC15M-26APR280530-30,2617afc2-1864-62dc-be0c-ebd2afa6dcb7,1777367777,0.35,500.0,yes,"{""count_fp"":""500.00"",""created_time"":""2026-04-28T09:16:17.531257Z"",""no_price_dollars"":""0.6500"",""taker_side"":""yes"",""ticker"":""KXBTC15M-26APR280530-30"",""trade_id"":""2617afc2-1864-62dc-be0c-ebd2afa6dcb7"",""yes_price_dollars"":""0.3500""}"
KXBTC15M-26APR280530-30,c76cd69a-ea8d-46c0-48e0-92d5ce8d30e4,1777367778,0.35,8.0,yes,"{""count_fp"":""8.00"",""created_time"":""2026-04-28T09:16:18.883138Z"",""no_price_dollars"":""0.6500"",""taker_side"":""yes"",""ticker"":""KXBTC15M-26APR280530-30"",""trade_id"":""c76cd69a-ea8d-46c0-48e0-92d5ce8d30e4"",""yes_price_dollars"":""0.3500""}"
KXBTC15M-26APR280530-30,c39f3443-8a7a-48b4-dbc5-d7c382dd2c24,1777367778,0.35,24.32,no,"{""count_fp"":""24.32"",""created_time"":""2026-04-28T09:16:18.778183Z"",""no_price_dollars"":""0.6500"",""taker_side"":""no"",""ticker"":""KXBTC15M-26APR280530-30"",""trade_id"":""c39f3443-8a7a-48b4-dbc5-d7c382dd2c24"",""yes_price_dollars"":""0.3500""}"
KXBTC15M-26APR280530-30,a2dd53cb-5f5c-4b86-d36b-237200b3b8cb,1777367778,0.35,22.0,no,"{""count_fp"":""22.00"",""created_time"":""2026-04-28T09:16:18.778183Z"",""no_price_dollars"":""0.6500"",""taker_side"":""no"",""ticker"":""KXBTC15M-26APR280530-30"",""trade_id"":""a2dd53cb-5f5c-4b86-d36b-237200b3b8cb"",""yes_price_dollars"":""0.3500""}"
KXBTC15M-26APR280530-30,986d7d39-41a3-472c-cb18-7561cb0363f6,1777367778,0.34,31.42,no,"{""count_fp"":""31.42"",""created_time"":""2026-04-28T09:16:18.778183Z"",""no_price_dollars"":""0.6600"",""taker_side"":""no"",""ticker"":""KXBTC15M-26APR280530-30"",""trade_id"":""986d7d39-41a3-472c-cb18-7561cb0363f6"",""yes_price_dollars"":""0.3400""}"
KXBTC15M-26APR280530-30,910ac8ed-7ee5-47da-d557-20eac3e253a5,1777367778,0.35,20.0,no,"{""count_fp"":""20.00"",""created_time"":""2026-04-28T09:16:18.778183Z"",""no_price_dollars"":""0.6500"",""taker_side"":""no"",""ticker"":""KXBTC15M-26APR280530-30"",""trade_id"":""910ac8ed-7ee5-47da-d557-20eac3e253a5"",""yes_price_dollars"":""0.3500""}"
KXBTC15M-26APR280530-30,cf7cab51-a4a2-59f8-c37e-48733e353954,1777367778,0.35,7.29,no,"{""count_fp"":""7.29"",""created_time"":""2026-04-28T09:16:18.715154Z"",""no_price_dollars"":""0.6500"",""taker_side"":""no"",""ticker"":""KXBTC15M-26APR280530-30"",""trade_id"":""cf7cab51-a4a2-59f8-c37e-48733e353954"",""yes_price_dollars"":""0.3500""}"
KXBTC15M-26APR280530-30,45ee6310-9322-638c-d8ea-1b0a8fa13925,1777367778,0.36,10.49,yes,"{""count_fp"":""10.49"",""created_time"":""2026-04-28T09:16:18.580039Z"",""no_price_dollars"":""0.6400"",""taker_side"":""yes"",""ticker"":""KXBTC15M-26APR280530-30"",""trade_id"":""45ee6310-9322-638c-d8ea-1b0a8fa13925"",""yes_price_dollars"":""0.3600""}"
