ticker,trade_id,ts,yes_price,count,taker_side,raw_json
KXBTC15M-26APR272315-15,c1ae309f-7e1b-5a4e-04b6-60744cd42ac3,1777345201,0.5,114.0,no,"{""count_fp"":""114.00"",""created_time"":""2026-04-28T03:00:01.640432Z"",""no_price_dollars"":""0.5000"",""taker_side"":""no"",""ticker"":""KXBTC15M-26APR272315-15"",""trade_id"":""c1ae309f-7e1b-5a4e-04b6-60744cd42ac3"",""yes_price_dollars"":""0.5000""}"
KXBTC15M-26APR272315-15,b0a06611-f47b-497c-3d10-3004bc3df577,1777345201,0.5,1.0,no,"{""count_fp"":""1.00"",""created_time"":""2026-04-28T03:00:01.167876Z"",""no_price_dollars"":""0.5000"",""taker_side"":""no"",""ticker"":""KXBTC15M-26APR272315-15"",""trade_id"":""b0a06611-f47b-497c-3d10-3004bc3df577"",""yes_price_dollars"":""0.5000""}"
KXBTC15M-26APR272315-15,6ff76c9d-794a-412b-38fc-db60dc93100d,1777345201,0.53,10.0,no,"{""count_fp"":""10.00"",""created_time"":""2026-04-28T03:00:01.167876Z"",""no_price_dollars"":""0.4700"",""taker_side"":""no"",""ticker"":""KXBTC15M-26APR272315-15"",""trade_id"":""6ff76c9d-794a-412b-38fc-db60dc93100d"",""yes_price_dollars"":""0.5300""}"
KXBTC15M-26APR272315-15,53c50353-1f8d-433d-1a0b-8ceb0d80e45e,1777345201,0.5,10.0,no,"{""count_fp"":""10.00"",""created_time"":""2026-04-28T03:00:01.167876Z"",""no_price_dollars"":""0.5000"",""taker_side"":""no"",""ticker"":""KXBTC15M-26APR272315-15"",""trade_id"":""53c50353-1f8d-433d-1a0b-8ceb0d80e45e"",""yes_price_dollars"":""0.5000""}"
KXBTC15M-26APR272315-15,44e4b280-2ce4-43e7-1de6-0eeea123bc9b,1777345201,0.52,10.0,no,"{""count_fp"":""10.00"",""created_time"":""2026-04-28T03:00:01.167876Z"",""no_price_dollars"":""0.4800"",""taker_side"":""no"",""ticker"":""KXBTC15M-26APR272315-15"",""trade_id"":""44e4b280-2ce4-43e7-1de6-0eeea123bc9b"",""yes_price_dollars"":""0.5200""}"
KXBTC15M-26APR272315-15,f3a9c802-b015-7b4f-a7cf-bf0927ffbce8,1777345204,0.52,26.0,no,"{""count_fp"":""26.00"",""created_time"":""2026-04-28T03:00:04.573897Z"",""no_price_dollars"":""0.4800"",""taker_side"":""no"",""ticker"":""KXBTC15M-26APR272315-15"",""trade_id"":""f3a9c802-b015-7b4f-a7cf-bf0927ffbce8"",""yes_price_dollars"":""0.5200""}"
KXBTC15M-26APR272315-15,b76c0186-b51f-771e-826f-137863c9a042,1777345204,0.52,9.0,no,"{""count_fp"":""9.00"",""created_time"":""2026-04-28T03:00:04.573897Z"",""no_price_dollars"":""0.4800"",""taker_side"":""no"",""ticker"":""KXBTC15M-26APR272315-15"",""trade_id"":""b76c0186-b51f-771e-826f-137863c9a042"",""yes_price_dollars"":""0.5200""}"
KXBTC15M-26APR272315-15,a82fd070-5ebd-78c8-a5ae-950d43102ab5,1777345204,0.51,2.0,no,"{""count_fp"":""2.00"",""created_time"":""2026-04-28T03:00:04.573897Z"",""no_price_dollars"":""0.4900"",""taker_side"":""no"",""ticker"":""KXBTC15M-26APR272315-15"",""trade_id"":""a82fd070-5ebd-78c8-a5ae-950d43102ab5"",""yes_price_dollars"":""0.5100""}"
KXBTC15M-26APR272315-15,a63ab9e3-0209-7dbb-bce2-c5bc7ee7db5e,1777345204,0.52,4.0,no,"{""count_fp"":""4.00"",""created_time"":""2026-04-28T03:00:04.573897Z"",""no_price_dollars"":""0.4800"",""taker_side"":""no"",""ticker"":""KXBTC15M-26APR272315-15"",""trade_id"":""a63ab9e3-0209-7dbb-bce2-c5bc7ee7db5e"",""yes_price_dollars"":""0.5200""}"
KXBTC15M-26APR272315-15,9619140e-3e23-79f2-82cf-23abe84a0afb,1777345204,0.5,6.0,no,"{""count_fp"":""6.00"",""created_time"":""2026-04-28T03:00:04.573897Z"",""no_price_dollars"":""0.5000"",""taker_side"":""no"",""ticker"":""KXBTC15M-26APR272315-15"",""trade_id"":""9619140e-3e23-79f2-82cf-23abe84a0afb"",""yes_price_dollars"":""0.5000""}"
KXBTC15M-26APR272315-15,602efd61-9313-7e30-9aad-7413c82baddd,1777345204,0.52,3.0,no,"{""count_fp"":""3.00"",""created_time"":""2026-04-28T03:00:04.573897Z"",""no_price_dollars"":""0.4800"",""taker_side"":""no"",""ticker"":""KXBTC15M-26APR272315-15"",""trade_id"":""602efd61-9313-7e30-9aad-7413c82baddd"",""yes_price_dollars"":""0.5200""}"
KXBTC15M-26APR272315-15,002cf7b8-0af5-7101-bfa8-aed26f2dbf00,1777345204,0.52,3.0,no,"{""count_fp"":""3.00"",""created_time"":""2026-04-28T03:00:04.573897Z"",""no_price_dollars"":""0.4800"",""taker_side"":""no"",""ticker"":""KXBTC15M-26APR272315-15"",""trade_id"":""002cf7b8-0af5-7101-bfa8-aed26f2dbf00"",""yes_price_dollars"":""0.5200""}"
KXBTC15M-26APR272315-15,cf6ebf81-b897-6ece-dadf-d72c35e068f6,1777345204,0.53,47.0,yes,"{""count_fp"":""47.00"",""created_time"":""2026-04-28T03:00:04.541648Z"",""no_price_dollars"":""0.4700"",""taker_side"":""yes"",""ticker"":""KXBTC15M-26APR272315-15"",""trade_id"":""cf6ebf81-b897-6ece-dadf-d72c35e068f6"",""yes_price_dollars"":""0.5300""}"
KXBTC15M-26APR272315-15,3c0c3e2c-e892-68ce-fc1e-26f455d61932,1777345204,0.53,64.0,yes,"{""count_fp"":""64.00"",""created_time"":""2026-04-28T03:00:04.541648Z"",""no_price_dollars"":""0.4700"",""taker_side"":""yes"",""ticker"":""KXBTC15M-26APR272315-15"",""trade_id"":""3c0c3e2c-e892-68ce-fc1e-26f455d61932"",""yes_price_dollars"":""0.5300""}"
KXBTC15M-26APR272315-15,6130cfa7-30b7-497e-4133-333bd5ddbef2,1777345204,0.53,4.0,yes,"{""count_fp"":""4.00"",""created_time"":""2026-04-28T03:00:04.489914Z"",""no_price_dollars"":""0.4700"",""taker_side"":""yes"",""ticker"":""KXBTC15M-26APR272315-15"",""trade_id"":""6130cfa7-30b7-497e-4133-333bd5ddbef2"",""yes_price_dollars"":""0.5300""}"
KXBTC15M-26APR272315-15,6d84a90f-8a5b-41f1-22e9-b9e18482e6a9,1777345204,0.52,5.0,no,"{""count_fp"":""5.00"",""created_time"":""2026-04-28T03:00:04.404294Z"",""no_price_dollars"":""0.4800"",""taker_side"":""no"",""ticker"":""KXBTC15M-26APR272315-15"",""trade_id"":""6d84a90f-8a5b-41f1-22e9-b9e18482e6a9"",""yes_price_dollars"":""0.5200""}"
KXBTC15M-26APR272315-15,5d85e230-e905-483b-09ba-9b23d2125bf6,1777345204,0.52,1.0,no,"{""count_fp"":""1.00"",""created_time"":""2026-04-28T03:00:04.404294Z"",""no_price_dollars"":""0.4800"",""taker_side"":""no"",""ticker"":""KXBTC15M-26APR272315-15"",""trade_id"":""5d85e230-e905-483b-09ba-9b23d2125bf6"",""yes_price_dollars"":""0.5200""}"
KXBTC15M-26APR272315-15,c0f32036-aca2-4699-c456-959345659ce1,1777345204,0.54,7.97,yes,"{""count_fp"":""7.97"",""created_time"":""2026-04-28T03:00:04.359143Z"",""no_price_dollars"":""0.4600"",""taker_side"":""yes"",""ticker"":""KXBTC15M-26APR272315-15"",""trade_id"":""c0f32036-aca2-4699-c456-959345659ce1"",""yes_price_dollars"":""0.5400""}"
KXBTC15M-26APR272315-15,81a29ca5-9f18-471c-f808-53ea2ee33c9a,1777345204,0.54,1.0,yes,"{""count_fp"":""1.00"",""created_time"":""2026-04-28T03:00:04.359143Z"",""no_price_dollars"":""0.4600"",""taker_side"":""yes"",""ticker"":""KXBTC15M-26APR272315-15"",""trade_id"":""81a29ca5-9f18-471c-f808-53ea2ee33c9a"",""yes_price_dollars"":""0.5400""}"
KXBTC15M-26APR272315-15,592369a4-e9de-45ed-c961-3898051cf621,1777345205,0.5,3.58,yes,"{""count_fp"":""3.58"",""created_time"":""2026-04-28T03:00:05.913632Z"",""no_price_dollars"":""0.5000"",""taker_side"":""yes"",""ticker"":""KXBTC15M-26APR272315-15"",""trade_id"":""592369a4-e9de-45ed-c961-3898051cf621"",""yes_price_dollars"":""0.5000""}"
KXBTC15M-26APR272315-15,7a794891-4622-6921-92da-faed877624cf,1777345205,0.51,100.0,yes,"{""count_fp"":""100.00"",""created_time"":""2026-04-28T03:00:05.657771Z"",""no_price_dollars"":""0.4900"",""taker_side"":""yes"",""ticker"":""KXBTC15M-26APR272315-15"",""trade_id"":""7a794891-4622-6921-92da-faed877624cf"",""yes_price_dollars"":""0.5100""}"
KXBTC15M-26APR272315-15,66f0c942-bcbd-674a-9eb5-96a85aa3b215,1777345205,0.52,125.23,yes,"{""count_fp"":""125.23"",""created_time"":""2026-04-28T03:00:05.657771Z"",""no_price_dollars"":""0.4800"",""taker_side"":""yes"",""ticker"":""KXBTC15M-26APR272315-15"",""trade_id"":""66f0c942-bcbd-674a-9eb5-96a85aa3b215"",""yes_price_dollars"":""0.5200""}"
KXBTC15M-26APR272315-15,58d4ba40-682d-6351-a221-4d712373ff15,1777345205,0.51,119.0,yes,"{""count_fp"":""119.00"",""created_time"":""2026-04-28T03:00:05.657771Z"",""no_price_dollars"":""0.4900"",""taker_side"":""yes"",""ticker"":""KXBTC15M-26APR272315-15"",""trade_id"":""58d4ba40-682d-6351-a221-4d712373ff15"",""yes_price_dollars"":""0.5100""}"
KXBTC15M-26APR272315-15,c2982d0b-ebab-5cd8-57aa-eecbd511dfa0,1777345205,0.46,1.0,no,"{""count_fp"":""1.00"",""created_time"":""2026-04-28T03:00:05.558855Z"",""no_price_dollars"":""0.5400"",""taker_side"":""no"",""ticker"":""KXBTC15M-26APR272315-15"",""trade_id"":""c2982d0b-ebab-5cd8-57aa-eecbd511dfa0"",""yes_price_dollars"":""0.4600""}"
KXBTC15M-26APR272315-15,b0577749-4ef4-543e-6a2f-6e38c808464a,1777345205,0.47,10.0,no,"{""count_fp"":""10.00"",""created_time"":""2026-04-28T03:00:05.558855Z"",""no_price_dollars"":""0.5300"",""taker_side"":""no"",""ticker"":""KXBTC15M-26APR272315-15"",""trade_id"":""b0577749-4ef4-543e-6a2f-6e38c808464a"",""yes_price_dollars"":""0.4700""}"
KXBTC15M-26APR272315-15,86e735b2-e1f7-5f80-5760-a1faab96d6d9,1777345205,0.5,0.9,no,"{""count_fp"":""0.90"",""created_time"":""2026-04-28T03:00:05.558855Z"",""no_price_dollars"":""0.5000"",""taker_side"":""no"",""ticker"":""KXBTC15M-26APR272315-15"",""trade_id"":""86e735b2-e1f7-5f80-5760-a1faab96d6d9"",""yes_price_dollars"":""0.5000""}"
KXBTC15M-26APR272315-15,825087e8-1593-5262-6547-1c777c03dfb9,1777345205,0.46,1.0,no,"{""count_fp"":""1.00"",""created_time"":""2026-04-28T03:00:05.558855Z"",""no_price_dollars"":""0.5400"",""taker_side"":""no"",""ticker"":""KXBTC15M-26APR272315-15"",""trade_id"":""825087e8-1593-5262-6547-1c777c03dfb9"",""yes_price_dollars"":""0.4600""}"
KXBTC15M-26APR272315-15,44a88f7b-9875-5bc8-72f3-acc73b544f0a,1777345205,0.46,30.95,no,"{""count_fp"":""30.95"",""created_time"":""2026-04-28T03:00:05.558855Z"",""no_price_dollars"":""0.5400"",""taker_side"":""no"",""ticker"":""KXBTC15M-26APR272315-15"",""trade_id"":""44a88f7b-9875-5bc8-72f3-acc73b544f0a"",""yes_price_dollars"":""0.4600""}"
KXBTC15M-26APR272315-15,0ba3821b-dc83-5716-4ece-77548ec29fd5,1777345205,0.46,1.0,no,"{""count_fp"":""1.00"",""created_time"":""2026-04-28T03:00:05.558855Z"",""no_price_dollars"":""0.5400"",""taker_side"":""no"",""ticker"":""KXBTC15M-26APR272315-15"",""trade_id"":""0ba3821b-dc83-5716-4ece-77548ec29fd5"",""yes_price_dollars"":""0.4600""}"
KXBTC15M-26APR272315-15,f3722e1e-9733-542b-9589-361f4182a8c4,1777345205,0.5,23.32,yes,"{""count_fp"":""23.32"",""created_time"":""2026-04-28T03:00:05.165605Z"",""no_price_dollars"":""0.5000"",""taker_side"":""yes"",""ticker"":""KXBTC15M-26APR272315-15"",""trade_id"":""f3722e1e-9733-542b-9589-361f4182a8c4"",""yes_price_dollars"":""0.5000""}"
KXBTC15M-26APR272315-15,5da12b22-f15b-410f-a09e-07ea5d946f90,1777345205,0.51,6.0,yes,"{""count_fp"":""6.00"",""created_time"":""2026-04-28T03:00:05.025472Z"",""no_price_dollars"":""0.4900"",""taker_side"":""yes"",""ticker"":""KXBTC15M-26APR272315-15"",""trade_id"":""5da12b22-f15b-410f-a09e-07ea5d946f90"",""yes_price_dollars"":""0.5100""}"
KXBTC15M-26APR272315-15,684c4b57-40f6-4eb7-bdb5-f45adc0a75a7,1777345206,0.5,5.0,yes,"{""count_fp"":""5.00"",""created_time"":""2026-04-28T03:00:06.789115Z"",""no_price_dollars"":""0.5000"",""taker_side"":""yes"",""ticker"":""KXBTC15M-26APR272315-15"",""trade_id"":""684c4b57-40f6-4eb7-bdb5-f45adc0a75a7"",""yes_price_dollars"":""0.5000""}"
KXBTC15M-26APR272315-15,51a4122a-8146-4fb9-bd21-7a1b6776c68d,1777345206,0.5,11.17,yes,"{""count_fp"":""11.17"",""created_time"":""2026-04-28T03:00:06.789115Z"",""no_price_dollars"":""0.5000"",""taker_side"":""yes"",""ticker"":""KXBTC15M-26APR272315-15"",""trade_id"":""51a4122a-8146-4fb9-bd21-7a1b6776c68d"",""yes_price_dollars"":""0.5000""}"
KXBTC15M-26APR272315-15,01ee5657-12c3-485b-9ae9-f0ea157f8f40,1777345207,0.51,65.96,yes,"{""count_fp"":""65.96"",""created_time"":""2026-04-28T03:00:07.933892Z"",""no_price_dollars"":""0.4900"",""taker_side"":""yes"",""ticker"":""KXBTC15M-26APR272315-15"",""trade_id"":""01ee5657-12c3-485b-9ae9-f0ea157f8f40"",""yes_price_dollars"":""0.5100""}"
KXBTC15M-26APR272315-15,7e0cbd8f-4106-7632-72a8-c4ba52000de9,1777345207,0.51,1.0,yes,"{""count_fp"":""1.00"",""created_time"":""2026-04-28T03:00:07.847993Z"",""no_price_dollars"":""0.4900"",""taker_side"":""yes"",""ticker"":""KXBTC15M-26APR272315-15"",""trade_id"":""7e0cbd8f-4106-7632-72a8-c4ba52000de9"",""yes_price_dollars"":""0.5100""}"
KXBTC15M-26APR272315-15,ebfd3fc7-f43b-6d3a-0b31-d08ad3d8d2d4,1777345207,0.51,2.0,yes,"{""count_fp"":""2.00"",""created_time"":""2026-04-28T03:00:07.052644Z"",""no_price_dollars"":""0.4900"",""taker_side"":""yes"",""ticker"":""KXBTC15M-26APR272315-15"",""trade_id"":""ebfd3fc7-f43b-6d3a-0b31-d08ad3d8d2d4"",""yes_price_dollars"":""0.5100""}"
KXBTC15M-26APR272315-15,d785d34a-0a8c-6ea7-33fc-85cd0d4e80d7,1777345207,0.51,2.0,yes,"{""count_fp"":""2.00"",""created_time"":""2026-04-28T03:00:07.052644Z"",""no_price_dollars"":""0.4900"",""taker_side"":""yes"",""ticker"":""KXBTC15M-26APR272315-15"",""trade_id"":""d785d34a-0a8c-6ea7-33fc-85cd0d4e80d7"",""yes_price_dollars"":""0.5100""}"
KXBTC15M-26APR272315-15,78902ec8-a3d5-63a6-0b61-7d524afd3092,1777345207,0.51,10.0,yes,"{""count_fp"":""10.00"",""created_time"":""2026-04-28T03:00:07.052644Z"",""no_price_dollars"":""0.4900"",""taker_side"":""yes"",""ticker"":""KXBTC15M-26APR272315-15"",""trade_id"":""78902ec8-a3d5-63a6-0b61-7d524afd3092"",""yes_price_dollars"":""0.5100""}"
KXBTC15M-26APR272315-15,cf1a56e4-8ced-74d0-e4a8-723331819131,1777345208,0.51,24.0,yes,"{""count_fp"":""24.00"",""created_time"":""2026-04-28T03:00:08.870936Z"",""no_price_dollars"":""0.4900"",""taker_side"":""yes"",""ticker"":""KXBTC15M-26APR272315-15"",""trade_id"":""cf1a56e4-8ced-74d0-e4a8-723331819131"",""yes_price_dollars"":""0.5100""}"
KXBTC15M-26APR272315-15,9bcc48ab-ac9a-7972-db3f-ba94fc6b49dd,1777345208,0.51,63.57,yes,"{""count_fp"":""63.57"",""created_time"":""2026-04-28T03:00:08.870936Z"",""no_price_dollars"":""0.4900"",""taker_side"":""yes"",""ticker"":""KXBTC15M-26APR272315-15"",""trade_id"":""9bcc48ab-ac9a-7972-db3f-ba94fc6b49dd"",""yes_price_dollars"":""0.5100""}"
KXBTC15M-26APR272315-15,3c5cf00a-6026-7434-d822-fb6423cff832,1777345208,0.51,100.0,yes,"{""count_fp"":""100.00"",""created_time"":""2026-04-28T03:00:08.870936Z"",""no_price_dollars"":""0.4900"",""taker_side"":""yes"",""ticker"":""KXBTC15M-26APR272315-15"",""trade_id"":""3c5cf00a-6026-7434-d822-fb6423cff832"",""yes_price_dollars"":""0.5100""}"
KXBTC15M-26APR272315-15,0ec2336f-6257-7b50-c012-ce2e77efad22,1777345208,0.51,2.0,yes,"{""count_fp"":""2.00"",""created_time"":""2026-04-28T03:00:08.870936Z"",""no_price_dollars"":""0.4900"",""taker_side"":""yes"",""ticker"":""KXBTC15M-26APR272315-15"",""trade_id"":""0ec2336f-6257-7b50-c012-ce2e77efad22"",""yes_price_dollars"":""0.5100""}"
KXBTC15M-26APR272315-15,91573ff1-8537-7af7-6ca1-d4543e473a86,1777345208,0.5,9.13,no,"{""count_fp"":""9.13"",""created_time"":""2026-04-28T03:00:08.769749Z"",""no_price_dollars"":""0.5000"",""taker_side"":""no"",""ticker"":""KXBTC15M-26APR272315-15"",""trade_id"":""91573ff1-8537-7af7-6ca1-d4543e473a86"",""yes_price_dollars"":""0.5000""}"
KXBTC15M-26APR272315-15,2d88ab2e-5fed-7e38-8931-dc1b1fd595fe,1777345209,0.49,1.0,no,"{""count_fp"":""1.00"",""created_time"":""2026-04-28T03:00:09.867841Z"",""no_price_dollars"":""0.5100"",""taker_side"":""no"",""ticker"":""KXBTC15M-26APR272315-15"",""trade_id"":""2d88ab2e-5fed-7e38-8931-dc1b1fd595fe"",""yes_price_dollars"":""0.4900""}"
KXBTC15M-26APR272315-15,c9ef826c-35ca-543b-4644-eb9482f5983d,1777345209,0.51,100.0,yes,"{""count_fp"":""100.00"",""created_time"":""2026-04-28T03:00:09.828195Z"",""no_price_dollars"":""0.4900"",""taker_side"":""yes"",""ticker"":""KXBTC15M-26APR272315-15"",""trade_id"":""c9ef826c-35ca-543b-4644-eb9482f5983d"",""yes_price_dollars"":""0.5100""}"
KXBTC15M-26APR272315-15,c0eb5708-4e1e-5ba6-59c1-45bc22a18075,1777345209,0.51,400.0,yes,"{""count_fp"":""400.00"",""created_time"":""2026-04-28T03:00:09.828195Z"",""no_price_dollars"":""0.4900"",""taker_side"":""yes"",""ticker"":""KXBTC15M-26APR272315-15"",""trade_id"":""c0eb5708-4e1e-5ba6-59c1-45bc22a18075"",""yes_price_dollars"":""0.5100""}"
KXBTC15M-26APR272315-15,9c1f7ff0-ed74-517b-5965-e66576b59156,1777345209,0.52,200.0,yes,"{""count_fp"":""200.00"",""created_time"":""2026-04-28T03:00:09.828195Z"",""no_price_dollars"":""0.4800"",""taker_side"":""yes"",""ticker"":""KXBTC15M-26APR272315-15"",""trade_id"":""9c1f7ff0-ed74-517b-5965-e66576b59156"",""yes_price_dollars"":""0.5200""}"
KXBTC15M-26APR272315-15,8a8c5b87-bd1d-55a2-5e35-cab5187dbfb6,1777345209,0.52,2.0,yes,"{""count_fp"":""2.00"",""created_time"":""2026-04-28T03:00:09.828195Z"",""no_price_dollars"":""0.4800"",""taker_side"":""yes"",""ticker"":""KXBTC15M-26APR272315-15"",""trade_id"":""8a8c5b87-bd1d-55a2-5e35-cab5187dbfb6"",""yes_price_dollars"":""0.5200""}"
KXBTC15M-26APR272315-15,7949d0eb-3127-5d16-708f-6ef1645415c0,1777345209,0.52,10.0,yes,"{""count_fp"":""10.00"",""created_time"":""2026-04-28T03:00:09.828195Z"",""no_price_dollars"":""0.4800"",""taker_side"":""yes"",""ticker"":""KXBTC15M-26APR272315-15"",""trade_id"":""7949d0eb-3127-5d16-708f-6ef1645415c0"",""yes_price_dollars"":""0.5200""}"
KXBTC15M-26APR272315-15,6d759edd-b460-5b21-494d-e640e54bdbb4,1777345209,0.51,44.73,yes,"{""count_fp"":""44.73"",""created_time"":""2026-04-28T03:00:09.828195Z"",""no_price_dollars"":""0.4900"",""taker_side"":""yes"",""ticker"":""KXBTC15M-26APR272315-15"",""trade_id"":""6d759edd-b460-5b21-494d-e640e54bdbb4"",""yes_price_dollars"":""0.5100""}"
KXBTC15M-26APR272315-15,3416c6b9-06eb-521d-641b-df6bcbe4ee1c,1777345209,0.53,18.33,yes,"{""count_fp"":""18.33"",""created_time"":""2026-04-28T03:00:09.828195Z"",""no_price_dollars"":""0.4700"",""taker_side"":""yes"",""ticker"":""KXBTC15M-26APR272315-15"",""trade_id"":""3416c6b9-06eb-521d-641b-df6bcbe4ee1c"",""yes_price_dollars"":""0.5300""}"
KXBTC15M-26APR272315-15,2cff3d60-7f46-5305-4b65-8e687ada60c9,1777345209,0.51,119.0,yes,"{""count_fp"":""119.00"",""created_time"":""2026-04-28T03:00:09.828195Z"",""no_price_dollars"":""0.4900"",""taker_side"":""yes"",""ticker"":""KXBTC15M-26APR272315-15"",""trade_id"":""2cff3d60-7f46-5305-4b65-8e687ada60c9"",""yes_price_dollars"":""0.5100""}"
KXBTC15M-26APR272315-15,ee50ce59-0871-68cf-c207-05a64c8ad928,1777345209,0.51,2.0,yes,"{""count_fp"":""2.00"",""created_time"":""2026-04-28T03:00:09.791332Z"",""no_price_dollars"":""0.4900"",""taker_side"":""yes"",""ticker"":""KXBTC15M-26APR272315-15"",""trade_id"":""ee50ce59-0871-68cf-c207-05a64c8ad928"",""yes_price_dollars"":""0.5100""}"
KXBTC15M-26APR272315-15,6eccd55f-60e0-6f49-d4ef-4c5402f44788,1777345209,0.51,11.27,yes,"{""count_fp"":""11.27"",""created_time"":""2026-04-28T03:00:09.791332Z"",""no_price_dollars"":""0.4900"",""taker_side"":""yes"",""ticker"":""KXBTC15M-26APR272315-15"",""trade_id"":""6eccd55f-60e0-6f49-d4ef-4c5402f44788"",""yes_price_dollars"":""0.5100""}"
KXBTC15M-26APR272315-15,dfd39418-6715-6b74-7f80-e4e09f3e355e,1777345209,0.49,43.83,no,"{""count_fp"":""43.83"",""created_time"":""2026-04-28T03:00:09.501087Z"",""no_price_dollars"":""0.5100"",""taker_side"":""no"",""ticker"":""KXBTC15M-26APR272315-15"",""trade_id"":""dfd39418-6715-6b74-7f80-e4e09f3e355e"",""yes_price_dollars"":""0.4900""}"
KXBTC15M-26APR272315-15,d144e467-bc50-622e-6793-a088acbf7361,1777345209,0.5,25.0,no,"{""count_fp"":""25.00"",""created_time"":""2026-04-28T03:00:09.501087Z"",""no_price_dollars"":""0.5000"",""taker_side"":""no"",""ticker"":""KXBTC15M-26APR272315-15"",""trade_id"":""d144e467-bc50-622e-6793-a088acbf7361"",""yes_price_dollars"":""0.5000""}"
KXBTC15M-26APR272315-15,a96597a8-4395-6a8e-74f3-df42eeb31717,1777345209,0.5,1.3,no,"{""count_fp"":""1.30"",""created_time"":""2026-04-28T03:00:09.501087Z"",""no_price_dollars"":""0.5000"",""taker_side"":""no"",""ticker"":""KXBTC15M-26APR272315-15"",""trade_id"":""a96597a8-4395-6a8e-74f3-df42eeb31717"",""yes_price_dollars"":""0.5000""}"
KXBTC15M-26APR272315-15,95c89bb5-439b-63ff-514d-d2cf4ba8bd7e,1777345209,0.5,109.87,no,"{""count_fp"":""109.87"",""created_time"":""2026-04-28T03:00:09.501087Z"",""no_price_dollars"":""0.5000"",""taker_side"":""no"",""ticker"":""KXBTC15M-26APR272315-15"",""trade_id"":""95c89bb5-439b-63ff-514d-d2cf4ba8bd7e"",""yes_price_dollars"":""0.5000""}"
KXBTC15M-26APR272315-15,87003247-960e-6af6-42bd-4db43946cc88,1777345209,0.49,20.0,no,"{""count_fp"":""20.00"",""created_time"":""2026-04-28T03:00:09.501087Z"",""no_price_dollars"":""0.5100"",""taker_side"":""no"",""ticker"":""KXBTC15M-26APR272315-15"",""trade_id"":""87003247-960e-6af6-42bd-4db43946cc88"",""yes_price_dollars"":""0.4900""}"
KXBTC15M-26APR272315-15,dec44e65-921c-5836-a5df-9f6010b68532,1777345210,0.5,44.44,yes,"{""count_fp"":""44.44"",""created_time"":""2026-04-28T03:00:10.230323Z"",""no_price_dollars"":""0.5000"",""taker_side"":""yes"",""ticker"":""KXBTC15M-26APR272315-15"",""trade_id"":""dec44e65-921c-5836-a5df-9f6010b68532"",""yes_price_dollars"":""0.5000""}"
KXBTC15M-26APR272315-15,7b09347f-c948-5abf-e79c-d516bc3c2957,1777345211,0.49,1.0,no,"{""count_fp"":""1.00"",""created_time"":""2026-04-28T03:00:11.538428Z"",""no_price_dollars"":""0.5100"",""taker_side"":""no"",""ticker"":""KXBTC15M-26APR272315-15"",""trade_id"":""7b09347f-c948-5abf-e79c-d516bc3c2957"",""yes_price_dollars"":""0.4900""}"
KXBTC15M-26APR272315-15,f53f3077-48a3-65fa-1455-6695bca9c011,1777345211,0.5,1.0,yes,"{""count_fp"":""1.00"",""created_time"":""2026-04-28T03:00:11.520413Z"",""no_price_dollars"":""0.5000"",""taker_side"":""yes"",""ticker"":""KXBTC15M-26APR272315-15"",""trade_id"":""f53f3077-48a3-65fa-1455-6695bca9c011"",""yes_price_dollars"":""0.5000""}"
KXBTC15M-26APR272315-15,158d0c7b-3d93-742a-4ad2-4c2263fdd861,1777345211,0.5,1.0,yes,"{""count_fp"":""1.00"",""created_time"":""2026-04-28T03:00:11.414175Z"",""no_price_dollars"":""0.5000"",""taker_side"":""yes"",""ticker"":""KXBTC15M-26APR272315-15"",""trade_id"":""158d0c7b-3d93-742a-4ad2-4c2263fdd861"",""yes_price_dollars"":""0.5000""}"
KXBTC15M-26APR272315-15,fce416ee-e4a7-5b6d-3c9b-dc2a89fc0299,1777345211,0.5,27.0,yes,"{""count_fp"":""27.00"",""created_time"":""2026-04-28T03:00:11.382611Z"",""no_price_dollars"":""0.5000"",""taker_side"":""yes"",""ticker"":""KXBTC15M-26APR272315-15"",""trade_id"":""fce416ee-e4a7-5b6d-3c9b-dc2a89fc0299"",""yes_price_dollars"":""0.5000""}"
KXBTC15M-26APR272315-15,ad998e69-28ae-526a-3dc4-74f6f7a062eb,1777345211,0.5,3.0,yes,"{""count_fp"":""3.00"",""created_time"":""2026-04-28T03:00:11.382611Z"",""no_price_dollars"":""0.5000"",""taker_side"":""yes"",""ticker"":""KXBTC15M-26APR272315-15"",""trade_id"":""ad998e69-28ae-526a-3dc4-74f6f7a062eb"",""yes_price_dollars"":""0.5000""}"
KXBTC15M-26APR272315-15,67e388e1-01e3-591a-0a72-7c571db91c81,1777345211,0.5,18.3,yes,"{""count_fp"":""18.30"",""created_time"":""2026-04-28T03:00:11.382611Z"",""no_price_dollars"":""0.5000"",""taker_side"":""yes"",""ticker"":""KXBTC15M-26APR272315-15"",""trade_id"":""67e388e1-01e3-591a-0a72-7c571db91c81"",""yes_price_dollars"":""0.5000""}"
KXBTC15M-26APR272315-15,b9b5292b-cd4f-6d92-0ba9-a329917f2d71,1777345212,0.49,80.0,yes,"{""count_fp"":""80.00"",""created_time"":""2026-04-28T03:00:12.873501Z"",""no_price_dollars"":""0.5100"",""taker_side"":""yes"",""ticker"":""KXBTC15M-26APR272315-15"",""trade_id"":""b9b5292b-cd4f-6d92-0ba9-a329917f2d71"",""yes_price_dollars"":""0.4900""}"
KXBTC15M-26APR272315-15,a5117fe0-a48b-6fa5-3458-319bf9d6f8df,1777345212,0.47,20.0,yes,"{""count_fp"":""20.00"",""created_time"":""2026-04-28T03:00:12.873501Z"",""no_price_dollars"":""0.5300"",""taker_side"":""yes"",""ticker"":""KXBTC15M-26APR272315-15"",""trade_id"":""a5117fe0-a48b-6fa5-3458-319bf9d6f8df"",""yes_price_dollars"":""0.4700""}"
KXBTC15M-26APR272315-15,6afc97a3-3df5-5061-a873-38a4ce6e804f,1777345212,0.48,5.98,yes,"{""count_fp"":""5.98"",""created_time"":""2026-04-28T03:00:12.801033Z"",""no_price_dollars"":""0.5200"",""taker_side"":""yes"",""ticker"":""KXBTC15M-26APR272315-15"",""trade_id"":""6afc97a3-3df5-5061-a873-38a4ce6e804f"",""yes_price_dollars"":""0.4800""}"
KXBTC15M-26APR272315-15,12e4da5a-1b1c-586a-b17c-3f0a9b67dc51,1777345212,0.48,13.34,yes,"{""count_fp"":""13.34"",""created_time"":""2026-04-28T03:00:12.801033Z"",""no_price_dollars"":""0.5200"",""taker_side"":""yes"",""ticker"":""KXBTC15M-26APR272315-15"",""trade_id"":""12e4da5a-1b1c-586a-b17c-3f0a9b67dc51"",""yes_price_dollars"":""0.4800""}"
KXBTC15M-26APR272315-15,f629801f-37a5-5c14-e602-6a0596620e83,1777345212,0.47,3.0,yes,"{""count_fp"":""3.00"",""created_time"":""2026-04-28T03:00:12.800438Z"",""no_price_dollars"":""0.5300"",""taker_side"":""yes"",""ticker"":""KXBTC15M-26APR272315-15"",""trade_id"":""f629801f-37a5-5c14-e602-6a0596620e83"",""yes_price_dollars"":""0.4700""}"
KXBTC15M-26APR272315-15,ba8ea2e9-b2e8-598e-efe6-6293ee179ddd,1777345212,0.48,6.66,yes,"{""count_fp"":""6.66"",""created_time"":""2026-04-28T03:00:12.800438Z"",""no_price_dollars"":""0.5200"",""taker_side"":""yes"",""ticker"":""KXBTC15M-26APR272315-15"",""trade_id"":""ba8ea2e9-b2e8-598e-efe6-6293ee179ddd"",""yes_price_dollars"":""0.4800""}"
KXBTC15M-26APR272315-15,b52a39c1-063d-5315-0c4b-2b125806af09,1777345212,0.46,0.91,no,"{""count_fp"":""0.91"",""created_time"":""2026-04-28T03:00:12.647623Z"",""no_price_dollars"":""0.5400"",""taker_side"":""no"",""ticker"":""KXBTC15M-26APR272315-15"",""trade_id"":""b52a39c1-063d-5315-0c4b-2b125806af09"",""yes_price_dollars"":""0.4600""}"
KXBTC15M-26APR272315-15,643848c2-52b7-5de5-2f6b-10ccb4c9e4ef,1777345212,0.48,12.0,no,"{""count_fp"":""12.00"",""created_time"":""2026-04-28T03:00:12.647623Z"",""no_price_dollars"":""0.5200"",""taker_side"":""no"",""ticker"":""KXBTC15M-26APR272315-15"",""trade_id"":""643848c2-52b7-5de5-2f6b-10ccb4c9e4ef"",""yes_price_dollars"":""0.4800""}"
KXBTC15M-26APR272315-15,5befe209-8bd5-5b5c-2ac9-ce4634535b3a,1777345212,0.46,10.09,no,"{""count_fp"":""10.09"",""created_time"":""2026-04-28T03:00:12.647623Z"",""no_price_dollars"":""0.5400"",""taker_side"":""no"",""ticker"":""KXBTC15M-26APR272315-15"",""trade_id"":""5befe209-8bd5-5b5c-2ac9-ce4634535b3a"",""yes_price_dollars"":""0.4600""}"
KXBTC15M-26APR272315-15,db5f65d8-d03f-627a-6b06-4178942efc03,1777345212,0.48,0.04,no,"{""count_fp"":""0.04"",""created_time"":""2026-04-28T03:00:12.578986Z"",""no_price_dollars"":""0.5200"",""taker_side"":""no"",""ticker"":""KXBTC15M-26APR272315-15"",""trade_id"":""db5f65d8-d03f-627a-6b06-4178942efc03"",""yes_price_dollars"":""0.4800""}"
KXBTC15M-26APR272315-15,9f668597-5463-6d9d-554a-93c428f26166,1777345212,0.47,5.0,no,"{""count_fp"":""5.00"",""created_time"":""2026-04-28T03:00:12.578986Z"",""no_price_dollars"":""0.5300"",""taker_side"":""no"",""ticker"":""KXBTC15M-26APR272315-15"",""trade_id"":""9f668597-5463-6d9d-554a-93c428f26166"",""yes_price_dollars"":""0.4700""}"
KXBTC15M-26APR272315-15,74bd1773-039d-6917-7a3d-215c4958d86a,1777345212,0.47,56.0,no,"{""count_fp"":""56.00"",""created_time"":""2026-04-28T03:00:12.578986Z"",""no_price_dollars"":""0.5300"",""taker_side"":""no"",""ticker"":""KXBTC15M-26APR272315-15"",""trade_id"":""74bd1773-039d-6917-7a3d-215c4958d86a"",""yes_price_dollars"":""0.4700""}"
KXBTC15M-26APR272315-15,37850533-2791-6c64-54e3-4de105c40186,1777345212,0.46,78.96,no,"{""count_fp"":""78.96"",""created_time"":""2026-04-28T03:00:12.578986Z"",""no_price_dollars"":""0.5400"",""taker_side"":""no"",""ticker"":""KXBTC15M-26APR272315-15"",""trade_id"":""37850533-2791-6c64-54e3-4de105c40186"",""yes_price_dollars"":""0.4600""}"
KXBTC15M-26APR272315-15,2499bcc2-3e8a-625e-415c-ebd8062e4d24,1777345212,0.47,10.0,no,"{""count_fp"":""10.00"",""created_time"":""2026-04-28T03:00:12.578986Z"",""no_price_dollars"":""0.5300"",""taker_side"":""no"",""ticker"":""KXBTC15M-26APR272315-15"",""trade_id"":""2499bcc2-3e8a-625e-415c-ebd8062e4d24"",""yes_price_dollars"":""0.4700""}"
KXBTC15M-26APR272315-15,8bcc8bc5-0ecc-4381-166e-26a4d8ee1d86,1777345212,0.49,1.33,no,"{""count_fp"":""1.33"",""created_time"":""2026-04-28T03:00:12.545958Z"",""no_price_dollars"":""0.5100"",""taker_side"":""no"",""ticker"":""KXBTC15M-26APR272315-15"",""trade_id"":""8bcc8bc5-0ecc-4381-166e-26a4d8ee1d86"",""yes_price_dollars"":""0.4900""}"
KXBTC15M-26APR272315-15,3e009af8-2f5c-4d33-2257-f141e003700f,1777345212,0.49,89.57,no,"{""count_fp"":""89.57"",""created_time"":""2026-04-28T03:00:12.545958Z"",""no_price_dollars"":""0.5100"",""taker_side"":""no"",""ticker"":""KXBTC15M-26APR272315-15"",""trade_id"":""3e009af8-2f5c-4d33-2257-f141e003700f"",""yes_price_dollars"":""0.4900""}"
KXBTC15M-26APR272315-15,3b600ea0-a7db-450a-2d41-b0bbddd3f5a3,1777345212,0.48,49.1,no,"{""count_fp"":""49.10"",""created_time"":""2026-04-28T03:00:12.545958Z"",""no_price_dollars"":""0.5200"",""taker_side"":""no"",""ticker"":""KXBTC15M-26APR272315-15"",""trade_id"":""3b600ea0-a7db-450a-2d41-b0bbddd3f5a3"",""yes_price_dollars"":""0.4800""}"
KXBTC15M-26APR272315-15,3af6c22f-e7fc-4a1a-1516-f3f3ef55975a,1777345212,0.48,10.0,no,"{""count_fp"":""10.00"",""created_time"":""2026-04-28T03:00:12.545958Z"",""no_price_dollars"":""0.5200"",""taker_side"":""no"",""ticker"":""KXBTC15M-26APR272315-15"",""trade_id"":""3af6c22f-e7fc-4a1a-1516-f3f3ef55975a"",""yes_price_dollars"":""0.4800""}"
KXBTC15M-26APR272315-15,a9f7377a-26cc-70a7-281f-2f8eba4d4c6f,1777345212,0.49,28.43,no,"{""count_fp"":""28.43"",""created_time"":""2026-04-28T03:00:12.452797Z"",""no_price_dollars"":""0.5100"",""taker_side"":""no"",""ticker"":""KXBTC15M-26APR272315-15"",""trade_id"":""a9f7377a-26cc-70a7-281f-2f8eba4d4c6f"",""yes_price_dollars"":""0.4900""}"
KXBTC15M-26APR272315-15,e2bc5328-4676-5c28-4b0a-09aa4f1ce69d,1777345213,0.47,3.0,yes,"{""count_fp"":""3.00"",""created_time"":""2026-04-28T03:00:13.645707Z"",""no_price_dollars"":""0.5300"",""taker_side"":""yes"",""ticker"":""KXBTC15M-26APR272315-15"",""trade_id"":""e2bc5328-4676-5c28-4b0a-09aa4f1ce69d"",""yes_price_dollars"":""0.4700""}"
KXBTC15M-26APR272315-15,e355dc60-3f20-41a2-f437-59842c2ec323,1777345213,0.46,19.93,no,"{""count_fp"":""19.93"",""created_time"":""2026-04-28T03:00:13.080492Z"",""no_price_dollars"":""0.5400"",""taker_side"":""no"",""ticker"":""KXBTC15M-26APR272315-15"",""trade_id"":""e355dc60-3f20-41a2-f437-59842c2ec323"",""yes_price_dollars"":""0.4600""}"
KXBTC15M-26APR272315-15,1f01754a-5149-4689-c2af-3e3f3b793c71,1777345213,0.46,0.09,no,"{""count_fp"":""0.09"",""created_time"":""2026-04-28T03:00:13.080492Z"",""no_price_dollars"":""0.5400"",""taker_side"":""no"",""ticker"":""KXBTC15M-26APR272315-15"",""trade_id"":""1f01754a-5149-4689-c2af-3e3f3b793c71"",""yes_price_dollars"":""0.4600""}"
KXBTC15M-26APR272315-15,03b17ffb-2708-41f2-c4b0-97f9dc161048,1777345213,0.46,5.98,no,"{""count_fp"":""5.98"",""created_time"":""2026-04-28T03:00:13.080492Z"",""no_price_dollars"":""0.5400"",""taker_side"":""no"",""ticker"":""KXBTC15M-26APR272315-15"",""trade_id"":""03b17ffb-2708-41f2-c4b0-97f9dc161048"",""yes_price_dollars"":""0.4600""}"
KXBTC15M-26APR272315-15,8e341cf1-e5a7-4bb2-b862-3e8f29b98bdd,1777345214,0.47,20.51,yes,"{""count_fp"":""20.51"",""created_time"":""2026-04-28T03:00:14.807811Z"",""no_price_dollars"":""0.5300"",""taker_side"":""yes"",""ticker"":""KXBTC15M-26APR272315-15"",""trade_id"":""8e341cf1-e5a7-4bb2-b862-3e8f29b98bdd"",""yes_price_dollars"":""0.4700""}"
KXBTC15M-26APR272315-15,c4018c41-219b-449a-df18-c917563d74c9,1777345214,0.47,64.22,yes,"{""count_fp"":""64.22"",""created_time"":""2026-04-28T03:00:14.697917Z"",""no_price_dollars"":""0.5300"",""taker_side"":""yes"",""ticker"":""KXBTC15M-26APR272315-15"",""trade_id"":""c4018c41-219b-449a-df18-c917563d74c9"",""yes_price_dollars"":""0.4700""}"
KXBTC15M-26APR272315-15,b5ae6724-bd36-4a81-fb7d-9f1b52383b10,1777345214,0.47,7.58,yes,"{""count_fp"":""7.58"",""created_time"":""2026-04-28T03:00:14.697917Z"",""no_price_dollars"":""0.5300"",""taker_side"":""yes"",""ticker"":""KXBTC15M-26APR272315-15"",""trade_id"":""b5ae6724-bd36-4a81-fb7d-9f1b52383b10"",""yes_price_dollars"":""0.4700""}"
KXBTC15M-26APR272315-15,744050d7-b6e6-6e29-2e5a-56a5f2bb779c,1777345214,0.47,9.85,yes,"{""count_fp"":""9.85"",""created_time"":""2026-04-28T03:00:14.368188Z"",""no_price_dollars"":""0.5300"",""taker_side"":""yes"",""ticker"":""KXBTC15M-26APR272315-15"",""trade_id"":""744050d7-b6e6-6e29-2e5a-56a5f2bb779c"",""yes_price_dollars"":""0.4700""}"
KXBTC15M-26APR272315-15,8abf37c5-def6-6b5d-3351-50d0fcdbba58,1777345214,0.47,0.57,yes,"{""count_fp"":""0.57"",""created_time"":""2026-04-28T03:00:14.017076Z"",""no_price_dollars"":""0.5300"",""taker_side"":""yes"",""ticker"":""KXBTC15M-26APR272315-15"",""trade_id"":""8abf37c5-def6-6b5d-3351-50d0fcdbba58"",""yes_price_dollars"":""0.4700""}"
KXBTC15M-26APR272315-15,d47b2f43-2650-5fbc-570e-95924ac433a2,1777345215,0.45,5.18,no,"{""count_fp"":""5.18"",""created_time"":""2026-04-28T03:00:15.765965Z"",""no_price_dollars"":""0.5500"",""taker_side"":""no"",""ticker"":""KXBTC15M-26APR272315-15"",""trade_id"":""d47b2f43-2650-5fbc-570e-95924ac433a2"",""yes_price_dollars"":""0.4500""}"
KXBTC15M-26APR272315-15,68863f7e-28dc-6e4d-03b2-0fea14dd3639,1777345216,0.46,3.0,yes,"{""count_fp"":""3.00"",""created_time"":""2026-04-28T03:00:16.387239Z"",""no_price_dollars"":""0.5400"",""taker_side"":""yes"",""ticker"":""KXBTC15M-26APR272315-15"",""trade_id"":""68863f7e-28dc-6e4d-03b2-0fea14dd3639"",""yes_price_dollars"":""0.4600""}"
KXBTC15M-26APR272315-15,601c576c-52dc-6e78-0192-f9bd69a0d269,1777345216,0.46,29.53,yes,"{""count_fp"":""29.53"",""created_time"":""2026-04-28T03:00:16.387239Z"",""no_price_dollars"":""0.5400"",""taker_side"":""yes"",""ticker"":""KXBTC15M-26APR272315-15"",""trade_id"":""601c576c-52dc-6e78-0192-f9bd69a0d269"",""yes_price_dollars"":""0.4600""}"
KXBTC15M-26APR272315-15,37dcb4ae-30b5-40b4-1c3e-c1b8ce126f24,1777345217,0.48,10.0,no,"{""count_fp"":""10.00"",""created_time"":""2026-04-28T03:00:17.534456Z"",""no_price_dollars"":""0.5200"",""taker_side"":""no"",""ticker"":""KXBTC15M-26APR272315-15"",""trade_id"":""37dcb4ae-30b5-40b4-1c3e-c1b8ce126f24"",""yes_price_dollars"":""0.4800""}"
KXBTC15M-26APR272315-15,bc084ca3-455d-549c-59cd-ddf7e5ab58b9,1777345217,0.46,3.0,yes,"{""count_fp"":""3.00"",""created_time"":""2026-04-28T03:00:17.320899Z"",""no_price_dollars"":""0.5400"",""taker_side"":""yes"",""ticker"":""KXBTC15M-26APR272315-15"",""trade_id"":""bc084ca3-455d-549c-59cd-ddf7e5ab58b9"",""yes_price_dollars"":""0.4600""}"
KXBTC15M-26APR272315-15,2ad11437-4b3f-7300-6305-4374d5fb7d4b,1777345217,0.45,1.0,no,"{""count_fp"":""1.00"",""created_time"":""2026-04-28T03:00:17.290696Z"",""no_price_dollars"":""0.5500"",""taker_side"":""no"",""ticker"":""KXBTC15M-26APR272315-15"",""trade_id"":""2ad11437-4b3f-7300-6305-4374d5fb7d4b"",""yes_price_dollars"":""0.4500""}"
KXBTC15M-26APR272315-15,84a27dfe-8bb2-5132-2c3c-86befb1f5934,1777345218,0.49,11.0,no,"{""count_fp"":""11.00"",""created_time"":""2026-04-28T03:00:18.884632Z"",""no_price_dollars"":""0.5100"",""taker_side"":""no"",""ticker"":""KXBTC15M-26APR272315-15"",""trade_id"":""84a27dfe-8bb2-5132-2c3c-86befb1f5934"",""yes_price_dollars"":""0.4900""}"
KXBTC15M-26APR272315-15,97632342-76ba-45ad-8b90-bbe2021a14a1,1777345218,0.49,17.0,no,"{""count_fp"":""17.00"",""created_time"":""2026-04-28T03:00:18.470791Z"",""no_price_dollars"":""0.5100"",""taker_side"":""no"",""ticker"":""KXBTC15M-26APR272315-15"",""trade_id"":""97632342-76ba-45ad-8b90-bbe2021a14a1"",""yes_price_dollars"":""0.4900""}"
KXBTC15M-26APR272315-15,c6bbf55c-8512-5d7b-79a6-e251c5171c04,1777345218,0.5,18.0,yes,"{""count_fp"":""18.00"",""created_time"":""2026-04-28T03:00:18.197831Z"",""no_price_dollars"":""0.5000"",""taker_side"":""yes"",""ticker"":""KXBTC15M-26APR272315-15"",""trade_id"":""c6bbf55c-8512-5d7b-79a6-e251c5171c04"",""yes_price_dollars"":""0.5000""}"
KXBTC15M-26APR272315-15,9bb86cf6-33da-4c79-a142-2b31c383cbe5,1777345218,0.49,66.33,no,"{""count_fp"":""66.33"",""created_time"":""2026-04-28T03:00:18.156675Z"",""no_price_dollars"":""0.5100"",""taker_side"":""no"",""ticker"":""KXBTC15M-26APR272315-15"",""trade_id"":""9bb86cf6-33da-4c79-a142-2b31c383cbe5"",""yes_price_dollars"":""0.4900""}"
KXBTC15M-26APR272315-15,24064dcc-ee7e-72c7-3dda-2d9b8a88fa08,1777345219,0.5,19.32,yes,"{""count_fp"":""19.32"",""created_time"":""2026-04-28T03:00:19.988965Z"",""no_price_dollars"":""0.5000"",""taker_side"":""yes"",""ticker"":""KXBTC15M-26APR272315-15"",""trade_id"":""24064dcc-ee7e-72c7-3dda-2d9b8a88fa08"",""yes_price_dollars"":""0.5000""}"
KXBTC15M-26APR272315-15,c5e5fe3c-5bdd-7036-5aca-8740bbc6dd2d,1777345219,0.49,1.0,no,"{""count_fp"":""1.00"",""created_time"":""2026-04-28T03:00:19.853885Z"",""no_price_dollars"":""0.5100"",""taker_side"":""no"",""ticker"":""KXBTC15M-26APR272315-15"",""trade_id"":""c5e5fe3c-5bdd-7036-5aca-8740bbc6dd2d"",""yes_price_dollars"":""0.4900""}"
KXBTC15M-26APR272315-15,955388a7-5f41-7647-7a77-ea31e12ec856,1777345219,0.48,1.69,no,"{""count_fp"":""1.69"",""created_time"":""2026-04-28T03:00:19.853885Z"",""no_price_dollars"":""0.5200"",""taker_side"":""no"",""ticker"":""KXBTC15M-26APR272315-15"",""trade_id"":""955388a7-5f41-7647-7a77-ea31e12ec856"",""yes_price_dollars"":""0.4800""}"
KXBTC15M-26APR272315-15,22af8ebc-c4f9-7d9e-7d67-d35602e1a3da,1777345219,0.49,29.53,no,"{""count_fp"":""29.53"",""created_time"":""2026-04-28T03:00:19.853885Z"",""no_price_dollars"":""0.5100"",""taker_side"":""no"",""ticker"":""KXBTC15M-26APR272315-15"",""trade_id"":""22af8ebc-c4f9-7d9e-7d67-d35602e1a3da"",""yes_price_dollars"":""0.4900""}"
KXBTC15M-26APR272315-15,19f8a1cb-d763-61da-2b94-f16382320241,1777345220,0.49,9.66,yes,"{""count_fp"":""9.66"",""created_time"":""2026-04-28T03:00:20.748236Z"",""no_price_dollars"":""0.5100"",""taker_side"":""yes"",""ticker"":""KXBTC15M-26APR272315-15"",""trade_id"":""19f8a1cb-d763-61da-2b94-f16382320241"",""yes_price_dollars"":""0.4900""}"
KXBTC15M-26APR272315-15,d4d09301-6517-4f76-09ff-20688b34eb5d,1777345220,0.49,8.0,yes,"{""count_fp"":""8.00"",""created_time"":""2026-04-28T03:00:20.733663Z"",""no_price_dollars"":""0.5100"",""taker_side"":""yes"",""ticker"":""KXBTC15M-26APR272315-15"",""trade_id"":""d4d09301-6517-4f76-09ff-20688b34eb5d"",""yes_price_dollars"":""0.4900""}"
KXBTC15M-26APR272315-15,1292084f-bc23-4d26-e997-30a82f34b7f5,1777345220,0.49,0.23,yes,"{""count_fp"":""0.23"",""created_time"":""2026-04-28T03:00:20.621779Z"",""no_price_dollars"":""0.5100"",""taker_side"":""yes"",""ticker"":""KXBTC15M-26APR272315-15"",""trade_id"":""1292084f-bc23-4d26-e997-30a82f34b7f5"",""yes_price_dollars"":""0.4900""}"
KXBTC15M-26APR272315-15,48e416e9-cd76-5bd7-1a20-6d504520426f,1777345221,0.48,2.0,yes,"{""count_fp"":""2.00"",""created_time"":""2026-04-28T03:00:21.409144Z"",""no_price_dollars"":""0.5200"",""taker_side"":""yes"",""ticker"":""KXBTC15M-26APR272315-15"",""trade_id"":""48e416e9-cd76-5bd7-1a20-6d504520426f"",""yes_price_dollars"":""0.4800""}"
KXBTC15M-26APR272315-15,0f6f9731-e522-5be7-bb80-a28f07801c13,1777345221,0.48,2.0,yes,"{""count_fp"":""2.00"",""created_time"":""2026-04-28T03:00:21.405597Z"",""no_price_dollars"":""0.5200"",""taker_side"":""yes"",""ticker"":""KXBTC15M-26APR272315-15"",""trade_id"":""0f6f9731-e522-5be7-bb80-a28f07801c13"",""yes_price_dollars"":""0.4800""}"
KXBTC15M-26APR272315-15,daf9ddbe-7773-52f2-ae4b-33717725fe25,1777345221,0.49,0.86,yes,"{""count_fp"":""0.86"",""created_time"":""2026-04-28T03:00:21.284903Z"",""no_price_dollars"":""0.5100"",""taker_side"":""yes"",""ticker"":""KXBTC15M-26APR272315-15"",""trade_id"":""daf9ddbe-7773-52f2-ae4b-33717725fe25"",""yes_price_dollars"":""0.4900""}"
KXBTC15M-26APR272315-15,9731623d-c364-5510-a3ce-bed704be5d35,1777345221,0.48,4.3,yes,"{""count_fp"":""4.30"",""created_time"":""2026-04-28T03:00:21.143926Z"",""no_price_dollars"":""0.5200"",""taker_side"":""yes"",""ticker"":""KXBTC15M-26APR272315-15"",""trade_id"":""9731623d-c364-5510-a3ce-bed704be5d35"",""yes_price_dollars"":""0.4800""}"
KXBTC15M-26APR272315-15,7bfba22c-52a3-5322-afe9-b2cfab2284fd,1777345221,0.49,44.0,yes,"{""count_fp"":""44.00"",""created_time"":""2026-04-28T03:00:21.143926Z"",""no_price_dollars"":""0.5100"",""taker_side"":""yes"",""ticker"":""KXBTC15M-26APR272315-15"",""trade_id"":""7bfba22c-52a3-5322-afe9-b2cfab2284fd"",""yes_price_dollars"":""0.4900""}"
KXBTC15M-26APR272315-15,afc888d2-45fa-4683-c162-bb4d549e8a68,1777345221,0.48,30.0,no,"{""count_fp"":""30.00"",""created_time"":""2026-04-28T03:00:21.143566Z"",""no_price_dollars"":""0.5200"",""taker_side"":""no"",""ticker"":""KXBTC15M-26APR272315-15"",""trade_id"":""afc888d2-45fa-4683-c162-bb4d549e8a68"",""yes_price_dollars"":""0.4800""}"
KXBTC15M-26APR272315-15,a89e16d3-79e3-46c4-f590-e52f27ef9d2a,1777345221,0.48,98.35,no,"{""count_fp"":""98.35"",""created_time"":""2026-04-28T03:00:21.143566Z"",""no_price_dollars"":""0.5200"",""taker_side"":""no"",""ticker"":""KXBTC15M-26APR272315-15"",""trade_id"":""a89e16d3-79e3-46c4-f590-e52f27ef9d2a"",""yes_price_dollars"":""0.4800""}"
KXBTC15M-26APR272315-15,9bc9d31e-5f64-45bc-fd5a-aa7f12189e1f,1777345221,0.48,1.35,no,"{""count_fp"":""1.35"",""created_time"":""2026-04-28T03:00:21.143566Z"",""no_price_dollars"":""0.5200"",""taker_side"":""no"",""ticker"":""KXBTC15M-26APR272315-15"",""trade_id"":""9bc9d31e-5f64-45bc-fd5a-aa7f12189e1f"",""yes_price_dollars"":""0.4800""}"
KXBTC15M-26APR272315-15,f6f99d40-f19d-54d0-bf65-8177c92e1ca4,1777345221,0.48,12.0,no,"{""count_fp"":""12.00"",""created_time"":""2026-04-28T03:00:21.122865Z"",""no_price_dollars"":""0.5200"",""taker_side"":""no"",""ticker"":""KXBTC15M-26APR272315-15"",""trade_id"":""f6f99d40-f19d-54d0-bf65-8177c92e1ca4"",""yes_price_dollars"":""0.4800""}"
KXBTC15M-26APR272315-15,dcd7ea97-9ef9-5a23-8ec4-36c15c030bf6,1777345221,0.48,10.0,no,"{""count_fp"":""10.00"",""created_time"":""2026-04-28T03:00:21.122865Z"",""no_price_dollars"":""0.5200"",""taker_side"":""no"",""ticker"":""KXBTC15M-26APR272315-15"",""trade_id"":""dcd7ea97-9ef9-5a23-8ec4-36c15c030bf6"",""yes_price_dollars"":""0.4800""}"
KXBTC15M-26APR272315-15,1c88ec0a-745f-59f4-af16-fef560be6bd6,1777345221,0.48,1.65,no,"{""count_fp"":""1.65"",""created_time"":""2026-04-28T03:00:21.122865Z"",""no_price_dollars"":""0.5200"",""taker_side"":""no"",""ticker"":""KXBTC15M-26APR272315-15"",""trade_id"":""1c88ec0a-745f-59f4-af16-fef560be6bd6"",""yes_price_dollars"":""0.4800""}"
KXBTC15M-26APR272315-15,f8f27fa6-1e53-4246-9468-0e941bb87795,1777345221,0.49,966.18,yes,"{""count_fp"":""966.18"",""created_time"":""2026-04-28T03:00:21.106644Z"",""no_price_dollars"":""0.5100"",""taker_side"":""yes"",""ticker"":""KXBTC15M-26APR272315-15"",""trade_id"":""f8f27fa6-1e53-4246-9468-0e941bb87795"",""yes_price_dollars"":""0.4900""}"
KXBTC15M-26APR272315-15,614744e6-f3e8-662e-a33b-a0895563f997,1777345222,0.48,2.01,yes,"{""count_fp"":""2.01"",""created_time"":""2026-04-28T03:00:22.735917Z"",""no_price_dollars"":""0.5200"",""taker_side"":""yes"",""ticker"":""KXBTC15M-26APR272315-15"",""trade_id"":""614744e6-f3e8-662e-a33b-a0895563f997"",""yes_price_dollars"":""0.4800""}"
KXBTC15M-26APR272315-15,384e0e81-1d2a-6793-ad16-dacc6494677f,1777345222,0.48,5.87,yes,"{""count_fp"":""5.87"",""created_time"":""2026-04-28T03:00:22.735917Z"",""no_price_dollars"":""0.5200"",""taker_side"":""yes"",""ticker"":""KXBTC15M-26APR272315-15"",""trade_id"":""384e0e81-1d2a-6793-ad16-dacc6494677f"",""yes_price_dollars"":""0.4800""}"
KXBTC15M-26APR272315-15,d6cd4f63-c2ae-672f-064b-914dc337739b,1777345222,0.48,5.79,yes,"{""count_fp"":""5.79"",""created_time"":""2026-04-28T03:00:22.683823Z"",""no_price_dollars"":""0.5200"",""taker_side"":""yes"",""ticker"":""KXBTC15M-26APR272315-15"",""trade_id"":""d6cd4f63-c2ae-672f-064b-914dc337739b"",""yes_price_dollars"":""0.4800""}"
KXBTC15M-26APR272315-15,4cd12b43-a029-410d-7dc0-3e7ace4b0a69,1777345223,0.48,25.06,yes,"{""count_fp"":""25.06"",""created_time"":""2026-04-28T03:00:23.958666Z"",""no_price_dollars"":""0.5200"",""taker_side"":""yes"",""ticker"":""KXBTC15M-26APR272315-15"",""trade_id"":""4cd12b43-a029-410d-7dc0-3e7ace4b0a69"",""yes_price_dollars"":""0.4800""}"
KXBTC15M-26APR272315-15,249f8257-f89a-7349-fd6b-a8ee6e35a0a4,1777345223,0.47,12.0,no,"{""count_fp"":""12.00"",""created_time"":""2026-04-28T03:00:23.911234Z"",""no_price_dollars"":""0.5300"",""taker_side"":""no"",""ticker"":""KXBTC15M-26APR272315-15"",""trade_id"":""249f8257-f89a-7349-fd6b-a8ee6e35a0a4"",""yes_price_dollars"":""0.4700""}"
KXBTC15M-26APR272315-15,0b48bf44-f486-70a9-b5c3-a2a182b46868,1777345223,0.47,63.93,no,"{""count_fp"":""63.93"",""created_time"":""2026-04-28T03:00:23.848782Z"",""no_price_dollars"":""0.5300"",""taker_side"":""no"",""ticker"":""KXBTC15M-26APR272315-15"",""trade_id"":""0b48bf44-f486-70a9-b5c3-a2a182b46868"",""yes_price_dollars"":""0.4700""}"
KXBTC15M-26APR272315-15,51796f0a-562c-53e6-e70c-142f2e72dfbb,1777345223,0.48,1.98,yes,"{""count_fp"":""1.98"",""created_time"":""2026-04-28T03:00:23.779138Z"",""no_price_dollars"":""0.5200"",""taker_side"":""yes"",""ticker"":""KXBTC15M-26APR272315-15"",""trade_id"":""51796f0a-562c-53e6-e70c-142f2e72dfbb"",""yes_price_dollars"":""0.4800""}"
KXBTC15M-26APR272315-15,04034c4c-24f9-575d-f30f-372b7380c53d,1777345223,0.48,65.65,yes,"{""count_fp"":""65.65"",""created_time"":""2026-04-28T03:00:23.779138Z"",""no_price_dollars"":""0.5200"",""taker_side"":""yes"",""ticker"":""KXBTC15M-26APR272315-15"",""trade_id"":""04034c4c-24f9-575d-f30f-372b7380c53d"",""yes_price_dollars"":""0.4800""}"
KXBTC15M-26APR272315-15,a0368df5-7d98-7de6-a0ae-8981838ba85b,1777345223,0.48,14.0,yes,"{""count_fp"":""14.00"",""created_time"":""2026-04-28T03:00:23.757167Z"",""no_price_dollars"":""0.5200"",""taker_side"":""yes"",""ticker"":""KXBTC15M-26APR272315-15"",""trade_id"":""a0368df5-7d98-7de6-a0ae-8981838ba85b"",""yes_price_dollars"":""0.4800""}"
KXBTC15M-26APR272315-15,f976ee44-e132-5b71-d719-67de57471178,1777345223,0.47,19.74,no,"{""count_fp"":""19.74"",""created_time"":""2026-04-28T03:00:23.512418Z"",""no_price_dollars"":""0.5300"",""taker_side"":""no"",""ticker"":""KXBTC15M-26APR272315-15"",""trade_id"":""f976ee44-e132-5b71-d719-67de57471178"",""yes_price_dollars"":""0.4700""}"
KXBTC15M-26APR272315-15,8d5b3dc3-e305-5649-c8fd-be8d10b06086,1777345223,0.47,22.71,no,"{""count_fp"":""22.71"",""created_time"":""2026-04-28T03:00:23.512418Z"",""no_price_dollars"":""0.5300"",""taker_side"":""no"",""ticker"":""KXBTC15M-26APR272315-15"",""trade_id"":""8d5b3dc3-e305-5649-c8fd-be8d10b06086"",""yes_price_dollars"":""0.4700""}"
KXBTC15M-26APR272315-15,799160b2-cd29-5246-f343-9574358fc0a4,1777345223,0.47,1.38,no,"{""count_fp"":""1.38"",""created_time"":""2026-04-28T03:00:23.512418Z"",""no_price_dollars"":""0.5300"",""taker_side"":""no"",""ticker"":""KXBTC15M-26APR272315-15"",""trade_id"":""799160b2-cd29-5246-f343-9574358fc0a4"",""yes_price_dollars"":""0.4700""}"
KXBTC15M-26APR272315-15,9df7d28a-d4fd-49a9-f7d2-3496b0b89789,1777345224,0.48,231.16,yes,"{""count_fp"":""231.16"",""created_time"":""2026-04-28T03:00:24.886649Z"",""no_price_dollars"":""0.5200"",""taker_side"":""yes"",""ticker"":""KXBTC15M-26APR272315-15"",""trade_id"":""9df7d28a-d4fd-49a9-f7d2-3496b0b89789"",""yes_price_dollars"":""0.4800""}"
KXBTC15M-26APR272315-15,85b4da12-c64a-57e5-1a3c-28db6f0404a4,1777345224,0.47,36.53,no,"{""count_fp"":""36.53"",""created_time"":""2026-04-28T03:00:24.143718Z"",""no_price_dollars"":""0.5300"",""taker_side"":""no"",""ticker"":""KXBTC15M-26APR272315-15"",""trade_id"":""85b4da12-c64a-57e5-1a3c-28db6f0404a4"",""yes_price_dollars"":""0.4700""}"
KXBTC15M-26APR272315-15,f76b537d-990a-645a-1db0-eeb7783b1f26,1777345224,0.47,0.96,no,"{""count_fp"":""0.96"",""created_time"":""2026-04-28T03:00:24.093022Z"",""no_price_dollars"":""0.5300"",""taker_side"":""no"",""ticker"":""KXBTC15M-26APR272315-15"",""trade_id"":""f76b537d-990a-645a-1db0-eeb7783b1f26"",""yes_price_dollars"":""0.4700""}"
KXBTC15M-26APR272315-15,71a50041-f6e3-69e5-113e-bb74b1a6890a,1777345224,0.47,3.0,no,"{""count_fp"":""3.00"",""created_time"":""2026-04-28T03:00:24.093022Z"",""no_price_dollars"":""0.5300"",""taker_side"":""no"",""ticker"":""KXBTC15M-26APR272315-15"",""trade_id"":""71a50041-f6e3-69e5-113e-bb74b1a6890a"",""yes_price_dollars"":""0.4700""}"
KXBTC15M-26APR272315-15,6f4228ae-d88a-6b59-2647-1d2c5fba8b44,1777345224,0.47,65.45,no,"{""count_fp"":""65.45"",""created_time"":""2026-04-28T03:00:24.093022Z"",""no_price_dollars"":""0.5300"",""taker_side"":""no"",""ticker"":""KXBTC15M-26APR272315-15"",""trade_id"":""6f4228ae-d88a-6b59-2647-1d2c5fba8b44"",""yes_price_dollars"":""0.4700""}"
KXBTC15M-26APR272315-15,8aceefa2-599a-6cf5-3d48-49c6ee2c99bc,1777345224,0.47,9.0,no,"{""count_fp"":""9.00"",""created_time"":""2026-04-28T03:00:24.010271Z"",""no_price_dollars"":""0.5300"",""taker_side"":""no"",""ticker"":""KXBTC15M-26APR272315-15"",""trade_id"":""8aceefa2-599a-6cf5-3d48-49c6ee2c99bc"",""yes_price_dollars"":""0.4700""}"
KXBTC15M-26APR272315-15,8824d0f1-cfac-70d7-3738-c2486585abb7,1777345225,0.48,28.14,yes,"{""count_fp"":""28.14"",""created_time"":""2026-04-28T03:00:25.955281Z"",""no_price_dollars"":""0.5200"",""taker_side"":""yes"",""ticker"":""KXBTC15M-26APR272315-15"",""trade_id"":""8824d0f1-cfac-70d7-3738-c2486585abb7"",""yes_price_dollars"":""0.4800""}"
KXBTC15M-26APR272315-15,e720b8ee-0584-787b-7230-39725cc059af,1777345225,0.48,72.49,yes,"{""count_fp"":""72.49"",""created_time"":""2026-04-28T03:00:25.806013Z"",""no_price_dollars"":""0.5200"",""taker_side"":""yes"",""ticker"":""KXBTC15M-26APR272315-15"",""trade_id"":""e720b8ee-0584-787b-7230-39725cc059af"",""yes_price_dollars"":""0.4800""}"
KXBTC15M-26APR272315-15,5f5b663b-999d-7965-6a7c-374f0ad0a655,1777345225,0.48,1.88,yes,"{""count_fp"":""1.88"",""created_time"":""2026-04-28T03:00:25.806013Z"",""no_price_dollars"":""0.5200"",""taker_side"":""yes"",""ticker"":""KXBTC15M-26APR272315-15"",""trade_id"":""5f5b663b-999d-7965-6a7c-374f0ad0a655"",""yes_price_dollars"":""0.4800""}"
KXBTC15M-26APR272315-15,bd962028-8977-4bb2-421b-62a6c09f9548,1777345225,0.47,0.8,no,"{""count_fp"":""0.80"",""created_time"":""2026-04-28T03:00:25.695715Z"",""no_price_dollars"":""0.5300"",""taker_side"":""no"",""ticker"":""KXBTC15M-26APR272315-15"",""trade_id"":""bd962028-8977-4bb2-421b-62a6c09f9548"",""yes_price_dollars"":""0.4700""}"
KXBTC15M-26APR272315-15,0ca31973-7b20-4dee-5136-98fe315bae1a,1777345225,0.47,1.2,no,"{""count_fp"":""1.20"",""created_time"":""2026-04-28T03:00:25.695715Z"",""no_price_dollars"":""0.5300"",""taker_side"":""no"",""ticker"":""KXBTC15M-26APR272315-15"",""trade_id"":""0ca31973-7b20-4dee-5136-98fe315bae1a"",""yes_price_dollars"":""0.4700""}"
KXBTC15M-26APR272315-15,e95daafb-e7f7-4dc6-586d-bdab45340148,1777345225,0.47,0.37,no,"{""count_fp"":""0.37"",""created_time"":""2026-04-28T03:00:25.245887Z"",""no_price_dollars"":""0.5300"",""taker_side"":""no"",""ticker"":""KXBTC15M-26APR272315-15"",""trade_id"":""e95daafb-e7f7-4dc6-586d-bdab45340148"",""yes_price_dollars"":""0.4700""}"
KXBTC15M-26APR272315-15,77ecd9a4-e155-7cf9-85cf-19a778809f39,1777345225,0.48,100.5,yes,"{""count_fp"":""100.50"",""created_time"":""2026-04-28T03:00:25.082321Z"",""no_price_dollars"":""0.5200"",""taker_side"":""yes"",""ticker"":""KXBTC15M-26APR272315-15"",""trade_id"":""77ecd9a4-e155-7cf9-85cf-19a778809f39"",""yes_price_dollars"":""0.4800""}"
KXBTC15M-26APR272315-15,994d1265-df15-4935-e43d-f9dc9c641f91,1777345225,0.48,4.02,yes,"{""count_fp"":""4.02"",""created_time"":""2026-04-28T03:00:25.031374Z"",""no_price_dollars"":""0.5200"",""taker_side"":""yes"",""ticker"":""KXBTC15M-26APR272315-15"",""trade_id"":""994d1265-df15-4935-e43d-f9dc9c641f91"",""yes_price_dollars"":""0.4800""}"
KXBTC15M-26APR272315-15,7665a81d-b3b5-50f1-d747-65a167e102b6,1777345226,0.47,6.0,yes,"{""count_fp"":""6.00"",""created_time"":""2026-04-28T03:00:26.771152Z"",""no_price_dollars"":""0.5300"",""taker_side"":""yes"",""ticker"":""KXBTC15M-26APR272315-15"",""trade_id"":""7665a81d-b3b5-50f1-d747-65a167e102b6"",""yes_price_dollars"":""0.4700""}"
KXBTC15M-26APR272315-15,1aba0c6b-e1a5-7a81-f141-fe4e48f2f05a,1777345226,0.47,100.5,yes,"{""count_fp"":""100.50"",""created_time"":""2026-04-28T03:00:26.741532Z"",""no_price_dollars"":""0.5300"",""taker_side"":""yes"",""ticker"":""KXBTC15M-26APR272315-15"",""trade_id"":""1aba0c6b-e1a5-7a81-f141-fe4e48f2f05a"",""yes_price_dollars"":""0.4700""}"
KXBTC15M-26APR272315-15,faa4d37e-e873-4617-d5af-bc7a54acd448,1777345226,0.47,59.41,no,"{""count_fp"":""59.41"",""created_time"":""2026-04-28T03:00:26.536563Z"",""no_price_dollars"":""0.5300"",""taker_side"":""no"",""ticker"":""KXBTC15M-26APR272315-15"",""trade_id"":""faa4d37e-e873-4617-d5af-bc7a54acd448"",""yes_price_dollars"":""0.4700""}"
KXBTC15M-26APR272315-15,7a53888b-8700-4c0e-d112-bef7b10f2faa,1777345226,0.47,17.8,no,"{""count_fp"":""17.80"",""created_time"":""2026-04-28T03:00:26.536563Z"",""no_price_dollars"":""0.5300"",""taker_side"":""no"",""ticker"":""KXBTC15M-26APR272315-15"",""trade_id"":""7a53888b-8700-4c0e-d112-bef7b10f2faa"",""yes_price_dollars"":""0.4700""}"
KXBTC15M-26APR272315-15,57d152d8-3811-4666-ce11-8ac5468f5592,1777345226,0.47,0.96,no,"{""count_fp"":""0.96"",""created_time"":""2026-04-28T03:00:26.536563Z"",""no_price_dollars"":""0.5300"",""taker_side"":""no"",""ticker"":""KXBTC15M-26APR272315-15"",""trade_id"":""57d152d8-3811-4666-ce11-8ac5468f5592"",""yes_price_dollars"":""0.4700""}"
KXBTC15M-26APR272315-15,3be0ac5a-5f51-4176-db85-93a5e4a3c64f,1777345226,0.47,3.0,no,"{""count_fp"":""3.00"",""created_time"":""2026-04-28T03:00:26.536563Z"",""no_price_dollars"":""0.5300"",""taker_side"":""no"",""ticker"":""KXBTC15M-26APR272315-15"",""trade_id"":""3be0ac5a-5f51-4176-db85-93a5e4a3c64f"",""yes_price_dollars"":""0.4700""}"
KXBTC15M-26APR272315-15,c7369752-db84-7392-61f5-fa64b58858da,1777345226,0.47,5.0,no,"{""count_fp"":""5.00"",""created_time"":""2026-04-28T03:00:26.321535Z"",""no_price_dollars"":""0.5300"",""taker_side"":""no"",""ticker"":""KXBTC15M-26APR272315-15"",""trade_id"":""c7369752-db84-7392-61f5-fa64b58858da"",""yes_price_dollars"":""0.4700""}"
KXBTC15M-26APR272315-15,42a5bde6-8fe0-53db-46a9-594c3c6afa87,1777345226,0.48,20.1,yes,"{""count_fp"":""20.10"",""created_time"":""2026-04-28T03:00:26.143869Z"",""no_price_dollars"":""0.5200"",""taker_side"":""yes"",""ticker"":""KXBTC15M-26APR272315-15"",""trade_id"":""42a5bde6-8fe0-53db-46a9-594c3c6afa87"",""yes_price_dollars"":""0.4800""}"
KXBTC15M-26APR272315-15,96da8cf8-194c-512b-b391-05f847ec7d0f,1777345226,0.48,44.22,yes,"{""count_fp"":""44.22"",""created_time"":""2026-04-28T03:00:26.115038Z"",""no_price_dollars"":""0.5200"",""taker_side"":""yes"",""ticker"":""KXBTC15M-26APR272315-15"",""trade_id"":""96da8cf8-194c-512b-b391-05f847ec7d0f"",""yes_price_dollars"":""0.4800""}"
KXBTC15M-26APR272315-15,61d7c17d-4989-6978-00fd-2255f3391f29,1777345227,0.48,3.0,no,"{""count_fp"":""3.00"",""created_time"":""2026-04-28T03:00:27.492755Z"",""no_price_dollars"":""0.5200"",""taker_side"":""no"",""ticker"":""KXBTC15M-26APR272315-15"",""trade_id"":""61d7c17d-4989-6978-00fd-2255f3391f29"",""yes_price_dollars"":""0.4800""}"
KXBTC15M-26APR272315-15,f3baf185-1492-5476-47b6-13413be3ece7,1777345227,0.48,10.0,yes,"{""count_fp"":""10.00"",""created_time"":""2026-04-28T03:00:27.480085Z"",""no_price_dollars"":""0.5200"",""taker_side"":""yes"",""ticker"":""KXBTC15M-26APR272315-15"",""trade_id"":""f3baf185-1492-5476-47b6-13413be3ece7"",""yes_price_dollars"":""0.4800""}"
KXBTC15M-26APR272315-15,8d6a0bd9-9689-452d-0bb1-9117b36c8b06,1777345227,0.47,353.3,yes,"{""count_fp"":""353.30"",""created_time"":""2026-04-28T03:00:27.196514Z"",""no_price_dollars"":""0.5300"",""taker_side"":""yes"",""ticker"":""KXBTC15M-26APR272315-15"",""trade_id"":""8d6a0bd9-9689-452d-0bb1-9117b36c8b06"",""yes_price_dollars"":""0.4700""}"
KXBTC15M-26APR272315-15,24d7c538-e539-4de0-2489-2da3a4784175,1777345227,0.47,2.01,yes,"{""count_fp"":""2.01"",""created_time"":""2026-04-28T03:00:27.196514Z"",""no_price_dollars"":""0.5300"",""taker_side"":""yes"",""ticker"":""KXBTC15M-26APR272315-15"",""trade_id"":""24d7c538-e539-4de0-2489-2da3a4784175"",""yes_price_dollars"":""0.4700""}"
KXBTC15M-26APR272315-15,ad83d035-f45d-74c5-dc6c-fc1ff47ba0f6,1777345227,0.47,40.2,yes,"{""count_fp"":""40.20"",""created_time"":""2026-04-28T03:00:27.055874Z"",""no_price_dollars"":""0.5300"",""taker_side"":""yes"",""ticker"":""KXBTC15M-26APR272315-15"",""trade_id"":""ad83d035-f45d-74c5-dc6c-fc1ff47ba0f6"",""yes_price_dollars"":""0.4700""}"
KXBTC15M-26APR272315-15,51e76ff7-43a3-7efb-2169-7193726b76ac,1777345228,0.48,8.96,no,"{""count_fp"":""8.96"",""created_time"":""2026-04-28T03:00:28.553097Z"",""no_price_dollars"":""0.5200"",""taker_side"":""no"",""ticker"":""KXBTC15M-26APR272315-15"",""trade_id"":""51e76ff7-43a3-7efb-2169-7193726b76ac"",""yes_price_dollars"":""0.4800""}"
KXBTC15M-26APR272315-15,8a34f7c4-43aa-53e3-6017-400a5f24f3c5,1777345228,0.49,3.93,yes,"{""count_fp"":""3.93"",""created_time"":""2026-04-28T03:00:28.530577Z"",""no_price_dollars"":""0.5100"",""taker_side"":""yes"",""ticker"":""KXBTC15M-26APR272315-15"",""trade_id"":""8a34f7c4-43aa-53e3-6017-400a5f24f3c5"",""yes_price_dollars"":""0.4900""}"
KXBTC15M-26APR272315-15,247e7a12-8aff-7e7f-8bdf-1806cbe75b84,1777345228,0.48,33.85,no,"{""count_fp"":""33.85"",""created_time"":""2026-04-28T03:00:28.077684Z"",""no_price_dollars"":""0.5200"",""taker_side"":""no"",""ticker"":""KXBTC15M-26APR272315-15"",""trade_id"":""247e7a12-8aff-7e7f-8bdf-1806cbe75b84"",""yes_price_dollars"":""0.4800""}"
KXBTC15M-26APR272315-15,1d93d28d-ad19-7858-acbc-661840acc665,1777345228,0.48,11.0,no,"{""count_fp"":""11.00"",""created_time"":""2026-04-28T03:00:28.077684Z"",""no_price_dollars"":""0.5200"",""taker_side"":""no"",""ticker"":""KXBTC15M-26APR272315-15"",""trade_id"":""1d93d28d-ad19-7858-acbc-661840acc665"",""yes_price_dollars"":""0.4800""}"
KXBTC15M-26APR272315-15,78262403-295b-7fed-eaa3-94b23ba4aba7,1777345229,0.5,1.0,no,"{""count_fp"":""1.00"",""created_time"":""2026-04-28T03:00:29.730611Z"",""no_price_dollars"":""0.5000"",""taker_side"":""no"",""ticker"":""KXBTC15M-26APR272315-15"",""trade_id"":""78262403-295b-7fed-eaa3-94b23ba4aba7"",""yes_price_dollars"":""0.5000""}"
KXBTC15M-26APR272315-15,f8f62b80-f113-4e88-d99f-23a01318bdea,1777345229,0.52,0.93,yes,"{""count_fp"":""0.93"",""created_time"":""2026-04-28T03:00:29.682288Z"",""no_price_dollars"":""0.4800"",""taker_side"":""yes"",""ticker"":""KXBTC15M-26APR272315-15"",""trade_id"":""f8f62b80-f113-4e88-d99f-23a01318bdea"",""yes_price_dollars"":""0.5200""}"
KXBTC15M-26APR272315-15,c9aa5a86-acac-4584-eaeb-6a943900a707,1777345229,0.52,0.07,yes,"{""count_fp"":""0.07"",""created_time"":""2026-04-28T03:00:29.682288Z"",""no_price_dollars"":""0.4800"",""taker_side"":""yes"",""ticker"":""KXBTC15M-26APR272315-15"",""trade_id"":""c9aa5a86-acac-4584-eaeb-6a943900a707"",""yes_price_dollars"":""0.5200""}"
KXBTC15M-26APR272315-15,95ef94df-2a0a-5c3d-381e-93a26db6e650,1777345229,0.5,1.86,no,"{""count_fp"":""1.86"",""created_time"":""2026-04-28T03:00:29.590888Z"",""no_price_dollars"":""0.5000"",""taker_side"":""no"",""ticker"":""KXBTC15M-26APR272315-15"",""trade_id"":""95ef94df-2a0a-5c3d-381e-93a26db6e650"",""yes_price_dollars"":""0.5000""}"
KXBTC15M-26APR272315-15,d2ca3e2d-b830-6c06-6d27-c1885af683c4,1777345229,0.5,19.0,yes,"{""count_fp"":""19.00"",""created_time"":""2026-04-28T03:00:29.388612Z"",""no_price_dollars"":""0.5000"",""taker_side"":""yes"",""ticker"":""KXBTC15M-26APR272315-15"",""trade_id"":""d2ca3e2d-b830-6c06-6d27-c1885af683c4"",""yes_price_dollars"":""0.5000""}"
KXBTC15M-26APR272315-15,b6df0804-4012-6c70-7a50-d06ddbea43cc,1777345229,0.5,1.0,yes,"{""count_fp"":""1.00"",""created_time"":""2026-04-28T03:00:29.388612Z"",""no_price_dollars"":""0.5000"",""taker_side"":""yes"",""ticker"":""KXBTC15M-26APR272315-15"",""trade_id"":""b6df0804-4012-6c70-7a50-d06ddbea43cc"",""yes_price_dollars"":""0.5000""}"
KXBTC15M-26APR272315-15,473d99a1-57ec-6ab7-7073-b8c4f8d7e8d5,1777345229,0.51,20.0,yes,"{""count_fp"":""20.00"",""created_time"":""2026-04-28T03:00:29.388612Z"",""no_price_dollars"":""0.4900"",""taker_side"":""yes"",""ticker"":""KXBTC15M-26APR272315-15"",""trade_id"":""473d99a1-57ec-6ab7-7073-b8c4f8d7e8d5"",""yes_price_dollars"":""0.5100""}"
KXBTC15M-26APR272315-15,2a81a6c7-2738-6c20-70fe-7faa62653533,1777345229,0.52,9.93,yes,"{""count_fp"":""9.93"",""created_time"":""2026-04-28T03:00:29.388612Z"",""no_price_dollars"":""0.4800"",""taker_side"":""yes"",""ticker"":""KXBTC15M-26APR272315-15"",""trade_id"":""2a81a6c7-2738-6c20-70fe-7faa62653533"",""yes_price_dollars"":""0.5200""}"
KXBTC15M-26APR272315-15,0c8d495f-20ba-694b-6799-3d39f3e2188c,1777345229,0.5,42.45,yes,"{""count_fp"":""42.45"",""created_time"":""2026-04-28T03:00:29.388612Z"",""no_price_dollars"":""0.5000"",""taker_side"":""yes"",""ticker"":""KXBTC15M-26APR272315-15"",""trade_id"":""0c8d495f-20ba-694b-6799-3d39f3e2188c"",""yes_price_dollars"":""0.5000""}"
KXBTC15M-26APR272315-15,74b01a17-2a2b-777f-249c-17f28f2c1858,1777345229,0.49,12.78,no,"{""count_fp"":""12.78"",""created_time"":""2026-04-28T03:00:29.385934Z"",""no_price_dollars"":""0.5100"",""taker_side"":""no"",""ticker"":""KXBTC15M-26APR272315-15"",""trade_id"":""74b01a17-2a2b-777f-249c-17f28f2c1858"",""yes_price_dollars"":""0.4900""}"
KXBTC15M-26APR272315-15,af5096be-a716-42a5-1fd2-4fde5d2554f2,1777345229,0.49,16.0,no,"{""count_fp"":""16.00"",""created_time"":""2026-04-28T03:00:29.243815Z"",""no_price_dollars"":""0.5100"",""taker_side"":""no"",""ticker"":""KXBTC15M-26APR272315-15"",""trade_id"":""af5096be-a716-42a5-1fd2-4fde5d2554f2"",""yes_price_dollars"":""0.4900""}"
KXBTC15M-26APR272315-15,721e5688-0d63-4cc7-071a-99fc5b3525cc,1777345229,0.49,31.09,no,"{""count_fp"":""31.09"",""created_time"":""2026-04-28T03:00:29.243815Z"",""no_price_dollars"":""0.5100"",""taker_side"":""no"",""ticker"":""KXBTC15M-26APR272315-15"",""trade_id"":""721e5688-0d63-4cc7-071a-99fc5b3525cc"",""yes_price_dollars"":""0.4900""}"
KXBTC15M-26APR272315-15,cff27041-9abe-7cfa-41d2-6d133daded09,1777345229,0.49,3.0,no,"{""count_fp"":""3.00"",""created_time"":""2026-04-28T03:00:29.217264Z"",""no_price_dollars"":""0.5100"",""taker_side"":""no"",""ticker"":""KXBTC15M-26APR272315-15"",""trade_id"":""cff27041-9abe-7cfa-41d2-6d133daded09"",""yes_price_dollars"":""0.4900""}"
KXBTC15M-26APR272315-15,674b2f7b-e2ce-7139-408d-ed29570bab52,1777345229,0.49,3.0,no,"{""count_fp"":""3.00"",""created_time"":""2026-04-28T03:00:29.217264Z"",""no_price_dollars"":""0.5100"",""taker_side"":""no"",""ticker"":""KXBTC15M-26APR272315-15"",""trade_id"":""674b2f7b-e2ce-7139-408d-ed29570bab52"",""yes_price_dollars"":""0.4900""}"
KXBTC15M-26APR272315-15,e28d0ede-45a0-4a53-9971-fce223f892c9,1777345229,0.49,2.0,yes,"{""count_fp"":""2.00"",""created_time"":""2026-04-28T03:00:29.024142Z"",""no_price_dollars"":""0.5100"",""taker_side"":""yes"",""ticker"":""KXBTC15M-26APR272315-15"",""trade_id"":""e28d0ede-45a0-4a53-9971-fce223f892c9"",""yes_price_dollars"":""0.4900""}"
KXBTC15M-26APR272315-15,7f353be9-c252-43b3-b71a-7dfbf83e3ce8,1777345229,0.5,20.23,yes,"{""count_fp"":""20.23"",""created_time"":""2026-04-28T03:00:29.024142Z"",""no_price_dollars"":""0.5000"",""taker_side"":""yes"",""ticker"":""KXBTC15M-26APR272315-15"",""trade_id"":""7f353be9-c252-43b3-b71a-7dfbf83e3ce8"",""yes_price_dollars"":""0.5000""}"
KXBTC15M-26APR272315-15,07d98f2c-3332-4d83-9bb2-568cb5758c89,1777345229,0.49,1.07,yes,"{""count_fp"":""1.07"",""created_time"":""2026-04-28T03:00:29.024142Z"",""no_price_dollars"":""0.5100"",""taker_side"":""yes"",""ticker"":""KXBTC15M-26APR272315-15"",""trade_id"":""07d98f2c-3332-4d83-9bb2-568cb5758c89"",""yes_price_dollars"":""0.4900""}"
KXBTC15M-26APR272315-15,f6fc46d5-8df5-6b4d-9f49-d6f14bd5e5c4,1777345230,0.5,10.0,no,"{""count_fp"":""10.00"",""created_time"":""2026-04-28T03:00:30.876325Z"",""no_price_dollars"":""0.5000"",""taker_side"":""no"",""ticker"":""KXBTC15M-26APR272315-15"",""trade_id"":""f6fc46d5-8df5-6b4d-9f49-d6f14bd5e5c4"",""yes_price_dollars"":""0.5000""}"
KXBTC15M-26APR272315-15,e2c8214b-39cc-6a4a-b81a-2be72f8c7500,1777345230,0.5,1.3,no,"{""count_fp"":""1.30"",""created_time"":""2026-04-28T03:00:30.876325Z"",""no_price_dollars"":""0.5000"",""taker_side"":""no"",""ticker"":""KXBTC15M-26APR272315-15"",""trade_id"":""e2c8214b-39cc-6a4a-b81a-2be72f8c7500"",""yes_price_dollars"":""0.5000""}"
KXBTC15M-26APR272315-15,8d990e39-8c28-6e25-ae26-66e25bc75e41,1777345230,0.5,1.0,no,"{""count_fp"":""1.00"",""created_time"":""2026-04-28T03:00:30.876325Z"",""no_price_dollars"":""0.5000"",""taker_side"":""no"",""ticker"":""KXBTC15M-26APR272315-15"",""trade_id"":""8d990e39-8c28-6e25-ae26-66e25bc75e41"",""yes_price_dollars"":""0.5000""}"
KXBTC15M-26APR272315-15,65dc4db0-692a-62d8-a9a2-d3446de61f43,1777345230,0.5,9.29,no,"{""count_fp"":""9.29"",""created_time"":""2026-04-28T03:00:30.876325Z"",""no_price_dollars"":""0.5000"",""taker_side"":""no"",""ticker"":""KXBTC15M-26APR272315-15"",""trade_id"":""65dc4db0-692a-62d8-a9a2-d3446de61f43"",""yes_price_dollars"":""0.5000""}"
KXBTC15M-26APR272315-15,3c746db1-b51a-6a11-88a3-c9c126390258,1777345230,0.49,1.14,no,"{""count_fp"":""1.14"",""created_time"":""2026-04-28T03:00:30.876325Z"",""no_price_dollars"":""0.5100"",""taker_side"":""no"",""ticker"":""KXBTC15M-26APR272315-15"",""trade_id"":""3c746db1-b51a-6a11-88a3-c9c126390258"",""yes_price_dollars"":""0.4900""}"
KXBTC15M-26APR272315-15,099e4760-dff3-681c-9de3-0bb73b0e9798,1777345230,0.5,1.0,no,"{""count_fp"":""1.00"",""created_time"":""2026-04-28T03:00:30.876325Z"",""no_price_dollars"":""0.5000"",""taker_side"":""no"",""ticker"":""KXBTC15M-26APR272315-15"",""trade_id"":""099e4760-dff3-681c-9de3-0bb73b0e9798"",""yes_price_dollars"":""0.5000""}"
KXBTC15M-26APR272315-15,05283284-e9fa-646a-b0e4-4f08c4cf6458,1777345230,0.49,52.1,no,"{""count_fp"":""52.10"",""created_time"":""2026-04-28T03:00:30.876325Z"",""no_price_dollars"":""0.5100"",""taker_side"":""no"",""ticker"":""KXBTC15M-26APR272315-15"",""trade_id"":""05283284-e9fa-646a-b0e4-4f08c4cf6458"",""yes_price_dollars"":""0.4900""}"
KXBTC15M-26APR272315-15,cb9bb6b2-4282-6eb0-0e6b-ffc3b8298fa3,1777345230,0.5,14.88,no,"{""count_fp"":""14.88"",""created_time"":""2026-04-28T03:00:30.763853Z"",""no_price_dollars"":""0.5000"",""taker_side"":""no"",""ticker"":""KXBTC15M-26APR272315-15"",""trade_id"":""cb9bb6b2-4282-6eb0-0e6b-ffc3b8298fa3"",""yes_price_dollars"":""0.5000""}"
KXBTC15M-26APR272315-15,d7f176b0-c53a-40a4-9179-13f98762c50b,1777345230,0.5,2.0,no,"{""count_fp"":""2.00"",""created_time"":""2026-04-28T03:00:30.739856Z"",""no_price_dollars"":""0.5000"",""taker_side"":""no"",""ticker"":""KXBTC15M-26APR272315-15"",""trade_id"":""d7f176b0-c53a-40a4-9179-13f98762c50b"",""yes_price_dollars"":""0.5000""}"
KXBTC15M-26APR272315-15,d12c112e-59e2-4ad4-6328-245de076a487,1777345230,0.5,3.0,no,"{""count_fp"":""3.00"",""created_time"":""2026-04-28T03:00:30.681082Z"",""no_price_dollars"":""0.5000"",""taker_side"":""no"",""ticker"":""KXBTC15M-26APR272315-15"",""trade_id"":""d12c112e-59e2-4ad4-6328-245de076a487"",""yes_price_dollars"":""0.5000""}"
KXBTC15M-26APR272315-15,baf7934b-c6a2-6eec-9542-d864f883e653,1777345230,0.5,8.97,no,"{""count_fp"":""8.97"",""created_time"":""2026-04-28T03:00:30.623217Z"",""no_price_dollars"":""0.5000"",""taker_side"":""no"",""ticker"":""KXBTC15M-26APR272315-15"",""trade_id"":""baf7934b-c6a2-6eec-9542-d864f883e653"",""yes_price_dollars"":""0.5000""}"
KXBTC15M-26APR272315-15,f01ab117-0240-7763-56d7-016f4ed38827,1777345230,0.51,20.0,yes,"{""count_fp"":""20.00"",""created_time"":""2026-04-28T03:00:30.397345Z"",""no_price_dollars"":""0.4900"",""taker_side"":""yes"",""ticker"":""KXBTC15M-26APR272315-15"",""trade_id"":""f01ab117-0240-7763-56d7-016f4ed38827"",""yes_price_dollars"":""0.5100""}"
KXBTC15M-26APR272315-15,ffb11b0d-9292-6ea0-ac31-21648b9acb93,1777345230,0.5,16.0,no,"{""count_fp"":""16.00"",""created_time"":""2026-04-28T03:00:30.267847Z"",""no_price_dollars"":""0.5000"",""taker_side"":""no"",""ticker"":""KXBTC15M-26APR272315-15"",""trade_id"":""ffb11b0d-9292-6ea0-ac31-21648b9acb93"",""yes_price_dollars"":""0.5000""}"
KXBTC15M-26APR272315-15,92ff3c2d-32b3-784b-cbf8-27069d6ba9e0,1777345230,0.5,50.0,no,"{""count_fp"":""50.00"",""created_time"":""2026-04-28T03:00:30.183904Z"",""no_price_dollars"":""0.5000"",""taker_side"":""no"",""ticker"":""KXBTC15M-26APR272315-15"",""trade_id"":""92ff3c2d-32b3-784b-cbf8-27069d6ba9e0"",""yes_price_dollars"":""0.5000""}"
KXBTC15M-26APR272315-15,4eb7d77b-4a73-5217-5a6b-f3b11b8500fc,1777345230,0.5,4.65,no,"{""count_fp"":""4.65"",""created_time"":""2026-04-28T03:00:30.070992Z"",""no_price_dollars"":""0.5000"",""taker_side"":""no"",""ticker"":""KXBTC15M-26APR272315-15"",""trade_id"":""4eb7d77b-4a73-5217-5a6b-f3b11b8500fc"",""yes_price_dollars"":""0.5000""}"
KXBTC15M-26APR272315-15,12492eeb-6b44-69c7-e9a9-c4928d55c9cb,1777345231,0.51,1.0,yes,"{""count_fp"":""1.00"",""created_time"":""2026-04-28T03:00:31.735009Z"",""no_price_dollars"":""0.4900"",""taker_side"":""yes"",""ticker"":""KXBTC15M-26APR272315-15"",""trade_id"":""12492eeb-6b44-69c7-e9a9-c4928d55c9cb"",""yes_price_dollars"":""0.5100""}"
KXBTC15M-26APR272315-15,3350588c-8aa2-4556-5ccf-d9b7c852a684,1777345231,0.49,18.95,no,"{""count_fp"":""18.95"",""created_time"":""2026-04-28T03:00:31.552347Z"",""no_price_dollars"":""0.5100"",""taker_side"":""no"",""ticker"":""KXBTC15M-26APR272315-15"",""trade_id"":""3350588c-8aa2-4556-5ccf-d9b7c852a684"",""yes_price_dollars"":""0.4900""}"
KXBTC15M-26APR272315-15,9ce2e41e-af90-6133-f927-c453408549d3,1777345231,0.51,26.96,yes,"{""count_fp"":""26.96"",""created_time"":""2026-04-28T03:00:31.148162Z"",""no_price_dollars"":""0.4900"",""taker_side"":""yes"",""ticker"":""KXBTC15M-26APR272315-15"",""trade_id"":""9ce2e41e-af90-6133-f927-c453408549d3"",""yes_price_dollars"":""0.5100""}"
KXBTC15M-26APR272315-15,fbcd5117-6796-7864-cc88-07b0bbfd27ea,1777345232,0.49,3.0,no,"{""count_fp"":""3.00"",""created_time"":""2026-04-28T03:00:32.823215Z"",""no_price_dollars"":""0.5100"",""taker_side"":""no"",""ticker"":""KXBTC15M-26APR272315-15"",""trade_id"":""fbcd5117-6796-7864-cc88-07b0bbfd27ea"",""yes_price_dollars"":""0.4900""}"
KXBTC15M-26APR272315-15,a8219cde-a218-7647-ec79-3523b858a19b,1777345232,0.5,20.0,no,"{""count_fp"":""20.00"",""created_time"":""2026-04-28T03:00:32.823215Z"",""no_price_dollars"":""0.5000"",""taker_side"":""no"",""ticker"":""KXBTC15M-26APR272315-15"",""trade_id"":""a8219cde-a218-7647-ec79-3523b858a19b"",""yes_price_dollars"":""0.5000""}"
KXBTC15M-26APR272315-15,81c0c4ff-0022-72ab-f418-156dd164f8cd,1777345232,0.5,8.0,no,"{""count_fp"":""8.00"",""created_time"":""2026-04-28T03:00:32.823215Z"",""no_price_dollars"":""0.5000"",""taker_side"":""no"",""ticker"":""KXBTC15M-26APR272315-15"",""trade_id"":""81c0c4ff-0022-72ab-f418-156dd164f8cd"",""yes_price_dollars"":""0.5000""}"
KXBTC15M-26APR272315-15,58db535a-a227-7a37-f5f1-eaf9ee910738,1777345232,0.49,29.66,no,"{""count_fp"":""29.66"",""created_time"":""2026-04-28T03:00:32.823215Z"",""no_price_dollars"":""0.5100"",""taker_side"":""no"",""ticker"":""KXBTC15M-26APR272315-15"",""trade_id"":""58db535a-a227-7a37-f5f1-eaf9ee910738"",""yes_price_dollars"":""0.4900""}"
KXBTC15M-26APR272315-15,de930077-34ce-52be-ec5e-1c180a75c6ec,1777345232,0.49,21.64,no,"{""count_fp"":""21.64"",""created_time"":""2026-04-28T03:00:32.549294Z"",""no_price_dollars"":""0.5100"",""taker_side"":""no"",""ticker"":""KXBTC15M-26APR272315-15"",""trade_id"":""de930077-34ce-52be-ec5e-1c180a75c6ec"",""yes_price_dollars"":""0.4900""}"
KXBTC15M-26APR272315-15,daa3f68f-634c-5653-d58f-e5537eeb9706,1777345232,0.5,1.1,no,"{""count_fp"":""1.10"",""created_time"":""2026-04-28T03:00:32.549294Z"",""no_price_dollars"":""0.5000"",""taker_side"":""no"",""ticker"":""KXBTC15M-26APR272315-15"",""trade_id"":""daa3f68f-634c-5653-d58f-e5537eeb9706"",""yes_price_dollars"":""0.5000""}"
KXBTC15M-26APR272315-15,cb405c7d-f22c-6403-df86-f6c6d9051c37,1777345232,0.51,250.24,yes,"{""count_fp"":""250.24"",""created_time"":""2026-04-28T03:00:32.132596Z"",""no_price_dollars"":""0.4900"",""taker_side"":""yes"",""ticker"":""KXBTC15M-26APR272315-15"",""trade_id"":""cb405c7d-f22c-6403-df86-f6c6d9051c37"",""yes_price_dollars"":""0.5100""}"
KXBTC15M-26APR272315-15,97483e90-1a9c-4b20-de68-30df96d338cc,1777345233,0.51,3.0,yes,"{""count_fp"":""3.00"",""created_time"":""2026-04-28T03:00:33.887177Z"",""no_price_dollars"":""0.4900"",""taker_side"":""yes"",""ticker"":""KXBTC15M-26APR272315-15"",""trade_id"":""97483e90-1a9c-4b20-de68-30df96d338cc"",""yes_price_dollars"":""0.5100""}"
KXBTC15M-26APR272315-15,4bb75dc0-504a-4710-cf10-3648951ff412,1777345233,0.51,39.0,yes,"{""count_fp"":""39.00"",""created_time"":""2026-04-28T03:00:33.887177Z"",""no_price_dollars"":""0.4900"",""taker_side"":""yes"",""ticker"":""KXBTC15M-26APR272315-15"",""trade_id"":""4bb75dc0-504a-4710-cf10-3648951ff412"",""yes_price_dollars"":""0.5100""}"
KXBTC15M-26APR272315-15,0c20dc66-e127-459e-cbfd-6afd61e95029,1777345233,0.52,14.0,yes,"{""count_fp"":""14.00"",""created_time"":""2026-04-28T03:00:33.887177Z"",""no_price_dollars"":""0.4800"",""taker_side"":""yes"",""ticker"":""KXBTC15M-26APR272315-15"",""trade_id"":""0c20dc66-e127-459e-cbfd-6afd61e95029"",""yes_price_dollars"":""0.5200""}"
KXBTC15M-26APR272315-15,3e26ce7b-40ba-7ca6-2c63-7aaea91f19dc,1777345233,0.5,98.57,no,"{""count_fp"":""98.57"",""created_time"":""2026-04-28T03:00:33.808371Z"",""no_price_dollars"":""0.5000"",""taker_side"":""no"",""ticker"":""KXBTC15M-26APR272315-15"",""trade_id"":""3e26ce7b-40ba-7ca6-2c63-7aaea91f19dc"",""yes_price_dollars"":""0.5000""}"
KXBTC15M-26APR272315-15,5f866edc-7562-5fb0-6420-87234145b7e2,1777345233,0.51,1.0,yes,"{""count_fp"":""1.00"",""created_time"":""2026-04-28T03:00:33.733011Z"",""no_price_dollars"":""0.4900"",""taker_side"":""yes"",""ticker"":""KXBTC15M-26APR272315-15"",""trade_id"":""5f866edc-7562-5fb0-6420-87234145b7e2"",""yes_price_dollars"":""0.5100""}"
KXBTC15M-26APR272315-15,1996c10d-87cd-52f5-60b4-a8ec7237b542,1777345233,0.51,3.0,yes,"{""count_fp"":""3.00"",""created_time"":""2026-04-28T03:00:33.733011Z"",""no_price_dollars"":""0.4900"",""taker_side"":""yes"",""ticker"":""KXBTC15M-26APR272315-15"",""trade_id"":""1996c10d-87cd-52f5-60b4-a8ec7237b542"",""yes_price_dollars"":""0.5100""}"
KXBTC15M-26APR272315-15,e8d5622a-b81e-79e6-6e5d-74bd18e6f0a0,1777345233,0.5,1.0,no,"{""count_fp"":""1.00"",""created_time"":""2026-04-28T03:00:33.644306Z"",""no_price_dollars"":""0.5000"",""taker_side"":""no"",""ticker"":""KXBTC15M-26APR272315-15"",""trade_id"":""e8d5622a-b81e-79e6-6e5d-74bd18e6f0a0"",""yes_price_dollars"":""0.5000""}"
KXBTC15M-26APR272315-15,2e5dbaea-99e4-5551-a035-bdb97b81fc51,1777345233,0.51,3.0,yes,"{""count_fp"":""3.00"",""created_time"":""2026-04-28T03:00:33.155967Z"",""no_price_dollars"":""0.4900"",""taker_side"":""yes"",""ticker"":""KXBTC15M-26APR272315-15"",""trade_id"":""2e5dbaea-99e4-5551-a035-bdb97b81fc51"",""yes_price_dollars"":""0.5100""}"
KXBTC15M-26APR272315-15,1b19d342-7990-52a1-b63a-26b39157413f,1777345233,0.51,2.68,yes,"{""count_fp"":""2.68"",""created_time"":""2026-04-28T03:00:33.155967Z"",""no_price_dollars"":""0.4900"",""taker_side"":""yes"",""ticker"":""KXBTC15M-26APR272315-15"",""trade_id"":""1b19d342-7990-52a1-b63a-26b39157413f"",""yes_price_dollars"":""0.5100""}"
KXBTC15M-26APR272315-15,9f729932-99cf-5507-b997-cad5c43ba884,1777345234,0.49,0.6,no,"{""count_fp"":""0.60"",""created_time"":""2026-04-28T03:00:34.768079Z"",""no_price_dollars"":""0.5100"",""taker_side"":""no"",""ticker"":""KXBTC15M-26APR272315-15"",""trade_id"":""9f729932-99cf-5507-b997-cad5c43ba884"",""yes_price_dollars"":""0.4900""}"
KXBTC15M-26APR272315-15,bc32417b-550c-44a4-63f1-6de08985c950,1777345234,0.5,237.88,yes,"{""count_fp"":""237.88"",""created_time"":""2026-04-28T03:00:34.708575Z"",""no_price_dollars"":""0.5000"",""taker_side"":""yes"",""ticker"":""KXBTC15M-26APR272315-15"",""trade_id"":""bc32417b-550c-44a4-63f1-6de08985c950"",""yes_price_dollars"":""0.5000""}"
KXBTC15M-26APR272315-15,aeeae304-ea30-7fb4-8bac-a0a93a81130c,1777345234,0.5,15.16,yes,"{""count_fp"":""15.16"",""created_time"":""2026-04-28T03:00:34.632763Z"",""no_price_dollars"":""0.5000"",""taker_side"":""yes"",""ticker"":""KXBTC15M-26APR272315-15"",""trade_id"":""aeeae304-ea30-7fb4-8bac-a0a93a81130c"",""yes_price_dollars"":""0.5000""}"
KXBTC15M-26APR272315-15,6cfe04ed-cb17-480b-9d49-4196d0804f64,1777345234,0.49,0.18,no,"{""count_fp"":""0.18"",""created_time"":""2026-04-28T03:00:34.324152Z"",""no_price_dollars"":""0.5100"",""taker_side"":""no"",""ticker"":""KXBTC15M-26APR272315-15"",""trade_id"":""6cfe04ed-cb17-480b-9d49-4196d0804f64"",""yes_price_dollars"":""0.4900""}"
KXBTC15M-26APR272315-15,f67db653-7f58-63b0-f027-93b6dedb0478,1777345234,0.5,1.89,yes,"{""count_fp"":""1.89"",""created_time"":""2026-04-28T03:00:34.187951Z"",""no_price_dollars"":""0.5000"",""taker_side"":""yes"",""ticker"":""KXBTC15M-26APR272315-15"",""trade_id"":""f67db653-7f58-63b0-f027-93b6dedb0478"",""yes_price_dollars"":""0.5000""}"
KXBTC15M-26APR272315-15,b0867e06-b257-57b7-e3cb-2a565ec51448,1777345234,0.49,18.59,no,"{""count_fp"":""18.59"",""created_time"":""2026-04-28T03:00:34.121326Z"",""no_price_dollars"":""0.5100"",""taker_side"":""no"",""ticker"":""KXBTC15M-26APR272315-15"",""trade_id"":""b0867e06-b257-57b7-e3cb-2a565ec51448"",""yes_price_dollars"":""0.4900""}"
KXBTC15M-26APR272315-15,ed6f852f-639a-6262-e88e-eba11fd03648,1777345234,0.5,285.27,no,"{""count_fp"":""285.27"",""created_time"":""2026-04-28T03:00:34.090581Z"",""no_price_dollars"":""0.5000"",""taker_side"":""no"",""ticker"":""KXBTC15M-26APR272315-15"",""trade_id"":""ed6f852f-639a-6262-e88e-eba11fd03648"",""yes_price_dollars"":""0.5000""}"
KXBTC15M-26APR272315-15,900d619b-2312-64c6-f515-0d7d77105c6a,1777345234,0.5,30.0,no,"{""count_fp"":""30.00"",""created_time"":""2026-04-28T03:00:34.090581Z"",""no_price_dollars"":""0.5000"",""taker_side"":""no"",""ticker"":""KXBTC15M-26APR272315-15"",""trade_id"":""900d619b-2312-64c6-f515-0d7d77105c6a"",""yes_price_dollars"":""0.5000""}"
KXBTC15M-26APR272315-15,7f18f9d0-bd94-672a-f3ec-0eb45cdd9281,1777345234,0.5,3.0,no,"{""count_fp"":""3.00"",""created_time"":""2026-04-28T03:00:34.090581Z"",""no_price_dollars"":""0.5000"",""taker_side"":""no"",""ticker"":""KXBTC15M-26APR272315-15"",""trade_id"":""7f18f9d0-bd94-672a-f3ec-0eb45cdd9281"",""yes_price_dollars"":""0.5000""}"
KXBTC15M-26APR272315-15,4533d846-7556-6b9b-e8cd-33eaa02f5553,1777345234,0.5,20.0,no,"{""count_fp"":""20.00"",""created_time"":""2026-04-28T03:00:34.090581Z"",""no_price_dollars"":""0.5000"",""taker_side"":""no"",""ticker"":""KXBTC15M-26APR272315-15"",""trade_id"":""4533d846-7556-6b9b-e8cd-33eaa02f5553"",""yes_price_dollars"":""0.5000""}"
KXBTC15M-26APR272315-15,e0bf9965-167a-52f6-9a1c-cceaa46b43a4,1777345234,0.5,15.16,no,"{""count_fp"":""15.16"",""created_time"":""2026-04-28T03:00:34.083989Z"",""no_price_dollars"":""0.5000"",""taker_side"":""no"",""ticker"":""KXBTC15M-26APR272315-15"",""trade_id"":""e0bf9965-167a-52f6-9a1c-cceaa46b43a4"",""yes_price_dollars"":""0.5000""}"
KXBTC15M-26APR272315-15,9ee5a2c4-85a4-7294-7c2c-fa99d0ce9c04,1777345235,0.5,19.32,yes,"{""count_fp"":""19.32"",""created_time"":""2026-04-28T03:00:35.994504Z"",""no_price_dollars"":""0.5000"",""taker_side"":""yes"",""ticker"":""KXBTC15M-26APR272315-15"",""trade_id"":""9ee5a2c4-85a4-7294-7c2c-fa99d0ce9c04"",""yes_price_dollars"":""0.5000""}"
KXBTC15M-26APR272315-15,8ee9df00-fa3a-773e-e780-540d89215768,1777345235,0.49,3.79,no,"{""count_fp"":""3.79"",""created_time"":""2026-04-28T03:00:35.875993Z"",""no_price_dollars"":""0.5100"",""taker_side"":""no"",""ticker"":""KXBTC15M-26APR272315-15"",""trade_id"":""8ee9df00-fa3a-773e-e780-540d89215768"",""yes_price_dollars"":""0.4900""}"
KXBTC15M-26APR272315-15,511c58a8-5092-7aa2-fbb6-b1199eca653c,1777345235,0.49,1.0,no,"{""count_fp"":""1.00"",""created_time"":""2026-04-28T03:00:35.659818Z"",""no_price_dollars"":""0.5100"",""taker_side"":""no"",""ticker"":""KXBTC15M-26APR272315-15"",""trade_id"":""511c58a8-5092-7aa2-fbb6-b1199eca653c"",""yes_price_dollars"":""0.4900""}"
KXBTC15M-26APR272315-15,58394dde-d40e-6ef6-619c-b1473dcedcb0,1777345235,0.49,9.27,no,"{""count_fp"":""9.27"",""created_time"":""2026-04-28T03:00:35.287046Z"",""no_price_dollars"":""0.5100"",""taker_side"":""no"",""ticker"":""KXBTC15M-26APR272315-15"",""trade_id"":""58394dde-d40e-6ef6-619c-b1473dcedcb0"",""yes_price_dollars"":""0.4900""}"
KXBTC15M-26APR272315-15,c6de432c-66a8-628d-53ee-62a89d266bea,1777345235,0.49,19.21,no,"{""count_fp"":""19.21"",""created_time"":""2026-04-28T03:00:35.246446Z"",""no_price_dollars"":""0.5100"",""taker_side"":""no"",""ticker"":""KXBTC15M-26APR272315-15"",""trade_id"":""c6de432c-66a8-628d-53ee-62a89d266bea"",""yes_price_dollars"":""0.4900""}"
KXBTC15M-26APR272315-15,990d8ff4-239e-6606-57cc-6b079e77f0ac,1777345235,0.49,8.1,no,"{""count_fp"":""8.10"",""created_time"":""2026-04-28T03:00:35.246446Z"",""no_price_dollars"":""0.5100"",""taker_side"":""no"",""ticker"":""KXBTC15M-26APR272315-15"",""trade_id"":""990d8ff4-239e-6606-57cc-6b079e77f0ac"",""yes_price_dollars"":""0.4900""}"
KXBTC15M-26APR272315-15,052768dd-d0f9-640e-7ac3-cedc06113999,1777345235,0.49,1.12,no,"{""count_fp"":""1.12"",""created_time"":""2026-04-28T03:00:35.246446Z"",""no_price_dollars"":""0.5100"",""taker_side"":""no"",""ticker"":""KXBTC15M-26APR272315-15"",""trade_id"":""052768dd-d0f9-640e-7ac3-cedc06113999"",""yes_price_dollars"":""0.4900""}"
KXBTC15M-26APR272315-15,adfd7272-41a4-7dfc-68d0-c80ba5232b00,1777345235,0.5,7.58,yes,"{""count_fp"":""7.58"",""created_time"":""2026-04-28T03:00:35.233452Z"",""no_price_dollars"":""0.5000"",""taker_side"":""yes"",""ticker"":""KXBTC15M-26APR272315-15"",""trade_id"":""adfd7272-41a4-7dfc-68d0-c80ba5232b00"",""yes_price_dollars"":""0.5000""}"
KXBTC15M-26APR272315-15,a3349fe1-ce08-6947-673b-39e5b2f40784,1777345235,0.49,3.0,no,"{""count_fp"":""3.00"",""created_time"":""2026-04-28T03:00:35.026329Z"",""no_price_dollars"":""0.5100"",""taker_side"":""no"",""ticker"":""KXBTC15M-26APR272315-15"",""trade_id"":""a3349fe1-ce08-6947-673b-39e5b2f40784"",""yes_price_dollars"":""0.4900""}"
KXBTC15M-26APR272315-15,2b51c527-4838-68e5-7f75-4f70d1d21f92,1777345235,0.49,0.79,no,"{""count_fp"":""0.79"",""created_time"":""2026-04-28T03:00:35.026329Z"",""no_price_dollars"":""0.5100"",""taker_side"":""no"",""ticker"":""KXBTC15M-26APR272315-15"",""trade_id"":""2b51c527-4838-68e5-7f75-4f70d1d21f92"",""yes_price_dollars"":""0.4900""}"
KXBTC15M-26APR272315-15,aef85baf-3cff-79cf-74c1-dc77143ecd1c,1777345236,0.49,6.27,no,"{""count_fp"":""6.27"",""created_time"":""2026-04-28T03:00:36.799045Z"",""no_price_dollars"":""0.5100"",""taker_side"":""no"",""ticker"":""KXBTC15M-26APR272315-15"",""trade_id"":""aef85baf-3cff-79cf-74c1-dc77143ecd1c"",""yes_price_dollars"":""0.4900""}"
KXBTC15M-26APR272315-15,441285fb-ae2b-700a-5ee6-7b87297d45ca,1777345236,0.49,7.0,no,"{""count_fp"":""7.00"",""created_time"":""2026-04-28T03:00:36.799045Z"",""no_price_dollars"":""0.5100"",""taker_side"":""no"",""ticker"":""KXBTC15M-26APR272315-15"",""trade_id"":""441285fb-ae2b-700a-5ee6-7b87297d45ca"",""yes_price_dollars"":""0.4900""}"
KXBTC15M-26APR272315-15,83501c98-8bac-7edc-d81f-e29ace2dadd4,1777345236,0.5,28.98,yes,"{""count_fp"":""28.98"",""created_time"":""2026-04-28T03:00:36.502116Z"",""no_price_dollars"":""0.5000"",""taker_side"":""yes"",""ticker"":""KXBTC15M-26APR272315-15"",""trade_id"":""83501c98-8bac-7edc-d81f-e29ace2dadd4"",""yes_price_dollars"":""0.5000""}"
KXBTC15M-26APR272315-15,57f9a3f2-1244-4010-d7b5-2bba90c91840,1777345237,0.5,38.64,yes,"{""count_fp"":""38.64"",""created_time"":""2026-04-28T03:00:37.884064Z"",""no_price_dollars"":""0.5000"",""taker_side"":""yes"",""ticker"":""KXBTC15M-26APR272315-15"",""trade_id"":""57f9a3f2-1244-4010-d7b5-2bba90c91840"",""yes_price_dollars"":""0.5000""}"
KXBTC15M-26APR272315-15,abf2974e-78c3-7b23-101c-c86c368e5464,1777345237,0.49,1.0,no,"{""count_fp"":""1.00"",""created_time"":""2026-04-28T03:00:37.700737Z"",""no_price_dollars"":""0.5100"",""taker_side"":""no"",""ticker"":""KXBTC15M-26APR272315-15"",""trade_id"":""abf2974e-78c3-7b23-101c-c86c368e5464"",""yes_price_dollars"":""0.4900""}"
KXBTC15M-26APR272315-15,45c4fdf3-a79f-7ee3-c68d-71aef6c45e50,1777345237,0.49,2.27,no,"{""count_fp"":""2.27"",""created_time"":""2026-04-28T03:00:37.592852Z"",""no_price_dollars"":""0.5100"",""taker_side"":""no"",""ticker"":""KXBTC15M-26APR272315-15"",""trade_id"":""45c4fdf3-a79f-7ee3-c68d-71aef6c45e50"",""yes_price_dollars"":""0.4900""}"
KXBTC15M-26APR272315-15,61471dd9-a223-630b-a702-38376b3cf7cc,1777345237,0.49,18.95,no,"{""count_fp"":""18.95"",""created_time"":""2026-04-28T03:00:37.109859Z"",""no_price_dollars"":""0.5100"",""taker_side"":""no"",""ticker"":""KXBTC15M-26APR272315-15"",""trade_id"":""61471dd9-a223-630b-a702-38376b3cf7cc"",""yes_price_dollars"":""0.4900""}"
KXBTC15M-26APR272315-15,1bdbeb1a-ffac-59e0-7a63-0e301171397c,1777345238,0.5,5.0,yes,"{""count_fp"":""5.00"",""created_time"":""2026-04-28T03:00:38.558463Z"",""no_price_dollars"":""0.5000"",""taker_side"":""yes"",""ticker"":""KXBTC15M-26APR272315-15"",""trade_id"":""1bdbeb1a-ffac-59e0-7a63-0e301171397c"",""yes_price_dollars"":""0.5000""}"
KXBTC15M-26APR272315-15,556e1b90-ae40-7d80-9b3b-6c1c642f7174,1777345238,0.5,10.0,yes,"{""count_fp"":""10.00"",""created_time"":""2026-04-28T03:00:38.367005Z"",""no_price_dollars"":""0.5000"",""taker_side"":""yes"",""ticker"":""KXBTC15M-26APR272315-15"",""trade_id"":""556e1b90-ae40-7d80-9b3b-6c1c642f7174"",""yes_price_dollars"":""0.5000""}"
KXBTC15M-26APR272315-15,35879b95-6284-505c-756a-fade26c15cdc,1777345238,0.5,57.97,yes,"{""count_fp"":""57.97"",""created_time"":""2026-04-28T03:00:38.239959Z"",""no_price_dollars"":""0.5000"",""taker_side"":""yes"",""ticker"":""KXBTC15M-26APR272315-15"",""trade_id"":""35879b95-6284-505c-756a-fade26c15cdc"",""yes_price_dollars"":""0.5000""}"
KXBTC15M-26APR272315-15,6eed0b6e-b68d-6c1f-94f2-594b4b384b2e,1777345239,0.49,1.0,no,"{""count_fp"":""1.00"",""created_time"":""2026-04-28T03:00:39.685569Z"",""no_price_dollars"":""0.5100"",""taker_side"":""no"",""ticker"":""KXBTC15M-26APR272315-15"",""trade_id"":""6eed0b6e-b68d-6c1f-94f2-594b4b384b2e"",""yes_price_dollars"":""0.4900""}"
KXBTC15M-26APR272315-15,7bfe8b02-9767-6b9b-2fc7-47ce575299e1,1777345239,0.49,1.33,no,"{""count_fp"":""1.33"",""created_time"":""2026-04-28T03:00:39.448856Z"",""no_price_dollars"":""0.5100"",""taker_side"":""no"",""ticker"":""KXBTC15M-26APR272315-15"",""trade_id"":""7bfe8b02-9767-6b9b-2fc7-47ce575299e1"",""yes_price_dollars"":""0.4900""}"
KXBTC15M-26APR272315-15,15e3eb16-0691-6583-3e2f-4e8517c138fa,1777345239,0.49,9.78,no,"{""count_fp"":""9.78"",""created_time"":""2026-04-28T03:00:39.448856Z"",""no_price_dollars"":""0.5100"",""taker_side"":""no"",""ticker"":""KXBTC15M-26APR272315-15"",""trade_id"":""15e3eb16-0691-6583-3e2f-4e8517c138fa"",""yes_price_dollars"":""0.4900""}"
KXBTC15M-26APR272315-15,06c98b78-28ea-635b-2409-ab548804bd4d,1777345239,0.49,7.84,no,"{""count_fp"":""7.84"",""created_time"":""2026-04-28T03:00:39.448856Z"",""no_price_dollars"":""0.5100"",""taker_side"":""no"",""ticker"":""KXBTC15M-26APR272315-15"",""trade_id"":""06c98b78-28ea-635b-2409-ab548804bd4d"",""yes_price_dollars"":""0.4900""}"
KXBTC15M-26APR272315-15,c02c8735-f0d4-7778-fa80-d940b395ad0c,1777345239,0.5,10.0,yes,"{""count_fp"":""10.00"",""created_time"":""2026-04-28T03:00:39.316013Z"",""no_price_dollars"":""0.5000"",""taker_side"":""yes"",""ticker"":""KXBTC15M-26APR272315-15"",""trade_id"":""c02c8735-f0d4-7778-fa80-d940b395ad0c"",""yes_price_dollars"":""0.5000""}"
KXBTC15M-26APR272315-15,f929391a-4013-7a08-f202-84af60425b3f,1777345239,0.49,3.0,no,"{""count_fp"":""3.00"",""created_time"":""2026-04-28T03:00:39.208165Z"",""no_price_dollars"":""0.5100"",""taker_side"":""no"",""ticker"":""KXBTC15M-26APR272315-15"",""trade_id"":""f929391a-4013-7a08-f202-84af60425b3f"",""yes_price_dollars"":""0.4900""}"
KXBTC15M-26APR272315-15,0ad5f271-3f12-77bf-f00b-2dc0b2f35759,1777345239,0.49,12.16,no,"{""count_fp"":""12.16"",""created_time"":""2026-04-28T03:00:39.208165Z"",""no_price_dollars"":""0.5100"",""taker_side"":""no"",""ticker"":""KXBTC15M-26APR272315-15"",""trade_id"":""0ad5f271-3f12-77bf-f00b-2dc0b2f35759"",""yes_price_dollars"":""0.4900""}"
KXBTC15M-26APR272315-15,e8cb6085-e713-5887-1b2e-78f494ba55ec,1777345239,0.49,18.95,no,"{""count_fp"":""18.95"",""created_time"":""2026-04-28T03:00:39.003418Z"",""no_price_dollars"":""0.5100"",""taker_side"":""no"",""ticker"":""KXBTC15M-26APR272315-15"",""trade_id"":""e8cb6085-e713-5887-1b2e-78f494ba55ec"",""yes_price_dollars"":""0.4900""}"
KXBTC15M-26APR272315-15,6872d76e-8340-7c5e-4fde-5729ffcc7ec2,1777345240,0.49,18.95,no,"{""count_fp"":""18.95"",""created_time"":""2026-04-28T03:00:40.918038Z"",""no_price_dollars"":""0.5100"",""taker_side"":""no"",""ticker"":""KXBTC15M-26APR272315-15"",""trade_id"":""6872d76e-8340-7c5e-4fde-5729ffcc7ec2"",""yes_price_dollars"":""0.4900""}"
KXBTC15M-26APR272315-15,e84a93e6-cb8f-4a0d-5360-fed4a1534112,1777345240,0.49,0.92,no,"{""count_fp"":""0.92"",""created_time"":""2026-04-28T03:00:40.844803Z"",""no_price_dollars"":""0.5100"",""taker_side"":""no"",""ticker"":""KXBTC15M-26APR272315-15"",""trade_id"":""e84a93e6-cb8f-4a0d-5360-fed4a1534112"",""yes_price_dollars"":""0.4900""}"
KXBTC15M-26APR272315-15,e089d013-499e-4de4-4789-c1a70d0e1b36,1777345240,0.49,7.84,no,"{""count_fp"":""7.84"",""created_time"":""2026-04-28T03:00:40.844803Z"",""no_price_dollars"":""0.5100"",""taker_side"":""no"",""ticker"":""KXBTC15M-26APR272315-15"",""trade_id"":""e089d013-499e-4de4-4789-c1a70d0e1b36"",""yes_price_dollars"":""0.4900""}"
KXBTC15M-26APR272315-15,c216a6bc-51eb-427f-6eca-b3e99148d037,1777345240,0.49,1.82,no,"{""count_fp"":""1.82"",""created_time"":""2026-04-28T03:00:40.844803Z"",""no_price_dollars"":""0.5100"",""taker_side"":""no"",""ticker"":""KXBTC15M-26APR272315-15"",""trade_id"":""c216a6bc-51eb-427f-6eca-b3e99148d037"",""yes_price_dollars"":""0.4900""}"
KXBTC15M-26APR272315-15,ae057525-357f-46b6-5d3d-74c1db78e48b,1777345240,0.49,12.16,no,"{""count_fp"":""12.16"",""created_time"":""2026-04-28T03:00:40.844803Z"",""no_price_dollars"":""0.5100"",""taker_side"":""no"",""ticker"":""KXBTC15M-26APR272315-15"",""trade_id"":""ae057525-357f-46b6-5d3d-74c1db78e48b"",""yes_price_dollars"":""0.4900""}"
KXBTC15M-26APR272315-15,b1fae7bb-4b0c-6448-3400-ecc9085f0b70,1777345240,0.5,7.72,yes,"{""count_fp"":""7.72"",""created_time"":""2026-04-28T03:00:40.418453Z"",""no_price_dollars"":""0.5000"",""taker_side"":""yes"",""ticker"":""KXBTC15M-26APR272315-15"",""trade_id"":""b1fae7bb-4b0c-6448-3400-ecc9085f0b70"",""yes_price_dollars"":""0.5000""}"
KXBTC15M-26APR272315-15,bf371ecf-166e-686e-a51d-ead368a1ae90,1777345240,0.49,13.27,no,"{""count_fp"":""13.27"",""created_time"":""2026-04-28T03:00:40.194404Z"",""no_price_dollars"":""0.5100"",""taker_side"":""no"",""ticker"":""KXBTC15M-26APR272315-15"",""trade_id"":""bf371ecf-166e-686e-a51d-ead368a1ae90"",""yes_price_dollars"":""0.4900""}"
KXBTC15M-26APR272315-15,7681170e-48c0-5d04-94aa-73cd0275f3d0,1777345240,0.5,167.28,yes,"{""count_fp"":""167.28"",""created_time"":""2026-04-28T03:00:40.096876Z"",""no_price_dollars"":""0.5000"",""taker_side"":""yes"",""ticker"":""KXBTC15M-26APR272315-15"",""trade_id"":""7681170e-48c0-5d04-94aa-73cd0275f3d0"",""yes_price_dollars"":""0.5000""}"
KXBTC15M-26APR272315-15,ed41f764-500d-6f57-343b-1d8fb8cf8416,1777345240,0.49,19.22,no,"{""count_fp"":""19.22"",""created_time"":""2026-04-28T03:00:40.078307Z"",""no_price_dollars"":""0.5100"",""taker_side"":""no"",""ticker"":""KXBTC15M-26APR272315-15"",""trade_id"":""ed41f764-500d-6f57-343b-1d8fb8cf8416"",""yes_price_dollars"":""0.4900""}"
KXBTC15M-26APR272315-15,acee1f0e-ee06-686e-2333-868ac15fe1c4,1777345240,0.49,15.69,no,"{""count_fp"":""15.69"",""created_time"":""2026-04-28T03:00:40.078307Z"",""no_price_dollars"":""0.5100"",""taker_side"":""no"",""ticker"":""KXBTC15M-26APR272315-15"",""trade_id"":""acee1f0e-ee06-686e-2333-868ac15fe1c4"",""yes_price_dollars"":""0.4900""}"
KXBTC15M-26APR272315-15,81430056-902c-6731-284c-2512cef2d15a,1777345240,0.49,3.0,no,"{""count_fp"":""3.00"",""created_time"":""2026-04-28T03:00:40.078307Z"",""no_price_dollars"":""0.5100"",""taker_side"":""no"",""ticker"":""KXBTC15M-26APR272315-15"",""trade_id"":""81430056-902c-6731-284c-2512cef2d15a"",""yes_price_dollars"":""0.4900""}"
KXBTC15M-26APR272315-15,39e64509-727c-6f6c-1354-d7bea713c753,1777345241,0.49,1.89,no,"{""count_fp"":""1.89"",""created_time"":""2026-04-28T03:00:41.778092Z"",""no_price_dollars"":""0.5100"",""taker_side"":""no"",""ticker"":""KXBTC15M-26APR272315-15"",""trade_id"":""39e64509-727c-6f6c-1354-d7bea713c753"",""yes_price_dollars"":""0.4900""}"
KXBTC15M-26APR272315-15,09281dce-ee00-4460-b0aa-5a79b459fbab,1777345241,0.49,1.0,no,"{""count_fp"":""1.00"",""created_time"":""2026-04-28T03:00:41.773178Z"",""no_price_dollars"":""0.5100"",""taker_side"":""no"",""ticker"":""KXBTC15M-26APR272315-15"",""trade_id"":""09281dce-ee00-4460-b0aa-5a79b459fbab"",""yes_price_dollars"":""0.4900""}"
KXBTC15M-26APR272315-15,febb7ee9-afc6-60aa-42c6-9a92ccbb8ecb,1777345241,0.49,1.33,no,"{""count_fp"":""1.33"",""created_time"":""2026-04-28T03:00:41.548605Z"",""no_price_dollars"":""0.5100"",""taker_side"":""no"",""ticker"":""KXBTC15M-26APR272315-15"",""trade_id"":""febb7ee9-afc6-60aa-42c6-9a92ccbb8ecb"",""yes_price_dollars"":""0.4900""}"
KXBTC15M-26APR272315-15,1d8580ab-2fe8-6b08-7154-28ebde4c1523,1777345241,0.49,14.02,no,"{""count_fp"":""14.02"",""created_time"":""2026-04-28T03:00:41.548605Z"",""no_price_dollars"":""0.5100"",""taker_side"":""no"",""ticker"":""KXBTC15M-26APR272315-15"",""trade_id"":""1d8580ab-2fe8-6b08-7154-28ebde4c1523"",""yes_price_dollars"":""0.4900""}"
KXBTC15M-26APR272315-15,340563bd-7318-4994-0507-ccb92e2db860,1777345242,0.5,48.3,yes,"{""count_fp"":""48.30"",""created_time"":""2026-04-28T03:00:42.942276Z"",""no_price_dollars"":""0.5000"",""taker_side"":""yes"",""ticker"":""KXBTC15M-26APR272315-15"",""trade_id"":""340563bd-7318-4994-0507-ccb92e2db860"",""yes_price_dollars"":""0.5000""}"
KXBTC15M-26APR272315-15,98801eea-f1a6-5ce6-83e6-7ec795dd15a4,1777345243,0.49,72.97,no,"{""count_fp"":""72.97"",""created_time"":""2026-04-28T03:00:43.900212Z"",""no_price_dollars"":""0.5100"",""taker_side"":""no"",""ticker"":""KXBTC15M-26APR272315-15"",""trade_id"":""98801eea-f1a6-5ce6-83e6-7ec795dd15a4"",""yes_price_dollars"":""0.4900""}"
KXBTC15M-26APR272315-15,a5cfbedd-7e3e-760a-2299-901740ed1f84,1777345243,0.49,46.28,no,"{""count_fp"":""46.28"",""created_time"":""2026-04-28T03:00:43.700199Z"",""no_price_dollars"":""0.5100"",""taker_side"":""no"",""ticker"":""KXBTC15M-26APR272315-15"",""trade_id"":""a5cfbedd-7e3e-760a-2299-901740ed1f84"",""yes_price_dollars"":""0.4900""}"
KXBTC15M-26APR272315-15,6913fad8-e1f8-76eb-2f13-e4ccd7f79574,1777345243,0.49,3.0,no,"{""count_fp"":""3.00"",""created_time"":""2026-04-28T03:00:43.700199Z"",""no_price_dollars"":""0.5100"",""taker_side"":""no"",""ticker"":""KXBTC15M-26APR272315-15"",""trade_id"":""6913fad8-e1f8-76eb-2f13-e4ccd7f79574"",""yes_price_dollars"":""0.4900""}"
KXBTC15M-26APR272315-15,db966149-e6f8-58e4-7441-5652d0c46324,1777345243,0.5,654.0,yes,"{""count_fp"":""654.00"",""created_time"":""2026-04-28T03:00:43.277797Z"",""no_price_dollars"":""0.5000"",""taker_side"":""yes"",""ticker"":""KXBTC15M-26APR272315-15"",""trade_id"":""db966149-e6f8-58e4-7441-5652d0c46324"",""yes_price_dollars"":""0.5000""}"
KXBTC15M-26APR272315-15,f0bdca1c-a7f4-5044-de71-8eda9a662804,1777345243,0.5,5.32,yes,"{""count_fp"":""5.32"",""created_time"":""2026-04-28T03:00:43.202429Z"",""no_price_dollars"":""0.5000"",""taker_side"":""yes"",""ticker"":""KXBTC15M-26APR272315-15"",""trade_id"":""f0bdca1c-a7f4-5044-de71-8eda9a662804"",""yes_price_dollars"":""0.5000""}"
KXBTC15M-26APR272315-15,c8533868-b2d0-6c04-a9e7-b734445b81c8,1777345244,0.5,2.0,yes,"{""count_fp"":""2.00"",""created_time"":""2026-04-28T03:00:44.998152Z"",""no_price_dollars"":""0.5000"",""taker_side"":""yes"",""ticker"":""KXBTC15M-26APR272315-15"",""trade_id"":""c8533868-b2d0-6c04-a9e7-b734445b81c8"",""yes_price_dollars"":""0.5000""}"
KXBTC15M-26APR272315-15,0987603d-7138-522c-a186-60f435253318,1777345244,0.5,2.0,yes,"{""count_fp"":""2.00"",""created_time"":""2026-04-28T03:00:44.959771Z"",""no_price_dollars"":""0.5000"",""taker_side"":""yes"",""ticker"":""KXBTC15M-26APR272315-15"",""trade_id"":""0987603d-7138-522c-a186-60f435253318"",""yes_price_dollars"":""0.5000""}"
KXBTC15M-26APR272315-15,e518d133-d0e8-7ce0-ac1b-f3f06a3ee3d4,1777345244,0.5,38.64,yes,"{""count_fp"":""38.64"",""created_time"":""2026-04-28T03:00:44.901135Z"",""no_price_dollars"":""0.5000"",""taker_side"":""yes"",""ticker"":""KXBTC15M-26APR272315-15"",""trade_id"":""e518d133-d0e8-7ce0-ac1b-f3f06a3ee3d4"",""yes_price_dollars"":""0.5000""}"
KXBTC15M-26APR272315-15,e30188bd-f37e-739e-01d6-94e189eb8314,1777345244,0.49,94.78,no,"{""count_fp"":""94.78"",""created_time"":""2026-04-28T03:00:44.774702Z"",""no_price_dollars"":""0.5100"",""taker_side"":""no"",""ticker"":""KXBTC15M-26APR272315-15"",""trade_id"":""e30188bd-f37e-739e-01d6-94e189eb8314"",""yes_price_dollars"":""0.4900""}"
KXBTC15M-26APR272315-15,b1987941-b302-71da-9436-467b5b033f4c,1777345244,0.49,15.16,no,"{""count_fp"":""15.16"",""created_time"":""2026-04-28T03:00:44.282764Z"",""no_price_dollars"":""0.5100"",""taker_side"":""no"",""ticker"":""KXBTC15M-26APR272315-15"",""trade_id"":""b1987941-b302-71da-9436-467b5b033f4c"",""yes_price_dollars"":""0.4900""}"
KXBTC15M-26APR272315-15,690975d5-7eca-463a-501c-716842021b38,1777345245,0.49,1.0,no,"{""count_fp"":""1.00"",""created_time"":""2026-04-28T03:00:45.738173Z"",""no_price_dollars"":""0.5100"",""taker_side"":""no"",""ticker"":""KXBTC15M-26APR272315-15"",""trade_id"":""690975d5-7eca-463a-501c-716842021b38"",""yes_price_dollars"":""0.4900""}"
KXBTC15M-26APR272315-15,285543bb-033c-77a4-d69d-9261b7b0d4b4,1777345246,0.5,46.37,yes,"{""count_fp"":""46.37"",""created_time"":""2026-04-28T03:00:46.997835Z"",""no_price_dollars"":""0.5000"",""taker_side"":""yes"",""ticker"":""KXBTC15M-26APR272315-15"",""trade_id"":""285543bb-033c-77a4-d69d-9261b7b0d4b4"",""yes_price_dollars"":""0.5000""}"
KXBTC15M-26APR272315-15,f3783036-7e02-5df6-a1b1-13564ae1e954,1777345246,0.49,10.0,no,"{""count_fp"":""10.00"",""created_time"":""2026-04-28T03:00:46.482741Z"",""no_price_dollars"":""0.5100"",""taker_side"":""no"",""ticker"":""KXBTC15M-26APR272315-15"",""trade_id"":""f3783036-7e02-5df6-a1b1-13564ae1e954"",""yes_price_dollars"":""0.4900""}"
KXBTC15M-26APR272315-15,98e382b5-0824-5b3c-7243-a7eacb0178e0,1777345246,0.5,48.3,yes,"{""count_fp"":""48.30"",""created_time"":""2026-04-28T03:00:46.396931Z"",""no_price_dollars"":""0.5000"",""taker_side"":""yes"",""ticker"":""KXBTC15M-26APR272315-15"",""trade_id"":""98e382b5-0824-5b3c-7243-a7eacb0178e0"",""yes_price_dollars"":""0.5000""}"
KXBTC15M-26APR272315-15,6ac0a5b7-9114-444c-dc9e-0aaad88a2624,1777345246,0.5,7.0,yes,"{""count_fp"":""7.00"",""created_time"":""2026-04-28T03:00:46.234699Z"",""no_price_dollars"":""0.5000"",""taker_side"":""yes"",""ticker"":""KXBTC15M-26APR272315-15"",""trade_id"":""6ac0a5b7-9114-444c-dc9e-0aaad88a2624"",""yes_price_dollars"":""0.5000""}"
KXBTC15M-26APR272315-15,d262a253-70e6-78da-1bdb-f85626ae7834,1777345246,0.49,3.79,no,"{""count_fp"":""3.79"",""created_time"":""2026-04-28T03:00:46.130759Z"",""no_price_dollars"":""0.5100"",""taker_side"":""no"",""ticker"":""KXBTC15M-26APR272315-15"",""trade_id"":""d262a253-70e6-78da-1bdb-f85626ae7834"",""yes_price_dollars"":""0.4900""}"
KXBTC15M-26APR272315-15,0cbe6521-903e-7492-453c-7d03b731b3e4,1777345247,0.49,1.89,no,"{""count_fp"":""1.89"",""created_time"":""2026-04-28T03:00:47.796402Z"",""no_price_dollars"":""0.5100"",""taker_side"":""no"",""ticker"":""KXBTC15M-26APR272315-15"",""trade_id"":""0cbe6521-903e-7492-453c-7d03b731b3e4"",""yes_price_dollars"":""0.4900""}"
KXBTC15M-26APR272315-15,ff8d839a-4ed6-576e-1363-d2411982c004,1777345247,0.49,1.0,no,"{""count_fp"":""1.00"",""created_time"":""2026-04-28T03:00:47.771384Z"",""no_price_dollars"":""0.5100"",""taker_side"":""no"",""ticker"":""KXBTC15M-26APR272315-15"",""trade_id"":""ff8d839a-4ed6-576e-1363-d2411982c004"",""yes_price_dollars"":""0.4900""}"
KXBTC15M-26APR272315-15,9daddead-3710-4cb8-ca3c-be8e61b5b59c,1777345247,0.5,1.58,yes,"{""count_fp"":""1.58"",""created_time"":""2026-04-28T03:00:47.561527Z"",""no_price_dollars"":""0.5000"",""taker_side"":""yes"",""ticker"":""KXBTC15M-26APR272315-15"",""trade_id"":""9daddead-3710-4cb8-ca3c-be8e61b5b59c"",""yes_price_dollars"":""0.5000""}"
