ticker,trade_id,ts,yes_price,count,taker_side,raw_json
KXBTC15M-26APR280400-00,d79e8deb-5c9f-54fa-1d48-5d453610b2fd,1777362301,0.52,42.0,no,"{""count_fp"":""42.00"",""created_time"":""2026-04-28T07:45:01.624008Z"",""no_price_dollars"":""0.4800"",""taker_side"":""no"",""ticker"":""KXBTC15M-26APR280400-00"",""trade_id"":""d79e8deb-5c9f-54fa-1d48-5d453610b2fd"",""yes_price_dollars"":""0.5200""}"
KXBTC15M-26APR280400-00,d226becf-d5ee-5ab0-1bb3-50a65ef40591,1777362301,0.5,1.0,no,"{""count_fp"":""1.00"",""created_time"":""2026-04-28T07:45:01.624008Z"",""no_price_dollars"":""0.5000"",""taker_side"":""no"",""ticker"":""KXBTC15M-26APR280400-00"",""trade_id"":""d226becf-d5ee-5ab0-1bb3-50a65ef40591"",""yes_price_dollars"":""0.5000""}"
KXBTC15M-26APR280400-00,52a647c8-1d27-5c95-0171-46c1dfe7f8e5,1777362301,0.52,11.0,no,"{""count_fp"":""11.00"",""created_time"":""2026-04-28T07:45:01.624008Z"",""no_price_dollars"":""0.4800"",""taker_side"":""no"",""ticker"":""KXBTC15M-26APR280400-00"",""trade_id"":""52a647c8-1d27-5c95-0171-46c1dfe7f8e5"",""yes_price_dollars"":""0.5200""}"
KXBTC15M-26APR280400-00,05e75ad8-2815-569c-2856-4fc2b6b81548,1777362301,0.5,10.0,no,"{""count_fp"":""10.00"",""created_time"":""2026-04-28T07:45:01.624008Z"",""no_price_dollars"":""0.5000"",""taker_side"":""no"",""ticker"":""KXBTC15M-26APR280400-00"",""trade_id"":""05e75ad8-2815-569c-2856-4fc2b6b81548"",""yes_price_dollars"":""0.5000""}"
KXBTC15M-26APR280400-00,7b4141a8-bdb7-4d8a-a516-441c8a6609c9,1777362301,0.52,12.0,no,"{""count_fp"":""12.00"",""created_time"":""2026-04-28T07:45:01.322083Z"",""no_price_dollars"":""0.4800"",""taker_side"":""no"",""ticker"":""KXBTC15M-26APR280400-00"",""trade_id"":""7b4141a8-bdb7-4d8a-a516-441c8a6609c9"",""yes_price_dollars"":""0.5200""}"
KXBTC15M-26APR280400-00,999850bf-c7b7-43d2-8981-ce568b37dce1,1777362301,0.52,2.0,no,"{""count_fp"":""2.00"",""created_time"":""2026-04-28T07:45:01.271403Z"",""no_price_dollars"":""0.4800"",""taker_side"":""no"",""ticker"":""KXBTC15M-26APR280400-00"",""trade_id"":""999850bf-c7b7-43d2-8981-ce568b37dce1"",""yes_price_dollars"":""0.5200""}"
KXBTC15M-26APR280400-00,3171e14d-8e6e-76fe-bc92-14a51969aa6e,1777362302,0.5,56.0,yes,"{""count_fp"":""56.00"",""created_time"":""2026-04-28T07:45:02.068121Z"",""no_price_dollars"":""0.5000"",""taker_side"":""yes"",""ticker"":""KXBTC15M-26APR280400-00"",""trade_id"":""3171e14d-8e6e-76fe-bc92-14a51969aa6e"",""yes_price_dollars"":""0.5000""}"
KXBTC15M-26APR280400-00,2110a209-f186-748d-9134-dd766b169cd6,1777362302,0.5,2.0,yes,"{""count_fp"":""2.00"",""created_time"":""2026-04-28T07:45:02.068121Z"",""no_price_dollars"":""0.5000"",""taker_side"":""yes"",""ticker"":""KXBTC15M-26APR280400-00"",""trade_id"":""2110a209-f186-748d-9134-dd766b169cd6"",""yes_price_dollars"":""0.5000""}"
KXBTC15M-26APR280400-00,e9775585-96ef-7316-7559-ce05abd6e0c0,1777362305,0.5,8.0,yes,"{""count_fp"":""8.00"",""created_time"":""2026-04-28T07:45:05.423615Z"",""no_price_dollars"":""0.5000"",""taker_side"":""yes"",""ticker"":""KXBTC15M-26APR280400-00"",""trade_id"":""e9775585-96ef-7316-7559-ce05abd6e0c0"",""yes_price_dollars"":""0.5000""}"
KXBTC15M-26APR280400-00,cd2f0bd5-e5f0-787b-68ad-91a8bfc4872a,1777362305,0.53,2.0,yes,"{""count_fp"":""2.00"",""created_time"":""2026-04-28T07:45:05.423615Z"",""no_price_dollars"":""0.4700"",""taker_side"":""yes"",""ticker"":""KXBTC15M-26APR280400-00"",""trade_id"":""cd2f0bd5-e5f0-787b-68ad-91a8bfc4872a"",""yes_price_dollars"":""0.5300""}"
KXBTC15M-26APR280400-00,a83711f3-ac9a-70e0-7ed8-915b0a3757fb,1777362305,0.5,0.14,yes,"{""count_fp"":""0.14"",""created_time"":""2026-04-28T07:45:05.423615Z"",""no_price_dollars"":""0.5000"",""taker_side"":""yes"",""ticker"":""KXBTC15M-26APR280400-00"",""trade_id"":""a83711f3-ac9a-70e0-7ed8-915b0a3757fb"",""yes_price_dollars"":""0.5000""}"
KXBTC15M-26APR280400-00,8c918da6-21e6-7d76-5858-442ad608b722,1777362305,0.5,4.0,yes,"{""count_fp"":""4.00"",""created_time"":""2026-04-28T07:45:05.423615Z"",""no_price_dollars"":""0.5000"",""taker_side"":""yes"",""ticker"":""KXBTC15M-26APR280400-00"",""trade_id"":""8c918da6-21e6-7d76-5858-442ad608b722"",""yes_price_dollars"":""0.5000""}"
KXBTC15M-26APR280400-00,834e72fd-abb5-7a2e-79e8-fc6c5acff44f,1777362305,0.53,2.04,yes,"{""count_fp"":""2.04"",""created_time"":""2026-04-28T07:45:05.423615Z"",""no_price_dollars"":""0.4700"",""taker_side"":""yes"",""ticker"":""KXBTC15M-26APR280400-00"",""trade_id"":""834e72fd-abb5-7a2e-79e8-fc6c5acff44f"",""yes_price_dollars"":""0.5300""}"
KXBTC15M-26APR280400-00,46713218-0856-7e31-7447-bca87dd6affb,1777362305,0.51,10.0,yes,"{""count_fp"":""10.00"",""created_time"":""2026-04-28T07:45:05.423615Z"",""no_price_dollars"":""0.4900"",""taker_side"":""yes"",""ticker"":""KXBTC15M-26APR280400-00"",""trade_id"":""46713218-0856-7e31-7447-bca87dd6affb"",""yes_price_dollars"":""0.5100""}"
KXBTC15M-26APR280400-00,012ad7ad-9cbb-7faf-6943-2bb6d0b15969,1777362305,0.52,11.0,yes,"{""count_fp"":""11.00"",""created_time"":""2026-04-28T07:45:05.423615Z"",""no_price_dollars"":""0.4800"",""taker_side"":""yes"",""ticker"":""KXBTC15M-26APR280400-00"",""trade_id"":""012ad7ad-9cbb-7faf-6943-2bb6d0b15969"",""yes_price_dollars"":""0.5200""}"
KXBTC15M-26APR280400-00,fed05ac9-f4a2-5ff3-03b8-6e7ec38d101c,1777362306,0.48,20.0,no,"{""count_fp"":""20.00"",""created_time"":""2026-04-28T07:45:06.631431Z"",""no_price_dollars"":""0.5200"",""taker_side"":""no"",""ticker"":""KXBTC15M-26APR280400-00"",""trade_id"":""fed05ac9-f4a2-5ff3-03b8-6e7ec38d101c"",""yes_price_dollars"":""0.4800""}"
KXBTC15M-26APR280400-00,e70e3565-0ea5-59be-3d44-a0a719fc2e89,1777362306,0.41,50.29,no,"{""count_fp"":""50.29"",""created_time"":""2026-04-28T07:45:06.631431Z"",""no_price_dollars"":""0.5900"",""taker_side"":""no"",""ticker"":""KXBTC15M-26APR280400-00"",""trade_id"":""e70e3565-0ea5-59be-3d44-a0a719fc2e89"",""yes_price_dollars"":""0.4100""}"
KXBTC15M-26APR280400-00,dbc8f696-67cb-5ba8-0a1a-06a23a86bef0,1777362306,0.5,18.0,no,"{""count_fp"":""18.00"",""created_time"":""2026-04-28T07:45:06.631431Z"",""no_price_dollars"":""0.5000"",""taker_side"":""no"",""ticker"":""KXBTC15M-26APR280400-00"",""trade_id"":""dbc8f696-67cb-5ba8-0a1a-06a23a86bef0"",""yes_price_dollars"":""0.5000""}"
KXBTC15M-26APR280400-00,d88919b8-1a5f-5cb3-3039-aa162c6f7172,1777362306,0.43,1.0,no,"{""count_fp"":""1.00"",""created_time"":""2026-04-28T07:45:06.631431Z"",""no_price_dollars"":""0.5700"",""taker_side"":""no"",""ticker"":""KXBTC15M-26APR280400-00"",""trade_id"":""d88919b8-1a5f-5cb3-3039-aa162c6f7172"",""yes_price_dollars"":""0.4300""}"
KXBTC15M-26APR280400-00,b79fe5a4-6045-5e63-0533-bb73a1118b64,1777362306,0.45,1.0,no,"{""count_fp"":""1.00"",""created_time"":""2026-04-28T07:45:06.631431Z"",""no_price_dollars"":""0.5500"",""taker_side"":""no"",""ticker"":""KXBTC15M-26APR280400-00"",""trade_id"":""b79fe5a4-6045-5e63-0533-bb73a1118b64"",""yes_price_dollars"":""0.4500""}"
KXBTC15M-26APR280400-00,b6999165-5150-55e3-220d-6e5f7b035e02,1777362306,0.5,65.0,no,"{""count_fp"":""65.00"",""created_time"":""2026-04-28T07:45:06.631431Z"",""no_price_dollars"":""0.5000"",""taker_side"":""no"",""ticker"":""KXBTC15M-26APR280400-00"",""trade_id"":""b6999165-5150-55e3-220d-6e5f7b035e02"",""yes_price_dollars"":""0.5000""}"
KXBTC15M-26APR280400-00,960ea6d5-64a6-5de5-2fe7-be0d5aa0858d,1777362306,0.44,1.0,no,"{""count_fp"":""1.00"",""created_time"":""2026-04-28T07:45:06.631431Z"",""no_price_dollars"":""0.5600"",""taker_side"":""no"",""ticker"":""KXBTC15M-26APR280400-00"",""trade_id"":""960ea6d5-64a6-5de5-2fe7-be0d5aa0858d"",""yes_price_dollars"":""0.4400""}"
KXBTC15M-26APR280400-00,7be5d747-0417-50cc-0121-feaba4300f05,1777362306,0.5,5.0,no,"{""count_fp"":""5.00"",""created_time"":""2026-04-28T07:45:06.631431Z"",""no_price_dollars"":""0.5000"",""taker_side"":""no"",""ticker"":""KXBTC15M-26APR280400-00"",""trade_id"":""7be5d747-0417-50cc-0121-feaba4300f05"",""yes_price_dollars"":""0.5000""}"
KXBTC15M-26APR280400-00,60d5f711-b308-5e87-2aee-730c8c335c77,1777362306,0.46,1.0,no,"{""count_fp"":""1.00"",""created_time"":""2026-04-28T07:45:06.631431Z"",""no_price_dollars"":""0.5400"",""taker_side"":""no"",""ticker"":""KXBTC15M-26APR280400-00"",""trade_id"":""60d5f711-b308-5e87-2aee-730c8c335c77"",""yes_price_dollars"":""0.4600""}"
KXBTC15M-26APR280400-00,5e108680-14c0-56c0-2c46-4fdc0c34a84d,1777362306,0.46,1.0,no,"{""count_fp"":""1.00"",""created_time"":""2026-04-28T07:45:06.631431Z"",""no_price_dollars"":""0.5400"",""taker_side"":""no"",""ticker"":""KXBTC15M-26APR280400-00"",""trade_id"":""5e108680-14c0-56c0-2c46-4fdc0c34a84d"",""yes_price_dollars"":""0.4600""}"
KXBTC15M-26APR280400-00,594f87d6-33eb-5a7c-0af1-78847606f252,1777362306,0.42,1.0,no,"{""count_fp"":""1.00"",""created_time"":""2026-04-28T07:45:06.631431Z"",""no_price_dollars"":""0.5800"",""taker_side"":""no"",""ticker"":""KXBTC15M-26APR280400-00"",""trade_id"":""594f87d6-33eb-5a7c-0af1-78847606f252"",""yes_price_dollars"":""0.4200""}"
KXBTC15M-26APR280400-00,54b04ff3-f3d1-50f3-01fb-d9e373bf64ad,1777362306,0.49,10.0,no,"{""count_fp"":""10.00"",""created_time"":""2026-04-28T07:45:06.631431Z"",""no_price_dollars"":""0.5100"",""taker_side"":""no"",""ticker"":""KXBTC15M-26APR280400-00"",""trade_id"":""54b04ff3-f3d1-50f3-01fb-d9e373bf64ad"",""yes_price_dollars"":""0.4900""}"
KXBTC15M-26APR280400-00,50e0ef55-cc33-5c46-25dd-e56542deef30,1777362306,0.45,150.0,no,"{""count_fp"":""150.00"",""created_time"":""2026-04-28T07:45:06.631431Z"",""no_price_dollars"":""0.5500"",""taker_side"":""no"",""ticker"":""KXBTC15M-26APR280400-00"",""trade_id"":""50e0ef55-cc33-5c46-25dd-e56542deef30"",""yes_price_dollars"":""0.4500""}"
KXBTC15M-26APR280400-00,4e525fc5-8e35-54a2-2c18-2f50a22ccbb6,1777362306,0.42,1.0,no,"{""count_fp"":""1.00"",""created_time"":""2026-04-28T07:45:06.631431Z"",""no_price_dollars"":""0.5800"",""taker_side"":""no"",""ticker"":""KXBTC15M-26APR280400-00"",""trade_id"":""4e525fc5-8e35-54a2-2c18-2f50a22ccbb6"",""yes_price_dollars"":""0.4200""}"
KXBTC15M-26APR280400-00,36898f33-f70f-5682-2850-777df35cd6e2,1777362306,0.45,1.0,no,"{""count_fp"":""1.00"",""created_time"":""2026-04-28T07:45:06.631431Z"",""no_price_dollars"":""0.5500"",""taker_side"":""no"",""ticker"":""KXBTC15M-26APR280400-00"",""trade_id"":""36898f33-f70f-5682-2850-777df35cd6e2"",""yes_price_dollars"":""0.4500""}"
KXBTC15M-26APR280400-00,25a538c1-8516-5899-2cbf-d78a355448b6,1777362306,0.49,200.0,no,"{""count_fp"":""200.00"",""created_time"":""2026-04-28T07:45:06.631431Z"",""no_price_dollars"":""0.5100"",""taker_side"":""no"",""ticker"":""KXBTC15M-26APR280400-00"",""trade_id"":""25a538c1-8516-5899-2cbf-d78a355448b6"",""yes_price_dollars"":""0.4900""}"
KXBTC15M-26APR280400-00,0fa6b427-374a-5f8a-35a9-9a926ea20589,1777362306,0.45,1.0,no,"{""count_fp"":""1.00"",""created_time"":""2026-04-28T07:45:06.631431Z"",""no_price_dollars"":""0.5500"",""taker_side"":""no"",""ticker"":""KXBTC15M-26APR280400-00"",""trade_id"":""0fa6b427-374a-5f8a-35a9-9a926ea20589"",""yes_price_dollars"":""0.4500""}"
KXBTC15M-26APR280400-00,8e3db0e5-0fda-47d9-3046-dac2f93e4ba6,1777362307,0.5,38.24,no,"{""count_fp"":""38.24"",""created_time"":""2026-04-28T07:45:07.087079Z"",""no_price_dollars"":""0.5000"",""taker_side"":""no"",""ticker"":""KXBTC15M-26APR280400-00"",""trade_id"":""8e3db0e5-0fda-47d9-3046-dac2f93e4ba6"",""yes_price_dollars"":""0.5000""}"
KXBTC15M-26APR280400-00,8adb316f-7aae-782b-ba83-4cca55097fbc,1777362308,0.49,3.96,no,"{""count_fp"":""3.96"",""created_time"":""2026-04-28T07:45:08.633445Z"",""no_price_dollars"":""0.5100"",""taker_side"":""no"",""ticker"":""KXBTC15M-26APR280400-00"",""trade_id"":""8adb316f-7aae-782b-ba83-4cca55097fbc"",""yes_price_dollars"":""0.4900""}"
KXBTC15M-26APR280400-00,357e9f6b-dbb7-7b63-963c-a67a42f70903,1777362308,0.5,10.0,no,"{""count_fp"":""10.00"",""created_time"":""2026-04-28T07:45:08.633445Z"",""no_price_dollars"":""0.5000"",""taker_side"":""no"",""ticker"":""KXBTC15M-26APR280400-00"",""trade_id"":""357e9f6b-dbb7-7b63-963c-a67a42f70903"",""yes_price_dollars"":""0.5000""}"
KXBTC15M-26APR280400-00,01b10c3b-a087-7778-b844-ec31a48a26f1,1777362308,0.49,69.04,no,"{""count_fp"":""69.04"",""created_time"":""2026-04-28T07:45:08.633445Z"",""no_price_dollars"":""0.5100"",""taker_side"":""no"",""ticker"":""KXBTC15M-26APR280400-00"",""trade_id"":""01b10c3b-a087-7778-b844-ec31a48a26f1"",""yes_price_dollars"":""0.4900""}"
KXBTC15M-26APR280400-00,b9fb47ab-f9a6-535b-00bf-0bcd5d5d175c,1777362308,0.49,36.04,no,"{""count_fp"":""36.04"",""created_time"":""2026-04-28T07:45:08.369508Z"",""no_price_dollars"":""0.5100"",""taker_side"":""no"",""ticker"":""KXBTC15M-26APR280400-00"",""trade_id"":""b9fb47ab-f9a6-535b-00bf-0bcd5d5d175c"",""yes_price_dollars"":""0.4900""}"
KXBTC15M-26APR280400-00,c616488b-5b6c-4de2-1a82-ace06204d02c,1777362308,0.5,3.0,yes,"{""count_fp"":""3.00"",""created_time"":""2026-04-28T07:45:08.015549Z"",""no_price_dollars"":""0.5000"",""taker_side"":""yes"",""ticker"":""KXBTC15M-26APR280400-00"",""trade_id"":""c616488b-5b6c-4de2-1a82-ace06204d02c"",""yes_price_dollars"":""0.5000""}"
KXBTC15M-26APR280400-00,42b236bb-d8e7-4aa8-0c1a-b6195dcc21e6,1777362308,0.5,1.0,yes,"{""count_fp"":""1.00"",""created_time"":""2026-04-28T07:45:08.015549Z"",""no_price_dollars"":""0.5000"",""taker_side"":""yes"",""ticker"":""KXBTC15M-26APR280400-00"",""trade_id"":""42b236bb-d8e7-4aa8-0c1a-b6195dcc21e6"",""yes_price_dollars"":""0.5000""}"
KXBTC15M-26APR280400-00,983d57b9-7438-7816-0667-63bbeb0c49af,1777362309,0.49,20.0,no,"{""count_fp"":""20.00"",""created_time"":""2026-04-28T07:45:09.701831Z"",""no_price_dollars"":""0.5100"",""taker_side"":""no"",""ticker"":""KXBTC15M-26APR280400-00"",""trade_id"":""983d57b9-7438-7816-0667-63bbeb0c49af"",""yes_price_dollars"":""0.4900""}"
KXBTC15M-26APR280400-00,2a16bdaa-ab91-7796-0106-478999d06920,1777362309,0.49,14.12,no,"{""count_fp"":""14.12"",""created_time"":""2026-04-28T07:45:09.701831Z"",""no_price_dollars"":""0.5100"",""taker_side"":""no"",""ticker"":""KXBTC15M-26APR280400-00"",""trade_id"":""2a16bdaa-ab91-7796-0106-478999d06920"",""yes_price_dollars"":""0.4900""}"
KXBTC15M-26APR280400-00,ed62e41e-a4ed-7d99-06b2-d26f92722bf7,1777362309,0.51,18.25,yes,"{""count_fp"":""18.25"",""created_time"":""2026-04-28T07:45:09.510583Z"",""no_price_dollars"":""0.4900"",""taker_side"":""yes"",""ticker"":""KXBTC15M-26APR280400-00"",""trade_id"":""ed62e41e-a4ed-7d99-06b2-d26f92722bf7"",""yes_price_dollars"":""0.5100""}"
KXBTC15M-26APR280400-00,7f4ccd9f-b7a5-69e1-2cf9-bbeb05242117,1777362309,0.51,27.9,yes,"{""count_fp"":""27.90"",""created_time"":""2026-04-28T07:45:09.474506Z"",""no_price_dollars"":""0.4900"",""taker_side"":""yes"",""ticker"":""KXBTC15M-26APR280400-00"",""trade_id"":""7f4ccd9f-b7a5-69e1-2cf9-bbeb05242117"",""yes_price_dollars"":""0.5100""}"
KXBTC15M-26APR280400-00,ea7dec1e-185e-4ce6-bf35-24f7114d3592,1777362310,0.5,1.0,no,"{""count_fp"":""1.00"",""created_time"":""2026-04-28T07:45:10.381721Z"",""no_price_dollars"":""0.5000"",""taker_side"":""no"",""ticker"":""KXBTC15M-26APR280400-00"",""trade_id"":""ea7dec1e-185e-4ce6-bf35-24f7114d3592"",""yes_price_dollars"":""0.5000""}"
KXBTC15M-26APR280400-00,d9729822-a5da-4322-99fe-a8a19c170241,1777362310,0.51,56.0,no,"{""count_fp"":""56.00"",""created_time"":""2026-04-28T07:45:10.381721Z"",""no_price_dollars"":""0.4900"",""taker_side"":""no"",""ticker"":""KXBTC15M-26APR280400-00"",""trade_id"":""d9729822-a5da-4322-99fe-a8a19c170241"",""yes_price_dollars"":""0.5100""}"
KXBTC15M-26APR280400-00,adc22a8e-9c70-451d-a11a-8ebacc343260,1777362310,0.51,3.0,no,"{""count_fp"":""3.00"",""created_time"":""2026-04-28T07:45:10.381721Z"",""no_price_dollars"":""0.4900"",""taker_side"":""no"",""ticker"":""KXBTC15M-26APR280400-00"",""trade_id"":""adc22a8e-9c70-451d-a11a-8ebacc343260"",""yes_price_dollars"":""0.5100""}"
KXBTC15M-26APR280400-00,83873eac-df0a-431d-aa60-12f0224e2dd4,1777362310,0.51,1.0,no,"{""count_fp"":""1.00"",""created_time"":""2026-04-28T07:45:10.381721Z"",""no_price_dollars"":""0.4900"",""taker_side"":""no"",""ticker"":""KXBTC15M-26APR280400-00"",""trade_id"":""83873eac-df0a-431d-aa60-12f0224e2dd4"",""yes_price_dollars"":""0.5100""}"
KXBTC15M-26APR280400-00,1ec1a1a0-7cce-421d-9a6d-50341d4111a5,1777362310,0.51,33.0,no,"{""count_fp"":""33.00"",""created_time"":""2026-04-28T07:45:10.381721Z"",""no_price_dollars"":""0.4900"",""taker_side"":""no"",""ticker"":""KXBTC15M-26APR280400-00"",""trade_id"":""1ec1a1a0-7cce-421d-9a6d-50341d4111a5"",""yes_price_dollars"":""0.5100""}"
KXBTC15M-26APR280400-00,1259b455-c6a0-429d-afec-670473cac349,1777362310,0.5,371.68,no,"{""count_fp"":""371.68"",""created_time"":""2026-04-28T07:45:10.381721Z"",""no_price_dollars"":""0.5000"",""taker_side"":""no"",""ticker"":""KXBTC15M-26APR280400-00"",""trade_id"":""1259b455-c6a0-429d-afec-670473cac349"",""yes_price_dollars"":""0.5000""}"
KXBTC15M-26APR280400-00,e44b5943-7157-6c1a-01b6-051ac48edd92,1777362310,0.55,200.0,yes,"{""count_fp"":""200.00"",""created_time"":""2026-04-28T07:45:10.235333Z"",""no_price_dollars"":""0.4500"",""taker_side"":""yes"",""ticker"":""KXBTC15M-26APR280400-00"",""trade_id"":""e44b5943-7157-6c1a-01b6-051ac48edd92"",""yes_price_dollars"":""0.5500""}"
KXBTC15M-26APR280400-00,d025cc6a-7dbd-6e53-14e6-75ddc1d5df5e,1777362310,0.54,96.42,yes,"{""count_fp"":""96.42"",""created_time"":""2026-04-28T07:45:10.235333Z"",""no_price_dollars"":""0.4600"",""taker_side"":""yes"",""ticker"":""KXBTC15M-26APR280400-00"",""trade_id"":""d025cc6a-7dbd-6e53-14e6-75ddc1d5df5e"",""yes_price_dollars"":""0.5400""}"
KXBTC15M-26APR280400-00,aec4bc8b-8a74-6cd6-2d9e-a725beb60226,1777362310,0.54,5.0,yes,"{""count_fp"":""5.00"",""created_time"":""2026-04-28T07:45:10.235333Z"",""no_price_dollars"":""0.4600"",""taker_side"":""yes"",""ticker"":""KXBTC15M-26APR280400-00"",""trade_id"":""aec4bc8b-8a74-6cd6-2d9e-a725beb60226"",""yes_price_dollars"":""0.5400""}"
KXBTC15M-26APR280400-00,94835e3e-e0c3-6c94-2baa-c343a64cde47,1777362310,0.52,1.0,yes,"{""count_fp"":""1.00"",""created_time"":""2026-04-28T07:45:10.235333Z"",""no_price_dollars"":""0.4800"",""taker_side"":""yes"",""ticker"":""KXBTC15M-26APR280400-00"",""trade_id"":""94835e3e-e0c3-6c94-2baa-c343a64cde47"",""yes_price_dollars"":""0.5200""}"
KXBTC15M-26APR280400-00,9085710b-4092-63d4-0efa-cb7e7f36da84,1777362310,0.52,3.0,yes,"{""count_fp"":""3.00"",""created_time"":""2026-04-28T07:45:10.235333Z"",""no_price_dollars"":""0.4800"",""taker_side"":""yes"",""ticker"":""KXBTC15M-26APR280400-00"",""trade_id"":""9085710b-4092-63d4-0efa-cb7e7f36da84"",""yes_price_dollars"":""0.5200""}"
KXBTC15M-26APR280400-00,81de7160-fcb1-6444-36a0-071ae9db0f90,1777362310,0.56,20.0,yes,"{""count_fp"":""20.00"",""created_time"":""2026-04-28T07:45:10.235333Z"",""no_price_dollars"":""0.4400"",""taker_side"":""yes"",""ticker"":""KXBTC15M-26APR280400-00"",""trade_id"":""81de7160-fcb1-6444-36a0-071ae9db0f90"",""yes_price_dollars"":""0.5600""}"
KXBTC15M-26APR280400-00,69a2e8d6-3324-69f1-09f8-1070a89d0b73,1777362310,0.54,10.0,yes,"{""count_fp"":""10.00"",""created_time"":""2026-04-28T07:45:10.235333Z"",""no_price_dollars"":""0.4600"",""taker_side"":""yes"",""ticker"":""KXBTC15M-26APR280400-00"",""trade_id"":""69a2e8d6-3324-69f1-09f8-1070a89d0b73"",""yes_price_dollars"":""0.5400""}"
KXBTC15M-26APR280400-00,69211f0b-e4ee-6e80-1882-db0f9fe9d4e7,1777362310,0.56,1.0,yes,"{""count_fp"":""1.00"",""created_time"":""2026-04-28T07:45:10.235333Z"",""no_price_dollars"":""0.4400"",""taker_side"":""yes"",""ticker"":""KXBTC15M-26APR280400-00"",""trade_id"":""69211f0b-e4ee-6e80-1882-db0f9fe9d4e7"",""yes_price_dollars"":""0.5600""}"
KXBTC15M-26APR280400-00,61e7396f-9caf-6fe5-18f1-175c5ee16c2c,1777362310,0.56,77.26,yes,"{""count_fp"":""77.26"",""created_time"":""2026-04-28T07:45:10.235333Z"",""no_price_dollars"":""0.4400"",""taker_side"":""yes"",""ticker"":""KXBTC15M-26APR280400-00"",""trade_id"":""61e7396f-9caf-6fe5-18f1-175c5ee16c2c"",""yes_price_dollars"":""0.5600""}"
KXBTC15M-26APR280400-00,10896143-703b-678c-1bf5-6f96e117c08c,1777362310,0.55,1.0,yes,"{""count_fp"":""1.00"",""created_time"":""2026-04-28T07:45:10.235333Z"",""no_price_dollars"":""0.4500"",""taker_side"":""yes"",""ticker"":""KXBTC15M-26APR280400-00"",""trade_id"":""10896143-703b-678c-1bf5-6f96e117c08c"",""yes_price_dollars"":""0.5500""}"
KXBTC15M-26APR280400-00,0e89ee69-86a9-6ca5-2475-02819154c1c3,1777362310,0.51,11.85,yes,"{""count_fp"":""11.85"",""created_time"":""2026-04-28T07:45:10.235333Z"",""no_price_dollars"":""0.4900"",""taker_side"":""yes"",""ticker"":""KXBTC15M-26APR280400-00"",""trade_id"":""0e89ee69-86a9-6ca5-2475-02819154c1c3"",""yes_price_dollars"":""0.5100""}"
KXBTC15M-26APR280400-00,7cb7f494-df89-60ba-03f1-d54647036868,1777362310,0.5,10.0,no,"{""count_fp"":""10.00"",""created_time"":""2026-04-28T07:45:10.132687Z"",""no_price_dollars"":""0.5000"",""taker_side"":""no"",""ticker"":""KXBTC15M-26APR280400-00"",""trade_id"":""7cb7f494-df89-60ba-03f1-d54647036868"",""yes_price_dollars"":""0.5000""}"
KXBTC15M-26APR280400-00,4ea033b2-152e-653b-2c0f-3d0c2173a087,1777362310,0.5,1.0,no,"{""count_fp"":""1.00"",""created_time"":""2026-04-28T07:45:10.132687Z"",""no_price_dollars"":""0.5000"",""taker_side"":""no"",""ticker"":""KXBTC15M-26APR280400-00"",""trade_id"":""4ea033b2-152e-653b-2c0f-3d0c2173a087"",""yes_price_dollars"":""0.5000""}"
KXBTC15M-26APR280400-00,de790212-5d18-5795-4243-a917c9536f8e,1777362311,0.52,28.98,no,"{""count_fp"":""28.98"",""created_time"":""2026-04-28T07:45:11.692391Z"",""no_price_dollars"":""0.4800"",""taker_side"":""no"",""ticker"":""KXBTC15M-26APR280400-00"",""trade_id"":""de790212-5d18-5795-4243-a917c9536f8e"",""yes_price_dollars"":""0.5200""}"
KXBTC15M-26APR280400-00,f0208d2e-2ea8-5698-c999-ed75b4bdf981,1777362312,0.51,1.0,no,"{""count_fp"":""1.00"",""created_time"":""2026-04-28T07:45:12.376997Z"",""no_price_dollars"":""0.4900"",""taker_side"":""no"",""ticker"":""KXBTC15M-26APR280400-00"",""trade_id"":""f0208d2e-2ea8-5698-c999-ed75b4bdf981"",""yes_price_dollars"":""0.5100""}"
KXBTC15M-26APR280400-00,da04fb22-9a0c-5ed5-ebbb-56f0294248b6,1777362312,0.52,11.02,no,"{""count_fp"":""11.02"",""created_time"":""2026-04-28T07:45:12.376997Z"",""no_price_dollars"":""0.4800"",""taker_side"":""no"",""ticker"":""KXBTC15M-26APR280400-00"",""trade_id"":""da04fb22-9a0c-5ed5-ebbb-56f0294248b6"",""yes_price_dollars"":""0.5200""}"
KXBTC15M-26APR280400-00,29b6b62e-55af-5ed4-dd63-311dcef782a8,1777362312,0.52,12.0,no,"{""count_fp"":""12.00"",""created_time"":""2026-04-28T07:45:12.376997Z"",""no_price_dollars"":""0.4800"",""taker_side"":""no"",""ticker"":""KXBTC15M-26APR280400-00"",""trade_id"":""29b6b62e-55af-5ed4-dd63-311dcef782a8"",""yes_price_dollars"":""0.5200""}"
KXBTC15M-26APR280400-00,1a4e0fb4-4770-51c5-ec11-a41e9452127d,1777362312,0.51,6.64,no,"{""count_fp"":""6.64"",""created_time"":""2026-04-28T07:45:12.376997Z"",""no_price_dollars"":""0.4900"",""taker_side"":""no"",""ticker"":""KXBTC15M-26APR280400-00"",""trade_id"":""1a4e0fb4-4770-51c5-ec11-a41e9452127d"",""yes_price_dollars"":""0.5100""}"
KXBTC15M-26APR280400-00,144a82c0-65a8-66f6-4beb-0d5e03b091a8,1777362313,0.52,4.0,no,"{""count_fp"":""4.00"",""created_time"":""2026-04-28T07:45:13.536725Z"",""no_price_dollars"":""0.4800"",""taker_side"":""no"",""ticker"":""KXBTC15M-26APR280400-00"",""trade_id"":""144a82c0-65a8-66f6-4beb-0d5e03b091a8"",""yes_price_dollars"":""0.5200""}"
KXBTC15M-26APR280400-00,26178f19-6d54-7ed0-723a-33330078800d,1777362313,0.52,36.14,no,"{""count_fp"":""36.14"",""created_time"":""2026-04-28T07:45:13.207943Z"",""no_price_dollars"":""0.4800"",""taker_side"":""no"",""ticker"":""KXBTC15M-26APR280400-00"",""trade_id"":""26178f19-6d54-7ed0-723a-33330078800d"",""yes_price_dollars"":""0.5200""}"
KXBTC15M-26APR280400-00,1d5bad37-4238-763d-459f-08bca2ee0dc8,1777362313,0.51,13.86,no,"{""count_fp"":""13.86"",""created_time"":""2026-04-28T07:45:13.207943Z"",""no_price_dollars"":""0.4900"",""taker_side"":""no"",""ticker"":""KXBTC15M-26APR280400-00"",""trade_id"":""1d5bad37-4238-763d-459f-08bca2ee0dc8"",""yes_price_dollars"":""0.5100""}"
KXBTC15M-26APR280400-00,7a25a465-30b8-7a4c-4d66-8bf29e889ebd,1777362313,0.52,3.86,no,"{""count_fp"":""3.86"",""created_time"":""2026-04-28T07:45:13.044886Z"",""no_price_dollars"":""0.4800"",""taker_side"":""no"",""ticker"":""KXBTC15M-26APR280400-00"",""trade_id"":""7a25a465-30b8-7a4c-4d66-8bf29e889ebd"",""yes_price_dollars"":""0.5200""}"
KXBTC15M-26APR280400-00,c2016ad9-ce34-6154-b782-e5aa83e8a06a,1777362314,0.52,14.07,no,"{""count_fp"":""14.07"",""created_time"":""2026-04-28T07:45:14.880479Z"",""no_price_dollars"":""0.4800"",""taker_side"":""no"",""ticker"":""KXBTC15M-26APR280400-00"",""trade_id"":""c2016ad9-ce34-6154-b782-e5aa83e8a06a"",""yes_price_dollars"":""0.5200""}"
KXBTC15M-26APR280400-00,d29b755b-fae4-5336-90f1-bc7250b56074,1777362314,0.52,1.0,no,"{""count_fp"":""1.00"",""created_time"":""2026-04-28T07:45:14.213445Z"",""no_price_dollars"":""0.4800"",""taker_side"":""no"",""ticker"":""KXBTC15M-26APR280400-00"",""trade_id"":""d29b755b-fae4-5336-90f1-bc7250b56074"",""yes_price_dollars"":""0.5200""}"
KXBTC15M-26APR280400-00,d6ac0f49-ffdb-4bed-4761-eb5d76408af6,1777362315,0.53,8.26,yes,"{""count_fp"":""8.26"",""created_time"":""2026-04-28T07:45:15.944558Z"",""no_price_dollars"":""0.4700"",""taker_side"":""yes"",""ticker"":""KXBTC15M-26APR280400-00"",""trade_id"":""d6ac0f49-ffdb-4bed-4761-eb5d76408af6"",""yes_price_dollars"":""0.5300""}"
KXBTC15M-26APR280400-00,932686af-4ca2-4098-7300-c17436e1152c,1777362315,0.52,10.0,yes,"{""count_fp"":""10.00"",""created_time"":""2026-04-28T07:45:15.944558Z"",""no_price_dollars"":""0.4800"",""taker_side"":""yes"",""ticker"":""KXBTC15M-26APR280400-00"",""trade_id"":""932686af-4ca2-4098-7300-c17436e1152c"",""yes_price_dollars"":""0.5200""}"
KXBTC15M-26APR280400-00,e146d925-9c7f-7155-cd87-1b2f66be90de,1777362316,0.53,31.74,yes,"{""count_fp"":""31.74"",""created_time"":""2026-04-28T07:45:16.563486Z"",""no_price_dollars"":""0.4700"",""taker_side"":""yes"",""ticker"":""KXBTC15M-26APR280400-00"",""trade_id"":""e146d925-9c7f-7155-cd87-1b2f66be90de"",""yes_price_dollars"":""0.5300""}"
KXBTC15M-26APR280400-00,b9337398-dd5e-7787-c7dd-769bdc71cd4d,1777362316,0.55,27.05,yes,"{""count_fp"":""27.05"",""created_time"":""2026-04-28T07:45:16.563486Z"",""no_price_dollars"":""0.4500"",""taker_side"":""yes"",""ticker"":""KXBTC15M-26APR280400-00"",""trade_id"":""b9337398-dd5e-7787-c7dd-769bdc71cd4d"",""yes_price_dollars"":""0.5500""}"
KXBTC15M-26APR280400-00,73b5ca08-2311-792b-cf87-4ea546ea3edc,1777362316,0.54,40.0,yes,"{""count_fp"":""40.00"",""created_time"":""2026-04-28T07:45:16.563486Z"",""no_price_dollars"":""0.4600"",""taker_side"":""yes"",""ticker"":""KXBTC15M-26APR280400-00"",""trade_id"":""73b5ca08-2311-792b-cf87-4ea546ea3edc"",""yes_price_dollars"":""0.5400""}"
KXBTC15M-26APR280400-00,4925fad7-27a2-7d88-e90d-1dd17520d94b,1777362316,0.54,3.0,yes,"{""count_fp"":""3.00"",""created_time"":""2026-04-28T07:45:16.563486Z"",""no_price_dollars"":""0.4600"",""taker_side"":""yes"",""ticker"":""KXBTC15M-26APR280400-00"",""trade_id"":""4925fad7-27a2-7d88-e90d-1dd17520d94b"",""yes_price_dollars"":""0.5400""}"
KXBTC15M-26APR280400-00,06839a17-ca1c-71e9-d7f6-0c4922b4a68d,1777362316,0.54,37.47,yes,"{""count_fp"":""37.47"",""created_time"":""2026-04-28T07:45:16.563486Z"",""no_price_dollars"":""0.4600"",""taker_side"":""yes"",""ticker"":""KXBTC15M-26APR280400-00"",""trade_id"":""06839a17-ca1c-71e9-d7f6-0c4922b4a68d"",""yes_price_dollars"":""0.5400""}"
KXBTC15M-26APR280400-00,37830a01-1601-7b4b-3315-5d44ae0bf5ac,1777362317,0.53,10.05,no,"{""count_fp"":""10.05"",""created_time"":""2026-04-28T07:45:17.731287Z"",""no_price_dollars"":""0.4700"",""taker_side"":""no"",""ticker"":""KXBTC15M-26APR280400-00"",""trade_id"":""37830a01-1601-7b4b-3315-5d44ae0bf5ac"",""yes_price_dollars"":""0.5300""}"
KXBTC15M-26APR280400-00,95c0b4bd-76bd-4b0f-379d-65716f28ed50,1777362318,0.53,28.62,no,"{""count_fp"":""28.62"",""created_time"":""2026-04-28T07:45:18.933195Z"",""no_price_dollars"":""0.4700"",""taker_side"":""no"",""ticker"":""KXBTC15M-26APR280400-00"",""trade_id"":""95c0b4bd-76bd-4b0f-379d-65716f28ed50"",""yes_price_dollars"":""0.5300""}"
KXBTC15M-26APR280400-00,5517fc45-a1ac-467a-088a-2b8e96d876b2,1777362318,0.53,12.41,no,"{""count_fp"":""12.41"",""created_time"":""2026-04-28T07:45:18.933195Z"",""no_price_dollars"":""0.4700"",""taker_side"":""no"",""ticker"":""KXBTC15M-26APR280400-00"",""trade_id"":""5517fc45-a1ac-467a-088a-2b8e96d876b2"",""yes_price_dollars"":""0.5300""}"
KXBTC15M-26APR280400-00,d4889ed0-5b42-6737-522a-7b661b78e7bd,1777362318,0.55,12.95,yes,"{""count_fp"":""12.95"",""created_time"":""2026-04-28T07:45:18.679782Z"",""no_price_dollars"":""0.4500"",""taker_side"":""yes"",""ticker"":""KXBTC15M-26APR280400-00"",""trade_id"":""d4889ed0-5b42-6737-522a-7b661b78e7bd"",""yes_price_dollars"":""0.5500""}"
KXBTC15M-26APR280400-00,9e56c7b7-e349-6acf-454e-8a1c3e05efa8,1777362318,0.54,39.55,yes,"{""count_fp"":""39.55"",""created_time"":""2026-04-28T07:45:18.679782Z"",""no_price_dollars"":""0.4600"",""taker_side"":""yes"",""ticker"":""KXBTC15M-26APR280400-00"",""trade_id"":""9e56c7b7-e349-6acf-454e-8a1c3e05efa8"",""yes_price_dollars"":""0.5400""}"
KXBTC15M-26APR280400-00,4b81b5a2-30bd-6796-5e54-175cab84e5b0,1777362318,0.55,39.78,yes,"{""count_fp"":""39.78"",""created_time"":""2026-04-28T07:45:18.679782Z"",""no_price_dollars"":""0.4500"",""taker_side"":""yes"",""ticker"":""KXBTC15M-26APR280400-00"",""trade_id"":""4b81b5a2-30bd-6796-5e54-175cab84e5b0"",""yes_price_dollars"":""0.5500""}"
KXBTC15M-26APR280400-00,4b10f6d3-ff1f-6acd-53d3-44a439ba5f98,1777362318,0.54,10.0,yes,"{""count_fp"":""10.00"",""created_time"":""2026-04-28T07:45:18.679782Z"",""no_price_dollars"":""0.4600"",""taker_side"":""yes"",""ticker"":""KXBTC15M-26APR280400-00"",""trade_id"":""4b10f6d3-ff1f-6acd-53d3-44a439ba5f98"",""yes_price_dollars"":""0.5400""}"
KXBTC15M-26APR280400-00,1a902026-2b31-67e7-5502-e4e2b30a0d0e,1777362318,0.54,40.0,yes,"{""count_fp"":""40.00"",""created_time"":""2026-04-28T07:45:18.679782Z"",""no_price_dollars"":""0.4600"",""taker_side"":""yes"",""ticker"":""KXBTC15M-26APR280400-00"",""trade_id"":""1a902026-2b31-67e7-5502-e4e2b30a0d0e"",""yes_price_dollars"":""0.5400""}"
KXBTC15M-26APR280400-00,1081d9af-cfed-6854-579a-b49c93f3d15f,1777362318,0.55,3.0,yes,"{""count_fp"":""3.00"",""created_time"":""2026-04-28T07:45:18.679782Z"",""no_price_dollars"":""0.4500"",""taker_side"":""yes"",""ticker"":""KXBTC15M-26APR280400-00"",""trade_id"":""1081d9af-cfed-6854-579a-b49c93f3d15f"",""yes_price_dollars"":""0.5500""}"
KXBTC15M-26APR280400-00,af2c2e27-13c8-6da2-7efc-829967d00f4e,1777362318,0.53,23.2,no,"{""count_fp"":""23.20"",""created_time"":""2026-04-28T07:45:18.571088Z"",""no_price_dollars"":""0.4700"",""taker_side"":""no"",""ticker"":""KXBTC15M-26APR280400-00"",""trade_id"":""af2c2e27-13c8-6da2-7efc-829967d00f4e"",""yes_price_dollars"":""0.5300""}"
KXBTC15M-26APR280400-00,5fe92d20-ff59-687b-64e5-8d19a31a32a4,1777362318,0.53,6.95,no,"{""count_fp"":""6.95"",""created_time"":""2026-04-28T07:45:18.571088Z"",""no_price_dollars"":""0.4700"",""taker_side"":""no"",""ticker"":""KXBTC15M-26APR280400-00"",""trade_id"":""5fe92d20-ff59-687b-64e5-8d19a31a32a4"",""yes_price_dollars"":""0.5300""}"
KXBTC15M-26APR280400-00,cb6c5342-01a5-4d53-8eff-a432de95cf28,1777362318,0.54,0.45,yes,"{""count_fp"":""0.45"",""created_time"":""2026-04-28T07:45:18.486572Z"",""no_price_dollars"":""0.4600"",""taker_side"":""yes"",""ticker"":""KXBTC15M-26APR280400-00"",""trade_id"":""cb6c5342-01a5-4d53-8eff-a432de95cf28"",""yes_price_dollars"":""0.5400""}"
KXBTC15M-26APR280400-00,1fceac21-36dd-42af-4fe2-178d23f65a5c,1777362318,0.53,4.0,no,"{""count_fp"":""4.00"",""created_time"":""2026-04-28T07:45:18.083899Z"",""no_price_dollars"":""0.4700"",""taker_side"":""no"",""ticker"":""KXBTC15M-26APR280400-00"",""trade_id"":""1fceac21-36dd-42af-4fe2-178d23f65a5c"",""yes_price_dollars"":""0.5300""}"
KXBTC15M-26APR280400-00,9e1a1c1e-80f0-5e8d-19c3-d1a9c400c501,1777362319,0.55,17.22,yes,"{""count_fp"":""17.22"",""created_time"":""2026-04-28T07:45:19.935499Z"",""no_price_dollars"":""0.4500"",""taker_side"":""yes"",""ticker"":""KXBTC15M-26APR280400-00"",""trade_id"":""9e1a1c1e-80f0-5e8d-19c3-d1a9c400c501"",""yes_price_dollars"":""0.5500""}"
KXBTC15M-26APR280400-00,3596fa39-e4db-6886-e27a-8877535a35af,1777362320,0.55,10.0,no,"{""count_fp"":""10.00"",""created_time"":""2026-04-28T07:45:20.954062Z"",""no_price_dollars"":""0.4500"",""taker_side"":""no"",""ticker"":""KXBTC15M-26APR280400-00"",""trade_id"":""3596fa39-e4db-6886-e27a-8877535a35af"",""yes_price_dollars"":""0.5500""}"
KXBTC15M-26APR280400-00,db4907eb-00a3-7ca6-3956-04d75f94fbb8,1777362320,0.55,8.0,no,"{""count_fp"":""8.00"",""created_time"":""2026-04-28T07:45:20.698083Z"",""no_price_dollars"":""0.4500"",""taker_side"":""no"",""ticker"":""KXBTC15M-26APR280400-00"",""trade_id"":""db4907eb-00a3-7ca6-3956-04d75f94fbb8"",""yes_price_dollars"":""0.5500""}"
KXBTC15M-26APR280400-00,ad939b3e-c42b-70de-236f-929d7bcb147f,1777362320,0.55,12.7,no,"{""count_fp"":""12.70"",""created_time"":""2026-04-28T07:45:20.698083Z"",""no_price_dollars"":""0.4500"",""taker_side"":""no"",""ticker"":""KXBTC15M-26APR280400-00"",""trade_id"":""ad939b3e-c42b-70de-236f-929d7bcb147f"",""yes_price_dollars"":""0.5500""}"
KXBTC15M-26APR280400-00,d9779728-10a8-73a6-211a-3f8d297e1440,1777362320,0.55,23.0,yes,"{""count_fp"":""23.00"",""created_time"":""2026-04-28T07:45:20.433549Z"",""no_price_dollars"":""0.4500"",""taker_side"":""yes"",""ticker"":""KXBTC15M-26APR280400-00"",""trade_id"":""d9779728-10a8-73a6-211a-3f8d297e1440"",""yes_price_dollars"":""0.5500""}"
KXBTC15M-26APR280400-00,d704100c-4f80-71d3-2214-2b984ad25351,1777362320,0.56,3.59,yes,"{""count_fp"":""3.59"",""created_time"":""2026-04-28T07:45:20.433549Z"",""no_price_dollars"":""0.4400"",""taker_side"":""yes"",""ticker"":""KXBTC15M-26APR280400-00"",""trade_id"":""d704100c-4f80-71d3-2214-2b984ad25351"",""yes_price_dollars"":""0.5600""}"
KXBTC15M-26APR280400-00,1be7ae9f-6d0e-739a-0e95-0f10f1e31bb2,1777362320,0.55,21.0,yes,"{""count_fp"":""21.00"",""created_time"":""2026-04-28T07:45:20.433549Z"",""no_price_dollars"":""0.4500"",""taker_side"":""yes"",""ticker"":""KXBTC15M-26APR280400-00"",""trade_id"":""1be7ae9f-6d0e-739a-0e95-0f10f1e31bb2"",""yes_price_dollars"":""0.5500""}"
KXBTC15M-26APR280400-00,95ab9209-d101-5330-2c8b-ec8e6c1095e4,1777362320,0.55,36.22,yes,"{""count_fp"":""36.22"",""created_time"":""2026-04-28T07:45:20.078062Z"",""no_price_dollars"":""0.4500"",""taker_side"":""yes"",""ticker"":""KXBTC15M-26APR280400-00"",""trade_id"":""95ab9209-d101-5330-2c8b-ec8e6c1095e4"",""yes_price_dollars"":""0.5500""}"
KXBTC15M-26APR280400-00,6596c9ce-41c8-5d81-2d08-603dd8e2eef5,1777362320,0.55,22.78,yes,"{""count_fp"":""22.78"",""created_time"":""2026-04-28T07:45:20.078062Z"",""no_price_dollars"":""0.4500"",""taker_side"":""yes"",""ticker"":""KXBTC15M-26APR280400-00"",""trade_id"":""6596c9ce-41c8-5d81-2d08-603dd8e2eef5"",""yes_price_dollars"":""0.5500""}"
KXBTC15M-26APR280400-00,16a5b5ec-d26f-447e-c539-db2ddd14a8e7,1777362321,0.55,0.2,no,"{""count_fp"":""0.20"",""created_time"":""2026-04-28T07:45:21.791849Z"",""no_price_dollars"":""0.4500"",""taker_side"":""no"",""ticker"":""KXBTC15M-26APR280400-00"",""trade_id"":""16a5b5ec-d26f-447e-c539-db2ddd14a8e7"",""yes_price_dollars"":""0.5500""}"
KXBTC15M-26APR280400-00,de2b9d4d-0b79-5a4f-4436-06fd41aa7983,1777362322,0.57,11.73,yes,"{""count_fp"":""11.73"",""created_time"":""2026-04-28T07:45:22.687557Z"",""no_price_dollars"":""0.4300"",""taker_side"":""yes"",""ticker"":""KXBTC15M-26APR280400-00"",""trade_id"":""de2b9d4d-0b79-5a4f-4436-06fd41aa7983"",""yes_price_dollars"":""0.5700""}"
KXBTC15M-26APR280400-00,7cbccd5d-0f39-52ae-5db3-1f0b93dd0a94,1777362322,0.57,38.16,yes,"{""count_fp"":""38.16"",""created_time"":""2026-04-28T07:45:22.687557Z"",""no_price_dollars"":""0.4300"",""taker_side"":""yes"",""ticker"":""KXBTC15M-26APR280400-00"",""trade_id"":""7cbccd5d-0f39-52ae-5db3-1f0b93dd0a94"",""yes_price_dollars"":""0.5700""}"
KXBTC15M-26APR280400-00,b6cf0a61-edc4-6fdd-1a6e-72647a964c5b,1777362322,0.56,11.74,yes,"{""count_fp"":""11.74"",""created_time"":""2026-04-28T07:45:22.396419Z"",""no_price_dollars"":""0.4400"",""taker_side"":""yes"",""ticker"":""KXBTC15M-26APR280400-00"",""trade_id"":""b6cf0a61-edc4-6fdd-1a6e-72647a964c5b"",""yes_price_dollars"":""0.5600""}"
KXBTC15M-26APR280400-00,70d78ca0-d385-6e9a-1ce1-c9d044c95770,1777362322,0.56,53.0,yes,"{""count_fp"":""53.00"",""created_time"":""2026-04-28T07:45:22.396419Z"",""no_price_dollars"":""0.4400"",""taker_side"":""yes"",""ticker"":""KXBTC15M-26APR280400-00"",""trade_id"":""70d78ca0-d385-6e9a-1ce1-c9d044c95770"",""yes_price_dollars"":""0.5600""}"
KXBTC15M-26APR280400-00,52bf826a-7cfd-6766-1265-5cdf4a789d7e,1777362322,0.57,1.0,yes,"{""count_fp"":""1.00"",""created_time"":""2026-04-28T07:45:22.396419Z"",""no_price_dollars"":""0.4300"",""taker_side"":""yes"",""ticker"":""KXBTC15M-26APR280400-00"",""trade_id"":""52bf826a-7cfd-6766-1265-5cdf4a789d7e"",""yes_price_dollars"":""0.5700""}"
KXBTC15M-26APR280400-00,2a696556-a57e-696d-304b-338ae3137358,1777362322,0.56,30.0,yes,"{""count_fp"":""30.00"",""created_time"":""2026-04-28T07:45:22.396419Z"",""no_price_dollars"":""0.4400"",""taker_side"":""yes"",""ticker"":""KXBTC15M-26APR280400-00"",""trade_id"":""2a696556-a57e-696d-304b-338ae3137358"",""yes_price_dollars"":""0.5600""}"
KXBTC15M-26APR280400-00,0a7fb902-e529-641b-22cb-43d635f3615b,1777362322,0.57,28.27,yes,"{""count_fp"":""28.27"",""created_time"":""2026-04-28T07:45:22.396419Z"",""no_price_dollars"":""0.4300"",""taker_side"":""yes"",""ticker"":""KXBTC15M-26APR280400-00"",""trade_id"":""0a7fb902-e529-641b-22cb-43d635f3615b"",""yes_price_dollars"":""0.5700""}"
KXBTC15M-26APR280400-00,6266a8d5-a422-48b9-12c6-7f34ca9f28dd,1777362325,0.57,10.69,no,"{""count_fp"":""10.69"",""created_time"":""2026-04-28T07:45:25.874243Z"",""no_price_dollars"":""0.4300"",""taker_side"":""no"",""ticker"":""KXBTC15M-26APR280400-00"",""trade_id"":""6266a8d5-a422-48b9-12c6-7f34ca9f28dd"",""yes_price_dollars"":""0.5700""}"
KXBTC15M-26APR280400-00,ff47927d-c636-4f38-9c6f-2feb38cf1b43,1777362326,0.59,119.0,yes,"{""count_fp"":""119.00"",""created_time"":""2026-04-28T07:45:26.414869Z"",""no_price_dollars"":""0.4100"",""taker_side"":""yes"",""ticker"":""KXBTC15M-26APR280400-00"",""trade_id"":""ff47927d-c636-4f38-9c6f-2feb38cf1b43"",""yes_price_dollars"":""0.5900""}"
KXBTC15M-26APR280400-00,f6d7c804-354f-42b0-a19a-1ddaf7d8057a,1777362326,0.58,40.0,yes,"{""count_fp"":""40.00"",""created_time"":""2026-04-28T07:45:26.414869Z"",""no_price_dollars"":""0.4200"",""taker_side"":""yes"",""ticker"":""KXBTC15M-26APR280400-00"",""trade_id"":""f6d7c804-354f-42b0-a19a-1ddaf7d8057a"",""yes_price_dollars"":""0.5800""}"
KXBTC15M-26APR280400-00,c83bb6e7-68b6-46d4-8de1-393725927d1b,1777362326,0.59,5.0,yes,"{""count_fp"":""5.00"",""created_time"":""2026-04-28T07:45:26.414869Z"",""no_price_dollars"":""0.4100"",""taker_side"":""yes"",""ticker"":""KXBTC15M-26APR280400-00"",""trade_id"":""c83bb6e7-68b6-46d4-8de1-393725927d1b"",""yes_price_dollars"":""0.5900""}"
KXBTC15M-26APR280400-00,bbd3319d-6a87-4108-b9af-6ca8954cbeb9,1777362326,0.58,8.03,yes,"{""count_fp"":""8.03"",""created_time"":""2026-04-28T07:45:26.414869Z"",""no_price_dollars"":""0.4200"",""taker_side"":""yes"",""ticker"":""KXBTC15M-26APR280400-00"",""trade_id"":""bbd3319d-6a87-4108-b9af-6ca8954cbeb9"",""yes_price_dollars"":""0.5800""}"
KXBTC15M-26APR280400-00,7551da54-a24d-45a9-ae4a-0e8b9820bc76,1777362326,0.58,30.0,yes,"{""count_fp"":""30.00"",""created_time"":""2026-04-28T07:45:26.414869Z"",""no_price_dollars"":""0.4200"",""taker_side"":""yes"",""ticker"":""KXBTC15M-26APR280400-00"",""trade_id"":""7551da54-a24d-45a9-ae4a-0e8b9820bc76"",""yes_price_dollars"":""0.5800""}"
KXBTC15M-26APR280400-00,6fd5c5d2-4599-4c4a-a694-8f39d1fd1217,1777362326,0.58,17.0,yes,"{""count_fp"":""17.00"",""created_time"":""2026-04-28T07:45:26.414869Z"",""no_price_dollars"":""0.4200"",""taker_side"":""yes"",""ticker"":""KXBTC15M-26APR280400-00"",""trade_id"":""6fd5c5d2-4599-4c4a-a694-8f39d1fd1217"",""yes_price_dollars"":""0.5800""}"
KXBTC15M-26APR280400-00,5fb2949f-60bf-4312-96e0-3d0aef06de94,1777362326,0.59,5.0,yes,"{""count_fp"":""5.00"",""created_time"":""2026-04-28T07:45:26.414869Z"",""no_price_dollars"":""0.4100"",""taker_side"":""yes"",""ticker"":""KXBTC15M-26APR280400-00"",""trade_id"":""5fb2949f-60bf-4312-96e0-3d0aef06de94"",""yes_price_dollars"":""0.5900""}"
KXBTC15M-26APR280400-00,496ede85-58bc-4cc5-96cc-9b246223e0bc,1777362326,0.59,40.0,yes,"{""count_fp"":""40.00"",""created_time"":""2026-04-28T07:45:26.414869Z"",""no_price_dollars"":""0.4100"",""taker_side"":""yes"",""ticker"":""KXBTC15M-26APR280400-00"",""trade_id"":""496ede85-58bc-4cc5-96cc-9b246223e0bc"",""yes_price_dollars"":""0.5900""}"
KXBTC15M-26APR280400-00,3bc1f3da-a33c-4949-8e68-9f5376836790,1777362326,0.59,56.0,yes,"{""count_fp"":""56.00"",""created_time"":""2026-04-28T07:45:26.414869Z"",""no_price_dollars"":""0.4100"",""taker_side"":""yes"",""ticker"":""KXBTC15M-26APR280400-00"",""trade_id"":""3bc1f3da-a33c-4949-8e68-9f5376836790"",""yes_price_dollars"":""0.5900""}"
KXBTC15M-26APR280400-00,1668eb68-7052-409f-b6e8-2ba7342c4833,1777362326,0.59,157.34,yes,"{""count_fp"":""157.34"",""created_time"":""2026-04-28T07:45:26.414869Z"",""no_price_dollars"":""0.4100"",""taker_side"":""yes"",""ticker"":""KXBTC15M-26APR280400-00"",""trade_id"":""1668eb68-7052-409f-b6e8-2ba7342c4833"",""yes_price_dollars"":""0.5900""}"
KXBTC15M-26APR280400-00,0a895997-5212-44b9-be15-96bf96a3c932,1777362326,0.59,508.0,yes,"{""count_fp"":""508.00"",""created_time"":""2026-04-28T07:45:26.414869Z"",""no_price_dollars"":""0.4100"",""taker_side"":""yes"",""ticker"":""KXBTC15M-26APR280400-00"",""trade_id"":""0a895997-5212-44b9-be15-96bf96a3c932"",""yes_price_dollars"":""0.5900""}"
KXBTC15M-26APR280400-00,6d90b287-231f-4d0a-6cad-36d22ab19c87,1777362326,0.57,241.23,no,"{""count_fp"":""241.23"",""created_time"":""2026-04-28T07:45:26.234004Z"",""no_price_dollars"":""0.4300"",""taker_side"":""no"",""ticker"":""KXBTC15M-26APR280400-00"",""trade_id"":""6d90b287-231f-4d0a-6cad-36d22ab19c87"",""yes_price_dollars"":""0.5700""}"
KXBTC15M-26APR280400-00,62cf57c0-f230-46c3-782b-3161f977dbe1,1777362326,0.57,5.0,no,"{""count_fp"":""5.00"",""created_time"":""2026-04-28T07:45:26.234004Z"",""no_price_dollars"":""0.4300"",""taker_side"":""no"",""ticker"":""KXBTC15M-26APR280400-00"",""trade_id"":""62cf57c0-f230-46c3-782b-3161f977dbe1"",""yes_price_dollars"":""0.5700""}"
KXBTC15M-26APR280400-00,533f9040-f73e-4309-6360-630c85d7bf89,1777362326,0.57,16.2,no,"{""count_fp"":""16.20"",""created_time"":""2026-04-28T07:45:26.234004Z"",""no_price_dollars"":""0.4300"",""taker_side"":""no"",""ticker"":""KXBTC15M-26APR280400-00"",""trade_id"":""533f9040-f73e-4309-6360-630c85d7bf89"",""yes_price_dollars"":""0.5700""}"
KXBTC15M-26APR280400-00,f89809fd-e116-72f9-a1d0-079e971d99fd,1777362326,0.57,13.11,no,"{""count_fp"":""13.11"",""created_time"":""2026-04-28T07:45:26.184536Z"",""no_price_dollars"":""0.4300"",""taker_side"":""no"",""ticker"":""KXBTC15M-26APR280400-00"",""trade_id"":""f89809fd-e116-72f9-a1d0-079e971d99fd"",""yes_price_dollars"":""0.5700""}"
KXBTC15M-26APR280400-00,76446055-18ec-72d4-dead-93325e0ac6f5,1777362326,0.58,1.0,yes,"{""count_fp"":""1.00"",""created_time"":""2026-04-28T07:45:26.174573Z"",""no_price_dollars"":""0.4200"",""taker_side"":""yes"",""ticker"":""KXBTC15M-26APR280400-00"",""trade_id"":""76446055-18ec-72d4-dead-93325e0ac6f5"",""yes_price_dollars"":""0.5800""}"
KXBTC15M-26APR280400-00,41807b2a-bf91-7696-e923-fc33bde9eb73,1777362326,0.58,3.0,yes,"{""count_fp"":""3.00"",""created_time"":""2026-04-28T07:45:26.174573Z"",""no_price_dollars"":""0.4200"",""taker_side"":""yes"",""ticker"":""KXBTC15M-26APR280400-00"",""trade_id"":""41807b2a-bf91-7696-e923-fc33bde9eb73"",""yes_price_dollars"":""0.5800""}"
KXBTC15M-26APR280400-00,0cf2ee2e-5f3d-794f-f5b9-572c28dcb4a5,1777362326,0.58,1.0,yes,"{""count_fp"":""1.00"",""created_time"":""2026-04-28T07:45:26.174573Z"",""no_price_dollars"":""0.4200"",""taker_side"":""yes"",""ticker"":""KXBTC15M-26APR280400-00"",""trade_id"":""0cf2ee2e-5f3d-794f-f5b9-572c28dcb4a5"",""yes_price_dollars"":""0.5800""}"
KXBTC15M-26APR280400-00,2f1fdc2f-4558-66f0-feb8-381979df1652,1777362327,0.58,22.36,no,"{""count_fp"":""22.36"",""created_time"":""2026-04-28T07:45:27.461323Z"",""no_price_dollars"":""0.4200"",""taker_side"":""no"",""ticker"":""KXBTC15M-26APR280400-00"",""trade_id"":""2f1fdc2f-4558-66f0-feb8-381979df1652"",""yes_price_dollars"":""0.5800""}"
KXBTC15M-26APR280400-00,bdcef927-7dd6-5b83-c810-6a4ea2557c1f,1777362327,0.59,10.0,yes,"{""count_fp"":""10.00"",""created_time"":""2026-04-28T07:45:27.452963Z"",""no_price_dollars"":""0.4100"",""taker_side"":""yes"",""ticker"":""KXBTC15M-26APR280400-00"",""trade_id"":""bdcef927-7dd6-5b83-c810-6a4ea2557c1f"",""yes_price_dollars"":""0.5900""}"
KXBTC15M-26APR280400-00,9b3b0685-442e-5b53-10e5-a71e872dc26f,1777362327,0.59,1.63,yes,"{""count_fp"":""1.63"",""created_time"":""2026-04-28T07:45:27.128209Z"",""no_price_dollars"":""0.4100"",""taker_side"":""yes"",""ticker"":""KXBTC15M-26APR280400-00"",""trade_id"":""9b3b0685-442e-5b53-10e5-a71e872dc26f"",""yes_price_dollars"":""0.5900""}"
KXBTC15M-26APR280400-00,27ba5b47-af32-4bcf-3083-b06b34457743,1777362328,0.59,1.66,yes,"{""count_fp"":""1.66"",""created_time"":""2026-04-28T07:45:28.963369Z"",""no_price_dollars"":""0.4100"",""taker_side"":""yes"",""ticker"":""KXBTC15M-26APR280400-00"",""trade_id"":""27ba5b47-af32-4bcf-3083-b06b34457743"",""yes_price_dollars"":""0.5900""}"
KXBTC15M-26APR280400-00,0971b195-d9d3-6132-11a1-02cdf85e303b,1777362328,0.58,11.44,no,"{""count_fp"":""11.44"",""created_time"":""2026-04-28T07:45:28.728068Z"",""no_price_dollars"":""0.4200"",""taker_side"":""no"",""ticker"":""KXBTC15M-26APR280400-00"",""trade_id"":""0971b195-d9d3-6132-11a1-02cdf85e303b"",""yes_price_dollars"":""0.5800""}"
KXBTC15M-26APR280400-00,d980bb55-2c72-7b47-6243-7ac3080ab90b,1777362328,0.59,11.53,yes,"{""count_fp"":""11.53"",""created_time"":""2026-04-28T07:45:28.563511Z"",""no_price_dollars"":""0.4100"",""taker_side"":""yes"",""ticker"":""KXBTC15M-26APR280400-00"",""trade_id"":""d980bb55-2c72-7b47-6243-7ac3080ab90b"",""yes_price_dollars"":""0.5900""}"
KXBTC15M-26APR280400-00,046279bf-a6e7-68fa-171e-6fec314782a7,1777362329,0.58,61.77,no,"{""count_fp"":""61.77"",""created_time"":""2026-04-28T07:45:29.989662Z"",""no_price_dollars"":""0.4200"",""taker_side"":""no"",""ticker"":""KXBTC15M-26APR280400-00"",""trade_id"":""046279bf-a6e7-68fa-171e-6fec314782a7"",""yes_price_dollars"":""0.5800""}"
KXBTC15M-26APR280400-00,b359d44a-ef14-4661-912b-e9f8864f6cdf,1777362329,0.6,1.4,yes,"{""count_fp"":""1.40"",""created_time"":""2026-04-28T07:45:29.933087Z"",""no_price_dollars"":""0.4000"",""taker_side"":""yes"",""ticker"":""KXBTC15M-26APR280400-00"",""trade_id"":""b359d44a-ef14-4661-912b-e9f8864f6cdf"",""yes_price_dollars"":""0.6000""}"
KXBTC15M-26APR280400-00,95ec5e54-096b-4b3a-975f-7ce56ccff797,1777362329,0.59,9.33,yes,"{""count_fp"":""9.33"",""created_time"":""2026-04-28T07:45:29.933087Z"",""no_price_dollars"":""0.4100"",""taker_side"":""yes"",""ticker"":""KXBTC15M-26APR280400-00"",""trade_id"":""95ec5e54-096b-4b3a-975f-7ce56ccff797"",""yes_price_dollars"":""0.5900""}"
KXBTC15M-26APR280400-00,6a9dd89f-81db-495b-a18b-b94a118377e5,1777362329,0.59,40.0,yes,"{""count_fp"":""40.00"",""created_time"":""2026-04-28T07:45:29.933087Z"",""no_price_dollars"":""0.4100"",""taker_side"":""yes"",""ticker"":""KXBTC15M-26APR280400-00"",""trade_id"":""6a9dd89f-81db-495b-a18b-b94a118377e5"",""yes_price_dollars"":""0.5900""}"
KXBTC15M-26APR280400-00,58c8d882-d7a3-49f1-98df-30a715888514,1777362329,0.59,30.0,yes,"{""count_fp"":""30.00"",""created_time"":""2026-04-28T07:45:29.933087Z"",""no_price_dollars"":""0.4100"",""taker_side"":""yes"",""ticker"":""KXBTC15M-26APR280400-00"",""trade_id"":""58c8d882-d7a3-49f1-98df-30a715888514"",""yes_price_dollars"":""0.5900""}"
KXBTC15M-26APR280400-00,389bb1f0-3a4b-580e-240d-4073eafe793b,1777362329,0.58,41.18,no,"{""count_fp"":""41.18"",""created_time"":""2026-04-28T07:45:29.652356Z"",""no_price_dollars"":""0.4200"",""taker_side"":""no"",""ticker"":""KXBTC15M-26APR280400-00"",""trade_id"":""389bb1f0-3a4b-580e-240d-4073eafe793b"",""yes_price_dollars"":""0.5800""}"
KXBTC15M-26APR280400-00,be4b9599-bf2b-461d-bbb1-30d646bba928,1777362330,0.59,9.06,yes,"{""count_fp"":""9.06"",""created_time"":""2026-04-28T07:45:30.924697Z"",""no_price_dollars"":""0.4100"",""taker_side"":""yes"",""ticker"":""KXBTC15M-26APR280400-00"",""trade_id"":""be4b9599-bf2b-461d-bbb1-30d646bba928"",""yes_price_dollars"":""0.5900""}"
KXBTC15M-26APR280400-00,dbcbefa2-99b7-43c2-9c6e-6ca247018013,1777362330,0.58,114.4,no,"{""count_fp"":""114.40"",""created_time"":""2026-04-28T07:45:30.773475Z"",""no_price_dollars"":""0.4200"",""taker_side"":""no"",""ticker"":""KXBTC15M-26APR280400-00"",""trade_id"":""dbcbefa2-99b7-43c2-9c6e-6ca247018013"",""yes_price_dollars"":""0.5800""}"
KXBTC15M-26APR280400-00,a335f176-4a07-6279-9449-1244842a7b2c,1777362330,0.59,24.71,yes,"{""count_fp"":""24.71"",""created_time"":""2026-04-28T07:45:30.705694Z"",""no_price_dollars"":""0.4100"",""taker_side"":""yes"",""ticker"":""KXBTC15M-26APR280400-00"",""trade_id"":""a335f176-4a07-6279-9449-1244842a7b2c"",""yes_price_dollars"":""0.5900""}"
KXBTC15M-26APR280400-00,2d8b9797-7eb7-6eea-bd42-604a1803248f,1777362330,0.58,1.0,no,"{""count_fp"":""1.00"",""created_time"":""2026-04-28T07:45:30.379449Z"",""no_price_dollars"":""0.4200"",""taker_side"":""no"",""ticker"":""KXBTC15M-26APR280400-00"",""trade_id"":""2d8b9797-7eb7-6eea-bd42-604a1803248f"",""yes_price_dollars"":""0.5800""}"
KXBTC15M-26APR280400-00,5051db30-bc4f-7e4a-bb7d-3a7774e299e7,1777362330,0.58,1.0,no,"{""count_fp"":""1.00"",""created_time"":""2026-04-28T07:45:30.093666Z"",""no_price_dollars"":""0.4200"",""taker_side"":""no"",""ticker"":""KXBTC15M-26APR280400-00"",""trade_id"":""5051db30-bc4f-7e4a-bb7d-3a7774e299e7"",""yes_price_dollars"":""0.5800""}"
KXBTC15M-26APR280400-00,5d3a7f7e-1277-6e34-bfa1-18c7e6a13b65,1777362331,0.58,22.88,no,"{""count_fp"":""22.88"",""created_time"":""2026-04-28T07:45:31.728408Z"",""no_price_dollars"":""0.4200"",""taker_side"":""no"",""ticker"":""KXBTC15M-26APR280400-00"",""trade_id"":""5d3a7f7e-1277-6e34-bfa1-18c7e6a13b65"",""yes_price_dollars"":""0.5800""}"
KXBTC15M-26APR280400-00,58341957-a3af-7821-54c8-01a7350b244c,1777362331,0.59,8.23,yes,"{""count_fp"":""8.23"",""created_time"":""2026-04-28T07:45:31.706765Z"",""no_price_dollars"":""0.4100"",""taker_side"":""yes"",""ticker"":""KXBTC15M-26APR280400-00"",""trade_id"":""58341957-a3af-7821-54c8-01a7350b244c"",""yes_price_dollars"":""0.5900""}"
KXBTC15M-26APR280400-00,ee72d542-c690-7d66-0a63-0a414044af33,1777362331,0.58,20.0,no,"{""count_fp"":""20.00"",""created_time"":""2026-04-28T07:45:31.577771Z"",""no_price_dollars"":""0.4200"",""taker_side"":""no"",""ticker"":""KXBTC15M-26APR280400-00"",""trade_id"":""ee72d542-c690-7d66-0a63-0a414044af33"",""yes_price_dollars"":""0.5800""}"
KXBTC15M-26APR280400-00,4a4e9de8-bfe2-7c34-1d54-56aa7a97a485,1777362331,0.58,30.0,no,"{""count_fp"":""30.00"",""created_time"":""2026-04-28T07:45:31.577771Z"",""no_price_dollars"":""0.4200"",""taker_side"":""no"",""ticker"":""KXBTC15M-26APR280400-00"",""trade_id"":""4a4e9de8-bfe2-7c34-1d54-56aa7a97a485"",""yes_price_dollars"":""0.5800""}"
KXBTC15M-26APR280400-00,5741e4c3-beb7-7d51-b239-fffe63174604,1777362331,0.59,8.23,yes,"{""count_fp"":""8.23"",""created_time"":""2026-04-28T07:45:31.420989Z"",""no_price_dollars"":""0.4100"",""taker_side"":""yes"",""ticker"":""KXBTC15M-26APR280400-00"",""trade_id"":""5741e4c3-beb7-7d51-b239-fffe63174604"",""yes_price_dollars"":""0.5900""}"
KXBTC15M-26APR280400-00,7b625e15-c62a-6132-efd7-1f1cd44dea79,1777362332,0.57,20.0,no,"{""count_fp"":""20.00"",""created_time"":""2026-04-28T07:45:32.317344Z"",""no_price_dollars"":""0.4300"",""taker_side"":""no"",""ticker"":""KXBTC15M-26APR280400-00"",""trade_id"":""7b625e15-c62a-6132-efd7-1f1cd44dea79"",""yes_price_dollars"":""0.5700""}"
KXBTC15M-26APR280400-00,37c9a521-c23d-473d-d821-f7e0d039d313,1777362332,0.58,1.0,yes,"{""count_fp"":""1.00"",""created_time"":""2026-04-28T07:45:32.301144Z"",""no_price_dollars"":""0.4200"",""taker_side"":""yes"",""ticker"":""KXBTC15M-26APR280400-00"",""trade_id"":""37c9a521-c23d-473d-d821-f7e0d039d313"",""yes_price_dollars"":""0.5800""}"
KXBTC15M-26APR280400-00,ade69b26-fe83-44f1-4b14-1a529c48eb0c,1777362332,0.59,0.32,yes,"{""count_fp"":""0.32"",""created_time"":""2026-04-28T07:45:32.181926Z"",""no_price_dollars"":""0.4100"",""taker_side"":""yes"",""ticker"":""KXBTC15M-26APR280400-00"",""trade_id"":""ade69b26-fe83-44f1-4b14-1a529c48eb0c"",""yes_price_dollars"":""0.5900""}"
KXBTC15M-26APR280400-00,e7039a4b-9227-5a1c-4a2f-84c8d4ad91b1,1777362332,0.58,892.42,no,"{""count_fp"":""892.42"",""created_time"":""2026-04-28T07:45:32.149677Z"",""no_price_dollars"":""0.4200"",""taker_side"":""no"",""ticker"":""KXBTC15M-26APR280400-00"",""trade_id"":""e7039a4b-9227-5a1c-4a2f-84c8d4ad91b1"",""yes_price_dollars"":""0.5800""}"
KXBTC15M-26APR280400-00,80b38395-8109-5785-4654-052654dd0bee,1777362332,0.58,10.0,no,"{""count_fp"":""10.00"",""created_time"":""2026-04-28T07:45:32.149677Z"",""no_price_dollars"":""0.4200"",""taker_side"":""no"",""ticker"":""KXBTC15M-26APR280400-00"",""trade_id"":""80b38395-8109-5785-4654-052654dd0bee"",""yes_price_dollars"":""0.5800""}"
KXBTC15M-26APR280400-00,7e579025-6e24-52a8-6448-bf48dcf917cc,1777362332,0.58,20.0,no,"{""count_fp"":""20.00"",""created_time"":""2026-04-28T07:45:32.149677Z"",""no_price_dollars"":""0.4200"",""taker_side"":""no"",""ticker"":""KXBTC15M-26APR280400-00"",""trade_id"":""7e579025-6e24-52a8-6448-bf48dcf917cc"",""yes_price_dollars"":""0.5800""}"
KXBTC15M-26APR280400-00,0f1795fe-6185-5cd4-666d-12fe9a596cb3,1777362332,0.58,1.0,no,"{""count_fp"":""1.00"",""created_time"":""2026-04-28T07:45:32.149677Z"",""no_price_dollars"":""0.4200"",""taker_side"":""no"",""ticker"":""KXBTC15M-26APR280400-00"",""trade_id"":""0f1795fe-6185-5cd4-666d-12fe9a596cb3"",""yes_price_dollars"":""0.5800""}"
KXBTC15M-26APR280400-00,4ba5c7a3-fa63-4380-33a2-4bc786dd6029,1777362332,0.58,35.54,no,"{""count_fp"":""35.54"",""created_time"":""2026-04-28T07:45:32.104056Z"",""no_price_dollars"":""0.4200"",""taker_side"":""no"",""ticker"":""KXBTC15M-26APR280400-00"",""trade_id"":""4ba5c7a3-fa63-4380-33a2-4bc786dd6029"",""yes_price_dollars"":""0.5800""}"
KXBTC15M-26APR280400-00,a5453c30-8692-6880-e5e6-9554bfa3275b,1777362333,0.57,8.23,yes,"{""count_fp"":""8.23"",""created_time"":""2026-04-28T07:45:33.747279Z"",""no_price_dollars"":""0.4300"",""taker_side"":""yes"",""ticker"":""KXBTC15M-26APR280400-00"",""trade_id"":""a5453c30-8692-6880-e5e6-9554bfa3275b"",""yes_price_dollars"":""0.5700""}"
KXBTC15M-26APR280400-00,cd400d17-b68d-74ab-d913-b16dfaff4522,1777362335,0.57,17.0,yes,"{""count_fp"":""17.00"",""created_time"":""2026-04-28T07:45:35.560184Z"",""no_price_dollars"":""0.4300"",""taker_side"":""yes"",""ticker"":""KXBTC15M-26APR280400-00"",""trade_id"":""cd400d17-b68d-74ab-d913-b16dfaff4522"",""yes_price_dollars"":""0.5700""}"
KXBTC15M-26APR280400-00,770a9355-4a85-7bd5-c2c0-4820153d4c85,1777362335,0.57,1.0,yes,"{""count_fp"":""1.00"",""created_time"":""2026-04-28T07:45:35.560184Z"",""no_price_dollars"":""0.4300"",""taker_side"":""yes"",""ticker"":""KXBTC15M-26APR280400-00"",""trade_id"":""770a9355-4a85-7bd5-c2c0-4820153d4c85"",""yes_price_dollars"":""0.5700""}"
KXBTC15M-26APR280400-00,6f42ed9c-cd83-778f-cc9d-b164e540f605,1777362335,0.57,2.36,yes,"{""count_fp"":""2.36"",""created_time"":""2026-04-28T07:45:35.560184Z"",""no_price_dollars"":""0.4300"",""taker_side"":""yes"",""ticker"":""KXBTC15M-26APR280400-00"",""trade_id"":""6f42ed9c-cd83-778f-cc9d-b164e540f605"",""yes_price_dollars"":""0.5700""}"
KXBTC15M-26APR280400-00,44f242cc-b1ab-73c2-ce93-7e4763a196f1,1777362335,0.57,3.0,yes,"{""count_fp"":""3.00"",""created_time"":""2026-04-28T07:45:35.560184Z"",""no_price_dollars"":""0.4300"",""taker_side"":""yes"",""ticker"":""KXBTC15M-26APR280400-00"",""trade_id"":""44f242cc-b1ab-73c2-ce93-7e4763a196f1"",""yes_price_dollars"":""0.5700""}"
KXBTC15M-26APR280400-00,77b3111c-5f07-6a3e-0483-84aa467dd4fb,1777362335,0.57,6.64,yes,"{""count_fp"":""6.64"",""created_time"":""2026-04-28T07:45:35.286099Z"",""no_price_dollars"":""0.4300"",""taker_side"":""yes"",""ticker"":""KXBTC15M-26APR280400-00"",""trade_id"":""77b3111c-5f07-6a3e-0483-84aa467dd4fb"",""yes_price_dollars"":""0.5700""}"
KXBTC15M-26APR280400-00,9b7cbde1-a10f-5fa6-7c7c-8de1612d170f,1777362335,0.57,1.0,yes,"{""count_fp"":""1.00"",""created_time"":""2026-04-28T07:45:35.279923Z"",""no_price_dollars"":""0.4300"",""taker_side"":""yes"",""ticker"":""KXBTC15M-26APR280400-00"",""trade_id"":""9b7cbde1-a10f-5fa6-7c7c-8de1612d170f"",""yes_price_dollars"":""0.5700""}"
KXBTC15M-26APR280400-00,028d3922-beb9-671e-3130-ff7b25ab92f9,1777362335,0.57,1.7,yes,"{""count_fp"":""1.70"",""created_time"":""2026-04-28T07:45:35.053988Z"",""no_price_dollars"":""0.4300"",""taker_side"":""yes"",""ticker"":""KXBTC15M-26APR280400-00"",""trade_id"":""028d3922-beb9-671e-3130-ff7b25ab92f9"",""yes_price_dollars"":""0.5700""}"
KXBTC15M-26APR280400-00,5be2c0b0-fff3-705c-523a-c33ca0f61ad5,1777362336,0.58,1.0,yes,"{""count_fp"":""1.00"",""created_time"":""2026-04-28T07:45:36.627264Z"",""no_price_dollars"":""0.4200"",""taker_side"":""yes"",""ticker"":""KXBTC15M-26APR280400-00"",""trade_id"":""5be2c0b0-fff3-705c-523a-c33ca0f61ad5"",""yes_price_dollars"":""0.5800""}"
KXBTC15M-26APR280400-00,9575d489-3264-5733-8fbc-889a4773c9db,1777362337,0.58,7.0,no,"{""count_fp"":""7.00"",""created_time"":""2026-04-28T07:45:37.342959Z"",""no_price_dollars"":""0.4200"",""taker_side"":""no"",""ticker"":""KXBTC15M-26APR280400-00"",""trade_id"":""9575d489-3264-5733-8fbc-889a4773c9db"",""yes_price_dollars"":""0.5800""}"
KXBTC15M-26APR280400-00,8e124f38-0b4f-5a08-9b6d-cd8c17f4a20d,1777362337,0.58,10.0,no,"{""count_fp"":""10.00"",""created_time"":""2026-04-28T07:45:37.342959Z"",""no_price_dollars"":""0.4200"",""taker_side"":""no"",""ticker"":""KXBTC15M-26APR280400-00"",""trade_id"":""8e124f38-0b4f-5a08-9b6d-cd8c17f4a20d"",""yes_price_dollars"":""0.5800""}"
KXBTC15M-26APR280400-00,48cf0322-a55b-50e4-9650-39378fccc316,1777362337,0.58,14.32,no,"{""count_fp"":""14.32"",""created_time"":""2026-04-28T07:45:37.342959Z"",""no_price_dollars"":""0.4200"",""taker_side"":""no"",""ticker"":""KXBTC15M-26APR280400-00"",""trade_id"":""48cf0322-a55b-50e4-9650-39378fccc316"",""yes_price_dollars"":""0.5800""}"
KXBTC15M-26APR280400-00,392b052f-8d4d-5999-8abb-006cf701de64,1777362337,0.58,3.0,no,"{""count_fp"":""3.00"",""created_time"":""2026-04-28T07:45:37.342959Z"",""no_price_dollars"":""0.4200"",""taker_side"":""no"",""ticker"":""KXBTC15M-26APR280400-00"",""trade_id"":""392b052f-8d4d-5999-8abb-006cf701de64"",""yes_price_dollars"":""0.5800""}"
KXBTC15M-26APR280400-00,eb41c94d-c1c4-4466-ac3d-174b802571d5,1777362337,0.58,16.0,yes,"{""count_fp"":""16.00"",""created_time"":""2026-04-28T07:45:37.201078Z"",""no_price_dollars"":""0.4200"",""taker_side"":""yes"",""ticker"":""KXBTC15M-26APR280400-00"",""trade_id"":""eb41c94d-c1c4-4466-ac3d-174b802571d5"",""yes_price_dollars"":""0.5800""}"
KXBTC15M-26APR280400-00,eac4b964-9aaf-4ce8-b3c6-aabd07a22563,1777362337,0.58,8.03,yes,"{""count_fp"":""8.03"",""created_time"":""2026-04-28T07:45:37.201078Z"",""no_price_dollars"":""0.4200"",""taker_side"":""yes"",""ticker"":""KXBTC15M-26APR280400-00"",""trade_id"":""eac4b964-9aaf-4ce8-b3c6-aabd07a22563"",""yes_price_dollars"":""0.5800""}"
KXBTC15M-26APR280400-00,0788808a-ba39-4712-8a51-3ab8319e9452,1777362337,0.58,3.0,yes,"{""count_fp"":""3.00"",""created_time"":""2026-04-28T07:45:37.201078Z"",""no_price_dollars"":""0.4200"",""taker_side"":""yes"",""ticker"":""KXBTC15M-26APR280400-00"",""trade_id"":""0788808a-ba39-4712-8a51-3ab8319e9452"",""yes_price_dollars"":""0.5800""}"
KXBTC15M-26APR280400-00,494a77f3-99e3-4861-aa46-2cdc43cf86f0,1777362337,0.58,42.17,yes,"{""count_fp"":""42.17"",""created_time"":""2026-04-28T07:45:37.190758Z"",""no_price_dollars"":""0.4200"",""taker_side"":""yes"",""ticker"":""KXBTC15M-26APR280400-00"",""trade_id"":""494a77f3-99e3-4861-aa46-2cdc43cf86f0"",""yes_price_dollars"":""0.5800""}"
KXBTC15M-26APR280400-00,cb323855-4aeb-5809-441a-53b6501cc898,1777362337,0.58,33.71,yes,"{""count_fp"":""33.71"",""created_time"":""2026-04-28T07:45:37.186527Z"",""no_price_dollars"":""0.4200"",""taker_side"":""yes"",""ticker"":""KXBTC15M-26APR280400-00"",""trade_id"":""cb323855-4aeb-5809-441a-53b6501cc898"",""yes_price_dollars"":""0.5800""}"
KXBTC15M-26APR280400-00,b0fbf68a-5a74-7427-f0f3-bbcf9ec0406c,1777362337,0.57,7.0,no,"{""count_fp"":""7.00"",""created_time"":""2026-04-28T07:45:37.149339Z"",""no_price_dollars"":""0.4300"",""taker_side"":""no"",""ticker"":""KXBTC15M-26APR280400-00"",""trade_id"":""b0fbf68a-5a74-7427-f0f3-bbcf9ec0406c"",""yes_price_dollars"":""0.5700""}"
KXBTC15M-26APR280400-00,6ca5c2d6-36af-5c19-01a8-a3ea0e110f08,1777362337,0.58,2.94,yes,"{""count_fp"":""2.94"",""created_time"":""2026-04-28T07:45:37.020702Z"",""no_price_dollars"":""0.4200"",""taker_side"":""yes"",""ticker"":""KXBTC15M-26APR280400-00"",""trade_id"":""6ca5c2d6-36af-5c19-01a8-a3ea0e110f08"",""yes_price_dollars"":""0.5800""}"
KXBTC15M-26APR280400-00,3951cb08-b58f-5440-1f39-ff00a05b8869,1777362337,0.58,2.0,yes,"{""count_fp"":""2.00"",""created_time"":""2026-04-28T07:45:37.020702Z"",""no_price_dollars"":""0.4200"",""taker_side"":""yes"",""ticker"":""KXBTC15M-26APR280400-00"",""trade_id"":""3951cb08-b58f-5440-1f39-ff00a05b8869"",""yes_price_dollars"":""0.5800""}"
KXBTC15M-26APR280400-00,9898e421-f926-5a93-037e-c336a03c333b,1777362339,0.59,25.62,yes,"{""count_fp"":""25.62"",""created_time"":""2026-04-28T07:45:39.860792Z"",""no_price_dollars"":""0.4100"",""taker_side"":""yes"",""ticker"":""KXBTC15M-26APR280400-00"",""trade_id"":""9898e421-f926-5a93-037e-c336a03c333b"",""yes_price_dollars"":""0.5900""}"
KXBTC15M-26APR280400-00,cdc9e9cd-d45e-7574-5c5c-eb5934b3287b,1777362339,0.59,3.0,yes,"{""count_fp"":""3.00"",""created_time"":""2026-04-28T07:45:39.679158Z"",""no_price_dollars"":""0.4100"",""taker_side"":""yes"",""ticker"":""KXBTC15M-26APR280400-00"",""trade_id"":""cdc9e9cd-d45e-7574-5c5c-eb5934b3287b"",""yes_price_dollars"":""0.5900""}"
KXBTC15M-26APR280400-00,accbeb72-514a-7147-4cd4-c776d0ea86af,1777362339,0.59,26.02,yes,"{""count_fp"":""26.02"",""created_time"":""2026-04-28T07:45:39.679158Z"",""no_price_dollars"":""0.4100"",""taker_side"":""yes"",""ticker"":""KXBTC15M-26APR280400-00"",""trade_id"":""accbeb72-514a-7147-4cd4-c776d0ea86af"",""yes_price_dollars"":""0.5900""}"
KXBTC15M-26APR280400-00,4298936c-8832-73d7-4237-cbbe87c8dbec,1777362339,0.59,3.93,yes,"{""count_fp"":""3.93"",""created_time"":""2026-04-28T07:45:39.679158Z"",""no_price_dollars"":""0.4100"",""taker_side"":""yes"",""ticker"":""KXBTC15M-26APR280400-00"",""trade_id"":""4298936c-8832-73d7-4237-cbbe87c8dbec"",""yes_price_dollars"":""0.5900""}"
KXBTC15M-26APR280400-00,f89e9f12-165a-69e7-55d8-f39cf79db910,1777362339,0.59,16.47,yes,"{""count_fp"":""16.47"",""created_time"":""2026-04-28T07:45:39.622263Z"",""no_price_dollars"":""0.4100"",""taker_side"":""yes"",""ticker"":""KXBTC15M-26APR280400-00"",""trade_id"":""f89e9f12-165a-69e7-55d8-f39cf79db910"",""yes_price_dollars"":""0.5900""}"
KXBTC15M-26APR280400-00,a1040e58-a943-6bff-12b0-c9ece2cff470,1777362339,0.59,3.0,yes,"{""count_fp"":""3.00"",""created_time"":""2026-04-28T07:45:39.229116Z"",""no_price_dollars"":""0.4100"",""taker_side"":""yes"",""ticker"":""KXBTC15M-26APR280400-00"",""trade_id"":""a1040e58-a943-6bff-12b0-c9ece2cff470"",""yes_price_dollars"":""0.5900""}"
KXBTC15M-26APR280400-00,8221e5ad-76f6-67ad-39cd-85f2ca55bca6,1777362339,0.59,40.0,yes,"{""count_fp"":""40.00"",""created_time"":""2026-04-28T07:45:39.229116Z"",""no_price_dollars"":""0.4100"",""taker_side"":""yes"",""ticker"":""KXBTC15M-26APR280400-00"",""trade_id"":""8221e5ad-76f6-67ad-39cd-85f2ca55bca6"",""yes_price_dollars"":""0.5900""}"
KXBTC15M-26APR280400-00,18a8c21d-0b72-656f-0e12-ffb96886668c,1777362339,0.59,19.6,yes,"{""count_fp"":""19.60"",""created_time"":""2026-04-28T07:45:39.229116Z"",""no_price_dollars"":""0.4100"",""taker_side"":""yes"",""ticker"":""KXBTC15M-26APR280400-00"",""trade_id"":""18a8c21d-0b72-656f-0e12-ffb96886668c"",""yes_price_dollars"":""0.5900""}"
KXBTC15M-26APR280400-00,c50c460e-4427-6b58-ceb8-fa6993cc5742,1777362339,0.58,5.68,no,"{""count_fp"":""5.68"",""created_time"":""2026-04-28T07:45:39.082981Z"",""no_price_dollars"":""0.4200"",""taker_side"":""no"",""ticker"":""KXBTC15M-26APR280400-00"",""trade_id"":""c50c460e-4427-6b58-ceb8-fa6993cc5742"",""yes_price_dollars"":""0.5800""}"
KXBTC15M-26APR280400-00,3d67fa33-251b-6e9a-dd3d-5f39e3952484,1777362339,0.58,10.33,no,"{""count_fp"":""10.33"",""created_time"":""2026-04-28T07:45:39.082981Z"",""no_price_dollars"":""0.4200"",""taker_side"":""no"",""ticker"":""KXBTC15M-26APR280400-00"",""trade_id"":""3d67fa33-251b-6e9a-dd3d-5f39e3952484"",""yes_price_dollars"":""0.5800""}"
KXBTC15M-26APR280400-00,ad13230d-4645-75e0-a4d3-5390e4ad734d,1777362341,0.59,1.52,yes,"{""count_fp"":""1.52"",""created_time"":""2026-04-28T07:45:41.943607Z"",""no_price_dollars"":""0.4100"",""taker_side"":""yes"",""ticker"":""KXBTC15M-26APR280400-00"",""trade_id"":""ad13230d-4645-75e0-a4d3-5390e4ad734d"",""yes_price_dollars"":""0.5900""}"
KXBTC15M-26APR280400-00,6b237e3f-f70a-7fcf-89c1-33086c5bb499,1777362341,0.59,1.77,yes,"{""count_fp"":""1.77"",""created_time"":""2026-04-28T07:45:41.943607Z"",""no_price_dollars"":""0.4100"",""taker_side"":""yes"",""ticker"":""KXBTC15M-26APR280400-00"",""trade_id"":""6b237e3f-f70a-7fcf-89c1-33086c5bb499"",""yes_price_dollars"":""0.5900""}"
KXBTC15M-26APR280400-00,be19237b-2bfa-54bb-4075-cd09b93c93c1,1777362341,0.59,8.23,yes,"{""count_fp"":""8.23"",""created_time"":""2026-04-28T07:45:41.893823Z"",""no_price_dollars"":""0.4100"",""taker_side"":""yes"",""ticker"":""KXBTC15M-26APR280400-00"",""trade_id"":""be19237b-2bfa-54bb-4075-cd09b93c93c1"",""yes_price_dollars"":""0.5900""}"
KXBTC15M-26APR280400-00,c4e58344-4577-5eca-6f02-682a3e7e0e2c,1777362342,0.58,0.99,no,"{""count_fp"":""0.99"",""created_time"":""2026-04-28T07:45:42.978193Z"",""no_price_dollars"":""0.4200"",""taker_side"":""no"",""ticker"":""KXBTC15M-26APR280400-00"",""trade_id"":""c4e58344-4577-5eca-6f02-682a3e7e0e2c"",""yes_price_dollars"":""0.5800""}"
KXBTC15M-26APR280400-00,dfd926cb-15cb-6fd2-1b37-6227bb91bca9,1777362342,0.58,21.99,no,"{""count_fp"":""21.99"",""created_time"":""2026-04-28T07:45:42.973689Z"",""no_price_dollars"":""0.4200"",""taker_side"":""no"",""ticker"":""KXBTC15M-26APR280400-00"",""trade_id"":""dfd926cb-15cb-6fd2-1b37-6227bb91bca9"",""yes_price_dollars"":""0.5800""}"
KXBTC15M-26APR280400-00,dc64c21c-1e0e-619a-1d08-58999050428e,1777362342,0.58,7.0,no,"{""count_fp"":""7.00"",""created_time"":""2026-04-28T07:45:42.973689Z"",""no_price_dollars"":""0.4200"",""taker_side"":""no"",""ticker"":""KXBTC15M-26APR280400-00"",""trade_id"":""dc64c21c-1e0e-619a-1d08-58999050428e"",""yes_price_dollars"":""0.5800""}"
KXBTC15M-26APR280400-00,814c5918-7695-6a87-17e2-b2f5cb7fcc3d,1777362342,0.58,3.99,no,"{""count_fp"":""3.99"",""created_time"":""2026-04-28T07:45:42.973689Z"",""no_price_dollars"":""0.4200"",""taker_side"":""no"",""ticker"":""KXBTC15M-26APR280400-00"",""trade_id"":""814c5918-7695-6a87-17e2-b2f5cb7fcc3d"",""yes_price_dollars"":""0.5800""}"
KXBTC15M-26APR280400-00,63327cf8-379d-69fd-1a3e-a1a238a5fad9,1777362342,0.58,16.01,no,"{""count_fp"":""16.01"",""created_time"":""2026-04-28T07:45:42.973689Z"",""no_price_dollars"":""0.4200"",""taker_side"":""no"",""ticker"":""KXBTC15M-26APR280400-00"",""trade_id"":""63327cf8-379d-69fd-1a3e-a1a238a5fad9"",""yes_price_dollars"":""0.5800""}"
KXBTC15M-26APR280400-00,3894cf3a-c2cf-6d2e-0656-65fdba161604,1777362342,0.58,3.01,no,"{""count_fp"":""3.01"",""created_time"":""2026-04-28T07:45:42.973689Z"",""no_price_dollars"":""0.4200"",""taker_side"":""no"",""ticker"":""KXBTC15M-26APR280400-00"",""trade_id"":""3894cf3a-c2cf-6d2e-0656-65fdba161604"",""yes_price_dollars"":""0.5800""}"
KXBTC15M-26APR280400-00,ffddd1d4-1a63-6b78-5c2a-58c192c630bd,1777362342,0.59,5.99,yes,"{""count_fp"":""5.99"",""created_time"":""2026-04-28T07:45:42.355883Z"",""no_price_dollars"":""0.4100"",""taker_side"":""yes"",""ticker"":""KXBTC15M-26APR280400-00"",""trade_id"":""ffddd1d4-1a63-6b78-5c2a-58c192c630bd"",""yes_price_dollars"":""0.5900""}"
KXBTC15M-26APR280400-00,5f99727b-cd99-6358-7225-8e7566e617c5,1777362342,0.59,2.01,yes,"{""count_fp"":""2.01"",""created_time"":""2026-04-28T07:45:42.355883Z"",""no_price_dollars"":""0.4100"",""taker_side"":""yes"",""ticker"":""KXBTC15M-26APR280400-00"",""trade_id"":""5f99727b-cd99-6358-7225-8e7566e617c5"",""yes_price_dollars"":""0.5900""}"
KXBTC15M-26APR280400-00,24f55b21-e3d5-724c-3beb-563447b198a9,1777362342,0.59,16.47,yes,"{""count_fp"":""16.47"",""created_time"":""2026-04-28T07:45:42.175196Z"",""no_price_dollars"":""0.4100"",""taker_side"":""yes"",""ticker"":""KXBTC15M-26APR280400-00"",""trade_id"":""24f55b21-e3d5-724c-3beb-563447b198a9"",""yes_price_dollars"":""0.5900""}"
KXBTC15M-26APR280400-00,4bda5bb3-1f9f-5b1e-85ea-c7a69b071c65,1777362342,0.58,1.01,no,"{""count_fp"":""1.01"",""created_time"":""2026-04-28T07:45:42.128Z"",""no_price_dollars"":""0.4200"",""taker_side"":""no"",""ticker"":""KXBTC15M-26APR280400-00"",""trade_id"":""4bda5bb3-1f9f-5b1e-85ea-c7a69b071c65"",""yes_price_dollars"":""0.5800""}"
KXBTC15M-26APR280400-00,4042ef1a-901b-57de-bde4-d2253fb972a8,1777362342,0.58,3.99,no,"{""count_fp"":""3.99"",""created_time"":""2026-04-28T07:45:42.128Z"",""no_price_dollars"":""0.4200"",""taker_side"":""no"",""ticker"":""KXBTC15M-26APR280400-00"",""trade_id"":""4042ef1a-901b-57de-bde4-d2253fb972a8"",""yes_price_dollars"":""0.5800""}"
KXBTC15M-26APR280400-00,93065b1e-e071-4c0a-a58b-bf34e0fa5505,1777362344,0.54,17.36,yes,"{""count_fp"":""17.36"",""created_time"":""2026-04-28T07:45:44.864288Z"",""no_price_dollars"":""0.4600"",""taker_side"":""yes"",""ticker"":""KXBTC15M-26APR280400-00"",""trade_id"":""93065b1e-e071-4c0a-a58b-bf34e0fa5505"",""yes_price_dollars"":""0.5400""}"
KXBTC15M-26APR280400-00,45486c47-da5d-4812-8f36-7327c74ad9e2,1777362344,0.54,28.64,yes,"{""count_fp"":""28.64"",""created_time"":""2026-04-28T07:45:44.864288Z"",""no_price_dollars"":""0.4600"",""taker_side"":""yes"",""ticker"":""KXBTC15M-26APR280400-00"",""trade_id"":""45486c47-da5d-4812-8f36-7327c74ad9e2"",""yes_price_dollars"":""0.5400""}"
KXBTC15M-26APR280400-00,524db7d6-0775-7f36-4e08-a787b6b952b6,1777362344,0.54,3.0,yes,"{""count_fp"":""3.00"",""created_time"":""2026-04-28T07:45:44.666799Z"",""no_price_dollars"":""0.4600"",""taker_side"":""yes"",""ticker"":""KXBTC15M-26APR280400-00"",""trade_id"":""524db7d6-0775-7f36-4e08-a787b6b952b6"",""yes_price_dollars"":""0.5400""}"
KXBTC15M-26APR280400-00,5c0ef409-0be5-5bc6-b4d7-e290a9078e06,1777362344,0.54,8.36,yes,"{""count_fp"":""8.36"",""created_time"":""2026-04-28T07:45:44.604797Z"",""no_price_dollars"":""0.4600"",""taker_side"":""yes"",""ticker"":""KXBTC15M-26APR280400-00"",""trade_id"":""5c0ef409-0be5-5bc6-b4d7-e290a9078e06"",""yes_price_dollars"":""0.5400""}"
KXBTC15M-26APR280400-00,c6b23f1b-dcae-75b7-3f2c-473297245931,1777362344,0.54,49.0,no,"{""count_fp"":""49.00"",""created_time"":""2026-04-28T07:45:44.469755Z"",""no_price_dollars"":""0.4600"",""taker_side"":""no"",""ticker"":""KXBTC15M-26APR280400-00"",""trade_id"":""c6b23f1b-dcae-75b7-3f2c-473297245931"",""yes_price_dollars"":""0.5400""}"
KXBTC15M-26APR280400-00,2749f6a5-2835-7f34-2500-3336f1f5a3cb,1777362344,0.54,9.0,no,"{""count_fp"":""9.00"",""created_time"":""2026-04-28T07:45:44.469755Z"",""no_price_dollars"":""0.4600"",""taker_side"":""no"",""ticker"":""KXBTC15M-26APR280400-00"",""trade_id"":""2749f6a5-2835-7f34-2500-3336f1f5a3cb"",""yes_price_dollars"":""0.5400""}"
KXBTC15M-26APR280400-00,ddae153f-b4b7-515a-2d3c-2e3783b9b433,1777362344,0.55,20.97,no,"{""count_fp"":""20.97"",""created_time"":""2026-04-28T07:45:44.380122Z"",""no_price_dollars"":""0.4500"",""taker_side"":""no"",""ticker"":""KXBTC15M-26APR280400-00"",""trade_id"":""ddae153f-b4b7-515a-2d3c-2e3783b9b433"",""yes_price_dollars"":""0.5500""}"
KXBTC15M-26APR280400-00,7d9bb800-9f33-7046-6b6a-b51450df6d8a,1777362344,0.55,2.0,no,"{""count_fp"":""2.00"",""created_time"":""2026-04-28T07:45:44.366105Z"",""no_price_dollars"":""0.4500"",""taker_side"":""no"",""ticker"":""KXBTC15M-26APR280400-00"",""trade_id"":""7d9bb800-9f33-7046-6b6a-b51450df6d8a"",""yes_price_dollars"":""0.5500""}"
KXBTC15M-26APR280400-00,79634c13-8bf7-7b86-4884-0bcd056f8f5f,1777362344,0.55,38.0,no,"{""count_fp"":""38.00"",""created_time"":""2026-04-28T07:45:44.366105Z"",""no_price_dollars"":""0.4500"",""taker_side"":""no"",""ticker"":""KXBTC15M-26APR280400-00"",""trade_id"":""79634c13-8bf7-7b86-4884-0bcd056f8f5f"",""yes_price_dollars"":""0.5500""}"
KXBTC15M-26APR280400-00,2191aaa5-1b3d-7ad5-4a4a-03fb30952144,1777362344,0.55,20.0,no,"{""count_fp"":""20.00"",""created_time"":""2026-04-28T07:45:44.366105Z"",""no_price_dollars"":""0.4500"",""taker_side"":""no"",""ticker"":""KXBTC15M-26APR280400-00"",""trade_id"":""2191aaa5-1b3d-7ad5-4a4a-03fb30952144"",""yes_price_dollars"":""0.5500""}"
KXBTC15M-26APR280400-00,b3b7fb02-b2f9-4e1e-dcb8-4a19e639e9e1,1777362345,0.54,1.0,yes,"{""count_fp"":""1.00"",""created_time"":""2026-04-28T07:45:45.712202Z"",""no_price_dollars"":""0.4600"",""taker_side"":""yes"",""ticker"":""KXBTC15M-26APR280400-00"",""trade_id"":""b3b7fb02-b2f9-4e1e-dcb8-4a19e639e9e1"",""yes_price_dollars"":""0.5400""}"
KXBTC15M-26APR280400-00,4c503945-fa3d-7332-0224-a2a669dee7b5,1777362345,0.54,1.67,yes,"{""count_fp"":""1.67"",""created_time"":""2026-04-28T07:45:45.642389Z"",""no_price_dollars"":""0.4600"",""taker_side"":""yes"",""ticker"":""KXBTC15M-26APR280400-00"",""trade_id"":""4c503945-fa3d-7332-0224-a2a669dee7b5"",""yes_price_dollars"":""0.5400""}"
KXBTC15M-26APR280400-00,9072684a-64f1-535a-b0ea-47034540664d,1777362345,0.54,1.67,yes,"{""count_fp"":""1.67"",""created_time"":""2026-04-28T07:45:45.094755Z"",""no_price_dollars"":""0.4600"",""taker_side"":""yes"",""ticker"":""KXBTC15M-26APR280400-00"",""trade_id"":""9072684a-64f1-535a-b0ea-47034540664d"",""yes_price_dollars"":""0.5400""}"
KXBTC15M-26APR280400-00,0bc9fe6a-685d-55e6-742b-b3c915ad9afd,1777362345,0.54,3.29,yes,"{""count_fp"":""3.29"",""created_time"":""2026-04-28T07:45:45.056052Z"",""no_price_dollars"":""0.4600"",""taker_side"":""yes"",""ticker"":""KXBTC15M-26APR280400-00"",""trade_id"":""0bc9fe6a-685d-55e6-742b-b3c915ad9afd"",""yes_price_dollars"":""0.5400""}"
KXBTC15M-26APR280400-00,32b2d858-6436-4042-ffa5-d90263db81a0,1777362346,0.53,20.0,no,"{""count_fp"":""20.00"",""created_time"":""2026-04-28T07:45:46.540488Z"",""no_price_dollars"":""0.4700"",""taker_side"":""no"",""ticker"":""KXBTC15M-26APR280400-00"",""trade_id"":""32b2d858-6436-4042-ffa5-d90263db81a0"",""yes_price_dollars"":""0.5300""}"
KXBTC15M-26APR280400-00,009be1e2-b722-4e12-ed8a-dc0623223929,1777362346,0.53,0.51,no,"{""count_fp"":""0.51"",""created_time"":""2026-04-28T07:45:46.540488Z"",""no_price_dollars"":""0.4700"",""taker_side"":""no"",""ticker"":""KXBTC15M-26APR280400-00"",""trade_id"":""009be1e2-b722-4e12-ed8a-dc0623223929"",""yes_price_dollars"":""0.5300""}"
KXBTC15M-26APR280400-00,e3596ac8-0c01-481a-894d-5882b812b1c9,1777362346,0.54,89.7,yes,"{""count_fp"":""89.70"",""created_time"":""2026-04-28T07:45:46.330928Z"",""no_price_dollars"":""0.4600"",""taker_side"":""yes"",""ticker"":""KXBTC15M-26APR280400-00"",""trade_id"":""e3596ac8-0c01-481a-894d-5882b812b1c9"",""yes_price_dollars"":""0.5400""}"
KXBTC15M-26APR280400-00,440c3b4e-a869-42d6-de41-c819022baf09,1777362346,0.54,28.0,yes,"{""count_fp"":""28.00"",""created_time"":""2026-04-28T07:45:46.255171Z"",""no_price_dollars"":""0.4600"",""taker_side"":""yes"",""ticker"":""KXBTC15M-26APR280400-00"",""trade_id"":""440c3b4e-a869-42d6-de41-c819022baf09"",""yes_price_dollars"":""0.5400""}"
KXBTC15M-26APR280400-00,318c6f63-77ad-499e-7eb3-3733f3327895,1777362346,0.54,1.64,yes,"{""count_fp"":""1.64"",""created_time"":""2026-04-28T07:45:46.213586Z"",""no_price_dollars"":""0.4600"",""taker_side"":""yes"",""ticker"":""KXBTC15M-26APR280400-00"",""trade_id"":""318c6f63-77ad-499e-7eb3-3733f3327895"",""yes_price_dollars"":""0.5400""}"
KXBTC15M-26APR280400-00,def7ac51-6360-43be-2e62-63b534fc4e59,1777362347,0.51,1.0,yes,"{""count_fp"":""1.00"",""created_time"":""2026-04-28T07:45:47.500075Z"",""no_price_dollars"":""0.4900"",""taker_side"":""yes"",""ticker"":""KXBTC15M-26APR280400-00"",""trade_id"":""def7ac51-6360-43be-2e62-63b534fc4e59"",""yes_price_dollars"":""0.5100""}"
KXBTC15M-26APR280400-00,d6d47f24-1874-40eb-ed1d-017344d5a1b7,1777362347,0.5,1.0,no,"{""count_fp"":""1.00"",""created_time"":""2026-04-28T07:45:47.273656Z"",""no_price_dollars"":""0.5000"",""taker_side"":""no"",""ticker"":""KXBTC15M-26APR280400-00"",""trade_id"":""d6d47f24-1874-40eb-ed1d-017344d5a1b7"",""yes_price_dollars"":""0.5000""}"
KXBTC15M-26APR280400-00,7ffb7682-63f2-4965-de04-7d8a1f96752d,1777362347,0.5,1.0,no,"{""count_fp"":""1.00"",""created_time"":""2026-04-28T07:45:47.273656Z"",""no_price_dollars"":""0.5000"",""taker_side"":""no"",""ticker"":""KXBTC15M-26APR280400-00"",""trade_id"":""7ffb7682-63f2-4965-de04-7d8a1f96752d"",""yes_price_dollars"":""0.5000""}"
KXBTC15M-26APR280400-00,7bafe284-b80c-4697-d5a4-1740dc3384e8,1777362347,0.5,1.0,no,"{""count_fp"":""1.00"",""created_time"":""2026-04-28T07:45:47.273656Z"",""no_price_dollars"":""0.5000"",""taker_side"":""no"",""ticker"":""KXBTC15M-26APR280400-00"",""trade_id"":""7bafe284-b80c-4697-d5a4-1740dc3384e8"",""yes_price_dollars"":""0.5000""}"
KXBTC15M-26APR280400-00,091af1af-a31e-4a28-c3de-c44e9a1a909c,1777362347,0.5,4.0,no,"{""count_fp"":""4.00"",""created_time"":""2026-04-28T07:45:47.273656Z"",""no_price_dollars"":""0.5000"",""taker_side"":""no"",""ticker"":""KXBTC15M-26APR280400-00"",""trade_id"":""091af1af-a31e-4a28-c3de-c44e9a1a909c"",""yes_price_dollars"":""0.5000""}"
KXBTC15M-26APR280400-00,038e0660-a469-47ee-d5bc-3726e493cdb0,1777362347,0.5,6.0,no,"{""count_fp"":""6.00"",""created_time"":""2026-04-28T07:45:47.273656Z"",""no_price_dollars"":""0.5000"",""taker_side"":""no"",""ticker"":""KXBTC15M-26APR280400-00"",""trade_id"":""038e0660-a469-47ee-d5bc-3726e493cdb0"",""yes_price_dollars"":""0.5000""}"
KXBTC15M-26APR280400-00,1b25d2e1-48cd-4cab-b604-1ffc37c8a610,1777362347,0.52,5.0,no,"{""count_fp"":""5.00"",""created_time"":""2026-04-28T07:45:47.157617Z"",""no_price_dollars"":""0.4800"",""taker_side"":""no"",""ticker"":""KXBTC15M-26APR280400-00"",""trade_id"":""1b25d2e1-48cd-4cab-b604-1ffc37c8a610"",""yes_price_dollars"":""0.5200""}"
KXBTC15M-26APR280400-00,0481faf5-1e62-4ad1-882d-de9a2e64d8b2,1777362347,0.52,3.0,no,"{""count_fp"":""3.00"",""created_time"":""2026-04-28T07:45:47.157617Z"",""no_price_dollars"":""0.4800"",""taker_side"":""no"",""ticker"":""KXBTC15M-26APR280400-00"",""trade_id"":""0481faf5-1e62-4ad1-882d-de9a2e64d8b2"",""yes_price_dollars"":""0.5200""}"
KXBTC15M-26APR280400-00,86f870c7-27bb-55e2-dbd1-8b4df4500d0c,1777362347,0.53,0.49,no,"{""count_fp"":""0.49"",""created_time"":""2026-04-28T07:45:47.149186Z"",""no_price_dollars"":""0.4700"",""taker_side"":""no"",""ticker"":""KXBTC15M-26APR280400-00"",""trade_id"":""86f870c7-27bb-55e2-dbd1-8b4df4500d0c"",""yes_price_dollars"":""0.5300""}"
KXBTC15M-26APR280400-00,b84efe72-7e03-7154-a272-75ae03a56349,1777362347,0.53,5.0,no,"{""count_fp"":""5.00"",""created_time"":""2026-04-28T07:45:47.141652Z"",""no_price_dollars"":""0.4700"",""taker_side"":""no"",""ticker"":""KXBTC15M-26APR280400-00"",""trade_id"":""b84efe72-7e03-7154-a272-75ae03a56349"",""yes_price_dollars"":""0.5300""}"
KXBTC15M-26APR280400-00,b72c81d4-7b42-7482-a105-c62b025cf69d,1777362347,0.53,39.49,no,"{""count_fp"":""39.49"",""created_time"":""2026-04-28T07:45:47.141652Z"",""no_price_dollars"":""0.4700"",""taker_side"":""no"",""ticker"":""KXBTC15M-26APR280400-00"",""trade_id"":""b72c81d4-7b42-7482-a105-c62b025cf69d"",""yes_price_dollars"":""0.5300""}"
KXBTC15M-26APR280400-00,a9a1a0f4-1317-7ade-9c76-302c29ed3dc8,1777362347,0.53,19.51,no,"{""count_fp"":""19.51"",""created_time"":""2026-04-28T07:45:47.141652Z"",""no_price_dollars"":""0.4700"",""taker_side"":""no"",""ticker"":""KXBTC15M-26APR280400-00"",""trade_id"":""a9a1a0f4-1317-7ade-9c76-302c29ed3dc8"",""yes_price_dollars"":""0.5300""}"
KXBTC15M-26APR280400-00,bc0a2103-3c4d-662a-402f-b63068500625,1777362348,0.53,1.0,yes,"{""count_fp"":""1.00"",""created_time"":""2026-04-28T07:45:48.400541Z"",""no_price_dollars"":""0.4700"",""taker_side"":""yes"",""ticker"":""KXBTC15M-26APR280400-00"",""trade_id"":""bc0a2103-3c4d-662a-402f-b63068500625"",""yes_price_dollars"":""0.5300""}"
KXBTC15M-26APR280400-00,e6052069-6a29-4526-560a-a41b86d18929,1777362348,0.53,38.92,yes,"{""count_fp"":""38.92"",""created_time"":""2026-04-28T07:45:48.346555Z"",""no_price_dollars"":""0.4700"",""taker_side"":""yes"",""ticker"":""KXBTC15M-26APR280400-00"",""trade_id"":""e6052069-6a29-4526-560a-a41b86d18929"",""yes_price_dollars"":""0.5300""}"
KXBTC15M-26APR280400-00,cf8a9a5f-dd28-4f0e-424a-eb67ba9080d4,1777362348,0.51,56.0,yes,"{""count_fp"":""56.00"",""created_time"":""2026-04-28T07:45:48.346555Z"",""no_price_dollars"":""0.4900"",""taker_side"":""yes"",""ticker"":""KXBTC15M-26APR280400-00"",""trade_id"":""cf8a9a5f-dd28-4f0e-424a-eb67ba9080d4"",""yes_price_dollars"":""0.5100""}"
KXBTC15M-26APR280400-00,c4c968b1-0cb7-42c2-6d84-8d4863c4d3a0,1777362348,0.52,3.0,yes,"{""count_fp"":""3.00"",""created_time"":""2026-04-28T07:45:48.346555Z"",""no_price_dollars"":""0.4800"",""taker_side"":""yes"",""ticker"":""KXBTC15M-26APR280400-00"",""trade_id"":""c4c968b1-0cb7-42c2-6d84-8d4863c4d3a0"",""yes_price_dollars"":""0.5200""}"
KXBTC15M-26APR280400-00,80569572-73d1-40b2-587e-05f92e5b1381,1777362348,0.53,50.0,yes,"{""count_fp"":""50.00"",""created_time"":""2026-04-28T07:45:48.346555Z"",""no_price_dollars"":""0.4700"",""taker_side"":""yes"",""ticker"":""KXBTC15M-26APR280400-00"",""trade_id"":""80569572-73d1-40b2-587e-05f92e5b1381"",""yes_price_dollars"":""0.5300""}"
KXBTC15M-26APR280400-00,7dd6741e-2457-4b69-6ce4-1738ddd63aa8,1777362348,0.52,400.0,yes,"{""count_fp"":""400.00"",""created_time"":""2026-04-28T07:45:48.346555Z"",""no_price_dollars"":""0.4800"",""taker_side"":""yes"",""ticker"":""KXBTC15M-26APR280400-00"",""trade_id"":""7dd6741e-2457-4b69-6ce4-1738ddd63aa8"",""yes_price_dollars"":""0.5200""}"
KXBTC15M-26APR280400-00,5d8dce17-acee-4147-7837-87b1516962ca,1777362348,0.53,40.0,yes,"{""count_fp"":""40.00"",""created_time"":""2026-04-28T07:45:48.346555Z"",""no_price_dollars"":""0.4700"",""taker_side"":""yes"",""ticker"":""KXBTC15M-26APR280400-00"",""trade_id"":""5d8dce17-acee-4147-7837-87b1516962ca"",""yes_price_dollars"":""0.5300""}"
KXBTC15M-26APR280400-00,31810ec7-8a55-42a0-4659-8a2a480c434e,1777362348,0.51,20.0,yes,"{""count_fp"":""20.00"",""created_time"":""2026-04-28T07:45:48.346555Z"",""no_price_dollars"":""0.4900"",""taker_side"":""yes"",""ticker"":""KXBTC15M-26APR280400-00"",""trade_id"":""31810ec7-8a55-42a0-4659-8a2a480c434e"",""yes_price_dollars"":""0.5100""}"
KXBTC15M-26APR280400-00,26c93847-d73d-45d0-7b4d-5051bb59c877,1777362348,0.51,20.0,yes,"{""count_fp"":""20.00"",""created_time"":""2026-04-28T07:45:48.346555Z"",""no_price_dollars"":""0.4900"",""taker_side"":""yes"",""ticker"":""KXBTC15M-26APR280400-00"",""trade_id"":""26c93847-d73d-45d0-7b4d-5051bb59c877"",""yes_price_dollars"":""0.5100""}"
KXBTC15M-26APR280400-00,6ff84a34-eb94-6566-3059-ebf8273eb261,1777362348,0.51,17.94,yes,"{""count_fp"":""17.94"",""created_time"":""2026-04-28T07:45:48.027538Z"",""no_price_dollars"":""0.4900"",""taker_side"":""yes"",""ticker"":""KXBTC15M-26APR280400-00"",""trade_id"":""6ff84a34-eb94-6566-3059-ebf8273eb261"",""yes_price_dollars"":""0.5100""}"
KXBTC15M-26APR280400-00,2ca5d968-ed4f-4f51-fe27-a6b64f363f4b,1777362349,0.48,1.0,yes,"{""count_fp"":""1.00"",""created_time"":""2026-04-28T07:45:49.642754Z"",""no_price_dollars"":""0.5200"",""taker_side"":""yes"",""ticker"":""KXBTC15M-26APR280400-00"",""trade_id"":""2ca5d968-ed4f-4f51-fe27-a6b64f363f4b"",""yes_price_dollars"":""0.4800""}"
KXBTC15M-26APR280400-00,319c3587-c85f-5285-2671-67caf012fd73,1777362349,0.48,1.0,yes,"{""count_fp"":""1.00"",""created_time"":""2026-04-28T07:45:49.477062Z"",""no_price_dollars"":""0.5200"",""taker_side"":""yes"",""ticker"":""KXBTC15M-26APR280400-00"",""trade_id"":""319c3587-c85f-5285-2671-67caf012fd73"",""yes_price_dollars"":""0.4800""}"
KXBTC15M-26APR280400-00,c506c7db-ec97-68cd-5c9b-5f924088fbb9,1777362349,0.49,15.65,yes,"{""count_fp"":""15.65"",""created_time"":""2026-04-28T07:45:49.352115Z"",""no_price_dollars"":""0.5100"",""taker_side"":""yes"",""ticker"":""KXBTC15M-26APR280400-00"",""trade_id"":""c506c7db-ec97-68cd-5c9b-5f924088fbb9"",""yes_price_dollars"":""0.4900""}"
KXBTC15M-26APR280400-00,7b765f6a-a1d3-69fa-7308-d0f20aa4d228,1777362349,0.52,35.88,yes,"{""count_fp"":""35.88"",""created_time"":""2026-04-28T07:45:49.290444Z"",""no_price_dollars"":""0.4800"",""taker_side"":""yes"",""ticker"":""KXBTC15M-26APR280400-00"",""trade_id"":""7b765f6a-a1d3-69fa-7308-d0f20aa4d228"",""yes_price_dollars"":""0.5200""}"
KXBTC15M-26APR280400-00,a397771e-c254-62d6-a572-584237aad65b,1777362349,0.49,20.0,no,"{""count_fp"":""20.00"",""created_time"":""2026-04-28T07:45:49.287464Z"",""no_price_dollars"":""0.5100"",""taker_side"":""no"",""ticker"":""KXBTC15M-26APR280400-00"",""trade_id"":""a397771e-c254-62d6-a572-584237aad65b"",""yes_price_dollars"":""0.4900""}"
KXBTC15M-26APR280400-00,9fc311c5-bcc8-6cd5-bf7d-835203409452,1777362349,0.5,40.0,no,"{""count_fp"":""40.00"",""created_time"":""2026-04-28T07:45:49.287464Z"",""no_price_dollars"":""0.5000"",""taker_side"":""no"",""ticker"":""KXBTC15M-26APR280400-00"",""trade_id"":""9fc311c5-bcc8-6cd5-bf7d-835203409452"",""yes_price_dollars"":""0.5000""}"
KXBTC15M-26APR280400-00,9e01c1db-4c40-6485-9d41-ff5228f6d115,1777362349,0.5,400.0,no,"{""count_fp"":""400.00"",""created_time"":""2026-04-28T07:45:49.287464Z"",""no_price_dollars"":""0.5000"",""taker_side"":""no"",""ticker"":""KXBTC15M-26APR280400-00"",""trade_id"":""9e01c1db-4c40-6485-9d41-ff5228f6d115"",""yes_price_dollars"":""0.5000""}"
KXBTC15M-26APR280400-00,9515a5bd-83b3-6401-b33b-68bc25b91ff8,1777362349,0.49,2.0,no,"{""count_fp"":""2.00"",""created_time"":""2026-04-28T07:45:49.287464Z"",""no_price_dollars"":""0.5100"",""taker_side"":""no"",""ticker"":""KXBTC15M-26APR280400-00"",""trade_id"":""9515a5bd-83b3-6401-b33b-68bc25b91ff8"",""yes_price_dollars"":""0.4900""}"
KXBTC15M-26APR280400-00,89805d01-9276-6c68-919f-1b15bddefc5e,1777362349,0.49,3.0,no,"{""count_fp"":""3.00"",""created_time"":""2026-04-28T07:45:49.287464Z"",""no_price_dollars"":""0.5100"",""taker_side"":""no"",""ticker"":""KXBTC15M-26APR280400-00"",""trade_id"":""89805d01-9276-6c68-919f-1b15bddefc5e"",""yes_price_dollars"":""0.4900""}"
KXBTC15M-26APR280400-00,4a80186a-58f8-6c23-a03e-c73f2bda2eeb,1777362349,0.5,200.0,no,"{""count_fp"":""200.00"",""created_time"":""2026-04-28T07:45:49.287464Z"",""no_price_dollars"":""0.5000"",""taker_side"":""no"",""ticker"":""KXBTC15M-26APR280400-00"",""trade_id"":""4a80186a-58f8-6c23-a03e-c73f2bda2eeb"",""yes_price_dollars"":""0.5000""}"
KXBTC15M-26APR280400-00,05e9e123-1ef1-68e3-a229-170c3b5a0aad,1777362349,0.49,40.0,no,"{""count_fp"":""40.00"",""created_time"":""2026-04-28T07:45:49.287464Z"",""no_price_dollars"":""0.5100"",""taker_side"":""no"",""ticker"":""KXBTC15M-26APR280400-00"",""trade_id"":""05e9e123-1ef1-68e3-a229-170c3b5a0aad"",""yes_price_dollars"":""0.4900""}"
KXBTC15M-26APR280400-00,d78eaa43-edd4-59e5-5033-dacc59421e91,1777362349,0.51,22.0,no,"{""count_fp"":""22.00"",""created_time"":""2026-04-28T07:45:49.285016Z"",""no_price_dollars"":""0.4900"",""taker_side"":""no"",""ticker"":""KXBTC15M-26APR280400-00"",""trade_id"":""d78eaa43-edd4-59e5-5033-dacc59421e91"",""yes_price_dollars"":""0.5100""}"
KXBTC15M-26APR280400-00,aeb3fd6c-f070-537c-6e72-5404112bb47e,1777362349,0.52,40.0,no,"{""count_fp"":""40.00"",""created_time"":""2026-04-28T07:45:49.233886Z"",""no_price_dollars"":""0.4800"",""taker_side"":""no"",""ticker"":""KXBTC15M-26APR280400-00"",""trade_id"":""aeb3fd6c-f070-537c-6e72-5404112bb47e"",""yes_price_dollars"":""0.5200""}"
KXBTC15M-26APR280400-00,7f181e1f-dd59-5c37-6c98-76da776b297c,1777362349,0.52,10.0,no,"{""count_fp"":""10.00"",""created_time"":""2026-04-28T07:45:49.233886Z"",""no_price_dollars"":""0.4800"",""taker_side"":""no"",""ticker"":""KXBTC15M-26APR280400-00"",""trade_id"":""7f181e1f-dd59-5c37-6c98-76da776b297c"",""yes_price_dollars"":""0.5200""}"
KXBTC15M-26APR280400-00,c7958aa4-eeff-4541-754c-10b9659c397b,1777362350,0.49,1.78,yes,"{""count_fp"":""1.78"",""created_time"":""2026-04-28T07:45:50.836775Z"",""no_price_dollars"":""0.5100"",""taker_side"":""yes"",""ticker"":""KXBTC15M-26APR280400-00"",""trade_id"":""c7958aa4-eeff-4541-754c-10b9659c397b"",""yes_price_dollars"":""0.4900""}"
KXBTC15M-26APR280400-00,8fbc2f8c-7f73-477d-52d1-7b6a8b6072ad,1777362350,0.49,7.35,yes,"{""count_fp"":""7.35"",""created_time"":""2026-04-28T07:45:50.836775Z"",""no_price_dollars"":""0.5100"",""taker_side"":""yes"",""ticker"":""KXBTC15M-26APR280400-00"",""trade_id"":""8fbc2f8c-7f73-477d-52d1-7b6a8b6072ad"",""yes_price_dollars"":""0.4900""}"
KXBTC15M-26APR280400-00,a6071d8e-7757-68de-bc1b-b43bed8d456f,1777362350,0.47,40.0,no,"{""count_fp"":""40.00"",""created_time"":""2026-04-28T07:45:50.724116Z"",""no_price_dollars"":""0.5300"",""taker_side"":""no"",""ticker"":""KXBTC15M-26APR280400-00"",""trade_id"":""a6071d8e-7757-68de-bc1b-b43bed8d456f"",""yes_price_dollars"":""0.4700""}"
KXBTC15M-26APR280400-00,98e34e92-3b07-65cd-9f0c-f5fedea925fe,1777362350,0.48,40.0,no,"{""count_fp"":""40.00"",""created_time"":""2026-04-28T07:45:50.724116Z"",""no_price_dollars"":""0.5200"",""taker_side"":""no"",""ticker"":""KXBTC15M-26APR280400-00"",""trade_id"":""98e34e92-3b07-65cd-9f0c-f5fedea925fe"",""yes_price_dollars"":""0.4800""}"
KXBTC15M-26APR280400-00,3ee924a0-1ab0-6164-8f07-73d3b7dd0a2b,1777362350,0.47,62.28,no,"{""count_fp"":""62.28"",""created_time"":""2026-04-28T07:45:50.724116Z"",""no_price_dollars"":""0.5300"",""taker_side"":""no"",""ticker"":""KXBTC15M-26APR280400-00"",""trade_id"":""3ee924a0-1ab0-6164-8f07-73d3b7dd0a2b"",""yes_price_dollars"":""0.4700""}"
KXBTC15M-26APR280400-00,05177a4b-0b6e-69f2-9f70-b7b4157903f9,1777362350,0.47,3.0,no,"{""count_fp"":""3.00"",""created_time"":""2026-04-28T07:45:50.724116Z"",""no_price_dollars"":""0.5300"",""taker_side"":""no"",""ticker"":""KXBTC15M-26APR280400-00"",""trade_id"":""05177a4b-0b6e-69f2-9f70-b7b4157903f9"",""yes_price_dollars"":""0.4700""}"
KXBTC15M-26APR280400-00,e65f4a6e-3778-7556-7714-86b6aaec145c,1777362350,0.48,20.0,yes,"{""count_fp"":""20.00"",""created_time"":""2026-04-28T07:45:50.443641Z"",""no_price_dollars"":""0.5200"",""taker_side"":""yes"",""ticker"":""KXBTC15M-26APR280400-00"",""trade_id"":""e65f4a6e-3778-7556-7714-86b6aaec145c"",""yes_price_dollars"":""0.4800""}"
KXBTC15M-26APR280400-00,829759ad-beb7-776c-64bb-f9bdcc91ca06,1777362350,0.48,12.06,yes,"{""count_fp"":""12.06"",""created_time"":""2026-04-28T07:45:50.443641Z"",""no_price_dollars"":""0.5200"",""taker_side"":""yes"",""ticker"":""KXBTC15M-26APR280400-00"",""trade_id"":""829759ad-beb7-776c-64bb-f9bdcc91ca06"",""yes_price_dollars"":""0.4800""}"
KXBTC15M-26APR280400-00,3f495c11-f6d2-7019-406c-43f9b7a873c3,1777362350,0.48,10.0,yes,"{""count_fp"":""10.00"",""created_time"":""2026-04-28T07:45:50.443641Z"",""no_price_dollars"":""0.5200"",""taker_side"":""yes"",""ticker"":""KXBTC15M-26APR280400-00"",""trade_id"":""3f495c11-f6d2-7019-406c-43f9b7a873c3"",""yes_price_dollars"":""0.4800""}"
KXBTC15M-26APR280400-00,2440bd1b-2700-70e4-7fa3-7fc504227674,1777362350,0.48,3.0,yes,"{""count_fp"":""3.00"",""created_time"":""2026-04-28T07:45:50.443641Z"",""no_price_dollars"":""0.5200"",""taker_side"":""yes"",""ticker"":""KXBTC15M-26APR280400-00"",""trade_id"":""2440bd1b-2700-70e4-7fa3-7fc504227674"",""yes_price_dollars"":""0.4800""}"
KXBTC15M-26APR280400-00,5d3c00dc-c1eb-6c3d-51ef-0b09d85b2127,1777362350,0.48,1.0,yes,"{""count_fp"":""1.00"",""created_time"":""2026-04-28T07:45:50.315874Z"",""no_price_dollars"":""0.5200"",""taker_side"":""yes"",""ticker"":""KXBTC15M-26APR280400-00"",""trade_id"":""5d3c00dc-c1eb-6c3d-51ef-0b09d85b2127"",""yes_price_dollars"":""0.4800""}"
KXBTC15M-26APR280400-00,f8f68e45-8c5b-4095-6fde-f31768376723,1777362350,0.48,8.23,yes,"{""count_fp"":""8.23"",""created_time"":""2026-04-28T07:45:50.314384Z"",""no_price_dollars"":""0.5200"",""taker_side"":""yes"",""ticker"":""KXBTC15M-26APR280400-00"",""trade_id"":""f8f68e45-8c5b-4095-6fde-f31768376723"",""yes_price_dollars"":""0.4800""}"
KXBTC15M-26APR280400-00,9ebada2c-39aa-5800-b2eb-a0f7f6823b27,1777362351,0.49,17.03,yes,"{""count_fp"":""17.03"",""created_time"":""2026-04-28T07:45:51.775929Z"",""no_price_dollars"":""0.5100"",""taker_side"":""yes"",""ticker"":""KXBTC15M-26APR280400-00"",""trade_id"":""9ebada2c-39aa-5800-b2eb-a0f7f6823b27"",""yes_price_dollars"":""0.4900""}"
KXBTC15M-26APR280400-00,83c777c6-19d1-7556-b2e8-8c68a7fa6b14,1777362352,0.47,1.0,yes,"{""count_fp"":""1.00"",""created_time"":""2026-04-28T07:45:52.408762Z"",""no_price_dollars"":""0.5300"",""taker_side"":""yes"",""ticker"":""KXBTC15M-26APR280400-00"",""trade_id"":""83c777c6-19d1-7556-b2e8-8c68a7fa6b14"",""yes_price_dollars"":""0.4700""}"
KXBTC15M-26APR280400-00,fc1ed102-5c46-7a94-85e5-d5f181488773,1777362352,0.48,18.0,no,"{""count_fp"":""18.00"",""created_time"":""2026-04-28T07:45:52.296643Z"",""no_price_dollars"":""0.5200"",""taker_side"":""no"",""ticker"":""KXBTC15M-26APR280400-00"",""trade_id"":""fc1ed102-5c46-7a94-85e5-d5f181488773"",""yes_price_dollars"":""0.4800""}"
KXBTC15M-26APR280400-00,bbe15f41-b9f7-77f2-ab5e-fea7412e0d2d,1777362352,0.48,40.0,no,"{""count_fp"":""40.00"",""created_time"":""2026-04-28T07:45:52.296643Z"",""no_price_dollars"":""0.5200"",""taker_side"":""no"",""ticker"":""KXBTC15M-26APR280400-00"",""trade_id"":""bbe15f41-b9f7-77f2-ab5e-fea7412e0d2d"",""yes_price_dollars"":""0.4800""}"
KXBTC15M-26APR280400-00,a17bd5bd-4dbe-7e22-9b5e-0ca3deb61337,1777362352,0.46,404.94,no,"{""count_fp"":""404.94"",""created_time"":""2026-04-28T07:45:52.296643Z"",""no_price_dollars"":""0.5400"",""taker_side"":""no"",""ticker"":""KXBTC15M-26APR280400-00"",""trade_id"":""a17bd5bd-4dbe-7e22-9b5e-0ca3deb61337"",""yes_price_dollars"":""0.4600""}"
KXBTC15M-26APR280400-00,97c16669-e652-7371-84d3-84e84e9bcf84,1777362352,0.46,9.0,no,"{""count_fp"":""9.00"",""created_time"":""2026-04-28T07:45:52.296643Z"",""no_price_dollars"":""0.5400"",""taker_side"":""no"",""ticker"":""KXBTC15M-26APR280400-00"",""trade_id"":""97c16669-e652-7371-84d3-84e84e9bcf84"",""yes_price_dollars"":""0.4600""}"
KXBTC15M-26APR280400-00,78dc2256-fddb-7096-8a13-dfeeac07e570,1777362352,0.46,40.0,no,"{""count_fp"":""40.00"",""created_time"":""2026-04-28T07:45:52.296643Z"",""no_price_dollars"":""0.5400"",""taker_side"":""no"",""ticker"":""KXBTC15M-26APR280400-00"",""trade_id"":""78dc2256-fddb-7096-8a13-dfeeac07e570"",""yes_price_dollars"":""0.4600""}"
KXBTC15M-26APR280400-00,6dad4cf1-b871-7c9b-9469-78fddfed8526,1777362352,0.47,40.0,no,"{""count_fp"":""40.00"",""created_time"":""2026-04-28T07:45:52.296643Z"",""no_price_dollars"":""0.5300"",""taker_side"":""no"",""ticker"":""KXBTC15M-26APR280400-00"",""trade_id"":""6dad4cf1-b871-7c9b-9469-78fddfed8526"",""yes_price_dollars"":""0.4700""}"
KXBTC15M-26APR280400-00,547c2fa5-f2d5-7884-9b51-8afb713f7a4f,1777362352,0.48,20.0,no,"{""count_fp"":""20.00"",""created_time"":""2026-04-28T07:45:52.296643Z"",""no_price_dollars"":""0.5200"",""taker_side"":""no"",""ticker"":""KXBTC15M-26APR280400-00"",""trade_id"":""547c2fa5-f2d5-7884-9b51-8afb713f7a4f"",""yes_price_dollars"":""0.4800""}"
KXBTC15M-26APR280400-00,382e7b80-aea3-77ea-ac52-eff53d673805,1777362352,0.48,10.0,no,"{""count_fp"":""10.00"",""created_time"":""2026-04-28T07:45:52.296643Z"",""no_price_dollars"":""0.5200"",""taker_side"":""no"",""ticker"":""KXBTC15M-26APR280400-00"",""trade_id"":""382e7b80-aea3-77ea-ac52-eff53d673805"",""yes_price_dollars"":""0.4800""}"
KXBTC15M-26APR280400-00,2b207496-2837-7817-8f7e-f9ace118b28b,1777362352,0.48,10.0,no,"{""count_fp"":""10.00"",""created_time"":""2026-04-28T07:45:52.296643Z"",""no_price_dollars"":""0.5200"",""taker_side"":""no"",""ticker"":""KXBTC15M-26APR280400-00"",""trade_id"":""2b207496-2837-7817-8f7e-f9ace118b28b"",""yes_price_dollars"":""0.4800""}"
KXBTC15M-26APR280400-00,20809b1d-7e1c-74a8-ae57-8e530c37c94f,1777362352,0.46,245.0,no,"{""count_fp"":""245.00"",""created_time"":""2026-04-28T07:45:52.296643Z"",""no_price_dollars"":""0.5400"",""taker_side"":""no"",""ticker"":""KXBTC15M-26APR280400-00"",""trade_id"":""20809b1d-7e1c-74a8-ae57-8e530c37c94f"",""yes_price_dollars"":""0.4600""}"
KXBTC15M-26APR280400-00,1e56b542-cba1-73e8-823f-4d81854b5f19,1777362352,0.47,20.0,no,"{""count_fp"":""20.00"",""created_time"":""2026-04-28T07:45:52.296643Z"",""no_price_dollars"":""0.5300"",""taker_side"":""no"",""ticker"":""KXBTC15M-26APR280400-00"",""trade_id"":""1e56b542-cba1-73e8-823f-4d81854b5f19"",""yes_price_dollars"":""0.4700""}"
KXBTC15M-26APR280400-00,12d402d9-a912-71d7-afd0-c35a877f7023,1777362352,0.46,3.0,no,"{""count_fp"":""3.00"",""created_time"":""2026-04-28T07:45:52.296643Z"",""no_price_dollars"":""0.5400"",""taker_side"":""no"",""ticker"":""KXBTC15M-26APR280400-00"",""trade_id"":""12d402d9-a912-71d7-afd0-c35a877f7023"",""yes_price_dollars"":""0.4600""}"
KXBTC15M-26APR280400-00,184a1783-8a64-436c-b430-92dd1a1f0597,1777362353,0.46,96.0,no,"{""count_fp"":""96.00"",""created_time"":""2026-04-28T07:45:53.971713Z"",""no_price_dollars"":""0.5400"",""taker_side"":""no"",""ticker"":""KXBTC15M-26APR280400-00"",""trade_id"":""184a1783-8a64-436c-b430-92dd1a1f0597"",""yes_price_dollars"":""0.4600""}"
KXBTC15M-26APR280400-00,ca50075c-ff55-6662-9af2-166c937c419e,1777362353,0.45,40.0,no,"{""count_fp"":""40.00"",""created_time"":""2026-04-28T07:45:53.964011Z"",""no_price_dollars"":""0.5500"",""taker_side"":""no"",""ticker"":""KXBTC15M-26APR280400-00"",""trade_id"":""ca50075c-ff55-6662-9af2-166c937c419e"",""yes_price_dollars"":""0.4500""}"
KXBTC15M-26APR280400-00,68738ccd-9407-613a-a2b3-5c660f4b9f36,1777362353,0.45,3.0,no,"{""count_fp"":""3.00"",""created_time"":""2026-04-28T07:45:53.964011Z"",""no_price_dollars"":""0.5500"",""taker_side"":""no"",""ticker"":""KXBTC15M-26APR280400-00"",""trade_id"":""68738ccd-9407-613a-a2b3-5c660f4b9f36"",""yes_price_dollars"":""0.4500""}"
KXBTC15M-26APR280400-00,54ca49d9-9560-6c30-98a7-9ec717fe189f,1777362353,0.45,3.0,no,"{""count_fp"":""3.00"",""created_time"":""2026-04-28T07:45:53.964011Z"",""no_price_dollars"":""0.5500"",""taker_side"":""no"",""ticker"":""KXBTC15M-26APR280400-00"",""trade_id"":""54ca49d9-9560-6c30-98a7-9ec717fe189f"",""yes_price_dollars"":""0.4500""}"
KXBTC15M-26APR280400-00,25083735-604b-6903-9f2e-d9613aa99bed,1777362353,0.45,12.0,no,"{""count_fp"":""12.00"",""created_time"":""2026-04-28T07:45:53.964011Z"",""no_price_dollars"":""0.5500"",""taker_side"":""no"",""ticker"":""KXBTC15M-26APR280400-00"",""trade_id"":""25083735-604b-6903-9f2e-d9613aa99bed"",""yes_price_dollars"":""0.4500""}"
KXBTC15M-26APR280400-00,1d5d8c6a-a1b1-6b38-9da7-798ee2e4c852,1777362353,0.45,8.0,no,"{""count_fp"":""8.00"",""created_time"":""2026-04-28T07:45:53.964011Z"",""no_price_dollars"":""0.5500"",""taker_side"":""no"",""ticker"":""KXBTC15M-26APR280400-00"",""trade_id"":""1d5d8c6a-a1b1-6b38-9da7-798ee2e4c852"",""yes_price_dollars"":""0.4500""}"
KXBTC15M-26APR280400-00,7dc4d19f-8fd8-76c7-a9f8-acdd072e45e5,1777362353,0.46,56.0,no,"{""count_fp"":""56.00"",""created_time"":""2026-04-28T07:45:53.958939Z"",""no_price_dollars"":""0.5400"",""taker_side"":""no"",""ticker"":""KXBTC15M-26APR280400-00"",""trade_id"":""7dc4d19f-8fd8-76c7-a9f8-acdd072e45e5"",""yes_price_dollars"":""0.4600""}"
