ticker,trade_id,ts,yes_price,count,taker_side,raw_json
KXBTC15M-26APR272215-15,eec66a7e-2143-6ad6-ffc9-aac86a2c2952,1777341600,0.5,10.0,yes,"{""count_fp"":""10.00"",""created_time"":""2026-04-28T02:00:00.624743Z"",""no_price_dollars"":""0.5000"",""taker_side"":""yes"",""ticker"":""KXBTC15M-26APR272215-15"",""trade_id"":""eec66a7e-2143-6ad6-ffc9-aac86a2c2952"",""yes_price_dollars"":""0.5000""}"
KXBTC15M-26APR272215-15,605b9195-e011-5241-76b0-4713d1cea8f9,1777341602,0.54,1.0,yes,"{""count_fp"":""1.00"",""created_time"":""2026-04-28T02:00:02.861637Z"",""no_price_dollars"":""0.4600"",""taker_side"":""yes"",""ticker"":""KXBTC15M-26APR272215-15"",""trade_id"":""605b9195-e011-5241-76b0-4713d1cea8f9"",""yes_price_dollars"":""0.5400""}"
KXBTC15M-26APR272215-15,238c8f56-666d-5090-7471-ac08090ae7fb,1777341602,0.54,1.0,yes,"{""count_fp"":""1.00"",""created_time"":""2026-04-28T02:00:02.861637Z"",""no_price_dollars"":""0.4600"",""taker_side"":""yes"",""ticker"":""KXBTC15M-26APR272215-15"",""trade_id"":""238c8f56-666d-5090-7471-ac08090ae7fb"",""yes_price_dollars"":""0.5400""}"
KXBTC15M-26APR272215-15,9b818e1e-966e-57ba-697e-c1bd307ec8a7,1777341604,0.55,1.0,yes,"{""count_fp"":""1.00"",""created_time"":""2026-04-28T02:00:04.038747Z"",""no_price_dollars"":""0.4500"",""taker_side"":""yes"",""ticker"":""KXBTC15M-26APR272215-15"",""trade_id"":""9b818e1e-966e-57ba-697e-c1bd307ec8a7"",""yes_price_dollars"":""0.5500""}"
KXBTC15M-26APR272215-15,33b1d9c6-903e-58e6-77cd-d6f32822c6db,1777341604,0.55,1.0,yes,"{""count_fp"":""1.00"",""created_time"":""2026-04-28T02:00:04.038747Z"",""no_price_dollars"":""0.4500"",""taker_side"":""yes"",""ticker"":""KXBTC15M-26APR272215-15"",""trade_id"":""33b1d9c6-903e-58e6-77cd-d6f32822c6db"",""yes_price_dollars"":""0.5500""}"
KXBTC15M-26APR272215-15,3d19d98f-1ddc-7462-969f-58054f38037a,1777341605,0.56,1.0,no,"{""count_fp"":""1.00"",""created_time"":""2026-04-28T02:00:05.398701Z"",""no_price_dollars"":""0.4400"",""taker_side"":""no"",""ticker"":""KXBTC15M-26APR272215-15"",""trade_id"":""3d19d98f-1ddc-7462-969f-58054f38037a"",""yes_price_dollars"":""0.5600""}"
KXBTC15M-26APR272215-15,00c7c7cb-5436-5ea1-5850-2731d86df750,1777341605,0.56,1.0,yes,"{""count_fp"":""1.00"",""created_time"":""2026-04-28T02:00:05.330071Z"",""no_price_dollars"":""0.4400"",""taker_side"":""yes"",""ticker"":""KXBTC15M-26APR272215-15"",""trade_id"":""00c7c7cb-5436-5ea1-5850-2731d86df750"",""yes_price_dollars"":""0.5600""}"
KXBTC15M-26APR272215-15,b3879ba4-412e-6975-0f0d-0dbe6b98cb7c,1777341606,0.56,13.0,no,"{""count_fp"":""13.00"",""created_time"":""2026-04-28T02:00:06.835026Z"",""no_price_dollars"":""0.4400"",""taker_side"":""no"",""ticker"":""KXBTC15M-26APR272215-15"",""trade_id"":""b3879ba4-412e-6975-0f0d-0dbe6b98cb7c"",""yes_price_dollars"":""0.5600""}"
KXBTC15M-26APR272215-15,7e714591-2e0c-6952-1202-9d58c34ca3ee,1777341606,0.57,24.0,no,"{""count_fp"":""24.00"",""created_time"":""2026-04-28T02:00:06.835026Z"",""no_price_dollars"":""0.4300"",""taker_side"":""no"",""ticker"":""KXBTC15M-26APR272215-15"",""trade_id"":""7e714591-2e0c-6952-1202-9d58c34ca3ee"",""yes_price_dollars"":""0.5700""}"
KXBTC15M-26APR272215-15,68b2deee-554e-6a8b-2d54-0813f150e5f2,1777341606,0.56,5.0,no,"{""count_fp"":""5.00"",""created_time"":""2026-04-28T02:00:06.835026Z"",""no_price_dollars"":""0.4400"",""taker_side"":""no"",""ticker"":""KXBTC15M-26APR272215-15"",""trade_id"":""68b2deee-554e-6a8b-2d54-0813f150e5f2"",""yes_price_dollars"":""0.5600""}"
KXBTC15M-26APR272215-15,2fad098c-8c3b-608c-076c-76b371382521,1777341606,0.56,56.0,no,"{""count_fp"":""56.00"",""created_time"":""2026-04-28T02:00:06.835026Z"",""no_price_dollars"":""0.4400"",""taker_side"":""no"",""ticker"":""KXBTC15M-26APR272215-15"",""trade_id"":""2fad098c-8c3b-608c-076c-76b371382521"",""yes_price_dollars"":""0.5600""}"
KXBTC15M-26APR272215-15,812d5251-85f5-5608-33dc-d1b151a00572,1777341606,0.58,1.0,yes,"{""count_fp"":""1.00"",""created_time"":""2026-04-28T02:00:06.579714Z"",""no_price_dollars"":""0.4200"",""taker_side"":""yes"",""ticker"":""KXBTC15M-26APR272215-15"",""trade_id"":""812d5251-85f5-5608-33dc-d1b151a00572"",""yes_price_dollars"":""0.5800""}"
KXBTC15M-26APR272215-15,0f69ed39-08a0-5ecb-103f-301899811845,1777341606,0.58,2.0,yes,"{""count_fp"":""2.00"",""created_time"":""2026-04-28T02:00:06.579714Z"",""no_price_dollars"":""0.4200"",""taker_side"":""yes"",""ticker"":""KXBTC15M-26APR272215-15"",""trade_id"":""0f69ed39-08a0-5ecb-103f-301899811845"",""yes_price_dollars"":""0.5800""}"
KXBTC15M-26APR272215-15,09c37a22-1b6a-5566-20ab-5193f847b017,1777341606,0.59,66.64,yes,"{""count_fp"":""66.64"",""created_time"":""2026-04-28T02:00:06.579714Z"",""no_price_dollars"":""0.4100"",""taker_side"":""yes"",""ticker"":""KXBTC15M-26APR272215-15"",""trade_id"":""09c37a22-1b6a-5566-20ab-5193f847b017"",""yes_price_dollars"":""0.5900""}"
KXBTC15M-26APR272215-15,0b558890-991e-5673-662c-a8813494c0eb,1777341606,0.57,5.0,yes,"{""count_fp"":""5.00"",""created_time"":""2026-04-28T02:00:06.519918Z"",""no_price_dollars"":""0.4300"",""taker_side"":""yes"",""ticker"":""KXBTC15M-26APR272215-15"",""trade_id"":""0b558890-991e-5673-662c-a8813494c0eb"",""yes_price_dollars"":""0.5700""}"
KXBTC15M-26APR272215-15,0da2628a-778e-5cf7-6bfa-9911e45491ef,1777341606,0.57,5.0,yes,"{""count_fp"":""5.00"",""created_time"":""2026-04-28T02:00:06.485644Z"",""no_price_dollars"":""0.4300"",""taker_side"":""yes"",""ticker"":""KXBTC15M-26APR272215-15"",""trade_id"":""0da2628a-778e-5cf7-6bfa-9911e45491ef"",""yes_price_dollars"":""0.5700""}"
KXBTC15M-26APR272215-15,9c760ce6-8076-7864-a01d-ea31c222a48d,1777341606,0.57,1.0,yes,"{""count_fp"":""1.00"",""created_time"":""2026-04-28T02:00:06.234292Z"",""no_price_dollars"":""0.4300"",""taker_side"":""yes"",""ticker"":""KXBTC15M-26APR272215-15"",""trade_id"":""9c760ce6-8076-7864-a01d-ea31c222a48d"",""yes_price_dollars"":""0.5700""}"
KXBTC15M-26APR272215-15,ee616c66-561e-5b8f-5d75-b89ed4fac460,1777341607,0.6,25.0,no,"{""count_fp"":""25.00"",""created_time"":""2026-04-28T02:00:07.783218Z"",""no_price_dollars"":""0.4000"",""taker_side"":""no"",""ticker"":""KXBTC15M-26APR272215-15"",""trade_id"":""ee616c66-561e-5b8f-5d75-b89ed4fac460"",""yes_price_dollars"":""0.6000""}"
KXBTC15M-26APR272215-15,ba0f4fee-7738-5443-4fbc-1b3b614fe875,1777341607,0.59,5.0,no,"{""count_fp"":""5.00"",""created_time"":""2026-04-28T02:00:07.783218Z"",""no_price_dollars"":""0.4100"",""taker_side"":""no"",""ticker"":""KXBTC15M-26APR272215-15"",""trade_id"":""ba0f4fee-7738-5443-4fbc-1b3b614fe875"",""yes_price_dollars"":""0.5900""}"
KXBTC15M-26APR272215-15,843c8dd4-8c51-5be8-639e-64cd195a3ac6,1777341607,0.59,5.0,no,"{""count_fp"":""5.00"",""created_time"":""2026-04-28T02:00:07.783218Z"",""no_price_dollars"":""0.4100"",""taker_side"":""no"",""ticker"":""KXBTC15M-26APR272215-15"",""trade_id"":""843c8dd4-8c51-5be8-639e-64cd195a3ac6"",""yes_price_dollars"":""0.5900""}"
KXBTC15M-26APR272215-15,50f5dc1f-5c43-51b0-7499-1712ac768eec,1777341607,0.6,50.0,no,"{""count_fp"":""50.00"",""created_time"":""2026-04-28T02:00:07.783218Z"",""no_price_dollars"":""0.4000"",""taker_side"":""no"",""ticker"":""KXBTC15M-26APR272215-15"",""trade_id"":""50f5dc1f-5c43-51b0-7499-1712ac768eec"",""yes_price_dollars"":""0.6000""}"
KXBTC15M-26APR272215-15,9c3d8d8f-1098-7a38-6383-f6c2e50cc9cb,1777341607,0.62,45.0,no,"{""count_fp"":""45.00"",""created_time"":""2026-04-28T02:00:07.473185Z"",""no_price_dollars"":""0.3800"",""taker_side"":""no"",""ticker"":""KXBTC15M-26APR272215-15"",""trade_id"":""9c3d8d8f-1098-7a38-6383-f6c2e50cc9cb"",""yes_price_dollars"":""0.6200""}"
KXBTC15M-26APR272215-15,1c247db3-dd50-75a3-81f1-6b4a2ed878b7,1777341607,0.6,5.0,yes,"{""count_fp"":""5.00"",""created_time"":""2026-04-28T02:00:07.436634Z"",""no_price_dollars"":""0.4000"",""taker_side"":""yes"",""ticker"":""KXBTC15M-26APR272215-15"",""trade_id"":""1c247db3-dd50-75a3-81f1-6b4a2ed878b7"",""yes_price_dollars"":""0.6000""}"
KXBTC15M-26APR272215-15,f48ba8e7-ed77-61c9-41f8-4ffdba60488d,1777341607,0.62,132.0,yes,"{""count_fp"":""132.00"",""created_time"":""2026-04-28T02:00:07.325099Z"",""no_price_dollars"":""0.3800"",""taker_side"":""yes"",""ticker"":""KXBTC15M-26APR272215-15"",""trade_id"":""f48ba8e7-ed77-61c9-41f8-4ffdba60488d"",""yes_price_dollars"":""0.6200""}"
KXBTC15M-26APR272215-15,ec809134-99cb-6246-4d7b-9115b74ee388,1777341607,0.65,138.0,yes,"{""count_fp"":""138.00"",""created_time"":""2026-04-28T02:00:07.325099Z"",""no_price_dollars"":""0.3500"",""taker_side"":""yes"",""ticker"":""KXBTC15M-26APR272215-15"",""trade_id"":""ec809134-99cb-6246-4d7b-9115b74ee388"",""yes_price_dollars"":""0.6500""}"
KXBTC15M-26APR272215-15,c44ca7d6-9d61-6810-6477-aff36f3d5156,1777341607,0.64,139.0,yes,"{""count_fp"":""139.00"",""created_time"":""2026-04-28T02:00:07.325099Z"",""no_price_dollars"":""0.3600"",""taker_side"":""yes"",""ticker"":""KXBTC15M-26APR272215-15"",""trade_id"":""c44ca7d6-9d61-6810-6477-aff36f3d5156"",""yes_price_dollars"":""0.6400""}"
KXBTC15M-26APR272215-15,c43d8111-07bb-66e6-52e1-f3e66e441767,1777341607,0.63,1.0,yes,"{""count_fp"":""1.00"",""created_time"":""2026-04-28T02:00:07.325099Z"",""no_price_dollars"":""0.3700"",""taker_side"":""yes"",""ticker"":""KXBTC15M-26APR272215-15"",""trade_id"":""c43d8111-07bb-66e6-52e1-f3e66e441767"",""yes_price_dollars"":""0.6300""}"
KXBTC15M-26APR272215-15,c2562750-9124-62f4-6a29-73d16df9df60,1777341607,0.77,43.0,yes,"{""count_fp"":""43.00"",""created_time"":""2026-04-28T02:00:07.325099Z"",""no_price_dollars"":""0.2300"",""taker_side"":""yes"",""ticker"":""KXBTC15M-26APR272215-15"",""trade_id"":""c2562750-9124-62f4-6a29-73d16df9df60"",""yes_price_dollars"":""0.7700""}"
KXBTC15M-26APR272215-15,ba251e11-b44e-60f1-57c8-45328c9bc21d,1777341607,0.6,1.0,yes,"{""count_fp"":""1.00"",""created_time"":""2026-04-28T02:00:07.325099Z"",""no_price_dollars"":""0.4000"",""taker_side"":""yes"",""ticker"":""KXBTC15M-26APR272215-15"",""trade_id"":""ba251e11-b44e-60f1-57c8-45328c9bc21d"",""yes_price_dollars"":""0.6000""}"
KXBTC15M-26APR272215-15,8d07a34b-1c14-69c4-4937-7453b83f0636,1777341607,0.6,18.8,yes,"{""count_fp"":""18.80"",""created_time"":""2026-04-28T02:00:07.325099Z"",""no_price_dollars"":""0.4000"",""taker_side"":""yes"",""ticker"":""KXBTC15M-26APR272215-15"",""trade_id"":""8d07a34b-1c14-69c4-4937-7453b83f0636"",""yes_price_dollars"":""0.6000""}"
KXBTC15M-26APR272215-15,85fb8516-6042-61eb-7d5e-2bb5cd1cab43,1777341607,0.75,60.0,yes,"{""count_fp"":""60.00"",""created_time"":""2026-04-28T02:00:07.325099Z"",""no_price_dollars"":""0.2500"",""taker_side"":""yes"",""ticker"":""KXBTC15M-26APR272215-15"",""trade_id"":""85fb8516-6042-61eb-7d5e-2bb5cd1cab43"",""yes_price_dollars"":""0.7500""}"
KXBTC15M-26APR272215-15,80795cc7-e4df-69c8-50cb-2a06e7ce5305,1777341607,0.61,132.0,yes,"{""count_fp"":""132.00"",""created_time"":""2026-04-28T02:00:07.325099Z"",""no_price_dollars"":""0.3900"",""taker_side"":""yes"",""ticker"":""KXBTC15M-26APR272215-15"",""trade_id"":""80795cc7-e4df-69c8-50cb-2a06e7ce5305"",""yes_price_dollars"":""0.6100""}"
KXBTC15M-26APR272215-15,7fb416a3-2325-6f25-75b9-f0e41a4f809f,1777341607,0.61,65.0,yes,"{""count_fp"":""65.00"",""created_time"":""2026-04-28T02:00:07.325099Z"",""no_price_dollars"":""0.3900"",""taker_side"":""yes"",""ticker"":""KXBTC15M-26APR272215-15"",""trade_id"":""7fb416a3-2325-6f25-75b9-f0e41a4f809f"",""yes_price_dollars"":""0.6100""}"
KXBTC15M-26APR272215-15,7a2a6e6b-8146-6c83-4cfe-a3517f03272d,1777341607,0.6,250.0,yes,"{""count_fp"":""250.00"",""created_time"":""2026-04-28T02:00:07.325099Z"",""no_price_dollars"":""0.4000"",""taker_side"":""yes"",""ticker"":""KXBTC15M-26APR272215-15"",""trade_id"":""7a2a6e6b-8146-6c83-4cfe-a3517f03272d"",""yes_price_dollars"":""0.6000""}"
KXBTC15M-26APR272215-15,5059122f-ef85-61c5-7c96-86332a2483ac,1777341607,0.65,4.0,yes,"{""count_fp"":""4.00"",""created_time"":""2026-04-28T02:00:07.325099Z"",""no_price_dollars"":""0.3500"",""taker_side"":""yes"",""ticker"":""KXBTC15M-26APR272215-15"",""trade_id"":""5059122f-ef85-61c5-7c96-86332a2483ac"",""yes_price_dollars"":""0.6500""}"
KXBTC15M-26APR272215-15,41e77f5e-d8c4-6042-7164-f5e6aded044d,1777341607,0.78,142.76,yes,"{""count_fp"":""142.76"",""created_time"":""2026-04-28T02:00:07.325099Z"",""no_price_dollars"":""0.2200"",""taker_side"":""yes"",""ticker"":""KXBTC15M-26APR272215-15"",""trade_id"":""41e77f5e-d8c4-6042-7164-f5e6aded044d"",""yes_price_dollars"":""0.7800""}"
KXBTC15M-26APR272215-15,3e557573-69bf-61cf-57f1-83cc1e725c3f,1777341607,0.63,139.0,yes,"{""count_fp"":""139.00"",""created_time"":""2026-04-28T02:00:07.325099Z"",""no_price_dollars"":""0.3700"",""taker_side"":""yes"",""ticker"":""KXBTC15M-26APR272215-15"",""trade_id"":""3e557573-69bf-61cf-57f1-83cc1e725c3f"",""yes_price_dollars"":""0.6300""}"
KXBTC15M-26APR272215-15,3b72c9d0-012f-6a60-4227-137174f9afbc,1777341607,0.76,32.0,yes,"{""count_fp"":""32.00"",""created_time"":""2026-04-28T02:00:07.325099Z"",""no_price_dollars"":""0.2400"",""taker_side"":""yes"",""ticker"":""KXBTC15M-26APR272215-15"",""trade_id"":""3b72c9d0-012f-6a60-4227-137174f9afbc"",""yes_price_dollars"":""0.7600""}"
KXBTC15M-26APR272215-15,375cfa16-166b-6bab-55b0-78acb46622c6,1777341607,0.78,50.0,yes,"{""count_fp"":""50.00"",""created_time"":""2026-04-28T02:00:07.325099Z"",""no_price_dollars"":""0.2200"",""taker_side"":""yes"",""ticker"":""KXBTC15M-26APR272215-15"",""trade_id"":""375cfa16-166b-6bab-55b0-78acb46622c6"",""yes_price_dollars"":""0.7800""}"
KXBTC15M-26APR272215-15,371a7265-2baa-6c7e-4acc-7bc9b7197f74,1777341607,0.77,25.0,yes,"{""count_fp"":""25.00"",""created_time"":""2026-04-28T02:00:07.325099Z"",""no_price_dollars"":""0.2300"",""taker_side"":""yes"",""ticker"":""KXBTC15M-26APR272215-15"",""trade_id"":""371a7265-2baa-6c7e-4acc-7bc9b7197f74"",""yes_price_dollars"":""0.7700""}"
KXBTC15M-26APR272215-15,190fad30-a019-6376-7c8c-1df3027154ce,1777341607,0.76,6.0,yes,"{""count_fp"":""6.00"",""created_time"":""2026-04-28T02:00:07.325099Z"",""no_price_dollars"":""0.2400"",""taker_side"":""yes"",""ticker"":""KXBTC15M-26APR272215-15"",""trade_id"":""190fad30-a019-6376-7c8c-1df3027154ce"",""yes_price_dollars"":""0.7600""}"
KXBTC15M-26APR272215-15,188058ca-420f-6fea-4e15-31a5685e2a4e,1777341607,0.76,50.0,yes,"{""count_fp"":""50.00"",""created_time"":""2026-04-28T02:00:07.325099Z"",""no_price_dollars"":""0.2400"",""taker_side"":""yes"",""ticker"":""KXBTC15M-26APR272215-15"",""trade_id"":""188058ca-420f-6fea-4e15-31a5685e2a4e"",""yes_price_dollars"":""0.7600""}"
KXBTC15M-26APR272215-15,e37220e8-ffa8-790f-0f34-ab4b30cbd62f,1777341607,0.54,13.0,yes,"{""count_fp"":""13.00"",""created_time"":""2026-04-28T02:00:07.169408Z"",""no_price_dollars"":""0.4600"",""taker_side"":""yes"",""ticker"":""KXBTC15M-26APR272215-15"",""trade_id"":""e37220e8-ffa8-790f-0f34-ab4b30cbd62f"",""yes_price_dollars"":""0.5400""}"
KXBTC15M-26APR272215-15,c43dbd42-a7b4-7a9b-00a4-fc2bf9d6728c,1777341607,0.56,56.0,yes,"{""count_fp"":""56.00"",""created_time"":""2026-04-28T02:00:07.169408Z"",""no_price_dollars"":""0.4400"",""taker_side"":""yes"",""ticker"":""KXBTC15M-26APR272215-15"",""trade_id"":""c43dbd42-a7b4-7a9b-00a4-fc2bf9d6728c"",""yes_price_dollars"":""0.5600""}"
KXBTC15M-26APR272215-15,a9f78027-04e4-795b-07ac-605f15acb4a1,1777341607,0.59,25.0,yes,"{""count_fp"":""25.00"",""created_time"":""2026-04-28T02:00:07.169408Z"",""no_price_dollars"":""0.4100"",""taker_side"":""yes"",""ticker"":""KXBTC15M-26APR272215-15"",""trade_id"":""a9f78027-04e4-795b-07ac-605f15acb4a1"",""yes_price_dollars"":""0.5900""}"
KXBTC15M-26APR272215-15,a0d8d122-70ef-7b6a-231f-6797bcab5145,1777341607,0.54,152.0,yes,"{""count_fp"":""152.00"",""created_time"":""2026-04-28T02:00:07.169408Z"",""no_price_dollars"":""0.4600"",""taker_side"":""yes"",""ticker"":""KXBTC15M-26APR272215-15"",""trade_id"":""a0d8d122-70ef-7b6a-231f-6797bcab5145"",""yes_price_dollars"":""0.5400""}"
KXBTC15M-26APR272215-15,99bc6f0f-d1b1-76ff-3737-91696755ea09,1777341607,0.59,5.0,yes,"{""count_fp"":""5.00"",""created_time"":""2026-04-28T02:00:07.169408Z"",""no_price_dollars"":""0.4100"",""taker_side"":""yes"",""ticker"":""KXBTC15M-26APR272215-15"",""trade_id"":""99bc6f0f-d1b1-76ff-3737-91696755ea09"",""yes_price_dollars"":""0.5900""}"
KXBTC15M-26APR272215-15,87b089ea-79cc-7250-3af4-6c62d0b651f6,1777341607,0.6,100.2,yes,"{""count_fp"":""100.20"",""created_time"":""2026-04-28T02:00:07.169408Z"",""no_price_dollars"":""0.4000"",""taker_side"":""yes"",""ticker"":""KXBTC15M-26APR272215-15"",""trade_id"":""87b089ea-79cc-7250-3af4-6c62d0b651f6"",""yes_price_dollars"":""0.6000""}"
KXBTC15M-26APR272215-15,64e9a77e-b757-7b16-3608-730daa1b06a2,1777341607,0.57,5.0,yes,"{""count_fp"":""5.00"",""created_time"":""2026-04-28T02:00:07.169408Z"",""no_price_dollars"":""0.4300"",""taker_side"":""yes"",""ticker"":""KXBTC15M-26APR272215-15"",""trade_id"":""64e9a77e-b757-7b16-3608-730daa1b06a2"",""yes_price_dollars"":""0.5700""}"
KXBTC15M-26APR272215-15,32199808-600e-73ba-2fc2-9e136fe8bdb3,1777341607,0.59,52.36,yes,"{""count_fp"":""52.36"",""created_time"":""2026-04-28T02:00:07.169408Z"",""no_price_dollars"":""0.4100"",""taker_side"":""yes"",""ticker"":""KXBTC15M-26APR272215-15"",""trade_id"":""32199808-600e-73ba-2fc2-9e136fe8bdb3"",""yes_price_dollars"":""0.5900""}"
KXBTC15M-26APR272215-15,ebb91636-7527-7941-7e4b-bfffd32cee20,1777341608,0.56,8.0,no,"{""count_fp"":""8.00"",""created_time"":""2026-04-28T02:00:08.685005Z"",""no_price_dollars"":""0.4400"",""taker_side"":""no"",""ticker"":""KXBTC15M-26APR272215-15"",""trade_id"":""ebb91636-7527-7941-7e4b-bfffd32cee20"",""yes_price_dollars"":""0.5600""}"
KXBTC15M-26APR272215-15,dd9e7b98-e3c2-7250-51b2-fc50994cd5b8,1777341608,0.52,35.0,no,"{""count_fp"":""35.00"",""created_time"":""2026-04-28T02:00:08.685005Z"",""no_price_dollars"":""0.4800"",""taker_side"":""no"",""ticker"":""KXBTC15M-26APR272215-15"",""trade_id"":""dd9e7b98-e3c2-7250-51b2-fc50994cd5b8"",""yes_price_dollars"":""0.5200""}"
KXBTC15M-26APR272215-15,66e9e6b4-97f3-7201-5320-30cc4f8b5d29,1777341608,0.56,1.0,no,"{""count_fp"":""1.00"",""created_time"":""2026-04-28T02:00:08.685005Z"",""no_price_dollars"":""0.4400"",""taker_side"":""no"",""ticker"":""KXBTC15M-26APR272215-15"",""trade_id"":""66e9e6b4-97f3-7201-5320-30cc4f8b5d29"",""yes_price_dollars"":""0.5600""}"
KXBTC15M-26APR272215-15,245f601e-9712-7cb9-74d5-7941391f5a28,1777341608,0.52,19.02,no,"{""count_fp"":""19.02"",""created_time"":""2026-04-28T02:00:08.685005Z"",""no_price_dollars"":""0.4800"",""taker_side"":""no"",""ticker"":""KXBTC15M-26APR272215-15"",""trade_id"":""245f601e-9712-7cb9-74d5-7941391f5a28"",""yes_price_dollars"":""0.5200""}"
KXBTC15M-26APR272215-15,0fae4d36-2561-77db-5db8-ad5dda852128,1777341608,0.55,143.0,no,"{""count_fp"":""143.00"",""created_time"":""2026-04-28T02:00:08.685005Z"",""no_price_dollars"":""0.4500"",""taker_side"":""no"",""ticker"":""KXBTC15M-26APR272215-15"",""trade_id"":""0fae4d36-2561-77db-5db8-ad5dda852128"",""yes_price_dollars"":""0.5500""}"
KXBTC15M-26APR272215-15,fbcffebc-e090-781d-654d-e2c2805be991,1777341609,0.6,21.31,yes,"{""count_fp"":""21.31"",""created_time"":""2026-04-28T02:00:09.754839Z"",""no_price_dollars"":""0.4000"",""taker_side"":""yes"",""ticker"":""KXBTC15M-26APR272215-15"",""trade_id"":""fbcffebc-e090-781d-654d-e2c2805be991"",""yes_price_dollars"":""0.6000""}"
KXBTC15M-26APR272215-15,9d4175c7-3f2a-7605-77cb-de566ee8b209,1777341609,0.6,5.0,yes,"{""count_fp"":""5.00"",""created_time"":""2026-04-28T02:00:09.754839Z"",""no_price_dollars"":""0.4000"",""taker_side"":""yes"",""ticker"":""KXBTC15M-26APR272215-15"",""trade_id"":""9d4175c7-3f2a-7605-77cb-de566ee8b209"",""yes_price_dollars"":""0.6000""}"
KXBTC15M-26APR272215-15,1073c3cb-e1fd-730c-6c86-8ccf879606ff,1777341609,0.55,40.0,yes,"{""count_fp"":""40.00"",""created_time"":""2026-04-28T02:00:09.754839Z"",""no_price_dollars"":""0.4500"",""taker_side"":""yes"",""ticker"":""KXBTC15M-26APR272215-15"",""trade_id"":""1073c3cb-e1fd-730c-6c86-8ccf879606ff"",""yes_price_dollars"":""0.5500""}"
KXBTC15M-26APR272215-15,ed0d0f8e-71ef-5d64-c8b2-d515ad8b1821,1777341609,0.59,5.0,no,"{""count_fp"":""5.00"",""created_time"":""2026-04-28T02:00:09.353323Z"",""no_price_dollars"":""0.4100"",""taker_side"":""no"",""ticker"":""KXBTC15M-26APR272215-15"",""trade_id"":""ed0d0f8e-71ef-5d64-c8b2-d515ad8b1821"",""yes_price_dollars"":""0.5900""}"
KXBTC15M-26APR272215-15,b9822ff6-96ca-5d22-f3c3-eafa00dd21cd,1777341609,0.56,50.0,no,"{""count_fp"":""50.00"",""created_time"":""2026-04-28T02:00:09.353323Z"",""no_price_dollars"":""0.4400"",""taker_side"":""no"",""ticker"":""KXBTC15M-26APR272215-15"",""trade_id"":""b9822ff6-96ca-5d22-f3c3-eafa00dd21cd"",""yes_price_dollars"":""0.5600""}"
KXBTC15M-26APR272215-15,19efc078-c177-533c-f7c6-62f2467671b8,1777341609,0.59,5.0,no,"{""count_fp"":""5.00"",""created_time"":""2026-04-28T02:00:09.353323Z"",""no_price_dollars"":""0.4100"",""taker_side"":""no"",""ticker"":""KXBTC15M-26APR272215-15"",""trade_id"":""19efc078-c177-533c-f7c6-62f2467671b8"",""yes_price_dollars"":""0.5900""}"
KXBTC15M-26APR272215-15,f7aaa7b3-717d-7c7b-1769-1ddfedf1bcd4,1777341609,0.6,5.0,yes,"{""count_fp"":""5.00"",""created_time"":""2026-04-28T02:00:09.211193Z"",""no_price_dollars"":""0.4000"",""taker_side"":""yes"",""ticker"":""KXBTC15M-26APR272215-15"",""trade_id"":""f7aaa7b3-717d-7c7b-1769-1ddfedf1bcd4"",""yes_price_dollars"":""0.6000""}"
KXBTC15M-26APR272215-15,d87988fe-0eb0-7691-31c7-953dc8bb66ba,1777341609,0.6,1.0,yes,"{""count_fp"":""1.00"",""created_time"":""2026-04-28T02:00:09.211193Z"",""no_price_dollars"":""0.4000"",""taker_side"":""yes"",""ticker"":""KXBTC15M-26APR272215-15"",""trade_id"":""d87988fe-0eb0-7691-31c7-953dc8bb66ba"",""yes_price_dollars"":""0.6000""}"
KXBTC15M-26APR272215-15,bf5bc8ec-62d1-72a7-3cc4-abd09732fbc0,1777341609,0.6,5.0,yes,"{""count_fp"":""5.00"",""created_time"":""2026-04-28T02:00:09.211193Z"",""no_price_dollars"":""0.4000"",""taker_side"":""yes"",""ticker"":""KXBTC15M-26APR272215-15"",""trade_id"":""bf5bc8ec-62d1-72a7-3cc4-abd09732fbc0"",""yes_price_dollars"":""0.6000""}"
KXBTC15M-26APR272215-15,a4287a3a-edba-7413-0914-fab4a01fb8e1,1777341609,0.62,47.0,yes,"{""count_fp"":""47.00"",""created_time"":""2026-04-28T02:00:09.211193Z"",""no_price_dollars"":""0.3800"",""taker_side"":""yes"",""ticker"":""KXBTC15M-26APR272215-15"",""trade_id"":""a4287a3a-edba-7413-0914-fab4a01fb8e1"",""yes_price_dollars"":""0.6200""}"
KXBTC15M-26APR272215-15,9f3d5e0b-ad8a-73fe-0ddd-5d17668ee7de,1777341609,0.6,2.0,yes,"{""count_fp"":""2.00"",""created_time"":""2026-04-28T02:00:09.211193Z"",""no_price_dollars"":""0.4000"",""taker_side"":""yes"",""ticker"":""KXBTC15M-26APR272215-15"",""trade_id"":""9f3d5e0b-ad8a-73fe-0ddd-5d17668ee7de"",""yes_price_dollars"":""0.6000""}"
KXBTC15M-26APR272215-15,64e50e87-9d56-77ca-118b-329f06045454,1777341609,0.6,50.0,yes,"{""count_fp"":""50.00"",""created_time"":""2026-04-28T02:00:09.211193Z"",""no_price_dollars"":""0.4000"",""taker_side"":""yes"",""ticker"":""KXBTC15M-26APR272215-15"",""trade_id"":""64e50e87-9d56-77ca-118b-329f06045454"",""yes_price_dollars"":""0.6000""}"
KXBTC15M-26APR272215-15,e7777722-c5ba-4f9e-858a-1e6c32d57280,1777341610,0.57,5.0,yes,"{""count_fp"":""5.00"",""created_time"":""2026-04-28T02:00:10.596506Z"",""no_price_dollars"":""0.4300"",""taker_side"":""yes"",""ticker"":""KXBTC15M-26APR272215-15"",""trade_id"":""e7777722-c5ba-4f9e-858a-1e6c32d57280"",""yes_price_dollars"":""0.5700""}"
KXBTC15M-26APR272215-15,c705bdae-5419-4068-864e-943ace54cfbd,1777341610,0.56,3.0,yes,"{""count_fp"":""3.00"",""created_time"":""2026-04-28T02:00:10.596506Z"",""no_price_dollars"":""0.4400"",""taker_side"":""yes"",""ticker"":""KXBTC15M-26APR272215-15"",""trade_id"":""c705bdae-5419-4068-864e-943ace54cfbd"",""yes_price_dollars"":""0.5600""}"
KXBTC15M-26APR272215-15,7ed9c120-4b94-4d2c-9069-05241e796802,1777341610,0.58,64.27,yes,"{""count_fp"":""64.27"",""created_time"":""2026-04-28T02:00:10.596506Z"",""no_price_dollars"":""0.4200"",""taker_side"":""yes"",""ticker"":""KXBTC15M-26APR272215-15"",""trade_id"":""7ed9c120-4b94-4d2c-9069-05241e796802"",""yes_price_dollars"":""0.5800""}"
KXBTC15M-26APR272215-15,ebb1b6d1-e488-5c7f-36a1-d17ba46cb31e,1777341611,0.55,5.79,no,"{""count_fp"":""5.79"",""created_time"":""2026-04-28T02:00:11.552807Z"",""no_price_dollars"":""0.4500"",""taker_side"":""no"",""ticker"":""KXBTC15M-26APR272215-15"",""trade_id"":""ebb1b6d1-e488-5c7f-36a1-d17ba46cb31e"",""yes_price_dollars"":""0.5500""}"
KXBTC15M-26APR272215-15,9df8ebb9-94bd-5691-2602-4bfc4b0f9525,1777341611,0.56,5.0,no,"{""count_fp"":""5.00"",""created_time"":""2026-04-28T02:00:11.552807Z"",""no_price_dollars"":""0.4400"",""taker_side"":""no"",""ticker"":""KXBTC15M-26APR272215-15"",""trade_id"":""9df8ebb9-94bd-5691-2602-4bfc4b0f9525"",""yes_price_dollars"":""0.5600""}"
KXBTC15M-26APR272215-15,5e9de88e-a8c8-73dd-dbd8-b865f70e29a5,1777341611,0.6,9.0,yes,"{""count_fp"":""9.00"",""created_time"":""2026-04-28T02:00:11.329683Z"",""no_price_dollars"":""0.4000"",""taker_side"":""yes"",""ticker"":""KXBTC15M-26APR272215-15"",""trade_id"":""5e9de88e-a8c8-73dd-dbd8-b865f70e29a5"",""yes_price_dollars"":""0.6000""}"
KXBTC15M-26APR272215-15,7e0d5348-7e51-48d8-bd24-4e180075ebb5,1777341611,0.57,2.0,yes,"{""count_fp"":""2.00"",""created_time"":""2026-04-28T02:00:11.216118Z"",""no_price_dollars"":""0.4300"",""taker_side"":""yes"",""ticker"":""KXBTC15M-26APR272215-15"",""trade_id"":""7e0d5348-7e51-48d8-bd24-4e180075ebb5"",""yes_price_dollars"":""0.5700""}"
KXBTC15M-26APR272215-15,7b657d35-5172-4a66-a6e7-a954a41e8654,1777341611,0.58,2.0,yes,"{""count_fp"":""2.00"",""created_time"":""2026-04-28T02:00:11.216118Z"",""no_price_dollars"":""0.4200"",""taker_side"":""yes"",""ticker"":""KXBTC15M-26APR272215-15"",""trade_id"":""7b657d35-5172-4a66-a6e7-a954a41e8654"",""yes_price_dollars"":""0.5800""}"
KXBTC15M-26APR272215-15,67f67328-78b1-4a66-ba38-3b1f9663cb80,1777341611,0.59,2.0,yes,"{""count_fp"":""2.00"",""created_time"":""2026-04-28T02:00:11.216118Z"",""no_price_dollars"":""0.4100"",""taker_side"":""yes"",""ticker"":""KXBTC15M-26APR272215-15"",""trade_id"":""67f67328-78b1-4a66-ba38-3b1f9663cb80"",""yes_price_dollars"":""0.5900""}"
KXBTC15M-26APR272215-15,57a70b9c-e6d3-4ff7-b4cd-78f4c5f6987a,1777341611,0.57,3.0,yes,"{""count_fp"":""3.00"",""created_time"":""2026-04-28T02:00:11.216118Z"",""no_price_dollars"":""0.4300"",""taker_side"":""yes"",""ticker"":""KXBTC15M-26APR272215-15"",""trade_id"":""57a70b9c-e6d3-4ff7-b4cd-78f4c5f6987a"",""yes_price_dollars"":""0.5700""}"
KXBTC15M-26APR272215-15,4b3309e6-d6f8-45c4-a417-10126f5b9aec,1777341611,0.57,8.03,yes,"{""count_fp"":""8.03"",""created_time"":""2026-04-28T02:00:11.216118Z"",""no_price_dollars"":""0.4300"",""taker_side"":""yes"",""ticker"":""KXBTC15M-26APR272215-15"",""trade_id"":""4b3309e6-d6f8-45c4-a417-10126f5b9aec"",""yes_price_dollars"":""0.5700""}"
KXBTC15M-26APR272215-15,35410c4d-0c6e-4178-9435-5aedfa48fb47,1777341611,0.59,57.3,yes,"{""count_fp"":""57.30"",""created_time"":""2026-04-28T02:00:11.216118Z"",""no_price_dollars"":""0.4100"",""taker_side"":""yes"",""ticker"":""KXBTC15M-26APR272215-15"",""trade_id"":""35410c4d-0c6e-4178-9435-5aedfa48fb47"",""yes_price_dollars"":""0.5900""}"
KXBTC15M-26APR272215-15,2ec0096f-d061-43e3-a3dc-8fa98a188e92,1777341611,0.58,61.0,yes,"{""count_fp"":""61.00"",""created_time"":""2026-04-28T02:00:11.216118Z"",""no_price_dollars"":""0.4200"",""taker_side"":""yes"",""ticker"":""KXBTC15M-26APR272215-15"",""trade_id"":""2ec0096f-d061-43e3-a3dc-8fa98a188e92"",""yes_price_dollars"":""0.5800""}"
KXBTC15M-26APR272215-15,cdff4c8e-951a-5bba-a374-ccb1184099d2,1777341612,0.56,21.46,no,"{""count_fp"":""21.46"",""created_time"":""2026-04-28T02:00:12.946926Z"",""no_price_dollars"":""0.4400"",""taker_side"":""no"",""ticker"":""KXBTC15M-26APR272215-15"",""trade_id"":""cdff4c8e-951a-5bba-a374-ccb1184099d2"",""yes_price_dollars"":""0.5600""}"
KXBTC15M-26APR272215-15,e0f441a2-a711-748e-0399-0b482ebebad0,1777341612,0.63,49.0,no,"{""count_fp"":""49.00"",""created_time"":""2026-04-28T02:00:12.921792Z"",""no_price_dollars"":""0.3700"",""taker_side"":""no"",""ticker"":""KXBTC15M-26APR272215-15"",""trade_id"":""e0f441a2-a711-748e-0399-0b482ebebad0"",""yes_price_dollars"":""0.6300""}"
KXBTC15M-26APR272215-15,145fe96a-4ca2-76ca-3750-6c9dbe28f5f6,1777341612,0.56,26.0,no,"{""count_fp"":""26.00"",""created_time"":""2026-04-28T02:00:12.921792Z"",""no_price_dollars"":""0.4400"",""taker_side"":""no"",""ticker"":""KXBTC15M-26APR272215-15"",""trade_id"":""145fe96a-4ca2-76ca-3750-6c9dbe28f5f6"",""yes_price_dollars"":""0.5600""}"
KXBTC15M-26APR272215-15,4e61f616-dab0-4dd5-46b4-7707bc2638ab,1777341612,0.61,1.0,yes,"{""count_fp"":""1.00"",""created_time"":""2026-04-28T02:00:12.906428Z"",""no_price_dollars"":""0.3900"",""taker_side"":""yes"",""ticker"":""KXBTC15M-26APR272215-15"",""trade_id"":""4e61f616-dab0-4dd5-46b4-7707bc2638ab"",""yes_price_dollars"":""0.6100""}"
KXBTC15M-26APR272215-15,a260c273-a8cb-4296-2762-c3cd599db922,1777341612,0.57,5.0,no,"{""count_fp"":""5.00"",""created_time"":""2026-04-28T02:00:12.905523Z"",""no_price_dollars"":""0.4300"",""taker_side"":""no"",""ticker"":""KXBTC15M-26APR272215-15"",""trade_id"":""a260c273-a8cb-4296-2762-c3cd599db922"",""yes_price_dollars"":""0.5700""}"
KXBTC15M-26APR272215-15,87df2b45-630a-4922-38e9-bd0058e74c9a,1777341612,0.56,0.93,no,"{""count_fp"":""0.93"",""created_time"":""2026-04-28T02:00:12.905523Z"",""no_price_dollars"":""0.4400"",""taker_side"":""no"",""ticker"":""KXBTC15M-26APR272215-15"",""trade_id"":""87df2b45-630a-4922-38e9-bd0058e74c9a"",""yes_price_dollars"":""0.5600""}"
KXBTC15M-26APR272215-15,60b90151-103a-47c1-3da1-5ec2a698dad4,1777341612,0.57,5.0,no,"{""count_fp"":""5.00"",""created_time"":""2026-04-28T02:00:12.905523Z"",""no_price_dollars"":""0.4300"",""taker_side"":""no"",""ticker"":""KXBTC15M-26APR272215-15"",""trade_id"":""60b90151-103a-47c1-3da1-5ec2a698dad4"",""yes_price_dollars"":""0.5700""}"
KXBTC15M-26APR272215-15,f758c892-5c74-5851-4db1-fad2acdabab5,1777341612,0.57,4.0,yes,"{""count_fp"":""4.00"",""created_time"":""2026-04-28T02:00:12.767876Z"",""no_price_dollars"":""0.4300"",""taker_side"":""yes"",""ticker"":""KXBTC15M-26APR272215-15"",""trade_id"":""f758c892-5c74-5851-4db1-fad2acdabab5"",""yes_price_dollars"":""0.5700""}"
KXBTC15M-26APR272215-15,de7bc419-c039-5d44-5927-52c180177638,1777341612,0.6,5.0,yes,"{""count_fp"":""5.00"",""created_time"":""2026-04-28T02:00:12.767876Z"",""no_price_dollars"":""0.4000"",""taker_side"":""yes"",""ticker"":""KXBTC15M-26APR272215-15"",""trade_id"":""de7bc419-c039-5d44-5927-52c180177638"",""yes_price_dollars"":""0.6000""}"
KXBTC15M-26APR272215-15,ce693cbe-8fdb-5972-6bf5-191536419c50,1777341612,0.58,5.0,yes,"{""count_fp"":""5.00"",""created_time"":""2026-04-28T02:00:12.767876Z"",""no_price_dollars"":""0.4200"",""taker_side"":""yes"",""ticker"":""KXBTC15M-26APR272215-15"",""trade_id"":""ce693cbe-8fdb-5972-6bf5-191536419c50"",""yes_price_dollars"":""0.5800""}"
KXBTC15M-26APR272215-15,a13bc6e3-fdca-51a6-6b85-5a3c08c8df87,1777341612,0.78,4.0,yes,"{""count_fp"":""4.00"",""created_time"":""2026-04-28T02:00:12.767876Z"",""no_price_dollars"":""0.2200"",""taker_side"":""yes"",""ticker"":""KXBTC15M-26APR272215-15"",""trade_id"":""a13bc6e3-fdca-51a6-6b85-5a3c08c8df87"",""yes_price_dollars"":""0.7800""}"
KXBTC15M-26APR272215-15,a023ac22-98c8-59ea-5b10-67f38020b011,1777341612,0.78,57.24,yes,"{""count_fp"":""57.24"",""created_time"":""2026-04-28T02:00:12.767876Z"",""no_price_dollars"":""0.2200"",""taker_side"":""yes"",""ticker"":""KXBTC15M-26APR272215-15"",""trade_id"":""a023ac22-98c8-59ea-5b10-67f38020b011"",""yes_price_dollars"":""0.7800""}"
KXBTC15M-26APR272215-15,9d854217-9f2d-5077-71e1-7e7cba3e9b2f,1777341612,0.59,2.0,yes,"{""count_fp"":""2.00"",""created_time"":""2026-04-28T02:00:12.767876Z"",""no_price_dollars"":""0.4100"",""taker_side"":""yes"",""ticker"":""KXBTC15M-26APR272215-15"",""trade_id"":""9d854217-9f2d-5077-71e1-7e7cba3e9b2f"",""yes_price_dollars"":""0.5900""}"
KXBTC15M-26APR272215-15,95abf3b0-d384-5cf1-42fd-86d4f084c155,1777341612,0.59,119.69,yes,"{""count_fp"":""119.69"",""created_time"":""2026-04-28T02:00:12.767876Z"",""no_price_dollars"":""0.4100"",""taker_side"":""yes"",""ticker"":""KXBTC15M-26APR272215-15"",""trade_id"":""95abf3b0-d384-5cf1-42fd-86d4f084c155"",""yes_price_dollars"":""0.5900""}"
KXBTC15M-26APR272215-15,6fe479ce-1d06-5fc2-4175-3f2d35768af9,1777341612,0.62,65.0,yes,"{""count_fp"":""65.00"",""created_time"":""2026-04-28T02:00:12.767876Z"",""no_price_dollars"":""0.3800"",""taker_side"":""yes"",""ticker"":""KXBTC15M-26APR272215-15"",""trade_id"":""6fe479ce-1d06-5fc2-4175-3f2d35768af9"",""yes_price_dollars"":""0.6200""}"
KXBTC15M-26APR272215-15,6d440814-4571-5a93-6e93-9c2595851f13,1777341612,0.75,1.0,yes,"{""count_fp"":""1.00"",""created_time"":""2026-04-28T02:00:12.767876Z"",""no_price_dollars"":""0.2500"",""taker_side"":""yes"",""ticker"":""KXBTC15M-26APR272215-15"",""trade_id"":""6d440814-4571-5a93-6e93-9c2595851f13"",""yes_price_dollars"":""0.7500""}"
KXBTC15M-26APR272215-15,5d487447-0638-52f5-6765-cea78685258f,1777341612,0.58,2.0,yes,"{""count_fp"":""2.00"",""created_time"":""2026-04-28T02:00:12.767876Z"",""no_price_dollars"":""0.4200"",""taker_side"":""yes"",""ticker"":""KXBTC15M-26APR272215-15"",""trade_id"":""5d487447-0638-52f5-6765-cea78685258f"",""yes_price_dollars"":""0.5800""}"
KXBTC15M-26APR272215-15,49640c94-c2ad-5429-793a-4846206dbeeb,1777341612,0.78,50.0,yes,"{""count_fp"":""50.00"",""created_time"":""2026-04-28T02:00:12.767876Z"",""no_price_dollars"":""0.2200"",""taker_side"":""yes"",""ticker"":""KXBTC15M-26APR272215-15"",""trade_id"":""49640c94-c2ad-5429-793a-4846206dbeeb"",""yes_price_dollars"":""0.7800""}"
KXBTC15M-26APR272215-15,30cc4b15-4710-5919-6157-68f6de32bbc4,1777341612,0.76,4.0,yes,"{""count_fp"":""4.00"",""created_time"":""2026-04-28T02:00:12.767876Z"",""no_price_dollars"":""0.2400"",""taker_side"":""yes"",""ticker"":""KXBTC15M-26APR272215-15"",""trade_id"":""30cc4b15-4710-5919-6157-68f6de32bbc4"",""yes_price_dollars"":""0.7600""}"
KXBTC15M-26APR272215-15,2db6a0b0-f724-5010-5e8e-d76920d95021,1777341612,0.58,56.0,yes,"{""count_fp"":""56.00"",""created_time"":""2026-04-28T02:00:12.767876Z"",""no_price_dollars"":""0.4200"",""taker_side"":""yes"",""ticker"":""KXBTC15M-26APR272215-15"",""trade_id"":""2db6a0b0-f724-5010-5e8e-d76920d95021"",""yes_price_dollars"":""0.5800""}"
KXBTC15M-26APR272215-15,1acc987e-a6ea-573e-752e-f6aa5f852994,1777341612,0.62,1.0,yes,"{""count_fp"":""1.00"",""created_time"":""2026-04-28T02:00:12.767876Z"",""no_price_dollars"":""0.3800"",""taker_side"":""yes"",""ticker"":""KXBTC15M-26APR272215-15"",""trade_id"":""1acc987e-a6ea-573e-752e-f6aa5f852994"",""yes_price_dollars"":""0.6200""}"
KXBTC15M-26APR272215-15,1a57572f-777b-50e1-64c7-470d966444c4,1777341612,0.78,33.0,yes,"{""count_fp"":""33.00"",""created_time"":""2026-04-28T02:00:12.767876Z"",""no_price_dollars"":""0.2200"",""taker_side"":""yes"",""ticker"":""KXBTC15M-26APR272215-15"",""trade_id"":""1a57572f-777b-50e1-64c7-470d966444c4"",""yes_price_dollars"":""0.7800""}"
KXBTC15M-26APR272215-15,1a3998e9-2c20-5e66-4258-b1cb4b82aba3,1777341612,0.57,3.0,yes,"{""count_fp"":""3.00"",""created_time"":""2026-04-28T02:00:12.767876Z"",""no_price_dollars"":""0.4300"",""taker_side"":""yes"",""ticker"":""KXBTC15M-26APR272215-15"",""trade_id"":""1a3998e9-2c20-5e66-4258-b1cb4b82aba3"",""yes_price_dollars"":""0.5700""}"
KXBTC15M-26APR272215-15,14759106-a9be-5524-5384-2a3d9c1d4e5b,1777341612,0.61,400.0,yes,"{""count_fp"":""400.00"",""created_time"":""2026-04-28T02:00:12.767876Z"",""no_price_dollars"":""0.3900"",""taker_side"":""yes"",""ticker"":""KXBTC15M-26APR272215-15"",""trade_id"":""14759106-a9be-5524-5384-2a3d9c1d4e5b"",""yes_price_dollars"":""0.6100""}"
KXBTC15M-26APR272215-15,0788da4d-0f88-53a0-5937-fddf1ad25cce,1777341612,0.57,2.0,yes,"{""count_fp"":""2.00"",""created_time"":""2026-04-28T02:00:12.767876Z"",""no_price_dollars"":""0.4300"",""taker_side"":""yes"",""ticker"":""KXBTC15M-26APR272215-15"",""trade_id"":""0788da4d-0f88-53a0-5937-fddf1ad25cce"",""yes_price_dollars"":""0.5700""}"
KXBTC15M-26APR272215-15,80444614-bae8-4db2-42b8-b8352d83e026,1777341613,0.55,20.0,no,"{""count_fp"":""20.00"",""created_time"":""2026-04-28T02:00:13.501966Z"",""no_price_dollars"":""0.4500"",""taker_side"":""no"",""ticker"":""KXBTC15M-26APR272215-15"",""trade_id"":""80444614-bae8-4db2-42b8-b8352d83e026"",""yes_price_dollars"":""0.5500""}"
KXBTC15M-26APR272215-15,feff04f2-da94-5872-7b7f-4902a8d0cf96,1777341613,0.55,24.79,no,"{""count_fp"":""24.79"",""created_time"":""2026-04-28T02:00:13.329863Z"",""no_price_dollars"":""0.4500"",""taker_side"":""no"",""ticker"":""KXBTC15M-26APR272215-15"",""trade_id"":""feff04f2-da94-5872-7b7f-4902a8d0cf96"",""yes_price_dollars"":""0.5500""}"
KXBTC15M-26APR272215-15,dff64922-de68-59c8-6a8a-1376c50fd496,1777341613,0.55,5.0,no,"{""count_fp"":""5.00"",""created_time"":""2026-04-28T02:00:13.329863Z"",""no_price_dollars"":""0.4500"",""taker_side"":""no"",""ticker"":""KXBTC15M-26APR272215-15"",""trade_id"":""dff64922-de68-59c8-6a8a-1376c50fd496"",""yes_price_dollars"":""0.5500""}"
KXBTC15M-26APR272215-15,2a79179d-2e78-5557-4637-b8c380ef0f76,1777341613,0.55,19.21,no,"{""count_fp"":""19.21"",""created_time"":""2026-04-28T02:00:13.329863Z"",""no_price_dollars"":""0.4500"",""taker_side"":""no"",""ticker"":""KXBTC15M-26APR272215-15"",""trade_id"":""2a79179d-2e78-5557-4637-b8c380ef0f76"",""yes_price_dollars"":""0.5500""}"
KXBTC15M-26APR272215-15,1396add3-13e4-7c7e-b643-da89e58df43d,1777341613,0.57,30.0,yes,"{""count_fp"":""30.00"",""created_time"":""2026-04-28T02:00:13.153752Z"",""no_price_dollars"":""0.4300"",""taker_side"":""yes"",""ticker"":""KXBTC15M-26APR272215-15"",""trade_id"":""1396add3-13e4-7c7e-b643-da89e58df43d"",""yes_price_dollars"":""0.5700""}"
KXBTC15M-26APR272215-15,260b1a65-3054-59be-8b18-af5276cd8415,1777341614,0.56,1.0,yes,"{""count_fp"":""1.00"",""created_time"":""2026-04-28T02:00:14.935994Z"",""no_price_dollars"":""0.4400"",""taker_side"":""yes"",""ticker"":""KXBTC15M-26APR272215-15"",""trade_id"":""260b1a65-3054-59be-8b18-af5276cd8415"",""yes_price_dollars"":""0.5600""}"
KXBTC15M-26APR272215-15,f3014eac-89f4-429e-2ce0-2389153b3749,1777341614,0.56,8.1,yes,"{""count_fp"":""8.10"",""created_time"":""2026-04-28T02:00:14.804318Z"",""no_price_dollars"":""0.4400"",""taker_side"":""yes"",""ticker"":""KXBTC15M-26APR272215-15"",""trade_id"":""f3014eac-89f4-429e-2ce0-2389153b3749"",""yes_price_dollars"":""0.5600""}"
KXBTC15M-26APR272215-15,8fdf140c-2f3c-673e-f407-b0a909c6bf0d,1777341614,0.56,100.0,yes,"{""count_fp"":""100.00"",""created_time"":""2026-04-28T02:00:14.751525Z"",""no_price_dollars"":""0.4400"",""taker_side"":""yes"",""ticker"":""KXBTC15M-26APR272215-15"",""trade_id"":""8fdf140c-2f3c-673e-f407-b0a909c6bf0d"",""yes_price_dollars"":""0.5600""}"
KXBTC15M-26APR272215-15,d96ca1ab-c2ff-7191-6622-8f7cce1de774,1777341614,0.55,6.86,no,"{""count_fp"":""6.86"",""created_time"":""2026-04-28T02:00:14.630322Z"",""no_price_dollars"":""0.4500"",""taker_side"":""no"",""ticker"":""KXBTC15M-26APR272215-15"",""trade_id"":""d96ca1ab-c2ff-7191-6622-8f7cce1de774"",""yes_price_dollars"":""0.5500""}"
KXBTC15M-26APR272215-15,189d7a36-ee98-7d2a-7bbb-b1d9bbb4f1a6,1777341614,0.55,1.53,no,"{""count_fp"":""1.53"",""created_time"":""2026-04-28T02:00:14.630322Z"",""no_price_dollars"":""0.4500"",""taker_side"":""no"",""ticker"":""KXBTC15M-26APR272215-15"",""trade_id"":""189d7a36-ee98-7d2a-7bbb-b1d9bbb4f1a6"",""yes_price_dollars"":""0.5500""}"
KXBTC15M-26APR272215-15,a052aa91-f508-5952-e169-433254e0f1bd,1777341614,0.56,85.15,yes,"{""count_fp"":""85.15"",""created_time"":""2026-04-28T02:00:14.088561Z"",""no_price_dollars"":""0.4400"",""taker_side"":""yes"",""ticker"":""KXBTC15M-26APR272215-15"",""trade_id"":""a052aa91-f508-5952-e169-433254e0f1bd"",""yes_price_dollars"":""0.5600""}"
KXBTC15M-26APR272215-15,c67dee02-109c-750e-81fe-a496e8bfe48d,1777341614,0.56,0.25,yes,"{""count_fp"":""0.25"",""created_time"":""2026-04-28T02:00:14.069971Z"",""no_price_dollars"":""0.4400"",""taker_side"":""yes"",""ticker"":""KXBTC15M-26APR272215-15"",""trade_id"":""c67dee02-109c-750e-81fe-a496e8bfe48d"",""yes_price_dollars"":""0.5600""}"
KXBTC15M-26APR272215-15,f08b2bb5-c074-7602-211c-d3e21ff4884d,1777341615,0.56,25.98,yes,"{""count_fp"":""25.98"",""created_time"":""2026-04-28T02:00:15.882422Z"",""no_price_dollars"":""0.4400"",""taker_side"":""yes"",""ticker"":""KXBTC15M-26APR272215-15"",""trade_id"":""f08b2bb5-c074-7602-211c-d3e21ff4884d"",""yes_price_dollars"":""0.5600""}"
KXBTC15M-26APR272215-15,1539ce96-2b10-5226-8077-85ec7f07fb21,1777341615,0.56,59.69,yes,"{""count_fp"":""59.69"",""created_time"":""2026-04-28T02:00:15.642207Z"",""no_price_dollars"":""0.4400"",""taker_side"":""yes"",""ticker"":""KXBTC15M-26APR272215-15"",""trade_id"":""1539ce96-2b10-5226-8077-85ec7f07fb21"",""yes_price_dollars"":""0.5600""}"
KXBTC15M-26APR272215-15,37fde51f-88dc-48ba-dbfa-1f35904caced,1777341615,0.56,3.46,yes,"{""count_fp"":""3.46"",""created_time"":""2026-04-28T02:00:15.370235Z"",""no_price_dollars"":""0.4400"",""taker_side"":""yes"",""ticker"":""KXBTC15M-26APR272215-15"",""trade_id"":""37fde51f-88dc-48ba-dbfa-1f35904caced"",""yes_price_dollars"":""0.5600""}"
KXBTC15M-26APR272215-15,cbc2db9b-1d5f-6779-5f18-6b70fa819a7c,1777341615,0.55,13.0,no,"{""count_fp"":""13.00"",""created_time"":""2026-04-28T02:00:15.303687Z"",""no_price_dollars"":""0.4500"",""taker_side"":""no"",""ticker"":""KXBTC15M-26APR272215-15"",""trade_id"":""cbc2db9b-1d5f-6779-5f18-6b70fa819a7c"",""yes_price_dollars"":""0.5500""}"
KXBTC15M-26APR272215-15,8f40a052-51d4-4c5e-5e0a-eb2783e9ade1,1777341615,0.56,3.4,yes,"{""count_fp"":""3.40"",""created_time"":""2026-04-28T02:00:15.230275Z"",""no_price_dollars"":""0.4400"",""taker_side"":""yes"",""ticker"":""KXBTC15M-26APR272215-15"",""trade_id"":""8f40a052-51d4-4c5e-5e0a-eb2783e9ade1"",""yes_price_dollars"":""0.5600""}"
KXBTC15M-26APR272215-15,90a1c906-b6b0-5c02-3314-409cd2e49959,1777341615,0.56,8.62,yes,"{""count_fp"":""8.62"",""created_time"":""2026-04-28T02:00:15.205004Z"",""no_price_dollars"":""0.4400"",""taker_side"":""yes"",""ticker"":""KXBTC15M-26APR272215-15"",""trade_id"":""90a1c906-b6b0-5c02-3314-409cd2e49959"",""yes_price_dollars"":""0.5600""}"
KXBTC15M-26APR272215-15,877b3f96-a6b0-4d4a-beee-c62b4107dabd,1777341615,0.56,200.0,yes,"{""count_fp"":""200.00"",""created_time"":""2026-04-28T02:00:15.200825Z"",""no_price_dollars"":""0.4400"",""taker_side"":""yes"",""ticker"":""KXBTC15M-26APR272215-15"",""trade_id"":""877b3f96-a6b0-4d4a-beee-c62b4107dabd"",""yes_price_dollars"":""0.5600""}"
KXBTC15M-26APR272215-15,6dc9e278-24f6-5ae9-1f20-7b34c0315e91,1777341616,0.54,12.0,no,"{""count_fp"":""12.00"",""created_time"":""2026-04-28T02:00:16.860443Z"",""no_price_dollars"":""0.4600"",""taker_side"":""no"",""ticker"":""KXBTC15M-26APR272215-15"",""trade_id"":""6dc9e278-24f6-5ae9-1f20-7b34c0315e91"",""yes_price_dollars"":""0.5400""}"
KXBTC15M-26APR272215-15,acecfc60-8990-683e-0b5a-5312170d42cd,1777341616,0.55,433.08,yes,"{""count_fp"":""433.08"",""created_time"":""2026-04-28T02:00:16.812232Z"",""no_price_dollars"":""0.4500"",""taker_side"":""yes"",""ticker"":""KXBTC15M-26APR272215-15"",""trade_id"":""acecfc60-8990-683e-0b5a-5312170d42cd"",""yes_price_dollars"":""0.5500""}"
KXBTC15M-26APR272215-15,ef1873d5-1d9e-56df-4635-cdb83206f1cd,1777341616,0.54,10.0,no,"{""count_fp"":""10.00"",""created_time"":""2026-04-28T02:00:16.735146Z"",""no_price_dollars"":""0.4600"",""taker_side"":""no"",""ticker"":""KXBTC15M-26APR272215-15"",""trade_id"":""ef1873d5-1d9e-56df-4635-cdb83206f1cd"",""yes_price_dollars"":""0.5400""}"
KXBTC15M-26APR272215-15,77050dac-217a-52ee-54c6-9ddd4f51d2e7,1777341616,0.54,33.0,no,"{""count_fp"":""33.00"",""created_time"":""2026-04-28T02:00:16.735146Z"",""no_price_dollars"":""0.4600"",""taker_side"":""no"",""ticker"":""KXBTC15M-26APR272215-15"",""trade_id"":""77050dac-217a-52ee-54c6-9ddd4f51d2e7"",""yes_price_dollars"":""0.5400""}"
KXBTC15M-26APR272215-15,336968cc-2551-5b50-4e45-0fbda96ddc8b,1777341616,0.54,5.0,no,"{""count_fp"":""5.00"",""created_time"":""2026-04-28T02:00:16.735146Z"",""no_price_dollars"":""0.4600"",""taker_side"":""no"",""ticker"":""KXBTC15M-26APR272215-15"",""trade_id"":""336968cc-2551-5b50-4e45-0fbda96ddc8b"",""yes_price_dollars"":""0.5400""}"
KXBTC15M-26APR272215-15,ac5dee1e-7667-6636-84d3-d5090618bd81,1777341616,0.55,3.0,yes,"{""count_fp"":""3.00"",""created_time"":""2026-04-28T02:00:16.512137Z"",""no_price_dollars"":""0.4500"",""taker_side"":""yes"",""ticker"":""KXBTC15M-26APR272215-15"",""trade_id"":""ac5dee1e-7667-6636-84d3-d5090618bd81"",""yes_price_dollars"":""0.5500""}"
KXBTC15M-26APR272215-15,7c0a6297-9f10-6026-b12c-0458321ca2b1,1777341616,0.55,14.32,yes,"{""count_fp"":""14.32"",""created_time"":""2026-04-28T02:00:16.512137Z"",""no_price_dollars"":""0.4500"",""taker_side"":""yes"",""ticker"":""KXBTC15M-26APR272215-15"",""trade_id"":""7c0a6297-9f10-6026-b12c-0458321ca2b1"",""yes_price_dollars"":""0.5500""}"
KXBTC15M-26APR272215-15,3989bd73-309c-4d52-e13e-e7a607702959,1777341616,0.56,3.0,yes,"{""count_fp"":""3.00"",""created_time"":""2026-04-28T02:00:16.260747Z"",""no_price_dollars"":""0.4400"",""taker_side"":""yes"",""ticker"":""KXBTC15M-26APR272215-15"",""trade_id"":""3989bd73-309c-4d52-e13e-e7a607702959"",""yes_price_dollars"":""0.5600""}"
KXBTC15M-26APR272215-15,13c255a5-93c4-4761-eda5-89abf03da4bc,1777341616,0.55,10.0,yes,"{""count_fp"":""10.00"",""created_time"":""2026-04-28T02:00:16.260747Z"",""no_price_dollars"":""0.4500"",""taker_side"":""yes"",""ticker"":""KXBTC15M-26APR272215-15"",""trade_id"":""13c255a5-93c4-4761-eda5-89abf03da4bc"",""yes_price_dollars"":""0.5500""}"
KXBTC15M-26APR272215-15,e2fbcd4d-f807-5af1-72a7-a4f0d4cf545b,1777341616,0.55,29.0,yes,"{""count_fp"":""29.00"",""created_time"":""2026-04-28T02:00:16.160105Z"",""no_price_dollars"":""0.4500"",""taker_side"":""yes"",""ticker"":""KXBTC15M-26APR272215-15"",""trade_id"":""e2fbcd4d-f807-5af1-72a7-a4f0d4cf545b"",""yes_price_dollars"":""0.5500""}"
KXBTC15M-26APR272215-15,cffefd3a-5146-53e0-62f4-7c9c6a8922dc,1777341616,0.55,5.0,yes,"{""count_fp"":""5.00"",""created_time"":""2026-04-28T02:00:16.160105Z"",""no_price_dollars"":""0.4500"",""taker_side"":""yes"",""ticker"":""KXBTC15M-26APR272215-15"",""trade_id"":""cffefd3a-5146-53e0-62f4-7c9c6a8922dc"",""yes_price_dollars"":""0.5500""}"
KXBTC15M-26APR272215-15,394d982f-d208-53e6-7973-5c62e576cba5,1777341616,0.56,13.0,yes,"{""count_fp"":""13.00"",""created_time"":""2026-04-28T02:00:16.160105Z"",""no_price_dollars"":""0.4400"",""taker_side"":""yes"",""ticker"":""KXBTC15M-26APR272215-15"",""trade_id"":""394d982f-d208-53e6-7973-5c62e576cba5"",""yes_price_dollars"":""0.5600""}"
KXBTC15M-26APR272215-15,30fa317e-d277-575b-643f-70c5129a8883,1777341616,0.55,3.0,yes,"{""count_fp"":""3.00"",""created_time"":""2026-04-28T02:00:16.160105Z"",""no_price_dollars"":""0.4500"",""taker_side"":""yes"",""ticker"":""KXBTC15M-26APR272215-15"",""trade_id"":""30fa317e-d277-575b-643f-70c5129a8883"",""yes_price_dollars"":""0.5500""}"
KXBTC15M-26APR272215-15,f0cfeb97-16f2-627e-bd47-0c3ca355f58d,1777341617,0.52,0.16,yes,"{""count_fp"":""0.16"",""created_time"":""2026-04-28T02:00:17.824095Z"",""no_price_dollars"":""0.4800"",""taker_side"":""yes"",""ticker"":""KXBTC15M-26APR272215-15"",""trade_id"":""f0cfeb97-16f2-627e-bd47-0c3ca355f58d"",""yes_price_dollars"":""0.5200""}"
KXBTC15M-26APR272215-15,4aded975-e9f0-6ed5-9062-e924348e1924,1777341617,0.52,0.54,yes,"{""count_fp"":""0.54"",""created_time"":""2026-04-28T02:00:17.824095Z"",""no_price_dollars"":""0.4800"",""taker_side"":""yes"",""ticker"":""KXBTC15M-26APR272215-15"",""trade_id"":""4aded975-e9f0-6ed5-9062-e924348e1924"",""yes_price_dollars"":""0.5200""}"
KXBTC15M-26APR272215-15,5eabfdaf-0c6e-6296-ba2b-ef74f7a913a1,1777341617,0.52,1.7,yes,"{""count_fp"":""1.70"",""created_time"":""2026-04-28T02:00:17.814099Z"",""no_price_dollars"":""0.4800"",""taker_side"":""yes"",""ticker"":""KXBTC15M-26APR272215-15"",""trade_id"":""5eabfdaf-0c6e-6296-ba2b-ef74f7a913a1"",""yes_price_dollars"":""0.5200""}"
KXBTC15M-26APR272215-15,9728898c-00d2-5f67-7e5d-19684d6acf5b,1777341617,0.52,10.0,yes,"{""count_fp"":""10.00"",""created_time"":""2026-04-28T02:00:17.783543Z"",""no_price_dollars"":""0.4800"",""taker_side"":""yes"",""ticker"":""KXBTC15M-26APR272215-15"",""trade_id"":""9728898c-00d2-5f67-7e5d-19684d6acf5b"",""yes_price_dollars"":""0.5200""}"
KXBTC15M-26APR272215-15,5319b557-4eeb-5230-5d4d-e099d8ab100f,1777341617,0.52,3.0,yes,"{""count_fp"":""3.00"",""created_time"":""2026-04-28T02:00:17.783543Z"",""no_price_dollars"":""0.4800"",""taker_side"":""yes"",""ticker"":""KXBTC15M-26APR272215-15"",""trade_id"":""5319b557-4eeb-5230-5d4d-e099d8ab100f"",""yes_price_dollars"":""0.5200""}"
KXBTC15M-26APR272215-15,489ddf42-beb6-55c6-6af8-a8f101ba1201,1777341617,0.52,8.14,yes,"{""count_fp"":""8.14"",""created_time"":""2026-04-28T02:00:17.783543Z"",""no_price_dollars"":""0.4800"",""taker_side"":""yes"",""ticker"":""KXBTC15M-26APR272215-15"",""trade_id"":""489ddf42-beb6-55c6-6af8-a8f101ba1201"",""yes_price_dollars"":""0.5200""}"
KXBTC15M-26APR272215-15,f571c27a-26f4-5dca-5106-99760e383859,1777341618,0.51,186.05,yes,"{""count_fp"":""186.05"",""created_time"":""2026-04-28T02:00:18.683348Z"",""no_price_dollars"":""0.4900"",""taker_side"":""yes"",""ticker"":""KXBTC15M-26APR272215-15"",""trade_id"":""f571c27a-26f4-5dca-5106-99760e383859"",""yes_price_dollars"":""0.5100""}"
KXBTC15M-26APR272215-15,6fc887b6-bfcc-50e6-ac51-535d57bb0ab9,1777341618,0.51,0.43,yes,"{""count_fp"":""0.43"",""created_time"":""2026-04-28T02:00:18.411665Z"",""no_price_dollars"":""0.4900"",""taker_side"":""yes"",""ticker"":""KXBTC15M-26APR272215-15"",""trade_id"":""6fc887b6-bfcc-50e6-ac51-535d57bb0ab9"",""yes_price_dollars"":""0.5100""}"
KXBTC15M-26APR272215-15,bad28d6e-7844-4d72-2efb-07d21f7fa92d,1777341618,0.51,1000.0,yes,"{""count_fp"":""1000.00"",""created_time"":""2026-04-28T02:00:18.391403Z"",""no_price_dollars"":""0.4900"",""taker_side"":""yes"",""ticker"":""KXBTC15M-26APR272215-15"",""trade_id"":""bad28d6e-7844-4d72-2efb-07d21f7fa92d"",""yes_price_dollars"":""0.5100""}"
KXBTC15M-26APR272215-15,57ba0fe6-0630-6942-cdf0-cc17f0b72a65,1777341618,0.51,0.55,yes,"{""count_fp"":""0.55"",""created_time"":""2026-04-28T02:00:18.334873Z"",""no_price_dollars"":""0.4900"",""taker_side"":""yes"",""ticker"":""KXBTC15M-26APR272215-15"",""trade_id"":""57ba0fe6-0630-6942-cdf0-cc17f0b72a65"",""yes_price_dollars"":""0.5100""}"
KXBTC15M-26APR272215-15,c8ca06b1-d5c0-41e5-a02f-16ea0b43eebd,1777341618,0.51,1.0,no,"{""count_fp"":""1.00"",""created_time"":""2026-04-28T02:00:18.178584Z"",""no_price_dollars"":""0.4900"",""taker_side"":""no"",""ticker"":""KXBTC15M-26APR272215-15"",""trade_id"":""c8ca06b1-d5c0-41e5-a02f-16ea0b43eebd"",""yes_price_dollars"":""0.5100""}"
KXBTC15M-26APR272215-15,6bba1037-03a4-4dbb-830f-a1929bf6eb53,1777341618,0.51,2.0,no,"{""count_fp"":""2.00"",""created_time"":""2026-04-28T02:00:18.178584Z"",""no_price_dollars"":""0.4900"",""taker_side"":""no"",""ticker"":""KXBTC15M-26APR272215-15"",""trade_id"":""6bba1037-03a4-4dbb-830f-a1929bf6eb53"",""yes_price_dollars"":""0.5100""}"
KXBTC15M-26APR272215-15,3a328505-4162-44b7-ccea-6eb2a0e633af,1777341618,0.52,0.4,yes,"{""count_fp"":""0.40"",""created_time"":""2026-04-28T02:00:18.129743Z"",""no_price_dollars"":""0.4800"",""taker_side"":""yes"",""ticker"":""KXBTC15M-26APR272215-15"",""trade_id"":""3a328505-4162-44b7-ccea-6eb2a0e633af"",""yes_price_dollars"":""0.5200""}"
KXBTC15M-26APR272215-15,21806aa9-0928-46ed-d098-9d685d34de1c,1777341618,0.52,1.46,yes,"{""count_fp"":""1.46"",""created_time"":""2026-04-28T02:00:18.129743Z"",""no_price_dollars"":""0.4800"",""taker_side"":""yes"",""ticker"":""KXBTC15M-26APR272215-15"",""trade_id"":""21806aa9-0928-46ed-d098-9d685d34de1c"",""yes_price_dollars"":""0.5200""}"
KXBTC15M-26APR272215-15,d74fd161-fa98-4a9a-4f49-4cc3063392c9,1777341619,0.51,5.0,yes,"{""count_fp"":""5.00"",""created_time"":""2026-04-28T02:00:19.736126Z"",""no_price_dollars"":""0.4900"",""taker_side"":""yes"",""ticker"":""KXBTC15M-26APR272215-15"",""trade_id"":""d74fd161-fa98-4a9a-4f49-4cc3063392c9"",""yes_price_dollars"":""0.5100""}"
KXBTC15M-26APR272215-15,99225c0c-be7c-7c22-e415-c0b0d0489425,1777341619,0.51,27.0,yes,"{""count_fp"":""27.00"",""created_time"":""2026-04-28T02:00:19.697882Z"",""no_price_dollars"":""0.4900"",""taker_side"":""yes"",""ticker"":""KXBTC15M-26APR272215-15"",""trade_id"":""99225c0c-be7c-7c22-e415-c0b0d0489425"",""yes_price_dollars"":""0.5100""}"
KXBTC15M-26APR272215-15,0d4526f2-6844-55b6-d3a3-4f00fdfec19d,1777341619,0.51,236.96,yes,"{""count_fp"":""236.96"",""created_time"":""2026-04-28T02:00:19.685576Z"",""no_price_dollars"":""0.4900"",""taker_side"":""yes"",""ticker"":""KXBTC15M-26APR272215-15"",""trade_id"":""0d4526f2-6844-55b6-d3a3-4f00fdfec19d"",""yes_price_dollars"":""0.5100""}"
KXBTC15M-26APR272215-15,1b4aa8d0-20eb-6212-da1e-e1faa6a97351,1777341619,0.5,38.64,no,"{""count_fp"":""38.64"",""created_time"":""2026-04-28T02:00:19.585638Z"",""no_price_dollars"":""0.5000"",""taker_side"":""no"",""ticker"":""KXBTC15M-26APR272215-15"",""trade_id"":""1b4aa8d0-20eb-6212-da1e-e1faa6a97351"",""yes_price_dollars"":""0.5000""}"
KXBTC15M-26APR272215-15,df5f8fa6-0684-6636-66c4-69357688fe49,1777341619,0.51,18.0,yes,"{""count_fp"":""18.00"",""created_time"":""2026-04-28T02:00:19.228359Z"",""no_price_dollars"":""0.4900"",""taker_side"":""yes"",""ticker"":""KXBTC15M-26APR272215-15"",""trade_id"":""df5f8fa6-0684-6636-66c4-69357688fe49"",""yes_price_dollars"":""0.5100""}"
KXBTC15M-26APR272215-15,b98c6083-a60c-53aa-43e6-70578d3a3561,1777341619,0.51,19.0,yes,"{""count_fp"":""19.00"",""created_time"":""2026-04-28T02:00:19.030358Z"",""no_price_dollars"":""0.4900"",""taker_side"":""yes"",""ticker"":""KXBTC15M-26APR272215-15"",""trade_id"":""b98c6083-a60c-53aa-43e6-70578d3a3561"",""yes_price_dollars"":""0.5100""}"
KXBTC15M-26APR272215-15,6a3346db-440b-5d06-f307-1b107b859bd9,1777341620,0.5,11.59,no,"{""count_fp"":""11.59"",""created_time"":""2026-04-28T02:00:20.857394Z"",""no_price_dollars"":""0.5000"",""taker_side"":""no"",""ticker"":""KXBTC15M-26APR272215-15"",""trade_id"":""6a3346db-440b-5d06-f307-1b107b859bd9"",""yes_price_dollars"":""0.5000""}"
KXBTC15M-26APR272215-15,f33a22fb-d8cf-75d2-fe9d-717c01bdf58d,1777341620,0.5,9.66,no,"{""count_fp"":""9.66"",""created_time"":""2026-04-28T02:00:20.551023Z"",""no_price_dollars"":""0.5000"",""taker_side"":""no"",""ticker"":""KXBTC15M-26APR272215-15"",""trade_id"":""f33a22fb-d8cf-75d2-fe9d-717c01bdf58d"",""yes_price_dollars"":""0.5000""}"
KXBTC15M-26APR272215-15,3ce36865-84a3-7d96-ca44-24f3c603e981,1777341620,0.5,38.64,no,"{""count_fp"":""38.64"",""created_time"":""2026-04-28T02:00:20.500448Z"",""no_price_dollars"":""0.5000"",""taker_side"":""no"",""ticker"":""KXBTC15M-26APR272215-15"",""trade_id"":""3ce36865-84a3-7d96-ca44-24f3c603e981"",""yes_price_dollars"":""0.5000""}"
KXBTC15M-26APR272215-15,e86092aa-084b-4e2a-d91c-b654ff4eb675,1777341620,0.5,19.32,no,"{""count_fp"":""19.32"",""created_time"":""2026-04-28T02:00:20.365573Z"",""no_price_dollars"":""0.5000"",""taker_side"":""no"",""ticker"":""KXBTC15M-26APR272215-15"",""trade_id"":""e86092aa-084b-4e2a-d91c-b654ff4eb675"",""yes_price_dollars"":""0.5000""}"
KXBTC15M-26APR272215-15,1782846c-4224-7456-ab4a-cca97fb8f429,1777341620,0.51,56.87,yes,"{""count_fp"":""56.87"",""created_time"":""2026-04-28T02:00:20.282986Z"",""no_price_dollars"":""0.4900"",""taker_side"":""yes"",""ticker"":""KXBTC15M-26APR272215-15"",""trade_id"":""1782846c-4224-7456-ab4a-cca97fb8f429"",""yes_price_dollars"":""0.5100""}"
KXBTC15M-26APR272215-15,a734216e-cd8b-7faa-0ed1-c260ebba57e5,1777341620,0.5,19.32,no,"{""count_fp"":""19.32"",""created_time"":""2026-04-28T02:00:20.153475Z"",""no_price_dollars"":""0.5000"",""taker_side"":""no"",""ticker"":""KXBTC15M-26APR272215-15"",""trade_id"":""a734216e-cd8b-7faa-0ed1-c260ebba57e5"",""yes_price_dollars"":""0.5000""}"
KXBTC15M-26APR272215-15,0283160f-738e-5643-5d72-453cc903571e,1777341621,0.51,22.74,yes,"{""count_fp"":""22.74"",""created_time"":""2026-04-28T02:00:21.874531Z"",""no_price_dollars"":""0.4900"",""taker_side"":""yes"",""ticker"":""KXBTC15M-26APR272215-15"",""trade_id"":""0283160f-738e-5643-5d72-453cc903571e"",""yes_price_dollars"":""0.5100""}"
KXBTC15M-26APR272215-15,de05ade7-65ec-409a-4d98-788ab00d48c5,1777341621,0.51,0.86,yes,"{""count_fp"":""0.86"",""created_time"":""2026-04-28T02:00:21.791992Z"",""no_price_dollars"":""0.4900"",""taker_side"":""yes"",""ticker"":""KXBTC15M-26APR272215-15"",""trade_id"":""de05ade7-65ec-409a-4d98-788ab00d48c5"",""yes_price_dollars"":""0.5100""}"
KXBTC15M-26APR272215-15,5e1ed31a-e52e-423b-6f4f-949937c059ca,1777341621,0.51,156.48,yes,"{""count_fp"":""156.48"",""created_time"":""2026-04-28T02:00:21.791992Z"",""no_price_dollars"":""0.4900"",""taker_side"":""yes"",""ticker"":""KXBTC15M-26APR272215-15"",""trade_id"":""5e1ed31a-e52e-423b-6f4f-949937c059ca"",""yes_price_dollars"":""0.5100""}"
KXBTC15M-26APR272215-15,36c05455-0614-5c4a-683d-f8215fe54935,1777341621,0.51,10.0,yes,"{""count_fp"":""10.00"",""created_time"":""2026-04-28T02:00:21.285484Z"",""no_price_dollars"":""0.4900"",""taker_side"":""yes"",""ticker"":""KXBTC15M-26APR272215-15"",""trade_id"":""36c05455-0614-5c4a-683d-f8215fe54935"",""yes_price_dollars"":""0.5100""}"
KXBTC15M-26APR272215-15,d523accc-6480-629a-11bb-6b07c1f5f3a9,1777341621,0.51,80.0,yes,"{""count_fp"":""80.00"",""created_time"":""2026-04-28T02:00:21.182691Z"",""no_price_dollars"":""0.4900"",""taker_side"":""yes"",""ticker"":""KXBTC15M-26APR272215-15"",""trade_id"":""d523accc-6480-629a-11bb-6b07c1f5f3a9"",""yes_price_dollars"":""0.5100""}"
KXBTC15M-26APR272215-15,e3436e16-a74f-68b2-8972-41f2c66e0b0d,1777341621,0.5,5.0,no,"{""count_fp"":""5.00"",""created_time"":""2026-04-28T02:00:21.152831Z"",""no_price_dollars"":""0.5000"",""taker_side"":""no"",""ticker"":""KXBTC15M-26APR272215-15"",""trade_id"":""e3436e16-a74f-68b2-8972-41f2c66e0b0d"",""yes_price_dollars"":""0.5000""}"
KXBTC15M-26APR272215-15,fa289f12-eaa4-78e5-ebaa-432a569b09f5,1777341622,0.52,44.27,yes,"{""count_fp"":""44.27"",""created_time"":""2026-04-28T02:00:22.774424Z"",""no_price_dollars"":""0.4800"",""taker_side"":""yes"",""ticker"":""KXBTC15M-26APR272215-15"",""trade_id"":""fa289f12-eaa4-78e5-ebaa-432a569b09f5"",""yes_price_dollars"":""0.5200""}"
KXBTC15M-26APR272215-15,06f8687a-2f9e-789d-c3bf-1122753e843f,1777341622,0.52,2.0,yes,"{""count_fp"":""2.00"",""created_time"":""2026-04-28T02:00:22.774424Z"",""no_price_dollars"":""0.4800"",""taker_side"":""yes"",""ticker"":""KXBTC15M-26APR272215-15"",""trade_id"":""06f8687a-2f9e-789d-c3bf-1122753e843f"",""yes_price_dollars"":""0.5200""}"
KXBTC15M-26APR272215-15,ef115a2a-1f8e-6e68-9ae8-c5873c83256d,1777341622,0.51,3.0,yes,"{""count_fp"":""3.00"",""created_time"":""2026-04-28T02:00:22.261286Z"",""no_price_dollars"":""0.4900"",""taker_side"":""yes"",""ticker"":""KXBTC15M-26APR272215-15"",""trade_id"":""ef115a2a-1f8e-6e68-9ae8-c5873c83256d"",""yes_price_dollars"":""0.5100""}"
KXBTC15M-26APR272215-15,c740e5d4-6826-68cf-8655-a56b4dc995e2,1777341622,0.51,295.66,yes,"{""count_fp"":""295.66"",""created_time"":""2026-04-28T02:00:22.261286Z"",""no_price_dollars"":""0.4900"",""taker_side"":""yes"",""ticker"":""KXBTC15M-26APR272215-15"",""trade_id"":""c740e5d4-6826-68cf-8655-a56b4dc995e2"",""yes_price_dollars"":""0.5100""}"
KXBTC15M-26APR272215-15,864ee77a-64fb-6ca0-b2e8-bb6d926b4d44,1777341622,0.51,5.0,yes,"{""count_fp"":""5.00"",""created_time"":""2026-04-28T02:00:22.261286Z"",""no_price_dollars"":""0.4900"",""taker_side"":""yes"",""ticker"":""KXBTC15M-26APR272215-15"",""trade_id"":""864ee77a-64fb-6ca0-b2e8-bb6d926b4d44"",""yes_price_dollars"":""0.5100""}"
KXBTC15M-26APR272215-15,693926c6-412b-67af-acc1-d3c956fb2f12,1777341622,0.51,56.0,yes,"{""count_fp"":""56.00"",""created_time"":""2026-04-28T02:00:22.261286Z"",""no_price_dollars"":""0.4900"",""taker_side"":""yes"",""ticker"":""KXBTC15M-26APR272215-15"",""trade_id"":""693926c6-412b-67af-acc1-d3c956fb2f12"",""yes_price_dollars"":""0.5100""}"
KXBTC15M-26APR272215-15,5efdf0dc-4575-6eb2-abda-d7c299151ea4,1777341622,0.51,6.0,yes,"{""count_fp"":""6.00"",""created_time"":""2026-04-28T02:00:22.261286Z"",""no_price_dollars"":""0.4900"",""taker_side"":""yes"",""ticker"":""KXBTC15M-26APR272215-15"",""trade_id"":""5efdf0dc-4575-6eb2-abda-d7c299151ea4"",""yes_price_dollars"":""0.5100""}"
KXBTC15M-26APR272215-15,41d14c7f-8043-6c34-ae26-9718ae35cda8,1777341622,0.51,2.0,yes,"{""count_fp"":""2.00"",""created_time"":""2026-04-28T02:00:22.261286Z"",""no_price_dollars"":""0.4900"",""taker_side"":""yes"",""ticker"":""KXBTC15M-26APR272215-15"",""trade_id"":""41d14c7f-8043-6c34-ae26-9718ae35cda8"",""yes_price_dollars"":""0.5100""}"
KXBTC15M-26APR272215-15,3901cda8-1ac6-6b63-51c8-d15682ac6162,1777341622,0.51,7.58,yes,"{""count_fp"":""7.58"",""created_time"":""2026-04-28T02:00:22.204225Z"",""no_price_dollars"":""0.4900"",""taker_side"":""yes"",""ticker"":""KXBTC15M-26APR272215-15"",""trade_id"":""3901cda8-1ac6-6b63-51c8-d15682ac6162"",""yes_price_dollars"":""0.5100""}"
KXBTC15M-26APR272215-15,00df3d72-b78a-429b-0d21-6676361eccd2,1777341622,0.51,17.54,yes,"{""count_fp"":""17.54"",""created_time"":""2026-04-28T02:00:22.113607Z"",""no_price_dollars"":""0.4900"",""taker_side"":""yes"",""ticker"":""KXBTC15M-26APR272215-15"",""trade_id"":""00df3d72-b78a-429b-0d21-6676361eccd2"",""yes_price_dollars"":""0.5100""}"
KXBTC15M-26APR272215-15,8d5f3b6a-296e-5e98-84a8-2a147403fb59,1777341624,0.51,100.0,no,"{""count_fp"":""100.00"",""created_time"":""2026-04-28T02:00:24.990911Z"",""no_price_dollars"":""0.4900"",""taker_side"":""no"",""ticker"":""KXBTC15M-26APR272215-15"",""trade_id"":""8d5f3b6a-296e-5e98-84a8-2a147403fb59"",""yes_price_dollars"":""0.5100""}"
KXBTC15M-26APR272215-15,76fe0170-61bc-5595-7f02-294dd5ac1a2d,1777341624,0.52,1.86,yes,"{""count_fp"":""1.86"",""created_time"":""2026-04-28T02:00:24.914234Z"",""no_price_dollars"":""0.4800"",""taker_side"":""yes"",""ticker"":""KXBTC15M-26APR272215-15"",""trade_id"":""76fe0170-61bc-5595-7f02-294dd5ac1a2d"",""yes_price_dollars"":""0.5200""}"
KXBTC15M-26APR272215-15,8f81997a-8092-5fac-865f-6c57084f23d1,1777341624,0.51,9.66,no,"{""count_fp"":""9.66"",""created_time"":""2026-04-28T02:00:24.891793Z"",""no_price_dollars"":""0.4900"",""taker_side"":""no"",""ticker"":""KXBTC15M-26APR272215-15"",""trade_id"":""8f81997a-8092-5fac-865f-6c57084f23d1"",""yes_price_dollars"":""0.5100""}"
KXBTC15M-26APR272215-15,eb5da397-9cbc-7ec1-1da8-19cadd3bca4d,1777341624,0.52,1000.0,yes,"{""count_fp"":""1000.00"",""created_time"":""2026-04-28T02:00:24.834574Z"",""no_price_dollars"":""0.4800"",""taker_side"":""yes"",""ticker"":""KXBTC15M-26APR272215-15"",""trade_id"":""eb5da397-9cbc-7ec1-1da8-19cadd3bca4d"",""yes_price_dollars"":""0.5200""}"
KXBTC15M-26APR272215-15,5a085024-de18-6825-91f9-519babd2ab6d,1777341624,0.52,37.21,yes,"{""count_fp"":""37.21"",""created_time"":""2026-04-28T02:00:24.816117Z"",""no_price_dollars"":""0.4800"",""taker_side"":""yes"",""ticker"":""KXBTC15M-26APR272215-15"",""trade_id"":""5a085024-de18-6825-91f9-519babd2ab6d"",""yes_price_dollars"":""0.5200""}"
KXBTC15M-26APR272215-15,7c5c7c9d-f764-6d91-5025-9d82349f17c9,1777341624,0.52,186.05,yes,"{""count_fp"":""186.05"",""created_time"":""2026-04-28T02:00:24.537679Z"",""no_price_dollars"":""0.4800"",""taker_side"":""yes"",""ticker"":""KXBTC15M-26APR272215-15"",""trade_id"":""7c5c7c9d-f764-6d91-5025-9d82349f17c9"",""yes_price_dollars"":""0.5200""}"
KXBTC15M-26APR272215-15,94dd0807-cff0-4641-1394-727c5d517aa5,1777341624,0.52,1.86,yes,"{""count_fp"":""1.86"",""created_time"":""2026-04-28T02:00:24.303987Z"",""no_price_dollars"":""0.4800"",""taker_side"":""yes"",""ticker"":""KXBTC15M-26APR272215-15"",""trade_id"":""94dd0807-cff0-4641-1394-727c5d517aa5"",""yes_price_dollars"":""0.5200""}"
KXBTC15M-26APR272215-15,37ced5a3-29c0-5d75-1ed5-f52913075ab9,1777341625,0.52,3.0,yes,"{""count_fp"":""3.00"",""created_time"":""2026-04-28T02:00:25.891376Z"",""no_price_dollars"":""0.4800"",""taker_side"":""yes"",""ticker"":""KXBTC15M-26APR272215-15"",""trade_id"":""37ced5a3-29c0-5d75-1ed5-f52913075ab9"",""yes_price_dollars"":""0.5200""}"
KXBTC15M-26APR272215-15,7b9c8bee-812e-559c-1025-d14beadd5fed,1777341625,0.51,50.0,no,"{""count_fp"":""50.00"",""created_time"":""2026-04-28T02:00:25.579357Z"",""no_price_dollars"":""0.4900"",""taker_side"":""no"",""ticker"":""KXBTC15M-26APR272215-15"",""trade_id"":""7b9c8bee-812e-559c-1025-d14beadd5fed"",""yes_price_dollars"":""0.5100""}"
KXBTC15M-26APR272215-15,0d2c9be0-48b0-6ded-1359-b7b82b18bf45,1777341625,0.52,250.0,yes,"{""count_fp"":""250.00"",""created_time"":""2026-04-28T02:00:25.050505Z"",""no_price_dollars"":""0.4800"",""taker_side"":""yes"",""ticker"":""KXBTC15M-26APR272215-15"",""trade_id"":""0d2c9be0-48b0-6ded-1359-b7b82b18bf45"",""yes_price_dollars"":""0.5200""}"
KXBTC15M-26APR272215-15,036faf17-8f46-409c-fa60-9200b85af531,1777341626,0.51,1.97,no,"{""count_fp"":""1.97"",""created_time"":""2026-04-28T02:00:26.758161Z"",""no_price_dollars"":""0.4900"",""taker_side"":""no"",""ticker"":""KXBTC15M-26APR272215-15"",""trade_id"":""036faf17-8f46-409c-fa60-9200b85af531"",""yes_price_dollars"":""0.5100""}"
KXBTC15M-26APR272215-15,2bf7289b-0b16-7e2b-ca97-df2602cd1a37,1777341626,0.52,10.0,yes,"{""count_fp"":""10.00"",""created_time"":""2026-04-28T02:00:26.538762Z"",""no_price_dollars"":""0.4800"",""taker_side"":""yes"",""ticker"":""KXBTC15M-26APR272215-15"",""trade_id"":""2bf7289b-0b16-7e2b-ca97-df2602cd1a37"",""yes_price_dollars"":""0.5200""}"
KXBTC15M-26APR272215-15,3714a640-3932-57b0-81dd-6f2a90897cf1,1777341626,0.51,1.93,no,"{""count_fp"":""1.93"",""created_time"":""2026-04-28T02:00:26.300962Z"",""no_price_dollars"":""0.4900"",""taker_side"":""no"",""ticker"":""KXBTC15M-26APR272215-15"",""trade_id"":""3714a640-3932-57b0-81dd-6f2a90897cf1"",""yes_price_dollars"":""0.5100""}"
KXBTC15M-26APR272215-15,ea7004fd-c7da-5b2f-b582-ef85e8d2d54f,1777341626,0.52,465.14,yes,"{""count_fp"":""465.14"",""created_time"":""2026-04-28T02:00:26.244316Z"",""no_price_dollars"":""0.4800"",""taker_side"":""yes"",""ticker"":""KXBTC15M-26APR272215-15"",""trade_id"":""ea7004fd-c7da-5b2f-b582-ef85e8d2d54f"",""yes_price_dollars"":""0.5200""}"
KXBTC15M-26APR272215-15,c95355df-eb36-61a3-d0a9-731934fea29f,1777341627,0.52,13.02,yes,"{""count_fp"":""13.02"",""created_time"":""2026-04-28T02:00:27.972754Z"",""no_price_dollars"":""0.4800"",""taker_side"":""yes"",""ticker"":""KXBTC15M-26APR272215-15"",""trade_id"":""c95355df-eb36-61a3-d0a9-731934fea29f"",""yes_price_dollars"":""0.5200""}"
KXBTC15M-26APR272215-15,fee4bd06-b3e0-5357-774b-c7538f518fbf,1777341627,0.51,10.0,no,"{""count_fp"":""10.00"",""created_time"":""2026-04-28T02:00:27.896406Z"",""no_price_dollars"":""0.4900"",""taker_side"":""no"",""ticker"":""KXBTC15M-26APR272215-15"",""trade_id"":""fee4bd06-b3e0-5357-774b-c7538f518fbf"",""yes_price_dollars"":""0.5100""}"
KXBTC15M-26APR272215-15,7414ec17-cd54-5bee-6c6e-35bff263b480,1777341627,0.51,20.38,no,"{""count_fp"":""20.38"",""created_time"":""2026-04-28T02:00:27.896406Z"",""no_price_dollars"":""0.4900"",""taker_side"":""no"",""ticker"":""KXBTC15M-26APR272215-15"",""trade_id"":""7414ec17-cd54-5bee-6c6e-35bff263b480"",""yes_price_dollars"":""0.5100""}"
KXBTC15M-26APR272215-15,2f2700cc-f1f7-56e6-6df2-7315a1aafae6,1777341627,0.51,29.62,no,"{""count_fp"":""29.62"",""created_time"":""2026-04-28T02:00:27.896406Z"",""no_price_dollars"":""0.4900"",""taker_side"":""no"",""ticker"":""KXBTC15M-26APR272215-15"",""trade_id"":""2f2700cc-f1f7-56e6-6df2-7315a1aafae6"",""yes_price_dollars"":""0.5100""}"
KXBTC15M-26APR272215-15,8c42f214-c4cc-4392-ab8d-315c7f388c34,1777341627,0.51,7.48,no,"{""count_fp"":""7.48"",""created_time"":""2026-04-28T02:00:27.778334Z"",""no_price_dollars"":""0.4900"",""taker_side"":""no"",""ticker"":""KXBTC15M-26APR272215-15"",""trade_id"":""8c42f214-c4cc-4392-ab8d-315c7f388c34"",""yes_price_dollars"":""0.5100""}"
KXBTC15M-26APR272215-15,47990e16-eaf8-5e0e-7642-b25160eb6b28,1777341627,0.51,1.97,no,"{""count_fp"":""1.97"",""created_time"":""2026-04-28T02:00:27.475166Z"",""no_price_dollars"":""0.4900"",""taker_side"":""no"",""ticker"":""KXBTC15M-26APR272215-15"",""trade_id"":""47990e16-eaf8-5e0e-7642-b25160eb6b28"",""yes_price_dollars"":""0.5100""}"
KXBTC15M-26APR272215-15,f19c9193-8b68-40c6-37a0-c8cf34620c68,1777341627,0.51,0.17,no,"{""count_fp"":""0.17"",""created_time"":""2026-04-28T02:00:27.440716Z"",""no_price_dollars"":""0.4900"",""taker_side"":""no"",""ticker"":""KXBTC15M-26APR272215-15"",""trade_id"":""f19c9193-8b68-40c6-37a0-c8cf34620c68"",""yes_price_dollars"":""0.5100""}"
KXBTC15M-26APR272215-15,c79b4307-9792-4c34-1090-0c88a53ae14d,1777341627,0.51,9.68,no,"{""count_fp"":""9.68"",""created_time"":""2026-04-28T02:00:27.440716Z"",""no_price_dollars"":""0.4900"",""taker_side"":""no"",""ticker"":""KXBTC15M-26APR272215-15"",""trade_id"":""c79b4307-9792-4c34-1090-0c88a53ae14d"",""yes_price_dollars"":""0.5100""}"
KXBTC15M-26APR272215-15,c7fbc040-37f2-44d8-dfb8-2d05ef33cba5,1777341627,0.51,39.4,no,"{""count_fp"":""39.40"",""created_time"":""2026-04-28T02:00:27.381955Z"",""no_price_dollars"":""0.4900"",""taker_side"":""no"",""ticker"":""KXBTC15M-26APR272215-15"",""trade_id"":""c7fbc040-37f2-44d8-dfb8-2d05ef33cba5"",""yes_price_dollars"":""0.5100""}"
KXBTC15M-26APR272215-15,69dfe761-4032-4e9b-c046-d8dd5726978f,1777341627,0.52,5.0,yes,"{""count_fp"":""5.00"",""created_time"":""2026-04-28T02:00:27.328046Z"",""no_price_dollars"":""0.4800"",""taker_side"":""yes"",""ticker"":""KXBTC15M-26APR272215-15"",""trade_id"":""69dfe761-4032-4e9b-c046-d8dd5726978f"",""yes_price_dollars"":""0.5200""}"
KXBTC15M-26APR272215-15,fb60fc76-3045-5953-93ae-51e62c34db81,1777341628,0.52,5.0,yes,"{""count_fp"":""5.00"",""created_time"":""2026-04-28T02:00:28.990357Z"",""no_price_dollars"":""0.4800"",""taker_side"":""yes"",""ticker"":""KXBTC15M-26APR272215-15"",""trade_id"":""fb60fc76-3045-5953-93ae-51e62c34db81"",""yes_price_dollars"":""0.5200""}"
KXBTC15M-26APR272215-15,caed5e9b-84bf-553f-8e91-a72c255cda53,1777341628,0.52,10.0,yes,"{""count_fp"":""10.00"",""created_time"":""2026-04-28T02:00:28.990357Z"",""no_price_dollars"":""0.4800"",""taker_side"":""yes"",""ticker"":""KXBTC15M-26APR272215-15"",""trade_id"":""caed5e9b-84bf-553f-8e91-a72c255cda53"",""yes_price_dollars"":""0.5200""}"
KXBTC15M-26APR272215-15,a29edff5-7745-5413-b2db-6196db8cefe3,1777341628,0.52,20.0,yes,"{""count_fp"":""20.00"",""created_time"":""2026-04-28T02:00:28.990357Z"",""no_price_dollars"":""0.4800"",""taker_side"":""yes"",""ticker"":""KXBTC15M-26APR272215-15"",""trade_id"":""a29edff5-7745-5413-b2db-6196db8cefe3"",""yes_price_dollars"":""0.5200""}"
KXBTC15M-26APR272215-15,946909c5-8622-5f31-a943-96253b9e32a7,1777341628,0.52,3.0,yes,"{""count_fp"":""3.00"",""created_time"":""2026-04-28T02:00:28.990357Z"",""no_price_dollars"":""0.4800"",""taker_side"":""yes"",""ticker"":""KXBTC15M-26APR272215-15"",""trade_id"":""946909c5-8622-5f31-a943-96253b9e32a7"",""yes_price_dollars"":""0.5200""}"
KXBTC15M-26APR272215-15,7644d7d2-5c59-5a20-8627-c8a5d18c2ac5,1777341628,0.52,2.0,yes,"{""count_fp"":""2.00"",""created_time"":""2026-04-28T02:00:28.990357Z"",""no_price_dollars"":""0.4800"",""taker_side"":""yes"",""ticker"":""KXBTC15M-26APR272215-15"",""trade_id"":""7644d7d2-5c59-5a20-8627-c8a5d18c2ac5"",""yes_price_dollars"":""0.5200""}"
KXBTC15M-26APR272215-15,12c8e13b-395e-5cc3-82c9-e7836a569c7b,1777341628,0.52,6.84,yes,"{""count_fp"":""6.84"",""created_time"":""2026-04-28T02:00:28.990357Z"",""no_price_dollars"":""0.4800"",""taker_side"":""yes"",""ticker"":""KXBTC15M-26APR272215-15"",""trade_id"":""12c8e13b-395e-5cc3-82c9-e7836a569c7b"",""yes_price_dollars"":""0.5200""}"
KXBTC15M-26APR272215-15,e4754b99-89bb-6a72-4ecf-9d3fa15b9f6a,1777341628,0.51,5.91,no,"{""count_fp"":""5.91"",""created_time"":""2026-04-28T02:00:28.486309Z"",""no_price_dollars"":""0.4900"",""taker_side"":""no"",""ticker"":""KXBTC15M-26APR272215-15"",""trade_id"":""e4754b99-89bb-6a72-4ecf-9d3fa15b9f6a"",""yes_price_dollars"":""0.5100""}"
KXBTC15M-26APR272215-15,51f45613-e8ff-44be-cd78-74b6a7ea8206,1777341628,0.51,1.97,no,"{""count_fp"":""1.97"",""created_time"":""2026-04-28T02:00:28.336741Z"",""no_price_dollars"":""0.4900"",""taker_side"":""no"",""ticker"":""KXBTC15M-26APR272215-15"",""trade_id"":""51f45613-e8ff-44be-cd78-74b6a7ea8206"",""yes_price_dollars"":""0.5100""}"
KXBTC15M-26APR272215-15,00df6752-784f-7919-8292-b8b6a6c904d4,1777341629,0.52,15.0,no,"{""count_fp"":""15.00"",""created_time"":""2026-04-28T02:00:29.634846Z"",""no_price_dollars"":""0.4800"",""taker_side"":""no"",""ticker"":""KXBTC15M-26APR272215-15"",""trade_id"":""00df6752-784f-7919-8292-b8b6a6c904d4"",""yes_price_dollars"":""0.5200""}"
KXBTC15M-26APR272215-15,6984f5ff-ecc7-40e1-6dc3-2ac8b516ff58,1777341629,0.52,19.7,no,"{""count_fp"":""19.70"",""created_time"":""2026-04-28T02:00:29.414386Z"",""no_price_dollars"":""0.4800"",""taker_side"":""no"",""ticker"":""KXBTC15M-26APR272215-15"",""trade_id"":""6984f5ff-ecc7-40e1-6dc3-2ac8b516ff58"",""yes_price_dollars"":""0.5200""}"
KXBTC15M-26APR272215-15,4efeade0-61a7-5e85-3da4-580174959ff8,1777341629,0.52,19.7,no,"{""count_fp"":""19.70"",""created_time"":""2026-04-28T02:00:29.262531Z"",""no_price_dollars"":""0.4800"",""taker_side"":""no"",""ticker"":""KXBTC15M-26APR272215-15"",""trade_id"":""4efeade0-61a7-5e85-3da4-580174959ff8"",""yes_price_dollars"":""0.5200""}"
KXBTC15M-26APR272215-15,3d29ff86-4dcb-5185-703e-79241e6bfcb0,1777341629,0.52,22.65,no,"{""count_fp"":""22.65"",""created_time"":""2026-04-28T02:00:29.096292Z"",""no_price_dollars"":""0.4800"",""taker_side"":""no"",""ticker"":""KXBTC15M-26APR272215-15"",""trade_id"":""3d29ff86-4dcb-5185-703e-79241e6bfcb0"",""yes_price_dollars"":""0.5200""}"
KXBTC15M-26APR272215-15,a3ec9977-be8d-6b7d-2f27-5fb28d6f16a3,1777341630,0.53,10.0,no,"{""count_fp"":""10.00"",""created_time"":""2026-04-28T02:00:30.976425Z"",""no_price_dollars"":""0.4700"",""taker_side"":""no"",""ticker"":""KXBTC15M-26APR272215-15"",""trade_id"":""a3ec9977-be8d-6b7d-2f27-5fb28d6f16a3"",""yes_price_dollars"":""0.5300""}"
KXBTC15M-26APR272215-15,79775230-d2dc-62e9-2b40-31f1896e7d5e,1777341630,0.52,5.0,no,"{""count_fp"":""5.00"",""created_time"":""2026-04-28T02:00:30.976425Z"",""no_price_dollars"":""0.4800"",""taker_side"":""no"",""ticker"":""KXBTC15M-26APR272215-15"",""trade_id"":""79775230-d2dc-62e9-2b40-31f1896e7d5e"",""yes_price_dollars"":""0.5200""}"
KXBTC15M-26APR272215-15,f09237b5-5edb-4aed-6c07-f67cc9f12d8c,1777341630,0.51,10.0,yes,"{""count_fp"":""10.00"",""created_time"":""2026-04-28T02:00:30.642274Z"",""no_price_dollars"":""0.4900"",""taker_side"":""yes"",""ticker"":""KXBTC15M-26APR272215-15"",""trade_id"":""f09237b5-5edb-4aed-6c07-f67cc9f12d8c"",""yes_price_dollars"":""0.5100""}"
KXBTC15M-26APR272215-15,e68fcdbd-1707-410c-4dcb-8c3c6ae3309c,1777341630,0.57,89.57,yes,"{""count_fp"":""89.57"",""created_time"":""2026-04-28T02:00:30.642274Z"",""no_price_dollars"":""0.4300"",""taker_side"":""yes"",""ticker"":""KXBTC15M-26APR272215-15"",""trade_id"":""e68fcdbd-1707-410c-4dcb-8c3c6ae3309c"",""yes_price_dollars"":""0.5700""}"
KXBTC15M-26APR272215-15,c8c178a1-4703-4fe3-6fc9-9381f906bf65,1777341630,0.51,484.78,yes,"{""count_fp"":""484.78"",""created_time"":""2026-04-28T02:00:30.642274Z"",""no_price_dollars"":""0.4900"",""taker_side"":""yes"",""ticker"":""KXBTC15M-26APR272215-15"",""trade_id"":""c8c178a1-4703-4fe3-6fc9-9381f906bf65"",""yes_price_dollars"":""0.5100""}"
KXBTC15M-26APR272215-15,aefa4250-e8ec-48c2-6324-e7cd504a0548,1777341630,0.51,20.0,yes,"{""count_fp"":""20.00"",""created_time"":""2026-04-28T02:00:30.642274Z"",""no_price_dollars"":""0.4900"",""taker_side"":""yes"",""ticker"":""KXBTC15M-26APR272215-15"",""trade_id"":""aefa4250-e8ec-48c2-6324-e7cd504a0548"",""yes_price_dollars"":""0.5100""}"
KXBTC15M-26APR272215-15,a6ecb7bd-98e1-4671-4386-3231781128ea,1777341630,0.51,10.0,yes,"{""count_fp"":""10.00"",""created_time"":""2026-04-28T02:00:30.642274Z"",""no_price_dollars"":""0.4900"",""taker_side"":""yes"",""ticker"":""KXBTC15M-26APR272215-15"",""trade_id"":""a6ecb7bd-98e1-4671-4386-3231781128ea"",""yes_price_dollars"":""0.5100""}"
KXBTC15M-26APR272215-15,96f91665-8d2b-48e2-6817-e27756a22eed,1777341630,0.52,2.0,yes,"{""count_fp"":""2.00"",""created_time"":""2026-04-28T02:00:30.642274Z"",""no_price_dollars"":""0.4800"",""taker_side"":""yes"",""ticker"":""KXBTC15M-26APR272215-15"",""trade_id"":""96f91665-8d2b-48e2-6817-e27756a22eed"",""yes_price_dollars"":""0.5200""}"
KXBTC15M-26APR272215-15,8e91a8d1-8968-40f2-4f5e-23a5d2c07742,1777341630,0.54,1000.0,yes,"{""count_fp"":""1000.00"",""created_time"":""2026-04-28T02:00:30.642274Z"",""no_price_dollars"":""0.4600"",""taker_side"":""yes"",""ticker"":""KXBTC15M-26APR272215-15"",""trade_id"":""8e91a8d1-8968-40f2-4f5e-23a5d2c07742"",""yes_price_dollars"":""0.5400""}"
KXBTC15M-26APR272215-15,692a26fa-b5f1-4f5c-769f-1befbbc7bc5a,1777341630,0.56,10.0,yes,"{""count_fp"":""10.00"",""created_time"":""2026-04-28T02:00:30.642274Z"",""no_price_dollars"":""0.4400"",""taker_side"":""yes"",""ticker"":""KXBTC15M-26APR272215-15"",""trade_id"":""692a26fa-b5f1-4f5c-769f-1befbbc7bc5a"",""yes_price_dollars"":""0.5600""}"
KXBTC15M-26APR272215-15,5cec3699-7b20-4689-61aa-a425fab061c1,1777341630,0.55,51.0,yes,"{""count_fp"":""51.00"",""created_time"":""2026-04-28T02:00:30.642274Z"",""no_price_dollars"":""0.4500"",""taker_side"":""yes"",""ticker"":""KXBTC15M-26APR272215-15"",""trade_id"":""5cec3699-7b20-4689-61aa-a425fab061c1"",""yes_price_dollars"":""0.5500""}"
KXBTC15M-26APR272215-15,531352c0-d96d-4916-5bb7-9d5015907a2b,1777341630,0.52,3.0,yes,"{""count_fp"":""3.00"",""created_time"":""2026-04-28T02:00:30.642274Z"",""no_price_dollars"":""0.4800"",""taker_side"":""yes"",""ticker"":""KXBTC15M-26APR272215-15"",""trade_id"":""531352c0-d96d-4916-5bb7-9d5015907a2b"",""yes_price_dollars"":""0.5200""}"
KXBTC15M-26APR272215-15,4b8fcf45-7d48-41eb-6855-d5e215ac02c0,1777341630,0.53,10.0,yes,"{""count_fp"":""10.00"",""created_time"":""2026-04-28T02:00:30.642274Z"",""no_price_dollars"":""0.4700"",""taker_side"":""yes"",""ticker"":""KXBTC15M-26APR272215-15"",""trade_id"":""4b8fcf45-7d48-41eb-6855-d5e215ac02c0"",""yes_price_dollars"":""0.5300""}"
KXBTC15M-26APR272215-15,45c82238-d7e4-4220-4bec-adcc1d49ffad,1777341630,0.53,2.0,yes,"{""count_fp"":""2.00"",""created_time"":""2026-04-28T02:00:30.642274Z"",""no_price_dollars"":""0.4700"",""taker_side"":""yes"",""ticker"":""KXBTC15M-26APR272215-15"",""trade_id"":""45c82238-d7e4-4220-4bec-adcc1d49ffad"",""yes_price_dollars"":""0.5300""}"
KXBTC15M-26APR272215-15,2869f6bb-d1b8-4786-786a-447002fe46e2,1777341630,0.54,2.0,yes,"{""count_fp"":""2.00"",""created_time"":""2026-04-28T02:00:30.642274Z"",""no_price_dollars"":""0.4600"",""taker_side"":""yes"",""ticker"":""KXBTC15M-26APR272215-15"",""trade_id"":""2869f6bb-d1b8-4786-786a-447002fe46e2"",""yes_price_dollars"":""0.5400""}"
KXBTC15M-26APR272215-15,1fa20832-461e-4502-664a-40d0acd7e6da,1777341630,0.55,65.0,yes,"{""count_fp"":""65.00"",""created_time"":""2026-04-28T02:00:30.642274Z"",""no_price_dollars"":""0.4500"",""taker_side"":""yes"",""ticker"":""KXBTC15M-26APR272215-15"",""trade_id"":""1fa20832-461e-4502-664a-40d0acd7e6da"",""yes_price_dollars"":""0.5500""}"
KXBTC15M-26APR272215-15,183ad2f5-c252-475a-4efc-2d53d1c48994,1777341630,0.53,5.0,yes,"{""count_fp"":""5.00"",""created_time"":""2026-04-28T02:00:30.642274Z"",""no_price_dollars"":""0.4700"",""taker_side"":""yes"",""ticker"":""KXBTC15M-26APR272215-15"",""trade_id"":""183ad2f5-c252-475a-4efc-2d53d1c48994"",""yes_price_dollars"":""0.5300""}"
KXBTC15M-26APR272215-15,17047f96-358c-4455-4ff0-efc6b611ff19,1777341630,0.54,1650.75,yes,"{""count_fp"":""1650.75"",""created_time"":""2026-04-28T02:00:30.642274Z"",""no_price_dollars"":""0.4600"",""taker_side"":""yes"",""ticker"":""KXBTC15M-26APR272215-15"",""trade_id"":""17047f96-358c-4455-4ff0-efc6b611ff19"",""yes_price_dollars"":""0.5400""}"
KXBTC15M-26APR272215-15,16146846-f2b4-459d-5b22-442fcfc417e5,1777341630,0.54,3.0,yes,"{""count_fp"":""3.00"",""created_time"":""2026-04-28T02:00:30.642274Z"",""no_price_dollars"":""0.4600"",""taker_side"":""yes"",""ticker"":""KXBTC15M-26APR272215-15"",""trade_id"":""16146846-f2b4-459d-5b22-442fcfc417e5"",""yes_price_dollars"":""0.5400""}"
KXBTC15M-26APR272215-15,1283580a-77b4-485f-4dba-b7515c3f5201,1777341630,0.52,100.0,yes,"{""count_fp"":""100.00"",""created_time"":""2026-04-28T02:00:30.642274Z"",""no_price_dollars"":""0.4800"",""taker_side"":""yes"",""ticker"":""KXBTC15M-26APR272215-15"",""trade_id"":""1283580a-77b4-485f-4dba-b7515c3f5201"",""yes_price_dollars"":""0.5200""}"
KXBTC15M-26APR272215-15,0ba907fe-d13d-4b9e-4b95-46a34ac67313,1777341630,0.53,2.0,yes,"{""count_fp"":""2.00"",""created_time"":""2026-04-28T02:00:30.642274Z"",""no_price_dollars"":""0.4700"",""taker_side"":""yes"",""ticker"":""KXBTC15M-26APR272215-15"",""trade_id"":""0ba907fe-d13d-4b9e-4b95-46a34ac67313"",""yes_price_dollars"":""0.5300""}"
KXBTC15M-26APR272215-15,0863b77a-461c-4d52-6b84-885869199e24,1777341630,0.55,56.0,yes,"{""count_fp"":""56.00"",""created_time"":""2026-04-28T02:00:30.642274Z"",""no_price_dollars"":""0.4500"",""taker_side"":""yes"",""ticker"":""KXBTC15M-26APR272215-15"",""trade_id"":""0863b77a-461c-4d52-6b84-885869199e24"",""yes_price_dollars"":""0.5500""}"
KXBTC15M-26APR272215-15,86fe1841-3b77-7097-e176-b0f4383ce359,1777341630,0.51,5.64,yes,"{""count_fp"":""5.64"",""created_time"":""2026-04-28T02:00:30.606507Z"",""no_price_dollars"":""0.4900"",""taker_side"":""yes"",""ticker"":""KXBTC15M-26APR272215-15"",""trade_id"":""86fe1841-3b77-7097-e176-b0f4383ce359"",""yes_price_dollars"":""0.5100""}"
KXBTC15M-26APR272215-15,e04bc04b-9637-436a-fc3d-7b241734a49d,1777341630,0.5,2.0,no,"{""count_fp"":""2.00"",""created_time"":""2026-04-28T02:00:30.311658Z"",""no_price_dollars"":""0.5000"",""taker_side"":""no"",""ticker"":""KXBTC15M-26APR272215-15"",""trade_id"":""e04bc04b-9637-436a-fc3d-7b241734a49d"",""yes_price_dollars"":""0.5000""}"
KXBTC15M-26APR272215-15,80568aa9-5297-66a7-b8fa-5d6a42d5e5e9,1777341630,0.51,7.58,yes,"{""count_fp"":""7.58"",""created_time"":""2026-04-28T02:00:30.260834Z"",""no_price_dollars"":""0.4900"",""taker_side"":""yes"",""ticker"":""KXBTC15M-26APR272215-15"",""trade_id"":""80568aa9-5297-66a7-b8fa-5d6a42d5e5e9"",""yes_price_dollars"":""0.5100""}"
KXBTC15M-26APR272215-15,9d48bfb7-e3e3-454b-9582-fea8d2c1b12d,1777341630,0.51,2.0,yes,"{""count_fp"":""2.00"",""created_time"":""2026-04-28T02:00:30.136474Z"",""no_price_dollars"":""0.4900"",""taker_side"":""yes"",""ticker"":""KXBTC15M-26APR272215-15"",""trade_id"":""9d48bfb7-e3e3-454b-9582-fea8d2c1b12d"",""yes_price_dollars"":""0.5100""}"
KXBTC15M-26APR272215-15,eccb250a-b0bb-4ef6-7fe2-8a489ca27fd5,1777341630,0.5,4.29,no,"{""count_fp"":""4.29"",""created_time"":""2026-04-28T02:00:30.001061Z"",""no_price_dollars"":""0.5000"",""taker_side"":""no"",""ticker"":""KXBTC15M-26APR272215-15"",""trade_id"":""eccb250a-b0bb-4ef6-7fe2-8a489ca27fd5"",""yes_price_dollars"":""0.5000""}"
KXBTC15M-26APR272215-15,cdb69196-ce1f-4011-6e85-bd0045cbd20c,1777341630,0.52,1.11,no,"{""count_fp"":""1.11"",""created_time"":""2026-04-28T02:00:30.001061Z"",""no_price_dollars"":""0.4800"",""taker_side"":""no"",""ticker"":""KXBTC15M-26APR272215-15"",""trade_id"":""cdb69196-ce1f-4011-6e85-bd0045cbd20c"",""yes_price_dollars"":""0.5200""}"
KXBTC15M-26APR272215-15,a4596f1d-cdf3-4040-582d-aaf279cc9be3,1777341630,0.52,5.0,no,"{""count_fp"":""5.00"",""created_time"":""2026-04-28T02:00:30.001061Z"",""no_price_dollars"":""0.4800"",""taker_side"":""no"",""ticker"":""KXBTC15M-26APR272215-15"",""trade_id"":""a4596f1d-cdf3-4040-582d-aaf279cc9be3"",""yes_price_dollars"":""0.5200""}"
KXBTC15M-26APR272215-15,534cf0a2-56b8-41ce-7c51-30c2fd01784d,1777341630,0.52,10.0,no,"{""count_fp"":""10.00"",""created_time"":""2026-04-28T02:00:30.001061Z"",""no_price_dollars"":""0.4800"",""taker_side"":""no"",""ticker"":""KXBTC15M-26APR272215-15"",""trade_id"":""534cf0a2-56b8-41ce-7c51-30c2fd01784d"",""yes_price_dollars"":""0.5200""}"
KXBTC15M-26APR272215-15,14ac5e43-af2b-4d95-4011-2793e3c68b14,1777341630,0.52,19.0,no,"{""count_fp"":""19.00"",""created_time"":""2026-04-28T02:00:30.001061Z"",""no_price_dollars"":""0.4800"",""taker_side"":""no"",""ticker"":""KXBTC15M-26APR272215-15"",""trade_id"":""14ac5e43-af2b-4d95-4011-2793e3c68b14"",""yes_price_dollars"":""0.5200""}"
KXBTC15M-26APR272215-15,485b0217-6db5-60fb-d4d8-52b0abb2e139,1777341631,0.51,9.47,yes,"{""count_fp"":""9.47"",""created_time"":""2026-04-28T02:00:31.637909Z"",""no_price_dollars"":""0.4900"",""taker_side"":""yes"",""ticker"":""KXBTC15M-26APR272215-15"",""trade_id"":""485b0217-6db5-60fb-d4d8-52b0abb2e139"",""yes_price_dollars"":""0.5100""}"
KXBTC15M-26APR272215-15,a2e1c4e9-a629-48c3-173f-c6079811026d,1777341631,0.51,123.0,yes,"{""count_fp"":""123.00"",""created_time"":""2026-04-28T02:00:31.266472Z"",""no_price_dollars"":""0.4900"",""taker_side"":""yes"",""ticker"":""KXBTC15M-26APR272215-15"",""trade_id"":""a2e1c4e9-a629-48c3-173f-c6079811026d"",""yes_price_dollars"":""0.5100""}"
KXBTC15M-26APR272215-15,b044ca8f-7c75-6703-9583-f05da757ae61,1777341631,0.52,1.0,yes,"{""count_fp"":""1.00"",""created_time"":""2026-04-28T02:00:31.181283Z"",""no_price_dollars"":""0.4800"",""taker_side"":""yes"",""ticker"":""KXBTC15M-26APR272215-15"",""trade_id"":""b044ca8f-7c75-6703-9583-f05da757ae61"",""yes_price_dollars"":""0.5200""}"
KXBTC15M-26APR272215-15,9e6a3ae8-facd-41d4-cd9c-26558b378445,1777341632,0.51,5.0,no,"{""count_fp"":""5.00"",""created_time"":""2026-04-28T02:00:32.769535Z"",""no_price_dollars"":""0.4900"",""taker_side"":""no"",""ticker"":""KXBTC15M-26APR272215-15"",""trade_id"":""9e6a3ae8-facd-41d4-cd9c-26558b378445"",""yes_price_dollars"":""0.5100""}"
KXBTC15M-26APR272215-15,5d5be790-c56f-4e8a-ed86-d7095195c431,1777341632,0.5,8.25,no,"{""count_fp"":""8.25"",""created_time"":""2026-04-28T02:00:32.769535Z"",""no_price_dollars"":""0.5000"",""taker_side"":""no"",""ticker"":""KXBTC15M-26APR272215-15"",""trade_id"":""5d5be790-c56f-4e8a-ed86-d7095195c431"",""yes_price_dollars"":""0.5000""}"
KXBTC15M-26APR272215-15,53dbf64d-9f6a-4b47-e43b-516fbc403205,1777341632,0.51,8.0,no,"{""count_fp"":""8.00"",""created_time"":""2026-04-28T02:00:32.769535Z"",""no_price_dollars"":""0.4900"",""taker_side"":""no"",""ticker"":""KXBTC15M-26APR272215-15"",""trade_id"":""53dbf64d-9f6a-4b47-e43b-516fbc403205"",""yes_price_dollars"":""0.5100""}"
KXBTC15M-26APR272215-15,178c728e-b8a6-6c57-9626-166f94a9e249,1777341632,0.51,1.0,no,"{""count_fp"":""1.00"",""created_time"":""2026-04-28T02:00:32.412906Z"",""no_price_dollars"":""0.4900"",""taker_side"":""no"",""ticker"":""KXBTC15M-26APR272215-15"",""trade_id"":""178c728e-b8a6-6c57-9626-166f94a9e249"",""yes_price_dollars"":""0.5100""}"
KXBTC15M-26APR272215-15,e7050721-7ae0-66ef-cb3d-fb795e8427d5,1777341632,0.53,5.0,yes,"{""count_fp"":""5.00"",""created_time"":""2026-04-28T02:00:32.331804Z"",""no_price_dollars"":""0.4700"",""taker_side"":""yes"",""ticker"":""KXBTC15M-26APR272215-15"",""trade_id"":""e7050721-7ae0-66ef-cb3d-fb795e8427d5"",""yes_price_dollars"":""0.5300""}"
KXBTC15M-26APR272215-15,aee6613e-b986-63b8-c011-0cc5f6288b42,1777341632,0.51,20.0,yes,"{""count_fp"":""20.00"",""created_time"":""2026-04-28T02:00:32.331804Z"",""no_price_dollars"":""0.4900"",""taker_side"":""yes"",""ticker"":""KXBTC15M-26APR272215-15"",""trade_id"":""aee6613e-b986-63b8-c011-0cc5f6288b42"",""yes_price_dollars"":""0.5100""}"
KXBTC15M-26APR272215-15,a16973a2-55df-6b0c-cc37-0afb7bb9a978,1777341632,0.51,10.0,yes,"{""count_fp"":""10.00"",""created_time"":""2026-04-28T02:00:32.331804Z"",""no_price_dollars"":""0.4900"",""taker_side"":""yes"",""ticker"":""KXBTC15M-26APR272215-15"",""trade_id"":""a16973a2-55df-6b0c-cc37-0afb7bb9a978"",""yes_price_dollars"":""0.5100""}"
KXBTC15M-26APR272215-15,8f0c69a2-6d15-6533-e2b7-828222f7825d,1777341632,0.51,358.06,yes,"{""count_fp"":""358.06"",""created_time"":""2026-04-28T02:00:32.331804Z"",""no_price_dollars"":""0.4900"",""taker_side"":""yes"",""ticker"":""KXBTC15M-26APR272215-15"",""trade_id"":""8f0c69a2-6d15-6533-e2b7-828222f7825d"",""yes_price_dollars"":""0.5100""}"
KXBTC15M-26APR272215-15,7ddb6e97-74eb-6196-c2bb-41cb768e28d5,1777341632,0.54,46.37,yes,"{""count_fp"":""46.37"",""created_time"":""2026-04-28T02:00:32.331804Z"",""no_price_dollars"":""0.4600"",""taker_side"":""yes"",""ticker"":""KXBTC15M-26APR272215-15"",""trade_id"":""7ddb6e97-74eb-6196-c2bb-41cb768e28d5"",""yes_price_dollars"":""0.5400""}"
KXBTC15M-26APR272215-15,17fffe29-548a-65cd-d77c-9e3dac9346f6,1777341632,0.52,3.0,yes,"{""count_fp"":""3.00"",""created_time"":""2026-04-28T02:00:32.331804Z"",""no_price_dollars"":""0.4800"",""taker_side"":""yes"",""ticker"":""KXBTC15M-26APR272215-15"",""trade_id"":""17fffe29-548a-65cd-d77c-9e3dac9346f6"",""yes_price_dollars"":""0.5200""}"
KXBTC15M-26APR272215-15,0f312b79-7d63-657c-ebc8-d23f9f77b169,1777341632,0.51,15.0,yes,"{""count_fp"":""15.00"",""created_time"":""2026-04-28T02:00:32.331804Z"",""no_price_dollars"":""0.4900"",""taker_side"":""yes"",""ticker"":""KXBTC15M-26APR272215-15"",""trade_id"":""0f312b79-7d63-657c-ebc8-d23f9f77b169"",""yes_price_dollars"":""0.5100""}"
KXBTC15M-26APR272215-15,e61a1964-a56f-6e56-1d7d-19c3f2e78711,1777341632,0.5,1.92,no,"{""count_fp"":""1.92"",""created_time"":""2026-04-28T02:00:32.272214Z"",""no_price_dollars"":""0.5000"",""taker_side"":""no"",""ticker"":""KXBTC15M-26APR272215-15"",""trade_id"":""e61a1964-a56f-6e56-1d7d-19c3f2e78711"",""yes_price_dollars"":""0.5000""}"
KXBTC15M-26APR272215-15,0e74aa14-25c4-4d00-4381-0efc5dd4c2a1,1777341633,0.52,20.0,yes,"{""count_fp"":""20.00"",""created_time"":""2026-04-28T02:00:33.637751Z"",""no_price_dollars"":""0.4800"",""taker_side"":""yes"",""ticker"":""KXBTC15M-26APR272215-15"",""trade_id"":""0e74aa14-25c4-4d00-4381-0efc5dd4c2a1"",""yes_price_dollars"":""0.5200""}"
KXBTC15M-26APR272215-15,c7792e8b-4afe-54d4-cb16-3242763f9023,1777341633,0.51,3.0,no,"{""count_fp"":""3.00"",""created_time"":""2026-04-28T02:00:33.609844Z"",""no_price_dollars"":""0.4900"",""taker_side"":""no"",""ticker"":""KXBTC15M-26APR272215-15"",""trade_id"":""c7792e8b-4afe-54d4-cb16-3242763f9023"",""yes_price_dollars"":""0.5100""}"
KXBTC15M-26APR272215-15,c1211df1-5a92-50d9-ef0a-380ef4f77295,1777341633,0.51,39.5,no,"{""count_fp"":""39.50"",""created_time"":""2026-04-28T02:00:33.609844Z"",""no_price_dollars"":""0.4900"",""taker_side"":""no"",""ticker"":""KXBTC15M-26APR272215-15"",""trade_id"":""c1211df1-5a92-50d9-ef0a-380ef4f77295"",""yes_price_dollars"":""0.5100""}"
KXBTC15M-26APR272215-15,bbbfd325-0bde-51e4-f1b8-e973365c3a30,1777341633,0.51,11.0,no,"{""count_fp"":""11.00"",""created_time"":""2026-04-28T02:00:33.609844Z"",""no_price_dollars"":""0.4900"",""taker_side"":""no"",""ticker"":""KXBTC15M-26APR272215-15"",""trade_id"":""bbbfd325-0bde-51e4-f1b8-e973365c3a30"",""yes_price_dollars"":""0.5100""}"
KXBTC15M-26APR272215-15,1f270acc-0a77-59e6-f3bf-5848f2a06b35,1777341633,0.5,38.36,no,"{""count_fp"":""38.36"",""created_time"":""2026-04-28T02:00:33.609844Z"",""no_price_dollars"":""0.5000"",""taker_side"":""no"",""ticker"":""KXBTC15M-26APR272215-15"",""trade_id"":""1f270acc-0a77-59e6-f3bf-5848f2a06b35"",""yes_price_dollars"":""0.5000""}"
KXBTC15M-26APR272215-15,111eca5e-5b51-52d2-d93b-c4f65a115e2b,1777341633,0.51,5.0,no,"{""count_fp"":""5.00"",""created_time"":""2026-04-28T02:00:33.609844Z"",""no_price_dollars"":""0.4900"",""taker_side"":""no"",""ticker"":""KXBTC15M-26APR272215-15"",""trade_id"":""111eca5e-5b51-52d2-d93b-c4f65a115e2b"",""yes_price_dollars"":""0.5100""}"
KXBTC15M-26APR272215-15,0d9a5426-ffec-638c-60c0-84821cdd3165,1777341633,0.52,3.0,yes,"{""count_fp"":""3.00"",""created_time"":""2026-04-28T02:00:33.442307Z"",""no_price_dollars"":""0.4800"",""taker_side"":""yes"",""ticker"":""KXBTC15M-26APR272215-15"",""trade_id"":""0d9a5426-ffec-638c-60c0-84821cdd3165"",""yes_price_dollars"":""0.5200""}"
KXBTC15M-26APR272215-15,840233b0-3ab8-6594-df76-ec65275331c9,1777341633,0.52,18.57,yes,"{""count_fp"":""18.57"",""created_time"":""2026-04-28T02:00:33.424171Z"",""no_price_dollars"":""0.4800"",""taker_side"":""yes"",""ticker"":""KXBTC15M-26APR272215-15"",""trade_id"":""840233b0-3ab8-6594-df76-ec65275331c9"",""yes_price_dollars"":""0.5200""}"
KXBTC15M-26APR272215-15,c18b910f-2057-7d66-a176-b3ab4d3d8e2d,1777341633,0.54,100.5,yes,"{""count_fp"":""100.50"",""created_time"":""2026-04-28T02:00:33.102179Z"",""no_price_dollars"":""0.4600"",""taker_side"":""yes"",""ticker"":""KXBTC15M-26APR272215-15"",""trade_id"":""c18b910f-2057-7d66-a176-b3ab4d3d8e2d"",""yes_price_dollars"":""0.5400""}"
KXBTC15M-26APR272215-15,bd6420b7-fe14-772a-8c26-df171c3bf94e,1777341633,0.53,5.0,yes,"{""count_fp"":""5.00"",""created_time"":""2026-04-28T02:00:33.102179Z"",""no_price_dollars"":""0.4700"",""taker_side"":""yes"",""ticker"":""KXBTC15M-26APR272215-15"",""trade_id"":""bd6420b7-fe14-772a-8c26-df171c3bf94e"",""yes_price_dollars"":""0.5300""}"
KXBTC15M-26APR272215-15,b5ee00a0-7199-735d-9094-598a55586b2a,1777341633,0.51,20.0,yes,"{""count_fp"":""20.00"",""created_time"":""2026-04-28T02:00:33.102179Z"",""no_price_dollars"":""0.4900"",""taker_side"":""yes"",""ticker"":""KXBTC15M-26APR272215-15"",""trade_id"":""b5ee00a0-7199-735d-9094-598a55586b2a"",""yes_price_dollars"":""0.5100""}"
KXBTC15M-26APR272215-15,8ceff4a9-3a8a-7efd-86e5-d6528d97f21a,1777341633,0.51,10.0,yes,"{""count_fp"":""10.00"",""created_time"":""2026-04-28T02:00:33.102179Z"",""no_price_dollars"":""0.4900"",""taker_side"":""yes"",""ticker"":""KXBTC15M-26APR272215-15"",""trade_id"":""8ceff4a9-3a8a-7efd-86e5-d6528d97f21a"",""yes_price_dollars"":""0.5100""}"
KXBTC15M-26APR272215-15,75a98eb9-02df-7bce-9def-2a81a1a8b9f1,1777341633,0.53,2.0,yes,"{""count_fp"":""2.00"",""created_time"":""2026-04-28T02:00:33.102179Z"",""no_price_dollars"":""0.4700"",""taker_side"":""yes"",""ticker"":""KXBTC15M-26APR272215-15"",""trade_id"":""75a98eb9-02df-7bce-9def-2a81a1a8b9f1"",""yes_price_dollars"":""0.5300""}"
KXBTC15M-26APR272215-15,3fe41101-9473-7d40-a207-dd685b6ebf46,1777341633,0.52,3.0,yes,"{""count_fp"":""3.00"",""created_time"":""2026-04-28T02:00:33.102179Z"",""no_price_dollars"":""0.4800"",""taker_side"":""yes"",""ticker"":""KXBTC15M-26APR272215-15"",""trade_id"":""3fe41101-9473-7d40-a207-dd685b6ebf46"",""yes_price_dollars"":""0.5200""}"
KXBTC15M-26APR272215-15,2a3d9705-20b3-7f18-89ed-4355c02306f4,1777341633,0.51,500.0,yes,"{""count_fp"":""500.00"",""created_time"":""2026-04-28T02:00:33.102179Z"",""no_price_dollars"":""0.4900"",""taker_side"":""yes"",""ticker"":""KXBTC15M-26APR272215-15"",""trade_id"":""2a3d9705-20b3-7f18-89ed-4355c02306f4"",""yes_price_dollars"":""0.5100""}"
KXBTC15M-26APR272215-15,7a2f06ba-e66c-46f0-1dff-684f73e29741,1777341634,0.51,10.0,yes,"{""count_fp"":""10.00"",""created_time"":""2026-04-28T02:00:34.840486Z"",""no_price_dollars"":""0.4900"",""taker_side"":""yes"",""ticker"":""KXBTC15M-26APR272215-15"",""trade_id"":""7a2f06ba-e66c-46f0-1dff-684f73e29741"",""yes_price_dollars"":""0.5100""}"
KXBTC15M-26APR272215-15,f2ad299b-6acc-4a38-6783-76b2316590d1,1777341634,0.51,139.54,yes,"{""count_fp"":""139.54"",""created_time"":""2026-04-28T02:00:34.019727Z"",""no_price_dollars"":""0.4900"",""taker_side"":""yes"",""ticker"":""KXBTC15M-26APR272215-15"",""trade_id"":""f2ad299b-6acc-4a38-6783-76b2316590d1"",""yes_price_dollars"":""0.5100""}"
KXBTC15M-26APR272215-15,c0c9137f-fedc-5350-0b16-e8d8e12632c5,1777341635,0.51,0.35,yes,"{""count_fp"":""0.35"",""created_time"":""2026-04-28T02:00:35.868413Z"",""no_price_dollars"":""0.4900"",""taker_side"":""yes"",""ticker"":""KXBTC15M-26APR272215-15"",""trade_id"":""c0c9137f-fedc-5350-0b16-e8d8e12632c5"",""yes_price_dollars"":""0.5100""}"
KXBTC15M-26APR272215-15,e0041255-da94-49a4-698e-57395b117425,1777341635,0.51,2.0,yes,"{""count_fp"":""2.00"",""created_time"":""2026-04-28T02:00:35.818602Z"",""no_price_dollars"":""0.4900"",""taker_side"":""yes"",""ticker"":""KXBTC15M-26APR272215-15"",""trade_id"":""e0041255-da94-49a4-698e-57395b117425"",""yes_price_dollars"":""0.5100""}"
KXBTC15M-26APR272215-15,aaa17993-b45b-424e-d1b2-639e34aef2cd,1777341635,0.5,53.29,no,"{""count_fp"":""53.29"",""created_time"":""2026-04-28T02:00:35.423979Z"",""no_price_dollars"":""0.5000"",""taker_side"":""no"",""ticker"":""KXBTC15M-26APR272215-15"",""trade_id"":""aaa17993-b45b-424e-d1b2-639e34aef2cd"",""yes_price_dollars"":""0.5000""}"
KXBTC15M-26APR272215-15,2fe735c9-5414-710c-f0ca-8d8dc74dfe85,1777341635,0.51,47.39,yes,"{""count_fp"":""47.39"",""created_time"":""2026-04-28T02:00:35.264576Z"",""no_price_dollars"":""0.4900"",""taker_side"":""yes"",""ticker"":""KXBTC15M-26APR272215-15"",""trade_id"":""2fe735c9-5414-710c-f0ca-8d8dc74dfe85"",""yes_price_dollars"":""0.5100""}"
KXBTC15M-26APR272215-15,4ce00409-9964-6a24-fd7f-444bb01bb6f5,1777341635,0.51,46.0,yes,"{""count_fp"":""46.00"",""created_time"":""2026-04-28T02:00:35.232625Z"",""no_price_dollars"":""0.4900"",""taker_side"":""yes"",""ticker"":""KXBTC15M-26APR272215-15"",""trade_id"":""4ce00409-9964-6a24-fd7f-444bb01bb6f5"",""yes_price_dollars"":""0.5100""}"
KXBTC15M-26APR272215-15,647a79b3-cf34-78d4-a81e-c135596c67dd,1777341635,0.51,39.54,yes,"{""count_fp"":""39.54"",""created_time"":""2026-04-28T02:00:35.141858Z"",""no_price_dollars"":""0.4900"",""taker_side"":""yes"",""ticker"":""KXBTC15M-26APR272215-15"",""trade_id"":""647a79b3-cf34-78d4-a81e-c135596c67dd"",""yes_price_dollars"":""0.5100""}"
KXBTC15M-26APR272215-15,a8344976-a043-4992-e89d-bda3b23971bd,1777341636,0.5,15.45,no,"{""count_fp"":""15.45"",""created_time"":""2026-04-28T02:00:36.929158Z"",""no_price_dollars"":""0.5000"",""taker_side"":""no"",""ticker"":""KXBTC15M-26APR272215-15"",""trade_id"":""a8344976-a043-4992-e89d-bda3b23971bd"",""yes_price_dollars"":""0.5000""}"
KXBTC15M-26APR272215-15,e9d61bcd-237f-789a-94fd-62506ba4ba95,1777341636,0.5,193.23,no,"{""count_fp"":""193.23"",""created_time"":""2026-04-28T02:00:36.554536Z"",""no_price_dollars"":""0.5000"",""taker_side"":""no"",""ticker"":""KXBTC15M-26APR272215-15"",""trade_id"":""e9d61bcd-237f-789a-94fd-62506ba4ba95"",""yes_price_dollars"":""0.5000""}"
KXBTC15M-26APR272215-15,6f8b0f08-76b3-5c96-53bf-47fc236d6909,1777341636,0.5,1.0,no,"{""count_fp"":""1.00"",""created_time"":""2026-04-28T02:00:36.500874Z"",""no_price_dollars"":""0.5000"",""taker_side"":""no"",""ticker"":""KXBTC15M-26APR272215-15"",""trade_id"":""6f8b0f08-76b3-5c96-53bf-47fc236d6909"",""yes_price_dollars"":""0.5000""}"
KXBTC15M-26APR272215-15,86a8474a-9348-47bc-550c-1f2e67f4c419,1777341636,0.51,7.0,yes,"{""count_fp"":""7.00"",""created_time"":""2026-04-28T02:00:36.464065Z"",""no_price_dollars"":""0.4900"",""taker_side"":""yes"",""ticker"":""KXBTC15M-26APR272215-15"",""trade_id"":""86a8474a-9348-47bc-550c-1f2e67f4c419"",""yes_price_dollars"":""0.5100""}"
KXBTC15M-26APR272215-15,4b53d896-3df8-5ae8-2bda-05078cc53ae5,1777341636,0.51,37.21,yes,"{""count_fp"":""37.21"",""created_time"":""2026-04-28T02:00:36.269645Z"",""no_price_dollars"":""0.4900"",""taker_side"":""yes"",""ticker"":""KXBTC15M-26APR272215-15"",""trade_id"":""4b53d896-3df8-5ae8-2bda-05078cc53ae5"",""yes_price_dollars"":""0.5100""}"
KXBTC15M-26APR272215-15,b2995e76-e293-7912-c8ec-7bc30cf351ed,1777341637,0.5,9.65,no,"{""count_fp"":""9.65"",""created_time"":""2026-04-28T02:00:37.719584Z"",""no_price_dollars"":""0.5000"",""taker_side"":""no"",""ticker"":""KXBTC15M-26APR272215-15"",""trade_id"":""b2995e76-e293-7912-c8ec-7bc30cf351ed"",""yes_price_dollars"":""0.5000""}"
KXBTC15M-26APR272215-15,2c6a7645-6178-5e7c-61de-b2b3ba723a4d,1777341637,0.51,0.94,yes,"{""count_fp"":""0.94"",""created_time"":""2026-04-28T02:00:37.607234Z"",""no_price_dollars"":""0.4900"",""taker_side"":""yes"",""ticker"":""KXBTC15M-26APR272215-15"",""trade_id"":""2c6a7645-6178-5e7c-61de-b2b3ba723a4d"",""yes_price_dollars"":""0.5100""}"
KXBTC15M-26APR272215-15,90b9c19c-fedf-7ea6-737e-bd9c17cde559,1777341637,0.5,96.61,no,"{""count_fp"":""96.61"",""created_time"":""2026-04-28T02:00:37.483573Z"",""no_price_dollars"":""0.5000"",""taker_side"":""no"",""ticker"":""KXBTC15M-26APR272215-15"",""trade_id"":""90b9c19c-fedf-7ea6-737e-bd9c17cde559"",""yes_price_dollars"":""0.5000""}"
