ticker,trade_id,ts,yes_price,count,taker_side,raw_json
KXBTC15M-26APR281230-30,017dcba8-799c-59e2-414a-84be890c42ab,1777392902,0.53,200.0,no,"{""count_fp"":""200.00"",""created_time"":""2026-04-28T16:15:02.705849Z"",""no_price_dollars"":""0.4700"",""taker_side"":""no"",""ticker"":""KXBTC15M-26APR281230-30"",""trade_id"":""017dcba8-799c-59e2-414a-84be890c42ab"",""yes_price_dollars"":""0.5300""}"
KXBTC15M-26APR281230-30,e11c4b8f-6e88-535e-20b0-f45fd2e8fb25,1777392902,0.51,2.0,yes,"{""count_fp"":""2.00"",""created_time"":""2026-04-28T16:15:02.667575Z"",""no_price_dollars"":""0.4900"",""taker_side"":""yes"",""ticker"":""KXBTC15M-26APR281230-30"",""trade_id"":""e11c4b8f-6e88-535e-20b0-f45fd2e8fb25"",""yes_price_dollars"":""0.5100""}"
KXBTC15M-26APR281230-30,f3d79a1f-1c49-4221-a507-d90631ca535e,1777392902,0.51,19.0,yes,"{""count_fp"":""19.00"",""created_time"":""2026-04-28T16:15:02.644986Z"",""no_price_dollars"":""0.4900"",""taker_side"":""yes"",""ticker"":""KXBTC15M-26APR281230-30"",""trade_id"":""f3d79a1f-1c49-4221-a507-d90631ca535e"",""yes_price_dollars"":""0.5100""}"
KXBTC15M-26APR281230-30,e4aa0bbd-9fa6-42ea-835c-2ba0034b53e3,1777392902,0.5,56.0,yes,"{""count_fp"":""56.00"",""created_time"":""2026-04-28T16:15:02.644986Z"",""no_price_dollars"":""0.5000"",""taker_side"":""yes"",""ticker"":""KXBTC15M-26APR281230-30"",""trade_id"":""e4aa0bbd-9fa6-42ea-835c-2ba0034b53e3"",""yes_price_dollars"":""0.5000""}"
KXBTC15M-26APR281230-30,67d4d9f6-6ea4-4fc9-9658-5c545406c19e,1777392902,0.5,120.0,yes,"{""count_fp"":""120.00"",""created_time"":""2026-04-28T16:15:02.644986Z"",""no_price_dollars"":""0.5000"",""taker_side"":""yes"",""ticker"":""KXBTC15M-26APR281230-30"",""trade_id"":""67d4d9f6-6ea4-4fc9-9658-5c545406c19e"",""yes_price_dollars"":""0.5000""}"
KXBTC15M-26APR281230-30,5dd4bbe9-9074-4ae6-b2fa-e34c12a007dd,1777392902,0.51,3.0,yes,"{""count_fp"":""3.00"",""created_time"":""2026-04-28T16:15:02.644986Z"",""no_price_dollars"":""0.4900"",""taker_side"":""yes"",""ticker"":""KXBTC15M-26APR281230-30"",""trade_id"":""5dd4bbe9-9074-4ae6-b2fa-e34c12a007dd"",""yes_price_dollars"":""0.5100""}"
KXBTC15M-26APR281230-30,4d3d54c7-e6df-4af5-8be1-d65b2bd758ef,1777392902,0.5,2.0,yes,"{""count_fp"":""2.00"",""created_time"":""2026-04-28T16:15:02.644986Z"",""no_price_dollars"":""0.5000"",""taker_side"":""yes"",""ticker"":""KXBTC15M-26APR281230-30"",""trade_id"":""4d3d54c7-e6df-4af5-8be1-d65b2bd758ef"",""yes_price_dollars"":""0.5000""}"
KXBTC15M-26APR281230-30,d05a105d-6453-56b0-1583-578bfb39582f,1777392905,0.53,1.0,yes,"{""count_fp"":""1.00"",""created_time"":""2026-04-28T16:15:05.430951Z"",""no_price_dollars"":""0.4700"",""taker_side"":""yes"",""ticker"":""KXBTC15M-26APR281230-30"",""trade_id"":""d05a105d-6453-56b0-1583-578bfb39582f"",""yes_price_dollars"":""0.5300""}"
KXBTC15M-26APR281230-30,d0296cd0-2d13-5299-154e-7964f5c3c62d,1777392905,0.53,2.0,yes,"{""count_fp"":""2.00"",""created_time"":""2026-04-28T16:15:05.430951Z"",""no_price_dollars"":""0.4700"",""taker_side"":""yes"",""ticker"":""KXBTC15M-26APR281230-30"",""trade_id"":""d0296cd0-2d13-5299-154e-7964f5c3c62d"",""yes_price_dollars"":""0.5300""}"
KXBTC15M-26APR281230-30,a6a8024d-ed97-58b3-164a-95671b7ce927,1777392905,0.53,2.0,yes,"{""count_fp"":""2.00"",""created_time"":""2026-04-28T16:15:05.430951Z"",""no_price_dollars"":""0.4700"",""taker_side"":""yes"",""ticker"":""KXBTC15M-26APR281230-30"",""trade_id"":""a6a8024d-ed97-58b3-164a-95671b7ce927"",""yes_price_dollars"":""0.5300""}"
KXBTC15M-26APR281230-30,6e1d39fd-1d5d-50d3-2ca4-277021f74363,1777392905,0.53,0.96,yes,"{""count_fp"":""0.96"",""created_time"":""2026-04-28T16:15:05.430951Z"",""no_price_dollars"":""0.4700"",""taker_side"":""yes"",""ticker"":""KXBTC15M-26APR281230-30"",""trade_id"":""6e1d39fd-1d5d-50d3-2ca4-277021f74363"",""yes_price_dollars"":""0.5300""}"
KXBTC15M-26APR281230-30,0c0c4a9d-8e89-5dbc-28db-ab7284482e42,1777392905,0.52,5.0,yes,"{""count_fp"":""5.00"",""created_time"":""2026-04-28T16:15:05.430951Z"",""no_price_dollars"":""0.4800"",""taker_side"":""yes"",""ticker"":""KXBTC15M-26APR281230-30"",""trade_id"":""0c0c4a9d-8e89-5dbc-28db-ab7284482e42"",""yes_price_dollars"":""0.5200""}"
KXBTC15M-26APR281230-30,a48dd477-3e3d-6ca2-728a-63334842bad2,1777392906,0.48,37.21,no,"{""count_fp"":""37.21"",""created_time"":""2026-04-28T16:15:06.720664Z"",""no_price_dollars"":""0.5200"",""taker_side"":""no"",""ticker"":""KXBTC15M-26APR281230-30"",""trade_id"":""a48dd477-3e3d-6ca2-728a-63334842bad2"",""yes_price_dollars"":""0.4800""}"
KXBTC15M-26APR281230-30,fea4bcf8-d77e-4adf-9766-e62670714cef,1777392907,0.56,150.0,yes,"{""count_fp"":""150.00"",""created_time"":""2026-04-28T16:15:07.783157Z"",""no_price_dollars"":""0.4400"",""taker_side"":""yes"",""ticker"":""KXBTC15M-26APR281230-30"",""trade_id"":""fea4bcf8-d77e-4adf-9766-e62670714cef"",""yes_price_dollars"":""0.5600""}"
KXBTC15M-26APR281230-30,fe04f4e5-d4f2-48b7-a82a-a3ecb59f2299,1777392907,0.54,1.0,yes,"{""count_fp"":""1.00"",""created_time"":""2026-04-28T16:15:07.783157Z"",""no_price_dollars"":""0.4600"",""taker_side"":""yes"",""ticker"":""KXBTC15M-26APR281230-30"",""trade_id"":""fe04f4e5-d4f2-48b7-a82a-a3ecb59f2299"",""yes_price_dollars"":""0.5400""}"
KXBTC15M-26APR281230-30,f0107f62-1a63-45ba-a761-3beba9e80149,1777392907,0.57,1.0,yes,"{""count_fp"":""1.00"",""created_time"":""2026-04-28T16:15:07.783157Z"",""no_price_dollars"":""0.4300"",""taker_side"":""yes"",""ticker"":""KXBTC15M-26APR281230-30"",""trade_id"":""f0107f62-1a63-45ba-a761-3beba9e80149"",""yes_price_dollars"":""0.5700""}"
KXBTC15M-26APR281230-30,ec912964-021c-4c3d-8898-fa5952890047,1777392907,0.55,50.0,yes,"{""count_fp"":""50.00"",""created_time"":""2026-04-28T16:15:07.783157Z"",""no_price_dollars"":""0.4500"",""taker_side"":""yes"",""ticker"":""KXBTC15M-26APR281230-30"",""trade_id"":""ec912964-021c-4c3d-8898-fa5952890047"",""yes_price_dollars"":""0.5500""}"
KXBTC15M-26APR281230-30,e89d5c39-0ecb-42ad-9f2b-652d319cf96b,1777392907,0.55,1.0,yes,"{""count_fp"":""1.00"",""created_time"":""2026-04-28T16:15:07.783157Z"",""no_price_dollars"":""0.4500"",""taker_side"":""yes"",""ticker"":""KXBTC15M-26APR281230-30"",""trade_id"":""e89d5c39-0ecb-42ad-9f2b-652d319cf96b"",""yes_price_dollars"":""0.5500""}"
KXBTC15M-26APR281230-30,e117e51c-ef2e-4ac5-b874-f5c2cd512039,1777392907,0.58,2.0,yes,"{""count_fp"":""2.00"",""created_time"":""2026-04-28T16:15:07.783157Z"",""no_price_dollars"":""0.4200"",""taker_side"":""yes"",""ticker"":""KXBTC15M-26APR281230-30"",""trade_id"":""e117e51c-ef2e-4ac5-b874-f5c2cd512039"",""yes_price_dollars"":""0.5800""}"
KXBTC15M-26APR281230-30,c84fabe0-a619-420c-bc78-12a639faee85,1777392907,0.59,12.0,yes,"{""count_fp"":""12.00"",""created_time"":""2026-04-28T16:15:07.783157Z"",""no_price_dollars"":""0.4100"",""taker_side"":""yes"",""ticker"":""KXBTC15M-26APR281230-30"",""trade_id"":""c84fabe0-a619-420c-bc78-12a639faee85"",""yes_price_dollars"":""0.5900""}"
KXBTC15M-26APR281230-30,c7479279-8b62-4f10-b836-421aa191d691,1777392907,0.56,56.0,yes,"{""count_fp"":""56.00"",""created_time"":""2026-04-28T16:15:07.783157Z"",""no_price_dollars"":""0.4400"",""taker_side"":""yes"",""ticker"":""KXBTC15M-26APR281230-30"",""trade_id"":""c7479279-8b62-4f10-b836-421aa191d691"",""yes_price_dollars"":""0.5600""}"
KXBTC15M-26APR281230-30,ae535446-8b96-413a-b763-b8b82ac75618,1777392907,0.6,119.0,yes,"{""count_fp"":""119.00"",""created_time"":""2026-04-28T16:15:07.783157Z"",""no_price_dollars"":""0.4000"",""taker_side"":""yes"",""ticker"":""KXBTC15M-26APR281230-30"",""trade_id"":""ae535446-8b96-413a-b763-b8b82ac75618"",""yes_price_dollars"":""0.6000""}"
KXBTC15M-26APR281230-30,9f5d577d-5f1c-42bd-9101-c38add1533ab,1777392907,0.55,1.0,yes,"{""count_fp"":""1.00"",""created_time"":""2026-04-28T16:15:07.783157Z"",""no_price_dollars"":""0.4500"",""taker_side"":""yes"",""ticker"":""KXBTC15M-26APR281230-30"",""trade_id"":""9f5d577d-5f1c-42bd-9101-c38add1533ab"",""yes_price_dollars"":""0.5500""}"
KXBTC15M-26APR281230-30,8bf716b3-6af9-4f26-9465-ba60d28207b3,1777392907,0.54,75.0,yes,"{""count_fp"":""75.00"",""created_time"":""2026-04-28T16:15:07.783157Z"",""no_price_dollars"":""0.4600"",""taker_side"":""yes"",""ticker"":""KXBTC15M-26APR281230-30"",""trade_id"":""8bf716b3-6af9-4f26-9465-ba60d28207b3"",""yes_price_dollars"":""0.5400""}"
KXBTC15M-26APR281230-30,887b100c-611b-4adf-9850-569559fad0e5,1777392907,0.57,1.0,yes,"{""count_fp"":""1.00"",""created_time"":""2026-04-28T16:15:07.783157Z"",""no_price_dollars"":""0.4300"",""taker_side"":""yes"",""ticker"":""KXBTC15M-26APR281230-30"",""trade_id"":""887b100c-611b-4adf-9850-569559fad0e5"",""yes_price_dollars"":""0.5700""}"
KXBTC15M-26APR281230-30,7c38d79a-9b28-44cd-aef3-55c862bd881f,1777392907,0.56,1.0,yes,"{""count_fp"":""1.00"",""created_time"":""2026-04-28T16:15:07.783157Z"",""no_price_dollars"":""0.4400"",""taker_side"":""yes"",""ticker"":""KXBTC15M-26APR281230-30"",""trade_id"":""7c38d79a-9b28-44cd-aef3-55c862bd881f"",""yes_price_dollars"":""0.5600""}"
KXBTC15M-26APR281230-30,6d644b00-8b37-48e9-b445-383f5e137bc4,1777392907,0.58,1.0,yes,"{""count_fp"":""1.00"",""created_time"":""2026-04-28T16:15:07.783157Z"",""no_price_dollars"":""0.4200"",""taker_side"":""yes"",""ticker"":""KXBTC15M-26APR281230-30"",""trade_id"":""6d644b00-8b37-48e9-b445-383f5e137bc4"",""yes_price_dollars"":""0.5800""}"
KXBTC15M-26APR281230-30,67fd759c-13a1-45cf-9d0a-b2febce427f0,1777392907,0.59,6.0,yes,"{""count_fp"":""6.00"",""created_time"":""2026-04-28T16:15:07.783157Z"",""no_price_dollars"":""0.4100"",""taker_side"":""yes"",""ticker"":""KXBTC15M-26APR281230-30"",""trade_id"":""67fd759c-13a1-45cf-9d0a-b2febce427f0"",""yes_price_dollars"":""0.5900""}"
KXBTC15M-26APR281230-30,64fb8ca0-7a46-4e74-8e5c-25d929dd612a,1777392907,0.61,77.16,yes,"{""count_fp"":""77.16"",""created_time"":""2026-04-28T16:15:07.783157Z"",""no_price_dollars"":""0.3900"",""taker_side"":""yes"",""ticker"":""KXBTC15M-26APR281230-30"",""trade_id"":""64fb8ca0-7a46-4e74-8e5c-25d929dd612a"",""yes_price_dollars"":""0.6100""}"
KXBTC15M-26APR281230-30,59b40080-ca11-4b8b-8b4e-b9f1e5dcae4f,1777392907,0.54,1.0,yes,"{""count_fp"":""1.00"",""created_time"":""2026-04-28T16:15:07.783157Z"",""no_price_dollars"":""0.4600"",""taker_side"":""yes"",""ticker"":""KXBTC15M-26APR281230-30"",""trade_id"":""59b40080-ca11-4b8b-8b4e-b9f1e5dcae4f"",""yes_price_dollars"":""0.5400""}"
KXBTC15M-26APR281230-30,595295b7-4033-44d1-bdaf-18fba396ffed,1777392907,0.59,5.0,yes,"{""count_fp"":""5.00"",""created_time"":""2026-04-28T16:15:07.783157Z"",""no_price_dollars"":""0.4100"",""taker_side"":""yes"",""ticker"":""KXBTC15M-26APR281230-30"",""trade_id"":""595295b7-4033-44d1-bdaf-18fba396ffed"",""yes_price_dollars"":""0.5900""}"
KXBTC15M-26APR281230-30,3e299b08-f8d8-4e72-a272-e0d851b5bc6f,1777392907,0.53,5.0,yes,"{""count_fp"":""5.00"",""created_time"":""2026-04-28T16:15:07.783157Z"",""no_price_dollars"":""0.4700"",""taker_side"":""yes"",""ticker"":""KXBTC15M-26APR281230-30"",""trade_id"":""3e299b08-f8d8-4e72-a272-e0d851b5bc6f"",""yes_price_dollars"":""0.5300""}"
KXBTC15M-26APR281230-30,330bfd05-412e-44ef-8197-026bbd4fe526,1777392907,0.56,1.0,yes,"{""count_fp"":""1.00"",""created_time"":""2026-04-28T16:15:07.783157Z"",""no_price_dollars"":""0.4400"",""taker_side"":""yes"",""ticker"":""KXBTC15M-26APR281230-30"",""trade_id"":""330bfd05-412e-44ef-8197-026bbd4fe526"",""yes_price_dollars"":""0.5600""}"
KXBTC15M-26APR281230-30,25402f19-d53c-434b-84ca-cfcb68443089,1777392907,0.59,5.0,yes,"{""count_fp"":""5.00"",""created_time"":""2026-04-28T16:15:07.783157Z"",""no_price_dollars"":""0.4100"",""taker_side"":""yes"",""ticker"":""KXBTC15M-26APR281230-30"",""trade_id"":""25402f19-d53c-434b-84ca-cfcb68443089"",""yes_price_dollars"":""0.5900""}"
KXBTC15M-26APR281230-30,1070c505-4e91-4bca-a63f-b71486adc0a3,1777392907,0.59,119.0,yes,"{""count_fp"":""119.00"",""created_time"":""2026-04-28T16:15:07.783157Z"",""no_price_dollars"":""0.4100"",""taker_side"":""yes"",""ticker"":""KXBTC15M-26APR281230-30"",""trade_id"":""1070c505-4e91-4bca-a63f-b71486adc0a3"",""yes_price_dollars"":""0.5900""}"
KXBTC15M-26APR281230-30,09713f80-17a1-4ecf-9d9f-ed955c51762d,1777392907,0.53,1.78,yes,"{""count_fp"":""1.78"",""created_time"":""2026-04-28T16:15:07.783157Z"",""no_price_dollars"":""0.4700"",""taker_side"":""yes"",""ticker"":""KXBTC15M-26APR281230-30"",""trade_id"":""09713f80-17a1-4ecf-9d9f-ed955c51762d"",""yes_price_dollars"":""0.5300""}"
KXBTC15M-26APR281230-30,ce726157-5f91-74fa-c69a-de84ff56d05e,1777392907,0.48,3.72,no,"{""count_fp"":""3.72"",""created_time"":""2026-04-28T16:15:07.330701Z"",""no_price_dollars"":""0.5200"",""taker_side"":""no"",""ticker"":""KXBTC15M-26APR281230-30"",""trade_id"":""ce726157-5f91-74fa-c69a-de84ff56d05e"",""yes_price_dollars"":""0.4800""}"
KXBTC15M-26APR281230-30,ff29fc6e-0272-6b7d-f578-09464261e494,1777392907,0.53,4.0,yes,"{""count_fp"":""4.00"",""created_time"":""2026-04-28T16:15:07.197395Z"",""no_price_dollars"":""0.4700"",""taker_side"":""yes"",""ticker"":""KXBTC15M-26APR281230-30"",""trade_id"":""ff29fc6e-0272-6b7d-f578-09464261e494"",""yes_price_dollars"":""0.5300""}"
KXBTC15M-26APR281230-30,7e2d2ce3-8f99-6e27-ca36-91227a6689bb,1777392907,0.53,3.04,yes,"{""count_fp"":""3.04"",""created_time"":""2026-04-28T16:15:07.197395Z"",""no_price_dollars"":""0.4700"",""taker_side"":""yes"",""ticker"":""KXBTC15M-26APR281230-30"",""trade_id"":""7e2d2ce3-8f99-6e27-ca36-91227a6689bb"",""yes_price_dollars"":""0.5300""}"
KXBTC15M-26APR281230-30,72c6ef96-372a-6654-c616-5cdc923046da,1777392907,0.53,8.0,yes,"{""count_fp"":""8.00"",""created_time"":""2026-04-28T16:15:07.197395Z"",""no_price_dollars"":""0.4700"",""taker_side"":""yes"",""ticker"":""KXBTC15M-26APR281230-30"",""trade_id"":""72c6ef96-372a-6654-c616-5cdc923046da"",""yes_price_dollars"":""0.5300""}"
KXBTC15M-26APR281230-30,246c600f-3332-61c0-d1b6-74c825c13fa5,1777392907,0.53,3.22,yes,"{""count_fp"":""3.22"",""created_time"":""2026-04-28T16:15:07.197395Z"",""no_price_dollars"":""0.4700"",""taker_side"":""yes"",""ticker"":""KXBTC15M-26APR281230-30"",""trade_id"":""246c600f-3332-61c0-d1b6-74c825c13fa5"",""yes_price_dollars"":""0.5300""}"
KXBTC15M-26APR281230-30,9b906819-fadd-431e-cc88-64d6d29391c2,1777392908,0.55,16.0,yes,"{""count_fp"":""16.00"",""created_time"":""2026-04-28T16:15:08.971692Z"",""no_price_dollars"":""0.4500"",""taker_side"":""yes"",""ticker"":""KXBTC15M-26APR281230-30"",""trade_id"":""9b906819-fadd-431e-cc88-64d6d29391c2"",""yes_price_dollars"":""0.5500""}"
KXBTC15M-26APR281230-30,0cdd670a-afa1-4e01-d093-2fccd1d4c2b6,1777392908,0.53,10.0,yes,"{""count_fp"":""10.00"",""created_time"":""2026-04-28T16:15:08.971692Z"",""no_price_dollars"":""0.4700"",""taker_side"":""yes"",""ticker"":""KXBTC15M-26APR281230-30"",""trade_id"":""0cdd670a-afa1-4e01-d093-2fccd1d4c2b6"",""yes_price_dollars"":""0.5300""}"
KXBTC15M-26APR281230-30,0b93f05a-e9f5-4e32-cf96-bbe31e8b5397,1777392908,0.56,25.59,yes,"{""count_fp"":""25.59"",""created_time"":""2026-04-28T16:15:08.971692Z"",""no_price_dollars"":""0.4400"",""taker_side"":""yes"",""ticker"":""KXBTC15M-26APR281230-30"",""trade_id"":""0b93f05a-e9f5-4e32-cf96-bbe31e8b5397"",""yes_price_dollars"":""0.5600""}"
KXBTC15M-26APR281230-30,521acf4a-a44e-6a8d-afdc-e37d08faecf5,1777392908,0.51,1.86,no,"{""count_fp"":""1.86"",""created_time"":""2026-04-28T16:15:08.901297Z"",""no_price_dollars"":""0.4900"",""taker_side"":""no"",""ticker"":""KXBTC15M-26APR281230-30"",""trade_id"":""521acf4a-a44e-6a8d-afdc-e37d08faecf5"",""yes_price_dollars"":""0.5100""}"
KXBTC15M-26APR281230-30,fc7776a8-db42-4fbd-df3e-6a8e071b6ae1,1777392908,0.51,9.0,no,"{""count_fp"":""9.00"",""created_time"":""2026-04-28T16:15:08.810028Z"",""no_price_dollars"":""0.4900"",""taker_side"":""no"",""ticker"":""KXBTC15M-26APR281230-30"",""trade_id"":""fc7776a8-db42-4fbd-df3e-6a8e071b6ae1"",""yes_price_dollars"":""0.5100""}"
KXBTC15M-26APR281230-30,d3790c87-696e-7db5-1660-bbbcb7d989fd,1777392908,0.51,13.02,no,"{""count_fp"":""13.02"",""created_time"":""2026-04-28T16:15:08.344983Z"",""no_price_dollars"":""0.4900"",""taker_side"":""no"",""ticker"":""KXBTC15M-26APR281230-30"",""trade_id"":""d3790c87-696e-7db5-1660-bbbcb7d989fd"",""yes_price_dollars"":""0.5100""}"
KXBTC15M-26APR281230-30,e7944f9f-01e0-75b8-429f-f90d9e242194,1777392908,0.49,5.0,no,"{""count_fp"":""5.00"",""created_time"":""2026-04-28T16:15:08.094049Z"",""no_price_dollars"":""0.5100"",""taker_side"":""no"",""ticker"":""KXBTC15M-26APR281230-30"",""trade_id"":""e7944f9f-01e0-75b8-429f-f90d9e242194"",""yes_price_dollars"":""0.4900""}"
KXBTC15M-26APR281230-30,b17d4a54-c81d-7ec2-78fe-9be61f94e5ce,1777392908,0.48,4.07,no,"{""count_fp"":""4.07"",""created_time"":""2026-04-28T16:15:08.094049Z"",""no_price_dollars"":""0.5200"",""taker_side"":""no"",""ticker"":""KXBTC15M-26APR281230-30"",""trade_id"":""b17d4a54-c81d-7ec2-78fe-9be61f94e5ce"",""yes_price_dollars"":""0.4800""}"
KXBTC15M-26APR281230-30,a2ef19c9-3a4d-72b7-75ad-43302cdb8961,1777392908,0.48,10.0,no,"{""count_fp"":""10.00"",""created_time"":""2026-04-28T16:15:08.094049Z"",""no_price_dollars"":""0.5200"",""taker_side"":""no"",""ticker"":""KXBTC15M-26APR281230-30"",""trade_id"":""a2ef19c9-3a4d-72b7-75ad-43302cdb8961"",""yes_price_dollars"":""0.4800""}"
KXBTC15M-26APR281230-30,85da90bf-fed9-7436-6a7e-aeee3e244e49,1777392908,0.48,12.09,no,"{""count_fp"":""12.09"",""created_time"":""2026-04-28T16:15:08.094049Z"",""no_price_dollars"":""0.5200"",""taker_side"":""no"",""ticker"":""KXBTC15M-26APR281230-30"",""trade_id"":""85da90bf-fed9-7436-6a7e-aeee3e244e49"",""yes_price_dollars"":""0.4800""}"
KXBTC15M-26APR281230-30,4d63b06a-5a8b-7464-407f-a9c5e4611342,1777392908,0.49,14.0,no,"{""count_fp"":""14.00"",""created_time"":""2026-04-28T16:15:08.094049Z"",""no_price_dollars"":""0.5100"",""taker_side"":""no"",""ticker"":""KXBTC15M-26APR281230-30"",""trade_id"":""4d63b06a-5a8b-7464-407f-a9c5e4611342"",""yes_price_dollars"":""0.4900""}"
KXBTC15M-26APR281230-30,3c485933-394b-786a-66c8-801474c10434,1777392908,0.48,45.0,no,"{""count_fp"":""45.00"",""created_time"":""2026-04-28T16:15:08.094049Z"",""no_price_dollars"":""0.5200"",""taker_side"":""no"",""ticker"":""KXBTC15M-26APR281230-30"",""trade_id"":""3c485933-394b-786a-66c8-801474c10434"",""yes_price_dollars"":""0.4800""}"
KXBTC15M-26APR281230-30,39340835-0d23-7d12-680a-44419726a246,1777392908,0.48,1.0,no,"{""count_fp"":""1.00"",""created_time"":""2026-04-28T16:15:08.094049Z"",""no_price_dollars"":""0.5200"",""taker_side"":""no"",""ticker"":""KXBTC15M-26APR281230-30"",""trade_id"":""39340835-0d23-7d12-680a-44419726a246"",""yes_price_dollars"":""0.4800""}"
KXBTC15M-26APR281230-30,e99d9667-032d-756b-b10a-4f84c42cb113,1777392909,0.52,18.26,yes,"{""count_fp"":""18.26"",""created_time"":""2026-04-28T16:15:09.905281Z"",""no_price_dollars"":""0.4800"",""taker_side"":""yes"",""ticker"":""KXBTC15M-26APR281230-30"",""trade_id"":""e99d9667-032d-756b-b10a-4f84c42cb113"",""yes_price_dollars"":""0.5200""}"
KXBTC15M-26APR281230-30,63f75736-cdc5-416f-c124-2494124f7577,1777392909,0.52,1.82,yes,"{""count_fp"":""1.82"",""created_time"":""2026-04-28T16:15:09.781266Z"",""no_price_dollars"":""0.4800"",""taker_side"":""yes"",""ticker"":""KXBTC15M-26APR281230-30"",""trade_id"":""63f75736-cdc5-416f-c124-2494124f7577"",""yes_price_dollars"":""0.5200""}"
KXBTC15M-26APR281230-30,7198b37b-a2a6-4e0d-868a-e250076ea0d5,1777392909,0.51,1.95,no,"{""count_fp"":""1.95"",""created_time"":""2026-04-28T16:15:09.627072Z"",""no_price_dollars"":""0.4900"",""taker_side"":""no"",""ticker"":""KXBTC15M-26APR281230-30"",""trade_id"":""7198b37b-a2a6-4e0d-868a-e250076ea0d5"",""yes_price_dollars"":""0.5100""}"
KXBTC15M-26APR281230-30,41cbfae4-53ae-76b5-87e5-1d1ab6617d49,1777392909,0.51,9.3,no,"{""count_fp"":""9.30"",""created_time"":""2026-04-28T16:15:09.298905Z"",""no_price_dollars"":""0.4900"",""taker_side"":""no"",""ticker"":""KXBTC15M-26APR281230-30"",""trade_id"":""41cbfae4-53ae-76b5-87e5-1d1ab6617d49"",""yes_price_dollars"":""0.5100""}"
KXBTC15M-26APR281230-30,515ce3c9-51a4-795e-2b8c-d29f9cac09ea,1777392909,0.53,7.97,yes,"{""count_fp"":""7.97"",""created_time"":""2026-04-28T16:15:09.221913Z"",""no_price_dollars"":""0.4700"",""taker_side"":""yes"",""ticker"":""KXBTC15M-26APR281230-30"",""trade_id"":""515ce3c9-51a4-795e-2b8c-d29f9cac09ea"",""yes_price_dollars"":""0.5300""}"
KXBTC15M-26APR281230-30,8f38babf-79e4-6efa-c558-f2752566a0b5,1777392909,0.57,2.53,yes,"{""count_fp"":""2.53"",""created_time"":""2026-04-28T16:15:09.059424Z"",""no_price_dollars"":""0.4300"",""taker_side"":""yes"",""ticker"":""KXBTC15M-26APR281230-30"",""trade_id"":""8f38babf-79e4-6efa-c558-f2752566a0b5"",""yes_price_dollars"":""0.5700""}"
KXBTC15M-26APR281230-30,aa8076be-a744-75b7-06f7-d57a12a37ce0,1777392910,0.47,0.36,yes,"{""count_fp"":""0.36"",""created_time"":""2026-04-28T16:15:10.913332Z"",""no_price_dollars"":""0.5300"",""taker_side"":""yes"",""ticker"":""KXBTC15M-26APR281230-30"",""trade_id"":""aa8076be-a744-75b7-06f7-d57a12a37ce0"",""yes_price_dollars"":""0.4700""}"
KXBTC15M-26APR281230-30,f5513528-f42f-4379-6538-907bbe6cac51,1777392910,0.48,5.28,yes,"{""count_fp"":""5.28"",""created_time"":""2026-04-28T16:15:10.379536Z"",""no_price_dollars"":""0.5200"",""taker_side"":""yes"",""ticker"":""KXBTC15M-26APR281230-30"",""trade_id"":""f5513528-f42f-4379-6538-907bbe6cac51"",""yes_price_dollars"":""0.4800""}"
KXBTC15M-26APR281230-30,f241ceb7-f44d-4b6f-b93b-776dec44d6e7,1777392910,0.52,1.92,yes,"{""count_fp"":""1.92"",""created_time"":""2026-04-28T16:15:10.232837Z"",""no_price_dollars"":""0.4800"",""taker_side"":""yes"",""ticker"":""KXBTC15M-26APR281230-30"",""trade_id"":""f241ceb7-f44d-4b6f-b93b-776dec44d6e7"",""yes_price_dollars"":""0.5200""}"
KXBTC15M-26APR281230-30,b9a4e05b-ccf4-43be-a0ec-ed40333f4ae3,1777392910,0.49,3.0,yes,"{""count_fp"":""3.00"",""created_time"":""2026-04-28T16:15:10.232837Z"",""no_price_dollars"":""0.5100"",""taker_side"":""yes"",""ticker"":""KXBTC15M-26APR281230-30"",""trade_id"":""b9a4e05b-ccf4-43be-a0ec-ed40333f4ae3"",""yes_price_dollars"":""0.4900""}"
KXBTC15M-26APR281230-30,b272bb98-2e51-4675-9230-da1733275036,1777392910,0.52,2.0,yes,"{""count_fp"":""2.00"",""created_time"":""2026-04-28T16:15:10.232837Z"",""no_price_dollars"":""0.4800"",""taker_side"":""yes"",""ticker"":""KXBTC15M-26APR281230-30"",""trade_id"":""b272bb98-2e51-4675-9230-da1733275036"",""yes_price_dollars"":""0.5200""}"
KXBTC15M-26APR281230-30,2d9a6f9a-b3cc-403a-9d3b-8de0410da355,1777392910,0.55,20.32,yes,"{""count_fp"":""20.32"",""created_time"":""2026-04-28T16:15:10.232837Z"",""no_price_dollars"":""0.4500"",""taker_side"":""yes"",""ticker"":""KXBTC15M-26APR281230-30"",""trade_id"":""2d9a6f9a-b3cc-403a-9d3b-8de0410da355"",""yes_price_dollars"":""0.5500""}"
KXBTC15M-26APR281230-30,0f57e73a-aaac-48ea-99ed-f0b173d2f612,1777392910,0.54,56.0,yes,"{""count_fp"":""56.00"",""created_time"":""2026-04-28T16:15:10.232837Z"",""no_price_dollars"":""0.4600"",""taker_side"":""yes"",""ticker"":""KXBTC15M-26APR281230-30"",""trade_id"":""0f57e73a-aaac-48ea-99ed-f0b173d2f612"",""yes_price_dollars"":""0.5400""}"
KXBTC15M-26APR281230-30,e1b897d9-1209-7c7c-aa0e-18c47ac82213,1777392910,0.51,25.59,no,"{""count_fp"":""25.59"",""created_time"":""2026-04-28T16:15:10.143676Z"",""no_price_dollars"":""0.4900"",""taker_side"":""no"",""ticker"":""KXBTC15M-26APR281230-30"",""trade_id"":""e1b897d9-1209-7c7c-aa0e-18c47ac82213"",""yes_price_dollars"":""0.5100""}"
KXBTC15M-26APR281230-30,71d8c6af-8218-7266-9a3c-69ddfbe3a3db,1777392910,0.5,50.0,no,"{""count_fp"":""50.00"",""created_time"":""2026-04-28T16:15:10.143676Z"",""no_price_dollars"":""0.5000"",""taker_side"":""no"",""ticker"":""KXBTC15M-26APR281230-30"",""trade_id"":""71d8c6af-8218-7266-9a3c-69ddfbe3a3db"",""yes_price_dollars"":""0.5000""}"
KXBTC15M-26APR281230-30,4f37512a-357e-7949-a260-132790365621,1777392910,0.51,20.87,no,"{""count_fp"":""20.87"",""created_time"":""2026-04-28T16:15:10.143676Z"",""no_price_dollars"":""0.4900"",""taker_side"":""no"",""ticker"":""KXBTC15M-26APR281230-30"",""trade_id"":""4f37512a-357e-7949-a260-132790365621"",""yes_price_dollars"":""0.5100""}"
KXBTC15M-26APR281230-30,c54a9c23-3311-72c6-2f9e-c2d160d336d1,1777392911,0.46,3.6,no,"{""count_fp"":""3.60"",""created_time"":""2026-04-28T16:15:11.990868Z"",""no_price_dollars"":""0.5400"",""taker_side"":""no"",""ticker"":""KXBTC15M-26APR281230-30"",""trade_id"":""c54a9c23-3311-72c6-2f9e-c2d160d336d1"",""yes_price_dollars"":""0.4600""}"
KXBTC15M-26APR281230-30,c5391006-404f-5d09-5cc5-549e4611832d,1777392911,0.48,11.0,yes,"{""count_fp"":""11.00"",""created_time"":""2026-04-28T16:15:11.911785Z"",""no_price_dollars"":""0.5200"",""taker_side"":""yes"",""ticker"":""KXBTC15M-26APR281230-30"",""trade_id"":""c5391006-404f-5d09-5cc5-549e4611832d"",""yes_price_dollars"":""0.4800""}"
KXBTC15M-26APR281230-30,d82d90cb-9853-4e15-3740-2a52ab08a479,1777392911,0.48,26.6,yes,"{""count_fp"":""26.60"",""created_time"":""2026-04-28T16:15:11.603279Z"",""no_price_dollars"":""0.5200"",""taker_side"":""yes"",""ticker"":""KXBTC15M-26APR281230-30"",""trade_id"":""d82d90cb-9853-4e15-3740-2a52ab08a479"",""yes_price_dollars"":""0.4800""}"
KXBTC15M-26APR281230-30,d0484e9c-b181-4fb3-2c42-f307cef53c6e,1777392911,0.47,14.0,yes,"{""count_fp"":""14.00"",""created_time"":""2026-04-28T16:15:11.603279Z"",""no_price_dollars"":""0.5300"",""taker_side"":""yes"",""ticker"":""KXBTC15M-26APR281230-30"",""trade_id"":""d0484e9c-b181-4fb3-2c42-f307cef53c6e"",""yes_price_dollars"":""0.4700""}"
KXBTC15M-26APR281230-30,46522771-e148-45b7-2850-95e4f5b382e5,1777392911,0.47,5.0,yes,"{""count_fp"":""5.00"",""created_time"":""2026-04-28T16:15:11.603279Z"",""no_price_dollars"":""0.5300"",""taker_side"":""yes"",""ticker"":""KXBTC15M-26APR281230-30"",""trade_id"":""46522771-e148-45b7-2850-95e4f5b382e5"",""yes_price_dollars"":""0.4700""}"
KXBTC15M-26APR281230-30,1184e284-d4d5-62ee-93c3-010e63ca2e1d,1777392911,0.46,71.76,no,"{""count_fp"":""71.76"",""created_time"":""2026-04-28T16:15:11.475462Z"",""no_price_dollars"":""0.5400"",""taker_side"":""no"",""ticker"":""KXBTC15M-26APR281230-30"",""trade_id"":""1184e284-d4d5-62ee-93c3-010e63ca2e1d"",""yes_price_dollars"":""0.4600""}"
KXBTC15M-26APR281230-30,263cb883-ba28-6f01-5566-06ecb479fd81,1777392911,0.46,1.0,no,"{""count_fp"":""1.00"",""created_time"":""2026-04-28T16:15:11.073303Z"",""no_price_dollars"":""0.5400"",""taker_side"":""no"",""ticker"":""KXBTC15M-26APR281230-30"",""trade_id"":""263cb883-ba28-6f01-5566-06ecb479fd81"",""yes_price_dollars"":""0.4600""}"
KXBTC15M-26APR281230-30,f9c93d85-cf10-768f-8749-0ccdafc4928e,1777392912,0.43,12.0,no,"{""count_fp"":""12.00"",""created_time"":""2026-04-28T16:15:12.680254Z"",""no_price_dollars"":""0.5700"",""taker_side"":""no"",""ticker"":""KXBTC15M-26APR281230-30"",""trade_id"":""f9c93d85-cf10-768f-8749-0ccdafc4928e"",""yes_price_dollars"":""0.4300""}"
KXBTC15M-26APR281230-30,92e4bf85-7895-7ddb-8cef-01101c59074d,1777392912,0.43,1.0,no,"{""count_fp"":""1.00"",""created_time"":""2026-04-28T16:15:12.680254Z"",""no_price_dollars"":""0.5700"",""taker_side"":""no"",""ticker"":""KXBTC15M-26APR281230-30"",""trade_id"":""92e4bf85-7895-7ddb-8cef-01101c59074d"",""yes_price_dollars"":""0.4300""}"
KXBTC15M-26APR281230-30,6fbf765e-0ca8-7184-bc64-d636c70c8853,1777392912,0.43,20.0,no,"{""count_fp"":""20.00"",""created_time"":""2026-04-28T16:15:12.680254Z"",""no_price_dollars"":""0.5700"",""taker_side"":""no"",""ticker"":""KXBTC15M-26APR281230-30"",""trade_id"":""6fbf765e-0ca8-7184-bc64-d636c70c8853"",""yes_price_dollars"":""0.4300""}"
KXBTC15M-26APR281230-30,42b84fc2-bb93-70e2-ac65-3bfc415f67d5,1777392912,0.42,2.0,no,"{""count_fp"":""2.00"",""created_time"":""2026-04-28T16:15:12.680254Z"",""no_price_dollars"":""0.5800"",""taker_side"":""no"",""ticker"":""KXBTC15M-26APR281230-30"",""trade_id"":""42b84fc2-bb93-70e2-ac65-3bfc415f67d5"",""yes_price_dollars"":""0.4200""}"
KXBTC15M-26APR281230-30,340d286c-de28-756a-a6de-fbb1b3683750,1777392912,0.42,1.0,no,"{""count_fp"":""1.00"",""created_time"":""2026-04-28T16:15:12.680254Z"",""no_price_dollars"":""0.5800"",""taker_side"":""no"",""ticker"":""KXBTC15M-26APR281230-30"",""trade_id"":""340d286c-de28-756a-a6de-fbb1b3683750"",""yes_price_dollars"":""0.4200""}"
KXBTC15M-26APR281230-30,05debbdd-2b21-71a1-92dd-6965d538bb57,1777392912,0.43,30.0,no,"{""count_fp"":""30.00"",""created_time"":""2026-04-28T16:15:12.680254Z"",""no_price_dollars"":""0.5700"",""taker_side"":""no"",""ticker"":""KXBTC15M-26APR281230-30"",""trade_id"":""05debbdd-2b21-71a1-92dd-6965d538bb57"",""yes_price_dollars"":""0.4300""}"
KXBTC15M-26APR281230-30,8b3cd58f-a557-5549-e4f1-32f4b7dd696d,1777392912,0.44,40.63,yes,"{""count_fp"":""40.63"",""created_time"":""2026-04-28T16:15:12.443769Z"",""no_price_dollars"":""0.5600"",""taker_side"":""yes"",""ticker"":""KXBTC15M-26APR281230-30"",""trade_id"":""8b3cd58f-a557-5549-e4f1-32f4b7dd696d"",""yes_price_dollars"":""0.4400""}"
KXBTC15M-26APR281230-30,66760741-90c0-4d16-bd72-e5a08b6730b5,1777392912,0.44,2.0,no,"{""count_fp"":""2.00"",""created_time"":""2026-04-28T16:15:12.362511Z"",""no_price_dollars"":""0.5600"",""taker_side"":""no"",""ticker"":""KXBTC15M-26APR281230-30"",""trade_id"":""66760741-90c0-4d16-bd72-e5a08b6730b5"",""yes_price_dollars"":""0.4400""}"
KXBTC15M-26APR281230-30,c478999b-1fa9-432d-3d18-ba6af832cbc5,1777392912,0.45,0.69,no,"{""count_fp"":""0.69"",""created_time"":""2026-04-28T16:15:12.326318Z"",""no_price_dollars"":""0.5500"",""taker_side"":""no"",""ticker"":""KXBTC15M-26APR281230-30"",""trade_id"":""c478999b-1fa9-432d-3d18-ba6af832cbc5"",""yes_price_dollars"":""0.4500""}"
KXBTC15M-26APR281230-30,e73d7d9b-d874-563e-b3be-536b4b5913d3,1777392912,0.45,1.0,no,"{""count_fp"":""1.00"",""created_time"":""2026-04-28T16:15:12.307418Z"",""no_price_dollars"":""0.5500"",""taker_side"":""no"",""ticker"":""KXBTC15M-26APR281230-30"",""trade_id"":""e73d7d9b-d874-563e-b3be-536b4b5913d3"",""yes_price_dollars"":""0.4500""}"
KXBTC15M-26APR281230-30,ca5a953a-969e-5b22-a225-33b07bbfe6cb,1777392912,0.46,0.69,no,"{""count_fp"":""0.69"",""created_time"":""2026-04-28T16:15:12.307418Z"",""no_price_dollars"":""0.5400"",""taker_side"":""no"",""ticker"":""KXBTC15M-26APR281230-30"",""trade_id"":""ca5a953a-969e-5b22-a225-33b07bbfe6cb"",""yes_price_dollars"":""0.4600""}"
KXBTC15M-26APR281230-30,a70f643a-2d6b-519b-bc45-7cce2c54c043,1777392912,0.45,1.0,no,"{""count_fp"":""1.00"",""created_time"":""2026-04-28T16:15:12.307418Z"",""no_price_dollars"":""0.5500"",""taker_side"":""no"",""ticker"":""KXBTC15M-26APR281230-30"",""trade_id"":""a70f643a-2d6b-519b-bc45-7cce2c54c043"",""yes_price_dollars"":""0.4500""}"
KXBTC15M-26APR281230-30,44948175-6a59-5ee5-8a4a-2dfce2a7035d,1777392912,0.45,19.31,no,"{""count_fp"":""19.31"",""created_time"":""2026-04-28T16:15:12.307418Z"",""no_price_dollars"":""0.5500"",""taker_side"":""no"",""ticker"":""KXBTC15M-26APR281230-30"",""trade_id"":""44948175-6a59-5ee5-8a4a-2dfce2a7035d"",""yes_price_dollars"":""0.4500""}"
KXBTC15M-26APR281230-30,40eccb1a-b1e1-56c9-a0bc-796c9b8af985,1777392912,0.45,30.0,no,"{""count_fp"":""30.00"",""created_time"":""2026-04-28T16:15:12.307418Z"",""no_price_dollars"":""0.5500"",""taker_side"":""no"",""ticker"":""KXBTC15M-26APR281230-30"",""trade_id"":""40eccb1a-b1e1-56c9-a0bc-796c9b8af985"",""yes_price_dollars"":""0.4500""}"
KXBTC15M-26APR281230-30,e6f8bfb3-7052-74ce-afa8-a708af4c1c1b,1777392912,0.46,11.31,no,"{""count_fp"":""11.31"",""created_time"":""2026-04-28T16:15:12.224969Z"",""no_price_dollars"":""0.5400"",""taker_side"":""no"",""ticker"":""KXBTC15M-26APR281230-30"",""trade_id"":""e6f8bfb3-7052-74ce-afa8-a708af4c1c1b"",""yes_price_dollars"":""0.4600""}"
KXBTC15M-26APR281230-30,3f91cc50-a9f5-7142-a386-fd18393fb05d,1777392912,0.46,0.69,no,"{""count_fp"":""0.69"",""created_time"":""2026-04-28T16:15:12.224969Z"",""no_price_dollars"":""0.5400"",""taker_side"":""no"",""ticker"":""KXBTC15M-26APR281230-30"",""trade_id"":""3f91cc50-a9f5-7142-a386-fd18393fb05d"",""yes_price_dollars"":""0.4600""}"
KXBTC15M-26APR281230-30,c3ea7b22-f3c1-6db2-0c72-b2430f666f11,1777392912,0.46,43.95,no,"{""count_fp"":""43.95"",""created_time"":""2026-04-28T16:15:12.137751Z"",""no_price_dollars"":""0.5400"",""taker_side"":""no"",""ticker"":""KXBTC15M-26APR281230-30"",""trade_id"":""c3ea7b22-f3c1-6db2-0c72-b2430f666f11"",""yes_price_dollars"":""0.4600""}"
KXBTC15M-26APR281230-30,63a7fcc2-722f-5459-765e-250967f2e8bd,1777392912,0.48,5.38,yes,"{""count_fp"":""5.38"",""created_time"":""2026-04-28T16:15:12.078062Z"",""no_price_dollars"":""0.5200"",""taker_side"":""yes"",""ticker"":""KXBTC15M-26APR281230-30"",""trade_id"":""63a7fcc2-722f-5459-765e-250967f2e8bd"",""yes_price_dollars"":""0.4800""}"
KXBTC15M-26APR281230-30,990df74d-e752-576e-f0f0-bee5505e89b6,1777392914,0.43,22.36,yes,"{""count_fp"":""22.36"",""created_time"":""2026-04-28T16:15:14.424588Z"",""no_price_dollars"":""0.5700"",""taker_side"":""yes"",""ticker"":""KXBTC15M-26APR281230-30"",""trade_id"":""990df74d-e752-576e-f0f0-bee5505e89b6"",""yes_price_dollars"":""0.4300""}"
KXBTC15M-26APR281230-30,de56bc10-1502-72ce-5bc0-53314bd0567b,1777392914,0.43,50.0,yes,"{""count_fp"":""50.00"",""created_time"":""2026-04-28T16:15:14.124331Z"",""no_price_dollars"":""0.5700"",""taker_side"":""yes"",""ticker"":""KXBTC15M-26APR281230-30"",""trade_id"":""de56bc10-1502-72ce-5bc0-53314bd0567b"",""yes_price_dollars"":""0.4300""}"
KXBTC15M-26APR281230-30,158b6a23-f61d-40b7-b7eb-ac19391d3402,1777392915,0.44,4.38,yes,"{""count_fp"":""4.38"",""created_time"":""2026-04-28T16:15:15.828211Z"",""no_price_dollars"":""0.5600"",""taker_side"":""yes"",""ticker"":""KXBTC15M-26APR281230-30"",""trade_id"":""158b6a23-f61d-40b7-b7eb-ac19391d3402"",""yes_price_dollars"":""0.4400""}"
KXBTC15M-26APR281230-30,5997ee09-fe26-668a-3b35-f30f2c6967b0,1777392915,0.44,20.0,yes,"{""count_fp"":""20.00"",""created_time"":""2026-04-28T16:15:15.746127Z"",""no_price_dollars"":""0.5600"",""taker_side"":""yes"",""ticker"":""KXBTC15M-26APR281230-30"",""trade_id"":""5997ee09-fe26-668a-3b35-f30f2c6967b0"",""yes_price_dollars"":""0.4400""}"
KXBTC15M-26APR281230-30,519c6ed4-f6d1-6b3b-1365-ddc0f7761862,1777392915,0.44,34.67,yes,"{""count_fp"":""34.67"",""created_time"":""2026-04-28T16:15:15.746127Z"",""no_price_dollars"":""0.5600"",""taker_side"":""yes"",""ticker"":""KXBTC15M-26APR281230-30"",""trade_id"":""519c6ed4-f6d1-6b3b-1365-ddc0f7761862"",""yes_price_dollars"":""0.4400""}"
KXBTC15M-26APR281230-30,484d2610-68a9-4d27-520f-b8b66d5b6566,1777392915,0.43,30.15,yes,"{""count_fp"":""30.15"",""created_time"":""2026-04-28T16:15:15.055835Z"",""no_price_dollars"":""0.5700"",""taker_side"":""yes"",""ticker"":""KXBTC15M-26APR281230-30"",""trade_id"":""484d2610-68a9-4d27-520f-b8b66d5b6566"",""yes_price_dollars"":""0.4300""}"
KXBTC15M-26APR281230-30,d4f45c0e-5345-4841-5de5-8465de0259f7,1777392916,0.45,2.0,no,"{""count_fp"":""2.00"",""created_time"":""2026-04-28T16:15:16.436207Z"",""no_price_dollars"":""0.5500"",""taker_side"":""no"",""ticker"":""KXBTC15M-26APR281230-30"",""trade_id"":""d4f45c0e-5345-4841-5de5-8465de0259f7"",""yes_price_dollars"":""0.4500""}"
KXBTC15M-26APR281230-30,276fe73e-4533-74dc-95cd-c7f68da4e8ef,1777392917,0.46,11.0,yes,"{""count_fp"":""11.00"",""created_time"":""2026-04-28T16:15:17.926482Z"",""no_price_dollars"":""0.5400"",""taker_side"":""yes"",""ticker"":""KXBTC15M-26APR281230-30"",""trade_id"":""276fe73e-4533-74dc-95cd-c7f68da4e8ef"",""yes_price_dollars"":""0.4600""}"
KXBTC15M-26APR281230-30,b0b40c24-0449-5bc5-76a6-d93e6d525a8f,1777392917,0.45,52.0,no,"{""count_fp"":""52.00"",""created_time"":""2026-04-28T16:15:17.201777Z"",""no_price_dollars"":""0.5500"",""taker_side"":""no"",""ticker"":""KXBTC15M-26APR281230-30"",""trade_id"":""b0b40c24-0449-5bc5-76a6-d93e6d525a8f"",""yes_price_dollars"":""0.4500""}"
KXBTC15M-26APR281230-30,11c5dd0c-410e-5a3a-5b86-fb1c3477e5d3,1777392917,0.45,8.29,no,"{""count_fp"":""8.29"",""created_time"":""2026-04-28T16:15:17.201777Z"",""no_price_dollars"":""0.5500"",""taker_side"":""no"",""ticker"":""KXBTC15M-26APR281230-30"",""trade_id"":""11c5dd0c-410e-5a3a-5b86-fb1c3477e5d3"",""yes_price_dollars"":""0.4500""}"
KXBTC15M-26APR281230-30,ba99737b-16b5-52bd-b9e2-31734018d6e7,1777392917,0.45,2.0,no,"{""count_fp"":""2.00"",""created_time"":""2026-04-28T16:15:17.101064Z"",""no_price_dollars"":""0.5500"",""taker_side"":""no"",""ticker"":""KXBTC15M-26APR281230-30"",""trade_id"":""ba99737b-16b5-52bd-b9e2-31734018d6e7"",""yes_price_dollars"":""0.4500""}"
KXBTC15M-26APR281230-30,c43eea0a-e206-448a-1903-33d26b44a6f3,1777392918,0.45,1.74,no,"{""count_fp"":""1.74"",""created_time"":""2026-04-28T16:15:18.793636Z"",""no_price_dollars"":""0.5500"",""taker_side"":""no"",""ticker"":""KXBTC15M-26APR281230-30"",""trade_id"":""c43eea0a-e206-448a-1903-33d26b44a6f3"",""yes_price_dollars"":""0.4500""}"
KXBTC15M-26APR281230-30,c3abc9c8-cdd4-76e3-60e8-2cfe33973272,1777392918,0.47,10.05,yes,"{""count_fp"":""10.05"",""created_time"":""2026-04-28T16:15:18.670675Z"",""no_price_dollars"":""0.5300"",""taker_side"":""yes"",""ticker"":""KXBTC15M-26APR281230-30"",""trade_id"":""c3abc9c8-cdd4-76e3-60e8-2cfe33973272"",""yes_price_dollars"":""0.4700""}"
KXBTC15M-26APR281230-30,0db1b918-a0a4-493f-ac1b-4295f7c1280e,1777392918,0.47,4.09,yes,"{""count_fp"":""4.09"",""created_time"":""2026-04-28T16:15:18.226252Z"",""no_price_dollars"":""0.5300"",""taker_side"":""yes"",""ticker"":""KXBTC15M-26APR281230-30"",""trade_id"":""0db1b918-a0a4-493f-ac1b-4295f7c1280e"",""yes_price_dollars"":""0.4700""}"
KXBTC15M-26APR281230-30,24150198-218d-4432-7d0b-f546350cd591,1777392918,0.46,16.74,no,"{""count_fp"":""16.74"",""created_time"":""2026-04-28T16:15:18.225127Z"",""no_price_dollars"":""0.5400"",""taker_side"":""no"",""ticker"":""KXBTC15M-26APR281230-30"",""trade_id"":""24150198-218d-4432-7d0b-f546350cd591"",""yes_price_dollars"":""0.4600""}"
KXBTC15M-26APR281230-30,2aa155ef-1795-51d2-b973-601cacf3d5f1,1777392918,0.46,35.25,no,"{""count_fp"":""35.25"",""created_time"":""2026-04-28T16:15:18.215794Z"",""no_price_dollars"":""0.5400"",""taker_side"":""no"",""ticker"":""KXBTC15M-26APR281230-30"",""trade_id"":""2aa155ef-1795-51d2-b973-601cacf3d5f1"",""yes_price_dollars"":""0.4600""}"
KXBTC15M-26APR281230-30,a804d502-07e0-41ef-1589-d0c06fbb2782,1777392918,0.47,17.51,yes,"{""count_fp"":""17.51"",""created_time"":""2026-04-28T16:15:18.033393Z"",""no_price_dollars"":""0.5300"",""taker_side"":""yes"",""ticker"":""KXBTC15M-26APR281230-30"",""trade_id"":""a804d502-07e0-41ef-1589-d0c06fbb2782"",""yes_price_dollars"":""0.4700""}"
KXBTC15M-26APR281230-30,8dc7cb8f-c2f7-4af5-1b17-7461b1fc03f3,1777392918,0.47,3.0,yes,"{""count_fp"":""3.00"",""created_time"":""2026-04-28T16:15:18.033393Z"",""no_price_dollars"":""0.5300"",""taker_side"":""yes"",""ticker"":""KXBTC15M-26APR281230-30"",""trade_id"":""8dc7cb8f-c2f7-4af5-1b17-7461b1fc03f3"",""yes_price_dollars"":""0.4700""}"
KXBTC15M-26APR281230-30,f8ba7938-1c78-4bb0-5a7c-c98c1ae1c2db,1777392919,0.44,22.09,yes,"{""count_fp"":""22.09"",""created_time"":""2026-04-28T16:15:19.900151Z"",""no_price_dollars"":""0.5600"",""taker_side"":""yes"",""ticker"":""KXBTC15M-26APR281230-30"",""trade_id"":""f8ba7938-1c78-4bb0-5a7c-c98c1ae1c2db"",""yes_price_dollars"":""0.4400""}"
KXBTC15M-26APR281230-30,78a467f1-9c31-4438-7a68-5a9d0e3185b3,1777392919,0.44,21.64,yes,"{""count_fp"":""21.64"",""created_time"":""2026-04-28T16:15:19.900151Z"",""no_price_dollars"":""0.5600"",""taker_side"":""yes"",""ticker"":""KXBTC15M-26APR281230-30"",""trade_id"":""78a467f1-9c31-4438-7a68-5a9d0e3185b3"",""yes_price_dollars"":""0.4400""}"
KXBTC15M-26APR281230-30,819049a9-9014-50e8-48e1-1e9a636eb5db,1777392919,0.44,17.91,yes,"{""count_fp"":""17.91"",""created_time"":""2026-04-28T16:15:19.741812Z"",""no_price_dollars"":""0.5600"",""taker_side"":""yes"",""ticker"":""KXBTC15M-26APR281230-30"",""trade_id"":""819049a9-9014-50e8-48e1-1e9a636eb5db"",""yes_price_dollars"":""0.4400""}"
KXBTC15M-26APR281230-30,16beb7ba-7239-6b5f-7905-ca97728f3241,1777392919,0.44,75.0,no,"{""count_fp"":""75.00"",""created_time"":""2026-04-28T16:15:19.694855Z"",""no_price_dollars"":""0.5600"",""taker_side"":""no"",""ticker"":""KXBTC15M-26APR281230-30"",""trade_id"":""16beb7ba-7239-6b5f-7905-ca97728f3241"",""yes_price_dollars"":""0.4400""}"
KXBTC15M-26APR281230-30,ea99ab2c-aec8-5e8b-48f8-4b3385467b1e,1777392919,0.45,30.0,no,"{""count_fp"":""30.00"",""created_time"":""2026-04-28T16:15:19.637043Z"",""no_price_dollars"":""0.5500"",""taker_side"":""no"",""ticker"":""KXBTC15M-26APR281230-30"",""trade_id"":""ea99ab2c-aec8-5e8b-48f8-4b3385467b1e"",""yes_price_dollars"":""0.4500""}"
KXBTC15M-26APR281230-30,0c13dc5e-466e-5d58-49ab-66ff881ce474,1777392919,0.45,4.87,no,"{""count_fp"":""4.87"",""created_time"":""2026-04-28T16:15:19.637043Z"",""no_price_dollars"":""0.5500"",""taker_side"":""no"",""ticker"":""KXBTC15M-26APR281230-30"",""trade_id"":""0c13dc5e-466e-5d58-49ab-66ff881ce474"",""yes_price_dollars"":""0.4500""}"
KXBTC15M-26APR281230-30,da9f38e4-0ae8-6a40-9c50-8391d9f47527,1777392919,0.45,1.76,no,"{""count_fp"":""1.76"",""created_time"":""2026-04-28T16:15:19.529737Z"",""no_price_dollars"":""0.5500"",""taker_side"":""no"",""ticker"":""KXBTC15M-26APR281230-30"",""trade_id"":""da9f38e4-0ae8-6a40-9c50-8391d9f47527"",""yes_price_dollars"":""0.4500""}"
KXBTC15M-26APR281230-30,0f90d380-aed0-5664-e0f8-d4a2e7c2a6c7,1777392919,0.45,26.43,no,"{""count_fp"":""26.43"",""created_time"":""2026-04-28T16:15:19.521554Z"",""no_price_dollars"":""0.5500"",""taker_side"":""no"",""ticker"":""KXBTC15M-26APR281230-30"",""trade_id"":""0f90d380-aed0-5664-e0f8-d4a2e7c2a6c7"",""yes_price_dollars"":""0.4500""}"
KXBTC15M-26APR281230-30,d6dc119b-edf3-64e9-69b8-f8f15f1c789e,1777392919,0.46,10.0,yes,"{""count_fp"":""10.00"",""created_time"":""2026-04-28T16:15:19.286259Z"",""no_price_dollars"":""0.5400"",""taker_side"":""yes"",""ticker"":""KXBTC15M-26APR281230-30"",""trade_id"":""d6dc119b-edf3-64e9-69b8-f8f15f1c789e"",""yes_price_dollars"":""0.4600""}"
KXBTC15M-26APR281230-30,75755374-68e6-7696-f107-da5b887930ef,1777392919,0.45,35.25,no,"{""count_fp"":""35.25"",""created_time"":""2026-04-28T16:15:19.154038Z"",""no_price_dollars"":""0.5500"",""taker_side"":""no"",""ticker"":""KXBTC15M-26APR281230-30"",""trade_id"":""75755374-68e6-7696-f107-da5b887930ef"",""yes_price_dollars"":""0.4500""}"
KXBTC15M-26APR281230-30,7a72162e-295e-4f36-2f78-e112d5be4a0f,1777392919,0.45,50.0,no,"{""count_fp"":""50.00"",""created_time"":""2026-04-28T16:15:19.130595Z"",""no_price_dollars"":""0.5500"",""taker_side"":""no"",""ticker"":""KXBTC15M-26APR281230-30"",""trade_id"":""7a72162e-295e-4f36-2f78-e112d5be4a0f"",""yes_price_dollars"":""0.4500""}"
KXBTC15M-26APR281230-30,ac45c51f-41ce-456f-f543-31b7bd202b25,1777392920,0.41,23.83,no,"{""count_fp"":""23.83"",""created_time"":""2026-04-28T16:15:20.751398Z"",""no_price_dollars"":""0.5900"",""taker_side"":""no"",""ticker"":""KXBTC15M-26APR281230-30"",""trade_id"":""ac45c51f-41ce-456f-f543-31b7bd202b25"",""yes_price_dollars"":""0.4100""}"
KXBTC15M-26APR281230-30,119465c2-a27c-43a1-5a56-883ae492c15c,1777392920,0.42,2.18,yes,"{""count_fp"":""2.18"",""created_time"":""2026-04-28T16:15:20.617675Z"",""no_price_dollars"":""0.5800"",""taker_side"":""yes"",""ticker"":""KXBTC15M-26APR281230-30"",""trade_id"":""119465c2-a27c-43a1-5a56-883ae492c15c"",""yes_price_dollars"":""0.4200""}"
KXBTC15M-26APR281230-30,382c700a-b260-5175-9181-3d1751ef5588,1777392920,0.42,20.94,yes,"{""count_fp"":""20.94"",""created_time"":""2026-04-28T16:15:20.575362Z"",""no_price_dollars"":""0.5800"",""taker_side"":""yes"",""ticker"":""KXBTC15M-26APR281230-30"",""trade_id"":""382c700a-b260-5175-9181-3d1751ef5588"",""yes_price_dollars"":""0.4200""}"
KXBTC15M-26APR281230-30,b9eceebc-8f3c-6868-397f-60cc778b5601,1777392920,0.43,6.47,no,"{""count_fp"":""6.47"",""created_time"":""2026-04-28T16:15:20.453058Z"",""no_price_dollars"":""0.5700"",""taker_side"":""no"",""ticker"":""KXBTC15M-26APR281230-30"",""trade_id"":""b9eceebc-8f3c-6868-397f-60cc778b5601"",""yes_price_dollars"":""0.4300""}"
KXBTC15M-26APR281230-30,2a8aad6b-f5ae-62ba-1e9a-6b849e1c4dc6,1777392920,0.42,41.82,no,"{""count_fp"":""41.82"",""created_time"":""2026-04-28T16:15:20.453058Z"",""no_price_dollars"":""0.5800"",""taker_side"":""no"",""ticker"":""KXBTC15M-26APR281230-30"",""trade_id"":""2a8aad6b-f5ae-62ba-1e9a-6b849e1c4dc6"",""yes_price_dollars"":""0.4200""}"
KXBTC15M-26APR281230-30,f9c88f11-6533-603b-c6e1-3e12b291e7ae,1777392920,0.43,5.0,no,"{""count_fp"":""5.00"",""created_time"":""2026-04-28T16:15:20.444721Z"",""no_price_dollars"":""0.5700"",""taker_side"":""no"",""ticker"":""KXBTC15M-26APR281230-30"",""trade_id"":""f9c88f11-6533-603b-c6e1-3e12b291e7ae"",""yes_price_dollars"":""0.4300""}"
KXBTC15M-26APR281230-30,f17c58a9-ce76-6f02-c906-e002a31acfa8,1777392920,0.43,3.0,no,"{""count_fp"":""3.00"",""created_time"":""2026-04-28T16:15:20.444721Z"",""no_price_dollars"":""0.5700"",""taker_side"":""no"",""ticker"":""KXBTC15M-26APR281230-30"",""trade_id"":""f17c58a9-ce76-6f02-c906-e002a31acfa8"",""yes_price_dollars"":""0.4300""}"
KXBTC15M-26APR281230-30,cded5234-2ea8-6ef4-ec04-d692ab5b9ef5,1777392920,0.43,6.08,no,"{""count_fp"":""6.08"",""created_time"":""2026-04-28T16:15:20.444721Z"",""no_price_dollars"":""0.5700"",""taker_side"":""no"",""ticker"":""KXBTC15M-26APR281230-30"",""trade_id"":""cded5234-2ea8-6ef4-ec04-d692ab5b9ef5"",""yes_price_dollars"":""0.4300""}"
KXBTC15M-26APR281230-30,04cbe91d-e013-6e58-cc92-01ba3ec72cd8,1777392920,0.43,14.0,no,"{""count_fp"":""14.00"",""created_time"":""2026-04-28T16:15:20.444721Z"",""no_price_dollars"":""0.5700"",""taker_side"":""no"",""ticker"":""KXBTC15M-26APR281230-30"",""trade_id"":""04cbe91d-e013-6e58-cc92-01ba3ec72cd8"",""yes_price_dollars"":""0.4300""}"
KXBTC15M-26APR281230-30,9f61805f-de09-48dc-f664-f0c601deba5f,1777392920,0.44,20.1,yes,"{""count_fp"":""20.10"",""created_time"":""2026-04-28T16:15:20.332447Z"",""no_price_dollars"":""0.5600"",""taker_side"":""yes"",""ticker"":""KXBTC15M-26APR281230-30"",""trade_id"":""9f61805f-de09-48dc-f664-f0c601deba5f"",""yes_price_dollars"":""0.4400""}"
KXBTC15M-26APR281230-30,86e37d65-41d5-7768-3c19-8b83d305aa7b,1777392920,0.44,12.35,yes,"{""count_fp"":""12.35"",""created_time"":""2026-04-28T16:15:20.112773Z"",""no_price_dollars"":""0.5600"",""taker_side"":""yes"",""ticker"":""KXBTC15M-26APR281230-30"",""trade_id"":""86e37d65-41d5-7768-3c19-8b83d305aa7b"",""yes_price_dollars"":""0.4400""}"
KXBTC15M-26APR281230-30,dfbcb7a6-f2b4-5b53-cfda-4b7a5458dfa8,1777392921,0.42,9.23,yes,"{""count_fp"":""9.23"",""created_time"":""2026-04-28T16:15:21.699288Z"",""no_price_dollars"":""0.5800"",""taker_side"":""yes"",""ticker"":""KXBTC15M-26APR281230-30"",""trade_id"":""dfbcb7a6-f2b4-5b53-cfda-4b7a5458dfa8"",""yes_price_dollars"":""0.4200""}"
KXBTC15M-26APR281230-30,6ad95dae-f295-5d0e-ef0f-cfc71f404a70,1777392921,0.42,30.77,yes,"{""count_fp"":""30.77"",""created_time"":""2026-04-28T16:15:21.699288Z"",""no_price_dollars"":""0.5800"",""taker_side"":""yes"",""ticker"":""KXBTC15M-26APR281230-30"",""trade_id"":""6ad95dae-f295-5d0e-ef0f-cfc71f404a70"",""yes_price_dollars"":""0.4200""}"
KXBTC15M-26APR281230-30,ed2a240a-b625-4fb6-2fec-d95353e789ac,1777392921,0.42,5.23,yes,"{""count_fp"":""5.23"",""created_time"":""2026-04-28T16:15:21.387079Z"",""no_price_dollars"":""0.5800"",""taker_side"":""yes"",""ticker"":""KXBTC15M-26APR281230-30"",""trade_id"":""ed2a240a-b625-4fb6-2fec-d95353e789ac"",""yes_price_dollars"":""0.4200""}"
KXBTC15M-26APR281230-30,0c5d9589-e1ed-67ec-b8bb-bcf147c694b3,1777392921,0.42,102.57,yes,"{""count_fp"":""102.57"",""created_time"":""2026-04-28T16:15:21.217469Z"",""no_price_dollars"":""0.5800"",""taker_side"":""yes"",""ticker"":""KXBTC15M-26APR281230-30"",""trade_id"":""0c5d9589-e1ed-67ec-b8bb-bcf147c694b3"",""yes_price_dollars"":""0.4200""}"
KXBTC15M-26APR281230-30,5df70d99-22e9-5ce0-795a-b1cf7cb4e57b,1777392921,0.42,354.9,yes,"{""count_fp"":""354.90"",""created_time"":""2026-04-28T16:15:21.160107Z"",""no_price_dollars"":""0.5800"",""taker_side"":""yes"",""ticker"":""KXBTC15M-26APR281230-30"",""trade_id"":""5df70d99-22e9-5ce0-795a-b1cf7cb4e57b"",""yes_price_dollars"":""0.4200""}"
KXBTC15M-26APR281230-30,3de6b699-a3b4-5931-448a-2a1ddb537b7c,1777392921,0.42,16.88,yes,"{""count_fp"":""16.88"",""created_time"":""2026-04-28T16:15:21.160107Z"",""no_price_dollars"":""0.5800"",""taker_side"":""yes"",""ticker"":""KXBTC15M-26APR281230-30"",""trade_id"":""3de6b699-a3b4-5931-448a-2a1ddb537b7c"",""yes_price_dollars"":""0.4200""}"
KXBTC15M-26APR281230-30,3ee067b1-d214-6ed3-9dd0-b01bdad54000,1777392922,0.42,54.67,yes,"{""count_fp"":""54.67"",""created_time"":""2026-04-28T16:15:22.205751Z"",""no_price_dollars"":""0.5800"",""taker_side"":""yes"",""ticker"":""KXBTC15M-26APR281230-30"",""trade_id"":""3ee067b1-d214-6ed3-9dd0-b01bdad54000"",""yes_price_dollars"":""0.4200""}"
KXBTC15M-26APR281230-30,924a14d0-517c-753b-a907-a6b78d3c870c,1777392922,0.42,20.94,yes,"{""count_fp"":""20.94"",""created_time"":""2026-04-28T16:15:22.119628Z"",""no_price_dollars"":""0.5800"",""taker_side"":""yes"",""ticker"":""KXBTC15M-26APR281230-30"",""trade_id"":""924a14d0-517c-753b-a907-a6b78d3c870c"",""yes_price_dollars"":""0.4200""}"
KXBTC15M-26APR281230-30,03891784-ee24-698b-4646-3ca320b2dcd0,1777392922,0.42,102.96,yes,"{""count_fp"":""102.96"",""created_time"":""2026-04-28T16:15:22.090556Z"",""no_price_dollars"":""0.5800"",""taker_side"":""yes"",""ticker"":""KXBTC15M-26APR281230-30"",""trade_id"":""03891784-ee24-698b-4646-3ca320b2dcd0"",""yes_price_dollars"":""0.4200""}"
KXBTC15M-26APR281230-30,33f7f973-b294-653b-bddb-3c2fd96077ac,1777392923,0.42,20.59,yes,"{""count_fp"":""20.59"",""created_time"":""2026-04-28T16:15:23.850351Z"",""no_price_dollars"":""0.5800"",""taker_side"":""yes"",""ticker"":""KXBTC15M-26APR281230-30"",""trade_id"":""33f7f973-b294-653b-bddb-3c2fd96077ac"",""yes_price_dollars"":""0.4200""}"
KXBTC15M-26APR281230-30,14985b0a-ce90-748b-6633-44ddca90e4f0,1777392923,0.42,11.44,yes,"{""count_fp"":""11.44"",""created_time"":""2026-04-28T16:15:23.794842Z"",""no_price_dollars"":""0.5800"",""taker_side"":""yes"",""ticker"":""KXBTC15M-26APR281230-30"",""trade_id"":""14985b0a-ce90-748b-6633-44ddca90e4f0"",""yes_price_dollars"":""0.4200""}"
KXBTC15M-26APR281230-30,ecb4f361-a450-5edf-d654-33fac1aba6d8,1777392923,0.42,24.84,yes,"{""count_fp"":""24.84"",""created_time"":""2026-04-28T16:15:23.555176Z"",""no_price_dollars"":""0.5800"",""taker_side"":""yes"",""ticker"":""KXBTC15M-26APR281230-30"",""trade_id"":""ecb4f361-a450-5edf-d654-33fac1aba6d8"",""yes_price_dollars"":""0.4200""}"
KXBTC15M-26APR281230-30,f2763ceb-9628-6ee7-40bd-89a704c99bec,1777392923,0.42,48.11,yes,"{""count_fp"":""48.11"",""created_time"":""2026-04-28T16:15:23.329384Z"",""no_price_dollars"":""0.5800"",""taker_side"":""yes"",""ticker"":""KXBTC15M-26APR281230-30"",""trade_id"":""f2763ceb-9628-6ee7-40bd-89a704c99bec"",""yes_price_dollars"":""0.4200""}"
KXBTC15M-26APR281230-30,b2e3e699-b0f4-6971-18b4-8590a708d08a,1777392923,0.41,5.0,no,"{""count_fp"":""5.00"",""created_time"":""2026-04-28T16:15:23.326382Z"",""no_price_dollars"":""0.5900"",""taker_side"":""no"",""ticker"":""KXBTC15M-26APR281230-30"",""trade_id"":""b2e3e699-b0f4-6971-18b4-8590a708d08a"",""yes_price_dollars"":""0.4100""}"
KXBTC15M-26APR281230-30,a13bfd27-99a9-6027-3dd7-3ab68ae4ada7,1777392923,0.41,11.96,no,"{""count_fp"":""11.96"",""created_time"":""2026-04-28T16:15:23.326382Z"",""no_price_dollars"":""0.5900"",""taker_side"":""no"",""ticker"":""KXBTC15M-26APR281230-30"",""trade_id"":""a13bfd27-99a9-6027-3dd7-3ab68ae4ada7"",""yes_price_dollars"":""0.4100""}"
KXBTC15M-26APR281230-30,4cffab5d-bea8-6603-1ab8-fd8b381d1f1d,1777392923,0.41,30.0,no,"{""count_fp"":""30.00"",""created_time"":""2026-04-28T16:15:23.326382Z"",""no_price_dollars"":""0.5900"",""taker_side"":""no"",""ticker"":""KXBTC15M-26APR281230-30"",""trade_id"":""4cffab5d-bea8-6603-1ab8-fd8b381d1f1d"",""yes_price_dollars"":""0.4100""}"
KXBTC15M-26APR281230-30,490161d7-8874-6983-34a7-75fbbe8eaa89,1777392923,0.41,55.25,no,"{""count_fp"":""55.25"",""created_time"":""2026-04-28T16:15:23.326382Z"",""no_price_dollars"":""0.5900"",""taker_side"":""no"",""ticker"":""KXBTC15M-26APR281230-30"",""trade_id"":""490161d7-8874-6983-34a7-75fbbe8eaa89"",""yes_price_dollars"":""0.4100""}"
KXBTC15M-26APR281230-30,47137ba7-6a8a-61af-2578-5888bc3a2ae1,1777392923,0.41,87.01,no,"{""count_fp"":""87.01"",""created_time"":""2026-04-28T16:15:23.326382Z"",""no_price_dollars"":""0.5900"",""taker_side"":""no"",""ticker"":""KXBTC15M-26APR281230-30"",""trade_id"":""47137ba7-6a8a-61af-2578-5888bc3a2ae1"",""yes_price_dollars"":""0.4100""}"
KXBTC15M-26APR281230-30,19851d4e-c260-6a8e-1d6f-b085aa59e13e,1777392923,0.41,5.0,no,"{""count_fp"":""5.00"",""created_time"":""2026-04-28T16:15:23.326382Z"",""no_price_dollars"":""0.5900"",""taker_side"":""no"",""ticker"":""KXBTC15M-26APR281230-30"",""trade_id"":""19851d4e-c260-6a8e-1d6f-b085aa59e13e"",""yes_price_dollars"":""0.4100""}"
KXBTC15M-26APR281230-30,11167310-bef0-6626-30ae-63a5f8b23f03,1777392923,0.41,40.0,no,"{""count_fp"":""40.00"",""created_time"":""2026-04-28T16:15:23.326382Z"",""no_price_dollars"":""0.5900"",""taker_side"":""no"",""ticker"":""KXBTC15M-26APR281230-30"",""trade_id"":""11167310-bef0-6626-30ae-63a5f8b23f03"",""yes_price_dollars"":""0.4100""}"
KXBTC15M-26APR281230-30,0d86592f-cbb0-6c6d-2d11-5589cd524c72,1777392923,0.41,3.0,no,"{""count_fp"":""3.00"",""created_time"":""2026-04-28T16:15:23.326382Z"",""no_price_dollars"":""0.5900"",""taker_side"":""no"",""ticker"":""KXBTC15M-26APR281230-30"",""trade_id"":""0d86592f-cbb0-6c6d-2d11-5589cd524c72"",""yes_price_dollars"":""0.4100""}"
KXBTC15M-26APR281230-30,a3c9dbc5-727c-5267-aa39-39ae99cd9ec4,1777392923,0.42,4.0,yes,"{""count_fp"":""4.00"",""created_time"":""2026-04-28T16:15:23.205053Z"",""no_price_dollars"":""0.5800"",""taker_side"":""yes"",""ticker"":""KXBTC15M-26APR281230-30"",""trade_id"":""a3c9dbc5-727c-5267-aa39-39ae99cd9ec4"",""yes_price_dollars"":""0.4200""}"
KXBTC15M-26APR281230-30,49b0ae0f-e35a-538f-52de-cb301c084905,1777392923,0.41,8.16,no,"{""count_fp"":""8.16"",""created_time"":""2026-04-28T16:15:23.169064Z"",""no_price_dollars"":""0.5900"",""taker_side"":""no"",""ticker"":""KXBTC15M-26APR281230-30"",""trade_id"":""49b0ae0f-e35a-538f-52de-cb301c084905"",""yes_price_dollars"":""0.4100""}"
KXBTC15M-26APR281230-30,8b22a2ff-2d68-6a37-fac5-f5097cb9aaf0,1777392923,0.42,100.0,yes,"{""count_fp"":""100.00"",""created_time"":""2026-04-28T16:15:23.102208Z"",""no_price_dollars"":""0.5800"",""taker_side"":""yes"",""ticker"":""KXBTC15M-26APR281230-30"",""trade_id"":""8b22a2ff-2d68-6a37-fac5-f5097cb9aaf0"",""yes_price_dollars"":""0.4200""}"
KXBTC15M-26APR281230-30,9eaafc32-7fb5-7d0b-3d31-818364f1024c,1777392924,0.42,3.29,yes,"{""count_fp"":""3.29"",""created_time"":""2026-04-28T16:15:24.779999Z"",""no_price_dollars"":""0.5800"",""taker_side"":""yes"",""ticker"":""KXBTC15M-26APR281230-30"",""trade_id"":""9eaafc32-7fb5-7d0b-3d31-818364f1024c"",""yes_price_dollars"":""0.4200""}"
KXBTC15M-26APR281230-30,687ca22a-5904-7c00-1230-c5f71739f321,1777392924,0.42,31.01,yes,"{""count_fp"":""31.01"",""created_time"":""2026-04-28T16:15:24.779999Z"",""no_price_dollars"":""0.5800"",""taker_side"":""yes"",""ticker"":""KXBTC15M-26APR281230-30"",""trade_id"":""687ca22a-5904-7c00-1230-c5f71739f321"",""yes_price_dollars"":""0.4200""}"
KXBTC15M-26APR281230-30,3461c34b-c703-5178-aee8-cca5f8e90e98,1777392924,0.41,1.64,no,"{""count_fp"":""1.64"",""created_time"":""2026-04-28T16:15:24.726459Z"",""no_price_dollars"":""0.5900"",""taker_side"":""no"",""ticker"":""KXBTC15M-26APR281230-30"",""trade_id"":""3461c34b-c703-5178-aee8-cca5f8e90e98"",""yes_price_dollars"":""0.4100""}"
KXBTC15M-26APR281230-30,f7d2df2c-c2a5-4847-72d3-70fcb0e0dbce,1777392924,0.42,1.56,yes,"{""count_fp"":""1.56"",""created_time"":""2026-04-28T16:15:24.282098Z"",""no_price_dollars"":""0.5800"",""taker_side"":""yes"",""ticker"":""KXBTC15M-26APR281230-30"",""trade_id"":""f7d2df2c-c2a5-4847-72d3-70fcb0e0dbce"",""yes_price_dollars"":""0.4200""}"
KXBTC15M-26APR281230-30,b14397ae-0715-4407-6b23-4dd39744431c,1777392924,0.42,9.88,yes,"{""count_fp"":""9.88"",""created_time"":""2026-04-28T16:15:24.282098Z"",""no_price_dollars"":""0.5800"",""taker_side"":""yes"",""ticker"":""KXBTC15M-26APR281230-30"",""trade_id"":""b14397ae-0715-4407-6b23-4dd39744431c"",""yes_price_dollars"":""0.4200""}"
KXBTC15M-26APR281230-30,0a154c2c-9105-6de7-2b87-51d9f25ae5da,1777392924,0.42,11.44,yes,"{""count_fp"":""11.44"",""created_time"":""2026-04-28T16:15:24.159127Z"",""no_price_dollars"":""0.5800"",""taker_side"":""yes"",""ticker"":""KXBTC15M-26APR281230-30"",""trade_id"":""0a154c2c-9105-6de7-2b87-51d9f25ae5da"",""yes_price_dollars"":""0.4200""}"
KXBTC15M-26APR281230-30,f8b8b10c-2da0-5583-63b2-ac0b66efbdb8,1777392924,0.42,40.0,yes,"{""count_fp"":""40.00"",""created_time"":""2026-04-28T16:15:24.020949Z"",""no_price_dollars"":""0.5800"",""taker_side"":""yes"",""ticker"":""KXBTC15M-26APR281230-30"",""trade_id"":""f8b8b10c-2da0-5583-63b2-ac0b66efbdb8"",""yes_price_dollars"":""0.4200""}"
KXBTC15M-26APR281230-30,bd8cceb7-d1b8-554f-5bf7-92c61727e0b6,1777392924,0.42,147.99,yes,"{""count_fp"":""147.99"",""created_time"":""2026-04-28T16:15:24.020949Z"",""no_price_dollars"":""0.5800"",""taker_side"":""yes"",""ticker"":""KXBTC15M-26APR281230-30"",""trade_id"":""bd8cceb7-d1b8-554f-5bf7-92c61727e0b6"",""yes_price_dollars"":""0.4200""}"
KXBTC15M-26APR281230-30,5eaf6948-bcfc-52f3-70a9-dc147ab4ff35,1777392924,0.42,51.99,yes,"{""count_fp"":""51.99"",""created_time"":""2026-04-28T16:15:24.020949Z"",""no_price_dollars"":""0.5800"",""taker_side"":""yes"",""ticker"":""KXBTC15M-26APR281230-30"",""trade_id"":""5eaf6948-bcfc-52f3-70a9-dc147ab4ff35"",""yes_price_dollars"":""0.4200""}"
KXBTC15M-26APR281230-30,46a4ce15-3518-5653-4dc1-4239dc788dc4,1777392924,0.42,103.22,yes,"{""count_fp"":""103.22"",""created_time"":""2026-04-28T16:15:24.020949Z"",""no_price_dollars"":""0.5800"",""taker_side"":""yes"",""ticker"":""KXBTC15M-26APR281230-30"",""trade_id"":""46a4ce15-3518-5653-4dc1-4239dc788dc4"",""yes_price_dollars"":""0.4200""}"
KXBTC15M-26APR281230-30,cd3603fd-2742-49a8-859d-f676ae8ad8e1,1777392925,0.42,2.0,yes,"{""count_fp"":""2.00"",""created_time"":""2026-04-28T16:15:25.602697Z"",""no_price_dollars"":""0.5800"",""taker_side"":""yes"",""ticker"":""KXBTC15M-26APR281230-30"",""trade_id"":""cd3603fd-2742-49a8-859d-f676ae8ad8e1"",""yes_price_dollars"":""0.4200""}"
KXBTC15M-26APR281230-30,fba17f24-976e-6c64-0b24-032276b25329,1777392926,0.42,363.6,yes,"{""count_fp"":""363.60"",""created_time"":""2026-04-28T16:15:26.899885Z"",""no_price_dollars"":""0.5800"",""taker_side"":""yes"",""ticker"":""KXBTC15M-26APR281230-30"",""trade_id"":""fba17f24-976e-6c64-0b24-032276b25329"",""yes_price_dollars"":""0.4200""}"
KXBTC15M-26APR281230-30,f140d13f-c095-6eab-2d3c-3a6165d51574,1777392926,0.42,13.17,yes,"{""count_fp"":""13.17"",""created_time"":""2026-04-28T16:15:26.899885Z"",""no_price_dollars"":""0.5800"",""taker_side"":""yes"",""ticker"":""KXBTC15M-26APR281230-30"",""trade_id"":""f140d13f-c095-6eab-2d3c-3a6165d51574"",""yes_price_dollars"":""0.4200""}"
KXBTC15M-26APR281230-30,ab4022ff-e2b4-61dd-3327-371a94fcaea3,1777392926,0.43,40.0,yes,"{""count_fp"":""40.00"",""created_time"":""2026-04-28T16:15:26.899885Z"",""no_price_dollars"":""0.5700"",""taker_side"":""yes"",""ticker"":""KXBTC15M-26APR281230-30"",""trade_id"":""ab4022ff-e2b4-61dd-3327-371a94fcaea3"",""yes_price_dollars"":""0.4300""}"
KXBTC15M-26APR281230-30,85062dc6-6708-6f39-0a74-f223bd7cdcca,1777392926,0.42,40.0,yes,"{""count_fp"":""40.00"",""created_time"":""2026-04-28T16:15:26.899885Z"",""no_price_dollars"":""0.5800"",""taker_side"":""yes"",""ticker"":""KXBTC15M-26APR281230-30"",""trade_id"":""85062dc6-6708-6f39-0a74-f223bd7cdcca"",""yes_price_dollars"":""0.4200""}"
KXBTC15M-26APR281230-30,7d3abdcf-1c51-6f06-00ca-fded1df3e79b,1777392926,0.43,81.42,yes,"{""count_fp"":""81.42"",""created_time"":""2026-04-28T16:15:26.899885Z"",""no_price_dollars"":""0.5700"",""taker_side"":""yes"",""ticker"":""KXBTC15M-26APR281230-30"",""trade_id"":""7d3abdcf-1c51-6f06-00ca-fded1df3e79b"",""yes_price_dollars"":""0.4300""}"
KXBTC15M-26APR281230-30,7738ce8a-ebed-6eb5-163c-fedc03a16436,1777392926,0.43,5.0,yes,"{""count_fp"":""5.00"",""created_time"":""2026-04-28T16:15:26.899885Z"",""no_price_dollars"":""0.5700"",""taker_side"":""yes"",""ticker"":""KXBTC15M-26APR281230-30"",""trade_id"":""7738ce8a-ebed-6eb5-163c-fedc03a16436"",""yes_price_dollars"":""0.4300""}"
KXBTC15M-26APR281230-30,19575fb7-a450-67c5-0a03-9550302e0855,1777392926,0.43,1.0,yes,"{""count_fp"":""1.00"",""created_time"":""2026-04-28T16:15:26.899885Z"",""no_price_dollars"":""0.5700"",""taker_side"":""yes"",""ticker"":""KXBTC15M-26APR281230-30"",""trade_id"":""19575fb7-a450-67c5-0a03-9550302e0855"",""yes_price_dollars"":""0.4300""}"
KXBTC15M-26APR281230-30,08c7e8b4-b40d-6698-3f7f-2279fc4d46e6,1777392926,0.42,3.0,yes,"{""count_fp"":""3.00"",""created_time"":""2026-04-28T16:15:26.899885Z"",""no_price_dollars"":""0.5800"",""taker_side"":""yes"",""ticker"":""KXBTC15M-26APR281230-30"",""trade_id"":""08c7e8b4-b40d-6698-3f7f-2279fc4d46e6"",""yes_price_dollars"":""0.4200""}"
KXBTC15M-26APR281230-30,91075456-ef1a-48cc-db47-e8e0fb03ae59,1777392926,0.42,45.76,yes,"{""count_fp"":""45.76"",""created_time"":""2026-04-28T16:15:26.731563Z"",""no_price_dollars"":""0.5800"",""taker_side"":""yes"",""ticker"":""KXBTC15M-26APR281230-30"",""trade_id"":""91075456-ef1a-48cc-db47-e8e0fb03ae59"",""yes_price_dollars"":""0.4200""}"
KXBTC15M-26APR281230-30,61e0af2b-d20e-44a8-f207-91a2317ae6a9,1777392926,0.42,10.0,yes,"{""count_fp"":""10.00"",""created_time"":""2026-04-28T16:15:26.585794Z"",""no_price_dollars"":""0.5800"",""taker_side"":""yes"",""ticker"":""KXBTC15M-26APR281230-30"",""trade_id"":""61e0af2b-d20e-44a8-f207-91a2317ae6a9"",""yes_price_dollars"":""0.4200""}"
KXBTC15M-26APR281230-30,53e5b2b9-5fab-4fd4-4c01-8abb197ebfec,1777392926,0.41,7.36,no,"{""count_fp"":""7.36"",""created_time"":""2026-04-28T16:15:26.369411Z"",""no_price_dollars"":""0.5900"",""taker_side"":""no"",""ticker"":""KXBTC15M-26APR281230-30"",""trade_id"":""53e5b2b9-5fab-4fd4-4c01-8abb197ebfec"",""yes_price_dollars"":""0.4100""}"
KXBTC15M-26APR281230-30,2c778e99-1dca-48cb-408d-e142e2ba73c8,1777392926,0.41,25.54,no,"{""count_fp"":""25.54"",""created_time"":""2026-04-28T16:15:26.369411Z"",""no_price_dollars"":""0.5900"",""taker_side"":""no"",""ticker"":""KXBTC15M-26APR281230-30"",""trade_id"":""2c778e99-1dca-48cb-408d-e142e2ba73c8"",""yes_price_dollars"":""0.4100""}"
KXBTC15M-26APR281230-30,240e2990-02f3-4818-7763-13e6cf0cfe34,1777392926,0.41,1.0,no,"{""count_fp"":""1.00"",""created_time"":""2026-04-28T16:15:26.369411Z"",""no_price_dollars"":""0.5900"",""taker_side"":""no"",""ticker"":""KXBTC15M-26APR281230-30"",""trade_id"":""240e2990-02f3-4818-7763-13e6cf0cfe34"",""yes_price_dollars"":""0.4100""}"
KXBTC15M-26APR281230-30,5e2f4978-da9e-5148-6605-c9beb7e08c05,1777392926,0.42,11.44,yes,"{""count_fp"":""11.44"",""created_time"":""2026-04-28T16:15:26.251401Z"",""no_price_dollars"":""0.5800"",""taker_side"":""yes"",""ticker"":""KXBTC15M-26APR281230-30"",""trade_id"":""5e2f4978-da9e-5148-6605-c9beb7e08c05"",""yes_price_dollars"":""0.4200""}"
KXBTC15M-26APR281230-30,887d5d2e-370e-7b8c-5d30-05065fc5dfa5,1777392926,0.42,45.76,yes,"{""count_fp"":""45.76"",""created_time"":""2026-04-28T16:15:26.203788Z"",""no_price_dollars"":""0.5800"",""taker_side"":""yes"",""ticker"":""KXBTC15M-26APR281230-30"",""trade_id"":""887d5d2e-370e-7b8c-5d30-05065fc5dfa5"",""yes_price_dollars"":""0.4200""}"
KXBTC15M-26APR281230-30,a3125f79-5596-7724-e136-82b1f5ed5551,1777392926,0.42,11.44,yes,"{""count_fp"":""11.44"",""created_time"":""2026-04-28T16:15:26.095195Z"",""no_price_dollars"":""0.5800"",""taker_side"":""yes"",""ticker"":""KXBTC15M-26APR281230-30"",""trade_id"":""a3125f79-5596-7724-e136-82b1f5ed5551"",""yes_price_dollars"":""0.4200""}"
KXBTC15M-26APR281230-30,339e14db-40de-6a67-ad9a-da6041b31648,1777392927,0.41,0.49,no,"{""count_fp"":""0.49"",""created_time"":""2026-04-28T16:15:27.999477Z"",""no_price_dollars"":""0.5900"",""taker_side"":""no"",""ticker"":""KXBTC15M-26APR281230-30"",""trade_id"":""339e14db-40de-6a67-ad9a-da6041b31648"",""yes_price_dollars"":""0.4100""}"
KXBTC15M-26APR281230-30,b16f0660-09ae-7c07-ae35-ddc5ac1bf5e4,1777392927,0.41,4.11,no,"{""count_fp"":""4.11"",""created_time"":""2026-04-28T16:15:27.895561Z"",""no_price_dollars"":""0.5900"",""taker_side"":""no"",""ticker"":""KXBTC15M-26APR281230-30"",""trade_id"":""b16f0660-09ae-7c07-ae35-ddc5ac1bf5e4"",""yes_price_dollars"":""0.4100""}"
KXBTC15M-26APR281230-30,b33c9193-a2bf-6d38-226b-973d541ab62b,1777392927,0.42,11.44,yes,"{""count_fp"":""11.44"",""created_time"":""2026-04-28T16:15:27.607816Z"",""no_price_dollars"":""0.5800"",""taker_side"":""yes"",""ticker"":""KXBTC15M-26APR281230-30"",""trade_id"":""b33c9193-a2bf-6d38-226b-973d541ab62b"",""yes_price_dollars"":""0.4200""}"
KXBTC15M-26APR281230-30,b84ab074-75a2-5377-d65f-ae6766a60928,1777392927,0.41,1.28,no,"{""count_fp"":""1.28"",""created_time"":""2026-04-28T16:15:27.568638Z"",""no_price_dollars"":""0.5900"",""taker_side"":""no"",""ticker"":""KXBTC15M-26APR281230-30"",""trade_id"":""b84ab074-75a2-5377-d65f-ae6766a60928"",""yes_price_dollars"":""0.4100""}"
KXBTC15M-26APR281230-30,7f1e4fcf-8ae5-5957-d78f-62a37a7ae0e7,1777392927,0.41,20.0,no,"{""count_fp"":""20.00"",""created_time"":""2026-04-28T16:15:27.568638Z"",""no_price_dollars"":""0.5900"",""taker_side"":""no"",""ticker"":""KXBTC15M-26APR281230-30"",""trade_id"":""7f1e4fcf-8ae5-5957-d78f-62a37a7ae0e7"",""yes_price_dollars"":""0.4100""}"
KXBTC15M-26APR281230-30,45d5d35e-2aef-4724-07a3-8386fbd8db47,1777392927,0.42,11.44,yes,"{""count_fp"":""11.44"",""created_time"":""2026-04-28T16:15:27.415481Z"",""no_price_dollars"":""0.5800"",""taker_side"":""yes"",""ticker"":""KXBTC15M-26APR281230-30"",""trade_id"":""45d5d35e-2aef-4724-07a3-8386fbd8db47"",""yes_price_dollars"":""0.4200""}"
KXBTC15M-26APR281230-30,cbd1a0df-770b-73a4-9613-ceba0786249f,1777392927,0.42,183.02,yes,"{""count_fp"":""183.02"",""created_time"":""2026-04-28T16:15:27.355853Z"",""no_price_dollars"":""0.5800"",""taker_side"":""yes"",""ticker"":""KXBTC15M-26APR281230-30"",""trade_id"":""cbd1a0df-770b-73a4-9613-ceba0786249f"",""yes_price_dollars"":""0.4200""}"
KXBTC15M-26APR281230-30,f1399489-35ef-53c8-6b41-e480dfc66083,1777392927,0.42,11.44,yes,"{""count_fp"":""11.44"",""created_time"":""2026-04-28T16:15:27.298348Z"",""no_price_dollars"":""0.5800"",""taker_side"":""yes"",""ticker"":""KXBTC15M-26APR281230-30"",""trade_id"":""f1399489-35ef-53c8-6b41-e480dfc66083"",""yes_price_dollars"":""0.4200""}"
KXBTC15M-26APR281230-30,e185db8e-83c3-63ca-f0c8-c56c339bbf37,1777392928,0.42,2.28,yes,"{""count_fp"":""2.28"",""created_time"":""2026-04-28T16:15:28.762387Z"",""no_price_dollars"":""0.5800"",""taker_side"":""yes"",""ticker"":""KXBTC15M-26APR281230-30"",""trade_id"":""e185db8e-83c3-63ca-f0c8-c56c339bbf37"",""yes_price_dollars"":""0.4200""}"
KXBTC15M-26APR281230-30,1fc3819e-c4e7-48de-4b7f-b0b4b1f3c8ab,1777392928,0.42,44.76,yes,"{""count_fp"":""44.76"",""created_time"":""2026-04-28T16:15:28.754958Z"",""no_price_dollars"":""0.5800"",""taker_side"":""yes"",""ticker"":""KXBTC15M-26APR281230-30"",""trade_id"":""1fc3819e-c4e7-48de-4b7f-b0b4b1f3c8ab"",""yes_price_dollars"":""0.4200""}"
KXBTC15M-26APR281230-30,0f5556f0-2551-4664-6005-d8ff4c2c3d4f,1777392928,0.42,1.0,yes,"{""count_fp"":""1.00"",""created_time"":""2026-04-28T16:15:28.754958Z"",""no_price_dollars"":""0.5800"",""taker_side"":""yes"",""ticker"":""KXBTC15M-26APR281230-30"",""trade_id"":""0f5556f0-2551-4664-6005-d8ff4c2c3d4f"",""yes_price_dollars"":""0.4200""}"
KXBTC15M-26APR281230-30,fbe55883-f50f-6798-8d49-079e270416d7,1777392928,0.42,282.66,yes,"{""count_fp"":""282.66"",""created_time"":""2026-04-28T16:15:28.011603Z"",""no_price_dollars"":""0.5800"",""taker_side"":""yes"",""ticker"":""KXBTC15M-26APR281230-30"",""trade_id"":""fbe55883-f50f-6798-8d49-079e270416d7"",""yes_price_dollars"":""0.4200""}"
KXBTC15M-26APR281230-30,9b38692a-78b6-6bd8-ae4a-db3de2ef2cc6,1777392928,0.42,13.17,yes,"{""count_fp"":""13.17"",""created_time"":""2026-04-28T16:15:28.011603Z"",""no_price_dollars"":""0.5800"",""taker_side"":""yes"",""ticker"":""KXBTC15M-26APR281230-30"",""trade_id"":""9b38692a-78b6-6bd8-ae4a-db3de2ef2cc6"",""yes_price_dollars"":""0.4200""}"
KXBTC15M-26APR281230-30,4a86ad90-0251-61ba-84d2-9d4c4e25f4ab,1777392928,0.43,132.43,yes,"{""count_fp"":""132.43"",""created_time"":""2026-04-28T16:15:28.011603Z"",""no_price_dollars"":""0.5700"",""taker_side"":""yes"",""ticker"":""KXBTC15M-26APR281230-30"",""trade_id"":""4a86ad90-0251-61ba-84d2-9d4c4e25f4ab"",""yes_price_dollars"":""0.4300""}"
KXBTC15M-26APR281230-30,4f23197d-94ac-5ac5-767e-7c2ed4e9d2fe,1777392929,0.4,30.59,no,"{""count_fp"":""30.59"",""created_time"":""2026-04-28T16:15:29.511112Z"",""no_price_dollars"":""0.6000"",""taker_side"":""no"",""ticker"":""KXBTC15M-26APR281230-30"",""trade_id"":""4f23197d-94ac-5ac5-767e-7c2ed4e9d2fe"",""yes_price_dollars"":""0.4000""}"
KXBTC15M-26APR281230-30,594bcfc7-36cc-74bd-d5d1-d7f33baef502,1777392929,0.4,1.0,no,"{""count_fp"":""1.00"",""created_time"":""2026-04-28T16:15:29.252039Z"",""no_price_dollars"":""0.6000"",""taker_side"":""no"",""ticker"":""KXBTC15M-26APR281230-30"",""trade_id"":""594bcfc7-36cc-74bd-d5d1-d7f33baef502"",""yes_price_dollars"":""0.4000""}"
KXBTC15M-26APR281230-30,843d54fd-9d23-7bc2-644f-6931ef120047,1777392929,0.42,114.4,yes,"{""count_fp"":""114.40"",""created_time"":""2026-04-28T16:15:29.067686Z"",""no_price_dollars"":""0.5800"",""taker_side"":""yes"",""ticker"":""KXBTC15M-26APR281230-30"",""trade_id"":""843d54fd-9d23-7bc2-644f-6931ef120047"",""yes_price_dollars"":""0.4200""}"
KXBTC15M-26APR281230-30,9174a537-31d7-7b16-6e26-8d65b4006f2f,1777392930,0.4,2.0,yes,"{""count_fp"":""2.00"",""created_time"":""2026-04-28T16:15:30.918555Z"",""no_price_dollars"":""0.6000"",""taker_side"":""yes"",""ticker"":""KXBTC15M-26APR281230-30"",""trade_id"":""9174a537-31d7-7b16-6e26-8d65b4006f2f"",""yes_price_dollars"":""0.4000""}"
KXBTC15M-26APR281230-30,f491018c-6c2f-4319-1f5b-00a459ad4924,1777392930,0.4,10.1,no,"{""count_fp"":""10.10"",""created_time"":""2026-04-28T16:15:30.833163Z"",""no_price_dollars"":""0.6000"",""taker_side"":""no"",""ticker"":""KXBTC15M-26APR281230-30"",""trade_id"":""f491018c-6c2f-4319-1f5b-00a459ad4924"",""yes_price_dollars"":""0.4000""}"
KXBTC15M-26APR281230-30,be6fc00e-e7ae-45d4-2177-5bdc391c64c0,1777392930,0.39,1.19,no,"{""count_fp"":""1.19"",""created_time"":""2026-04-28T16:15:30.833163Z"",""no_price_dollars"":""0.6100"",""taker_side"":""no"",""ticker"":""KXBTC15M-26APR281230-30"",""trade_id"":""be6fc00e-e7ae-45d4-2177-5bdc391c64c0"",""yes_price_dollars"":""0.3900""}"
KXBTC15M-26APR281230-30,a8c01b37-bb63-4055-8e73-794c4daca924,1777392930,0.4,16.99,no,"{""count_fp"":""16.99"",""created_time"":""2026-04-28T16:15:30.803125Z"",""no_price_dollars"":""0.6000"",""taker_side"":""no"",""ticker"":""KXBTC15M-26APR281230-30"",""trade_id"":""a8c01b37-bb63-4055-8e73-794c4daca924"",""yes_price_dollars"":""0.4000""}"
KXBTC15M-26APR281230-30,85d459ed-97e4-6a42-ed87-571f6ac509a3,1777392930,0.41,11.44,yes,"{""count_fp"":""11.44"",""created_time"":""2026-04-28T16:15:30.706375Z"",""no_price_dollars"":""0.5900"",""taker_side"":""yes"",""ticker"":""KXBTC15M-26APR281230-30"",""trade_id"":""85d459ed-97e4-6a42-ed87-571f6ac509a3"",""yes_price_dollars"":""0.4100""}"
KXBTC15M-26APR281230-30,35824b06-161c-589e-83d7-7e8745a2f4ab,1777392930,0.41,2.28,yes,"{""count_fp"":""2.28"",""created_time"":""2026-04-28T16:15:30.468005Z"",""no_price_dollars"":""0.5900"",""taker_side"":""yes"",""ticker"":""KXBTC15M-26APR281230-30"",""trade_id"":""35824b06-161c-589e-83d7-7e8745a2f4ab"",""yes_price_dollars"":""0.4100""}"
KXBTC15M-26APR281230-30,d4dc04dd-7e10-5211-2618-a0844a418156,1777392930,0.4,27.72,no,"{""count_fp"":""27.72"",""created_time"":""2026-04-28T16:15:30.205302Z"",""no_price_dollars"":""0.6000"",""taker_side"":""no"",""ticker"":""KXBTC15M-26APR281230-30"",""trade_id"":""d4dc04dd-7e10-5211-2618-a0844a418156"",""yes_price_dollars"":""0.4000""}"
KXBTC15M-26APR281230-30,88558cfc-d54b-5d0d-2223-ca98fa264648,1777392930,0.4,2.91,no,"{""count_fp"":""2.91"",""created_time"":""2026-04-28T16:15:30.205302Z"",""no_price_dollars"":""0.6000"",""taker_side"":""no"",""ticker"":""KXBTC15M-26APR281230-30"",""trade_id"":""88558cfc-d54b-5d0d-2223-ca98fa264648"",""yes_price_dollars"":""0.4000""}"
KXBTC15M-26APR281230-30,1f2ebbd5-2c63-5efc-05d3-2f20185ad3c9,1777392930,0.4,1.0,no,"{""count_fp"":""1.00"",""created_time"":""2026-04-28T16:15:30.205302Z"",""no_price_dollars"":""0.6000"",""taker_side"":""no"",""ticker"":""KXBTC15M-26APR281230-30"",""trade_id"":""1f2ebbd5-2c63-5efc-05d3-2f20185ad3c9"",""yes_price_dollars"":""0.4000""}"
KXBTC15M-26APR281230-30,ad8e5da4-4168-7c25-4aef-d8fe0265d52a,1777392930,0.4,25.83,no,"{""count_fp"":""25.83"",""created_time"":""2026-04-28T16:15:30.185322Z"",""no_price_dollars"":""0.6000"",""taker_side"":""no"",""ticker"":""KXBTC15M-26APR281230-30"",""trade_id"":""ad8e5da4-4168-7c25-4aef-d8fe0265d52a"",""yes_price_dollars"":""0.4000""}"
KXBTC15M-26APR281230-30,c5a80934-93ce-54ff-5e73-c70bdcdc9ff5,1777392931,0.39,4.22,no,"{""count_fp"":""4.22"",""created_time"":""2026-04-28T16:15:31.996584Z"",""no_price_dollars"":""0.6100"",""taker_side"":""no"",""ticker"":""KXBTC15M-26APR281230-30"",""trade_id"":""c5a80934-93ce-54ff-5e73-c70bdcdc9ff5"",""yes_price_dollars"":""0.3900""}"
KXBTC15M-26APR281230-30,9d9ccf95-7de3-5fbc-569c-16da5ce89b18,1777392931,0.39,4.0,no,"{""count_fp"":""4.00"",""created_time"":""2026-04-28T16:15:31.996584Z"",""no_price_dollars"":""0.6100"",""taker_side"":""no"",""ticker"":""KXBTC15M-26APR281230-30"",""trade_id"":""9d9ccf95-7de3-5fbc-569c-16da5ce89b18"",""yes_price_dollars"":""0.3900""}"
KXBTC15M-26APR281230-30,532d14ea-5b33-5c9f-540e-459cc18cc879,1777392931,0.39,30.0,no,"{""count_fp"":""30.00"",""created_time"":""2026-04-28T16:15:31.996584Z"",""no_price_dollars"":""0.6100"",""taker_side"":""no"",""ticker"":""KXBTC15M-26APR281230-30"",""trade_id"":""532d14ea-5b33-5c9f-540e-459cc18cc879"",""yes_price_dollars"":""0.3900""}"
KXBTC15M-26APR281230-30,9ecf9c2b-fc26-7cfb-6002-ec25a7294b7d,1777392931,0.39,5.78,no,"{""count_fp"":""5.78"",""created_time"":""2026-04-28T16:15:31.994356Z"",""no_price_dollars"":""0.6100"",""taker_side"":""no"",""ticker"":""KXBTC15M-26APR281230-30"",""trade_id"":""9ecf9c2b-fc26-7cfb-6002-ec25a7294b7d"",""yes_price_dollars"":""0.3900""}"
KXBTC15M-26APR281230-30,228ec320-c13a-71dc-60ff-496da7dc6928,1777392931,0.39,29.35,no,"{""count_fp"":""29.35"",""created_time"":""2026-04-28T16:15:31.994356Z"",""no_price_dollars"":""0.6100"",""taker_side"":""no"",""ticker"":""KXBTC15M-26APR281230-30"",""trade_id"":""228ec320-c13a-71dc-60ff-496da7dc6928"",""yes_price_dollars"":""0.3900""}"
KXBTC15M-26APR281230-30,a93dd877-ee16-7a80-6c7d-059656ddc600,1777392931,0.39,1.0,no,"{""count_fp"":""1.00"",""created_time"":""2026-04-28T16:15:31.981935Z"",""no_price_dollars"":""0.6100"",""taker_side"":""no"",""ticker"":""KXBTC15M-26APR281230-30"",""trade_id"":""a93dd877-ee16-7a80-6c7d-059656ddc600"",""yes_price_dollars"":""0.3900""}"
KXBTC15M-26APR281230-30,576ab816-6ffe-7048-4fce-dea3388eded0,1777392931,0.39,54.03,no,"{""count_fp"":""54.03"",""created_time"":""2026-04-28T16:15:31.975876Z"",""no_price_dollars"":""0.6100"",""taker_side"":""no"",""ticker"":""KXBTC15M-26APR281230-30"",""trade_id"":""576ab816-6ffe-7048-4fce-dea3388eded0"",""yes_price_dollars"":""0.3900""}"
KXBTC15M-26APR281230-30,31c9c7d5-f02e-54ab-10c4-b9645a028ccf,1777392931,0.4,23.42,yes,"{""count_fp"":""23.42"",""created_time"":""2026-04-28T16:15:31.969842Z"",""no_price_dollars"":""0.6000"",""taker_side"":""yes"",""ticker"":""KXBTC15M-26APR281230-30"",""trade_id"":""31c9c7d5-f02e-54ab-10c4-b9645a028ccf"",""yes_price_dollars"":""0.4000""}"
KXBTC15M-26APR281230-30,360ab93f-0dc6-4634-a048-ce8ba5c48764,1777392931,0.39,25.38,no,"{""count_fp"":""25.38"",""created_time"":""2026-04-28T16:15:31.953044Z"",""no_price_dollars"":""0.6100"",""taker_side"":""no"",""ticker"":""KXBTC15M-26APR281230-30"",""trade_id"":""360ab93f-0dc6-4634-a048-ce8ba5c48764"",""yes_price_dollars"":""0.3900""}"
KXBTC15M-26APR281230-30,26f80c08-10ed-469a-5b7b-ee0bb895793b,1777392931,0.41,58.55,yes,"{""count_fp"":""58.55"",""created_time"":""2026-04-28T16:15:31.455639Z"",""no_price_dollars"":""0.5900"",""taker_side"":""yes"",""ticker"":""KXBTC15M-26APR281230-30"",""trade_id"":""26f80c08-10ed-469a-5b7b-ee0bb895793b"",""yes_price_dollars"":""0.4100""}"
KXBTC15M-26APR281230-30,ba5e1d08-ced1-6cba-0ddc-39edafd194c3,1777392931,0.41,150.6,yes,"{""count_fp"":""150.60"",""created_time"":""2026-04-28T16:15:31.375518Z"",""no_price_dollars"":""0.5900"",""taker_side"":""yes"",""ticker"":""KXBTC15M-26APR281230-30"",""trade_id"":""ba5e1d08-ced1-6cba-0ddc-39edafd194c3"",""yes_price_dollars"":""0.4100""}"
KXBTC15M-26APR281230-30,b0168f82-d7ef-6f4a-0790-d103c4b85cfb,1777392931,0.4,478.0,yes,"{""count_fp"":""478.00"",""created_time"":""2026-04-28T16:15:31.375518Z"",""no_price_dollars"":""0.6000"",""taker_side"":""yes"",""ticker"":""KXBTC15M-26APR281230-30"",""trade_id"":""b0168f82-d7ef-6f4a-0790-d103c4b85cfb"",""yes_price_dollars"":""0.4000""}"
KXBTC15M-26APR281230-30,7c4e0c4f-fabc-694e-02a3-c5f057667df3,1777392931,0.41,14.57,yes,"{""count_fp"":""14.57"",""created_time"":""2026-04-28T16:15:31.375518Z"",""no_price_dollars"":""0.5900"",""taker_side"":""yes"",""ticker"":""KXBTC15M-26APR281230-30"",""trade_id"":""7c4e0c4f-fabc-694e-02a3-c5f057667df3"",""yes_price_dollars"":""0.4100""}"
KXBTC15M-26APR281230-30,652c2ac6-7bd4-6e06-389f-5b88e9646da1,1777392931,0.4,40.0,yes,"{""count_fp"":""40.00"",""created_time"":""2026-04-28T16:15:31.375518Z"",""no_price_dollars"":""0.6000"",""taker_side"":""yes"",""ticker"":""KXBTC15M-26APR281230-30"",""trade_id"":""652c2ac6-7bd4-6e06-389f-5b88e9646da1"",""yes_price_dollars"":""0.4000""}"
KXBTC15M-26APR281230-30,96faa051-9d4f-495e-8b48-e51f735a1a6b,1777392931,0.4,20.0,yes,"{""count_fp"":""20.00"",""created_time"":""2026-04-28T16:15:31.337086Z"",""no_price_dollars"":""0.6000"",""taker_side"":""yes"",""ticker"":""KXBTC15M-26APR281230-30"",""trade_id"":""96faa051-9d4f-495e-8b48-e51f735a1a6b"",""yes_price_dollars"":""0.4000""}"
KXBTC15M-26APR281230-30,4d7ee579-4e2d-7f51-461b-c4a49116b82b,1777392932,0.39,9.36,yes,"{""count_fp"":""9.36"",""created_time"":""2026-04-28T16:15:32.818927Z"",""no_price_dollars"":""0.6100"",""taker_side"":""yes"",""ticker"":""KXBTC15M-26APR281230-30"",""trade_id"":""4d7ee579-4e2d-7f51-461b-c4a49116b82b"",""yes_price_dollars"":""0.3900""}"
KXBTC15M-26APR281230-30,e3cf54e4-f396-6c4c-35d7-ccfd63056dbd,1777392932,0.4,41.97,yes,"{""count_fp"":""41.97"",""created_time"":""2026-04-28T16:15:32.003159Z"",""no_price_dollars"":""0.6000"",""taker_side"":""yes"",""ticker"":""KXBTC15M-26APR281230-30"",""trade_id"":""e3cf54e4-f396-6c4c-35d7-ccfd63056dbd"",""yes_price_dollars"":""0.4000""}"
KXBTC15M-26APR281230-30,09c9909e-f9aa-6e9f-2b8f-812238c9948f,1777392932,0.4,16.58,yes,"{""count_fp"":""16.58"",""created_time"":""2026-04-28T16:15:32.003159Z"",""no_price_dollars"":""0.6000"",""taker_side"":""yes"",""ticker"":""KXBTC15M-26APR281230-30"",""trade_id"":""09c9909e-f9aa-6e9f-2b8f-812238c9948f"",""yes_price_dollars"":""0.4000""}"
KXBTC15M-26APR281230-30,ede10e26-0ffe-6f64-78ea-bc8aa827a775,1777392933,0.39,2.18,yes,"{""count_fp"":""2.18"",""created_time"":""2026-04-28T16:15:33.902041Z"",""no_price_dollars"":""0.6100"",""taker_side"":""yes"",""ticker"":""KXBTC15M-26APR281230-30"",""trade_id"":""ede10e26-0ffe-6f64-78ea-bc8aa827a775"",""yes_price_dollars"":""0.3900""}"
KXBTC15M-26APR281230-30,68870bdc-7242-4014-1402-98efcdd3c099,1777392933,0.39,46.84,yes,"{""count_fp"":""46.84"",""created_time"":""2026-04-28T16:15:33.834731Z"",""no_price_dollars"":""0.6100"",""taker_side"":""yes"",""ticker"":""KXBTC15M-26APR281230-30"",""trade_id"":""68870bdc-7242-4014-1402-98efcdd3c099"",""yes_price_dollars"":""0.3900""}"
KXBTC15M-26APR281230-30,c74e1a6d-636a-5190-154b-5ac2483e0bad,1777392933,0.39,227.25,yes,"{""count_fp"":""227.25"",""created_time"":""2026-04-28T16:15:33.779782Z"",""no_price_dollars"":""0.6100"",""taker_side"":""yes"",""ticker"":""KXBTC15M-26APR281230-30"",""trade_id"":""c74e1a6d-636a-5190-154b-5ac2483e0bad"",""yes_price_dollars"":""0.3900""}"
KXBTC15M-26APR281230-30,8c20e07b-b445-55a1-38da-90c58b41df0b,1777392933,0.39,18.65,yes,"{""count_fp"":""18.65"",""created_time"":""2026-04-28T16:15:33.779782Z"",""no_price_dollars"":""0.6100"",""taker_side"":""yes"",""ticker"":""KXBTC15M-26APR281230-30"",""trade_id"":""8c20e07b-b445-55a1-38da-90c58b41df0b"",""yes_price_dollars"":""0.3900""}"
KXBTC15M-26APR281230-30,0ea41881-012d-56c5-1db6-e77340646383,1777392933,0.39,11.99,yes,"{""count_fp"":""11.99"",""created_time"":""2026-04-28T16:15:33.227598Z"",""no_price_dollars"":""0.6100"",""taker_side"":""yes"",""ticker"":""KXBTC15M-26APR281230-30"",""trade_id"":""0ea41881-012d-56c5-1db6-e77340646383"",""yes_price_dollars"":""0.3900""}"
KXBTC15M-26APR281230-30,ad07fb8b-eb27-5f25-4971-b20ead74e4dc,1777392934,0.38,57.19,yes,"{""count_fp"":""57.19"",""created_time"":""2026-04-28T16:15:34.775389Z"",""no_price_dollars"":""0.6200"",""taker_side"":""yes"",""ticker"":""KXBTC15M-26APR281230-30"",""trade_id"":""ad07fb8b-eb27-5f25-4971-b20ead74e4dc"",""yes_price_dollars"":""0.3800""}"
KXBTC15M-26APR281230-30,4c298345-aa42-547f-6a6a-9f9e1709eb47,1777392934,0.38,5.73,yes,"{""count_fp"":""5.73"",""created_time"":""2026-04-28T16:15:34.775389Z"",""no_price_dollars"":""0.6200"",""taker_side"":""yes"",""ticker"":""KXBTC15M-26APR281230-30"",""trade_id"":""4c298345-aa42-547f-6a6a-9f9e1709eb47"",""yes_price_dollars"":""0.3800""}"
KXBTC15M-26APR281230-30,417d7e5f-efac-5c73-579d-3ccdb662c782,1777392934,0.38,3.0,yes,"{""count_fp"":""3.00"",""created_time"":""2026-04-28T16:15:34.775389Z"",""no_price_dollars"":""0.6200"",""taker_side"":""yes"",""ticker"":""KXBTC15M-26APR281230-30"",""trade_id"":""417d7e5f-efac-5c73-579d-3ccdb662c782"",""yes_price_dollars"":""0.3800""}"
KXBTC15M-26APR281230-30,3aee2b76-a139-576f-7906-e60208e75e44,1777392934,0.38,22.0,yes,"{""count_fp"":""22.00"",""created_time"":""2026-04-28T16:15:34.775389Z"",""no_price_dollars"":""0.6200"",""taker_side"":""yes"",""ticker"":""KXBTC15M-26APR281230-30"",""trade_id"":""3aee2b76-a139-576f-7906-e60208e75e44"",""yes_price_dollars"":""0.3800""}"
KXBTC15M-26APR281230-30,350ca0b3-3ce1-5eeb-6a77-543e5f2759f4,1777392934,0.38,40.0,yes,"{""count_fp"":""40.00"",""created_time"":""2026-04-28T16:15:34.775389Z"",""no_price_dollars"":""0.6200"",""taker_side"":""yes"",""ticker"":""KXBTC15M-26APR281230-30"",""trade_id"":""350ca0b3-3ce1-5eeb-6a77-543e5f2759f4"",""yes_price_dollars"":""0.3800""}"
KXBTC15M-26APR281230-30,332db50f-bf33-5bad-7801-2ed6cd7000db,1777392934,0.38,112.0,yes,"{""count_fp"":""112.00"",""created_time"":""2026-04-28T16:15:34.775389Z"",""no_price_dollars"":""0.6200"",""taker_side"":""yes"",""ticker"":""KXBTC15M-26APR281230-30"",""trade_id"":""332db50f-bf33-5bad-7801-2ed6cd7000db"",""yes_price_dollars"":""0.3800""}"
KXBTC15M-26APR281230-30,cc60ed99-6982-7ebf-c699-87821469dcb3,1777392934,0.38,494.27,yes,"{""count_fp"":""494.27"",""created_time"":""2026-04-28T16:15:34.595772Z"",""no_price_dollars"":""0.6200"",""taker_side"":""yes"",""ticker"":""KXBTC15M-26APR281230-30"",""trade_id"":""cc60ed99-6982-7ebf-c699-87821469dcb3"",""yes_price_dollars"":""0.3800""}"
KXBTC15M-26APR281230-30,b7b8122b-fd82-7da3-691b-3b0454b9e4f0,1777392934,0.38,30.0,no,"{""count_fp"":""30.00"",""created_time"":""2026-04-28T16:15:34.356801Z"",""no_price_dollars"":""0.6200"",""taker_side"":""no"",""ticker"":""KXBTC15M-26APR281230-30"",""trade_id"":""b7b8122b-fd82-7da3-691b-3b0454b9e4f0"",""yes_price_dollars"":""0.3800""}"
KXBTC15M-26APR281230-30,8c0ee4cf-d0a3-7f0e-6e0b-31283ebb1f84,1777392934,0.38,66.03,no,"{""count_fp"":""66.03"",""created_time"":""2026-04-28T16:15:34.356801Z"",""no_price_dollars"":""0.6200"",""taker_side"":""no"",""ticker"":""KXBTC15M-26APR281230-30"",""trade_id"":""8c0ee4cf-d0a3-7f0e-6e0b-31283ebb1f84"",""yes_price_dollars"":""0.3800""}"
KXBTC15M-26APR281230-30,50a44064-4e13-7bc9-6792-d620e4127150,1777392934,0.38,2.0,no,"{""count_fp"":""2.00"",""created_time"":""2026-04-28T16:15:34.356801Z"",""no_price_dollars"":""0.6200"",""taker_side"":""no"",""ticker"":""KXBTC15M-26APR281230-30"",""trade_id"":""50a44064-4e13-7bc9-6792-d620e4127150"",""yes_price_dollars"":""0.3800""}"
KXBTC15M-26APR281230-30,3dd0e51e-74a6-700a-774b-a490bb7b6cda,1777392934,0.38,40.0,no,"{""count_fp"":""40.00"",""created_time"":""2026-04-28T16:15:34.356801Z"",""no_price_dollars"":""0.6200"",""taker_side"":""no"",""ticker"":""KXBTC15M-26APR281230-30"",""trade_id"":""3dd0e51e-74a6-700a-774b-a490bb7b6cda"",""yes_price_dollars"":""0.3800""}"
KXBTC15M-26APR281230-30,2992a13a-9b7a-78c4-7e37-c2dde5c6f940,1777392934,0.38,4.0,no,"{""count_fp"":""4.00"",""created_time"":""2026-04-28T16:15:34.356801Z"",""no_price_dollars"":""0.6200"",""taker_side"":""no"",""ticker"":""KXBTC15M-26APR281230-30"",""trade_id"":""2992a13a-9b7a-78c4-7e37-c2dde5c6f940"",""yes_price_dollars"":""0.3800""}"
KXBTC15M-26APR281230-30,407b430e-b05b-44e6-3622-bc0975feacd8,1777392934,0.38,50.27,no,"{""count_fp"":""50.27"",""created_time"":""2026-04-28T16:15:34.278347Z"",""no_price_dollars"":""0.6200"",""taker_side"":""no"",""ticker"":""KXBTC15M-26APR281230-30"",""trade_id"":""407b430e-b05b-44e6-3622-bc0975feacd8"",""yes_price_dollars"":""0.3800""}"
KXBTC15M-26APR281230-30,66369801-0f73-41ed-657c-5971f84e47dd,1777392934,0.39,63.93,yes,"{""count_fp"":""63.93"",""created_time"":""2026-04-28T16:15:34.254838Z"",""no_price_dollars"":""0.6100"",""taker_side"":""yes"",""ticker"":""KXBTC15M-26APR281230-30"",""trade_id"":""66369801-0f73-41ed-657c-5971f84e47dd"",""yes_price_dollars"":""0.3900""}"
KXBTC15M-26APR281230-30,4901aa54-3c9f-4b55-a450-d143579e230d,1777392934,0.39,336.92,yes,"{""count_fp"":""336.92"",""created_time"":""2026-04-28T16:15:34.199944Z"",""no_price_dollars"":""0.6100"",""taker_side"":""yes"",""ticker"":""KXBTC15M-26APR281230-30"",""trade_id"":""4901aa54-3c9f-4b55-a450-d143579e230d"",""yes_price_dollars"":""0.3900""}"
KXBTC15M-26APR281230-30,1e633771-7a3e-4a20-acce-aeba28800d75,1777392934,0.39,154.88,yes,"{""count_fp"":""154.88"",""created_time"":""2026-04-28T16:15:34.199944Z"",""no_price_dollars"":""0.6100"",""taker_side"":""yes"",""ticker"":""KXBTC15M-26APR281230-30"",""trade_id"":""1e633771-7a3e-4a20-acce-aeba28800d75"",""yes_price_dollars"":""0.3900""}"
KXBTC15M-26APR281230-30,ab5dd0bf-df6b-48d2-b3a3-cd9667e45ca0,1777392934,0.38,7.85,no,"{""count_fp"":""7.85"",""created_time"":""2026-04-28T16:15:34.125355Z"",""no_price_dollars"":""0.6200"",""taker_side"":""no"",""ticker"":""KXBTC15M-26APR281230-30"",""trade_id"":""ab5dd0bf-df6b-48d2-b3a3-cd9667e45ca0"",""yes_price_dollars"":""0.3800""}"
KXBTC15M-26APR281230-30,6316f227-2f8f-5e8e-fa22-e68923d71b74,1777392934,0.38,7.85,no,"{""count_fp"":""7.85"",""created_time"":""2026-04-28T16:15:34.095925Z"",""no_price_dollars"":""0.6200"",""taker_side"":""no"",""ticker"":""KXBTC15M-26APR281230-30"",""trade_id"":""6316f227-2f8f-5e8e-fa22-e68923d71b74"",""yes_price_dollars"":""0.3800""}"
KXBTC15M-26APR281230-30,11308758-814e-69a4-d22f-13c600e213c1,1777392934,0.39,22.88,yes,"{""count_fp"":""22.88"",""created_time"":""2026-04-28T16:15:34.009233Z"",""no_price_dollars"":""0.6100"",""taker_side"":""yes"",""ticker"":""KXBTC15M-26APR281230-30"",""trade_id"":""11308758-814e-69a4-d22f-13c600e213c1"",""yes_price_dollars"":""0.3900""}"
KXBTC15M-26APR281230-30,df1409a2-aa04-5a21-1b0b-e43c3ea3eccc,1777392935,0.38,368.86,yes,"{""count_fp"":""368.86"",""created_time"":""2026-04-28T16:15:35.778846Z"",""no_price_dollars"":""0.6200"",""taker_side"":""yes"",""ticker"":""KXBTC15M-26APR281230-30"",""trade_id"":""df1409a2-aa04-5a21-1b0b-e43c3ea3eccc"",""yes_price_dollars"":""0.3800""}"
KXBTC15M-26APR281230-30,15736c1f-e6d4-739d-aaba-7eb0e848b17c,1777392935,0.37,10.0,no,"{""count_fp"":""10.00"",""created_time"":""2026-04-28T16:15:35.564047Z"",""no_price_dollars"":""0.6300"",""taker_side"":""no"",""ticker"":""KXBTC15M-26APR281230-30"",""trade_id"":""15736c1f-e6d4-739d-aaba-7eb0e848b17c"",""yes_price_dollars"":""0.3700""}"
KXBTC15M-26APR281230-30,86153a51-ce3c-6ce1-aaa2-d3a2a0f70720,1777392935,0.37,10.0,no,"{""count_fp"":""10.00"",""created_time"":""2026-04-28T16:15:35.524113Z"",""no_price_dollars"":""0.6300"",""taker_side"":""no"",""ticker"":""KXBTC15M-26APR281230-30"",""trade_id"":""86153a51-ce3c-6ce1-aaa2-d3a2a0f70720"",""yes_price_dollars"":""0.3700""}"
KXBTC15M-26APR281230-30,063b2211-9818-6a65-a4b2-fba2c7e78bc0,1777392935,0.38,7.02,yes,"{""count_fp"":""7.02"",""created_time"":""2026-04-28T16:15:35.184591Z"",""no_price_dollars"":""0.6200"",""taker_side"":""yes"",""ticker"":""KXBTC15M-26APR281230-30"",""trade_id"":""063b2211-9818-6a65-a4b2-fba2c7e78bc0"",""yes_price_dollars"":""0.3800""}"
KXBTC15M-26APR281230-30,76b569ee-ecd8-50e5-437a-0d02df3b3f50,1777392935,0.38,65.34,yes,"{""count_fp"":""65.34"",""created_time"":""2026-04-28T16:15:35.049691Z"",""no_price_dollars"":""0.6200"",""taker_side"":""yes"",""ticker"":""KXBTC15M-26APR281230-30"",""trade_id"":""76b569ee-ecd8-50e5-437a-0d02df3b3f50"",""yes_price_dollars"":""0.3800""}"
KXBTC15M-26APR281230-30,49571a65-9df6-5eae-7cbd-f8e2b1df580a,1777392935,0.38,5.0,yes,"{""count_fp"":""5.00"",""created_time"":""2026-04-28T16:15:35.049691Z"",""no_price_dollars"":""0.6200"",""taker_side"":""yes"",""ticker"":""KXBTC15M-26APR281230-30"",""trade_id"":""49571a65-9df6-5eae-7cbd-f8e2b1df580a"",""yes_price_dollars"":""0.3800""}"
KXBTC15M-26APR281230-30,2d2d2b70-2608-5eb4-74bc-77f6f5017894,1777392935,0.38,40.0,yes,"{""count_fp"":""40.00"",""created_time"":""2026-04-28T16:15:35.049691Z"",""no_price_dollars"":""0.6200"",""taker_side"":""yes"",""ticker"":""KXBTC15M-26APR281230-30"",""trade_id"":""2d2d2b70-2608-5eb4-74bc-77f6f5017894"",""yes_price_dollars"":""0.3800""}"
KXBTC15M-26APR281230-30,19574fbc-7373-576a-457f-e7dca9103dcf,1777392935,0.38,12.61,yes,"{""count_fp"":""12.61"",""created_time"":""2026-04-28T16:15:35.049691Z"",""no_price_dollars"":""0.6200"",""taker_side"":""yes"",""ticker"":""KXBTC15M-26APR281230-30"",""trade_id"":""19574fbc-7373-576a-457f-e7dca9103dcf"",""yes_price_dollars"":""0.3800""}"
KXBTC15M-26APR281230-30,c268a463-773c-5c75-e246-3198b4ab5e2c,1777392936,0.38,25.22,yes,"{""count_fp"":""25.22"",""created_time"":""2026-04-28T16:15:36.252899Z"",""no_price_dollars"":""0.6200"",""taker_side"":""yes"",""ticker"":""KXBTC15M-26APR281230-30"",""trade_id"":""c268a463-773c-5c75-e246-3198b4ab5e2c"",""yes_price_dollars"":""0.3800""}"
KXBTC15M-26APR281230-30,9a94ef36-ecb4-7b69-dc84-be73d54129a0,1777392936,0.37,1.0,no,"{""count_fp"":""1.00"",""created_time"":""2026-04-28T16:15:36.078272Z"",""no_price_dollars"":""0.6300"",""taker_side"":""no"",""ticker"":""KXBTC15M-26APR281230-30"",""trade_id"":""9a94ef36-ecb4-7b69-dc84-be73d54129a0"",""yes_price_dollars"":""0.3700""}"
KXBTC15M-26APR281230-30,203ce8a9-62c0-40a3-fbd4-68dd05a91c27,1777392937,0.38,43.95,yes,"{""count_fp"":""43.95"",""created_time"":""2026-04-28T16:15:37.973607Z"",""no_price_dollars"":""0.6200"",""taker_side"":""yes"",""ticker"":""KXBTC15M-26APR281230-30"",""trade_id"":""203ce8a9-62c0-40a3-fbd4-68dd05a91c27"",""yes_price_dollars"":""0.3800""}"
KXBTC15M-26APR281230-30,eae9e9b8-00ec-5fdd-1212-9983a0285330,1777392937,0.37,7.73,no,"{""count_fp"":""7.73"",""created_time"":""2026-04-28T16:15:37.783107Z"",""no_price_dollars"":""0.6300"",""taker_side"":""no"",""ticker"":""KXBTC15M-26APR281230-30"",""trade_id"":""eae9e9b8-00ec-5fdd-1212-9983a0285330"",""yes_price_dollars"":""0.3700""}"
KXBTC15M-26APR281230-30,f729d915-0e91-7549-8c8f-a9adbf7d1dc2,1777392937,0.38,5.04,yes,"{""count_fp"":""5.04"",""created_time"":""2026-04-28T16:15:37.107787Z"",""no_price_dollars"":""0.6200"",""taker_side"":""yes"",""ticker"":""KXBTC15M-26APR281230-30"",""trade_id"":""f729d915-0e91-7549-8c8f-a9adbf7d1dc2"",""yes_price_dollars"":""0.3800""}"
KXBTC15M-26APR281230-30,b4228cfb-1418-73f1-6332-c2fbb834174c,1777392937,0.38,16.35,yes,"{""count_fp"":""16.35"",""created_time"":""2026-04-28T16:15:37.089971Z"",""no_price_dollars"":""0.6200"",""taker_side"":""yes"",""ticker"":""KXBTC15M-26APR281230-30"",""trade_id"":""b4228cfb-1418-73f1-6332-c2fbb834174c"",""yes_price_dollars"":""0.3800""}"
KXBTC15M-26APR281230-30,000d9a3a-c85d-7261-6914-e2190418275e,1777392937,0.38,8.86,yes,"{""count_fp"":""8.86"",""created_time"":""2026-04-28T16:15:37.089971Z"",""no_price_dollars"":""0.6200"",""taker_side"":""yes"",""ticker"":""KXBTC15M-26APR281230-30"",""trade_id"":""000d9a3a-c85d-7261-6914-e2190418275e"",""yes_price_dollars"":""0.3800""}"
KXBTC15M-26APR281230-30,17de68a7-8b59-615b-42f3-98ffb3e3d662,1777392938,0.37,5.04,yes,"{""count_fp"":""5.04"",""created_time"":""2026-04-28T16:15:38.905415Z"",""no_price_dollars"":""0.6300"",""taker_side"":""yes"",""ticker"":""KXBTC15M-26APR281230-30"",""trade_id"":""17de68a7-8b59-615b-42f3-98ffb3e3d662"",""yes_price_dollars"":""0.3700""}"
KXBTC15M-26APR281230-30,b3181608-fd8e-4eba-cc68-70849dc3ded9,1777392938,0.36,7.22,no,"{""count_fp"":""7.22"",""created_time"":""2026-04-28T16:15:38.832077Z"",""no_price_dollars"":""0.6400"",""taker_side"":""no"",""ticker"":""KXBTC15M-26APR281230-30"",""trade_id"":""b3181608-fd8e-4eba-cc68-70849dc3ded9"",""yes_price_dollars"":""0.3600""}"
KXBTC15M-26APR281230-30,ef47edf3-8562-748e-1f46-a66f7f6e2501,1777392938,0.36,26.3,no,"{""count_fp"":""26.30"",""created_time"":""2026-04-28T16:15:38.660268Z"",""no_price_dollars"":""0.6400"",""taker_side"":""no"",""ticker"":""KXBTC15M-26APR281230-30"",""trade_id"":""ef47edf3-8562-748e-1f46-a66f7f6e2501"",""yes_price_dollars"":""0.3600""}"
KXBTC15M-26APR281230-30,c392546e-224e-5c92-88ad-38dd48757ebd,1777392938,0.36,45.54,no,"{""count_fp"":""45.54"",""created_time"":""2026-04-28T16:15:38.659436Z"",""no_price_dollars"":""0.6400"",""taker_side"":""no"",""ticker"":""KXBTC15M-26APR281230-30"",""trade_id"":""c392546e-224e-5c92-88ad-38dd48757ebd"",""yes_price_dollars"":""0.3600""}"
KXBTC15M-26APR281230-30,f8f02ba4-4949-71c2-f158-b0ee38e74dbf,1777392938,0.38,800.0,yes,"{""count_fp"":""800.00"",""created_time"":""2026-04-28T16:15:38.644125Z"",""no_price_dollars"":""0.6200"",""taker_side"":""yes"",""ticker"":""KXBTC15M-26APR281230-30"",""trade_id"":""f8f02ba4-4949-71c2-f158-b0ee38e74dbf"",""yes_price_dollars"":""0.3800""}"
KXBTC15M-26APR281230-30,b644c8ac-a0df-7155-deb4-c02d1c87913d,1777392938,0.38,414.31,yes,"{""count_fp"":""414.31"",""created_time"":""2026-04-28T16:15:38.644125Z"",""no_price_dollars"":""0.6200"",""taker_side"":""yes"",""ticker"":""KXBTC15M-26APR281230-30"",""trade_id"":""b644c8ac-a0df-7155-deb4-c02d1c87913d"",""yes_price_dollars"":""0.3800""}"
KXBTC15M-26APR281230-30,438d092b-57ff-7d36-e49e-6d7e927c231f,1777392938,0.38,1.74,yes,"{""count_fp"":""1.74"",""created_time"":""2026-04-28T16:15:38.644125Z"",""no_price_dollars"":""0.6200"",""taker_side"":""yes"",""ticker"":""KXBTC15M-26APR281230-30"",""trade_id"":""438d092b-57ff-7d36-e49e-6d7e927c231f"",""yes_price_dollars"":""0.3800""}"
KXBTC15M-26APR281230-30,0d683b70-a27f-78ae-f34d-6b85b9046ab9,1777392938,0.37,40.0,yes,"{""count_fp"":""40.00"",""created_time"":""2026-04-28T16:15:38.644125Z"",""no_price_dollars"":""0.6300"",""taker_side"":""yes"",""ticker"":""KXBTC15M-26APR281230-30"",""trade_id"":""0d683b70-a27f-78ae-f34d-6b85b9046ab9"",""yes_price_dollars"":""0.3700""}"
KXBTC15M-26APR281230-30,05e450c8-d8ba-7be0-f999-a6e59ab5487a,1777392938,0.38,5.0,yes,"{""count_fp"":""5.00"",""created_time"":""2026-04-28T16:15:38.644125Z"",""no_price_dollars"":""0.6200"",""taker_side"":""yes"",""ticker"":""KXBTC15M-26APR281230-30"",""trade_id"":""05e450c8-d8ba-7be0-f999-a6e59ab5487a"",""yes_price_dollars"":""0.3800""}"
KXBTC15M-26APR281230-30,c8bb7217-15e2-7aca-0e98-3436189273e1,1777392938,0.36,1.0,no,"{""count_fp"":""1.00"",""created_time"":""2026-04-28T16:15:38.637659Z"",""no_price_dollars"":""0.6400"",""taker_side"":""no"",""ticker"":""KXBTC15M-26APR281230-30"",""trade_id"":""c8bb7217-15e2-7aca-0e98-3436189273e1"",""yes_price_dollars"":""0.3600""}"
KXBTC15M-26APR281230-30,8c31660c-c6b4-6e20-7fc0-eb101f0dc5c5,1777392938,0.37,10.0,no,"{""count_fp"":""10.00"",""created_time"":""2026-04-28T16:15:38.620402Z"",""no_price_dollars"":""0.6300"",""taker_side"":""no"",""ticker"":""KXBTC15M-26APR281230-30"",""trade_id"":""8c31660c-c6b4-6e20-7fc0-eb101f0dc5c5"",""yes_price_dollars"":""0.3700""}"
KXBTC15M-26APR281230-30,23fccd65-38e2-691c-6b4d-38779bcb61e3,1777392938,0.37,112.0,no,"{""count_fp"":""112.00"",""created_time"":""2026-04-28T16:15:38.620402Z"",""no_price_dollars"":""0.6300"",""taker_side"":""no"",""ticker"":""KXBTC15M-26APR281230-30"",""trade_id"":""23fccd65-38e2-691c-6b4d-38779bcb61e3"",""yes_price_dollars"":""0.3700""}"
KXBTC15M-26APR281230-30,0183e418-dca1-6b26-6d44-1ce6ac09fa2a,1777392938,0.37,13.8,no,"{""count_fp"":""13.80"",""created_time"":""2026-04-28T16:15:38.620402Z"",""no_price_dollars"":""0.6300"",""taker_side"":""no"",""ticker"":""KXBTC15M-26APR281230-30"",""trade_id"":""0183e418-dca1-6b26-6d44-1ce6ac09fa2a"",""yes_price_dollars"":""0.3700""}"
KXBTC15M-26APR281230-30,82454b5e-90ae-7110-772a-6e93103b88da,1777392938,0.37,4.0,no,"{""count_fp"":""4.00"",""created_time"":""2026-04-28T16:15:38.608712Z"",""no_price_dollars"":""0.6300"",""taker_side"":""no"",""ticker"":""KXBTC15M-26APR281230-30"",""trade_id"":""82454b5e-90ae-7110-772a-6e93103b88da"",""yes_price_dollars"":""0.3700""}"
KXBTC15M-26APR281230-30,64c74085-736d-78be-5274-f060e49f9086,1777392938,0.37,16.2,no,"{""count_fp"":""16.20"",""created_time"":""2026-04-28T16:15:38.608712Z"",""no_price_dollars"":""0.6300"",""taker_side"":""no"",""ticker"":""KXBTC15M-26APR281230-30"",""trade_id"":""64c74085-736d-78be-5274-f060e49f9086"",""yes_price_dollars"":""0.3700""}"
KXBTC15M-26APR281230-30,4b152032-84a7-7918-7c6f-81662727a314,1777392938,0.37,10.0,no,"{""count_fp"":""10.00"",""created_time"":""2026-04-28T16:15:38.608712Z"",""no_price_dollars"":""0.6300"",""taker_side"":""no"",""ticker"":""KXBTC15M-26APR281230-30"",""trade_id"":""4b152032-84a7-7918-7c6f-81662727a314"",""yes_price_dollars"":""0.3700""}"
KXBTC15M-26APR281230-30,4035e3be-1ca8-7a29-4088-6b3f18f47ad8,1777392938,0.37,13.2,no,"{""count_fp"":""13.20"",""created_time"":""2026-04-28T16:15:38.608712Z"",""no_price_dollars"":""0.6300"",""taker_side"":""no"",""ticker"":""KXBTC15M-26APR281230-30"",""trade_id"":""4035e3be-1ca8-7a29-4088-6b3f18f47ad8"",""yes_price_dollars"":""0.3700""}"
KXBTC15M-26APR281230-30,6210ced8-2c6c-5ab5-b5ce-b76d3c87ec0c,1777392938,0.37,27.45,no,"{""count_fp"":""27.45"",""created_time"":""2026-04-28T16:15:38.605046Z"",""no_price_dollars"":""0.6300"",""taker_side"":""no"",""ticker"":""KXBTC15M-26APR281230-30"",""trade_id"":""6210ced8-2c6c-5ab5-b5ce-b76d3c87ec0c"",""yes_price_dollars"":""0.3700""}"
KXBTC15M-26APR281230-30,94667cfc-2e84-68e9-d785-d5db32e651e8,1777392938,0.37,38.28,no,"{""count_fp"":""38.28"",""created_time"":""2026-04-28T16:15:38.470845Z"",""no_price_dollars"":""0.6300"",""taker_side"":""no"",""ticker"":""KXBTC15M-26APR281230-30"",""trade_id"":""94667cfc-2e84-68e9-d785-d5db32e651e8"",""yes_price_dollars"":""0.3700""}"
KXBTC15M-26APR281230-30,af899d5f-495b-5ab2-980a-49939ef10383,1777392938,0.38,5.04,yes,"{""count_fp"":""5.04"",""created_time"":""2026-04-28T16:15:38.466991Z"",""no_price_dollars"":""0.6200"",""taker_side"":""yes"",""ticker"":""KXBTC15M-26APR281230-30"",""trade_id"":""af899d5f-495b-5ab2-980a-49939ef10383"",""yes_price_dollars"":""0.3800""}"
KXBTC15M-26APR281230-30,2fd382f9-52b8-6039-800f-208b5e21dfe0,1777392938,0.37,25.34,no,"{""count_fp"":""25.34"",""created_time"":""2026-04-28T16:15:38.459838Z"",""no_price_dollars"":""0.6300"",""taker_side"":""no"",""ticker"":""KXBTC15M-26APR281230-30"",""trade_id"":""2fd382f9-52b8-6039-800f-208b5e21dfe0"",""yes_price_dollars"":""0.3700""}"
KXBTC15M-26APR281230-30,3ca1c96b-770f-7262-36ce-9874d4764d47,1777392938,0.38,25.22,yes,"{""count_fp"":""25.22"",""created_time"":""2026-04-28T16:15:38.400596Z"",""no_price_dollars"":""0.6200"",""taker_side"":""yes"",""ticker"":""KXBTC15M-26APR281230-30"",""trade_id"":""3ca1c96b-770f-7262-36ce-9874d4764d47"",""yes_price_dollars"":""0.3800""}"
