ticker,trade_id,ts,yes_price,count,taker_side,raw_json
KXBTC15M-26APR280845-45,86e6c339-9bf3-74b3-dbd3-e9f8d1019f0b,1777379401,0.5,2.0,yes,"{""count_fp"":""2.00"",""created_time"":""2026-04-28T12:30:01.667242Z"",""no_price_dollars"":""0.5000"",""taker_side"":""yes"",""ticker"":""KXBTC15M-26APR280845-45"",""trade_id"":""86e6c339-9bf3-74b3-dbd3-e9f8d1019f0b"",""yes_price_dollars"":""0.5000""}"
KXBTC15M-26APR280845-45,e2c857b3-a956-5c16-7829-67ed37d47bdd,1777379404,0.5,118.0,no,"{""count_fp"":""118.00"",""created_time"":""2026-04-28T12:30:04.453942Z"",""no_price_dollars"":""0.5000"",""taker_side"":""no"",""ticker"":""KXBTC15M-26APR280845-45"",""trade_id"":""e2c857b3-a956-5c16-7829-67ed37d47bdd"",""yes_price_dollars"":""0.5000""}"
KXBTC15M-26APR280845-45,c45059ce-65b2-5076-5a55-e5f661bf7bba,1777379404,0.5,29.0,no,"{""count_fp"":""29.00"",""created_time"":""2026-04-28T12:30:04.453942Z"",""no_price_dollars"":""0.5000"",""taker_side"":""no"",""ticker"":""KXBTC15M-26APR280845-45"",""trade_id"":""c45059ce-65b2-5076-5a55-e5f661bf7bba"",""yes_price_dollars"":""0.5000""}"
KXBTC15M-26APR280845-45,a39a6e24-87f3-4b4d-1556-29f1535324c1,1777379404,0.51,8.0,yes,"{""count_fp"":""8.00"",""created_time"":""2026-04-28T12:30:04.236045Z"",""no_price_dollars"":""0.4900"",""taker_side"":""yes"",""ticker"":""KXBTC15M-26APR280845-45"",""trade_id"":""a39a6e24-87f3-4b4d-1556-29f1535324c1"",""yes_price_dollars"":""0.5100""}"
KXBTC15M-26APR280845-45,d07a65ce-cdfa-45ff-416b-eb003f4a9ebd,1777379404,0.52,2.0,yes,"{""count_fp"":""2.00"",""created_time"":""2026-04-28T12:30:04.057443Z"",""no_price_dollars"":""0.4800"",""taker_side"":""yes"",""ticker"":""KXBTC15M-26APR280845-45"",""trade_id"":""d07a65ce-cdfa-45ff-416b-eb003f4a9ebd"",""yes_price_dollars"":""0.5200""}"
KXBTC15M-26APR280845-45,9b8689e9-e28d-476b-7391-d68abde3a255,1777379404,0.51,6.0,yes,"{""count_fp"":""6.00"",""created_time"":""2026-04-28T12:30:04.057443Z"",""no_price_dollars"":""0.4900"",""taker_side"":""yes"",""ticker"":""KXBTC15M-26APR280845-45"",""trade_id"":""9b8689e9-e28d-476b-7391-d68abde3a255"",""yes_price_dollars"":""0.5100""}"
KXBTC15M-26APR280845-45,7ef33cb3-9e37-4f8a-55e0-af564c71c78a,1777379404,0.52,2.0,yes,"{""count_fp"":""2.00"",""created_time"":""2026-04-28T12:30:04.057443Z"",""no_price_dollars"":""0.4800"",""taker_side"":""yes"",""ticker"":""KXBTC15M-26APR280845-45"",""trade_id"":""7ef33cb3-9e37-4f8a-55e0-af564c71c78a"",""yes_price_dollars"":""0.5200""}"
KXBTC15M-26APR280845-45,4004d457-d130-4605-59e5-195e908afa0b,1777379404,0.52,2.0,yes,"{""count_fp"":""2.00"",""created_time"":""2026-04-28T12:30:04.057443Z"",""no_price_dollars"":""0.4800"",""taker_side"":""yes"",""ticker"":""KXBTC15M-26APR280845-45"",""trade_id"":""4004d457-d130-4605-59e5-195e908afa0b"",""yes_price_dollars"":""0.5200""}"
KXBTC15M-26APR280845-45,3bf8e297-9003-40b3-7fe9-e44a53725e56,1777379404,0.52,8.0,yes,"{""count_fp"":""8.00"",""created_time"":""2026-04-28T12:30:04.057443Z"",""no_price_dollars"":""0.4800"",""taker_side"":""yes"",""ticker"":""KXBTC15M-26APR280845-45"",""trade_id"":""3bf8e297-9003-40b3-7fe9-e44a53725e56"",""yes_price_dollars"":""0.5200""}"
KXBTC15M-26APR280845-45,1042d9f7-55c4-4ecd-4bb3-8fc72af0404f,1777379404,0.52,4.0,yes,"{""count_fp"":""4.00"",""created_time"":""2026-04-28T12:30:04.057443Z"",""no_price_dollars"":""0.4800"",""taker_side"":""yes"",""ticker"":""KXBTC15M-26APR280845-45"",""trade_id"":""1042d9f7-55c4-4ecd-4bb3-8fc72af0404f"",""yes_price_dollars"":""0.5200""}"
KXBTC15M-26APR280845-45,bf3028c9-a6eb-64c5-fad1-3a3be1f8a0fd,1777379405,0.5,9.66,yes,"{""count_fp"":""9.66"",""created_time"":""2026-04-28T12:30:05.860981Z"",""no_price_dollars"":""0.5000"",""taker_side"":""yes"",""ticker"":""KXBTC15M-26APR280845-45"",""trade_id"":""bf3028c9-a6eb-64c5-fad1-3a3be1f8a0fd"",""yes_price_dollars"":""0.5000""}"
KXBTC15M-26APR280845-45,6e12b476-a57d-7ab3-0a9a-67b5999482d1,1777379405,0.49,15.0,no,"{""count_fp"":""15.00"",""created_time"":""2026-04-28T12:30:05.407715Z"",""no_price_dollars"":""0.5100"",""taker_side"":""no"",""ticker"":""KXBTC15M-26APR280845-45"",""trade_id"":""6e12b476-a57d-7ab3-0a9a-67b5999482d1"",""yes_price_dollars"":""0.4900""}"
KXBTC15M-26APR280845-45,6b13f3b8-d596-707e-05c3-7eb38256122d,1777379405,0.49,30.0,no,"{""count_fp"":""30.00"",""created_time"":""2026-04-28T12:30:05.407715Z"",""no_price_dollars"":""0.5100"",""taker_side"":""no"",""ticker"":""KXBTC15M-26APR280845-45"",""trade_id"":""6b13f3b8-d596-707e-05c3-7eb38256122d"",""yes_price_dollars"":""0.4900""}"
KXBTC15M-26APR280845-45,f137938e-b1ed-61a5-fc20-ea2a18ac2c34,1777379406,0.5,10.0,yes,"{""count_fp"":""10.00"",""created_time"":""2026-04-28T12:30:06.831134Z"",""no_price_dollars"":""0.5000"",""taker_side"":""yes"",""ticker"":""KXBTC15M-26APR280845-45"",""trade_id"":""f137938e-b1ed-61a5-fc20-ea2a18ac2c34"",""yes_price_dollars"":""0.5000""}"
KXBTC15M-26APR280845-45,d6ed7f72-7523-6af5-cb1b-792467525d11,1777379406,0.48,18.0,yes,"{""count_fp"":""18.00"",""created_time"":""2026-04-28T12:30:06.831134Z"",""no_price_dollars"":""0.5200"",""taker_side"":""yes"",""ticker"":""KXBTC15M-26APR280845-45"",""trade_id"":""d6ed7f72-7523-6af5-cb1b-792467525d11"",""yes_price_dollars"":""0.4800""}"
KXBTC15M-26APR280845-45,9b9dbac5-0786-688b-c590-5102952ee673,1777379406,0.51,9.21,yes,"{""count_fp"":""9.21"",""created_time"":""2026-04-28T12:30:06.831134Z"",""no_price_dollars"":""0.4900"",""taker_side"":""yes"",""ticker"":""KXBTC15M-26APR280845-45"",""trade_id"":""9b9dbac5-0786-688b-c590-5102952ee673"",""yes_price_dollars"":""0.5100""}"
KXBTC15M-26APR280845-45,813275bd-67ef-5555-84ea-4bebf64fe64d,1777379406,0.48,20.0,yes,"{""count_fp"":""20.00"",""created_time"":""2026-04-28T12:30:06.106501Z"",""no_price_dollars"":""0.5200"",""taker_side"":""yes"",""ticker"":""KXBTC15M-26APR280845-45"",""trade_id"":""813275bd-67ef-5555-84ea-4bebf64fe64d"",""yes_price_dollars"":""0.4800""}"
KXBTC15M-26APR280845-45,b04046af-4cc9-5d20-24bf-779aa219a378,1777379407,0.5,30.0,no,"{""count_fp"":""30.00"",""created_time"":""2026-04-28T12:30:07.283145Z"",""no_price_dollars"":""0.5000"",""taker_side"":""no"",""ticker"":""KXBTC15M-26APR280845-45"",""trade_id"":""b04046af-4cc9-5d20-24bf-779aa219a378"",""yes_price_dollars"":""0.5000""}"
KXBTC15M-26APR280845-45,893e141a-2e52-72bb-9a04-b2ce890f7a86,1777379408,0.5,12.55,no,"{""count_fp"":""12.55"",""created_time"":""2026-04-28T12:30:08.846704Z"",""no_price_dollars"":""0.5000"",""taker_side"":""no"",""ticker"":""KXBTC15M-26APR280845-45"",""trade_id"":""893e141a-2e52-72bb-9a04-b2ce890f7a86"",""yes_price_dollars"":""0.5000""}"
KXBTC15M-26APR280845-45,c3c54ef3-d27a-4ebf-add9-9ce566c115f7,1777379408,0.51,5.79,yes,"{""count_fp"":""5.79"",""created_time"":""2026-04-28T12:30:08.452477Z"",""no_price_dollars"":""0.4900"",""taker_side"":""yes"",""ticker"":""KXBTC15M-26APR280845-45"",""trade_id"":""c3c54ef3-d27a-4ebf-add9-9ce566c115f7"",""yes_price_dollars"":""0.5100""}"
KXBTC15M-26APR280845-45,bbd886ab-973b-4f29-b577-e62af42e2165,1777379408,0.5,84.78,yes,"{""count_fp"":""84.78"",""created_time"":""2026-04-28T12:30:08.452477Z"",""no_price_dollars"":""0.5000"",""taker_side"":""yes"",""ticker"":""KXBTC15M-26APR280845-45"",""trade_id"":""bbd886ab-973b-4f29-b577-e62af42e2165"",""yes_price_dollars"":""0.5000""}"
KXBTC15M-26APR280845-45,43814f67-dacb-4729-9af9-d796291dc575,1777379408,0.51,2.0,yes,"{""count_fp"":""2.00"",""created_time"":""2026-04-28T12:30:08.452477Z"",""no_price_dollars"":""0.4900"",""taker_side"":""yes"",""ticker"":""KXBTC15M-26APR280845-45"",""trade_id"":""43814f67-dacb-4729-9af9-d796291dc575"",""yes_price_dollars"":""0.5100""}"
KXBTC15M-26APR280845-45,161e4fa0-b155-489f-b254-aaf7b4690680,1777379408,0.51,2.21,yes,"{""count_fp"":""2.21"",""created_time"":""2026-04-28T12:30:08.452477Z"",""no_price_dollars"":""0.4900"",""taker_side"":""yes"",""ticker"":""KXBTC15M-26APR280845-45"",""trade_id"":""161e4fa0-b155-489f-b254-aaf7b4690680"",""yes_price_dollars"":""0.5100""}"
KXBTC15M-26APR280845-45,71fea08b-8a80-512b-73a7-ff6e16bb22c4,1777379408,0.49,35.0,yes,"{""count_fp"":""35.00"",""created_time"":""2026-04-28T12:30:08.442689Z"",""no_price_dollars"":""0.5100"",""taker_side"":""yes"",""ticker"":""KXBTC15M-26APR280845-45"",""trade_id"":""71fea08b-8a80-512b-73a7-ff6e16bb22c4"",""yes_price_dollars"":""0.4900""}"
KXBTC15M-26APR280845-45,3dc22fd6-e307-55fd-770b-e096fc8e7d89,1777379408,0.5,27.56,yes,"{""count_fp"":""27.56"",""created_time"":""2026-04-28T12:30:08.442689Z"",""no_price_dollars"":""0.5000"",""taker_side"":""yes"",""ticker"":""KXBTC15M-26APR280845-45"",""trade_id"":""3dc22fd6-e307-55fd-770b-e096fc8e7d89"",""yes_price_dollars"":""0.5000""}"
KXBTC15M-26APR280845-45,bff4b784-c99b-7e65-bee6-bd48ce7cd7a1,1777379408,0.5,20.0,yes,"{""count_fp"":""20.00"",""created_time"":""2026-04-28T12:30:08.359876Z"",""no_price_dollars"":""0.5000"",""taker_side"":""yes"",""ticker"":""KXBTC15M-26APR280845-45"",""trade_id"":""bff4b784-c99b-7e65-bee6-bd48ce7cd7a1"",""yes_price_dollars"":""0.5000""}"
KXBTC15M-26APR280845-45,46af7292-f936-44d3-ec3d-7f0a8d022322,1777379409,0.5,27.39,no,"{""count_fp"":""27.39"",""created_time"":""2026-04-28T12:30:09.693278Z"",""no_price_dollars"":""0.5000"",""taker_side"":""no"",""ticker"":""KXBTC15M-26APR280845-45"",""trade_id"":""46af7292-f936-44d3-ec3d-7f0a8d022322"",""yes_price_dollars"":""0.5000""}"
KXBTC15M-26APR280845-45,3ecf98ac-9dd5-5c3d-5371-ed7075173291,1777379409,0.51,30.0,yes,"{""count_fp"":""30.00"",""created_time"":""2026-04-28T12:30:09.375947Z"",""no_price_dollars"":""0.4900"",""taker_side"":""yes"",""ticker"":""KXBTC15M-26APR280845-45"",""trade_id"":""3ecf98ac-9dd5-5c3d-5371-ed7075173291"",""yes_price_dollars"":""0.5100""}"
KXBTC15M-26APR280845-45,9aa1ec3e-7cff-54fb-ca0b-812dc0f0317c,1777379410,0.46,17.0,yes,"{""count_fp"":""17.00"",""created_time"":""2026-04-28T12:30:10.597641Z"",""no_price_dollars"":""0.5400"",""taker_side"":""yes"",""ticker"":""KXBTC15M-26APR280845-45"",""trade_id"":""9aa1ec3e-7cff-54fb-ca0b-812dc0f0317c"",""yes_price_dollars"":""0.4600""}"
KXBTC15M-26APR280845-45,02f5d5b5-f254-5278-da1a-0285c56d1719,1777379410,0.45,3.0,yes,"{""count_fp"":""3.00"",""created_time"":""2026-04-28T12:30:10.597641Z"",""no_price_dollars"":""0.5500"",""taker_side"":""yes"",""ticker"":""KXBTC15M-26APR280845-45"",""trade_id"":""02f5d5b5-f254-5278-da1a-0285c56d1719"",""yes_price_dollars"":""0.4500""}"
KXBTC15M-26APR280845-45,e59cbdfc-79e2-753f-ec1e-612d8c3c0366,1777379410,0.45,1.0,no,"{""count_fp"":""1.00"",""created_time"":""2026-04-28T12:30:10.555717Z"",""no_price_dollars"":""0.5500"",""taker_side"":""no"",""ticker"":""KXBTC15M-26APR280845-45"",""trade_id"":""e59cbdfc-79e2-753f-ec1e-612d8c3c0366"",""yes_price_dollars"":""0.4500""}"
KXBTC15M-26APR280845-45,594512e6-bce3-7121-de96-cb0963ff4b49,1777379410,0.45,8.0,no,"{""count_fp"":""8.00"",""created_time"":""2026-04-28T12:30:10.555717Z"",""no_price_dollars"":""0.5500"",""taker_side"":""no"",""ticker"":""KXBTC15M-26APR280845-45"",""trade_id"":""594512e6-bce3-7121-de96-cb0963ff4b49"",""yes_price_dollars"":""0.4500""}"
KXBTC15M-26APR280845-45,35245995-6c1c-788c-e3b5-72c975f89d82,1777379410,0.45,1.0,no,"{""count_fp"":""1.00"",""created_time"":""2026-04-28T12:30:10.555717Z"",""no_price_dollars"":""0.5500"",""taker_side"":""no"",""ticker"":""KXBTC15M-26APR280845-45"",""trade_id"":""35245995-6c1c-788c-e3b5-72c975f89d82"",""yes_price_dollars"":""0.4500""}"
KXBTC15M-26APR280845-45,15a8b2f4-c7be-7e5a-d88a-478b5aed1731,1777379410,0.45,1.0,no,"{""count_fp"":""1.00"",""created_time"":""2026-04-28T12:30:10.555717Z"",""no_price_dollars"":""0.5500"",""taker_side"":""no"",""ticker"":""KXBTC15M-26APR280845-45"",""trade_id"":""15a8b2f4-c7be-7e5a-d88a-478b5aed1731"",""yes_price_dollars"":""0.4500""}"
KXBTC15M-26APR280845-45,f5233b04-82ca-4817-68b2-509ee1127592,1777379410,0.5,3.58,no,"{""count_fp"":""3.58"",""created_time"":""2026-04-28T12:30:10.017799Z"",""no_price_dollars"":""0.5000"",""taker_side"":""no"",""ticker"":""KXBTC15M-26APR280845-45"",""trade_id"":""f5233b04-82ca-4817-68b2-509ee1127592"",""yes_price_dollars"":""0.5000""}"
KXBTC15M-26APR280845-45,1e573396-9414-45f7-af24-615b6ca31652,1777379411,0.45,3.0,yes,"{""count_fp"":""3.00"",""created_time"":""2026-04-28T12:30:11.684602Z"",""no_price_dollars"":""0.5500"",""taker_side"":""yes"",""ticker"":""KXBTC15M-26APR280845-45"",""trade_id"":""1e573396-9414-45f7-af24-615b6ca31652"",""yes_price_dollars"":""0.4500""}"
KXBTC15M-26APR280845-45,ec60a618-4eab-6c43-bd14-745c0a0c50e0,1777379411,0.45,11.0,yes,"{""count_fp"":""11.00"",""created_time"":""2026-04-28T12:30:11.624981Z"",""no_price_dollars"":""0.5500"",""taker_side"":""yes"",""ticker"":""KXBTC15M-26APR280845-45"",""trade_id"":""ec60a618-4eab-6c43-bd14-745c0a0c50e0"",""yes_price_dollars"":""0.4500""}"
KXBTC15M-26APR280845-45,17978e91-0f58-67f3-9cda-be7ce736edaa,1777379411,0.45,18.0,yes,"{""count_fp"":""18.00"",""created_time"":""2026-04-28T12:30:11.624981Z"",""no_price_dollars"":""0.5500"",""taker_side"":""yes"",""ticker"":""KXBTC15M-26APR280845-45"",""trade_id"":""17978e91-0f58-67f3-9cda-be7ce736edaa"",""yes_price_dollars"":""0.4500""}"
KXBTC15M-26APR280845-45,27a7660c-32a2-535b-8d0a-19c7141fda8d,1777379411,0.44,3.46,no,"{""count_fp"":""3.46"",""created_time"":""2026-04-28T12:30:11.416534Z"",""no_price_dollars"":""0.5600"",""taker_side"":""no"",""ticker"":""KXBTC15M-26APR280845-45"",""trade_id"":""27a7660c-32a2-535b-8d0a-19c7141fda8d"",""yes_price_dollars"":""0.4400""}"
KXBTC15M-26APR280845-45,ce61bd05-21f2-7b67-930c-2ea873caf125,1777379411,0.44,7.66,no,"{""count_fp"":""7.66"",""created_time"":""2026-04-28T12:30:11.306253Z"",""no_price_dollars"":""0.5600"",""taker_side"":""no"",""ticker"":""KXBTC15M-26APR280845-45"",""trade_id"":""ce61bd05-21f2-7b67-930c-2ea873caf125"",""yes_price_dollars"":""0.4400""}"
KXBTC15M-26APR280845-45,4241840a-82f1-7b3b-a0b1-151df9426336,1777379411,0.44,1.0,no,"{""count_fp"":""1.00"",""created_time"":""2026-04-28T12:30:11.306253Z"",""no_price_dollars"":""0.5600"",""taker_side"":""no"",""ticker"":""KXBTC15M-26APR280845-45"",""trade_id"":""4241840a-82f1-7b3b-a0b1-151df9426336"",""yes_price_dollars"":""0.4400""}"
KXBTC15M-26APR280845-45,7fcb6798-9676-58c6-fbe1-8119a059575f,1777379412,0.45,1.73,no,"{""count_fp"":""1.73"",""created_time"":""2026-04-28T12:30:12.620667Z"",""no_price_dollars"":""0.5500"",""taker_side"":""no"",""ticker"":""KXBTC15M-26APR280845-45"",""trade_id"":""7fcb6798-9676-58c6-fbe1-8119a059575f"",""yes_price_dollars"":""0.4500""}"
KXBTC15M-26APR280845-45,4e93fd7f-6a00-617d-b0d8-70512c1b5527,1777379413,0.46,9.0,yes,"{""count_fp"":""9.00"",""created_time"":""2026-04-28T12:30:13.723409Z"",""no_price_dollars"":""0.5400"",""taker_side"":""yes"",""ticker"":""KXBTC15M-26APR280845-45"",""trade_id"":""4e93fd7f-6a00-617d-b0d8-70512c1b5527"",""yes_price_dollars"":""0.4600""}"
KXBTC15M-26APR280845-45,ea6b5b92-8b19-66af-ea65-4e2fe02722b6,1777379414,0.44,22.0,yes,"{""count_fp"":""22.00"",""created_time"":""2026-04-28T12:30:14.932753Z"",""no_price_dollars"":""0.5600"",""taker_side"":""yes"",""ticker"":""KXBTC15M-26APR280845-45"",""trade_id"":""ea6b5b92-8b19-66af-ea65-4e2fe02722b6"",""yes_price_dollars"":""0.4400""}"
KXBTC15M-26APR280845-45,5d4cd547-4b16-6179-ca71-14f109b38ee9,1777379414,0.45,23.17,yes,"{""count_fp"":""23.17"",""created_time"":""2026-04-28T12:30:14.932753Z"",""no_price_dollars"":""0.5500"",""taker_side"":""yes"",""ticker"":""KXBTC15M-26APR280845-45"",""trade_id"":""5d4cd547-4b16-6179-ca71-14f109b38ee9"",""yes_price_dollars"":""0.4500""}"
KXBTC15M-26APR280845-45,26f2157f-6609-6396-f7dd-1c4380d86446,1777379414,0.44,3.0,yes,"{""count_fp"":""3.00"",""created_time"":""2026-04-28T12:30:14.932753Z"",""no_price_dollars"":""0.5600"",""taker_side"":""yes"",""ticker"":""KXBTC15M-26APR280845-45"",""trade_id"":""26f2157f-6609-6396-f7dd-1c4380d86446"",""yes_price_dollars"":""0.4400""}"
KXBTC15M-26APR280845-45,d24fe97f-187f-4c47-17f6-d2d1d03035b2,1777379414,0.45,29.32,no,"{""count_fp"":""29.32"",""created_time"":""2026-04-28T12:30:14.752883Z"",""no_price_dollars"":""0.5500"",""taker_side"":""no"",""ticker"":""KXBTC15M-26APR280845-45"",""trade_id"":""d24fe97f-187f-4c47-17f6-d2d1d03035b2"",""yes_price_dollars"":""0.4500""}"
KXBTC15M-26APR280845-45,89436fe8-9211-4b35-1a92-6edc5d0d1705,1777379414,0.45,110.68,no,"{""count_fp"":""110.68"",""created_time"":""2026-04-28T12:30:14.752883Z"",""no_price_dollars"":""0.5500"",""taker_side"":""no"",""ticker"":""KXBTC15M-26APR280845-45"",""trade_id"":""89436fe8-9211-4b35-1a92-6edc5d0d1705"",""yes_price_dollars"":""0.4500""}"
KXBTC15M-26APR280845-45,e4b6e6c2-ec2f-7ed3-ff05-174cbf588852,1777379414,0.45,62.64,no,"{""count_fp"":""62.64"",""created_time"":""2026-04-28T12:30:14.722207Z"",""no_price_dollars"":""0.5500"",""taker_side"":""no"",""ticker"":""KXBTC15M-26APR280845-45"",""trade_id"":""e4b6e6c2-ec2f-7ed3-ff05-174cbf588852"",""yes_price_dollars"":""0.4500""}"
KXBTC15M-26APR280845-45,5bd2f57e-10b3-4a47-14ab-abe9835eb56a,1777379414,0.45,48.63,no,"{""count_fp"":""48.63"",""created_time"":""2026-04-28T12:30:14.719737Z"",""no_price_dollars"":""0.5500"",""taker_side"":""no"",""ticker"":""KXBTC15M-26APR280845-45"",""trade_id"":""5bd2f57e-10b3-4a47-14ab-abe9835eb56a"",""yes_price_dollars"":""0.4500""}"
KXBTC15M-26APR280845-45,2dc031e0-44f7-73f7-57f3-1fabfff5a7ae,1777379414,0.45,24.21,no,"{""count_fp"":""24.21"",""created_time"":""2026-04-28T12:30:14.709588Z"",""no_price_dollars"":""0.5500"",""taker_side"":""no"",""ticker"":""KXBTC15M-26APR280845-45"",""trade_id"":""2dc031e0-44f7-73f7-57f3-1fabfff5a7ae"",""yes_price_dollars"":""0.4500""}"
KXBTC15M-26APR280845-45,174905e8-88ef-6367-162c-721fb4a7df3e,1777379414,0.45,25.25,no,"{""count_fp"":""25.25"",""created_time"":""2026-04-28T12:30:14.688212Z"",""no_price_dollars"":""0.5500"",""taker_side"":""no"",""ticker"":""KXBTC15M-26APR280845-45"",""trade_id"":""174905e8-88ef-6367-162c-721fb4a7df3e"",""yes_price_dollars"":""0.4500""}"
KXBTC15M-26APR280845-45,45bd024d-4612-7d6a-8f6d-08b351e6dbcb,1777379414,0.45,3.55,no,"{""count_fp"":""3.55"",""created_time"":""2026-04-28T12:30:14.635819Z"",""no_price_dollars"":""0.5500"",""taker_side"":""no"",""ticker"":""KXBTC15M-26APR280845-45"",""trade_id"":""45bd024d-4612-7d6a-8f6d-08b351e6dbcb"",""yes_price_dollars"":""0.4500""}"
KXBTC15M-26APR280845-45,2212a06a-d7cf-7e5f-8f2d-72442317055e,1777379414,0.45,9.95,no,"{""count_fp"":""9.95"",""created_time"":""2026-04-28T12:30:14.635819Z"",""no_price_dollars"":""0.5500"",""taker_side"":""no"",""ticker"":""KXBTC15M-26APR280845-45"",""trade_id"":""2212a06a-d7cf-7e5f-8f2d-72442317055e"",""yes_price_dollars"":""0.4500""}"
KXBTC15M-26APR280845-45,0a0b7c0e-bc48-7052-b181-c70768e7117b,1777379414,0.45,8.0,no,"{""count_fp"":""8.00"",""created_time"":""2026-04-28T12:30:14.635819Z"",""no_price_dollars"":""0.5500"",""taker_side"":""no"",""ticker"":""KXBTC15M-26APR280845-45"",""trade_id"":""0a0b7c0e-bc48-7052-b181-c70768e7117b"",""yes_price_dollars"":""0.4500""}"
KXBTC15M-26APR280845-45,f9c0a9aa-e03a-691e-8156-b65032ca5c0f,1777379414,0.45,31.72,no,"{""count_fp"":""31.72"",""created_time"":""2026-04-28T12:30:14.478783Z"",""no_price_dollars"":""0.5500"",""taker_side"":""no"",""ticker"":""KXBTC15M-26APR280845-45"",""trade_id"":""f9c0a9aa-e03a-691e-8156-b65032ca5c0f"",""yes_price_dollars"":""0.4500""}"
KXBTC15M-26APR280845-45,50cc75f6-5f48-4ce5-d3bc-b806dd8ffa63,1777379414,0.46,12.0,yes,"{""count_fp"":""12.00"",""created_time"":""2026-04-28T12:30:14.322742Z"",""no_price_dollars"":""0.5400"",""taker_side"":""yes"",""ticker"":""KXBTC15M-26APR280845-45"",""trade_id"":""50cc75f6-5f48-4ce5-d3bc-b806dd8ffa63"",""yes_price_dollars"":""0.4600""}"
KXBTC15M-26APR280845-45,71f733f0-0ea4-62b5-d14c-2ce19c328d07,1777379414,0.46,10.25,yes,"{""count_fp"":""10.25"",""created_time"":""2026-04-28T12:30:14.083815Z"",""no_price_dollars"":""0.5400"",""taker_side"":""yes"",""ticker"":""KXBTC15M-26APR280845-45"",""trade_id"":""71f733f0-0ea4-62b5-d14c-2ce19c328d07"",""yes_price_dollars"":""0.4600""}"
KXBTC15M-26APR280845-45,a34d8d62-7de4-7cd5-f256-6c273c1f6e5f,1777379414,0.46,26.02,yes,"{""count_fp"":""26.02"",""created_time"":""2026-04-28T12:30:14.009248Z"",""no_price_dollars"":""0.5400"",""taker_side"":""yes"",""ticker"":""KXBTC15M-26APR280845-45"",""trade_id"":""a34d8d62-7de4-7cd5-f256-6c273c1f6e5f"",""yes_price_dollars"":""0.4600""}"
KXBTC15M-26APR280845-45,d79d56d2-1408-5653-52b7-6d9c8e1b62ee,1777379415,0.44,4.18,yes,"{""count_fp"":""4.18"",""created_time"":""2026-04-28T12:30:15.395609Z"",""no_price_dollars"":""0.5600"",""taker_side"":""yes"",""ticker"":""KXBTC15M-26APR280845-45"",""trade_id"":""d79d56d2-1408-5653-52b7-6d9c8e1b62ee"",""yes_price_dollars"":""0.4400""}"
KXBTC15M-26APR280845-45,d28e2bfa-3554-5bdb-d872-b4032895289a,1777379415,0.44,6.28,yes,"{""count_fp"":""6.28"",""created_time"":""2026-04-28T12:30:15.149968Z"",""no_price_dollars"":""0.5600"",""taker_side"":""yes"",""ticker"":""KXBTC15M-26APR280845-45"",""trade_id"":""d28e2bfa-3554-5bdb-d872-b4032895289a"",""yes_price_dollars"":""0.4400""}"
KXBTC15M-26APR280845-45,3760e41b-341c-4853-2a97-6685d9dfc11a,1777379416,0.44,2.0,yes,"{""count_fp"":""2.00"",""created_time"":""2026-04-28T12:30:16.632559Z"",""no_price_dollars"":""0.5600"",""taker_side"":""yes"",""ticker"":""KXBTC15M-26APR280845-45"",""trade_id"":""3760e41b-341c-4853-2a97-6685d9dfc11a"",""yes_price_dollars"":""0.4400""}"
KXBTC15M-26APR280845-45,f1a3eac7-b0af-79fd-1978-d3dbc40cef1b,1777379416,0.43,40.0,no,"{""count_fp"":""40.00"",""created_time"":""2026-04-28T12:30:16.351552Z"",""no_price_dollars"":""0.5700"",""taker_side"":""no"",""ticker"":""KXBTC15M-26APR280845-45"",""trade_id"":""f1a3eac7-b0af-79fd-1978-d3dbc40cef1b"",""yes_price_dollars"":""0.4300""}"
KXBTC15M-26APR280845-45,61e8dc92-e21e-7cab-1ab9-7d7a774a34cc,1777379416,0.43,1.0,no,"{""count_fp"":""1.00"",""created_time"":""2026-04-28T12:30:16.351552Z"",""no_price_dollars"":""0.5700"",""taker_side"":""no"",""ticker"":""KXBTC15M-26APR280845-45"",""trade_id"":""61e8dc92-e21e-7cab-1ab9-7d7a774a34cc"",""yes_price_dollars"":""0.4300""}"
KXBTC15M-26APR280845-45,22e857c4-9903-793e-0daf-8d5c1ef308ac,1777379416,0.43,40.74,no,"{""count_fp"":""40.74"",""created_time"":""2026-04-28T12:30:16.351552Z"",""no_price_dollars"":""0.5700"",""taker_side"":""no"",""ticker"":""KXBTC15M-26APR280845-45"",""trade_id"":""22e857c4-9903-793e-0daf-8d5c1ef308ac"",""yes_price_dollars"":""0.4300""}"
KXBTC15M-26APR280845-45,11db9722-3084-56af-c7f5-f335682a358e,1777379416,0.44,8.0,yes,"{""count_fp"":""8.00"",""created_time"":""2026-04-28T12:30:16.269186Z"",""no_price_dollars"":""0.5600"",""taker_side"":""yes"",""ticker"":""KXBTC15M-26APR280845-45"",""trade_id"":""11db9722-3084-56af-c7f5-f335682a358e"",""yes_price_dollars"":""0.4400""}"
KXBTC15M-26APR280845-45,52dcede1-1b3f-6055-c767-f4e1855b5af1,1777379417,0.42,21.86,yes,"{""count_fp"":""21.86"",""created_time"":""2026-04-28T12:30:17.994411Z"",""no_price_dollars"":""0.5800"",""taker_side"":""yes"",""ticker"":""KXBTC15M-26APR280845-45"",""trade_id"":""52dcede1-1b3f-6055-c767-f4e1855b5af1"",""yes_price_dollars"":""0.4200""}"
KXBTC15M-26APR280845-45,79b50d5c-03c1-7c82-8853-1dd8a5a7205a,1777379417,0.42,23.24,no,"{""count_fp"":""23.24"",""created_time"":""2026-04-28T12:30:17.866924Z"",""no_price_dollars"":""0.5800"",""taker_side"":""no"",""ticker"":""KXBTC15M-26APR280845-45"",""trade_id"":""79b50d5c-03c1-7c82-8853-1dd8a5a7205a"",""yes_price_dollars"":""0.4200""}"
KXBTC15M-26APR280845-45,68a81721-e766-7802-826e-68f820b3039a,1777379417,0.42,1.0,no,"{""count_fp"":""1.00"",""created_time"":""2026-04-28T12:30:17.866924Z"",""no_price_dollars"":""0.5800"",""taker_side"":""no"",""ticker"":""KXBTC15M-26APR280845-45"",""trade_id"":""68a81721-e766-7802-826e-68f820b3039a"",""yes_price_dollars"":""0.4200""}"
KXBTC15M-26APR280845-45,32270178-34b7-7e08-9c5e-183b974b3acd,1777379417,0.42,1.0,no,"{""count_fp"":""1.00"",""created_time"":""2026-04-28T12:30:17.866924Z"",""no_price_dollars"":""0.5800"",""taker_side"":""no"",""ticker"":""KXBTC15M-26APR280845-45"",""trade_id"":""32270178-34b7-7e08-9c5e-183b974b3acd"",""yes_price_dollars"":""0.4200""}"
KXBTC15M-26APR280845-45,887d4e28-8d0e-5a69-43be-5ec070cb23c8,1777379417,0.43,10.28,no,"{""count_fp"":""10.28"",""created_time"":""2026-04-28T12:30:17.625065Z"",""no_price_dollars"":""0.5700"",""taker_side"":""no"",""ticker"":""KXBTC15M-26APR280845-45"",""trade_id"":""887d4e28-8d0e-5a69-43be-5ec070cb23c8"",""yes_price_dollars"":""0.4300""}"
KXBTC15M-26APR280845-45,47c7b5d5-a3b7-5c46-58b9-5da0c95be1f0,1777379417,0.43,15.26,no,"{""count_fp"":""15.26"",""created_time"":""2026-04-28T12:30:17.625065Z"",""no_price_dollars"":""0.5700"",""taker_side"":""no"",""ticker"":""KXBTC15M-26APR280845-45"",""trade_id"":""47c7b5d5-a3b7-5c46-58b9-5da0c95be1f0"",""yes_price_dollars"":""0.4300""}"
KXBTC15M-26APR280845-45,24c7eb0c-3ba0-7ed7-fe68-3fa92e95829a,1777379417,0.44,3.0,yes,"{""count_fp"":""3.00"",""created_time"":""2026-04-28T12:30:17.592473Z"",""no_price_dollars"":""0.5600"",""taker_side"":""yes"",""ticker"":""KXBTC15M-26APR280845-45"",""trade_id"":""24c7eb0c-3ba0-7ed7-fe68-3fa92e95829a"",""yes_price_dollars"":""0.4400""}"
KXBTC15M-26APR280845-45,599c13d4-f8a0-640b-29f6-53671156248a,1777379417,0.44,1.0,yes,"{""count_fp"":""1.00"",""created_time"":""2026-04-28T12:30:17.426845Z"",""no_price_dollars"":""0.5600"",""taker_side"":""yes"",""ticker"":""KXBTC15M-26APR280845-45"",""trade_id"":""599c13d4-f8a0-640b-29f6-53671156248a"",""yes_price_dollars"":""0.4400""}"
KXBTC15M-26APR280845-45,f2328f03-3d4c-77b3-cfe1-92610798d862,1777379417,0.44,28.43,yes,"{""count_fp"":""28.43"",""created_time"":""2026-04-28T12:30:17.237492Z"",""no_price_dollars"":""0.5600"",""taker_side"":""yes"",""ticker"":""KXBTC15M-26APR280845-45"",""trade_id"":""f2328f03-3d4c-77b3-cfe1-92610798d862"",""yes_price_dollars"":""0.4400""}"
KXBTC15M-26APR280845-45,39415283-cc08-67a3-4ee3-2d0e705cb3ea,1777379417,0.44,14.21,yes,"{""count_fp"":""14.21"",""created_time"":""2026-04-28T12:30:17.102352Z"",""no_price_dollars"":""0.5600"",""taker_side"":""yes"",""ticker"":""KXBTC15M-26APR280845-45"",""trade_id"":""39415283-cc08-67a3-4ee3-2d0e705cb3ea"",""yes_price_dollars"":""0.4400""}"
KXBTC15M-26APR280845-45,8278c664-12a0-7e62-5656-50e23930488e,1777379418,0.42,21.86,yes,"{""count_fp"":""21.86"",""created_time"":""2026-04-28T12:30:18.843958Z"",""no_price_dollars"":""0.5800"",""taker_side"":""yes"",""ticker"":""KXBTC15M-26APR280845-45"",""trade_id"":""8278c664-12a0-7e62-5656-50e23930488e"",""yes_price_dollars"":""0.4200""}"
KXBTC15M-26APR280845-45,094346dd-a80e-7c4d-a158-9d70acf458c7,1777379418,0.41,23.91,no,"{""count_fp"":""23.91"",""created_time"":""2026-04-28T12:30:18.790555Z"",""no_price_dollars"":""0.5900"",""taker_side"":""no"",""ticker"":""KXBTC15M-26APR280845-45"",""trade_id"":""094346dd-a80e-7c4d-a158-9d70acf458c7"",""yes_price_dollars"":""0.4100""}"
KXBTC15M-26APR280845-45,7702eeab-4c98-7eee-812b-d58db6f3927a,1777379418,0.42,69.98,yes,"{""count_fp"":""69.98"",""created_time"":""2026-04-28T12:30:18.514528Z"",""no_price_dollars"":""0.5800"",""taker_side"":""yes"",""ticker"":""KXBTC15M-26APR280845-45"",""trade_id"":""7702eeab-4c98-7eee-812b-d58db6f3927a"",""yes_price_dollars"":""0.4200""}"
KXBTC15M-26APR280845-45,e78e60a5-9f38-69da-c366-52d0149f46fe,1777379418,0.42,43.73,yes,"{""count_fp"":""43.73"",""created_time"":""2026-04-28T12:30:18.178509Z"",""no_price_dollars"":""0.5800"",""taker_side"":""yes"",""ticker"":""KXBTC15M-26APR280845-45"",""trade_id"":""e78e60a5-9f38-69da-c366-52d0149f46fe"",""yes_price_dollars"":""0.4200""}"
KXBTC15M-26APR280845-45,8480477a-a857-7165-e473-60d6c22c500d,1777379418,0.42,2.0,yes,"{""count_fp"":""2.00"",""created_time"":""2026-04-28T12:30:18.115388Z"",""no_price_dollars"":""0.5800"",""taker_side"":""yes"",""ticker"":""KXBTC15M-26APR280845-45"",""trade_id"":""8480477a-a857-7165-e473-60d6c22c500d"",""yes_price_dollars"":""0.4200""}"
KXBTC15M-26APR280845-45,09e07188-d760-5d1e-7037-af2536ce30fa,1777379419,0.42,4.27,yes,"{""count_fp"":""4.27"",""created_time"":""2026-04-28T12:30:19.930543Z"",""no_price_dollars"":""0.5800"",""taker_side"":""yes"",""ticker"":""KXBTC15M-26APR280845-45"",""trade_id"":""09e07188-d760-5d1e-7037-af2536ce30fa"",""yes_price_dollars"":""0.4200""}"
KXBTC15M-26APR280845-45,2c8f2873-13ee-63f1-5529-ef5f51ed43bb,1777379419,0.41,32.95,no,"{""count_fp"":""32.95"",""created_time"":""2026-04-28T12:30:19.665996Z"",""no_price_dollars"":""0.5900"",""taker_side"":""no"",""ticker"":""KXBTC15M-26APR280845-45"",""trade_id"":""2c8f2873-13ee-63f1-5529-ef5f51ed43bb"",""yes_price_dollars"":""0.4100""}"
KXBTC15M-26APR280845-45,fb48a8fe-d96e-4f0d-9b19-c95338dc0d4f,1777379419,0.41,5.0,no,"{""count_fp"":""5.00"",""created_time"":""2026-04-28T12:30:19.466264Z"",""no_price_dollars"":""0.5900"",""taker_side"":""no"",""ticker"":""KXBTC15M-26APR280845-45"",""trade_id"":""fb48a8fe-d96e-4f0d-9b19-c95338dc0d4f"",""yes_price_dollars"":""0.4100""}"
KXBTC15M-26APR280845-45,c8854a3d-9ff0-4266-efe4-2d2708879c46,1777379419,0.42,1.0,yes,"{""count_fp"":""1.00"",""created_time"":""2026-04-28T12:30:19.322114Z"",""no_price_dollars"":""0.5800"",""taker_side"":""yes"",""ticker"":""KXBTC15M-26APR280845-45"",""trade_id"":""c8854a3d-9ff0-4266-efe4-2d2708879c46"",""yes_price_dollars"":""0.4200""}"
KXBTC15M-26APR280845-45,c291e2a1-5aad-51d1-f1ce-fcef63a8acc6,1777379420,0.41,8.23,no,"{""count_fp"":""8.23"",""created_time"":""2026-04-28T12:30:20.734936Z"",""no_price_dollars"":""0.5900"",""taker_side"":""no"",""ticker"":""KXBTC15M-26APR280845-45"",""trade_id"":""c291e2a1-5aad-51d1-f1ce-fcef63a8acc6"",""yes_price_dollars"":""0.4100""}"
KXBTC15M-26APR280845-45,18c2e59b-6240-688e-e40a-4a753fe2295e,1777379420,0.42,4.0,yes,"{""count_fp"":""4.00"",""created_time"":""2026-04-28T12:30:20.348268Z"",""no_price_dollars"":""0.5800"",""taker_side"":""yes"",""ticker"":""KXBTC15M-26APR280845-45"",""trade_id"":""18c2e59b-6240-688e-e40a-4a753fe2295e"",""yes_price_dollars"":""0.4200""}"
KXBTC15M-26APR280845-45,e74d9ed6-afe6-6eb9-edd0-a5c1788a58ef,1777379420,0.41,7.72,no,"{""count_fp"":""7.72"",""created_time"":""2026-04-28T12:30:20.312124Z"",""no_price_dollars"":""0.5900"",""taker_side"":""no"",""ticker"":""KXBTC15M-26APR280845-45"",""trade_id"":""e74d9ed6-afe6-6eb9-edd0-a5c1788a58ef"",""yes_price_dollars"":""0.4100""}"
KXBTC15M-26APR280845-45,78422e58-1a8e-6d23-c2ac-0e64859960dc,1777379420,0.41,5.0,no,"{""count_fp"":""5.00"",""created_time"":""2026-04-28T12:30:20.312124Z"",""no_price_dollars"":""0.5900"",""taker_side"":""no"",""ticker"":""KXBTC15M-26APR280845-45"",""trade_id"":""78422e58-1a8e-6d23-c2ac-0e64859960dc"",""yes_price_dollars"":""0.4100""}"
KXBTC15M-26APR280845-45,13f3d1dc-9d88-6e3b-c13f-79c457da8330,1777379420,0.41,18.58,no,"{""count_fp"":""18.58"",""created_time"":""2026-04-28T12:30:20.312124Z"",""no_price_dollars"":""0.5900"",""taker_side"":""no"",""ticker"":""KXBTC15M-26APR280845-45"",""trade_id"":""13f3d1dc-9d88-6e3b-c13f-79c457da8330"",""yes_price_dollars"":""0.4100""}"
KXBTC15M-26APR280845-45,8c3f0767-e7aa-5c35-2e33-e4facdcfdebf,1777379420,0.41,49.42,no,"{""count_fp"":""49.42"",""created_time"":""2026-04-28T12:30:20.303826Z"",""no_price_dollars"":""0.5900"",""taker_side"":""no"",""ticker"":""KXBTC15M-26APR280845-45"",""trade_id"":""8c3f0767-e7aa-5c35-2e33-e4facdcfdebf"",""yes_price_dollars"":""0.4100""}"
KXBTC15M-26APR280845-45,ceb5988a-7241-510d-85d0-f1c60af2a7d2,1777379421,0.41,17.19,no,"{""count_fp"":""17.19"",""created_time"":""2026-04-28T12:30:21.933824Z"",""no_price_dollars"":""0.5900"",""taker_side"":""no"",""ticker"":""KXBTC15M-26APR280845-45"",""trade_id"":""ceb5988a-7241-510d-85d0-f1c60af2a7d2"",""yes_price_dollars"":""0.4100""}"
KXBTC15M-26APR280845-45,a7b4f063-e518-5018-8c1d-dffe4795b7c9,1777379421,0.41,17.41,no,"{""count_fp"":""17.41"",""created_time"":""2026-04-28T12:30:21.933824Z"",""no_price_dollars"":""0.5900"",""taker_side"":""no"",""ticker"":""KXBTC15M-26APR280845-45"",""trade_id"":""a7b4f063-e518-5018-8c1d-dffe4795b7c9"",""yes_price_dollars"":""0.4100""}"
KXBTC15M-26APR280845-45,6631c5c1-51a0-74f2-176b-342c0783218e,1777379421,0.42,2.28,yes,"{""count_fp"":""2.28"",""created_time"":""2026-04-28T12:30:21.485947Z"",""no_price_dollars"":""0.5800"",""taker_side"":""yes"",""ticker"":""KXBTC15M-26APR280845-45"",""trade_id"":""6631c5c1-51a0-74f2-176b-342c0783218e"",""yes_price_dollars"":""0.4200""}"
KXBTC15M-26APR280845-45,e091f174-6d00-567e-e108-179105953f62,1777379422,0.42,5.0,yes,"{""count_fp"":""5.00"",""created_time"":""2026-04-28T12:30:22.798131Z"",""no_price_dollars"":""0.5800"",""taker_side"":""yes"",""ticker"":""KXBTC15M-26APR280845-45"",""trade_id"":""e091f174-6d00-567e-e108-179105953f62"",""yes_price_dollars"":""0.4200""}"
KXBTC15M-26APR280845-45,04016b35-fb9c-608e-30ac-9d0c683f3ec2,1777379422,0.42,22.88,yes,"{""count_fp"":""22.88"",""created_time"":""2026-04-28T12:30:22.446539Z"",""no_price_dollars"":""0.5800"",""taker_side"":""yes"",""ticker"":""KXBTC15M-26APR280845-45"",""trade_id"":""04016b35-fb9c-608e-30ac-9d0c683f3ec2"",""yes_price_dollars"":""0.4200""}"
KXBTC15M-26APR280845-45,73ed0963-0194-6c1e-c7e7-5d1dcad2e966,1777379422,0.42,43.47,yes,"{""count_fp"":""43.47"",""created_time"":""2026-04-28T12:30:22.185641Z"",""no_price_dollars"":""0.5800"",""taker_side"":""yes"",""ticker"":""KXBTC15M-26APR280845-45"",""trade_id"":""73ed0963-0194-6c1e-c7e7-5d1dcad2e966"",""yes_price_dollars"":""0.4200""}"
KXBTC15M-26APR280845-45,f7a835c2-9bf8-4a06-e15a-c08eed231f5e,1777379422,0.42,25.16,yes,"{""count_fp"":""25.16"",""created_time"":""2026-04-28T12:30:22.084038Z"",""no_price_dollars"":""0.5800"",""taker_side"":""yes"",""ticker"":""KXBTC15M-26APR280845-45"",""trade_id"":""f7a835c2-9bf8-4a06-e15a-c08eed231f5e"",""yes_price_dollars"":""0.4200""}"
KXBTC15M-26APR280845-45,6eec757a-cd28-48fa-6362-2c7bfa4af166,1777379423,0.42,15.88,yes,"{""count_fp"":""15.88"",""created_time"":""2026-04-28T12:30:23.412063Z"",""no_price_dollars"":""0.5800"",""taker_side"":""yes"",""ticker"":""KXBTC15M-26APR280845-45"",""trade_id"":""6eec757a-cd28-48fa-6362-2c7bfa4af166"",""yes_price_dollars"":""0.4200""}"
KXBTC15M-26APR280845-45,9f5ad425-e400-7d36-2e3a-6c9da64d2586,1777379423,0.42,27.45,yes,"{""count_fp"":""27.45"",""created_time"":""2026-04-28T12:30:23.231649Z"",""no_price_dollars"":""0.5800"",""taker_side"":""yes"",""ticker"":""KXBTC15M-26APR280845-45"",""trade_id"":""9f5ad425-e400-7d36-2e3a-6c9da64d2586"",""yes_price_dollars"":""0.4200""}"
KXBTC15M-26APR280845-45,ec60c263-ccb4-6c96-b234-aa146a3dc436,1777379423,0.42,22.7,yes,"{""count_fp"":""22.70"",""created_time"":""2026-04-28T12:30:23.231423Z"",""no_price_dollars"":""0.5800"",""taker_side"":""yes"",""ticker"":""KXBTC15M-26APR280845-45"",""trade_id"":""ec60c263-ccb4-6c96-b234-aa146a3dc436"",""yes_price_dollars"":""0.4200""}"
KXBTC15M-26APR280845-45,fed320e1-2c29-67f0-8338-3dae36bd9b28,1777379424,0.41,1.64,no,"{""count_fp"":""1.64"",""created_time"":""2026-04-28T12:30:24.885858Z"",""no_price_dollars"":""0.5900"",""taker_side"":""no"",""ticker"":""KXBTC15M-26APR280845-45"",""trade_id"":""fed320e1-2c29-67f0-8338-3dae36bd9b28"",""yes_price_dollars"":""0.4100""}"
KXBTC15M-26APR280845-45,a0edfd18-5960-495e-c03c-7dc8a3c434b1,1777379424,0.41,9.0,no,"{""count_fp"":""9.00"",""created_time"":""2026-04-28T12:30:24.801963Z"",""no_price_dollars"":""0.5900"",""taker_side"":""no"",""ticker"":""KXBTC15M-26APR280845-45"",""trade_id"":""a0edfd18-5960-495e-c03c-7dc8a3c434b1"",""yes_price_dollars"":""0.4100""}"
KXBTC15M-26APR280845-45,27ab0534-fb91-496c-e1b5-15f5eb2c0ccc,1777379424,0.41,1.0,no,"{""count_fp"":""1.00"",""created_time"":""2026-04-28T12:30:24.801963Z"",""no_price_dollars"":""0.5900"",""taker_side"":""no"",""ticker"":""KXBTC15M-26APR280845-45"",""trade_id"":""27ab0534-fb91-496c-e1b5-15f5eb2c0ccc"",""yes_price_dollars"":""0.4100""}"
KXBTC15M-26APR280845-45,695b222b-ef8c-66e6-e530-41fea470d5e2,1777379424,0.42,57.2,yes,"{""count_fp"":""57.20"",""created_time"":""2026-04-28T12:30:24.673392Z"",""no_price_dollars"":""0.5800"",""taker_side"":""yes"",""ticker"":""KXBTC15M-26APR280845-45"",""trade_id"":""695b222b-ef8c-66e6-e530-41fea470d5e2"",""yes_price_dollars"":""0.4200""}"
KXBTC15M-26APR280845-45,97e5ba0b-a3d0-41b8-6143-1b077d858b2d,1777379425,0.44,1.0,yes,"{""count_fp"":""1.00"",""created_time"":""2026-04-28T12:30:25.739626Z"",""no_price_dollars"":""0.5600"",""taker_side"":""yes"",""ticker"":""KXBTC15M-26APR280845-45"",""trade_id"":""97e5ba0b-a3d0-41b8-6143-1b077d858b2d"",""yes_price_dollars"":""0.4400""}"
KXBTC15M-26APR280845-45,aa5e0bb0-b718-6fb8-d77c-e353d33c4da5,1777379425,0.44,0.21,yes,"{""count_fp"":""0.21"",""created_time"":""2026-04-28T12:30:25.326297Z"",""no_price_dollars"":""0.5600"",""taker_side"":""yes"",""ticker"":""KXBTC15M-26APR280845-45"",""trade_id"":""aa5e0bb0-b718-6fb8-d77c-e353d33c4da5"",""yes_price_dollars"":""0.4400""}"
KXBTC15M-26APR280845-45,6f911286-89a4-6682-2a63-5ec23a05ce40,1777379425,0.43,32.0,no,"{""count_fp"":""32.00"",""created_time"":""2026-04-28T12:30:25.237167Z"",""no_price_dollars"":""0.5700"",""taker_side"":""no"",""ticker"":""KXBTC15M-26APR280845-45"",""trade_id"":""6f911286-89a4-6682-2a63-5ec23a05ce40"",""yes_price_dollars"":""0.4300""}"
KXBTC15M-26APR280845-45,e006e8b5-9964-6a6a-83d4-93212967a866,1777379425,0.42,108.42,yes,"{""count_fp"":""108.42"",""created_time"":""2026-04-28T12:30:25.195004Z"",""no_price_dollars"":""0.5800"",""taker_side"":""yes"",""ticker"":""KXBTC15M-26APR280845-45"",""trade_id"":""e006e8b5-9964-6a6a-83d4-93212967a866"",""yes_price_dollars"":""0.4200""}"
KXBTC15M-26APR280845-45,b6caf45e-db22-6443-964a-38d9842c7ca4,1777379425,0.43,3.0,yes,"{""count_fp"":""3.00"",""created_time"":""2026-04-28T12:30:25.195004Z"",""no_price_dollars"":""0.5700"",""taker_side"":""yes"",""ticker"":""KXBTC15M-26APR280845-45"",""trade_id"":""b6caf45e-db22-6443-964a-38d9842c7ca4"",""yes_price_dollars"":""0.4300""}"
KXBTC15M-26APR280845-45,b148679a-4626-6c90-9aae-802266aa83b5,1777379425,0.43,1.0,yes,"{""count_fp"":""1.00"",""created_time"":""2026-04-28T12:30:25.195004Z"",""no_price_dollars"":""0.5700"",""taker_side"":""yes"",""ticker"":""KXBTC15M-26APR280845-45"",""trade_id"":""b148679a-4626-6c90-9aae-802266aa83b5"",""yes_price_dollars"":""0.4300""}"
KXBTC15M-26APR280845-45,80ce2215-68de-6328-b8ff-bc1c04c05127,1777379425,0.44,20.0,yes,"{""count_fp"":""20.00"",""created_time"":""2026-04-28T12:30:25.195004Z"",""no_price_dollars"":""0.5600"",""taker_side"":""yes"",""ticker"":""KXBTC15M-26APR280845-45"",""trade_id"":""80ce2215-68de-6328-b8ff-bc1c04c05127"",""yes_price_dollars"":""0.4400""}"
KXBTC15M-26APR280845-45,7cf36483-54e0-61b7-b302-973bd00c6316,1777379425,0.42,1100.53,yes,"{""count_fp"":""1100.53"",""created_time"":""2026-04-28T12:30:25.195004Z"",""no_price_dollars"":""0.5800"",""taker_side"":""yes"",""ticker"":""KXBTC15M-26APR280845-45"",""trade_id"":""7cf36483-54e0-61b7-b302-973bd00c6316"",""yes_price_dollars"":""0.4200""}"
KXBTC15M-26APR280845-45,73324a02-cf30-6a28-93c4-aadf5e16b303,1777379425,0.43,40.0,yes,"{""count_fp"":""40.00"",""created_time"":""2026-04-28T12:30:25.195004Z"",""no_price_dollars"":""0.5700"",""taker_side"":""yes"",""ticker"":""KXBTC15M-26APR280845-45"",""trade_id"":""73324a02-cf30-6a28-93c4-aadf5e16b303"",""yes_price_dollars"":""0.4300""}"
KXBTC15M-26APR280845-45,2132b098-5a95-66c5-86ac-3f5580bceb72,1777379425,0.42,100.0,yes,"{""count_fp"":""100.00"",""created_time"":""2026-04-28T12:30:25.195004Z"",""no_price_dollars"":""0.5800"",""taker_side"":""yes"",""ticker"":""KXBTC15M-26APR280845-45"",""trade_id"":""2132b098-5a95-66c5-86ac-3f5580bceb72"",""yes_price_dollars"":""0.4200""}"
KXBTC15M-26APR280845-45,1d10ef92-db9f-639c-92fe-7ab88a6285dc,1777379425,0.42,4.0,yes,"{""count_fp"":""4.00"",""created_time"":""2026-04-28T12:30:25.195004Z"",""no_price_dollars"":""0.5800"",""taker_side"":""yes"",""ticker"":""KXBTC15M-26APR280845-45"",""trade_id"":""1d10ef92-db9f-639c-92fe-7ab88a6285dc"",""yes_price_dollars"":""0.4200""}"
KXBTC15M-26APR280845-45,1248a74e-c044-6065-8ba1-f3e127104537,1777379425,0.42,62.73,yes,"{""count_fp"":""62.73"",""created_time"":""2026-04-28T12:30:25.195004Z"",""no_price_dollars"":""0.5800"",""taker_side"":""yes"",""ticker"":""KXBTC15M-26APR280845-45"",""trade_id"":""1248a74e-c044-6065-8ba1-f3e127104537"",""yes_price_dollars"":""0.4200""}"
KXBTC15M-26APR280845-45,0dea46db-c468-6b93-959d-1fd0f2ff1f84,1777379425,0.44,40.0,yes,"{""count_fp"":""40.00"",""created_time"":""2026-04-28T12:30:25.195004Z"",""no_price_dollars"":""0.5600"",""taker_side"":""yes"",""ticker"":""KXBTC15M-26APR280845-45"",""trade_id"":""0dea46db-c468-6b93-959d-1fd0f2ff1f84"",""yes_price_dollars"":""0.4400""}"
KXBTC15M-26APR280845-45,0904ffcd-f408-66f4-9ca5-58a22d650d91,1777379425,0.44,14.51,yes,"{""count_fp"":""14.51"",""created_time"":""2026-04-28T12:30:25.195004Z"",""no_price_dollars"":""0.5600"",""taker_side"":""yes"",""ticker"":""KXBTC15M-26APR280845-45"",""trade_id"":""0904ffcd-f408-66f4-9ca5-58a22d650d91"",""yes_price_dollars"":""0.4400""}"
KXBTC15M-26APR280845-45,a2e200b7-0075-6058-8ef2-3b19f25c4178,1777379425,0.41,9.0,no,"{""count_fp"":""9.00"",""created_time"":""2026-04-28T12:30:25.127326Z"",""no_price_dollars"":""0.5900"",""taker_side"":""no"",""ticker"":""KXBTC15M-26APR280845-45"",""trade_id"":""a2e200b7-0075-6058-8ef2-3b19f25c4178"",""yes_price_dollars"":""0.4100""}"
KXBTC15M-26APR280845-45,a78b854d-ee69-6ad4-68c3-64ae6bb3f580,1777379425,0.41,1.64,no,"{""count_fp"":""1.64"",""created_time"":""2026-04-28T12:30:25.107751Z"",""no_price_dollars"":""0.5900"",""taker_side"":""no"",""ticker"":""KXBTC15M-26APR280845-45"",""trade_id"":""a78b854d-ee69-6ad4-68c3-64ae6bb3f580"",""yes_price_dollars"":""0.4100""}"
KXBTC15M-26APR280845-45,92c7ab6c-b598-7ece-46f8-a32d76032e7c,1777379427,0.43,1.7,no,"{""count_fp"":""1.70"",""created_time"":""2026-04-28T12:30:27.809873Z"",""no_price_dollars"":""0.5700"",""taker_side"":""no"",""ticker"":""KXBTC15M-26APR280845-45"",""trade_id"":""92c7ab6c-b598-7ece-46f8-a32d76032e7c"",""yes_price_dollars"":""0.4300""}"
KXBTC15M-26APR280845-45,27bf476c-d104-6c42-1f57-03742040fe6c,1777379427,0.43,1.7,no,"{""count_fp"":""1.70"",""created_time"":""2026-04-28T12:30:27.424462Z"",""no_price_dollars"":""0.5700"",""taker_side"":""no"",""ticker"":""KXBTC15M-26APR280845-45"",""trade_id"":""27bf476c-d104-6c42-1f57-03742040fe6c"",""yes_price_dollars"":""0.4300""}"
KXBTC15M-26APR280845-45,ab4a489c-faf4-7e38-a979-874049c665e2,1777379427,0.44,15.73,yes,"{""count_fp"":""15.73"",""created_time"":""2026-04-28T12:30:27.156705Z"",""no_price_dollars"":""0.5600"",""taker_side"":""yes"",""ticker"":""KXBTC15M-26APR280845-45"",""trade_id"":""ab4a489c-faf4-7e38-a979-874049c665e2"",""yes_price_dollars"":""0.4400""}"
KXBTC15M-26APR280845-45,9419afa7-e502-7c2a-bbe8-b2a04652a915,1777379427,0.44,28.0,yes,"{""count_fp"":""28.00"",""created_time"":""2026-04-28T12:30:27.156705Z"",""no_price_dollars"":""0.5600"",""taker_side"":""yes"",""ticker"":""KXBTC15M-26APR280845-45"",""trade_id"":""9419afa7-e502-7c2a-bbe8-b2a04652a915"",""yes_price_dollars"":""0.4400""}"
KXBTC15M-26APR280845-45,de80f954-37de-4706-b4fb-ea2611f6eab5,1777379427,0.44,12.0,yes,"{""count_fp"":""12.00"",""created_time"":""2026-04-28T12:30:27.087046Z"",""no_price_dollars"":""0.5600"",""taker_side"":""yes"",""ticker"":""KXBTC15M-26APR280845-45"",""trade_id"":""de80f954-37de-4706-b4fb-ea2611f6eab5"",""yes_price_dollars"":""0.4400""}"
KXBTC15M-26APR280845-45,924b8303-1868-4021-8efe-00cd6d70d47a,1777379428,0.44,0.8,yes,"{""count_fp"":""0.80"",""created_time"":""2026-04-28T12:30:28.968435Z"",""no_price_dollars"":""0.5600"",""taker_side"":""yes"",""ticker"":""KXBTC15M-26APR280845-45"",""trade_id"":""924b8303-1868-4021-8efe-00cd6d70d47a"",""yes_price_dollars"":""0.4400""}"
KXBTC15M-26APR280845-45,c8e37072-a8d4-4ec1-8a04-9fcff3ed177a,1777379428,0.44,2.0,yes,"{""count_fp"":""2.00"",""created_time"":""2026-04-28T12:30:28.846614Z"",""no_price_dollars"":""0.5600"",""taker_side"":""yes"",""ticker"":""KXBTC15M-26APR280845-45"",""trade_id"":""c8e37072-a8d4-4ec1-8a04-9fcff3ed177a"",""yes_price_dollars"":""0.4400""}"
KXBTC15M-26APR280845-45,fbbf4689-1d2a-68e3-770b-fa8513fbad85,1777379428,0.43,1.0,no,"{""count_fp"":""1.00"",""created_time"":""2026-04-28T12:30:28.651859Z"",""no_price_dollars"":""0.5700"",""taker_side"":""no"",""ticker"":""KXBTC15M-26APR280845-45"",""trade_id"":""fbbf4689-1d2a-68e3-770b-fa8513fbad85"",""yes_price_dollars"":""0.4300""}"
KXBTC15M-26APR280845-45,d6eb9d4c-3434-6f92-674b-6f92fccb5b2b,1777379428,0.42,28.16,no,"{""count_fp"":""28.16"",""created_time"":""2026-04-28T12:30:28.651859Z"",""no_price_dollars"":""0.5800"",""taker_side"":""no"",""ticker"":""KXBTC15M-26APR280845-45"",""trade_id"":""d6eb9d4c-3434-6f92-674b-6f92fccb5b2b"",""yes_price_dollars"":""0.4200""}"
KXBTC15M-26APR280845-45,86d14262-7630-67be-77bd-34b22a6e01fc,1777379428,0.43,2.96,no,"{""count_fp"":""2.96"",""created_time"":""2026-04-28T12:30:28.651859Z"",""no_price_dollars"":""0.5700"",""taker_side"":""no"",""ticker"":""KXBTC15M-26APR280845-45"",""trade_id"":""86d14262-7630-67be-77bd-34b22a6e01fc"",""yes_price_dollars"":""0.4300""}"
KXBTC15M-26APR280845-45,191ab591-432f-6c9b-7630-b1f68629c51f,1777379428,0.43,10.0,no,"{""count_fp"":""10.00"",""created_time"":""2026-04-28T12:30:28.651859Z"",""no_price_dollars"":""0.5700"",""taker_side"":""no"",""ticker"":""KXBTC15M-26APR280845-45"",""trade_id"":""191ab591-432f-6c9b-7630-b1f68629c51f"",""yes_price_dollars"":""0.4300""}"
KXBTC15M-26APR280845-45,d8f969f1-ba9b-4fd9-9b7b-3df499b24442,1777379429,0.44,15.3,yes,"{""count_fp"":""15.30"",""created_time"":""2026-04-28T12:30:29.940817Z"",""no_price_dollars"":""0.5600"",""taker_side"":""yes"",""ticker"":""KXBTC15M-26APR280845-45"",""trade_id"":""d8f969f1-ba9b-4fd9-9b7b-3df499b24442"",""yes_price_dollars"":""0.4400""}"
KXBTC15M-26APR280845-45,9a80df75-432d-7992-5903-42f18f7210aa,1777379429,0.44,15.85,yes,"{""count_fp"":""15.85"",""created_time"":""2026-04-28T12:30:29.457971Z"",""no_price_dollars"":""0.5600"",""taker_side"":""yes"",""ticker"":""KXBTC15M-26APR280845-45"",""trade_id"":""9a80df75-432d-7992-5903-42f18f7210aa"",""yes_price_dollars"":""0.4400""}"
KXBTC15M-26APR280845-45,40a0d7e6-6b8f-7bf1-4234-1376bfc1926a,1777379429,0.44,203.69,yes,"{""count_fp"":""203.69"",""created_time"":""2026-04-28T12:30:29.457971Z"",""no_price_dollars"":""0.5600"",""taker_side"":""yes"",""ticker"":""KXBTC15M-26APR280845-45"",""trade_id"":""40a0d7e6-6b8f-7bf1-4234-1376bfc1926a"",""yes_price_dollars"":""0.4400""}"
KXBTC15M-26APR280845-45,f0205fd0-2c60-5165-3c03-27593e37cfea,1777379429,0.43,15.29,no,"{""count_fp"":""15.29"",""created_time"":""2026-04-28T12:30:29.443918Z"",""no_price_dollars"":""0.5700"",""taker_side"":""no"",""ticker"":""KXBTC15M-26APR280845-45"",""trade_id"":""f0205fd0-2c60-5165-3c03-27593e37cfea"",""yes_price_dollars"":""0.4300""}"
KXBTC15M-26APR280845-45,f537ca8b-8de4-54d9-eae4-957af36e2c46,1777379429,0.44,15.02,yes,"{""count_fp"":""15.02"",""created_time"":""2026-04-28T12:30:29.373062Z"",""no_price_dollars"":""0.5600"",""taker_side"":""yes"",""ticker"":""KXBTC15M-26APR280845-45"",""trade_id"":""f537ca8b-8de4-54d9-eae4-957af36e2c46"",""yes_price_dollars"":""0.4400""}"
KXBTC15M-26APR280845-45,9769d687-3ded-5896-d3af-e04fe0ce9ef2,1777379429,0.44,12.15,yes,"{""count_fp"":""12.15"",""created_time"":""2026-04-28T12:30:29.373062Z"",""no_price_dollars"":""0.5600"",""taker_side"":""yes"",""ticker"":""KXBTC15M-26APR280845-45"",""trade_id"":""9769d687-3ded-5896-d3af-e04fe0ce9ef2"",""yes_price_dollars"":""0.4400""}"
KXBTC15M-26APR280845-45,4f815e59-908e-5d7f-f974-243e1558488f,1777379429,0.44,10.0,yes,"{""count_fp"":""10.00"",""created_time"":""2026-04-28T12:30:29.373062Z"",""no_price_dollars"":""0.5600"",""taker_side"":""yes"",""ticker"":""KXBTC15M-26APR280845-45"",""trade_id"":""4f815e59-908e-5d7f-f974-243e1558488f"",""yes_price_dollars"":""0.4400""}"
KXBTC15M-26APR280845-45,7eae15fe-219c-7cfd-007b-b61353cd9ede,1777379429,0.44,2.18,yes,"{""count_fp"":""2.18"",""created_time"":""2026-04-28T12:30:29.263826Z"",""no_price_dollars"":""0.5600"",""taker_side"":""yes"",""ticker"":""KXBTC15M-26APR280845-45"",""trade_id"":""7eae15fe-219c-7cfd-007b-b61353cd9ede"",""yes_price_dollars"":""0.4400""}"
KXBTC15M-26APR280845-45,689f1087-b827-5051-74f0-8b7ea60ccb7a,1777379430,0.44,54.65,yes,"{""count_fp"":""54.65"",""created_time"":""2026-04-28T12:30:30.511411Z"",""no_price_dollars"":""0.5600"",""taker_side"":""yes"",""ticker"":""KXBTC15M-26APR280845-45"",""trade_id"":""689f1087-b827-5051-74f0-8b7ea60ccb7a"",""yes_price_dollars"":""0.4400""}"
KXBTC15M-26APR280845-45,8d56199e-38c0-6abd-f250-56bd1852593e,1777379430,0.43,1.0,no,"{""count_fp"":""1.00"",""created_time"":""2026-04-28T12:30:30.246511Z"",""no_price_dollars"":""0.5700"",""taker_side"":""no"",""ticker"":""KXBTC15M-26APR280845-45"",""trade_id"":""8d56199e-38c0-6abd-f250-56bd1852593e"",""yes_price_dollars"":""0.4300""}"
KXBTC15M-26APR280845-45,af58a27f-44bc-7fbd-a1f7-778995296822,1777379430,0.43,2.0,no,"{""count_fp"":""2.00"",""created_time"":""2026-04-28T12:30:30.098874Z"",""no_price_dollars"":""0.5700"",""taker_side"":""no"",""ticker"":""KXBTC15M-26APR280845-45"",""trade_id"":""af58a27f-44bc-7fbd-a1f7-778995296822"",""yes_price_dollars"":""0.4300""}"
KXBTC15M-26APR280845-45,65eaaabf-398c-794e-c219-7330133e79fe,1777379431,0.43,0.65,yes,"{""count_fp"":""0.65"",""created_time"":""2026-04-28T12:30:31.553572Z"",""no_price_dollars"":""0.5700"",""taker_side"":""yes"",""ticker"":""KXBTC15M-26APR280845-45"",""trade_id"":""65eaaabf-398c-794e-c219-7330133e79fe"",""yes_price_dollars"":""0.4300""}"
KXBTC15M-26APR280845-45,c7e6282f-e1bc-704c-a996-600b2ad1e3b6,1777379431,0.42,1.0,no,"{""count_fp"":""1.00"",""created_time"":""2026-04-28T12:30:31.383286Z"",""no_price_dollars"":""0.5800"",""taker_side"":""no"",""ticker"":""KXBTC15M-26APR280845-45"",""trade_id"":""c7e6282f-e1bc-704c-a996-600b2ad1e3b6"",""yes_price_dollars"":""0.4200""}"
KXBTC15M-26APR280845-45,394945e5-3189-7a40-ba6d-3d50eca8905c,1777379431,0.42,30.44,no,"{""count_fp"":""30.44"",""created_time"":""2026-04-28T12:30:31.383286Z"",""no_price_dollars"":""0.5800"",""taker_side"":""no"",""ticker"":""KXBTC15M-26APR280845-45"",""trade_id"":""394945e5-3189-7a40-ba6d-3d50eca8905c"",""yes_price_dollars"":""0.4200""}"
KXBTC15M-26APR280845-45,18b85a53-3f81-7ccc-824e-6839864d6112,1777379431,0.42,9.99,no,"{""count_fp"":""9.99"",""created_time"":""2026-04-28T12:30:31.383286Z"",""no_price_dollars"":""0.5800"",""taker_side"":""no"",""ticker"":""KXBTC15M-26APR280845-45"",""trade_id"":""18b85a53-3f81-7ccc-824e-6839864d6112"",""yes_price_dollars"":""0.4200""}"
KXBTC15M-26APR280845-45,f2b67aa9-931c-5dc3-32a0-b9e60ed932f3,1777379431,0.43,4.31,no,"{""count_fp"":""4.31"",""created_time"":""2026-04-28T12:30:31.266438Z"",""no_price_dollars"":""0.5700"",""taker_side"":""no"",""ticker"":""KXBTC15M-26APR280845-45"",""trade_id"":""f2b67aa9-931c-5dc3-32a0-b9e60ed932f3"",""yes_price_dollars"":""0.4300""}"
KXBTC15M-26APR280845-45,d44aca8f-fe44-512e-2500-16dd64919cef,1777379431,0.42,11.84,no,"{""count_fp"":""11.84"",""created_time"":""2026-04-28T12:30:31.266438Z"",""no_price_dollars"":""0.5800"",""taker_side"":""no"",""ticker"":""KXBTC15M-26APR280845-45"",""trade_id"":""d44aca8f-fe44-512e-2500-16dd64919cef"",""yes_price_dollars"":""0.4200""}"
KXBTC15M-26APR280845-45,c4a5aed7-9fad-5a60-29ab-7291c9a0a5ac,1777379431,0.42,25.56,no,"{""count_fp"":""25.56"",""created_time"":""2026-04-28T12:30:31.266438Z"",""no_price_dollars"":""0.5800"",""taker_side"":""no"",""ticker"":""KXBTC15M-26APR280845-45"",""trade_id"":""c4a5aed7-9fad-5a60-29ab-7291c9a0a5ac"",""yes_price_dollars"":""0.4200""}"
KXBTC15M-26APR280845-45,86649a2a-875b-5835-f00a-9c820f7656b6,1777379431,0.44,1.0,yes,"{""count_fp"":""1.00"",""created_time"":""2026-04-28T12:30:31.030646Z"",""no_price_dollars"":""0.5600"",""taker_side"":""yes"",""ticker"":""KXBTC15M-26APR280845-45"",""trade_id"":""86649a2a-875b-5835-f00a-9c820f7656b6"",""yes_price_dollars"":""0.4400""}"
KXBTC15M-26APR280845-45,5927dfce-1be7-7851-decc-1c59d5049746,1777379432,0.43,5.0,yes,"{""count_fp"":""5.00"",""created_time"":""2026-04-28T12:30:32.680886Z"",""no_price_dollars"":""0.5700"",""taker_side"":""yes"",""ticker"":""KXBTC15M-26APR280845-45"",""trade_id"":""5927dfce-1be7-7851-decc-1c59d5049746"",""yes_price_dollars"":""0.4300""}"
KXBTC15M-26APR280845-45,aae72b6d-2cfb-650d-0a66-88d1267103e2,1777379433,0.43,55.9,yes,"{""count_fp"":""55.90"",""created_time"":""2026-04-28T12:30:33.973476Z"",""no_price_dollars"":""0.5700"",""taker_side"":""yes"",""ticker"":""KXBTC15M-26APR280845-45"",""trade_id"":""aae72b6d-2cfb-650d-0a66-88d1267103e2"",""yes_price_dollars"":""0.4300""}"
KXBTC15M-26APR280845-45,4127652d-3ecb-7301-74c0-c0a32a5c77ee,1777379433,0.43,33.54,yes,"{""count_fp"":""33.54"",""created_time"":""2026-04-28T12:30:33.918005Z"",""no_price_dollars"":""0.5700"",""taker_side"":""yes"",""ticker"":""KXBTC15M-26APR280845-45"",""trade_id"":""4127652d-3ecb-7301-74c0-c0a32a5c77ee"",""yes_price_dollars"":""0.4300""}"
KXBTC15M-26APR280845-45,0884808b-b05b-451d-4498-83f98c5bed52,1777379433,0.43,6.56,yes,"{""count_fp"":""6.56"",""created_time"":""2026-04-28T12:30:33.855911Z"",""no_price_dollars"":""0.5700"",""taker_side"":""yes"",""ticker"":""KXBTC15M-26APR280845-45"",""trade_id"":""0884808b-b05b-451d-4498-83f98c5bed52"",""yes_price_dollars"":""0.4300""}"
KXBTC15M-26APR280845-45,908c69c6-7f87-789d-d4ca-f23a6257e33a,1777379433,0.43,12.0,yes,"{""count_fp"":""12.00"",""created_time"":""2026-04-28T12:30:33.785621Z"",""no_price_dollars"":""0.5700"",""taker_side"":""yes"",""ticker"":""KXBTC15M-26APR280845-45"",""trade_id"":""908c69c6-7f87-789d-d4ca-f23a6257e33a"",""yes_price_dollars"":""0.4300""}"
KXBTC15M-26APR280845-45,7ec1f309-ad9b-7da5-8567-2001695643fa,1777379433,0.43,17.02,yes,"{""count_fp"":""17.02"",""created_time"":""2026-04-28T12:30:33.392006Z"",""no_price_dollars"":""0.5700"",""taker_side"":""yes"",""ticker"":""KXBTC15M-26APR280845-45"",""trade_id"":""7ec1f309-ad9b-7da5-8567-2001695643fa"",""yes_price_dollars"":""0.4300""}"
KXBTC15M-26APR280845-45,e2dd37b9-a345-5cdd-0f6b-feb9cd15a521,1777379433,0.42,0.65,no,"{""count_fp"":""0.65"",""created_time"":""2026-04-28T12:30:33.118094Z"",""no_price_dollars"":""0.5800"",""taker_side"":""no"",""ticker"":""KXBTC15M-26APR280845-45"",""trade_id"":""e2dd37b9-a345-5cdd-0f6b-feb9cd15a521"",""yes_price_dollars"":""0.4200""}"
KXBTC15M-26APR280845-45,70b0d243-e954-5802-695b-0abf4edd88cc,1777379434,0.47,32.35,yes,"{""count_fp"":""32.35"",""created_time"":""2026-04-28T12:30:34.795954Z"",""no_price_dollars"":""0.5300"",""taker_side"":""yes"",""ticker"":""KXBTC15M-26APR280845-45"",""trade_id"":""70b0d243-e954-5802-695b-0abf4edd88cc"",""yes_price_dollars"":""0.4700""}"
KXBTC15M-26APR280845-45,f01ceda6-6a10-57f3-6e31-d3ea4499ee6c,1777379434,0.46,20.0,yes,"{""count_fp"":""20.00"",""created_time"":""2026-04-28T12:30:34.744547Z"",""no_price_dollars"":""0.5400"",""taker_side"":""yes"",""ticker"":""KXBTC15M-26APR280845-45"",""trade_id"":""f01ceda6-6a10-57f3-6e31-d3ea4499ee6c"",""yes_price_dollars"":""0.4600""}"
KXBTC15M-26APR280845-45,8fa98a33-b8e3-530d-5a2b-38b29b333116,1777379434,0.46,3.0,yes,"{""count_fp"":""3.00"",""created_time"":""2026-04-28T12:30:34.744547Z"",""no_price_dollars"":""0.5400"",""taker_side"":""yes"",""ticker"":""KXBTC15M-26APR280845-45"",""trade_id"":""8fa98a33-b8e3-530d-5a2b-38b29b333116"",""yes_price_dollars"":""0.4600""}"
KXBTC15M-26APR280845-45,d5b467ae-35b5-5f4c-ab3e-3c455102c8df,1777379434,0.46,4.0,yes,"{""count_fp"":""4.00"",""created_time"":""2026-04-28T12:30:34.739333Z"",""no_price_dollars"":""0.5400"",""taker_side"":""yes"",""ticker"":""KXBTC15M-26APR280845-45"",""trade_id"":""d5b467ae-35b5-5f4c-ab3e-3c455102c8df"",""yes_price_dollars"":""0.4600""}"
KXBTC15M-26APR280845-45,d25070be-e55f-5fee-4bd9-1352aa5de535,1777379434,0.45,1.0,yes,"{""count_fp"":""1.00"",""created_time"":""2026-04-28T12:30:34.725805Z"",""no_price_dollars"":""0.5500"",""taker_side"":""yes"",""ticker"":""KXBTC15M-26APR280845-45"",""trade_id"":""d25070be-e55f-5fee-4bd9-1352aa5de535"",""yes_price_dollars"":""0.4500""}"
KXBTC15M-26APR280845-45,1eefc7b7-12a7-5047-5294-5e6f175db5dc,1777379434,0.45,20.0,yes,"{""count_fp"":""20.00"",""created_time"":""2026-04-28T12:30:34.725805Z"",""no_price_dollars"":""0.5500"",""taker_side"":""yes"",""ticker"":""KXBTC15M-26APR280845-45"",""trade_id"":""1eefc7b7-12a7-5047-5294-5e6f175db5dc"",""yes_price_dollars"":""0.4500""}"
KXBTC15M-26APR280845-45,1feb7bbe-9c53-67aa-2e20-13bc616b0c1f,1777379434,0.44,1.0,yes,"{""count_fp"":""1.00"",""created_time"":""2026-04-28T12:30:34.568549Z"",""no_price_dollars"":""0.5600"",""taker_side"":""yes"",""ticker"":""KXBTC15M-26APR280845-45"",""trade_id"":""1feb7bbe-9c53-67aa-2e20-13bc616b0c1f"",""yes_price_dollars"":""0.4400""}"
KXBTC15M-26APR280845-45,1c8011a5-5762-63b5-26d1-89a892282e81,1777379434,0.44,3.29,yes,"{""count_fp"":""3.29"",""created_time"":""2026-04-28T12:30:34.568549Z"",""no_price_dollars"":""0.5600"",""taker_side"":""yes"",""ticker"":""KXBTC15M-26APR280845-45"",""trade_id"":""1c8011a5-5762-63b5-26d1-89a892282e81"",""yes_price_dollars"":""0.4400""}"
KXBTC15M-26APR280845-45,86ef68de-7137-563d-aac6-f485617aa23a,1777379434,0.43,177.33,yes,"{""count_fp"":""177.33"",""created_time"":""2026-04-28T12:30:34.466429Z"",""no_price_dollars"":""0.5700"",""taker_side"":""yes"",""ticker"":""KXBTC15M-26APR280845-45"",""trade_id"":""86ef68de-7137-563d-aac6-f485617aa23a"",""yes_price_dollars"":""0.4300""}"
KXBTC15M-26APR280845-45,a91acd5b-b37f-4f85-8368-4e90864c60fe,1777379434,0.43,41.87,yes,"{""count_fp"":""41.87"",""created_time"":""2026-04-28T12:30:34.462209Z"",""no_price_dollars"":""0.5700"",""taker_side"":""yes"",""ticker"":""KXBTC15M-26APR280845-45"",""trade_id"":""a91acd5b-b37f-4f85-8368-4e90864c60fe"",""yes_price_dollars"":""0.4300""}"
KXBTC15M-26APR280845-45,7fb4ecd3-6077-6881-16ff-05944d5a9996,1777379434,0.43,33.07,yes,"{""count_fp"":""33.07"",""created_time"":""2026-04-28T12:30:34.457745Z"",""no_price_dollars"":""0.5700"",""taker_side"":""yes"",""ticker"":""KXBTC15M-26APR280845-45"",""trade_id"":""7fb4ecd3-6077-6881-16ff-05944d5a9996"",""yes_price_dollars"":""0.4300""}"
KXBTC15M-26APR280845-45,f0aa25b8-595f-5391-d30e-2394f59b4a3e,1777379434,0.43,1.0,yes,"{""count_fp"":""1.00"",""created_time"":""2026-04-28T12:30:34.450566Z"",""no_price_dollars"":""0.5700"",""taker_side"":""yes"",""ticker"":""KXBTC15M-26APR280845-45"",""trade_id"":""f0aa25b8-595f-5391-d30e-2394f59b4a3e"",""yes_price_dollars"":""0.4300""}"
KXBTC15M-26APR280845-45,aad554b4-0033-4235-5f35-72362fcd4902,1777379434,0.43,30.0,yes,"{""count_fp"":""30.00"",""created_time"":""2026-04-28T12:30:34.428227Z"",""no_price_dollars"":""0.5700"",""taker_side"":""yes"",""ticker"":""KXBTC15M-26APR280845-45"",""trade_id"":""aad554b4-0033-4235-5f35-72362fcd4902"",""yes_price_dollars"":""0.4300""}"
KXBTC15M-26APR280845-45,9830b6ea-bee3-509d-499e-f58d85788ea2,1777379434,0.43,2.0,yes,"{""count_fp"":""2.00"",""created_time"":""2026-04-28T12:30:34.182869Z"",""no_price_dollars"":""0.5700"",""taker_side"":""yes"",""ticker"":""KXBTC15M-26APR280845-45"",""trade_id"":""9830b6ea-bee3-509d-499e-f58d85788ea2"",""yes_price_dollars"":""0.4300""}"
KXBTC15M-26APR280845-45,67ee20ec-f5a6-4044-8e75-68f3cbfa56e7,1777379435,0.46,1.0,no,"{""count_fp"":""1.00"",""created_time"":""2026-04-28T12:30:35.512849Z"",""no_price_dollars"":""0.5400"",""taker_side"":""no"",""ticker"":""KXBTC15M-26APR280845-45"",""trade_id"":""67ee20ec-f5a6-4044-8e75-68f3cbfa56e7"",""yes_price_dollars"":""0.4600""}"
KXBTC15M-26APR280845-45,2b353e63-bbde-50b0-2a4c-69e1656c861f,1777379435,0.46,38.0,no,"{""count_fp"":""38.00"",""created_time"":""2026-04-28T12:30:35.392229Z"",""no_price_dollars"":""0.5400"",""taker_side"":""no"",""ticker"":""KXBTC15M-26APR280845-45"",""trade_id"":""2b353e63-bbde-50b0-2a4c-69e1656c861f"",""yes_price_dollars"":""0.4600""}"
KXBTC15M-26APR280845-45,5a6b7ab4-4e61-50b7-58a9-fe8fb9e52775,1777379436,0.43,5.0,no,"{""count_fp"":""5.00"",""created_time"":""2026-04-28T12:30:36.871037Z"",""no_price_dollars"":""0.5700"",""taker_side"":""no"",""ticker"":""KXBTC15M-26APR280845-45"",""trade_id"":""5a6b7ab4-4e61-50b7-58a9-fe8fb9e52775"",""yes_price_dollars"":""0.4300""}"
KXBTC15M-26APR280845-45,f34ab33a-ebb0-5dfa-723e-83ce3e14e26b,1777379436,0.43,19.05,no,"{""count_fp"":""19.05"",""created_time"":""2026-04-28T12:30:36.707584Z"",""no_price_dollars"":""0.5700"",""taker_side"":""no"",""ticker"":""KXBTC15M-26APR280845-45"",""trade_id"":""f34ab33a-ebb0-5dfa-723e-83ce3e14e26b"",""yes_price_dollars"":""0.4300""}"
KXBTC15M-26APR280845-45,ed39d2e9-c596-5691-618e-b68b7f05d943,1777379436,0.43,3.0,no,"{""count_fp"":""3.00"",""created_time"":""2026-04-28T12:30:36.707584Z"",""no_price_dollars"":""0.5700"",""taker_side"":""no"",""ticker"":""KXBTC15M-26APR280845-45"",""trade_id"":""ed39d2e9-c596-5691-618e-b68b7f05d943"",""yes_price_dollars"":""0.4300""}"
KXBTC15M-26APR280845-45,0faca939-df52-5a6e-bdaf-60611c69663b,1777379436,0.44,1.0,no,"{""count_fp"":""1.00"",""created_time"":""2026-04-28T12:30:36.662173Z"",""no_price_dollars"":""0.5600"",""taker_side"":""no"",""ticker"":""KXBTC15M-26APR280845-45"",""trade_id"":""0faca939-df52-5a6e-bdaf-60611c69663b"",""yes_price_dollars"":""0.4400""}"
KXBTC15M-26APR280845-45,0f116d7a-80b9-596d-a33d-81a477c98942,1777379436,0.43,14.74,no,"{""count_fp"":""14.74"",""created_time"":""2026-04-28T12:30:36.662173Z"",""no_price_dollars"":""0.5700"",""taker_side"":""no"",""ticker"":""KXBTC15M-26APR280845-45"",""trade_id"":""0f116d7a-80b9-596d-a33d-81a477c98942"",""yes_price_dollars"":""0.4300""}"
KXBTC15M-26APR280845-45,09131915-f38e-5883-8358-47a5aba11358,1777379436,0.44,1.0,no,"{""count_fp"":""1.00"",""created_time"":""2026-04-28T12:30:36.662173Z"",""no_price_dollars"":""0.5600"",""taker_side"":""no"",""ticker"":""KXBTC15M-26APR280845-45"",""trade_id"":""09131915-f38e-5883-8358-47a5aba11358"",""yes_price_dollars"":""0.4400""}"
KXBTC15M-26APR280845-45,f635c0d4-a58f-4158-50c5-4b9a3912243b,1777379436,0.44,13.79,no,"{""count_fp"":""13.79"",""created_time"":""2026-04-28T12:30:36.559895Z"",""no_price_dollars"":""0.5600"",""taker_side"":""no"",""ticker"":""KXBTC15M-26APR280845-45"",""trade_id"":""f635c0d4-a58f-4158-50c5-4b9a3912243b"",""yes_price_dollars"":""0.4400""}"
KXBTC15M-26APR280845-45,a9c7b3ca-ecff-4d24-6fae-e033994f6221,1777379436,0.44,49.2,no,"{""count_fp"":""49.20"",""created_time"":""2026-04-28T12:30:36.559895Z"",""no_price_dollars"":""0.5600"",""taker_side"":""no"",""ticker"":""KXBTC15M-26APR280845-45"",""trade_id"":""a9c7b3ca-ecff-4d24-6fae-e033994f6221"",""yes_price_dollars"":""0.4400""}"
KXBTC15M-26APR280845-45,65ccb8bc-78bf-4cac-4983-9ab17f9f78cb,1777379436,0.44,3.0,no,"{""count_fp"":""3.00"",""created_time"":""2026-04-28T12:30:36.559895Z"",""no_price_dollars"":""0.5600"",""taker_side"":""no"",""ticker"":""KXBTC15M-26APR280845-45"",""trade_id"":""65ccb8bc-78bf-4cac-4983-9ab17f9f78cb"",""yes_price_dollars"":""0.4400""}"
KXBTC15M-26APR280845-45,11bc70b0-6623-49b6-42cf-2f9461909c3c,1777379436,0.44,1.0,no,"{""count_fp"":""1.00"",""created_time"":""2026-04-28T12:30:36.559895Z"",""no_price_dollars"":""0.5600"",""taker_side"":""no"",""ticker"":""KXBTC15M-26APR280845-45"",""trade_id"":""11bc70b0-6623-49b6-42cf-2f9461909c3c"",""yes_price_dollars"":""0.4400""}"
KXBTC15M-26APR280845-45,ea538cce-159f-7340-1610-828c81c7862d,1777379436,0.44,6.8,no,"{""count_fp"":""6.80"",""created_time"":""2026-04-28T12:30:36.112967Z"",""no_price_dollars"":""0.5600"",""taker_side"":""no"",""ticker"":""KXBTC15M-26APR280845-45"",""trade_id"":""ea538cce-159f-7340-1610-828c81c7862d"",""yes_price_dollars"":""0.4400""}"
KXBTC15M-26APR280845-45,7bb23e26-d313-7623-332b-73448dbfb478,1777379436,0.45,20.0,no,"{""count_fp"":""20.00"",""created_time"":""2026-04-28T12:30:36.112967Z"",""no_price_dollars"":""0.5500"",""taker_side"":""no"",""ticker"":""KXBTC15M-26APR280845-45"",""trade_id"":""7bb23e26-d313-7623-332b-73448dbfb478"",""yes_price_dollars"":""0.4500""}"
KXBTC15M-26APR280845-45,66c0704d-b94f-7882-3df3-8e30de344731,1777379436,0.44,40.0,no,"{""count_fp"":""40.00"",""created_time"":""2026-04-28T12:30:36.112967Z"",""no_price_dollars"":""0.5600"",""taker_side"":""no"",""ticker"":""KXBTC15M-26APR280845-45"",""trade_id"":""66c0704d-b94f-7882-3df3-8e30de344731"",""yes_price_dollars"":""0.4400""}"
KXBTC15M-26APR280845-45,2a7dc39d-fb54-7d9a-07b4-24258f81f22f,1777379436,0.46,17.0,no,"{""count_fp"":""17.00"",""created_time"":""2026-04-28T12:30:36.112967Z"",""no_price_dollars"":""0.5400"",""taker_side"":""no"",""ticker"":""KXBTC15M-26APR280845-45"",""trade_id"":""2a7dc39d-fb54-7d9a-07b4-24258f81f22f"",""yes_price_dollars"":""0.4600""}"
KXBTC15M-26APR280845-45,e30393f5-91f4-6182-59bb-33f2bb30b02b,1777379436,0.46,10.0,no,"{""count_fp"":""10.00"",""created_time"":""2026-04-28T12:30:36.033893Z"",""no_price_dollars"":""0.5400"",""taker_side"":""no"",""ticker"":""KXBTC15M-26APR280845-45"",""trade_id"":""e30393f5-91f4-6182-59bb-33f2bb30b02b"",""yes_price_dollars"":""0.4600""}"
KXBTC15M-26APR280845-45,01b9fa49-4bde-6a08-4ace-f1ab487c163f,1777379436,0.46,10.0,no,"{""count_fp"":""10.00"",""created_time"":""2026-04-28T12:30:36.033893Z"",""no_price_dollars"":""0.5400"",""taker_side"":""no"",""ticker"":""KXBTC15M-26APR280845-45"",""trade_id"":""01b9fa49-4bde-6a08-4ace-f1ab487c163f"",""yes_price_dollars"":""0.4600""}"
KXBTC15M-26APR280845-45,5879da2c-46c8-609b-d546-eeba822d0ecd,1777379437,0.44,21.39,yes,"{""count_fp"":""21.39"",""created_time"":""2026-04-28T12:30:37.510233Z"",""no_price_dollars"":""0.5600"",""taker_side"":""yes"",""ticker"":""KXBTC15M-26APR280845-45"",""trade_id"":""5879da2c-46c8-609b-d546-eeba822d0ecd"",""yes_price_dollars"":""0.4400""}"
KXBTC15M-26APR280845-45,d295ffee-51e2-595b-0255-4da520cdf74a,1777379438,0.44,43.73,yes,"{""count_fp"":""43.73"",""created_time"":""2026-04-28T12:30:38.850747Z"",""no_price_dollars"":""0.5600"",""taker_side"":""yes"",""ticker"":""KXBTC15M-26APR280845-45"",""trade_id"":""d295ffee-51e2-595b-0255-4da520cdf74a"",""yes_price_dollars"":""0.4400""}"
KXBTC15M-26APR280845-45,1a0f953e-f4ca-43bb-bf06-a60ca4e84606,1777379438,0.44,1.09,yes,"{""count_fp"":""1.09"",""created_time"":""2026-04-28T12:30:38.650854Z"",""no_price_dollars"":""0.5600"",""taker_side"":""yes"",""ticker"":""KXBTC15M-26APR280845-45"",""trade_id"":""1a0f953e-f4ca-43bb-bf06-a60ca4e84606"",""yes_price_dollars"":""0.4400""}"
KXBTC15M-26APR280845-45,d43839c1-04b1-41b0-6707-0046a3345fc6,1777379438,0.42,803.52,no,"{""count_fp"":""803.52"",""created_time"":""2026-04-28T12:30:38.167789Z"",""no_price_dollars"":""0.5800"",""taker_side"":""no"",""ticker"":""KXBTC15M-26APR280845-45"",""trade_id"":""d43839c1-04b1-41b0-6707-0046a3345fc6"",""yes_price_dollars"":""0.4200""}"
KXBTC15M-26APR280845-45,d2d842da-7986-4af6-72b7-a3eb876a16bf,1777379438,0.43,8.0,no,"{""count_fp"":""8.00"",""created_time"":""2026-04-28T12:30:38.167789Z"",""no_price_dollars"":""0.5700"",""taker_side"":""no"",""ticker"":""KXBTC15M-26APR280845-45"",""trade_id"":""d2d842da-7986-4af6-72b7-a3eb876a16bf"",""yes_price_dollars"":""0.4300""}"
KXBTC15M-26APR280845-45,6c7e275b-0609-4c0f-499b-d839fc4b9560,1777379438,0.43,20.0,no,"{""count_fp"":""20.00"",""created_time"":""2026-04-28T12:30:38.167789Z"",""no_price_dollars"":""0.5700"",""taker_side"":""no"",""ticker"":""KXBTC15M-26APR280845-45"",""trade_id"":""6c7e275b-0609-4c0f-499b-d839fc4b9560"",""yes_price_dollars"":""0.4300""}"
KXBTC15M-26APR280845-45,17cb3ed0-b1bb-4eb4-b757-f9998d006a52,1777379439,0.43,10.93,yes,"{""count_fp"":""10.93"",""created_time"":""2026-04-28T12:30:39.995975Z"",""no_price_dollars"":""0.5700"",""taker_side"":""yes"",""ticker"":""KXBTC15M-26APR280845-45"",""trade_id"":""17cb3ed0-b1bb-4eb4-b757-f9998d006a52"",""yes_price_dollars"":""0.4300""}"
KXBTC15M-26APR280845-45,cd4d4dc5-8ad2-76f7-bad1-b0c4d6dcf06a,1777379440,0.42,123.09,yes,"{""count_fp"":""123.09"",""created_time"":""2026-04-28T12:30:40.621089Z"",""no_price_dollars"":""0.5800"",""taker_side"":""yes"",""ticker"":""KXBTC15M-26APR280845-45"",""trade_id"":""cd4d4dc5-8ad2-76f7-bad1-b0c4d6dcf06a"",""yes_price_dollars"":""0.4200""}"
KXBTC15M-26APR280845-45,292057a6-1a82-4c77-ebc2-3f817a5c7e0a,1777379440,0.43,370.29,yes,"{""count_fp"":""370.29"",""created_time"":""2026-04-28T12:30:40.549838Z"",""no_price_dollars"":""0.5700"",""taker_side"":""yes"",""ticker"":""KXBTC15M-26APR280845-45"",""trade_id"":""292057a6-1a82-4c77-ebc2-3f817a5c7e0a"",""yes_price_dollars"":""0.4300""}"
KXBTC15M-26APR280845-45,00cfabb0-e8d2-4ab6-e3ab-88eadbd041b0,1777379440,0.42,40.0,yes,"{""count_fp"":""40.00"",""created_time"":""2026-04-28T12:30:40.549838Z"",""no_price_dollars"":""0.5800"",""taker_side"":""yes"",""ticker"":""KXBTC15M-26APR280845-45"",""trade_id"":""00cfabb0-e8d2-4ab6-e3ab-88eadbd041b0"",""yes_price_dollars"":""0.4200""}"
KXBTC15M-26APR280845-45,e0310517-f95e-4ab8-420d-347b7a4ca7c8,1777379440,0.42,10.0,no,"{""count_fp"":""10.00"",""created_time"":""2026-04-28T12:30:40.522275Z"",""no_price_dollars"":""0.5800"",""taker_side"":""no"",""ticker"":""KXBTC15M-26APR280845-45"",""trade_id"":""e0310517-f95e-4ab8-420d-347b7a4ca7c8"",""yes_price_dollars"":""0.4200""}"
KXBTC15M-26APR280845-45,61935047-503a-45bd-7d2c-f21ef35931c4,1777379440,0.41,10.3,no,"{""count_fp"":""10.30"",""created_time"":""2026-04-28T12:30:40.522275Z"",""no_price_dollars"":""0.5900"",""taker_side"":""no"",""ticker"":""KXBTC15M-26APR280845-45"",""trade_id"":""61935047-503a-45bd-7d2c-f21ef35931c4"",""yes_price_dollars"":""0.4100""}"
KXBTC15M-26APR280845-45,154bec36-83f8-4976-73d8-d65e63b9222d,1777379440,0.41,20.0,no,"{""count_fp"":""20.00"",""created_time"":""2026-04-28T12:30:40.522275Z"",""no_price_dollars"":""0.5900"",""taker_side"":""no"",""ticker"":""KXBTC15M-26APR280845-45"",""trade_id"":""154bec36-83f8-4976-73d8-d65e63b9222d"",""yes_price_dollars"":""0.4100""}"
KXBTC15M-26APR280845-45,f06a7224-2403-7fae-8e27-fe0a74ef0de3,1777379441,0.42,6.15,yes,"{""count_fp"":""6.15"",""created_time"":""2026-04-28T12:30:41.744547Z"",""no_price_dollars"":""0.5800"",""taker_side"":""yes"",""ticker"":""KXBTC15M-26APR280845-45"",""trade_id"":""f06a7224-2403-7fae-8e27-fe0a74ef0de3"",""yes_price_dollars"":""0.4200""}"
KXBTC15M-26APR280845-45,ca825cc5-9047-448a-7cde-6b9aae97de77,1777379441,0.42,223.63,yes,"{""count_fp"":""223.63"",""created_time"":""2026-04-28T12:30:41.685811Z"",""no_price_dollars"":""0.5800"",""taker_side"":""yes"",""ticker"":""KXBTC15M-26APR280845-45"",""trade_id"":""ca825cc5-9047-448a-7cde-6b9aae97de77"",""yes_price_dollars"":""0.4200""}"
KXBTC15M-26APR280845-45,dc7ba05a-b93b-506e-e200-c68c688bade7,1777379441,0.42,33.54,yes,"{""count_fp"":""33.54"",""created_time"":""2026-04-28T12:30:41.494828Z"",""no_price_dollars"":""0.5800"",""taker_side"":""yes"",""ticker"":""KXBTC15M-26APR280845-45"",""trade_id"":""dc7ba05a-b93b-506e-e200-c68c688bade7"",""yes_price_dollars"":""0.4200""}"
KXBTC15M-26APR280845-45,e793f320-fd5e-5a33-1e39-f2a90e599216,1777379441,0.42,33.0,yes,"{""count_fp"":""33.00"",""created_time"":""2026-04-28T12:30:41.159302Z"",""no_price_dollars"":""0.5800"",""taker_side"":""yes"",""ticker"":""KXBTC15M-26APR280845-45"",""trade_id"":""e793f320-fd5e-5a33-1e39-f2a90e599216"",""yes_price_dollars"":""0.4200""}"
KXBTC15M-26APR280845-45,bb4d9bd9-3c5b-503a-2959-33faba9d4c0f,1777379441,0.42,113.79,yes,"{""count_fp"":""113.79"",""created_time"":""2026-04-28T12:30:41.159302Z"",""no_price_dollars"":""0.5800"",""taker_side"":""yes"",""ticker"":""KXBTC15M-26APR280845-45"",""trade_id"":""bb4d9bd9-3c5b-503a-2959-33faba9d4c0f"",""yes_price_dollars"":""0.4200""}"
KXBTC15M-26APR280845-45,aebd4854-b30f-56a8-28f7-961071ce9eb9,1777379441,0.42,40.0,yes,"{""count_fp"":""40.00"",""created_time"":""2026-04-28T12:30:41.159302Z"",""no_price_dollars"":""0.5800"",""taker_side"":""yes"",""ticker"":""KXBTC15M-26APR280845-45"",""trade_id"":""aebd4854-b30f-56a8-28f7-961071ce9eb9"",""yes_price_dollars"":""0.4200""}"
KXBTC15M-26APR280845-45,aaf2f133-ea42-5351-0c05-33ec24f23d49,1777379441,0.42,10.0,yes,"{""count_fp"":""10.00"",""created_time"":""2026-04-28T12:30:41.159302Z"",""no_price_dollars"":""0.5800"",""taker_side"":""yes"",""ticker"":""KXBTC15M-26APR280845-45"",""trade_id"":""aaf2f133-ea42-5351-0c05-33ec24f23d49"",""yes_price_dollars"":""0.4200""}"
KXBTC15M-26APR280845-45,199da823-c447-7b1a-0fb2-3903dfa0d8ab,1777379442,0.42,45.76,yes,"{""count_fp"":""45.76"",""created_time"":""2026-04-28T12:30:42.688883Z"",""no_price_dollars"":""0.5800"",""taker_side"":""yes"",""ticker"":""KXBTC15M-26APR280845-45"",""trade_id"":""199da823-c447-7b1a-0fb2-3903dfa0d8ab"",""yes_price_dollars"":""0.4200""}"
KXBTC15M-26APR280845-45,15f3d95f-8a86-5cc9-ebd6-f1ceeecd4e80,1777379442,0.41,0.16,no,"{""count_fp"":""0.16"",""created_time"":""2026-04-28T12:30:42.363477Z"",""no_price_dollars"":""0.5900"",""taker_side"":""no"",""ticker"":""KXBTC15M-26APR280845-45"",""trade_id"":""15f3d95f-8a86-5cc9-ebd6-f1ceeecd4e80"",""yes_price_dollars"":""0.4100""}"
KXBTC15M-26APR280845-45,7e7381d3-14cf-4af2-a2ec-36640657d40f,1777379443,0.42,12.0,yes,"{""count_fp"":""12.00"",""created_time"":""2026-04-28T12:30:43.898755Z"",""no_price_dollars"":""0.5800"",""taker_side"":""yes"",""ticker"":""KXBTC15M-26APR280845-45"",""trade_id"":""7e7381d3-14cf-4af2-a2ec-36640657d40f"",""yes_price_dollars"":""0.4200""}"
KXBTC15M-26APR280845-45,3d430bf9-d3e3-5186-dbe8-bc5162d3e85b,1777379443,0.42,2.0,yes,"{""count_fp"":""2.00"",""created_time"":""2026-04-28T12:30:43.419095Z"",""no_price_dollars"":""0.5800"",""taker_side"":""yes"",""ticker"":""KXBTC15M-26APR280845-45"",""trade_id"":""3d430bf9-d3e3-5186-dbe8-bc5162d3e85b"",""yes_price_dollars"":""0.4200""}"
KXBTC15M-26APR280845-45,165ce7dd-bf1e-5655-8a6d-dbd74760e1b4,1777379444,0.41,9.88,no,"{""count_fp"":""9.88"",""created_time"":""2026-04-28T12:30:44.952772Z"",""no_price_dollars"":""0.5900"",""taker_side"":""no"",""ticker"":""KXBTC15M-26APR280845-45"",""trade_id"":""165ce7dd-bf1e-5655-8a6d-dbd74760e1b4"",""yes_price_dollars"":""0.4100""}"
KXBTC15M-26APR280845-45,ba6a96ef-e1f4-4661-c10c-383b396e0ec5,1777379445,0.41,1.64,no,"{""count_fp"":""1.64"",""created_time"":""2026-04-28T12:30:45.894464Z"",""no_price_dollars"":""0.5900"",""taker_side"":""no"",""ticker"":""KXBTC15M-26APR280845-45"",""trade_id"":""ba6a96ef-e1f4-4661-c10c-383b396e0ec5"",""yes_price_dollars"":""0.4100""}"
KXBTC15M-26APR280845-45,ef6af0b2-0b98-68f5-ba14-52c99f1aafa1,1777379445,0.41,23.89,no,"{""count_fp"":""23.89"",""created_time"":""2026-04-28T12:30:45.726948Z"",""no_price_dollars"":""0.5900"",""taker_side"":""no"",""ticker"":""KXBTC15M-26APR280845-45"",""trade_id"":""ef6af0b2-0b98-68f5-ba14-52c99f1aafa1"",""yes_price_dollars"":""0.4100""}"
KXBTC15M-26APR280845-45,a129d1b7-c1bd-62fd-86ef-e1602b37e4c4,1777379445,0.41,14.3,no,"{""count_fp"":""14.30"",""created_time"":""2026-04-28T12:30:45.726948Z"",""no_price_dollars"":""0.5900"",""taker_side"":""no"",""ticker"":""KXBTC15M-26APR280845-45"",""trade_id"":""a129d1b7-c1bd-62fd-86ef-e1602b37e4c4"",""yes_price_dollars"":""0.4100""}"
KXBTC15M-26APR280845-45,887b9580-3c66-6599-b530-770aed2cf4d8,1777379445,0.41,3.0,no,"{""count_fp"":""3.00"",""created_time"":""2026-04-28T12:30:45.726948Z"",""no_price_dollars"":""0.5900"",""taker_side"":""no"",""ticker"":""KXBTC15M-26APR280845-45"",""trade_id"":""887b9580-3c66-6599-b530-770aed2cf4d8"",""yes_price_dollars"":""0.4100""}"
KXBTC15M-26APR280845-45,78c8dd10-2f87-6f36-fbdb-41d2c8b26807,1777379445,0.42,57.2,yes,"{""count_fp"":""57.20"",""created_time"":""2026-04-28T12:30:45.593581Z"",""no_price_dollars"":""0.5800"",""taker_side"":""yes"",""ticker"":""KXBTC15M-26APR280845-45"",""trade_id"":""78c8dd10-2f87-6f36-fbdb-41d2c8b26807"",""yes_price_dollars"":""0.4200""}"
KXBTC15M-26APR280845-45,e674a222-6972-761d-980a-f50fe9f66630,1777379445,0.41,9.66,no,"{""count_fp"":""9.66"",""created_time"":""2026-04-28T12:30:45.088512Z"",""no_price_dollars"":""0.5900"",""taker_side"":""no"",""ticker"":""KXBTC15M-26APR280845-45"",""trade_id"":""e674a222-6972-761d-980a-f50fe9f66630"",""yes_price_dollars"":""0.4100""}"
KXBTC15M-26APR280845-45,b1b81311-841d-76c9-9bf1-6bbe25ea1b60,1777379445,0.41,3.7,no,"{""count_fp"":""3.70"",""created_time"":""2026-04-28T12:30:45.088512Z"",""no_price_dollars"":""0.5900"",""taker_side"":""no"",""ticker"":""KXBTC15M-26APR280845-45"",""trade_id"":""b1b81311-841d-76c9-9bf1-6bbe25ea1b60"",""yes_price_dollars"":""0.4100""}"
KXBTC15M-26APR280845-45,969adee9-1998-7f41-bf0f-6f0482760fc5,1777379445,0.41,19.23,no,"{""count_fp"":""19.23"",""created_time"":""2026-04-28T12:30:45.088512Z"",""no_price_dollars"":""0.5900"",""taker_side"":""no"",""ticker"":""KXBTC15M-26APR280845-45"",""trade_id"":""969adee9-1998-7f41-bf0f-6f0482760fc5"",""yes_price_dollars"":""0.4100""}"
KXBTC15M-26APR280845-45,f90d24d1-d95f-7525-a4f8-e427cf640b87,1777379446,0.42,1.6,yes,"{""count_fp"":""1.60"",""created_time"":""2026-04-28T12:30:46.996141Z"",""no_price_dollars"":""0.5800"",""taker_side"":""yes"",""ticker"":""KXBTC15M-26APR280845-45"",""trade_id"":""f90d24d1-d95f-7525-a4f8-e427cf640b87"",""yes_price_dollars"":""0.4200""}"
KXBTC15M-26APR280845-45,5a63fb7d-485b-5935-c014-c7a6fc380347,1777379446,0.42,45.76,yes,"{""count_fp"":""45.76"",""created_time"":""2026-04-28T12:30:46.775824Z"",""no_price_dollars"":""0.5800"",""taker_side"":""yes"",""ticker"":""KXBTC15M-26APR280845-45"",""trade_id"":""5a63fb7d-485b-5935-c014-c7a6fc380347"",""yes_price_dollars"":""0.4200""}"
KXBTC15M-26APR280845-45,99cc3599-bc5c-5b59-3c0f-49d3d275e5a9,1777379446,0.41,3.29,no,"{""count_fp"":""3.29"",""created_time"":""2026-04-28T12:30:46.626101Z"",""no_price_dollars"":""0.5900"",""taker_side"":""no"",""ticker"":""KXBTC15M-26APR280845-45"",""trade_id"":""99cc3599-bc5c-5b59-3c0f-49d3d275e5a9"",""yes_price_dollars"":""0.4100""}"
KXBTC15M-26APR280845-45,c03c16dd-7227-4f29-9be9-a84ba38240db,1777379446,0.42,4.47,yes,"{""count_fp"":""4.47"",""created_time"":""2026-04-28T12:30:46.511947Z"",""no_price_dollars"":""0.5800"",""taker_side"":""yes"",""ticker"":""KXBTC15M-26APR280845-45"",""trade_id"":""c03c16dd-7227-4f29-9be9-a84ba38240db"",""yes_price_dollars"":""0.4200""}"
KXBTC15M-26APR280845-45,7f24e1fc-f1a5-5a3f-5fb9-b08f3d3bc8d1,1777379446,0.42,89.23,yes,"{""count_fp"":""89.23"",""created_time"":""2026-04-28T12:30:46.403788Z"",""no_price_dollars"":""0.5800"",""taker_side"":""yes"",""ticker"":""KXBTC15M-26APR280845-45"",""trade_id"":""7f24e1fc-f1a5-5a3f-5fb9-b08f3d3bc8d1"",""yes_price_dollars"":""0.4200""}"
KXBTC15M-26APR280845-45,c54839c0-a01b-6fb3-2fcf-372dfdeaf661,1777379446,0.42,20.0,yes,"{""count_fp"":""20.00"",""created_time"":""2026-04-28T12:30:46.310225Z"",""no_price_dollars"":""0.5800"",""taker_side"":""yes"",""ticker"":""KXBTC15M-26APR280845-45"",""trade_id"":""c54839c0-a01b-6fb3-2fcf-372dfdeaf661"",""yes_price_dollars"":""0.4200""}"
KXBTC15M-26APR280845-45,87200590-0d71-68ff-2599-4a1e55ee0bc9,1777379446,0.42,4.4,yes,"{""count_fp"":""4.40"",""created_time"":""2026-04-28T12:30:46.310225Z"",""no_price_dollars"":""0.5800"",""taker_side"":""yes"",""ticker"":""KXBTC15M-26APR280845-45"",""trade_id"":""87200590-0d71-68ff-2599-4a1e55ee0bc9"",""yes_price_dollars"":""0.4200""}"
KXBTC15M-26APR280845-45,7b7e73c6-e605-68c0-07a4-d1cd085d94ea,1777379446,0.42,17.0,yes,"{""count_fp"":""17.00"",""created_time"":""2026-04-28T12:30:46.310225Z"",""no_price_dollars"":""0.5800"",""taker_side"":""yes"",""ticker"":""KXBTC15M-26APR280845-45"",""trade_id"":""7b7e73c6-e605-68c0-07a4-d1cd085d94ea"",""yes_price_dollars"":""0.4200""}"
KXBTC15M-26APR280845-45,1d5f7a3b-cc86-66e5-3ce7-e70058855ec4,1777379446,0.42,13.17,yes,"{""count_fp"":""13.17"",""created_time"":""2026-04-28T12:30:46.310225Z"",""no_price_dollars"":""0.5800"",""taker_side"":""yes"",""ticker"":""KXBTC15M-26APR280845-45"",""trade_id"":""1d5f7a3b-cc86-66e5-3ce7-e70058855ec4"",""yes_price_dollars"":""0.4200""}"
KXBTC15M-26APR280845-45,e22f80a8-5101-4603-3ff9-4d6bb1636cad,1777379446,0.42,85.52,yes,"{""count_fp"":""85.52"",""created_time"":""2026-04-28T12:30:46.050564Z"",""no_price_dollars"":""0.5800"",""taker_side"":""yes"",""ticker"":""KXBTC15M-26APR280845-45"",""trade_id"":""e22f80a8-5101-4603-3ff9-4d6bb1636cad"",""yes_price_dollars"":""0.4200""}"
KXBTC15M-26APR280845-45,6eb91303-6123-41c2-1677-2a29d50680e7,1777379446,0.42,3.93,yes,"{""count_fp"":""3.93"",""created_time"":""2026-04-28T12:30:46.050564Z"",""no_price_dollars"":""0.5800"",""taker_side"":""yes"",""ticker"":""KXBTC15M-26APR280845-45"",""trade_id"":""6eb91303-6123-41c2-1677-2a29d50680e7"",""yes_price_dollars"":""0.4200""}"
KXBTC15M-26APR280845-45,f2c56e85-cd4b-6b16-0cd8-d850db2ea543,1777379446,0.42,2.0,yes,"{""count_fp"":""2.00"",""created_time"":""2026-04-28T12:30:46.047925Z"",""no_price_dollars"":""0.5800"",""taker_side"":""yes"",""ticker"":""KXBTC15M-26APR280845-45"",""trade_id"":""f2c56e85-cd4b-6b16-0cd8-d850db2ea543"",""yes_price_dollars"":""0.4200""}"
KXBTC15M-26APR280845-45,93ca6774-d2a7-6611-c392-a2450d37929f,1777379447,0.42,57.2,yes,"{""count_fp"":""57.20"",""created_time"":""2026-04-28T12:30:47.301727Z"",""no_price_dollars"":""0.5800"",""taker_side"":""yes"",""ticker"":""KXBTC15M-26APR280845-45"",""trade_id"":""93ca6774-d2a7-6611-c392-a2450d37929f"",""yes_price_dollars"":""0.4200""}"
KXBTC15M-26APR280845-45,fba746f8-037a-6e6e-1784-9414c852080b,1777379447,0.41,11.96,no,"{""count_fp"":""11.96"",""created_time"":""2026-04-28T12:30:47.215574Z"",""no_price_dollars"":""0.5900"",""taker_side"":""no"",""ticker"":""KXBTC15M-26APR280845-45"",""trade_id"":""fba746f8-037a-6e6e-1784-9414c852080b"",""yes_price_dollars"":""0.4100""}"
KXBTC15M-26APR280845-45,e839f1ae-2e0e-6864-0aa1-7250d140b97e,1777379447,0.41,3.0,no,"{""count_fp"":""3.00"",""created_time"":""2026-04-28T12:30:47.215574Z"",""no_price_dollars"":""0.5900"",""taker_side"":""no"",""ticker"":""KXBTC15M-26APR280845-45"",""trade_id"":""e839f1ae-2e0e-6864-0aa1-7250d140b97e"",""yes_price_dollars"":""0.4100""}"
KXBTC15M-26APR280845-45,cd343391-dd94-62d9-263c-0cbf23bf2239,1777379447,0.41,11.18,no,"{""count_fp"":""11.18"",""created_time"":""2026-04-28T12:30:47.215574Z"",""no_price_dollars"":""0.5900"",""taker_side"":""no"",""ticker"":""KXBTC15M-26APR280845-45"",""trade_id"":""cd343391-dd94-62d9-263c-0cbf23bf2239"",""yes_price_dollars"":""0.4100""}"
KXBTC15M-26APR280845-45,ac978dd5-add7-633a-24d7-aa0ad24ebd8c,1777379447,0.41,5.86,no,"{""count_fp"":""5.86"",""created_time"":""2026-04-28T12:30:47.215574Z"",""no_price_dollars"":""0.5900"",""taker_side"":""no"",""ticker"":""KXBTC15M-26APR280845-45"",""trade_id"":""ac978dd5-add7-633a-24d7-aa0ad24ebd8c"",""yes_price_dollars"":""0.4100""}"
KXBTC15M-26APR280845-45,66445ebb-d4db-7809-2fa1-660d95af56ef,1777379447,0.42,43.06,yes,"{""count_fp"":""43.06"",""created_time"":""2026-04-28T12:30:47.202869Z"",""no_price_dollars"":""0.5800"",""taker_side"":""yes"",""ticker"":""KXBTC15M-26APR280845-45"",""trade_id"":""66445ebb-d4db-7809-2fa1-660d95af56ef"",""yes_price_dollars"":""0.4200""}"
KXBTC15M-26APR280845-45,b77c8cc1-e585-52eb-4111-2731a7c258dc,1777379449,0.41,39.0,no,"{""count_fp"":""39.00"",""created_time"":""2026-04-28T12:30:49.888615Z"",""no_price_dollars"":""0.5900"",""taker_side"":""no"",""ticker"":""KXBTC15M-26APR280845-45"",""trade_id"":""b77c8cc1-e585-52eb-4111-2731a7c258dc"",""yes_price_dollars"":""0.4100""}"
KXBTC15M-26APR280845-45,c97cca52-331d-55fb-2ead-4b981f24a620,1777379450,0.41,2.17,no,"{""count_fp"":""2.17"",""created_time"":""2026-04-28T12:30:50.062038Z"",""no_price_dollars"":""0.5900"",""taker_side"":""no"",""ticker"":""KXBTC15M-26APR280845-45"",""trade_id"":""c97cca52-331d-55fb-2ead-4b981f24a620"",""yes_price_dollars"":""0.4100""}"
KXBTC15M-26APR280845-45,8aa8d6af-02a3-75df-f507-13dce494efbf,1777379451,0.42,41.53,yes,"{""count_fp"":""41.53"",""created_time"":""2026-04-28T12:30:51.740063Z"",""no_price_dollars"":""0.5800"",""taker_side"":""yes"",""ticker"":""KXBTC15M-26APR280845-45"",""trade_id"":""8aa8d6af-02a3-75df-f507-13dce494efbf"",""yes_price_dollars"":""0.4200""}"
KXBTC15M-26APR280845-45,97d89da0-bda3-7763-d7e2-aee5244add1f,1777379451,0.42,22.37,yes,"{""count_fp"":""22.37"",""created_time"":""2026-04-28T12:30:51.733265Z"",""no_price_dollars"":""0.5800"",""taker_side"":""yes"",""ticker"":""KXBTC15M-26APR280845-45"",""trade_id"":""97d89da0-bda3-7763-d7e2-aee5244add1f"",""yes_price_dollars"":""0.4200""}"
KXBTC15M-26APR280845-45,fcf37d0d-391f-5d1f-b579-c89e5755c4d3,1777379451,0.42,28.01,yes,"{""count_fp"":""28.01"",""created_time"":""2026-04-28T12:30:51.697447Z"",""no_price_dollars"":""0.5800"",""taker_side"":""yes"",""ticker"":""KXBTC15M-26APR280845-45"",""trade_id"":""fcf37d0d-391f-5d1f-b579-c89e5755c4d3"",""yes_price_dollars"":""0.4200""}"
KXBTC15M-26APR280845-45,00c72e4c-d8e9-7d2f-ee30-ad3b2b2468f8,1777379451,0.41,24.71,no,"{""count_fp"":""24.71"",""created_time"":""2026-04-28T12:30:51.548509Z"",""no_price_dollars"":""0.5900"",""taker_side"":""no"",""ticker"":""KXBTC15M-26APR280845-45"",""trade_id"":""00c72e4c-d8e9-7d2f-ee30-ad3b2b2468f8"",""yes_price_dollars"":""0.4100""}"
KXBTC15M-26APR280845-45,2d8131b7-8383-440b-ff3d-27da6f8781ff,1777379451,0.42,26.84,yes,"{""count_fp"":""26.84"",""created_time"":""2026-04-28T12:30:51.523672Z"",""no_price_dollars"":""0.5800"",""taker_side"":""yes"",""ticker"":""KXBTC15M-26APR280845-45"",""trade_id"":""2d8131b7-8383-440b-ff3d-27da6f8781ff"",""yes_price_dollars"":""0.4200""}"
KXBTC15M-26APR280845-45,0f142082-0aa5-4f33-23d0-f1b410dcd478,1777379451,0.41,849.16,no,"{""count_fp"":""849.16"",""created_time"":""2026-04-28T12:30:51.487362Z"",""no_price_dollars"":""0.5900"",""taker_side"":""no"",""ticker"":""KXBTC15M-26APR280845-45"",""trade_id"":""0f142082-0aa5-4f33-23d0-f1b410dcd478"",""yes_price_dollars"":""0.4100""}"
KXBTC15M-26APR280845-45,41026394-3d5b-6983-b1ae-caf71546f57f,1777379451,0.42,4.57,yes,"{""count_fp"":""4.57"",""created_time"":""2026-04-28T12:30:51.125337Z"",""no_price_dollars"":""0.5800"",""taker_side"":""yes"",""ticker"":""KXBTC15M-26APR280845-45"",""trade_id"":""41026394-3d5b-6983-b1ae-caf71546f57f"",""yes_price_dollars"":""0.4200""}"
KXBTC15M-26APR280845-45,db5c2c6b-ef27-512f-cb29-071ca0fa9ea3,1777379452,0.42,29.74,yes,"{""count_fp"":""29.74"",""created_time"":""2026-04-28T12:30:52.887437Z"",""no_price_dollars"":""0.5800"",""taker_side"":""yes"",""ticker"":""KXBTC15M-26APR280845-45"",""trade_id"":""db5c2c6b-ef27-512f-cb29-071ca0fa9ea3"",""yes_price_dollars"":""0.4200""}"
KXBTC15M-26APR280845-45,d46363f1-831d-63af-f1c1-e70e6c6fa40c,1777379452,0.41,15.0,no,"{""count_fp"":""15.00"",""created_time"":""2026-04-28T12:30:52.454504Z"",""no_price_dollars"":""0.5900"",""taker_side"":""no"",""ticker"":""KXBTC15M-26APR280845-45"",""trade_id"":""d46363f1-831d-63af-f1c1-e70e6c6fa40c"",""yes_price_dollars"":""0.4100""}"
KXBTC15M-26APR280845-45,0559f559-1eb1-4c0c-d58a-2758a498d2a7,1777379453,0.44,75.0,yes,"{""count_fp"":""75.00"",""created_time"":""2026-04-28T12:30:53.907093Z"",""no_price_dollars"":""0.5600"",""taker_side"":""yes"",""ticker"":""KXBTC15M-26APR280845-45"",""trade_id"":""0559f559-1eb1-4c0c-d58a-2758a498d2a7"",""yes_price_dollars"":""0.4400""}"
KXBTC15M-26APR280845-45,aa557481-0541-539c-ddc0-1433f0ebbd7b,1777379453,0.44,22.3,yes,"{""count_fp"":""22.30"",""created_time"":""2026-04-28T12:30:53.901487Z"",""no_price_dollars"":""0.5600"",""taker_side"":""yes"",""ticker"":""KXBTC15M-26APR280845-45"",""trade_id"":""aa557481-0541-539c-ddc0-1433f0ebbd7b"",""yes_price_dollars"":""0.4400""}"
KXBTC15M-26APR280845-45,44ff5703-ce75-5448-1924-01f87bbc5f57,1777379453,0.44,33.19,yes,"{""count_fp"":""33.19"",""created_time"":""2026-04-28T12:30:53.406648Z"",""no_price_dollars"":""0.5600"",""taker_side"":""yes"",""ticker"":""KXBTC15M-26APR280845-45"",""trade_id"":""44ff5703-ce75-5448-1924-01f87bbc5f57"",""yes_price_dollars"":""0.4400""}"
KXBTC15M-26APR280845-45,697718ad-ec2f-5a57-5da8-81f4126616ef,1777379453,0.42,0.94,yes,"{""count_fp"":""0.94"",""created_time"":""2026-04-28T12:30:53.366854Z"",""no_price_dollars"":""0.5800"",""taker_side"":""yes"",""ticker"":""KXBTC15M-26APR280845-45"",""trade_id"":""697718ad-ec2f-5a57-5da8-81f4126616ef"",""yes_price_dollars"":""0.4200""}"
KXBTC15M-26APR280845-45,867a5f64-03d3-5987-6db4-63e5f03da93f,1777379453,0.42,99.0,yes,"{""count_fp"":""99.00"",""created_time"":""2026-04-28T12:30:53.361148Z"",""no_price_dollars"":""0.5800"",""taker_side"":""yes"",""ticker"":""KXBTC15M-26APR280845-45"",""trade_id"":""867a5f64-03d3-5987-6db4-63e5f03da93f"",""yes_price_dollars"":""0.4200""}"
KXBTC15M-26APR280845-45,61a7872c-b5da-5f19-8ffa-055a78a99c20,1777379454,0.43,3.29,no,"{""count_fp"":""3.29"",""created_time"":""2026-04-28T12:30:54.672763Z"",""no_price_dollars"":""0.5700"",""taker_side"":""no"",""ticker"":""KXBTC15M-26APR280845-45"",""trade_id"":""61a7872c-b5da-5f19-8ffa-055a78a99c20"",""yes_price_dollars"":""0.4300""}"
KXBTC15M-26APR280845-45,38d78315-1750-708b-4057-9bdf7decc074,1777379455,0.42,2.28,yes,"{""count_fp"":""2.28"",""created_time"":""2026-04-28T12:30:55.499924Z"",""no_price_dollars"":""0.5800"",""taker_side"":""yes"",""ticker"":""KXBTC15M-26APR280845-45"",""trade_id"":""38d78315-1750-708b-4057-9bdf7decc074"",""yes_price_dollars"":""0.4200""}"
KXBTC15M-26APR280845-45,eb3e0e04-93d4-4e2f-12c1-58b0a223d234,1777379455,0.42,6.0,yes,"{""count_fp"":""6.00"",""created_time"":""2026-04-28T12:30:55.454192Z"",""no_price_dollars"":""0.5800"",""taker_side"":""yes"",""ticker"":""KXBTC15M-26APR280845-45"",""trade_id"":""eb3e0e04-93d4-4e2f-12c1-58b0a223d234"",""yes_price_dollars"":""0.4200""}"
KXBTC15M-26APR280845-45,1f3f7fb2-e184-4453-0a32-26d0deda925c,1777379455,0.42,5.44,yes,"{""count_fp"":""5.44"",""created_time"":""2026-04-28T12:30:55.454192Z"",""no_price_dollars"":""0.5800"",""taker_side"":""yes"",""ticker"":""KXBTC15M-26APR280845-45"",""trade_id"":""1f3f7fb2-e184-4453-0a32-26d0deda925c"",""yes_price_dollars"":""0.4200""}"
KXBTC15M-26APR280845-45,c8f51f7d-12c5-4506-89c2-a9deeff1b4c8,1777379455,0.42,3.0,no,"{""count_fp"":""3.00"",""created_time"":""2026-04-28T12:30:55.166763Z"",""no_price_dollars"":""0.5800"",""taker_side"":""no"",""ticker"":""KXBTC15M-26APR280845-45"",""trade_id"":""c8f51f7d-12c5-4506-89c2-a9deeff1b4c8"",""yes_price_dollars"":""0.4200""}"
KXBTC15M-26APR280845-45,ba23399c-7425-4911-8165-75537e5a21bd,1777379455,0.42,400.0,no,"{""count_fp"":""400.00"",""created_time"":""2026-04-28T12:30:55.166763Z"",""no_price_dollars"":""0.5800"",""taker_side"":""no"",""ticker"":""KXBTC15M-26APR280845-45"",""trade_id"":""ba23399c-7425-4911-8165-75537e5a21bd"",""yes_price_dollars"":""0.4200""}"
KXBTC15M-26APR280845-45,b78d5769-cc75-4037-8ffe-05fb9b6dde24,1777379455,0.41,403.2,no,"{""count_fp"":""403.20"",""created_time"":""2026-04-28T12:30:55.166763Z"",""no_price_dollars"":""0.5900"",""taker_side"":""no"",""ticker"":""KXBTC15M-26APR280845-45"",""trade_id"":""b78d5769-cc75-4037-8ffe-05fb9b6dde24"",""yes_price_dollars"":""0.4100""}"
KXBTC15M-26APR280845-45,8f9cfc25-088f-414c-a8dd-bc281f367c1c,1777379455,0.43,10.0,no,"{""count_fp"":""10.00"",""created_time"":""2026-04-28T12:30:55.166763Z"",""no_price_dollars"":""0.5700"",""taker_side"":""no"",""ticker"":""KXBTC15M-26APR280845-45"",""trade_id"":""8f9cfc25-088f-414c-a8dd-bc281f367c1c"",""yes_price_dollars"":""0.4300""}"
KXBTC15M-26APR280845-45,5f0b228f-05ff-4d84-921a-eb68f3cfe9b9,1777379455,0.43,16.04,no,"{""count_fp"":""16.04"",""created_time"":""2026-04-28T12:30:55.166763Z"",""no_price_dollars"":""0.5700"",""taker_side"":""no"",""ticker"":""KXBTC15M-26APR280845-45"",""trade_id"":""5f0b228f-05ff-4d84-921a-eb68f3cfe9b9"",""yes_price_dollars"":""0.4300""}"
KXBTC15M-26APR280845-45,59d25957-210f-413b-b142-8880a4452627,1777379455,0.43,56.0,no,"{""count_fp"":""56.00"",""created_time"":""2026-04-28T12:30:55.166763Z"",""no_price_dollars"":""0.5700"",""taker_side"":""no"",""ticker"":""KXBTC15M-26APR280845-45"",""trade_id"":""59d25957-210f-413b-b142-8880a4452627"",""yes_price_dollars"":""0.4300""}"
KXBTC15M-26APR280845-45,4c761e53-d32b-4f41-ab7d-b3a18c8ad552,1777379455,0.41,40.0,no,"{""count_fp"":""40.00"",""created_time"":""2026-04-28T12:30:55.166763Z"",""no_price_dollars"":""0.5900"",""taker_side"":""no"",""ticker"":""KXBTC15M-26APR280845-45"",""trade_id"":""4c761e53-d32b-4f41-ab7d-b3a18c8ad552"",""yes_price_dollars"":""0.4100""}"
KXBTC15M-26APR280845-45,41ff15c6-0c61-439a-a737-85dd55ac5d8a,1777379455,0.41,41.76,no,"{""count_fp"":""41.76"",""created_time"":""2026-04-28T12:30:55.166763Z"",""no_price_dollars"":""0.5900"",""taker_side"":""no"",""ticker"":""KXBTC15M-26APR280845-45"",""trade_id"":""41ff15c6-0c61-439a-a737-85dd55ac5d8a"",""yes_price_dollars"":""0.4100""}"
KXBTC15M-26APR280845-45,3637b1d0-a382-4915-a9ce-5293c6ae0484,1777379455,0.42,10.0,no,"{""count_fp"":""10.00"",""created_time"":""2026-04-28T12:30:55.166763Z"",""no_price_dollars"":""0.5800"",""taker_side"":""no"",""ticker"":""KXBTC15M-26APR280845-45"",""trade_id"":""3637b1d0-a382-4915-a9ce-5293c6ae0484"",""yes_price_dollars"":""0.4200""}"
KXBTC15M-26APR280845-45,242ab55f-5077-47af-b10a-aae82ea7c0f1,1777379455,0.41,20.0,no,"{""count_fp"":""20.00"",""created_time"":""2026-04-28T12:30:55.166763Z"",""no_price_dollars"":""0.5900"",""taker_side"":""no"",""ticker"":""KXBTC15M-26APR280845-45"",""trade_id"":""242ab55f-5077-47af-b10a-aae82ea7c0f1"",""yes_price_dollars"":""0.4100""}"
KXBTC15M-26APR280845-45,494a1dbc-9d75-4a50-7449-9d009dcb728d,1777379456,0.4,74.2,no,"{""count_fp"":""74.20"",""created_time"":""2026-04-28T12:30:56.181008Z"",""no_price_dollars"":""0.6000"",""taker_side"":""no"",""ticker"":""KXBTC15M-26APR280845-45"",""trade_id"":""494a1dbc-9d75-4a50-7449-9d009dcb728d"",""yes_price_dollars"":""0.4000""}"
KXBTC15M-26APR280845-45,589ccafb-315b-5fdb-d815-2a900540810c,1777379456,0.41,11.96,no,"{""count_fp"":""11.96"",""created_time"":""2026-04-28T12:30:56.166048Z"",""no_price_dollars"":""0.5900"",""taker_side"":""no"",""ticker"":""KXBTC15M-26APR280845-45"",""trade_id"":""589ccafb-315b-5fdb-d815-2a900540810c"",""yes_price_dollars"":""0.4100""}"
KXBTC15M-26APR280845-45,2e9a42ca-c541-5a7c-e4f7-6092cf1018f4,1777379456,0.41,3.0,no,"{""count_fp"":""3.00"",""created_time"":""2026-04-28T12:30:56.166048Z"",""no_price_dollars"":""0.5900"",""taker_side"":""no"",""ticker"":""KXBTC15M-26APR280845-45"",""trade_id"":""2e9a42ca-c541-5a7c-e4f7-6092cf1018f4"",""yes_price_dollars"":""0.4100""}"
KXBTC15M-26APR280845-45,eb65fa2d-1e71-544e-5b6b-6fe41671e24c,1777379457,0.41,10.0,yes,"{""count_fp"":""10.00"",""created_time"":""2026-04-28T12:30:57.603722Z"",""no_price_dollars"":""0.5900"",""taker_side"":""yes"",""ticker"":""KXBTC15M-26APR280845-45"",""trade_id"":""eb65fa2d-1e71-544e-5b6b-6fe41671e24c"",""yes_price_dollars"":""0.4100""}"
KXBTC15M-26APR280845-45,e7645b39-1534-5d5b-6850-819f203f6959,1777379457,0.41,34.74,yes,"{""count_fp"":""34.74"",""created_time"":""2026-04-28T12:30:57.603722Z"",""no_price_dollars"":""0.5900"",""taker_side"":""yes"",""ticker"":""KXBTC15M-26APR280845-45"",""trade_id"":""e7645b39-1534-5d5b-6850-819f203f6959"",""yes_price_dollars"":""0.4100""}"
KXBTC15M-26APR280845-45,b48b573d-1cef-5c69-715e-6bc4980031bb,1777379457,0.42,342.3,yes,"{""count_fp"":""342.30"",""created_time"":""2026-04-28T12:30:57.603722Z"",""no_price_dollars"":""0.5800"",""taker_side"":""yes"",""ticker"":""KXBTC15M-26APR280845-45"",""trade_id"":""b48b573d-1cef-5c69-715e-6bc4980031bb"",""yes_price_dollars"":""0.4200""}"
KXBTC15M-26APR280845-45,9f829c9b-caa6-5b87-5ec3-b5adb9431a1a,1777379457,0.41,15.73,yes,"{""count_fp"":""15.73"",""created_time"":""2026-04-28T12:30:57.603722Z"",""no_price_dollars"":""0.5900"",""taker_side"":""yes"",""ticker"":""KXBTC15M-26APR280845-45"",""trade_id"":""9f829c9b-caa6-5b87-5ec3-b5adb9431a1a"",""yes_price_dollars"":""0.4100""}"
KXBTC15M-26APR280845-45,9bfa44e9-cf32-5703-7ada-a19700933abe,1777379457,0.41,15.0,yes,"{""count_fp"":""15.00"",""created_time"":""2026-04-28T12:30:57.603722Z"",""no_price_dollars"":""0.5900"",""taker_side"":""yes"",""ticker"":""KXBTC15M-26APR280845-45"",""trade_id"":""9bfa44e9-cf32-5703-7ada-a19700933abe"",""yes_price_dollars"":""0.4100""}"
KXBTC15M-26APR280845-45,8009445c-0540-5ec3-766a-2e98469af070,1777379457,0.41,99.28,yes,"{""count_fp"":""99.28"",""created_time"":""2026-04-28T12:30:57.603722Z"",""no_price_dollars"":""0.5900"",""taker_side"":""yes"",""ticker"":""KXBTC15M-26APR280845-45"",""trade_id"":""8009445c-0540-5ec3-766a-2e98469af070"",""yes_price_dollars"":""0.4100""}"
KXBTC15M-26APR280845-45,6d101581-1142-554f-55bc-32a65e16a1ff,1777379457,0.42,3.0,yes,"{""count_fp"":""3.00"",""created_time"":""2026-04-28T12:30:57.603722Z"",""no_price_dollars"":""0.5800"",""taker_side"":""yes"",""ticker"":""KXBTC15M-26APR280845-45"",""trade_id"":""6d101581-1142-554f-55bc-32a65e16a1ff"",""yes_price_dollars"":""0.4200""}"
KXBTC15M-26APR280845-45,5c5aa013-256f-505c-4646-7aa7aa992457,1777379457,0.42,40.0,yes,"{""count_fp"":""40.00"",""created_time"":""2026-04-28T12:30:57.603722Z"",""no_price_dollars"":""0.5800"",""taker_side"":""yes"",""ticker"":""KXBTC15M-26APR280845-45"",""trade_id"":""5c5aa013-256f-505c-4646-7aa7aa992457"",""yes_price_dollars"":""0.4200""}"
KXBTC15M-26APR280845-45,3cc05f91-68e0-4263-0f87-60c6e715d7e1,1777379457,0.41,5.26,yes,"{""count_fp"":""5.26"",""created_time"":""2026-04-28T12:30:57.480891Z"",""no_price_dollars"":""0.5900"",""taker_side"":""yes"",""ticker"":""KXBTC15M-26APR280845-45"",""trade_id"":""3cc05f91-68e0-4263-0f87-60c6e715d7e1"",""yes_price_dollars"":""0.4100""}"
KXBTC15M-26APR280845-45,6b5cbf48-3631-4e9c-ecb5-e78e19acd191,1777379458,0.4,16.0,no,"{""count_fp"":""16.00"",""created_time"":""2026-04-28T12:30:58.909635Z"",""no_price_dollars"":""0.6000"",""taker_side"":""no"",""ticker"":""KXBTC15M-26APR280845-45"",""trade_id"":""6b5cbf48-3631-4e9c-ecb5-e78e19acd191"",""yes_price_dollars"":""0.4000""}"
KXBTC15M-26APR280845-45,86067548-e76a-75f0-7eab-f196372c40b5,1777379458,0.41,40.0,yes,"{""count_fp"":""40.00"",""created_time"":""2026-04-28T12:30:58.262054Z"",""no_price_dollars"":""0.5900"",""taker_side"":""yes"",""ticker"":""KXBTC15M-26APR280845-45"",""trade_id"":""86067548-e76a-75f0-7eab-f196372c40b5"",""yes_price_dollars"":""0.4100""}"
KXBTC15M-26APR280845-45,247775fc-7f72-74cd-6837-26f52b4ccfc1,1777379458,0.41,26.54,yes,"{""count_fp"":""26.54"",""created_time"":""2026-04-28T12:30:58.262054Z"",""no_price_dollars"":""0.5900"",""taker_side"":""yes"",""ticker"":""KXBTC15M-26APR280845-45"",""trade_id"":""247775fc-7f72-74cd-6837-26f52b4ccfc1"",""yes_price_dollars"":""0.4100""}"
KXBTC15M-26APR280845-45,47010ae9-20ac-7258-d485-70f904ee6df9,1777379459,0.41,2.34,yes,"{""count_fp"":""2.34"",""created_time"":""2026-04-28T12:30:59.785798Z"",""no_price_dollars"":""0.5900"",""taker_side"":""yes"",""ticker"":""KXBTC15M-26APR280845-45"",""trade_id"":""47010ae9-20ac-7258-d485-70f904ee6df9"",""yes_price_dollars"":""0.4100""}"
KXBTC15M-26APR280845-45,da868463-6500-7758-02b2-e11d3d1205ad,1777379459,0.41,5.58,yes,"{""count_fp"":""5.58"",""created_time"":""2026-04-28T12:30:59.229578Z"",""no_price_dollars"":""0.5900"",""taker_side"":""yes"",""ticker"":""KXBTC15M-26APR280845-45"",""trade_id"":""da868463-6500-7758-02b2-e11d3d1205ad"",""yes_price_dollars"":""0.4100""}"
KXBTC15M-26APR280845-45,ca77d5a1-4e1d-7957-2b21-5e2b8318fe9d,1777379459,0.41,5.86,yes,"{""count_fp"":""5.86"",""created_time"":""2026-04-28T12:30:59.229578Z"",""no_price_dollars"":""0.5900"",""taker_side"":""yes"",""ticker"":""KXBTC15M-26APR280845-45"",""trade_id"":""ca77d5a1-4e1d-7957-2b21-5e2b8318fe9d"",""yes_price_dollars"":""0.4100""}"
KXBTC15M-26APR280845-45,56dc1355-9a15-48c0-e279-881296f8c869,1777379459,0.4,1.0,no,"{""count_fp"":""1.00"",""created_time"":""2026-04-28T12:30:59.156844Z"",""no_price_dollars"":""0.6000"",""taker_side"":""no"",""ticker"":""KXBTC15M-26APR280845-45"",""trade_id"":""56dc1355-9a15-48c0-e279-881296f8c869"",""yes_price_dollars"":""0.4000""}"
KXBTC15M-26APR280845-45,4448d3f6-09d5-5b08-a303-f1fd1f87bddd,1777379460,0.4,20.09,no,"{""count_fp"":""20.09"",""created_time"":""2026-04-28T12:31:00.975385Z"",""no_price_dollars"":""0.6000"",""taker_side"":""no"",""ticker"":""KXBTC15M-26APR280845-45"",""trade_id"":""4448d3f6-09d5-5b08-a303-f1fd1f87bddd"",""yes_price_dollars"":""0.4000""}"
KXBTC15M-26APR280845-45,2b3e8cb5-d1bc-5eaf-c79d-6be94778cc63,1777379460,0.41,12.16,yes,"{""count_fp"":""12.16"",""created_time"":""2026-04-28T12:31:00.948409Z"",""no_price_dollars"":""0.5900"",""taker_side"":""yes"",""ticker"":""KXBTC15M-26APR280845-45"",""trade_id"":""2b3e8cb5-d1bc-5eaf-c79d-6be94778cc63"",""yes_price_dollars"":""0.4100""}"
