ticker,trade_id,ts,yes_price,count,taker_side,raw_json
KXBTC15M-26APR281145-45,c10dc3a7-4f39-4af6-8eb3-3fbd20bdd1bd,1777390200,0.5,1.0,no,"{""count_fp"":""1.00"",""created_time"":""2026-04-28T15:30:00.635143Z"",""no_price_dollars"":""0.5000"",""taker_side"":""no"",""ticker"":""KXBTC15M-26APR281145-45"",""trade_id"":""c10dc3a7-4f39-4af6-8eb3-3fbd20bdd1bd"",""yes_price_dollars"":""0.5000""}"
KXBTC15M-26APR281145-45,531e1ad1-dc18-41cf-a30c-fa27afa94aa9,1777390200,0.5,1.0,no,"{""count_fp"":""1.00"",""created_time"":""2026-04-28T15:30:00.635143Z"",""no_price_dollars"":""0.5000"",""taker_side"":""no"",""ticker"":""KXBTC15M-26APR281145-45"",""trade_id"":""531e1ad1-dc18-41cf-a30c-fa27afa94aa9"",""yes_price_dollars"":""0.5000""}"
KXBTC15M-26APR281145-45,afb5c361-033e-456d-4377-a460666b4f92,1777390201,0.54,1.0,yes,"{""count_fp"":""1.00"",""created_time"":""2026-04-28T15:30:01.477127Z"",""no_price_dollars"":""0.4600"",""taker_side"":""yes"",""ticker"":""KXBTC15M-26APR281145-45"",""trade_id"":""afb5c361-033e-456d-4377-a460666b4f92"",""yes_price_dollars"":""0.5400""}"
KXBTC15M-26APR281145-45,741bf987-b5ac-4677-5b07-c7b5a0f8062d,1777390201,0.54,11.0,yes,"{""count_fp"":""11.00"",""created_time"":""2026-04-28T15:30:01.477127Z"",""no_price_dollars"":""0.4600"",""taker_side"":""yes"",""ticker"":""KXBTC15M-26APR281145-45"",""trade_id"":""741bf987-b5ac-4677-5b07-c7b5a0f8062d"",""yes_price_dollars"":""0.5400""}"
KXBTC15M-26APR281145-45,17c392a2-aeb6-46a0-2f6d-747333ce500f,1777390203,0.53,1.0,no,"{""count_fp"":""1.00"",""created_time"":""2026-04-28T15:30:03.943284Z"",""no_price_dollars"":""0.4700"",""taker_side"":""no"",""ticker"":""KXBTC15M-26APR281145-45"",""trade_id"":""17c392a2-aeb6-46a0-2f6d-747333ce500f"",""yes_price_dollars"":""0.5300""}"
KXBTC15M-26APR281145-45,6d1a114b-727a-6178-cb9b-e04b213145e3,1777390203,0.53,4.0,no,"{""count_fp"":""4.00"",""created_time"":""2026-04-28T15:30:03.423406Z"",""no_price_dollars"":""0.4700"",""taker_side"":""no"",""ticker"":""KXBTC15M-26APR281145-45"",""trade_id"":""6d1a114b-727a-6178-cb9b-e04b213145e3"",""yes_price_dollars"":""0.5300""}"
KXBTC15M-26APR281145-45,6a1834f3-15b0-6837-b434-5faa85546bf1,1777390204,0.52,8.0,no,"{""count_fp"":""8.00"",""created_time"":""2026-04-28T15:30:04.841953Z"",""no_price_dollars"":""0.4800"",""taker_side"":""no"",""ticker"":""KXBTC15M-26APR281145-45"",""trade_id"":""6a1834f3-15b0-6837-b434-5faa85546bf1"",""yes_price_dollars"":""0.5200""}"
KXBTC15M-26APR281145-45,a1b2265d-75a4-5a26-4276-2617f5268251,1777390204,0.54,14.0,yes,"{""count_fp"":""14.00"",""created_time"":""2026-04-28T15:30:04.785946Z"",""no_price_dollars"":""0.4600"",""taker_side"":""yes"",""ticker"":""KXBTC15M-26APR281145-45"",""trade_id"":""a1b2265d-75a4-5a26-4276-2617f5268251"",""yes_price_dollars"":""0.5400""}"
KXBTC15M-26APR281145-45,2d60f477-37a4-5b2e-5bb0-819c815d0819,1777390204,0.54,6.0,yes,"{""count_fp"":""6.00"",""created_time"":""2026-04-28T15:30:04.785946Z"",""no_price_dollars"":""0.4600"",""taker_side"":""yes"",""ticker"":""KXBTC15M-26APR281145-45"",""trade_id"":""2d60f477-37a4-5b2e-5bb0-819c815d0819"",""yes_price_dollars"":""0.5400""}"
KXBTC15M-26APR281145-45,96b4f073-069c-6597-32f6-a05c42b7dcbd,1777390204,0.52,1.0,no,"{""count_fp"":""1.00"",""created_time"":""2026-04-28T15:30:04.755488Z"",""no_price_dollars"":""0.4800"",""taker_side"":""no"",""ticker"":""KXBTC15M-26APR281145-45"",""trade_id"":""96b4f073-069c-6597-32f6-a05c42b7dcbd"",""yes_price_dollars"":""0.5200""}"
KXBTC15M-26APR281145-45,8c61e80d-d00a-77f2-c423-f47049ec12fa,1777390204,0.53,29.0,yes,"{""count_fp"":""29.00"",""created_time"":""2026-04-28T15:30:04.119362Z"",""no_price_dollars"":""0.4700"",""taker_side"":""yes"",""ticker"":""KXBTC15M-26APR281145-45"",""trade_id"":""8c61e80d-d00a-77f2-c423-f47049ec12fa"",""yes_price_dollars"":""0.5300""}"
KXBTC15M-26APR281145-45,cddacc89-82d4-517e-6063-10392afb911f,1777390205,0.53,2.0,no,"{""count_fp"":""2.00"",""created_time"":""2026-04-28T15:30:05.336527Z"",""no_price_dollars"":""0.4700"",""taker_side"":""no"",""ticker"":""KXBTC15M-26APR281145-45"",""trade_id"":""cddacc89-82d4-517e-6063-10392afb911f"",""yes_price_dollars"":""0.5300""}"
KXBTC15M-26APR281145-45,915e626c-d874-4cdd-489c-88b654ebade7,1777390206,0.52,5.0,no,"{""count_fp"":""5.00"",""created_time"":""2026-04-28T15:30:06.372295Z"",""no_price_dollars"":""0.4800"",""taker_side"":""no"",""ticker"":""KXBTC15M-26APR281145-45"",""trade_id"":""915e626c-d874-4cdd-489c-88b654ebade7"",""yes_price_dollars"":""0.5200""}"
KXBTC15M-26APR281145-45,d0aac035-e538-6d49-ea46-54bd6048914a,1777390206,0.53,5.0,no,"{""count_fp"":""5.00"",""created_time"":""2026-04-28T15:30:06.051531Z"",""no_price_dollars"":""0.4700"",""taker_side"":""no"",""ticker"":""KXBTC15M-26APR281145-45"",""trade_id"":""d0aac035-e538-6d49-ea46-54bd6048914a"",""yes_price_dollars"":""0.5300""}"
KXBTC15M-26APR281145-45,c8e87801-18f0-6c1e-e76a-2383c514c047,1777390206,0.53,3.0,no,"{""count_fp"":""3.00"",""created_time"":""2026-04-28T15:30:06.051531Z"",""no_price_dollars"":""0.4700"",""taker_side"":""no"",""ticker"":""KXBTC15M-26APR281145-45"",""trade_id"":""c8e87801-18f0-6c1e-e76a-2383c514c047"",""yes_price_dollars"":""0.5300""}"
KXBTC15M-26APR281145-45,bad4d755-3c87-62e8-c4f1-a761bf800c83,1777390206,0.52,5.0,no,"{""count_fp"":""5.00"",""created_time"":""2026-04-28T15:30:06.051531Z"",""no_price_dollars"":""0.4800"",""taker_side"":""no"",""ticker"":""KXBTC15M-26APR281145-45"",""trade_id"":""bad4d755-3c87-62e8-c4f1-a761bf800c83"",""yes_price_dollars"":""0.5200""}"
KXBTC15M-26APR281145-45,b2244e4b-670a-6f02-fd3f-28fed725c67a,1777390206,0.52,5.0,no,"{""count_fp"":""5.00"",""created_time"":""2026-04-28T15:30:06.051531Z"",""no_price_dollars"":""0.4800"",""taker_side"":""no"",""ticker"":""KXBTC15M-26APR281145-45"",""trade_id"":""b2244e4b-670a-6f02-fd3f-28fed725c67a"",""yes_price_dollars"":""0.5200""}"
KXBTC15M-26APR281145-45,6c51aef6-2f60-6763-d3cb-372520965e3d,1777390206,0.52,11.0,no,"{""count_fp"":""11.00"",""created_time"":""2026-04-28T15:30:06.051531Z"",""no_price_dollars"":""0.4800"",""taker_side"":""no"",""ticker"":""KXBTC15M-26APR281145-45"",""trade_id"":""6c51aef6-2f60-6763-d3cb-372520965e3d"",""yes_price_dollars"":""0.5200""}"
KXBTC15M-26APR281145-45,fdb21881-8f31-5998-2f8e-a59e3db2281f,1777390209,0.53,12.65,yes,"{""count_fp"":""12.65"",""created_time"":""2026-04-28T15:30:09.250025Z"",""no_price_dollars"":""0.4700"",""taker_side"":""yes"",""ticker"":""KXBTC15M-26APR281145-45"",""trade_id"":""fdb21881-8f31-5998-2f8e-a59e3db2281f"",""yes_price_dollars"":""0.5300""}"
KXBTC15M-26APR281145-45,f2d47b61-9228-5a4a-05a9-234920cf7ec9,1777390209,0.53,10.0,yes,"{""count_fp"":""10.00"",""created_time"":""2026-04-28T15:30:09.250025Z"",""no_price_dollars"":""0.4700"",""taker_side"":""yes"",""ticker"":""KXBTC15M-26APR281145-45"",""trade_id"":""f2d47b61-9228-5a4a-05a9-234920cf7ec9"",""yes_price_dollars"":""0.5300""}"
KXBTC15M-26APR281145-45,5cb42cd1-1dd2-4e2f-5d91-7fd04c330043,1777390210,0.54,15.0,yes,"{""count_fp"":""15.00"",""created_time"":""2026-04-28T15:30:10.871178Z"",""no_price_dollars"":""0.4600"",""taker_side"":""yes"",""ticker"":""KXBTC15M-26APR281145-45"",""trade_id"":""5cb42cd1-1dd2-4e2f-5d91-7fd04c330043"",""yes_price_dollars"":""0.5400""}"
KXBTC15M-26APR281145-45,df61d0d6-3725-590d-de87-19342258cefc,1777390210,0.53,28.14,no,"{""count_fp"":""28.14"",""created_time"":""2026-04-28T15:30:10.703407Z"",""no_price_dollars"":""0.4700"",""taker_side"":""no"",""ticker"":""KXBTC15M-26APR281145-45"",""trade_id"":""df61d0d6-3725-590d-de87-19342258cefc"",""yes_price_dollars"":""0.5300""}"
KXBTC15M-26APR281145-45,6d4797e9-9a48-48e1-8258-a58040e49eaf,1777390210,0.53,5.0,yes,"{""count_fp"":""5.00"",""created_time"":""2026-04-28T15:30:10.229795Z"",""no_price_dollars"":""0.4700"",""taker_side"":""yes"",""ticker"":""KXBTC15M-26APR281145-45"",""trade_id"":""6d4797e9-9a48-48e1-8258-a58040e49eaf"",""yes_price_dollars"":""0.5300""}"
KXBTC15M-26APR281145-45,47da5e39-1fc0-46d7-8212-c3ab189441a2,1777390210,0.53,15.38,yes,"{""count_fp"":""15.38"",""created_time"":""2026-04-28T15:30:10.229795Z"",""no_price_dollars"":""0.4700"",""taker_side"":""yes"",""ticker"":""KXBTC15M-26APR281145-45"",""trade_id"":""47da5e39-1fc0-46d7-8212-c3ab189441a2"",""yes_price_dollars"":""0.5300""}"
KXBTC15M-26APR281145-45,06bef378-4cba-435e-ae9e-50e1f705a7d7,1777390210,0.53,3.0,yes,"{""count_fp"":""3.00"",""created_time"":""2026-04-28T15:30:10.229795Z"",""no_price_dollars"":""0.4700"",""taker_side"":""yes"",""ticker"":""KXBTC15M-26APR281145-45"",""trade_id"":""06bef378-4cba-435e-ae9e-50e1f705a7d7"",""yes_price_dollars"":""0.5300""}"
KXBTC15M-26APR281145-45,c2336e13-9cfa-6327-d72d-13f632baa63f,1777390211,0.54,0.76,yes,"{""count_fp"":""0.76"",""created_time"":""2026-04-28T15:30:11.899358Z"",""no_price_dollars"":""0.4600"",""taker_side"":""yes"",""ticker"":""KXBTC15M-26APR281145-45"",""trade_id"":""c2336e13-9cfa-6327-d72d-13f632baa63f"",""yes_price_dollars"":""0.5400""}"
KXBTC15M-26APR281145-45,b50744fc-92aa-60ba-db1a-21721b78c69f,1777390211,0.54,2.81,yes,"{""count_fp"":""2.81"",""created_time"":""2026-04-28T15:30:11.899358Z"",""no_price_dollars"":""0.4600"",""taker_side"":""yes"",""ticker"":""KXBTC15M-26APR281145-45"",""trade_id"":""b50744fc-92aa-60ba-db1a-21721b78c69f"",""yes_price_dollars"":""0.5400""}"
KXBTC15M-26APR281145-45,e6e433df-71f8-6e93-bbcc-67516bfa125e,1777390212,0.52,56.45,no,"{""count_fp"":""56.45"",""created_time"":""2026-04-28T15:30:12.942255Z"",""no_price_dollars"":""0.4800"",""taker_side"":""no"",""ticker"":""KXBTC15M-26APR281145-45"",""trade_id"":""e6e433df-71f8-6e93-bbcc-67516bfa125e"",""yes_price_dollars"":""0.5200""}"
KXBTC15M-26APR281145-45,83ed13c5-fd3c-6ab6-930e-7f8e0169a161,1777390212,0.52,14.0,no,"{""count_fp"":""14.00"",""created_time"":""2026-04-28T15:30:12.942255Z"",""no_price_dollars"":""0.4800"",""taker_side"":""no"",""ticker"":""KXBTC15M-26APR281145-45"",""trade_id"":""83ed13c5-fd3c-6ab6-930e-7f8e0169a161"",""yes_price_dollars"":""0.5200""}"
KXBTC15M-26APR281145-45,7044b8a3-57ad-6760-afcf-19ae80ba4574,1777390212,0.51,10.73,no,"{""count_fp"":""10.73"",""created_time"":""2026-04-28T15:30:12.942255Z"",""no_price_dollars"":""0.4900"",""taker_side"":""no"",""ticker"":""KXBTC15M-26APR281145-45"",""trade_id"":""7044b8a3-57ad-6760-afcf-19ae80ba4574"",""yes_price_dollars"":""0.5100""}"
KXBTC15M-26APR281145-45,92a20d66-da78-79cb-611c-d8a235c6ed12,1777390212,0.52,14.07,no,"{""count_fp"":""14.07"",""created_time"":""2026-04-28T15:30:12.695627Z"",""no_price_dollars"":""0.4800"",""taker_side"":""no"",""ticker"":""KXBTC15M-26APR281145-45"",""trade_id"":""92a20d66-da78-79cb-611c-d8a235c6ed12"",""yes_price_dollars"":""0.5200""}"
KXBTC15M-26APR281145-45,d583abd8-b470-4141-0b10-b66d037b17af,1777390212,0.52,20.0,no,"{""count_fp"":""20.00"",""created_time"":""2026-04-28T15:30:12.475977Z"",""no_price_dollars"":""0.4800"",""taker_side"":""no"",""ticker"":""KXBTC15M-26APR281145-45"",""trade_id"":""d583abd8-b470-4141-0b10-b66d037b17af"",""yes_price_dollars"":""0.5200""}"
KXBTC15M-26APR281145-45,ab97671a-e28b-4aa3-22fe-a8956545b1cc,1777390212,0.53,10.0,no,"{""count_fp"":""10.00"",""created_time"":""2026-04-28T15:30:12.475977Z"",""no_price_dollars"":""0.4700"",""taker_side"":""no"",""ticker"":""KXBTC15M-26APR281145-45"",""trade_id"":""ab97671a-e28b-4aa3-22fe-a8956545b1cc"",""yes_price_dollars"":""0.5300""}"
KXBTC15M-26APR281145-45,27a9ad4a-e05d-4ff5-03d7-b653141ae030,1777390212,0.53,11.86,no,"{""count_fp"":""11.86"",""created_time"":""2026-04-28T15:30:12.475977Z"",""no_price_dollars"":""0.4700"",""taker_side"":""no"",""ticker"":""KXBTC15M-26APR281145-45"",""trade_id"":""27a9ad4a-e05d-4ff5-03d7-b653141ae030"",""yes_price_dollars"":""0.5300""}"
KXBTC15M-26APR281145-45,273f284c-f1bd-4ad0-29cc-1b86509eaab7,1777390212,0.52,40.0,no,"{""count_fp"":""40.00"",""created_time"":""2026-04-28T15:30:12.475977Z"",""no_price_dollars"":""0.4800"",""taker_side"":""no"",""ticker"":""KXBTC15M-26APR281145-45"",""trade_id"":""273f284c-f1bd-4ad0-29cc-1b86509eaab7"",""yes_price_dollars"":""0.5200""}"
KXBTC15M-26APR281145-45,1c88cf15-920c-4f48-2e59-77e900a68724,1777390212,0.52,58.0,no,"{""count_fp"":""58.00"",""created_time"":""2026-04-28T15:30:12.475977Z"",""no_price_dollars"":""0.4800"",""taker_side"":""no"",""ticker"":""KXBTC15M-26APR281145-45"",""trade_id"":""1c88cf15-920c-4f48-2e59-77e900a68724"",""yes_price_dollars"":""0.5200""}"
KXBTC15M-26APR281145-45,13ede6bd-9b20-44b7-07f1-f477bd86c446,1777390212,0.52,41.48,no,"{""count_fp"":""41.48"",""created_time"":""2026-04-28T15:30:12.475977Z"",""no_price_dollars"":""0.4800"",""taker_side"":""no"",""ticker"":""KXBTC15M-26APR281145-45"",""trade_id"":""13ede6bd-9b20-44b7-07f1-f477bd86c446"",""yes_price_dollars"":""0.5200""}"
KXBTC15M-26APR281145-45,5df1dad2-79c5-50cc-056b-3003523fd5f1,1777390213,0.54,10.0,yes,"{""count_fp"":""10.00"",""created_time"":""2026-04-28T15:30:13.887483Z"",""no_price_dollars"":""0.4600"",""taker_side"":""yes"",""ticker"":""KXBTC15M-26APR281145-45"",""trade_id"":""5df1dad2-79c5-50cc-056b-3003523fd5f1"",""yes_price_dollars"":""0.5400""}"
KXBTC15M-26APR281145-45,03b7ece7-0cc1-7d0c-9208-bd004ea1f51d,1777390213,0.54,23.16,yes,"{""count_fp"":""23.16"",""created_time"":""2026-04-28T15:30:13.431279Z"",""no_price_dollars"":""0.4600"",""taker_side"":""yes"",""ticker"":""KXBTC15M-26APR281145-45"",""trade_id"":""03b7ece7-0cc1-7d0c-9208-bd004ea1f51d"",""yes_price_dollars"":""0.5400""}"
KXBTC15M-26APR281145-45,0f6aa4b8-b929-4a78-e09b-d9e3fa4f308d,1777390213,0.54,39.79,yes,"{""count_fp"":""39.79"",""created_time"":""2026-04-28T15:30:13.382052Z"",""no_price_dollars"":""0.4600"",""taker_side"":""yes"",""ticker"":""KXBTC15M-26APR281145-45"",""trade_id"":""0f6aa4b8-b929-4a78-e09b-d9e3fa4f308d"",""yes_price_dollars"":""0.5400""}"
KXBTC15M-26APR281145-45,7cb8ba28-75f6-4986-ed08-48ef3d8513e3,1777390213,0.54,33.19,yes,"{""count_fp"":""33.19"",""created_time"":""2026-04-28T15:30:13.368596Z"",""no_price_dollars"":""0.4600"",""taker_side"":""yes"",""ticker"":""KXBTC15M-26APR281145-45"",""trade_id"":""7cb8ba28-75f6-4986-ed08-48ef3d8513e3"",""yes_price_dollars"":""0.5400""}"
KXBTC15M-26APR281145-45,528ac5a5-b131-4450-cf9d-6921141825b9,1777390213,0.54,8.04,yes,"{""count_fp"":""8.04"",""created_time"":""2026-04-28T15:30:13.368596Z"",""no_price_dollars"":""0.4600"",""taker_side"":""yes"",""ticker"":""KXBTC15M-26APR281145-45"",""trade_id"":""528ac5a5-b131-4450-cf9d-6921141825b9"",""yes_price_dollars"":""0.5400""}"
KXBTC15M-26APR281145-45,93835a98-1b2e-6c3d-ed41-6ee47927b3c5,1777390213,0.53,5.0,yes,"{""count_fp"":""5.00"",""created_time"":""2026-04-28T15:30:13.358894Z"",""no_price_dollars"":""0.4700"",""taker_side"":""yes"",""ticker"":""KXBTC15M-26APR281145-45"",""trade_id"":""93835a98-1b2e-6c3d-ed41-6ee47927b3c5"",""yes_price_dollars"":""0.5300""}"
KXBTC15M-26APR281145-45,3c30b974-9f59-6ce7-5980-690bcd57c731,1777390213,0.53,27.77,yes,"{""count_fp"":""27.77"",""created_time"":""2026-04-28T15:30:13.285906Z"",""no_price_dollars"":""0.4700"",""taker_side"":""yes"",""ticker"":""KXBTC15M-26APR281145-45"",""trade_id"":""3c30b974-9f59-6ce7-5980-690bcd57c731"",""yes_price_dollars"":""0.5300""}"
KXBTC15M-26APR281145-45,369fb88f-a6df-6b2f-66df-749d052364f8,1777390213,0.52,3.0,yes,"{""count_fp"":""3.00"",""created_time"":""2026-04-28T15:30:13.285906Z"",""no_price_dollars"":""0.4800"",""taker_side"":""yes"",""ticker"":""KXBTC15M-26APR281145-45"",""trade_id"":""369fb88f-a6df-6b2f-66df-749d052364f8"",""yes_price_dollars"":""0.5200""}"
KXBTC15M-26APR281145-45,8d12b98c-5e39-5a6f-dcfa-65f09c3a13f1,1777390213,0.53,28.23,yes,"{""count_fp"":""28.23"",""created_time"":""2026-04-28T15:30:13.268942Z"",""no_price_dollars"":""0.4700"",""taker_side"":""yes"",""ticker"":""KXBTC15M-26APR281145-45"",""trade_id"":""8d12b98c-5e39-5a6f-dcfa-65f09c3a13f1"",""yes_price_dollars"":""0.5300""}"
KXBTC15M-26APR281145-45,540657ba-38d5-5afc-e4e0-f006e0dbbe82,1777390213,0.52,1.0,yes,"{""count_fp"":""1.00"",""created_time"":""2026-04-28T15:30:13.268942Z"",""no_price_dollars"":""0.4800"",""taker_side"":""yes"",""ticker"":""KXBTC15M-26APR281145-45"",""trade_id"":""540657ba-38d5-5afc-e4e0-f006e0dbbe82"",""yes_price_dollars"":""0.5200""}"
KXBTC15M-26APR281145-45,c4a9897e-d6c5-6d6d-96ad-7b4b48e216dd,1777390213,0.52,3.0,yes,"{""count_fp"":""3.00"",""created_time"":""2026-04-28T15:30:13.118985Z"",""no_price_dollars"":""0.4800"",""taker_side"":""yes"",""ticker"":""KXBTC15M-26APR281145-45"",""trade_id"":""c4a9897e-d6c5-6d6d-96ad-7b4b48e216dd"",""yes_price_dollars"":""0.5200""}"
KXBTC15M-26APR281145-45,03e2b32a-e369-6202-b85f-47dbf05b16ce,1777390213,0.52,18.57,yes,"{""count_fp"":""18.57"",""created_time"":""2026-04-28T15:30:13.118985Z"",""no_price_dollars"":""0.4800"",""taker_side"":""yes"",""ticker"":""KXBTC15M-26APR281145-45"",""trade_id"":""03e2b32a-e369-6202-b85f-47dbf05b16ce"",""yes_price_dollars"":""0.5200""}"
KXBTC15M-26APR281145-45,0b56a573-ce55-663f-2995-ed5c4c3c7d19,1777390214,0.53,10.0,no,"{""count_fp"":""10.00"",""created_time"":""2026-04-28T15:30:14.316347Z"",""no_price_dollars"":""0.4700"",""taker_side"":""no"",""ticker"":""KXBTC15M-26APR281145-45"",""trade_id"":""0b56a573-ce55-663f-2995-ed5c4c3c7d19"",""yes_price_dollars"":""0.5300""}"
KXBTC15M-26APR281145-45,40097ecb-dd7d-6166-7b0e-f727cd3bf363,1777390215,0.53,23.64,no,"{""count_fp"":""23.64"",""created_time"":""2026-04-28T15:30:15.706766Z"",""no_price_dollars"":""0.4700"",""taker_side"":""no"",""ticker"":""KXBTC15M-26APR281145-45"",""trade_id"":""40097ecb-dd7d-6166-7b0e-f727cd3bf363"",""yes_price_dollars"":""0.5300""}"
KXBTC15M-26APR281145-45,2bd81c3d-805b-7223-fbc2-4d89ef3b4bc5,1777390215,0.53,10.73,yes,"{""count_fp"":""10.73"",""created_time"":""2026-04-28T15:30:15.439747Z"",""no_price_dollars"":""0.4700"",""taker_side"":""yes"",""ticker"":""KXBTC15M-26APR281145-45"",""trade_id"":""2bd81c3d-805b-7223-fbc2-4d89ef3b4bc5"",""yes_price_dollars"":""0.5300""}"
KXBTC15M-26APR281145-45,36273eec-8173-406f-08a5-59b30134de95,1777390215,0.53,8.97,yes,"{""count_fp"":""8.97"",""created_time"":""2026-04-28T15:30:15.404686Z"",""no_price_dollars"":""0.4700"",""taker_side"":""yes"",""ticker"":""KXBTC15M-26APR281145-45"",""trade_id"":""36273eec-8173-406f-08a5-59b30134de95"",""yes_price_dollars"":""0.5300""}"
KXBTC15M-26APR281145-45,e093dd07-d3ff-4a43-51d9-420f493fe471,1777390215,0.53,3.57,yes,"{""count_fp"":""3.57"",""created_time"":""2026-04-28T15:30:15.325215Z"",""no_price_dollars"":""0.4700"",""taker_side"":""yes"",""ticker"":""KXBTC15M-26APR281145-45"",""trade_id"":""e093dd07-d3ff-4a43-51d9-420f493fe471"",""yes_price_dollars"":""0.5300""}"
KXBTC15M-26APR281145-45,cea9f990-497f-437f-30e7-f3dd3a2f8be7,1777390215,0.53,10.0,yes,"{""count_fp"":""10.00"",""created_time"":""2026-04-28T15:30:15.269405Z"",""no_price_dollars"":""0.4700"",""taker_side"":""yes"",""ticker"":""KXBTC15M-26APR281145-45"",""trade_id"":""cea9f990-497f-437f-30e7-f3dd3a2f8be7"",""yes_price_dollars"":""0.5300""}"
KXBTC15M-26APR281145-45,a5f5e875-6b23-4a27-1618-4931ce066b9d,1777390215,0.53,16.73,yes,"{""count_fp"":""16.73"",""created_time"":""2026-04-28T15:30:15.269405Z"",""no_price_dollars"":""0.4700"",""taker_side"":""yes"",""ticker"":""KXBTC15M-26APR281145-45"",""trade_id"":""a5f5e875-6b23-4a27-1618-4931ce066b9d"",""yes_price_dollars"":""0.5300""}"
KXBTC15M-26APR281145-45,75640ab5-0455-618d-dfef-052563c3eeeb,1777390216,0.54,20.0,no,"{""count_fp"":""20.00"",""created_time"":""2026-04-28T15:30:16.806245Z"",""no_price_dollars"":""0.4600"",""taker_side"":""no"",""ticker"":""KXBTC15M-26APR281145-45"",""trade_id"":""75640ab5-0455-618d-dfef-052563c3eeeb"",""yes_price_dollars"":""0.5400""}"
KXBTC15M-26APR281145-45,a0a5ed9a-09d6-519f-e00f-8ba830457213,1777390216,0.54,3.0,yes,"{""count_fp"":""3.00"",""created_time"":""2026-04-28T15:30:16.689654Z"",""no_price_dollars"":""0.4600"",""taker_side"":""yes"",""ticker"":""KXBTC15M-26APR281145-45"",""trade_id"":""a0a5ed9a-09d6-519f-e00f-8ba830457213"",""yes_price_dollars"":""0.5400""}"
KXBTC15M-26APR281145-45,954727a2-59da-5657-d8d5-fd4fe52850f5,1777390216,0.54,21.83,yes,"{""count_fp"":""21.83"",""created_time"":""2026-04-28T15:30:16.689654Z"",""no_price_dollars"":""0.4600"",""taker_side"":""yes"",""ticker"":""KXBTC15M-26APR281145-45"",""trade_id"":""954727a2-59da-5657-d8d5-fd4fe52850f5"",""yes_price_dollars"":""0.5400""}"
KXBTC15M-26APR281145-45,8148a932-b9c6-59be-e5bb-6906544b8b61,1777390216,0.54,20.0,yes,"{""count_fp"":""20.00"",""created_time"":""2026-04-28T15:30:16.689654Z"",""no_price_dollars"":""0.4600"",""taker_side"":""yes"",""ticker"":""KXBTC15M-26APR281145-45"",""trade_id"":""8148a932-b9c6-59be-e5bb-6906544b8b61"",""yes_price_dollars"":""0.5400""}"
KXBTC15M-26APR281145-45,3c439bdf-ab5c-5ca3-c2e5-3e9ad76558ef,1777390216,0.54,0.13,yes,"{""count_fp"":""0.13"",""created_time"":""2026-04-28T15:30:16.689654Z"",""no_price_dollars"":""0.4600"",""taker_side"":""yes"",""ticker"":""KXBTC15M-26APR281145-45"",""trade_id"":""3c439bdf-ab5c-5ca3-c2e5-3e9ad76558ef"",""yes_price_dollars"":""0.5400""}"
KXBTC15M-26APR281145-45,e6cac231-46e0-7f9b-b21a-6696ae62d01f,1777390216,0.54,19.87,yes,"{""count_fp"":""19.87"",""created_time"":""2026-04-28T15:30:16.674121Z"",""no_price_dollars"":""0.4600"",""taker_side"":""yes"",""ticker"":""KXBTC15M-26APR281145-45"",""trade_id"":""e6cac231-46e0-7f9b-b21a-6696ae62d01f"",""yes_price_dollars"":""0.5400""}"
KXBTC15M-26APR281145-45,adc712e5-6a86-7f99-bfd7-04b8a973e1b9,1777390216,0.54,20.56,yes,"{""count_fp"":""20.56"",""created_time"":""2026-04-28T15:30:16.674121Z"",""no_price_dollars"":""0.4600"",""taker_side"":""yes"",""ticker"":""KXBTC15M-26APR281145-45"",""trade_id"":""adc712e5-6a86-7f99-bfd7-04b8a973e1b9"",""yes_price_dollars"":""0.5400""}"
KXBTC15M-26APR281145-45,c43e66e4-d90e-7039-d8aa-fba902d960f1,1777390216,0.54,9.44,yes,"{""count_fp"":""9.44"",""created_time"":""2026-04-28T15:30:16.655178Z"",""no_price_dollars"":""0.4600"",""taker_side"":""yes"",""ticker"":""KXBTC15M-26APR281145-45"",""trade_id"":""c43e66e4-d90e-7039-d8aa-fba902d960f1"",""yes_price_dollars"":""0.5400""}"
KXBTC15M-26APR281145-45,7c0eac32-f149-7758-d5b1-bb99c8967329,1777390216,0.54,39.01,yes,"{""count_fp"":""39.01"",""created_time"":""2026-04-28T15:30:16.655178Z"",""no_price_dollars"":""0.4600"",""taker_side"":""yes"",""ticker"":""KXBTC15M-26APR281145-45"",""trade_id"":""7c0eac32-f149-7758-d5b1-bb99c8967329"",""yes_price_dollars"":""0.5400""}"
KXBTC15M-26APR281145-45,61e4f5df-ac25-7372-8393-95b8be3d9907,1777390216,0.53,8.0,no,"{""count_fp"":""8.00"",""created_time"":""2026-04-28T15:30:16.454705Z"",""no_price_dollars"":""0.4700"",""taker_side"":""no"",""ticker"":""KXBTC15M-26APR281145-45"",""trade_id"":""61e4f5df-ac25-7372-8393-95b8be3d9907"",""yes_price_dollars"":""0.5300""}"
KXBTC15M-26APR281145-45,892a36dd-6f91-7458-ab76-5ba7266368bb,1777390217,0.54,3.28,no,"{""count_fp"":""3.28"",""created_time"":""2026-04-28T15:30:17.597418Z"",""no_price_dollars"":""0.4600"",""taker_side"":""no"",""ticker"":""KXBTC15M-26APR281145-45"",""trade_id"":""892a36dd-6f91-7458-ab76-5ba7266368bb"",""yes_price_dollars"":""0.5400""}"
KXBTC15M-26APR281145-45,bd92cb38-1929-45a4-c20f-bcc26cc4b0bb,1777390217,0.54,21.27,no,"{""count_fp"":""21.27"",""created_time"":""2026-04-28T15:30:17.436437Z"",""no_price_dollars"":""0.4600"",""taker_side"":""no"",""ticker"":""KXBTC15M-26APR281145-45"",""trade_id"":""bd92cb38-1929-45a4-c20f-bcc26cc4b0bb"",""yes_price_dollars"":""0.5400""}"
KXBTC15M-26APR281145-45,f1df61a3-4b56-6219-d09b-cfafed6884f7,1777390217,0.54,10.0,no,"{""count_fp"":""10.00"",""created_time"":""2026-04-28T15:30:17.424655Z"",""no_price_dollars"":""0.4600"",""taker_side"":""no"",""ticker"":""KXBTC15M-26APR281145-45"",""trade_id"":""f1df61a3-4b56-6219-d09b-cfafed6884f7"",""yes_price_dollars"":""0.5400""}"
KXBTC15M-26APR281145-45,2d03a91b-865f-6f6b-c08e-3139f95145e1,1777390217,0.54,2.06,no,"{""count_fp"":""2.06"",""created_time"":""2026-04-28T15:30:17.424655Z"",""no_price_dollars"":""0.4600"",""taker_side"":""no"",""ticker"":""KXBTC15M-26APR281145-45"",""trade_id"":""2d03a91b-865f-6f6b-c08e-3139f95145e1"",""yes_price_dollars"":""0.5400""}"
KXBTC15M-26APR281145-45,1aa50a0a-7be1-6328-c095-9c5425af1b47,1777390217,0.54,8.45,no,"{""count_fp"":""8.45"",""created_time"":""2026-04-28T15:30:17.424655Z"",""no_price_dollars"":""0.4600"",""taker_side"":""no"",""ticker"":""KXBTC15M-26APR281145-45"",""trade_id"":""1aa50a0a-7be1-6328-c095-9c5425af1b47"",""yes_price_dollars"":""0.5400""}"
KXBTC15M-26APR281145-45,c16b53c6-7efb-6933-aeba-b108b6d74b35,1777390217,0.54,2.0,no,"{""count_fp"":""2.00"",""created_time"":""2026-04-28T15:30:17.347608Z"",""no_price_dollars"":""0.4600"",""taker_side"":""no"",""ticker"":""KXBTC15M-26APR281145-45"",""trade_id"":""c16b53c6-7efb-6933-aeba-b108b6d74b35"",""yes_price_dollars"":""0.5400""}"
KXBTC15M-26APR281145-45,67458d92-7e45-6d18-bff7-ea4440f728f3,1777390217,0.54,18.0,no,"{""count_fp"":""18.00"",""created_time"":""2026-04-28T15:30:17.227131Z"",""no_price_dollars"":""0.4600"",""taker_side"":""no"",""ticker"":""KXBTC15M-26APR281145-45"",""trade_id"":""67458d92-7e45-6d18-bff7-ea4440f728f3"",""yes_price_dollars"":""0.5400""}"
KXBTC15M-26APR281145-45,3d4219bd-decf-6613-a8c2-a131237df999,1777390217,0.54,2.94,no,"{""count_fp"":""2.94"",""created_time"":""2026-04-28T15:30:17.227131Z"",""no_price_dollars"":""0.4600"",""taker_side"":""no"",""ticker"":""KXBTC15M-26APR281145-45"",""trade_id"":""3d4219bd-decf-6613-a8c2-a131237df999"",""yes_price_dollars"":""0.5400""}"
KXBTC15M-26APR281145-45,3a7815c6-2f22-69d5-beb9-53fd61cd7b19,1777390217,0.54,10.0,no,"{""count_fp"":""10.00"",""created_time"":""2026-04-28T15:30:17.227131Z"",""no_price_dollars"":""0.4600"",""taker_side"":""no"",""ticker"":""KXBTC15M-26APR281145-45"",""trade_id"":""3a7815c6-2f22-69d5-beb9-53fd61cd7b19"",""yes_price_dollars"":""0.5400""}"
KXBTC15M-26APR281145-45,9f8ed054-4155-5c79-bc12-54b69d68bceb,1777390217,0.54,1.0,no,"{""count_fp"":""1.00"",""created_time"":""2026-04-28T15:30:17.030645Z"",""no_price_dollars"":""0.4600"",""taker_side"":""no"",""ticker"":""KXBTC15M-26APR281145-45"",""trade_id"":""9f8ed054-4155-5c79-bc12-54b69d68bceb"",""yes_price_dollars"":""0.5400""}"
KXBTC15M-26APR281145-45,d8860b5d-ddd4-6109-9b3d-aaa3e9ad0552,1777390218,0.51,5.0,no,"{""count_fp"":""5.00"",""created_time"":""2026-04-28T15:30:18.595927Z"",""no_price_dollars"":""0.4900"",""taker_side"":""no"",""ticker"":""KXBTC15M-26APR281145-45"",""trade_id"":""d8860b5d-ddd4-6109-9b3d-aaa3e9ad0552"",""yes_price_dollars"":""0.5100""}"
KXBTC15M-26APR281145-45,45d14df4-7227-6c3b-8ccf-48c27f29b6cc,1777390218,0.51,3.0,no,"{""count_fp"":""3.00"",""created_time"":""2026-04-28T15:30:18.595927Z"",""no_price_dollars"":""0.4900"",""taker_side"":""no"",""ticker"":""KXBTC15M-26APR281145-45"",""trade_id"":""45d14df4-7227-6c3b-8ccf-48c27f29b6cc"",""yes_price_dollars"":""0.5100""}"
KXBTC15M-26APR281145-45,3e94e921-6a93-6dd5-a3bc-4a64c944ec5a,1777390218,0.51,20.0,no,"{""count_fp"":""20.00"",""created_time"":""2026-04-28T15:30:18.595927Z"",""no_price_dollars"":""0.4900"",""taker_side"":""no"",""ticker"":""KXBTC15M-26APR281145-45"",""trade_id"":""3e94e921-6a93-6dd5-a3bc-4a64c944ec5a"",""yes_price_dollars"":""0.5100""}"
KXBTC15M-26APR281145-45,9205e841-f4f5-4f03-9ce6-d72cfc0730d6,1777390218,0.52,35.88,yes,"{""count_fp"":""35.88"",""created_time"":""2026-04-28T15:30:18.552398Z"",""no_price_dollars"":""0.4800"",""taker_side"":""yes"",""ticker"":""KXBTC15M-26APR281145-45"",""trade_id"":""9205e841-f4f5-4f03-9ce6-d72cfc0730d6"",""yes_price_dollars"":""0.5200""}"
KXBTC15M-26APR281145-45,b94e4c32-a447-58a7-ac50-c9dfbf289806,1777390218,0.53,3.21,no,"{""count_fp"":""3.21"",""created_time"":""2026-04-28T15:30:18.463373Z"",""no_price_dollars"":""0.4700"",""taker_side"":""no"",""ticker"":""KXBTC15M-26APR281145-45"",""trade_id"":""b94e4c32-a447-58a7-ac50-c9dfbf289806"",""yes_price_dollars"":""0.5300""}"
KXBTC15M-26APR281145-45,dab5e88c-e34d-7675-a99c-b57bce03cfd4,1777390218,0.53,7.72,no,"{""count_fp"":""7.72"",""created_time"":""2026-04-28T15:30:18.423344Z"",""no_price_dollars"":""0.4700"",""taker_side"":""no"",""ticker"":""KXBTC15M-26APR281145-45"",""trade_id"":""dab5e88c-e34d-7675-a99c-b57bce03cfd4"",""yes_price_dollars"":""0.5300""}"
KXBTC15M-26APR281145-45,7ccb9646-521f-7de7-bb8c-ce05175d3b06,1777390218,0.53,12.79,no,"{""count_fp"":""12.79"",""created_time"":""2026-04-28T15:30:18.423344Z"",""no_price_dollars"":""0.4700"",""taker_side"":""no"",""ticker"":""KXBTC15M-26APR281145-45"",""trade_id"":""7ccb9646-521f-7de7-bb8c-ce05175d3b06"",""yes_price_dollars"":""0.5300""}"
KXBTC15M-26APR281145-45,e4158bad-e741-5c19-0e0b-0c28ceae64b4,1777390218,0.53,14.11,no,"{""count_fp"":""14.11"",""created_time"":""2026-04-28T15:30:18.267081Z"",""no_price_dollars"":""0.4700"",""taker_side"":""no"",""ticker"":""KXBTC15M-26APR281145-45"",""trade_id"":""e4158bad-e741-5c19-0e0b-0c28ceae64b4"",""yes_price_dollars"":""0.5300""}"
KXBTC15M-26APR281145-45,89a94a9c-da79-5f8a-21e1-7e24b1b7b8af,1777390218,0.53,6.83,no,"{""count_fp"":""6.83"",""created_time"":""2026-04-28T15:30:18.267081Z"",""no_price_dollars"":""0.4700"",""taker_side"":""no"",""ticker"":""KXBTC15M-26APR281145-45"",""trade_id"":""89a94a9c-da79-5f8a-21e1-7e24b1b7b8af"",""yes_price_dollars"":""0.5300""}"
KXBTC15M-26APR281145-45,09003806-e381-6cb6-1e68-c93866f5befb,1777390218,0.53,26.8,no,"{""count_fp"":""26.80"",""created_time"":""2026-04-28T15:30:18.224947Z"",""no_price_dollars"":""0.4700"",""taker_side"":""no"",""ticker"":""KXBTC15M-26APR281145-45"",""trade_id"":""09003806-e381-6cb6-1e68-c93866f5befb"",""yes_price_dollars"":""0.5300""}"
KXBTC15M-26APR281145-45,fa5460ab-d9f9-6146-2e19-49390a1c5fab,1777390218,0.53,8.0,no,"{""count_fp"":""8.00"",""created_time"":""2026-04-28T15:30:18.187858Z"",""no_price_dollars"":""0.4700"",""taker_side"":""no"",""ticker"":""KXBTC15M-26APR281145-45"",""trade_id"":""fa5460ab-d9f9-6146-2e19-49390a1c5fab"",""yes_price_dollars"":""0.5300""}"
KXBTC15M-26APR281145-45,e26826be-e8b5-51ca-f2fb-64f43b67a2ab,1777390218,0.53,1.0,no,"{""count_fp"":""1.00"",""created_time"":""2026-04-28T15:30:18.073758Z"",""no_price_dollars"":""0.4700"",""taker_side"":""no"",""ticker"":""KXBTC15M-26APR281145-45"",""trade_id"":""e26826be-e8b5-51ca-f2fb-64f43b67a2ab"",""yes_price_dollars"":""0.5300""}"
KXBTC15M-26APR281145-45,22230847-83b1-412f-e47d-9e638b47b67c,1777390219,0.48,18.0,yes,"{""count_fp"":""18.00"",""created_time"":""2026-04-28T15:30:19.782169Z"",""no_price_dollars"":""0.5200"",""taker_side"":""yes"",""ticker"":""KXBTC15M-26APR281145-45"",""trade_id"":""22230847-83b1-412f-e47d-9e638b47b67c"",""yes_price_dollars"":""0.4800""}"
KXBTC15M-26APR281145-45,988f2d9d-a56a-4deb-ffe4-acc62e982903,1777390219,0.5,10.0,no,"{""count_fp"":""10.00"",""created_time"":""2026-04-28T15:30:19.643836Z"",""no_price_dollars"":""0.5000"",""taker_side"":""no"",""ticker"":""KXBTC15M-26APR281145-45"",""trade_id"":""988f2d9d-a56a-4deb-ffe4-acc62e982903"",""yes_price_dollars"":""0.5000""}"
KXBTC15M-26APR281145-45,6cf2c9d5-bb7c-4c07-ed30-718820b667db,1777390219,0.5,1.51,no,"{""count_fp"":""1.51"",""created_time"":""2026-04-28T15:30:19.643836Z"",""no_price_dollars"":""0.5000"",""taker_side"":""no"",""ticker"":""KXBTC15M-26APR281145-45"",""trade_id"":""6cf2c9d5-bb7c-4c07-ed30-718820b667db"",""yes_price_dollars"":""0.5000""}"
KXBTC15M-26APR281145-45,d0afb114-54f0-4760-9a05-2504e922d732,1777390219,0.5,2.0,no,"{""count_fp"":""2.00"",""created_time"":""2026-04-28T15:30:19.634018Z"",""no_price_dollars"":""0.5000"",""taker_side"":""no"",""ticker"":""KXBTC15M-26APR281145-45"",""trade_id"":""d0afb114-54f0-4760-9a05-2504e922d732"",""yes_price_dollars"":""0.5000""}"
KXBTC15M-26APR281145-45,a41d11b0-3bb0-49b3-abe3-932c07cd7993,1777390219,0.5,7.49,no,"{""count_fp"":""7.49"",""created_time"":""2026-04-28T15:30:19.634018Z"",""no_price_dollars"":""0.5000"",""taker_side"":""no"",""ticker"":""KXBTC15M-26APR281145-45"",""trade_id"":""a41d11b0-3bb0-49b3-abe3-932c07cd7993"",""yes_price_dollars"":""0.5000""}"
KXBTC15M-26APR281145-45,56c7f5bd-4e32-4cbe-9fea-62ae8c986838,1777390219,0.5,37.53,no,"{""count_fp"":""37.53"",""created_time"":""2026-04-28T15:30:19.634018Z"",""no_price_dollars"":""0.5000"",""taker_side"":""no"",""ticker"":""KXBTC15M-26APR281145-45"",""trade_id"":""56c7f5bd-4e32-4cbe-9fea-62ae8c986838"",""yes_price_dollars"":""0.5000""}"
KXBTC15M-26APR281145-45,58a21f74-5c3e-4f36-7a7f-716d95f2229c,1777390219,0.5,31.12,no,"{""count_fp"":""31.12"",""created_time"":""2026-04-28T15:30:19.632519Z"",""no_price_dollars"":""0.5000"",""taker_side"":""no"",""ticker"":""KXBTC15M-26APR281145-45"",""trade_id"":""58a21f74-5c3e-4f36-7a7f-716d95f2229c"",""yes_price_dollars"":""0.5000""}"
KXBTC15M-26APR281145-45,4a67b4e5-f00a-57d6-2260-e3e290b3cd08,1777390219,0.5,26.56,no,"{""count_fp"":""26.56"",""created_time"":""2026-04-28T15:30:19.585509Z"",""no_price_dollars"":""0.5000"",""taker_side"":""no"",""ticker"":""KXBTC15M-26APR281145-45"",""trade_id"":""4a67b4e5-f00a-57d6-2260-e3e290b3cd08"",""yes_price_dollars"":""0.5000""}"
KXBTC15M-26APR281145-45,67eb7c67-4c8f-58da-650c-5d7660e16c68,1777390219,0.51,37.91,yes,"{""count_fp"":""37.91"",""created_time"":""2026-04-28T15:30:19.583552Z"",""no_price_dollars"":""0.4900"",""taker_side"":""yes"",""ticker"":""KXBTC15M-26APR281145-45"",""trade_id"":""67eb7c67-4c8f-58da-650c-5d7660e16c68"",""yes_price_dollars"":""0.5100""}"
KXBTC15M-26APR281145-45,370049c6-a8d5-50bb-cd6f-abf85a9126a7,1777390219,0.5,1.0,no,"{""count_fp"":""1.00"",""created_time"":""2026-04-28T15:30:19.575604Z"",""no_price_dollars"":""0.5000"",""taker_side"":""no"",""ticker"":""KXBTC15M-26APR281145-45"",""trade_id"":""370049c6-a8d5-50bb-cd6f-abf85a9126a7"",""yes_price_dollars"":""0.5000""}"
KXBTC15M-26APR281145-45,328ff1fb-7e9a-58a6-cd1c-37f181598ea8,1777390219,0.5,24.79,no,"{""count_fp"":""24.79"",""created_time"":""2026-04-28T15:30:19.575604Z"",""no_price_dollars"":""0.5000"",""taker_side"":""no"",""ticker"":""KXBTC15M-26APR281145-45"",""trade_id"":""328ff1fb-7e9a-58a6-cd1c-37f181598ea8"",""yes_price_dollars"":""0.5000""}"
KXBTC15M-26APR281145-45,1f741517-c263-483e-0567-df1c6e51b268,1777390219,0.51,2.0,yes,"{""count_fp"":""2.00"",""created_time"":""2026-04-28T15:30:19.216676Z"",""no_price_dollars"":""0.4900"",""taker_side"":""yes"",""ticker"":""KXBTC15M-26APR281145-45"",""trade_id"":""1f741517-c263-483e-0567-df1c6e51b268"",""yes_price_dollars"":""0.5100""}"
KXBTC15M-26APR281145-45,f3ee69e8-859e-5abf-fd89-becd959803a6,1777390219,0.51,3.0,yes,"{""count_fp"":""3.00"",""created_time"":""2026-04-28T15:30:19.020935Z"",""no_price_dollars"":""0.4900"",""taker_side"":""yes"",""ticker"":""KXBTC15M-26APR281145-45"",""trade_id"":""f3ee69e8-859e-5abf-fd89-becd959803a6"",""yes_price_dollars"":""0.5100""}"
KXBTC15M-26APR281145-45,5f9b8b8d-0aac-51c1-d659-7388084b0747,1777390219,0.51,5.0,yes,"{""count_fp"":""5.00"",""created_time"":""2026-04-28T15:30:19.020935Z"",""no_price_dollars"":""0.4900"",""taker_side"":""yes"",""ticker"":""KXBTC15M-26APR281145-45"",""trade_id"":""5f9b8b8d-0aac-51c1-d659-7388084b0747"",""yes_price_dollars"":""0.5100""}"
KXBTC15M-26APR281145-45,502ed78e-3e02-5957-eb3d-62bcf855bb53,1777390219,0.51,10.0,yes,"{""count_fp"":""10.00"",""created_time"":""2026-04-28T15:30:19.020935Z"",""no_price_dollars"":""0.4900"",""taker_side"":""yes"",""ticker"":""KXBTC15M-26APR281145-45"",""trade_id"":""502ed78e-3e02-5957-eb3d-62bcf855bb53"",""yes_price_dollars"":""0.5100""}"
KXBTC15M-26APR281145-45,46bd8b02-7871-5fd3-eb0f-46c8e93447c6,1777390219,0.52,4.12,yes,"{""count_fp"":""4.12"",""created_time"":""2026-04-28T15:30:19.020935Z"",""no_price_dollars"":""0.4800"",""taker_side"":""yes"",""ticker"":""KXBTC15M-26APR281145-45"",""trade_id"":""46bd8b02-7871-5fd3-eb0f-46c8e93447c6"",""yes_price_dollars"":""0.5200""}"
KXBTC15M-26APR281145-45,461d7756-9127-5bf5-e9c1-14454804c511,1777390219,0.52,115.49,yes,"{""count_fp"":""115.49"",""created_time"":""2026-04-28T15:30:19.020935Z"",""no_price_dollars"":""0.4800"",""taker_side"":""yes"",""ticker"":""KXBTC15M-26APR281145-45"",""trade_id"":""461d7756-9127-5bf5-e9c1-14454804c511"",""yes_price_dollars"":""0.5200""}"
KXBTC15M-26APR281145-45,283f9ee2-0128-5d25-c053-13f6773e3e14,1777390219,0.51,40.0,yes,"{""count_fp"":""40.00"",""created_time"":""2026-04-28T15:30:19.020935Z"",""no_price_dollars"":""0.4900"",""taker_side"":""yes"",""ticker"":""KXBTC15M-26APR281145-45"",""trade_id"":""283f9ee2-0128-5d25-c053-13f6773e3e14"",""yes_price_dollars"":""0.5100""}"
KXBTC15M-26APR281145-45,eb44ddf7-8b59-4143-1172-901b37c70b7c,1777390220,0.48,15.56,yes,"{""count_fp"":""15.56"",""created_time"":""2026-04-28T15:30:20.707388Z"",""no_price_dollars"":""0.5200"",""taker_side"":""yes"",""ticker"":""KXBTC15M-26APR281145-45"",""trade_id"":""eb44ddf7-8b59-4143-1172-901b37c70b7c"",""yes_price_dollars"":""0.4800""}"
KXBTC15M-26APR281145-45,5545ac9d-adf2-4e38-2db7-7157a728748c,1777390220,0.48,9.44,yes,"{""count_fp"":""9.44"",""created_time"":""2026-04-28T15:30:20.707388Z"",""no_price_dollars"":""0.5200"",""taker_side"":""yes"",""ticker"":""KXBTC15M-26APR281145-45"",""trade_id"":""5545ac9d-adf2-4e38-2db7-7157a728748c"",""yes_price_dollars"":""0.4800""}"
KXBTC15M-26APR281145-45,5b5569ad-41dd-47eb-217d-726bba4b684c,1777390220,0.48,6.44,yes,"{""count_fp"":""6.44"",""created_time"":""2026-04-28T15:30:20.406Z"",""no_price_dollars"":""0.5200"",""taker_side"":""yes"",""ticker"":""KXBTC15M-26APR281145-45"",""trade_id"":""5b5569ad-41dd-47eb-217d-726bba4b684c"",""yes_price_dollars"":""0.4800""}"
KXBTC15M-26APR281145-45,aff62ebf-ee8f-46a1-a05e-ec134aa7fdf5,1777390221,0.47,34.0,yes,"{""count_fp"":""34.00"",""created_time"":""2026-04-28T15:30:21.909252Z"",""no_price_dollars"":""0.5300"",""taker_side"":""yes"",""ticker"":""KXBTC15M-26APR281145-45"",""trade_id"":""aff62ebf-ee8f-46a1-a05e-ec134aa7fdf5"",""yes_price_dollars"":""0.4700""}"
KXBTC15M-26APR281145-45,ec0183ac-c875-77d2-3fed-e7253cc90cbc,1777390221,0.47,1.28,no,"{""count_fp"":""1.28"",""created_time"":""2026-04-28T15:30:21.411675Z"",""no_price_dollars"":""0.5300"",""taker_side"":""no"",""ticker"":""KXBTC15M-26APR281145-45"",""trade_id"":""ec0183ac-c875-77d2-3fed-e7253cc90cbc"",""yes_price_dollars"":""0.4700""}"
KXBTC15M-26APR281145-45,d87483c1-b7b9-7e5c-250c-0080bd947e0b,1777390221,0.47,11.64,no,"{""count_fp"":""11.64"",""created_time"":""2026-04-28T15:30:21.411675Z"",""no_price_dollars"":""0.5300"",""taker_side"":""no"",""ticker"":""KXBTC15M-26APR281145-45"",""trade_id"":""d87483c1-b7b9-7e5c-250c-0080bd947e0b"",""yes_price_dollars"":""0.4700""}"
KXBTC15M-26APR281145-45,f4c1ec76-6896-446f-3d2c-f6ab67e121e7,1777390221,0.47,10.0,no,"{""count_fp"":""10.00"",""created_time"":""2026-04-28T15:30:21.399701Z"",""no_price_dollars"":""0.5300"",""taker_side"":""no"",""ticker"":""KXBTC15M-26APR281145-45"",""trade_id"":""f4c1ec76-6896-446f-3d2c-f6ab67e121e7"",""yes_price_dollars"":""0.4700""}"
KXBTC15M-26APR281145-45,ca94436f-96c5-4e3a-2c38-2af244cdf500,1777390221,0.47,2.72,no,"{""count_fp"":""2.72"",""created_time"":""2026-04-28T15:30:21.399701Z"",""no_price_dollars"":""0.5300"",""taker_side"":""no"",""ticker"":""KXBTC15M-26APR281145-45"",""trade_id"":""ca94436f-96c5-4e3a-2c38-2af244cdf500"",""yes_price_dollars"":""0.4700""}"
KXBTC15M-26APR281145-45,0a110915-24d5-4a6b-04a4-2c238bcc7cef,1777390221,0.47,11.0,no,"{""count_fp"":""11.00"",""created_time"":""2026-04-28T15:30:21.399701Z"",""no_price_dollars"":""0.5300"",""taker_side"":""no"",""ticker"":""KXBTC15M-26APR281145-45"",""trade_id"":""0a110915-24d5-4a6b-04a4-2c238bcc7cef"",""yes_price_dollars"":""0.4700""}"
KXBTC15M-26APR281145-45,f5b521b7-2285-6496-6fdb-0f3ca4066dba,1777390221,0.48,10.0,yes,"{""count_fp"":""10.00"",""created_time"":""2026-04-28T15:30:21.220176Z"",""no_price_dollars"":""0.5200"",""taker_side"":""yes"",""ticker"":""KXBTC15M-26APR281145-45"",""trade_id"":""f5b521b7-2285-6496-6fdb-0f3ca4066dba"",""yes_price_dollars"":""0.4800""}"
KXBTC15M-26APR281145-45,4ec890ed-efa9-6a77-7038-f6a44f16aed9,1777390221,0.48,11.64,yes,"{""count_fp"":""11.64"",""created_time"":""2026-04-28T15:30:21.220176Z"",""no_price_dollars"":""0.5200"",""taker_side"":""yes"",""ticker"":""KXBTC15M-26APR281145-45"",""trade_id"":""4ec890ed-efa9-6a77-7038-f6a44f16aed9"",""yes_price_dollars"":""0.4800""}"
KXBTC15M-26APR281145-45,1f21a31e-ce44-6187-76a1-d64bfcfb3134,1777390221,0.48,5.0,yes,"{""count_fp"":""5.00"",""created_time"":""2026-04-28T15:30:21.220176Z"",""no_price_dollars"":""0.5200"",""taker_side"":""yes"",""ticker"":""KXBTC15M-26APR281145-45"",""trade_id"":""1f21a31e-ce44-6187-76a1-d64bfcfb3134"",""yes_price_dollars"":""0.4800""}"
KXBTC15M-26APR281145-45,1651a1b2-eafe-6d04-6fee-dc3297a40b80,1777390221,0.48,13.56,yes,"{""count_fp"":""13.56"",""created_time"":""2026-04-28T15:30:21.220176Z"",""no_price_dollars"":""0.5200"",""taker_side"":""yes"",""ticker"":""KXBTC15M-26APR281145-45"",""trade_id"":""1651a1b2-eafe-6d04-6fee-dc3297a40b80"",""yes_price_dollars"":""0.4800""}"
KXBTC15M-26APR281145-45,8068bf06-a063-52dd-90e4-07902bcfa5b9,1777390222,0.48,2.01,yes,"{""count_fp"":""2.01"",""created_time"":""2026-04-28T15:30:22.946002Z"",""no_price_dollars"":""0.5200"",""taker_side"":""yes"",""ticker"":""KXBTC15M-26APR281145-45"",""trade_id"":""8068bf06-a063-52dd-90e4-07902bcfa5b9"",""yes_price_dollars"":""0.4800""}"
KXBTC15M-26APR281145-45,f462439d-89aa-5c3e-dea9-09b7f9764200,1777390223,0.47,3.0,no,"{""count_fp"":""3.00"",""created_time"":""2026-04-28T15:30:23.878019Z"",""no_price_dollars"":""0.5300"",""taker_side"":""no"",""ticker"":""KXBTC15M-26APR281145-45"",""trade_id"":""f462439d-89aa-5c3e-dea9-09b7f9764200"",""yes_price_dollars"":""0.4700""}"
KXBTC15M-26APR281145-45,eeb2e792-39d1-57d5-fd76-ece9b94b9876,1777390223,0.47,25.85,no,"{""count_fp"":""25.85"",""created_time"":""2026-04-28T15:30:23.878019Z"",""no_price_dollars"":""0.5300"",""taker_side"":""no"",""ticker"":""KXBTC15M-26APR281145-45"",""trade_id"":""eeb2e792-39d1-57d5-fd76-ece9b94b9876"",""yes_price_dollars"":""0.4700""}"
KXBTC15M-26APR281145-45,3e24d93a-350e-5276-d260-35c9838eb15d,1777390223,0.47,6.0,no,"{""count_fp"":""6.00"",""created_time"":""2026-04-28T15:30:23.878019Z"",""no_price_dollars"":""0.5300"",""taker_side"":""no"",""ticker"":""KXBTC15M-26APR281145-45"",""trade_id"":""3e24d93a-350e-5276-d260-35c9838eb15d"",""yes_price_dollars"":""0.4700""}"
KXBTC15M-26APR281145-45,25754a5a-d7f5-524d-e89c-904aa06c4514,1777390223,0.47,10.0,no,"{""count_fp"":""10.00"",""created_time"":""2026-04-28T15:30:23.878019Z"",""no_price_dollars"":""0.5300"",""taker_side"":""no"",""ticker"":""KXBTC15M-26APR281145-45"",""trade_id"":""25754a5a-d7f5-524d-e89c-904aa06c4514"",""yes_price_dollars"":""0.4700""}"
KXBTC15M-26APR281145-45,fb07da49-60f4-6392-a037-502ed8917b68,1777390223,0.48,20.0,yes,"{""count_fp"":""20.00"",""created_time"":""2026-04-28T15:30:23.509515Z"",""no_price_dollars"":""0.5200"",""taker_side"":""yes"",""ticker"":""KXBTC15M-26APR281145-45"",""trade_id"":""fb07da49-60f4-6392-a037-502ed8917b68"",""yes_price_dollars"":""0.4800""}"
KXBTC15M-26APR281145-45,babbd16b-bb9e-6f2c-9549-24b57f3921d4,1777390223,0.48,10.0,yes,"{""count_fp"":""10.00"",""created_time"":""2026-04-28T15:30:23.509515Z"",""no_price_dollars"":""0.5200"",""taker_side"":""yes"",""ticker"":""KXBTC15M-26APR281145-45"",""trade_id"":""babbd16b-bb9e-6f2c-9549-24b57f3921d4"",""yes_price_dollars"":""0.4800""}"
KXBTC15M-26APR281145-45,2ebc361b-efa4-61b4-81e2-f0be1ce173c0,1777390223,0.48,112.0,yes,"{""count_fp"":""112.00"",""created_time"":""2026-04-28T15:30:23.509515Z"",""no_price_dollars"":""0.5200"",""taker_side"":""yes"",""ticker"":""KXBTC15M-26APR281145-45"",""trade_id"":""2ebc361b-efa4-61b4-81e2-f0be1ce173c0"",""yes_price_dollars"":""0.4800""}"
KXBTC15M-26APR281145-45,17373df9-365b-63c9-849f-d06110736ce9,1777390223,0.48,37.99,yes,"{""count_fp"":""37.99"",""created_time"":""2026-04-28T15:30:23.509515Z"",""no_price_dollars"":""0.5200"",""taker_side"":""yes"",""ticker"":""KXBTC15M-26APR281145-45"",""trade_id"":""17373df9-365b-63c9-849f-d06110736ce9"",""yes_price_dollars"":""0.4800""}"
KXBTC15M-26APR281145-45,0c92b833-0468-6132-8c9e-4a873a47e2ba,1777390223,0.49,19.59,yes,"{""count_fp"":""19.59"",""created_time"":""2026-04-28T15:30:23.509515Z"",""no_price_dollars"":""0.5100"",""taker_side"":""yes"",""ticker"":""KXBTC15M-26APR281145-45"",""trade_id"":""0c92b833-0468-6132-8c9e-4a873a47e2ba"",""yes_price_dollars"":""0.4900""}"
KXBTC15M-26APR281145-45,adbe9a5c-243b-565b-20e2-7a4bfa6a2638,1777390224,0.48,2.0,yes,"{""count_fp"":""2.00"",""created_time"":""2026-04-28T15:30:24.639344Z"",""no_price_dollars"":""0.5200"",""taker_side"":""yes"",""ticker"":""KXBTC15M-26APR281145-45"",""trade_id"":""adbe9a5c-243b-565b-20e2-7a4bfa6a2638"",""yes_price_dollars"":""0.4800""}"
KXBTC15M-26APR281145-45,a34545ae-8ab0-5069-3f87-950ca8510bf8,1777390224,0.47,80.87,no,"{""count_fp"":""80.87"",""created_time"":""2026-04-28T15:30:24.224392Z"",""no_price_dollars"":""0.5300"",""taker_side"":""no"",""ticker"":""KXBTC15M-26APR281145-45"",""trade_id"":""a34545ae-8ab0-5069-3f87-950ca8510bf8"",""yes_price_dollars"":""0.4700""}"
KXBTC15M-26APR281145-45,455a6253-91ad-5615-06b1-26c72684de06,1777390224,0.47,9.15,no,"{""count_fp"":""9.15"",""created_time"":""2026-04-28T15:30:24.224392Z"",""no_price_dollars"":""0.5300"",""taker_side"":""no"",""ticker"":""KXBTC15M-26APR281145-45"",""trade_id"":""455a6253-91ad-5615-06b1-26c72684de06"",""yes_price_dollars"":""0.4700""}"
KXBTC15M-26APR281145-45,a7536ab2-e531-5e89-2ed8-a5ea4c20a7b6,1777390224,0.47,5.0,no,"{""count_fp"":""5.00"",""created_time"":""2026-04-28T15:30:24.133953Z"",""no_price_dollars"":""0.5300"",""taker_side"":""no"",""ticker"":""KXBTC15M-26APR281145-45"",""trade_id"":""a7536ab2-e531-5e89-2ed8-a5ea4c20a7b6"",""yes_price_dollars"":""0.4700""}"
KXBTC15M-26APR281145-45,e6381445-9ed5-7793-98e5-135fc5c91d86,1777390225,0.47,9.68,no,"{""count_fp"":""9.68"",""created_time"":""2026-04-28T15:30:25.933244Z"",""no_price_dollars"":""0.5300"",""taker_side"":""no"",""ticker"":""KXBTC15M-26APR281145-45"",""trade_id"":""e6381445-9ed5-7793-98e5-135fc5c91d86"",""yes_price_dollars"":""0.4700""}"
KXBTC15M-26APR281145-45,498815af-7a65-7198-81c2-de3f1ae42bfe,1777390225,0.47,0.32,no,"{""count_fp"":""0.32"",""created_time"":""2026-04-28T15:30:25.933244Z"",""no_price_dollars"":""0.5300"",""taker_side"":""no"",""ticker"":""KXBTC15M-26APR281145-45"",""trade_id"":""498815af-7a65-7198-81c2-de3f1ae42bfe"",""yes_price_dollars"":""0.4700""}"
KXBTC15M-26APR281145-45,e5b98bdc-ff9b-631c-eaac-1fb205cc2588,1777390225,0.46,2.0,no,"{""count_fp"":""2.00"",""created_time"":""2026-04-28T15:30:25.110851Z"",""no_price_dollars"":""0.5400"",""taker_side"":""no"",""ticker"":""KXBTC15M-26APR281145-45"",""trade_id"":""e5b98bdc-ff9b-631c-eaac-1fb205cc2588"",""yes_price_dollars"":""0.4600""}"
KXBTC15M-26APR281145-45,f28940a4-4916-588e-5867-5ab3657a5ab9,1777390225,0.46,270.61,no,"{""count_fp"":""270.61"",""created_time"":""2026-04-28T15:30:25.063806Z"",""no_price_dollars"":""0.5400"",""taker_side"":""no"",""ticker"":""KXBTC15M-26APR281145-45"",""trade_id"":""f28940a4-4916-588e-5867-5ab3657a5ab9"",""yes_price_dollars"":""0.4600""}"
KXBTC15M-26APR281145-45,b8873625-fc46-582a-6c7a-f3ea437d8ab1,1777390225,0.46,40.0,no,"{""count_fp"":""40.00"",""created_time"":""2026-04-28T15:30:25.063806Z"",""no_price_dollars"":""0.5400"",""taker_side"":""no"",""ticker"":""KXBTC15M-26APR281145-45"",""trade_id"":""b8873625-fc46-582a-6c7a-f3ea437d8ab1"",""yes_price_dollars"":""0.4600""}"
KXBTC15M-26APR281145-45,b4f93093-537f-55b0-56e3-841729745c4c,1777390225,0.46,44.88,no,"{""count_fp"":""44.88"",""created_time"":""2026-04-28T15:30:25.063806Z"",""no_price_dollars"":""0.5400"",""taker_side"":""no"",""ticker"":""KXBTC15M-26APR281145-45"",""trade_id"":""b4f93093-537f-55b0-56e3-841729745c4c"",""yes_price_dollars"":""0.4600""}"
KXBTC15M-26APR281145-45,fb844baf-aee8-6aaf-dfd5-8859b260a206,1777390225,0.47,20.0,no,"{""count_fp"":""20.00"",""created_time"":""2026-04-28T15:30:25.051542Z"",""no_price_dollars"":""0.5300"",""taker_side"":""no"",""ticker"":""KXBTC15M-26APR281145-45"",""trade_id"":""fb844baf-aee8-6aaf-dfd5-8859b260a206"",""yes_price_dollars"":""0.4700""}"
KXBTC15M-26APR281145-45,f7252b8c-9a6d-6c2a-f186-d97d88f34b20,1777390225,0.47,10.0,no,"{""count_fp"":""10.00"",""created_time"":""2026-04-28T15:30:25.051542Z"",""no_price_dollars"":""0.5300"",""taker_side"":""no"",""ticker"":""KXBTC15M-26APR281145-45"",""trade_id"":""f7252b8c-9a6d-6c2a-f186-d97d88f34b20"",""yes_price_dollars"":""0.4700""}"
KXBTC15M-26APR281145-45,daf831e6-b8d5-6738-c3e2-878173ea3bc1,1777390225,0.47,40.0,no,"{""count_fp"":""40.00"",""created_time"":""2026-04-28T15:30:25.051542Z"",""no_price_dollars"":""0.5300"",""taker_side"":""no"",""ticker"":""KXBTC15M-26APR281145-45"",""trade_id"":""daf831e6-b8d5-6738-c3e2-878173ea3bc1"",""yes_price_dollars"":""0.4700""}"
KXBTC15M-26APR281145-45,c5d1d495-6079-68b1-ed1c-e74654887694,1777390225,0.47,3.0,no,"{""count_fp"":""3.00"",""created_time"":""2026-04-28T15:30:25.051542Z"",""no_price_dollars"":""0.5300"",""taker_side"":""no"",""ticker"":""KXBTC15M-26APR281145-45"",""trade_id"":""c5d1d495-6079-68b1-ed1c-e74654887694"",""yes_price_dollars"":""0.4700""}"
KXBTC15M-26APR281145-45,bedd8de8-9a6d-6ec7-d31a-3706ad6a4dad,1777390225,0.46,1.0,no,"{""count_fp"":""1.00"",""created_time"":""2026-04-28T15:30:25.051542Z"",""no_price_dollars"":""0.5400"",""taker_side"":""no"",""ticker"":""KXBTC15M-26APR281145-45"",""trade_id"":""bedd8de8-9a6d-6ec7-d31a-3706ad6a4dad"",""yes_price_dollars"":""0.4600""}"
KXBTC15M-26APR281145-45,66e9aed5-62e2-63af-f71c-4b44f1a2960d,1777390225,0.46,1.0,no,"{""count_fp"":""1.00"",""created_time"":""2026-04-28T15:30:25.051542Z"",""no_price_dollars"":""0.5400"",""taker_side"":""no"",""ticker"":""KXBTC15M-26APR281145-45"",""trade_id"":""66e9aed5-62e2-63af-f71c-4b44f1a2960d"",""yes_price_dollars"":""0.4600""}"
KXBTC15M-26APR281145-45,3cf320f2-a2c8-6f29-da1b-6138811f5794,1777390225,0.47,31.13,no,"{""count_fp"":""31.13"",""created_time"":""2026-04-28T15:30:25.051542Z"",""no_price_dollars"":""0.5300"",""taker_side"":""no"",""ticker"":""KXBTC15M-26APR281145-45"",""trade_id"":""3cf320f2-a2c8-6f29-da1b-6138811f5794"",""yes_price_dollars"":""0.4700""}"
KXBTC15M-26APR281145-45,397ef90f-5f52-64ee-d19d-4150f029ec21,1777390225,0.46,129.39,no,"{""count_fp"":""129.39"",""created_time"":""2026-04-28T15:30:25.051542Z"",""no_price_dollars"":""0.5400"",""taker_side"":""no"",""ticker"":""KXBTC15M-26APR281145-45"",""trade_id"":""397ef90f-5f52-64ee-d19d-4150f029ec21"",""yes_price_dollars"":""0.4600""}"
KXBTC15M-26APR281145-45,3368ff5a-d7b1-61de-d843-31f353aa13bc,1777390225,0.46,4.0,no,"{""count_fp"":""4.00"",""created_time"":""2026-04-28T15:30:25.051542Z"",""no_price_dollars"":""0.5400"",""taker_side"":""no"",""ticker"":""KXBTC15M-26APR281145-45"",""trade_id"":""3368ff5a-d7b1-61de-d843-31f353aa13bc"",""yes_price_dollars"":""0.4600""}"
KXBTC15M-26APR281145-45,12b9bd4a-3b8c-65b2-ce66-a17715301b5f,1777390225,0.47,30.0,no,"{""count_fp"":""30.00"",""created_time"":""2026-04-28T15:30:25.051542Z"",""no_price_dollars"":""0.5300"",""taker_side"":""no"",""ticker"":""KXBTC15M-26APR281145-45"",""trade_id"":""12b9bd4a-3b8c-65b2-ce66-a17715301b5f"",""yes_price_dollars"":""0.4700""}"
KXBTC15M-26APR281145-45,de88a910-eb82-43e8-22e0-07cceff5c54a,1777390226,0.48,0.19,yes,"{""count_fp"":""0.19"",""created_time"":""2026-04-28T15:30:26.655222Z"",""no_price_dollars"":""0.5200"",""taker_side"":""yes"",""ticker"":""KXBTC15M-26APR281145-45"",""trade_id"":""de88a910-eb82-43e8-22e0-07cceff5c54a"",""yes_price_dollars"":""0.4800""}"
KXBTC15M-26APR281145-45,84f1dc6e-7063-4e5f-2db9-4ef640e6f7ac,1777390226,0.48,9.86,yes,"{""count_fp"":""9.86"",""created_time"":""2026-04-28T15:30:26.655222Z"",""no_price_dollars"":""0.5200"",""taker_side"":""yes"",""ticker"":""KXBTC15M-26APR281145-45"",""trade_id"":""84f1dc6e-7063-4e5f-2db9-4ef640e6f7ac"",""yes_price_dollars"":""0.4800""}"
KXBTC15M-26APR281145-45,12de875b-577b-5e63-2ac3-4d14b7b0afa4,1777390226,0.48,28.14,yes,"{""count_fp"":""28.14"",""created_time"":""2026-04-28T15:30:26.552745Z"",""no_price_dollars"":""0.5200"",""taker_side"":""yes"",""ticker"":""KXBTC15M-26APR281145-45"",""trade_id"":""12de875b-577b-5e63-2ac3-4d14b7b0afa4"",""yes_price_dollars"":""0.4800""}"
KXBTC15M-26APR281145-45,5e57be2e-ea51-7607-ec50-6bbfe641e1e2,1777390226,0.47,0.32,no,"{""count_fp"":""0.32"",""created_time"":""2026-04-28T15:30:26.360943Z"",""no_price_dollars"":""0.5300"",""taker_side"":""no"",""ticker"":""KXBTC15M-26APR281145-45"",""trade_id"":""5e57be2e-ea51-7607-ec50-6bbfe641e1e2"",""yes_price_dollars"":""0.4700""}"
KXBTC15M-26APR281145-45,30e8a36f-1dfc-7bb6-d072-a02864a5bf93,1777390226,0.47,2.05,no,"{""count_fp"":""2.05"",""created_time"":""2026-04-28T15:30:26.360943Z"",""no_price_dollars"":""0.5300"",""taker_side"":""no"",""ticker"":""KXBTC15M-26APR281145-45"",""trade_id"":""30e8a36f-1dfc-7bb6-d072-a02864a5bf93"",""yes_price_dollars"":""0.4700""}"
KXBTC15M-26APR281145-45,e44c0716-d35c-4696-c7dd-83201cbeedef,1777390227,0.47,6.95,no,"{""count_fp"":""6.95"",""created_time"":""2026-04-28T15:30:27.875449Z"",""no_price_dollars"":""0.5300"",""taker_side"":""no"",""ticker"":""KXBTC15M-26APR281145-45"",""trade_id"":""e44c0716-d35c-4696-c7dd-83201cbeedef"",""yes_price_dollars"":""0.4700""}"
KXBTC15M-26APR281145-45,c22d7fd6-fa0d-4e82-d3ee-abe4fb73d104,1777390227,0.47,0.32,no,"{""count_fp"":""0.32"",""created_time"":""2026-04-28T15:30:27.875449Z"",""no_price_dollars"":""0.5300"",""taker_side"":""no"",""ticker"":""KXBTC15M-26APR281145-45"",""trade_id"":""c22d7fd6-fa0d-4e82-d3ee-abe4fb73d104"",""yes_price_dollars"":""0.4700""}"
KXBTC15M-26APR281145-45,0847ae4c-60fe-41ef-ea81-2ba66368e1f8,1777390227,0.46,15.27,no,"{""count_fp"":""15.27"",""created_time"":""2026-04-28T15:30:27.875449Z"",""no_price_dollars"":""0.5400"",""taker_side"":""no"",""ticker"":""KXBTC15M-26APR281145-45"",""trade_id"":""0847ae4c-60fe-41ef-ea81-2ba66368e1f8"",""yes_price_dollars"":""0.4600""}"
KXBTC15M-26APR281145-45,06308010-07dc-40f6-c959-cded057c7ed0,1777390227,0.47,9.68,no,"{""count_fp"":""9.68"",""created_time"":""2026-04-28T15:30:27.875449Z"",""no_price_dollars"":""0.5300"",""taker_side"":""no"",""ticker"":""KXBTC15M-26APR281145-45"",""trade_id"":""06308010-07dc-40f6-c959-cded057c7ed0"",""yes_price_dollars"":""0.4700""}"
KXBTC15M-26APR281145-45,c442124b-84ea-7b2d-cada-30bc39c34b0d,1777390227,0.48,99.59,yes,"{""count_fp"":""99.59"",""created_time"":""2026-04-28T15:30:27.823642Z"",""no_price_dollars"":""0.5200"",""taker_side"":""yes"",""ticker"":""KXBTC15M-26APR281145-45"",""trade_id"":""c442124b-84ea-7b2d-cada-30bc39c34b0d"",""yes_price_dollars"":""0.4800""}"
KXBTC15M-26APR281145-45,b1591c31-92cc-75b0-f92b-52c3eb53b1fc,1777390227,0.48,40.0,yes,"{""count_fp"":""40.00"",""created_time"":""2026-04-28T15:30:27.823642Z"",""no_price_dollars"":""0.5200"",""taker_side"":""yes"",""ticker"":""KXBTC15M-26APR281145-45"",""trade_id"":""b1591c31-92cc-75b0-f92b-52c3eb53b1fc"",""yes_price_dollars"":""0.4800""}"
KXBTC15M-26APR281145-45,9d4f7ae0-8fc4-7827-eb7a-038cbbd06e35,1777390227,0.48,42.84,yes,"{""count_fp"":""42.84"",""created_time"":""2026-04-28T15:30:27.823642Z"",""no_price_dollars"":""0.5200"",""taker_side"":""yes"",""ticker"":""KXBTC15M-26APR281145-45"",""trade_id"":""9d4f7ae0-8fc4-7827-eb7a-038cbbd06e35"",""yes_price_dollars"":""0.4800""}"
KXBTC15M-26APR281145-45,7efd1f84-d068-767e-ed13-d10ef9e50b54,1777390227,0.48,3.0,yes,"{""count_fp"":""3.00"",""created_time"":""2026-04-28T15:30:27.823642Z"",""no_price_dollars"":""0.5200"",""taker_side"":""yes"",""ticker"":""KXBTC15M-26APR281145-45"",""trade_id"":""7efd1f84-d068-767e-ed13-d10ef9e50b54"",""yes_price_dollars"":""0.4800""}"
KXBTC15M-26APR281145-45,70a40d97-70b3-79a8-fee5-0f94102d5aa7,1777390227,0.48,5.0,yes,"{""count_fp"":""5.00"",""created_time"":""2026-04-28T15:30:27.823642Z"",""no_price_dollars"":""0.5200"",""taker_side"":""yes"",""ticker"":""KXBTC15M-26APR281145-45"",""trade_id"":""70a40d97-70b3-79a8-fee5-0f94102d5aa7"",""yes_price_dollars"":""0.4800""}"
KXBTC15M-26APR281145-45,66311ce4-f774-76d0-f63c-15687b792914,1777390227,0.48,10.0,yes,"{""count_fp"":""10.00"",""created_time"":""2026-04-28T15:30:27.823642Z"",""no_price_dollars"":""0.5200"",""taker_side"":""yes"",""ticker"":""KXBTC15M-26APR281145-45"",""trade_id"":""66311ce4-f774-76d0-f63c-15687b792914"",""yes_price_dollars"":""0.4800""}"
KXBTC15M-26APR281145-45,c12f349a-aeae-71c8-8979-455f03c85712,1777390227,0.48,11.88,yes,"{""count_fp"":""11.88"",""created_time"":""2026-04-28T15:30:27.668837Z"",""no_price_dollars"":""0.5200"",""taker_side"":""yes"",""ticker"":""KXBTC15M-26APR281145-45"",""trade_id"":""c12f349a-aeae-71c8-8979-455f03c85712"",""yes_price_dollars"":""0.4800""}"
KXBTC15M-26APR281145-45,ae4e0117-15a3-74f9-a188-6859b680f89e,1777390227,0.48,10.0,yes,"{""count_fp"":""10.00"",""created_time"":""2026-04-28T15:30:27.668837Z"",""no_price_dollars"":""0.5200"",""taker_side"":""yes"",""ticker"":""KXBTC15M-26APR281145-45"",""trade_id"":""ae4e0117-15a3-74f9-a188-6859b680f89e"",""yes_price_dollars"":""0.4800""}"
KXBTC15M-26APR281145-45,2f1f1e32-9f72-7a65-9656-7fc4c7579811,1777390227,0.48,36.41,yes,"{""count_fp"":""36.41"",""created_time"":""2026-04-28T15:30:27.668837Z"",""no_price_dollars"":""0.5200"",""taker_side"":""yes"",""ticker"":""KXBTC15M-26APR281145-45"",""trade_id"":""2f1f1e32-9f72-7a65-9656-7fc4c7579811"",""yes_price_dollars"":""0.4800""}"
KXBTC15M-26APR281145-45,c4365bae-6c41-6dce-451a-c1101f477ee0,1777390228,0.47,4.87,no,"{""count_fp"":""4.87"",""created_time"":""2026-04-28T15:30:28.717899Z"",""no_price_dollars"":""0.5300"",""taker_side"":""no"",""ticker"":""KXBTC15M-26APR281145-45"",""trade_id"":""c4365bae-6c41-6dce-451a-c1101f477ee0"",""yes_price_dollars"":""0.4700""}"
KXBTC15M-26APR281145-45,b97bb21b-fa7d-6c1a-6032-3a863c2c477b,1777390228,0.47,10.0,no,"{""count_fp"":""10.00"",""created_time"":""2026-04-28T15:30:28.717899Z"",""no_price_dollars"":""0.5300"",""taker_side"":""no"",""ticker"":""KXBTC15M-26APR281145-45"",""trade_id"":""b97bb21b-fa7d-6c1a-6032-3a863c2c477b"",""yes_price_dollars"":""0.4700""}"
KXBTC15M-26APR281145-45,22111b20-980d-6927-7122-b18e6568acb0,1777390228,0.47,10.0,no,"{""count_fp"":""10.00"",""created_time"":""2026-04-28T15:30:28.717899Z"",""no_price_dollars"":""0.5300"",""taker_side"":""no"",""ticker"":""KXBTC15M-26APR281145-45"",""trade_id"":""22111b20-980d-6927-7122-b18e6568acb0"",""yes_price_dollars"":""0.4700""}"
KXBTC15M-26APR281145-45,84b96cc3-f0d5-4692-6e19-88d0706386a0,1777390228,0.47,37.97,no,"{""count_fp"":""37.97"",""created_time"":""2026-04-28T15:30:28.705718Z"",""no_price_dollars"":""0.5300"",""taker_side"":""no"",""ticker"":""KXBTC15M-26APR281145-45"",""trade_id"":""84b96cc3-f0d5-4692-6e19-88d0706386a0"",""yes_price_dollars"":""0.4700""}"
KXBTC15M-26APR281145-45,ae7203eb-5a83-45f9-347b-08cdd8a65116,1777390228,0.48,16.08,yes,"{""count_fp"":""16.08"",""created_time"":""2026-04-28T15:30:28.620428Z"",""no_price_dollars"":""0.5200"",""taker_side"":""yes"",""ticker"":""KXBTC15M-26APR281145-45"",""trade_id"":""ae7203eb-5a83-45f9-347b-08cdd8a65116"",""yes_price_dollars"":""0.4800""}"
KXBTC15M-26APR281145-45,a3e44003-76a6-7c6d-e070-be6e9308d284,1777390228,0.48,40.0,yes,"{""count_fp"":""40.00"",""created_time"":""2026-04-28T15:30:28.348291Z"",""no_price_dollars"":""0.5200"",""taker_side"":""yes"",""ticker"":""KXBTC15M-26APR281145-45"",""trade_id"":""a3e44003-76a6-7c6d-e070-be6e9308d284"",""yes_price_dollars"":""0.4800""}"
KXBTC15M-26APR281145-45,00c92d3b-f233-7f45-fadd-fd9f41435f1e,1777390228,0.48,10.25,yes,"{""count_fp"":""10.25"",""created_time"":""2026-04-28T15:30:28.348291Z"",""no_price_dollars"":""0.5200"",""taker_side"":""yes"",""ticker"":""KXBTC15M-26APR281145-45"",""trade_id"":""00c92d3b-f233-7f45-fadd-fd9f41435f1e"",""yes_price_dollars"":""0.4800""}"
KXBTC15M-26APR281145-45,b603668a-4072-608a-249e-cccae055e20a,1777390229,0.46,10.0,yes,"{""count_fp"":""10.00"",""created_time"":""2026-04-28T15:30:29.516767Z"",""no_price_dollars"":""0.5400"",""taker_side"":""yes"",""ticker"":""KXBTC15M-26APR281145-45"",""trade_id"":""b603668a-4072-608a-249e-cccae055e20a"",""yes_price_dollars"":""0.4600""}"
KXBTC15M-26APR281145-45,a2acc099-b492-6f0a-12cb-efa66025dce6,1777390229,0.46,6.03,yes,"{""count_fp"":""6.03"",""created_time"":""2026-04-28T15:30:29.393261Z"",""no_price_dollars"":""0.5400"",""taker_side"":""yes"",""ticker"":""KXBTC15M-26APR281145-45"",""trade_id"":""a2acc099-b492-6f0a-12cb-efa66025dce6"",""yes_price_dollars"":""0.4600""}"
KXBTC15M-26APR281145-45,ca463843-cce9-4f85-e1df-c73b6d3fde2e,1777390230,0.45,8.93,yes,"{""count_fp"":""8.93"",""created_time"":""2026-04-28T15:30:30.873525Z"",""no_price_dollars"":""0.5500"",""taker_side"":""yes"",""ticker"":""KXBTC15M-26APR281145-45"",""trade_id"":""ca463843-cce9-4f85-e1df-c73b6d3fde2e"",""yes_price_dollars"":""0.4500""}"
KXBTC15M-26APR281145-45,9bc22d27-befd-4ffd-c817-32e4246e7e2c,1777390230,0.45,3.0,yes,"{""count_fp"":""3.00"",""created_time"":""2026-04-28T15:30:30.873525Z"",""no_price_dollars"":""0.5500"",""taker_side"":""yes"",""ticker"":""KXBTC15M-26APR281145-45"",""trade_id"":""9bc22d27-befd-4ffd-c817-32e4246e7e2c"",""yes_price_dollars"":""0.4500""}"
KXBTC15M-26APR281145-45,358e4879-905e-4f3d-f123-fd0debb2af6c,1777390230,0.45,9.01,yes,"{""count_fp"":""9.01"",""created_time"":""2026-04-28T15:30:30.873525Z"",""no_price_dollars"":""0.5500"",""taker_side"":""yes"",""ticker"":""KXBTC15M-26APR281145-45"",""trade_id"":""358e4879-905e-4f3d-f123-fd0debb2af6c"",""yes_price_dollars"":""0.4500""}"
KXBTC15M-26APR281145-45,26cecece-b226-6c8d-ccef-aa0bd7aff0e8,1777390230,0.45,20.94,yes,"{""count_fp"":""20.94"",""created_time"":""2026-04-28T15:30:30.742353Z"",""no_price_dollars"":""0.5500"",""taker_side"":""yes"",""ticker"":""KXBTC15M-26APR281145-45"",""trade_id"":""26cecece-b226-6c8d-ccef-aa0bd7aff0e8"",""yes_price_dollars"":""0.4500""}"
KXBTC15M-26APR281145-45,317c40c8-ca32-45d1-b11e-fa19b24e3a74,1777390230,0.45,4.02,yes,"{""count_fp"":""4.02"",""created_time"":""2026-04-28T15:30:30.719144Z"",""no_price_dollars"":""0.5500"",""taker_side"":""yes"",""ticker"":""KXBTC15M-26APR281145-45"",""trade_id"":""317c40c8-ca32-45d1-b11e-fa19b24e3a74"",""yes_price_dollars"":""0.4500""}"
KXBTC15M-26APR281145-45,699c73a2-bbc2-5c2d-348b-55ac65619370,1777390230,0.45,6.03,yes,"{""count_fp"":""6.03"",""created_time"":""2026-04-28T15:30:30.706413Z"",""no_price_dollars"":""0.5500"",""taker_side"":""yes"",""ticker"":""KXBTC15M-26APR281145-45"",""trade_id"":""699c73a2-bbc2-5c2d-348b-55ac65619370"",""yes_price_dollars"":""0.4500""}"
KXBTC15M-26APR281145-45,d84fa6b1-3eed-5130-5400-26a0bdca03e8,1777390230,0.45,8.8,no,"{""count_fp"":""8.80"",""created_time"":""2026-04-28T15:30:30.328786Z"",""no_price_dollars"":""0.5500"",""taker_side"":""no"",""ticker"":""KXBTC15M-26APR281145-45"",""trade_id"":""d84fa6b1-3eed-5130-5400-26a0bdca03e8"",""yes_price_dollars"":""0.4500""}"
KXBTC15M-26APR281145-45,d017cae7-e862-6b69-8fe8-21c7fa3ae617,1777390230,0.45,4.0,no,"{""count_fp"":""4.00"",""created_time"":""2026-04-28T15:30:30.294336Z"",""no_price_dollars"":""0.5500"",""taker_side"":""no"",""ticker"":""KXBTC15M-26APR281145-45"",""trade_id"":""d017cae7-e862-6b69-8fe8-21c7fa3ae617"",""yes_price_dollars"":""0.4500""}"
KXBTC15M-26APR281145-45,b8e5cb9b-829f-6fd1-9d49-1c861e732a8b,1777390230,0.45,0.22,no,"{""count_fp"":""0.22"",""created_time"":""2026-04-28T15:30:30.294336Z"",""no_price_dollars"":""0.5500"",""taker_side"":""no"",""ticker"":""KXBTC15M-26APR281145-45"",""trade_id"":""b8e5cb9b-829f-6fd1-9d49-1c861e732a8b"",""yes_price_dollars"":""0.4500""}"
KXBTC15M-26APR281145-45,b4077804-516d-67d8-8f05-d172e0e05d18,1777390230,0.45,21.2,no,"{""count_fp"":""21.20"",""created_time"":""2026-04-28T15:30:30.294336Z"",""no_price_dollars"":""0.5500"",""taker_side"":""no"",""ticker"":""KXBTC15M-26APR281145-45"",""trade_id"":""b4077804-516d-67d8-8f05-d172e0e05d18"",""yes_price_dollars"":""0.4500""}"
KXBTC15M-26APR281145-45,66f69e18-87d8-6da1-9e0e-bc6a0f699e53,1777390230,0.45,1.0,no,"{""count_fp"":""1.00"",""created_time"":""2026-04-28T15:30:30.294336Z"",""no_price_dollars"":""0.5500"",""taker_side"":""no"",""ticker"":""KXBTC15M-26APR281145-45"",""trade_id"":""66f69e18-87d8-6da1-9e0e-bc6a0f699e53"",""yes_price_dollars"":""0.4500""}"
KXBTC15M-26APR281145-45,c2702b10-2ade-6146-e716-a7ae0fe7a656,1777390230,0.46,23.97,yes,"{""count_fp"":""23.97"",""created_time"":""2026-04-28T15:30:30.253284Z"",""no_price_dollars"":""0.5400"",""taker_side"":""yes"",""ticker"":""KXBTC15M-26APR281145-45"",""trade_id"":""c2702b10-2ade-6146-e716-a7ae0fe7a656"",""yes_price_dollars"":""0.4600""}"
KXBTC15M-26APR281145-45,8d5bc4a7-9374-612c-ea10-3f92f4fc175f,1777390230,0.46,26.03,yes,"{""count_fp"":""26.03"",""created_time"":""2026-04-28T15:30:30.253284Z"",""no_price_dollars"":""0.5400"",""taker_side"":""yes"",""ticker"":""KXBTC15M-26APR281145-45"",""trade_id"":""8d5bc4a7-9374-612c-ea10-3f92f4fc175f"",""yes_price_dollars"":""0.4600""}"
KXBTC15M-26APR281145-45,e7b8cf41-7e69-5085-c2b7-56513322f2fe,1777390231,0.45,27.81,yes,"{""count_fp"":""27.81"",""created_time"":""2026-04-28T15:30:31.937409Z"",""no_price_dollars"":""0.5500"",""taker_side"":""yes"",""ticker"":""KXBTC15M-26APR281145-45"",""trade_id"":""e7b8cf41-7e69-5085-c2b7-56513322f2fe"",""yes_price_dollars"":""0.4500""}"
KXBTC15M-26APR281145-45,4d62f6c9-caf1-6f1d-f66d-fd13c9c88116,1777390231,0.45,1.0,yes,"{""count_fp"":""1.00"",""created_time"":""2026-04-28T15:30:31.860382Z"",""no_price_dollars"":""0.5500"",""taker_side"":""yes"",""ticker"":""KXBTC15M-26APR281145-45"",""trade_id"":""4d62f6c9-caf1-6f1d-f66d-fd13c9c88116"",""yes_price_dollars"":""0.4500""}"
KXBTC15M-26APR281145-45,63e82d99-4491-734d-24f3-5e35dd01c2fa,1777390231,0.45,41.89,yes,"{""count_fp"":""41.89"",""created_time"":""2026-04-28T15:30:31.507892Z"",""no_price_dollars"":""0.5500"",""taker_side"":""yes"",""ticker"":""KXBTC15M-26APR281145-45"",""trade_id"":""63e82d99-4491-734d-24f3-5e35dd01c2fa"",""yes_price_dollars"":""0.4500""}"
KXBTC15M-26APR281145-45,74b2ed4b-f681-603d-3442-390092b92e62,1777390231,0.45,402.14,yes,"{""count_fp"":""402.14"",""created_time"":""2026-04-28T15:30:31.411228Z"",""no_price_dollars"":""0.5500"",""taker_side"":""yes"",""ticker"":""KXBTC15M-26APR281145-45"",""trade_id"":""74b2ed4b-f681-603d-3442-390092b92e62"",""yes_price_dollars"":""0.4500""}"
KXBTC15M-26APR281145-45,e014d0a5-babf-7de2-16e9-b52a190d261b,1777390232,0.43,3.14,yes,"{""count_fp"":""3.14"",""created_time"":""2026-04-28T15:30:32.769288Z"",""no_price_dollars"":""0.5700"",""taker_side"":""yes"",""ticker"":""KXBTC15M-26APR281145-45"",""trade_id"":""e014d0a5-babf-7de2-16e9-b52a190d261b"",""yes_price_dollars"":""0.4300""}"
KXBTC15M-26APR281145-45,9c302a93-853a-7c9c-004d-c611d090afcf,1777390232,0.43,8.43,yes,"{""count_fp"":""8.43"",""created_time"":""2026-04-28T15:30:32.769288Z"",""no_price_dollars"":""0.5700"",""taker_side"":""yes"",""ticker"":""KXBTC15M-26APR281145-45"",""trade_id"":""9c302a93-853a-7c9c-004d-c611d090afcf"",""yes_price_dollars"":""0.4300""}"
KXBTC15M-26APR281145-45,742333ef-20ce-7a6d-d919-6e15135735cc,1777390232,0.43,20.0,yes,"{""count_fp"":""20.00"",""created_time"":""2026-04-28T15:30:32.580739Z"",""no_price_dollars"":""0.5700"",""taker_side"":""yes"",""ticker"":""KXBTC15M-26APR281145-45"",""trade_id"":""742333ef-20ce-7a6d-d919-6e15135735cc"",""yes_price_dollars"":""0.4300""}"
KXBTC15M-26APR281145-45,db24cfba-a5e5-5c4f-b7de-fbc64bd04ba4,1777390232,0.42,2.0,no,"{""count_fp"":""2.00"",""created_time"":""2026-04-28T15:30:32.535177Z"",""no_price_dollars"":""0.5800"",""taker_side"":""no"",""ticker"":""KXBTC15M-26APR281145-45"",""trade_id"":""db24cfba-a5e5-5c4f-b7de-fbc64bd04ba4"",""yes_price_dollars"":""0.4200""}"
KXBTC15M-26APR281145-45,9188f2ad-3019-5fd6-abb0-6db79a567ac1,1777390232,0.42,1.0,no,"{""count_fp"":""1.00"",""created_time"":""2026-04-28T15:30:32.535177Z"",""no_price_dollars"":""0.5800"",""taker_side"":""no"",""ticker"":""KXBTC15M-26APR281145-45"",""trade_id"":""9188f2ad-3019-5fd6-abb0-6db79a567ac1"",""yes_price_dollars"":""0.4200""}"
KXBTC15M-26APR281145-45,64c1ccf9-2457-54ba-8829-a5f8ddded1c2,1777390232,0.42,11.0,no,"{""count_fp"":""11.00"",""created_time"":""2026-04-28T15:30:32.535177Z"",""no_price_dollars"":""0.5800"",""taker_side"":""no"",""ticker"":""KXBTC15M-26APR281145-45"",""trade_id"":""64c1ccf9-2457-54ba-8829-a5f8ddded1c2"",""yes_price_dollars"":""0.4200""}"
KXBTC15M-26APR281145-45,1b9b4bf0-c1ed-58cc-9ed1-4a37ad956942,1777390232,0.42,4.0,no,"{""count_fp"":""4.00"",""created_time"":""2026-04-28T15:30:32.535177Z"",""no_price_dollars"":""0.5800"",""taker_side"":""no"",""ticker"":""KXBTC15M-26APR281145-45"",""trade_id"":""1b9b4bf0-c1ed-58cc-9ed1-4a37ad956942"",""yes_price_dollars"":""0.4200""}"
KXBTC15M-26APR281145-45,563b277c-a5c2-5b11-5043-a1e4f75d3f90,1777390232,0.43,10.47,yes,"{""count_fp"":""10.47"",""created_time"":""2026-04-28T15:30:32.474277Z"",""no_price_dollars"":""0.5700"",""taker_side"":""yes"",""ticker"":""KXBTC15M-26APR281145-45"",""trade_id"":""563b277c-a5c2-5b11-5043-a1e4f75d3f90"",""yes_price_dollars"":""0.4300""}"
KXBTC15M-26APR281145-45,e6aaee6f-1ca7-6a40-d608-703789d26c86,1777390232,0.43,4.0,no,"{""count_fp"":""4.00"",""created_time"":""2026-04-28T15:30:32.262941Z"",""no_price_dollars"":""0.5700"",""taker_side"":""no"",""ticker"":""KXBTC15M-26APR281145-45"",""trade_id"":""e6aaee6f-1ca7-6a40-d608-703789d26c86"",""yes_price_dollars"":""0.4300""}"
KXBTC15M-26APR281145-45,a2597713-e145-660e-ea1c-0651cfe75a70,1777390232,0.44,4.0,no,"{""count_fp"":""4.00"",""created_time"":""2026-04-28T15:30:32.262941Z"",""no_price_dollars"":""0.5600"",""taker_side"":""no"",""ticker"":""KXBTC15M-26APR281145-45"",""trade_id"":""a2597713-e145-660e-ea1c-0651cfe75a70"",""yes_price_dollars"":""0.4400""}"
KXBTC15M-26APR281145-45,6efed3c9-72fe-6dd7-cf59-6d4f45b538b5,1777390232,0.44,1.0,no,"{""count_fp"":""1.00"",""created_time"":""2026-04-28T15:30:32.262941Z"",""no_price_dollars"":""0.5600"",""taker_side"":""no"",""ticker"":""KXBTC15M-26APR281145-45"",""trade_id"":""6efed3c9-72fe-6dd7-cf59-6d4f45b538b5"",""yes_price_dollars"":""0.4400""}"
KXBTC15M-26APR281145-45,25b1cd4f-743f-66da-e72b-ee1d8b7bc325,1777390232,0.43,11.0,no,"{""count_fp"":""11.00"",""created_time"":""2026-04-28T15:30:32.262941Z"",""no_price_dollars"":""0.5700"",""taker_side"":""no"",""ticker"":""KXBTC15M-26APR281145-45"",""trade_id"":""25b1cd4f-743f-66da-e72b-ee1d8b7bc325"",""yes_price_dollars"":""0.4300""}"
KXBTC15M-26APR281145-45,2541c20f-b864-6d0e-f1b3-fdb1fd790e0f,1777390232,0.43,1.0,no,"{""count_fp"":""1.00"",""created_time"":""2026-04-28T15:30:32.262941Z"",""no_price_dollars"":""0.5700"",""taker_side"":""no"",""ticker"":""KXBTC15M-26APR281145-45"",""trade_id"":""2541c20f-b864-6d0e-f1b3-fdb1fd790e0f"",""yes_price_dollars"":""0.4300""}"
KXBTC15M-26APR281145-45,14dd6f74-67dd-6dc5-e0d2-cfb2c07ec319,1777390232,0.44,1.0,no,"{""count_fp"":""1.00"",""created_time"":""2026-04-28T15:30:32.262941Z"",""no_price_dollars"":""0.5600"",""taker_side"":""no"",""ticker"":""KXBTC15M-26APR281145-45"",""trade_id"":""14dd6f74-67dd-6dc5-e0d2-cfb2c07ec319"",""yes_price_dollars"":""0.4400""}"
KXBTC15M-26APR281145-45,e1a7db81-3b34-4918-9fda-049b2e4742d3,1777390232,0.45,17.65,yes,"{""count_fp"":""17.65"",""created_time"":""2026-04-28T15:30:32.154292Z"",""no_price_dollars"":""0.5500"",""taker_side"":""yes"",""ticker"":""KXBTC15M-26APR281145-45"",""trade_id"":""e1a7db81-3b34-4918-9fda-049b2e4742d3"",""yes_price_dollars"":""0.4500""}"
KXBTC15M-26APR281145-45,92ca7a72-d4c9-4d11-8071-4681d17eaf7e,1777390232,0.45,9.35,yes,"{""count_fp"":""9.35"",""created_time"":""2026-04-28T15:30:32.154292Z"",""no_price_dollars"":""0.5500"",""taker_side"":""yes"",""ticker"":""KXBTC15M-26APR281145-45"",""trade_id"":""92ca7a72-d4c9-4d11-8071-4681d17eaf7e"",""yes_price_dollars"":""0.4500""}"
KXBTC15M-26APR281145-45,8243019b-cfc6-4f2e-b0e4-08b05d9cf597,1777390232,0.45,26.0,yes,"{""count_fp"":""26.00"",""created_time"":""2026-04-28T15:30:32.154292Z"",""no_price_dollars"":""0.5500"",""taker_side"":""yes"",""ticker"":""KXBTC15M-26APR281145-45"",""trade_id"":""8243019b-cfc6-4f2e-b0e4-08b05d9cf597"",""yes_price_dollars"":""0.4500""}"
KXBTC15M-26APR281145-45,c1210b00-2eae-41c5-3b71-aa8507edcaac,1777390233,0.43,32.85,yes,"{""count_fp"":""32.85"",""created_time"":""2026-04-28T15:30:33.715074Z"",""no_price_dollars"":""0.5700"",""taker_side"":""yes"",""ticker"":""KXBTC15M-26APR281145-45"",""trade_id"":""c1210b00-2eae-41c5-3b71-aa8507edcaac"",""yes_price_dollars"":""0.4300""}"
KXBTC15M-26APR281145-45,9be4729f-369e-4dd8-3424-e3d5100f3ded,1777390233,0.43,10.0,yes,"{""count_fp"":""10.00"",""created_time"":""2026-04-28T15:30:33.715074Z"",""no_price_dollars"":""0.5700"",""taker_side"":""yes"",""ticker"":""KXBTC15M-26APR281145-45"",""trade_id"":""9be4729f-369e-4dd8-3424-e3d5100f3ded"",""yes_price_dollars"":""0.4300""}"
KXBTC15M-26APR281145-45,86542278-2c8c-4658-19da-a8c4edd32e19,1777390233,0.43,0.19,yes,"{""count_fp"":""0.19"",""created_time"":""2026-04-28T15:30:33.715074Z"",""no_price_dollars"":""0.5700"",""taker_side"":""yes"",""ticker"":""KXBTC15M-26APR281145-45"",""trade_id"":""86542278-2c8c-4658-19da-a8c4edd32e19"",""yes_price_dollars"":""0.4300""}"
KXBTC15M-26APR281145-45,60d3413b-dbe6-4a48-0360-2e2c2e6aa087,1777390233,0.43,1.57,yes,"{""count_fp"":""1.57"",""created_time"":""2026-04-28T15:30:33.715074Z"",""no_price_dollars"":""0.5700"",""taker_side"":""yes"",""ticker"":""KXBTC15M-26APR281145-45"",""trade_id"":""60d3413b-dbe6-4a48-0360-2e2c2e6aa087"",""yes_price_dollars"":""0.4300""}"
KXBTC15M-26APR281145-45,3798c86d-7330-7f57-5b4d-f207fc4ba0c8,1777390233,0.42,0.59,no,"{""count_fp"":""0.59"",""created_time"":""2026-04-28T15:30:33.603264Z"",""no_price_dollars"":""0.5800"",""taker_side"":""no"",""ticker"":""KXBTC15M-26APR281145-45"",""trade_id"":""3798c86d-7330-7f57-5b4d-f207fc4ba0c8"",""yes_price_dollars"":""0.4200""}"
KXBTC15M-26APR281145-45,c5ebe089-b528-4fa3-171e-c0079f3dbe68,1777390233,0.42,251.23,no,"{""count_fp"":""251.23"",""created_time"":""2026-04-28T15:30:33.433407Z"",""no_price_dollars"":""0.5800"",""taker_side"":""no"",""ticker"":""KXBTC15M-26APR281145-45"",""trade_id"":""c5ebe089-b528-4fa3-171e-c0079f3dbe68"",""yes_price_dollars"":""0.4200""}"
KXBTC15M-26APR281145-45,bf8cfddd-2593-456c-d1a9-c754b0411ecf,1777390233,0.42,20.0,no,"{""count_fp"":""20.00"",""created_time"":""2026-04-28T15:30:33.294857Z"",""no_price_dollars"":""0.5800"",""taker_side"":""no"",""ticker"":""KXBTC15M-26APR281145-45"",""trade_id"":""bf8cfddd-2593-456c-d1a9-c754b0411ecf"",""yes_price_dollars"":""0.4200""}"
KXBTC15M-26APR281145-45,382d765d-8ca8-44db-e7b6-522ce6c86a34,1777390233,0.42,21.87,no,"{""count_fp"":""21.87"",""created_time"":""2026-04-28T15:30:33.294857Z"",""no_price_dollars"":""0.5800"",""taker_side"":""no"",""ticker"":""KXBTC15M-26APR281145-45"",""trade_id"":""382d765d-8ca8-44db-e7b6-522ce6c86a34"",""yes_price_dollars"":""0.4200""}"
KXBTC15M-26APR281145-45,de530afd-fb4f-79d4-1b64-ef4553355107,1777390233,0.42,1.0,no,"{""count_fp"":""1.00"",""created_time"":""2026-04-28T15:30:33.214058Z"",""no_price_dollars"":""0.5800"",""taker_side"":""no"",""ticker"":""KXBTC15M-26APR281145-45"",""trade_id"":""de530afd-fb4f-79d4-1b64-ef4553355107"",""yes_price_dollars"":""0.4200""}"
KXBTC15M-26APR281145-45,adf9c66d-d684-64c1-1f48-8c085e6d3133,1777390234,0.42,6.7,yes,"{""count_fp"":""6.70"",""created_time"":""2026-04-28T15:30:34.929589Z"",""no_price_dollars"":""0.5800"",""taker_side"":""yes"",""ticker"":""KXBTC15M-26APR281145-45"",""trade_id"":""adf9c66d-d684-64c1-1f48-8c085e6d3133"",""yes_price_dollars"":""0.4200""}"
KXBTC15M-26APR281145-45,159c0b32-75dc-4ed1-e3f5-50f7aeefcd1b,1777390234,0.42,1.0,yes,"{""count_fp"":""1.00"",""created_time"":""2026-04-28T15:30:34.657451Z"",""no_price_dollars"":""0.5800"",""taker_side"":""yes"",""ticker"":""KXBTC15M-26APR281145-45"",""trade_id"":""159c0b32-75dc-4ed1-e3f5-50f7aeefcd1b"",""yes_price_dollars"":""0.4200""}"
KXBTC15M-26APR281145-45,fbc3bceb-015f-45ac-a1b1-f8bc5dff3149,1777390234,0.41,4.0,no,"{""count_fp"":""4.00"",""created_time"":""2026-04-28T15:30:34.412062Z"",""no_price_dollars"":""0.5900"",""taker_side"":""no"",""ticker"":""KXBTC15M-26APR281145-45"",""trade_id"":""fbc3bceb-015f-45ac-a1b1-f8bc5dff3149"",""yes_price_dollars"":""0.4100""}"
KXBTC15M-26APR281145-45,f366c5c8-ff7c-4192-bdb2-38b63206cb6d,1777390234,0.41,5.0,no,"{""count_fp"":""5.00"",""created_time"":""2026-04-28T15:30:34.412062Z"",""no_price_dollars"":""0.5900"",""taker_side"":""no"",""ticker"":""KXBTC15M-26APR281145-45"",""trade_id"":""f366c5c8-ff7c-4192-bdb2-38b63206cb6d"",""yes_price_dollars"":""0.4100""}"
KXBTC15M-26APR281145-45,eb9ea6ed-557b-44f2-8932-b38e8fab476e,1777390234,0.41,3.55,no,"{""count_fp"":""3.55"",""created_time"":""2026-04-28T15:30:34.412062Z"",""no_price_dollars"":""0.5900"",""taker_side"":""no"",""ticker"":""KXBTC15M-26APR281145-45"",""trade_id"":""eb9ea6ed-557b-44f2-8932-b38e8fab476e"",""yes_price_dollars"":""0.4100""}"
KXBTC15M-26APR281145-45,901d6d6f-5361-46f0-91e9-f67bd24cd6ba,1777390234,0.41,56.0,no,"{""count_fp"":""56.00"",""created_time"":""2026-04-28T15:30:34.412062Z"",""no_price_dollars"":""0.5900"",""taker_side"":""no"",""ticker"":""KXBTC15M-26APR281145-45"",""trade_id"":""901d6d6f-5361-46f0-91e9-f67bd24cd6ba"",""yes_price_dollars"":""0.4100""}"
KXBTC15M-26APR281145-45,7c780ed9-b7eb-4dc8-b168-a22ab338a590,1777390234,0.42,11.0,no,"{""count_fp"":""11.00"",""created_time"":""2026-04-28T15:30:34.412062Z"",""no_price_dollars"":""0.5800"",""taker_side"":""no"",""ticker"":""KXBTC15M-26APR281145-45"",""trade_id"":""7c780ed9-b7eb-4dc8-b168-a22ab338a590"",""yes_price_dollars"":""0.4200""}"
KXBTC15M-26APR281145-45,784131f5-2fa6-47c9-8253-c893f7216a01,1777390234,0.41,40.0,no,"{""count_fp"":""40.00"",""created_time"":""2026-04-28T15:30:34.412062Z"",""no_price_dollars"":""0.5900"",""taker_side"":""no"",""ticker"":""KXBTC15M-26APR281145-45"",""trade_id"":""784131f5-2fa6-47c9-8253-c893f7216a01"",""yes_price_dollars"":""0.4100""}"
KXBTC15M-26APR281145-45,74337df2-1f9a-4d26-83bf-6e5eb18db96b,1777390234,0.41,1.0,no,"{""count_fp"":""1.00"",""created_time"":""2026-04-28T15:30:34.412062Z"",""no_price_dollars"":""0.5900"",""taker_side"":""no"",""ticker"":""KXBTC15M-26APR281145-45"",""trade_id"":""74337df2-1f9a-4d26-83bf-6e5eb18db96b"",""yes_price_dollars"":""0.4100""}"
KXBTC15M-26APR281145-45,639d0d84-7af8-46bc-bf6c-c84f3dd65d88,1777390234,0.41,119.0,no,"{""count_fp"":""119.00"",""created_time"":""2026-04-28T15:30:34.412062Z"",""no_price_dollars"":""0.5900"",""taker_side"":""no"",""ticker"":""KXBTC15M-26APR281145-45"",""trade_id"":""639d0d84-7af8-46bc-bf6c-c84f3dd65d88"",""yes_price_dollars"":""0.4100""}"
KXBTC15M-26APR281145-45,023e524d-11ea-47fb-9eff-65dcc86735fa,1777390234,0.41,5.0,no,"{""count_fp"":""5.00"",""created_time"":""2026-04-28T15:30:34.412062Z"",""no_price_dollars"":""0.5900"",""taker_side"":""no"",""ticker"":""KXBTC15M-26APR281145-45"",""trade_id"":""023e524d-11ea-47fb-9eff-65dcc86735fa"",""yes_price_dollars"":""0.4100""}"
KXBTC15M-26APR281145-45,b563d4e4-ca2e-5c17-2e5f-f32345dd838a,1777390235,0.41,16.0,no,"{""count_fp"":""16.00"",""created_time"":""2026-04-28T15:30:35.914357Z"",""no_price_dollars"":""0.5900"",""taker_side"":""no"",""ticker"":""KXBTC15M-26APR281145-45"",""trade_id"":""b563d4e4-ca2e-5c17-2e5f-f32345dd838a"",""yes_price_dollars"":""0.4100""}"
KXBTC15M-26APR281145-45,8dbc80c8-850e-5e2e-34d5-87e4c68b2157,1777390235,0.41,3.0,no,"{""count_fp"":""3.00"",""created_time"":""2026-04-28T15:30:35.914357Z"",""no_price_dollars"":""0.5900"",""taker_side"":""no"",""ticker"":""KXBTC15M-26APR281145-45"",""trade_id"":""8dbc80c8-850e-5e2e-34d5-87e4c68b2157"",""yes_price_dollars"":""0.4100""}"
KXBTC15M-26APR281145-45,7c5206e7-b35a-5c6a-2fe6-4aa12ba6fd8b,1777390235,0.4,56.19,no,"{""count_fp"":""56.19"",""created_time"":""2026-04-28T15:30:35.914357Z"",""no_price_dollars"":""0.6000"",""taker_side"":""no"",""ticker"":""KXBTC15M-26APR281145-45"",""trade_id"":""7c5206e7-b35a-5c6a-2fe6-4aa12ba6fd8b"",""yes_price_dollars"":""0.4000""}"
KXBTC15M-26APR281145-45,1ace9a80-8fee-5d89-15e7-2ce5660d4516,1777390235,0.41,11.96,no,"{""count_fp"":""11.96"",""created_time"":""2026-04-28T15:30:35.914357Z"",""no_price_dollars"":""0.5900"",""taker_side"":""no"",""ticker"":""KXBTC15M-26APR281145-45"",""trade_id"":""1ace9a80-8fee-5d89-15e7-2ce5660d4516"",""yes_price_dollars"":""0.4100""}"
KXBTC15M-26APR281145-45,6d9dd8e8-d7ec-78d1-4f1e-5dbcf42cae3b,1777390235,0.42,16.63,yes,"{""count_fp"":""16.63"",""created_time"":""2026-04-28T15:30:35.843675Z"",""no_price_dollars"":""0.5800"",""taker_side"":""yes"",""ticker"":""KXBTC15M-26APR281145-45"",""trade_id"":""6d9dd8e8-d7ec-78d1-4f1e-5dbcf42cae3b"",""yes_price_dollars"":""0.4200""}"
KXBTC15M-26APR281145-45,a2ee5523-30f8-50a1-554a-fa569c2dd8a7,1777390235,0.42,1.11,yes,"{""count_fp"":""1.11"",""created_time"":""2026-04-28T15:30:35.052675Z"",""no_price_dollars"":""0.5800"",""taker_side"":""yes"",""ticker"":""KXBTC15M-26APR281145-45"",""trade_id"":""a2ee5523-30f8-50a1-554a-fa569c2dd8a7"",""yes_price_dollars"":""0.4200""}"
KXBTC15M-26APR281145-45,cb6642ea-d5d0-77ed-8c85-473400b07303,1777390236,0.42,14.56,yes,"{""count_fp"":""14.56"",""created_time"":""2026-04-28T15:30:36.929976Z"",""no_price_dollars"":""0.5800"",""taker_side"":""yes"",""ticker"":""KXBTC15M-26APR281145-45"",""trade_id"":""cb6642ea-d5d0-77ed-8c85-473400b07303"",""yes_price_dollars"":""0.4200""}"
KXBTC15M-26APR281145-45,87d24be5-f3fe-736a-950d-66b14cf73bdb,1777390236,0.42,65.44,yes,"{""count_fp"":""65.44"",""created_time"":""2026-04-28T15:30:36.929976Z"",""no_price_dollars"":""0.5800"",""taker_side"":""yes"",""ticker"":""KXBTC15M-26APR281145-45"",""trade_id"":""87d24be5-f3fe-736a-950d-66b14cf73bdb"",""yes_price_dollars"":""0.4200""}"
KXBTC15M-26APR281145-45,7adc86dc-a2e8-7e39-b014-65111dc453a4,1777390236,0.42,10.0,yes,"{""count_fp"":""10.00"",""created_time"":""2026-04-28T15:30:36.929976Z"",""no_price_dollars"":""0.5800"",""taker_side"":""yes"",""ticker"":""KXBTC15M-26APR281145-45"",""trade_id"":""7adc86dc-a2e8-7e39-b014-65111dc453a4"",""yes_price_dollars"":""0.4200""}"
KXBTC15M-26APR281145-45,00a55410-bbf0-76fb-bf11-27331c8d6e02,1777390236,0.42,10.0,yes,"{""count_fp"":""10.00"",""created_time"":""2026-04-28T15:30:36.929976Z"",""no_price_dollars"":""0.5800"",""taker_side"":""yes"",""ticker"":""KXBTC15M-26APR281145-45"",""trade_id"":""00a55410-bbf0-76fb-bf11-27331c8d6e02"",""yes_price_dollars"":""0.4200""}"
KXBTC15M-26APR281145-45,dff57d57-d576-62ba-c9de-51de678b322f,1777390237,0.4,62.81,no,"{""count_fp"":""62.81"",""created_time"":""2026-04-28T15:30:37.894942Z"",""no_price_dollars"":""0.6000"",""taker_side"":""no"",""ticker"":""KXBTC15M-26APR281145-45"",""trade_id"":""dff57d57-d576-62ba-c9de-51de678b322f"",""yes_price_dollars"":""0.4000""}"
KXBTC15M-26APR281145-45,dfadb12a-c2bd-636d-ccee-0403b0d73b3f,1777390237,0.41,19.0,no,"{""count_fp"":""19.00"",""created_time"":""2026-04-28T15:30:37.894942Z"",""no_price_dollars"":""0.5900"",""taker_side"":""no"",""ticker"":""KXBTC15M-26APR281145-45"",""trade_id"":""dfadb12a-c2bd-636d-ccee-0403b0d73b3f"",""yes_price_dollars"":""0.4100""}"
KXBTC15M-26APR281145-45,bf06dba2-dfde-60dd-d5f2-4afa9cb324d2,1777390237,0.41,8.0,no,"{""count_fp"":""8.00"",""created_time"":""2026-04-28T15:30:37.894942Z"",""no_price_dollars"":""0.5900"",""taker_side"":""no"",""ticker"":""KXBTC15M-26APR281145-45"",""trade_id"":""bf06dba2-dfde-60dd-d5f2-4afa9cb324d2"",""yes_price_dollars"":""0.4100""}"
KXBTC15M-26APR281145-45,bd2e559c-cf67-6803-d55e-babab23229ca,1777390237,0.4,4.05,no,"{""count_fp"":""4.05"",""created_time"":""2026-04-28T15:30:37.894942Z"",""no_price_dollars"":""0.6000"",""taker_side"":""no"",""ticker"":""KXBTC15M-26APR281145-45"",""trade_id"":""bd2e559c-cf67-6803-d55e-babab23229ca"",""yes_price_dollars"":""0.4000""}"
KXBTC15M-26APR281145-45,58e6ea7e-9cbc-6daf-f0d4-0e479b726eee,1777390237,0.41,3.0,no,"{""count_fp"":""3.00"",""created_time"":""2026-04-28T15:30:37.894942Z"",""no_price_dollars"":""0.5900"",""taker_side"":""no"",""ticker"":""KXBTC15M-26APR281145-45"",""trade_id"":""58e6ea7e-9cbc-6daf-f0d4-0e479b726eee"",""yes_price_dollars"":""0.4100""}"
KXBTC15M-26APR281145-45,4e97500a-f4f3-6ea4-ddea-cbb27b768415,1777390237,0.41,65.44,no,"{""count_fp"":""65.44"",""created_time"":""2026-04-28T15:30:37.894942Z"",""no_price_dollars"":""0.5900"",""taker_side"":""no"",""ticker"":""KXBTC15M-26APR281145-45"",""trade_id"":""4e97500a-f4f3-6ea4-ddea-cbb27b768415"",""yes_price_dollars"":""0.4100""}"
KXBTC15M-26APR281145-45,6d01f56a-e82d-77ff-74eb-bed41b4d2d1d,1777390237,0.42,1.0,yes,"{""count_fp"":""1.00"",""created_time"":""2026-04-28T15:30:37.679032Z"",""no_price_dollars"":""0.5800"",""taker_side"":""yes"",""ticker"":""KXBTC15M-26APR281145-45"",""trade_id"":""6d01f56a-e82d-77ff-74eb-bed41b4d2d1d"",""yes_price_dollars"":""0.4200""}"
KXBTC15M-26APR281145-45,dab6b3a1-7e13-5fa5-628e-c5d6b74efb17,1777390237,0.42,0.18,yes,"{""count_fp"":""0.18"",""created_time"":""2026-04-28T15:30:37.677775Z"",""no_price_dollars"":""0.5800"",""taker_side"":""yes"",""ticker"":""KXBTC15M-26APR281145-45"",""trade_id"":""dab6b3a1-7e13-5fa5-628e-c5d6b74efb17"",""yes_price_dollars"":""0.4200""}"
KXBTC15M-26APR281145-45,46c9dfda-fe79-52ef-4be2-2c9e9d649821,1777390237,0.42,4.17,yes,"{""count_fp"":""4.17"",""created_time"":""2026-04-28T15:30:37.677775Z"",""no_price_dollars"":""0.5800"",""taker_side"":""yes"",""ticker"":""KXBTC15M-26APR281145-45"",""trade_id"":""46c9dfda-fe79-52ef-4be2-2c9e9d649821"",""yes_price_dollars"":""0.4200""}"
KXBTC15M-26APR281145-45,946fd668-06de-7052-fd4a-2dcb7f8a7f7e,1777390237,0.42,1.0,yes,"{""count_fp"":""1.00"",""created_time"":""2026-04-28T15:30:37.107057Z"",""no_price_dollars"":""0.5800"",""taker_side"":""yes"",""ticker"":""KXBTC15M-26APR281145-45"",""trade_id"":""946fd668-06de-7052-fd4a-2dcb7f8a7f7e"",""yes_price_dollars"":""0.4200""}"
KXBTC15M-26APR281145-45,c3ba2aff-8f71-6f37-83ff-e459c5002826,1777390238,0.4,4.0,no,"{""count_fp"":""4.00"",""created_time"":""2026-04-28T15:30:38.904173Z"",""no_price_dollars"":""0.6000"",""taker_side"":""no"",""ticker"":""KXBTC15M-26APR281145-45"",""trade_id"":""c3ba2aff-8f71-6f37-83ff-e459c5002826"",""yes_price_dollars"":""0.4000""}"
KXBTC15M-26APR281145-45,72108702-47ec-67e3-8d2d-fbac449195d1,1777390238,0.4,1.0,no,"{""count_fp"":""1.00"",""created_time"":""2026-04-28T15:30:38.904173Z"",""no_price_dollars"":""0.6000"",""taker_side"":""no"",""ticker"":""KXBTC15M-26APR281145-45"",""trade_id"":""72108702-47ec-67e3-8d2d-fbac449195d1"",""yes_price_dollars"":""0.4000""}"
KXBTC15M-26APR281145-45,23bbfd94-85a7-615b-8c58-ddd4121fa8c6,1777390238,0.4,25.07,no,"{""count_fp"":""25.07"",""created_time"":""2026-04-28T15:30:38.904173Z"",""no_price_dollars"":""0.6000"",""taker_side"":""no"",""ticker"":""KXBTC15M-26APR281145-45"",""trade_id"":""23bbfd94-85a7-615b-8c58-ddd4121fa8c6"",""yes_price_dollars"":""0.4000""}"
KXBTC15M-26APR281145-45,1b4ec590-8bd3-667b-9db7-1be9e757f48e,1777390238,0.4,18.95,no,"{""count_fp"":""18.95"",""created_time"":""2026-04-28T15:30:38.904173Z"",""no_price_dollars"":""0.6000"",""taker_side"":""no"",""ticker"":""KXBTC15M-26APR281145-45"",""trade_id"":""1b4ec590-8bd3-667b-9db7-1be9e757f48e"",""yes_price_dollars"":""0.4000""}"
KXBTC15M-26APR281145-45,a7ac918b-b3c7-5eb4-e1a8-436734e52db0,1777390238,0.42,24.12,yes,"{""count_fp"":""24.12"",""created_time"":""2026-04-28T15:30:38.773215Z"",""no_price_dollars"":""0.5800"",""taker_side"":""yes"",""ticker"":""KXBTC15M-26APR281145-45"",""trade_id"":""a7ac918b-b3c7-5eb4-e1a8-436734e52db0"",""yes_price_dollars"":""0.4200""}"
KXBTC15M-26APR281145-45,64bd15c0-dcf7-5bb8-ecbc-c8ee53141e41,1777390238,0.42,5.17,yes,"{""count_fp"":""5.17"",""created_time"":""2026-04-28T15:30:38.773215Z"",""no_price_dollars"":""0.5800"",""taker_side"":""yes"",""ticker"":""KXBTC15M-26APR281145-45"",""trade_id"":""64bd15c0-dcf7-5bb8-ecbc-c8ee53141e41"",""yes_price_dollars"":""0.4200""}"
KXBTC15M-26APR281145-45,2541cd1b-328e-58aa-c588-3bc307e28530,1777390238,0.42,1.0,yes,"{""count_fp"":""1.00"",""created_time"":""2026-04-28T15:30:38.773215Z"",""no_price_dollars"":""0.5800"",""taker_side"":""yes"",""ticker"":""KXBTC15M-26APR281145-45"",""trade_id"":""2541cd1b-328e-58aa-c588-3bc307e28530"",""yes_price_dollars"":""0.4200""}"
KXBTC15M-26APR281145-45,0bc6f63e-e94f-55d2-fc1e-5f4e798b1a78,1777390238,0.42,82.72,yes,"{""count_fp"":""82.72"",""created_time"":""2026-04-28T15:30:38.773215Z"",""no_price_dollars"":""0.5800"",""taker_side"":""yes"",""ticker"":""KXBTC15M-26APR281145-45"",""trade_id"":""0bc6f63e-e94f-55d2-fc1e-5f4e798b1a78"",""yes_price_dollars"":""0.4200""}"
KXBTC15M-26APR281145-45,e194d9e4-0543-6aa8-0587-d758f75f31d0,1777390238,0.42,15.88,yes,"{""count_fp"":""15.88"",""created_time"":""2026-04-28T15:30:38.516414Z"",""no_price_dollars"":""0.5800"",""taker_side"":""yes"",""ticker"":""KXBTC15M-26APR281145-45"",""trade_id"":""e194d9e4-0543-6aa8-0587-d758f75f31d0"",""yes_price_dollars"":""0.4200""}"
KXBTC15M-26APR281145-45,baf2a255-b381-6753-2e72-5d121ef7f241,1777390238,0.42,7.0,yes,"{""count_fp"":""7.00"",""created_time"":""2026-04-28T15:30:38.516414Z"",""no_price_dollars"":""0.5800"",""taker_side"":""yes"",""ticker"":""KXBTC15M-26APR281145-45"",""trade_id"":""baf2a255-b381-6753-2e72-5d121ef7f241"",""yes_price_dollars"":""0.4200""}"
KXBTC15M-26APR281145-45,600a2387-94d9-7cc3-bd1f-36518059be19,1777390238,0.42,1.0,yes,"{""count_fp"":""1.00"",""created_time"":""2026-04-28T15:30:38.505111Z"",""no_price_dollars"":""0.5800"",""taker_side"":""yes"",""ticker"":""KXBTC15M-26APR281145-45"",""trade_id"":""600a2387-94d9-7cc3-bd1f-36518059be19"",""yes_price_dollars"":""0.4200""}"
KXBTC15M-26APR281145-45,f0df673e-816c-6ba4-8652-14cb839f36cd,1777390239,0.41,81.06,no,"{""count_fp"":""81.06"",""created_time"":""2026-04-28T15:30:39.930914Z"",""no_price_dollars"":""0.5900"",""taker_side"":""no"",""ticker"":""KXBTC15M-26APR281145-45"",""trade_id"":""f0df673e-816c-6ba4-8652-14cb839f36cd"",""yes_price_dollars"":""0.4100""}"
KXBTC15M-26APR281145-45,479af3e9-a290-7969-9f66-080f14feb7ac,1777390239,0.41,5.0,no,"{""count_fp"":""5.00"",""created_time"":""2026-04-28T15:30:39.269228Z"",""no_price_dollars"":""0.5900"",""taker_side"":""no"",""ticker"":""KXBTC15M-26APR281145-45"",""trade_id"":""479af3e9-a290-7969-9f66-080f14feb7ac"",""yes_price_dollars"":""0.4100""}"
KXBTC15M-26APR281145-45,e6a54cc8-4864-61fe-6a45-046a8aa4124f,1777390239,0.42,13.17,yes,"{""count_fp"":""13.17"",""created_time"":""2026-04-28T15:30:39.181767Z"",""no_price_dollars"":""0.5800"",""taker_side"":""yes"",""ticker"":""KXBTC15M-26APR281145-45"",""trade_id"":""e6a54cc8-4864-61fe-6a45-046a8aa4124f"",""yes_price_dollars"":""0.4200""}"
KXBTC15M-26APR281145-45,8f035c8c-7349-6018-7307-007cc7d914bd,1777390239,0.43,40.0,yes,"{""count_fp"":""40.00"",""created_time"":""2026-04-28T15:30:39.181767Z"",""no_price_dollars"":""0.5700"",""taker_side"":""yes"",""ticker"":""KXBTC15M-26APR281145-45"",""trade_id"":""8f035c8c-7349-6018-7307-007cc7d914bd"",""yes_price_dollars"":""0.4300""}"
KXBTC15M-26APR281145-45,52b02f44-1106-6ced-4ec4-edfa8a15e637,1777390239,0.42,40.0,yes,"{""count_fp"":""40.00"",""created_time"":""2026-04-28T15:30:39.181767Z"",""no_price_dollars"":""0.5800"",""taker_side"":""yes"",""ticker"":""KXBTC15M-26APR281145-45"",""trade_id"":""52b02f44-1106-6ced-4ec4-edfa8a15e637"",""yes_price_dollars"":""0.4200""}"
KXBTC15M-26APR281145-45,421fbfb5-7c48-66c7-725d-5daf3b89bb1c,1777390239,0.41,0.18,yes,"{""count_fp"":""0.18"",""created_time"":""2026-04-28T15:30:39.181767Z"",""no_price_dollars"":""0.5900"",""taker_side"":""yes"",""ticker"":""KXBTC15M-26APR281145-45"",""trade_id"":""421fbfb5-7c48-66c7-725d-5daf3b89bb1c"",""yes_price_dollars"":""0.4100""}"
KXBTC15M-26APR281145-45,008a5538-5411-6163-7073-c659cbe2bc0b,1777390239,0.43,67.46,yes,"{""count_fp"":""67.46"",""created_time"":""2026-04-28T15:30:39.181767Z"",""no_price_dollars"":""0.5700"",""taker_side"":""yes"",""ticker"":""KXBTC15M-26APR281145-45"",""trade_id"":""008a5538-5411-6163-7073-c659cbe2bc0b"",""yes_price_dollars"":""0.4300""}"
KXBTC15M-26APR281145-45,af37f417-6caf-723f-09da-d7175dace562,1777390240,0.4,14.93,no,"{""count_fp"":""14.93"",""created_time"":""2026-04-28T15:30:40.511869Z"",""no_price_dollars"":""0.6000"",""taker_side"":""no"",""ticker"":""KXBTC15M-26APR281145-45"",""trade_id"":""af37f417-6caf-723f-09da-d7175dace562"",""yes_price_dollars"":""0.4000""}"
KXBTC15M-26APR281145-45,993ae9f3-78c7-7cb2-25b8-f088863d077a,1777390240,0.4,9.5,no,"{""count_fp"":""9.50"",""created_time"":""2026-04-28T15:30:40.511869Z"",""no_price_dollars"":""0.6000"",""taker_side"":""no"",""ticker"":""KXBTC15M-26APR281145-45"",""trade_id"":""993ae9f3-78c7-7cb2-25b8-f088863d077a"",""yes_price_dollars"":""0.4000""}"
KXBTC15M-26APR281145-45,50cf1e16-8539-7c74-3967-99935cba8605,1777390240,0.41,1.86,no,"{""count_fp"":""1.86"",""created_time"":""2026-04-28T15:30:40.511869Z"",""no_price_dollars"":""0.5900"",""taker_side"":""no"",""ticker"":""KXBTC15M-26APR281145-45"",""trade_id"":""50cf1e16-8539-7c74-3967-99935cba8605"",""yes_price_dollars"":""0.4100""}"
KXBTC15M-26APR281145-45,3e4965c1-77fa-7cea-28e3-d7cf5c81145f,1777390240,0.41,6.0,no,"{""count_fp"":""6.00"",""created_time"":""2026-04-28T15:30:40.511869Z"",""no_price_dollars"":""0.5900"",""taker_side"":""no"",""ticker"":""KXBTC15M-26APR281145-45"",""trade_id"":""3e4965c1-77fa-7cea-28e3-d7cf5c81145f"",""yes_price_dollars"":""0.4100""}"
KXBTC15M-26APR281145-45,e071f1ae-90a1-4adc-2987-1df095f8710d,1777390240,0.41,17.83,no,"{""count_fp"":""17.83"",""created_time"":""2026-04-28T15:30:40.479452Z"",""no_price_dollars"":""0.5900"",""taker_side"":""no"",""ticker"":""KXBTC15M-26APR281145-45"",""trade_id"":""e071f1ae-90a1-4adc-2987-1df095f8710d"",""yes_price_dollars"":""0.4100""}"
KXBTC15M-26APR281145-45,c9c58392-ac41-4484-52f8-15b7e1948541,1777390240,0.41,10.31,no,"{""count_fp"":""10.31"",""created_time"":""2026-04-28T15:30:40.099884Z"",""no_price_dollars"":""0.5900"",""taker_side"":""no"",""ticker"":""KXBTC15M-26APR281145-45"",""trade_id"":""c9c58392-ac41-4484-52f8-15b7e1948541"",""yes_price_dollars"":""0.4100""}"
KXBTC15M-26APR281145-45,b449c1f7-88e6-451e-4c34-075bdffd05c2,1777390240,0.41,1.0,no,"{""count_fp"":""1.00"",""created_time"":""2026-04-28T15:30:40.099884Z"",""no_price_dollars"":""0.5900"",""taker_side"":""no"",""ticker"":""KXBTC15M-26APR281145-45"",""trade_id"":""b449c1f7-88e6-451e-4c34-075bdffd05c2"",""yes_price_dollars"":""0.4100""}"
KXBTC15M-26APR281145-45,70d0bbf8-d8a8-40b0-7a2a-019aae090e51,1777390240,0.41,1.66,no,"{""count_fp"":""1.66"",""created_time"":""2026-04-28T15:30:40.099884Z"",""no_price_dollars"":""0.5900"",""taker_side"":""no"",""ticker"":""KXBTC15M-26APR281145-45"",""trade_id"":""70d0bbf8-d8a8-40b0-7a2a-019aae090e51"",""yes_price_dollars"":""0.4100""}"
KXBTC15M-26APR281145-45,a45d1168-e210-7b74-04d5-c286035d1993,1777390241,0.41,0.48,yes,"{""count_fp"":""0.48"",""created_time"":""2026-04-28T15:30:41.932577Z"",""no_price_dollars"":""0.5900"",""taker_side"":""yes"",""ticker"":""KXBTC15M-26APR281145-45"",""trade_id"":""a45d1168-e210-7b74-04d5-c286035d1993"",""yes_price_dollars"":""0.4100""}"
KXBTC15M-26APR281145-45,6612b3f3-05a5-718d-310a-d5a3a6a21b28,1777390241,0.41,4.14,yes,"{""count_fp"":""4.14"",""created_time"":""2026-04-28T15:30:41.932577Z"",""no_price_dollars"":""0.5900"",""taker_side"":""yes"",""ticker"":""KXBTC15M-26APR281145-45"",""trade_id"":""6612b3f3-05a5-718d-310a-d5a3a6a21b28"",""yes_price_dollars"":""0.4100""}"
KXBTC15M-26APR281145-45,15f01558-b68d-76f1-48ef-347f11d946bd,1777390241,0.4,16.21,no,"{""count_fp"":""16.21"",""created_time"":""2026-04-28T15:30:41.929044Z"",""no_price_dollars"":""0.6000"",""taker_side"":""no"",""ticker"":""KXBTC15M-26APR281145-45"",""trade_id"":""15f01558-b68d-76f1-48ef-347f11d946bd"",""yes_price_dollars"":""0.4000""}"
KXBTC15M-26APR281145-45,fa73be6d-e3a1-440d-81b6-17e78a5b8fbc,1777390241,0.41,2.0,yes,"{""count_fp"":""2.00"",""created_time"":""2026-04-28T15:30:41.813826Z"",""no_price_dollars"":""0.5900"",""taker_side"":""yes"",""ticker"":""KXBTC15M-26APR281145-45"",""trade_id"":""fa73be6d-e3a1-440d-81b6-17e78a5b8fbc"",""yes_price_dollars"":""0.4100""}"
KXBTC15M-26APR281145-45,ab9b2677-b691-6aa1-dec1-3ee216f49755,1777390241,0.4,16.0,no,"{""count_fp"":""16.00"",""created_time"":""2026-04-28T15:30:41.810303Z"",""no_price_dollars"":""0.6000"",""taker_side"":""no"",""ticker"":""KXBTC15M-26APR281145-45"",""trade_id"":""ab9b2677-b691-6aa1-dec1-3ee216f49755"",""yes_price_dollars"":""0.4000""}"
KXBTC15M-26APR281145-45,5c652636-93a9-6635-9b80-6ad5552017e8,1777390241,0.41,1.83,yes,"{""count_fp"":""1.83"",""created_time"":""2026-04-28T15:30:41.480275Z"",""no_price_dollars"":""0.5900"",""taker_side"":""yes"",""ticker"":""KXBTC15M-26APR281145-45"",""trade_id"":""5c652636-93a9-6635-9b80-6ad5552017e8"",""yes_price_dollars"":""0.4100""}"
KXBTC15M-26APR281145-45,805a51df-3118-6aa4-7634-e30f7015dbe7,1777390242,0.41,2.92,yes,"{""count_fp"":""2.92"",""created_time"":""2026-04-28T15:30:42.859899Z"",""no_price_dollars"":""0.5900"",""taker_side"":""yes"",""ticker"":""KXBTC15M-26APR281145-45"",""trade_id"":""805a51df-3118-6aa4-7634-e30f7015dbe7"",""yes_price_dollars"":""0.4100""}"
KXBTC15M-26APR281145-45,3ee2d87f-7f9a-66fa-242c-10963f9d3e91,1777390242,0.4,0.16,no,"{""count_fp"":""0.16"",""created_time"":""2026-04-28T15:30:42.683849Z"",""no_price_dollars"":""0.6000"",""taker_side"":""no"",""ticker"":""KXBTC15M-26APR281145-45"",""trade_id"":""3ee2d87f-7f9a-66fa-242c-10963f9d3e91"",""yes_price_dollars"":""0.4000""}"
KXBTC15M-26APR281145-45,3d8a23f9-3d71-637d-1302-deb730e82fe2,1777390242,0.39,1.44,no,"{""count_fp"":""1.44"",""created_time"":""2026-04-28T15:30:42.683849Z"",""no_price_dollars"":""0.6100"",""taker_side"":""no"",""ticker"":""KXBTC15M-26APR281145-45"",""trade_id"":""3d8a23f9-3d71-637d-1302-deb730e82fe2"",""yes_price_dollars"":""0.3900""}"
KXBTC15M-26APR281145-45,5160ae5d-4a7f-40d4-85ee-565bbc5d3dcd,1777390242,0.4,40.0,no,"{""count_fp"":""40.00"",""created_time"":""2026-04-28T15:30:42.650313Z"",""no_price_dollars"":""0.6000"",""taker_side"":""no"",""ticker"":""KXBTC15M-26APR281145-45"",""trade_id"":""5160ae5d-4a7f-40d4-85ee-565bbc5d3dcd"",""yes_price_dollars"":""0.4000""}"
KXBTC15M-26APR281145-45,369af185-7e9a-47d8-9ae0-c6313e3b3913,1777390242,0.4,3.52,no,"{""count_fp"":""3.52"",""created_time"":""2026-04-28T15:30:42.650313Z"",""no_price_dollars"":""0.6000"",""taker_side"":""no"",""ticker"":""KXBTC15M-26APR281145-45"",""trade_id"":""369af185-7e9a-47d8-9ae0-c6313e3b3913"",""yes_price_dollars"":""0.4000""}"
KXBTC15M-26APR281145-45,10803898-fade-44e2-8c5b-0e2195ff5a41,1777390242,0.4,14.84,no,"{""count_fp"":""14.84"",""created_time"":""2026-04-28T15:30:42.650313Z"",""no_price_dollars"":""0.6000"",""taker_side"":""no"",""ticker"":""KXBTC15M-26APR281145-45"",""trade_id"":""10803898-fade-44e2-8c5b-0e2195ff5a41"",""yes_price_dollars"":""0.4000""}"
KXBTC15M-26APR281145-45,9625db97-64a2-4768-c41b-91af8439725f,1777390242,0.4,6.48,no,"{""count_fp"":""6.48"",""created_time"":""2026-04-28T15:30:42.648809Z"",""no_price_dollars"":""0.6000"",""taker_side"":""no"",""ticker"":""KXBTC15M-26APR281145-45"",""trade_id"":""9625db97-64a2-4768-c41b-91af8439725f"",""yes_price_dollars"":""0.4000""}"
KXBTC15M-26APR281145-45,be656c8e-cb38-7cb4-17d4-0eb44139cd6b,1777390242,0.41,2.0,yes,"{""count_fp"":""2.00"",""created_time"":""2026-04-28T15:30:42.366074Z"",""no_price_dollars"":""0.5900"",""taker_side"":""yes"",""ticker"":""KXBTC15M-26APR281145-45"",""trade_id"":""be656c8e-cb38-7cb4-17d4-0eb44139cd6b"",""yes_price_dollars"":""0.4100""}"
KXBTC15M-26APR281145-45,595e9a8e-1727-47e2-a43e-c3c8e3c53a3d,1777390242,0.4,1.0,no,"{""count_fp"":""1.00"",""created_time"":""2026-04-28T15:30:42.195788Z"",""no_price_dollars"":""0.6000"",""taker_side"":""no"",""ticker"":""KXBTC15M-26APR281145-45"",""trade_id"":""595e9a8e-1727-47e2-a43e-c3c8e3c53a3d"",""yes_price_dollars"":""0.4000""}"
KXBTC15M-26APR281145-45,42d76ace-38fc-49e0-9a52-94123f49e109,1777390242,0.4,2.67,no,"{""count_fp"":""2.67"",""created_time"":""2026-04-28T15:30:42.195788Z"",""no_price_dollars"":""0.6000"",""taker_side"":""no"",""ticker"":""KXBTC15M-26APR281145-45"",""trade_id"":""42d76ace-38fc-49e0-9a52-94123f49e109"",""yes_price_dollars"":""0.4000""}"
