ticker,trade_id,ts,yes_price,count,taker_side,raw_json
KXBTC15M-26APR281300-00,ca4fe34b-d5f2-40b2-1444-7f3e0c5ba38e,1777394700,0.54,1.0,yes,"{""count_fp"":""1.00"",""created_time"":""2026-04-28T16:45:00.679426Z"",""no_price_dollars"":""0.4600"",""taker_side"":""yes"",""ticker"":""KXBTC15M-26APR281300-00"",""trade_id"":""ca4fe34b-d5f2-40b2-1444-7f3e0c5ba38e"",""yes_price_dollars"":""0.5400""}"
KXBTC15M-26APR281300-00,8285892f-b0be-4b60-1da9-e7b9ff896593,1777394700,0.54,7.0,yes,"{""count_fp"":""7.00"",""created_time"":""2026-04-28T16:45:00.679426Z"",""no_price_dollars"":""0.4600"",""taker_side"":""yes"",""ticker"":""KXBTC15M-26APR281300-00"",""trade_id"":""8285892f-b0be-4b60-1da9-e7b9ff896593"",""yes_price_dollars"":""0.5400""}"
KXBTC15M-26APR281300-00,d4912b1b-b853-7e5d-e420-32d3b03c30a6,1777394700,0.52,2.0,no,"{""count_fp"":""2.00"",""created_time"":""2026-04-28T16:45:00.640605Z"",""no_price_dollars"":""0.4800"",""taker_side"":""no"",""ticker"":""KXBTC15M-26APR281300-00"",""trade_id"":""d4912b1b-b853-7e5d-e420-32d3b03c30a6"",""yes_price_dollars"":""0.5200""}"
KXBTC15M-26APR281300-00,bc739348-b589-671e-9a23-a8c941045e55,1777394701,0.5,1.0,yes,"{""count_fp"":""1.00"",""created_time"":""2026-04-28T16:45:01.623863Z"",""no_price_dollars"":""0.5000"",""taker_side"":""yes"",""ticker"":""KXBTC15M-26APR281300-00"",""trade_id"":""bc739348-b589-671e-9a23-a8c941045e55"",""yes_price_dollars"":""0.5000""}"
KXBTC15M-26APR281300-00,dc1d1c52-d24f-5ac9-c98f-f1b0a2c906f3,1777394701,0.51,27.0,no,"{""count_fp"":""27.00"",""created_time"":""2026-04-28T16:45:01.591217Z"",""no_price_dollars"":""0.4900"",""taker_side"":""no"",""ticker"":""KXBTC15M-26APR281300-00"",""trade_id"":""dc1d1c52-d24f-5ac9-c98f-f1b0a2c906f3"",""yes_price_dollars"":""0.5100""}"
KXBTC15M-26APR281300-00,c0579a03-2506-5890-f339-6598f1cfa65c,1777394701,0.5,13.0,no,"{""count_fp"":""13.00"",""created_time"":""2026-04-28T16:45:01.591217Z"",""no_price_dollars"":""0.5000"",""taker_side"":""no"",""ticker"":""KXBTC15M-26APR281300-00"",""trade_id"":""c0579a03-2506-5890-f339-6598f1cfa65c"",""yes_price_dollars"":""0.5000""}"
KXBTC15M-26APR281300-00,6467fcd3-6597-5bb2-eb80-5924906ba598,1777394701,0.52,5.0,no,"{""count_fp"":""5.00"",""created_time"":""2026-04-28T16:45:01.591217Z"",""no_price_dollars"":""0.4800"",""taker_side"":""no"",""ticker"":""KXBTC15M-26APR281300-00"",""trade_id"":""6467fcd3-6597-5bb2-eb80-5924906ba598"",""yes_price_dollars"":""0.5200""}"
KXBTC15M-26APR281300-00,57774a85-6fc7-55d5-efe5-acf5cb9716b2,1777394701,0.52,21.0,no,"{""count_fp"":""21.00"",""created_time"":""2026-04-28T16:45:01.591217Z"",""no_price_dollars"":""0.4800"",""taker_side"":""no"",""ticker"":""KXBTC15M-26APR281300-00"",""trade_id"":""57774a85-6fc7-55d5-efe5-acf5cb9716b2"",""yes_price_dollars"":""0.5200""}"
KXBTC15M-26APR281300-00,1b4d8eaa-1ff4-5cca-d0c4-a682764f43ed,1777394701,0.52,1.0,no,"{""count_fp"":""1.00"",""created_time"":""2026-04-28T16:45:01.591217Z"",""no_price_dollars"":""0.4800"",""taker_side"":""no"",""ticker"":""KXBTC15M-26APR281300-00"",""trade_id"":""1b4d8eaa-1ff4-5cca-d0c4-a682764f43ed"",""yes_price_dollars"":""0.5200""}"
KXBTC15M-26APR281300-00,f3b83c9a-49c3-4c97-33a8-e5d349f1f63b,1777394701,0.54,4.0,yes,"{""count_fp"":""4.00"",""created_time"":""2026-04-28T16:45:01.160438Z"",""no_price_dollars"":""0.4600"",""taker_side"":""yes"",""ticker"":""KXBTC15M-26APR281300-00"",""trade_id"":""f3b83c9a-49c3-4c97-33a8-e5d349f1f63b"",""yes_price_dollars"":""0.5400""}"
KXBTC15M-26APR281300-00,9c3d269f-1110-47a4-3720-d721b163c143,1777394701,0.54,5.0,yes,"{""count_fp"":""5.00"",""created_time"":""2026-04-28T16:45:01.160438Z"",""no_price_dollars"":""0.4600"",""taker_side"":""yes"",""ticker"":""KXBTC15M-26APR281300-00"",""trade_id"":""9c3d269f-1110-47a4-3720-d721b163c143"",""yes_price_dollars"":""0.5400""}"
KXBTC15M-26APR281300-00,6986ba04-090a-4168-0e0d-a5c981d24f2b,1777394701,0.54,2.0,yes,"{""count_fp"":""2.00"",""created_time"":""2026-04-28T16:45:01.160438Z"",""no_price_dollars"":""0.4600"",""taker_side"":""yes"",""ticker"":""KXBTC15M-26APR281300-00"",""trade_id"":""6986ba04-090a-4168-0e0d-a5c981d24f2b"",""yes_price_dollars"":""0.5400""}"
KXBTC15M-26APR281300-00,5a622b01-92a2-7b80-982b-e9f93afc7bdb,1777394701,0.54,18.0,yes,"{""count_fp"":""18.00"",""created_time"":""2026-04-28T16:45:01.035166Z"",""no_price_dollars"":""0.4600"",""taker_side"":""yes"",""ticker"":""KXBTC15M-26APR281300-00"",""trade_id"":""5a622b01-92a2-7b80-982b-e9f93afc7bdb"",""yes_price_dollars"":""0.5400""}"
KXBTC15M-26APR281300-00,0d3fd02d-4e61-6be6-a499-53d77195327d,1777394703,0.5,52.0,yes,"{""count_fp"":""52.00"",""created_time"":""2026-04-28T16:45:03.842777Z"",""no_price_dollars"":""0.5000"",""taker_side"":""yes"",""ticker"":""KXBTC15M-26APR281300-00"",""trade_id"":""0d3fd02d-4e61-6be6-a499-53d77195327d"",""yes_price_dollars"":""0.5000""}"
KXBTC15M-26APR281300-00,e29d3efc-f678-7f2e-2d09-77c29081b14f,1777394704,0.56,5.0,yes,"{""count_fp"":""5.00"",""created_time"":""2026-04-28T16:45:04.475776Z"",""no_price_dollars"":""0.4400"",""taker_side"":""yes"",""ticker"":""KXBTC15M-26APR281300-00"",""trade_id"":""e29d3efc-f678-7f2e-2d09-77c29081b14f"",""yes_price_dollars"":""0.5600""}"
KXBTC15M-26APR281300-00,decdb387-d2aa-743b-205c-56623ceeacb2,1777394704,0.58,1.0,yes,"{""count_fp"":""1.00"",""created_time"":""2026-04-28T16:45:04.475776Z"",""no_price_dollars"":""0.4200"",""taker_side"":""yes"",""ticker"":""KXBTC15M-26APR281300-00"",""trade_id"":""decdb387-d2aa-743b-205c-56623ceeacb2"",""yes_price_dollars"":""0.5800""}"
KXBTC15M-26APR281300-00,d221542e-1dc9-7547-0d89-8455c7f69117,1777394704,0.58,2.0,yes,"{""count_fp"":""2.00"",""created_time"":""2026-04-28T16:45:04.475776Z"",""no_price_dollars"":""0.4200"",""taker_side"":""yes"",""ticker"":""KXBTC15M-26APR281300-00"",""trade_id"":""d221542e-1dc9-7547-0d89-8455c7f69117"",""yes_price_dollars"":""0.5800""}"
KXBTC15M-26APR281300-00,c94b7267-a49c-72d9-1b4f-c713d08c15ec,1777394704,0.55,11.0,yes,"{""count_fp"":""11.00"",""created_time"":""2026-04-28T16:45:04.475776Z"",""no_price_dollars"":""0.4500"",""taker_side"":""yes"",""ticker"":""KXBTC15M-26APR281300-00"",""trade_id"":""c94b7267-a49c-72d9-1b4f-c713d08c15ec"",""yes_price_dollars"":""0.5500""}"
KXBTC15M-26APR281300-00,a1e20e2c-5416-74ab-1dbb-8b90f5af8d63,1777394704,0.55,5.0,yes,"{""count_fp"":""5.00"",""created_time"":""2026-04-28T16:45:04.475776Z"",""no_price_dollars"":""0.4500"",""taker_side"":""yes"",""ticker"":""KXBTC15M-26APR281300-00"",""trade_id"":""a1e20e2c-5416-74ab-1dbb-8b90f5af8d63"",""yes_price_dollars"":""0.5500""}"
KXBTC15M-26APR281300-00,93c9e894-06be-7c11-15b3-294969c5b278,1777394704,0.58,57.0,yes,"{""count_fp"":""57.00"",""created_time"":""2026-04-28T16:45:04.475776Z"",""no_price_dollars"":""0.4200"",""taker_side"":""yes"",""ticker"":""KXBTC15M-26APR281300-00"",""trade_id"":""93c9e894-06be-7c11-15b3-294969c5b278"",""yes_price_dollars"":""0.5800""}"
KXBTC15M-26APR281300-00,5e462a0c-56e5-75dd-2bb6-d181e4bea906,1777394704,0.54,1.0,yes,"{""count_fp"":""1.00"",""created_time"":""2026-04-28T16:45:04.475776Z"",""no_price_dollars"":""0.4600"",""taker_side"":""yes"",""ticker"":""KXBTC15M-26APR281300-00"",""trade_id"":""5e462a0c-56e5-75dd-2bb6-d181e4bea906"",""yes_price_dollars"":""0.5400""}"
KXBTC15M-26APR281300-00,1721c8cb-8803-7877-3668-146f4fa79df0,1777394704,0.55,1.0,yes,"{""count_fp"":""1.00"",""created_time"":""2026-04-28T16:45:04.475776Z"",""no_price_dollars"":""0.4500"",""taker_side"":""yes"",""ticker"":""KXBTC15M-26APR281300-00"",""trade_id"":""1721c8cb-8803-7877-3668-146f4fa79df0"",""yes_price_dollars"":""0.5500""}"
KXBTC15M-26APR281300-00,148c61ba-592b-7286-046d-f291a7533db9,1777394704,0.57,1.0,yes,"{""count_fp"":""1.00"",""created_time"":""2026-04-28T16:45:04.475776Z"",""no_price_dollars"":""0.4300"",""taker_side"":""yes"",""ticker"":""KXBTC15M-26APR281300-00"",""trade_id"":""148c61ba-592b-7286-046d-f291a7533db9"",""yes_price_dollars"":""0.5700""}"
KXBTC15M-26APR281300-00,089df229-7567-7a4f-2546-b7515ec20950,1777394704,0.56,1.0,yes,"{""count_fp"":""1.00"",""created_time"":""2026-04-28T16:45:04.475776Z"",""no_price_dollars"":""0.4400"",""taker_side"":""yes"",""ticker"":""KXBTC15M-26APR281300-00"",""trade_id"":""089df229-7567-7a4f-2546-b7515ec20950"",""yes_price_dollars"":""0.5600""}"
KXBTC15M-26APR281300-00,2e9fa307-efaa-4545-dc93-978e45807920,1777394704,0.53,18.0,yes,"{""count_fp"":""18.00"",""created_time"":""2026-04-28T16:45:04.129355Z"",""no_price_dollars"":""0.4700"",""taker_side"":""yes"",""ticker"":""KXBTC15M-26APR281300-00"",""trade_id"":""2e9fa307-efaa-4545-dc93-978e45807920"",""yes_price_dollars"":""0.5300""}"
KXBTC15M-26APR281300-00,dde8d34f-3c3f-794a-ea78-60d0f9b5e4b4,1777394705,0.58,10.0,yes,"{""count_fp"":""10.00"",""created_time"":""2026-04-28T16:45:05.677207Z"",""no_price_dollars"":""0.4200"",""taker_side"":""yes"",""ticker"":""KXBTC15M-26APR281300-00"",""trade_id"":""dde8d34f-3c3f-794a-ea78-60d0f9b5e4b4"",""yes_price_dollars"":""0.5800""}"
KXBTC15M-26APR281300-00,bbb30fa1-349a-7fec-e013-05850317e9cc,1777394705,0.58,1.0,yes,"{""count_fp"":""1.00"",""created_time"":""2026-04-28T16:45:05.677207Z"",""no_price_dollars"":""0.4200"",""taker_side"":""yes"",""ticker"":""KXBTC15M-26APR281300-00"",""trade_id"":""bbb30fa1-349a-7fec-e013-05850317e9cc"",""yes_price_dollars"":""0.5800""}"
KXBTC15M-26APR281300-00,7ba4bace-9ebc-7570-d115-55456bfabc78,1777394705,0.59,5.47,yes,"{""count_fp"":""5.47"",""created_time"":""2026-04-28T16:45:05.677207Z"",""no_price_dollars"":""0.4100"",""taker_side"":""yes"",""ticker"":""KXBTC15M-26APR281300-00"",""trade_id"":""7ba4bace-9ebc-7570-d115-55456bfabc78"",""yes_price_dollars"":""0.5900""}"
KXBTC15M-26APR281300-00,a7f6b2ab-8af3-66ca-8345-50e188920029,1777394706,0.55,4.0,yes,"{""count_fp"":""4.00"",""created_time"":""2026-04-28T16:45:06.628376Z"",""no_price_dollars"":""0.4500"",""taker_side"":""yes"",""ticker"":""KXBTC15M-26APR281300-00"",""trade_id"":""a7f6b2ab-8af3-66ca-8345-50e188920029"",""yes_price_dollars"":""0.5500""}"
KXBTC15M-26APR281300-00,9ee9b85b-afbf-6f1c-b696-40e38d767c09,1777394706,0.56,12.72,yes,"{""count_fp"":""12.72"",""created_time"":""2026-04-28T16:45:06.628376Z"",""no_price_dollars"":""0.4400"",""taker_side"":""yes"",""ticker"":""KXBTC15M-26APR281300-00"",""trade_id"":""9ee9b85b-afbf-6f1c-b696-40e38d767c09"",""yes_price_dollars"":""0.5600""}"
KXBTC15M-26APR281300-00,7abeb8c1-4f82-5455-c8a8-247f9caa4160,1777394707,0.55,0.28,yes,"{""count_fp"":""0.28"",""created_time"":""2026-04-28T16:45:07.926025Z"",""no_price_dollars"":""0.4500"",""taker_side"":""yes"",""ticker"":""KXBTC15M-26APR281300-00"",""trade_id"":""7abeb8c1-4f82-5455-c8a8-247f9caa4160"",""yes_price_dollars"":""0.5500""}"
KXBTC15M-26APR281300-00,3e7e6717-4064-5b54-c6c5-e9dd3a6fe7c4,1777394707,0.59,6.52,yes,"{""count_fp"":""6.52"",""created_time"":""2026-04-28T16:45:07.926025Z"",""no_price_dollars"":""0.4100"",""taker_side"":""yes"",""ticker"":""KXBTC15M-26APR281300-00"",""trade_id"":""3e7e6717-4064-5b54-c6c5-e9dd3a6fe7c4"",""yes_price_dollars"":""0.5900""}"
KXBTC15M-26APR281300-00,1d455207-e99b-5b4f-c1d2-b0735df159f2,1777394707,0.57,5.0,yes,"{""count_fp"":""5.00"",""created_time"":""2026-04-28T16:45:07.926025Z"",""no_price_dollars"":""0.4300"",""taker_side"":""yes"",""ticker"":""KXBTC15M-26APR281300-00"",""trade_id"":""1d455207-e99b-5b4f-c1d2-b0735df159f2"",""yes_price_dollars"":""0.5700""}"
KXBTC15M-26APR281300-00,120e6637-5695-56aa-f4b0-8dd3f5ac5bca,1777394707,0.57,56.0,yes,"{""count_fp"":""56.00"",""created_time"":""2026-04-28T16:45:07.926025Z"",""no_price_dollars"":""0.4300"",""taker_side"":""yes"",""ticker"":""KXBTC15M-26APR281300-00"",""trade_id"":""120e6637-5695-56aa-f4b0-8dd3f5ac5bca"",""yes_price_dollars"":""0.5700""}"
KXBTC15M-26APR281300-00,d302bb88-1e84-531f-7127-a5c6a39ea56f,1777394709,0.54,56.74,yes,"{""count_fp"":""56.74"",""created_time"":""2026-04-28T16:45:09.848296Z"",""no_price_dollars"":""0.4600"",""taker_side"":""yes"",""ticker"":""KXBTC15M-26APR281300-00"",""trade_id"":""d302bb88-1e84-531f-7127-a5c6a39ea56f"",""yes_price_dollars"":""0.5400""}"
KXBTC15M-26APR281300-00,6d460464-85e4-57a0-76eb-586c836d374f,1777394709,0.53,27.0,yes,"{""count_fp"":""27.00"",""created_time"":""2026-04-28T16:45:09.848296Z"",""no_price_dollars"":""0.4700"",""taker_side"":""yes"",""ticker"":""KXBTC15M-26APR281300-00"",""trade_id"":""6d460464-85e4-57a0-76eb-586c836d374f"",""yes_price_dollars"":""0.5300""}"
KXBTC15M-26APR281300-00,9997d598-ad86-7108-6b1b-f38978d7f9c3,1777394709,0.52,8.22,no,"{""count_fp"":""8.22"",""created_time"":""2026-04-28T16:45:09.748702Z"",""no_price_dollars"":""0.4800"",""taker_side"":""no"",""ticker"":""KXBTC15M-26APR281300-00"",""trade_id"":""9997d598-ad86-7108-6b1b-f38978d7f9c3"",""yes_price_dollars"":""0.5200""}"
KXBTC15M-26APR281300-00,66272a2d-45ae-756f-4a59-9934a5ec75a3,1777394709,0.52,1.41,no,"{""count_fp"":""1.41"",""created_time"":""2026-04-28T16:45:09.748702Z"",""no_price_dollars"":""0.4800"",""taker_side"":""no"",""ticker"":""KXBTC15M-26APR281300-00"",""trade_id"":""66272a2d-45ae-756f-4a59-9934a5ec75a3"",""yes_price_dollars"":""0.5200""}"
KXBTC15M-26APR281300-00,4d025abf-bf9b-7d0e-45b5-b50cfabadeed,1777394709,0.52,3.0,no,"{""count_fp"":""3.00"",""created_time"":""2026-04-28T16:45:09.748702Z"",""no_price_dollars"":""0.4800"",""taker_side"":""no"",""ticker"":""KXBTC15M-26APR281300-00"",""trade_id"":""4d025abf-bf9b-7d0e-45b5-b50cfabadeed"",""yes_price_dollars"":""0.5200""}"
KXBTC15M-26APR281300-00,230f0690-d2e3-7a47-4c21-52c025eb2c8c,1777394709,0.52,3.0,no,"{""count_fp"":""3.00"",""created_time"":""2026-04-28T16:45:09.748702Z"",""no_price_dollars"":""0.4800"",""taker_side"":""no"",""ticker"":""KXBTC15M-26APR281300-00"",""trade_id"":""230f0690-d2e3-7a47-4c21-52c025eb2c8c"",""yes_price_dollars"":""0.5200""}"
KXBTC15M-26APR281300-00,0f4f4932-1d87-75d5-6240-8766478dec50,1777394709,0.52,5.0,no,"{""count_fp"":""5.00"",""created_time"":""2026-04-28T16:45:09.748702Z"",""no_price_dollars"":""0.4800"",""taker_side"":""no"",""ticker"":""KXBTC15M-26APR281300-00"",""trade_id"":""0f4f4932-1d87-75d5-6240-8766478dec50"",""yes_price_dollars"":""0.5200""}"
KXBTC15M-26APR281300-00,121c3d70-a5b2-5817-9732-5622c03c0b87,1777394709,0.52,2.01,no,"{""count_fp"":""2.01"",""created_time"":""2026-04-28T16:45:09.387883Z"",""no_price_dollars"":""0.4800"",""taker_side"":""no"",""ticker"":""KXBTC15M-26APR281300-00"",""trade_id"":""121c3d70-a5b2-5817-9732-5622c03c0b87"",""yes_price_dollars"":""0.5200""}"
KXBTC15M-26APR281300-00,3dc8bf08-5650-66e7-e64e-a3201b4fd118,1777394709,0.57,10.0,yes,"{""count_fp"":""10.00"",""created_time"":""2026-04-28T16:45:09.363405Z"",""no_price_dollars"":""0.4300"",""taker_side"":""yes"",""ticker"":""KXBTC15M-26APR281300-00"",""trade_id"":""3dc8bf08-5650-66e7-e64e-a3201b4fd118"",""yes_price_dollars"":""0.5700""}"
KXBTC15M-26APR281300-00,e1a954f9-c65c-446c-079d-cdd5c9cc3920,1777394710,0.54,5.0,yes,"{""count_fp"":""5.00"",""created_time"":""2026-04-28T16:45:10.801121Z"",""no_price_dollars"":""0.4600"",""taker_side"":""yes"",""ticker"":""KXBTC15M-26APR281300-00"",""trade_id"":""e1a954f9-c65c-446c-079d-cdd5c9cc3920"",""yes_price_dollars"":""0.5400""}"
KXBTC15M-26APR281300-00,d6361968-9b8a-4f62-3696-21fca7bfba52,1777394710,0.55,0.72,yes,"{""count_fp"":""0.72"",""created_time"":""2026-04-28T16:45:10.801121Z"",""no_price_dollars"":""0.4500"",""taker_side"":""yes"",""ticker"":""KXBTC15M-26APR281300-00"",""trade_id"":""d6361968-9b8a-4f62-3696-21fca7bfba52"",""yes_price_dollars"":""0.5500""}"
KXBTC15M-26APR281300-00,abf770b5-5a50-4717-3d70-8f929c471651,1777394710,0.51,3.0,yes,"{""count_fp"":""3.00"",""created_time"":""2026-04-28T16:45:10.801121Z"",""no_price_dollars"":""0.4900"",""taker_side"":""yes"",""ticker"":""KXBTC15M-26APR281300-00"",""trade_id"":""abf770b5-5a50-4717-3d70-8f929c471651"",""yes_price_dollars"":""0.5100""}"
KXBTC15M-26APR281300-00,ec1b19d4-9745-6fac-f49b-a543aab7431a,1777394710,0.51,3.0,yes,"{""count_fp"":""3.00"",""created_time"":""2026-04-28T16:45:10.369143Z"",""no_price_dollars"":""0.4900"",""taker_side"":""yes"",""ticker"":""KXBTC15M-26APR281300-00"",""trade_id"":""ec1b19d4-9745-6fac-f49b-a543aab7431a"",""yes_price_dollars"":""0.5100""}"
KXBTC15M-26APR281300-00,aedc17f9-dbca-60f2-ff36-26a8e4b1dda2,1777394710,0.56,9.27,yes,"{""count_fp"":""9.27"",""created_time"":""2026-04-28T16:45:10.369143Z"",""no_price_dollars"":""0.4400"",""taker_side"":""yes"",""ticker"":""KXBTC15M-26APR281300-00"",""trade_id"":""aedc17f9-dbca-60f2-ff36-26a8e4b1dda2"",""yes_price_dollars"":""0.5600""}"
KXBTC15M-26APR281300-00,696637f3-3f4b-6e1c-d566-3cdd78089c18,1777394710,0.54,5.0,yes,"{""count_fp"":""5.00"",""created_time"":""2026-04-28T16:45:10.369143Z"",""no_price_dollars"":""0.4600"",""taker_side"":""yes"",""ticker"":""KXBTC15M-26APR281300-00"",""trade_id"":""696637f3-3f4b-6e1c-d566-3cdd78089c18"",""yes_price_dollars"":""0.5400""}"
KXBTC15M-26APR281300-00,a59dceda-a721-5b14-b18f-5b6fbed026b6,1777394711,0.53,5.46,yes,"{""count_fp"":""5.46"",""created_time"":""2026-04-28T16:45:11.826674Z"",""no_price_dollars"":""0.4700"",""taker_side"":""yes"",""ticker"":""KXBTC15M-26APR281300-00"",""trade_id"":""a59dceda-a721-5b14-b18f-5b6fbed026b6"",""yes_price_dollars"":""0.5300""}"
KXBTC15M-26APR281300-00,846e5f57-1a9e-6fd2-d93b-9b745164b26e,1777394711,0.53,23.43,yes,"{""count_fp"":""23.43"",""created_time"":""2026-04-28T16:45:11.683413Z"",""no_price_dollars"":""0.4700"",""taker_side"":""yes"",""ticker"":""KXBTC15M-26APR281300-00"",""trade_id"":""846e5f57-1a9e-6fd2-d93b-9b745164b26e"",""yes_price_dollars"":""0.5300""}"
KXBTC15M-26APR281300-00,2267170b-4f72-62e7-e1b2-708b2f04023e,1777394711,0.51,3.0,yes,"{""count_fp"":""3.00"",""created_time"":""2026-04-28T16:45:11.683413Z"",""no_price_dollars"":""0.4900"",""taker_side"":""yes"",""ticker"":""KXBTC15M-26APR281300-00"",""trade_id"":""2267170b-4f72-62e7-e1b2-708b2f04023e"",""yes_price_dollars"":""0.5100""}"
KXBTC15M-26APR281300-00,dbb7f143-5355-7465-5b8f-e4e6eed29f9c,1777394711,0.5,5.0,no,"{""count_fp"":""5.00"",""created_time"":""2026-04-28T16:45:11.437666Z"",""no_price_dollars"":""0.5000"",""taker_side"":""no"",""ticker"":""KXBTC15M-26APR281300-00"",""trade_id"":""dbb7f143-5355-7465-5b8f-e4e6eed29f9c"",""yes_price_dollars"":""0.5000""}"
KXBTC15M-26APR281300-00,0aa769bb-e9ca-7de2-75c6-5a2caa3bc234,1777394711,0.5,14.32,no,"{""count_fp"":""14.32"",""created_time"":""2026-04-28T16:45:11.437666Z"",""no_price_dollars"":""0.5000"",""taker_side"":""no"",""ticker"":""KXBTC15M-26APR281300-00"",""trade_id"":""0aa769bb-e9ca-7de2-75c6-5a2caa3bc234"",""yes_price_dollars"":""0.5000""}"
KXBTC15M-26APR281300-00,94767066-5701-49ed-bb1d-fe1906404c12,1777394712,0.54,8.76,yes,"{""count_fp"":""8.76"",""created_time"":""2026-04-28T16:45:12.857761Z"",""no_price_dollars"":""0.4600"",""taker_side"":""yes"",""ticker"":""KXBTC15M-26APR281300-00"",""trade_id"":""94767066-5701-49ed-bb1d-fe1906404c12"",""yes_price_dollars"":""0.5400""}"
KXBTC15M-26APR281300-00,6dfdce7a-87b8-6601-ef56-59bb723b82e4,1777394712,0.53,61.02,yes,"{""count_fp"":""61.02"",""created_time"":""2026-04-28T16:45:12.756511Z"",""no_price_dollars"":""0.4700"",""taker_side"":""yes"",""ticker"":""KXBTC15M-26APR281300-00"",""trade_id"":""6dfdce7a-87b8-6601-ef56-59bb723b82e4"",""yes_price_dollars"":""0.5300""}"
KXBTC15M-26APR281300-00,174c5a6c-57e2-655d-d3c1-52daecb336f5,1777394712,0.52,3.0,yes,"{""count_fp"":""3.00"",""created_time"":""2026-04-28T16:45:12.756511Z"",""no_price_dollars"":""0.4800"",""taker_side"":""yes"",""ticker"":""KXBTC15M-26APR281300-00"",""trade_id"":""174c5a6c-57e2-655d-d3c1-52daecb336f5"",""yes_price_dollars"":""0.5200""}"
KXBTC15M-26APR281300-00,8140938c-42cc-7c44-ad37-f2fdec3c2b6e,1777394712,0.51,28.98,no,"{""count_fp"":""28.98"",""created_time"":""2026-04-28T16:45:12.591967Z"",""no_price_dollars"":""0.4900"",""taker_side"":""no"",""ticker"":""KXBTC15M-26APR281300-00"",""trade_id"":""8140938c-42cc-7c44-ad37-f2fdec3c2b6e"",""yes_price_dollars"":""0.5100""}"
KXBTC15M-26APR281300-00,8fbd9d9f-8bcc-7850-0faf-c3a7d29630cb,1777394712,0.52,3.0,yes,"{""count_fp"":""3.00"",""created_time"":""2026-04-28T16:45:12.408158Z"",""no_price_dollars"":""0.4800"",""taker_side"":""yes"",""ticker"":""KXBTC15M-26APR281300-00"",""trade_id"":""8fbd9d9f-8bcc-7850-0faf-c3a7d29630cb"",""yes_price_dollars"":""0.5200""}"
KXBTC15M-26APR281300-00,64752e94-2e8c-70d9-0f76-5141c53c0538,1777394712,0.53,0.66,yes,"{""count_fp"":""0.66"",""created_time"":""2026-04-28T16:45:12.408158Z"",""no_price_dollars"":""0.4700"",""taker_side"":""yes"",""ticker"":""KXBTC15M-26APR281300-00"",""trade_id"":""64752e94-2e8c-70d9-0f76-5141c53c0538"",""yes_price_dollars"":""0.5300""}"
KXBTC15M-26APR281300-00,c85f3aba-45cd-5c08-8e1e-0d7dea3fb2ba,1777394712,0.53,7.54,yes,"{""count_fp"":""7.54"",""created_time"":""2026-04-28T16:45:12.012143Z"",""no_price_dollars"":""0.4700"",""taker_side"":""yes"",""ticker"":""KXBTC15M-26APR281300-00"",""trade_id"":""c85f3aba-45cd-5c08-8e1e-0d7dea3fb2ba"",""yes_price_dollars"":""0.5300""}"
KXBTC15M-26APR281300-00,bbf416c8-f2ed-583d-82da-5bc76fadf445,1777394712,0.54,1100.0,yes,"{""count_fp"":""1100.00"",""created_time"":""2026-04-28T16:45:12.012143Z"",""no_price_dollars"":""0.4600"",""taker_side"":""yes"",""ticker"":""KXBTC15M-26APR281300-00"",""trade_id"":""bbf416c8-f2ed-583d-82da-5bc76fadf445"",""yes_price_dollars"":""0.5400""}"
KXBTC15M-26APR281300-00,66bed5ba-08dd-5e33-ac5e-46abff625bc8,1777394712,0.51,3.0,yes,"{""count_fp"":""3.00"",""created_time"":""2026-04-28T16:45:12.012143Z"",""no_price_dollars"":""0.4900"",""taker_side"":""yes"",""ticker"":""KXBTC15M-26APR281300-00"",""trade_id"":""66bed5ba-08dd-5e33-ac5e-46abff625bc8"",""yes_price_dollars"":""0.5100""}"
KXBTC15M-26APR281300-00,548f68ff-ec08-5f92-a101-bfa026aedc27,1777394712,0.54,56.0,yes,"{""count_fp"":""56.00"",""created_time"":""2026-04-28T16:45:12.012143Z"",""no_price_dollars"":""0.4600"",""taker_side"":""yes"",""ticker"":""KXBTC15M-26APR281300-00"",""trade_id"":""548f68ff-ec08-5f92-a101-bfa026aedc27"",""yes_price_dollars"":""0.5400""}"
KXBTC15M-26APR281300-00,543149ef-902c-5883-b86e-d93472dc0613,1777394712,0.56,1.0,yes,"{""count_fp"":""1.00"",""created_time"":""2026-04-28T16:45:12.012143Z"",""no_price_dollars"":""0.4400"",""taker_side"":""yes"",""ticker"":""KXBTC15M-26APR281300-00"",""trade_id"":""543149ef-902c-5883-b86e-d93472dc0613"",""yes_price_dollars"":""0.5600""}"
KXBTC15M-26APR281300-00,283ca3ed-74f8-5d26-bbd7-8fc35c0eacc2,1777394712,0.57,104.47,yes,"{""count_fp"":""104.47"",""created_time"":""2026-04-28T16:45:12.012143Z"",""no_price_dollars"":""0.4300"",""taker_side"":""yes"",""ticker"":""KXBTC15M-26APR281300-00"",""trade_id"":""283ca3ed-74f8-5d26-bbd7-8fc35c0eacc2"",""yes_price_dollars"":""0.5700""}"
KXBTC15M-26APR281300-00,1f24c7a7-d10f-5e86-a043-e7d076d44e45,1777394712,0.54,251.58,yes,"{""count_fp"":""251.58"",""created_time"":""2026-04-28T16:45:12.012143Z"",""no_price_dollars"":""0.4600"",""taker_side"":""yes"",""ticker"":""KXBTC15M-26APR281300-00"",""trade_id"":""1f24c7a7-d10f-5e86-a043-e7d076d44e45"",""yes_price_dollars"":""0.5400""}"
KXBTC15M-26APR281300-00,891bd209-2c59-7819-c70c-91ddfd44bc6a,1777394713,0.54,14.79,yes,"{""count_fp"":""14.79"",""created_time"":""2026-04-28T16:45:13.692344Z"",""no_price_dollars"":""0.4600"",""taker_side"":""yes"",""ticker"":""KXBTC15M-26APR281300-00"",""trade_id"":""891bd209-2c59-7819-c70c-91ddfd44bc6a"",""yes_price_dollars"":""0.5400""}"
KXBTC15M-26APR281300-00,a52bbec6-9d32-532e-f784-1050c8945848,1777394713,0.53,20.0,no,"{""count_fp"":""20.00"",""created_time"":""2026-04-28T16:45:13.676282Z"",""no_price_dollars"":""0.4700"",""taker_side"":""no"",""ticker"":""KXBTC15M-26APR281300-00"",""trade_id"":""a52bbec6-9d32-532e-f784-1050c8945848"",""yes_price_dollars"":""0.5300""}"
KXBTC15M-26APR281300-00,d36c2d96-5c8a-551a-7976-4b03b4b1894c,1777394713,0.53,1.0,no,"{""count_fp"":""1.00"",""created_time"":""2026-04-28T16:45:13.022087Z"",""no_price_dollars"":""0.4700"",""taker_side"":""no"",""ticker"":""KXBTC15M-26APR281300-00"",""trade_id"":""d36c2d96-5c8a-551a-7976-4b03b4b1894c"",""yes_price_dollars"":""0.5300""}"
KXBTC15M-26APR281300-00,3dd005a2-e0ed-6121-7f14-093ba3250406,1777394714,0.54,8.51,yes,"{""count_fp"":""8.51"",""created_time"":""2026-04-28T16:45:14.927937Z"",""no_price_dollars"":""0.4600"",""taker_side"":""yes"",""ticker"":""KXBTC15M-26APR281300-00"",""trade_id"":""3dd005a2-e0ed-6121-7f14-093ba3250406"",""yes_price_dollars"":""0.5400""}"
KXBTC15M-26APR281300-00,1b1d05fc-1d25-7b65-6f82-03204e9f5946,1777394714,0.54,35.88,yes,"{""count_fp"":""35.88"",""created_time"":""2026-04-28T16:45:14.323004Z"",""no_price_dollars"":""0.4600"",""taker_side"":""yes"",""ticker"":""KXBTC15M-26APR281300-00"",""trade_id"":""1b1d05fc-1d25-7b65-6f82-03204e9f5946"",""yes_price_dollars"":""0.5400""}"
KXBTC15M-26APR281300-00,ba836d66-36be-5122-e1f7-58acc964ebfa,1777394715,0.53,9.85,no,"{""count_fp"":""9.85"",""created_time"":""2026-04-28T16:45:15.702467Z"",""no_price_dollars"":""0.4700"",""taker_side"":""no"",""ticker"":""KXBTC15M-26APR281300-00"",""trade_id"":""ba836d66-36be-5122-e1f7-58acc964ebfa"",""yes_price_dollars"":""0.5300""}"
KXBTC15M-26APR281300-00,58b309a2-be02-68b2-5b21-cbaf5544bde0,1777394715,0.53,1.19,no,"{""count_fp"":""1.19"",""created_time"":""2026-04-28T16:45:15.689965Z"",""no_price_dollars"":""0.4700"",""taker_side"":""no"",""ticker"":""KXBTC15M-26APR281300-00"",""trade_id"":""58b309a2-be02-68b2-5b21-cbaf5544bde0"",""yes_price_dollars"":""0.5300""}"
KXBTC15M-26APR281300-00,32a9abc0-fb26-6c02-7b7c-bd7d4dafae5a,1777394715,0.53,19.32,no,"{""count_fp"":""19.32"",""created_time"":""2026-04-28T16:45:15.689965Z"",""no_price_dollars"":""0.4700"",""taker_side"":""no"",""ticker"":""KXBTC15M-26APR281300-00"",""trade_id"":""32a9abc0-fb26-6c02-7b7c-bd7d4dafae5a"",""yes_price_dollars"":""0.5300""}"
KXBTC15M-26APR281300-00,8f792e9d-33ee-6306-30aa-ddbedcec79b4,1777394715,0.53,5.91,no,"{""count_fp"":""5.91"",""created_time"":""2026-04-28T16:45:15.580962Z"",""no_price_dollars"":""0.4700"",""taker_side"":""no"",""ticker"":""KXBTC15M-26APR281300-00"",""trade_id"":""8f792e9d-33ee-6306-30aa-ddbedcec79b4"",""yes_price_dollars"":""0.5300""}"
KXBTC15M-26APR281300-00,1aee1689-414d-65a5-123f-4a1123baebf6,1777394715,0.54,10.0,yes,"{""count_fp"":""10.00"",""created_time"":""2026-04-28T16:45:15.544114Z"",""no_price_dollars"":""0.4600"",""taker_side"":""yes"",""ticker"":""KXBTC15M-26APR281300-00"",""trade_id"":""1aee1689-414d-65a5-123f-4a1123baebf6"",""yes_price_dollars"":""0.5400""}"
KXBTC15M-26APR281300-00,fba40711-2561-5599-52b9-c8509f5ef45e,1777394715,0.54,8.97,yes,"{""count_fp"":""8.97"",""created_time"":""2026-04-28T16:45:15.502444Z"",""no_price_dollars"":""0.4600"",""taker_side"":""yes"",""ticker"":""KXBTC15M-26APR281300-00"",""trade_id"":""fba40711-2561-5599-52b9-c8509f5ef45e"",""yes_price_dollars"":""0.5400""}"
KXBTC15M-26APR281300-00,793423e4-93ad-7c89-7967-11128b641682,1777394715,0.54,177.61,yes,"{""count_fp"":""177.61"",""created_time"":""2026-04-28T16:45:15.416327Z"",""no_price_dollars"":""0.4600"",""taker_side"":""yes"",""ticker"":""KXBTC15M-26APR281300-00"",""trade_id"":""793423e4-93ad-7c89-7967-11128b641682"",""yes_price_dollars"":""0.5400""}"
KXBTC15M-26APR281300-00,5064d3ed-f3a1-4945-f320-2f526a63eb96,1777394715,0.54,43.05,yes,"{""count_fp"":""43.05"",""created_time"":""2026-04-28T16:45:15.146327Z"",""no_price_dollars"":""0.4600"",""taker_side"":""yes"",""ticker"":""KXBTC15M-26APR281300-00"",""trade_id"":""5064d3ed-f3a1-4945-f320-2f526a63eb96"",""yes_price_dollars"":""0.5400""}"
KXBTC15M-26APR281300-00,8e5b75af-9efd-6f7b-8af5-9a16289870d4,1777394716,0.53,118.4,yes,"{""count_fp"":""118.40"",""created_time"":""2026-04-28T16:45:16.942637Z"",""no_price_dollars"":""0.4700"",""taker_side"":""yes"",""ticker"":""KXBTC15M-26APR281300-00"",""trade_id"":""8e5b75af-9efd-6f7b-8af5-9a16289870d4"",""yes_price_dollars"":""0.5300""}"
KXBTC15M-26APR281300-00,16bc2c94-762b-596a-12e7-ae1dae94e099,1777394716,0.52,3.0,no,"{""count_fp"":""3.00"",""created_time"":""2026-04-28T16:45:16.888503Z"",""no_price_dollars"":""0.4800"",""taker_side"":""no"",""ticker"":""KXBTC15M-26APR281300-00"",""trade_id"":""16bc2c94-762b-596a-12e7-ae1dae94e099"",""yes_price_dollars"":""0.5200""}"
KXBTC15M-26APR281300-00,80927899-91af-60de-92b0-a653306506ad,1777394716,0.52,1.02,no,"{""count_fp"":""1.02"",""created_time"":""2026-04-28T16:45:16.882137Z"",""no_price_dollars"":""0.4800"",""taker_side"":""no"",""ticker"":""KXBTC15M-26APR281300-00"",""trade_id"":""80927899-91af-60de-92b0-a653306506ad"",""yes_price_dollars"":""0.5200""}"
KXBTC15M-26APR281300-00,5419bc7e-2131-763f-c73b-83312393c108,1777394716,0.53,8.0,yes,"{""count_fp"":""8.00"",""created_time"":""2026-04-28T16:45:16.880884Z"",""no_price_dollars"":""0.4700"",""taker_side"":""yes"",""ticker"":""KXBTC15M-26APR281300-00"",""trade_id"":""5419bc7e-2131-763f-c73b-83312393c108"",""yes_price_dollars"":""0.5300""}"
KXBTC15M-26APR281300-00,63bdd5c4-5449-78cd-ed63-fbaee47e8306,1777394716,0.54,358.81,yes,"{""count_fp"":""358.81"",""created_time"":""2026-04-28T16:45:16.862401Z"",""no_price_dollars"":""0.4600"",""taker_side"":""yes"",""ticker"":""KXBTC15M-26APR281300-00"",""trade_id"":""63bdd5c4-5449-78cd-ed63-fbaee47e8306"",""yes_price_dollars"":""0.5400""}"
KXBTC15M-26APR281300-00,703612d4-beb2-557e-04ef-a195c4316c65,1777394716,0.53,14.32,no,"{""count_fp"":""14.32"",""created_time"":""2026-04-28T16:45:16.837938Z"",""no_price_dollars"":""0.4700"",""taker_side"":""no"",""ticker"":""KXBTC15M-26APR281300-00"",""trade_id"":""703612d4-beb2-557e-04ef-a195c4316c65"",""yes_price_dollars"":""0.5300""}"
KXBTC15M-26APR281300-00,6d8c56c5-b627-573a-3f45-ab3ae6c06f3d,1777394716,0.52,30.43,no,"{""count_fp"":""30.43"",""created_time"":""2026-04-28T16:45:16.837938Z"",""no_price_dollars"":""0.4800"",""taker_side"":""no"",""ticker"":""KXBTC15M-26APR281300-00"",""trade_id"":""6d8c56c5-b627-573a-3f45-ab3ae6c06f3d"",""yes_price_dollars"":""0.5200""}"
KXBTC15M-26APR281300-00,208b98d5-5041-5326-1ee4-8a42e7fdd551,1777394716,0.53,4.28,no,"{""count_fp"":""4.28"",""created_time"":""2026-04-28T16:45:16.837938Z"",""no_price_dollars"":""0.4700"",""taker_side"":""no"",""ticker"":""KXBTC15M-26APR281300-00"",""trade_id"":""208b98d5-5041-5326-1ee4-8a42e7fdd551"",""yes_price_dollars"":""0.5300""}"
KXBTC15M-26APR281300-00,8ca9b5cd-a64d-429e-0bc2-450b8081f415,1777394716,0.53,11.72,no,"{""count_fp"":""11.72"",""created_time"":""2026-04-28T16:45:16.673687Z"",""no_price_dollars"":""0.4700"",""taker_side"":""no"",""ticker"":""KXBTC15M-26APR281300-00"",""trade_id"":""8ca9b5cd-a64d-429e-0bc2-450b8081f415"",""yes_price_dollars"":""0.5300""}"
KXBTC15M-26APR281300-00,8249a90a-d33a-4196-2d0f-b4390940b236,1777394716,0.53,0.58,no,"{""count_fp"":""0.58"",""created_time"":""2026-04-28T16:45:16.673687Z"",""no_price_dollars"":""0.4700"",""taker_side"":""no"",""ticker"":""KXBTC15M-26APR281300-00"",""trade_id"":""8249a90a-d33a-4196-2d0f-b4390940b236"",""yes_price_dollars"":""0.5300""}"
KXBTC15M-26APR281300-00,792e7b2a-00f9-6e5d-15aa-d38cbab25e2e,1777394716,0.54,8.97,yes,"{""count_fp"":""8.97"",""created_time"":""2026-04-28T16:45:16.568918Z"",""no_price_dollars"":""0.4600"",""taker_side"":""yes"",""ticker"":""KXBTC15M-26APR281300-00"",""trade_id"":""792e7b2a-00f9-6e5d-15aa-d38cbab25e2e"",""yes_price_dollars"":""0.5400""}"
KXBTC15M-26APR281300-00,b2aa2941-6065-6ea5-490c-f9bf78dc83da,1777394716,0.54,3.57,yes,"{""count_fp"":""3.57"",""created_time"":""2026-04-28T16:45:16.536941Z"",""no_price_dollars"":""0.4600"",""taker_side"":""yes"",""ticker"":""KXBTC15M-26APR281300-00"",""trade_id"":""b2aa2941-6065-6ea5-490c-f9bf78dc83da"",""yes_price_dollars"":""0.5400""}"
KXBTC15M-26APR281300-00,b1429957-2c86-72e2-faa6-12eaa5a0f8de,1777394716,0.53,10.25,no,"{""count_fp"":""10.25"",""created_time"":""2026-04-28T16:45:16.384111Z"",""no_price_dollars"":""0.4700"",""taker_side"":""no"",""ticker"":""KXBTC15M-26APR281300-00"",""trade_id"":""b1429957-2c86-72e2-faa6-12eaa5a0f8de"",""yes_price_dollars"":""0.5300""}"
KXBTC15M-26APR281300-00,00fd4d69-16f9-7629-4d1b-3426d4086e1e,1777394716,0.54,3.46,yes,"{""count_fp"":""3.46"",""created_time"":""2026-04-28T16:45:16.366989Z"",""no_price_dollars"":""0.4600"",""taker_side"":""yes"",""ticker"":""KXBTC15M-26APR281300-00"",""trade_id"":""00fd4d69-16f9-7629-4d1b-3426d4086e1e"",""yes_price_dollars"":""0.5400""}"
KXBTC15M-26APR281300-00,e14fe8db-aed5-4fa1-a1ef-4fa8ffb89d0e,1777394716,0.54,17.94,yes,"{""count_fp"":""17.94"",""created_time"":""2026-04-28T16:45:16.009228Z"",""no_price_dollars"":""0.4600"",""taker_side"":""yes"",""ticker"":""KXBTC15M-26APR281300-00"",""trade_id"":""e14fe8db-aed5-4fa1-a1ef-4fa8ffb89d0e"",""yes_price_dollars"":""0.5400""}"
KXBTC15M-26APR281300-00,ff6e022e-56f9-7952-84b7-d8657a97b703,1777394717,0.53,19.0,yes,"{""count_fp"":""19.00"",""created_time"":""2026-04-28T16:45:17.820451Z"",""no_price_dollars"":""0.4700"",""taker_side"":""yes"",""ticker"":""KXBTC15M-26APR281300-00"",""trade_id"":""ff6e022e-56f9-7952-84b7-d8657a97b703"",""yes_price_dollars"":""0.5300""}"
KXBTC15M-26APR281300-00,575a7ce4-ccef-7473-aa82-68ccb52c22b7,1777394717,0.53,3.0,yes,"{""count_fp"":""3.00"",""created_time"":""2026-04-28T16:45:17.820451Z"",""no_price_dollars"":""0.4700"",""taker_side"":""yes"",""ticker"":""KXBTC15M-26APR281300-00"",""trade_id"":""575a7ce4-ccef-7473-aa82-68ccb52c22b7"",""yes_price_dollars"":""0.5300""}"
KXBTC15M-26APR281300-00,4089a532-4e1f-73e7-a27a-6a327fad5aec,1777394717,0.53,18.18,yes,"{""count_fp"":""18.18"",""created_time"":""2026-04-28T16:45:17.820451Z"",""no_price_dollars"":""0.4700"",""taker_side"":""yes"",""ticker"":""KXBTC15M-26APR281300-00"",""trade_id"":""4089a532-4e1f-73e7-a27a-6a327fad5aec"",""yes_price_dollars"":""0.5300""}"
KXBTC15M-26APR281300-00,8863692a-6631-6a33-6062-09db3622bfb0,1777394717,0.53,1.0,yes,"{""count_fp"":""1.00"",""created_time"":""2026-04-28T16:45:17.075814Z"",""no_price_dollars"":""0.4700"",""taker_side"":""yes"",""ticker"":""KXBTC15M-26APR281300-00"",""trade_id"":""8863692a-6631-6a33-6062-09db3622bfb0"",""yes_price_dollars"":""0.5300""}"
KXBTC15M-26APR281300-00,89543cc7-29ad-62da-92cd-6aa212125ba7,1777394718,0.51,18.18,no,"{""count_fp"":""18.18"",""created_time"":""2026-04-28T16:45:18.859134Z"",""no_price_dollars"":""0.4900"",""taker_side"":""no"",""ticker"":""KXBTC15M-26APR281300-00"",""trade_id"":""89543cc7-29ad-62da-92cd-6aa212125ba7"",""yes_price_dollars"":""0.5100""}"
KXBTC15M-26APR281300-00,43c45650-1bbf-6ab2-9901-a09a0aa49571,1777394718,0.52,5.55,no,"{""count_fp"":""5.55"",""created_time"":""2026-04-28T16:45:18.859134Z"",""no_price_dollars"":""0.4800"",""taker_side"":""no"",""ticker"":""KXBTC15M-26APR281300-00"",""trade_id"":""43c45650-1bbf-6ab2-9901-a09a0aa49571"",""yes_price_dollars"":""0.5200""}"
KXBTC15M-26APR281300-00,41bb5c7a-ccf1-560e-cba4-caed1b734217,1777394719,0.51,20.14,no,"{""count_fp"":""20.14"",""created_time"":""2026-04-28T16:45:19.512216Z"",""no_price_dollars"":""0.4900"",""taker_side"":""no"",""ticker"":""KXBTC15M-26APR281300-00"",""trade_id"":""41bb5c7a-ccf1-560e-cba4-caed1b734217"",""yes_price_dollars"":""0.5100""}"
KXBTC15M-26APR281300-00,0fe3991a-4c51-5dd4-ea67-45ba6bce0e1d,1777394719,0.51,12.0,no,"{""count_fp"":""12.00"",""created_time"":""2026-04-28T16:45:19.512216Z"",""no_price_dollars"":""0.4900"",""taker_side"":""no"",""ticker"":""KXBTC15M-26APR281300-00"",""trade_id"":""0fe3991a-4c51-5dd4-ea67-45ba6bce0e1d"",""yes_price_dollars"":""0.5100""}"
KXBTC15M-26APR281300-00,04f636e9-a3e2-5ba3-fc97-7020f6b51020,1777394719,0.51,17.21,no,"{""count_fp"":""17.21"",""created_time"":""2026-04-28T16:45:19.512216Z"",""no_price_dollars"":""0.4900"",""taker_side"":""no"",""ticker"":""KXBTC15M-26APR281300-00"",""trade_id"":""04f636e9-a3e2-5ba3-fc97-7020f6b51020"",""yes_price_dollars"":""0.5100""}"
KXBTC15M-26APR281300-00,c21881e0-e9a1-6a55-c4f6-b83dc8b16788,1777394719,0.52,2.0,yes,"{""count_fp"":""2.00"",""created_time"":""2026-04-28T16:45:19.463812Z"",""no_price_dollars"":""0.4800"",""taker_side"":""yes"",""ticker"":""KXBTC15M-26APR281300-00"",""trade_id"":""c21881e0-e9a1-6a55-c4f6-b83dc8b16788"",""yes_price_dollars"":""0.5200""}"
KXBTC15M-26APR281300-00,b12d442e-1d75-6d4a-b270-1bcd92cb3d7f,1777394719,0.51,1.68,no,"{""count_fp"":""1.68"",""created_time"":""2026-04-28T16:45:19.305191Z"",""no_price_dollars"":""0.4900"",""taker_side"":""no"",""ticker"":""KXBTC15M-26APR281300-00"",""trade_id"":""b12d442e-1d75-6d4a-b270-1bcd92cb3d7f"",""yes_price_dollars"":""0.5100""}"
KXBTC15M-26APR281300-00,0bbbf8b2-fc79-60dc-9fd3-0b7d7a29dc87,1777394719,0.52,6.32,no,"{""count_fp"":""6.32"",""created_time"":""2026-04-28T16:45:19.305191Z"",""no_price_dollars"":""0.4800"",""taker_side"":""no"",""ticker"":""KXBTC15M-26APR281300-00"",""trade_id"":""0bbbf8b2-fc79-60dc-9fd3-0b7d7a29dc87"",""yes_price_dollars"":""0.5200""}"
KXBTC15M-26APR281300-00,60446607-1bd9-5ae4-722b-9ea6ac4145bb,1777394719,0.52,4.02,no,"{""count_fp"":""4.02"",""created_time"":""2026-04-28T16:45:19.057955Z"",""no_price_dollars"":""0.4800"",""taker_side"":""no"",""ticker"":""KXBTC15M-26APR281300-00"",""trade_id"":""60446607-1bd9-5ae4-722b-9ea6ac4145bb"",""yes_price_dollars"":""0.5200""}"
KXBTC15M-26APR281300-00,bd1842a7-a040-7230-e7c0-aa4fcf245762,1777394720,0.52,20.99,no,"{""count_fp"":""20.99"",""created_time"":""2026-04-28T16:45:20.887528Z"",""no_price_dollars"":""0.4800"",""taker_side"":""no"",""ticker"":""KXBTC15M-26APR281300-00"",""trade_id"":""bd1842a7-a040-7230-e7c0-aa4fcf245762"",""yes_price_dollars"":""0.5200""}"
KXBTC15M-26APR281300-00,7282ebde-d2db-7b41-c09d-9cca6ddd90ca,1777394720,0.52,7.0,no,"{""count_fp"":""7.00"",""created_time"":""2026-04-28T16:45:20.887528Z"",""no_price_dollars"":""0.4800"",""taker_side"":""no"",""ticker"":""KXBTC15M-26APR281300-00"",""trade_id"":""7282ebde-d2db-7b41-c09d-9cca6ddd90ca"",""yes_price_dollars"":""0.5200""}"
KXBTC15M-26APR281300-00,5358627b-50d9-7402-c5f4-a07e432d92ed,1777394720,0.52,10.0,no,"{""count_fp"":""10.00"",""created_time"":""2026-04-28T16:45:20.887528Z"",""no_price_dollars"":""0.4800"",""taker_side"":""no"",""ticker"":""KXBTC15M-26APR281300-00"",""trade_id"":""5358627b-50d9-7402-c5f4-a07e432d92ed"",""yes_price_dollars"":""0.5200""}"
KXBTC15M-26APR281300-00,102c37e8-4112-70c4-e269-fc2abe2d7b9a,1777394720,0.51,21.12,no,"{""count_fp"":""21.12"",""created_time"":""2026-04-28T16:45:20.887528Z"",""no_price_dollars"":""0.4900"",""taker_side"":""no"",""ticker"":""KXBTC15M-26APR281300-00"",""trade_id"":""102c37e8-4112-70c4-e269-fc2abe2d7b9a"",""yes_price_dollars"":""0.5100""}"
KXBTC15M-26APR281300-00,ffc5c3d3-aae8-5b50-7686-cbe6e524849e,1777394720,0.53,0.44,yes,"{""count_fp"":""0.44"",""created_time"":""2026-04-28T16:45:20.658223Z"",""no_price_dollars"":""0.4700"",""taker_side"":""yes"",""ticker"":""KXBTC15M-26APR281300-00"",""trade_id"":""ffc5c3d3-aae8-5b50-7686-cbe6e524849e"",""yes_price_dollars"":""0.5300""}"
KXBTC15M-26APR281300-00,eeaf6823-62d3-5c97-717b-3f78699c5424,1777394720,0.53,17.82,yes,"{""count_fp"":""17.82"",""created_time"":""2026-04-28T16:45:20.658223Z"",""no_price_dollars"":""0.4700"",""taker_side"":""yes"",""ticker"":""KXBTC15M-26APR281300-00"",""trade_id"":""eeaf6823-62d3-5c97-717b-3f78699c5424"",""yes_price_dollars"":""0.5300""}"
KXBTC15M-26APR281300-00,a4c59e62-df64-5790-3e25-2a735aed3e92,1777394720,0.52,2.01,no,"{""count_fp"":""2.01"",""created_time"":""2026-04-28T16:45:20.597788Z"",""no_price_dollars"":""0.4800"",""taker_side"":""no"",""ticker"":""KXBTC15M-26APR281300-00"",""trade_id"":""a4c59e62-df64-5790-3e25-2a735aed3e92"",""yes_price_dollars"":""0.5200""}"
KXBTC15M-26APR281300-00,652512fe-9f86-59bc-6359-38cb073000d2,1777394720,0.51,3.93,no,"{""count_fp"":""3.93"",""created_time"":""2026-04-28T16:45:20.515542Z"",""no_price_dollars"":""0.4900"",""taker_side"":""no"",""ticker"":""KXBTC15M-26APR281300-00"",""trade_id"":""652512fe-9f86-59bc-6359-38cb073000d2"",""yes_price_dollars"":""0.5100""}"
KXBTC15M-26APR281300-00,aff1e7b2-9d1f-428b-8ae1-91d9b3ebfcc0,1777394720,0.53,20.0,yes,"{""count_fp"":""20.00"",""created_time"":""2026-04-28T16:45:20.305773Z"",""no_price_dollars"":""0.4700"",""taker_side"":""yes"",""ticker"":""KXBTC15M-26APR281300-00"",""trade_id"":""aff1e7b2-9d1f-428b-8ae1-91d9b3ebfcc0"",""yes_price_dollars"":""0.5300""}"
KXBTC15M-26APR281300-00,db15331c-95e3-5097-fc37-08cfbc513005,1777394720,0.52,3.0,yes,"{""count_fp"":""3.00"",""created_time"":""2026-04-28T16:45:20.275718Z"",""no_price_dollars"":""0.4800"",""taker_side"":""yes"",""ticker"":""KXBTC15M-26APR281300-00"",""trade_id"":""db15331c-95e3-5097-fc37-08cfbc513005"",""yes_price_dollars"":""0.5200""}"
KXBTC15M-26APR281300-00,edb22073-592c-7f67-5e90-c149f999d4fa,1777394720,0.51,40.0,no,"{""count_fp"":""40.00"",""created_time"":""2026-04-28T16:45:20.111829Z"",""no_price_dollars"":""0.4900"",""taker_side"":""no"",""ticker"":""KXBTC15M-26APR281300-00"",""trade_id"":""edb22073-592c-7f67-5e90-c149f999d4fa"",""yes_price_dollars"":""0.5100""}"
KXBTC15M-26APR281300-00,a2c76433-8923-771e-5fee-38709af1e5e1,1777394720,0.51,10.0,no,"{""count_fp"":""10.00"",""created_time"":""2026-04-28T16:45:20.111829Z"",""no_price_dollars"":""0.4900"",""taker_side"":""no"",""ticker"":""KXBTC15M-26APR281300-00"",""trade_id"":""a2c76433-8923-771e-5fee-38709af1e5e1"",""yes_price_dollars"":""0.5100""}"
KXBTC15M-26APR281300-00,6d3c13f1-c04b-7a5b-6fb7-8a862ca63d7d,1777394720,0.51,15.0,no,"{""count_fp"":""15.00"",""created_time"":""2026-04-28T16:45:20.111829Z"",""no_price_dollars"":""0.4900"",""taker_side"":""no"",""ticker"":""KXBTC15M-26APR281300-00"",""trade_id"":""6d3c13f1-c04b-7a5b-6fb7-8a862ca63d7d"",""yes_price_dollars"":""0.5100""}"
KXBTC15M-26APR281300-00,6689f863-3662-7b47-645c-930add83b044,1777394720,0.51,14.58,no,"{""count_fp"":""14.58"",""created_time"":""2026-04-28T16:45:20.111829Z"",""no_price_dollars"":""0.4900"",""taker_side"":""no"",""ticker"":""KXBTC15M-26APR281300-00"",""trade_id"":""6689f863-3662-7b47-645c-930add83b044"",""yes_price_dollars"":""0.5100""}"
KXBTC15M-26APR281300-00,61da1b8d-5838-74d1-60da-c50f54a16455,1777394720,0.5,40.0,no,"{""count_fp"":""40.00"",""created_time"":""2026-04-28T16:45:20.111829Z"",""no_price_dollars"":""0.5000"",""taker_side"":""no"",""ticker"":""KXBTC15M-26APR281300-00"",""trade_id"":""61da1b8d-5838-74d1-60da-c50f54a16455"",""yes_price_dollars"":""0.5000""}"
KXBTC15M-26APR281300-00,3845f0e0-ba9f-783e-7807-66a7926ba186,1777394720,0.5,13.42,no,"{""count_fp"":""13.42"",""created_time"":""2026-04-28T16:45:20.111829Z"",""no_price_dollars"":""0.5000"",""taker_side"":""no"",""ticker"":""KXBTC15M-26APR281300-00"",""trade_id"":""3845f0e0-ba9f-783e-7807-66a7926ba186"",""yes_price_dollars"":""0.5000""}"
KXBTC15M-26APR281300-00,0e02c156-755e-73c4-4414-1e89bd26a100,1777394720,0.5,20.0,no,"{""count_fp"":""20.00"",""created_time"":""2026-04-28T16:45:20.111829Z"",""no_price_dollars"":""0.5000"",""taker_side"":""no"",""ticker"":""KXBTC15M-26APR281300-00"",""trade_id"":""0e02c156-755e-73c4-4414-1e89bd26a100"",""yes_price_dollars"":""0.5000""}"
KXBTC15M-26APR281300-00,eaa54e18-9a12-7e94-c56a-a1073e6a8114,1777394720,0.52,6.13,yes,"{""count_fp"":""6.13"",""created_time"":""2026-04-28T16:45:20.025907Z"",""no_price_dollars"":""0.4800"",""taker_side"":""yes"",""ticker"":""KXBTC15M-26APR281300-00"",""trade_id"":""eaa54e18-9a12-7e94-c56a-a1073e6a8114"",""yes_price_dollars"":""0.5200""}"
KXBTC15M-26APR281300-00,1185335f-cbfa-7b50-ca1b-570c56d54642,1777394720,0.52,3.0,yes,"{""count_fp"":""3.00"",""created_time"":""2026-04-28T16:45:20.025907Z"",""no_price_dollars"":""0.4800"",""taker_side"":""yes"",""ticker"":""KXBTC15M-26APR281300-00"",""trade_id"":""1185335f-cbfa-7b50-ca1b-570c56d54642"",""yes_price_dollars"":""0.5200""}"
KXBTC15M-26APR281300-00,a702efb1-d931-4c36-9d66-d473a32cf695,1777394721,0.53,14.51,yes,"{""count_fp"":""14.51"",""created_time"":""2026-04-28T16:45:21.625646Z"",""no_price_dollars"":""0.4700"",""taker_side"":""yes"",""ticker"":""KXBTC15M-26APR281300-00"",""trade_id"":""a702efb1-d931-4c36-9d66-d473a32cf695"",""yes_price_dollars"":""0.5300""}"
KXBTC15M-26APR281300-00,5df385fe-1144-497c-8a4a-3489e7388c36,1777394721,0.53,84.56,yes,"{""count_fp"":""84.56"",""created_time"":""2026-04-28T16:45:21.625646Z"",""no_price_dollars"":""0.4700"",""taker_side"":""yes"",""ticker"":""KXBTC15M-26APR281300-00"",""trade_id"":""5df385fe-1144-497c-8a4a-3489e7388c36"",""yes_price_dollars"":""0.5300""}"
KXBTC15M-26APR281300-00,4a7efee2-d4b7-4f8f-bb75-f44c5c6e7b8d,1777394721,0.52,10.0,yes,"{""count_fp"":""10.00"",""created_time"":""2026-04-28T16:45:21.625646Z"",""no_price_dollars"":""0.4800"",""taker_side"":""yes"",""ticker"":""KXBTC15M-26APR281300-00"",""trade_id"":""4a7efee2-d4b7-4f8f-bb75-f44c5c6e7b8d"",""yes_price_dollars"":""0.5200""}"
KXBTC15M-26APR281300-00,90d627db-1a6e-74fc-e785-9a1f7234e516,1777394721,0.51,0.19,no,"{""count_fp"":""0.19"",""created_time"":""2026-04-28T16:45:21.374014Z"",""no_price_dollars"":""0.4900"",""taker_side"":""no"",""ticker"":""KXBTC15M-26APR281300-00"",""trade_id"":""90d627db-1a6e-74fc-e785-9a1f7234e516"",""yes_price_dollars"":""0.5100""}"
KXBTC15M-26APR281300-00,24fc9af5-a7aa-7774-ef0a-cf94ac85cc22,1777394721,0.51,11.82,no,"{""count_fp"":""11.82"",""created_time"":""2026-04-28T16:45:21.156289Z"",""no_price_dollars"":""0.4900"",""taker_side"":""no"",""ticker"":""KXBTC15M-26APR281300-00"",""trade_id"":""24fc9af5-a7aa-7774-ef0a-cf94ac85cc22"",""yes_price_dollars"":""0.5100""}"
KXBTC15M-26APR281300-00,83473258-e086-73b3-2feb-894f2412eab3,1777394722,0.51,9.83,no,"{""count_fp"":""9.83"",""created_time"":""2026-04-28T16:45:22.300752Z"",""no_price_dollars"":""0.4900"",""taker_side"":""no"",""ticker"":""KXBTC15M-26APR281300-00"",""trade_id"":""83473258-e086-73b3-2feb-894f2412eab3"",""yes_price_dollars"":""0.5100""}"
KXBTC15M-26APR281300-00,d7b88f4f-0e85-6a1a-7513-ee13371cb10b,1777394722,0.51,3.0,no,"{""count_fp"":""3.00"",""created_time"":""2026-04-28T16:45:22.147981Z"",""no_price_dollars"":""0.4900"",""taker_side"":""no"",""ticker"":""KXBTC15M-26APR281300-00"",""trade_id"":""d7b88f4f-0e85-6a1a-7513-ee13371cb10b"",""yes_price_dollars"":""0.5100""}"
KXBTC15M-26APR281300-00,72698f89-7bfa-6b88-5a02-c4ef6ce46cb2,1777394722,0.51,2.94,no,"{""count_fp"":""2.94"",""created_time"":""2026-04-28T16:45:22.147981Z"",""no_price_dollars"":""0.4900"",""taker_side"":""no"",""ticker"":""KXBTC15M-26APR281300-00"",""trade_id"":""72698f89-7bfa-6b88-5a02-c4ef6ce46cb2"",""yes_price_dollars"":""0.5100""}"
KXBTC15M-26APR281300-00,636efe53-a484-6eb2-6baa-f8c60f2d056c,1777394722,0.51,25.58,no,"{""count_fp"":""25.58"",""created_time"":""2026-04-28T16:45:22.147981Z"",""no_price_dollars"":""0.4900"",""taker_side"":""no"",""ticker"":""KXBTC15M-26APR281300-00"",""trade_id"":""636efe53-a484-6eb2-6baa-f8c60f2d056c"",""yes_price_dollars"":""0.5100""}"
KXBTC15M-26APR281300-00,4a1e8933-5651-5388-398b-ede665ab2917,1777394723,0.51,7.88,no,"{""count_fp"":""7.88"",""created_time"":""2026-04-28T16:45:23.491526Z"",""no_price_dollars"":""0.4900"",""taker_side"":""no"",""ticker"":""KXBTC15M-26APR281300-00"",""trade_id"":""4a1e8933-5651-5388-398b-ede665ab2917"",""yes_price_dollars"":""0.5100""}"
KXBTC15M-26APR281300-00,7f8debde-f535-66ec-1ef7-b8bdd35a10e7,1777394723,0.51,20.08,no,"{""count_fp"":""20.08"",""created_time"":""2026-04-28T16:45:23.393382Z"",""no_price_dollars"":""0.4900"",""taker_side"":""no"",""ticker"":""KXBTC15M-26APR281300-00"",""trade_id"":""7f8debde-f535-66ec-1ef7-b8bdd35a10e7"",""yes_price_dollars"":""0.5100""}"
KXBTC15M-26APR281300-00,c71a9733-0be1-7790-509c-53fbe86c988f,1777394723,0.51,44.41,no,"{""count_fp"":""44.41"",""created_time"":""2026-04-28T16:45:23.153031Z"",""no_price_dollars"":""0.4900"",""taker_side"":""no"",""ticker"":""KXBTC15M-26APR281300-00"",""trade_id"":""c71a9733-0be1-7790-509c-53fbe86c988f"",""yes_price_dollars"":""0.5100""}"
KXBTC15M-26APR281300-00,26fde475-ed9d-77d9-ac46-401b3af7a6a8,1777394723,0.53,164.4,yes,"{""count_fp"":""164.40"",""created_time"":""2026-04-28T16:45:23.031192Z"",""no_price_dollars"":""0.4700"",""taker_side"":""yes"",""ticker"":""KXBTC15M-26APR281300-00"",""trade_id"":""26fde475-ed9d-77d9-ac46-401b3af7a6a8"",""yes_price_dollars"":""0.5300""}"
KXBTC15M-26APR281300-00,d43bf606-ca49-76a0-0fbe-22b73c9e62e7,1777394724,0.51,3.0,no,"{""count_fp"":""3.00"",""created_time"":""2026-04-28T16:45:24.941587Z"",""no_price_dollars"":""0.4900"",""taker_side"":""no"",""ticker"":""KXBTC15M-26APR281300-00"",""trade_id"":""d43bf606-ca49-76a0-0fbe-22b73c9e62e7"",""yes_price_dollars"":""0.5100""}"
KXBTC15M-26APR281300-00,99162a66-c089-48d4-dd1c-7fef6c86ee9f,1777394724,0.51,45.32,no,"{""count_fp"":""45.32"",""created_time"":""2026-04-28T16:45:24.879532Z"",""no_price_dollars"":""0.4900"",""taker_side"":""no"",""ticker"":""KXBTC15M-26APR281300-00"",""trade_id"":""99162a66-c089-48d4-dd1c-7fef6c86ee9f"",""yes_price_dollars"":""0.5100""}"
KXBTC15M-26APR281300-00,988712c3-6c9d-7f7c-7714-b3db2e1b36e7,1777394724,0.51,197.04,no,"{""count_fp"":""197.04"",""created_time"":""2026-04-28T16:45:24.742528Z"",""no_price_dollars"":""0.4900"",""taker_side"":""no"",""ticker"":""KXBTC15M-26APR281300-00"",""trade_id"":""988712c3-6c9d-7f7c-7714-b3db2e1b36e7"",""yes_price_dollars"":""0.5100""}"
KXBTC15M-26APR281300-00,b2496b91-7d69-4bc3-b919-b8c8d865998c,1777394724,0.52,38.58,yes,"{""count_fp"":""38.58"",""created_time"":""2026-04-28T16:45:24.595415Z"",""no_price_dollars"":""0.4800"",""taker_side"":""yes"",""ticker"":""KXBTC15M-26APR281300-00"",""trade_id"":""b2496b91-7d69-4bc3-b919-b8c8d865998c"",""yes_price_dollars"":""0.5200""}"
KXBTC15M-26APR281300-00,865f2fb8-de6d-4981-b01d-911d53db7bc4,1777394724,0.53,19.5,yes,"{""count_fp"":""19.50"",""created_time"":""2026-04-28T16:45:24.595415Z"",""no_price_dollars"":""0.4700"",""taker_side"":""yes"",""ticker"":""KXBTC15M-26APR281300-00"",""trade_id"":""865f2fb8-de6d-4981-b01d-911d53db7bc4"",""yes_price_dollars"":""0.5300""}"
KXBTC15M-26APR281300-00,7d76b328-4bec-4cc7-b289-27a19c9e9a27,1777394724,0.52,3.0,yes,"{""count_fp"":""3.00"",""created_time"":""2026-04-28T16:45:24.595415Z"",""no_price_dollars"":""0.4800"",""taker_side"":""yes"",""ticker"":""KXBTC15M-26APR281300-00"",""trade_id"":""7d76b328-4bec-4cc7-b289-27a19c9e9a27"",""yes_price_dollars"":""0.5200""}"
KXBTC15M-26APR281300-00,4734af74-ca5c-4741-99a5-3c7048764b21,1777394724,0.52,0.02,yes,"{""count_fp"":""0.02"",""created_time"":""2026-04-28T16:45:24.595415Z"",""no_price_dollars"":""0.4800"",""taker_side"":""yes"",""ticker"":""KXBTC15M-26APR281300-00"",""trade_id"":""4734af74-ca5c-4741-99a5-3c7048764b21"",""yes_price_dollars"":""0.5200""}"
KXBTC15M-26APR281300-00,20337630-30f8-44a2-b2c6-fa4ea2310e5b,1777394724,0.52,1.0,yes,"{""count_fp"":""1.00"",""created_time"":""2026-04-28T16:45:24.595415Z"",""no_price_dollars"":""0.4800"",""taker_side"":""yes"",""ticker"":""KXBTC15M-26APR281300-00"",""trade_id"":""20337630-30f8-44a2-b2c6-fa4ea2310e5b"",""yes_price_dollars"":""0.5200""}"
KXBTC15M-26APR281300-00,be4ccd54-7631-4dab-d351-b11a634bd0a4,1777394724,0.52,1.42,yes,"{""count_fp"":""1.42"",""created_time"":""2026-04-28T16:45:24.332661Z"",""no_price_dollars"":""0.4800"",""taker_side"":""yes"",""ticker"":""KXBTC15M-26APR281300-00"",""trade_id"":""be4ccd54-7631-4dab-d351-b11a634bd0a4"",""yes_price_dollars"":""0.5200""}"
KXBTC15M-26APR281300-00,b6409ad9-dbaf-4a51-f618-8bc320148f22,1777394724,0.52,3.0,yes,"{""count_fp"":""3.00"",""created_time"":""2026-04-28T16:45:24.332661Z"",""no_price_dollars"":""0.4800"",""taker_side"":""yes"",""ticker"":""KXBTC15M-26APR281300-00"",""trade_id"":""b6409ad9-dbaf-4a51-f618-8bc320148f22"",""yes_price_dollars"":""0.5200""}"
KXBTC15M-26APR281300-00,82429f34-c2ab-45b9-f9cd-638591fd51d6,1777394724,0.52,25.58,yes,"{""count_fp"":""25.58"",""created_time"":""2026-04-28T16:45:24.332661Z"",""no_price_dollars"":""0.4800"",""taker_side"":""yes"",""ticker"":""KXBTC15M-26APR281300-00"",""trade_id"":""82429f34-c2ab-45b9-f9cd-638591fd51d6"",""yes_price_dollars"":""0.5200""}"
KXBTC15M-26APR281300-00,3f659c10-4a9f-47ce-e560-b5f19e4297c0,1777394724,0.52,8.0,yes,"{""count_fp"":""8.00"",""created_time"":""2026-04-28T16:45:24.332661Z"",""no_price_dollars"":""0.4800"",""taker_side"":""yes"",""ticker"":""KXBTC15M-26APR281300-00"",""trade_id"":""3f659c10-4a9f-47ce-e560-b5f19e4297c0"",""yes_price_dollars"":""0.5200""}"
KXBTC15M-26APR281300-00,4ecf9024-5455-7fcc-3f16-0305e1dc9633,1777394724,0.51,1.97,no,"{""count_fp"":""1.97"",""created_time"":""2026-04-28T16:45:24.286346Z"",""no_price_dollars"":""0.4900"",""taker_side"":""no"",""ticker"":""KXBTC15M-26APR281300-00"",""trade_id"":""4ecf9024-5455-7fcc-3f16-0305e1dc9633"",""yes_price_dollars"":""0.5100""}"
KXBTC15M-26APR281300-00,477e532f-76f1-434c-2def-a0d7083fc0ff,1777394724,0.51,9.85,no,"{""count_fp"":""9.85"",""created_time"":""2026-04-28T16:45:24.286194Z"",""no_price_dollars"":""0.4900"",""taker_side"":""no"",""ticker"":""KXBTC15M-26APR281300-00"",""trade_id"":""477e532f-76f1-434c-2def-a0d7083fc0ff"",""yes_price_dollars"":""0.5100""}"
KXBTC15M-26APR281300-00,751701a5-4b16-4dc5-cf99-727c7de7c4b5,1777394725,0.56,40.25,yes,"{""count_fp"":""40.25"",""created_time"":""2026-04-28T16:45:25.231285Z"",""no_price_dollars"":""0.4400"",""taker_side"":""yes"",""ticker"":""KXBTC15M-26APR281300-00"",""trade_id"":""751701a5-4b16-4dc5-cf99-727c7de7c4b5"",""yes_price_dollars"":""0.5600""}"
KXBTC15M-26APR281300-00,9421d319-4952-6de5-c74c-99915c4a05ed,1777394725,0.56,41.0,yes,"{""count_fp"":""41.00"",""created_time"":""2026-04-28T16:45:25.228357Z"",""no_price_dollars"":""0.4400"",""taker_side"":""yes"",""ticker"":""KXBTC15M-26APR281300-00"",""trade_id"":""9421d319-4952-6de5-c74c-99915c4a05ed"",""yes_price_dollars"":""0.5600""}"
KXBTC15M-26APR281300-00,12b036f8-7539-756c-f8a4-7f6691f656fb,1777394725,0.55,5.0,yes,"{""count_fp"":""5.00"",""created_time"":""2026-04-28T16:45:25.204048Z"",""no_price_dollars"":""0.4500"",""taker_side"":""yes"",""ticker"":""KXBTC15M-26APR281300-00"",""trade_id"":""12b036f8-7539-756c-f8a4-7f6691f656fb"",""yes_price_dollars"":""0.5500""}"
KXBTC15M-26APR281300-00,ce80dbe0-6c0e-4e06-6021-48f2c80bd2a1,1777394725,0.54,6.68,yes,"{""count_fp"":""6.68"",""created_time"":""2026-04-28T16:45:25.188768Z"",""no_price_dollars"":""0.4600"",""taker_side"":""yes"",""ticker"":""KXBTC15M-26APR281300-00"",""trade_id"":""ce80dbe0-6c0e-4e06-6021-48f2c80bd2a1"",""yes_price_dollars"":""0.5400""}"
KXBTC15M-26APR281300-00,8d03f6a3-1e22-7b3e-eac2-3c3bdde72b45,1777394725,0.54,21.32,yes,"{""count_fp"":""21.32"",""created_time"":""2026-04-28T16:45:25.187625Z"",""no_price_dollars"":""0.4600"",""taker_side"":""yes"",""ticker"":""KXBTC15M-26APR281300-00"",""trade_id"":""8d03f6a3-1e22-7b3e-eac2-3c3bdde72b45"",""yes_price_dollars"":""0.5400""}"
KXBTC15M-26APR281300-00,b7b7bbc2-581a-4e06-798b-8c559f7a8e1a,1777394725,0.53,1.0,yes,"{""count_fp"":""1.00"",""created_time"":""2026-04-28T16:45:25.149306Z"",""no_price_dollars"":""0.4700"",""taker_side"":""yes"",""ticker"":""KXBTC15M-26APR281300-00"",""trade_id"":""b7b7bbc2-581a-4e06-798b-8c559f7a8e1a"",""yes_price_dollars"":""0.5300""}"
KXBTC15M-26APR281300-00,2b9d878c-fbf5-5a0d-847b-61da0f21bb00,1777394725,0.53,49.35,yes,"{""count_fp"":""49.35"",""created_time"":""2026-04-28T16:45:25.133242Z"",""no_price_dollars"":""0.4700"",""taker_side"":""yes"",""ticker"":""KXBTC15M-26APR281300-00"",""trade_id"":""2b9d878c-fbf5-5a0d-847b-61da0f21bb00"",""yes_price_dollars"":""0.5300""}"
KXBTC15M-26APR281300-00,cc1867c2-a929-4dd5-8a3d-578f73258e28,1777394725,0.53,82.07,yes,"{""count_fp"":""82.07"",""created_time"":""2026-04-28T16:45:25.129774Z"",""no_price_dollars"":""0.4700"",""taker_side"":""yes"",""ticker"":""KXBTC15M-26APR281300-00"",""trade_id"":""cc1867c2-a929-4dd5-8a3d-578f73258e28"",""yes_price_dollars"":""0.5300""}"
KXBTC15M-26APR281300-00,2b3e6093-1c5d-651d-623f-094edb0fa1d0,1777394725,0.53,73.52,yes,"{""count_fp"":""73.52"",""created_time"":""2026-04-28T16:45:25.122442Z"",""no_price_dollars"":""0.4700"",""taker_side"":""yes"",""ticker"":""KXBTC15M-26APR281300-00"",""trade_id"":""2b3e6093-1c5d-651d-623f-094edb0fa1d0"",""yes_price_dollars"":""0.5300""}"
KXBTC15M-26APR281300-00,595f7b56-e769-5f91-a61a-2b64db126b44,1777394725,0.53,38.15,yes,"{""count_fp"":""38.15"",""created_time"":""2026-04-28T16:45:25.121457Z"",""no_price_dollars"":""0.4700"",""taker_side"":""yes"",""ticker"":""KXBTC15M-26APR281300-00"",""trade_id"":""595f7b56-e769-5f91-a61a-2b64db126b44"",""yes_price_dollars"":""0.5300""}"
KXBTC15M-26APR281300-00,a5108e7b-411f-4623-12b2-776e469f3829,1777394725,0.52,3.0,no,"{""count_fp"":""3.00"",""created_time"":""2026-04-28T16:45:25.106188Z"",""no_price_dollars"":""0.4800"",""taker_side"":""no"",""ticker"":""KXBTC15M-26APR281300-00"",""trade_id"":""a5108e7b-411f-4623-12b2-776e469f3829"",""yes_price_dollars"":""0.5200""}"
KXBTC15M-26APR281300-00,25c0d9c0-38bd-419f-37e8-f3de1bf085af,1777394725,0.51,0.94,no,"{""count_fp"":""0.94"",""created_time"":""2026-04-28T16:45:25.106188Z"",""no_price_dollars"":""0.4900"",""taker_side"":""no"",""ticker"":""KXBTC15M-26APR281300-00"",""trade_id"":""25c0d9c0-38bd-419f-37e8-f3de1bf085af"",""yes_price_dollars"":""0.5100""}"
KXBTC15M-26APR281300-00,1faa83d7-9d61-5dfd-d433-3150dcf05fd0,1777394725,0.53,9.13,yes,"{""count_fp"":""9.13"",""created_time"":""2026-04-28T16:45:25.039686Z"",""no_price_dollars"":""0.4700"",""taker_side"":""yes"",""ticker"":""KXBTC15M-26APR281300-00"",""trade_id"":""1faa83d7-9d61-5dfd-d433-3150dcf05fd0"",""yes_price_dollars"":""0.5300""}"
KXBTC15M-26APR281300-00,9fae0431-e621-4d1b-a9bd-e9f9b2cc1cb4,1777394726,0.56,19.7,no,"{""count_fp"":""19.70"",""created_time"":""2026-04-28T16:45:26.096539Z"",""no_price_dollars"":""0.4400"",""taker_side"":""no"",""ticker"":""KXBTC15M-26APR281300-00"",""trade_id"":""9fae0431-e621-4d1b-a9bd-e9f9b2cc1cb4"",""yes_price_dollars"":""0.5600""}"
KXBTC15M-26APR281300-00,97cf1151-9529-7133-a755-173911341988,1777394726,0.56,5.91,no,"{""count_fp"":""5.91"",""created_time"":""2026-04-28T16:45:26.029527Z"",""no_price_dollars"":""0.4400"",""taker_side"":""no"",""ticker"":""KXBTC15M-26APR281300-00"",""trade_id"":""97cf1151-9529-7133-a755-173911341988"",""yes_price_dollars"":""0.5600""}"
KXBTC15M-26APR281300-00,287644b6-1a61-589f-691a-e66f9cebda64,1777394727,0.56,2.57,no,"{""count_fp"":""2.57"",""created_time"":""2026-04-28T16:45:27.969159Z"",""no_price_dollars"":""0.4400"",""taker_side"":""no"",""ticker"":""KXBTC15M-26APR281300-00"",""trade_id"":""287644b6-1a61-589f-691a-e66f9cebda64"",""yes_price_dollars"":""0.5600""}"
KXBTC15M-26APR281300-00,1948ce7b-f19d-5158-65c1-10a8b28b44ff,1777394727,0.56,8.36,no,"{""count_fp"":""8.36"",""created_time"":""2026-04-28T16:45:27.969159Z"",""no_price_dollars"":""0.4400"",""taker_side"":""no"",""ticker"":""KXBTC15M-26APR281300-00"",""trade_id"":""1948ce7b-f19d-5158-65c1-10a8b28b44ff"",""yes_price_dollars"":""0.5600""}"
KXBTC15M-26APR281300-00,8a025c11-8a51-48f3-0eb5-09c6ab7c5504,1777394727,0.56,11.82,no,"{""count_fp"":""11.82"",""created_time"":""2026-04-28T16:45:27.632002Z"",""no_price_dollars"":""0.4400"",""taker_side"":""no"",""ticker"":""KXBTC15M-26APR281300-00"",""trade_id"":""8a025c11-8a51-48f3-0eb5-09c6ab7c5504"",""yes_price_dollars"":""0.5600""}"
KXBTC15M-26APR281300-00,44dcbbea-2593-6167-0d8d-300b5cbce22e,1777394727,0.57,10.0,yes,"{""count_fp"":""10.00"",""created_time"":""2026-04-28T16:45:27.355079Z"",""no_price_dollars"":""0.4300"",""taker_side"":""yes"",""ticker"":""KXBTC15M-26APR281300-00"",""trade_id"":""44dcbbea-2593-6167-0d8d-300b5cbce22e"",""yes_price_dollars"":""0.5700""}"
KXBTC15M-26APR281300-00,2800d6a2-444b-4763-a009-58b357a2ac9e,1777394727,0.57,5.0,yes,"{""count_fp"":""5.00"",""created_time"":""2026-04-28T16:45:27.294673Z"",""no_price_dollars"":""0.4300"",""taker_side"":""yes"",""ticker"":""KXBTC15M-26APR281300-00"",""trade_id"":""2800d6a2-444b-4763-a009-58b357a2ac9e"",""yes_price_dollars"":""0.5700""}"
KXBTC15M-26APR281300-00,8c6566ee-3d13-775b-f588-422cdcb0a74e,1777394727,0.57,17.03,yes,"{""count_fp"":""17.03"",""created_time"":""2026-04-28T16:45:27.293157Z"",""no_price_dollars"":""0.4300"",""taker_side"":""yes"",""ticker"":""KXBTC15M-26APR281300-00"",""trade_id"":""8c6566ee-3d13-775b-f588-422cdcb0a74e"",""yes_price_dollars"":""0.5700""}"
KXBTC15M-26APR281300-00,e9ba99c8-f823-66a1-a712-ff80ecc3080c,1777394728,0.57,1.0,yes,"{""count_fp"":""1.00"",""created_time"":""2026-04-28T16:45:28.981786Z"",""no_price_dollars"":""0.4300"",""taker_side"":""yes"",""ticker"":""KXBTC15M-26APR281300-00"",""trade_id"":""e9ba99c8-f823-66a1-a712-ff80ecc3080c"",""yes_price_dollars"":""0.5700""}"
KXBTC15M-26APR281300-00,724519e4-18c5-49d0-03f6-68abb2d84917,1777394728,0.56,102.78,no,"{""count_fp"":""102.78"",""created_time"":""2026-04-28T16:45:28.981512Z"",""no_price_dollars"":""0.4400"",""taker_side"":""no"",""ticker"":""KXBTC15M-26APR281300-00"",""trade_id"":""724519e4-18c5-49d0-03f6-68abb2d84917"",""yes_price_dollars"":""0.5600""}"
KXBTC15M-26APR281300-00,0f460fa2-c9bd-557c-97eb-8161921a87e7,1777394728,0.56,2.0,no,"{""count_fp"":""2.00"",""created_time"":""2026-04-28T16:45:28.893235Z"",""no_price_dollars"":""0.4400"",""taker_side"":""no"",""ticker"":""KXBTC15M-26APR281300-00"",""trade_id"":""0f460fa2-c9bd-557c-97eb-8161921a87e7"",""yes_price_dollars"":""0.5600""}"
KXBTC15M-26APR281300-00,c6dc6468-338f-7317-49d4-0b37f82e769e,1777394728,0.57,6.87,yes,"{""count_fp"":""6.87"",""created_time"":""2026-04-28T16:45:28.656386Z"",""no_price_dollars"":""0.4300"",""taker_side"":""yes"",""ticker"":""KXBTC15M-26APR281300-00"",""trade_id"":""c6dc6468-338f-7317-49d4-0b37f82e769e"",""yes_price_dollars"":""0.5700""}"
KXBTC15M-26APR281300-00,c059859d-d9bd-7a1b-6aef-2ee9750703ce,1777394728,0.58,7.32,yes,"{""count_fp"":""7.32"",""created_time"":""2026-04-28T16:45:28.656386Z"",""no_price_dollars"":""0.4200"",""taker_side"":""yes"",""ticker"":""KXBTC15M-26APR281300-00"",""trade_id"":""c059859d-d9bd-7a1b-6aef-2ee9750703ce"",""yes_price_dollars"":""0.5800""}"
KXBTC15M-26APR281300-00,96ecc8a8-2291-7ecf-5f4f-443f7f514db4,1777394728,0.57,3.0,yes,"{""count_fp"":""3.00"",""created_time"":""2026-04-28T16:45:28.656386Z"",""no_price_dollars"":""0.4300"",""taker_side"":""yes"",""ticker"":""KXBTC15M-26APR281300-00"",""trade_id"":""96ecc8a8-2291-7ecf-5f4f-443f7f514db4"",""yes_price_dollars"":""0.5700""}"
KXBTC15M-26APR281300-00,754f38f8-3511-77f1-624e-76abbc612672,1777394728,0.57,1.25,yes,"{""count_fp"":""1.25"",""created_time"":""2026-04-28T16:45:28.656386Z"",""no_price_dollars"":""0.4300"",""taker_side"":""yes"",""ticker"":""KXBTC15M-26APR281300-00"",""trade_id"":""754f38f8-3511-77f1-624e-76abbc612672"",""yes_price_dollars"":""0.5700""}"
KXBTC15M-26APR281300-00,5222f542-14de-7be0-540f-98ce68b1a42d,1777394728,0.57,0.08,yes,"{""count_fp"":""0.08"",""created_time"":""2026-04-28T16:45:28.656386Z"",""no_price_dollars"":""0.4300"",""taker_side"":""yes"",""ticker"":""KXBTC15M-26APR281300-00"",""trade_id"":""5222f542-14de-7be0-540f-98ce68b1a42d"",""yes_price_dollars"":""0.5700""}"
KXBTC15M-26APR281300-00,65006de1-8af1-7e8c-684e-0630b942c4f3,1777394728,0.56,21.86,no,"{""count_fp"":""21.86"",""created_time"":""2026-04-28T16:45:28.559703Z"",""no_price_dollars"":""0.4400"",""taker_side"":""no"",""ticker"":""KXBTC15M-26APR281300-00"",""trade_id"":""65006de1-8af1-7e8c-684e-0630b942c4f3"",""yes_price_dollars"":""0.5600""}"
KXBTC15M-26APR281300-00,4ad75de8-2ef5-7d48-4d0a-3a421067e563,1777394728,0.56,4.37,no,"{""count_fp"":""4.37"",""created_time"":""2026-04-28T16:45:28.145794Z"",""no_price_dollars"":""0.4400"",""taker_side"":""no"",""ticker"":""KXBTC15M-26APR281300-00"",""trade_id"":""4ad75de8-2ef5-7d48-4d0a-3a421067e563"",""yes_price_dollars"":""0.5600""}"
KXBTC15M-26APR281300-00,2ea4bbcb-6a8d-4a58-914a-f00d929c70d3,1777394728,0.56,13.11,no,"{""count_fp"":""13.11"",""created_time"":""2026-04-28T16:45:28.097428Z"",""no_price_dollars"":""0.4400"",""taker_side"":""no"",""ticker"":""KXBTC15M-26APR281300-00"",""trade_id"":""2ea4bbcb-6a8d-4a58-914a-f00d929c70d3"",""yes_price_dollars"":""0.5600""}"
KXBTC15M-26APR281300-00,a2fcf15e-6141-4b70-2c59-19360d252d6f,1777394729,0.56,10.05,no,"{""count_fp"":""10.05"",""created_time"":""2026-04-28T16:45:29.780157Z"",""no_price_dollars"":""0.4400"",""taker_side"":""no"",""ticker"":""KXBTC15M-26APR281300-00"",""trade_id"":""a2fcf15e-6141-4b70-2c59-19360d252d6f"",""yes_price_dollars"":""0.5600""}"
KXBTC15M-26APR281300-00,58a7d0fd-d271-40ec-3d9e-2a01d2b9f6c7,1777394729,0.56,218.69,no,"{""count_fp"":""218.69"",""created_time"":""2026-04-28T16:45:29.331957Z"",""no_price_dollars"":""0.4400"",""taker_side"":""no"",""ticker"":""KXBTC15M-26APR281300-00"",""trade_id"":""58a7d0fd-d271-40ec-3d9e-2a01d2b9f6c7"",""yes_price_dollars"":""0.5600""}"
KXBTC15M-26APR281300-00,308dec76-3ffd-7974-61ab-51afc565b047,1777394729,0.56,7.65,no,"{""count_fp"":""7.65"",""created_time"":""2026-04-28T16:45:29.094645Z"",""no_price_dollars"":""0.4400"",""taker_side"":""no"",""ticker"":""KXBTC15M-26APR281300-00"",""trade_id"":""308dec76-3ffd-7974-61ab-51afc565b047"",""yes_price_dollars"":""0.5600""}"
KXBTC15M-26APR281300-00,a400cde8-c08d-6e34-3a01-3d54934f139f,1777394730,0.56,168.46,no,"{""count_fp"":""168.46"",""created_time"":""2026-04-28T16:45:30.867097Z"",""no_price_dollars"":""0.4400"",""taker_side"":""no"",""ticker"":""KXBTC15M-26APR281300-00"",""trade_id"":""a400cde8-c08d-6e34-3a01-3d54934f139f"",""yes_price_dollars"":""0.5600""}"
KXBTC15M-26APR281300-00,293131fc-6270-6d6f-1b73-75f2b6facde2,1777394730,0.56,5.1,no,"{""count_fp"":""5.10"",""created_time"":""2026-04-28T16:45:30.867097Z"",""no_price_dollars"":""0.4400"",""taker_side"":""no"",""ticker"":""KXBTC15M-26APR281300-00"",""trade_id"":""293131fc-6270-6d6f-1b73-75f2b6facde2"",""yes_price_dollars"":""0.5600""}"
KXBTC15M-26APR281300-00,276c080c-9de0-6aa9-11b7-600201ea4695,1777394730,0.56,24.13,no,"{""count_fp"":""24.13"",""created_time"":""2026-04-28T16:45:30.867097Z"",""no_price_dollars"":""0.4400"",""taker_side"":""no"",""ticker"":""KXBTC15M-26APR281300-00"",""trade_id"":""276c080c-9de0-6aa9-11b7-600201ea4695"",""yes_price_dollars"":""0.5600""}"
KXBTC15M-26APR281300-00,1f558160-4289-6df5-2db7-0bf9c6f97ef3,1777394730,0.56,56.0,no,"{""count_fp"":""56.00"",""created_time"":""2026-04-28T16:45:30.867097Z"",""no_price_dollars"":""0.4400"",""taker_side"":""no"",""ticker"":""KXBTC15M-26APR281300-00"",""trade_id"":""1f558160-4289-6df5-2db7-0bf9c6f97ef3"",""yes_price_dollars"":""0.5600""}"
KXBTC15M-26APR281300-00,a2ec474e-9b3b-4c95-d154-176366785400,1777394730,0.57,16.87,yes,"{""count_fp"":""16.87"",""created_time"":""2026-04-28T16:45:30.518701Z"",""no_price_dollars"":""0.4300"",""taker_side"":""yes"",""ticker"":""KXBTC15M-26APR281300-00"",""trade_id"":""a2ec474e-9b3b-4c95-d154-176366785400"",""yes_price_dollars"":""0.5700""}"
KXBTC15M-26APR281300-00,65615e93-9809-64d8-e818-a926e897bce7,1777394730,0.56,543.45,no,"{""count_fp"":""543.45"",""created_time"":""2026-04-28T16:45:30.488013Z"",""no_price_dollars"":""0.4400"",""taker_side"":""no"",""ticker"":""KXBTC15M-26APR281300-00"",""trade_id"":""65615e93-9809-64d8-e818-a926e897bce7"",""yes_price_dollars"":""0.5600""}"
KXBTC15M-26APR281300-00,97c64195-7ff5-5045-d883-9481c845d107,1777394731,0.56,24.05,no,"{""count_fp"":""24.05"",""created_time"":""2026-04-28T16:45:31.949072Z"",""no_price_dollars"":""0.4400"",""taker_side"":""no"",""ticker"":""KXBTC15M-26APR281300-00"",""trade_id"":""97c64195-7ff5-5045-d883-9481c845d107"",""yes_price_dollars"":""0.5600""}"
KXBTC15M-26APR281300-00,154c0913-7a74-7972-32ed-e967377b68db,1777394731,0.57,8.51,yes,"{""count_fp"":""8.51"",""created_time"":""2026-04-28T16:45:31.938742Z"",""no_price_dollars"":""0.4300"",""taker_side"":""yes"",""ticker"":""KXBTC15M-26APR281300-00"",""trade_id"":""154c0913-7a74-7972-32ed-e967377b68db"",""yes_price_dollars"":""0.5700""}"
KXBTC15M-26APR281300-00,da512ed9-2854-52c7-17ad-271dbbbf5cc2,1777394731,0.56,1.33,no,"{""count_fp"":""1.33"",""created_time"":""2026-04-28T16:45:31.877729Z"",""no_price_dollars"":""0.4400"",""taker_side"":""no"",""ticker"":""KXBTC15M-26APR281300-00"",""trade_id"":""da512ed9-2854-52c7-17ad-271dbbbf5cc2"",""yes_price_dollars"":""0.5600""}"
KXBTC15M-26APR281300-00,d97f2b66-14e1-577d-27b7-e1800000075b,1777394731,0.56,12.08,no,"{""count_fp"":""12.08"",""created_time"":""2026-04-28T16:45:31.877729Z"",""no_price_dollars"":""0.4400"",""taker_side"":""no"",""ticker"":""KXBTC15M-26APR281300-00"",""trade_id"":""d97f2b66-14e1-577d-27b7-e1800000075b"",""yes_price_dollars"":""0.5600""}"
KXBTC15M-26APR281300-00,5cde099b-4e44-54a3-0528-89c4f5056752,1777394731,0.56,3.04,no,"{""count_fp"":""3.04"",""created_time"":""2026-04-28T16:45:31.877729Z"",""no_price_dollars"":""0.4400"",""taker_side"":""no"",""ticker"":""KXBTC15M-26APR281300-00"",""trade_id"":""5cde099b-4e44-54a3-0528-89c4f5056752"",""yes_price_dollars"":""0.5600""}"
KXBTC15M-26APR281300-00,039aa1dc-f525-57e2-171f-3f7fa8fad785,1777394731,0.56,1.04,no,"{""count_fp"":""1.04"",""created_time"":""2026-04-28T16:45:31.877729Z"",""no_price_dollars"":""0.4400"",""taker_side"":""no"",""ticker"":""KXBTC15M-26APR281300-00"",""trade_id"":""039aa1dc-f525-57e2-171f-3f7fa8fad785"",""yes_price_dollars"":""0.5600""}"
KXBTC15M-26APR281300-00,ebc54659-5cc3-5369-6dde-ec5cf60441bc,1777394731,0.57,21.13,yes,"{""count_fp"":""21.13"",""created_time"":""2026-04-28T16:45:31.355083Z"",""no_price_dollars"":""0.4300"",""taker_side"":""yes"",""ticker"":""KXBTC15M-26APR281300-00"",""trade_id"":""ebc54659-5cc3-5369-6dde-ec5cf60441bc"",""yes_price_dollars"":""0.5700""}"
KXBTC15M-26APR281300-00,8dbef812-d4d7-5d29-559a-21e58df4b73d,1777394731,0.57,1.32,yes,"{""count_fp"":""1.32"",""created_time"":""2026-04-28T16:45:31.355083Z"",""no_price_dollars"":""0.4300"",""taker_side"":""yes"",""ticker"":""KXBTC15M-26APR281300-00"",""trade_id"":""8dbef812-d4d7-5d29-559a-21e58df4b73d"",""yes_price_dollars"":""0.5700""}"
KXBTC15M-26APR281300-00,8b56b162-43cc-55c6-7b1a-0280528b0b6b,1777394731,0.57,8.15,yes,"{""count_fp"":""8.15"",""created_time"":""2026-04-28T16:45:31.355083Z"",""no_price_dollars"":""0.4300"",""taker_side"":""yes"",""ticker"":""KXBTC15M-26APR281300-00"",""trade_id"":""8b56b162-43cc-55c6-7b1a-0280528b0b6b"",""yes_price_dollars"":""0.5700""}"
KXBTC15M-26APR281300-00,03286b42-d3b2-50ad-4e65-c1d5d8c36c49,1777394731,0.57,0.05,yes,"{""count_fp"":""0.05"",""created_time"":""2026-04-28T16:45:31.355083Z"",""no_price_dollars"":""0.4300"",""taker_side"":""yes"",""ticker"":""KXBTC15M-26APR281300-00"",""trade_id"":""03286b42-d3b2-50ad-4e65-c1d5d8c36c49"",""yes_price_dollars"":""0.5700""}"
KXBTC15M-26APR281300-00,ed74ab37-0a0c-5107-911a-82c94e473e7a,1777394731,0.56,21.86,no,"{""count_fp"":""21.86"",""created_time"":""2026-04-28T16:45:31.294747Z"",""no_price_dollars"":""0.4400"",""taker_side"":""no"",""ticker"":""KXBTC15M-26APR281300-00"",""trade_id"":""ed74ab37-0a0c-5107-911a-82c94e473e7a"",""yes_price_dollars"":""0.5600""}"
KXBTC15M-26APR281300-00,8b40a974-010a-4160-cd70-9561a09c892b,1777394732,0.56,85.14,yes,"{""count_fp"":""85.14"",""created_time"":""2026-04-28T16:45:32.991577Z"",""no_price_dollars"":""0.4400"",""taker_side"":""yes"",""ticker"":""KXBTC15M-26APR281300-00"",""trade_id"":""8b40a974-010a-4160-cd70-9561a09c892b"",""yes_price_dollars"":""0.5600""}"
KXBTC15M-26APR281300-00,4bab3501-ba02-5880-a166-d3fe0a128283,1777394732,0.56,5.0,yes,"{""count_fp"":""5.00"",""created_time"":""2026-04-28T16:45:32.938221Z"",""no_price_dollars"":""0.4400"",""taker_side"":""yes"",""ticker"":""KXBTC15M-26APR281300-00"",""trade_id"":""4bab3501-ba02-5880-a166-d3fe0a128283"",""yes_price_dollars"":""0.5600""}"
KXBTC15M-26APR281300-00,cb56358c-24b6-695d-098c-b65b8c285edc,1777394732,0.55,2.57,no,"{""count_fp"":""2.57"",""created_time"":""2026-04-28T16:45:32.823017Z"",""no_price_dollars"":""0.4500"",""taker_side"":""no"",""ticker"":""KXBTC15M-26APR281300-00"",""trade_id"":""cb56358c-24b6-695d-098c-b65b8c285edc"",""yes_price_dollars"":""0.5500""}"
KXBTC15M-26APR281300-00,187676d9-beea-66c3-29a7-b8f3d5cfa2d9,1777394732,0.55,0.57,no,"{""count_fp"":""0.57"",""created_time"":""2026-04-28T16:45:32.823017Z"",""no_price_dollars"":""0.4500"",""taker_side"":""no"",""ticker"":""KXBTC15M-26APR281300-00"",""trade_id"":""187676d9-beea-66c3-29a7-b8f3d5cfa2d9"",""yes_price_dollars"":""0.5500""}"
KXBTC15M-26APR281300-00,5e789337-1592-62e5-ec49-441c0524287c,1777394732,0.55,37.43,no,"{""count_fp"":""37.43"",""created_time"":""2026-04-28T16:45:32.786795Z"",""no_price_dollars"":""0.4500"",""taker_side"":""no"",""ticker"":""KXBTC15M-26APR281300-00"",""trade_id"":""5e789337-1592-62e5-ec49-441c0524287c"",""yes_price_dollars"":""0.5500""}"
KXBTC15M-26APR281300-00,cc717717-d30c-7c7b-d8e5-933aa5448f74,1777394732,0.56,5.0,no,"{""count_fp"":""5.00"",""created_time"":""2026-04-28T16:45:32.360275Z"",""no_price_dollars"":""0.4400"",""taker_side"":""no"",""ticker"":""KXBTC15M-26APR281300-00"",""trade_id"":""cc717717-d30c-7c7b-d8e5-933aa5448f74"",""yes_price_dollars"":""0.5600""}"
KXBTC15M-26APR281300-00,42e66164-0bb5-7419-f2e6-657ecde054a3,1777394732,0.56,8.99,no,"{""count_fp"":""8.99"",""created_time"":""2026-04-28T16:45:32.360275Z"",""no_price_dollars"":""0.4400"",""taker_side"":""no"",""ticker"":""KXBTC15M-26APR281300-00"",""trade_id"":""42e66164-0bb5-7419-f2e6-657ecde054a3"",""yes_price_dollars"":""0.5600""}"
KXBTC15M-26APR281300-00,2a1fe4ce-9a3d-7837-f9f4-3eb626d6a736,1777394732,0.56,2.39,no,"{""count_fp"":""2.39"",""created_time"":""2026-04-28T16:45:32.360275Z"",""no_price_dollars"":""0.4400"",""taker_side"":""no"",""ticker"":""KXBTC15M-26APR281300-00"",""trade_id"":""2a1fe4ce-9a3d-7837-f9f4-3eb626d6a736"",""yes_price_dollars"":""0.5600""}"
KXBTC15M-26APR281300-00,00c11984-d298-76b1-ef5c-69dac86762d8,1777394732,0.56,15.27,no,"{""count_fp"":""15.27"",""created_time"":""2026-04-28T16:45:32.360275Z"",""no_price_dollars"":""0.4400"",""taker_side"":""no"",""ticker"":""KXBTC15M-26APR281300-00"",""trade_id"":""00c11984-d298-76b1-ef5c-69dac86762d8"",""yes_price_dollars"":""0.5600""}"
KXBTC15M-26APR281300-00,70043755-fc82-5175-dcec-70b604f435de,1777394732,0.57,3.4,yes,"{""count_fp"":""3.40"",""created_time"":""2026-04-28T16:45:32.237413Z"",""no_price_dollars"":""0.4300"",""taker_side"":""yes"",""ticker"":""KXBTC15M-26APR281300-00"",""trade_id"":""70043755-fc82-5175-dcec-70b604f435de"",""yes_price_dollars"":""0.5700""}"
KXBTC15M-26APR281300-00,c6a8a766-96b8-54c2-3be2-666e8cb09217,1777394732,0.57,1.34,yes,"{""count_fp"":""1.34"",""created_time"":""2026-04-28T16:45:32.157757Z"",""no_price_dollars"":""0.4300"",""taker_side"":""yes"",""ticker"":""KXBTC15M-26APR281300-00"",""trade_id"":""c6a8a766-96b8-54c2-3be2-666e8cb09217"",""yes_price_dollars"":""0.5700""}"
KXBTC15M-26APR281300-00,42d757da-4352-5e75-19eb-2d7746f3423e,1777394732,0.57,7.17,yes,"{""count_fp"":""7.17"",""created_time"":""2026-04-28T16:45:32.157757Z"",""no_price_dollars"":""0.4300"",""taker_side"":""yes"",""ticker"":""KXBTC15M-26APR281300-00"",""trade_id"":""42d757da-4352-5e75-19eb-2d7746f3423e"",""yes_price_dollars"":""0.5700""}"
KXBTC15M-26APR281300-00,e8194771-7bff-4afa-79ea-5d4763fa44a0,1777394733,0.58,40.0,yes,"{""count_fp"":""40.00"",""created_time"":""2026-04-28T16:45:33.948923Z"",""no_price_dollars"":""0.4200"",""taker_side"":""yes"",""ticker"":""KXBTC15M-26APR281300-00"",""trade_id"":""e8194771-7bff-4afa-79ea-5d4763fa44a0"",""yes_price_dollars"":""0.5800""}"
KXBTC15M-26APR281300-00,e325153f-0c7b-48e9-597f-571fdbef68fa,1777394733,0.58,17.0,yes,"{""count_fp"":""17.00"",""created_time"":""2026-04-28T16:45:33.948923Z"",""no_price_dollars"":""0.4200"",""taker_side"":""yes"",""ticker"":""KXBTC15M-26APR281300-00"",""trade_id"":""e325153f-0c7b-48e9-597f-571fdbef68fa"",""yes_price_dollars"":""0.5800""}"
KXBTC15M-26APR281300-00,d0befcf4-f5f5-4738-45d6-04102fd0b7ca,1777394733,0.58,3.0,yes,"{""count_fp"":""3.00"",""created_time"":""2026-04-28T16:45:33.948923Z"",""no_price_dollars"":""0.4200"",""taker_side"":""yes"",""ticker"":""KXBTC15M-26APR281300-00"",""trade_id"":""d0befcf4-f5f5-4738-45d6-04102fd0b7ca"",""yes_price_dollars"":""0.5800""}"
KXBTC15M-26APR281300-00,336a8c6d-cd2c-4651-4477-ffeddae3d9c2,1777394733,0.58,8.11,yes,"{""count_fp"":""8.11"",""created_time"":""2026-04-28T16:45:33.948923Z"",""no_price_dollars"":""0.4200"",""taker_side"":""yes"",""ticker"":""KXBTC15M-26APR281300-00"",""trade_id"":""336a8c6d-cd2c-4651-4477-ffeddae3d9c2"",""yes_price_dollars"":""0.5800""}"
KXBTC15M-26APR281300-00,b666f33a-a5f8-5202-6a37-b7e57d837c77,1777394733,0.57,18.0,yes,"{""count_fp"":""18.00"",""created_time"":""2026-04-28T16:45:33.620813Z"",""no_price_dollars"":""0.4300"",""taker_side"":""yes"",""ticker"":""KXBTC15M-26APR281300-00"",""trade_id"":""b666f33a-a5f8-5202-6a37-b7e57d837c77"",""yes_price_dollars"":""0.5700""}"
KXBTC15M-26APR281300-00,7b799889-5066-5aa0-6b8a-e31554b7fb1b,1777394733,0.56,49.64,yes,"{""count_fp"":""49.64"",""created_time"":""2026-04-28T16:45:33.620813Z"",""no_price_dollars"":""0.4400"",""taker_side"":""yes"",""ticker"":""KXBTC15M-26APR281300-00"",""trade_id"":""7b799889-5066-5aa0-6b8a-e31554b7fb1b"",""yes_price_dollars"":""0.5600""}"
KXBTC15M-26APR281300-00,778e18c3-fcc5-577b-40d2-7a4eec7e5732,1777394733,0.58,32.68,yes,"{""count_fp"":""32.68"",""created_time"":""2026-04-28T16:45:33.620813Z"",""no_price_dollars"":""0.4200"",""taker_side"":""yes"",""ticker"":""KXBTC15M-26APR281300-00"",""trade_id"":""778e18c3-fcc5-577b-40d2-7a4eec7e5732"",""yes_price_dollars"":""0.5800""}"
KXBTC15M-26APR281300-00,0ee65a10-323c-5ba9-6eb6-cae9a1be19c4,1777394733,0.58,234.23,yes,"{""count_fp"":""234.23"",""created_time"":""2026-04-28T16:45:33.620813Z"",""no_price_dollars"":""0.4200"",""taker_side"":""yes"",""ticker"":""KXBTC15M-26APR281300-00"",""trade_id"":""0ee65a10-323c-5ba9-6eb6-cae9a1be19c4"",""yes_price_dollars"":""0.5800""}"
KXBTC15M-26APR281300-00,8633d374-6e3b-4b82-a77a-11c15a3e010e,1777394733,0.55,36.22,no,"{""count_fp"":""36.22"",""created_time"":""2026-04-28T16:45:33.501102Z"",""no_price_dollars"":""0.4500"",""taker_side"":""no"",""ticker"":""KXBTC15M-26APR281300-00"",""trade_id"":""8633d374-6e3b-4b82-a77a-11c15a3e010e"",""yes_price_dollars"":""0.5500""}"
KXBTC15M-26APR281300-00,2e4b6e3a-80fe-4a93-8df8-0edccd4a7371,1777394733,0.55,13.43,no,"{""count_fp"":""13.43"",""created_time"":""2026-04-28T16:45:33.501102Z"",""no_price_dollars"":""0.4500"",""taker_side"":""no"",""ticker"":""KXBTC15M-26APR281300-00"",""trade_id"":""2e4b6e3a-80fe-4a93-8df8-0edccd4a7371"",""yes_price_dollars"":""0.5500""}"
KXBTC15M-26APR281300-00,5db2fe63-ec1a-4cf8-d695-14e6819b2a8f,1777394733,0.56,5.1,yes,"{""count_fp"":""5.10"",""created_time"":""2026-04-28T16:45:33.321876Z"",""no_price_dollars"":""0.4400"",""taker_side"":""yes"",""ticker"":""KXBTC15M-26APR281300-00"",""trade_id"":""5db2fe63-ec1a-4cf8-d695-14e6819b2a8f"",""yes_price_dollars"":""0.5600""}"
KXBTC15M-26APR281300-00,52337c00-2842-78d8-1164-2b5f192414db,1777394733,0.56,13.62,yes,"{""count_fp"":""13.62"",""created_time"":""2026-04-28T16:45:33.199277Z"",""no_price_dollars"":""0.4400"",""taker_side"":""yes"",""ticker"":""KXBTC15M-26APR281300-00"",""trade_id"":""52337c00-2842-78d8-1164-2b5f192414db"",""yes_price_dollars"":""0.5600""}"
KXBTC15M-26APR281300-00,6340b52e-fc5f-5a16-f071-a47a5eec5862,1777394734,0.55,13.49,no,"{""count_fp"":""13.49"",""created_time"":""2026-04-28T16:45:34.883057Z"",""no_price_dollars"":""0.4500"",""taker_side"":""no"",""ticker"":""KXBTC15M-26APR281300-00"",""trade_id"":""6340b52e-fc5f-5a16-f071-a47a5eec5862"",""yes_price_dollars"":""0.5500""}"
KXBTC15M-26APR281300-00,36e17647-efa5-5943-e2cd-2ce3725376a6,1777394734,0.56,40.0,no,"{""count_fp"":""40.00"",""created_time"":""2026-04-28T16:45:34.883057Z"",""no_price_dollars"":""0.4400"",""taker_side"":""no"",""ticker"":""KXBTC15M-26APR281300-00"",""trade_id"":""36e17647-efa5-5943-e2cd-2ce3725376a6"",""yes_price_dollars"":""0.5600""}"
KXBTC15M-26APR281300-00,ed6cf7eb-268e-709d-d634-13f65fd6cdf5,1777394734,0.57,28.49,no,"{""count_fp"":""28.49"",""created_time"":""2026-04-28T16:45:34.838353Z"",""no_price_dollars"":""0.4300"",""taker_side"":""no"",""ticker"":""KXBTC15M-26APR281300-00"",""trade_id"":""ed6cf7eb-268e-709d-d634-13f65fd6cdf5"",""yes_price_dollars"":""0.5700""}"
KXBTC15M-26APR281300-00,7c5e9958-a69c-7b24-cd18-dfac66049948,1777394734,0.57,3.0,no,"{""count_fp"":""3.00"",""created_time"":""2026-04-28T16:45:34.838353Z"",""no_price_dollars"":""0.4300"",""taker_side"":""no"",""ticker"":""KXBTC15M-26APR281300-00"",""trade_id"":""7c5e9958-a69c-7b24-cd18-dfac66049948"",""yes_price_dollars"":""0.5700""}"
KXBTC15M-26APR281300-00,50516ace-232a-791a-f955-9eedc1026bdb,1777394734,0.57,35.0,no,"{""count_fp"":""35.00"",""created_time"":""2026-04-28T16:45:34.838353Z"",""no_price_dollars"":""0.4300"",""taker_side"":""no"",""ticker"":""KXBTC15M-26APR281300-00"",""trade_id"":""50516ace-232a-791a-f955-9eedc1026bdb"",""yes_price_dollars"":""0.5700""}"
KXBTC15M-26APR281300-00,4a385660-7148-7e15-d8dc-2df9b7f9efc1,1777394734,0.56,40.0,no,"{""count_fp"":""40.00"",""created_time"":""2026-04-28T16:45:34.838353Z"",""no_price_dollars"":""0.4400"",""taker_side"":""no"",""ticker"":""KXBTC15M-26APR281300-00"",""trade_id"":""4a385660-7148-7e15-d8dc-2df9b7f9efc1"",""yes_price_dollars"":""0.5600""}"
KXBTC15M-26APR281300-00,2d815bc0-9675-7a37-edbc-6557c926fd9f,1777394734,0.57,36.13,no,"{""count_fp"":""36.13"",""created_time"":""2026-04-28T16:45:34.838353Z"",""no_price_dollars"":""0.4300"",""taker_side"":""no"",""ticker"":""KXBTC15M-26APR281300-00"",""trade_id"":""2d815bc0-9675-7a37-edbc-6557c926fd9f"",""yes_price_dollars"":""0.5700""}"
KXBTC15M-26APR281300-00,1fedfec8-4cf3-7eb2-f9c8-116c75ec943e,1777394734,0.55,629.86,no,"{""count_fp"":""629.86"",""created_time"":""2026-04-28T16:45:34.838353Z"",""no_price_dollars"":""0.4500"",""taker_side"":""no"",""ticker"":""KXBTC15M-26APR281300-00"",""trade_id"":""1fedfec8-4cf3-7eb2-f9c8-116c75ec943e"",""yes_price_dollars"":""0.5500""}"
KXBTC15M-26APR281300-00,9c659861-5d46-5189-981e-5e0bdc1f3405,1777394734,0.57,11.51,no,"{""count_fp"":""11.51"",""created_time"":""2026-04-28T16:45:34.628379Z"",""no_price_dollars"":""0.4300"",""taker_side"":""no"",""ticker"":""KXBTC15M-26APR281300-00"",""trade_id"":""9c659861-5d46-5189-981e-5e0bdc1f3405"",""yes_price_dollars"":""0.5700""}"
KXBTC15M-26APR281300-00,8f306c50-e7bc-5821-9992-e2992481a6d1,1777394734,0.57,9.0,no,"{""count_fp"":""9.00"",""created_time"":""2026-04-28T16:45:34.628379Z"",""no_price_dollars"":""0.4300"",""taker_side"":""no"",""ticker"":""KXBTC15M-26APR281300-00"",""trade_id"":""8f306c50-e7bc-5821-9992-e2992481a6d1"",""yes_price_dollars"":""0.5700""}"
KXBTC15M-26APR281300-00,f5da82cf-9233-5d50-7f94-f70d02ab06b4,1777394734,0.59,5.0,yes,"{""count_fp"":""5.00"",""created_time"":""2026-04-28T16:45:34.433656Z"",""no_price_dollars"":""0.4100"",""taker_side"":""yes"",""ticker"":""KXBTC15M-26APR281300-00"",""trade_id"":""f5da82cf-9233-5d50-7f94-f70d02ab06b4"",""yes_price_dollars"":""0.5900""}"
KXBTC15M-26APR281300-00,e790d82f-b0b8-5195-44a1-d9e7fd7b041e,1777394734,0.58,47.89,yes,"{""count_fp"":""47.89"",""created_time"":""2026-04-28T16:45:34.433656Z"",""no_price_dollars"":""0.4200"",""taker_side"":""yes"",""ticker"":""KXBTC15M-26APR281300-00"",""trade_id"":""e790d82f-b0b8-5195-44a1-d9e7fd7b041e"",""yes_price_dollars"":""0.5800""}"
KXBTC15M-26APR281300-00,e301587c-15a7-524f-74d7-07e43ec7869a,1777394734,0.58,3.0,yes,"{""count_fp"":""3.00"",""created_time"":""2026-04-28T16:45:34.433656Z"",""no_price_dollars"":""0.4200"",""taker_side"":""yes"",""ticker"":""KXBTC15M-26APR281300-00"",""trade_id"":""e301587c-15a7-524f-74d7-07e43ec7869a"",""yes_price_dollars"":""0.5800""}"
KXBTC15M-26APR281300-00,cd5d836a-cfc0-59cc-7ab7-f08651a9e0dc,1777394734,0.59,107.01,yes,"{""count_fp"":""107.01"",""created_time"":""2026-04-28T16:45:34.433656Z"",""no_price_dollars"":""0.4100"",""taker_side"":""yes"",""ticker"":""KXBTC15M-26APR281300-00"",""trade_id"":""cd5d836a-cfc0-59cc-7ab7-f08651a9e0dc"",""yes_price_dollars"":""0.5900""}"
KXBTC15M-26APR281300-00,8404f9ab-c786-5970-6576-78470ffbf84e,1777394734,0.58,40.0,yes,"{""count_fp"":""40.00"",""created_time"":""2026-04-28T16:45:34.433656Z"",""no_price_dollars"":""0.4200"",""taker_side"":""yes"",""ticker"":""KXBTC15M-26APR281300-00"",""trade_id"":""8404f9ab-c786-5970-6576-78470ffbf84e"",""yes_price_dollars"":""0.5800""}"
KXBTC15M-26APR281300-00,810495ff-e18f-5e88-667e-3ea9684c25a8,1777394734,0.59,18.0,yes,"{""count_fp"":""18.00"",""created_time"":""2026-04-28T16:45:34.433656Z"",""no_price_dollars"":""0.4100"",""taker_side"":""yes"",""ticker"":""KXBTC15M-26APR281300-00"",""trade_id"":""810495ff-e18f-5e88-667e-3ea9684c25a8"",""yes_price_dollars"":""0.5900""}"
KXBTC15M-26APR281300-00,77a2f4a5-082b-5e19-5293-da2dd421f2eb,1777394734,0.59,59.5,yes,"{""count_fp"":""59.50"",""created_time"":""2026-04-28T16:45:34.433656Z"",""no_price_dollars"":""0.4100"",""taker_side"":""yes"",""ticker"":""KXBTC15M-26APR281300-00"",""trade_id"":""77a2f4a5-082b-5e19-5293-da2dd421f2eb"",""yes_price_dollars"":""0.5900""}"
KXBTC15M-26APR281300-00,6c3f004c-9087-56a0-5b40-1afe5cc37fc4,1777394734,0.59,5.0,yes,"{""count_fp"":""5.00"",""created_time"":""2026-04-28T16:45:34.433656Z"",""no_price_dollars"":""0.4100"",""taker_side"":""yes"",""ticker"":""KXBTC15M-26APR281300-00"",""trade_id"":""6c3f004c-9087-56a0-5b40-1afe5cc37fc4"",""yes_price_dollars"":""0.5900""}"
KXBTC15M-26APR281300-00,4a61e088-aa89-53e3-6829-fc9909df555b,1777394734,0.58,4.0,yes,"{""count_fp"":""4.00"",""created_time"":""2026-04-28T16:45:34.433656Z"",""no_price_dollars"":""0.4200"",""taker_side"":""yes"",""ticker"":""KXBTC15M-26APR281300-00"",""trade_id"":""4a61e088-aa89-53e3-6829-fc9909df555b"",""yes_price_dollars"":""0.5800""}"
KXBTC15M-26APR281300-00,3c2bb41f-344c-5210-402d-e9f30958fa29,1777394734,0.59,40.0,yes,"{""count_fp"":""40.00"",""created_time"":""2026-04-28T16:45:34.433656Z"",""no_price_dollars"":""0.4100"",""taker_side"":""yes"",""ticker"":""KXBTC15M-26APR281300-00"",""trade_id"":""3c2bb41f-344c-5210-402d-e9f30958fa29"",""yes_price_dollars"":""0.5900""}"
KXBTC15M-26APR281300-00,19b5e641-1d04-4e15-b64a-ed0caccdd969,1777394735,0.57,2.23,no,"{""count_fp"":""2.23"",""created_time"":""2026-04-28T16:45:35.969003Z"",""no_price_dollars"":""0.4300"",""taker_side"":""no"",""ticker"":""KXBTC15M-26APR281300-00"",""trade_id"":""19b5e641-1d04-4e15-b64a-ed0caccdd969"",""yes_price_dollars"":""0.5700""}"
KXBTC15M-26APR281300-00,e36f0bfb-02ac-5de1-d010-8ea166041105,1777394735,0.57,15.0,no,"{""count_fp"":""15.00"",""created_time"":""2026-04-28T16:45:35.523306Z"",""no_price_dollars"":""0.4300"",""taker_side"":""no"",""ticker"":""KXBTC15M-26APR281300-00"",""trade_id"":""e36f0bfb-02ac-5de1-d010-8ea166041105"",""yes_price_dollars"":""0.5700""}"
KXBTC15M-26APR281300-00,ab422b79-9590-4e59-8120-b55dc6a8a375,1777394735,0.57,4.27,no,"{""count_fp"":""4.27"",""created_time"":""2026-04-28T16:45:35.415362Z"",""no_price_dollars"":""0.4300"",""taker_side"":""no"",""ticker"":""KXBTC15M-26APR281300-00"",""trade_id"":""ab422b79-9590-4e59-8120-b55dc6a8a375"",""yes_price_dollars"":""0.5700""}"
KXBTC15M-26APR281300-00,aa8c6bc9-b2ba-4325-16c3-ae34db8852e9,1777394736,0.61,15.0,no,"{""count_fp"":""15.00"",""created_time"":""2026-04-28T16:45:36.902229Z"",""no_price_dollars"":""0.3900"",""taker_side"":""no"",""ticker"":""KXBTC15M-26APR281300-00"",""trade_id"":""aa8c6bc9-b2ba-4325-16c3-ae34db8852e9"",""yes_price_dollars"":""0.6100""}"
KXBTC15M-26APR281300-00,9b5bd127-e3dd-47fc-38e5-bf9206d62966,1777394736,0.61,0.3,no,"{""count_fp"":""0.30"",""created_time"":""2026-04-28T16:45:36.902229Z"",""no_price_dollars"":""0.3900"",""taker_side"":""no"",""ticker"":""KXBTC15M-26APR281300-00"",""trade_id"":""9b5bd127-e3dd-47fc-38e5-bf9206d62966"",""yes_price_dollars"":""0.6100""}"
KXBTC15M-26APR281300-00,e523e430-67fa-72b5-641a-3d83b336a941,1777394736,0.61,2.0,no,"{""count_fp"":""2.00"",""created_time"":""2026-04-28T16:45:36.776008Z"",""no_price_dollars"":""0.3900"",""taker_side"":""no"",""ticker"":""KXBTC15M-26APR281300-00"",""trade_id"":""e523e430-67fa-72b5-641a-3d83b336a941"",""yes_price_dollars"":""0.6100""}"
KXBTC15M-26APR281300-00,2f5b4ab6-985d-7e44-9509-f174bf081210,1777394736,0.62,8.0,yes,"{""count_fp"":""8.00"",""created_time"":""2026-04-28T16:45:36.734455Z"",""no_price_dollars"":""0.3800"",""taker_side"":""yes"",""ticker"":""KXBTC15M-26APR281300-00"",""trade_id"":""2f5b4ab6-985d-7e44-9509-f174bf081210"",""yes_price_dollars"":""0.6200""}"
KXBTC15M-26APR281300-00,c113965b-69e9-4ba4-606f-adb072bab69c,1777394736,0.62,10.0,yes,"{""count_fp"":""10.00"",""created_time"":""2026-04-28T16:45:36.729679Z"",""no_price_dollars"":""0.3800"",""taker_side"":""yes"",""ticker"":""KXBTC15M-26APR281300-00"",""trade_id"":""c113965b-69e9-4ba4-606f-adb072bab69c"",""yes_price_dollars"":""0.6200""}"
KXBTC15M-26APR281300-00,a98e4163-86e5-7268-bee0-7c147dc41a08,1777394736,0.62,10.0,yes,"{""count_fp"":""10.00"",""created_time"":""2026-04-28T16:45:36.696149Z"",""no_price_dollars"":""0.3800"",""taker_side"":""yes"",""ticker"":""KXBTC15M-26APR281300-00"",""trade_id"":""a98e4163-86e5-7268-bee0-7c147dc41a08"",""yes_price_dollars"":""0.6200""}"
KXBTC15M-26APR281300-00,aba72412-75e1-7138-b35e-ec60df3049b8,1777394736,0.62,2.0,yes,"{""count_fp"":""2.00"",""created_time"":""2026-04-28T16:45:36.400692Z"",""no_price_dollars"":""0.3800"",""taker_side"":""yes"",""ticker"":""KXBTC15M-26APR281300-00"",""trade_id"":""aba72412-75e1-7138-b35e-ec60df3049b8"",""yes_price_dollars"":""0.6200""}"
KXBTC15M-26APR281300-00,68777040-e5d6-78d1-020c-53bc486b101d,1777394736,0.61,23.0,no,"{""count_fp"":""23.00"",""created_time"":""2026-04-28T16:45:36.336646Z"",""no_price_dollars"":""0.3900"",""taker_side"":""no"",""ticker"":""KXBTC15M-26APR281300-00"",""trade_id"":""68777040-e5d6-78d1-020c-53bc486b101d"",""yes_price_dollars"":""0.6100""}"
KXBTC15M-26APR281300-00,fbd6f44b-e4eb-71e5-785c-be6b49716f27,1777394736,0.59,740.5,yes,"{""count_fp"":""740.50"",""created_time"":""2026-04-28T16:45:36.179497Z"",""no_price_dollars"":""0.4100"",""taker_side"":""yes"",""ticker"":""KXBTC15M-26APR281300-00"",""trade_id"":""fbd6f44b-e4eb-71e5-785c-be6b49716f27"",""yes_price_dollars"":""0.5900""}"
KXBTC15M-26APR281300-00,e106eb4c-fb21-77c2-4cbe-9431bf094f79,1777394736,0.6,4.0,yes,"{""count_fp"":""4.00"",""created_time"":""2026-04-28T16:45:36.179497Z"",""no_price_dollars"":""0.4000"",""taker_side"":""yes"",""ticker"":""KXBTC15M-26APR281300-00"",""trade_id"":""e106eb4c-fb21-77c2-4cbe-9431bf094f79"",""yes_price_dollars"":""0.6000""}"
KXBTC15M-26APR281300-00,c1f431f5-f345-7d1f-7ec9-d61039c1efad,1777394736,0.6,40.0,yes,"{""count_fp"":""40.00"",""created_time"":""2026-04-28T16:45:36.179497Z"",""no_price_dollars"":""0.4000"",""taker_side"":""yes"",""ticker"":""KXBTC15M-26APR281300-00"",""trade_id"":""c1f431f5-f345-7d1f-7ec9-d61039c1efad"",""yes_price_dollars"":""0.6000""}"
KXBTC15M-26APR281300-00,be15adb6-057c-7ff0-4f0a-cf7d5026c03b,1777394736,0.61,132.0,yes,"{""count_fp"":""132.00"",""created_time"":""2026-04-28T16:45:36.179497Z"",""no_price_dollars"":""0.3900"",""taker_side"":""yes"",""ticker"":""KXBTC15M-26APR281300-00"",""trade_id"":""be15adb6-057c-7ff0-4f0a-cf7d5026c03b"",""yes_price_dollars"":""0.6100""}"
KXBTC15M-26APR281300-00,a275f3b7-52d9-7c3d-7ec8-baa63690c1db,1777394736,0.6,119.0,yes,"{""count_fp"":""119.00"",""created_time"":""2026-04-28T16:45:36.179497Z"",""no_price_dollars"":""0.4000"",""taker_side"":""yes"",""ticker"":""KXBTC15M-26APR281300-00"",""trade_id"":""a275f3b7-52d9-7c3d-7ec8-baa63690c1db"",""yes_price_dollars"":""0.6000""}"
KXBTC15M-26APR281300-00,a216229a-71c2-7b75-6d79-bbd76f6a159b,1777394736,0.6,112.0,yes,"{""count_fp"":""112.00"",""created_time"":""2026-04-28T16:45:36.179497Z"",""no_price_dollars"":""0.4000"",""taker_side"":""yes"",""ticker"":""KXBTC15M-26APR281300-00"",""trade_id"":""a216229a-71c2-7b75-6d79-bbd76f6a159b"",""yes_price_dollars"":""0.6000""}"
KXBTC15M-26APR281300-00,8e71fd97-0198-7096-5c2e-c5a913ad165f,1777394736,0.58,21.58,yes,"{""count_fp"":""21.58"",""created_time"":""2026-04-28T16:45:36.179497Z"",""no_price_dollars"":""0.4200"",""taker_side"":""yes"",""ticker"":""KXBTC15M-26APR281300-00"",""trade_id"":""8e71fd97-0198-7096-5c2e-c5a913ad165f"",""yes_price_dollars"":""0.5800""}"
KXBTC15M-26APR281300-00,7cfff824-d02e-7052-6335-8cdcebdff959,1777394736,0.59,40.0,yes,"{""count_fp"":""40.00"",""created_time"":""2026-04-28T16:45:36.179497Z"",""no_price_dollars"":""0.4100"",""taker_side"":""yes"",""ticker"":""KXBTC15M-26APR281300-00"",""trade_id"":""7cfff824-d02e-7052-6335-8cdcebdff959"",""yes_price_dollars"":""0.5900""}"
KXBTC15M-26APR281300-00,73c857d2-d939-79a2-76d8-46639e121db0,1777394736,0.61,4.0,yes,"{""count_fp"":""4.00"",""created_time"":""2026-04-28T16:45:36.179497Z"",""no_price_dollars"":""0.3900"",""taker_side"":""yes"",""ticker"":""KXBTC15M-26APR281300-00"",""trade_id"":""73c857d2-d939-79a2-76d8-46639e121db0"",""yes_price_dollars"":""0.6100""}"
KXBTC15M-26APR281300-00,6d70be41-c2be-7a2f-7d0d-ceb2b31cddf0,1777394736,0.6,8.6,yes,"{""count_fp"":""8.60"",""created_time"":""2026-04-28T16:45:36.179497Z"",""no_price_dollars"":""0.4000"",""taker_side"":""yes"",""ticker"":""KXBTC15M-26APR281300-00"",""trade_id"":""6d70be41-c2be-7a2f-7d0d-ceb2b31cddf0"",""yes_price_dollars"":""0.6000""}"
KXBTC15M-26APR281300-00,68771745-08a4-7de4-7702-2d1afeeab025,1777394736,0.61,40.0,yes,"{""count_fp"":""40.00"",""created_time"":""2026-04-28T16:45:36.179497Z"",""no_price_dollars"":""0.3900"",""taker_side"":""yes"",""ticker"":""KXBTC15M-26APR281300-00"",""trade_id"":""68771745-08a4-7de4-7702-2d1afeeab025"",""yes_price_dollars"":""0.6100""}"
KXBTC15M-26APR281300-00,468f2290-d366-7bd0-4402-f71e981a224e,1777394736,0.58,15.0,yes,"{""count_fp"":""15.00"",""created_time"":""2026-04-28T16:45:36.179497Z"",""no_price_dollars"":""0.4200"",""taker_side"":""yes"",""ticker"":""KXBTC15M-26APR281300-00"",""trade_id"":""468f2290-d366-7bd0-4402-f71e981a224e"",""yes_price_dollars"":""0.5800""}"
KXBTC15M-26APR281300-00,1f9b7fc5-c1b9-70c5-7733-37e39ba5ef3a,1777394736,0.61,344.91,yes,"{""count_fp"":""344.91"",""created_time"":""2026-04-28T16:45:36.179497Z"",""no_price_dollars"":""0.3900"",""taker_side"":""yes"",""ticker"":""KXBTC15M-26APR281300-00"",""trade_id"":""1f9b7fc5-c1b9-70c5-7733-37e39ba5ef3a"",""yes_price_dollars"":""0.6100""}"
KXBTC15M-26APR281300-00,1d5e5fdc-72b8-7e38-6474-acc2a0c049b8,1777394736,0.61,1.0,yes,"{""count_fp"":""1.00"",""created_time"":""2026-04-28T16:45:36.179497Z"",""no_price_dollars"":""0.3900"",""taker_side"":""yes"",""ticker"":""KXBTC15M-26APR281300-00"",""trade_id"":""1d5e5fdc-72b8-7e38-6474-acc2a0c049b8"",""yes_price_dollars"":""0.6100""}"
KXBTC15M-26APR281300-00,0e6c9b40-7ada-7a6d-6c39-a6727a1ec255,1777394736,0.59,4.0,yes,"{""count_fp"":""4.00"",""created_time"":""2026-04-28T16:45:36.179497Z"",""no_price_dollars"":""0.4100"",""taker_side"":""yes"",""ticker"":""KXBTC15M-26APR281300-00"",""trade_id"":""0e6c9b40-7ada-7a6d-6c39-a6727a1ec255"",""yes_price_dollars"":""0.5900""}"
KXBTC15M-26APR281300-00,29332628-907d-660b-546b-cffa2081cf38,1777394737,0.63,7.69,yes,"{""count_fp"":""7.69"",""created_time"":""2026-04-28T16:45:37.958639Z"",""no_price_dollars"":""0.3700"",""taker_side"":""yes"",""ticker"":""KXBTC15M-26APR281300-00"",""trade_id"":""29332628-907d-660b-546b-cffa2081cf38"",""yes_price_dollars"":""0.6300""}"
KXBTC15M-26APR281300-00,ba8c2ad6-6660-7ec8-b4ce-f69a89373581,1777394737,0.61,5.0,no,"{""count_fp"":""5.00"",""created_time"":""2026-04-28T16:45:37.900005Z"",""no_price_dollars"":""0.3900"",""taker_side"":""no"",""ticker"":""KXBTC15M-26APR281300-00"",""trade_id"":""ba8c2ad6-6660-7ec8-b4ce-f69a89373581"",""yes_price_dollars"":""0.6100""}"
KXBTC15M-26APR281300-00,758b368c-7554-707a-9f56-630d0a32cf30,1777394737,0.61,33.0,no,"{""count_fp"":""33.00"",""created_time"":""2026-04-28T16:45:37.900005Z"",""no_price_dollars"":""0.3900"",""taker_side"":""no"",""ticker"":""KXBTC15M-26APR281300-00"",""trade_id"":""758b368c-7554-707a-9f56-630d0a32cf30"",""yes_price_dollars"":""0.6100""}"
KXBTC15M-26APR281300-00,5c3d40d9-01ff-7b29-84c2-ba7f54cb9fc9,1777394737,0.6,24.8,no,"{""count_fp"":""24.80"",""created_time"":""2026-04-28T16:45:37.900005Z"",""no_price_dollars"":""0.4000"",""taker_side"":""no"",""ticker"":""KXBTC15M-26APR281300-00"",""trade_id"":""5c3d40d9-01ff-7b29-84c2-ba7f54cb9fc9"",""yes_price_dollars"":""0.6000""}"
KXBTC15M-26APR281300-00,3e46c693-afaa-731d-aa41-e3f9a6d09349,1777394737,0.62,3.0,no,"{""count_fp"":""3.00"",""created_time"":""2026-04-28T16:45:37.900005Z"",""no_price_dollars"":""0.3800"",""taker_side"":""no"",""ticker"":""KXBTC15M-26APR281300-00"",""trade_id"":""3e46c693-afaa-731d-aa41-e3f9a6d09349"",""yes_price_dollars"":""0.6200""}"
KXBTC15M-26APR281300-00,125791e7-9a8c-730a-979e-6fbb52fa0e3a,1777394737,0.61,56.0,no,"{""count_fp"":""56.00"",""created_time"":""2026-04-28T16:45:37.900005Z"",""no_price_dollars"":""0.3900"",""taker_side"":""no"",""ticker"":""KXBTC15M-26APR281300-00"",""trade_id"":""125791e7-9a8c-730a-979e-6fbb52fa0e3a"",""yes_price_dollars"":""0.6100""}"
KXBTC15M-26APR281300-00,8c8f9f89-c047-73c4-c3ca-135df51ab5cb,1777394737,0.62,1.0,no,"{""count_fp"":""1.00"",""created_time"":""2026-04-28T16:45:37.640574Z"",""no_price_dollars"":""0.3800"",""taker_side"":""no"",""ticker"":""KXBTC15M-26APR281300-00"",""trade_id"":""8c8f9f89-c047-73c4-c3ca-135df51ab5cb"",""yes_price_dollars"":""0.6200""}"
KXBTC15M-26APR281300-00,b053f842-0948-54b6-dd81-29c073b7bafc,1777394737,0.61,7.0,no,"{""count_fp"":""7.00"",""created_time"":""2026-04-28T16:45:37.389656Z"",""no_price_dollars"":""0.3900"",""taker_side"":""no"",""ticker"":""KXBTC15M-26APR281300-00"",""trade_id"":""b053f842-0948-54b6-dd81-29c073b7bafc"",""yes_price_dollars"":""0.6100""}"
KXBTC15M-26APR281300-00,a6972b11-132d-5b96-eb73-5477b2455319,1777394737,0.62,3.0,no,"{""count_fp"":""3.00"",""created_time"":""2026-04-28T16:45:37.389656Z"",""no_price_dollars"":""0.3800"",""taker_side"":""no"",""ticker"":""KXBTC15M-26APR281300-00"",""trade_id"":""a6972b11-132d-5b96-eb73-5477b2455319"",""yes_price_dollars"":""0.6200""}"
KXBTC15M-26APR281300-00,da9816fb-27bd-56c3-2e6b-9224fde99dc8,1777394737,0.63,86.0,yes,"{""count_fp"":""86.00"",""created_time"":""2026-04-28T16:45:37.195376Z"",""no_price_dollars"":""0.3700"",""taker_side"":""yes"",""ticker"":""KXBTC15M-26APR281300-00"",""trade_id"":""da9816fb-27bd-56c3-2e6b-9224fde99dc8"",""yes_price_dollars"":""0.6300""}"
KXBTC15M-26APR281300-00,d8b8dc97-b710-5139-325c-67fff2682672,1777394737,0.62,4.0,yes,"{""count_fp"":""4.00"",""created_time"":""2026-04-28T16:45:37.195376Z"",""no_price_dollars"":""0.3800"",""taker_side"":""yes"",""ticker"":""KXBTC15M-26APR281300-00"",""trade_id"":""d8b8dc97-b710-5139-325c-67fff2682672"",""yes_price_dollars"":""0.6200""}"
KXBTC15M-26APR281300-00,80870c3f-5765-50ce-056a-c420bffeac91,1777394737,0.62,2.0,yes,"{""count_fp"":""2.00"",""created_time"":""2026-04-28T16:45:37.195376Z"",""no_price_dollars"":""0.3800"",""taker_side"":""yes"",""ticker"":""KXBTC15M-26APR281300-00"",""trade_id"":""80870c3f-5765-50ce-056a-c420bffeac91"",""yes_price_dollars"":""0.6200""}"
KXBTC15M-26APR281300-00,40dcb8fa-f95d-5f38-29f1-498c74c13224,1777394737,0.62,70.0,yes,"{""count_fp"":""70.00"",""created_time"":""2026-04-28T16:45:37.195376Z"",""no_price_dollars"":""0.3800"",""taker_side"":""yes"",""ticker"":""KXBTC15M-26APR281300-00"",""trade_id"":""40dcb8fa-f95d-5f38-29f1-498c74c13224"",""yes_price_dollars"":""0.6200""}"
KXBTC15M-26APR281300-00,934e2088-47e1-6aa0-c9f5-864871527540,1777394737,0.62,32.0,yes,"{""count_fp"":""32.00"",""created_time"":""2026-04-28T16:45:37.181301Z"",""no_price_dollars"":""0.3800"",""taker_side"":""yes"",""ticker"":""KXBTC15M-26APR281300-00"",""trade_id"":""934e2088-47e1-6aa0-c9f5-864871527540"",""yes_price_dollars"":""0.6200""}"
KXBTC15M-26APR281300-00,ac12d723-4897-4e3f-bc81-82355f999424,1777394738,0.59,3.0,no,"{""count_fp"":""3.00"",""created_time"":""2026-04-28T16:45:38.945418Z"",""no_price_dollars"":""0.4100"",""taker_side"":""no"",""ticker"":""KXBTC15M-26APR281300-00"",""trade_id"":""ac12d723-4897-4e3f-bc81-82355f999424"",""yes_price_dollars"":""0.5900""}"
KXBTC15M-26APR281300-00,5aaec2d1-dfc3-4401-b827-affc2497ffe1,1777394738,0.59,10.62,no,"{""count_fp"":""10.62"",""created_time"":""2026-04-28T16:45:38.945418Z"",""no_price_dollars"":""0.4100"",""taker_side"":""no"",""ticker"":""KXBTC15M-26APR281300-00"",""trade_id"":""5aaec2d1-dfc3-4401-b827-affc2497ffe1"",""yes_price_dollars"":""0.5900""}"
