ticker,trade_id,ts,yes_price,count,taker_side,raw_json
KXBTC15M-26APR280745-45,46159a4b-40ef-526f-c22c-6e72dfd04c2a,1777375800,0.52,2.0,no,"{""count_fp"":""2.00"",""created_time"":""2026-04-28T11:30:00.705144Z"",""no_price_dollars"":""0.4800"",""taker_side"":""no"",""ticker"":""KXBTC15M-26APR280745-45"",""trade_id"":""46159a4b-40ef-526f-c22c-6e72dfd04c2a"",""yes_price_dollars"":""0.5200""}"
KXBTC15M-26APR280745-45,97b94c16-ed90-4a33-3bb2-fed78358cdf8,1777375801,0.54,1.0,yes,"{""count_fp"":""1.00"",""created_time"":""2026-04-28T11:30:01.337966Z"",""no_price_dollars"":""0.4600"",""taker_side"":""yes"",""ticker"":""KXBTC15M-26APR280745-45"",""trade_id"":""97b94c16-ed90-4a33-3bb2-fed78358cdf8"",""yes_price_dollars"":""0.5400""}"
KXBTC15M-26APR280745-45,2ac30249-39b6-4d4a-1757-6be2ed5d8ede,1777375801,0.54,1.0,yes,"{""count_fp"":""1.00"",""created_time"":""2026-04-28T11:30:01.337966Z"",""no_price_dollars"":""0.4600"",""taker_side"":""yes"",""ticker"":""KXBTC15M-26APR280745-45"",""trade_id"":""2ac30249-39b6-4d4a-1757-6be2ed5d8ede"",""yes_price_dollars"":""0.5400""}"
KXBTC15M-26APR280745-45,2a02a38d-4df6-41d6-a94d-8f51ee7cc7a2,1777375802,0.54,4.0,yes,"{""count_fp"":""4.00"",""created_time"":""2026-04-28T11:30:02.236388Z"",""no_price_dollars"":""0.4600"",""taker_side"":""yes"",""ticker"":""KXBTC15M-26APR280745-45"",""trade_id"":""2a02a38d-4df6-41d6-a94d-8f51ee7cc7a2"",""yes_price_dollars"":""0.5400""}"
KXBTC15M-26APR280745-45,8422d5f5-04b1-669e-864e-94d30247b8bb,1777375803,0.55,1.0,yes,"{""count_fp"":""1.00"",""created_time"":""2026-04-28T11:30:03.699271Z"",""no_price_dollars"":""0.4500"",""taker_side"":""yes"",""ticker"":""KXBTC15M-26APR280745-45"",""trade_id"":""8422d5f5-04b1-669e-864e-94d30247b8bb"",""yes_price_dollars"":""0.5500""}"
KXBTC15M-26APR280745-45,1213ac4f-f5ca-6695-9bbe-db5882b11fbb,1777375803,0.55,1.0,yes,"{""count_fp"":""1.00"",""created_time"":""2026-04-28T11:30:03.699271Z"",""no_price_dollars"":""0.4500"",""taker_side"":""yes"",""ticker"":""KXBTC15M-26APR280745-45"",""trade_id"":""1213ac4f-f5ca-6695-9bbe-db5882b11fbb"",""yes_price_dollars"":""0.5500""}"
KXBTC15M-26APR280745-45,f2f7bf36-baa5-49b1-9498-cbbe9cc1e4c4,1777375805,0.56,7.0,yes,"{""count_fp"":""7.00"",""created_time"":""2026-04-28T11:30:05.479192Z"",""no_price_dollars"":""0.4400"",""taker_side"":""yes"",""ticker"":""KXBTC15M-26APR280745-45"",""trade_id"":""f2f7bf36-baa5-49b1-9498-cbbe9cc1e4c4"",""yes_price_dollars"":""0.5600""}"
KXBTC15M-26APR280745-45,edd300b6-4f32-41f0-a9a2-46d67f249a40,1777375805,0.58,1.0,yes,"{""count_fp"":""1.00"",""created_time"":""2026-04-28T11:30:05.479192Z"",""no_price_dollars"":""0.4200"",""taker_side"":""yes"",""ticker"":""KXBTC15M-26APR280745-45"",""trade_id"":""edd300b6-4f32-41f0-a9a2-46d67f249a40"",""yes_price_dollars"":""0.5800""}"
KXBTC15M-26APR280745-45,e216c3a1-e260-49fd-a983-49593da69044,1777375805,0.59,25.0,yes,"{""count_fp"":""25.00"",""created_time"":""2026-04-28T11:30:05.479192Z"",""no_price_dollars"":""0.4100"",""taker_side"":""yes"",""ticker"":""KXBTC15M-26APR280745-45"",""trade_id"":""e216c3a1-e260-49fd-a983-49593da69044"",""yes_price_dollars"":""0.5900""}"
KXBTC15M-26APR280745-45,be980514-38a6-494b-9e8f-e435c447e76d,1777375805,0.59,5.0,yes,"{""count_fp"":""5.00"",""created_time"":""2026-04-28T11:30:05.479192Z"",""no_price_dollars"":""0.4100"",""taker_side"":""yes"",""ticker"":""KXBTC15M-26APR280745-45"",""trade_id"":""be980514-38a6-494b-9e8f-e435c447e76d"",""yes_price_dollars"":""0.5900""}"
KXBTC15M-26APR280745-45,afefd113-3434-4086-ab0b-3a5e8b9ba927,1777375805,0.59,5.0,yes,"{""count_fp"":""5.00"",""created_time"":""2026-04-28T11:30:05.479192Z"",""no_price_dollars"":""0.4100"",""taker_side"":""yes"",""ticker"":""KXBTC15M-26APR280745-45"",""trade_id"":""afefd113-3434-4086-ab0b-3a5e8b9ba927"",""yes_price_dollars"":""0.5900""}"
KXBTC15M-26APR280745-45,9e1a0ca5-9c9f-4a97-8a17-02785a6c0f2c,1777375805,0.56,1.0,yes,"{""count_fp"":""1.00"",""created_time"":""2026-04-28T11:30:05.479192Z"",""no_price_dollars"":""0.4400"",""taker_side"":""yes"",""ticker"":""KXBTC15M-26APR280745-45"",""trade_id"":""9e1a0ca5-9c9f-4a97-8a17-02785a6c0f2c"",""yes_price_dollars"":""0.5600""}"
KXBTC15M-26APR280745-45,7818e9d8-bcd5-4bf1-8e16-cda5853b5479,1777375805,0.56,15.0,yes,"{""count_fp"":""15.00"",""created_time"":""2026-04-28T11:30:05.479192Z"",""no_price_dollars"":""0.4400"",""taker_side"":""yes"",""ticker"":""KXBTC15M-26APR280745-45"",""trade_id"":""7818e9d8-bcd5-4bf1-8e16-cda5853b5479"",""yes_price_dollars"":""0.5600""}"
KXBTC15M-26APR280745-45,69eef3e5-74f6-41e6-8295-5041381cfdc5,1777375805,0.59,65.0,yes,"{""count_fp"":""65.00"",""created_time"":""2026-04-28T11:30:05.479192Z"",""no_price_dollars"":""0.4100"",""taker_side"":""yes"",""ticker"":""KXBTC15M-26APR280745-45"",""trade_id"":""69eef3e5-74f6-41e6-8295-5041381cfdc5"",""yes_price_dollars"":""0.5900""}"
KXBTC15M-26APR280745-45,62eb4681-fb7a-4264-9e01-4152230b5ca6,1777375805,0.57,1.0,yes,"{""count_fp"":""1.00"",""created_time"":""2026-04-28T11:30:05.479192Z"",""no_price_dollars"":""0.4300"",""taker_side"":""yes"",""ticker"":""KXBTC15M-26APR280745-45"",""trade_id"":""62eb4681-fb7a-4264-9e01-4152230b5ca6"",""yes_price_dollars"":""0.5700""}"
KXBTC15M-26APR280745-45,40267bd1-1135-4040-9cc1-f8c2ed434ff3,1777375805,0.58,1.0,yes,"{""count_fp"":""1.00"",""created_time"":""2026-04-28T11:30:05.479192Z"",""no_price_dollars"":""0.4200"",""taker_side"":""yes"",""ticker"":""KXBTC15M-26APR280745-45"",""trade_id"":""40267bd1-1135-4040-9cc1-f8c2ed434ff3"",""yes_price_dollars"":""0.5800""}"
KXBTC15M-26APR280745-45,236f11e8-d359-47c8-a1c8-76e7c93228d1,1777375805,0.6,30.55,yes,"{""count_fp"":""30.55"",""created_time"":""2026-04-28T11:30:05.479192Z"",""no_price_dollars"":""0.4000"",""taker_side"":""yes"",""ticker"":""KXBTC15M-26APR280745-45"",""trade_id"":""236f11e8-d359-47c8-a1c8-76e7c93228d1"",""yes_price_dollars"":""0.6000""}"
KXBTC15M-26APR280745-45,0801b431-70d0-4428-bcae-d95dc0bd0026,1777375805,0.57,56.0,yes,"{""count_fp"":""56.00"",""created_time"":""2026-04-28T11:30:05.479192Z"",""no_price_dollars"":""0.4300"",""taker_side"":""yes"",""ticker"":""KXBTC15M-26APR280745-45"",""trade_id"":""0801b431-70d0-4428-bcae-d95dc0bd0026"",""yes_price_dollars"":""0.5700""}"
KXBTC15M-26APR280745-45,03612bc2-06f3-467d-8c3f-95e481861811,1777375805,0.59,119.0,yes,"{""count_fp"":""119.00"",""created_time"":""2026-04-28T11:30:05.479192Z"",""no_price_dollars"":""0.4100"",""taker_side"":""yes"",""ticker"":""KXBTC15M-26APR280745-45"",""trade_id"":""03612bc2-06f3-467d-8c3f-95e481861811"",""yes_price_dollars"":""0.5900""}"
KXBTC15M-26APR280745-45,fd17ce2d-4d89-5b66-7e0c-2ac488ef1da5,1777375806,0.59,12.0,yes,"{""count_fp"":""12.00"",""created_time"":""2026-04-28T11:30:06.726158Z"",""no_price_dollars"":""0.4100"",""taker_side"":""yes"",""ticker"":""KXBTC15M-26APR280745-45"",""trade_id"":""fd17ce2d-4d89-5b66-7e0c-2ac488ef1da5"",""yes_price_dollars"":""0.5900""}"
KXBTC15M-26APR280745-45,676cbeb4-3fa7-59ad-6492-28c40870dc28,1777375806,0.59,3.0,yes,"{""count_fp"":""3.00"",""created_time"":""2026-04-28T11:30:06.726158Z"",""no_price_dollars"":""0.4100"",""taker_side"":""yes"",""ticker"":""KXBTC15M-26APR280745-45"",""trade_id"":""676cbeb4-3fa7-59ad-6492-28c40870dc28"",""yes_price_dollars"":""0.5900""}"
KXBTC15M-26APR280745-45,d32d0449-897f-5511-3865-4ba03bc99a48,1777375806,0.59,7.0,yes,"{""count_fp"":""7.00"",""created_time"":""2026-04-28T11:30:06.078558Z"",""no_price_dollars"":""0.4100"",""taker_side"":""yes"",""ticker"":""KXBTC15M-26APR280745-45"",""trade_id"":""d32d0449-897f-5511-3865-4ba03bc99a48"",""yes_price_dollars"":""0.5900""}"
KXBTC15M-26APR280745-45,91df04cf-af36-6b7f-20b6-6efd25a2c835,1777375807,0.58,8.14,yes,"{""count_fp"":""8.14"",""created_time"":""2026-04-28T11:30:07.740505Z"",""no_price_dollars"":""0.4200"",""taker_side"":""yes"",""ticker"":""KXBTC15M-26APR280745-45"",""trade_id"":""91df04cf-af36-6b7f-20b6-6efd25a2c835"",""yes_price_dollars"":""0.5800""}"
KXBTC15M-26APR280745-45,4934e1e8-c21e-7f3b-869f-a089f457ac1d,1777375807,0.58,3.0,yes,"{""count_fp"":""3.00"",""created_time"":""2026-04-28T11:30:07.520196Z"",""no_price_dollars"":""0.4200"",""taker_side"":""yes"",""ticker"":""KXBTC15M-26APR280745-45"",""trade_id"":""4934e1e8-c21e-7f3b-869f-a089f457ac1d"",""yes_price_dollars"":""0.5800""}"
KXBTC15M-26APR280745-45,fef12c0f-856a-46ea-a20e-00017ce1f195,1777375807,0.51,30.0,no,"{""count_fp"":""30.00"",""created_time"":""2026-04-28T11:30:07.054443Z"",""no_price_dollars"":""0.4900"",""taker_side"":""no"",""ticker"":""KXBTC15M-26APR280745-45"",""trade_id"":""fef12c0f-856a-46ea-a20e-00017ce1f195"",""yes_price_dollars"":""0.5100""}"
KXBTC15M-26APR280745-45,ead32975-fd85-4354-b765-141c80f5353e,1777375807,0.52,56.0,no,"{""count_fp"":""56.00"",""created_time"":""2026-04-28T11:30:07.054443Z"",""no_price_dollars"":""0.4800"",""taker_side"":""no"",""ticker"":""KXBTC15M-26APR280745-45"",""trade_id"":""ead32975-fd85-4354-b765-141c80f5353e"",""yes_price_dollars"":""0.5200""}"
KXBTC15M-26APR280745-45,d66fb165-04fa-4b0f-88de-9f770352309b,1777375807,0.52,3.0,no,"{""count_fp"":""3.00"",""created_time"":""2026-04-28T11:30:07.054443Z"",""no_price_dollars"":""0.4800"",""taker_side"":""no"",""ticker"":""KXBTC15M-26APR280745-45"",""trade_id"":""d66fb165-04fa-4b0f-88de-9f770352309b"",""yes_price_dollars"":""0.5200""}"
KXBTC15M-26APR280745-45,d3dba660-9841-48e3-81de-07fe3c296477,1777375807,0.54,7.0,no,"{""count_fp"":""7.00"",""created_time"":""2026-04-28T11:30:07.054443Z"",""no_price_dollars"":""0.4600"",""taker_side"":""no"",""ticker"":""KXBTC15M-26APR280745-45"",""trade_id"":""d3dba660-9841-48e3-81de-07fe3c296477"",""yes_price_dollars"":""0.5400""}"
KXBTC15M-26APR280745-45,c500f9ce-9ed0-476f-857f-cc6442937ea2,1777375807,0.54,10.0,no,"{""count_fp"":""10.00"",""created_time"":""2026-04-28T11:30:07.054443Z"",""no_price_dollars"":""0.4600"",""taker_side"":""no"",""ticker"":""KXBTC15M-26APR280745-45"",""trade_id"":""c500f9ce-9ed0-476f-857f-cc6442937ea2"",""yes_price_dollars"":""0.5400""}"
KXBTC15M-26APR280745-45,ab5307fb-e023-48aa-85c6-69532e4db0de,1777375807,0.52,3.0,no,"{""count_fp"":""3.00"",""created_time"":""2026-04-28T11:30:07.054443Z"",""no_price_dollars"":""0.4800"",""taker_side"":""no"",""ticker"":""KXBTC15M-26APR280745-45"",""trade_id"":""ab5307fb-e023-48aa-85c6-69532e4db0de"",""yes_price_dollars"":""0.5200""}"
KXBTC15M-26APR280745-45,a6ad29a0-a7bc-4d1a-b16b-fa907476b9b3,1777375807,0.54,15.0,no,"{""count_fp"":""15.00"",""created_time"":""2026-04-28T11:30:07.054443Z"",""no_price_dollars"":""0.4600"",""taker_side"":""no"",""ticker"":""KXBTC15M-26APR280745-45"",""trade_id"":""a6ad29a0-a7bc-4d1a-b16b-fa907476b9b3"",""yes_price_dollars"":""0.5400""}"
KXBTC15M-26APR280745-45,8c0aef7d-005f-44a8-80e1-7f9e1b8288a7,1777375807,0.51,1.0,no,"{""count_fp"":""1.00"",""created_time"":""2026-04-28T11:30:07.054443Z"",""no_price_dollars"":""0.4900"",""taker_side"":""no"",""ticker"":""KXBTC15M-26APR280745-45"",""trade_id"":""8c0aef7d-005f-44a8-80e1-7f9e1b8288a7"",""yes_price_dollars"":""0.5100""}"
KXBTC15M-26APR280745-45,73d7c934-eee0-4d2e-9340-8098c31c7f71,1777375807,0.53,65.0,no,"{""count_fp"":""65.00"",""created_time"":""2026-04-28T11:30:07.054443Z"",""no_price_dollars"":""0.4700"",""taker_side"":""no"",""ticker"":""KXBTC15M-26APR280745-45"",""trade_id"":""73d7c934-eee0-4d2e-9340-8098c31c7f71"",""yes_price_dollars"":""0.5300""}"
KXBTC15M-26APR280745-45,5fb60e56-f785-4b6a-a108-8c28a195293d,1777375807,0.52,17.0,no,"{""count_fp"":""17.00"",""created_time"":""2026-04-28T11:30:07.054443Z"",""no_price_dollars"":""0.4800"",""taker_side"":""no"",""ticker"":""KXBTC15M-26APR280745-45"",""trade_id"":""5fb60e56-f785-4b6a-a108-8c28a195293d"",""yes_price_dollars"":""0.5200""}"
KXBTC15M-26APR280745-45,4d4d31d7-5fd1-4b01-a4a9-975eb32316c1,1777375807,0.51,5.0,no,"{""count_fp"":""5.00"",""created_time"":""2026-04-28T11:30:07.054443Z"",""no_price_dollars"":""0.4900"",""taker_side"":""no"",""ticker"":""KXBTC15M-26APR280745-45"",""trade_id"":""4d4d31d7-5fd1-4b01-a4a9-975eb32316c1"",""yes_price_dollars"":""0.5100""}"
KXBTC15M-26APR280745-45,489d0eb5-e64a-44ed-8526-9d0afc9bc843,1777375807,0.5,69.9,no,"{""count_fp"":""69.90"",""created_time"":""2026-04-28T11:30:07.054443Z"",""no_price_dollars"":""0.5000"",""taker_side"":""no"",""ticker"":""KXBTC15M-26APR280745-45"",""trade_id"":""489d0eb5-e64a-44ed-8526-9d0afc9bc843"",""yes_price_dollars"":""0.5000""}"
KXBTC15M-26APR280745-45,414604b6-2e41-4d89-bb26-fac81e4c1227,1777375807,0.52,2.0,no,"{""count_fp"":""2.00"",""created_time"":""2026-04-28T11:30:07.054443Z"",""no_price_dollars"":""0.4800"",""taker_side"":""no"",""ticker"":""KXBTC15M-26APR280745-45"",""trade_id"":""414604b6-2e41-4d89-bb26-fac81e4c1227"",""yes_price_dollars"":""0.5200""}"
KXBTC15M-26APR280745-45,34983563-3659-4c56-87eb-282271096b68,1777375807,0.51,5.0,no,"{""count_fp"":""5.00"",""created_time"":""2026-04-28T11:30:07.054443Z"",""no_price_dollars"":""0.4900"",""taker_side"":""no"",""ticker"":""KXBTC15M-26APR280745-45"",""trade_id"":""34983563-3659-4c56-87eb-282271096b68"",""yes_price_dollars"":""0.5100""}"
KXBTC15M-26APR280745-45,176697b9-d4c1-4cd8-b1d9-e6b340782700,1777375807,0.51,9.0,no,"{""count_fp"":""9.00"",""created_time"":""2026-04-28T11:30:07.054443Z"",""no_price_dollars"":""0.4900"",""taker_side"":""no"",""ticker"":""KXBTC15M-26APR280745-45"",""trade_id"":""176697b9-d4c1-4cd8-b1d9-e6b340782700"",""yes_price_dollars"":""0.5100""}"
KXBTC15M-26APR280745-45,149637f0-0434-4826-b30b-41bec31244c9,1777375807,0.53,166.0,no,"{""count_fp"":""166.00"",""created_time"":""2026-04-28T11:30:07.054443Z"",""no_price_dollars"":""0.4700"",""taker_side"":""no"",""ticker"":""KXBTC15M-26APR280745-45"",""trade_id"":""149637f0-0434-4826-b30b-41bec31244c9"",""yes_price_dollars"":""0.5300""}"
KXBTC15M-26APR280745-45,0f2361a1-1aed-4f4a-87b9-5a048df04f14,1777375807,0.54,13.0,no,"{""count_fp"":""13.00"",""created_time"":""2026-04-28T11:30:07.054443Z"",""no_price_dollars"":""0.4600"",""taker_side"":""no"",""ticker"":""KXBTC15M-26APR280745-45"",""trade_id"":""0f2361a1-1aed-4f4a-87b9-5a048df04f14"",""yes_price_dollars"":""0.5400""}"
KXBTC15M-26APR280745-45,09213e35-bb13-465f-8e62-18efed5cf65e,1777375807,0.52,22.0,no,"{""count_fp"":""22.00"",""created_time"":""2026-04-28T11:30:07.054443Z"",""no_price_dollars"":""0.4800"",""taker_side"":""no"",""ticker"":""KXBTC15M-26APR280745-45"",""trade_id"":""09213e35-bb13-465f-8e62-18efed5cf65e"",""yes_price_dollars"":""0.5200""}"
KXBTC15M-26APR280745-45,6d188602-db1b-4576-6078-6b5a3ffa99e1,1777375808,0.59,6.4,yes,"{""count_fp"":""6.40"",""created_time"":""2026-04-28T11:30:08.905511Z"",""no_price_dollars"":""0.4100"",""taker_side"":""yes"",""ticker"":""KXBTC15M-26APR280745-45"",""trade_id"":""6d188602-db1b-4576-6078-6b5a3ffa99e1"",""yes_price_dollars"":""0.5900""}"
KXBTC15M-26APR280745-45,1e4e11e5-0df2-4b66-470d-80da4ffc6559,1777375808,0.58,10.0,yes,"{""count_fp"":""10.00"",""created_time"":""2026-04-28T11:30:08.905511Z"",""no_price_dollars"":""0.4200"",""taker_side"":""yes"",""ticker"":""KXBTC15M-26APR280745-45"",""trade_id"":""1e4e11e5-0df2-4b66-470d-80da4ffc6559"",""yes_price_dollars"":""0.5800""}"
KXBTC15M-26APR280745-45,763b5cee-404a-48ef-a505-4711e3fe0fa9,1777375808,0.58,2.0,yes,"{""count_fp"":""2.00"",""created_time"":""2026-04-28T11:30:08.756345Z"",""no_price_dollars"":""0.4200"",""taker_side"":""yes"",""ticker"":""KXBTC15M-26APR280745-45"",""trade_id"":""763b5cee-404a-48ef-a505-4711e3fe0fa9"",""yes_price_dollars"":""0.5800""}"
KXBTC15M-26APR280745-45,7026d1cd-b818-4949-af34-1351ca8f2727,1777375808,0.58,6.37,yes,"{""count_fp"":""6.37"",""created_time"":""2026-04-28T11:30:08.756345Z"",""no_price_dollars"":""0.4200"",""taker_side"":""yes"",""ticker"":""KXBTC15M-26APR280745-45"",""trade_id"":""7026d1cd-b818-4949-af34-1351ca8f2727"",""yes_price_dollars"":""0.5800""}"
KXBTC15M-26APR280745-45,a2a0459a-f0ea-5c27-60d4-c26d5caee465,1777375808,0.58,8.0,yes,"{""count_fp"":""8.00"",""created_time"":""2026-04-28T11:30:08.649057Z"",""no_price_dollars"":""0.4200"",""taker_side"":""yes"",""ticker"":""KXBTC15M-26APR280745-45"",""trade_id"":""a2a0459a-f0ea-5c27-60d4-c26d5caee465"",""yes_price_dollars"":""0.5800""}"
KXBTC15M-26APR280745-45,f2806b0a-df9c-5745-17b1-ed75a919000b,1777375808,0.58,19.49,yes,"{""count_fp"":""19.49"",""created_time"":""2026-04-28T11:30:08.344493Z"",""no_price_dollars"":""0.4200"",""taker_side"":""yes"",""ticker"":""KXBTC15M-26APR280745-45"",""trade_id"":""f2806b0a-df9c-5745-17b1-ed75a919000b"",""yes_price_dollars"":""0.5800""}"
KXBTC15M-26APR280745-45,e4c81bb8-0306-533f-2e8d-be1570fd786d,1777375808,0.58,4.86,yes,"{""count_fp"":""4.86"",""created_time"":""2026-04-28T11:30:08.344493Z"",""no_price_dollars"":""0.4200"",""taker_side"":""yes"",""ticker"":""KXBTC15M-26APR280745-45"",""trade_id"":""e4c81bb8-0306-533f-2e8d-be1570fd786d"",""yes_price_dollars"":""0.5800""}"
KXBTC15M-26APR280745-45,b74ab73f-1439-7b7d-a9d4-40683f7ebbf3,1777375809,0.53,10.0,no,"{""count_fp"":""10.00"",""created_time"":""2026-04-28T11:30:09.407673Z"",""no_price_dollars"":""0.4700"",""taker_side"":""no"",""ticker"":""KXBTC15M-26APR280745-45"",""trade_id"":""b74ab73f-1439-7b7d-a9d4-40683f7ebbf3"",""yes_price_dollars"":""0.5300""}"
KXBTC15M-26APR280745-45,548fd80a-e10a-710b-b787-0f558f4a3517,1777375809,0.53,0.24,no,"{""count_fp"":""0.24"",""created_time"":""2026-04-28T11:30:09.407673Z"",""no_price_dollars"":""0.4700"",""taker_side"":""no"",""ticker"":""KXBTC15M-26APR280745-45"",""trade_id"":""548fd80a-e10a-710b-b787-0f558f4a3517"",""yes_price_dollars"":""0.5300""}"
KXBTC15M-26APR280745-45,d2009d76-0874-4999-b27b-c9c64eed289c,1777375810,0.54,7.0,yes,"{""count_fp"":""7.00"",""created_time"":""2026-04-28T11:30:10.105153Z"",""no_price_dollars"":""0.4600"",""taker_side"":""yes"",""ticker"":""KXBTC15M-26APR280745-45"",""trade_id"":""d2009d76-0874-4999-b27b-c9c64eed289c"",""yes_price_dollars"":""0.5400""}"
KXBTC15M-26APR280745-45,358e948c-c130-45d2-9950-e62ec4e8991b,1777375810,0.54,3.0,yes,"{""count_fp"":""3.00"",""created_time"":""2026-04-28T11:30:10.105153Z"",""no_price_dollars"":""0.4600"",""taker_side"":""yes"",""ticker"":""KXBTC15M-26APR280745-45"",""trade_id"":""358e948c-c130-45d2-9950-e62ec4e8991b"",""yes_price_dollars"":""0.5400""}"
KXBTC15M-26APR280745-45,0e090bdf-8479-4a34-bd94-46545409687f,1777375810,0.54,13.16,yes,"{""count_fp"":""13.16"",""created_time"":""2026-04-28T11:30:10.105153Z"",""no_price_dollars"":""0.4600"",""taker_side"":""yes"",""ticker"":""KXBTC15M-26APR280745-45"",""trade_id"":""0e090bdf-8479-4a34-bd94-46545409687f"",""yes_price_dollars"":""0.5400""}"
KXBTC15M-26APR280745-45,b9cc1cff-a977-650c-4eb6-96daf354fb7d,1777375811,0.52,14.94,yes,"{""count_fp"":""14.94"",""created_time"":""2026-04-28T11:30:11.481623Z"",""no_price_dollars"":""0.4800"",""taker_side"":""yes"",""ticker"":""KXBTC15M-26APR280745-45"",""trade_id"":""b9cc1cff-a977-650c-4eb6-96daf354fb7d"",""yes_price_dollars"":""0.5200""}"
KXBTC15M-26APR280745-45,289230d6-19bf-6e10-6aea-4b07782ac56b,1777375811,0.52,3.0,yes,"{""count_fp"":""3.00"",""created_time"":""2026-04-28T11:30:11.481623Z"",""no_price_dollars"":""0.4800"",""taker_side"":""yes"",""ticker"":""KXBTC15M-26APR280745-45"",""trade_id"":""289230d6-19bf-6e10-6aea-4b07782ac56b"",""yes_price_dollars"":""0.5200""}"
KXBTC15M-26APR280745-45,d1a00819-2664-5a7b-cf25-fd687dea304b,1777375812,0.52,5.0,yes,"{""count_fp"":""5.00"",""created_time"":""2026-04-28T11:30:12.413237Z"",""no_price_dollars"":""0.4800"",""taker_side"":""yes"",""ticker"":""KXBTC15M-26APR280745-45"",""trade_id"":""d1a00819-2664-5a7b-cf25-fd687dea304b"",""yes_price_dollars"":""0.5200""}"
KXBTC15M-26APR280745-45,e44535c2-2ade-40d5-69fb-5a36b377ff67,1777375812,0.51,19.27,no,"{""count_fp"":""19.27"",""created_time"":""2026-04-28T11:30:12.358103Z"",""no_price_dollars"":""0.4900"",""taker_side"":""no"",""ticker"":""KXBTC15M-26APR280745-45"",""trade_id"":""e44535c2-2ade-40d5-69fb-5a36b377ff67"",""yes_price_dollars"":""0.5100""}"
KXBTC15M-26APR280745-45,d7d93a90-dc5a-7f25-6d67-ea8437fd5cc5,1777375813,0.5,1.0,yes,"{""count_fp"":""1.00"",""created_time"":""2026-04-28T11:30:13.680467Z"",""no_price_dollars"":""0.5000"",""taker_side"":""yes"",""ticker"":""KXBTC15M-26APR280745-45"",""trade_id"":""d7d93a90-dc5a-7f25-6d67-ea8437fd5cc5"",""yes_price_dollars"":""0.5000""}"
KXBTC15M-26APR280745-45,40817053-c2f2-74c9-55e8-0d088918f6d0,1777375813,0.51,25.26,yes,"{""count_fp"":""25.26"",""created_time"":""2026-04-28T11:30:13.680467Z"",""no_price_dollars"":""0.4900"",""taker_side"":""yes"",""ticker"":""KXBTC15M-26APR280745-45"",""trade_id"":""40817053-c2f2-74c9-55e8-0d088918f6d0"",""yes_price_dollars"":""0.5100""}"
KXBTC15M-26APR280745-45,25068925-51d3-7bd4-6758-464452a72a79,1777375813,0.52,65.42,yes,"{""count_fp"":""65.42"",""created_time"":""2026-04-28T11:30:13.680467Z"",""no_price_dollars"":""0.4800"",""taker_side"":""yes"",""ticker"":""KXBTC15M-26APR280745-45"",""trade_id"":""25068925-51d3-7bd4-6758-464452a72a79"",""yes_price_dollars"":""0.5200""}"
KXBTC15M-26APR280745-45,9f66003e-d70d-6d87-3c3f-c9f98cd6d472,1777375813,0.5,3.0,yes,"{""count_fp"":""3.00"",""created_time"":""2026-04-28T11:30:13.587915Z"",""no_price_dollars"":""0.5000"",""taker_side"":""yes"",""ticker"":""KXBTC15M-26APR280745-45"",""trade_id"":""9f66003e-d70d-6d87-3c3f-c9f98cd6d472"",""yes_price_dollars"":""0.5000""}"
KXBTC15M-26APR280745-45,646faf34-ccfa-66ad-19f7-c6bd191c592c,1777375813,0.5,13.74,yes,"{""count_fp"":""13.74"",""created_time"":""2026-04-28T11:30:13.587915Z"",""no_price_dollars"":""0.5000"",""taker_side"":""yes"",""ticker"":""KXBTC15M-26APR280745-45"",""trade_id"":""646faf34-ccfa-66ad-19f7-c6bd191c592c"",""yes_price_dollars"":""0.5000""}"
KXBTC15M-26APR280745-45,ed69d159-5d97-5ea2-0f40-ab4c9b48814c,1777375813,0.5,1.0,no,"{""count_fp"":""1.00"",""created_time"":""2026-04-28T11:30:13.502563Z"",""no_price_dollars"":""0.5000"",""taker_side"":""no"",""ticker"":""KXBTC15M-26APR280745-45"",""trade_id"":""ed69d159-5d97-5ea2-0f40-ab4c9b48814c"",""yes_price_dollars"":""0.5000""}"
KXBTC15M-26APR280745-45,97e32861-6b4d-5d76-37cf-6f668362a176,1777375813,0.5,12.0,no,"{""count_fp"":""12.00"",""created_time"":""2026-04-28T11:30:13.502563Z"",""no_price_dollars"":""0.5000"",""taker_side"":""no"",""ticker"":""KXBTC15M-26APR280745-45"",""trade_id"":""97e32861-6b4d-5d76-37cf-6f668362a176"",""yes_price_dollars"":""0.5000""}"
KXBTC15M-26APR280745-45,8823b7f0-446c-581f-08b7-9dc520cbd4e4,1777375813,0.5,30.0,no,"{""count_fp"":""30.00"",""created_time"":""2026-04-28T11:30:13.502563Z"",""no_price_dollars"":""0.5000"",""taker_side"":""no"",""ticker"":""KXBTC15M-26APR280745-45"",""trade_id"":""8823b7f0-446c-581f-08b7-9dc520cbd4e4"",""yes_price_dollars"":""0.5000""}"
KXBTC15M-26APR280745-45,86098ef8-451d-5c19-17b4-cb6f12e1c41e,1777375813,0.5,104.91,no,"{""count_fp"":""104.91"",""created_time"":""2026-04-28T11:30:13.502563Z"",""no_price_dollars"":""0.5000"",""taker_side"":""no"",""ticker"":""KXBTC15M-26APR280745-45"",""trade_id"":""86098ef8-451d-5c19-17b4-cb6f12e1c41e"",""yes_price_dollars"":""0.5000""}"
KXBTC15M-26APR280745-45,76a22455-d253-5537-1edb-7ed1b0eb3823,1777375813,0.5,8.0,no,"{""count_fp"":""8.00"",""created_time"":""2026-04-28T11:30:13.502563Z"",""no_price_dollars"":""0.5000"",""taker_side"":""no"",""ticker"":""KXBTC15M-26APR280745-45"",""trade_id"":""76a22455-d253-5537-1edb-7ed1b0eb3823"",""yes_price_dollars"":""0.5000""}"
KXBTC15M-26APR280745-45,737c059a-a008-5390-178e-13bd5d5c4bcf,1777375813,0.5,20.0,no,"{""count_fp"":""20.00"",""created_time"":""2026-04-28T11:30:13.502563Z"",""no_price_dollars"":""0.5000"",""taker_side"":""no"",""ticker"":""KXBTC15M-26APR280745-45"",""trade_id"":""737c059a-a008-5390-178e-13bd5d5c4bcf"",""yes_price_dollars"":""0.5000""}"
KXBTC15M-26APR280745-45,e43b296f-9709-7be5-6ba5-569a7ca69e2e,1777375813,0.5,15.09,no,"{""count_fp"":""15.09"",""created_time"":""2026-04-28T11:30:13.485657Z"",""no_price_dollars"":""0.5000"",""taker_side"":""no"",""ticker"":""KXBTC15M-26APR280745-45"",""trade_id"":""e43b296f-9709-7be5-6ba5-569a7ca69e2e"",""yes_price_dollars"":""0.5000""}"
KXBTC15M-26APR280745-45,ae898177-72a6-743a-720f-e96c237823ff,1777375813,0.5,1.0,no,"{""count_fp"":""1.00"",""created_time"":""2026-04-28T11:30:13.485657Z"",""no_price_dollars"":""0.5000"",""taker_side"":""no"",""ticker"":""KXBTC15M-26APR280745-45"",""trade_id"":""ae898177-72a6-743a-720f-e96c237823ff"",""yes_price_dollars"":""0.5000""}"
KXBTC15M-26APR280745-45,74d6c2c8-2696-7d09-6920-27fec259ae53,1777375813,0.5,290.1,no,"{""count_fp"":""290.10"",""created_time"":""2026-04-28T11:30:13.485657Z"",""no_price_dollars"":""0.5000"",""taker_side"":""no"",""ticker"":""KXBTC15M-26APR280745-45"",""trade_id"":""74d6c2c8-2696-7d09-6920-27fec259ae53"",""yes_price_dollars"":""0.5000""}"
KXBTC15M-26APR280745-45,7cfeeaa1-c211-4c49-9b27-717b1bca53e1,1777375813,0.51,100.0,no,"{""count_fp"":""100.00"",""created_time"":""2026-04-28T11:30:13.386997Z"",""no_price_dollars"":""0.4900"",""taker_side"":""no"",""ticker"":""KXBTC15M-26APR280745-45"",""trade_id"":""7cfeeaa1-c211-4c49-9b27-717b1bca53e1"",""yes_price_dollars"":""0.5100""}"
KXBTC15M-26APR280745-45,2c20cd27-314e-4a56-be10-2d1a5d29491b,1777375813,0.51,37.76,no,"{""count_fp"":""37.76"",""created_time"":""2026-04-28T11:30:13.386997Z"",""no_price_dollars"":""0.4900"",""taker_side"":""no"",""ticker"":""KXBTC15M-26APR280745-45"",""trade_id"":""2c20cd27-314e-4a56-be10-2d1a5d29491b"",""yes_price_dollars"":""0.5100""}"
KXBTC15M-26APR280745-45,17e3d7cf-6abd-408d-8d27-d1b44b553197,1777375813,0.51,30.0,no,"{""count_fp"":""30.00"",""created_time"":""2026-04-28T11:30:13.386997Z"",""no_price_dollars"":""0.4900"",""taker_side"":""no"",""ticker"":""KXBTC15M-26APR280745-45"",""trade_id"":""17e3d7cf-6abd-408d-8d27-d1b44b553197"",""yes_price_dollars"":""0.5100""}"
KXBTC15M-26APR280745-45,15edfbde-1366-47a9-8a0f-adfd03c373df,1777375813,0.51,0.73,no,"{""count_fp"":""0.73"",""created_time"":""2026-04-28T11:30:13.386997Z"",""no_price_dollars"":""0.4900"",""taker_side"":""no"",""ticker"":""KXBTC15M-26APR280745-45"",""trade_id"":""15edfbde-1366-47a9-8a0f-adfd03c373df"",""yes_price_dollars"":""0.5100""}"
KXBTC15M-26APR280745-45,118a112a-e705-416d-92c7-d5794b6493df,1777375813,0.51,30.0,no,"{""count_fp"":""30.00"",""created_time"":""2026-04-28T11:30:13.386997Z"",""no_price_dollars"":""0.4900"",""taker_side"":""no"",""ticker"":""KXBTC15M-26APR280745-45"",""trade_id"":""118a112a-e705-416d-92c7-d5794b6493df"",""yes_price_dollars"":""0.5100""}"
KXBTC15M-26APR280745-45,d9d9c2a0-5d6f-524e-12aa-f8bc875e47fd,1777375813,0.52,2.0,yes,"{""count_fp"":""2.00"",""created_time"":""2026-04-28T11:30:13.176917Z"",""no_price_dollars"":""0.4800"",""taker_side"":""yes"",""ticker"":""KXBTC15M-26APR280745-45"",""trade_id"":""d9d9c2a0-5d6f-524e-12aa-f8bc875e47fd"",""yes_price_dollars"":""0.5200""}"
KXBTC15M-26APR280745-45,d2fe937b-b5a4-655e-0357-3961ee85a760,1777375814,0.51,11.73,yes,"{""count_fp"":""11.73"",""created_time"":""2026-04-28T11:30:14.797061Z"",""no_price_dollars"":""0.4900"",""taker_side"":""yes"",""ticker"":""KXBTC15M-26APR280745-45"",""trade_id"":""d2fe937b-b5a4-655e-0357-3961ee85a760"",""yes_price_dollars"":""0.5100""}"
KXBTC15M-26APR280745-45,a93ad8e1-2280-6610-2c14-ed399d3c08f9,1777375814,0.5,3.0,yes,"{""count_fp"":""3.00"",""created_time"":""2026-04-28T11:30:14.797061Z"",""no_price_dollars"":""0.5000"",""taker_side"":""yes"",""ticker"":""KXBTC15M-26APR280745-45"",""trade_id"":""a93ad8e1-2280-6610-2c14-ed399d3c08f9"",""yes_price_dollars"":""0.5000""}"
KXBTC15M-26APR280745-45,3a47a721-5d10-668c-2268-8910510ff871,1777375814,0.5,13.27,yes,"{""count_fp"":""13.27"",""created_time"":""2026-04-28T11:30:14.797061Z"",""no_price_dollars"":""0.5000"",""taker_side"":""yes"",""ticker"":""KXBTC15M-26APR280745-45"",""trade_id"":""3a47a721-5d10-668c-2268-8910510ff871"",""yes_price_dollars"":""0.5000""}"
KXBTC15M-26APR280745-45,205d07b0-86ed-6bab-35f3-c41b03424974,1777375814,0.5,1.0,yes,"{""count_fp"":""1.00"",""created_time"":""2026-04-28T11:30:14.797061Z"",""no_price_dollars"":""0.5000"",""taker_side"":""yes"",""ticker"":""KXBTC15M-26APR280745-45"",""trade_id"":""205d07b0-86ed-6bab-35f3-c41b03424974"",""yes_price_dollars"":""0.5000""}"
KXBTC15M-26APR280745-45,de1c163e-1228-610e-2a13-b7b7fb6435c4,1777375815,0.5,379.47,yes,"{""count_fp"":""379.47"",""created_time"":""2026-04-28T11:30:15.714225Z"",""no_price_dollars"":""0.5000"",""taker_side"":""yes"",""ticker"":""KXBTC15M-26APR280745-45"",""trade_id"":""de1c163e-1228-610e-2a13-b7b7fb6435c4"",""yes_price_dollars"":""0.5000""}"
KXBTC15M-26APR280745-45,3dec3d12-5750-646a-4280-05af3a677d48,1777375815,0.5,260.0,yes,"{""count_fp"":""260.00"",""created_time"":""2026-04-28T11:30:15.678961Z"",""no_price_dollars"":""0.5000"",""taker_side"":""yes"",""ticker"":""KXBTC15M-26APR280745-45"",""trade_id"":""3dec3d12-5750-646a-4280-05af3a677d48"",""yes_price_dollars"":""0.5000""}"
KXBTC15M-26APR280745-45,ec9d534a-3ee2-434f-2bbb-54ca52a9e123,1777375816,0.49,200.0,yes,"{""count_fp"":""200.00"",""created_time"":""2026-04-28T11:30:16.897324Z"",""no_price_dollars"":""0.5100"",""taker_side"":""yes"",""ticker"":""KXBTC15M-26APR280745-45"",""trade_id"":""ec9d534a-3ee2-434f-2bbb-54ca52a9e123"",""yes_price_dollars"":""0.4900""}"
KXBTC15M-26APR280745-45,ca33fa05-2e3b-5cc1-0be1-0cbec7d8d204,1777375816,0.47,40.0,no,"{""count_fp"":""40.00"",""created_time"":""2026-04-28T11:30:16.822143Z"",""no_price_dollars"":""0.5300"",""taker_side"":""no"",""ticker"":""KXBTC15M-26APR280745-45"",""trade_id"":""ca33fa05-2e3b-5cc1-0be1-0cbec7d8d204"",""yes_price_dollars"":""0.4700""}"
KXBTC15M-26APR280745-45,c123b51b-7913-568e-0409-0f9982280b23,1777375816,0.47,2.0,no,"{""count_fp"":""2.00"",""created_time"":""2026-04-28T11:30:16.822143Z"",""no_price_dollars"":""0.5300"",""taker_side"":""no"",""ticker"":""KXBTC15M-26APR280745-45"",""trade_id"":""c123b51b-7913-568e-0409-0f9982280b23"",""yes_price_dollars"":""0.4700""}"
KXBTC15M-26APR280745-45,b3c936f1-6e5a-54c9-043c-88446e5d1870,1777375816,0.47,9.0,no,"{""count_fp"":""9.00"",""created_time"":""2026-04-28T11:30:16.822143Z"",""no_price_dollars"":""0.5300"",""taker_side"":""no"",""ticker"":""KXBTC15M-26APR280745-45"",""trade_id"":""b3c936f1-6e5a-54c9-043c-88446e5d1870"",""yes_price_dollars"":""0.4700""}"
KXBTC15M-26APR280745-45,afb38ff8-5254-5817-2ce9-56296f27d7be,1777375816,0.49,20.0,no,"{""count_fp"":""20.00"",""created_time"":""2026-04-28T11:30:16.822143Z"",""no_price_dollars"":""0.5100"",""taker_side"":""no"",""ticker"":""KXBTC15M-26APR280745-45"",""trade_id"":""afb38ff8-5254-5817-2ce9-56296f27d7be"",""yes_price_dollars"":""0.4900""}"
KXBTC15M-26APR280745-45,60bc19ca-bf38-52c1-36c3-4057d474eea8,1777375816,0.49,30.0,no,"{""count_fp"":""30.00"",""created_time"":""2026-04-28T11:30:16.822143Z"",""no_price_dollars"":""0.5100"",""taker_side"":""no"",""ticker"":""KXBTC15M-26APR280745-45"",""trade_id"":""60bc19ca-bf38-52c1-36c3-4057d474eea8"",""yes_price_dollars"":""0.4900""}"
KXBTC15M-26APR280745-45,411979a4-404f-5f1f-23b3-855589fa2741,1777375816,0.49,3.0,no,"{""count_fp"":""3.00"",""created_time"":""2026-04-28T11:30:16.822143Z"",""no_price_dollars"":""0.5100"",""taker_side"":""no"",""ticker"":""KXBTC15M-26APR280745-45"",""trade_id"":""411979a4-404f-5f1f-23b3-855589fa2741"",""yes_price_dollars"":""0.4900""}"
KXBTC15M-26APR280745-45,20405602-9164-588c-04f1-68474e06965c,1777375816,0.49,25.0,no,"{""count_fp"":""25.00"",""created_time"":""2026-04-28T11:30:16.822143Z"",""no_price_dollars"":""0.5100"",""taker_side"":""no"",""ticker"":""KXBTC15M-26APR280745-45"",""trade_id"":""20405602-9164-588c-04f1-68474e06965c"",""yes_price_dollars"":""0.4900""}"
KXBTC15M-26APR280745-45,15658981-59f7-50bd-2d54-1f382134e4ac,1777375816,0.48,39.0,no,"{""count_fp"":""39.00"",""created_time"":""2026-04-28T11:30:16.822143Z"",""no_price_dollars"":""0.5200"",""taker_side"":""no"",""ticker"":""KXBTC15M-26APR280745-45"",""trade_id"":""15658981-59f7-50bd-2d54-1f382134e4ac"",""yes_price_dollars"":""0.4800""}"
KXBTC15M-26APR280745-45,1483905d-60e5-5c04-0c4b-ae14bb38bfac,1777375816,0.46,45.75,no,"{""count_fp"":""45.75"",""created_time"":""2026-04-28T11:30:16.822143Z"",""no_price_dollars"":""0.5400"",""taker_side"":""no"",""ticker"":""KXBTC15M-26APR280745-45"",""trade_id"":""1483905d-60e5-5c04-0c4b-ae14bb38bfac"",""yes_price_dollars"":""0.4600""}"
KXBTC15M-26APR280745-45,038d233c-7a81-58f0-17a6-eb055c840390,1777375816,0.46,1.0,no,"{""count_fp"":""1.00"",""created_time"":""2026-04-28T11:30:16.822143Z"",""no_price_dollars"":""0.5400"",""taker_side"":""no"",""ticker"":""KXBTC15M-26APR280745-45"",""trade_id"":""038d233c-7a81-58f0-17a6-eb055c840390"",""yes_price_dollars"":""0.4600""}"
KXBTC15M-26APR280745-45,b9057a58-c40f-4fa0-6851-8528375dc125,1777375816,0.5,95.1,yes,"{""count_fp"":""95.10"",""created_time"":""2026-04-28T11:30:16.768276Z"",""no_price_dollars"":""0.5000"",""taker_side"":""yes"",""ticker"":""KXBTC15M-26APR280745-45"",""trade_id"":""b9057a58-c40f-4fa0-6851-8528375dc125"",""yes_price_dollars"":""0.5000""}"
KXBTC15M-26APR280745-45,3c10ab72-6997-68e0-2fa2-810d55e92415,1777375816,0.5,3.0,yes,"{""count_fp"":""3.00"",""created_time"":""2026-04-28T11:30:16.731546Z"",""no_price_dollars"":""0.5000"",""taker_side"":""yes"",""ticker"":""KXBTC15M-26APR280745-45"",""trade_id"":""3c10ab72-6997-68e0-2fa2-810d55e92415"",""yes_price_dollars"":""0.5000""}"
KXBTC15M-26APR280745-45,02050646-9207-6660-97d0-e90df6a7aa81,1777375816,0.5,2.0,yes,"{""count_fp"":""2.00"",""created_time"":""2026-04-28T11:30:16.703343Z"",""no_price_dollars"":""0.5000"",""taker_side"":""yes"",""ticker"":""KXBTC15M-26APR280745-45"",""trade_id"":""02050646-9207-6660-97d0-e90df6a7aa81"",""yes_price_dollars"":""0.5000""}"
KXBTC15M-26APR280745-45,6a5e2c78-3258-4fd2-b6fe-effb41716340,1777375816,0.5,10.0,yes,"{""count_fp"":""10.00"",""created_time"":""2026-04-28T11:30:16.327066Z"",""no_price_dollars"":""0.5000"",""taker_side"":""yes"",""ticker"":""KXBTC15M-26APR280745-45"",""trade_id"":""6a5e2c78-3258-4fd2-b6fe-effb41716340"",""yes_price_dollars"":""0.5000""}"
KXBTC15M-26APR280745-45,1a4d3984-162b-6bac-52eb-bd129659d1de,1777375817,0.47,10.0,yes,"{""count_fp"":""10.00"",""created_time"":""2026-04-28T11:30:17.933839Z"",""no_price_dollars"":""0.5300"",""taker_side"":""yes"",""ticker"":""KXBTC15M-26APR280745-45"",""trade_id"":""1a4d3984-162b-6bac-52eb-bd129659d1de"",""yes_price_dollars"":""0.4700""}"
KXBTC15M-26APR280745-45,d5d9f752-c6d0-610c-0c93-a0fe59fb8b91,1777375817,0.47,10.0,no,"{""count_fp"":""10.00"",""created_time"":""2026-04-28T11:30:17.006776Z"",""no_price_dollars"":""0.5300"",""taker_side"":""no"",""ticker"":""KXBTC15M-26APR280745-45"",""trade_id"":""d5d9f752-c6d0-610c-0c93-a0fe59fb8b91"",""yes_price_dollars"":""0.4700""}"
KXBTC15M-26APR280745-45,4222f835-dd1d-6838-066f-2ec8095cd41c,1777375817,0.46,10.82,no,"{""count_fp"":""10.82"",""created_time"":""2026-04-28T11:30:17.006776Z"",""no_price_dollars"":""0.5400"",""taker_side"":""no"",""ticker"":""KXBTC15M-26APR280745-45"",""trade_id"":""4222f835-dd1d-6838-066f-2ec8095cd41c"",""yes_price_dollars"":""0.4600""}"
KXBTC15M-26APR280745-45,ebd37154-3a3e-4a4f-f35b-26dbfed92473,1777375817,0.48,0.19,yes,"{""count_fp"":""0.19"",""created_time"":""2026-04-28T11:30:17.003898Z"",""no_price_dollars"":""0.5200"",""taker_side"":""yes"",""ticker"":""KXBTC15M-26APR280745-45"",""trade_id"":""ebd37154-3a3e-4a4f-f35b-26dbfed92473"",""yes_price_dollars"":""0.4800""}"
KXBTC15M-26APR280745-45,bae45791-0320-5efc-e230-5bfb564777d0,1777375818,0.47,3.86,yes,"{""count_fp"":""3.86"",""created_time"":""2026-04-28T11:30:18.895472Z"",""no_price_dollars"":""0.5300"",""taker_side"":""yes"",""ticker"":""KXBTC15M-26APR280745-45"",""trade_id"":""bae45791-0320-5efc-e230-5bfb564777d0"",""yes_price_dollars"":""0.4700""}"
KXBTC15M-26APR280745-45,9bfdd374-60c7-5adb-c50c-3c810a5d02de,1777375818,0.47,40.0,yes,"{""count_fp"":""40.00"",""created_time"":""2026-04-28T11:30:18.473853Z"",""no_price_dollars"":""0.5300"",""taker_side"":""yes"",""ticker"":""KXBTC15M-26APR280745-45"",""trade_id"":""9bfdd374-60c7-5adb-c50c-3c810a5d02de"",""yes_price_dollars"":""0.4700""}"
KXBTC15M-26APR280745-45,24020958-74e0-5d1c-cd38-9b7296251554,1777375818,0.47,218.93,yes,"{""count_fp"":""218.93"",""created_time"":""2026-04-28T11:30:18.473853Z"",""no_price_dollars"":""0.5300"",""taker_side"":""yes"",""ticker"":""KXBTC15M-26APR280745-45"",""trade_id"":""24020958-74e0-5d1c-cd38-9b7296251554"",""yes_price_dollars"":""0.4700""}"
KXBTC15M-26APR280745-45,e8f3ce31-e215-640a-b2d7-0df6acd24dbc,1777375818,0.47,10.0,yes,"{""count_fp"":""10.00"",""created_time"":""2026-04-28T11:30:18.155528Z"",""no_price_dollars"":""0.5300"",""taker_side"":""yes"",""ticker"":""KXBTC15M-26APR280745-45"",""trade_id"":""e8f3ce31-e215-640a-b2d7-0df6acd24dbc"",""yes_price_dollars"":""0.4700""}"
KXBTC15M-26APR280745-45,d9b6b836-ce7f-6016-a7f1-93b6d2596bca,1777375818,0.48,19.0,yes,"{""count_fp"":""19.00"",""created_time"":""2026-04-28T11:30:18.155528Z"",""no_price_dollars"":""0.5200"",""taker_side"":""yes"",""ticker"":""KXBTC15M-26APR280745-45"",""trade_id"":""d9b6b836-ce7f-6016-a7f1-93b6d2596bca"",""yes_price_dollars"":""0.4800""}"
KXBTC15M-26APR280745-45,5cf120ad-c7a3-668c-8c77-15c17102d3b2,1777375818,0.47,30.0,yes,"{""count_fp"":""30.00"",""created_time"":""2026-04-28T11:30:18.155528Z"",""no_price_dollars"":""0.5300"",""taker_side"":""yes"",""ticker"":""KXBTC15M-26APR280745-45"",""trade_id"":""5cf120ad-c7a3-668c-8c77-15c17102d3b2"",""yes_price_dollars"":""0.4700""}"
KXBTC15M-26APR280745-45,014ee70d-dae3-6c8c-bf1e-621063683180,1777375818,0.47,5.0,yes,"{""count_fp"":""5.00"",""created_time"":""2026-04-28T11:30:18.155528Z"",""no_price_dollars"":""0.5300"",""taker_side"":""yes"",""ticker"":""KXBTC15M-26APR280745-45"",""trade_id"":""014ee70d-dae3-6c8c-bf1e-621063683180"",""yes_price_dollars"":""0.4700""}"
KXBTC15M-26APR280745-45,c544cc9e-35cc-7948-8d39-9b0aa0cb9930,1777375819,0.47,246.0,yes,"{""count_fp"":""246.00"",""created_time"":""2026-04-28T11:30:19.694816Z"",""no_price_dollars"":""0.5300"",""taker_side"":""yes"",""ticker"":""KXBTC15M-26APR280745-45"",""trade_id"":""c544cc9e-35cc-7948-8d39-9b0aa0cb9930"",""yes_price_dollars"":""0.4700""}"
KXBTC15M-26APR280745-45,7e3ab663-c29c-4a40-d073-671ae40ff260,1777375819,0.47,4.0,yes,"{""count_fp"":""4.00"",""created_time"":""2026-04-28T11:30:19.654523Z"",""no_price_dollars"":""0.5300"",""taker_side"":""yes"",""ticker"":""KXBTC15M-26APR280745-45"",""trade_id"":""7e3ab663-c29c-4a40-d073-671ae40ff260"",""yes_price_dollars"":""0.4700""}"
KXBTC15M-26APR280745-45,dae4df84-ec1f-4333-fc2d-b72cbf717c31,1777375819,0.46,13.88,no,"{""count_fp"":""13.88"",""created_time"":""2026-04-28T11:30:19.490523Z"",""no_price_dollars"":""0.5400"",""taker_side"":""no"",""ticker"":""KXBTC15M-26APR280745-45"",""trade_id"":""dae4df84-ec1f-4333-fc2d-b72cbf717c31"",""yes_price_dollars"":""0.4600""}"
KXBTC15M-26APR280745-45,ae02469c-4335-43eb-cc19-8e4305408bf3,1777375819,0.46,18.14,no,"{""count_fp"":""18.14"",""created_time"":""2026-04-28T11:30:19.490523Z"",""no_price_dollars"":""0.5400"",""taker_side"":""no"",""ticker"":""KXBTC15M-26APR280745-45"",""trade_id"":""ae02469c-4335-43eb-cc19-8e4305408bf3"",""yes_price_dollars"":""0.4600""}"
KXBTC15M-26APR280745-45,1805a7be-b815-475c-f1ef-74ee0cbf14b8,1777375819,0.46,14.55,no,"{""count_fp"":""14.55"",""created_time"":""2026-04-28T11:30:19.490523Z"",""no_price_dollars"":""0.5400"",""taker_side"":""no"",""ticker"":""KXBTC15M-26APR280745-45"",""trade_id"":""1805a7be-b815-475c-f1ef-74ee0cbf14b8"",""yes_price_dollars"":""0.4600""}"
KXBTC15M-26APR280745-45,f9784a90-f901-7840-e6aa-fbf0deaa6f40,1777375819,0.46,48.88,no,"{""count_fp"":""48.88"",""created_time"":""2026-04-28T11:30:19.489009Z"",""no_price_dollars"":""0.5400"",""taker_side"":""no"",""ticker"":""KXBTC15M-26APR280745-45"",""trade_id"":""f9784a90-f901-7840-e6aa-fbf0deaa6f40"",""yes_price_dollars"":""0.4600""}"
KXBTC15M-26APR280745-45,22cbca7b-38cd-68a3-37d1-0d84b833aac7,1777375820,0.46,26.9,no,"{""count_fp"":""26.90"",""created_time"":""2026-04-28T11:30:20.629813Z"",""no_price_dollars"":""0.5400"",""taker_side"":""no"",""ticker"":""KXBTC15M-26APR280745-45"",""trade_id"":""22cbca7b-38cd-68a3-37d1-0d84b833aac7"",""yes_price_dollars"":""0.4600""}"
KXBTC15M-26APR280745-45,e6821137-abc2-7416-58d7-ca6993bd81b1,1777375820,0.46,3.0,no,"{""count_fp"":""3.00"",""created_time"":""2026-04-28T11:30:20.593286Z"",""no_price_dollars"":""0.5400"",""taker_side"":""no"",""ticker"":""KXBTC15M-26APR280745-45"",""trade_id"":""e6821137-abc2-7416-58d7-ca6993bd81b1"",""yes_price_dollars"":""0.4600""}"
KXBTC15M-26APR280745-45,bed2ac46-be61-7a37-4cfe-48f77fefbbab,1777375820,0.46,11.85,no,"{""count_fp"":""11.85"",""created_time"":""2026-04-28T11:30:20.593286Z"",""no_price_dollars"":""0.5400"",""taker_side"":""no"",""ticker"":""KXBTC15M-26APR280745-45"",""trade_id"":""bed2ac46-be61-7a37-4cfe-48f77fefbbab"",""yes_price_dollars"":""0.4600""}"
KXBTC15M-26APR280745-45,62191f8b-25e3-7f06-4458-cf352ebe25ca,1777375820,0.46,30.0,no,"{""count_fp"":""30.00"",""created_time"":""2026-04-28T11:30:20.593286Z"",""no_price_dollars"":""0.5400"",""taker_side"":""no"",""ticker"":""KXBTC15M-26APR280745-45"",""trade_id"":""62191f8b-25e3-7f06-4458-cf352ebe25ca"",""yes_price_dollars"":""0.4600""}"
KXBTC15M-26APR280745-45,e4b41565-5c60-7ec8-bb56-c41fe1807cf4,1777375820,0.47,2.0,yes,"{""count_fp"":""2.00"",""created_time"":""2026-04-28T11:30:20.547198Z"",""no_price_dollars"":""0.5300"",""taker_side"":""yes"",""ticker"":""KXBTC15M-26APR280745-45"",""trade_id"":""e4b41565-5c60-7ec8-bb56-c41fe1807cf4"",""yes_price_dollars"":""0.4700""}"
KXBTC15M-26APR280745-45,f2aba292-ca24-4f48-16fe-1760a01ea550,1777375820,0.47,20.51,yes,"{""count_fp"":""20.51"",""created_time"":""2026-04-28T11:30:20.123191Z"",""no_price_dollars"":""0.5300"",""taker_side"":""yes"",""ticker"":""KXBTC15M-26APR280745-45"",""trade_id"":""f2aba292-ca24-4f48-16fe-1760a01ea550"",""yes_price_dollars"":""0.4700""}"
KXBTC15M-26APR280745-45,b88bcb9c-3097-6c6f-9cce-71dba33050f3,1777375821,0.47,30.77,yes,"{""count_fp"":""30.77"",""created_time"":""2026-04-28T11:30:21.978796Z"",""no_price_dollars"":""0.5300"",""taker_side"":""yes"",""ticker"":""KXBTC15M-26APR280745-45"",""trade_id"":""b88bcb9c-3097-6c6f-9cce-71dba33050f3"",""yes_price_dollars"":""0.4700""}"
KXBTC15M-26APR280745-45,50649159-a283-5503-1115-b71960de961f,1777375821,0.47,20.51,yes,"{""count_fp"":""20.51"",""created_time"":""2026-04-28T11:30:21.665927Z"",""no_price_dollars"":""0.5300"",""taker_side"":""yes"",""ticker"":""KXBTC15M-26APR280745-45"",""trade_id"":""50649159-a283-5503-1115-b71960de961f"",""yes_price_dollars"":""0.4700""}"
KXBTC15M-26APR280745-45,1bc5d0ed-eeb7-6dbb-8b9e-e35e56a51c0b,1777375821,0.47,202.58,yes,"{""count_fp"":""202.58"",""created_time"":""2026-04-28T11:30:21.634363Z"",""no_price_dollars"":""0.5300"",""taker_side"":""yes"",""ticker"":""KXBTC15M-26APR280745-45"",""trade_id"":""1bc5d0ed-eeb7-6dbb-8b9e-e35e56a51c0b"",""yes_price_dollars"":""0.4700""}"
KXBTC15M-26APR280745-45,4bb16d93-309b-45d3-f575-26561571dd67,1777375821,0.47,10.25,yes,"{""count_fp"":""10.25"",""created_time"":""2026-04-28T11:30:21.565723Z"",""no_price_dollars"":""0.5300"",""taker_side"":""yes"",""ticker"":""KXBTC15M-26APR280745-45"",""trade_id"":""4bb16d93-309b-45d3-f575-26561571dd67"",""yes_price_dollars"":""0.4700""}"
KXBTC15M-26APR280745-45,eb1009eb-8932-41e2-e368-597229b621f1,1777375821,0.47,20.0,yes,"{""count_fp"":""20.00"",""created_time"":""2026-04-28T11:30:21.524294Z"",""no_price_dollars"":""0.5300"",""taker_side"":""yes"",""ticker"":""KXBTC15M-26APR280745-45"",""trade_id"":""eb1009eb-8932-41e2-e368-597229b621f1"",""yes_price_dollars"":""0.4700""}"
KXBTC15M-26APR280745-45,a8ed4596-df70-4187-e6a2-06f672084b33,1777375821,0.47,3.7,yes,"{""count_fp"":""3.70"",""created_time"":""2026-04-28T11:30:21.524294Z"",""no_price_dollars"":""0.5300"",""taker_side"":""yes"",""ticker"":""KXBTC15M-26APR280745-45"",""trade_id"":""a8ed4596-df70-4187-e6a2-06f672084b33"",""yes_price_dollars"":""0.4700""}"
KXBTC15M-26APR280745-45,53b267b5-fd2c-468a-c3c3-9ef50585c2f0,1777375821,0.47,5.0,yes,"{""count_fp"":""5.00"",""created_time"":""2026-04-28T11:30:21.524294Z"",""no_price_dollars"":""0.5300"",""taker_side"":""yes"",""ticker"":""KXBTC15M-26APR280745-45"",""trade_id"":""53b267b5-fd2c-468a-c3c3-9ef50585c2f0"",""yes_price_dollars"":""0.4700""}"
KXBTC15M-26APR280745-45,47d1e593-a240-4f03-d407-88f0d3a9e7b6,1777375821,0.47,14.0,yes,"{""count_fp"":""14.00"",""created_time"":""2026-04-28T11:30:21.524294Z"",""no_price_dollars"":""0.5300"",""taker_side"":""yes"",""ticker"":""KXBTC15M-26APR280745-45"",""trade_id"":""47d1e593-a240-4f03-d407-88f0d3a9e7b6"",""yes_price_dollars"":""0.4700""}"
KXBTC15M-26APR280745-45,36a08df7-ba63-498f-e287-bd4816efc9b7,1777375821,0.47,49.18,yes,"{""count_fp"":""49.18"",""created_time"":""2026-04-28T11:30:21.524294Z"",""no_price_dollars"":""0.5300"",""taker_side"":""yes"",""ticker"":""KXBTC15M-26APR280745-45"",""trade_id"":""36a08df7-ba63-498f-e287-bd4816efc9b7"",""yes_price_dollars"":""0.4700""}"
KXBTC15M-26APR280745-45,9623ee5a-fe00-6b30-4368-760ed0edfda0,1777375821,0.47,4.7,yes,"{""count_fp"":""4.70"",""created_time"":""2026-04-28T11:30:21.078052Z"",""no_price_dollars"":""0.5300"",""taker_side"":""yes"",""ticker"":""KXBTC15M-26APR280745-45"",""trade_id"":""9623ee5a-fe00-6b30-4368-760ed0edfda0"",""yes_price_dollars"":""0.4700""}"
KXBTC15M-26APR280745-45,33b41511-e4c0-6a2f-43ea-248d8ea7a46b,1777375821,0.47,36.3,yes,"{""count_fp"":""36.30"",""created_time"":""2026-04-28T11:30:21.078052Z"",""no_price_dollars"":""0.5300"",""taker_side"":""yes"",""ticker"":""KXBTC15M-26APR280745-45"",""trade_id"":""33b41511-e4c0-6a2f-43ea-248d8ea7a46b"",""yes_price_dollars"":""0.4700""}"
KXBTC15M-26APR280745-45,3f8a736d-93db-5d74-34fa-9ac8d405ac13,1777375822,0.46,17.94,no,"{""count_fp"":""17.94"",""created_time"":""2026-04-28T11:30:22.490381Z"",""no_price_dollars"":""0.5400"",""taker_side"":""no"",""ticker"":""KXBTC15M-26APR280745-45"",""trade_id"":""3f8a736d-93db-5d74-34fa-9ac8d405ac13"",""yes_price_dollars"":""0.4600""}"
KXBTC15M-26APR280745-45,717181f3-e94b-4ddb-6c3a-2670080e636f,1777375822,0.47,10.0,yes,"{""count_fp"":""10.00"",""created_time"":""2026-04-28T11:30:22.408655Z"",""no_price_dollars"":""0.5300"",""taker_side"":""yes"",""ticker"":""KXBTC15M-26APR280745-45"",""trade_id"":""717181f3-e94b-4ddb-6c3a-2670080e636f"",""yes_price_dollars"":""0.4700""}"
KXBTC15M-26APR280745-45,4ba99034-e893-561b-cfdb-443dc02e6e23,1777375822,0.47,2.0,yes,"{""count_fp"":""2.00"",""created_time"":""2026-04-28T11:30:22.160306Z"",""no_price_dollars"":""0.5300"",""taker_side"":""yes"",""ticker"":""KXBTC15M-26APR280745-45"",""trade_id"":""4ba99034-e893-561b-cfdb-443dc02e6e23"",""yes_price_dollars"":""0.4700""}"
KXBTC15M-26APR280745-45,6e060797-fd8f-6e0b-2ec9-caf240f6298f,1777375822,0.47,1.0,yes,"{""count_fp"":""1.00"",""created_time"":""2026-04-28T11:30:22.080758Z"",""no_price_dollars"":""0.5300"",""taker_side"":""yes"",""ticker"":""KXBTC15M-26APR280745-45"",""trade_id"":""6e060797-fd8f-6e0b-2ec9-caf240f6298f"",""yes_price_dollars"":""0.4700""}"
KXBTC15M-26APR280745-45,cc432eb5-4921-5413-fd8d-0516e683ddc3,1777375823,0.46,16.45,no,"{""count_fp"":""16.45"",""created_time"":""2026-04-28T11:30:23.375125Z"",""no_price_dollars"":""0.5400"",""taker_side"":""no"",""ticker"":""KXBTC15M-26APR280745-45"",""trade_id"":""cc432eb5-4921-5413-fd8d-0516e683ddc3"",""yes_price_dollars"":""0.4600""}"
KXBTC15M-26APR280745-45,241ecad9-ad50-516e-c5a3-cc7fb7fc7b10,1777375823,0.46,9.0,no,"{""count_fp"":""9.00"",""created_time"":""2026-04-28T11:30:23.375125Z"",""no_price_dollars"":""0.5400"",""taker_side"":""no"",""ticker"":""KXBTC15M-26APR280745-45"",""trade_id"":""241ecad9-ad50-516e-c5a3-cc7fb7fc7b10"",""yes_price_dollars"":""0.4600""}"
KXBTC15M-26APR280745-45,0455c4c6-e767-5a10-c9a9-2605cf4804cb,1777375823,0.46,1.46,no,"{""count_fp"":""1.46"",""created_time"":""2026-04-28T11:30:23.375125Z"",""no_price_dollars"":""0.5400"",""taker_side"":""no"",""ticker"":""KXBTC15M-26APR280745-45"",""trade_id"":""0455c4c6-e767-5a10-c9a9-2605cf4804cb"",""yes_price_dollars"":""0.4600""}"
KXBTC15M-26APR280745-45,7313a1b8-663f-7500-da05-4a09ab5652ab,1777375823,0.46,0.6,no,"{""count_fp"":""0.60"",""created_time"":""2026-04-28T11:30:23.247082Z"",""no_price_dollars"":""0.5400"",""taker_side"":""no"",""ticker"":""KXBTC15M-26APR280745-45"",""trade_id"":""7313a1b8-663f-7500-da05-4a09ab5652ab"",""yes_price_dollars"":""0.4600""}"
KXBTC15M-26APR280745-45,d4c021b3-c1b8-4283-0240-bc3377186b70,1777375824,0.46,40.0,yes,"{""count_fp"":""40.00"",""created_time"":""2026-04-28T11:30:24.960643Z"",""no_price_dollars"":""0.5400"",""taker_side"":""yes"",""ticker"":""KXBTC15M-26APR280745-45"",""trade_id"":""d4c021b3-c1b8-4283-0240-bc3377186b70"",""yes_price_dollars"":""0.4600""}"
KXBTC15M-26APR280745-45,2427bad5-e293-4e87-0381-5956a4817e37,1777375824,0.46,60.0,yes,"{""count_fp"":""60.00"",""created_time"":""2026-04-28T11:30:24.960643Z"",""no_price_dollars"":""0.5400"",""taker_side"":""yes"",""ticker"":""KXBTC15M-26APR280745-45"",""trade_id"":""2427bad5-e293-4e87-0381-5956a4817e37"",""yes_price_dollars"":""0.4600""}"
KXBTC15M-26APR280745-45,f7302bae-b41f-6a93-f827-c8770f69de87,1777375824,0.45,10.0,no,"{""count_fp"":""10.00"",""created_time"":""2026-04-28T11:30:24.851385Z"",""no_price_dollars"":""0.5500"",""taker_side"":""no"",""ticker"":""KXBTC15M-26APR280745-45"",""trade_id"":""f7302bae-b41f-6a93-f827-c8770f69de87"",""yes_price_dollars"":""0.4500""}"
KXBTC15M-26APR280745-45,e1d3bd41-1910-63f9-f0b8-befb37903c7b,1777375824,0.45,6.35,no,"{""count_fp"":""6.35"",""created_time"":""2026-04-28T11:30:24.851385Z"",""no_price_dollars"":""0.5500"",""taker_side"":""no"",""ticker"":""KXBTC15M-26APR280745-45"",""trade_id"":""e1d3bd41-1910-63f9-f0b8-befb37903c7b"",""yes_price_dollars"":""0.4500""}"
KXBTC15M-26APR280745-45,ce8fc960-801e-6bf2-ff36-e3abdcaaf55c,1777375824,0.45,1.0,no,"{""count_fp"":""1.00"",""created_time"":""2026-04-28T11:30:24.851385Z"",""no_price_dollars"":""0.5500"",""taker_side"":""no"",""ticker"":""KXBTC15M-26APR280745-45"",""trade_id"":""ce8fc960-801e-6bf2-ff36-e3abdcaaf55c"",""yes_price_dollars"":""0.4500""}"
KXBTC15M-26APR280745-45,09de9f9c-d52e-6b90-c695-b997239e0d41,1777375824,0.46,20.0,no,"{""count_fp"":""20.00"",""created_time"":""2026-04-28T11:30:24.851385Z"",""no_price_dollars"":""0.5400"",""taker_side"":""no"",""ticker"":""KXBTC15M-26APR280745-45"",""trade_id"":""09de9f9c-d52e-6b90-c695-b997239e0d41"",""yes_price_dollars"":""0.4600""}"
KXBTC15M-26APR280745-45,00b41965-2b6c-6283-e333-d963a6c0430b,1777375824,0.45,40.0,no,"{""count_fp"":""40.00"",""created_time"":""2026-04-28T11:30:24.851385Z"",""no_price_dollars"":""0.5500"",""taker_side"":""no"",""ticker"":""KXBTC15M-26APR280745-45"",""trade_id"":""00b41965-2b6c-6283-e333-d963a6c0430b"",""yes_price_dollars"":""0.4500""}"
KXBTC15M-26APR280745-45,5fc7fcaf-972b-7c97-c139-d7b02121429f,1777375824,0.47,20.51,yes,"{""count_fp"":""20.51"",""created_time"":""2026-04-28T11:30:24.480087Z"",""no_price_dollars"":""0.5300"",""taker_side"":""yes"",""ticker"":""KXBTC15M-26APR280745-45"",""trade_id"":""5fc7fcaf-972b-7c97-c139-d7b02121429f"",""yes_price_dollars"":""0.4700""}"
KXBTC15M-26APR280745-45,ae519b57-1d5c-6edc-de50-0e1387cb2210,1777375825,0.46,10.0,yes,"{""count_fp"":""10.00"",""created_time"":""2026-04-28T11:30:25.888132Z"",""no_price_dollars"":""0.5400"",""taker_side"":""yes"",""ticker"":""KXBTC15M-26APR280745-45"",""trade_id"":""ae519b57-1d5c-6edc-de50-0e1387cb2210"",""yes_price_dollars"":""0.4600""}"
KXBTC15M-26APR280745-45,01e3cee8-e6c7-513b-4e66-e4530e992d6b,1777375825,0.46,301.11,yes,"{""count_fp"":""301.11"",""created_time"":""2026-04-28T11:30:25.339338Z"",""no_price_dollars"":""0.5400"",""taker_side"":""yes"",""ticker"":""KXBTC15M-26APR280745-45"",""trade_id"":""01e3cee8-e6c7-513b-4e66-e4530e992d6b"",""yes_price_dollars"":""0.4600""}"
KXBTC15M-26APR280745-45,d536ce01-7bb7-553c-9ffe-a823f1f83336,1777375826,0.44,21.0,no,"{""count_fp"":""21.00"",""created_time"":""2026-04-28T11:30:26.810207Z"",""no_price_dollars"":""0.5600"",""taker_side"":""no"",""ticker"":""KXBTC15M-26APR280745-45"",""trade_id"":""d536ce01-7bb7-553c-9ffe-a823f1f83336"",""yes_price_dollars"":""0.4400""}"
KXBTC15M-26APR280745-45,ba3bc459-db84-79b2-56ca-2bcb0c1ca730,1777375826,0.44,108.44,no,"{""count_fp"":""108.44"",""created_time"":""2026-04-28T11:30:26.798385Z"",""no_price_dollars"":""0.5600"",""taker_side"":""no"",""ticker"":""KXBTC15M-26APR280745-45"",""trade_id"":""ba3bc459-db84-79b2-56ca-2bcb0c1ca730"",""yes_price_dollars"":""0.4400""}"
KXBTC15M-26APR280745-45,2aec2a46-df00-659e-718f-acd5b8a8f3f4,1777375826,0.44,43.0,no,"{""count_fp"":""43.00"",""created_time"":""2026-04-28T11:30:26.788222Z"",""no_price_dollars"":""0.5600"",""taker_side"":""no"",""ticker"":""KXBTC15M-26APR280745-45"",""trade_id"":""2aec2a46-df00-659e-718f-acd5b8a8f3f4"",""yes_price_dollars"":""0.4400""}"
KXBTC15M-26APR280745-45,c118c195-054c-4781-c5ca-f3678c148238,1777375826,0.44,1.0,no,"{""count_fp"":""1.00"",""created_time"":""2026-04-28T11:30:26.785423Z"",""no_price_dollars"":""0.5600"",""taker_side"":""no"",""ticker"":""KXBTC15M-26APR280745-45"",""trade_id"":""c118c195-054c-4781-c5ca-f3678c148238"",""yes_price_dollars"":""0.4400""}"
KXBTC15M-26APR280745-45,6fce4034-3ff8-461a-d2c8-c3256e861aa4,1777375826,0.44,67.58,no,"{""count_fp"":""67.58"",""created_time"":""2026-04-28T11:30:26.785423Z"",""no_price_dollars"":""0.5600"",""taker_side"":""no"",""ticker"":""KXBTC15M-26APR280745-45"",""trade_id"":""6fce4034-3ff8-461a-d2c8-c3256e861aa4"",""yes_price_dollars"":""0.4400""}"
KXBTC15M-26APR280745-45,ce968976-ea71-6aaf-e974-954d9f121b57,1777375826,0.45,30.0,no,"{""count_fp"":""30.00"",""created_time"":""2026-04-28T11:30:26.773358Z"",""no_price_dollars"":""0.5500"",""taker_side"":""no"",""ticker"":""KXBTC15M-26APR280745-45"",""trade_id"":""ce968976-ea71-6aaf-e974-954d9f121b57"",""yes_price_dollars"":""0.4500""}"
KXBTC15M-26APR280745-45,c57f5091-bf0e-6efd-d7c7-225f76f1886e,1777375826,0.45,10.0,no,"{""count_fp"":""10.00"",""created_time"":""2026-04-28T11:30:26.773358Z"",""no_price_dollars"":""0.5500"",""taker_side"":""no"",""ticker"":""KXBTC15M-26APR280745-45"",""trade_id"":""c57f5091-bf0e-6efd-d7c7-225f76f1886e"",""yes_price_dollars"":""0.4500""}"
KXBTC15M-26APR280745-45,2a3b5aa7-a099-6cda-edfd-455e3fa60ff9,1777375826,0.45,3.0,no,"{""count_fp"":""3.00"",""created_time"":""2026-04-28T11:30:26.773358Z"",""no_price_dollars"":""0.5500"",""taker_side"":""no"",""ticker"":""KXBTC15M-26APR280745-45"",""trade_id"":""2a3b5aa7-a099-6cda-edfd-455e3fa60ff9"",""yes_price_dollars"":""0.4500""}"
KXBTC15M-26APR280745-45,f32ab6b5-248c-5b4c-f1d3-f93de2dc9440,1777375826,0.46,1.0,yes,"{""count_fp"":""1.00"",""created_time"":""2026-04-28T11:30:26.090865Z"",""no_price_dollars"":""0.5400"",""taker_side"":""yes"",""ticker"":""KXBTC15M-26APR280745-45"",""trade_id"":""f32ab6b5-248c-5b4c-f1d3-f93de2dc9440"",""yes_price_dollars"":""0.4600""}"
KXBTC15M-26APR280745-45,92aa786e-a031-4aec-21c8-0b32dd814ff7,1777375827,0.44,27.75,yes,"{""count_fp"":""27.75"",""created_time"":""2026-04-28T11:30:27.960755Z"",""no_price_dollars"":""0.5600"",""taker_side"":""yes"",""ticker"":""KXBTC15M-26APR280745-45"",""trade_id"":""92aa786e-a031-4aec-21c8-0b32dd814ff7"",""yes_price_dollars"":""0.4400""}"
KXBTC15M-26APR280745-45,74de647b-7f94-4c3a-0242-55a8853cb0d0,1777375827,0.44,30.25,yes,"{""count_fp"":""30.25"",""created_time"":""2026-04-28T11:30:27.960755Z"",""no_price_dollars"":""0.5600"",""taker_side"":""yes"",""ticker"":""KXBTC15M-26APR280745-45"",""trade_id"":""74de647b-7f94-4c3a-0242-55a8853cb0d0"",""yes_price_dollars"":""0.4400""}"
KXBTC15M-26APR280745-45,9e751a4a-767d-6100-3f62-646d76e04283,1777375827,0.44,2.0,yes,"{""count_fp"":""2.00"",""created_time"":""2026-04-28T11:30:27.418726Z"",""no_price_dollars"":""0.5600"",""taker_side"":""yes"",""ticker"":""KXBTC15M-26APR280745-45"",""trade_id"":""9e751a4a-767d-6100-3f62-646d76e04283"",""yes_price_dollars"":""0.4400""}"
KXBTC15M-26APR280745-45,a4fff9a1-6bcd-6fc4-8201-67363adf2eab,1777375827,0.44,10.25,yes,"{""count_fp"":""10.25"",""created_time"":""2026-04-28T11:30:27.006699Z"",""no_price_dollars"":""0.5600"",""taker_side"":""yes"",""ticker"":""KXBTC15M-26APR280745-45"",""trade_id"":""a4fff9a1-6bcd-6fc4-8201-67363adf2eab"",""yes_price_dollars"":""0.4400""}"
KXBTC15M-26APR280745-45,88a6a5fb-f260-6aa2-bd01-6528e21e7d84,1777375828,0.44,2.09,yes,"{""count_fp"":""2.09"",""created_time"":""2026-04-28T11:30:28.984699Z"",""no_price_dollars"":""0.5600"",""taker_side"":""yes"",""ticker"":""KXBTC15M-26APR280745-45"",""trade_id"":""88a6a5fb-f260-6aa2-bd01-6528e21e7d84"",""yes_price_dollars"":""0.4400""}"
KXBTC15M-26APR280745-45,d6a925b4-d24f-73df-1f21-e357fd2da1af,1777375828,0.43,49.0,no,"{""count_fp"":""49.00"",""created_time"":""2026-04-28T11:30:28.921596Z"",""no_price_dollars"":""0.5700"",""taker_side"":""no"",""ticker"":""KXBTC15M-26APR280745-45"",""trade_id"":""d6a925b4-d24f-73df-1f21-e357fd2da1af"",""yes_price_dollars"":""0.4300""}"
KXBTC15M-26APR280745-45,4ddb17cb-e995-733c-30c4-353027a359ac,1777375828,0.43,1.0,no,"{""count_fp"":""1.00"",""created_time"":""2026-04-28T11:30:28.921596Z"",""no_price_dollars"":""0.5700"",""taker_side"":""no"",""ticker"":""KXBTC15M-26APR280745-45"",""trade_id"":""4ddb17cb-e995-733c-30c4-353027a359ac"",""yes_price_dollars"":""0.4300""}"
KXBTC15M-26APR280745-45,effe1cb7-41ff-6abf-1692-a6a5e911f91e,1777375829,0.43,3.4,no,"{""count_fp"":""3.40"",""created_time"":""2026-04-28T11:30:29.671882Z"",""no_price_dollars"":""0.5700"",""taker_side"":""no"",""ticker"":""KXBTC15M-26APR280745-45"",""trade_id"":""effe1cb7-41ff-6abf-1692-a6a5e911f91e"",""yes_price_dollars"":""0.4300""}"
KXBTC15M-26APR280745-45,b671e50d-f33b-5c23-bac3-5f0633b766ba,1777375829,0.43,4.0,no,"{""count_fp"":""4.00"",""created_time"":""2026-04-28T11:30:29.006864Z"",""no_price_dollars"":""0.5700"",""taker_side"":""no"",""ticker"":""KXBTC15M-26APR280745-45"",""trade_id"":""b671e50d-f33b-5c23-bac3-5f0633b766ba"",""yes_price_dollars"":""0.4300""}"
KXBTC15M-26APR280745-45,023e4638-d3f7-5cc3-a30c-28876fa9260b,1777375829,0.43,6.0,no,"{""count_fp"":""6.00"",""created_time"":""2026-04-28T11:30:29.006864Z"",""no_price_dollars"":""0.5700"",""taker_side"":""no"",""ticker"":""KXBTC15M-26APR280745-45"",""trade_id"":""023e4638-d3f7-5cc3-a30c-28876fa9260b"",""yes_price_dollars"":""0.4300""}"
KXBTC15M-26APR280745-45,1e5ed06d-b92d-4966-294e-77ca167771f4,1777375830,0.42,7.0,yes,"{""count_fp"":""7.00"",""created_time"":""2026-04-28T11:30:30.951476Z"",""no_price_dollars"":""0.5800"",""taker_side"":""yes"",""ticker"":""KXBTC15M-26APR280745-45"",""trade_id"":""1e5ed06d-b92d-4966-294e-77ca167771f4"",""yes_price_dollars"":""0.4200""}"
KXBTC15M-26APR280745-45,c699a8d5-8861-492a-c328-3d9c8e277bac,1777375830,0.42,2.0,yes,"{""count_fp"":""2.00"",""created_time"":""2026-04-28T11:30:30.839724Z"",""no_price_dollars"":""0.5800"",""taker_side"":""yes"",""ticker"":""KXBTC15M-26APR280745-45"",""trade_id"":""c699a8d5-8861-492a-c328-3d9c8e277bac"",""yes_price_dollars"":""0.4200""}"
KXBTC15M-26APR280745-45,b2aeff3b-df47-6850-061a-c6c5ab0cbc84,1777375830,0.41,21.0,no,"{""count_fp"":""21.00"",""created_time"":""2026-04-28T11:30:30.500297Z"",""no_price_dollars"":""0.5900"",""taker_side"":""no"",""ticker"":""KXBTC15M-26APR280745-45"",""trade_id"":""b2aeff3b-df47-6850-061a-c6c5ab0cbc84"",""yes_price_dollars"":""0.4100""}"
KXBTC15M-26APR280745-45,84b7d397-d0d3-64ae-3b99-3c3e4fa84059,1777375830,0.42,1.0,no,"{""count_fp"":""1.00"",""created_time"":""2026-04-28T11:30:30.500297Z"",""no_price_dollars"":""0.5800"",""taker_side"":""no"",""ticker"":""KXBTC15M-26APR280745-45"",""trade_id"":""84b7d397-d0d3-64ae-3b99-3c3e4fa84059"",""yes_price_dollars"":""0.4200""}"
KXBTC15M-26APR280745-45,52f7ea26-fc7e-6ef4-1dee-353ffc5d8d92,1777375830,0.41,119.0,no,"{""count_fp"":""119.00"",""created_time"":""2026-04-28T11:30:30.500297Z"",""no_price_dollars"":""0.5900"",""taker_side"":""no"",""ticker"":""KXBTC15M-26APR280745-45"",""trade_id"":""52f7ea26-fc7e-6ef4-1dee-353ffc5d8d92"",""yes_price_dollars"":""0.4100""}"
KXBTC15M-26APR280745-45,41e42d65-c5f4-647f-2f5a-edc7726c0ed0,1777375830,0.41,5.0,no,"{""count_fp"":""5.00"",""created_time"":""2026-04-28T11:30:30.500297Z"",""no_price_dollars"":""0.5900"",""taker_side"":""no"",""ticker"":""KXBTC15M-26APR280745-45"",""trade_id"":""41e42d65-c5f4-647f-2f5a-edc7726c0ed0"",""yes_price_dollars"":""0.4100""}"
KXBTC15M-26APR280745-45,22bf2d08-0abc-62fa-071c-901ff87a3112,1777375830,0.42,1.0,no,"{""count_fp"":""1.00"",""created_time"":""2026-04-28T11:30:30.500297Z"",""no_price_dollars"":""0.5800"",""taker_side"":""no"",""ticker"":""KXBTC15M-26APR280745-45"",""trade_id"":""22bf2d08-0abc-62fa-071c-901ff87a3112"",""yes_price_dollars"":""0.4200""}"
KXBTC15M-26APR280745-45,0dbdc94f-07fd-6b15-10cc-99d204ec3eb8,1777375830,0.42,1.0,no,"{""count_fp"":""1.00"",""created_time"":""2026-04-28T11:30:30.500297Z"",""no_price_dollars"":""0.5800"",""taker_side"":""no"",""ticker"":""KXBTC15M-26APR280745-45"",""trade_id"":""0dbdc94f-07fd-6b15-10cc-99d204ec3eb8"",""yes_price_dollars"":""0.4200""}"
KXBTC15M-26APR280745-45,ca2a43d3-d567-4053-7b45-dc970e3c5dfa,1777375830,0.43,6.6,no,"{""count_fp"":""6.60"",""created_time"":""2026-04-28T11:30:30.288166Z"",""no_price_dollars"":""0.5700"",""taker_side"":""no"",""ticker"":""KXBTC15M-26APR280745-45"",""trade_id"":""ca2a43d3-d567-4053-7b45-dc970e3c5dfa"",""yes_price_dollars"":""0.4300""}"
KXBTC15M-26APR280745-45,9a3fb549-ffa1-713a-db25-b242ad952247,1777375831,0.44,7.28,yes,"{""count_fp"":""7.28"",""created_time"":""2026-04-28T11:30:31.916687Z"",""no_price_dollars"":""0.5600"",""taker_side"":""yes"",""ticker"":""KXBTC15M-26APR280745-45"",""trade_id"":""9a3fb549-ffa1-713a-db25-b242ad952247"",""yes_price_dollars"":""0.4400""}"
KXBTC15M-26APR280745-45,6029ef21-e0f9-71fe-d993-ce51410921ca,1777375831,0.44,18.95,yes,"{""count_fp"":""18.95"",""created_time"":""2026-04-28T11:30:31.916687Z"",""no_price_dollars"":""0.5600"",""taker_side"":""yes"",""ticker"":""KXBTC15M-26APR280745-45"",""trade_id"":""6029ef21-e0f9-71fe-d993-ce51410921ca"",""yes_price_dollars"":""0.4400""}"
KXBTC15M-26APR280745-45,828215e4-f728-5841-d239-108e12894c3d,1777375831,0.43,3.0,no,"{""count_fp"":""3.00"",""created_time"":""2026-04-28T11:30:31.781832Z"",""no_price_dollars"":""0.5700"",""taker_side"":""no"",""ticker"":""KXBTC15M-26APR280745-45"",""trade_id"":""828215e4-f728-5841-d239-108e12894c3d"",""yes_price_dollars"":""0.4300""}"
KXBTC15M-26APR280745-45,656a403f-8fcb-548a-c3f1-ec4310f37e27,1777375831,0.43,66.0,no,"{""count_fp"":""66.00"",""created_time"":""2026-04-28T11:30:31.781832Z"",""no_price_dollars"":""0.5700"",""taker_side"":""no"",""ticker"":""KXBTC15M-26APR280745-45"",""trade_id"":""656a403f-8fcb-548a-c3f1-ec4310f37e27"",""yes_price_dollars"":""0.4300""}"
KXBTC15M-26APR280745-45,254ec7d7-7fe1-5636-e46a-3571bd0cd42a,1777375831,0.43,31.0,no,"{""count_fp"":""31.00"",""created_time"":""2026-04-28T11:30:31.781832Z"",""no_price_dollars"":""0.5700"",""taker_side"":""no"",""ticker"":""KXBTC15M-26APR280745-45"",""trade_id"":""254ec7d7-7fe1-5636-e46a-3571bd0cd42a"",""yes_price_dollars"":""0.4300""}"
KXBTC15M-26APR280745-45,ec758095-d9f1-60a6-fcce-c0be984d9386,1777375831,0.44,1.05,yes,"{""count_fp"":""1.05"",""created_time"":""2026-04-28T11:30:31.726503Z"",""no_price_dollars"":""0.5600"",""taker_side"":""yes"",""ticker"":""KXBTC15M-26APR280745-45"",""trade_id"":""ec758095-d9f1-60a6-fcce-c0be984d9386"",""yes_price_dollars"":""0.4400""}"
KXBTC15M-26APR280745-45,e68999cc-2293-4fce-f6fb-5919da57e804,1777375831,0.43,423.26,yes,"{""count_fp"":""423.26"",""created_time"":""2026-04-28T11:30:31.611928Z"",""no_price_dollars"":""0.5700"",""taker_side"":""yes"",""ticker"":""KXBTC15M-26APR280745-45"",""trade_id"":""e68999cc-2293-4fce-f6fb-5919da57e804"",""yes_price_dollars"":""0.4300""}"
KXBTC15M-26APR280745-45,a4d854df-71cf-752a-61cc-1bc6c3fe6704,1777375831,0.43,38.74,yes,"{""count_fp"":""38.74"",""created_time"":""2026-04-28T11:30:31.588327Z"",""no_price_dollars"":""0.5700"",""taker_side"":""yes"",""ticker"":""KXBTC15M-26APR280745-45"",""trade_id"":""a4d854df-71cf-752a-61cc-1bc6c3fe6704"",""yes_price_dollars"":""0.4300""}"
KXBTC15M-26APR280745-45,79a5c376-e920-4dcc-670f-41e76f1b1f40,1777375831,0.43,1.05,yes,"{""count_fp"":""1.05"",""created_time"":""2026-04-28T11:30:31.533204Z"",""no_price_dollars"":""0.5700"",""taker_side"":""yes"",""ticker"":""KXBTC15M-26APR280745-45"",""trade_id"":""79a5c376-e920-4dcc-670f-41e76f1b1f40"",""yes_price_dollars"":""0.4300""}"
KXBTC15M-26APR280745-45,40327fbb-c74d-4d7b-71c9-3366473455a3,1777375831,0.43,26.26,yes,"{""count_fp"":""26.26"",""created_time"":""2026-04-28T11:30:31.533204Z"",""no_price_dollars"":""0.5700"",""taker_side"":""yes"",""ticker"":""KXBTC15M-26APR280745-45"",""trade_id"":""40327fbb-c74d-4d7b-71c9-3366473455a3"",""yes_price_dollars"":""0.4300""}"
KXBTC15M-26APR280745-45,9a66bf95-0706-53e6-c0d4-e388d21ab6d2,1777375831,0.42,31.0,yes,"{""count_fp"":""31.00"",""created_time"":""2026-04-28T11:30:31.504746Z"",""no_price_dollars"":""0.5800"",""taker_side"":""yes"",""ticker"":""KXBTC15M-26APR280745-45"",""trade_id"":""9a66bf95-0706-53e6-c0d4-e388d21ab6d2"",""yes_price_dollars"":""0.4200""}"
KXBTC15M-26APR280745-45,2c92b8d5-49b5-50b7-ea72-bbba1851afb2,1777375831,0.42,1.0,yes,"{""count_fp"":""1.00"",""created_time"":""2026-04-28T11:30:31.504746Z"",""no_price_dollars"":""0.5800"",""taker_side"":""yes"",""ticker"":""KXBTC15M-26APR280745-45"",""trade_id"":""2c92b8d5-49b5-50b7-ea72-bbba1851afb2"",""yes_price_dollars"":""0.4200""}"
KXBTC15M-26APR280745-45,0a80ac06-5521-503e-fec0-89de8ea5c45c,1777375831,0.42,242.53,yes,"{""count_fp"":""242.53"",""created_time"":""2026-04-28T11:30:31.504746Z"",""no_price_dollars"":""0.5800"",""taker_side"":""yes"",""ticker"":""KXBTC15M-26APR280745-45"",""trade_id"":""0a80ac06-5521-503e-fec0-89de8ea5c45c"",""yes_price_dollars"":""0.4200""}"
KXBTC15M-26APR280745-45,f48c1acc-ccf9-682a-1a6d-eb98de8a257c,1777375831,0.42,41.17,yes,"{""count_fp"":""41.17"",""created_time"":""2026-04-28T11:30:31.436734Z"",""no_price_dollars"":""0.5800"",""taker_side"":""yes"",""ticker"":""KXBTC15M-26APR280745-45"",""trade_id"":""f48c1acc-ccf9-682a-1a6d-eb98de8a257c"",""yes_price_dollars"":""0.4200""}"
KXBTC15M-26APR280745-45,ca4c84cf-db49-7fce-7f80-b5e7ff6ea384,1777375831,0.42,46.88,yes,"{""count_fp"":""46.88"",""created_time"":""2026-04-28T11:30:31.426294Z"",""no_price_dollars"":""0.5800"",""taker_side"":""yes"",""ticker"":""KXBTC15M-26APR280745-45"",""trade_id"":""ca4c84cf-db49-7fce-7f80-b5e7ff6ea384"",""yes_price_dollars"":""0.4200""}"
KXBTC15M-26APR280745-45,f289efbe-6bcd-733a-ee64-aa5fe7ee9e00,1777375831,0.42,25.92,yes,"{""count_fp"":""25.92"",""created_time"":""2026-04-28T11:30:31.424552Z"",""no_price_dollars"":""0.5800"",""taker_side"":""yes"",""ticker"":""KXBTC15M-26APR280745-45"",""trade_id"":""f289efbe-6bcd-733a-ee64-aa5fe7ee9e00"",""yes_price_dollars"":""0.4200""}"
KXBTC15M-26APR280745-45,d40a1a28-1689-75f6-0c5c-7fc4900369b4,1777375831,0.42,31.1,yes,"{""count_fp"":""31.10"",""created_time"":""2026-04-28T11:30:31.393345Z"",""no_price_dollars"":""0.5800"",""taker_side"":""yes"",""ticker"":""KXBTC15M-26APR280745-45"",""trade_id"":""d40a1a28-1689-75f6-0c5c-7fc4900369b4"",""yes_price_dollars"":""0.4200""}"
KXBTC15M-26APR280745-45,29151a9f-adf1-48de-3125-210d6b0bdf2c,1777375831,0.42,40.87,yes,"{""count_fp"":""40.87"",""created_time"":""2026-04-28T11:30:31.365082Z"",""no_price_dollars"":""0.5800"",""taker_side"":""yes"",""ticker"":""KXBTC15M-26APR280745-45"",""trade_id"":""29151a9f-adf1-48de-3125-210d6b0bdf2c"",""yes_price_dollars"":""0.4200""}"
KXBTC15M-26APR280745-45,2739dbc6-d2e5-7faa-fc14-886dbb7ef060,1777375831,0.42,20.3,yes,"{""count_fp"":""20.30"",""created_time"":""2026-04-28T11:30:31.364788Z"",""no_price_dollars"":""0.5800"",""taker_side"":""yes"",""ticker"":""KXBTC15M-26APR280745-45"",""trade_id"":""2739dbc6-d2e5-7faa-fc14-886dbb7ef060"",""yes_price_dollars"":""0.4200""}"
KXBTC15M-26APR280745-45,b136fab4-9f09-66fa-f955-e814ea37bb84,1777375831,0.42,26.56,yes,"{""count_fp"":""26.56"",""created_time"":""2026-04-28T11:30:31.352199Z"",""no_price_dollars"":""0.5800"",""taker_side"":""yes"",""ticker"":""KXBTC15M-26APR280745-45"",""trade_id"":""b136fab4-9f09-66fa-f955-e814ea37bb84"",""yes_price_dollars"":""0.4200""}"
KXBTC15M-26APR280745-45,91a7bb6a-8079-4272-c3ec-448e18e9d990,1777375831,0.42,1.0,yes,"{""count_fp"":""1.00"",""created_time"":""2026-04-28T11:30:31.081199Z"",""no_price_dollars"":""0.5800"",""taker_side"":""yes"",""ticker"":""KXBTC15M-26APR280745-45"",""trade_id"":""91a7bb6a-8079-4272-c3ec-448e18e9d990"",""yes_price_dollars"":""0.4200""}"
KXBTC15M-26APR280745-45,0b452937-636b-4fc2-99a0-8135619796df,1777375832,0.43,20.0,no,"{""count_fp"":""20.00"",""created_time"":""2026-04-28T11:30:32.963228Z"",""no_price_dollars"":""0.5700"",""taker_side"":""no"",""ticker"":""KXBTC15M-26APR280745-45"",""trade_id"":""0b452937-636b-4fc2-99a0-8135619796df"",""yes_price_dollars"":""0.4300""}"
KXBTC15M-26APR280745-45,1787bcdf-a1e1-7dd7-70e9-00c4745781d8,1777375832,0.44,1.0,yes,"{""count_fp"":""1.00"",""created_time"":""2026-04-28T11:30:32.918228Z"",""no_price_dollars"":""0.5600"",""taker_side"":""yes"",""ticker"":""KXBTC15M-26APR280745-45"",""trade_id"":""1787bcdf-a1e1-7dd7-70e9-00c4745781d8"",""yes_price_dollars"":""0.4400""}"
KXBTC15M-26APR280745-45,29709855-7373-6a2a-b7f5-b75065820193,1777375832,0.43,1.7,no,"{""count_fp"":""1.70"",""created_time"":""2026-04-28T11:30:32.829126Z"",""no_price_dollars"":""0.5700"",""taker_side"":""no"",""ticker"":""KXBTC15M-26APR280745-45"",""trade_id"":""29709855-7373-6a2a-b7f5-b75065820193"",""yes_price_dollars"":""0.4300""}"
KXBTC15M-26APR280745-45,3b8255d9-fb55-70cb-7186-8260cd2c3224,1777375832,0.44,1.0,yes,"{""count_fp"":""1.00"",""created_time"":""2026-04-28T11:30:32.805398Z"",""no_price_dollars"":""0.5600"",""taker_side"":""yes"",""ticker"":""KXBTC15M-26APR280745-45"",""trade_id"":""3b8255d9-fb55-70cb-7186-8260cd2c3224"",""yes_price_dollars"":""0.4400""}"
KXBTC15M-26APR280745-45,a5c0f795-dbaf-50b2-9a3a-fa9145daa267,1777375832,0.43,25.0,no,"{""count_fp"":""25.00"",""created_time"":""2026-04-28T11:30:32.732021Z"",""no_price_dollars"":""0.5700"",""taker_side"":""no"",""ticker"":""KXBTC15M-26APR280745-45"",""trade_id"":""a5c0f795-dbaf-50b2-9a3a-fa9145daa267"",""yes_price_dollars"":""0.4300""}"
KXBTC15M-26APR280745-45,1ebb5d00-730f-5ba2-eceb-4cf3ddf9360f,1777375832,0.43,37.17,no,"{""count_fp"":""37.17"",""created_time"":""2026-04-28T11:30:32.725362Z"",""no_price_dollars"":""0.5700"",""taker_side"":""no"",""ticker"":""KXBTC15M-26APR280745-45"",""trade_id"":""1ebb5d00-730f-5ba2-eceb-4cf3ddf9360f"",""yes_price_dollars"":""0.4300""}"
KXBTC15M-26APR280745-45,d89a1ed8-c67b-6592-05fc-5a201c415aeb,1777375832,0.43,111.91,no,"{""count_fp"":""111.91"",""created_time"":""2026-04-28T11:30:32.557074Z"",""no_price_dollars"":""0.5700"",""taker_side"":""no"",""ticker"":""KXBTC15M-26APR280745-45"",""trade_id"":""d89a1ed8-c67b-6592-05fc-5a201c415aeb"",""yes_price_dollars"":""0.4300""}"
KXBTC15M-26APR280745-45,c10699be-5179-6f5c-11e8-92baff721e52,1777375832,0.44,1.0,no,"{""count_fp"":""1.00"",""created_time"":""2026-04-28T11:30:32.557074Z"",""no_price_dollars"":""0.5600"",""taker_side"":""no"",""ticker"":""KXBTC15M-26APR280745-45"",""trade_id"":""c10699be-5179-6f5c-11e8-92baff721e52"",""yes_price_dollars"":""0.4400""}"
KXBTC15M-26APR280745-45,874ef369-01ec-6418-2b2a-448ef6a1be38,1777375832,0.44,10.0,no,"{""count_fp"":""10.00"",""created_time"":""2026-04-28T11:30:32.557074Z"",""no_price_dollars"":""0.5600"",""taker_side"":""no"",""ticker"":""KXBTC15M-26APR280745-45"",""trade_id"":""874ef369-01ec-6418-2b2a-448ef6a1be38"",""yes_price_dollars"":""0.4400""}"
KXBTC15M-26APR280745-45,5f8e0821-0c82-6557-022c-921655f96790,1777375832,0.44,40.0,no,"{""count_fp"":""40.00"",""created_time"":""2026-04-28T11:30:32.557074Z"",""no_price_dollars"":""0.5600"",""taker_side"":""no"",""ticker"":""KXBTC15M-26APR280745-45"",""trade_id"":""5f8e0821-0c82-6557-022c-921655f96790"",""yes_price_dollars"":""0.4400""}"
KXBTC15M-26APR280745-45,e7181061-a909-762f-ed5b-bc08df9677e4,1777375833,0.44,9.0,yes,"{""count_fp"":""9.00"",""created_time"":""2026-04-28T11:30:33.580899Z"",""no_price_dollars"":""0.5600"",""taker_side"":""yes"",""ticker"":""KXBTC15M-26APR280745-45"",""trade_id"":""e7181061-a909-762f-ed5b-bc08df9677e4"",""yes_price_dollars"":""0.4400""}"
KXBTC15M-26APR280745-45,fe9ce119-0f6d-43cf-3437-a669979c7950,1777375833,0.44,15.38,yes,"{""count_fp"":""15.38"",""created_time"":""2026-04-28T11:30:33.565585Z"",""no_price_dollars"":""0.5600"",""taker_side"":""yes"",""ticker"":""KXBTC15M-26APR280745-45"",""trade_id"":""fe9ce119-0f6d-43cf-3437-a669979c7950"",""yes_price_dollars"":""0.4400""}"
KXBTC15M-26APR280745-45,8240e091-4ab7-6613-6feb-674275ccb8c8,1777375834,0.43,10.0,no,"{""count_fp"":""10.00"",""created_time"":""2026-04-28T11:30:34.908071Z"",""no_price_dollars"":""0.5700"",""taker_side"":""no"",""ticker"":""KXBTC15M-26APR280745-45"",""trade_id"":""8240e091-4ab7-6613-6feb-674275ccb8c8"",""yes_price_dollars"":""0.4300""}"
KXBTC15M-26APR280745-45,2ef5601a-2f11-4b13-dab4-388ae342eab0,1777375834,0.44,0.39,yes,"{""count_fp"":""0.39"",""created_time"":""2026-04-28T11:30:34.872463Z"",""no_price_dollars"":""0.5600"",""taker_side"":""yes"",""ticker"":""KXBTC15M-26APR280745-45"",""trade_id"":""2ef5601a-2f11-4b13-dab4-388ae342eab0"",""yes_price_dollars"":""0.4400""}"
KXBTC15M-26APR280745-45,b7c5ae41-0119-6337-b9f0-162e2f9aaf8c,1777375834,0.44,10.0,yes,"{""count_fp"":""10.00"",""created_time"":""2026-04-28T11:30:34.367756Z"",""no_price_dollars"":""0.5600"",""taker_side"":""yes"",""ticker"":""KXBTC15M-26APR280745-45"",""trade_id"":""b7c5ae41-0119-6337-b9f0-162e2f9aaf8c"",""yes_price_dollars"":""0.4400""}"
KXBTC15M-26APR280745-45,66d22751-be39-51af-615e-782aec8097b4,1777375835,0.41,272.0,yes,"{""count_fp"":""272.00"",""created_time"":""2026-04-28T11:30:35.922494Z"",""no_price_dollars"":""0.5900"",""taker_side"":""yes"",""ticker"":""KXBTC15M-26APR280745-45"",""trade_id"":""66d22751-be39-51af-615e-782aec8097b4"",""yes_price_dollars"":""0.4100""}"
KXBTC15M-26APR280745-45,2a9ffb45-089f-53ac-4284-ea56f8c38e54,1777375835,0.41,40.0,yes,"{""count_fp"":""40.00"",""created_time"":""2026-04-28T11:30:35.922494Z"",""no_price_dollars"":""0.5900"",""taker_side"":""yes"",""ticker"":""KXBTC15M-26APR280745-45"",""trade_id"":""2a9ffb45-089f-53ac-4284-ea56f8c38e54"",""yes_price_dollars"":""0.4100""}"
KXBTC15M-26APR280745-45,9bcd10df-4a0a-58b6-770e-ecfcf38219e1,1777375835,0.4,2.0,no,"{""count_fp"":""2.00"",""created_time"":""2026-04-28T11:30:35.837489Z"",""no_price_dollars"":""0.6000"",""taker_side"":""no"",""ticker"":""KXBTC15M-26APR280745-45"",""trade_id"":""9bcd10df-4a0a-58b6-770e-ecfcf38219e1"",""yes_price_dollars"":""0.4000""}"
KXBTC15M-26APR280745-45,edc0999b-e795-5c88-3930-a7dbf3419e27,1777375835,0.43,9.81,no,"{""count_fp"":""9.81"",""created_time"":""2026-04-28T11:30:35.772895Z"",""no_price_dollars"":""0.5700"",""taker_side"":""no"",""ticker"":""KXBTC15M-26APR280745-45"",""trade_id"":""edc0999b-e795-5c88-3930-a7dbf3419e27"",""yes_price_dollars"":""0.4300""}"
KXBTC15M-26APR280745-45,afcb75f7-058e-5ecd-1d95-5ee9facb0929,1777375835,0.41,2.75,no,"{""count_fp"":""2.75"",""created_time"":""2026-04-28T11:30:35.772895Z"",""no_price_dollars"":""0.5900"",""taker_side"":""no"",""ticker"":""KXBTC15M-26APR280745-45"",""trade_id"":""afcb75f7-058e-5ecd-1d95-5ee9facb0929"",""yes_price_dollars"":""0.4100""}"
KXBTC15M-26APR280745-45,56556224-7c47-5410-178f-41593406192c,1777375835,0.41,4.0,no,"{""count_fp"":""4.00"",""created_time"":""2026-04-28T11:30:35.772895Z"",""no_price_dollars"":""0.5900"",""taker_side"":""no"",""ticker"":""KXBTC15M-26APR280745-45"",""trade_id"":""56556224-7c47-5410-178f-41593406192c"",""yes_price_dollars"":""0.4100""}"
KXBTC15M-26APR280745-45,2ba6190d-f95a-5f82-1be0-b1579e6f2aae,1777375835,0.41,5.0,no,"{""count_fp"":""5.00"",""created_time"":""2026-04-28T11:30:35.772895Z"",""no_price_dollars"":""0.5900"",""taker_side"":""no"",""ticker"":""KXBTC15M-26APR280745-45"",""trade_id"":""2ba6190d-f95a-5f82-1be0-b1579e6f2aae"",""yes_price_dollars"":""0.4100""}"
KXBTC15M-26APR280745-45,29d45c87-c587-5da8-2923-207b8a0dd2a8,1777375835,0.41,4.0,no,"{""count_fp"":""4.00"",""created_time"":""2026-04-28T11:30:35.772895Z"",""no_price_dollars"":""0.5900"",""taker_side"":""no"",""ticker"":""KXBTC15M-26APR280745-45"",""trade_id"":""29d45c87-c587-5da8-2923-207b8a0dd2a8"",""yes_price_dollars"":""0.4100""}"
KXBTC15M-26APR280745-45,3a33a9d0-aea1-4fdf-0024-6c3489d2ad1c,1777375835,0.44,4.37,yes,"{""count_fp"":""4.37"",""created_time"":""2026-04-28T11:30:35.652931Z"",""no_price_dollars"":""0.5600"",""taker_side"":""yes"",""ticker"":""KXBTC15M-26APR280745-45"",""trade_id"":""3a33a9d0-aea1-4fdf-0024-6c3489d2ad1c"",""yes_price_dollars"":""0.4400""}"
KXBTC15M-26APR280745-45,ea95a11e-a749-5c6b-9a00-228bed420e00,1777375835,0.44,18.0,yes,"{""count_fp"":""18.00"",""created_time"":""2026-04-28T11:30:35.606989Z"",""no_price_dollars"":""0.5600"",""taker_side"":""yes"",""ticker"":""KXBTC15M-26APR280745-45"",""trade_id"":""ea95a11e-a749-5c6b-9a00-228bed420e00"",""yes_price_dollars"":""0.4400""}"
KXBTC15M-26APR280745-45,7425fac8-d361-566c-b319-2dcfbb039dff,1777375835,0.43,20.19,no,"{""count_fp"":""20.19"",""created_time"":""2026-04-28T11:30:35.316089Z"",""no_price_dollars"":""0.5700"",""taker_side"":""no"",""ticker"":""KXBTC15M-26APR280745-45"",""trade_id"":""7425fac8-d361-566c-b319-2dcfbb039dff"",""yes_price_dollars"":""0.4300""}"
KXBTC15M-26APR280745-45,ba434606-24b3-6c97-730f-99de673eb82c,1777375835,0.43,18.0,no,"{""count_fp"":""18.00"",""created_time"":""2026-04-28T11:30:35.277705Z"",""no_price_dollars"":""0.5700"",""taker_side"":""no"",""ticker"":""KXBTC15M-26APR280745-45"",""trade_id"":""ba434606-24b3-6c97-730f-99de673eb82c"",""yes_price_dollars"":""0.4300""}"
KXBTC15M-26APR280745-45,8ac100ef-c17f-6289-6d8b-d906081d6284,1777375835,0.43,9.63,no,"{""count_fp"":""9.63"",""created_time"":""2026-04-28T11:30:35.277705Z"",""no_price_dollars"":""0.5700"",""taker_side"":""no"",""ticker"":""KXBTC15M-26APR280745-45"",""trade_id"":""8ac100ef-c17f-6289-6d8b-d906081d6284"",""yes_price_dollars"":""0.4300""}"
KXBTC15M-26APR280745-45,fc505ac0-405a-45a6-7b51-658a6e424afd,1777375836,0.4,103.75,no,"{""count_fp"":""103.75"",""created_time"":""2026-04-28T11:30:36.816769Z"",""no_price_dollars"":""0.6000"",""taker_side"":""no"",""ticker"":""KXBTC15M-26APR280745-45"",""trade_id"":""fc505ac0-405a-45a6-7b51-658a6e424afd"",""yes_price_dollars"":""0.4000""}"
KXBTC15M-26APR280745-45,1bc6a837-07a2-7b86-ede6-7448afdf8975,1777375837,0.4,8.1,no,"{""count_fp"":""8.10"",""created_time"":""2026-04-28T11:30:37.369705Z"",""no_price_dollars"":""0.6000"",""taker_side"":""no"",""ticker"":""KXBTC15M-26APR280745-45"",""trade_id"":""1bc6a837-07a2-7b86-ede6-7448afdf8975"",""yes_price_dollars"":""0.4000""}"
KXBTC15M-26APR280745-45,49a24647-3ddd-7b97-48f0-522f8d0e16b0,1777375838,0.41,21.86,yes,"{""count_fp"":""21.86"",""created_time"":""2026-04-28T11:30:38.195449Z"",""no_price_dollars"":""0.5900"",""taker_side"":""yes"",""ticker"":""KXBTC15M-26APR280745-45"",""trade_id"":""49a24647-3ddd-7b97-48f0-522f8d0e16b0"",""yes_price_dollars"":""0.4100""}"
KXBTC15M-26APR280745-45,a2ee3776-9171-7fe7-aba4-f9e95b7c2c94,1777375838,0.41,25.0,yes,"{""count_fp"":""25.00"",""created_time"":""2026-04-28T11:30:38.124Z"",""no_price_dollars"":""0.5900"",""taker_side"":""yes"",""ticker"":""KXBTC15M-26APR280745-45"",""trade_id"":""a2ee3776-9171-7fe7-aba4-f9e95b7c2c94"",""yes_price_dollars"":""0.4100""}"
KXBTC15M-26APR280745-45,9e2b24ec-78ba-4296-0908-b03e379419d1,1777375838,0.4,5.15,no,"{""count_fp"":""5.15"",""created_time"":""2026-04-28T11:30:38.041009Z"",""no_price_dollars"":""0.6000"",""taker_side"":""no"",""ticker"":""KXBTC15M-26APR280745-45"",""trade_id"":""9e2b24ec-78ba-4296-0908-b03e379419d1"",""yes_price_dollars"":""0.4000""}"
KXBTC15M-26APR280745-45,712d35f9-e810-4911-39e9-42734b9a0ef3,1777375838,0.4,10.0,no,"{""count_fp"":""10.00"",""created_time"":""2026-04-28T11:30:38.041009Z"",""no_price_dollars"":""0.6000"",""taker_side"":""no"",""ticker"":""KXBTC15M-26APR280745-45"",""trade_id"":""712d35f9-e810-4911-39e9-42734b9a0ef3"",""yes_price_dollars"":""0.4000""}"
KXBTC15M-26APR280745-45,6e0149ef-d43b-4f80-3823-9510388d491b,1777375838,0.4,0.73,no,"{""count_fp"":""0.73"",""created_time"":""2026-04-28T11:30:38.041009Z"",""no_price_dollars"":""0.6000"",""taker_side"":""no"",""ticker"":""KXBTC15M-26APR280745-45"",""trade_id"":""6e0149ef-d43b-4f80-3823-9510388d491b"",""yes_price_dollars"":""0.4000""}"
KXBTC15M-26APR280745-45,000ee7d7-2120-4469-c54c-e782da67813d,1777375839,0.43,1.0,no,"{""count_fp"":""1.00"",""created_time"":""2026-04-28T11:30:39.822011Z"",""no_price_dollars"":""0.5700"",""taker_side"":""no"",""ticker"":""KXBTC15M-26APR280745-45"",""trade_id"":""000ee7d7-2120-4469-c54c-e782da67813d"",""yes_price_dollars"":""0.4300""}"
KXBTC15M-26APR280745-45,6f1f1b08-9f7d-63a8-e0d0-493b3ebed088,1777375839,0.42,13.0,yes,"{""count_fp"":""13.00"",""created_time"":""2026-04-28T11:30:39.771002Z"",""no_price_dollars"":""0.5800"",""taker_side"":""yes"",""ticker"":""KXBTC15M-26APR280745-45"",""trade_id"":""6f1f1b08-9f7d-63a8-e0d0-493b3ebed088"",""yes_price_dollars"":""0.4200""}"
KXBTC15M-26APR280745-45,63a62be4-77c0-6553-e4ab-b336246f5648,1777375839,0.42,1.0,yes,"{""count_fp"":""1.00"",""created_time"":""2026-04-28T11:30:39.771002Z"",""no_price_dollars"":""0.5800"",""taker_side"":""yes"",""ticker"":""KXBTC15M-26APR280745-45"",""trade_id"":""63a62be4-77c0-6553-e4ab-b336246f5648"",""yes_price_dollars"":""0.4200""}"
KXBTC15M-26APR280745-45,2e46e9e8-d2ce-697d-c9fa-c71ed977a92b,1777375839,0.42,3.0,yes,"{""count_fp"":""3.00"",""created_time"":""2026-04-28T11:30:39.771002Z"",""no_price_dollars"":""0.5800"",""taker_side"":""yes"",""ticker"":""KXBTC15M-26APR280745-45"",""trade_id"":""2e46e9e8-d2ce-697d-c9fa-c71ed977a92b"",""yes_price_dollars"":""0.4200""}"
KXBTC15M-26APR280745-45,ec094ad2-8231-4a1b-2fb0-e43055d06c0c,1777375839,0.41,45.38,yes,"{""count_fp"":""45.38"",""created_time"":""2026-04-28T11:30:39.749998Z"",""no_price_dollars"":""0.5900"",""taker_side"":""yes"",""ticker"":""KXBTC15M-26APR280745-45"",""trade_id"":""ec094ad2-8231-4a1b-2fb0-e43055d06c0c"",""yes_price_dollars"":""0.4100""}"
KXBTC15M-26APR280745-45,d8d81115-ebcd-4abf-488c-2e32165f3524,1777375839,0.41,28.31,yes,"{""count_fp"":""28.31"",""created_time"":""2026-04-28T11:30:39.748795Z"",""no_price_dollars"":""0.5900"",""taker_side"":""yes"",""ticker"":""KXBTC15M-26APR280745-45"",""trade_id"":""d8d81115-ebcd-4abf-488c-2e32165f3524"",""yes_price_dollars"":""0.4100""}"
KXBTC15M-26APR280745-45,fcee7def-1675-6900-acbd-69039a406da6,1777375839,0.4,25.94,no,"{""count_fp"":""25.94"",""created_time"":""2026-04-28T11:30:39.632256Z"",""no_price_dollars"":""0.6000"",""taker_side"":""no"",""ticker"":""KXBTC15M-26APR280745-45"",""trade_id"":""fcee7def-1675-6900-acbd-69039a406da6"",""yes_price_dollars"":""0.4000""}"
KXBTC15M-26APR280745-45,f7547ec4-2011-5bf0-a0e8-02a96f2fab4e,1777375839,0.4,4.83,no,"{""count_fp"":""4.83"",""created_time"":""2026-04-28T11:30:39.180518Z"",""no_price_dollars"":""0.6000"",""taker_side"":""no"",""ticker"":""KXBTC15M-26APR280745-45"",""trade_id"":""f7547ec4-2011-5bf0-a0e8-02a96f2fab4e"",""yes_price_dollars"":""0.4000""}"
KXBTC15M-26APR280745-45,e498ec86-770b-5dc8-8acd-ece2f7099dbf,1777375839,0.4,0.27,no,"{""count_fp"":""0.27"",""created_time"":""2026-04-28T11:30:39.180518Z"",""no_price_dollars"":""0.6000"",""taker_side"":""no"",""ticker"":""KXBTC15M-26APR280745-45"",""trade_id"":""e498ec86-770b-5dc8-8acd-ece2f7099dbf"",""yes_price_dollars"":""0.4000""}"
KXBTC15M-26APR280745-45,8aad78d4-7133-5167-9ee4-3b3a45320b81,1777375839,0.4,3.0,no,"{""count_fp"":""3.00"",""created_time"":""2026-04-28T11:30:39.180518Z"",""no_price_dollars"":""0.6000"",""taker_side"":""no"",""ticker"":""KXBTC15M-26APR280745-45"",""trade_id"":""8aad78d4-7133-5167-9ee4-3b3a45320b81"",""yes_price_dollars"":""0.4000""}"
KXBTC15M-26APR280745-45,fbd76745-c3f9-537b-9e1a-970448169a64,1777375840,0.4,1.0,yes,"{""count_fp"":""1.00"",""created_time"":""2026-04-28T11:30:40.900297Z"",""no_price_dollars"":""0.6000"",""taker_side"":""yes"",""ticker"":""KXBTC15M-26APR280745-45"",""trade_id"":""fbd76745-c3f9-537b-9e1a-970448169a64"",""yes_price_dollars"":""0.4000""}"
KXBTC15M-26APR280745-45,e6c3a42d-7d63-5e42-2cb8-25a3d30b99b2,1777375840,0.4,0.62,no,"{""count_fp"":""0.62"",""created_time"":""2026-04-28T11:30:40.282649Z"",""no_price_dollars"":""0.6000"",""taker_side"":""no"",""ticker"":""KXBTC15M-26APR280745-45"",""trade_id"":""e6c3a42d-7d63-5e42-2cb8-25a3d30b99b2"",""yes_price_dollars"":""0.4000""}"
KXBTC15M-26APR280745-45,546da7c8-75d8-51fe-2feb-102fd2209a66,1777375840,0.4,1.0,no,"{""count_fp"":""1.00"",""created_time"":""2026-04-28T11:30:40.282649Z"",""no_price_dollars"":""0.6000"",""taker_side"":""no"",""ticker"":""KXBTC15M-26APR280745-45"",""trade_id"":""546da7c8-75d8-51fe-2feb-102fd2209a66"",""yes_price_dollars"":""0.4000""}"
KXBTC15M-26APR280745-45,057aa5f8-0437-4609-3241-329a111563e5,1777375840,0.42,2.06,no,"{""count_fp"":""2.06"",""created_time"":""2026-04-28T11:30:40.262922Z"",""no_price_dollars"":""0.5800"",""taker_side"":""no"",""ticker"":""KXBTC15M-26APR280745-45"",""trade_id"":""057aa5f8-0437-4609-3241-329a111563e5"",""yes_price_dollars"":""0.4200""}"
KXBTC15M-26APR280745-45,8106db98-49e8-4b92-486e-433d6230cfbe,1777375840,0.42,3.0,no,"{""count_fp"":""3.00"",""created_time"":""2026-04-28T11:30:40.251631Z"",""no_price_dollars"":""0.5800"",""taker_side"":""no"",""ticker"":""KXBTC15M-26APR280745-45"",""trade_id"":""8106db98-49e8-4b92-486e-433d6230cfbe"",""yes_price_dollars"":""0.4200""}"
KXBTC15M-26APR280745-45,00e6c886-079f-4889-4742-a3e5b4160749,1777375840,0.42,27.94,no,"{""count_fp"":""27.94"",""created_time"":""2026-04-28T11:30:40.251631Z"",""no_price_dollars"":""0.5800"",""taker_side"":""no"",""ticker"":""KXBTC15M-26APR280745-45"",""trade_id"":""00e6c886-079f-4889-4742-a3e5b4160749"",""yes_price_dollars"":""0.4200""}"
KXBTC15M-26APR280745-45,a4c574f2-88f8-60bf-a920-8b01e067f8f3,1777375841,0.4,4.15,yes,"{""count_fp"":""4.15"",""created_time"":""2026-04-28T11:30:41.698814Z"",""no_price_dollars"":""0.6000"",""taker_side"":""yes"",""ticker"":""KXBTC15M-26APR280745-45"",""trade_id"":""a4c574f2-88f8-60bf-a920-8b01e067f8f3"",""yes_price_dollars"":""0.4000""}"
KXBTC15M-26APR280745-45,f1080a1e-6f85-409b-cf45-cdf8f24b6c18,1777375841,0.4,37.0,yes,"{""count_fp"":""37.00"",""created_time"":""2026-04-28T11:30:41.354123Z"",""no_price_dollars"":""0.6000"",""taker_side"":""yes"",""ticker"":""KXBTC15M-26APR280745-45"",""trade_id"":""f1080a1e-6f85-409b-cf45-cdf8f24b6c18"",""yes_price_dollars"":""0.4000""}"
KXBTC15M-26APR280745-45,4bad0db8-11d0-736b-cccf-1bfd7fcc2f5c,1777375842,0.41,3.0,yes,"{""count_fp"":""3.00"",""created_time"":""2026-04-28T11:30:42.399324Z"",""no_price_dollars"":""0.5900"",""taker_side"":""yes"",""ticker"":""KXBTC15M-26APR280745-45"",""trade_id"":""4bad0db8-11d0-736b-cccf-1bfd7fcc2f5c"",""yes_price_dollars"":""0.4100""}"
KXBTC15M-26APR280745-45,5d88c9f5-0557-6d05-fde3-8c0db133d406,1777375843,0.4,36.81,no,"{""count_fp"":""36.81"",""created_time"":""2026-04-28T11:30:43.946703Z"",""no_price_dollars"":""0.6000"",""taker_side"":""no"",""ticker"":""KXBTC15M-26APR280745-45"",""trade_id"":""5d88c9f5-0557-6d05-fde3-8c0db133d406"",""yes_price_dollars"":""0.4000""}"
KXBTC15M-26APR280745-45,16273201-caa8-676c-dbe5-89637e4b0ee4,1777375843,0.4,3.72,no,"{""count_fp"":""3.72"",""created_time"":""2026-04-28T11:30:43.946703Z"",""no_price_dollars"":""0.6000"",""taker_side"":""no"",""ticker"":""KXBTC15M-26APR280745-45"",""trade_id"":""16273201-caa8-676c-dbe5-89637e4b0ee4"",""yes_price_dollars"":""0.4000""}"
KXBTC15M-26APR280745-45,8e873b8c-2417-6ef9-ea10-0fe573679922,1777375843,0.4,3.19,no,"{""count_fp"":""3.19"",""created_time"":""2026-04-28T11:30:43.701603Z"",""no_price_dollars"":""0.6000"",""taker_side"":""no"",""ticker"":""KXBTC15M-26APR280745-45"",""trade_id"":""8e873b8c-2417-6ef9-ea10-0fe573679922"",""yes_price_dollars"":""0.4000""}"
KXBTC15M-26APR280745-45,caeb2b2f-88b4-7626-2d13-72ec12f6515a,1777375844,0.39,8.0,no,"{""count_fp"":""8.00"",""created_time"":""2026-04-28T11:30:44.690589Z"",""no_price_dollars"":""0.6100"",""taker_side"":""no"",""ticker"":""KXBTC15M-26APR280745-45"",""trade_id"":""caeb2b2f-88b4-7626-2d13-72ec12f6515a"",""yes_price_dollars"":""0.3900""}"
KXBTC15M-26APR280745-45,eb2fe139-b6dd-6889-9126-fbf8ae8dbb6f,1777375844,0.4,10.0,yes,"{""count_fp"":""10.00"",""created_time"":""2026-04-28T11:30:44.205865Z"",""no_price_dollars"":""0.6000"",""taker_side"":""yes"",""ticker"":""KXBTC15M-26APR280745-45"",""trade_id"":""eb2fe139-b6dd-6889-9126-fbf8ae8dbb6f"",""yes_price_dollars"":""0.4000""}"
KXBTC15M-26APR280745-45,a16703a1-9f10-6782-4348-b0183041bda6,1777375845,0.39,10.0,no,"{""count_fp"":""10.00"",""created_time"":""2026-04-28T11:30:45.233463Z"",""no_price_dollars"":""0.6100"",""taker_side"":""no"",""ticker"":""KXBTC15M-26APR280745-45"",""trade_id"":""a16703a1-9f10-6782-4348-b0183041bda6"",""yes_price_dollars"":""0.3900""}"
KXBTC15M-26APR280745-45,71855236-1e91-7de1-ee16-b75d2c4c454b,1777375846,0.39,35.98,yes,"{""count_fp"":""35.98"",""created_time"":""2026-04-28T11:30:46.995706Z"",""no_price_dollars"":""0.6100"",""taker_side"":""yes"",""ticker"":""KXBTC15M-26APR280745-45"",""trade_id"":""71855236-1e91-7de1-ee16-b75d2c4c454b"",""yes_price_dollars"":""0.3900""}"
KXBTC15M-26APR280745-45,42ab9557-5d1d-5da1-61f4-9d2dac666057,1777375846,0.39,2.39,yes,"{""count_fp"":""2.39"",""created_time"":""2026-04-28T11:30:46.917492Z"",""no_price_dollars"":""0.6100"",""taker_side"":""yes"",""ticker"":""KXBTC15M-26APR280745-45"",""trade_id"":""42ab9557-5d1d-5da1-61f4-9d2dac666057"",""yes_price_dollars"":""0.3900""}"
KXBTC15M-26APR280745-45,c5c3cfee-620c-7119-b363-5144d77410da,1777375846,0.39,1.0,no,"{""count_fp"":""1.00"",""created_time"":""2026-04-28T11:30:46.793589Z"",""no_price_dollars"":""0.6100"",""taker_side"":""no"",""ticker"":""KXBTC15M-26APR280745-45"",""trade_id"":""c5c3cfee-620c-7119-b363-5144d77410da"",""yes_price_dollars"":""0.3900""}"
KXBTC15M-26APR280745-45,61d5d5e7-56b2-762b-b60f-c76f4571d849,1777375846,0.39,71.38,no,"{""count_fp"":""71.38"",""created_time"":""2026-04-28T11:30:46.793589Z"",""no_price_dollars"":""0.6100"",""taker_side"":""no"",""ticker"":""KXBTC15M-26APR280745-45"",""trade_id"":""61d5d5e7-56b2-762b-b60f-c76f4571d849"",""yes_price_dollars"":""0.3900""}"
KXBTC15M-26APR280745-45,14d3083a-9abe-7c64-ae87-02a95e2005e4,1777375846,0.39,7.4,no,"{""count_fp"":""7.40"",""created_time"":""2026-04-28T11:30:46.793589Z"",""no_price_dollars"":""0.6100"",""taker_side"":""no"",""ticker"":""KXBTC15M-26APR280745-45"",""trade_id"":""14d3083a-9abe-7c64-ae87-02a95e2005e4"",""yes_price_dollars"":""0.3900""}"
KXBTC15M-26APR280745-45,9bbefede-58f2-5ed0-79a3-0b47a1dbd8b8,1777375846,0.39,0.64,no,"{""count_fp"":""0.64"",""created_time"":""2026-04-28T11:30:46.516484Z"",""no_price_dollars"":""0.6100"",""taker_side"":""no"",""ticker"":""KXBTC15M-26APR280745-45"",""trade_id"":""9bbefede-58f2-5ed0-79a3-0b47a1dbd8b8"",""yes_price_dollars"":""0.3900""}"
KXBTC15M-26APR280745-45,a5065c5c-fcd2-6534-9be6-3406b5670060,1777375846,0.39,21.96,no,"{""count_fp"":""21.96"",""created_time"":""2026-04-28T11:30:46.445486Z"",""no_price_dollars"":""0.6100"",""taker_side"":""no"",""ticker"":""KXBTC15M-26APR280745-45"",""trade_id"":""a5065c5c-fcd2-6534-9be6-3406b5670060"",""yes_price_dollars"":""0.3900""}"
KXBTC15M-26APR280745-45,8bd8cdf8-fbcc-6636-bdb2-8ed5e444a1ae,1777375846,0.39,8.8,no,"{""count_fp"":""8.80"",""created_time"":""2026-04-28T11:30:46.445486Z"",""no_price_dollars"":""0.6100"",""taker_side"":""no"",""ticker"":""KXBTC15M-26APR280745-45"",""trade_id"":""8bd8cdf8-fbcc-6636-bdb2-8ed5e444a1ae"",""yes_price_dollars"":""0.3900""}"
KXBTC15M-26APR280745-45,f756f948-add0-49f6-e2eb-46d11b88bd3e,1777375846,0.39,22.22,no,"{""count_fp"":""22.22"",""created_time"":""2026-04-28T11:30:46.215668Z"",""no_price_dollars"":""0.6100"",""taker_side"":""no"",""ticker"":""KXBTC15M-26APR280745-45"",""trade_id"":""f756f948-add0-49f6-e2eb-46d11b88bd3e"",""yes_price_dollars"":""0.3900""}"
KXBTC15M-26APR280745-45,ee34c644-aec8-57f2-115a-14a63f21c916,1777375846,0.39,21.07,no,"{""count_fp"":""21.07"",""created_time"":""2026-04-28T11:30:46.204311Z"",""no_price_dollars"":""0.6100"",""taker_side"":""no"",""ticker"":""KXBTC15M-26APR280745-45"",""trade_id"":""ee34c644-aec8-57f2-115a-14a63f21c916"",""yes_price_dollars"":""0.3900""}"
KXBTC15M-26APR280745-45,930d4a78-fd44-7022-4f91-079ab59ca9aa,1777375846,0.39,30.0,no,"{""count_fp"":""30.00"",""created_time"":""2026-04-28T11:30:46.087063Z"",""no_price_dollars"":""0.6100"",""taker_side"":""no"",""ticker"":""KXBTC15M-26APR280745-45"",""trade_id"":""930d4a78-fd44-7022-4f91-079ab59ca9aa"",""yes_price_dollars"":""0.3900""}"
KXBTC15M-26APR280745-45,1cad85d4-0cc9-4bc1-b70e-2b13a50e491f,1777375847,0.39,1.0,yes,"{""count_fp"":""1.00"",""created_time"":""2026-04-28T11:30:47.946561Z"",""no_price_dollars"":""0.6100"",""taker_side"":""yes"",""ticker"":""KXBTC15M-26APR280745-45"",""trade_id"":""1cad85d4-0cc9-4bc1-b70e-2b13a50e491f"",""yes_price_dollars"":""0.3900""}"
KXBTC15M-26APR280745-45,a9bbe637-6595-576d-5331-a4bce2486ca7,1777375847,0.39,105.56,yes,"{""count_fp"":""105.56"",""created_time"":""2026-04-28T11:30:47.611057Z"",""no_price_dollars"":""0.6100"",""taker_side"":""yes"",""ticker"":""KXBTC15M-26APR280745-45"",""trade_id"":""a9bbe637-6595-576d-5331-a4bce2486ca7"",""yes_price_dollars"":""0.3900""}"
KXBTC15M-26APR280745-45,3c6b75c8-7a09-5999-bdb0-dd8072d84f07,1777375847,0.39,20.0,yes,"{""count_fp"":""20.00"",""created_time"":""2026-04-28T11:30:47.091235Z"",""no_price_dollars"":""0.6100"",""taker_side"":""yes"",""ticker"":""KXBTC15M-26APR280745-45"",""trade_id"":""3c6b75c8-7a09-5999-bdb0-dd8072d84f07"",""yes_price_dollars"":""0.3900""}"
KXBTC15M-26APR280745-45,a6c98a6c-e879-45e5-5749-ba1d80ac60e3,1777375848,0.39,2.77,yes,"{""count_fp"":""2.77"",""created_time"":""2026-04-28T11:30:48.908654Z"",""no_price_dollars"":""0.6100"",""taker_side"":""yes"",""ticker"":""KXBTC15M-26APR280745-45"",""trade_id"":""a6c98a6c-e879-45e5-5749-ba1d80ac60e3"",""yes_price_dollars"":""0.3900""}"
KXBTC15M-26APR280745-45,45a19cbd-9cc9-400d-b681-27c038efefab,1777375848,0.39,1.0,yes,"{""count_fp"":""1.00"",""created_time"":""2026-04-28T11:30:48.715197Z"",""no_price_dollars"":""0.6100"",""taker_side"":""yes"",""ticker"":""KXBTC15M-26APR280745-45"",""trade_id"":""45a19cbd-9cc9-400d-b681-27c038efefab"",""yes_price_dollars"":""0.3900""}"
KXBTC15M-26APR280745-45,8b493688-3955-7991-d4a4-22b3a49b5ac3,1777375848,0.39,25.0,yes,"{""count_fp"":""25.00"",""created_time"":""2026-04-28T11:30:48.008224Z"",""no_price_dollars"":""0.6100"",""taker_side"":""yes"",""ticker"":""KXBTC15M-26APR280745-45"",""trade_id"":""8b493688-3955-7991-d4a4-22b3a49b5ac3"",""yes_price_dollars"":""0.3900""}"
KXBTC15M-26APR280745-45,890aa2b8-c679-5cae-5bfd-66115f8627a9,1777375849,0.37,16.52,no,"{""count_fp"":""16.52"",""created_time"":""2026-04-28T11:30:49.873741Z"",""no_price_dollars"":""0.6300"",""taker_side"":""no"",""ticker"":""KXBTC15M-26APR280745-45"",""trade_id"":""890aa2b8-c679-5cae-5bfd-66115f8627a9"",""yes_price_dollars"":""0.3700""}"
KXBTC15M-26APR280745-45,cc4b20f9-a2dd-75ca-1074-f86437defe01,1777375849,0.37,16.82,no,"{""count_fp"":""16.82"",""created_time"":""2026-04-28T11:30:49.863359Z"",""no_price_dollars"":""0.6300"",""taker_side"":""no"",""ticker"":""KXBTC15M-26APR280745-45"",""trade_id"":""cc4b20f9-a2dd-75ca-1074-f86437defe01"",""yes_price_dollars"":""0.3700""}"
KXBTC15M-26APR280745-45,48430605-13e5-46e6-fbb2-9346c2f9d37d,1777375849,0.37,2.19,no,"{""count_fp"":""2.19"",""created_time"":""2026-04-28T11:30:49.845132Z"",""no_price_dollars"":""0.6300"",""taker_side"":""no"",""ticker"":""KXBTC15M-26APR280745-45"",""trade_id"":""48430605-13e5-46e6-fbb2-9346c2f9d37d"",""yes_price_dollars"":""0.3700""}"
KXBTC15M-26APR280745-45,2d56d18a-72df-4fe3-dd9b-f86064c9d380,1777375849,0.37,13.71,no,"{""count_fp"":""13.71"",""created_time"":""2026-04-28T11:30:49.845132Z"",""no_price_dollars"":""0.6300"",""taker_side"":""no"",""ticker"":""KXBTC15M-26APR280745-45"",""trade_id"":""2d56d18a-72df-4fe3-dd9b-f86064c9d380"",""yes_price_dollars"":""0.3700""}"
KXBTC15M-26APR280745-45,f3234b99-89f7-6183-c0a5-5d86bf6bfbb6,1777375850,0.37,1.0,no,"{""count_fp"":""1.00"",""created_time"":""2026-04-28T11:30:50.549424Z"",""no_price_dollars"":""0.6300"",""taker_side"":""no"",""ticker"":""KXBTC15M-26APR280745-45"",""trade_id"":""f3234b99-89f7-6183-c0a5-5d86bf6bfbb6"",""yes_price_dollars"":""0.3700""}"
KXBTC15M-26APR280745-45,7d6e7dc3-9aeb-7967-cc9c-3d4882312666,1777375850,0.37,1.5,no,"{""count_fp"":""1.50"",""created_time"":""2026-04-28T11:30:50.328132Z"",""no_price_dollars"":""0.6300"",""taker_side"":""no"",""ticker"":""KXBTC15M-26APR280745-45"",""trade_id"":""7d6e7dc3-9aeb-7967-cc9c-3d4882312666"",""yes_price_dollars"":""0.3700""}"
KXBTC15M-26APR280745-45,038c17ea-c55b-466b-fc46-edfff728062a,1777375851,0.37,15.46,no,"{""count_fp"":""15.46"",""created_time"":""2026-04-28T11:30:51.952613Z"",""no_price_dollars"":""0.6300"",""taker_side"":""no"",""ticker"":""KXBTC15M-26APR280745-45"",""trade_id"":""038c17ea-c55b-466b-fc46-edfff728062a"",""yes_price_dollars"":""0.3700""}"
KXBTC15M-26APR280745-45,80faf857-39d6-6859-ba27-3136d42d9b12,1777375851,0.38,36.83,yes,"{""count_fp"":""36.83"",""created_time"":""2026-04-28T11:30:51.448324Z"",""no_price_dollars"":""0.6200"",""taker_side"":""yes"",""ticker"":""KXBTC15M-26APR280745-45"",""trade_id"":""80faf857-39d6-6859-ba27-3136d42d9b12"",""yes_price_dollars"":""0.3800""}"
KXBTC15M-26APR280745-45,279483a4-0ad9-655d-8a4f-76e458041777,1777375851,0.38,38.83,yes,"{""count_fp"":""38.83"",""created_time"":""2026-04-28T11:30:51.448324Z"",""no_price_dollars"":""0.6200"",""taker_side"":""yes"",""ticker"":""KXBTC15M-26APR280745-45"",""trade_id"":""279483a4-0ad9-655d-8a4f-76e458041777"",""yes_price_dollars"":""0.3800""}"
KXBTC15M-26APR280745-45,b2c11fea-6105-4255-657b-e52d6fb1592b,1777375852,0.38,14.75,yes,"{""count_fp"":""14.75"",""created_time"":""2026-04-28T11:30:52.919087Z"",""no_price_dollars"":""0.6200"",""taker_side"":""yes"",""ticker"":""KXBTC15M-26APR280745-45"",""trade_id"":""b2c11fea-6105-4255-657b-e52d6fb1592b"",""yes_price_dollars"":""0.3800""}"
KXBTC15M-26APR280745-45,564ef2fe-3dfd-46cd-dabb-29ef5053caa3,1777375852,0.38,59.98,yes,"{""count_fp"":""59.98"",""created_time"":""2026-04-28T11:30:52.896489Z"",""no_price_dollars"":""0.6200"",""taker_side"":""yes"",""ticker"":""KXBTC15M-26APR280745-45"",""trade_id"":""564ef2fe-3dfd-46cd-dabb-29ef5053caa3"",""yes_price_dollars"":""0.3800""}"
KXBTC15M-26APR280745-45,02238e0d-3d0d-50dd-421d-ce80128787b3,1777375852,0.38,4.91,yes,"{""count_fp"":""4.91"",""created_time"":""2026-04-28T11:30:52.345424Z"",""no_price_dollars"":""0.6200"",""taker_side"":""yes"",""ticker"":""KXBTC15M-26APR280745-45"",""trade_id"":""02238e0d-3d0d-50dd-421d-ce80128787b3"",""yes_price_dollars"":""0.3800""}"
KXBTC15M-26APR280745-45,d4ea0de1-3d93-7a42-97f3-df1215f8d1b8,1777375854,0.36,0.31,no,"{""count_fp"":""0.31"",""created_time"":""2026-04-28T11:30:54.976033Z"",""no_price_dollars"":""0.6400"",""taker_side"":""no"",""ticker"":""KXBTC15M-26APR280745-45"",""trade_id"":""d4ea0de1-3d93-7a42-97f3-df1215f8d1b8"",""yes_price_dollars"":""0.3600""}"
KXBTC15M-26APR280745-45,b117f786-5d05-7b04-b3d5-d914edffc4df,1777375854,0.36,21.0,no,"{""count_fp"":""21.00"",""created_time"":""2026-04-28T11:30:54.976033Z"",""no_price_dollars"":""0.6400"",""taker_side"":""no"",""ticker"":""KXBTC15M-26APR280745-45"",""trade_id"":""b117f786-5d05-7b04-b3d5-d914edffc4df"",""yes_price_dollars"":""0.3600""}"
KXBTC15M-26APR280745-45,ac364894-72dc-79c9-b876-754afb84bfd4,1777375854,0.36,3.0,no,"{""count_fp"":""3.00"",""created_time"":""2026-04-28T11:30:54.976033Z"",""no_price_dollars"":""0.6400"",""taker_side"":""no"",""ticker"":""KXBTC15M-26APR280745-45"",""trade_id"":""ac364894-72dc-79c9-b876-754afb84bfd4"",""yes_price_dollars"":""0.3600""}"
