ticker,trade_id,ts,yes_price,count,taker_side,raw_json
KXBTC15M-26APR280330-30,b0791249-0e9e-408b-41bc-506b7c5569cc,1777360500,0.49,5.0,yes,"{""count_fp"":""5.00"",""created_time"":""2026-04-28T07:15:00.632166Z"",""no_price_dollars"":""0.5100"",""taker_side"":""yes"",""ticker"":""KXBTC15M-26APR280330-30"",""trade_id"":""b0791249-0e9e-408b-41bc-506b7c5569cc"",""yes_price_dollars"":""0.4900""}"
KXBTC15M-26APR280330-30,a4ddf4fb-b415-4309-7461-fd47a58351bf,1777360500,0.48,65.0,yes,"{""count_fp"":""65.00"",""created_time"":""2026-04-28T07:15:00.632166Z"",""no_price_dollars"":""0.5200"",""taker_side"":""yes"",""ticker"":""KXBTC15M-26APR280330-30"",""trade_id"":""a4ddf4fb-b415-4309-7461-fd47a58351bf"",""yes_price_dollars"":""0.4800""}"
KXBTC15M-26APR280330-30,8f28ae2f-ff35-76e5-b13a-e4a5a8474d6f,1777360501,0.49,2.0,no,"{""count_fp"":""2.00"",""created_time"":""2026-04-28T07:15:01.699736Z"",""no_price_dollars"":""0.5100"",""taker_side"":""no"",""ticker"":""KXBTC15M-26APR280330-30"",""trade_id"":""8f28ae2f-ff35-76e5-b13a-e4a5a8474d6f"",""yes_price_dollars"":""0.4900""}"
KXBTC15M-26APR280330-30,3fc0269c-4bca-71b6-9d6f-da1c32ceda71,1777360501,0.5,63.0,no,"{""count_fp"":""63.00"",""created_time"":""2026-04-28T07:15:01.699736Z"",""no_price_dollars"":""0.5000"",""taker_side"":""no"",""ticker"":""KXBTC15M-26APR280330-30"",""trade_id"":""3fc0269c-4bca-71b6-9d6f-da1c32ceda71"",""yes_price_dollars"":""0.5000""}"
KXBTC15M-26APR280330-30,b614afb0-d1ab-5ef1-acc9-4b0c07b52b76,1777360501,0.5,1.0,yes,"{""count_fp"":""1.00"",""created_time"":""2026-04-28T07:15:01.668429Z"",""no_price_dollars"":""0.5000"",""taker_side"":""yes"",""ticker"":""KXBTC15M-26APR280330-30"",""trade_id"":""b614afb0-d1ab-5ef1-acc9-4b0c07b52b76"",""yes_price_dollars"":""0.5000""}"
KXBTC15M-26APR280330-30,aa0f90c1-e8a2-59b6-bab5-d0be6745f4b0,1777360501,0.5,56.0,yes,"{""count_fp"":""56.00"",""created_time"":""2026-04-28T07:15:01.668429Z"",""no_price_dollars"":""0.5000"",""taker_side"":""yes"",""ticker"":""KXBTC15M-26APR280330-30"",""trade_id"":""aa0f90c1-e8a2-59b6-bab5-d0be6745f4b0"",""yes_price_dollars"":""0.5000""}"
KXBTC15M-26APR280330-30,6c626ab9-ddc9-7199-e547-c3ea1294abf9,1777360501,0.46,65.0,no,"{""count_fp"":""65.00"",""created_time"":""2026-04-28T07:15:01.148556Z"",""no_price_dollars"":""0.5400"",""taker_side"":""no"",""ticker"":""KXBTC15M-26APR280330-30"",""trade_id"":""6c626ab9-ddc9-7199-e547-c3ea1294abf9"",""yes_price_dollars"":""0.4600""}"
KXBTC15M-26APR280330-30,3c3c9ced-8ab0-7eba-df2c-3a1bff88d143,1777360501,0.46,1.0,no,"{""count_fp"":""1.00"",""created_time"":""2026-04-28T07:15:01.148556Z"",""no_price_dollars"":""0.5400"",""taker_side"":""no"",""ticker"":""KXBTC15M-26APR280330-30"",""trade_id"":""3c3c9ced-8ab0-7eba-df2c-3a1bff88d143"",""yes_price_dollars"":""0.4600""}"
KXBTC15M-26APR280330-30,9c17bb38-4781-44ae-393f-0ddb2d8235ab,1777360503,0.46,6.0,no,"{""count_fp"":""6.00"",""created_time"":""2026-04-28T07:15:03.971057Z"",""no_price_dollars"":""0.5400"",""taker_side"":""no"",""ticker"":""KXBTC15M-26APR280330-30"",""trade_id"":""9c17bb38-4781-44ae-393f-0ddb2d8235ab"",""yes_price_dollars"":""0.4600""}"
KXBTC15M-26APR280330-30,3e9ed848-8732-41cc-9181-8db0f5796aa4,1777360503,0.51,17.0,yes,"{""count_fp"":""17.00"",""created_time"":""2026-04-28T07:15:03.874928Z"",""no_price_dollars"":""0.4900"",""taker_side"":""yes"",""ticker"":""KXBTC15M-26APR280330-30"",""trade_id"":""3e9ed848-8732-41cc-9181-8db0f5796aa4"",""yes_price_dollars"":""0.5100""}"
KXBTC15M-26APR280330-30,bb86c224-f17d-4dcc-cac0-3c1fa1b2d8a8,1777360503,0.45,1.0,no,"{""count_fp"":""1.00"",""created_time"":""2026-04-28T07:15:03.786306Z"",""no_price_dollars"":""0.5500"",""taker_side"":""no"",""ticker"":""KXBTC15M-26APR280330-30"",""trade_id"":""bb86c224-f17d-4dcc-cac0-3c1fa1b2d8a8"",""yes_price_dollars"":""0.4500""}"
KXBTC15M-26APR280330-30,b7cace5d-8d52-4fa8-c30d-0e885acc4cfb,1777360503,0.45,1.0,no,"{""count_fp"":""1.00"",""created_time"":""2026-04-28T07:15:03.786306Z"",""no_price_dollars"":""0.5500"",""taker_side"":""no"",""ticker"":""KXBTC15M-26APR280330-30"",""trade_id"":""b7cace5d-8d52-4fa8-c30d-0e885acc4cfb"",""yes_price_dollars"":""0.4500""}"
KXBTC15M-26APR280330-30,b636a88b-dd97-4136-c4ea-4402993216fe,1777360503,0.46,49.0,no,"{""count_fp"":""49.00"",""created_time"":""2026-04-28T07:15:03.786306Z"",""no_price_dollars"":""0.5400"",""taker_side"":""no"",""ticker"":""KXBTC15M-26APR280330-30"",""trade_id"":""b636a88b-dd97-4136-c4ea-4402993216fe"",""yes_price_dollars"":""0.4600""}"
KXBTC15M-26APR280330-30,479b1044-2247-4f75-f55e-bc21476bbf04,1777360503,0.45,5.0,no,"{""count_fp"":""5.00"",""created_time"":""2026-04-28T07:15:03.786306Z"",""no_price_dollars"":""0.5500"",""taker_side"":""no"",""ticker"":""KXBTC15M-26APR280330-30"",""trade_id"":""479b1044-2247-4f75-f55e-bc21476bbf04"",""yes_price_dollars"":""0.4500""}"
KXBTC15M-26APR280330-30,3891ebff-09a8-4a2f-fa56-b06f03d3c946,1777360503,0.45,6.0,no,"{""count_fp"":""6.00"",""created_time"":""2026-04-28T07:15:03.786306Z"",""no_price_dollars"":""0.5500"",""taker_side"":""no"",""ticker"":""KXBTC15M-26APR280330-30"",""trade_id"":""3891ebff-09a8-4a2f-fa56-b06f03d3c946"",""yes_price_dollars"":""0.4500""}"
KXBTC15M-26APR280330-30,c8e3e28f-8514-5a33-d36d-21a27b3fd8af,1777360503,0.51,72.0,yes,"{""count_fp"":""72.00"",""created_time"":""2026-04-28T07:15:03.739025Z"",""no_price_dollars"":""0.4900"",""taker_side"":""yes"",""ticker"":""KXBTC15M-26APR280330-30"",""trade_id"":""c8e3e28f-8514-5a33-d36d-21a27b3fd8af"",""yes_price_dollars"":""0.5100""}"
KXBTC15M-26APR280330-30,9e485877-1d94-7aa3-aee4-b8100bcf8c23,1777360503,0.5,36.91,yes,"{""count_fp"":""36.91"",""created_time"":""2026-04-28T07:15:03.738321Z"",""no_price_dollars"":""0.5000"",""taker_side"":""yes"",""ticker"":""KXBTC15M-26APR280330-30"",""trade_id"":""9e485877-1d94-7aa3-aee4-b8100bcf8c23"",""yes_price_dollars"":""0.5000""}"
KXBTC15M-26APR280330-30,3de217be-7dd3-7caa-b640-e21e601388f0,1777360503,0.49,10.0,yes,"{""count_fp"":""10.00"",""created_time"":""2026-04-28T07:15:03.738321Z"",""no_price_dollars"":""0.5100"",""taker_side"":""yes"",""ticker"":""KXBTC15M-26APR280330-30"",""trade_id"":""3de217be-7dd3-7caa-b640-e21e601388f0"",""yes_price_dollars"":""0.4900""}"
KXBTC15M-26APR280330-30,3341e5f2-2a40-744b-97d4-e280a361cc67,1777360503,0.51,25.09,yes,"{""count_fp"":""25.09"",""created_time"":""2026-04-28T07:15:03.738321Z"",""no_price_dollars"":""0.4900"",""taker_side"":""yes"",""ticker"":""KXBTC15M-26APR280330-30"",""trade_id"":""3341e5f2-2a40-744b-97d4-e280a361cc67"",""yes_price_dollars"":""0.5100""}"
KXBTC15M-26APR280330-30,fc61152d-5238-7213-b681-168fba296af7,1777360503,0.49,12.09,yes,"{""count_fp"":""12.09"",""created_time"":""2026-04-28T07:15:03.623212Z"",""no_price_dollars"":""0.5100"",""taker_side"":""yes"",""ticker"":""KXBTC15M-26APR280330-30"",""trade_id"":""fc61152d-5238-7213-b681-168fba296af7"",""yes_price_dollars"":""0.4900""}"
KXBTC15M-26APR280330-30,af5a8aa9-f600-7bd4-a144-98ddf2321c9c,1777360503,0.49,4.91,yes,"{""count_fp"":""4.91"",""created_time"":""2026-04-28T07:15:03.623212Z"",""no_price_dollars"":""0.5100"",""taker_side"":""yes"",""ticker"":""KXBTC15M-26APR280330-30"",""trade_id"":""af5a8aa9-f600-7bd4-a144-98ddf2321c9c"",""yes_price_dollars"":""0.4900""}"
KXBTC15M-26APR280330-30,6fd9f891-3fdc-432c-8daf-3200ab2068c4,1777360503,0.49,7.44,yes,"{""count_fp"":""7.44"",""created_time"":""2026-04-28T07:15:03.215113Z"",""no_price_dollars"":""0.5100"",""taker_side"":""yes"",""ticker"":""KXBTC15M-26APR280330-30"",""trade_id"":""6fd9f891-3fdc-432c-8daf-3200ab2068c4"",""yes_price_dollars"":""0.4900""}"
KXBTC15M-26APR280330-30,ec9f0a1c-f05a-4e2c-ae1d-77b8c335c3ab,1777360505,0.51,10.0,yes,"{""count_fp"":""10.00"",""created_time"":""2026-04-28T07:15:05.924622Z"",""no_price_dollars"":""0.4900"",""taker_side"":""yes"",""ticker"":""KXBTC15M-26APR280330-30"",""trade_id"":""ec9f0a1c-f05a-4e2c-ae1d-77b8c335c3ab"",""yes_price_dollars"":""0.5100""}"
KXBTC15M-26APR280330-30,d753a1ba-e1f6-4f82-8cf2-da0435b38911,1777360505,0.5,5.0,yes,"{""count_fp"":""5.00"",""created_time"":""2026-04-28T07:15:05.924622Z"",""no_price_dollars"":""0.5000"",""taker_side"":""yes"",""ticker"":""KXBTC15M-26APR280330-30"",""trade_id"":""d753a1ba-e1f6-4f82-8cf2-da0435b38911"",""yes_price_dollars"":""0.5000""}"
KXBTC15M-26APR280330-30,2948c1a3-3cf8-4ff5-bb02-51057da6a019,1777360505,0.53,126.52,yes,"{""count_fp"":""126.52"",""created_time"":""2026-04-28T07:15:05.924622Z"",""no_price_dollars"":""0.4700"",""taker_side"":""yes"",""ticker"":""KXBTC15M-26APR280330-30"",""trade_id"":""2948c1a3-3cf8-4ff5-bb02-51057da6a019"",""yes_price_dollars"":""0.5300""}"
KXBTC15M-26APR280330-30,231bced3-d6d4-4763-bf29-e214f566a706,1777360505,0.49,2.0,yes,"{""count_fp"":""2.00"",""created_time"":""2026-04-28T07:15:05.924622Z"",""no_price_dollars"":""0.5100"",""taker_side"":""yes"",""ticker"":""KXBTC15M-26APR280330-30"",""trade_id"":""231bced3-d6d4-4763-bf29-e214f566a706"",""yes_price_dollars"":""0.4900""}"
KXBTC15M-26APR280330-30,d7d6856e-5040-678b-076e-6c78e6112174,1777360505,0.54,1.0,yes,"{""count_fp"":""1.00"",""created_time"":""2026-04-28T07:15:05.383174Z"",""no_price_dollars"":""0.4600"",""taker_side"":""yes"",""ticker"":""KXBTC15M-26APR280330-30"",""trade_id"":""d7d6856e-5040-678b-076e-6c78e6112174"",""yes_price_dollars"":""0.5400""}"
KXBTC15M-26APR280330-30,c1e38e62-272d-63e4-0188-2382093e3421,1777360505,0.54,49.35,yes,"{""count_fp"":""49.35"",""created_time"":""2026-04-28T07:15:05.383174Z"",""no_price_dollars"":""0.4600"",""taker_side"":""yes"",""ticker"":""KXBTC15M-26APR280330-30"",""trade_id"":""c1e38e62-272d-63e4-0188-2382093e3421"",""yes_price_dollars"":""0.5400""}"
KXBTC15M-26APR280330-30,610922ea-05ee-618f-1a33-7b3363890c3e,1777360505,0.5,85.0,yes,"{""count_fp"":""85.00"",""created_time"":""2026-04-28T07:15:05.383174Z"",""no_price_dollars"":""0.5000"",""taker_side"":""yes"",""ticker"":""KXBTC15M-26APR280330-30"",""trade_id"":""610922ea-05ee-618f-1a33-7b3363890c3e"",""yes_price_dollars"":""0.5000""}"
KXBTC15M-26APR280330-30,3e9d1ed1-7ed7-6b36-3fa1-f4711c0b2768,1777360505,0.5,1.0,yes,"{""count_fp"":""1.00"",""created_time"":""2026-04-28T07:15:05.383174Z"",""no_price_dollars"":""0.5000"",""taker_side"":""yes"",""ticker"":""KXBTC15M-26APR280330-30"",""trade_id"":""3e9d1ed1-7ed7-6b36-3fa1-f4711c0b2768"",""yes_price_dollars"":""0.5000""}"
KXBTC15M-26APR280330-30,4933f988-568e-4a1c-cf00-4cba40a389eb,1777360505,0.49,30.0,no,"{""count_fp"":""30.00"",""created_time"":""2026-04-28T07:15:05.267156Z"",""no_price_dollars"":""0.5100"",""taker_side"":""no"",""ticker"":""KXBTC15M-26APR280330-30"",""trade_id"":""4933f988-568e-4a1c-cf00-4cba40a389eb"",""yes_price_dollars"":""0.4900""}"
KXBTC15M-26APR280330-30,2f681be6-bef5-54ae-fe58-b5a74ba9f1b3,1777360505,0.46,53.82,no,"{""count_fp"":""53.82"",""created_time"":""2026-04-28T07:15:05.070959Z"",""no_price_dollars"":""0.5400"",""taker_side"":""no"",""ticker"":""KXBTC15M-26APR280330-30"",""trade_id"":""2f681be6-bef5-54ae-fe58-b5a74ba9f1b3"",""yes_price_dollars"":""0.4600""}"
KXBTC15M-26APR280330-30,de97a95b-37b8-5213-3480-7e9c1c16828d,1777360506,0.48,2.0,yes,"{""count_fp"":""2.00"",""created_time"":""2026-04-28T07:15:06.991005Z"",""no_price_dollars"":""0.5200"",""taker_side"":""yes"",""ticker"":""KXBTC15M-26APR280330-30"",""trade_id"":""de97a95b-37b8-5213-3480-7e9c1c16828d"",""yes_price_dollars"":""0.4800""}"
KXBTC15M-26APR280330-30,cfbdb0cc-07aa-58a6-191a-2a34e50299ab,1777360506,0.48,1.0,yes,"{""count_fp"":""1.00"",""created_time"":""2026-04-28T07:15:06.991005Z"",""no_price_dollars"":""0.5200"",""taker_side"":""yes"",""ticker"":""KXBTC15M-26APR280330-30"",""trade_id"":""cfbdb0cc-07aa-58a6-191a-2a34e50299ab"",""yes_price_dollars"":""0.4800""}"
KXBTC15M-26APR280330-30,adfd8a7b-e954-7d47-3ad4-4fc62348cd5a,1777360506,0.47,10.0,no,"{""count_fp"":""10.00"",""created_time"":""2026-04-28T07:15:06.103814Z"",""no_price_dollars"":""0.5300"",""taker_side"":""no"",""ticker"":""KXBTC15M-26APR280330-30"",""trade_id"":""adfd8a7b-e954-7d47-3ad4-4fc62348cd5a"",""yes_price_dollars"":""0.4700""}"
KXBTC15M-26APR280330-30,16a6512f-ba20-7f03-09b9-d13a4e37f44e,1777360506,0.47,16.91,no,"{""count_fp"":""16.91"",""created_time"":""2026-04-28T07:15:06.103814Z"",""no_price_dollars"":""0.5300"",""taker_side"":""no"",""ticker"":""KXBTC15M-26APR280330-30"",""trade_id"":""16a6512f-ba20-7f03-09b9-d13a4e37f44e"",""yes_price_dollars"":""0.4700""}"
KXBTC15M-26APR280330-30,19b554ea-6c2a-6ba6-6f66-00da77498455,1777360507,0.52,5.44,yes,"{""count_fp"":""5.44"",""created_time"":""2026-04-28T07:15:07.312154Z"",""no_price_dollars"":""0.4800"",""taker_side"":""yes"",""ticker"":""KXBTC15M-26APR280330-30"",""trade_id"":""19b554ea-6c2a-6ba6-6f66-00da77498455"",""yes_price_dollars"":""0.5200""}"
KXBTC15M-26APR280330-30,af95f46e-3a9e-5d4e-1f80-982b0d4db6cd,1777360507,0.5,10.0,no,"{""count_fp"":""10.00"",""created_time"":""2026-04-28T07:15:07.286309Z"",""no_price_dollars"":""0.5000"",""taker_side"":""no"",""ticker"":""KXBTC15M-26APR280330-30"",""trade_id"":""af95f46e-3a9e-5d4e-1f80-982b0d4db6cd"",""yes_price_dollars"":""0.5000""}"
KXBTC15M-26APR280330-30,0f9dfb6f-9f18-5a5f-1330-1d394c2ba3f5,1777360507,0.49,14.0,yes,"{""count_fp"":""14.00"",""created_time"":""2026-04-28T07:15:07.052316Z"",""no_price_dollars"":""0.5100"",""taker_side"":""yes"",""ticker"":""KXBTC15M-26APR280330-30"",""trade_id"":""0f9dfb6f-9f18-5a5f-1330-1d394c2ba3f5"",""yes_price_dollars"":""0.4900""}"
KXBTC15M-26APR280330-30,8a4e5b2f-d885-6ad3-b30f-1d731e858074,1777360509,0.53,5.0,no,"{""count_fp"":""5.00"",""created_time"":""2026-04-28T07:15:09.877598Z"",""no_price_dollars"":""0.4700"",""taker_side"":""no"",""ticker"":""KXBTC15M-26APR280330-30"",""trade_id"":""8a4e5b2f-d885-6ad3-b30f-1d731e858074"",""yes_price_dollars"":""0.5300""}"
KXBTC15M-26APR280330-30,10ae4826-ce17-6a72-9c68-37e5628f2ea7,1777360509,0.51,14.7,no,"{""count_fp"":""14.70"",""created_time"":""2026-04-28T07:15:09.877598Z"",""no_price_dollars"":""0.4900"",""taker_side"":""no"",""ticker"":""KXBTC15M-26APR280330-30"",""trade_id"":""10ae4826-ce17-6a72-9c68-37e5628f2ea7"",""yes_price_dollars"":""0.5100""}"
KXBTC15M-26APR280330-30,f2ebcacc-1032-4834-b614-6eac82aee822,1777360509,0.52,10.0,no,"{""count_fp"":""10.00"",""created_time"":""2026-04-28T07:15:09.329746Z"",""no_price_dollars"":""0.4800"",""taker_side"":""no"",""ticker"":""KXBTC15M-26APR280330-30"",""trade_id"":""f2ebcacc-1032-4834-b614-6eac82aee822"",""yes_price_dollars"":""0.5200""}"
KXBTC15M-26APR280330-30,db107a85-1fe6-463a-b725-22c4bd76ab74,1777360509,0.52,13.0,no,"{""count_fp"":""13.00"",""created_time"":""2026-04-28T07:15:09.329746Z"",""no_price_dollars"":""0.4800"",""taker_side"":""no"",""ticker"":""KXBTC15M-26APR280330-30"",""trade_id"":""db107a85-1fe6-463a-b725-22c4bd76ab74"",""yes_price_dollars"":""0.5200""}"
KXBTC15M-26APR280330-30,b125056f-7094-4f3e-94ba-fb93c15adbe3,1777360509,0.52,13.0,no,"{""count_fp"":""13.00"",""created_time"":""2026-04-28T07:15:09.329746Z"",""no_price_dollars"":""0.4800"",""taker_side"":""no"",""ticker"":""KXBTC15M-26APR280330-30"",""trade_id"":""b125056f-7094-4f3e-94ba-fb93c15adbe3"",""yes_price_dollars"":""0.5200""}"
KXBTC15M-26APR280330-30,5a8d8ffe-e909-49c5-b848-8e62abb381b6,1777360509,0.52,14.72,no,"{""count_fp"":""14.72"",""created_time"":""2026-04-28T07:15:09.329746Z"",""no_price_dollars"":""0.4800"",""taker_side"":""no"",""ticker"":""KXBTC15M-26APR280330-30"",""trade_id"":""5a8d8ffe-e909-49c5-b848-8e62abb381b6"",""yes_price_dollars"":""0.5200""}"
KXBTC15M-26APR280330-30,17932588-a9e0-4da6-8746-4611b868ba85,1777360509,0.53,39.47,no,"{""count_fp"":""39.47"",""created_time"":""2026-04-28T07:15:09.329746Z"",""no_price_dollars"":""0.4700"",""taker_side"":""no"",""ticker"":""KXBTC15M-26APR280330-30"",""trade_id"":""17932588-a9e0-4da6-8746-4611b868ba85"",""yes_price_dollars"":""0.5300""}"
KXBTC15M-26APR280330-30,e8d163dd-86f8-78ce-3eda-a6f89309c505,1777360509,0.54,44.62,no,"{""count_fp"":""44.62"",""created_time"":""2026-04-28T07:15:09.141369Z"",""no_price_dollars"":""0.4600"",""taker_side"":""no"",""ticker"":""KXBTC15M-26APR280330-30"",""trade_id"":""e8d163dd-86f8-78ce-3eda-a6f89309c505"",""yes_price_dollars"":""0.5400""}"
KXBTC15M-26APR280330-30,593359d4-ee9f-61bf-3c0b-5086b945b27f,1777360511,0.5,8.0,no,"{""count_fp"":""8.00"",""created_time"":""2026-04-28T07:15:11.961364Z"",""no_price_dollars"":""0.5000"",""taker_side"":""no"",""ticker"":""KXBTC15M-26APR280330-30"",""trade_id"":""593359d4-ee9f-61bf-3c0b-5086b945b27f"",""yes_price_dollars"":""0.5000""}"
KXBTC15M-26APR280330-30,5087cab6-43ea-63bb-2207-dfc3d33d78a2,1777360511,0.5,27.21,no,"{""count_fp"":""27.21"",""created_time"":""2026-04-28T07:15:11.961364Z"",""no_price_dollars"":""0.5000"",""taker_side"":""no"",""ticker"":""KXBTC15M-26APR280330-30"",""trade_id"":""5087cab6-43ea-63bb-2207-dfc3d33d78a2"",""yes_price_dollars"":""0.5000""}"
KXBTC15M-26APR280330-30,213f6502-6f1e-6560-20c0-e9ab1c2cfe58,1777360511,0.5,2.84,no,"{""count_fp"":""2.84"",""created_time"":""2026-04-28T07:15:11.961364Z"",""no_price_dollars"":""0.5000"",""taker_side"":""no"",""ticker"":""KXBTC15M-26APR280330-30"",""trade_id"":""213f6502-6f1e-6560-20c0-e9ab1c2cfe58"",""yes_price_dollars"":""0.5000""}"
KXBTC15M-26APR280330-30,dbecd5f5-74d7-7361-3b27-c4b3bd30defb,1777360511,0.51,3.0,yes,"{""count_fp"":""3.00"",""created_time"":""2026-04-28T07:15:11.519591Z"",""no_price_dollars"":""0.4900"",""taker_side"":""yes"",""ticker"":""KXBTC15M-26APR280330-30"",""trade_id"":""dbecd5f5-74d7-7361-3b27-c4b3bd30defb"",""yes_price_dollars"":""0.5100""}"
KXBTC15M-26APR280330-30,2d277a66-16c5-756f-1c8b-d2081ee5f79b,1777360511,0.51,17.0,yes,"{""count_fp"":""17.00"",""created_time"":""2026-04-28T07:15:11.519591Z"",""no_price_dollars"":""0.4900"",""taker_side"":""yes"",""ticker"":""KXBTC15M-26APR280330-30"",""trade_id"":""2d277a66-16c5-756f-1c8b-d2081ee5f79b"",""yes_price_dollars"":""0.5100""}"
KXBTC15M-26APR280330-30,ba63e081-4b13-51d2-7e29-bce38bda5327,1777360511,0.51,15.3,no,"{""count_fp"":""15.30"",""created_time"":""2026-04-28T07:15:11.323892Z"",""no_price_dollars"":""0.4900"",""taker_side"":""no"",""ticker"":""KXBTC15M-26APR280330-30"",""trade_id"":""ba63e081-4b13-51d2-7e29-bce38bda5327"",""yes_price_dollars"":""0.5100""}"
KXBTC15M-26APR280330-30,81b8c133-86e6-555f-63d7-19a239d58c2e,1777360511,0.5,2.79,no,"{""count_fp"":""2.79"",""created_time"":""2026-04-28T07:15:11.323892Z"",""no_price_dollars"":""0.5000"",""taker_side"":""no"",""ticker"":""KXBTC15M-26APR280330-30"",""trade_id"":""81b8c133-86e6-555f-63d7-19a239d58c2e"",""yes_price_dollars"":""0.5000""}"
KXBTC15M-26APR280330-30,4f959c61-87a2-5787-6b58-7884ec37c382,1777360511,0.51,1.0,no,"{""count_fp"":""1.00"",""created_time"":""2026-04-28T07:15:11.323892Z"",""no_price_dollars"":""0.4900"",""taker_side"":""no"",""ticker"":""KXBTC15M-26APR280330-30"",""trade_id"":""4f959c61-87a2-5787-6b58-7884ec37c382"",""yes_price_dollars"":""0.5100""}"
KXBTC15M-26APR280330-30,66e2be3c-c725-79ad-e0c1-c53b5cebd0e0,1777360512,0.46,3.0,yes,"{""count_fp"":""3.00"",""created_time"":""2026-04-28T07:15:12.518529Z"",""no_price_dollars"":""0.5400"",""taker_side"":""yes"",""ticker"":""KXBTC15M-26APR280330-30"",""trade_id"":""66e2be3c-c725-79ad-e0c1-c53b5cebd0e0"",""yes_price_dollars"":""0.4600""}"
KXBTC15M-26APR280330-30,f567de40-00f5-7adf-24de-2f35c9ff7a82,1777360512,0.47,10.0,no,"{""count_fp"":""10.00"",""created_time"":""2026-04-28T07:15:12.156863Z"",""no_price_dollars"":""0.5300"",""taker_side"":""no"",""ticker"":""KXBTC15M-26APR280330-30"",""trade_id"":""f567de40-00f5-7adf-24de-2f35c9ff7a82"",""yes_price_dollars"":""0.4700""}"
KXBTC15M-26APR280330-30,aafd2d67-c6b6-7a74-2add-a10c6999acf4,1777360512,0.5,17.16,no,"{""count_fp"":""17.16"",""created_time"":""2026-04-28T07:15:12.156863Z"",""no_price_dollars"":""0.5000"",""taker_side"":""no"",""ticker"":""KXBTC15M-26APR280330-30"",""trade_id"":""aafd2d67-c6b6-7a74-2add-a10c6999acf4"",""yes_price_dollars"":""0.5000""}"
KXBTC15M-26APR280330-30,871f3eea-c455-7b4c-319c-202c18013f71,1777360512,0.49,6.0,no,"{""count_fp"":""6.00"",""created_time"":""2026-04-28T07:15:12.156863Z"",""no_price_dollars"":""0.5100"",""taker_side"":""no"",""ticker"":""KXBTC15M-26APR280330-30"",""trade_id"":""871f3eea-c455-7b4c-319c-202c18013f71"",""yes_price_dollars"":""0.4900""}"
KXBTC15M-26APR280330-30,7c449f4b-dba7-783d-0455-aa6629ece814,1777360512,0.44,573.25,no,"{""count_fp"":""573.25"",""created_time"":""2026-04-28T07:15:12.156863Z"",""no_price_dollars"":""0.5600"",""taker_side"":""no"",""ticker"":""KXBTC15M-26APR280330-30"",""trade_id"":""7c449f4b-dba7-783d-0455-aa6629ece814"",""yes_price_dollars"":""0.4400""}"
KXBTC15M-26APR280330-30,728997a8-ffd3-7887-0af3-e00fa64a9aaf,1777360512,0.49,16.0,no,"{""count_fp"":""16.00"",""created_time"":""2026-04-28T07:15:12.156863Z"",""no_price_dollars"":""0.5100"",""taker_side"":""no"",""ticker"":""KXBTC15M-26APR280330-30"",""trade_id"":""728997a8-ffd3-7887-0af3-e00fa64a9aaf"",""yes_price_dollars"":""0.4900""}"
KXBTC15M-26APR280330-30,6d408b5f-b1f7-7e49-070b-3ceb4fb1b020,1777360512,0.45,200.0,no,"{""count_fp"":""200.00"",""created_time"":""2026-04-28T07:15:12.156863Z"",""no_price_dollars"":""0.5500"",""taker_side"":""no"",""ticker"":""KXBTC15M-26APR280330-30"",""trade_id"":""6d408b5f-b1f7-7e49-070b-3ceb4fb1b020"",""yes_price_dollars"":""0.4500""}"
KXBTC15M-26APR280330-30,69098a3c-f652-752c-3790-d0cb0a6d6d44,1777360512,0.5,13.0,no,"{""count_fp"":""13.00"",""created_time"":""2026-04-28T07:15:12.156863Z"",""no_price_dollars"":""0.5000"",""taker_side"":""no"",""ticker"":""KXBTC15M-26APR280330-30"",""trade_id"":""69098a3c-f652-752c-3790-d0cb0a6d6d44"",""yes_price_dollars"":""0.5000""}"
KXBTC15M-26APR280330-30,4d264774-6e3e-77fc-0cdf-0b4f01ea1fbd,1777360512,0.48,44.0,no,"{""count_fp"":""44.00"",""created_time"":""2026-04-28T07:15:12.156863Z"",""no_price_dollars"":""0.5200"",""taker_side"":""no"",""ticker"":""KXBTC15M-26APR280330-30"",""trade_id"":""4d264774-6e3e-77fc-0cdf-0b4f01ea1fbd"",""yes_price_dollars"":""0.4800""}"
KXBTC15M-26APR280330-30,49d49645-57c5-7989-0176-203acfc6f995,1777360512,0.47,5.0,no,"{""count_fp"":""5.00"",""created_time"":""2026-04-28T07:15:12.156863Z"",""no_price_dollars"":""0.5300"",""taker_side"":""no"",""ticker"":""KXBTC15M-26APR280330-30"",""trade_id"":""49d49645-57c5-7989-0176-203acfc6f995"",""yes_price_dollars"":""0.4700""}"
KXBTC15M-26APR280330-30,4251ec4d-4e49-706a-250f-b59c59d0e89f,1777360512,0.46,60.18,no,"{""count_fp"":""60.18"",""created_time"":""2026-04-28T07:15:12.156863Z"",""no_price_dollars"":""0.5400"",""taker_side"":""no"",""ticker"":""KXBTC15M-26APR280330-30"",""trade_id"":""4251ec4d-4e49-706a-250f-b59c59d0e89f"",""yes_price_dollars"":""0.4600""}"
KXBTC15M-26APR280330-30,421d217e-235f-788a-2619-f90490603616,1777360512,0.44,1.0,no,"{""count_fp"":""1.00"",""created_time"":""2026-04-28T07:15:12.156863Z"",""no_price_dollars"":""0.5600"",""taker_side"":""no"",""ticker"":""KXBTC15M-26APR280330-30"",""trade_id"":""421d217e-235f-788a-2619-f90490603616"",""yes_price_dollars"":""0.4400""}"
KXBTC15M-26APR280330-30,402ee5b4-2d8b-7e3f-33c4-875ca351fe9d,1777360512,0.46,17.0,no,"{""count_fp"":""17.00"",""created_time"":""2026-04-28T07:15:12.156863Z"",""no_price_dollars"":""0.5400"",""taker_side"":""no"",""ticker"":""KXBTC15M-26APR280330-30"",""trade_id"":""402ee5b4-2d8b-7e3f-33c4-875ca351fe9d"",""yes_price_dollars"":""0.4600""}"
KXBTC15M-26APR280330-30,3fe151c4-ed61-751c-39f8-1e5cbbbaec6f,1777360512,0.48,56.0,no,"{""count_fp"":""56.00"",""created_time"":""2026-04-28T07:15:12.156863Z"",""no_price_dollars"":""0.5200"",""taker_side"":""no"",""ticker"":""KXBTC15M-26APR280330-30"",""trade_id"":""3fe151c4-ed61-751c-39f8-1e5cbbbaec6f"",""yes_price_dollars"":""0.4800""}"
KXBTC15M-26APR280330-30,115923b6-9ed0-737e-2983-13824aba93e6,1777360512,0.45,1.0,no,"{""count_fp"":""1.00"",""created_time"":""2026-04-28T07:15:12.156863Z"",""no_price_dollars"":""0.5500"",""taker_side"":""no"",""ticker"":""KXBTC15M-26APR280330-30"",""trade_id"":""115923b6-9ed0-737e-2983-13824aba93e6"",""yes_price_dollars"":""0.4500""}"
KXBTC15M-26APR280330-30,018f9a6f-6e27-7b59-0104-6f6905a9a0e0,1777360512,0.45,1.0,no,"{""count_fp"":""1.00"",""created_time"":""2026-04-28T07:15:12.156863Z"",""no_price_dollars"":""0.5500"",""taker_side"":""no"",""ticker"":""KXBTC15M-26APR280330-30"",""trade_id"":""018f9a6f-6e27-7b59-0104-6f6905a9a0e0"",""yes_price_dollars"":""0.4500""}"
KXBTC15M-26APR280330-30,c131accd-3d29-6694-9273-aea73e81661c,1777360513,0.47,3.0,yes,"{""count_fp"":""3.00"",""created_time"":""2026-04-28T07:15:13.738748Z"",""no_price_dollars"":""0.5300"",""taker_side"":""yes"",""ticker"":""KXBTC15M-26APR280330-30"",""trade_id"":""c131accd-3d29-6694-9273-aea73e81661c"",""yes_price_dollars"":""0.4700""}"
KXBTC15M-26APR280330-30,bbb9f64b-8129-6375-a3f1-0c92580b4a8b,1777360513,0.47,3.0,yes,"{""count_fp"":""3.00"",""created_time"":""2026-04-28T07:15:13.738748Z"",""no_price_dollars"":""0.5300"",""taker_side"":""yes"",""ticker"":""KXBTC15M-26APR280330-30"",""trade_id"":""bbb9f64b-8129-6375-a3f1-0c92580b4a8b"",""yes_price_dollars"":""0.4700""}"
KXBTC15M-26APR280330-30,2ea85425-ead2-4efa-e1b6-586549a4fcbe,1777360514,0.46,3.42,no,"{""count_fp"":""3.42"",""created_time"":""2026-04-28T07:15:14.885578Z"",""no_price_dollars"":""0.5400"",""taker_side"":""no"",""ticker"":""KXBTC15M-26APR280330-30"",""trade_id"":""2ea85425-ead2-4efa-e1b6-586549a4fcbe"",""yes_price_dollars"":""0.4600""}"
KXBTC15M-26APR280330-30,0d6fb93b-5520-45b0-e08c-f27ba3be8ce2,1777360514,0.46,5.46,no,"{""count_fp"":""5.46"",""created_time"":""2026-04-28T07:15:14.885578Z"",""no_price_dollars"":""0.5400"",""taker_side"":""no"",""ticker"":""KXBTC15M-26APR280330-30"",""trade_id"":""0d6fb93b-5520-45b0-e08c-f27ba3be8ce2"",""yes_price_dollars"":""0.4600""}"
KXBTC15M-26APR280330-30,bffac3a3-eb56-465a-ceeb-e5d6b06e83d2,1777360514,0.46,3.58,no,"{""count_fp"":""3.58"",""created_time"":""2026-04-28T07:15:14.445708Z"",""no_price_dollars"":""0.5400"",""taker_side"":""no"",""ticker"":""KXBTC15M-26APR280330-30"",""trade_id"":""bffac3a3-eb56-465a-ceeb-e5d6b06e83d2"",""yes_price_dollars"":""0.4600""}"
KXBTC15M-26APR280330-30,5e9619d6-a2d4-7e71-ad45-3ae42915feb1,1777360515,0.37,63.18,yes,"{""count_fp"":""63.18"",""created_time"":""2026-04-28T07:15:15.694085Z"",""no_price_dollars"":""0.6300"",""taker_side"":""yes"",""ticker"":""KXBTC15M-26APR280330-30"",""trade_id"":""5e9619d6-a2d4-7e71-ad45-3ae42915feb1"",""yes_price_dollars"":""0.3700""}"
KXBTC15M-26APR280330-30,01edfd24-3bc2-7c23-bec2-068b50833cf3,1777360515,0.36,3.0,yes,"{""count_fp"":""3.00"",""created_time"":""2026-04-28T07:15:15.694085Z"",""no_price_dollars"":""0.6400"",""taker_side"":""yes"",""ticker"":""KXBTC15M-26APR280330-30"",""trade_id"":""01edfd24-3bc2-7c23-bec2-068b50833cf3"",""yes_price_dollars"":""0.3600""}"
KXBTC15M-26APR280330-30,ee170e3a-326a-6461-023e-95baeecbe244,1777360515,0.36,65.0,no,"{""count_fp"":""65.00"",""created_time"":""2026-04-28T07:15:15.658743Z"",""no_price_dollars"":""0.6400"",""taker_side"":""no"",""ticker"":""KXBTC15M-26APR280330-30"",""trade_id"":""ee170e3a-326a-6461-023e-95baeecbe244"",""yes_price_dollars"":""0.3600""}"
KXBTC15M-26APR280330-30,3220c6de-c011-4a24-eefd-c5d8aa07463b,1777360515,0.35,59.72,no,"{""count_fp"":""59.72"",""created_time"":""2026-04-28T07:15:15.654535Z"",""no_price_dollars"":""0.6500"",""taker_side"":""no"",""ticker"":""KXBTC15M-26APR280330-30"",""trade_id"":""3220c6de-c011-4a24-eefd-c5d8aa07463b"",""yes_price_dollars"":""0.3500""}"
KXBTC15M-26APR280330-30,fbfb227a-5a32-438a-687e-94ad663ed903,1777360515,0.36,10.0,no,"{""count_fp"":""10.00"",""created_time"":""2026-04-28T07:15:15.645807Z"",""no_price_dollars"":""0.6400"",""taker_side"":""no"",""ticker"":""KXBTC15M-26APR280330-30"",""trade_id"":""fbfb227a-5a32-438a-687e-94ad663ed903"",""yes_price_dollars"":""0.3600""}"
KXBTC15M-26APR280330-30,79847df9-df34-44ea-66a2-318bbc2ee895,1777360515,0.36,10.0,no,"{""count_fp"":""10.00"",""created_time"":""2026-04-28T07:15:15.645807Z"",""no_price_dollars"":""0.6400"",""taker_side"":""no"",""ticker"":""KXBTC15M-26APR280330-30"",""trade_id"":""79847df9-df34-44ea-66a2-318bbc2ee895"",""yes_price_dollars"":""0.3600""}"
KXBTC15M-26APR280330-30,d405a775-831b-5529-c6b5-3e11c79eaf24,1777360515,0.39,20.0,no,"{""count_fp"":""20.00"",""created_time"":""2026-04-28T07:15:15.641302Z"",""no_price_dollars"":""0.6100"",""taker_side"":""no"",""ticker"":""KXBTC15M-26APR280330-30"",""trade_id"":""d405a775-831b-5529-c6b5-3e11c79eaf24"",""yes_price_dollars"":""0.3900""}"
KXBTC15M-26APR280330-30,5b64bc30-57a7-59e3-eb7f-0c6fb5e4b51e,1777360515,0.37,139.0,no,"{""count_fp"":""139.00"",""created_time"":""2026-04-28T07:15:15.641302Z"",""no_price_dollars"":""0.6300"",""taker_side"":""no"",""ticker"":""KXBTC15M-26APR280330-30"",""trade_id"":""5b64bc30-57a7-59e3-eb7f-0c6fb5e4b51e"",""yes_price_dollars"":""0.3700""}"
KXBTC15M-26APR280330-30,4c93a86f-9c98-5a7e-e375-67bbd5b03f3d,1777360515,0.36,129.0,no,"{""count_fp"":""129.00"",""created_time"":""2026-04-28T07:15:15.641302Z"",""no_price_dollars"":""0.6400"",""taker_side"":""no"",""ticker"":""KXBTC15M-26APR280330-30"",""trade_id"":""4c93a86f-9c98-5a7e-e375-67bbd5b03f3d"",""yes_price_dollars"":""0.3600""}"
KXBTC15M-26APR280330-30,1eb008c9-7343-4eb4-a0fa-a69d8735363c,1777360515,0.38,132.0,no,"{""count_fp"":""132.00"",""created_time"":""2026-04-28T07:15:15.593254Z"",""no_price_dollars"":""0.6200"",""taker_side"":""no"",""ticker"":""KXBTC15M-26APR280330-30"",""trade_id"":""1eb008c9-7343-4eb4-a0fa-a69d8735363c"",""yes_price_dollars"":""0.3800""}"
KXBTC15M-26APR280330-30,863d07c3-fc02-5df8-a255-6f1f2951f0ad,1777360515,0.39,122.0,no,"{""count_fp"":""122.00"",""created_time"":""2026-04-28T07:15:15.584861Z"",""no_price_dollars"":""0.6100"",""taker_side"":""no"",""ticker"":""KXBTC15M-26APR280330-30"",""trade_id"":""863d07c3-fc02-5df8-a255-6f1f2951f0ad"",""yes_price_dollars"":""0.3900""}"
KXBTC15M-26APR280330-30,9d6352a2-290a-538e-0645-c5f8fb68a66f,1777360515,0.4,7.0,no,"{""count_fp"":""7.00"",""created_time"":""2026-04-28T07:15:15.575959Z"",""no_price_dollars"":""0.6000"",""taker_side"":""no"",""ticker"":""KXBTC15M-26APR280330-30"",""trade_id"":""9d6352a2-290a-538e-0645-c5f8fb68a66f"",""yes_price_dollars"":""0.4000""}"
KXBTC15M-26APR280330-30,5a2eed90-d88a-594c-2acd-ec8851fe6be5,1777360515,0.39,10.0,no,"{""count_fp"":""10.00"",""created_time"":""2026-04-28T07:15:15.575959Z"",""no_price_dollars"":""0.6100"",""taker_side"":""no"",""ticker"":""KXBTC15M-26APR280330-30"",""trade_id"":""5a2eed90-d88a-594c-2acd-ec8851fe6be5"",""yes_price_dollars"":""0.3900""}"
KXBTC15M-26APR280330-30,01362492-d65b-5003-31cb-7dfa7e1777d7,1777360515,0.4,109.0,no,"{""count_fp"":""109.00"",""created_time"":""2026-04-28T07:15:15.575959Z"",""no_price_dollars"":""0.6000"",""taker_side"":""no"",""ticker"":""KXBTC15M-26APR280330-30"",""trade_id"":""01362492-d65b-5003-31cb-7dfa7e1777d7"",""yes_price_dollars"":""0.4000""}"
KXBTC15M-26APR280330-30,f7f95860-ab24-7161-e354-28e833af99fe,1777360515,0.41,10.0,no,"{""count_fp"":""10.00"",""created_time"":""2026-04-28T07:15:15.524664Z"",""no_price_dollars"":""0.5900"",""taker_side"":""no"",""ticker"":""KXBTC15M-26APR280330-30"",""trade_id"":""f7f95860-ab24-7161-e354-28e833af99fe"",""yes_price_dollars"":""0.4100""}"
KXBTC15M-26APR280330-30,e09d2203-54bf-6bc4-1fa1-4084cbfa84b3,1777360515,0.43,20.0,no,"{""count_fp"":""20.00"",""created_time"":""2026-04-28T07:15:15.480694Z"",""no_price_dollars"":""0.5700"",""taker_side"":""no"",""ticker"":""KXBTC15M-26APR280330-30"",""trade_id"":""e09d2203-54bf-6bc4-1fa1-4084cbfa84b3"",""yes_price_dollars"":""0.4300""}"
KXBTC15M-26APR280330-30,a4613031-5565-629b-1d92-c06234fadc91,1777360515,0.42,3.0,no,"{""count_fp"":""3.00"",""created_time"":""2026-04-28T07:15:15.480694Z"",""no_price_dollars"":""0.5800"",""taker_side"":""no"",""ticker"":""KXBTC15M-26APR280330-30"",""trade_id"":""a4613031-5565-629b-1d92-c06234fadc91"",""yes_price_dollars"":""0.4200""}"
KXBTC15M-26APR280330-30,4dad53ba-9f3f-6663-1152-ff84ff6d9176,1777360515,0.42,1.0,no,"{""count_fp"":""1.00"",""created_time"":""2026-04-28T07:15:15.480694Z"",""no_price_dollars"":""0.5800"",""taker_side"":""no"",""ticker"":""KXBTC15M-26APR280330-30"",""trade_id"":""4dad53ba-9f3f-6663-1152-ff84ff6d9176"",""yes_price_dollars"":""0.4200""}"
KXBTC15M-26APR280330-30,48837972-af92-6a80-188d-374483c55473,1777360515,0.42,1.0,no,"{""count_fp"":""1.00"",""created_time"":""2026-04-28T07:15:15.480694Z"",""no_price_dollars"":""0.5800"",""taker_side"":""no"",""ticker"":""KXBTC15M-26APR280330-30"",""trade_id"":""48837972-af92-6a80-188d-374483c55473"",""yes_price_dollars"":""0.4200""}"
KXBTC15M-26APR280330-30,f579adbb-00ee-7de8-b252-c1d26bcbd4e2,1777360515,0.43,1.0,no,"{""count_fp"":""1.00"",""created_time"":""2026-04-28T07:15:15.453015Z"",""no_price_dollars"":""0.5700"",""taker_side"":""no"",""ticker"":""KXBTC15M-26APR280330-30"",""trade_id"":""f579adbb-00ee-7de8-b252-c1d26bcbd4e2"",""yes_price_dollars"":""0.4300""}"
KXBTC15M-26APR280330-30,1f3adcd0-b74e-7a5c-afe1-29592f2c3bef,1777360515,0.44,65.0,no,"{""count_fp"":""65.00"",""created_time"":""2026-04-28T07:15:15.453015Z"",""no_price_dollars"":""0.5600"",""taker_side"":""no"",""ticker"":""KXBTC15M-26APR280330-30"",""trade_id"":""1f3adcd0-b74e-7a5c-afe1-29592f2c3bef"",""yes_price_dollars"":""0.4400""}"
KXBTC15M-26APR280330-30,c49db8f8-163e-4184-a94a-178efd459ea0,1777360515,0.45,3.0,no,"{""count_fp"":""3.00"",""created_time"":""2026-04-28T07:15:15.446505Z"",""no_price_dollars"":""0.5500"",""taker_side"":""no"",""ticker"":""KXBTC15M-26APR280330-30"",""trade_id"":""c49db8f8-163e-4184-a94a-178efd459ea0"",""yes_price_dollars"":""0.4500""}"
KXBTC15M-26APR280330-30,bd30bdc8-870a-45ed-b417-619587fbe8cc,1777360515,0.46,9.0,no,"{""count_fp"":""9.00"",""created_time"":""2026-04-28T07:15:15.446505Z"",""no_price_dollars"":""0.5400"",""taker_side"":""no"",""ticker"":""KXBTC15M-26APR280330-30"",""trade_id"":""bd30bdc8-870a-45ed-b417-619587fbe8cc"",""yes_price_dollars"":""0.4600""}"
KXBTC15M-26APR280330-30,ad3f82f9-4265-402a-926c-73eab57355c3,1777360515,0.45,400.0,no,"{""count_fp"":""400.00"",""created_time"":""2026-04-28T07:15:15.446505Z"",""no_price_dollars"":""0.5500"",""taker_side"":""no"",""ticker"":""KXBTC15M-26APR280330-30"",""trade_id"":""ad3f82f9-4265-402a-926c-73eab57355c3"",""yes_price_dollars"":""0.4500""}"
KXBTC15M-26APR280330-30,6d04ccd3-363b-40e7-8137-c0cd0fcd7076,1777360515,0.45,475.61,no,"{""count_fp"":""475.61"",""created_time"":""2026-04-28T07:15:15.446505Z"",""no_price_dollars"":""0.5500"",""taker_side"":""no"",""ticker"":""KXBTC15M-26APR280330-30"",""trade_id"":""6d04ccd3-363b-40e7-8137-c0cd0fcd7076"",""yes_price_dollars"":""0.4500""}"
KXBTC15M-26APR280330-30,44986b65-9804-4df9-fc65-967969499080,1777360515,0.47,3.0,yes,"{""count_fp"":""3.00"",""created_time"":""2026-04-28T07:15:15.136095Z"",""no_price_dollars"":""0.5300"",""taker_side"":""yes"",""ticker"":""KXBTC15M-26APR280330-30"",""trade_id"":""44986b65-9804-4df9-fc65-967969499080"",""yes_price_dollars"":""0.4700""}"
KXBTC15M-26APR280330-30,431ba230-bf19-45c1-f3ab-b1f717144dab,1777360515,0.48,5.97,yes,"{""count_fp"":""5.97"",""created_time"":""2026-04-28T07:15:15.136095Z"",""no_price_dollars"":""0.5200"",""taker_side"":""yes"",""ticker"":""KXBTC15M-26APR280330-30"",""trade_id"":""431ba230-bf19-45c1-f3ab-b1f717144dab"",""yes_price_dollars"":""0.4800""}"
KXBTC15M-26APR280330-30,990687d6-7b3c-45f0-7f00-5e6bf5a54a9a,1777360515,0.46,3.58,no,"{""count_fp"":""3.58"",""created_time"":""2026-04-28T07:15:15.026675Z"",""no_price_dollars"":""0.5400"",""taker_side"":""no"",""ticker"":""KXBTC15M-26APR280330-30"",""trade_id"":""990687d6-7b3c-45f0-7f00-5e6bf5a54a9a"",""yes_price_dollars"":""0.4600""}"
KXBTC15M-26APR280330-30,ea75fed7-86b7-40bd-b58e-63bfe5f2bec9,1777360516,0.36,4.0,yes,"{""count_fp"":""4.00"",""created_time"":""2026-04-28T07:15:16.554162Z"",""no_price_dollars"":""0.6400"",""taker_side"":""yes"",""ticker"":""KXBTC15M-26APR280330-30"",""trade_id"":""ea75fed7-86b7-40bd-b58e-63bfe5f2bec9"",""yes_price_dollars"":""0.3600""}"
KXBTC15M-26APR280330-30,1dd95761-ac69-4037-91bb-d8b52d868791,1777360516,0.36,10.0,yes,"{""count_fp"":""10.00"",""created_time"":""2026-04-28T07:15:16.554162Z"",""no_price_dollars"":""0.6400"",""taker_side"":""yes"",""ticker"":""KXBTC15M-26APR280330-30"",""trade_id"":""1dd95761-ac69-4037-91bb-d8b52d868791"",""yes_price_dollars"":""0.3600""}"
KXBTC15M-26APR280330-30,ec6d594f-e693-7ac7-3789-68d61c2c3464,1777360516,0.36,5.08,yes,"{""count_fp"":""5.08"",""created_time"":""2026-04-28T07:15:16.359523Z"",""no_price_dollars"":""0.6400"",""taker_side"":""yes"",""ticker"":""KXBTC15M-26APR280330-30"",""trade_id"":""ec6d594f-e693-7ac7-3789-68d61c2c3464"",""yes_price_dollars"":""0.3600""}"
KXBTC15M-26APR280330-30,9951a64c-019a-701b-029f-f549aaa5915f,1777360516,0.36,3.0,yes,"{""count_fp"":""3.00"",""created_time"":""2026-04-28T07:15:16.359523Z"",""no_price_dollars"":""0.6400"",""taker_side"":""yes"",""ticker"":""KXBTC15M-26APR280330-30"",""trade_id"":""9951a64c-019a-701b-029f-f549aaa5915f"",""yes_price_dollars"":""0.3600""}"
KXBTC15M-26APR280330-30,e2210767-72ef-5c0f-89b0-9f5add0849d4,1777360516,0.37,2.0,yes,"{""count_fp"":""2.00"",""created_time"":""2026-04-28T07:15:16.168038Z"",""no_price_dollars"":""0.6300"",""taker_side"":""yes"",""ticker"":""KXBTC15M-26APR280330-30"",""trade_id"":""e2210767-72ef-5c0f-89b0-9f5add0849d4"",""yes_price_dollars"":""0.3700""}"
KXBTC15M-26APR280330-30,618650a4-a48a-5a3b-92ab-108585eef0a7,1777360516,0.36,3.0,yes,"{""count_fp"":""3.00"",""created_time"":""2026-04-28T07:15:16.168038Z"",""no_price_dollars"":""0.6400"",""taker_side"":""yes"",""ticker"":""KXBTC15M-26APR280330-30"",""trade_id"":""618650a4-a48a-5a3b-92ab-108585eef0a7"",""yes_price_dollars"":""0.3600""}"
KXBTC15M-26APR280330-30,c3344c4f-df0e-7cff-dbe6-ce7eac32f9c1,1777360517,0.35,5.38,yes,"{""count_fp"":""5.38"",""created_time"":""2026-04-28T07:15:17.949262Z"",""no_price_dollars"":""0.6500"",""taker_side"":""yes"",""ticker"":""KXBTC15M-26APR280330-30"",""trade_id"":""c3344c4f-df0e-7cff-dbe6-ce7eac32f9c1"",""yes_price_dollars"":""0.3500""}"
KXBTC15M-26APR280330-30,9c2d0367-0f7e-7943-f0c6-a4976a396680,1777360517,0.35,4.62,yes,"{""count_fp"":""4.62"",""created_time"":""2026-04-28T07:15:17.949262Z"",""no_price_dollars"":""0.6500"",""taker_side"":""yes"",""ticker"":""KXBTC15M-26APR280330-30"",""trade_id"":""9c2d0367-0f7e-7943-f0c6-a4976a396680"",""yes_price_dollars"":""0.3500""}"
KXBTC15M-26APR280330-30,38bcef28-4b06-480b-d069-9a0fd5c81800,1777360517,0.35,21.56,yes,"{""count_fp"":""21.56"",""created_time"":""2026-04-28T07:15:17.939785Z"",""no_price_dollars"":""0.6500"",""taker_side"":""yes"",""ticker"":""KXBTC15M-26APR280330-30"",""trade_id"":""38bcef28-4b06-480b-d069-9a0fd5c81800"",""yes_price_dollars"":""0.3500""}"
KXBTC15M-26APR280330-30,329d6bac-420d-6e29-6750-118f0d8ec45a,1777360517,0.34,72.07,no,"{""count_fp"":""72.07"",""created_time"":""2026-04-28T07:15:17.621451Z"",""no_price_dollars"":""0.6600"",""taker_side"":""no"",""ticker"":""KXBTC15M-26APR280330-30"",""trade_id"":""329d6bac-420d-6e29-6750-118f0d8ec45a"",""yes_price_dollars"":""0.3400""}"
KXBTC15M-26APR280330-30,744751ee-524a-6d5b-2b4d-8dac8aaa3d38,1777360517,0.35,1.0,yes,"{""count_fp"":""1.00"",""created_time"":""2026-04-28T07:15:17.366874Z"",""no_price_dollars"":""0.6500"",""taker_side"":""yes"",""ticker"":""KXBTC15M-26APR280330-30"",""trade_id"":""744751ee-524a-6d5b-2b4d-8dac8aaa3d38"",""yes_price_dollars"":""0.3500""}"
KXBTC15M-26APR280330-30,09993e73-b632-6b7b-8e3c-2cd84be314c8,1777360517,0.35,11.82,yes,"{""count_fp"":""11.82"",""created_time"":""2026-04-28T07:15:17.222374Z"",""no_price_dollars"":""0.6500"",""taker_side"":""yes"",""ticker"":""KXBTC15M-26APR280330-30"",""trade_id"":""09993e73-b632-6b7b-8e3c-2cd84be314c8"",""yes_price_dollars"":""0.3500""}"
KXBTC15M-26APR280330-30,b1368c85-14c9-7b19-9812-2e590733d63a,1777360517,0.34,21.72,no,"{""count_fp"":""21.72"",""created_time"":""2026-04-28T07:15:17.207316Z"",""no_price_dollars"":""0.6600"",""taker_side"":""no"",""ticker"":""KXBTC15M-26APR280330-30"",""trade_id"":""b1368c85-14c9-7b19-9812-2e590733d63a"",""yes_price_dollars"":""0.3400""}"
KXBTC15M-26APR280330-30,1d4eb864-15f1-44b9-8b9b-0095e1a3297e,1777360517,0.34,74.27,no,"{""count_fp"":""74.27"",""created_time"":""2026-04-28T07:15:17.104065Z"",""no_price_dollars"":""0.6600"",""taker_side"":""no"",""ticker"":""KXBTC15M-26APR280330-30"",""trade_id"":""1d4eb864-15f1-44b9-8b9b-0095e1a3297e"",""yes_price_dollars"":""0.3400""}"
KXBTC15M-26APR280330-30,f49db56b-846d-659b-66b6-b3564f137759,1777360517,0.35,5.2,yes,"{""count_fp"":""5.20"",""created_time"":""2026-04-28T07:15:17.044129Z"",""no_price_dollars"":""0.6500"",""taker_side"":""yes"",""ticker"":""KXBTC15M-26APR280330-30"",""trade_id"":""f49db56b-846d-659b-66b6-b3564f137759"",""yes_price_dollars"":""0.3500""}"
KXBTC15M-26APR280330-30,e4b8b7df-9bfb-6597-6af1-039ee0959d6f,1777360517,0.34,3.0,yes,"{""count_fp"":""3.00"",""created_time"":""2026-04-28T07:15:17.044129Z"",""no_price_dollars"":""0.6600"",""taker_side"":""yes"",""ticker"":""KXBTC15M-26APR280330-30"",""trade_id"":""e4b8b7df-9bfb-6597-6af1-039ee0959d6f"",""yes_price_dollars"":""0.3400""}"
KXBTC15M-26APR280330-30,b9c2fc35-d821-4b8c-149c-8f61ba0c6624,1777360517,0.35,4.0,no,"{""count_fp"":""4.00"",""created_time"":""2026-04-28T07:15:17.009054Z"",""no_price_dollars"":""0.6500"",""taker_side"":""no"",""ticker"":""KXBTC15M-26APR280330-30"",""trade_id"":""b9c2fc35-d821-4b8c-149c-8f61ba0c6624"",""yes_price_dollars"":""0.3500""}"
KXBTC15M-26APR280330-30,8bacdf91-3821-4030-23b5-9e7044bf56b3,1777360517,0.35,78.28,no,"{""count_fp"":""78.28"",""created_time"":""2026-04-28T07:15:17.009054Z"",""no_price_dollars"":""0.6500"",""taker_side"":""no"",""ticker"":""KXBTC15M-26APR280330-30"",""trade_id"":""8bacdf91-3821-4030-23b5-9e7044bf56b3"",""yes_price_dollars"":""0.3500""}"
KXBTC15M-26APR280330-30,27e6ac3e-9e61-4a69-2f5c-5df2019e1b8a,1777360517,0.33,173.34,no,"{""count_fp"":""173.34"",""created_time"":""2026-04-28T07:15:17.009054Z"",""no_price_dollars"":""0.6700"",""taker_side"":""no"",""ticker"":""KXBTC15M-26APR280330-30"",""trade_id"":""27e6ac3e-9e61-4a69-2f5c-5df2019e1b8a"",""yes_price_dollars"":""0.3300""}"
KXBTC15M-26APR280330-30,ebbd0fdf-49c1-41ad-0d47-08a4c3a8d187,1777360518,0.33,68.32,yes,"{""count_fp"":""68.32"",""created_time"":""2026-04-28T07:15:18.976308Z"",""no_price_dollars"":""0.6700"",""taker_side"":""yes"",""ticker"":""KXBTC15M-26APR280330-30"",""trade_id"":""ebbd0fdf-49c1-41ad-0d47-08a4c3a8d187"",""yes_price_dollars"":""0.3300""}"
KXBTC15M-26APR280330-30,3f5189b4-b7b9-6e39-e153-52ecb5442657,1777360518,0.33,24.0,yes,"{""count_fp"":""24.00"",""created_time"":""2026-04-28T07:15:18.729524Z"",""no_price_dollars"":""0.6700"",""taker_side"":""yes"",""ticker"":""KXBTC15M-26APR280330-30"",""trade_id"":""3f5189b4-b7b9-6e39-e153-52ecb5442657"",""yes_price_dollars"":""0.3300""}"
KXBTC15M-26APR280330-30,6ccaeb93-3b34-7030-8474-bdb2459ba862,1777360518,0.33,40.0,yes,"{""count_fp"":""40.00"",""created_time"":""2026-04-28T07:15:18.538396Z"",""no_price_dollars"":""0.6700"",""taker_side"":""yes"",""ticker"":""KXBTC15M-26APR280330-30"",""trade_id"":""6ccaeb93-3b34-7030-8474-bdb2459ba862"",""yes_price_dollars"":""0.3300""}"
KXBTC15M-26APR280330-30,993ea9ff-21cc-5508-1b7f-98e07330d916,1777360518,0.34,56.0,no,"{""count_fp"":""56.00"",""created_time"":""2026-04-28T07:15:18.495805Z"",""no_price_dollars"":""0.6600"",""taker_side"":""no"",""ticker"":""KXBTC15M-26APR280330-30"",""trade_id"":""993ea9ff-21cc-5508-1b7f-98e07330d916"",""yes_price_dollars"":""0.3400""}"
KXBTC15M-26APR280330-30,54150754-8e80-5319-2e8e-104c830b1206,1777360518,0.34,15.81,no,"{""count_fp"":""15.81"",""created_time"":""2026-04-28T07:15:18.495805Z"",""no_price_dollars"":""0.6600"",""taker_side"":""no"",""ticker"":""KXBTC15M-26APR280330-30"",""trade_id"":""54150754-8e80-5319-2e8e-104c830b1206"",""yes_price_dollars"":""0.3400""}"
KXBTC15M-26APR280330-30,8231f824-503c-4729-d66a-31d1d97010d2,1777360518,0.34,2.0,no,"{""count_fp"":""2.00"",""created_time"":""2026-04-28T07:15:18.248388Z"",""no_price_dollars"":""0.6600"",""taker_side"":""no"",""ticker"":""KXBTC15M-26APR280330-30"",""trade_id"":""8231f824-503c-4729-d66a-31d1d97010d2"",""yes_price_dollars"":""0.3400""}"
KXBTC15M-26APR280330-30,efb7e922-aa8e-6a00-c608-bbe9b4fa8e93,1777360518,0.34,10.0,no,"{""count_fp"":""10.00"",""created_time"":""2026-04-28T07:15:18.102317Z"",""no_price_dollars"":""0.6600"",""taker_side"":""no"",""ticker"":""KXBTC15M-26APR280330-30"",""trade_id"":""efb7e922-aa8e-6a00-c608-bbe9b4fa8e93"",""yes_price_dollars"":""0.3400""}"
KXBTC15M-26APR280330-30,1f680909-1e34-6c9d-dde0-9f4ccaa58bc6,1777360518,0.34,12.19,no,"{""count_fp"":""12.19"",""created_time"":""2026-04-28T07:15:18.102317Z"",""no_price_dollars"":""0.6600"",""taker_side"":""no"",""ticker"":""KXBTC15M-26APR280330-30"",""trade_id"":""1f680909-1e34-6c9d-dde0-9f4ccaa58bc6"",""yes_price_dollars"":""0.3400""}"
KXBTC15M-26APR280330-30,9480eb50-c7f9-43ff-07e4-cedaac7ef327,1777360519,0.32,0.35,no,"{""count_fp"":""0.35"",""created_time"":""2026-04-28T07:15:19.762791Z"",""no_price_dollars"":""0.6800"",""taker_side"":""no"",""ticker"":""KXBTC15M-26APR280330-30"",""trade_id"":""9480eb50-c7f9-43ff-07e4-cedaac7ef327"",""yes_price_dollars"":""0.3200""}"
KXBTC15M-26APR280330-30,59bc6570-cae9-59f1-73c2-339e75f7a7bf,1777360519,0.33,0.79,yes,"{""count_fp"":""0.79"",""created_time"":""2026-04-28T07:15:19.625975Z"",""no_price_dollars"":""0.6700"",""taker_side"":""yes"",""ticker"":""KXBTC15M-26APR280330-30"",""trade_id"":""59bc6570-cae9-59f1-73c2-339e75f7a7bf"",""yes_price_dollars"":""0.3300""}"
KXBTC15M-26APR280330-30,38d05340-f6ad-6639-5667-76d927a800fb,1777360519,0.33,13.66,yes,"{""count_fp"":""13.66"",""created_time"":""2026-04-28T07:15:19.625884Z"",""no_price_dollars"":""0.6700"",""taker_side"":""yes"",""ticker"":""KXBTC15M-26APR280330-30"",""trade_id"":""38d05340-f6ad-6639-5667-76d927a800fb"",""yes_price_dollars"":""0.3300""}"
KXBTC15M-26APR280330-30,c6c32b1d-9d01-79f5-4acb-3bc5df44b117,1777360519,0.33,12.0,yes,"{""count_fp"":""12.00"",""created_time"":""2026-04-28T07:15:19.032458Z"",""no_price_dollars"":""0.6700"",""taker_side"":""yes"",""ticker"":""KXBTC15M-26APR280330-30"",""trade_id"":""c6c32b1d-9d01-79f5-4acb-3bc5df44b117"",""yes_price_dollars"":""0.3300""}"
KXBTC15M-26APR280330-30,ae07a09e-cce9-794d-41cb-f69a5044622f,1777360520,0.33,349.29,yes,"{""count_fp"":""349.29"",""created_time"":""2026-04-28T07:15:20.903628Z"",""no_price_dollars"":""0.6700"",""taker_side"":""yes"",""ticker"":""KXBTC15M-26APR280330-30"",""trade_id"":""ae07a09e-cce9-794d-41cb-f69a5044622f"",""yes_price_dollars"":""0.3300""}"
KXBTC15M-26APR280330-30,936e71c4-dba2-7d27-4ee4-817de5aaf59d,1777360520,0.33,26.0,yes,"{""count_fp"":""26.00"",""created_time"":""2026-04-28T07:15:20.903628Z"",""no_price_dollars"":""0.6700"",""taker_side"":""yes"",""ticker"":""KXBTC15M-26APR280330-30"",""trade_id"":""936e71c4-dba2-7d27-4ee4-817de5aaf59d"",""yes_price_dollars"":""0.3300""}"
KXBTC15M-26APR280330-30,689a55b5-3c48-77d1-6ad9-6b606b352df7,1777360520,0.34,40.0,yes,"{""count_fp"":""40.00"",""created_time"":""2026-04-28T07:15:20.903628Z"",""no_price_dollars"":""0.6600"",""taker_side"":""yes"",""ticker"":""KXBTC15M-26APR280330-30"",""trade_id"":""689a55b5-3c48-77d1-6ad9-6b606b352df7"",""yes_price_dollars"":""0.3400""}"
KXBTC15M-26APR280330-30,319006de-850f-772f-7788-3dba801f1af4,1777360520,0.34,74.71,yes,"{""count_fp"":""74.71"",""created_time"":""2026-04-28T07:15:20.903628Z"",""no_price_dollars"":""0.6600"",""taker_side"":""yes"",""ticker"":""KXBTC15M-26APR280330-30"",""trade_id"":""319006de-850f-772f-7788-3dba801f1af4"",""yes_price_dollars"":""0.3400""}"
KXBTC15M-26APR280330-30,2b91ea51-3794-7c04-616c-3b381fdce678,1777360520,0.33,10.0,yes,"{""count_fp"":""10.00"",""created_time"":""2026-04-28T07:15:20.903628Z"",""no_price_dollars"":""0.6700"",""taker_side"":""yes"",""ticker"":""KXBTC15M-26APR280330-30"",""trade_id"":""2b91ea51-3794-7c04-616c-3b381fdce678"",""yes_price_dollars"":""0.3300""}"
KXBTC15M-26APR280330-30,0a284f76-ee51-5b5f-0f11-7221830ff697,1777360520,0.32,14.38,no,"{""count_fp"":""14.38"",""created_time"":""2026-04-28T07:15:20.889705Z"",""no_price_dollars"":""0.6800"",""taker_side"":""no"",""ticker"":""KXBTC15M-26APR280330-30"",""trade_id"":""0a284f76-ee51-5b5f-0f11-7221830ff697"",""yes_price_dollars"":""0.3200""}"
KXBTC15M-26APR280330-30,45fb93fd-e229-54fd-16f3-c997dc5d6d5b,1777360520,0.33,28.94,yes,"{""count_fp"":""28.94"",""created_time"":""2026-04-28T07:15:20.833873Z"",""no_price_dollars"":""0.6700"",""taker_side"":""yes"",""ticker"":""KXBTC15M-26APR280330-30"",""trade_id"":""45fb93fd-e229-54fd-16f3-c997dc5d6d5b"",""yes_price_dollars"":""0.3300""}"
KXBTC15M-26APR280330-30,d2871810-2325-40c3-7716-ce280df29ae7,1777360520,0.32,1.0,no,"{""count_fp"":""1.00"",""created_time"":""2026-04-28T07:15:20.713207Z"",""no_price_dollars"":""0.6800"",""taker_side"":""no"",""ticker"":""KXBTC15M-26APR280330-30"",""trade_id"":""d2871810-2325-40c3-7716-ce280df29ae7"",""yes_price_dollars"":""0.3200""}"
KXBTC15M-26APR280330-30,756d4d56-402d-7ab9-61c9-5cfd2022a347,1777360520,0.33,1.0,yes,"{""count_fp"":""1.00"",""created_time"":""2026-04-28T07:15:20.426523Z"",""no_price_dollars"":""0.6700"",""taker_side"":""yes"",""ticker"":""KXBTC15M-26APR280330-30"",""trade_id"":""756d4d56-402d-7ab9-61c9-5cfd2022a347"",""yes_price_dollars"":""0.3300""}"
KXBTC15M-26APR280330-30,fbc920c0-64cd-59ef-57fb-1cdf650bdeab,1777360521,0.32,1.43,no,"{""count_fp"":""1.43"",""created_time"":""2026-04-28T07:15:21.876833Z"",""no_price_dollars"":""0.6800"",""taker_side"":""no"",""ticker"":""KXBTC15M-26APR280330-30"",""trade_id"":""fbc920c0-64cd-59ef-57fb-1cdf650bdeab"",""yes_price_dollars"":""0.3200""}"
KXBTC15M-26APR280330-30,79f83572-3d6b-74b1-ce78-df6b5ac934cb,1777360522,0.33,144.72,yes,"{""count_fp"":""144.72"",""created_time"":""2026-04-28T07:15:22.384197Z"",""no_price_dollars"":""0.6700"",""taker_side"":""yes"",""ticker"":""KXBTC15M-26APR280330-30"",""trade_id"":""79f83572-3d6b-74b1-ce78-df6b5ac934cb"",""yes_price_dollars"":""0.3300""}"
KXBTC15M-26APR280330-30,6987251e-7749-5c47-0a37-e1bb4daf38fb,1777360522,0.32,7.19,no,"{""count_fp"":""7.19"",""created_time"":""2026-04-28T07:15:22.360775Z"",""no_price_dollars"":""0.6800"",""taker_side"":""no"",""ticker"":""KXBTC15M-26APR280330-30"",""trade_id"":""6987251e-7749-5c47-0a37-e1bb4daf38fb"",""yes_price_dollars"":""0.3200""}"
KXBTC15M-26APR280330-30,dbf3d943-996f-6c2d-a385-09b949457483,1777360522,0.33,1.0,yes,"{""count_fp"":""1.00"",""created_time"":""2026-04-28T07:15:22.321014Z"",""no_price_dollars"":""0.6700"",""taker_side"":""yes"",""ticker"":""KXBTC15M-26APR280330-30"",""trade_id"":""dbf3d943-996f-6c2d-a385-09b949457483"",""yes_price_dollars"":""0.3300""}"
KXBTC15M-26APR280330-30,2ea78ddd-6a41-7e23-1b17-4d7f119480e7,1777360522,0.32,1.43,no,"{""count_fp"":""1.43"",""created_time"":""2026-04-28T07:15:22.113781Z"",""no_price_dollars"":""0.6800"",""taker_side"":""no"",""ticker"":""KXBTC15M-26APR280330-30"",""trade_id"":""2ea78ddd-6a41-7e23-1b17-4d7f119480e7"",""yes_price_dollars"":""0.3200""}"
KXBTC15M-26APR280330-30,2486b23b-d231-4183-516c-8e5dd7756bc3,1777360522,0.32,7.19,no,"{""count_fp"":""7.19"",""created_time"":""2026-04-28T07:15:22.070808Z"",""no_price_dollars"":""0.6800"",""taker_side"":""no"",""ticker"":""KXBTC15M-26APR280330-30"",""trade_id"":""2486b23b-d231-4183-516c-8e5dd7756bc3"",""yes_price_dollars"":""0.3200""}"
KXBTC15M-26APR280330-30,7f24dec6-6c6b-48e5-d75b-671f8ac9669f,1777360523,0.33,19.51,yes,"{""count_fp"":""19.51"",""created_time"":""2026-04-28T07:15:23.720989Z"",""no_price_dollars"":""0.6700"",""taker_side"":""yes"",""ticker"":""KXBTC15M-26APR280330-30"",""trade_id"":""7f24dec6-6c6b-48e5-d75b-671f8ac9669f"",""yes_price_dollars"":""0.3300""}"
KXBTC15M-26APR280330-30,a6eeb6fa-329b-53ed-3900-5efebc74b04f,1777360523,0.33,6.0,yes,"{""count_fp"":""6.00"",""created_time"":""2026-04-28T07:15:23.666095Z"",""no_price_dollars"":""0.6700"",""taker_side"":""yes"",""ticker"":""KXBTC15M-26APR280330-30"",""trade_id"":""a6eeb6fa-329b-53ed-3900-5efebc74b04f"",""yes_price_dollars"":""0.3300""}"
KXBTC15M-26APR280330-30,e51da2f6-942f-75a6-732e-4c7dd9485a14,1777360523,0.32,3.0,no,"{""count_fp"":""3.00"",""created_time"":""2026-04-28T07:15:23.655052Z"",""no_price_dollars"":""0.6800"",""taker_side"":""no"",""ticker"":""KXBTC15M-26APR280330-30"",""trade_id"":""e51da2f6-942f-75a6-732e-4c7dd9485a14"",""yes_price_dollars"":""0.3200""}"
KXBTC15M-26APR280330-30,c02ab277-081d-735c-697c-50b2e825a352,1777360523,0.32,6.47,no,"{""count_fp"":""6.47"",""created_time"":""2026-04-28T07:15:23.655052Z"",""no_price_dollars"":""0.6800"",""taker_side"":""no"",""ticker"":""KXBTC15M-26APR280330-30"",""trade_id"":""c02ab277-081d-735c-697c-50b2e825a352"",""yes_price_dollars"":""0.3200""}"
KXBTC15M-26APR280330-30,8a243448-c5d6-7477-5121-35d08144c2c5,1777360523,0.32,100.0,no,"{""count_fp"":""100.00"",""created_time"":""2026-04-28T07:15:23.655052Z"",""no_price_dollars"":""0.6800"",""taker_side"":""no"",""ticker"":""KXBTC15M-26APR280330-30"",""trade_id"":""8a243448-c5d6-7477-5121-35d08144c2c5"",""yes_price_dollars"":""0.3200""}"
KXBTC15M-26APR280330-30,4d497968-07bd-7a3f-520b-f78134183453,1777360523,0.32,7.03,no,"{""count_fp"":""7.03"",""created_time"":""2026-04-28T07:15:23.655052Z"",""no_price_dollars"":""0.6800"",""taker_side"":""no"",""ticker"":""KXBTC15M-26APR280330-30"",""trade_id"":""4d497968-07bd-7a3f-520b-f78134183453"",""yes_price_dollars"":""0.3200""}"
KXBTC15M-26APR280330-30,f196e2a5-8fdb-7ded-b312-ed3404429967,1777360523,0.33,144.72,yes,"{""count_fp"":""144.72"",""created_time"":""2026-04-28T07:15:23.446997Z"",""no_price_dollars"":""0.6700"",""taker_side"":""yes"",""ticker"":""KXBTC15M-26APR280330-30"",""trade_id"":""f196e2a5-8fdb-7ded-b312-ed3404429967"",""yes_price_dollars"":""0.3300""}"
KXBTC15M-26APR280330-30,934b2dcb-fd0b-7c1d-7852-a54be5239ddf,1777360523,0.33,10.0,yes,"{""count_fp"":""10.00"",""created_time"":""2026-04-28T07:15:23.260522Z"",""no_price_dollars"":""0.6700"",""taker_side"":""yes"",""ticker"":""KXBTC15M-26APR280330-30"",""trade_id"":""934b2dcb-fd0b-7c1d-7852-a54be5239ddf"",""yes_price_dollars"":""0.3300""}"
KXBTC15M-26APR280330-30,0e6d6fb5-956f-66d9-d8ec-1dc8d5899e57,1777360525,0.33,10.0,yes,"{""count_fp"":""10.00"",""created_time"":""2026-04-28T07:15:25.718536Z"",""no_price_dollars"":""0.6700"",""taker_side"":""yes"",""ticker"":""KXBTC15M-26APR280330-30"",""trade_id"":""0e6d6fb5-956f-66d9-d8ec-1dc8d5899e57"",""yes_price_dollars"":""0.3300""}"
KXBTC15M-26APR280330-30,c33fc5ef-3bb3-7e71-351f-72eef7bf3cdf,1777360525,0.33,28.94,yes,"{""count_fp"":""28.94"",""created_time"":""2026-04-28T07:15:25.668662Z"",""no_price_dollars"":""0.6700"",""taker_side"":""yes"",""ticker"":""KXBTC15M-26APR280330-30"",""trade_id"":""c33fc5ef-3bb3-7e71-351f-72eef7bf3cdf"",""yes_price_dollars"":""0.3300""}"
KXBTC15M-26APR280330-30,03586d05-c747-4575-897c-9fc40935e0d7,1777360525,0.33,20.26,yes,"{""count_fp"":""20.26"",""created_time"":""2026-04-28T07:15:25.641759Z"",""no_price_dollars"":""0.6700"",""taker_side"":""yes"",""ticker"":""KXBTC15M-26APR280330-30"",""trade_id"":""03586d05-c747-4575-897c-9fc40935e0d7"",""yes_price_dollars"":""0.3300""}"
KXBTC15M-26APR280330-30,202cccd5-c77d-5b54-961c-3ec2a231a566,1777360525,0.32,36.0,no,"{""count_fp"":""36.00"",""created_time"":""2026-04-28T07:15:25.016144Z"",""no_price_dollars"":""0.6800"",""taker_side"":""no"",""ticker"":""KXBTC15M-26APR280330-30"",""trade_id"":""202cccd5-c77d-5b54-961c-3ec2a231a566"",""yes_price_dollars"":""0.3200""}"
KXBTC15M-26APR280330-30,b8803e6f-1e7f-4fa9-663b-f6d46c392fc7,1777360526,0.33,6.94,yes,"{""count_fp"":""6.94"",""created_time"":""2026-04-28T07:15:26.606123Z"",""no_price_dollars"":""0.6700"",""taker_side"":""yes"",""ticker"":""KXBTC15M-26APR280330-30"",""trade_id"":""b8803e6f-1e7f-4fa9-663b-f6d46c392fc7"",""yes_price_dollars"":""0.3300""}"
KXBTC15M-26APR280330-30,d24139bb-8fd2-7294-0cd3-947ffe0c1fe0,1777360527,0.33,1.0,yes,"{""count_fp"":""1.00"",""created_time"":""2026-04-28T07:15:27.522897Z"",""no_price_dollars"":""0.6700"",""taker_side"":""yes"",""ticker"":""KXBTC15M-26APR280330-30"",""trade_id"":""d24139bb-8fd2-7294-0cd3-947ffe0c1fe0"",""yes_price_dollars"":""0.3300""}"
KXBTC15M-26APR280330-30,c1c4ab08-9ec8-78bb-125f-4d5f4023248c,1777360527,0.33,7.0,yes,"{""count_fp"":""7.00"",""created_time"":""2026-04-28T07:15:27.522897Z"",""no_price_dollars"":""0.6700"",""taker_side"":""yes"",""ticker"":""KXBTC15M-26APR280330-30"",""trade_id"":""c1c4ab08-9ec8-78bb-125f-4d5f4023248c"",""yes_price_dollars"":""0.3300""}"
KXBTC15M-26APR280330-30,9a0a6260-59a1-721f-05cf-f73e2a5ec8c5,1777360527,0.34,102.0,yes,"{""count_fp"":""102.00"",""created_time"":""2026-04-28T07:15:27.522897Z"",""no_price_dollars"":""0.6600"",""taker_side"":""yes"",""ticker"":""KXBTC15M-26APR280330-30"",""trade_id"":""9a0a6260-59a1-721f-05cf-f73e2a5ec8c5"",""yes_price_dollars"":""0.3400""}"
KXBTC15M-26APR280330-30,8463648d-6add-7890-03ec-20656a68784c,1777360527,0.34,3.0,yes,"{""count_fp"":""3.00"",""created_time"":""2026-04-28T07:15:27.522897Z"",""no_price_dollars"":""0.6600"",""taker_side"":""yes"",""ticker"":""KXBTC15M-26APR280330-30"",""trade_id"":""8463648d-6add-7890-03ec-20656a68784c"",""yes_price_dollars"":""0.3400""}"
KXBTC15M-26APR280330-30,778be605-80d9-7e52-1c7f-d7bb8f7499cc,1777360527,0.33,80.0,yes,"{""count_fp"":""80.00"",""created_time"":""2026-04-28T07:15:27.522897Z"",""no_price_dollars"":""0.6700"",""taker_side"":""yes"",""ticker"":""KXBTC15M-26APR280330-30"",""trade_id"":""778be605-80d9-7e52-1c7f-d7bb8f7499cc"",""yes_price_dollars"":""0.3300""}"
KXBTC15M-26APR280330-30,6edabd66-3c0c-7c3f-168d-a950015a6b21,1777360527,0.34,40.0,yes,"{""count_fp"":""40.00"",""created_time"":""2026-04-28T07:15:27.522897Z"",""no_price_dollars"":""0.6600"",""taker_side"":""yes"",""ticker"":""KXBTC15M-26APR280330-30"",""trade_id"":""6edabd66-3c0c-7c3f-168d-a950015a6b21"",""yes_price_dollars"":""0.3400""}"
KXBTC15M-26APR280330-30,630ccf8c-8ebf-7ad7-2d7d-923772736548,1777360527,0.34,49.03,yes,"{""count_fp"":""49.03"",""created_time"":""2026-04-28T07:15:27.522897Z"",""no_price_dollars"":""0.6600"",""taker_side"":""yes"",""ticker"":""KXBTC15M-26APR280330-30"",""trade_id"":""630ccf8c-8ebf-7ad7-2d7d-923772736548"",""yes_price_dollars"":""0.3400""}"
KXBTC15M-26APR280330-30,5ee08a00-bce7-7441-31db-0de6326e6473,1777360527,0.33,97.13,yes,"{""count_fp"":""97.13"",""created_time"":""2026-04-28T07:15:27.522897Z"",""no_price_dollars"":""0.6700"",""taker_side"":""yes"",""ticker"":""KXBTC15M-26APR280330-30"",""trade_id"":""5ee08a00-bce7-7441-31db-0de6326e6473"",""yes_price_dollars"":""0.3300""}"
KXBTC15M-26APR280330-30,5e7ba698-3507-72eb-20a9-c869336b0726,1777360527,0.33,10.0,yes,"{""count_fp"":""10.00"",""created_time"":""2026-04-28T07:15:27.522897Z"",""no_price_dollars"":""0.6700"",""taker_side"":""yes"",""ticker"":""KXBTC15M-26APR280330-30"",""trade_id"":""5e7ba698-3507-72eb-20a9-c869336b0726"",""yes_price_dollars"":""0.3300""}"
KXBTC15M-26APR280330-30,3e1e3169-1f5e-72f3-1131-ed74cb3b41b2,1777360527,0.34,20.0,yes,"{""count_fp"":""20.00"",""created_time"":""2026-04-28T07:15:27.522897Z"",""no_price_dollars"":""0.6600"",""taker_side"":""yes"",""ticker"":""KXBTC15M-26APR280330-30"",""trade_id"":""3e1e3169-1f5e-72f3-1131-ed74cb3b41b2"",""yes_price_dollars"":""0.3400""}"
KXBTC15M-26APR280330-30,2345c36a-55f3-7e71-1eb6-3c4f802afe2d,1777360527,0.34,10.0,yes,"{""count_fp"":""10.00"",""created_time"":""2026-04-28T07:15:27.522897Z"",""no_price_dollars"":""0.6600"",""taker_side"":""yes"",""ticker"":""KXBTC15M-26APR280330-30"",""trade_id"":""2345c36a-55f3-7e71-1eb6-3c4f802afe2d"",""yes_price_dollars"":""0.3400""}"
KXBTC15M-26APR280330-30,231f89f0-2cbb-456d-6136-abefe79589af,1777360527,0.33,5.0,yes,"{""count_fp"":""5.00"",""created_time"":""2026-04-28T07:15:27.075462Z"",""no_price_dollars"":""0.6700"",""taker_side"":""yes"",""ticker"":""KXBTC15M-26APR280330-30"",""trade_id"":""231f89f0-2cbb-456d-6136-abefe79589af"",""yes_price_dollars"":""0.3300""}"
KXBTC15M-26APR280330-30,e98a7cb6-514d-4675-c701-c75895a7b79a,1777360528,0.34,10.0,yes,"{""count_fp"":""10.00"",""created_time"":""2026-04-28T07:15:28.925986Z"",""no_price_dollars"":""0.6600"",""taker_side"":""yes"",""ticker"":""KXBTC15M-26APR280330-30"",""trade_id"":""e98a7cb6-514d-4675-c701-c75895a7b79a"",""yes_price_dollars"":""0.3400""}"
KXBTC15M-26APR280330-30,9ff73f6b-9df9-446d-8453-e0be0d587bee,1777360529,0.34,20.51,yes,"{""count_fp"":""20.51"",""created_time"":""2026-04-28T07:15:29.758133Z"",""no_price_dollars"":""0.6600"",""taker_side"":""yes"",""ticker"":""KXBTC15M-26APR280330-30"",""trade_id"":""9ff73f6b-9df9-446d-8453-e0be0d587bee"",""yes_price_dollars"":""0.3400""}"
KXBTC15M-26APR280330-30,874030a4-3491-7bc9-4441-b6496c0a3692,1777360529,0.34,45.14,yes,"{""count_fp"":""45.14"",""created_time"":""2026-04-28T07:15:29.747108Z"",""no_price_dollars"":""0.6600"",""taker_side"":""yes"",""ticker"":""KXBTC15M-26APR280330-30"",""trade_id"":""874030a4-3491-7bc9-4441-b6496c0a3692"",""yes_price_dollars"":""0.3400""}"
KXBTC15M-26APR280330-30,f1435cb4-e151-4901-25a0-4fea3de4993a,1777360529,0.34,21.05,yes,"{""count_fp"":""21.05"",""created_time"":""2026-04-28T07:15:29.739705Z"",""no_price_dollars"":""0.6600"",""taker_side"":""yes"",""ticker"":""KXBTC15M-26APR280330-30"",""trade_id"":""f1435cb4-e151-4901-25a0-4fea3de4993a"",""yes_price_dollars"":""0.3400""}"
KXBTC15M-26APR280330-30,24bc9533-2379-4801-33d6-73dde87c5b3e,1777360529,0.34,25.98,yes,"{""count_fp"":""25.98"",""created_time"":""2026-04-28T07:15:29.679557Z"",""no_price_dollars"":""0.6600"",""taker_side"":""yes"",""ticker"":""KXBTC15M-26APR280330-30"",""trade_id"":""24bc9533-2379-4801-33d6-73dde87c5b3e"",""yes_price_dollars"":""0.3400""}"
KXBTC15M-26APR280330-30,2c9f773d-8b1d-5521-8f6d-ef9119a85602,1777360529,0.34,18.0,yes,"{""count_fp"":""18.00"",""created_time"":""2026-04-28T07:15:29.524787Z"",""no_price_dollars"":""0.6600"",""taker_side"":""yes"",""ticker"":""KXBTC15M-26APR280330-30"",""trade_id"":""2c9f773d-8b1d-5521-8f6d-ef9119a85602"",""yes_price_dollars"":""0.3400""}"
KXBTC15M-26APR280330-30,7c45e1fa-6171-5fd4-9dc7-794a2fd5fe7c,1777360530,0.34,2.91,no,"{""count_fp"":""2.91"",""created_time"":""2026-04-28T07:15:30.864026Z"",""no_price_dollars"":""0.6600"",""taker_side"":""no"",""ticker"":""KXBTC15M-26APR280330-30"",""trade_id"":""7c45e1fa-6171-5fd4-9dc7-794a2fd5fe7c"",""yes_price_dollars"":""0.3400""}"
KXBTC15M-26APR280330-30,e128feba-cc79-6a38-c8e7-2a8573aa2fcc,1777360530,0.34,29.17,no,"{""count_fp"":""29.17"",""created_time"":""2026-04-28T07:15:30.706157Z"",""no_price_dollars"":""0.6600"",""taker_side"":""no"",""ticker"":""KXBTC15M-26APR280330-30"",""trade_id"":""e128feba-cc79-6a38-c8e7-2a8573aa2fcc"",""yes_price_dollars"":""0.3400""}"
KXBTC15M-26APR280330-30,86e06155-0bb2-50ea-8c78-ac88cf967946,1777360530,0.34,3.0,yes,"{""count_fp"":""3.00"",""created_time"":""2026-04-28T07:15:30.204056Z"",""no_price_dollars"":""0.6600"",""taker_side"":""yes"",""ticker"":""KXBTC15M-26APR280330-30"",""trade_id"":""86e06155-0bb2-50ea-8c78-ac88cf967946"",""yes_price_dollars"":""0.3400""}"
KXBTC15M-26APR280330-30,75823815-d231-54c9-8ebe-a995bb01f7aa,1777360530,0.35,192.0,yes,"{""count_fp"":""192.00"",""created_time"":""2026-04-28T07:15:30.204056Z"",""no_price_dollars"":""0.6500"",""taker_side"":""yes"",""ticker"":""KXBTC15M-26APR280330-30"",""trade_id"":""75823815-d231-54c9-8ebe-a995bb01f7aa"",""yes_price_dollars"":""0.3500""}"
KXBTC15M-26APR280330-30,61be52a0-093c-56b0-82ef-a9442925b64a,1777360530,0.35,5.0,yes,"{""count_fp"":""5.00"",""created_time"":""2026-04-28T07:15:30.204056Z"",""no_price_dollars"":""0.6500"",""taker_side"":""yes"",""ticker"":""KXBTC15M-26APR280330-30"",""trade_id"":""61be52a0-093c-56b0-82ef-a9442925b64a"",""yes_price_dollars"":""0.3500""}"
KXBTC15M-26APR280330-30,4b637605-9f31-471b-092e-71d1feac2c80,1777360530,0.33,1.0,no,"{""count_fp"":""1.00"",""created_time"":""2026-04-28T07:15:30.009632Z"",""no_price_dollars"":""0.6700"",""taker_side"":""no"",""ticker"":""KXBTC15M-26APR280330-30"",""trade_id"":""4b637605-9f31-471b-092e-71d1feac2c80"",""yes_price_dollars"":""0.3300""}"
KXBTC15M-26APR280330-30,2499d634-473d-4cc8-4a56-5b4e186b97c8,1777360531,0.34,1.0,no,"{""count_fp"":""1.00"",""created_time"":""2026-04-28T07:15:31.976726Z"",""no_price_dollars"":""0.6600"",""taker_side"":""no"",""ticker"":""KXBTC15M-26APR280330-30"",""trade_id"":""2499d634-473d-4cc8-4a56-5b4e186b97c8"",""yes_price_dollars"":""0.3400""}"
KXBTC15M-26APR280330-30,3a8cee97-ea35-59d5-417d-d2a658a55526,1777360532,0.35,21.86,yes,"{""count_fp"":""21.86"",""created_time"":""2026-04-28T07:15:32.777922Z"",""no_price_dollars"":""0.6500"",""taker_side"":""yes"",""ticker"":""KXBTC15M-26APR280330-30"",""trade_id"":""3a8cee97-ea35-59d5-417d-d2a658a55526"",""yes_price_dollars"":""0.3500""}"
KXBTC15M-26APR280330-30,914e012c-1efd-47b9-09cd-2d7362b70816,1777360532,0.35,54.73,yes,"{""count_fp"":""54.73"",""created_time"":""2026-04-28T07:15:32.608239Z"",""no_price_dollars"":""0.6500"",""taker_side"":""yes"",""ticker"":""KXBTC15M-26APR280330-30"",""trade_id"":""914e012c-1efd-47b9-09cd-2d7362b70816"",""yes_price_dollars"":""0.3500""}"
KXBTC15M-26APR280330-30,5fe8b708-d585-5959-5149-dc0670b9d1de,1777360532,0.35,7.0,yes,"{""count_fp"":""7.00"",""created_time"":""2026-04-28T07:15:32.477601Z"",""no_price_dollars"":""0.6500"",""taker_side"":""yes"",""ticker"":""KXBTC15M-26APR280330-30"",""trade_id"":""5fe8b708-d585-5959-5149-dc0670b9d1de"",""yes_price_dollars"":""0.3500""}"
KXBTC15M-26APR280330-30,05f67db5-3519-65ed-9a9c-c5c2268f53f8,1777360532,0.34,37.12,no,"{""count_fp"":""37.12"",""created_time"":""2026-04-28T07:15:32.460514Z"",""no_price_dollars"":""0.6600"",""taker_side"":""no"",""ticker"":""KXBTC15M-26APR280330-30"",""trade_id"":""05f67db5-3519-65ed-9a9c-c5c2268f53f8"",""yes_price_dollars"":""0.3400""}"
KXBTC15M-26APR280330-30,48c76f79-b495-6835-6a99-e4900c12cb46,1777360532,0.35,24.59,yes,"{""count_fp"":""24.59"",""created_time"":""2026-04-28T07:15:32.300932Z"",""no_price_dollars"":""0.6500"",""taker_side"":""yes"",""ticker"":""KXBTC15M-26APR280330-30"",""trade_id"":""48c76f79-b495-6835-6a99-e4900c12cb46"",""yes_price_dollars"":""0.3500""}"
KXBTC15M-26APR280330-30,e1227b0c-946d-434f-08ef-337c96af335c,1777360533,0.34,1.0,no,"{""count_fp"":""1.00"",""created_time"":""2026-04-28T07:15:33.994076Z"",""no_price_dollars"":""0.6600"",""taker_side"":""no"",""ticker"":""KXBTC15M-26APR280330-30"",""trade_id"":""e1227b0c-946d-434f-08ef-337c96af335c"",""yes_price_dollars"":""0.3400""}"
KXBTC15M-26APR280330-30,7b6398f5-9f15-7649-b923-5a696ae9b890,1777360533,0.34,1.23,no,"{""count_fp"":""1.23"",""created_time"":""2026-04-28T07:15:33.004717Z"",""no_price_dollars"":""0.6600"",""taker_side"":""no"",""ticker"":""KXBTC15M-26APR280330-30"",""trade_id"":""7b6398f5-9f15-7649-b923-5a696ae9b890"",""yes_price_dollars"":""0.3400""}"
KXBTC15M-26APR280330-30,709b757c-f179-7fd3-af07-cc6af6206520,1777360533,0.34,3.77,no,"{""count_fp"":""3.77"",""created_time"":""2026-04-28T07:15:33.004717Z"",""no_price_dollars"":""0.6600"",""taker_side"":""no"",""ticker"":""KXBTC15M-26APR280330-30"",""trade_id"":""709b757c-f179-7fd3-af07-cc6af6206520"",""yes_price_dollars"":""0.3400""}"
KXBTC15M-26APR280330-30,785e3582-30da-5365-4998-e155c1f85b0c,1777360534,0.34,2.0,yes,"{""count_fp"":""2.00"",""created_time"":""2026-04-28T07:15:34.917476Z"",""no_price_dollars"":""0.6600"",""taker_side"":""yes"",""ticker"":""KXBTC15M-26APR280330-30"",""trade_id"":""785e3582-30da-5365-4998-e155c1f85b0c"",""yes_price_dollars"":""0.3400""}"
KXBTC15M-26APR280330-30,c1606594-bccb-6c7b-2b6f-e2b601ad821d,1777360534,0.33,5.0,no,"{""count_fp"":""5.00"",""created_time"":""2026-04-28T07:15:34.865623Z"",""no_price_dollars"":""0.6700"",""taker_side"":""no"",""ticker"":""KXBTC15M-26APR280330-30"",""trade_id"":""c1606594-bccb-6c7b-2b6f-e2b601ad821d"",""yes_price_dollars"":""0.3300""}"
KXBTC15M-26APR280330-30,8ac94e33-ba8e-6149-125d-efb9deebbbbd,1777360534,0.34,10.0,no,"{""count_fp"":""10.00"",""created_time"":""2026-04-28T07:15:34.865623Z"",""no_price_dollars"":""0.6600"",""taker_side"":""no"",""ticker"":""KXBTC15M-26APR280330-30"",""trade_id"":""8ac94e33-ba8e-6149-125d-efb9deebbbbd"",""yes_price_dollars"":""0.3400""}"
KXBTC15M-26APR280330-30,8084d386-36e8-6326-1190-3f8f3dc48c4e,1777360534,0.34,10.0,no,"{""count_fp"":""10.00"",""created_time"":""2026-04-28T07:15:34.865623Z"",""no_price_dollars"":""0.6600"",""taker_side"":""no"",""ticker"":""KXBTC15M-26APR280330-30"",""trade_id"":""8084d386-36e8-6326-1190-3f8f3dc48c4e"",""yes_price_dollars"":""0.3400""}"
KXBTC15M-26APR280330-30,5eb779d7-49fc-7343-2572-17b5195c1243,1777360534,0.35,2.73,yes,"{""count_fp"":""2.73"",""created_time"":""2026-04-28T07:15:34.402331Z"",""no_price_dollars"":""0.6500"",""taker_side"":""yes"",""ticker"":""KXBTC15M-26APR280330-30"",""trade_id"":""5eb779d7-49fc-7343-2572-17b5195c1243"",""yes_price_dollars"":""0.3500""}"
KXBTC15M-26APR280330-30,30172040-8681-69c9-ccfc-d425bdd0ba92,1777360534,0.35,38.05,yes,"{""count_fp"":""38.05"",""created_time"":""2026-04-28T07:15:34.265778Z"",""no_price_dollars"":""0.6500"",""taker_side"":""yes"",""ticker"":""KXBTC15M-26APR280330-30"",""trade_id"":""30172040-8681-69c9-ccfc-d425bdd0ba92"",""yes_price_dollars"":""0.3500""}"
KXBTC15M-26APR280330-30,8701bf7a-a051-6797-72df-1c72dbf52d70,1777360535,0.35,1.0,yes,"{""count_fp"":""1.00"",""created_time"":""2026-04-28T07:15:35.808251Z"",""no_price_dollars"":""0.6500"",""taker_side"":""yes"",""ticker"":""KXBTC15M-26APR280330-30"",""trade_id"":""8701bf7a-a051-6797-72df-1c72dbf52d70"",""yes_price_dollars"":""0.3500""}"
KXBTC15M-26APR280330-30,79eeef3e-b8b5-6f33-f5b4-0065ee550328,1777360535,0.35,1.0,yes,"{""count_fp"":""1.00"",""created_time"":""2026-04-28T07:15:35.770777Z"",""no_price_dollars"":""0.6500"",""taker_side"":""yes"",""ticker"":""KXBTC15M-26APR280330-30"",""trade_id"":""79eeef3e-b8b5-6f33-f5b4-0065ee550328"",""yes_price_dollars"":""0.3500""}"
KXBTC15M-26APR280330-30,3715c5d0-d2a4-5c77-9377-08f2b95a7f42,1777360535,0.34,2.0,no,"{""count_fp"":""2.00"",""created_time"":""2026-04-28T07:15:35.645465Z"",""no_price_dollars"":""0.6600"",""taker_side"":""no"",""ticker"":""KXBTC15M-26APR280330-30"",""trade_id"":""3715c5d0-d2a4-5c77-9377-08f2b95a7f42"",""yes_price_dollars"":""0.3400""}"
KXBTC15M-26APR280330-30,a4645674-57d0-7416-1626-344b2683969b,1777360535,0.35,40.0,no,"{""count_fp"":""40.00"",""created_time"":""2026-04-28T07:15:35.534602Z"",""no_price_dollars"":""0.6500"",""taker_side"":""no"",""ticker"":""KXBTC15M-26APR280330-30"",""trade_id"":""a4645674-57d0-7416-1626-344b2683969b"",""yes_price_dollars"":""0.3500""}"
KXBTC15M-26APR280330-30,6b7f16e3-1f3c-6ea3-b9c7-2a2a66dd40c1,1777360535,0.34,22.0,yes,"{""count_fp"":""22.00"",""created_time"":""2026-04-28T07:15:35.411097Z"",""no_price_dollars"":""0.6600"",""taker_side"":""yes"",""ticker"":""KXBTC15M-26APR280330-30"",""trade_id"":""6b7f16e3-1f3c-6ea3-b9c7-2a2a66dd40c1"",""yes_price_dollars"":""0.3400""}"
KXBTC15M-26APR280330-30,e9189c46-3593-6ead-2ae4-7aa8c50104cd,1777360535,0.38,112.84,yes,"{""count_fp"":""112.84"",""created_time"":""2026-04-28T07:15:35.389143Z"",""no_price_dollars"":""0.6200"",""taker_side"":""yes"",""ticker"":""KXBTC15M-26APR280330-30"",""trade_id"":""e9189c46-3593-6ead-2ae4-7aa8c50104cd"",""yes_price_dollars"":""0.3800""}"
KXBTC15M-26APR280330-30,e45e9551-5f69-6f6c-0819-17ce0ae2d079,1777360535,0.35,15.65,yes,"{""count_fp"":""15.65"",""created_time"":""2026-04-28T07:15:35.389143Z"",""no_price_dollars"":""0.6500"",""taker_side"":""yes"",""ticker"":""KXBTC15M-26APR280330-30"",""trade_id"":""e45e9551-5f69-6f6c-0819-17ce0ae2d079"",""yes_price_dollars"":""0.3500""}"
KXBTC15M-26APR280330-30,db27b869-325e-6c39-22c2-aad096da8072,1777360535,0.36,56.0,yes,"{""count_fp"":""56.00"",""created_time"":""2026-04-28T07:15:35.389143Z"",""no_price_dollars"":""0.6400"",""taker_side"":""yes"",""ticker"":""KXBTC15M-26APR280330-30"",""trade_id"":""db27b869-325e-6c39-22c2-aad096da8072"",""yes_price_dollars"":""0.3600""}"
KXBTC15M-26APR280330-30,d416b7c5-6006-6ade-03ef-52f2d3146859,1777360535,0.34,19.0,yes,"{""count_fp"":""19.00"",""created_time"":""2026-04-28T07:15:35.389143Z"",""no_price_dollars"":""0.6600"",""taker_side"":""yes"",""ticker"":""KXBTC15M-26APR280330-30"",""trade_id"":""d416b7c5-6006-6ade-03ef-52f2d3146859"",""yes_price_dollars"":""0.3400""}"
KXBTC15M-26APR280330-30,cce47411-3f91-632a-3228-459e1815d1e0,1777360535,0.38,40.0,yes,"{""count_fp"":""40.00"",""created_time"":""2026-04-28T07:15:35.389143Z"",""no_price_dollars"":""0.6200"",""taker_side"":""yes"",""ticker"":""KXBTC15M-26APR280330-30"",""trade_id"":""cce47411-3f91-632a-3228-459e1815d1e0"",""yes_price_dollars"":""0.3800""}"
KXBTC15M-26APR280330-30,855c316d-508f-657b-21f9-d6f953edfdc6,1777360535,0.38,5.0,yes,"{""count_fp"":""5.00"",""created_time"":""2026-04-28T07:15:35.389143Z"",""no_price_dollars"":""0.6200"",""taker_side"":""yes"",""ticker"":""KXBTC15M-26APR280330-30"",""trade_id"":""855c316d-508f-657b-21f9-d6f953edfdc6"",""yes_price_dollars"":""0.3800""}"
KXBTC15M-26APR280330-30,7cc0eb9d-8dba-63df-2bb3-48adea836c12,1777360535,0.34,500.0,yes,"{""count_fp"":""500.00"",""created_time"":""2026-04-28T07:15:35.389143Z"",""no_price_dollars"":""0.6600"",""taker_side"":""yes"",""ticker"":""KXBTC15M-26APR280330-30"",""trade_id"":""7cc0eb9d-8dba-63df-2bb3-48adea836c12"",""yes_price_dollars"":""0.3400""}"
KXBTC15M-26APR280330-30,6f6f20c1-9216-6dc3-1f3d-2de77a67711a,1777360535,0.36,20.0,yes,"{""count_fp"":""20.00"",""created_time"":""2026-04-28T07:15:35.389143Z"",""no_price_dollars"":""0.6400"",""taker_side"":""yes"",""ticker"":""KXBTC15M-26APR280330-30"",""trade_id"":""6f6f20c1-9216-6dc3-1f3d-2de77a67711a"",""yes_price_dollars"":""0.3600""}"
KXBTC15M-26APR280330-30,62bc1f40-1d27-6d72-03c0-75362eeedca1,1777360535,0.35,24.0,yes,"{""count_fp"":""24.00"",""created_time"":""2026-04-28T07:15:35.389143Z"",""no_price_dollars"":""0.6500"",""taker_side"":""yes"",""ticker"":""KXBTC15M-26APR280330-30"",""trade_id"":""62bc1f40-1d27-6d72-03c0-75362eeedca1"",""yes_price_dollars"":""0.3500""}"
KXBTC15M-26APR280330-30,4ed77931-6817-6987-38a5-f9f2bb676dc0,1777360535,0.34,400.0,yes,"{""count_fp"":""400.00"",""created_time"":""2026-04-28T07:15:35.389143Z"",""no_price_dollars"":""0.6600"",""taker_side"":""yes"",""ticker"":""KXBTC15M-26APR280330-30"",""trade_id"":""4ed77931-6817-6987-38a5-f9f2bb676dc0"",""yes_price_dollars"":""0.3400""}"
KXBTC15M-26APR280330-30,46456e82-da26-661a-22ea-720fb08abb04,1777360535,0.37,40.0,yes,"{""count_fp"":""40.00"",""created_time"":""2026-04-28T07:15:35.389143Z"",""no_price_dollars"":""0.6300"",""taker_side"":""yes"",""ticker"":""KXBTC15M-26APR280330-30"",""trade_id"":""46456e82-da26-661a-22ea-720fb08abb04"",""yes_price_dollars"":""0.3700""}"
KXBTC15M-26APR280330-30,3a686f5b-4ea4-6e57-1202-0325cf9aa4a7,1777360535,0.35,37.27,yes,"{""count_fp"":""37.27"",""created_time"":""2026-04-28T07:15:35.389143Z"",""no_price_dollars"":""0.6500"",""taker_side"":""yes"",""ticker"":""KXBTC15M-26APR280330-30"",""trade_id"":""3a686f5b-4ea4-6e57-1202-0325cf9aa4a7"",""yes_price_dollars"":""0.3500""}"
KXBTC15M-26APR280330-30,248fc6a0-9197-6f4f-313f-137128c8be9e,1777360535,0.36,40.0,yes,"{""count_fp"":""40.00"",""created_time"":""2026-04-28T07:15:35.389143Z"",""no_price_dollars"":""0.6400"",""taker_side"":""yes"",""ticker"":""KXBTC15M-26APR280330-30"",""trade_id"":""248fc6a0-9197-6f4f-313f-137128c8be9e"",""yes_price_dollars"":""0.3600""}"
KXBTC15M-26APR280330-30,0c03954e-0c04-4787-48c7-5205c99cccc6,1777360536,0.34,5.0,no,"{""count_fp"":""5.00"",""created_time"":""2026-04-28T07:15:36.982805Z"",""no_price_dollars"":""0.6600"",""taker_side"":""no"",""ticker"":""KXBTC15M-26APR280330-30"",""trade_id"":""0c03954e-0c04-4787-48c7-5205c99cccc6"",""yes_price_dollars"":""0.3400""}"
KXBTC15M-26APR280330-30,a90dccf7-fdb9-6d6f-9f12-f3996e4c7e44,1777360536,0.35,16.39,yes,"{""count_fp"":""16.39"",""created_time"":""2026-04-28T07:15:36.873345Z"",""no_price_dollars"":""0.6500"",""taker_side"":""yes"",""ticker"":""KXBTC15M-26APR280330-30"",""trade_id"":""a90dccf7-fdb9-6d6f-9f12-f3996e4c7e44"",""yes_price_dollars"":""0.3500""}"
KXBTC15M-26APR280330-30,45667857-5c0d-682f-dba2-d1740f72d748,1777360536,0.35,2.0,yes,"{""count_fp"":""2.00"",""created_time"":""2026-04-28T07:15:36.243654Z"",""no_price_dollars"":""0.6500"",""taker_side"":""yes"",""ticker"":""KXBTC15M-26APR280330-30"",""trade_id"":""45667857-5c0d-682f-dba2-d1740f72d748"",""yes_price_dollars"":""0.3500""}"
KXBTC15M-26APR280330-30,65264aea-a295-451f-bdd1-e9f40d404b78,1777360536,0.35,1.0,yes,"{""count_fp"":""1.00"",""created_time"":""2026-04-28T07:15:36.193161Z"",""no_price_dollars"":""0.6500"",""taker_side"":""yes"",""ticker"":""KXBTC15M-26APR280330-30"",""trade_id"":""65264aea-a295-451f-bdd1-e9f40d404b78"",""yes_price_dollars"":""0.3500""}"
KXBTC15M-26APR280330-30,02ad8ad3-ac78-4dff-3fef-2a1d3b41fa72,1777360537,0.34,1.0,no,"{""count_fp"":""1.00"",""created_time"":""2026-04-28T07:15:37.969489Z"",""no_price_dollars"":""0.6600"",""taker_side"":""no"",""ticker"":""KXBTC15M-26APR280330-30"",""trade_id"":""02ad8ad3-ac78-4dff-3fef-2a1d3b41fa72"",""yes_price_dollars"":""0.3400""}"
KXBTC15M-26APR280330-30,d2ce3bc4-eff4-496f-4f26-15e495e46802,1777360537,0.34,6.65,no,"{""count_fp"":""6.65"",""created_time"":""2026-04-28T07:15:37.640458Z"",""no_price_dollars"":""0.6600"",""taker_side"":""no"",""ticker"":""KXBTC15M-26APR280330-30"",""trade_id"":""d2ce3bc4-eff4-496f-4f26-15e495e46802"",""yes_price_dollars"":""0.3400""}"
KXBTC15M-26APR280330-30,602ea5fe-1e7c-61f3-6a97-c6b6d1dcfaca,1777360537,0.34,7.39,no,"{""count_fp"":""7.39"",""created_time"":""2026-04-28T07:15:37.424087Z"",""no_price_dollars"":""0.6600"",""taker_side"":""no"",""ticker"":""KXBTC15M-26APR280330-30"",""trade_id"":""602ea5fe-1e7c-61f3-6a97-c6b6d1dcfaca"",""yes_price_dollars"":""0.3400""}"
KXBTC15M-26APR280330-30,85930dc8-3dfd-7f4b-2163-3049710e8250,1777360537,0.35,40.99,yes,"{""count_fp"":""40.99"",""created_time"":""2026-04-28T07:15:37.249251Z"",""no_price_dollars"":""0.6500"",""taker_side"":""yes"",""ticker"":""KXBTC15M-26APR280330-30"",""trade_id"":""85930dc8-3dfd-7f4b-2163-3049710e8250"",""yes_price_dollars"":""0.3500""}"
KXBTC15M-26APR280330-30,1a2604fe-2502-4c7f-2dfc-c20f62202371,1777360538,0.35,13.66,yes,"{""count_fp"":""13.66"",""created_time"":""2026-04-28T07:15:38.966804Z"",""no_price_dollars"":""0.6500"",""taker_side"":""yes"",""ticker"":""KXBTC15M-26APR280330-30"",""trade_id"":""1a2604fe-2502-4c7f-2dfc-c20f62202371"",""yes_price_dollars"":""0.3500""}"
KXBTC15M-26APR280330-30,97f0eaee-cf62-5fdf-cca5-cbafb4684b19,1777360538,0.35,273.28,yes,"{""count_fp"":""273.28"",""created_time"":""2026-04-28T07:15:38.809255Z"",""no_price_dollars"":""0.6500"",""taker_side"":""yes"",""ticker"":""KXBTC15M-26APR280330-30"",""trade_id"":""97f0eaee-cf62-5fdf-cca5-cbafb4684b19"",""yes_price_dollars"":""0.3500""}"
KXBTC15M-26APR280330-30,b46ae461-e0ae-5c13-7f6e-ec5c41843f6d,1777360538,0.35,21.85,yes,"{""count_fp"":""21.85"",""created_time"":""2026-04-28T07:15:38.710565Z"",""no_price_dollars"":""0.6500"",""taker_side"":""yes"",""ticker"":""KXBTC15M-26APR280330-30"",""trade_id"":""b46ae461-e0ae-5c13-7f6e-ec5c41843f6d"",""yes_price_dollars"":""0.3500""}"
KXBTC15M-26APR280330-30,91421703-337c-6927-0fdc-b1cd9ae6be8a,1777360538,0.34,0.29,no,"{""count_fp"":""0.29"",""created_time"":""2026-04-28T07:15:38.405645Z"",""no_price_dollars"":""0.6600"",""taker_side"":""no"",""ticker"":""KXBTC15M-26APR280330-30"",""trade_id"":""91421703-337c-6927-0fdc-b1cd9ae6be8a"",""yes_price_dollars"":""0.3400""}"
KXBTC15M-26APR280330-30,c3ce709e-2228-6763-d8c4-272d876b3476,1777360538,0.34,4.0,no,"{""count_fp"":""4.00"",""created_time"":""2026-04-28T07:15:38.263799Z"",""no_price_dollars"":""0.6600"",""taker_side"":""no"",""ticker"":""KXBTC15M-26APR280330-30"",""trade_id"":""c3ce709e-2228-6763-d8c4-272d876b3476"",""yes_price_dollars"":""0.3400""}"
KXBTC15M-26APR280330-30,eb1f7b89-aa92-7877-cd70-3c46acb08fd1,1777360538,0.35,1.0,yes,"{""count_fp"":""1.00"",""created_time"":""2026-04-28T07:15:38.146523Z"",""no_price_dollars"":""0.6500"",""taker_side"":""yes"",""ticker"":""KXBTC15M-26APR280330-30"",""trade_id"":""eb1f7b89-aa92-7877-cd70-3c46acb08fd1"",""yes_price_dollars"":""0.3500""}"
KXBTC15M-26APR280330-30,aa4dcfda-f5d6-67c7-6b29-2ae9d828484d,1777360538,0.35,89.95,yes,"{""count_fp"":""89.95"",""created_time"":""2026-04-28T07:15:38.040125Z"",""no_price_dollars"":""0.6500"",""taker_side"":""yes"",""ticker"":""KXBTC15M-26APR280330-30"",""trade_id"":""aa4dcfda-f5d6-67c7-6b29-2ae9d828484d"",""yes_price_dollars"":""0.3500""}"
KXBTC15M-26APR280330-30,1fb46020-7ec5-613f-5380-02fced931814,1777360538,0.35,883.96,yes,"{""count_fp"":""883.96"",""created_time"":""2026-04-28T07:15:38.040125Z"",""no_price_dollars"":""0.6500"",""taker_side"":""yes"",""ticker"":""KXBTC15M-26APR280330-30"",""trade_id"":""1fb46020-7ec5-613f-5380-02fced931814"",""yes_price_dollars"":""0.3500""}"
KXBTC15M-26APR280330-30,315fb248-fd46-6993-a7c5-703c64dfef69,1777360539,0.35,3.55,yes,"{""count_fp"":""3.55"",""created_time"":""2026-04-28T07:15:39.528167Z"",""no_price_dollars"":""0.6500"",""taker_side"":""yes"",""ticker"":""KXBTC15M-26APR280330-30"",""trade_id"":""315fb248-fd46-6993-a7c5-703c64dfef69"",""yes_price_dollars"":""0.3500""}"
KXBTC15M-26APR280330-30,943e83e7-7966-44af-53f0-7cb9b1701e31,1777360539,0.35,54.65,yes,"{""count_fp"":""54.65"",""created_time"":""2026-04-28T07:15:39.016294Z"",""no_price_dollars"":""0.6500"",""taker_side"":""yes"",""ticker"":""KXBTC15M-26APR280330-30"",""trade_id"":""943e83e7-7966-44af-53f0-7cb9b1701e31"",""yes_price_dollars"":""0.3500""}"
KXBTC15M-26APR280330-30,fa022ef8-005b-6ae8-37e0-c880d608f5c7,1777360540,0.34,9.53,no,"{""count_fp"":""9.53"",""created_time"":""2026-04-28T07:15:40.894251Z"",""no_price_dollars"":""0.6600"",""taker_side"":""no"",""ticker"":""KXBTC15M-26APR280330-30"",""trade_id"":""fa022ef8-005b-6ae8-37e0-c880d608f5c7"",""yes_price_dollars"":""0.3400""}"
KXBTC15M-26APR280330-30,f19abb59-937f-6222-3836-106df8c0968e,1777360540,0.34,10.0,no,"{""count_fp"":""10.00"",""created_time"":""2026-04-28T07:15:40.894251Z"",""no_price_dollars"":""0.6600"",""taker_side"":""no"",""ticker"":""KXBTC15M-26APR280330-30"",""trade_id"":""f19abb59-937f-6222-3836-106df8c0968e"",""yes_price_dollars"":""0.3400""}"
KXBTC15M-26APR280330-30,3fc5637f-6393-60f3-1b3e-6b02b6057ab5,1777360540,0.33,17.22,no,"{""count_fp"":""17.22"",""created_time"":""2026-04-28T07:15:40.894251Z"",""no_price_dollars"":""0.6700"",""taker_side"":""no"",""ticker"":""KXBTC15M-26APR280330-30"",""trade_id"":""3fc5637f-6393-60f3-1b3e-6b02b6057ab5"",""yes_price_dollars"":""0.3300""}"
KXBTC15M-26APR280330-30,f2e5ca66-e6f2-4797-3937-31a8b5001071,1777360540,0.35,5.99,yes,"{""count_fp"":""5.99"",""created_time"":""2026-04-28T07:15:40.464126Z"",""no_price_dollars"":""0.6500"",""taker_side"":""yes"",""ticker"":""KXBTC15M-26APR280330-30"",""trade_id"":""f2e5ca66-e6f2-4797-3937-31a8b5001071"",""yes_price_dollars"":""0.3500""}"
KXBTC15M-26APR280330-30,ea46933b-f4f5-4fa4-1328-1efe515ebd92,1777360540,0.35,10.0,yes,"{""count_fp"":""10.00"",""created_time"":""2026-04-28T07:15:40.464126Z"",""no_price_dollars"":""0.6500"",""taker_side"":""yes"",""ticker"":""KXBTC15M-26APR280330-30"",""trade_id"":""ea46933b-f4f5-4fa4-1328-1efe515ebd92"",""yes_price_dollars"":""0.3500""}"
KXBTC15M-26APR280330-30,a463dae6-7aa0-4f14-1953-5c9f2fd11add,1777360540,0.35,8.33,yes,"{""count_fp"":""8.33"",""created_time"":""2026-04-28T07:15:40.464126Z"",""no_price_dollars"":""0.6500"",""taker_side"":""yes"",""ticker"":""KXBTC15M-26APR280330-30"",""trade_id"":""a463dae6-7aa0-4f14-1953-5c9f2fd11add"",""yes_price_dollars"":""0.3500""}"
KXBTC15M-26APR280330-30,37a56f4d-9e1c-4505-0b94-b9f9606777b2,1777360540,0.35,3.0,yes,"{""count_fp"":""3.00"",""created_time"":""2026-04-28T07:15:40.464126Z"",""no_price_dollars"":""0.6500"",""taker_side"":""yes"",""ticker"":""KXBTC15M-26APR280330-30"",""trade_id"":""37a56f4d-9e1c-4505-0b94-b9f9606777b2"",""yes_price_dollars"":""0.3500""}"
KXBTC15M-26APR280330-30,78cb4909-9732-7ae7-b680-73f82f579a35,1777360540,0.35,30.06,yes,"{""count_fp"":""30.06"",""created_time"":""2026-04-28T07:15:40.226169Z"",""no_price_dollars"":""0.6500"",""taker_side"":""yes"",""ticker"":""KXBTC15M-26APR280330-30"",""trade_id"":""78cb4909-9732-7ae7-b680-73f82f579a35"",""yes_price_dollars"":""0.3500""}"
KXBTC15M-26APR280330-30,d24bfc5e-399b-4eb0-f1f0-6643bd1453b7,1777360540,0.34,1.0,no,"{""count_fp"":""1.00"",""created_time"":""2026-04-28T07:15:40.019152Z"",""no_price_dollars"":""0.6600"",""taker_side"":""no"",""ticker"":""KXBTC15M-26APR280330-30"",""trade_id"":""d24bfc5e-399b-4eb0-f1f0-6643bd1453b7"",""yes_price_dollars"":""0.3400""}"
KXBTC15M-26APR280330-30,31c01d22-584f-42eb-ccf5-f20df4146cc5,1777360541,0.33,0.29,no,"{""count_fp"":""0.29"",""created_time"":""2026-04-28T07:15:41.447521Z"",""no_price_dollars"":""0.6700"",""taker_side"":""no"",""ticker"":""KXBTC15M-26APR280330-30"",""trade_id"":""31c01d22-584f-42eb-ccf5-f20df4146cc5"",""yes_price_dollars"":""0.3300""}"
KXBTC15M-26APR280330-30,33917d46-2f2e-4ac2-ecfc-3133e2a3f325,1777360542,0.34,13.66,yes,"{""count_fp"":""13.66"",""created_time"":""2026-04-28T07:15:42.984833Z"",""no_price_dollars"":""0.6600"",""taker_side"":""yes"",""ticker"":""KXBTC15M-26APR280330-30"",""trade_id"":""33917d46-2f2e-4ac2-ecfc-3133e2a3f325"",""yes_price_dollars"":""0.3400""}"
KXBTC15M-26APR280330-30,0b4ef0d6-03b3-7a67-8941-8f3ce140085d,1777360542,0.33,656.47,no,"{""count_fp"":""656.47"",""created_time"":""2026-04-28T07:15:42.790837Z"",""no_price_dollars"":""0.6700"",""taker_side"":""no"",""ticker"":""KXBTC15M-26APR280330-30"",""trade_id"":""0b4ef0d6-03b3-7a67-8941-8f3ce140085d"",""yes_price_dollars"":""0.3300""}"
KXBTC15M-26APR280330-30,7987d934-8ee1-5538-4170-936e44b54827,1777360542,0.34,3.0,yes,"{""count_fp"":""3.00"",""created_time"":""2026-04-28T07:15:42.553039Z"",""no_price_dollars"":""0.6600"",""taker_side"":""yes"",""ticker"":""KXBTC15M-26APR280330-30"",""trade_id"":""7987d934-8ee1-5538-4170-936e44b54827"",""yes_price_dollars"":""0.3400""}"
KXBTC15M-26APR280330-30,3acf76c9-a38a-5c82-6b5a-d0f2dce5e6f9,1777360542,0.34,25.11,yes,"{""count_fp"":""25.11"",""created_time"":""2026-04-28T07:15:42.553039Z"",""no_price_dollars"":""0.6600"",""taker_side"":""yes"",""ticker"":""KXBTC15M-26APR280330-30"",""trade_id"":""3acf76c9-a38a-5c82-6b5a-d0f2dce5e6f9"",""yes_price_dollars"":""0.3400""}"
KXBTC15M-26APR280330-30,dcf1557c-1367-63eb-ba17-1f310db56e75,1777360542,0.33,1.0,no,"{""count_fp"":""1.00"",""created_time"":""2026-04-28T07:15:42.059003Z"",""no_price_dollars"":""0.6700"",""taker_side"":""no"",""ticker"":""KXBTC15M-26APR280330-30"",""trade_id"":""dcf1557c-1367-63eb-ba17-1f310db56e75"",""yes_price_dollars"":""0.3300""}"
KXBTC15M-26APR280330-30,c30e6488-0be2-5b9e-5958-2514eda9d1d5,1777360543,0.34,328.02,yes,"{""count_fp"":""328.02"",""created_time"":""2026-04-28T07:15:43.487465Z"",""no_price_dollars"":""0.6600"",""taker_side"":""yes"",""ticker"":""KXBTC15M-26APR280330-30"",""trade_id"":""c30e6488-0be2-5b9e-5958-2514eda9d1d5"",""yes_price_dollars"":""0.3400""}"
KXBTC15M-26APR280330-30,a3a77ccd-e3fe-73b6-734d-46d051fc6a65,1777360543,0.34,30.92,yes,"{""count_fp"":""30.92"",""created_time"":""2026-04-28T07:15:43.244184Z"",""no_price_dollars"":""0.6600"",""taker_side"":""yes"",""ticker"":""KXBTC15M-26APR280330-30"",""trade_id"":""a3a77ccd-e3fe-73b6-734d-46d051fc6a65"",""yes_price_dollars"":""0.3400""}"
KXBTC15M-26APR280330-30,f0257a2c-55a6-740a-d793-d078daa9bcd9,1777360543,0.34,1.0,yes,"{""count_fp"":""1.00"",""created_time"":""2026-04-28T07:15:43.096064Z"",""no_price_dollars"":""0.6600"",""taker_side"":""yes"",""ticker"":""KXBTC15M-26APR280330-30"",""trade_id"":""f0257a2c-55a6-740a-d793-d078daa9bcd9"",""yes_price_dollars"":""0.3400""}"
KXBTC15M-26APR280330-30,f9164cd0-e906-7a32-5d54-5aec8e613fe9,1777360544,0.34,22.49,yes,"{""count_fp"":""22.49"",""created_time"":""2026-04-28T07:15:44.592588Z"",""no_price_dollars"":""0.6600"",""taker_side"":""yes"",""ticker"":""KXBTC15M-26APR280330-30"",""trade_id"":""f9164cd0-e906-7a32-5d54-5aec8e613fe9"",""yes_price_dollars"":""0.3400""}"
KXBTC15M-26APR280330-30,c8773502-15b2-7f0b-49de-df8fd954ebc6,1777360544,0.33,1.0,no,"{""count_fp"":""1.00"",""created_time"":""2026-04-28T07:15:44.166401Z"",""no_price_dollars"":""0.6700"",""taker_side"":""no"",""ticker"":""KXBTC15M-26APR280330-30"",""trade_id"":""c8773502-15b2-7f0b-49de-df8fd954ebc6"",""yes_price_dollars"":""0.3300""}"
KXBTC15M-26APR280330-30,ca321d6d-9ed2-6107-3ffa-674de2c23f62,1777360544,0.33,1.0,no,"{""count_fp"":""1.00"",""created_time"":""2026-04-28T07:15:44.052026Z"",""no_price_dollars"":""0.6700"",""taker_side"":""no"",""ticker"":""KXBTC15M-26APR280330-30"",""trade_id"":""ca321d6d-9ed2-6107-3ffa-674de2c23f62"",""yes_price_dollars"":""0.3300""}"
KXBTC15M-26APR280330-30,8752b88d-a434-787a-0362-941f980b6f86,1777360545,0.34,2.79,yes,"{""count_fp"":""2.79"",""created_time"":""2026-04-28T07:15:45.604439Z"",""no_price_dollars"":""0.6600"",""taker_side"":""yes"",""ticker"":""KXBTC15M-26APR280330-30"",""trade_id"":""8752b88d-a434-787a-0362-941f980b6f86"",""yes_price_dollars"":""0.3400""}"
KXBTC15M-26APR280330-30,cd41adb7-b736-74f7-462c-d0172efebd5e,1777360545,0.33,15.0,no,"{""count_fp"":""15.00"",""created_time"":""2026-04-28T07:15:45.497844Z"",""no_price_dollars"":""0.6700"",""taker_side"":""no"",""ticker"":""KXBTC15M-26APR280330-30"",""trade_id"":""cd41adb7-b736-74f7-462c-d0172efebd5e"",""yes_price_dollars"":""0.3300""}"
KXBTC15M-26APR280330-30,c87b3cb1-445f-4872-6e54-6ff632366fa6,1777360545,0.34,10.98,yes,"{""count_fp"":""10.98"",""created_time"":""2026-04-28T07:15:45.012236Z"",""no_price_dollars"":""0.6600"",""taker_side"":""yes"",""ticker"":""KXBTC15M-26APR280330-30"",""trade_id"":""c87b3cb1-445f-4872-6e54-6ff632366fa6"",""yes_price_dollars"":""0.3400""}"
KXBTC15M-26APR280330-30,482aeeb2-6d42-4ca6-491d-6c79263e44f5,1777360545,0.34,73.34,yes,"{""count_fp"":""73.34"",""created_time"":""2026-04-28T07:15:45.012236Z"",""no_price_dollars"":""0.6600"",""taker_side"":""yes"",""ticker"":""KXBTC15M-26APR280330-30"",""trade_id"":""482aeeb2-6d42-4ca6-491d-6c79263e44f5"",""yes_price_dollars"":""0.3400""}"
KXBTC15M-26APR280330-30,b8433dce-9960-594c-abd0-55e956f2cd51,1777360546,0.34,8.43,yes,"{""count_fp"":""8.43"",""created_time"":""2026-04-28T07:15:46.421644Z"",""no_price_dollars"":""0.6600"",""taker_side"":""yes"",""ticker"":""KXBTC15M-26APR280330-30"",""trade_id"":""b8433dce-9960-594c-abd0-55e956f2cd51"",""yes_price_dollars"":""0.3400""}"
KXBTC15M-26APR280330-30,a47e3859-1742-5903-8493-d5062fe0dbb6,1777360546,0.33,3.96,no,"{""count_fp"":""3.96"",""created_time"":""2026-04-28T07:15:46.240776Z"",""no_price_dollars"":""0.6700"",""taker_side"":""no"",""ticker"":""KXBTC15M-26APR280330-30"",""trade_id"":""a47e3859-1742-5903-8493-d5062fe0dbb6"",""yes_price_dollars"":""0.3300""}"
KXBTC15M-26APR280330-30,52aa38cb-5cfe-7a93-8881-d6a0b61c7742,1777360546,0.33,1.0,no,"{""count_fp"":""1.00"",""created_time"":""2026-04-28T07:15:46.068228Z"",""no_price_dollars"":""0.6700"",""taker_side"":""no"",""ticker"":""KXBTC15M-26APR280330-30"",""trade_id"":""52aa38cb-5cfe-7a93-8881-d6a0b61c7742"",""yes_price_dollars"":""0.3300""}"
KXBTC15M-26APR280330-30,0dec68e6-b708-4fe4-16d7-dc2365bba139,1777360547,0.34,11.24,yes,"{""count_fp"":""11.24"",""created_time"":""2026-04-28T07:15:47.118015Z"",""no_price_dollars"":""0.6600"",""taker_side"":""yes"",""ticker"":""KXBTC15M-26APR280330-30"",""trade_id"":""0dec68e6-b708-4fe4-16d7-dc2365bba139"",""yes_price_dollars"":""0.3400""}"
KXBTC15M-26APR280330-30,ea755c95-6aac-6a94-6bd2-c741c4f481f5,1777360548,0.34,14.05,yes,"{""count_fp"":""14.05"",""created_time"":""2026-04-28T07:15:48.991933Z"",""no_price_dollars"":""0.6600"",""taker_side"":""yes"",""ticker"":""KXBTC15M-26APR280330-30"",""trade_id"":""ea755c95-6aac-6a94-6bd2-c741c4f481f5"",""yes_price_dollars"":""0.3400""}"
KXBTC15M-26APR280330-30,04f2e266-5f20-402c-9b94-72ccec23f1d1,1777360548,0.34,140.55,yes,"{""count_fp"":""140.55"",""created_time"":""2026-04-28T07:15:48.161489Z"",""no_price_dollars"":""0.6600"",""taker_side"":""yes"",""ticker"":""KXBTC15M-26APR280330-30"",""trade_id"":""04f2e266-5f20-402c-9b94-72ccec23f1d1"",""yes_price_dollars"":""0.3400""}"
KXBTC15M-26APR280330-30,adbedd7b-038b-55bd-53a6-49965844346e,1777360548,0.33,1.0,no,"{""count_fp"":""1.00"",""created_time"":""2026-04-28T07:15:48.070807Z"",""no_price_dollars"":""0.6700"",""taker_side"":""no"",""ticker"":""KXBTC15M-26APR280330-30"",""trade_id"":""adbedd7b-038b-55bd-53a6-49965844346e"",""yes_price_dollars"":""0.3300""}"
KXBTC15M-26APR280330-30,db62bfe0-a19d-723b-8eb1-b3ff350d9a0c,1777360548,0.33,40.0,no,"{""count_fp"":""40.00"",""created_time"":""2026-04-28T07:15:48.017516Z"",""no_price_dollars"":""0.6700"",""taker_side"":""no"",""ticker"":""KXBTC15M-26APR280330-30"",""trade_id"":""db62bfe0-a19d-723b-8eb1-b3ff350d9a0c"",""yes_price_dollars"":""0.3300""}"
KXBTC15M-26APR280330-30,3df913bd-c411-7422-a67a-4b68783f6130,1777360548,0.33,50.0,no,"{""count_fp"":""50.00"",""created_time"":""2026-04-28T07:15:48.017516Z"",""no_price_dollars"":""0.6700"",""taker_side"":""no"",""ticker"":""KXBTC15M-26APR280330-30"",""trade_id"":""3df913bd-c411-7422-a67a-4b68783f6130"",""yes_price_dollars"":""0.3300""}"
KXBTC15M-26APR280330-30,0ab71ca7-d917-7485-abc1-c1203e061176,1777360548,0.33,15.74,no,"{""count_fp"":""15.74"",""created_time"":""2026-04-28T07:15:48.017516Z"",""no_price_dollars"":""0.6700"",""taker_side"":""no"",""ticker"":""KXBTC15M-26APR280330-30"",""trade_id"":""0ab71ca7-d917-7485-abc1-c1203e061176"",""yes_price_dollars"":""0.3300""}"
KXBTC15M-26APR280330-30,04016b13-d796-7fd7-8bb8-0fc448fde066,1777360548,0.33,2.21,no,"{""count_fp"":""2.21"",""created_time"":""2026-04-28T07:15:48.017516Z"",""no_price_dollars"":""0.6700"",""taker_side"":""no"",""ticker"":""KXBTC15M-26APR280330-30"",""trade_id"":""04016b13-d796-7fd7-8bb8-0fc448fde066"",""yes_price_dollars"":""0.3300""}"
KXBTC15M-26APR280330-30,faaa82fe-09c4-54fc-e8fb-2ba3d4f6f4e5,1777360549,0.34,60.61,yes,"{""count_fp"":""60.61"",""created_time"":""2026-04-28T07:15:49.261453Z"",""no_price_dollars"":""0.6600"",""taker_side"":""yes"",""ticker"":""KXBTC15M-26APR280330-30"",""trade_id"":""faaa82fe-09c4-54fc-e8fb-2ba3d4f6f4e5"",""yes_price_dollars"":""0.3400""}"
KXBTC15M-26APR280330-30,a58c6d83-4f09-4ff9-6154-afa7d802fe46,1777360550,0.34,16.86,yes,"{""count_fp"":""16.86"",""created_time"":""2026-04-28T07:15:50.272188Z"",""no_price_dollars"":""0.6600"",""taker_side"":""yes"",""ticker"":""KXBTC15M-26APR280330-30"",""trade_id"":""a58c6d83-4f09-4ff9-6154-afa7d802fe46"",""yes_price_dollars"":""0.3400""}"
KXBTC15M-26APR280330-30,46268e5b-6f78-58b0-c778-3223f7c5cd7c,1777360550,0.33,1.0,no,"{""count_fp"":""1.00"",""created_time"":""2026-04-28T07:15:50.236253Z"",""no_price_dollars"":""0.6700"",""taker_side"":""no"",""ticker"":""KXBTC15M-26APR280330-30"",""trade_id"":""46268e5b-6f78-58b0-c778-3223f7c5cd7c"",""yes_price_dollars"":""0.3300""}"
KXBTC15M-26APR280330-30,c0f57153-d887-4271-b704-b2d7013a5a64,1777360550,0.34,40.0,yes,"{""count_fp"":""40.00"",""created_time"":""2026-04-28T07:15:50.045131Z"",""no_price_dollars"":""0.6600"",""taker_side"":""yes"",""ticker"":""KXBTC15M-26APR280330-30"",""trade_id"":""c0f57153-d887-4271-b704-b2d7013a5a64"",""yes_price_dollars"":""0.3400""}"
KXBTC15M-26APR280330-30,85dc5efa-7b39-4f8d-a33b-08f010b2d5fe,1777360550,0.34,2.0,yes,"{""count_fp"":""2.00"",""created_time"":""2026-04-28T07:15:50.045131Z"",""no_price_dollars"":""0.6600"",""taker_side"":""yes"",""ticker"":""KXBTC15M-26APR280330-30"",""trade_id"":""85dc5efa-7b39-4f8d-a33b-08f010b2d5fe"",""yes_price_dollars"":""0.3400""}"
KXBTC15M-26APR280330-30,683f930f-9369-44bc-b92e-7fdd623338af,1777360550,0.34,6.0,yes,"{""count_fp"":""6.00"",""created_time"":""2026-04-28T07:15:50.045131Z"",""no_price_dollars"":""0.6600"",""taker_side"":""yes"",""ticker"":""KXBTC15M-26APR280330-30"",""trade_id"":""683f930f-9369-44bc-b92e-7fdd623338af"",""yes_price_dollars"":""0.3400""}"
KXBTC15M-26APR280330-30,448c61fc-a52b-4fdf-8167-a21366ec929c,1777360550,0.34,3.0,yes,"{""count_fp"":""3.00"",""created_time"":""2026-04-28T07:15:50.045131Z"",""no_price_dollars"":""0.6600"",""taker_side"":""yes"",""ticker"":""KXBTC15M-26APR280330-30"",""trade_id"":""448c61fc-a52b-4fdf-8167-a21366ec929c"",""yes_price_dollars"":""0.3400""}"
KXBTC15M-26APR280330-30,2260948c-3918-4958-ba04-1e4da25fc5dd,1777360550,0.34,230.12,yes,"{""count_fp"":""230.12"",""created_time"":""2026-04-28T07:15:50.045131Z"",""no_price_dollars"":""0.6600"",""taker_side"":""yes"",""ticker"":""KXBTC15M-26APR280330-30"",""trade_id"":""2260948c-3918-4958-ba04-1e4da25fc5dd"",""yes_price_dollars"":""0.3400""}"
KXBTC15M-26APR280330-30,774b1832-c5ec-4794-99e1-2b12b6f706f4,1777360550,0.33,1.0,no,"{""count_fp"":""1.00"",""created_time"":""2026-04-28T07:15:50.024117Z"",""no_price_dollars"":""0.6700"",""taker_side"":""no"",""ticker"":""KXBTC15M-26APR280330-30"",""trade_id"":""774b1832-c5ec-4794-99e1-2b12b6f706f4"",""yes_price_dollars"":""0.3300""}"
KXBTC15M-26APR280330-30,bde6528b-572c-6178-a950-26c7a378af5c,1777360551,0.33,2.71,no,"{""count_fp"":""2.71"",""created_time"":""2026-04-28T07:15:51.602547Z"",""no_price_dollars"":""0.6700"",""taker_side"":""no"",""ticker"":""KXBTC15M-26APR280330-30"",""trade_id"":""bde6528b-572c-6178-a950-26c7a378af5c"",""yes_price_dollars"":""0.3300""}"
KXBTC15M-26APR280330-30,28df7746-ac5a-6a9c-ab8e-022da1e3be3a,1777360551,0.33,11.87,no,"{""count_fp"":""11.87"",""created_time"":""2026-04-28T07:15:51.602547Z"",""no_price_dollars"":""0.6700"",""taker_side"":""no"",""ticker"":""KXBTC15M-26APR280330-30"",""trade_id"":""28df7746-ac5a-6a9c-ab8e-022da1e3be3a"",""yes_price_dollars"":""0.3300""}"
KXBTC15M-26APR280330-30,5cdf03fd-43e8-6d4c-64aa-fc925cf210cc,1777360551,0.33,1.0,no,"{""count_fp"":""1.00"",""created_time"":""2026-04-28T07:15:51.443183Z"",""no_price_dollars"":""0.6700"",""taker_side"":""no"",""ticker"":""KXBTC15M-26APR280330-30"",""trade_id"":""5cdf03fd-43e8-6d4c-64aa-fc925cf210cc"",""yes_price_dollars"":""0.3300""}"
KXBTC15M-26APR280330-30,4c57d8dc-53db-7bb2-261a-905b9f409b90,1777360551,0.34,84.33,yes,"{""count_fp"":""84.33"",""created_time"":""2026-04-28T07:15:51.423156Z"",""no_price_dollars"":""0.6600"",""taker_side"":""yes"",""ticker"":""KXBTC15M-26APR280330-30"",""trade_id"":""4c57d8dc-53db-7bb2-261a-905b9f409b90"",""yes_price_dollars"":""0.3400""}"
KXBTC15M-26APR280330-30,b815581f-c18c-58ec-838b-b7479bcec5b4,1777360551,0.33,0.29,no,"{""count_fp"":""0.29"",""created_time"":""2026-04-28T07:15:51.388881Z"",""no_price_dollars"":""0.6700"",""taker_side"":""no"",""ticker"":""KXBTC15M-26APR280330-30"",""trade_id"":""b815581f-c18c-58ec-838b-b7479bcec5b4"",""yes_price_dollars"":""0.3300""}"
KXBTC15M-26APR280330-30,a43c54ec-c4a7-4b3e-0aac-f3751a6a2000,1777360551,0.34,13.66,yes,"{""count_fp"":""13.66"",""created_time"":""2026-04-28T07:15:51.168631Z"",""no_price_dollars"":""0.6600"",""taker_side"":""yes"",""ticker"":""KXBTC15M-26APR280330-30"",""trade_id"":""a43c54ec-c4a7-4b3e-0aac-f3751a6a2000"",""yes_price_dollars"":""0.3400""}"
KXBTC15M-26APR280330-30,827b6f1b-da74-78c8-f5ab-5ace0f289d88,1777360551,0.33,24.0,no,"{""count_fp"":""24.00"",""created_time"":""2026-04-28T07:15:51.118476Z"",""no_price_dollars"":""0.6700"",""taker_side"":""no"",""ticker"":""KXBTC15M-26APR280330-30"",""trade_id"":""827b6f1b-da74-78c8-f5ab-5ace0f289d88"",""yes_price_dollars"":""0.3300""}"
KXBTC15M-26APR280330-30,72c2ae36-f1b7-7f86-4610-df628e1e9888,1777360552,0.35,8.08,yes,"{""count_fp"":""8.08"",""created_time"":""2026-04-28T07:15:52.856808Z"",""no_price_dollars"":""0.6500"",""taker_side"":""yes"",""ticker"":""KXBTC15M-26APR280330-30"",""trade_id"":""72c2ae36-f1b7-7f86-4610-df628e1e9888"",""yes_price_dollars"":""0.3500""}"
KXBTC15M-26APR280330-30,216041d6-ce53-7b8d-5872-08fc6798ea11,1777360552,0.35,0.01,yes,"{""count_fp"":""0.01"",""created_time"":""2026-04-28T07:15:52.856808Z"",""no_price_dollars"":""0.6500"",""taker_side"":""yes"",""ticker"":""KXBTC15M-26APR280330-30"",""trade_id"":""216041d6-ce53-7b8d-5872-08fc6798ea11"",""yes_price_dollars"":""0.3500""}"
