ticker,trade_id,ts,yes_price,count,taker_side,raw_json
KXBTC15M-26APR272330-30,0c3e2c0f-4566-4e26-76d7-94b4bd9160e4,1777346100,0.5,15.0,yes,"{""count_fp"":""15.00"",""created_time"":""2026-04-28T03:15:00.930045Z"",""no_price_dollars"":""0.5000"",""taker_side"":""yes"",""ticker"":""KXBTC15M-26APR272330-30"",""trade_id"":""0c3e2c0f-4566-4e26-76d7-94b4bd9160e4"",""yes_price_dollars"":""0.5000""}"
KXBTC15M-26APR272330-30,00f57a6d-410e-5c7e-60f7-20a7099d93b5,1777346100,0.5,37.0,no,"{""count_fp"":""37.00"",""created_time"":""2026-04-28T03:15:00.643599Z"",""no_price_dollars"":""0.5000"",""taker_side"":""no"",""ticker"":""KXBTC15M-26APR272330-30"",""trade_id"":""00f57a6d-410e-5c7e-60f7-20a7099d93b5"",""yes_price_dollars"":""0.5000""}"
KXBTC15M-26APR272330-30,a98ef354-4976-4161-f280-2f42db02c465,1777346100,0.48,10.0,yes,"{""count_fp"":""10.00"",""created_time"":""2026-04-28T03:15:00.630621Z"",""no_price_dollars"":""0.5200"",""taker_side"":""yes"",""ticker"":""KXBTC15M-26APR272330-30"",""trade_id"":""a98ef354-4976-4161-f280-2f42db02c465"",""yes_price_dollars"":""0.4800""}"
KXBTC15M-26APR272330-30,0f3dc998-0c7f-4fd9-e4d0-c1fd4887cca6,1777346100,0.48,23.0,yes,"{""count_fp"":""23.00"",""created_time"":""2026-04-28T03:15:00.630621Z"",""no_price_dollars"":""0.5200"",""taker_side"":""yes"",""ticker"":""KXBTC15M-26APR272330-30"",""trade_id"":""0f3dc998-0c7f-4fd9-e4d0-c1fd4887cca6"",""yes_price_dollars"":""0.4800""}"
KXBTC15M-26APR272330-30,33361004-20ec-7597-fae8-6d446e0c0ebe,1777346100,0.47,10.0,yes,"{""count_fp"":""10.00"",""created_time"":""2026-04-28T03:15:00.390864Z"",""no_price_dollars"":""0.5300"",""taker_side"":""yes"",""ticker"":""KXBTC15M-26APR272330-30"",""trade_id"":""33361004-20ec-7597-fae8-6d446e0c0ebe"",""yes_price_dollars"":""0.4700""}"
KXBTC15M-26APR272330-30,68f5d3d7-aa5a-7cd6-3f0f-a00fafca9285,1777346101,0.49,56.0,yes,"{""count_fp"":""56.00"",""created_time"":""2026-04-28T03:15:01.540756Z"",""no_price_dollars"":""0.5100"",""taker_side"":""yes"",""ticker"":""KXBTC15M-26APR272330-30"",""trade_id"":""68f5d3d7-aa5a-7cd6-3f0f-a00fafca9285"",""yes_price_dollars"":""0.4900""}"
KXBTC15M-26APR272330-30,2b1cf0cb-afa5-7dc5-33be-419fadf92865,1777346101,0.49,27.0,yes,"{""count_fp"":""27.00"",""created_time"":""2026-04-28T03:15:01.540756Z"",""no_price_dollars"":""0.5100"",""taker_side"":""yes"",""ticker"":""KXBTC15M-26APR272330-30"",""trade_id"":""2b1cf0cb-afa5-7dc5-33be-419fadf92865"",""yes_price_dollars"":""0.4900""}"
KXBTC15M-26APR272330-30,3d101e30-245a-6256-1ae7-8f417e888800,1777346101,0.47,15.0,yes,"{""count_fp"":""15.00"",""created_time"":""2026-04-28T03:15:01.151759Z"",""no_price_dollars"":""0.5300"",""taker_side"":""yes"",""ticker"":""KXBTC15M-26APR272330-30"",""trade_id"":""3d101e30-245a-6256-1ae7-8f417e888800"",""yes_price_dollars"":""0.4700""}"
KXBTC15M-26APR272330-30,c777fe29-574e-6ad1-c27c-9b1021335650,1777346103,0.5,1.0,no,"{""count_fp"":""1.00"",""created_time"":""2026-04-28T03:15:03.554905Z"",""no_price_dollars"":""0.5000"",""taker_side"":""no"",""ticker"":""KXBTC15M-26APR272330-30"",""trade_id"":""c777fe29-574e-6ad1-c27c-9b1021335650"",""yes_price_dollars"":""0.5000""}"
KXBTC15M-26APR272330-30,eed6b73f-a487-76b7-9206-f3f40d38f557,1777346104,0.52,8.0,yes,"{""count_fp"":""8.00"",""created_time"":""2026-04-28T03:15:04.573379Z"",""no_price_dollars"":""0.4800"",""taker_side"":""yes"",""ticker"":""KXBTC15M-26APR272330-30"",""trade_id"":""eed6b73f-a487-76b7-9206-f3f40d38f557"",""yes_price_dollars"":""0.5200""}"
KXBTC15M-26APR272330-30,dfbb428f-8e42-7c89-b432-d0e603445dd4,1777346104,0.52,14.0,yes,"{""count_fp"":""14.00"",""created_time"":""2026-04-28T03:15:04.573379Z"",""no_price_dollars"":""0.4800"",""taker_side"":""yes"",""ticker"":""KXBTC15M-26APR272330-30"",""trade_id"":""dfbb428f-8e42-7c89-b432-d0e603445dd4"",""yes_price_dollars"":""0.5200""}"
KXBTC15M-26APR272330-30,d3002466-dab4-7320-9c5a-a34a0398d902,1777346104,0.51,20.0,yes,"{""count_fp"":""20.00"",""created_time"":""2026-04-28T03:15:04.573379Z"",""no_price_dollars"":""0.4900"",""taker_side"":""yes"",""ticker"":""KXBTC15M-26APR272330-30"",""trade_id"":""d3002466-dab4-7320-9c5a-a34a0398d902"",""yes_price_dollars"":""0.5100""}"
KXBTC15M-26APR272330-30,8e777a9a-5fa9-7fe5-8004-d5707b6dad24,1777346104,0.51,10.0,yes,"{""count_fp"":""10.00"",""created_time"":""2026-04-28T03:15:04.573379Z"",""no_price_dollars"":""0.4900"",""taker_side"":""yes"",""ticker"":""KXBTC15M-26APR272330-30"",""trade_id"":""8e777a9a-5fa9-7fe5-8004-d5707b6dad24"",""yes_price_dollars"":""0.5100""}"
KXBTC15M-26APR272330-30,859eba48-0787-7278-be44-64aa7de2fd63,1777346104,0.52,18.0,yes,"{""count_fp"":""18.00"",""created_time"":""2026-04-28T03:15:04.573379Z"",""no_price_dollars"":""0.4800"",""taker_side"":""yes"",""ticker"":""KXBTC15M-26APR272330-30"",""trade_id"":""859eba48-0787-7278-be44-64aa7de2fd63"",""yes_price_dollars"":""0.5200""}"
KXBTC15M-26APR272330-30,5cb03b31-bd4e-7be7-b527-9cace3eb0780,1777346104,0.52,14.0,yes,"{""count_fp"":""14.00"",""created_time"":""2026-04-28T03:15:04.573379Z"",""no_price_dollars"":""0.4800"",""taker_side"":""yes"",""ticker"":""KXBTC15M-26APR272330-30"",""trade_id"":""5cb03b31-bd4e-7be7-b527-9cace3eb0780"",""yes_price_dollars"":""0.5200""}"
KXBTC15M-26APR272330-30,2c3b41c8-1cd6-7203-9946-ee3095f6f335,1777346104,0.52,8.0,yes,"{""count_fp"":""8.00"",""created_time"":""2026-04-28T03:15:04.573379Z"",""no_price_dollars"":""0.4800"",""taker_side"":""yes"",""ticker"":""KXBTC15M-26APR272330-30"",""trade_id"":""2c3b41c8-1cd6-7203-9946-ee3095f6f335"",""yes_price_dollars"":""0.5200""}"
KXBTC15M-26APR272330-30,01227b34-c995-7828-a6fc-10b00e6b3bc9,1777346104,0.52,55.98,yes,"{""count_fp"":""55.98"",""created_time"":""2026-04-28T03:15:04.573379Z"",""no_price_dollars"":""0.4800"",""taker_side"":""yes"",""ticker"":""KXBTC15M-26APR272330-30"",""trade_id"":""01227b34-c995-7828-a6fc-10b00e6b3bc9"",""yes_price_dollars"":""0.5200""}"
KXBTC15M-26APR272330-30,f8406da7-8b52-5d65-b376-8e9323ad913c,1777346104,0.5,36.0,no,"{""count_fp"":""36.00"",""created_time"":""2026-04-28T03:15:04.373425Z"",""no_price_dollars"":""0.5000"",""taker_side"":""no"",""ticker"":""KXBTC15M-26APR272330-30"",""trade_id"":""f8406da7-8b52-5d65-b376-8e9323ad913c"",""yes_price_dollars"":""0.5000""}"
KXBTC15M-26APR272330-30,3cfcbf66-bf7d-5920-948c-5c67f6288375,1777346104,0.49,12.56,no,"{""count_fp"":""12.56"",""created_time"":""2026-04-28T03:15:04.373425Z"",""no_price_dollars"":""0.5100"",""taker_side"":""no"",""ticker"":""KXBTC15M-26APR272330-30"",""trade_id"":""3cfcbf66-bf7d-5920-948c-5c67f6288375"",""yes_price_dollars"":""0.4900""}"
KXBTC15M-26APR272330-30,2e660c08-51d2-5c9d-91c7-619009b9ec9b,1777346104,0.5,9.0,no,"{""count_fp"":""9.00"",""created_time"":""2026-04-28T03:15:04.373425Z"",""no_price_dollars"":""0.5000"",""taker_side"":""no"",""ticker"":""KXBTC15M-26APR272330-30"",""trade_id"":""2e660c08-51d2-5c9d-91c7-619009b9ec9b"",""yes_price_dollars"":""0.5000""}"
KXBTC15M-26APR272330-30,d629bcfd-030b-7447-9abc-60ab6091cbd0,1777346105,0.52,12.22,yes,"{""count_fp"":""12.22"",""created_time"":""2026-04-28T03:15:05.307306Z"",""no_price_dollars"":""0.4800"",""taker_side"":""yes"",""ticker"":""KXBTC15M-26APR272330-30"",""trade_id"":""d629bcfd-030b-7447-9abc-60ab6091cbd0"",""yes_price_dollars"":""0.5200""}"
KXBTC15M-26APR272330-30,a90bc978-8135-7fd4-a511-7f81f47b13a9,1777346105,0.52,0.02,yes,"{""count_fp"":""0.02"",""created_time"":""2026-04-28T03:15:05.307306Z"",""no_price_dollars"":""0.4800"",""taker_side"":""yes"",""ticker"":""KXBTC15M-26APR272330-30"",""trade_id"":""a90bc978-8135-7fd4-a511-7f81f47b13a9"",""yes_price_dollars"":""0.5200""}"
KXBTC15M-26APR272330-30,26156bf9-30f7-7eed-a808-319320e98684,1777346105,0.52,17.76,yes,"{""count_fp"":""17.76"",""created_time"":""2026-04-28T03:15:05.307306Z"",""no_price_dollars"":""0.4800"",""taker_side"":""yes"",""ticker"":""KXBTC15M-26APR272330-30"",""trade_id"":""26156bf9-30f7-7eed-a808-319320e98684"",""yes_price_dollars"":""0.5200""}"
KXBTC15M-26APR272330-30,b872a746-fe58-6c0f-020c-a0bacc61edcf,1777346107,0.51,11.71,no,"{""count_fp"":""11.71"",""created_time"":""2026-04-28T03:15:07.599198Z"",""no_price_dollars"":""0.4900"",""taker_side"":""no"",""ticker"":""KXBTC15M-26APR272330-30"",""trade_id"":""b872a746-fe58-6c0f-020c-a0bacc61edcf"",""yes_price_dollars"":""0.5100""}"
KXBTC15M-26APR272330-30,a9936e30-2cbc-6224-3328-43bb31c3c243,1777346107,0.51,7.99,no,"{""count_fp"":""7.99"",""created_time"":""2026-04-28T03:15:07.599198Z"",""no_price_dollars"":""0.4900"",""taker_side"":""no"",""ticker"":""KXBTC15M-26APR272330-30"",""trade_id"":""a9936e30-2cbc-6224-3328-43bb31c3c243"",""yes_price_dollars"":""0.5100""}"
KXBTC15M-26APR272330-30,414d7c33-c6ac-66cb-fc14-8391d0867573,1777346107,0.51,84.73,no,"{""count_fp"":""84.73"",""created_time"":""2026-04-28T03:15:07.352068Z"",""no_price_dollars"":""0.4900"",""taker_side"":""no"",""ticker"":""KXBTC15M-26APR272330-30"",""trade_id"":""414d7c33-c6ac-66cb-fc14-8391d0867573"",""yes_price_dollars"":""0.5100""}"
KXBTC15M-26APR272330-30,4dba4b0c-6630-4b7c-919b-29456c02064b,1777346108,0.51,1.89,no,"{""count_fp"":""1.89"",""created_time"":""2026-04-28T03:15:08.731402Z"",""no_price_dollars"":""0.4900"",""taker_side"":""no"",""ticker"":""KXBTC15M-26APR272330-30"",""trade_id"":""4dba4b0c-6630-4b7c-919b-29456c02064b"",""yes_price_dollars"":""0.5100""}"
KXBTC15M-26APR272330-30,d949899c-237f-4c11-e5b1-c59310955a48,1777346108,0.52,1.35,yes,"{""count_fp"":""1.35"",""created_time"":""2026-04-28T03:15:08.279431Z"",""no_price_dollars"":""0.4800"",""taker_side"":""yes"",""ticker"":""KXBTC15M-26APR272330-30"",""trade_id"":""d949899c-237f-4c11-e5b1-c59310955a48"",""yes_price_dollars"":""0.5200""}"
KXBTC15M-26APR272330-30,952aa1b7-3bf3-4619-d6c6-aacecb67c3ea,1777346108,0.52,5.0,yes,"{""count_fp"":""5.00"",""created_time"":""2026-04-28T03:15:08.279431Z"",""no_price_dollars"":""0.4800"",""taker_side"":""yes"",""ticker"":""KXBTC15M-26APR272330-30"",""trade_id"":""952aa1b7-3bf3-4619-d6c6-aacecb67c3ea"",""yes_price_dollars"":""0.5200""}"
KXBTC15M-26APR272330-30,775228fd-eee1-4709-e854-137f33451bce,1777346108,0.52,10.0,yes,"{""count_fp"":""10.00"",""created_time"":""2026-04-28T03:15:08.279431Z"",""no_price_dollars"":""0.4800"",""taker_side"":""yes"",""ticker"":""KXBTC15M-26APR272330-30"",""trade_id"":""775228fd-eee1-4709-e854-137f33451bce"",""yes_price_dollars"":""0.5200""}"
KXBTC15M-26APR272330-30,316daf3c-ba5c-4b58-d0a0-3d246067bc40,1777346108,0.52,5.97,yes,"{""count_fp"":""5.97"",""created_time"":""2026-04-28T03:15:08.279431Z"",""no_price_dollars"":""0.4800"",""taker_side"":""yes"",""ticker"":""KXBTC15M-26APR272330-30"",""trade_id"":""316daf3c-ba5c-4b58-d0a0-3d246067bc40"",""yes_price_dollars"":""0.5200""}"
KXBTC15M-26APR272330-30,8da3baf2-f445-62d5-5adc-c6601c512bda,1777346109,0.5,5.0,no,"{""count_fp"":""5.00"",""created_time"":""2026-04-28T03:15:09.835063Z"",""no_price_dollars"":""0.5000"",""taker_side"":""no"",""ticker"":""KXBTC15M-26APR272330-30"",""trade_id"":""8da3baf2-f445-62d5-5adc-c6601c512bda"",""yes_price_dollars"":""0.5000""}"
KXBTC15M-26APR272330-30,6760aca1-120b-672d-73b1-72853cff0566,1777346109,0.52,4.0,no,"{""count_fp"":""4.00"",""created_time"":""2026-04-28T03:15:09.835063Z"",""no_price_dollars"":""0.4800"",""taker_side"":""no"",""ticker"":""KXBTC15M-26APR272330-30"",""trade_id"":""6760aca1-120b-672d-73b1-72853cff0566"",""yes_price_dollars"":""0.5200""}"
KXBTC15M-26APR272330-30,a447965e-88f9-6464-f772-0f58c6881bb0,1777346109,0.53,0.96,yes,"{""count_fp"":""0.96"",""created_time"":""2026-04-28T03:15:09.745361Z"",""no_price_dollars"":""0.4700"",""taker_side"":""yes"",""ticker"":""KXBTC15M-26APR272330-30"",""trade_id"":""a447965e-88f9-6464-f772-0f58c6881bb0"",""yes_price_dollars"":""0.5300""}"
KXBTC15M-26APR272330-30,880ab893-3441-62c7-c10b-848ecc00f818,1777346109,0.53,78.58,yes,"{""count_fp"":""78.58"",""created_time"":""2026-04-28T03:15:09.745361Z"",""no_price_dollars"":""0.4700"",""taker_side"":""yes"",""ticker"":""KXBTC15M-26APR272330-30"",""trade_id"":""880ab893-3441-62c7-c10b-848ecc00f818"",""yes_price_dollars"":""0.5300""}"
KXBTC15M-26APR272330-30,87c5cd6c-3f9b-526a-de6b-47cefdfd2cdd,1777346109,0.5,28.58,no,"{""count_fp"":""28.58"",""created_time"":""2026-04-28T03:15:09.478205Z"",""no_price_dollars"":""0.5000"",""taker_side"":""no"",""ticker"":""KXBTC15M-26APR272330-30"",""trade_id"":""87c5cd6c-3f9b-526a-de6b-47cefdfd2cdd"",""yes_price_dollars"":""0.5000""}"
KXBTC15M-26APR272330-30,f5ce49b4-e9fb-725d-bb70-750e90cc6857,1777346109,0.53,21.0,no,"{""count_fp"":""21.00"",""created_time"":""2026-04-28T03:15:09.467483Z"",""no_price_dollars"":""0.4700"",""taker_side"":""no"",""ticker"":""KXBTC15M-26APR272330-30"",""trade_id"":""f5ce49b4-e9fb-725d-bb70-750e90cc6857"",""yes_price_dollars"":""0.5300""}"
KXBTC15M-26APR272330-30,cbeb2c55-58cd-7449-a927-4fb566065048,1777346109,0.5,33.0,no,"{""count_fp"":""33.00"",""created_time"":""2026-04-28T03:15:09.467483Z"",""no_price_dollars"":""0.5000"",""taker_side"":""no"",""ticker"":""KXBTC15M-26APR272330-30"",""trade_id"":""cbeb2c55-58cd-7449-a927-4fb566065048"",""yes_price_dollars"":""0.5000""}"
KXBTC15M-26APR272330-30,c6b852f9-0ccf-7d39-81c3-14a3f7c26331,1777346109,0.5,20.0,no,"{""count_fp"":""20.00"",""created_time"":""2026-04-28T03:15:09.467483Z"",""no_price_dollars"":""0.5000"",""taker_side"":""no"",""ticker"":""KXBTC15M-26APR272330-30"",""trade_id"":""c6b852f9-0ccf-7d39-81c3-14a3f7c26331"",""yes_price_dollars"":""0.5000""}"
KXBTC15M-26APR272330-30,b2a10b21-cae9-7f28-9e95-7c355ad4a05a,1777346109,0.51,10.0,no,"{""count_fp"":""10.00"",""created_time"":""2026-04-28T03:15:09.467483Z"",""no_price_dollars"":""0.4900"",""taker_side"":""no"",""ticker"":""KXBTC15M-26APR272330-30"",""trade_id"":""b2a10b21-cae9-7f28-9e95-7c355ad4a05a"",""yes_price_dollars"":""0.5100""}"
KXBTC15M-26APR272330-30,844ae08d-0708-7b57-b367-50a5d53161d7,1777346109,0.52,56.0,no,"{""count_fp"":""56.00"",""created_time"":""2026-04-28T03:15:09.467483Z"",""no_price_dollars"":""0.4800"",""taker_side"":""no"",""ticker"":""KXBTC15M-26APR272330-30"",""trade_id"":""844ae08d-0708-7b57-b367-50a5d53161d7"",""yes_price_dollars"":""0.5200""}"
KXBTC15M-26APR272330-30,8315a542-ce6a-7bdd-ab63-8cea8c889da3,1777346109,0.52,94.62,no,"{""count_fp"":""94.62"",""created_time"":""2026-04-28T03:15:09.467483Z"",""no_price_dollars"":""0.4800"",""taker_side"":""no"",""ticker"":""KXBTC15M-26APR272330-30"",""trade_id"":""8315a542-ce6a-7bdd-ab63-8cea8c889da3"",""yes_price_dollars"":""0.5200""}"
KXBTC15M-26APR272330-30,5c583576-e097-70f3-a8f9-c444f56b380b,1777346109,0.51,18.62,no,"{""count_fp"":""18.62"",""created_time"":""2026-04-28T03:15:09.467483Z"",""no_price_dollars"":""0.4900"",""taker_side"":""no"",""ticker"":""KXBTC15M-26APR272330-30"",""trade_id"":""5c583576-e097-70f3-a8f9-c444f56b380b"",""yes_price_dollars"":""0.5100""}"
KXBTC15M-26APR272330-30,4dba2984-3af7-7dce-8a1c-b6b096a445b5,1777346109,0.5,73.15,no,"{""count_fp"":""73.15"",""created_time"":""2026-04-28T03:15:09.467483Z"",""no_price_dollars"":""0.5000"",""taker_side"":""no"",""ticker"":""KXBTC15M-26APR272330-30"",""trade_id"":""4dba2984-3af7-7dce-8a1c-b6b096a445b5"",""yes_price_dollars"":""0.5000""}"
KXBTC15M-26APR272330-30,33c17b9c-03f2-7c76-8f25-ccd2ae866f2e,1777346109,0.5,30.0,no,"{""count_fp"":""30.00"",""created_time"":""2026-04-28T03:15:09.467483Z"",""no_price_dollars"":""0.5000"",""taker_side"":""no"",""ticker"":""KXBTC15M-26APR272330-30"",""trade_id"":""33c17b9c-03f2-7c76-8f25-ccd2ae866f2e"",""yes_price_dollars"":""0.5000""}"
KXBTC15M-26APR272330-30,0e65a700-864e-7d76-ba68-e74b9bc78bac,1777346109,0.51,119.0,no,"{""count_fp"":""119.00"",""created_time"":""2026-04-28T03:15:09.467483Z"",""no_price_dollars"":""0.4900"",""taker_side"":""no"",""ticker"":""KXBTC15M-26APR272330-30"",""trade_id"":""0e65a700-864e-7d76-ba68-e74b9bc78bac"",""yes_price_dollars"":""0.5100""}"
KXBTC15M-26APR272330-30,9a2a0dac-9ce5-691b-0278-3eea818cdd94,1777346109,0.52,1.35,yes,"{""count_fp"":""1.35"",""created_time"":""2026-04-28T03:15:09.164341Z"",""no_price_dollars"":""0.4800"",""taker_side"":""yes"",""ticker"":""KXBTC15M-26APR272330-30"",""trade_id"":""9a2a0dac-9ce5-691b-0278-3eea818cdd94"",""yes_price_dollars"":""0.5200""}"
KXBTC15M-26APR272330-30,2a870442-4440-65f8-3261-c3a3841c30c4,1777346109,0.52,4.03,yes,"{""count_fp"":""4.03"",""created_time"":""2026-04-28T03:15:09.164341Z"",""no_price_dollars"":""0.4800"",""taker_side"":""yes"",""ticker"":""KXBTC15M-26APR272330-30"",""trade_id"":""2a870442-4440-65f8-3261-c3a3841c30c4"",""yes_price_dollars"":""0.5200""}"
KXBTC15M-26APR272330-30,81fcd3b8-a46c-4121-13be-598ea08af624,1777346109,0.51,10.0,no,"{""count_fp"":""10.00"",""created_time"":""2026-04-28T03:15:09.119076Z"",""no_price_dollars"":""0.4900"",""taker_side"":""no"",""ticker"":""KXBTC15M-26APR272330-30"",""trade_id"":""81fcd3b8-a46c-4121-13be-598ea08af624"",""yes_price_dollars"":""0.5100""}"
KXBTC15M-26APR272330-30,3f1969bd-5c5c-4089-3fb8-9c58bad3d559,1777346109,0.51,30.0,no,"{""count_fp"":""30.00"",""created_time"":""2026-04-28T03:15:09.119076Z"",""no_price_dollars"":""0.4900"",""taker_side"":""no"",""ticker"":""KXBTC15M-26APR272330-30"",""trade_id"":""3f1969bd-5c5c-4089-3fb8-9c58bad3d559"",""yes_price_dollars"":""0.5100""}"
KXBTC15M-26APR272330-30,3d00de71-9beb-47df-3aa3-848d87879e63,1777346109,0.51,1.38,no,"{""count_fp"":""1.38"",""created_time"":""2026-04-28T03:15:09.119076Z"",""no_price_dollars"":""0.4900"",""taker_side"":""no"",""ticker"":""KXBTC15M-26APR272330-30"",""trade_id"":""3d00de71-9beb-47df-3aa3-848d87879e63"",""yes_price_dollars"":""0.5100""}"
KXBTC15M-26APR272330-30,2293da2c-fd54-4a78-3a24-b663851d1463,1777346109,0.51,7.88,no,"{""count_fp"":""7.88"",""created_time"":""2026-04-28T03:15:09.119076Z"",""no_price_dollars"":""0.4900"",""taker_side"":""no"",""ticker"":""KXBTC15M-26APR272330-30"",""trade_id"":""2293da2c-fd54-4a78-3a24-b663851d1463"",""yes_price_dollars"":""0.5100""}"
KXBTC15M-26APR272330-30,5e36e628-2365-453d-4b21-226440d57781,1777346110,0.51,1.0,no,"{""count_fp"":""1.00"",""created_time"":""2026-04-28T03:15:10.891474Z"",""no_price_dollars"":""0.4900"",""taker_side"":""no"",""ticker"":""KXBTC15M-26APR272330-30"",""trade_id"":""5e36e628-2365-453d-4b21-226440d57781"",""yes_price_dollars"":""0.5100""}"
KXBTC15M-26APR272330-30,83f71a5a-8d60-7e72-1cb7-1fdad1ae67e7,1777346110,0.52,18.6,yes,"{""count_fp"":""18.60"",""created_time"":""2026-04-28T03:15:10.717561Z"",""no_price_dollars"":""0.4800"",""taker_side"":""yes"",""ticker"":""KXBTC15M-26APR272330-30"",""trade_id"":""83f71a5a-8d60-7e72-1cb7-1fdad1ae67e7"",""yes_price_dollars"":""0.5200""}"
KXBTC15M-26APR272330-30,83111299-d318-4f1a-6ada-717f0569a0cb,1777346110,0.52,9.03,yes,"{""count_fp"":""9.03"",""created_time"":""2026-04-28T03:15:10.346776Z"",""no_price_dollars"":""0.4800"",""taker_side"":""yes"",""ticker"":""KXBTC15M-26APR272330-30"",""trade_id"":""83111299-d318-4f1a-6ada-717f0569a0cb"",""yes_price_dollars"":""0.5200""}"
KXBTC15M-26APR272330-30,df787925-5f3d-4297-b4d4-04e506a249a9,1777346111,0.51,6.63,no,"{""count_fp"":""6.63"",""created_time"":""2026-04-28T03:15:11.850501Z"",""no_price_dollars"":""0.4900"",""taker_side"":""no"",""ticker"":""KXBTC15M-26APR272330-30"",""trade_id"":""df787925-5f3d-4297-b4d4-04e506a249a9"",""yes_price_dollars"":""0.5100""}"
KXBTC15M-26APR272330-30,0691a7b7-69b7-45cc-9eaf-d207e1574228,1777346111,0.51,3.22,no,"{""count_fp"":""3.22"",""created_time"":""2026-04-28T03:15:11.850501Z"",""no_price_dollars"":""0.4900"",""taker_side"":""no"",""ticker"":""KXBTC15M-26APR272330-30"",""trade_id"":""0691a7b7-69b7-45cc-9eaf-d207e1574228"",""yes_price_dollars"":""0.5100""}"
KXBTC15M-26APR272330-30,9c879771-a7d5-518b-2714-e27a6a958a41,1777346111,0.51,4.7,no,"{""count_fp"":""4.70"",""created_time"":""2026-04-28T03:15:11.830784Z"",""no_price_dollars"":""0.4900"",""taker_side"":""no"",""ticker"":""KXBTC15M-26APR272330-30"",""trade_id"":""9c879771-a7d5-518b-2714-e27a6a958a41"",""yes_price_dollars"":""0.5100""}"
KXBTC15M-26APR272330-30,939496d2-fa34-5afa-29f3-e14aa444b6fd,1777346111,0.51,15.0,no,"{""count_fp"":""15.00"",""created_time"":""2026-04-28T03:15:11.830784Z"",""no_price_dollars"":""0.4900"",""taker_side"":""no"",""ticker"":""KXBTC15M-26APR272330-30"",""trade_id"":""939496d2-fa34-5afa-29f3-e14aa444b6fd"",""yes_price_dollars"":""0.5100""}"
KXBTC15M-26APR272330-30,1d346416-6ec5-78fd-0048-47d104d5bbf9,1777346111,0.51,2.64,no,"{""count_fp"":""2.64"",""created_time"":""2026-04-28T03:15:11.362951Z"",""no_price_dollars"":""0.4900"",""taker_side"":""no"",""ticker"":""KXBTC15M-26APR272330-30"",""trade_id"":""1d346416-6ec5-78fd-0048-47d104d5bbf9"",""yes_price_dollars"":""0.5100""}"
KXBTC15M-26APR272330-30,9fdf6170-d9ad-7f1e-1ff6-1913dd014c84,1777346111,0.52,29.88,yes,"{""count_fp"":""29.88"",""created_time"":""2026-04-28T03:15:11.031887Z"",""no_price_dollars"":""0.4800"",""taker_side"":""yes"",""ticker"":""KXBTC15M-26APR272330-30"",""trade_id"":""9fdf6170-d9ad-7f1e-1ff6-1913dd014c84"",""yes_price_dollars"":""0.5200""}"
KXBTC15M-26APR272330-30,5c2e9f82-e3c8-75da-1bee-c2a17805bab3,1777346111,0.52,12.79,yes,"{""count_fp"":""12.79"",""created_time"":""2026-04-28T03:15:11.031887Z"",""no_price_dollars"":""0.4800"",""taker_side"":""yes"",""ticker"":""KXBTC15M-26APR272330-30"",""trade_id"":""5c2e9f82-e3c8-75da-1bee-c2a17805bab3"",""yes_price_dollars"":""0.5200""}"
KXBTC15M-26APR272330-30,2122c5df-99ba-78d3-12c4-83f63b68c5c3,1777346111,0.51,1.33,yes,"{""count_fp"":""1.33"",""created_time"":""2026-04-28T03:15:11.031887Z"",""no_price_dollars"":""0.4900"",""taker_side"":""yes"",""ticker"":""KXBTC15M-26APR272330-30"",""trade_id"":""2122c5df-99ba-78d3-12c4-83f63b68c5c3"",""yes_price_dollars"":""0.5100""}"
KXBTC15M-26APR272330-30,7dec4b05-4034-7c8a-de1e-b2771d5eea01,1777346112,0.52,1.79,yes,"{""count_fp"":""1.79"",""created_time"":""2026-04-28T03:15:12.846697Z"",""no_price_dollars"":""0.4800"",""taker_side"":""yes"",""ticker"":""KXBTC15M-26APR272330-30"",""trade_id"":""7dec4b05-4034-7c8a-de1e-b2771d5eea01"",""yes_price_dollars"":""0.5200""}"
KXBTC15M-26APR272330-30,a6e02716-30e3-4f40-172c-361157f93454,1777346112,0.51,100.0,no,"{""count_fp"":""100.00"",""created_time"":""2026-04-28T03:15:12.816027Z"",""no_price_dollars"":""0.4900"",""taker_side"":""no"",""ticker"":""KXBTC15M-26APR272330-30"",""trade_id"":""a6e02716-30e3-4f40-172c-361157f93454"",""yes_price_dollars"":""0.5100""}"
KXBTC15M-26APR272330-30,4454df4f-770f-73da-e96b-4a6f6887c155,1777346112,0.52,0.15,yes,"{""count_fp"":""0.15"",""created_time"":""2026-04-28T03:15:12.506322Z"",""no_price_dollars"":""0.4800"",""taker_side"":""yes"",""ticker"":""KXBTC15M-26APR272330-30"",""trade_id"":""4454df4f-770f-73da-e96b-4a6f6887c155"",""yes_price_dollars"":""0.5200""}"
KXBTC15M-26APR272330-30,06648d57-da54-7b56-e06e-ba10c1c26449,1777346112,0.52,17.95,yes,"{""count_fp"":""17.95"",""created_time"":""2026-04-28T03:15:12.506322Z"",""no_price_dollars"":""0.4800"",""taker_side"":""yes"",""ticker"":""KXBTC15M-26APR272330-30"",""trade_id"":""06648d57-da54-7b56-e06e-ba10c1c26449"",""yes_price_dollars"":""0.5200""}"
KXBTC15M-26APR272330-30,8c814761-3fcb-47be-a30e-8114036ba311,1777346112,0.52,1.0,yes,"{""count_fp"":""1.00"",""created_time"":""2026-04-28T03:15:12.059958Z"",""no_price_dollars"":""0.4800"",""taker_side"":""yes"",""ticker"":""KXBTC15M-26APR272330-30"",""trade_id"":""8c814761-3fcb-47be-a30e-8114036ba311"",""yes_price_dollars"":""0.5200""}"
KXBTC15M-26APR272330-30,e96652c3-b433-7860-7b55-b19138a2abe8,1777346113,0.51,11.0,no,"{""count_fp"":""11.00"",""created_time"":""2026-04-28T03:15:13.760342Z"",""no_price_dollars"":""0.4900"",""taker_side"":""no"",""ticker"":""KXBTC15M-26APR272330-30"",""trade_id"":""e96652c3-b433-7860-7b55-b19138a2abe8"",""yes_price_dollars"":""0.5100""}"
KXBTC15M-26APR272330-30,bd8fe4f0-e909-79ea-b8f8-513df14a23f5,1777346114,0.52,9.3,yes,"{""count_fp"":""9.30"",""created_time"":""2026-04-28T03:15:14.582783Z"",""no_price_dollars"":""0.4800"",""taker_side"":""yes"",""ticker"":""KXBTC15M-26APR272330-30"",""trade_id"":""bd8fe4f0-e909-79ea-b8f8-513df14a23f5"",""yes_price_dollars"":""0.5200""}"
KXBTC15M-26APR272330-30,d86d8fec-a488-6062-8845-fa4db0c895dc,1777346115,0.52,3.0,yes,"{""count_fp"":""3.00"",""created_time"":""2026-04-28T03:15:15.517177Z"",""no_price_dollars"":""0.4800"",""taker_side"":""yes"",""ticker"":""KXBTC15M-26APR272330-30"",""trade_id"":""d86d8fec-a488-6062-8845-fa4db0c895dc"",""yes_price_dollars"":""0.5200""}"
KXBTC15M-26APR272330-30,d2055c9e-69d6-6039-9ab2-122a3bc0cf92,1777346115,0.52,10.0,yes,"{""count_fp"":""10.00"",""created_time"":""2026-04-28T03:15:15.517177Z"",""no_price_dollars"":""0.4800"",""taker_side"":""yes"",""ticker"":""KXBTC15M-26APR272330-30"",""trade_id"":""d2055c9e-69d6-6039-9ab2-122a3bc0cf92"",""yes_price_dollars"":""0.5200""}"
KXBTC15M-26APR272330-30,2a4e5033-a3b2-6893-9315-9886c96ad1b5,1777346115,0.52,5.39,yes,"{""count_fp"":""5.39"",""created_time"":""2026-04-28T03:15:15.517177Z"",""no_price_dollars"":""0.4800"",""taker_side"":""yes"",""ticker"":""KXBTC15M-26APR272330-30"",""trade_id"":""2a4e5033-a3b2-6893-9315-9886c96ad1b5"",""yes_price_dollars"":""0.5200""}"
KXBTC15M-26APR272330-30,d3e7d288-f7c3-5950-40e9-78987d2bd124,1777346115,0.51,3.0,no,"{""count_fp"":""3.00"",""created_time"":""2026-04-28T03:15:15.365092Z"",""no_price_dollars"":""0.4900"",""taker_side"":""no"",""ticker"":""KXBTC15M-26APR272330-30"",""trade_id"":""d3e7d288-f7c3-5950-40e9-78987d2bd124"",""yes_price_dollars"":""0.5100""}"
KXBTC15M-26APR272330-30,1c52b4e8-a26b-507c-96cd-7d9e372ed80c,1777346115,0.51,1.91,no,"{""count_fp"":""1.91"",""created_time"":""2026-04-28T03:15:15.191268Z"",""no_price_dollars"":""0.4900"",""taker_side"":""no"",""ticker"":""KXBTC15M-26APR272330-30"",""trade_id"":""1c52b4e8-a26b-507c-96cd-7d9e372ed80c"",""yes_price_dollars"":""0.5100""}"
KXBTC15M-26APR272330-30,fda1328f-b171-4ece-7c42-a2ac73b16471,1777346115,0.52,11.16,yes,"{""count_fp"":""11.16"",""created_time"":""2026-04-28T03:15:15.114225Z"",""no_price_dollars"":""0.4800"",""taker_side"":""yes"",""ticker"":""KXBTC15M-26APR272330-30"",""trade_id"":""fda1328f-b171-4ece-7c42-a2ac73b16471"",""yes_price_dollars"":""0.5200""}"
KXBTC15M-26APR272330-30,9086682b-3257-7bd8-45a8-e4b9510f5028,1777346115,0.51,9.85,no,"{""count_fp"":""9.85"",""created_time"":""2026-04-28T03:15:15.083566Z"",""no_price_dollars"":""0.4900"",""taker_side"":""no"",""ticker"":""KXBTC15M-26APR272330-30"",""trade_id"":""9086682b-3257-7bd8-45a8-e4b9510f5028"",""yes_price_dollars"":""0.5100""}"
KXBTC15M-26APR272330-30,634a149b-f6b4-7df5-df7f-cd8408be652c,1777346116,0.53,0.18,yes,"{""count_fp"":""0.18"",""created_time"":""2026-04-28T03:15:16.818827Z"",""no_price_dollars"":""0.4700"",""taker_side"":""yes"",""ticker"":""KXBTC15M-26APR272330-30"",""trade_id"":""634a149b-f6b4-7df5-df7f-cd8408be652c"",""yes_price_dollars"":""0.5300""}"
KXBTC15M-26APR272330-30,f5773eed-5440-5796-078b-8486ca5949a2,1777346116,0.52,78.81,no,"{""count_fp"":""78.81"",""created_time"":""2026-04-28T03:15:16.709924Z"",""no_price_dollars"":""0.4800"",""taker_side"":""no"",""ticker"":""KXBTC15M-26APR272330-30"",""trade_id"":""f5773eed-5440-5796-078b-8486ca5949a2"",""yes_price_dollars"":""0.5200""}"
KXBTC15M-26APR272330-30,b20a0cdf-9166-4a01-ba8c-26016655f2a0,1777346117,0.52,5.65,no,"{""count_fp"":""5.65"",""created_time"":""2026-04-28T03:15:17.862171Z"",""no_price_dollars"":""0.4800"",""taker_side"":""no"",""ticker"":""KXBTC15M-26APR272330-30"",""trade_id"":""b20a0cdf-9166-4a01-ba8c-26016655f2a0"",""yes_price_dollars"":""0.5200""}"
KXBTC15M-26APR272330-30,40e04ec4-c074-4d86-99e9-c9e90450bcce,1777346117,0.52,14.45,no,"{""count_fp"":""14.45"",""created_time"":""2026-04-28T03:15:17.862171Z"",""no_price_dollars"":""0.4800"",""taker_side"":""no"",""ticker"":""KXBTC15M-26APR272330-30"",""trade_id"":""40e04ec4-c074-4d86-99e9-c9e90450bcce"",""yes_price_dollars"":""0.5200""}"
KXBTC15M-26APR272330-30,b73bd638-cb6c-7d7a-14f7-a9d387b4f88e,1777346117,0.52,17.24,no,"{""count_fp"":""17.24"",""created_time"":""2026-04-28T03:15:17.738592Z"",""no_price_dollars"":""0.4800"",""taker_side"":""no"",""ticker"":""KXBTC15M-26APR272330-30"",""trade_id"":""b73bd638-cb6c-7d7a-14f7-a9d387b4f88e"",""yes_price_dollars"":""0.5200""}"
KXBTC15M-26APR272330-30,ab4f769c-f0f0-7692-2d99-2d1fb8fa8136,1777346117,0.52,14.06,no,"{""count_fp"":""14.06"",""created_time"":""2026-04-28T03:15:17.681767Z"",""no_price_dollars"":""0.4800"",""taker_side"":""no"",""ticker"":""KXBTC15M-26APR272330-30"",""trade_id"":""ab4f769c-f0f0-7692-2d99-2d1fb8fa8136"",""yes_price_dollars"":""0.5200""}"
KXBTC15M-26APR272330-30,42bc8d03-9e10-6ea1-bd32-8bab7a5c022c,1777346117,0.53,1.0,yes,"{""count_fp"":""1.00"",""created_time"":""2026-04-28T03:15:17.453075Z"",""no_price_dollars"":""0.4700"",""taker_side"":""yes"",""ticker"":""KXBTC15M-26APR272330-30"",""trade_id"":""42bc8d03-9e10-6ea1-bd32-8bab7a5c022c"",""yes_price_dollars"":""0.5300""}"
KXBTC15M-26APR272330-30,cc6690be-c8bc-7f12-12b7-2aba381997c6,1777346117,0.52,10.05,no,"{""count_fp"":""10.05"",""created_time"":""2026-04-28T03:15:17.411987Z"",""no_price_dollars"":""0.4800"",""taker_side"":""no"",""ticker"":""KXBTC15M-26APR272330-30"",""trade_id"":""cc6690be-c8bc-7f12-12b7-2aba381997c6"",""yes_price_dollars"":""0.5200""}"
KXBTC15M-26APR272330-30,07725a79-27cf-42e0-d443-8b1a2b428e80,1777346118,0.52,100.5,no,"{""count_fp"":""100.50"",""created_time"":""2026-04-28T03:15:18.866703Z"",""no_price_dollars"":""0.4800"",""taker_side"":""no"",""ticker"":""KXBTC15M-26APR272330-30"",""trade_id"":""07725a79-27cf-42e0-d443-8b1a2b428e80"",""yes_price_dollars"":""0.5200""}"
KXBTC15M-26APR272330-30,e10ebe65-fe96-7a81-314f-d5a1970a91a8,1777346118,0.52,5.0,no,"{""count_fp"":""5.00"",""created_time"":""2026-04-28T03:15:18.479626Z"",""no_price_dollars"":""0.4800"",""taker_side"":""no"",""ticker"":""KXBTC15M-26APR272330-30"",""trade_id"":""e10ebe65-fe96-7a81-314f-d5a1970a91a8"",""yes_price_dollars"":""0.5200""}"
KXBTC15M-26APR272330-30,a2fb2a5f-99bc-4338-0678-b513c60d2a33,1777346118,0.53,1.82,yes,"{""count_fp"":""1.82"",""created_time"":""2026-04-28T03:15:18.467862Z"",""no_price_dollars"":""0.4700"",""taker_side"":""yes"",""ticker"":""KXBTC15M-26APR272330-30"",""trade_id"":""a2fb2a5f-99bc-4338-0678-b513c60d2a33"",""yes_price_dollars"":""0.5300""}"
KXBTC15M-26APR272330-30,fd4746a9-cdda-5c4f-6fc1-6535cda9787d,1777346118,0.53,23.0,yes,"{""count_fp"":""23.00"",""created_time"":""2026-04-28T03:15:18.347084Z"",""no_price_dollars"":""0.4700"",""taker_side"":""yes"",""ticker"":""KXBTC15M-26APR272330-30"",""trade_id"":""fd4746a9-cdda-5c4f-6fc1-6535cda9787d"",""yes_price_dollars"":""0.5300""}"
KXBTC15M-26APR272330-30,f78a916a-592c-5c01-5363-81b2c6c71af4,1777346118,0.53,54.82,yes,"{""count_fp"":""54.82"",""created_time"":""2026-04-28T03:15:18.347084Z"",""no_price_dollars"":""0.4700"",""taker_side"":""yes"",""ticker"":""KXBTC15M-26APR272330-30"",""trade_id"":""f78a916a-592c-5c01-5363-81b2c6c71af4"",""yes_price_dollars"":""0.5300""}"
KXBTC15M-26APR272330-30,e204423c-3417-5299-7bc5-8f8394d346b5,1777346118,0.53,0.96,yes,"{""count_fp"":""0.96"",""created_time"":""2026-04-28T03:15:18.347084Z"",""no_price_dollars"":""0.4700"",""taker_side"":""yes"",""ticker"":""KXBTC15M-26APR272330-30"",""trade_id"":""e204423c-3417-5299-7bc5-8f8394d346b5"",""yes_price_dollars"":""0.5300""}"
KXBTC15M-26APR272330-30,cd382755-a7ad-5170-57d5-2c2ee49ae846,1777346118,0.53,3.0,yes,"{""count_fp"":""3.00"",""created_time"":""2026-04-28T03:15:18.347084Z"",""no_price_dollars"":""0.4700"",""taker_side"":""yes"",""ticker"":""KXBTC15M-26APR272330-30"",""trade_id"":""cd382755-a7ad-5170-57d5-2c2ee49ae846"",""yes_price_dollars"":""0.5300""}"
KXBTC15M-26APR272330-30,7d902fdc-c1c0-5edb-7bf2-2ed02f4daaeb,1777346118,0.53,17.49,yes,"{""count_fp"":""17.49"",""created_time"":""2026-04-28T03:15:18.347084Z"",""no_price_dollars"":""0.4700"",""taker_side"":""yes"",""ticker"":""KXBTC15M-26APR272330-30"",""trade_id"":""7d902fdc-c1c0-5edb-7bf2-2ed02f4daaeb"",""yes_price_dollars"":""0.5300""}"
KXBTC15M-26APR272330-30,7cc8047c-e88a-5fd8-e12a-a7d2e23f6725,1777346119,0.53,0.96,yes,"{""count_fp"":""0.96"",""created_time"":""2026-04-28T03:15:19.870704Z"",""no_price_dollars"":""0.4700"",""taker_side"":""yes"",""ticker"":""KXBTC15M-26APR272330-30"",""trade_id"":""7cc8047c-e88a-5fd8-e12a-a7d2e23f6725"",""yes_price_dollars"":""0.5300""}"
KXBTC15M-26APR272330-30,ea8fd41b-3263-7c48-3ca9-d86527325aec,1777346119,0.52,10.05,no,"{""count_fp"":""10.05"",""created_time"":""2026-04-28T03:15:19.739757Z"",""no_price_dollars"":""0.4800"",""taker_side"":""no"",""ticker"":""KXBTC15M-26APR272330-30"",""trade_id"":""ea8fd41b-3263-7c48-3ca9-d86527325aec"",""yes_price_dollars"":""0.5200""}"
KXBTC15M-26APR272330-30,f5919f31-8fa8-6a73-f062-412eca693b7c,1777346119,0.54,100.0,yes,"{""count_fp"":""100.00"",""created_time"":""2026-04-28T03:15:19.529148Z"",""no_price_dollars"":""0.4600"",""taker_side"":""yes"",""ticker"":""KXBTC15M-26APR272330-30"",""trade_id"":""f5919f31-8fa8-6a73-f062-412eca693b7c"",""yes_price_dollars"":""0.5400""}"
KXBTC15M-26APR272330-30,c2a80393-478f-7df4-1d25-5a30d9dced0c,1777346119,0.52,6.03,no,"{""count_fp"":""6.03"",""created_time"":""2026-04-28T03:15:19.470552Z"",""no_price_dollars"":""0.4800"",""taker_side"":""no"",""ticker"":""KXBTC15M-26APR272330-30"",""trade_id"":""c2a80393-478f-7df4-1d25-5a30d9dced0c"",""yes_price_dollars"":""0.5200""}"
KXBTC15M-26APR272330-30,ac98ec2e-6ca4-4296-e8bf-8d370a083590,1777346119,0.54,10.0,yes,"{""count_fp"":""10.00"",""created_time"":""2026-04-28T03:15:19.453667Z"",""no_price_dollars"":""0.4600"",""taker_side"":""yes"",""ticker"":""KXBTC15M-26APR272330-30"",""trade_id"":""ac98ec2e-6ca4-4296-e8bf-8d370a083590"",""yes_price_dollars"":""0.5400""}"
KXBTC15M-26APR272330-30,9e7baace-c028-4c9f-fc9e-e0c009738460,1777346119,0.54,24.81,yes,"{""count_fp"":""24.81"",""created_time"":""2026-04-28T03:15:19.453667Z"",""no_price_dollars"":""0.4600"",""taker_side"":""yes"",""ticker"":""KXBTC15M-26APR272330-30"",""trade_id"":""9e7baace-c028-4c9f-fc9e-e0c009738460"",""yes_price_dollars"":""0.5400""}"
KXBTC15M-26APR272330-30,73ecef08-6f96-4581-c156-daf612284617,1777346119,0.54,1.0,yes,"{""count_fp"":""1.00"",""created_time"":""2026-04-28T03:15:19.453667Z"",""no_price_dollars"":""0.4600"",""taker_side"":""yes"",""ticker"":""KXBTC15M-26APR272330-30"",""trade_id"":""73ecef08-6f96-4581-c156-daf612284617"",""yes_price_dollars"":""0.5400""}"
KXBTC15M-26APR272330-30,71ddbf88-ac48-48ed-d482-5fab9d89e074,1777346119,0.54,1.0,yes,"{""count_fp"":""1.00"",""created_time"":""2026-04-28T03:15:19.453667Z"",""no_price_dollars"":""0.4600"",""taker_side"":""yes"",""ticker"":""KXBTC15M-26APR272330-30"",""trade_id"":""71ddbf88-ac48-48ed-d482-5fab9d89e074"",""yes_price_dollars"":""0.5400""}"
KXBTC15M-26APR272330-30,6a1a4a02-2e35-44fc-e09a-dbaf7e0508a6,1777346119,0.54,2.0,yes,"{""count_fp"":""2.00"",""created_time"":""2026-04-28T03:15:19.453667Z"",""no_price_dollars"":""0.4600"",""taker_side"":""yes"",""ticker"":""KXBTC15M-26APR272330-30"",""trade_id"":""6a1a4a02-2e35-44fc-e09a-dbaf7e0508a6"",""yes_price_dollars"":""0.5400""}"
KXBTC15M-26APR272330-30,d21e1027-9583-60d8-1274-457bab0beda8,1777346119,0.52,0.4,no,"{""count_fp"":""0.40"",""created_time"":""2026-04-28T03:15:19.382226Z"",""no_price_dollars"":""0.4800"",""taker_side"":""no"",""ticker"":""KXBTC15M-26APR272330-30"",""trade_id"":""d21e1027-9583-60d8-1274-457bab0beda8"",""yes_price_dollars"":""0.5200""}"
KXBTC15M-26APR272330-30,1c1b8907-70df-6168-e7c9-0a78196c9488,1777346119,0.52,20.0,no,"{""count_fp"":""20.00"",""created_time"":""2026-04-28T03:15:19.035123Z"",""no_price_dollars"":""0.4800"",""taker_side"":""no"",""ticker"":""KXBTC15M-26APR272330-30"",""trade_id"":""1c1b8907-70df-6168-e7c9-0a78196c9488"",""yes_price_dollars"":""0.5200""}"
KXBTC15M-26APR272330-30,f4034337-18cf-7ee1-9067-faf229cd7a8c,1777346120,0.51,10.0,no,"{""count_fp"":""10.00"",""created_time"":""2026-04-28T03:15:20.879304Z"",""no_price_dollars"":""0.4900"",""taker_side"":""no"",""ticker"":""KXBTC15M-26APR272330-30"",""trade_id"":""f4034337-18cf-7ee1-9067-faf229cd7a8c"",""yes_price_dollars"":""0.5100""}"
KXBTC15M-26APR272330-30,d629219b-1904-7e18-871d-f09095553cea,1777346120,0.52,10.05,no,"{""count_fp"":""10.05"",""created_time"":""2026-04-28T03:15:20.879304Z"",""no_price_dollars"":""0.4800"",""taker_side"":""no"",""ticker"":""KXBTC15M-26APR272330-30"",""trade_id"":""d629219b-1904-7e18-871d-f09095553cea"",""yes_price_dollars"":""0.5200""}"
KXBTC15M-26APR272330-30,6ff01330-1030-7e05-a201-d82ec924fda0,1777346120,0.51,14.32,no,"{""count_fp"":""14.32"",""created_time"":""2026-04-28T03:15:20.879304Z"",""no_price_dollars"":""0.4900"",""taker_side"":""no"",""ticker"":""KXBTC15M-26APR272330-30"",""trade_id"":""6ff01330-1030-7e05-a201-d82ec924fda0"",""yes_price_dollars"":""0.5100""}"
KXBTC15M-26APR272330-30,6c27e536-45e7-77a6-8c4a-f3dfe9d938b1,1777346120,0.53,19.9,no,"{""count_fp"":""19.90"",""created_time"":""2026-04-28T03:15:20.879304Z"",""no_price_dollars"":""0.4700"",""taker_side"":""no"",""ticker"":""KXBTC15M-26APR272330-30"",""trade_id"":""6c27e536-45e7-77a6-8c4a-f3dfe9d938b1"",""yes_price_dollars"":""0.5300""}"
KXBTC15M-26APR272330-30,d1e6bfd5-efd3-60ca-d8f3-9bdf55c58021,1777346120,0.53,7.0,no,"{""count_fp"":""7.00"",""created_time"":""2026-04-28T03:15:20.426303Z"",""no_price_dollars"":""0.4700"",""taker_side"":""no"",""ticker"":""KXBTC15M-26APR272330-30"",""trade_id"":""d1e6bfd5-efd3-60ca-d8f3-9bdf55c58021"",""yes_price_dollars"":""0.5300""}"
KXBTC15M-26APR272330-30,ddc8422c-bbdb-7932-d4a3-7b544681fead,1777346120,0.53,16.1,no,"{""count_fp"":""16.10"",""created_time"":""2026-04-28T03:15:20.313772Z"",""no_price_dollars"":""0.4700"",""taker_side"":""no"",""ticker"":""KXBTC15M-26APR272330-30"",""trade_id"":""ddc8422c-bbdb-7932-d4a3-7b544681fead"",""yes_price_dollars"":""0.5300""}"
KXBTC15M-26APR272330-30,6ca5e747-8dc9-7b67-c704-e4fcf76dac93,1777346120,0.53,4.0,no,"{""count_fp"":""4.00"",""created_time"":""2026-04-28T03:15:20.313772Z"",""no_price_dollars"":""0.4700"",""taker_side"":""no"",""ticker"":""KXBTC15M-26APR272330-30"",""trade_id"":""6ca5e747-8dc9-7b67-c704-e4fcf76dac93"",""yes_price_dollars"":""0.5300""}"
KXBTC15M-26APR272330-30,c87bef29-7bcf-6238-8626-c42cc99a9640,1777346120,0.52,100.46,no,"{""count_fp"":""100.46"",""created_time"":""2026-04-28T03:15:20.159726Z"",""no_price_dollars"":""0.4800"",""taker_side"":""no"",""ticker"":""KXBTC15M-26APR272330-30"",""trade_id"":""c87bef29-7bcf-6238-8626-c42cc99a9640"",""yes_price_dollars"":""0.5200""}"
KXBTC15M-26APR272330-30,70cb531b-5095-657f-a151-e91f5fa6caef,1777346120,0.53,0.04,no,"{""count_fp"":""0.04"",""created_time"":""2026-04-28T03:15:20.159726Z"",""no_price_dollars"":""0.4700"",""taker_side"":""no"",""ticker"":""KXBTC15M-26APR272330-30"",""trade_id"":""70cb531b-5095-657f-a151-e91f5fa6caef"",""yes_price_dollars"":""0.5300""}"
KXBTC15M-26APR272330-30,f07b20e6-28bd-77ea-1252-d365b9c501f5,1777346120,0.54,3.0,yes,"{""count_fp"":""3.00"",""created_time"":""2026-04-28T03:15:20.121201Z"",""no_price_dollars"":""0.4600"",""taker_side"":""yes"",""ticker"":""KXBTC15M-26APR272330-30"",""trade_id"":""f07b20e6-28bd-77ea-1252-d365b9c501f5"",""yes_price_dollars"":""0.5400""}"
KXBTC15M-26APR272330-30,d611267c-6d4b-7b27-0d94-2a9853031232,1777346120,0.54,2.0,yes,"{""count_fp"":""2.00"",""created_time"":""2026-04-28T03:15:20.121201Z"",""no_price_dollars"":""0.4600"",""taker_side"":""yes"",""ticker"":""KXBTC15M-26APR272330-30"",""trade_id"":""d611267c-6d4b-7b27-0d94-2a9853031232"",""yes_price_dollars"":""0.5400""}"
KXBTC15M-26APR272330-30,7fc55c98-9ba7-705e-30c1-6ee22f28629a,1777346120,0.54,13.0,yes,"{""count_fp"":""13.00"",""created_time"":""2026-04-28T03:15:20.121201Z"",""no_price_dollars"":""0.4600"",""taker_side"":""yes"",""ticker"":""KXBTC15M-26APR272330-30"",""trade_id"":""7fc55c98-9ba7-705e-30c1-6ee22f28629a"",""yes_price_dollars"":""0.5400""}"
KXBTC15M-26APR272330-30,71eae5c7-3671-796f-1c75-2ed27fd045db,1777346120,0.54,48.63,yes,"{""count_fp"":""48.63"",""created_time"":""2026-04-28T03:15:20.121201Z"",""no_price_dollars"":""0.4600"",""taker_side"":""yes"",""ticker"":""KXBTC15M-26APR272330-30"",""trade_id"":""71eae5c7-3671-796f-1c75-2ed27fd045db"",""yes_price_dollars"":""0.5400""}"
KXBTC15M-26APR272330-30,eb783055-f579-4c36-c235-9bec1400e201,1777346121,0.51,20.0,no,"{""count_fp"":""20.00"",""created_time"":""2026-04-28T03:15:21.754008Z"",""no_price_dollars"":""0.4900"",""taker_side"":""no"",""ticker"":""KXBTC15M-26APR272330-30"",""trade_id"":""eb783055-f579-4c36-c235-9bec1400e201"",""yes_price_dollars"":""0.5100""}"
KXBTC15M-26APR272330-30,4d9be1f5-01a6-67a9-9036-4a454846d8cd,1777346121,0.52,5.0,yes,"{""count_fp"":""5.00"",""created_time"":""2026-04-28T03:15:21.704127Z"",""no_price_dollars"":""0.4800"",""taker_side"":""yes"",""ticker"":""KXBTC15M-26APR272330-30"",""trade_id"":""4d9be1f5-01a6-67a9-9036-4a454846d8cd"",""yes_price_dollars"":""0.5200""}"
KXBTC15M-26APR272330-30,24184fc4-2460-6d81-c90c-6fcc6df318e0,1777346121,0.51,9.84,no,"{""count_fp"":""9.84"",""created_time"":""2026-04-28T03:15:21.265292Z"",""no_price_dollars"":""0.4900"",""taker_side"":""no"",""ticker"":""KXBTC15M-26APR272330-30"",""trade_id"":""24184fc4-2460-6d81-c90c-6fcc6df318e0"",""yes_price_dollars"":""0.5100""}"
KXBTC15M-26APR272330-30,284f15c9-99c1-5257-a834-c14509ca44ef,1777346121,0.52,1.15,yes,"{""count_fp"":""1.15"",""created_time"":""2026-04-28T03:15:21.187545Z"",""no_price_dollars"":""0.4800"",""taker_side"":""yes"",""ticker"":""KXBTC15M-26APR272330-30"",""trade_id"":""284f15c9-99c1-5257-a834-c14509ca44ef"",""yes_price_dollars"":""0.5200""}"
KXBTC15M-26APR272330-30,1e6ee767-7c1a-5ccd-b0fa-b5fc29cb8c6d,1777346121,0.52,302.09,yes,"{""count_fp"":""302.09"",""created_time"":""2026-04-28T03:15:21.187545Z"",""no_price_dollars"":""0.4800"",""taker_side"":""yes"",""ticker"":""KXBTC15M-26APR272330-30"",""trade_id"":""1e6ee767-7c1a-5ccd-b0fa-b5fc29cb8c6d"",""yes_price_dollars"":""0.5200""}"
KXBTC15M-26APR272330-30,fd5f2ba0-3cd4-60cd-b3ed-be49a7cbec18,1777346121,0.51,1.72,no,"{""count_fp"":""1.72"",""created_time"":""2026-04-28T03:15:21.153109Z"",""no_price_dollars"":""0.4900"",""taker_side"":""no"",""ticker"":""KXBTC15M-26APR272330-30"",""trade_id"":""fd5f2ba0-3cd4-60cd-b3ed-be49a7cbec18"",""yes_price_dollars"":""0.5100""}"
KXBTC15M-26APR272330-30,231ca540-ab46-5ead-f8b8-dc75c1424a6d,1777346122,0.52,28.0,yes,"{""count_fp"":""28.00"",""created_time"":""2026-04-28T03:15:22.962271Z"",""no_price_dollars"":""0.4800"",""taker_side"":""yes"",""ticker"":""KXBTC15M-26APR272330-30"",""trade_id"":""231ca540-ab46-5ead-f8b8-dc75c1424a6d"",""yes_price_dollars"":""0.5200""}"
KXBTC15M-26APR272330-30,04912d2c-3776-7dcd-a7e3-0b362eeee935,1777346122,0.52,18.6,yes,"{""count_fp"":""18.60"",""created_time"":""2026-04-28T03:15:22.739695Z"",""no_price_dollars"":""0.4800"",""taker_side"":""yes"",""ticker"":""KXBTC15M-26APR272330-30"",""trade_id"":""04912d2c-3776-7dcd-a7e3-0b362eeee935"",""yes_price_dollars"":""0.5200""}"
KXBTC15M-26APR272330-30,d53e8d19-af42-7961-3c8f-43203add5629,1777346122,0.52,9.3,yes,"{""count_fp"":""9.30"",""created_time"":""2026-04-28T03:15:22.421656Z"",""no_price_dollars"":""0.4800"",""taker_side"":""yes"",""ticker"":""KXBTC15M-26APR272330-30"",""trade_id"":""d53e8d19-af42-7961-3c8f-43203add5629"",""yes_price_dollars"":""0.5200""}"
KXBTC15M-26APR272330-30,c79d8615-e75a-6d95-5745-4682075cef31,1777346122,0.52,73.06,yes,"{""count_fp"":""73.06"",""created_time"":""2026-04-28T03:15:22.315981Z"",""no_price_dollars"":""0.4800"",""taker_side"":""yes"",""ticker"":""KXBTC15M-26APR272330-30"",""trade_id"":""c79d8615-e75a-6d95-5745-4682075cef31"",""yes_price_dollars"":""0.5200""}"
KXBTC15M-26APR272330-30,9cbd1953-c45a-55dd-8cde-ee5e487b7b69,1777346122,0.52,50.0,yes,"{""count_fp"":""50.00"",""created_time"":""2026-04-28T03:15:22.159467Z"",""no_price_dollars"":""0.4800"",""taker_side"":""yes"",""ticker"":""KXBTC15M-26APR272330-30"",""trade_id"":""9cbd1953-c45a-55dd-8cde-ee5e487b7b69"",""yes_price_dollars"":""0.5200""}"
KXBTC15M-26APR272330-30,3932e22e-ecea-611d-d1fd-a1ac593c361a,1777346123,0.52,1.79,yes,"{""count_fp"":""1.79"",""created_time"":""2026-04-28T03:15:23.313573Z"",""no_price_dollars"":""0.4800"",""taker_side"":""yes"",""ticker"":""KXBTC15M-26APR272330-30"",""trade_id"":""3932e22e-ecea-611d-d1fd-a1ac593c361a"",""yes_price_dollars"":""0.5200""}"
KXBTC15M-26APR272330-30,c65b42be-571e-74e9-86ed-7cf4e9da33d6,1777346123,0.52,0.17,yes,"{""count_fp"":""0.17"",""created_time"":""2026-04-28T03:15:23.179779Z"",""no_price_dollars"":""0.4800"",""taker_side"":""yes"",""ticker"":""KXBTC15M-26APR272330-30"",""trade_id"":""c65b42be-571e-74e9-86ed-7cf4e9da33d6"",""yes_price_dollars"":""0.5200""}"
KXBTC15M-26APR272330-30,c64705a2-91dc-7b87-9460-7d6f65c1bfcc,1777346123,0.52,1.0,yes,"{""count_fp"":""1.00"",""created_time"":""2026-04-28T03:15:23.179779Z"",""no_price_dollars"":""0.4800"",""taker_side"":""yes"",""ticker"":""KXBTC15M-26APR272330-30"",""trade_id"":""c64705a2-91dc-7b87-9460-7d6f65c1bfcc"",""yes_price_dollars"":""0.5200""}"
KXBTC15M-26APR272330-30,405808b8-5283-702f-9cb2-b1265a5ad00e,1777346123,0.52,3.0,yes,"{""count_fp"":""3.00"",""created_time"":""2026-04-28T03:15:23.179779Z"",""no_price_dollars"":""0.4800"",""taker_side"":""yes"",""ticker"":""KXBTC15M-26APR272330-30"",""trade_id"":""405808b8-5283-702f-9cb2-b1265a5ad00e"",""yes_price_dollars"":""0.5200""}"
KXBTC15M-26APR272330-30,3454fa1e-ffb8-7efe-aad2-92c86977775c,1777346123,0.52,1.15,yes,"{""count_fp"":""1.15"",""created_time"":""2026-04-28T03:15:23.179779Z"",""no_price_dollars"":""0.4800"",""taker_side"":""yes"",""ticker"":""KXBTC15M-26APR272330-30"",""trade_id"":""3454fa1e-ffb8-7efe-aad2-92c86977775c"",""yes_price_dollars"":""0.5200""}"
KXBTC15M-26APR272330-30,2c503561-c736-750d-9266-5dc28d93a0ec,1777346123,0.52,30.0,yes,"{""count_fp"":""30.00"",""created_time"":""2026-04-28T03:15:23.179779Z"",""no_price_dollars"":""0.4800"",""taker_side"":""yes"",""ticker"":""KXBTC15M-26APR272330-30"",""trade_id"":""2c503561-c736-750d-9266-5dc28d93a0ec"",""yes_price_dollars"":""0.5200""}"
KXBTC15M-26APR272330-30,397874a0-3b0e-4e39-283d-53ce476f67ae,1777346124,0.52,12.0,yes,"{""count_fp"":""12.00"",""created_time"":""2026-04-28T03:15:24.990512Z"",""no_price_dollars"":""0.4800"",""taker_side"":""yes"",""ticker"":""KXBTC15M-26APR272330-30"",""trade_id"":""397874a0-3b0e-4e39-283d-53ce476f67ae"",""yes_price_dollars"":""0.5200""}"
KXBTC15M-26APR272330-30,2053a149-c5d8-41b9-30a6-24b6ebd2caec,1777346124,0.51,3.94,no,"{""count_fp"":""3.94"",""created_time"":""2026-04-28T03:15:24.758008Z"",""no_price_dollars"":""0.4900"",""taker_side"":""no"",""ticker"":""KXBTC15M-26APR272330-30"",""trade_id"":""2053a149-c5d8-41b9-30a6-24b6ebd2caec"",""yes_price_dollars"":""0.5100""}"
KXBTC15M-26APR272330-30,cbd8c538-8cfe-5015-0cc4-51cb18d658ea,1777346124,0.52,37.21,yes,"{""count_fp"":""37.21"",""created_time"":""2026-04-28T03:15:24.736146Z"",""no_price_dollars"":""0.4800"",""taker_side"":""yes"",""ticker"":""KXBTC15M-26APR272330-30"",""trade_id"":""cbd8c538-8cfe-5015-0cc4-51cb18d658ea"",""yes_price_dollars"":""0.5200""}"
KXBTC15M-26APR272330-30,30a103ce-12e4-7c21-c3f0-b3fcf45731b0,1777346124,0.51,2.0,no,"{""count_fp"":""2.00"",""created_time"":""2026-04-28T03:15:24.417041Z"",""no_price_dollars"":""0.4900"",""taker_side"":""no"",""ticker"":""KXBTC15M-26APR272330-30"",""trade_id"":""30a103ce-12e4-7c21-c3f0-b3fcf45731b0"",""yes_price_dollars"":""0.5100""}"
KXBTC15M-26APR272330-30,efc04b6a-104c-506d-fd83-88d3aa1556a4,1777346124,0.51,2.0,no,"{""count_fp"":""2.00"",""created_time"":""2026-04-28T03:15:24.409832Z"",""no_price_dollars"":""0.4900"",""taker_side"":""no"",""ticker"":""KXBTC15M-26APR272330-30"",""trade_id"":""efc04b6a-104c-506d-fd83-88d3aa1556a4"",""yes_price_dollars"":""0.5100""}"
KXBTC15M-26APR272330-30,8838da48-6e96-4799-6700-b9c98ccafbc6,1777346124,0.52,9.3,yes,"{""count_fp"":""9.30"",""created_time"":""2026-04-28T03:15:24.374028Z"",""no_price_dollars"":""0.4800"",""taker_side"":""yes"",""ticker"":""KXBTC15M-26APR272330-30"",""trade_id"":""8838da48-6e96-4799-6700-b9c98ccafbc6"",""yes_price_dollars"":""0.5200""}"
KXBTC15M-26APR272330-30,0042d5d2-7e62-5775-d86f-ac6f5851a79a,1777346124,0.52,2.0,yes,"{""count_fp"":""2.00"",""created_time"":""2026-04-28T03:15:24.359428Z"",""no_price_dollars"":""0.4800"",""taker_side"":""yes"",""ticker"":""KXBTC15M-26APR272330-30"",""trade_id"":""0042d5d2-7e62-5775-d86f-ac6f5851a79a"",""yes_price_dollars"":""0.5200""}"
KXBTC15M-26APR272330-30,a5c45353-9a02-5b85-a5ea-3bbf82c1518a,1777346124,0.52,2.0,yes,"{""count_fp"":""2.00"",""created_time"":""2026-04-28T03:15:24.296845Z"",""no_price_dollars"":""0.4800"",""taker_side"":""yes"",""ticker"":""KXBTC15M-26APR272330-30"",""trade_id"":""a5c45353-9a02-5b85-a5ea-3bbf82c1518a"",""yes_price_dollars"":""0.5200""}"
KXBTC15M-26APR272330-30,ee00ed08-52de-4585-58f5-31da94bf8a9e,1777346124,0.52,2.0,yes,"{""count_fp"":""2.00"",""created_time"":""2026-04-28T03:15:24.296425Z"",""no_price_dollars"":""0.4800"",""taker_side"":""yes"",""ticker"":""KXBTC15M-26APR272330-30"",""trade_id"":""ee00ed08-52de-4585-58f5-31da94bf8a9e"",""yes_price_dollars"":""0.5200""}"
KXBTC15M-26APR272330-30,53f33b9c-f67a-5061-a365-2cf5ec6599f6,1777346124,0.52,93.02,yes,"{""count_fp"":""93.02"",""created_time"":""2026-04-28T03:15:24.293615Z"",""no_price_dollars"":""0.4800"",""taker_side"":""yes"",""ticker"":""KXBTC15M-26APR272330-30"",""trade_id"":""53f33b9c-f67a-5061-a365-2cf5ec6599f6"",""yes_price_dollars"":""0.5200""}"
KXBTC15M-26APR272330-30,be7d51a6-071a-6de1-ac62-f69d4d6f1406,1777346124,0.52,2.0,yes,"{""count_fp"":""2.00"",""created_time"":""2026-04-28T03:15:24.287748Z"",""no_price_dollars"":""0.4800"",""taker_side"":""yes"",""ticker"":""KXBTC15M-26APR272330-30"",""trade_id"":""be7d51a6-071a-6de1-ac62-f69d4d6f1406"",""yes_price_dollars"":""0.5200""}"
KXBTC15M-26APR272330-30,2abf9626-ed36-6899-7c38-058feb78b55a,1777346124,0.52,2.0,yes,"{""count_fp"":""2.00"",""created_time"":""2026-04-28T03:15:24.270265Z"",""no_price_dollars"":""0.4800"",""taker_side"":""yes"",""ticker"":""KXBTC15M-26APR272330-30"",""trade_id"":""2abf9626-ed36-6899-7c38-058feb78b55a"",""yes_price_dollars"":""0.5200""}"
KXBTC15M-26APR272330-30,236971e0-0e22-497d-435e-210f00facb86,1777346124,0.52,2.0,yes,"{""count_fp"":""2.00"",""created_time"":""2026-04-28T03:15:24.263779Z"",""no_price_dollars"":""0.4800"",""taker_side"":""yes"",""ticker"":""KXBTC15M-26APR272330-30"",""trade_id"":""236971e0-0e22-497d-435e-210f00facb86"",""yes_price_dollars"":""0.5200""}"
KXBTC15M-26APR272330-30,a3e6fd13-0f04-77c1-ec04-ad21fd7ef26c,1777346124,0.51,2.0,no,"{""count_fp"":""2.00"",""created_time"":""2026-04-28T03:15:24.134549Z"",""no_price_dollars"":""0.4900"",""taker_side"":""no"",""ticker"":""KXBTC15M-26APR272330-30"",""trade_id"":""a3e6fd13-0f04-77c1-ec04-ad21fd7ef26c"",""yes_price_dollars"":""0.5100""}"
KXBTC15M-26APR272330-30,fedbb1de-26e2-4399-283a-15a0abd4a466,1777346124,0.52,22.32,yes,"{""count_fp"":""22.32"",""created_time"":""2026-04-28T03:15:24.051985Z"",""no_price_dollars"":""0.4800"",""taker_side"":""yes"",""ticker"":""KXBTC15M-26APR272330-30"",""trade_id"":""fedbb1de-26e2-4399-283a-15a0abd4a466"",""yes_price_dollars"":""0.5200""}"
KXBTC15M-26APR272330-30,9c72db32-616e-76b9-6583-83387909aa42,1777346126,0.52,46.51,yes,"{""count_fp"":""46.51"",""created_time"":""2026-04-28T03:15:26.483004Z"",""no_price_dollars"":""0.4800"",""taker_side"":""yes"",""ticker"":""KXBTC15M-26APR272330-30"",""trade_id"":""9c72db32-616e-76b9-6583-83387909aa42"",""yes_price_dollars"":""0.5200""}"
KXBTC15M-26APR272330-30,043d5f37-e8d8-5d57-20c5-8112ce1c9d9b,1777346127,0.5,0.21,no,"{""count_fp"":""0.21"",""created_time"":""2026-04-28T03:15:27.771923Z"",""no_price_dollars"":""0.5000"",""taker_side"":""no"",""ticker"":""KXBTC15M-26APR272330-30"",""trade_id"":""043d5f37-e8d8-5d57-20c5-8112ce1c9d9b"",""yes_price_dollars"":""0.5000""}"
KXBTC15M-26APR272330-30,619b06aa-1b36-7f3c-5d1a-2c208f6560c7,1777346127,0.51,3.0,yes,"{""count_fp"":""3.00"",""created_time"":""2026-04-28T03:15:27.226418Z"",""no_price_dollars"":""0.4900"",""taker_side"":""yes"",""ticker"":""KXBTC15M-26APR272330-30"",""trade_id"":""619b06aa-1b36-7f3c-5d1a-2c208f6560c7"",""yes_price_dollars"":""0.5100""}"
KXBTC15M-26APR272330-30,38b5ad74-4206-7571-6178-f3e3cfd5fee6,1777346127,0.51,34.2,yes,"{""count_fp"":""34.20"",""created_time"":""2026-04-28T03:15:27.226418Z"",""no_price_dollars"":""0.4900"",""taker_side"":""yes"",""ticker"":""KXBTC15M-26APR272330-30"",""trade_id"":""38b5ad74-4206-7571-6178-f3e3cfd5fee6"",""yes_price_dollars"":""0.5100""}"
KXBTC15M-26APR272330-30,62804c41-d678-5bb3-b259-25c3bb4983eb,1777346127,0.5,5.88,no,"{""count_fp"":""5.88"",""created_time"":""2026-04-28T03:15:27.171079Z"",""no_price_dollars"":""0.5000"",""taker_side"":""no"",""ticker"":""KXBTC15M-26APR272330-30"",""trade_id"":""62804c41-d678-5bb3-b259-25c3bb4983eb"",""yes_price_dollars"":""0.5000""}"
KXBTC15M-26APR272330-30,25de08cd-29b0-5f8d-bd6e-b1e33f33fb00,1777346127,0.51,14.12,no,"{""count_fp"":""14.12"",""created_time"":""2026-04-28T03:15:27.171079Z"",""no_price_dollars"":""0.4900"",""taker_side"":""no"",""ticker"":""KXBTC15M-26APR272330-30"",""trade_id"":""25de08cd-29b0-5f8d-bd6e-b1e33f33fb00"",""yes_price_dollars"":""0.5100""}"
KXBTC15M-26APR272330-30,f2ef78b6-4948-5773-5ed4-607b3ff560df,1777346128,0.5,1.0,no,"{""count_fp"":""1.00"",""created_time"":""2026-04-28T03:15:28.784736Z"",""no_price_dollars"":""0.5000"",""taker_side"":""no"",""ticker"":""KXBTC15M-26APR272330-30"",""trade_id"":""f2ef78b6-4948-5773-5ed4-607b3ff560df"",""yes_price_dollars"":""0.5000""}"
KXBTC15M-26APR272330-30,a0483969-c974-79d7-53b2-392253692ecf,1777346128,0.5,148.79,no,"{""count_fp"":""148.79"",""created_time"":""2026-04-28T03:15:28.598689Z"",""no_price_dollars"":""0.5000"",""taker_side"":""no"",""ticker"":""KXBTC15M-26APR272330-30"",""trade_id"":""a0483969-c974-79d7-53b2-392253692ecf"",""yes_price_dollars"":""0.5000""}"
KXBTC15M-26APR272330-30,244dc60e-f094-72a7-047c-a95e2e9ceb87,1777346128,0.5,7.72,no,"{""count_fp"":""7.72"",""created_time"":""2026-04-28T03:15:28.425779Z"",""no_price_dollars"":""0.5000"",""taker_side"":""no"",""ticker"":""KXBTC15M-26APR272330-30"",""trade_id"":""244dc60e-f094-72a7-047c-a95e2e9ceb87"",""yes_price_dollars"":""0.5000""}"
KXBTC15M-26APR272330-30,8430be70-1bec-6953-e568-65322226f7fb,1777346128,0.5,8.0,no,"{""count_fp"":""8.00"",""created_time"":""2026-04-28T03:15:28.144334Z"",""no_price_dollars"":""0.5000"",""taker_side"":""no"",""ticker"":""KXBTC15M-26APR272330-30"",""trade_id"":""8430be70-1bec-6953-e568-65322226f7fb"",""yes_price_dollars"":""0.5000""}"
KXBTC15M-26APR272330-30,3556c82f-61f0-6307-b706-3378e53a4773,1777346129,0.5,8.0,no,"{""count_fp"":""8.00"",""created_time"":""2026-04-28T03:15:29.798485Z"",""no_price_dollars"":""0.5000"",""taker_side"":""no"",""ticker"":""KXBTC15M-26APR272330-30"",""trade_id"":""3556c82f-61f0-6307-b706-3378e53a4773"",""yes_price_dollars"":""0.5000""}"
KXBTC15M-26APR272330-30,10c81d3a-4082-70b4-d54b-faf6e918bed1,1777346129,0.51,1.0,yes,"{""count_fp"":""1.00"",""created_time"":""2026-04-28T03:15:29.580018Z"",""no_price_dollars"":""0.4900"",""taker_side"":""yes"",""ticker"":""KXBTC15M-26APR272330-30"",""trade_id"":""10c81d3a-4082-70b4-d54b-faf6e918bed1"",""yes_price_dollars"":""0.5100""}"
KXBTC15M-26APR272330-30,969597a3-b552-4ed4-3a6c-89827f332155,1777346129,0.51,4.53,yes,"{""count_fp"":""4.53"",""created_time"":""2026-04-28T03:15:29.393276Z"",""no_price_dollars"":""0.4900"",""taker_side"":""yes"",""ticker"":""KXBTC15M-26APR272330-30"",""trade_id"":""969597a3-b552-4ed4-3a6c-89827f332155"",""yes_price_dollars"":""0.5100""}"
KXBTC15M-26APR272330-30,6bebfe6f-c9eb-7324-6420-9baaf2001e8d,1777346129,0.51,34.0,yes,"{""count_fp"":""34.00"",""created_time"":""2026-04-28T03:15:29.188903Z"",""no_price_dollars"":""0.4900"",""taker_side"":""yes"",""ticker"":""KXBTC15M-26APR272330-30"",""trade_id"":""6bebfe6f-c9eb-7324-6420-9baaf2001e8d"",""yes_price_dollars"":""0.5100""}"
KXBTC15M-26APR272330-30,0047a73b-2e85-736f-57ee-b281fdb3fc2c,1777346129,0.51,45.0,yes,"{""count_fp"":""45.00"",""created_time"":""2026-04-28T03:15:29.188903Z"",""no_price_dollars"":""0.4900"",""taker_side"":""yes"",""ticker"":""KXBTC15M-26APR272330-30"",""trade_id"":""0047a73b-2e85-736f-57ee-b281fdb3fc2c"",""yes_price_dollars"":""0.5100""}"
KXBTC15M-26APR272330-30,48af6599-6a34-793f-116a-9f3eac28b7d7,1777346129,0.5,40.57,no,"{""count_fp"":""40.57"",""created_time"":""2026-04-28T03:15:29.058304Z"",""no_price_dollars"":""0.5000"",""taker_side"":""no"",""ticker"":""KXBTC15M-26APR272330-30"",""trade_id"":""48af6599-6a34-793f-116a-9f3eac28b7d7"",""yes_price_dollars"":""0.5000""}"
KXBTC15M-26APR272330-30,1d58a157-44c8-6d97-9bb6-e9573c55b1a7,1777346129,0.5,1.54,no,"{""count_fp"":""1.54"",""created_time"":""2026-04-28T03:15:29.010493Z"",""no_price_dollars"":""0.5000"",""taker_side"":""no"",""ticker"":""KXBTC15M-26APR272330-30"",""trade_id"":""1d58a157-44c8-6d97-9bb6-e9573c55b1a7"",""yes_price_dollars"":""0.5000""}"
KXBTC15M-26APR272330-30,ef97f5a8-88f2-4889-1a2d-f97240d8644f,1777346130,0.51,137.67,yes,"{""count_fp"":""137.67"",""created_time"":""2026-04-28T03:15:30.928579Z"",""no_price_dollars"":""0.4900"",""taker_side"":""yes"",""ticker"":""KXBTC15M-26APR272330-30"",""trade_id"":""ef97f5a8-88f2-4889-1a2d-f97240d8644f"",""yes_price_dollars"":""0.5100""}"
KXBTC15M-26APR272330-30,b09ca457-209a-6c2d-480f-97272dda5d3b,1777346130,0.51,1.0,yes,"{""count_fp"":""1.00"",""created_time"":""2026-04-28T03:15:30.653754Z"",""no_price_dollars"":""0.4900"",""taker_side"":""yes"",""ticker"":""KXBTC15M-26APR272330-30"",""trade_id"":""b09ca457-209a-6c2d-480f-97272dda5d3b"",""yes_price_dollars"":""0.5100""}"
KXBTC15M-26APR272330-30,87f64beb-2376-4891-0215-eaba622ef44b,1777346130,0.51,1.0,yes,"{""count_fp"":""1.00"",""created_time"":""2026-04-28T03:15:30.463253Z"",""no_price_dollars"":""0.4900"",""taker_side"":""yes"",""ticker"":""KXBTC15M-26APR272330-30"",""trade_id"":""87f64beb-2376-4891-0215-eaba622ef44b"",""yes_price_dollars"":""0.5100""}"
KXBTC15M-26APR272330-30,6a6279a6-ccd3-4b28-e87f-8834d7e1735f,1777346130,0.5,8.52,no,"{""count_fp"":""8.52"",""created_time"":""2026-04-28T03:15:30.219852Z"",""no_price_dollars"":""0.5000"",""taker_side"":""no"",""ticker"":""KXBTC15M-26APR272330-30"",""trade_id"":""6a6279a6-ccd3-4b28-e87f-8834d7e1735f"",""yes_price_dollars"":""0.5000""}"
KXBTC15M-26APR272330-30,6084b6ca-859c-4c6a-fad9-24ff976de6dc,1777346130,0.5,2.0,no,"{""count_fp"":""2.00"",""created_time"":""2026-04-28T03:15:30.219852Z"",""no_price_dollars"":""0.5000"",""taker_side"":""no"",""ticker"":""KXBTC15M-26APR272330-30"",""trade_id"":""6084b6ca-859c-4c6a-fad9-24ff976de6dc"",""yes_price_dollars"":""0.5000""}"
KXBTC15M-26APR272330-30,5b97e19f-487d-49d7-cfcc-0fc5f50c1abc,1777346130,0.5,2.0,no,"{""count_fp"":""2.00"",""created_time"":""2026-04-28T03:15:30.219852Z"",""no_price_dollars"":""0.5000"",""taker_side"":""no"",""ticker"":""KXBTC15M-26APR272330-30"",""trade_id"":""5b97e19f-487d-49d7-cfcc-0fc5f50c1abc"",""yes_price_dollars"":""0.5000""}"
KXBTC15M-26APR272330-30,1664c5fe-c14c-41eb-cfca-63bcd04f953b,1777346130,0.5,1.0,no,"{""count_fp"":""1.00"",""created_time"":""2026-04-28T03:15:30.219852Z"",""no_price_dollars"":""0.5000"",""taker_side"":""no"",""ticker"":""KXBTC15M-26APR272330-30"",""trade_id"":""1664c5fe-c14c-41eb-cfca-63bcd04f953b"",""yes_price_dollars"":""0.5000""}"
KXBTC15M-26APR272330-30,aef092e8-12f6-5b15-7c1b-6bd1581fff87,1777346130,0.51,1.0,yes,"{""count_fp"":""1.00"",""created_time"":""2026-04-28T03:15:30.114219Z"",""no_price_dollars"":""0.4900"",""taker_side"":""yes"",""ticker"":""KXBTC15M-26APR272330-30"",""trade_id"":""aef092e8-12f6-5b15-7c1b-6bd1581fff87"",""yes_price_dollars"":""0.5100""}"
KXBTC15M-26APR272330-30,6dfec480-dcbe-5479-b13e-15670e1fe0b7,1777346130,0.51,2.0,yes,"{""count_fp"":""2.00"",""created_time"":""2026-04-28T03:15:30.053871Z"",""no_price_dollars"":""0.4900"",""taker_side"":""yes"",""ticker"":""KXBTC15M-26APR272330-30"",""trade_id"":""6dfec480-dcbe-5479-b13e-15670e1fe0b7"",""yes_price_dollars"":""0.5100""}"
KXBTC15M-26APR272330-30,e0b2327a-7850-60f5-9ea5-d5d341ab16df,1777346130,0.51,56.0,yes,"{""count_fp"":""56.00"",""created_time"":""2026-04-28T03:15:30.016606Z"",""no_price_dollars"":""0.4900"",""taker_side"":""yes"",""ticker"":""KXBTC15M-26APR272330-30"",""trade_id"":""e0b2327a-7850-60f5-9ea5-d5d341ab16df"",""yes_price_dollars"":""0.5100""}"
KXBTC15M-26APR272330-30,37ea41df-9e0e-6305-849d-5c49c00e6683,1777346130,0.51,0.65,yes,"{""count_fp"":""0.65"",""created_time"":""2026-04-28T03:15:30.016606Z"",""no_price_dollars"":""0.4900"",""taker_side"":""yes"",""ticker"":""KXBTC15M-26APR272330-30"",""trade_id"":""37ea41df-9e0e-6305-849d-5c49c00e6683"",""yes_price_dollars"":""0.5100""}"
KXBTC15M-26APR272330-30,2df3a783-6d0a-653a-8cbe-dea76493db38,1777346130,0.51,1.33,yes,"{""count_fp"":""1.33"",""created_time"":""2026-04-28T03:15:30.016606Z"",""no_price_dollars"":""0.4900"",""taker_side"":""yes"",""ticker"":""KXBTC15M-26APR272330-30"",""trade_id"":""2df3a783-6d0a-653a-8cbe-dea76493db38"",""yes_price_dollars"":""0.5100""}"
KXBTC15M-26APR272330-30,1a61f776-047a-6124-a1ed-b643aa772aad,1777346130,0.51,14.47,yes,"{""count_fp"":""14.47"",""created_time"":""2026-04-28T03:15:30.016606Z"",""no_price_dollars"":""0.4900"",""taker_side"":""yes"",""ticker"":""KXBTC15M-26APR272330-30"",""trade_id"":""1a61f776-047a-6124-a1ed-b643aa772aad"",""yes_price_dollars"":""0.5100""}"
KXBTC15M-26APR272330-30,1a1b4c98-de9e-6e01-92b5-27eb1dd9ee34,1777346130,0.51,3.0,yes,"{""count_fp"":""3.00"",""created_time"":""2026-04-28T03:15:30.016606Z"",""no_price_dollars"":""0.4900"",""taker_side"":""yes"",""ticker"":""KXBTC15M-26APR272330-30"",""trade_id"":""1a1b4c98-de9e-6e01-92b5-27eb1dd9ee34"",""yes_price_dollars"":""0.5100""}"
KXBTC15M-26APR272330-30,b1f30d82-2c5d-6426-fcdb-1ebbe3dc9552,1777346131,0.5,3.86,no,"{""count_fp"":""3.86"",""created_time"":""2026-04-28T03:15:31.947895Z"",""no_price_dollars"":""0.5000"",""taker_side"":""no"",""ticker"":""KXBTC15M-26APR272330-30"",""trade_id"":""b1f30d82-2c5d-6426-fcdb-1ebbe3dc9552"",""yes_price_dollars"":""0.5000""}"
KXBTC15M-26APR272330-30,243762ad-495e-43ed-8cb3-73a7983a168f,1777346131,0.51,53.08,yes,"{""count_fp"":""53.08"",""created_time"":""2026-04-28T03:15:31.806594Z"",""no_price_dollars"":""0.4900"",""taker_side"":""yes"",""ticker"":""KXBTC15M-26APR272330-30"",""trade_id"":""243762ad-495e-43ed-8cb3-73a7983a168f"",""yes_price_dollars"":""0.5100""}"
KXBTC15M-26APR272330-30,58be2781-8276-749e-a142-cfaed315500b,1777346131,0.5,3.21,no,"{""count_fp"":""3.21"",""created_time"":""2026-04-28T03:15:31.757861Z"",""no_price_dollars"":""0.5000"",""taker_side"":""no"",""ticker"":""KXBTC15M-26APR272330-30"",""trade_id"":""58be2781-8276-749e-a142-cfaed315500b"",""yes_price_dollars"":""0.5000""}"
KXBTC15M-26APR272330-30,476c1156-fd3d-752e-bc4e-e26680bedb06,1777346131,0.5,37.36,no,"{""count_fp"":""37.36"",""created_time"":""2026-04-28T03:15:31.757861Z"",""no_price_dollars"":""0.5000"",""taker_side"":""no"",""ticker"":""KXBTC15M-26APR272330-30"",""trade_id"":""476c1156-fd3d-752e-bc4e-e26680bedb06"",""yes_price_dollars"":""0.5000""}"
KXBTC15M-26APR272330-30,c91b6cc0-9946-45e9-7a19-1c88308017f7,1777346131,0.51,1.0,yes,"{""count_fp"":""1.00"",""created_time"":""2026-04-28T03:15:31.716761Z"",""no_price_dollars"":""0.4900"",""taker_side"":""yes"",""ticker"":""KXBTC15M-26APR272330-30"",""trade_id"":""c91b6cc0-9946-45e9-7a19-1c88308017f7"",""yes_price_dollars"":""0.5100""}"
KXBTC15M-26APR272330-30,d7cd0914-5b0a-713d-0089-9915694fc9c7,1777346131,0.51,11.37,yes,"{""count_fp"":""11.37"",""created_time"":""2026-04-28T03:15:31.479135Z"",""no_price_dollars"":""0.4900"",""taker_side"":""yes"",""ticker"":""KXBTC15M-26APR272330-30"",""trade_id"":""d7cd0914-5b0a-713d-0089-9915694fc9c7"",""yes_price_dollars"":""0.5100""}"
KXBTC15M-26APR272330-30,cb46c051-1bb6-4c1e-1a45-1b0cf3911563,1777346131,0.5,5.79,no,"{""count_fp"":""5.79"",""created_time"":""2026-04-28T03:15:31.331214Z"",""no_price_dollars"":""0.5000"",""taker_side"":""no"",""ticker"":""KXBTC15M-26APR272330-30"",""trade_id"":""cb46c051-1bb6-4c1e-1a45-1b0cf3911563"",""yes_price_dollars"":""0.5000""}"
KXBTC15M-26APR272330-30,f910071f-e2ce-4a55-7c7f-b8a43572496b,1777346131,0.51,1.0,yes,"{""count_fp"":""1.00"",""created_time"":""2026-04-28T03:15:31.164965Z"",""no_price_dollars"":""0.4900"",""taker_side"":""yes"",""ticker"":""KXBTC15M-26APR272330-30"",""trade_id"":""f910071f-e2ce-4a55-7c7f-b8a43572496b"",""yes_price_dollars"":""0.5100""}"
KXBTC15M-26APR272330-30,c553f8ad-57bf-606a-333f-515dd4d29496,1777346131,0.5,1.0,no,"{""count_fp"":""1.00"",""created_time"":""2026-04-28T03:15:31.151991Z"",""no_price_dollars"":""0.5000"",""taker_side"":""no"",""ticker"":""KXBTC15M-26APR272330-30"",""trade_id"":""c553f8ad-57bf-606a-333f-515dd4d29496"",""yes_price_dollars"":""0.5000""}"
KXBTC15M-26APR272330-30,df82590c-a00a-5f6d-80f7-54d6badb22b3,1777346131,0.51,3.79,yes,"{""count_fp"":""3.79"",""created_time"":""2026-04-28T03:15:31.115941Z"",""no_price_dollars"":""0.4900"",""taker_side"":""yes"",""ticker"":""KXBTC15M-26APR272330-30"",""trade_id"":""df82590c-a00a-5f6d-80f7-54d6badb22b3"",""yes_price_dollars"":""0.5100""}"
KXBTC15M-26APR272330-30,ef089f78-291b-7056-9cc8-bb2f8a7d1bda,1777346131,0.5,16.16,no,"{""count_fp"":""16.16"",""created_time"":""2026-04-28T03:15:31.103503Z"",""no_price_dollars"":""0.5000"",""taker_side"":""no"",""ticker"":""KXBTC15M-26APR272330-30"",""trade_id"":""ef089f78-291b-7056-9cc8-bb2f8a7d1bda"",""yes_price_dollars"":""0.5000""}"
KXBTC15M-26APR272330-30,d2092770-fee0-7915-8970-14ba51dfb817,1777346131,0.5,1.0,no,"{""count_fp"":""1.00"",""created_time"":""2026-04-28T03:15:31.103503Z"",""no_price_dollars"":""0.5000"",""taker_side"":""no"",""ticker"":""KXBTC15M-26APR272330-30"",""trade_id"":""d2092770-fee0-7915-8970-14ba51dfb817"",""yes_price_dollars"":""0.5000""}"
KXBTC15M-26APR272330-30,924783b2-33ab-723c-a449-77116945b69b,1777346131,0.5,2.16,no,"{""count_fp"":""2.16"",""created_time"":""2026-04-28T03:15:31.103503Z"",""no_price_dollars"":""0.5000"",""taker_side"":""no"",""ticker"":""KXBTC15M-26APR272330-30"",""trade_id"":""924783b2-33ab-723c-a449-77116945b69b"",""yes_price_dollars"":""0.5000""}"
KXBTC15M-26APR272330-30,800c1260-4a92-4673-36dc-64b5802e3d11,1777346132,0.5,9.66,no,"{""count_fp"":""9.66"",""created_time"":""2026-04-28T03:15:32.992471Z"",""no_price_dollars"":""0.5000"",""taker_side"":""no"",""ticker"":""KXBTC15M-26APR272330-30"",""trade_id"":""800c1260-4a92-4673-36dc-64b5802e3d11"",""yes_price_dollars"":""0.5000""}"
KXBTC15M-26APR272330-30,f96b9d76-5eee-7093-7444-d63307d2f749,1777346132,0.5,1.93,no,"{""count_fp"":""1.93"",""created_time"":""2026-04-28T03:15:32.781026Z"",""no_price_dollars"":""0.5000"",""taker_side"":""no"",""ticker"":""KXBTC15M-26APR272330-30"",""trade_id"":""f96b9d76-5eee-7093-7444-d63307d2f749"",""yes_price_dollars"":""0.5000""}"
KXBTC15M-26APR272330-30,844b0207-fc9b-7695-d0ad-480596d8bbbd,1777346132,0.51,1.0,yes,"{""count_fp"":""1.00"",""created_time"":""2026-04-28T03:15:32.763747Z"",""no_price_dollars"":""0.4900"",""taker_side"":""yes"",""ticker"":""KXBTC15M-26APR272330-30"",""trade_id"":""844b0207-fc9b-7695-d0ad-480596d8bbbd"",""yes_price_dollars"":""0.5100""}"
KXBTC15M-26APR272330-30,83d97eae-0748-7afd-597a-0492e172eb04,1777346132,0.5,2.84,no,"{""count_fp"":""2.84"",""created_time"":""2026-04-28T03:15:32.412042Z"",""no_price_dollars"":""0.5000"",""taker_side"":""no"",""ticker"":""KXBTC15M-26APR272330-30"",""trade_id"":""83d97eae-0748-7afd-597a-0492e172eb04"",""yes_price_dollars"":""0.5000""}"
KXBTC15M-26APR272330-30,821aeb40-0b00-782f-73f2-8876eabae31b,1777346132,0.49,6.43,no,"{""count_fp"":""6.43"",""created_time"":""2026-04-28T03:15:32.412042Z"",""no_price_dollars"":""0.5100"",""taker_side"":""no"",""ticker"":""KXBTC15M-26APR272330-30"",""trade_id"":""821aeb40-0b00-782f-73f2-8876eabae31b"",""yes_price_dollars"":""0.4900""}"
KXBTC15M-26APR272330-30,def61aef-787f-7b12-07b1-7307bdddc891,1777346132,0.51,20.0,yes,"{""count_fp"":""20.00"",""created_time"":""2026-04-28T03:15:32.353762Z"",""no_price_dollars"":""0.4900"",""taker_side"":""yes"",""ticker"":""KXBTC15M-26APR272330-30"",""trade_id"":""def61aef-787f-7b12-07b1-7307bdddc891"",""yes_price_dollars"":""0.5100""}"
KXBTC15M-26APR272330-30,d528ee13-e1ad-7c4a-00b4-c5002c0865a6,1777346132,0.52,1.0,yes,"{""count_fp"":""1.00"",""created_time"":""2026-04-28T03:15:32.353762Z"",""no_price_dollars"":""0.4800"",""taker_side"":""yes"",""ticker"":""KXBTC15M-26APR272330-30"",""trade_id"":""d528ee13-e1ad-7c4a-00b4-c5002c0865a6"",""yes_price_dollars"":""0.5200""}"
KXBTC15M-26APR272330-30,b4fc02a5-ea9e-7196-10a8-28f01c310d86,1777346132,0.51,1.33,yes,"{""count_fp"":""1.33"",""created_time"":""2026-04-28T03:15:32.353762Z"",""no_price_dollars"":""0.4900"",""taker_side"":""yes"",""ticker"":""KXBTC15M-26APR272330-30"",""trade_id"":""b4fc02a5-ea9e-7196-10a8-28f01c310d86"",""yes_price_dollars"":""0.5100""}"
KXBTC15M-26APR272330-30,b03be177-1992-7429-0fdd-f15e33023a77,1777346132,0.51,281.65,yes,"{""count_fp"":""281.65"",""created_time"":""2026-04-28T03:15:32.353762Z"",""no_price_dollars"":""0.4900"",""taker_side"":""yes"",""ticker"":""KXBTC15M-26APR272330-30"",""trade_id"":""b03be177-1992-7429-0fdd-f15e33023a77"",""yes_price_dollars"":""0.5100""}"
KXBTC15M-26APR272330-30,903c0a55-f7bd-7686-0618-9fc4ec16f226,1777346132,0.53,2.0,yes,"{""count_fp"":""2.00"",""created_time"":""2026-04-28T03:15:32.353762Z"",""no_price_dollars"":""0.4700"",""taker_side"":""yes"",""ticker"":""KXBTC15M-26APR272330-30"",""trade_id"":""903c0a55-f7bd-7686-0618-9fc4ec16f226"",""yes_price_dollars"":""0.5300""}"
KXBTC15M-26APR272330-30,8108ca6a-442a-7330-13c9-36904a5c14d0,1777346132,0.51,12.0,yes,"{""count_fp"":""12.00"",""created_time"":""2026-04-28T03:15:32.353762Z"",""no_price_dollars"":""0.4900"",""taker_side"":""yes"",""ticker"":""KXBTC15M-26APR272330-30"",""trade_id"":""8108ca6a-442a-7330-13c9-36904a5c14d0"",""yes_price_dollars"":""0.5100""}"
KXBTC15M-26APR272330-30,7f5d9e7f-5804-7fbf-2c7e-04479db926f4,1777346132,0.51,3.0,yes,"{""count_fp"":""3.00"",""created_time"":""2026-04-28T03:15:32.353762Z"",""no_price_dollars"":""0.4900"",""taker_side"":""yes"",""ticker"":""KXBTC15M-26APR272330-30"",""trade_id"":""7f5d9e7f-5804-7fbf-2c7e-04479db926f4"",""yes_price_dollars"":""0.5100""}"
KXBTC15M-26APR272330-30,637d669d-8473-7346-2046-29eac4e93f12,1777346132,0.51,1.0,yes,"{""count_fp"":""1.00"",""created_time"":""2026-04-28T03:15:32.353762Z"",""no_price_dollars"":""0.4900"",""taker_side"":""yes"",""ticker"":""KXBTC15M-26APR272330-30"",""trade_id"":""637d669d-8473-7346-2046-29eac4e93f12"",""yes_price_dollars"":""0.5100""}"
KXBTC15M-26APR272330-30,609b9521-0478-743c-1843-d991685a5b28,1777346132,0.53,65.0,yes,"{""count_fp"":""65.00"",""created_time"":""2026-04-28T03:15:32.353762Z"",""no_price_dollars"":""0.4700"",""taker_side"":""yes"",""ticker"":""KXBTC15M-26APR272330-30"",""trade_id"":""609b9521-0478-743c-1843-d991685a5b28"",""yes_price_dollars"":""0.5300""}"
KXBTC15M-26APR272330-30,51c4826b-b3f9-727c-261f-ba7262ce2f15,1777346132,0.53,10.0,yes,"{""count_fp"":""10.00"",""created_time"":""2026-04-28T03:15:32.353762Z"",""no_price_dollars"":""0.4700"",""taker_side"":""yes"",""ticker"":""KXBTC15M-26APR272330-30"",""trade_id"":""51c4826b-b3f9-727c-261f-ba7262ce2f15"",""yes_price_dollars"":""0.5300""}"
KXBTC15M-26APR272330-30,2e45991a-cad5-7234-0314-783929968b39,1777346132,0.52,2.0,yes,"{""count_fp"":""2.00"",""created_time"":""2026-04-28T03:15:32.353762Z"",""no_price_dollars"":""0.4800"",""taker_side"":""yes"",""ticker"":""KXBTC15M-26APR272330-30"",""trade_id"":""2e45991a-cad5-7234-0314-783929968b39"",""yes_price_dollars"":""0.5200""}"
KXBTC15M-26APR272330-30,13f25574-6d3b-7be1-2b67-519848299a56,1777346132,0.53,313.03,yes,"{""count_fp"":""313.03"",""created_time"":""2026-04-28T03:15:32.353762Z"",""no_price_dollars"":""0.4700"",""taker_side"":""yes"",""ticker"":""KXBTC15M-26APR272330-30"",""trade_id"":""13f25574-6d3b-7be1-2b67-519848299a56"",""yes_price_dollars"":""0.5300""}"
KXBTC15M-26APR272330-30,03f90915-cc1e-7e64-3838-2c9243cb6d48,1777346132,0.51,17.16,yes,"{""count_fp"":""17.16"",""created_time"":""2026-04-28T03:15:32.353762Z"",""no_price_dollars"":""0.4900"",""taker_side"":""yes"",""ticker"":""KXBTC15M-26APR272330-30"",""trade_id"":""03f90915-cc1e-7e64-3838-2c9243cb6d48"",""yes_price_dollars"":""0.5100""}"
KXBTC15M-26APR272330-30,0b922b55-8f07-6a49-785b-4738cc87aac5,1777346133,0.5,1.0,yes,"{""count_fp"":""1.00"",""created_time"":""2026-04-28T03:15:33.803274Z"",""no_price_dollars"":""0.5000"",""taker_side"":""yes"",""ticker"":""KXBTC15M-26APR272330-30"",""trade_id"":""0b922b55-8f07-6a49-785b-4738cc87aac5"",""yes_price_dollars"":""0.5000""}"
KXBTC15M-26APR272330-30,03b947c1-adb7-6efd-3c7c-1ce09f5c52c1,1777346133,0.5,40.0,yes,"{""count_fp"":""40.00"",""created_time"":""2026-04-28T03:15:33.641962Z"",""no_price_dollars"":""0.5000"",""taker_side"":""yes"",""ticker"":""KXBTC15M-26APR272330-30"",""trade_id"":""03b947c1-adb7-6efd-3c7c-1ce09f5c52c1"",""yes_price_dollars"":""0.5000""}"
KXBTC15M-26APR272330-30,ea77a589-3d53-7e69-cdd8-72a0b6317fc5,1777346133,0.51,14.04,yes,"{""count_fp"":""14.04"",""created_time"":""2026-04-28T03:15:33.565506Z"",""no_price_dollars"":""0.4900"",""taker_side"":""yes"",""ticker"":""KXBTC15M-26APR272330-30"",""trade_id"":""ea77a589-3d53-7e69-cdd8-72a0b6317fc5"",""yes_price_dollars"":""0.5100""}"
KXBTC15M-26APR272330-30,dc85e440-9e90-5ad7-ded3-f9fe58104d9f,1777346133,0.49,3.89,no,"{""count_fp"":""3.89"",""created_time"":""2026-04-28T03:15:33.539754Z"",""no_price_dollars"":""0.5100"",""taker_side"":""no"",""ticker"":""KXBTC15M-26APR272330-30"",""trade_id"":""dc85e440-9e90-5ad7-ded3-f9fe58104d9f"",""yes_price_dollars"":""0.4900""}"
KXBTC15M-26APR272330-30,2ac6b000-4ea8-5910-d14e-f897120855d3,1777346133,0.5,5.57,no,"{""count_fp"":""5.57"",""created_time"":""2026-04-28T03:15:33.539754Z"",""no_price_dollars"":""0.5000"",""taker_side"":""no"",""ticker"":""KXBTC15M-26APR272330-30"",""trade_id"":""2ac6b000-4ea8-5910-d14e-f897120855d3"",""yes_price_dollars"":""0.5000""}"
KXBTC15M-26APR272330-30,0d4b3322-d51f-6aad-6620-b6610271cc41,1777346133,0.51,1.0,yes,"{""count_fp"":""1.00"",""created_time"":""2026-04-28T03:15:33.274757Z"",""no_price_dollars"":""0.4900"",""taker_side"":""yes"",""ticker"":""KXBTC15M-26APR272330-30"",""trade_id"":""0d4b3322-d51f-6aad-6620-b6610271cc41"",""yes_price_dollars"":""0.5100""}"
KXBTC15M-26APR272330-30,5c32f60b-9bc3-4641-cfa0-6170d4e5e781,1777346133,0.51,18.95,yes,"{""count_fp"":""18.95"",""created_time"":""2026-04-28T03:15:33.136684Z"",""no_price_dollars"":""0.4900"",""taker_side"":""yes"",""ticker"":""KXBTC15M-26APR272330-30"",""trade_id"":""5c32f60b-9bc3-4641-cfa0-6170d4e5e781"",""yes_price_dollars"":""0.5100""}"
KXBTC15M-26APR272330-30,dd28313a-cd70-5573-99eb-7d68829d12bb,1777346134,0.49,17.29,no,"{""count_fp"":""17.29"",""created_time"":""2026-04-28T03:15:34.998759Z"",""no_price_dollars"":""0.5100"",""taker_side"":""no"",""ticker"":""KXBTC15M-26APR272330-30"",""trade_id"":""dd28313a-cd70-5573-99eb-7d68829d12bb"",""yes_price_dollars"":""0.4900""}"
KXBTC15M-26APR272330-30,6dd8f03d-6c76-5008-8030-dc1fc719318b,1777346134,0.5,67.49,no,"{""count_fp"":""67.49"",""created_time"":""2026-04-28T03:15:34.998759Z"",""no_price_dollars"":""0.5000"",""taker_side"":""no"",""ticker"":""KXBTC15M-26APR272330-30"",""trade_id"":""6dd8f03d-6c76-5008-8030-dc1fc719318b"",""yes_price_dollars"":""0.5000""}"
KXBTC15M-26APR272330-30,47e6a1ee-185a-5cd7-882b-156d69f72adc,1777346134,0.5,10.0,no,"{""count_fp"":""10.00"",""created_time"":""2026-04-28T03:15:34.998759Z"",""no_price_dollars"":""0.5000"",""taker_side"":""no"",""ticker"":""KXBTC15M-26APR272330-30"",""trade_id"":""47e6a1ee-185a-5cd7-882b-156d69f72adc"",""yes_price_dollars"":""0.5000""}"
KXBTC15M-26APR272330-30,c64bc34c-d493-6c79-56f6-d2f9699cb0c5,1777346134,0.51,1.0,yes,"{""count_fp"":""1.00"",""created_time"":""2026-04-28T03:15:34.851465Z"",""no_price_dollars"":""0.4900"",""taker_side"":""yes"",""ticker"":""KXBTC15M-26APR272330-30"",""trade_id"":""c64bc34c-d493-6c79-56f6-d2f9699cb0c5"",""yes_price_dollars"":""0.5100""}"
KXBTC15M-26APR272330-30,0a5ef2ad-0123-63f5-1071-27c9184a1015,1777346134,0.51,5.0,yes,"{""count_fp"":""5.00"",""created_time"":""2026-04-28T03:15:34.806757Z"",""no_price_dollars"":""0.4900"",""taker_side"":""yes"",""ticker"":""KXBTC15M-26APR272330-30"",""trade_id"":""0a5ef2ad-0123-63f5-1071-27c9184a1015"",""yes_price_dollars"":""0.5100""}"
KXBTC15M-26APR272330-30,1983e70c-4ee2-6f84-4359-837e76fa13bf,1777346134,0.5,0.63,no,"{""count_fp"":""0.63"",""created_time"":""2026-04-28T03:15:34.566557Z"",""no_price_dollars"":""0.5000"",""taker_side"":""no"",""ticker"":""KXBTC15M-26APR272330-30"",""trade_id"":""1983e70c-4ee2-6f84-4359-837e76fa13bf"",""yes_price_dollars"":""0.5000""}"
KXBTC15M-26APR272330-30,90f88a12-4f1b-47d4-b119-8880ad64d62a,1777346134,0.5,3.0,no,"{""count_fp"":""3.00"",""created_time"":""2026-04-28T03:15:34.448996Z"",""no_price_dollars"":""0.5000"",""taker_side"":""no"",""ticker"":""KXBTC15M-26APR272330-30"",""trade_id"":""90f88a12-4f1b-47d4-b119-8880ad64d62a"",""yes_price_dollars"":""0.5000""}"
KXBTC15M-26APR272330-30,1ab56193-eb76-4168-b695-cdb75c19d9ef,1777346134,0.5,6.66,no,"{""count_fp"":""6.66"",""created_time"":""2026-04-28T03:15:34.448996Z"",""no_price_dollars"":""0.5000"",""taker_side"":""no"",""ticker"":""KXBTC15M-26APR272330-30"",""trade_id"":""1ab56193-eb76-4168-b695-cdb75c19d9ef"",""yes_price_dollars"":""0.5000""}"
KXBTC15M-26APR272330-30,5b9f3b9a-8a6f-7629-b689-2e0662463551,1777346134,0.51,0.1,yes,"{""count_fp"":""0.10"",""created_time"":""2026-04-28T03:15:34.335146Z"",""no_price_dollars"":""0.4900"",""taker_side"":""yes"",""ticker"":""KXBTC15M-26APR272330-30"",""trade_id"":""5b9f3b9a-8a6f-7629-b689-2e0662463551"",""yes_price_dollars"":""0.5100""}"
KXBTC15M-26APR272330-30,19a6938e-a7ac-74bf-98db-fa41ff9e50de,1777346134,0.5,0.9,yes,"{""count_fp"":""0.90"",""created_time"":""2026-04-28T03:15:34.335146Z"",""no_price_dollars"":""0.5000"",""taker_side"":""yes"",""ticker"":""KXBTC15M-26APR272330-30"",""trade_id"":""19a6938e-a7ac-74bf-98db-fa41ff9e50de"",""yes_price_dollars"":""0.5000""}"
KXBTC15M-26APR272330-30,cdb6e8ce-6e2f-4949-a8c9-3e2f4da4289b,1777346135,0.5,1.0,yes,"{""count_fp"":""1.00"",""created_time"":""2026-04-28T03:15:35.887372Z"",""no_price_dollars"":""0.5000"",""taker_side"":""yes"",""ticker"":""KXBTC15M-26APR272330-30"",""trade_id"":""cdb6e8ce-6e2f-4949-a8c9-3e2f4da4289b"",""yes_price_dollars"":""0.5000""}"
KXBTC15M-26APR272330-30,8e69be45-054f-76ed-f744-91ed848e1ddb,1777346135,0.5,7.58,yes,"{""count_fp"":""7.58"",""created_time"":""2026-04-28T03:15:35.337912Z"",""no_price_dollars"":""0.5000"",""taker_side"":""yes"",""ticker"":""KXBTC15M-26APR272330-30"",""trade_id"":""8e69be45-054f-76ed-f744-91ed848e1ddb"",""yes_price_dollars"":""0.5000""}"
KXBTC15M-26APR272330-30,0380ef23-762b-605d-3f7d-fa211f58f79f,1777346135,0.5,1.0,yes,"{""count_fp"":""1.00"",""created_time"":""2026-04-28T03:15:35.335264Z"",""no_price_dollars"":""0.5000"",""taker_side"":""yes"",""ticker"":""KXBTC15M-26APR272330-30"",""trade_id"":""0380ef23-762b-605d-3f7d-fa211f58f79f"",""yes_price_dollars"":""0.5000""}"
KXBTC15M-26APR272330-30,24f72875-4fe4-5c5a-9ae4-26cc3c3d591f,1777346136,0.51,1.0,yes,"{""count_fp"":""1.00"",""created_time"":""2026-04-28T03:15:36.679863Z"",""no_price_dollars"":""0.4900"",""taker_side"":""yes"",""ticker"":""KXBTC15M-26APR272330-30"",""trade_id"":""24f72875-4fe4-5c5a-9ae4-26cc3c3d591f"",""yes_price_dollars"":""0.5100""}"
KXBTC15M-26APR272330-30,ef88b11d-59bb-7929-984c-7ecfdad15ccd,1777346136,0.51,500.0,yes,"{""count_fp"":""500.00"",""created_time"":""2026-04-28T03:15:36.676786Z"",""no_price_dollars"":""0.4900"",""taker_side"":""yes"",""ticker"":""KXBTC15M-26APR272330-30"",""trade_id"":""ef88b11d-59bb-7929-984c-7ecfdad15ccd"",""yes_price_dollars"":""0.5100""}"
KXBTC15M-26APR272330-30,29e59153-1bf0-7d36-b4de-6a51507990f3,1777346136,0.51,4.75,yes,"{""count_fp"":""4.75"",""created_time"":""2026-04-28T03:15:36.676786Z"",""no_price_dollars"":""0.4900"",""taker_side"":""yes"",""ticker"":""KXBTC15M-26APR272330-30"",""trade_id"":""29e59153-1bf0-7d36-b4de-6a51507990f3"",""yes_price_dollars"":""0.5100""}"
KXBTC15M-26APR272330-30,068be03a-aa67-7184-9456-ca1641f36a20,1777346136,0.51,14.25,yes,"{""count_fp"":""14.25"",""created_time"":""2026-04-28T03:15:36.676786Z"",""no_price_dollars"":""0.4900"",""taker_side"":""yes"",""ticker"":""KXBTC15M-26APR272330-30"",""trade_id"":""068be03a-aa67-7184-9456-ca1641f36a20"",""yes_price_dollars"":""0.5100""}"
KXBTC15M-26APR272330-30,b8a8d06f-d144-6405-c6cc-16bfedd304b8,1777346136,0.49,1.89,no,"{""count_fp"":""1.89"",""created_time"":""2026-04-28T03:15:36.573193Z"",""no_price_dollars"":""0.5100"",""taker_side"":""no"",""ticker"":""KXBTC15M-26APR272330-30"",""trade_id"":""b8a8d06f-d144-6405-c6cc-16bfedd304b8"",""yes_price_dollars"":""0.4900""}"
KXBTC15M-26APR272330-30,c1ff9147-982c-5b09-4373-0846732e813c,1777346136,0.49,12.61,no,"{""count_fp"":""12.61"",""created_time"":""2026-04-28T03:15:36.460215Z"",""no_price_dollars"":""0.5100"",""taker_side"":""no"",""ticker"":""KXBTC15M-26APR272330-30"",""trade_id"":""c1ff9147-982c-5b09-4373-0846732e813c"",""yes_price_dollars"":""0.4900""}"
KXBTC15M-26APR272330-30,ad3eb88e-7392-5191-63f9-f3629061d8d5,1777346136,0.49,20.0,no,"{""count_fp"":""20.00"",""created_time"":""2026-04-28T03:15:36.460215Z"",""no_price_dollars"":""0.5100"",""taker_side"":""no"",""ticker"":""KXBTC15M-26APR272330-30"",""trade_id"":""ad3eb88e-7392-5191-63f9-f3629061d8d5"",""yes_price_dollars"":""0.4900""}"
KXBTC15M-26APR272330-30,63c2248e-dc3d-5711-6684-8efe963c19de,1777346136,0.5,3.0,no,"{""count_fp"":""3.00"",""created_time"":""2026-04-28T03:15:36.460215Z"",""no_price_dollars"":""0.5000"",""taker_side"":""no"",""ticker"":""KXBTC15M-26APR272330-30"",""trade_id"":""63c2248e-dc3d-5711-6684-8efe963c19de"",""yes_price_dollars"":""0.5000""}"
KXBTC15M-26APR272330-30,2d80a7ac-bc38-59cf-667c-25f18cfed833,1777346136,0.49,2.39,no,"{""count_fp"":""2.39"",""created_time"":""2026-04-28T03:15:36.460215Z"",""no_price_dollars"":""0.5100"",""taker_side"":""no"",""ticker"":""KXBTC15M-26APR272330-30"",""trade_id"":""2d80a7ac-bc38-59cf-667c-25f18cfed833"",""yes_price_dollars"":""0.4900""}"
KXBTC15M-26APR272330-30,e670b9dc-8327-41dd-1550-ed2209e1d95f,1777346136,0.5,6.42,yes,"{""count_fp"":""6.42"",""created_time"":""2026-04-28T03:15:36.081625Z"",""no_price_dollars"":""0.5000"",""taker_side"":""yes"",""ticker"":""KXBTC15M-26APR272330-30"",""trade_id"":""e670b9dc-8327-41dd-1550-ed2209e1d95f"",""yes_price_dollars"":""0.5000""}"
KXBTC15M-26APR272330-30,9375ccef-98db-4c30-0341-83095d887458,1777346136,0.51,5.75,yes,"{""count_fp"":""5.75"",""created_time"":""2026-04-28T03:15:36.081625Z"",""no_price_dollars"":""0.4900"",""taker_side"":""yes"",""ticker"":""KXBTC15M-26APR272330-30"",""trade_id"":""9375ccef-98db-4c30-0341-83095d887458"",""yes_price_dollars"":""0.5100""}"
KXBTC15M-26APR272330-30,4c83e6e0-a1b3-4ca9-3dd6-b1b830c6be6f,1777346136,0.5,1.1,yes,"{""count_fp"":""1.10"",""created_time"":""2026-04-28T03:15:36.081625Z"",""no_price_dollars"":""0.5000"",""taker_side"":""yes"",""ticker"":""KXBTC15M-26APR272330-30"",""trade_id"":""4c83e6e0-a1b3-4ca9-3dd6-b1b830c6be6f"",""yes_price_dollars"":""0.5000""}"
KXBTC15M-26APR272330-30,fcd8aee9-01ec-4397-dcf4-c3f8417176ac,1777346137,0.54,1.0,yes,"{""count_fp"":""1.00"",""created_time"":""2026-04-28T03:15:37.751508Z"",""no_price_dollars"":""0.4600"",""taker_side"":""yes"",""ticker"":""KXBTC15M-26APR272330-30"",""trade_id"":""fcd8aee9-01ec-4397-dcf4-c3f8417176ac"",""yes_price_dollars"":""0.5400""}"
KXBTC15M-26APR272330-30,8f9c307c-50dd-6dd8-2e8c-1a2239d31ea5,1777346137,0.53,20.0,no,"{""count_fp"":""20.00"",""created_time"":""2026-04-28T03:15:37.685453Z"",""no_price_dollars"":""0.4700"",""taker_side"":""no"",""ticker"":""KXBTC15M-26APR272330-30"",""trade_id"":""8f9c307c-50dd-6dd8-2e8c-1a2239d31ea5"",""yes_price_dollars"":""0.5300""}"
KXBTC15M-26APR272330-30,69ed0d71-9b1b-6745-246b-a68e8915ad46,1777346137,0.53,3.0,no,"{""count_fp"":""3.00"",""created_time"":""2026-04-28T03:15:37.685453Z"",""no_price_dollars"":""0.4700"",""taker_side"":""no"",""ticker"":""KXBTC15M-26APR272330-30"",""trade_id"":""69ed0d71-9b1b-6745-246b-a68e8915ad46"",""yes_price_dollars"":""0.5300""}"
KXBTC15M-26APR272330-30,66ca18c2-0d68-605a-3f8b-7b359bcde09b,1777346137,0.52,38.94,no,"{""count_fp"":""38.94"",""created_time"":""2026-04-28T03:15:37.685453Z"",""no_price_dollars"":""0.4800"",""taker_side"":""no"",""ticker"":""KXBTC15M-26APR272330-30"",""trade_id"":""66ca18c2-0d68-605a-3f8b-7b359bcde09b"",""yes_price_dollars"":""0.5200""}"
KXBTC15M-26APR272330-30,4b15519a-5ed5-6e9c-2b1a-5ab0ce611c9a,1777346137,0.53,10.25,no,"{""count_fp"":""10.25"",""created_time"":""2026-04-28T03:15:37.685453Z"",""no_price_dollars"":""0.4700"",""taker_side"":""no"",""ticker"":""KXBTC15M-26APR272330-30"",""trade_id"":""4b15519a-5ed5-6e9c-2b1a-5ab0ce611c9a"",""yes_price_dollars"":""0.5300""}"
KXBTC15M-26APR272330-30,367d1788-5726-6007-0f1a-5e77565f6b58,1777346137,0.53,22.59,no,"{""count_fp"":""22.59"",""created_time"":""2026-04-28T03:15:37.685453Z"",""no_price_dollars"":""0.4700"",""taker_side"":""no"",""ticker"":""KXBTC15M-26APR272330-30"",""trade_id"":""367d1788-5726-6007-0f1a-5e77565f6b58"",""yes_price_dollars"":""0.5300""}"
KXBTC15M-26APR272330-30,740c8d7f-555a-5aab-f828-d53b3d653b98,1777346137,0.53,3.94,no,"{""count_fp"":""3.94"",""created_time"":""2026-04-28T03:15:37.171045Z"",""no_price_dollars"":""0.4700"",""taker_side"":""no"",""ticker"":""KXBTC15M-26APR272330-30"",""trade_id"":""740c8d7f-555a-5aab-f828-d53b3d653b98"",""yes_price_dollars"":""0.5300""}"
KXBTC15M-26APR272330-30,cacd52e5-a1aa-5fe0-cc1c-9cbda24916f7,1777346137,0.54,1.0,yes,"{""count_fp"":""1.00"",""created_time"":""2026-04-28T03:15:37.130353Z"",""no_price_dollars"":""0.4600"",""taker_side"":""yes"",""ticker"":""KXBTC15M-26APR272330-30"",""trade_id"":""cacd52e5-a1aa-5fe0-cc1c-9cbda24916f7"",""yes_price_dollars"":""0.5400""}"
KXBTC15M-26APR272330-30,6bdb1423-b752-5ecc-dea3-9dd5a159911d,1777346137,0.54,1.0,yes,"{""count_fp"":""1.00"",""created_time"":""2026-04-28T03:15:37.130353Z"",""no_price_dollars"":""0.4600"",""taker_side"":""yes"",""ticker"":""KXBTC15M-26APR272330-30"",""trade_id"":""6bdb1423-b752-5ecc-dea3-9dd5a159911d"",""yes_price_dollars"":""0.5400""}"
KXBTC15M-26APR272330-30,39f4a735-2e5c-5961-d30e-444a6e4942a1,1777346137,0.54,1.0,yes,"{""count_fp"":""1.00"",""created_time"":""2026-04-28T03:15:37.130353Z"",""no_price_dollars"":""0.4600"",""taker_side"":""yes"",""ticker"":""KXBTC15M-26APR272330-30"",""trade_id"":""39f4a735-2e5c-5961-d30e-444a6e4942a1"",""yes_price_dollars"":""0.5400""}"
KXBTC15M-26APR272330-30,c19dc0dd-3531-73ec-632c-74c653d224be,1777346137,0.53,3.0,no,"{""count_fp"":""3.00"",""created_time"":""2026-04-28T03:15:37.080229Z"",""no_price_dollars"":""0.4700"",""taker_side"":""no"",""ticker"":""KXBTC15M-26APR272330-30"",""trade_id"":""c19dc0dd-3531-73ec-632c-74c653d224be"",""yes_price_dollars"":""0.5300""}"
KXBTC15M-26APR272330-30,b2d1e184-f362-7a03-5434-393d5b4d4364,1777346137,0.53,6.47,no,"{""count_fp"":""6.47"",""created_time"":""2026-04-28T03:15:37.080229Z"",""no_price_dollars"":""0.4700"",""taker_side"":""no"",""ticker"":""KXBTC15M-26APR272330-30"",""trade_id"":""b2d1e184-f362-7a03-5434-393d5b4d4364"",""yes_price_dollars"":""0.5300""}"
KXBTC15M-26APR272330-30,550ce3fb-5dc0-7f61-0753-2e146f9687fc,1777346138,0.53,2.0,no,"{""count_fp"":""2.00"",""created_time"":""2026-04-28T03:15:38.130872Z"",""no_price_dollars"":""0.4700"",""taker_side"":""no"",""ticker"":""KXBTC15M-26APR272330-30"",""trade_id"":""550ce3fb-5dc0-7f61-0753-2e146f9687fc"",""yes_price_dollars"":""0.5300""}"
KXBTC15M-26APR272330-30,ece8b528-163d-5b42-45da-6e3ce5c0da2e,1777346138,0.53,3.0,no,"{""count_fp"":""3.00"",""created_time"":""2026-04-28T03:15:38.083824Z"",""no_price_dollars"":""0.4700"",""taker_side"":""no"",""ticker"":""KXBTC15M-26APR272330-30"",""trade_id"":""ece8b528-163d-5b42-45da-6e3ce5c0da2e"",""yes_price_dollars"":""0.5300""}"
KXBTC15M-26APR272330-30,55fe4243-1fe0-5942-59f1-2282b7e05c5b,1777346138,0.52,1.9,no,"{""count_fp"":""1.90"",""created_time"":""2026-04-28T03:15:38.083824Z"",""no_price_dollars"":""0.4800"",""taker_side"":""no"",""ticker"":""KXBTC15M-26APR272330-30"",""trade_id"":""55fe4243-1fe0-5942-59f1-2282b7e05c5b"",""yes_price_dollars"":""0.5200""}"
KXBTC15M-26APR272330-30,1f55c1b1-353e-5598-4fb1-56fc9e7f660e,1777346138,0.53,10.25,no,"{""count_fp"":""10.25"",""created_time"":""2026-04-28T03:15:38.083824Z"",""no_price_dollars"":""0.4700"",""taker_side"":""no"",""ticker"":""KXBTC15M-26APR272330-30"",""trade_id"":""1f55c1b1-353e-5598-4fb1-56fc9e7f660e"",""yes_price_dollars"":""0.5300""}"
KXBTC15M-26APR272330-30,bd376930-de08-5730-eb90-d81d760e3875,1777346139,0.55,3.0,no,"{""count_fp"":""3.00"",""created_time"":""2026-04-28T03:15:39.910678Z"",""no_price_dollars"":""0.4500"",""taker_side"":""no"",""ticker"":""KXBTC15M-26APR272330-30"",""trade_id"":""bd376930-de08-5730-eb90-d81d760e3875"",""yes_price_dollars"":""0.5500""}"
KXBTC15M-26APR272330-30,e9cce5ce-d245-5ad9-f2b6-cca316b0bbd5,1777346139,0.56,20.0,yes,"{""count_fp"":""20.00"",""created_time"":""2026-04-28T03:15:39.817545Z"",""no_price_dollars"":""0.4400"",""taker_side"":""yes"",""ticker"":""KXBTC15M-26APR272330-30"",""trade_id"":""e9cce5ce-d245-5ad9-f2b6-cca316b0bbd5"",""yes_price_dollars"":""0.5600""}"
KXBTC15M-26APR272330-30,b8e84b2f-b254-5a8a-d569-db085ea2957b,1777346139,0.56,8.0,yes,"{""count_fp"":""8.00"",""created_time"":""2026-04-28T03:15:39.817545Z"",""no_price_dollars"":""0.4400"",""taker_side"":""yes"",""ticker"":""KXBTC15M-26APR272330-30"",""trade_id"":""b8e84b2f-b254-5a8a-d569-db085ea2957b"",""yes_price_dollars"":""0.5600""}"
KXBTC15M-26APR272330-30,ad80bc9f-fc8b-5b2f-c70a-de480f95c715,1777346139,0.56,2.0,yes,"{""count_fp"":""2.00"",""created_time"":""2026-04-28T03:15:39.817545Z"",""no_price_dollars"":""0.4400"",""taker_side"":""yes"",""ticker"":""KXBTC15M-26APR272330-30"",""trade_id"":""ad80bc9f-fc8b-5b2f-c70a-de480f95c715"",""yes_price_dollars"":""0.5600""}"
KXBTC15M-26APR272330-30,74a99233-729e-5e1c-ccc3-c1db1d8e9a9d,1777346139,0.56,10.0,yes,"{""count_fp"":""10.00"",""created_time"":""2026-04-28T03:15:39.817545Z"",""no_price_dollars"":""0.4400"",""taker_side"":""yes"",""ticker"":""KXBTC15M-26APR272330-30"",""trade_id"":""74a99233-729e-5e1c-ccc3-c1db1d8e9a9d"",""yes_price_dollars"":""0.5600""}"
KXBTC15M-26APR272330-30,62609cc4-2275-5c2c-e152-dade9ac71bef,1777346139,0.56,20.0,yes,"{""count_fp"":""20.00"",""created_time"":""2026-04-28T03:15:39.817545Z"",""no_price_dollars"":""0.4400"",""taker_side"":""yes"",""ticker"":""KXBTC15M-26APR272330-30"",""trade_id"":""62609cc4-2275-5c2c-e152-dade9ac71bef"",""yes_price_dollars"":""0.5600""}"
KXBTC15M-26APR272330-30,438593b2-75f0-575a-d023-cf522586632b,1777346139,0.56,11.0,yes,"{""count_fp"":""11.00"",""created_time"":""2026-04-28T03:15:39.817545Z"",""no_price_dollars"":""0.4400"",""taker_side"":""yes"",""ticker"":""KXBTC15M-26APR272330-30"",""trade_id"":""438593b2-75f0-575a-d023-cf522586632b"",""yes_price_dollars"":""0.5600""}"
KXBTC15M-26APR272330-30,381ed92e-ad62-58b6-d81b-0dc4fd983fe2,1777346139,0.56,15.0,yes,"{""count_fp"":""15.00"",""created_time"":""2026-04-28T03:15:39.817545Z"",""no_price_dollars"":""0.4400"",""taker_side"":""yes"",""ticker"":""KXBTC15M-26APR272330-30"",""trade_id"":""381ed92e-ad62-58b6-d81b-0dc4fd983fe2"",""yes_price_dollars"":""0.5600""}"
KXBTC15M-26APR272330-30,2da7de29-d1e8-528f-f4db-490215b40621,1777346139,0.56,3.0,yes,"{""count_fp"":""3.00"",""created_time"":""2026-04-28T03:15:39.817545Z"",""no_price_dollars"":""0.4400"",""taker_side"":""yes"",""ticker"":""KXBTC15M-26APR272330-30"",""trade_id"":""2da7de29-d1e8-528f-f4db-490215b40621"",""yes_price_dollars"":""0.5600""}"
KXBTC15M-26APR272330-30,25970440-c029-5556-c95f-f8c54c0472b4,1777346139,0.56,1.0,yes,"{""count_fp"":""1.00"",""created_time"":""2026-04-28T03:15:39.817545Z"",""no_price_dollars"":""0.4400"",""taker_side"":""yes"",""ticker"":""KXBTC15M-26APR272330-30"",""trade_id"":""25970440-c029-5556-c95f-f8c54c0472b4"",""yes_price_dollars"":""0.5600""}"
KXBTC15M-26APR272330-30,0f803e65-f0f4-7574-9cd0-271ce261b895,1777346139,0.55,9.66,no,"{""count_fp"":""9.66"",""created_time"":""2026-04-28T03:15:39.633325Z"",""no_price_dollars"":""0.4500"",""taker_side"":""no"",""ticker"":""KXBTC15M-26APR272330-30"",""trade_id"":""0f803e65-f0f4-7574-9cd0-271ce261b895"",""yes_price_dollars"":""0.5500""}"
KXBTC15M-26APR272330-30,e8b2aee7-bb70-728e-d4e5-afa3ef720b8d,1777346139,0.55,3.0,no,"{""count_fp"":""3.00"",""created_time"":""2026-04-28T03:15:39.545369Z"",""no_price_dollars"":""0.4500"",""taker_side"":""no"",""ticker"":""KXBTC15M-26APR272330-30"",""trade_id"":""e8b2aee7-bb70-728e-d4e5-afa3ef720b8d"",""yes_price_dollars"":""0.5500""}"
KXBTC15M-26APR272330-30,e7ebfa78-04cc-7218-e78f-12328f658661,1777346139,0.55,2.0,no,"{""count_fp"":""2.00"",""created_time"":""2026-04-28T03:15:39.545369Z"",""no_price_dollars"":""0.4500"",""taker_side"":""no"",""ticker"":""KXBTC15M-26APR272330-30"",""trade_id"":""e7ebfa78-04cc-7218-e78f-12328f658661"",""yes_price_dollars"":""0.5500""}"
KXBTC15M-26APR272330-30,9c355696-fea0-5b5a-2584-fbe261a7aab4,1777346139,0.55,0.2,yes,"{""count_fp"":""0.20"",""created_time"":""2026-04-28T03:15:39.439275Z"",""no_price_dollars"":""0.4500"",""taker_side"":""yes"",""ticker"":""KXBTC15M-26APR272330-30"",""trade_id"":""9c355696-fea0-5b5a-2584-fbe261a7aab4"",""yes_price_dollars"":""0.5500""}"
KXBTC15M-26APR272330-30,fe4ba7b9-24ec-79fc-8373-c0496e62cbd6,1777346139,0.55,1.0,yes,"{""count_fp"":""1.00"",""created_time"":""2026-04-28T03:15:39.412453Z"",""no_price_dollars"":""0.4500"",""taker_side"":""yes"",""ticker"":""KXBTC15M-26APR272330-30"",""trade_id"":""fe4ba7b9-24ec-79fc-8373-c0496e62cbd6"",""yes_price_dollars"":""0.5500""}"
KXBTC15M-26APR272330-30,ebc78105-5da9-7198-a8e9-7d1104ce5b49,1777346139,0.55,1.0,yes,"{""count_fp"":""1.00"",""created_time"":""2026-04-28T03:15:39.412453Z"",""no_price_dollars"":""0.4500"",""taker_side"":""yes"",""ticker"":""KXBTC15M-26APR272330-30"",""trade_id"":""ebc78105-5da9-7198-a8e9-7d1104ce5b49"",""yes_price_dollars"":""0.5500""}"
KXBTC15M-26APR272330-30,ddb3f7f0-f968-739e-ab54-39f3913334f8,1777346139,0.55,2.8,yes,"{""count_fp"":""2.80"",""created_time"":""2026-04-28T03:15:39.412453Z"",""no_price_dollars"":""0.4500"",""taker_side"":""yes"",""ticker"":""KXBTC15M-26APR272330-30"",""trade_id"":""ddb3f7f0-f968-739e-ab54-39f3913334f8"",""yes_price_dollars"":""0.5500""}"
KXBTC15M-26APR272330-30,c0cbd5a0-1515-7969-98af-097dce10ac54,1777346139,0.55,1.0,yes,"{""count_fp"":""1.00"",""created_time"":""2026-04-28T03:15:39.412453Z"",""no_price_dollars"":""0.4500"",""taker_side"":""yes"",""ticker"":""KXBTC15M-26APR272330-30"",""trade_id"":""c0cbd5a0-1515-7969-98af-097dce10ac54"",""yes_price_dollars"":""0.5500""}"
KXBTC15M-26APR272330-30,a3fe1dcb-37f0-7a8d-9487-7148b5f1f638,1777346139,0.55,17.0,yes,"{""count_fp"":""17.00"",""created_time"":""2026-04-28T03:15:39.412453Z"",""no_price_dollars"":""0.4500"",""taker_side"":""yes"",""ticker"":""KXBTC15M-26APR272330-30"",""trade_id"":""a3fe1dcb-37f0-7a8d-9487-7148b5f1f638"",""yes_price_dollars"":""0.5500""}"
KXBTC15M-26APR272330-30,79aa3dce-8487-77b3-8645-5b3563f89719,1777346139,0.54,0.2,yes,"{""count_fp"":""0.20"",""created_time"":""2026-04-28T03:15:39.412453Z"",""no_price_dollars"":""0.4600"",""taker_side"":""yes"",""ticker"":""KXBTC15M-26APR272330-30"",""trade_id"":""79aa3dce-8487-77b3-8645-5b3563f89719"",""yes_price_dollars"":""0.5400""}"
KXBTC15M-26APR272330-30,6adc6c20-1836-7949-a8fc-84e1b1057474,1777346139,0.55,5.0,yes,"{""count_fp"":""5.00"",""created_time"":""2026-04-28T03:15:39.412453Z"",""no_price_dollars"":""0.4500"",""taker_side"":""yes"",""ticker"":""KXBTC15M-26APR272330-30"",""trade_id"":""6adc6c20-1836-7949-a8fc-84e1b1057474"",""yes_price_dollars"":""0.5500""}"
KXBTC15M-26APR272330-30,425e8594-42ce-7fa0-9c6e-57e470954ed9,1777346139,0.55,1.0,yes,"{""count_fp"":""1.00"",""created_time"":""2026-04-28T03:15:39.412453Z"",""no_price_dollars"":""0.4500"",""taker_side"":""yes"",""ticker"":""KXBTC15M-26APR272330-30"",""trade_id"":""425e8594-42ce-7fa0-9c6e-57e470954ed9"",""yes_price_dollars"":""0.5500""}"
KXBTC15M-26APR272330-30,2127c583-fdac-7b8b-a670-d7b39bed1470,1777346139,0.55,1.0,yes,"{""count_fp"":""1.00"",""created_time"":""2026-04-28T03:15:39.412453Z"",""no_price_dollars"":""0.4500"",""taker_side"":""yes"",""ticker"":""KXBTC15M-26APR272330-30"",""trade_id"":""2127c583-fdac-7b8b-a670-d7b39bed1470"",""yes_price_dollars"":""0.5500""}"
KXBTC15M-26APR272330-30,025e803e-a481-7c3a-becd-7627b7ea2ed2,1777346139,0.55,1.0,yes,"{""count_fp"":""1.00"",""created_time"":""2026-04-28T03:15:39.412453Z"",""no_price_dollars"":""0.4500"",""taker_side"":""yes"",""ticker"":""KXBTC15M-26APR272330-30"",""trade_id"":""025e803e-a481-7c3a-becd-7627b7ea2ed2"",""yes_price_dollars"":""0.5500""}"
KXBTC15M-26APR272330-30,7751f237-a9d4-697d-eaea-15465df3fe00,1777346139,0.53,60.3,no,"{""count_fp"":""60.30"",""created_time"":""2026-04-28T03:15:39.378582Z"",""no_price_dollars"":""0.4700"",""taker_side"":""no"",""ticker"":""KXBTC15M-26APR272330-30"",""trade_id"":""7751f237-a9d4-697d-eaea-15465df3fe00"",""yes_price_dollars"":""0.5300""}"
KXBTC15M-26APR272330-30,c61b9d9a-4ff3-65f0-1bbd-ec2abce9f90c,1777346139,0.54,1.0,yes,"{""count_fp"":""1.00"",""created_time"":""2026-04-28T03:15:39.355151Z"",""no_price_dollars"":""0.4600"",""taker_side"":""yes"",""ticker"":""KXBTC15M-26APR272330-30"",""trade_id"":""c61b9d9a-4ff3-65f0-1bbd-ec2abce9f90c"",""yes_price_dollars"":""0.5400""}"
KXBTC15M-26APR272330-30,c3837f9d-ea03-6dda-28b6-8dfdfa6d4ad1,1777346139,0.54,1.0,yes,"{""count_fp"":""1.00"",""created_time"":""2026-04-28T03:15:39.355151Z"",""no_price_dollars"":""0.4600"",""taker_side"":""yes"",""ticker"":""KXBTC15M-26APR272330-30"",""trade_id"":""c3837f9d-ea03-6dda-28b6-8dfdfa6d4ad1"",""yes_price_dollars"":""0.5400""}"
KXBTC15M-26APR272330-30,b163758e-fd6d-6460-0c6e-3ac85f891f8a,1777346139,0.54,1.0,yes,"{""count_fp"":""1.00"",""created_time"":""2026-04-28T03:15:39.355151Z"",""no_price_dollars"":""0.4600"",""taker_side"":""yes"",""ticker"":""KXBTC15M-26APR272330-30"",""trade_id"":""b163758e-fd6d-6460-0c6e-3ac85f891f8a"",""yes_price_dollars"":""0.5400""}"
KXBTC15M-26APR272330-30,a9f3260d-a3c6-67a6-35bd-63b857933375,1777346139,0.54,1.0,yes,"{""count_fp"":""1.00"",""created_time"":""2026-04-28T03:15:39.355151Z"",""no_price_dollars"":""0.4600"",""taker_side"":""yes"",""ticker"":""KXBTC15M-26APR272330-30"",""trade_id"":""a9f3260d-a3c6-67a6-35bd-63b857933375"",""yes_price_dollars"":""0.5400""}"
KXBTC15M-26APR272330-30,a856ad8e-2bbd-6372-05c7-bb929c5984ba,1777346139,0.54,1.0,yes,"{""count_fp"":""1.00"",""created_time"":""2026-04-28T03:15:39.355151Z"",""no_price_dollars"":""0.4600"",""taker_side"":""yes"",""ticker"":""KXBTC15M-26APR272330-30"",""trade_id"":""a856ad8e-2bbd-6372-05c7-bb929c5984ba"",""yes_price_dollars"":""0.5400""}"
KXBTC15M-26APR272330-30,a434976e-a9f4-620c-04e5-a53d1c6c801c,1777346139,0.54,1.0,yes,"{""count_fp"":""1.00"",""created_time"":""2026-04-28T03:15:39.355151Z"",""no_price_dollars"":""0.4600"",""taker_side"":""yes"",""ticker"":""KXBTC15M-26APR272330-30"",""trade_id"":""a434976e-a9f4-620c-04e5-a53d1c6c801c"",""yes_price_dollars"":""0.5400""}"
KXBTC15M-26APR272330-30,8d44d9c0-8b5f-6983-1488-e54386b93671,1777346139,0.54,2.8,yes,"{""count_fp"":""2.80"",""created_time"":""2026-04-28T03:15:39.355151Z"",""no_price_dollars"":""0.4600"",""taker_side"":""yes"",""ticker"":""KXBTC15M-26APR272330-30"",""trade_id"":""8d44d9c0-8b5f-6983-1488-e54386b93671"",""yes_price_dollars"":""0.5400""}"
KXBTC15M-26APR272330-30,885629c0-e77f-6f0c-33f5-29831aa1efe1,1777346139,0.54,20.0,yes,"{""count_fp"":""20.00"",""created_time"":""2026-04-28T03:15:39.355151Z"",""no_price_dollars"":""0.4600"",""taker_side"":""yes"",""ticker"":""KXBTC15M-26APR272330-30"",""trade_id"":""885629c0-e77f-6f0c-33f5-29831aa1efe1"",""yes_price_dollars"":""0.5400""}"
