ticker,trade_id,ts,yes_price,count,taker_side,raw_json
KXBTC15M-26APR271915-15,fb755178-09c9-569d-85de-e0f0f01b2379,1777330800,0.35,1.0,no,"{""count_fp"":""1.00"",""created_time"":""2026-04-27T23:00:00.816418Z"",""no_price_dollars"":""0.6500"",""taker_side"":""no"",""ticker"":""KXBTC15M-26APR271915-15"",""trade_id"":""fb755178-09c9-569d-85de-e0f0f01b2379"",""yes_price_dollars"":""0.3500""}"
KXBTC15M-26APR271915-15,dc8ebae6-aecc-6a05-10e0-7bc7c5433e02,1777330800,0.41,5.0,no,"{""count_fp"":""5.00"",""created_time"":""2026-04-27T23:00:00.759555Z"",""no_price_dollars"":""0.5900"",""taker_side"":""no"",""ticker"":""KXBTC15M-26APR271915-15"",""trade_id"":""dc8ebae6-aecc-6a05-10e0-7bc7c5433e02"",""yes_price_dollars"":""0.4100""}"
KXBTC15M-26APR271915-15,f300d9b7-ea9a-5f3d-ef93-14defd77fff5,1777330801,0.37,1.0,yes,"{""count_fp"":""1.00"",""created_time"":""2026-04-27T23:00:01.865041Z"",""no_price_dollars"":""0.6300"",""taker_side"":""yes"",""ticker"":""KXBTC15M-26APR271915-15"",""trade_id"":""f300d9b7-ea9a-5f3d-ef93-14defd77fff5"",""yes_price_dollars"":""0.3700""}"
KXBTC15M-26APR271915-15,1d9112a2-f89a-6879-7131-7939e4d2e9c9,1777330802,0.37,41.0,yes,"{""count_fp"":""41.00"",""created_time"":""2026-04-27T23:00:02.281033Z"",""no_price_dollars"":""0.6300"",""taker_side"":""yes"",""ticker"":""KXBTC15M-26APR271915-15"",""trade_id"":""1d9112a2-f89a-6879-7131-7939e4d2e9c9"",""yes_price_dollars"":""0.3700""}"
KXBTC15M-26APR271915-15,db158be0-68d8-6082-55df-135f37800cfe,1777330803,0.4,25.0,yes,"{""count_fp"":""25.00"",""created_time"":""2026-04-27T23:00:03.039775Z"",""no_price_dollars"":""0.6000"",""taker_side"":""yes"",""ticker"":""KXBTC15M-26APR271915-15"",""trade_id"":""db158be0-68d8-6082-55df-135f37800cfe"",""yes_price_dollars"":""0.4000""}"
KXBTC15M-26APR271915-15,78c7fc88-a75f-70c0-6d66-506a1b72c56d,1777330804,0.42,10.0,no,"{""count_fp"":""10.00"",""created_time"":""2026-04-27T23:00:04.555546Z"",""no_price_dollars"":""0.5800"",""taker_side"":""no"",""ticker"":""KXBTC15M-26APR271915-15"",""trade_id"":""78c7fc88-a75f-70c0-6d66-506a1b72c56d"",""yes_price_dollars"":""0.4200""}"
KXBTC15M-26APR271915-15,0a17010d-42e1-7cab-54ef-d67b6c6d597a,1777330804,0.41,21.42,no,"{""count_fp"":""21.42"",""created_time"":""2026-04-27T23:00:04.555546Z"",""no_price_dollars"":""0.5900"",""taker_side"":""no"",""ticker"":""KXBTC15M-26APR271915-15"",""trade_id"":""0a17010d-42e1-7cab-54ef-d67b6c6d597a"",""yes_price_dollars"":""0.4100""}"
KXBTC15M-26APR271915-15,47c5f10a-9cfc-4526-7fce-61fae5029aa6,1777330804,0.4,97.0,yes,"{""count_fp"":""97.00"",""created_time"":""2026-04-27T23:00:04.100823Z"",""no_price_dollars"":""0.6000"",""taker_side"":""yes"",""ticker"":""KXBTC15M-26APR271915-15"",""trade_id"":""47c5f10a-9cfc-4526-7fce-61fae5029aa6"",""yes_price_dollars"":""0.4000""}"
KXBTC15M-26APR271915-15,619fd4ec-fd75-511a-32e0-ae620cab9759,1777330805,0.44,5.0,no,"{""count_fp"":""5.00"",""created_time"":""2026-04-27T23:00:05.848221Z"",""no_price_dollars"":""0.5600"",""taker_side"":""no"",""ticker"":""KXBTC15M-26APR271915-15"",""trade_id"":""619fd4ec-fd75-511a-32e0-ae620cab9759"",""yes_price_dollars"":""0.4400""}"
KXBTC15M-26APR271915-15,a8bc22cd-301d-51b6-279b-8bb4781cd591,1777330805,0.43,39.54,no,"{""count_fp"":""39.54"",""created_time"":""2026-04-27T23:00:05.257594Z"",""no_price_dollars"":""0.5700"",""taker_side"":""no"",""ticker"":""KXBTC15M-26APR271915-15"",""trade_id"":""a8bc22cd-301d-51b6-279b-8bb4781cd591"",""yes_price_dollars"":""0.4300""}"
KXBTC15M-26APR271915-15,3cff6e87-6351-78c7-99c6-86efcb2b31d6,1777330806,0.45,12.61,no,"{""count_fp"":""12.61"",""created_time"":""2026-04-27T23:00:06.875096Z"",""no_price_dollars"":""0.5500"",""taker_side"":""no"",""ticker"":""KXBTC15M-26APR271915-15"",""trade_id"":""3cff6e87-6351-78c7-99c6-86efcb2b31d6"",""yes_price_dollars"":""0.4500""}"
KXBTC15M-26APR271915-15,f1be9ad7-ade5-7922-a822-9fe05b5765e9,1777330807,0.43,33.25,no,"{""count_fp"":""33.25"",""created_time"":""2026-04-27T23:00:07.684573Z"",""no_price_dollars"":""0.5700"",""taker_side"":""no"",""ticker"":""KXBTC15M-26APR271915-15"",""trade_id"":""f1be9ad7-ade5-7922-a822-9fe05b5765e9"",""yes_price_dollars"":""0.4300""}"
KXBTC15M-26APR271915-15,4e6c9223-a6d9-78d6-22e3-d212c7baaa79,1777330807,0.43,5.0,no,"{""count_fp"":""5.00"",""created_time"":""2026-04-27T23:00:07.543869Z"",""no_price_dollars"":""0.5700"",""taker_side"":""no"",""ticker"":""KXBTC15M-26APR271915-15"",""trade_id"":""4e6c9223-a6d9-78d6-22e3-d212c7baaa79"",""yes_price_dollars"":""0.4300""}"
KXBTC15M-26APR271915-15,e244d30c-301d-41e2-9b55-ee9a7e9b4879,1777330807,0.43,31.37,no,"{""count_fp"":""31.37"",""created_time"":""2026-04-27T23:00:07.533892Z"",""no_price_dollars"":""0.5700"",""taker_side"":""no"",""ticker"":""KXBTC15M-26APR271915-15"",""trade_id"":""e244d30c-301d-41e2-9b55-ee9a7e9b4879"",""yes_price_dollars"":""0.4300""}"
KXBTC15M-26APR271915-15,bb5e0368-ad42-446e-8c34-a068abc1c3ac,1777330807,0.43,10.0,no,"{""count_fp"":""10.00"",""created_time"":""2026-04-27T23:00:07.533892Z"",""no_price_dollars"":""0.5700"",""taker_side"":""no"",""ticker"":""KXBTC15M-26APR271915-15"",""trade_id"":""bb5e0368-ad42-446e-8c34-a068abc1c3ac"",""yes_price_dollars"":""0.4300""}"
KXBTC15M-26APR271915-15,4951d47e-f001-6bc6-c3cc-27e73f88988a,1777330808,0.46,10.0,yes,"{""count_fp"":""10.00"",""created_time"":""2026-04-27T23:00:08.615284Z"",""no_price_dollars"":""0.5400"",""taker_side"":""yes"",""ticker"":""KXBTC15M-26APR271915-15"",""trade_id"":""4951d47e-f001-6bc6-c3cc-27e73f88988a"",""yes_price_dollars"":""0.4600""}"
KXBTC15M-26APR271915-15,f93f439f-0e03-475f-da43-f3f063e94cdf,1777330808,0.46,25.87,yes,"{""count_fp"":""25.87"",""created_time"":""2026-04-27T23:00:08.469566Z"",""no_price_dollars"":""0.5400"",""taker_side"":""yes"",""ticker"":""KXBTC15M-26APR271915-15"",""trade_id"":""f93f439f-0e03-475f-da43-f3f063e94cdf"",""yes_price_dollars"":""0.4600""}"
KXBTC15M-26APR271915-15,2da01d51-6869-4b8d-c29f-e41f8d3f7b74,1777330808,0.46,10.0,yes,"{""count_fp"":""10.00"",""created_time"":""2026-04-27T23:00:08.469566Z"",""no_price_dollars"":""0.5400"",""taker_side"":""yes"",""ticker"":""KXBTC15M-26APR271915-15"",""trade_id"":""2da01d51-6869-4b8d-c29f-e41f8d3f7b74"",""yes_price_dollars"":""0.4600""}"
KXBTC15M-26APR271915-15,73f8bf43-2d13-688b-7792-bb234414b1b3,1777330808,0.46,5.0,yes,"{""count_fp"":""5.00"",""created_time"":""2026-04-27T23:00:08.460744Z"",""no_price_dollars"":""0.5400"",""taker_side"":""yes"",""ticker"":""KXBTC15M-26APR271915-15"",""trade_id"":""73f8bf43-2d13-688b-7792-bb234414b1b3"",""yes_price_dollars"":""0.4600""}"
KXBTC15M-26APR271915-15,d662972a-9294-71cf-16ef-768dd88752bb,1777330808,0.44,113.0,no,"{""count_fp"":""113.00"",""created_time"":""2026-04-27T23:00:08.454075Z"",""no_price_dollars"":""0.5600"",""taker_side"":""no"",""ticker"":""KXBTC15M-26APR271915-15"",""trade_id"":""d662972a-9294-71cf-16ef-768dd88752bb"",""yes_price_dollars"":""0.4400""}"
KXBTC15M-26APR271915-15,d1bbc94a-2fd5-768d-226f-8356fac4c5ed,1777330808,0.35,3.0,no,"{""count_fp"":""3.00"",""created_time"":""2026-04-27T23:00:08.454075Z"",""no_price_dollars"":""0.6500"",""taker_side"":""no"",""ticker"":""KXBTC15M-26APR271915-15"",""trade_id"":""d1bbc94a-2fd5-768d-226f-8356fac4c5ed"",""yes_price_dollars"":""0.3500""}"
KXBTC15M-26APR271915-15,868cb0c8-cba1-72ad-1dd2-f6670e851f05,1777330808,0.37,65.0,no,"{""count_fp"":""65.00"",""created_time"":""2026-04-27T23:00:08.454075Z"",""no_price_dollars"":""0.6300"",""taker_side"":""no"",""ticker"":""KXBTC15M-26APR271915-15"",""trade_id"":""868cb0c8-cba1-72ad-1dd2-f6670e851f05"",""yes_price_dollars"":""0.3700""}"
KXBTC15M-26APR271915-15,7eb9c183-3fe5-7336-2ade-437ebf48ee8d,1777330808,0.44,35.84,no,"{""count_fp"":""35.84"",""created_time"":""2026-04-27T23:00:08.454075Z"",""no_price_dollars"":""0.5600"",""taker_side"":""no"",""ticker"":""KXBTC15M-26APR271915-15"",""trade_id"":""7eb9c183-3fe5-7336-2ade-437ebf48ee8d"",""yes_price_dollars"":""0.4400""}"
KXBTC15M-26APR271915-15,2f687cda-4c1e-7b1b-027c-7593dd6d9fc9,1777330808,0.45,6.0,no,"{""count_fp"":""6.00"",""created_time"":""2026-04-27T23:00:08.454075Z"",""no_price_dollars"":""0.5500"",""taker_side"":""no"",""ticker"":""KXBTC15M-26APR271915-15"",""trade_id"":""2f687cda-4c1e-7b1b-027c-7593dd6d9fc9"",""yes_price_dollars"":""0.4500""}"
KXBTC15M-26APR271915-15,1d8c87db-f3c4-7333-1e9e-fba831ddcba4,1777330808,0.3,69.93,no,"{""count_fp"":""69.93"",""created_time"":""2026-04-27T23:00:08.454075Z"",""no_price_dollars"":""0.7000"",""taker_side"":""no"",""ticker"":""KXBTC15M-26APR271915-15"",""trade_id"":""1d8c87db-f3c4-7333-1e9e-fba831ddcba4"",""yes_price_dollars"":""0.3000""}"
KXBTC15M-26APR271915-15,ae78928d-c94b-65a3-acfd-2ecd526ccc1f,1777330808,0.46,25.13,yes,"{""count_fp"":""25.13"",""created_time"":""2026-04-27T23:00:08.167635Z"",""no_price_dollars"":""0.5400"",""taker_side"":""yes"",""ticker"":""KXBTC15M-26APR271915-15"",""trade_id"":""ae78928d-c94b-65a3-acfd-2ecd526ccc1f"",""yes_price_dollars"":""0.4600""}"
KXBTC15M-26APR271915-15,52e733a4-b025-79b4-fa13-93718ad7a7d3,1777330809,0.42,35.0,yes,"{""count_fp"":""35.00"",""created_time"":""2026-04-27T23:00:09.737714Z"",""no_price_dollars"":""0.5800"",""taker_side"":""yes"",""ticker"":""KXBTC15M-26APR271915-15"",""trade_id"":""52e733a4-b025-79b4-fa13-93718ad7a7d3"",""yes_price_dollars"":""0.4200""}"
KXBTC15M-26APR271915-15,f5002374-76d4-4bea-d260-4dd7cf1a1f92,1777330809,0.48,21.0,yes,"{""count_fp"":""21.00"",""created_time"":""2026-04-27T23:00:09.109317Z"",""no_price_dollars"":""0.5200"",""taker_side"":""yes"",""ticker"":""KXBTC15M-26APR271915-15"",""trade_id"":""f5002374-76d4-4bea-d260-4dd7cf1a1f92"",""yes_price_dollars"":""0.4800""}"
KXBTC15M-26APR271915-15,71da8050-4a10-4dff-ca6c-f8733e983308,1777330809,0.48,1.0,yes,"{""count_fp"":""1.00"",""created_time"":""2026-04-27T23:00:09.109317Z"",""no_price_dollars"":""0.5200"",""taker_side"":""yes"",""ticker"":""KXBTC15M-26APR271915-15"",""trade_id"":""71da8050-4a10-4dff-ca6c-f8733e983308"",""yes_price_dollars"":""0.4800""}"
KXBTC15M-26APR271915-15,5b47ac64-61d5-4708-f686-010ffe697913,1777330809,0.48,14.0,yes,"{""count_fp"":""14.00"",""created_time"":""2026-04-27T23:00:09.109317Z"",""no_price_dollars"":""0.5200"",""taker_side"":""yes"",""ticker"":""KXBTC15M-26APR271915-15"",""trade_id"":""5b47ac64-61d5-4708-f686-010ffe697913"",""yes_price_dollars"":""0.4800""}"
KXBTC15M-26APR271915-15,3a0fa722-f8cb-4be4-db8b-f9156cde17d5,1777330809,0.48,14.0,yes,"{""count_fp"":""14.00"",""created_time"":""2026-04-27T23:00:09.109317Z"",""no_price_dollars"":""0.5200"",""taker_side"":""yes"",""ticker"":""KXBTC15M-26APR271915-15"",""trade_id"":""3a0fa722-f8cb-4be4-db8b-f9156cde17d5"",""yes_price_dollars"":""0.4800""}"
KXBTC15M-26APR271915-15,35404c34-f1f7-4531-c81d-6a645dc34247,1777330809,0.48,27.0,yes,"{""count_fp"":""27.00"",""created_time"":""2026-04-27T23:00:09.109317Z"",""no_price_dollars"":""0.5200"",""taker_side"":""yes"",""ticker"":""KXBTC15M-26APR271915-15"",""trade_id"":""35404c34-f1f7-4531-c81d-6a645dc34247"",""yes_price_dollars"":""0.4800""}"
KXBTC15M-26APR271915-15,26b27946-a64d-4f4a-f08d-df44443c0cd0,1777330809,0.48,27.0,yes,"{""count_fp"":""27.00"",""created_time"":""2026-04-27T23:00:09.109317Z"",""no_price_dollars"":""0.5200"",""taker_side"":""yes"",""ticker"":""KXBTC15M-26APR271915-15"",""trade_id"":""26b27946-a64d-4f4a-f08d-df44443c0cd0"",""yes_price_dollars"":""0.4800""}"
KXBTC15M-26APR271915-15,eb39463b-1263-4e7b-3f9f-d08e9489ad6b,1777330809,0.47,10.0,yes,"{""count_fp"":""10.00"",""created_time"":""2026-04-27T23:00:09.010205Z"",""no_price_dollars"":""0.5300"",""taker_side"":""yes"",""ticker"":""KXBTC15M-26APR271915-15"",""trade_id"":""eb39463b-1263-4e7b-3f9f-d08e9489ad6b"",""yes_price_dollars"":""0.4700""}"
KXBTC15M-26APR271915-15,e7df7b58-bc8d-422a-0f47-0746a3694876,1777330809,0.46,103.0,yes,"{""count_fp"":""103.00"",""created_time"":""2026-04-27T23:00:09.010205Z"",""no_price_dollars"":""0.5400"",""taker_side"":""yes"",""ticker"":""KXBTC15M-26APR271915-15"",""trade_id"":""e7df7b58-bc8d-422a-0f47-0746a3694876"",""yes_price_dollars"":""0.4600""}"
KXBTC15M-26APR271915-15,4564a8ce-43b5-49d1-0750-2ef2445e61c2,1777330809,0.47,32.0,yes,"{""count_fp"":""32.00"",""created_time"":""2026-04-27T23:00:09.010205Z"",""no_price_dollars"":""0.5300"",""taker_side"":""yes"",""ticker"":""KXBTC15M-26APR271915-15"",""trade_id"":""4564a8ce-43b5-49d1-0750-2ef2445e61c2"",""yes_price_dollars"":""0.4700""}"
KXBTC15M-26APR271915-15,cca3c0cc-5864-5e3a-f5aa-6ebf30131398,1777330810,0.43,10.0,no,"{""count_fp"":""10.00"",""created_time"":""2026-04-27T23:00:10.693612Z"",""no_price_dollars"":""0.5700"",""taker_side"":""no"",""ticker"":""KXBTC15M-26APR271915-15"",""trade_id"":""cca3c0cc-5864-5e3a-f5aa-6ebf30131398"",""yes_price_dollars"":""0.4300""}"
KXBTC15M-26APR271915-15,353c9df9-b1c0-5505-d5ff-610f0d72b3fb,1777330810,0.43,71.06,no,"{""count_fp"":""71.06"",""created_time"":""2026-04-27T23:00:10.693612Z"",""no_price_dollars"":""0.5700"",""taker_side"":""no"",""ticker"":""KXBTC15M-26APR271915-15"",""trade_id"":""353c9df9-b1c0-5505-d5ff-610f0d72b3fb"",""yes_price_dollars"":""0.4300""}"
KXBTC15M-26APR271915-15,d9b45802-32b4-6f40-4485-f151d30b89d0,1777330810,0.42,122.16,no,"{""count_fp"":""122.16"",""created_time"":""2026-04-27T23:00:10.587942Z"",""no_price_dollars"":""0.5800"",""taker_side"":""no"",""ticker"":""KXBTC15M-26APR271915-15"",""trade_id"":""d9b45802-32b4-6f40-4485-f151d30b89d0"",""yes_price_dollars"":""0.4200""}"
KXBTC15M-26APR271915-15,d757db3a-8e1c-61a0-47e3-8dfe32f2613e,1777330810,0.42,53.79,no,"{""count_fp"":""53.79"",""created_time"":""2026-04-27T23:00:10.587942Z"",""no_price_dollars"":""0.5800"",""taker_side"":""no"",""ticker"":""KXBTC15M-26APR271915-15"",""trade_id"":""d757db3a-8e1c-61a0-47e3-8dfe32f2613e"",""yes_price_dollars"":""0.4200""}"
KXBTC15M-26APR271915-15,bdbe0dad-fd35-687d-672c-119c1f1afc71,1777330810,0.43,150.0,no,"{""count_fp"":""150.00"",""created_time"":""2026-04-27T23:00:10.587942Z"",""no_price_dollars"":""0.5700"",""taker_side"":""no"",""ticker"":""KXBTC15M-26APR271915-15"",""trade_id"":""bdbe0dad-fd35-687d-672c-119c1f1afc71"",""yes_price_dollars"":""0.4300""}"
KXBTC15M-26APR271915-15,cf0c7f6e-63ac-672a-e7bd-f8383b4b768f,1777330810,0.48,12.0,yes,"{""count_fp"":""12.00"",""created_time"":""2026-04-27T23:00:10.473406Z"",""no_price_dollars"":""0.5200"",""taker_side"":""yes"",""ticker"":""KXBTC15M-26APR271915-15"",""trade_id"":""cf0c7f6e-63ac-672a-e7bd-f8383b4b768f"",""yes_price_dollars"":""0.4800""}"
KXBTC15M-26APR271915-15,97d11a62-bc03-664f-cbb6-ca87ff12fb19,1777330810,0.48,27.0,yes,"{""count_fp"":""27.00"",""created_time"":""2026-04-27T23:00:10.473406Z"",""no_price_dollars"":""0.5200"",""taker_side"":""yes"",""ticker"":""KXBTC15M-26APR271915-15"",""trade_id"":""97d11a62-bc03-664f-cbb6-ca87ff12fb19"",""yes_price_dollars"":""0.4800""}"
KXBTC15M-26APR271915-15,92babc49-328c-6c5d-f871-4211560b5f55,1777330810,0.5,2.95,yes,"{""count_fp"":""2.95"",""created_time"":""2026-04-27T23:00:10.473406Z"",""no_price_dollars"":""0.5000"",""taker_side"":""yes"",""ticker"":""KXBTC15M-26APR271915-15"",""trade_id"":""92babc49-328c-6c5d-f871-4211560b5f55"",""yes_price_dollars"":""0.5000""}"
KXBTC15M-26APR271915-15,67509d0e-ef25-632c-cbcc-2a58ebf9b515,1777330810,0.47,10.0,yes,"{""count_fp"":""10.00"",""created_time"":""2026-04-27T23:00:10.473406Z"",""no_price_dollars"":""0.5300"",""taker_side"":""yes"",""ticker"":""KXBTC15M-26APR271915-15"",""trade_id"":""67509d0e-ef25-632c-cbcc-2a58ebf9b515"",""yes_price_dollars"":""0.4700""}"
KXBTC15M-26APR271915-15,40d17520-5202-60ff-fcfa-77668cb90db1,1777330810,0.48,12.0,yes,"{""count_fp"":""12.00"",""created_time"":""2026-04-27T23:00:10.473406Z"",""no_price_dollars"":""0.5200"",""taker_side"":""yes"",""ticker"":""KXBTC15M-26APR271915-15"",""trade_id"":""40d17520-5202-60ff-fcfa-77668cb90db1"",""yes_price_dollars"":""0.4800""}"
KXBTC15M-26APR271915-15,370409ac-4df1-69d3-dac7-35b49dec6f50,1777330810,0.49,30.0,yes,"{""count_fp"":""30.00"",""created_time"":""2026-04-27T23:00:10.473406Z"",""no_price_dollars"":""0.5100"",""taker_side"":""yes"",""ticker"":""KXBTC15M-26APR271915-15"",""trade_id"":""370409ac-4df1-69d3-dac7-35b49dec6f50"",""yes_price_dollars"":""0.4900""}"
KXBTC15M-26APR271915-15,24b0f18f-d300-6116-e499-1b5f4fe3947a,1777330810,0.48,6.0,yes,"{""count_fp"":""6.00"",""created_time"":""2026-04-27T23:00:10.473406Z"",""no_price_dollars"":""0.5200"",""taker_side"":""yes"",""ticker"":""KXBTC15M-26APR271915-15"",""trade_id"":""24b0f18f-d300-6116-e499-1b5f4fe3947a"",""yes_price_dollars"":""0.4800""}"
KXBTC15M-26APR271915-15,0477da11-ff90-4038-cf84-132ad6a11252,1777330810,0.42,16.21,no,"{""count_fp"":""16.21"",""created_time"":""2026-04-27T23:00:10.284301Z"",""no_price_dollars"":""0.5800"",""taker_side"":""no"",""ticker"":""KXBTC15M-26APR271915-15"",""trade_id"":""0477da11-ff90-4038-cf84-132ad6a11252"",""yes_price_dollars"":""0.4200""}"
KXBTC15M-26APR271915-15,ccf662d8-e677-4344-10cd-851eabdb4feb,1777330811,0.47,17.98,no,"{""count_fp"":""17.98"",""created_time"":""2026-04-27T23:00:11.982116Z"",""no_price_dollars"":""0.5300"",""taker_side"":""no"",""ticker"":""KXBTC15M-26APR271915-15"",""trade_id"":""ccf662d8-e677-4344-10cd-851eabdb4feb"",""yes_price_dollars"":""0.4700""}"
KXBTC15M-26APR271915-15,dc59c81e-574f-7ed4-8dd9-9b84ae70ebf7,1777330811,0.47,43.0,no,"{""count_fp"":""43.00"",""created_time"":""2026-04-27T23:00:11.841806Z"",""no_price_dollars"":""0.5300"",""taker_side"":""no"",""ticker"":""KXBTC15M-26APR271915-15"",""trade_id"":""dc59c81e-574f-7ed4-8dd9-9b84ae70ebf7"",""yes_price_dollars"":""0.4700""}"
KXBTC15M-26APR271915-15,e8ab234d-ef43-74e9-75a3-6ee576237ddd,1777330811,0.47,3.0,no,"{""count_fp"":""3.00"",""created_time"":""2026-04-27T23:00:11.429736Z"",""no_price_dollars"":""0.5300"",""taker_side"":""no"",""ticker"":""KXBTC15M-26APR271915-15"",""trade_id"":""e8ab234d-ef43-74e9-75a3-6ee576237ddd"",""yes_price_dollars"":""0.4700""}"
KXBTC15M-26APR271915-15,879b3b52-7393-7370-5d4a-e4c022d4b8d3,1777330811,0.47,22.0,no,"{""count_fp"":""22.00"",""created_time"":""2026-04-27T23:00:11.429736Z"",""no_price_dollars"":""0.5300"",""taker_side"":""no"",""ticker"":""KXBTC15M-26APR271915-15"",""trade_id"":""879b3b52-7393-7370-5d4a-e4c022d4b8d3"",""yes_price_dollars"":""0.4700""}"
KXBTC15M-26APR271915-15,962a9fc7-ef55-5abe-8a70-86e6f48a4adb,1777330811,0.48,76.0,yes,"{""count_fp"":""76.00"",""created_time"":""2026-04-27T23:00:11.382284Z"",""no_price_dollars"":""0.5200"",""taker_side"":""yes"",""ticker"":""KXBTC15M-26APR271915-15"",""trade_id"":""962a9fc7-ef55-5abe-8a70-86e6f48a4adb"",""yes_price_dollars"":""0.4800""}"
KXBTC15M-26APR271915-15,862ba9bb-bf26-56db-b046-1e04ce1f9232,1777330811,0.48,10.0,yes,"{""count_fp"":""10.00"",""created_time"":""2026-04-27T23:00:11.382284Z"",""no_price_dollars"":""0.5200"",""taker_side"":""yes"",""ticker"":""KXBTC15M-26APR271915-15"",""trade_id"":""862ba9bb-bf26-56db-b046-1e04ce1f9232"",""yes_price_dollars"":""0.4800""}"
KXBTC15M-26APR271915-15,3e5a6f36-1ebd-5f5f-8a3f-ee545a65412e,1777330811,0.48,71.0,yes,"{""count_fp"":""71.00"",""created_time"":""2026-04-27T23:00:11.382284Z"",""no_price_dollars"":""0.5200"",""taker_side"":""yes"",""ticker"":""KXBTC15M-26APR271915-15"",""trade_id"":""3e5a6f36-1ebd-5f5f-8a3f-ee545a65412e"",""yes_price_dollars"":""0.4800""}"
KXBTC15M-26APR271915-15,c5c3e095-dff7-7fe0-e7d4-c804ff3b6157,1777330811,0.46,16.14,no,"{""count_fp"":""16.14"",""created_time"":""2026-04-27T23:00:11.029562Z"",""no_price_dollars"":""0.5400"",""taker_side"":""no"",""ticker"":""KXBTC15M-26APR271915-15"",""trade_id"":""c5c3e095-dff7-7fe0-e7d4-c804ff3b6157"",""yes_price_dollars"":""0.4600""}"
KXBTC15M-26APR271915-15,4d795737-9712-7f51-f5ba-4d8615844fdb,1777330811,0.47,3.0,no,"{""count_fp"":""3.00"",""created_time"":""2026-04-27T23:00:11.029562Z"",""no_price_dollars"":""0.5300"",""taker_side"":""no"",""ticker"":""KXBTC15M-26APR271915-15"",""trade_id"":""4d795737-9712-7f51-f5ba-4d8615844fdb"",""yes_price_dollars"":""0.4700""}"
KXBTC15M-26APR271915-15,c9cb6665-bca1-7bdc-0465-19f0bf6357ec,1777330812,0.49,1.5,no,"{""count_fp"":""1.50"",""created_time"":""2026-04-27T23:00:12.871851Z"",""no_price_dollars"":""0.5100"",""taker_side"":""no"",""ticker"":""KXBTC15M-26APR271915-15"",""trade_id"":""c9cb6665-bca1-7bdc-0465-19f0bf6357ec"",""yes_price_dollars"":""0.4900""}"
KXBTC15M-26APR271915-15,abdf0766-7213-7958-168f-5f710478d183,1777330812,0.48,7.16,no,"{""count_fp"":""7.16"",""created_time"":""2026-04-27T23:00:12.871851Z"",""no_price_dollars"":""0.5200"",""taker_side"":""no"",""ticker"":""KXBTC15M-26APR271915-15"",""trade_id"":""abdf0766-7213-7958-168f-5f710478d183"",""yes_price_dollars"":""0.4800""}"
KXBTC15M-26APR271915-15,c127e4f7-1b49-5924-be64-0f7def36c12c,1777330812,0.49,0.5,no,"{""count_fp"":""0.50"",""created_time"":""2026-04-27T23:00:12.856681Z"",""no_price_dollars"":""0.5100"",""taker_side"":""no"",""ticker"":""KXBTC15M-26APR271915-15"",""trade_id"":""c127e4f7-1b49-5924-be64-0f7def36c12c"",""yes_price_dollars"":""0.4900""}"
KXBTC15M-26APR271915-15,3a4d7a01-50d0-535b-a5ba-df253480d97a,1777330812,0.49,5.0,no,"{""count_fp"":""5.00"",""created_time"":""2026-04-27T23:00:12.856681Z"",""no_price_dollars"":""0.5100"",""taker_side"":""no"",""ticker"":""KXBTC15M-26APR271915-15"",""trade_id"":""3a4d7a01-50d0-535b-a5ba-df253480d97a"",""yes_price_dollars"":""0.4900""}"
KXBTC15M-26APR271915-15,0a39a661-bfbb-5c1a-bb09-eff74ebb43ce,1777330812,0.49,3.0,no,"{""count_fp"":""3.00"",""created_time"":""2026-04-27T23:00:12.856681Z"",""no_price_dollars"":""0.5100"",""taker_side"":""no"",""ticker"":""KXBTC15M-26APR271915-15"",""trade_id"":""0a39a661-bfbb-5c1a-bb09-eff74ebb43ce"",""yes_price_dollars"":""0.4900""}"
KXBTC15M-26APR271915-15,013c0220-b507-4134-9a23-7dd2cd2ee113,1777330812,0.48,57.45,no,"{""count_fp"":""57.45"",""created_time"":""2026-04-27T23:00:12.723849Z"",""no_price_dollars"":""0.5200"",""taker_side"":""no"",""ticker"":""KXBTC15M-26APR271915-15"",""trade_id"":""013c0220-b507-4134-9a23-7dd2cd2ee113"",""yes_price_dollars"":""0.4800""}"
KXBTC15M-26APR271915-15,4e463926-0bc4-7d39-7223-6be14a5a2157,1777330812,0.49,0.82,no,"{""count_fp"":""0.82"",""created_time"":""2026-04-27T23:00:12.560611Z"",""no_price_dollars"":""0.5100"",""taker_side"":""no"",""ticker"":""KXBTC15M-26APR271915-15"",""trade_id"":""4e463926-0bc4-7d39-7223-6be14a5a2157"",""yes_price_dollars"":""0.4900""}"
KXBTC15M-26APR271915-15,ada254e5-a7ee-5e3c-5e99-8c80047423b9,1777330812,0.49,48.0,no,"{""count_fp"":""48.00"",""created_time"":""2026-04-27T23:00:12.547053Z"",""no_price_dollars"":""0.5100"",""taker_side"":""no"",""ticker"":""KXBTC15M-26APR271915-15"",""trade_id"":""ada254e5-a7ee-5e3c-5e99-8c80047423b9"",""yes_price_dollars"":""0.4900""}"
KXBTC15M-26APR271915-15,31ac2668-93f3-5a0c-6bea-586fda84ec23,1777330812,0.48,112.19,no,"{""count_fp"":""112.19"",""created_time"":""2026-04-27T23:00:12.547053Z"",""no_price_dollars"":""0.5200"",""taker_side"":""no"",""ticker"":""KXBTC15M-26APR271915-15"",""trade_id"":""31ac2668-93f3-5a0c-6bea-586fda84ec23"",""yes_price_dollars"":""0.4800""}"
KXBTC15M-26APR271915-15,1f73d0e1-4906-5cb2-72fa-c35f4a77b13a,1777330812,0.49,3.0,no,"{""count_fp"":""3.00"",""created_time"":""2026-04-27T23:00:12.547053Z"",""no_price_dollars"":""0.5100"",""taker_side"":""no"",""ticker"":""KXBTC15M-26APR271915-15"",""trade_id"":""1f73d0e1-4906-5cb2-72fa-c35f4a77b13a"",""yes_price_dollars"":""0.4900""}"
KXBTC15M-26APR271915-15,fc42c69b-30ae-7e03-f9b3-e0142c3b9575,1777330812,0.49,0.06,yes,"{""count_fp"":""0.06"",""created_time"":""2026-04-27T23:00:12.434756Z"",""no_price_dollars"":""0.5100"",""taker_side"":""yes"",""ticker"":""KXBTC15M-26APR271915-15"",""trade_id"":""fc42c69b-30ae-7e03-f9b3-e0142c3b9575"",""yes_price_dollars"":""0.4900""}"
KXBTC15M-26APR271915-15,e2033575-3610-7c11-f3e5-b81702ea67d5,1777330812,0.5,39.94,yes,"{""count_fp"":""39.94"",""created_time"":""2026-04-27T23:00:12.434756Z"",""no_price_dollars"":""0.5000"",""taker_side"":""yes"",""ticker"":""KXBTC15M-26APR271915-15"",""trade_id"":""e2033575-3610-7c11-f3e5-b81702ea67d5"",""yes_price_dollars"":""0.5000""}"
KXBTC15M-26APR271915-15,dfc32257-589d-5b00-edfa-2fe91523f445,1777330812,0.49,20.0,yes,"{""count_fp"":""20.00"",""created_time"":""2026-04-27T23:00:12.410369Z"",""no_price_dollars"":""0.5100"",""taker_side"":""yes"",""ticker"":""KXBTC15M-26APR271915-15"",""trade_id"":""dfc32257-589d-5b00-edfa-2fe91523f445"",""yes_price_dollars"":""0.4900""}"
KXBTC15M-26APR271915-15,61b2a999-f0ca-53d7-c99f-1fb0089e998d,1777330812,0.49,19.94,yes,"{""count_fp"":""19.94"",""created_time"":""2026-04-27T23:00:12.410369Z"",""no_price_dollars"":""0.5100"",""taker_side"":""yes"",""ticker"":""KXBTC15M-26APR271915-15"",""trade_id"":""61b2a999-f0ca-53d7-c99f-1fb0089e998d"",""yes_price_dollars"":""0.4900""}"
KXBTC15M-26APR271915-15,0d0a9b92-ce6d-58ff-fd04-3514b7aa60c6,1777330812,0.48,0.06,yes,"{""count_fp"":""0.06"",""created_time"":""2026-04-27T23:00:12.410369Z"",""no_price_dollars"":""0.5200"",""taker_side"":""yes"",""ticker"":""KXBTC15M-26APR271915-15"",""trade_id"":""0d0a9b92-ce6d-58ff-fd04-3514b7aa60c6"",""yes_price_dollars"":""0.4800""}"
KXBTC15M-26APR271915-15,7ae793fe-2333-6e34-1201-51439db6ab3b,1777330812,0.47,8.37,no,"{""count_fp"":""8.37"",""created_time"":""2026-04-27T23:00:12.395441Z"",""no_price_dollars"":""0.5300"",""taker_side"":""no"",""ticker"":""KXBTC15M-26APR271915-15"",""trade_id"":""7ae793fe-2333-6e34-1201-51439db6ab3b"",""yes_price_dollars"":""0.4700""}"
KXBTC15M-26APR271915-15,9b3e104e-f663-566c-3c8a-f0cca75cf03f,1777330813,0.51,7.0,no,"{""count_fp"":""7.00"",""created_time"":""2026-04-27T23:00:13.803177Z"",""no_price_dollars"":""0.4900"",""taker_side"":""no"",""ticker"":""KXBTC15M-26APR271915-15"",""trade_id"":""9b3e104e-f663-566c-3c8a-f0cca75cf03f"",""yes_price_dollars"":""0.5100""}"
KXBTC15M-26APR271915-15,47c9e0ba-51af-5d99-2dd7-3f668d68f87f,1777330813,0.53,3.0,no,"{""count_fp"":""3.00"",""created_time"":""2026-04-27T23:00:13.803177Z"",""no_price_dollars"":""0.4700"",""taker_side"":""no"",""ticker"":""KXBTC15M-26APR271915-15"",""trade_id"":""47c9e0ba-51af-5d99-2dd7-3f668d68f87f"",""yes_price_dollars"":""0.5300""}"
KXBTC15M-26APR271915-15,e80d92e5-6550-7a23-ecf1-b1217974b6db,1777330813,0.5,130.0,no,"{""count_fp"":""130.00"",""created_time"":""2026-04-27T23:00:13.626635Z"",""no_price_dollars"":""0.5000"",""taker_side"":""no"",""ticker"":""KXBTC15M-26APR271915-15"",""trade_id"":""e80d92e5-6550-7a23-ecf1-b1217974b6db"",""yes_price_dollars"":""0.5000""}"
KXBTC15M-26APR271915-15,25f64909-6477-74d8-cf42-a5ad612a1b4f,1777330813,0.5,370.0,no,"{""count_fp"":""370.00"",""created_time"":""2026-04-27T23:00:13.626635Z"",""no_price_dollars"":""0.5000"",""taker_side"":""no"",""ticker"":""KXBTC15M-26APR271915-15"",""trade_id"":""25f64909-6477-74d8-cf42-a5ad612a1b4f"",""yes_price_dollars"":""0.5000""}"
KXBTC15M-26APR271915-15,ad7047a7-6354-74b3-73ca-b645836400b3,1777330813,0.5,20.0,no,"{""count_fp"":""20.00"",""created_time"":""2026-04-27T23:00:13.623762Z"",""no_price_dollars"":""0.5000"",""taker_side"":""no"",""ticker"":""KXBTC15M-26APR271915-15"",""trade_id"":""ad7047a7-6354-74b3-73ca-b645836400b3"",""yes_price_dollars"":""0.5000""}"
KXBTC15M-26APR271915-15,ee196472-7e77-789b-9ef6-328397744bf3,1777330813,0.53,3.0,no,"{""count_fp"":""3.00"",""created_time"":""2026-04-27T23:00:13.598776Z"",""no_price_dollars"":""0.4700"",""taker_side"":""no"",""ticker"":""KXBTC15M-26APR271915-15"",""trade_id"":""ee196472-7e77-789b-9ef6-328397744bf3"",""yes_price_dollars"":""0.5300""}"
KXBTC15M-26APR271915-15,027f7cbb-414e-7541-bd06-f607893afa4c,1777330813,0.5,6.45,no,"{""count_fp"":""6.45"",""created_time"":""2026-04-27T23:00:13.598776Z"",""no_price_dollars"":""0.5000"",""taker_side"":""no"",""ticker"":""KXBTC15M-26APR271915-15"",""trade_id"":""027f7cbb-414e-7541-bd06-f607893afa4c"",""yes_price_dollars"":""0.5000""}"
KXBTC15M-26APR271915-15,f3b83109-e390-5e0e-0e18-6a404af5bef4,1777330813,0.5,2.0,no,"{""count_fp"":""2.00"",""created_time"":""2026-04-27T23:00:13.465449Z"",""no_price_dollars"":""0.5000"",""taker_side"":""no"",""ticker"":""KXBTC15M-26APR271915-15"",""trade_id"":""f3b83109-e390-5e0e-0e18-6a404af5bef4"",""yes_price_dollars"":""0.5000""}"
KXBTC15M-26APR271915-15,92a82793-b402-52b5-04fe-72c79f3db054,1777330813,0.5,1.65,no,"{""count_fp"":""1.65"",""created_time"":""2026-04-27T23:00:13.465449Z"",""no_price_dollars"":""0.5000"",""taker_side"":""no"",""ticker"":""KXBTC15M-26APR271915-15"",""trade_id"":""92a82793-b402-52b5-04fe-72c79f3db054"",""yes_price_dollars"":""0.5000""}"
KXBTC15M-26APR271915-15,48f052d5-3e39-79b0-1d60-897bf717df6f,1777330813,0.5,3.0,no,"{""count_fp"":""3.00"",""created_time"":""2026-04-27T23:00:13.316571Z"",""no_price_dollars"":""0.5000"",""taker_side"":""no"",""ticker"":""KXBTC15M-26APR271915-15"",""trade_id"":""48f052d5-3e39-79b0-1d60-897bf717df6f"",""yes_price_dollars"":""0.5000""}"
KXBTC15M-26APR271915-15,097e5c69-f297-7bb8-08d5-aeac5cf00ac7,1777330813,0.49,155.28,no,"{""count_fp"":""155.28"",""created_time"":""2026-04-27T23:00:13.316571Z"",""no_price_dollars"":""0.5100"",""taker_side"":""no"",""ticker"":""KXBTC15M-26APR271915-15"",""trade_id"":""097e5c69-f297-7bb8-08d5-aeac5cf00ac7"",""yes_price_dollars"":""0.4900""}"
KXBTC15M-26APR271915-15,fafc0488-1fa4-5c17-2439-3384889f2e0c,1777330813,0.51,0.11,yes,"{""count_fp"":""0.11"",""created_time"":""2026-04-27T23:00:13.290165Z"",""no_price_dollars"":""0.4900"",""taker_side"":""yes"",""ticker"":""KXBTC15M-26APR271915-15"",""trade_id"":""fafc0488-1fa4-5c17-2439-3384889f2e0c"",""yes_price_dollars"":""0.5100""}"
KXBTC15M-26APR271915-15,fb9977c4-7cff-4ccd-3f0e-f93b1960b20d,1777330813,0.51,30.0,yes,"{""count_fp"":""30.00"",""created_time"":""2026-04-27T23:00:13.252292Z"",""no_price_dollars"":""0.4900"",""taker_side"":""yes"",""ticker"":""KXBTC15M-26APR271915-15"",""trade_id"":""fb9977c4-7cff-4ccd-3f0e-f93b1960b20d"",""yes_price_dollars"":""0.5100""}"
KXBTC15M-26APR271915-15,ba8fc089-43ac-4457-091e-3cba4da9d790,1777330813,0.51,19.89,yes,"{""count_fp"":""19.89"",""created_time"":""2026-04-27T23:00:13.252292Z"",""no_price_dollars"":""0.4900"",""taker_side"":""yes"",""ticker"":""KXBTC15M-26APR271915-15"",""trade_id"":""ba8fc089-43ac-4457-091e-3cba4da9d790"",""yes_price_dollars"":""0.5100""}"
KXBTC15M-26APR271915-15,ad33a795-4e4f-4877-325e-706738cad4d2,1777330813,0.5,0.11,yes,"{""count_fp"":""0.11"",""created_time"":""2026-04-27T23:00:13.252292Z"",""no_price_dollars"":""0.5000"",""taker_side"":""yes"",""ticker"":""KXBTC15M-26APR271915-15"",""trade_id"":""ad33a795-4e4f-4877-325e-706738cad4d2"",""yes_price_dollars"":""0.5000""}"
KXBTC15M-26APR271915-15,5b385d8c-296b-75f4-3770-0cc335274d03,1777330813,0.49,50.0,no,"{""count_fp"":""50.00"",""created_time"":""2026-04-27T23:00:13.226414Z"",""no_price_dollars"":""0.5100"",""taker_side"":""no"",""ticker"":""KXBTC15M-26APR271915-15"",""trade_id"":""5b385d8c-296b-75f4-3770-0cc335274d03"",""yes_price_dollars"":""0.4900""}"
KXBTC15M-26APR271915-15,f49f76fd-916b-4eb0-99e3-f13a71135fd7,1777330813,0.49,8.0,no,"{""count_fp"":""8.00"",""created_time"":""2026-04-27T23:00:13.149921Z"",""no_price_dollars"":""0.5100"",""taker_side"":""no"",""ticker"":""KXBTC15M-26APR271915-15"",""trade_id"":""f49f76fd-916b-4eb0-99e3-f13a71135fd7"",""yes_price_dollars"":""0.4900""}"
KXBTC15M-26APR271915-15,030a3688-6dab-7e80-3163-ffba30c1c7eb,1777330813,0.49,5.0,no,"{""count_fp"":""5.00"",""created_time"":""2026-04-27T23:00:13.080248Z"",""no_price_dollars"":""0.5100"",""taker_side"":""no"",""ticker"":""KXBTC15M-26APR271915-15"",""trade_id"":""030a3688-6dab-7e80-3163-ffba30c1c7eb"",""yes_price_dollars"":""0.4900""}"
KXBTC15M-26APR271915-15,bb7a0099-e797-65f0-1e23-461f348704d7,1777330813,0.49,20.0,no,"{""count_fp"":""20.00"",""created_time"":""2026-04-27T23:00:13.077083Z"",""no_price_dollars"":""0.5100"",""taker_side"":""no"",""ticker"":""KXBTC15M-26APR271915-15"",""trade_id"":""bb7a0099-e797-65f0-1e23-461f348704d7"",""yes_price_dollars"":""0.4900""}"
KXBTC15M-26APR271915-15,ea9cdad8-d003-42b8-5968-3772f9e53073,1777330813,0.49,0.74,no,"{""count_fp"":""0.74"",""created_time"":""2026-04-27T23:00:13.030235Z"",""no_price_dollars"":""0.5100"",""taker_side"":""no"",""ticker"":""KXBTC15M-26APR271915-15"",""trade_id"":""ea9cdad8-d003-42b8-5968-3772f9e53073"",""yes_price_dollars"":""0.4900""}"
KXBTC15M-26APR271915-15,ebc13dd5-eed7-6d33-322a-e6cec3260178,1777330813,0.5,1.0,yes,"{""count_fp"":""1.00"",""created_time"":""2026-04-27T23:00:13.025862Z"",""no_price_dollars"":""0.5000"",""taker_side"":""yes"",""ticker"":""KXBTC15M-26APR271915-15"",""trade_id"":""ebc13dd5-eed7-6d33-322a-e6cec3260178"",""yes_price_dollars"":""0.5000""}"
KXBTC15M-26APR271915-15,cb782b27-15e0-61f5-0041-20dc4095778f,1777330813,0.5,6.0,yes,"{""count_fp"":""6.00"",""created_time"":""2026-04-27T23:00:13.025862Z"",""no_price_dollars"":""0.5000"",""taker_side"":""yes"",""ticker"":""KXBTC15M-26APR271915-15"",""trade_id"":""cb782b27-15e0-61f5-0041-20dc4095778f"",""yes_price_dollars"":""0.5000""}"
KXBTC15M-26APR271915-15,99b73d1d-efd3-6a3f-08b3-7f420de7742e,1777330813,0.5,4.89,yes,"{""count_fp"":""4.89"",""created_time"":""2026-04-27T23:00:13.025862Z"",""no_price_dollars"":""0.5000"",""taker_side"":""yes"",""ticker"":""KXBTC15M-26APR271915-15"",""trade_id"":""99b73d1d-efd3-6a3f-08b3-7f420de7742e"",""yes_price_dollars"":""0.5000""}"
KXBTC15M-26APR271915-15,95e24653-e75c-6a11-113c-b17cc4a43889,1777330813,0.5,77.11,yes,"{""count_fp"":""77.11"",""created_time"":""2026-04-27T23:00:13.025862Z"",""no_price_dollars"":""0.5000"",""taker_side"":""yes"",""ticker"":""KXBTC15M-26APR271915-15"",""trade_id"":""95e24653-e75c-6a11-113c-b17cc4a43889"",""yes_price_dollars"":""0.5000""}"
KXBTC15M-26APR271915-15,8734bd97-3c76-6a85-265d-bacc1c3b965b,1777330813,0.5,20.0,yes,"{""count_fp"":""20.00"",""created_time"":""2026-04-27T23:00:13.025862Z"",""no_price_dollars"":""0.5000"",""taker_side"":""yes"",""ticker"":""KXBTC15M-26APR271915-15"",""trade_id"":""8734bd97-3c76-6a85-265d-bacc1c3b965b"",""yes_price_dollars"":""0.5000""}"
KXBTC15M-26APR271915-15,3ccaab60-c6ab-609a-1141-71d8d711a8d7,1777330813,0.5,30.0,yes,"{""count_fp"":""30.00"",""created_time"":""2026-04-27T23:00:13.025862Z"",""no_price_dollars"":""0.5000"",""taker_side"":""yes"",""ticker"":""KXBTC15M-26APR271915-15"",""trade_id"":""3ccaab60-c6ab-609a-1141-71d8d711a8d7"",""yes_price_dollars"":""0.5000""}"
KXBTC15M-26APR271915-15,164172e5-ff47-76f8-849d-0213f48dde8b,1777330814,0.53,30.0,no,"{""count_fp"":""30.00"",""created_time"":""2026-04-27T23:00:14.863547Z"",""no_price_dollars"":""0.4700"",""taker_side"":""no"",""ticker"":""KXBTC15M-26APR271915-15"",""trade_id"":""164172e5-ff47-76f8-849d-0213f48dde8b"",""yes_price_dollars"":""0.5300""}"
KXBTC15M-26APR271915-15,c3292415-00ec-6be0-afda-5d9af4a79508,1777330814,0.54,3.0,yes,"{""count_fp"":""3.00"",""created_time"":""2026-04-27T23:00:14.595012Z"",""no_price_dollars"":""0.4600"",""taker_side"":""yes"",""ticker"":""KXBTC15M-26APR271915-15"",""trade_id"":""c3292415-00ec-6be0-afda-5d9af4a79508"",""yes_price_dollars"":""0.5400""}"
KXBTC15M-26APR271915-15,b0ebbc05-c26b-6717-b5bf-0ff0b4a91d0b,1777330814,0.54,0.82,yes,"{""count_fp"":""0.82"",""created_time"":""2026-04-27T23:00:14.595012Z"",""no_price_dollars"":""0.4600"",""taker_side"":""yes"",""ticker"":""KXBTC15M-26APR271915-15"",""trade_id"":""b0ebbc05-c26b-6717-b5bf-0ff0b4a91d0b"",""yes_price_dollars"":""0.5400""}"
KXBTC15M-26APR271915-15,7b674bb0-df54-6ae4-9d81-39e9e23fa010,1777330814,0.54,10.0,yes,"{""count_fp"":""10.00"",""created_time"":""2026-04-27T23:00:14.595012Z"",""no_price_dollars"":""0.4600"",""taker_side"":""yes"",""ticker"":""KXBTC15M-26APR271915-15"",""trade_id"":""7b674bb0-df54-6ae4-9d81-39e9e23fa010"",""yes_price_dollars"":""0.5400""}"
KXBTC15M-26APR271915-15,37ae76d1-420c-60f0-a89f-e18fd90d31e9,1777330814,0.54,100.0,yes,"{""count_fp"":""100.00"",""created_time"":""2026-04-27T23:00:14.595012Z"",""no_price_dollars"":""0.4600"",""taker_side"":""yes"",""ticker"":""KXBTC15M-26APR271915-15"",""trade_id"":""37ae76d1-420c-60f0-a89f-e18fd90d31e9"",""yes_price_dollars"":""0.5400""}"
KXBTC15M-26APR271915-15,34bfa71e-df4c-6ba9-96a7-5233d65b609f,1777330814,0.55,53.24,yes,"{""count_fp"":""53.24"",""created_time"":""2026-04-27T23:00:14.595012Z"",""no_price_dollars"":""0.4500"",""taker_side"":""yes"",""ticker"":""KXBTC15M-26APR271915-15"",""trade_id"":""34bfa71e-df4c-6ba9-96a7-5233d65b609f"",""yes_price_dollars"":""0.5500""}"
KXBTC15M-26APR271915-15,1873b622-6afd-6d2c-b677-c6214e35047b,1777330814,0.55,10.0,yes,"{""count_fp"":""10.00"",""created_time"":""2026-04-27T23:00:14.595012Z"",""no_price_dollars"":""0.4500"",""taker_side"":""yes"",""ticker"":""KXBTC15M-26APR271915-15"",""trade_id"":""1873b622-6afd-6d2c-b677-c6214e35047b"",""yes_price_dollars"":""0.5500""}"
KXBTC15M-26APR271915-15,cf1a3df3-a91f-6000-3c25-b31cbe279781,1777330814,0.53,20.0,no,"{""count_fp"":""20.00"",""created_time"":""2026-04-27T23:00:14.401067Z"",""no_price_dollars"":""0.4700"",""taker_side"":""no"",""ticker"":""KXBTC15M-26APR271915-15"",""trade_id"":""cf1a3df3-a91f-6000-3c25-b31cbe279781"",""yes_price_dollars"":""0.5300""}"
KXBTC15M-26APR271915-15,3bd5ad9e-e787-59a4-0de2-d77a8cd2d2b3,1777330814,0.52,8.51,no,"{""count_fp"":""8.51"",""created_time"":""2026-04-27T23:00:14.271804Z"",""no_price_dollars"":""0.4800"",""taker_side"":""no"",""ticker"":""KXBTC15M-26APR271915-15"",""trade_id"":""3bd5ad9e-e787-59a4-0de2-d77a8cd2d2b3"",""yes_price_dollars"":""0.5200""}"
KXBTC15M-26APR271915-15,773867e4-91ef-5fdc-8386-7913a394b823,1777330814,0.52,15.0,no,"{""count_fp"":""15.00"",""created_time"":""2026-04-27T23:00:14.257538Z"",""no_price_dollars"":""0.4800"",""taker_side"":""no"",""ticker"":""KXBTC15M-26APR271915-15"",""trade_id"":""773867e4-91ef-5fdc-8386-7913a394b823"",""yes_price_dollars"":""0.5200""}"
KXBTC15M-26APR271915-15,7018abab-cc66-5c92-9f60-fae20fac59e5,1777330814,0.53,5.0,no,"{""count_fp"":""5.00"",""created_time"":""2026-04-27T23:00:14.257538Z"",""no_price_dollars"":""0.4700"",""taker_side"":""no"",""ticker"":""KXBTC15M-26APR271915-15"",""trade_id"":""7018abab-cc66-5c92-9f60-fae20fac59e5"",""yes_price_dollars"":""0.5300""}"
KXBTC15M-26APR271915-15,ec20845c-e8ff-4c0c-7b19-8a656f641d27,1777330814,0.52,206.67,no,"{""count_fp"":""206.67"",""created_time"":""2026-04-27T23:00:14.227557Z"",""no_price_dollars"":""0.4800"",""taker_side"":""no"",""ticker"":""KXBTC15M-26APR271915-15"",""trade_id"":""ec20845c-e8ff-4c0c-7b19-8a656f641d27"",""yes_price_dollars"":""0.5200""}"
KXBTC15M-26APR271915-15,e92718e8-73a7-69e8-9d84-71dcd903f207,1777330814,0.52,9.0,no,"{""count_fp"":""9.00"",""created_time"":""2026-04-27T23:00:14.191572Z"",""no_price_dollars"":""0.4800"",""taker_side"":""no"",""ticker"":""KXBTC15M-26APR271915-15"",""trade_id"":""e92718e8-73a7-69e8-9d84-71dcd903f207"",""yes_price_dollars"":""0.5200""}"
KXBTC15M-26APR271915-15,ca7fba33-bb48-623e-82b4-f88b41f1de65,1777330814,0.53,13.0,no,"{""count_fp"":""13.00"",""created_time"":""2026-04-27T23:00:14.191572Z"",""no_price_dollars"":""0.4700"",""taker_side"":""no"",""ticker"":""KXBTC15M-26APR271915-15"",""trade_id"":""ca7fba33-bb48-623e-82b4-f88b41f1de65"",""yes_price_dollars"":""0.5300""}"
KXBTC15M-26APR271915-15,7a33c0d2-2759-6e3d-beb0-a59b34382e26,1777330814,0.53,5.0,no,"{""count_fp"":""5.00"",""created_time"":""2026-04-27T23:00:14.191572Z"",""no_price_dollars"":""0.4700"",""taker_side"":""no"",""ticker"":""KXBTC15M-26APR271915-15"",""trade_id"":""7a33c0d2-2759-6e3d-beb0-a59b34382e26"",""yes_price_dollars"":""0.5300""}"
KXBTC15M-26APR271915-15,0843e7c1-25df-6b5b-8ae1-4b58cd98588d,1777330814,0.53,3.0,no,"{""count_fp"":""3.00"",""created_time"":""2026-04-27T23:00:14.191572Z"",""no_price_dollars"":""0.4700"",""taker_side"":""no"",""ticker"":""KXBTC15M-26APR271915-15"",""trade_id"":""0843e7c1-25df-6b5b-8ae1-4b58cd98588d"",""yes_price_dollars"":""0.5300""}"
KXBTC15M-26APR271915-15,c436c951-7427-445c-728c-1e84b17eb593,1777330815,0.53,102.57,no,"{""count_fp"":""102.57"",""created_time"":""2026-04-27T23:00:15.992329Z"",""no_price_dollars"":""0.4700"",""taker_side"":""no"",""ticker"":""KXBTC15M-26APR271915-15"",""trade_id"":""c436c951-7427-445c-728c-1e84b17eb593"",""yes_price_dollars"":""0.5300""}"
KXBTC15M-26APR271915-15,d4d1bd0f-4e68-61d7-19aa-443a43994606,1777330815,0.54,16.0,yes,"{""count_fp"":""16.00"",""created_time"":""2026-04-27T23:00:15.991232Z"",""no_price_dollars"":""0.4600"",""taker_side"":""yes"",""ticker"":""KXBTC15M-26APR271915-15"",""trade_id"":""d4d1bd0f-4e68-61d7-19aa-443a43994606"",""yes_price_dollars"":""0.5400""}"
KXBTC15M-26APR271915-15,39cdccd6-8dc0-6c1f-2db6-e511f2db06fe,1777330815,0.55,28.1,yes,"{""count_fp"":""28.10"",""created_time"":""2026-04-27T23:00:15.991232Z"",""no_price_dollars"":""0.4500"",""taker_side"":""yes"",""ticker"":""KXBTC15M-26APR271915-15"",""trade_id"":""39cdccd6-8dc0-6c1f-2db6-e511f2db06fe"",""yes_price_dollars"":""0.5500""}"
KXBTC15M-26APR271915-15,4beb3f81-55d7-7b28-b806-bddf70ca8ae3,1777330815,0.53,20.0,no,"{""count_fp"":""20.00"",""created_time"":""2026-04-27T23:00:15.984027Z"",""no_price_dollars"":""0.4700"",""taker_side"":""no"",""ticker"":""KXBTC15M-26APR271915-15"",""trade_id"":""4beb3f81-55d7-7b28-b806-bddf70ca8ae3"",""yes_price_dollars"":""0.5300""}"
KXBTC15M-26APR271915-15,7976dd33-817b-4cfc-0f96-965803db9013,1777330815,0.53,30.0,no,"{""count_fp"":""30.00"",""created_time"":""2026-04-27T23:00:15.926224Z"",""no_price_dollars"":""0.4700"",""taker_side"":""no"",""ticker"":""KXBTC15M-26APR271915-15"",""trade_id"":""7976dd33-817b-4cfc-0f96-965803db9013"",""yes_price_dollars"":""0.5300""}"
KXBTC15M-26APR271915-15,e7676b0e-871f-4bb0-6964-3f37cf94dcc3,1777330815,0.53,30.0,no,"{""count_fp"":""30.00"",""created_time"":""2026-04-27T23:00:15.561771Z"",""no_price_dollars"":""0.4700"",""taker_side"":""no"",""ticker"":""KXBTC15M-26APR271915-15"",""trade_id"":""e7676b0e-871f-4bb0-6964-3f37cf94dcc3"",""yes_price_dollars"":""0.5300""}"
KXBTC15M-26APR271915-15,81326a82-7fe3-7f5c-d6d2-9da371cf8703,1777330815,0.53,10.0,no,"{""count_fp"":""10.00"",""created_time"":""2026-04-27T23:00:15.335829Z"",""no_price_dollars"":""0.4700"",""taker_side"":""no"",""ticker"":""KXBTC15M-26APR271915-15"",""trade_id"":""81326a82-7fe3-7f5c-d6d2-9da371cf8703"",""yes_price_dollars"":""0.5300""}"
KXBTC15M-26APR271915-15,75c71437-3b97-7d68-fb7e-70291938dc1f,1777330815,0.53,20.0,no,"{""count_fp"":""20.00"",""created_time"":""2026-04-27T23:00:15.305733Z"",""no_price_dollars"":""0.4700"",""taker_side"":""no"",""ticker"":""KXBTC15M-26APR271915-15"",""trade_id"":""75c71437-3b97-7d68-fb7e-70291938dc1f"",""yes_price_dollars"":""0.5300""}"
KXBTC15M-26APR271915-15,5729d020-4807-55fc-126f-2feed3da8a0b,1777330815,0.53,33.0,no,"{""count_fp"":""33.00"",""created_time"":""2026-04-27T23:00:15.161605Z"",""no_price_dollars"":""0.4700"",""taker_side"":""no"",""ticker"":""KXBTC15M-26APR271915-15"",""trade_id"":""5729d020-4807-55fc-126f-2feed3da8a0b"",""yes_price_dollars"":""0.5300""}"
KXBTC15M-26APR271915-15,bc4ee4e7-8db7-5154-3da5-41627fce29b3,1777330815,0.53,20.51,no,"{""count_fp"":""20.51"",""created_time"":""2026-04-27T23:00:15.001611Z"",""no_price_dollars"":""0.4700"",""taker_side"":""no"",""ticker"":""KXBTC15M-26APR271915-15"",""trade_id"":""bc4ee4e7-8db7-5154-3da5-41627fce29b3"",""yes_price_dollars"":""0.5300""}"
KXBTC15M-26APR271915-15,b511cca6-13a7-6b21-2175-215a3040738d,1777330816,0.55,22.64,yes,"{""count_fp"":""22.64"",""created_time"":""2026-04-27T23:00:16.908451Z"",""no_price_dollars"":""0.4500"",""taker_side"":""yes"",""ticker"":""KXBTC15M-26APR271915-15"",""trade_id"":""b511cca6-13a7-6b21-2175-215a3040738d"",""yes_price_dollars"":""0.5500""}"
KXBTC15M-26APR271915-15,af062af8-0dd3-68a5-1c4d-ea10500314d1,1777330816,0.55,3.0,yes,"{""count_fp"":""3.00"",""created_time"":""2026-04-27T23:00:16.908451Z"",""no_price_dollars"":""0.4500"",""taker_side"":""yes"",""ticker"":""KXBTC15M-26APR271915-15"",""trade_id"":""af062af8-0dd3-68a5-1c4d-ea10500314d1"",""yes_price_dollars"":""0.5500""}"
KXBTC15M-26APR271915-15,d16b86f9-5a33-4a1c-ef21-b06df0a0aeab,1777330816,0.53,7.0,no,"{""count_fp"":""7.00"",""created_time"":""2026-04-27T23:00:16.895874Z"",""no_price_dollars"":""0.4700"",""taker_side"":""no"",""ticker"":""KXBTC15M-26APR271915-15"",""trade_id"":""d16b86f9-5a33-4a1c-ef21-b06df0a0aeab"",""yes_price_dollars"":""0.5300""}"
KXBTC15M-26APR271915-15,5ea598eb-4033-4918-cc8a-d06359daffbb,1777330816,0.53,5.0,no,"{""count_fp"":""5.00"",""created_time"":""2026-04-27T23:00:16.847442Z"",""no_price_dollars"":""0.4700"",""taker_side"":""no"",""ticker"":""KXBTC15M-26APR271915-15"",""trade_id"":""5ea598eb-4033-4918-cc8a-d06359daffbb"",""yes_price_dollars"":""0.5300""}"
KXBTC15M-26APR271915-15,9cac96af-c277-673c-6071-85a92c538bc7,1777330816,0.53,82.31,no,"{""count_fp"":""82.31"",""created_time"":""2026-04-27T23:00:16.762856Z"",""no_price_dollars"":""0.4700"",""taker_side"":""no"",""ticker"":""KXBTC15M-26APR271915-15"",""trade_id"":""9cac96af-c277-673c-6071-85a92c538bc7"",""yes_price_dollars"":""0.5300""}"
KXBTC15M-26APR271915-15,6dda3b01-bf51-65f1-58ae-953bb8468c2f,1777330816,0.54,10.0,no,"{""count_fp"":""10.00"",""created_time"":""2026-04-27T23:00:16.762856Z"",""no_price_dollars"":""0.4600"",""taker_side"":""no"",""ticker"":""KXBTC15M-26APR271915-15"",""trade_id"":""6dda3b01-bf51-65f1-58ae-953bb8468c2f"",""yes_price_dollars"":""0.5400""}"
KXBTC15M-26APR271915-15,f3ef5368-91d8-43f9-585a-702ea152a30b,1777330816,0.54,33.0,no,"{""count_fp"":""33.00"",""created_time"":""2026-04-27T23:00:16.570338Z"",""no_price_dollars"":""0.4600"",""taker_side"":""no"",""ticker"":""KXBTC15M-26APR271915-15"",""trade_id"":""f3ef5368-91d8-43f9-585a-702ea152a30b"",""yes_price_dollars"":""0.5400""}"
KXBTC15M-26APR271915-15,befe4d79-d820-4db5-7f24-2824c70d76b7,1777330816,0.54,113.0,no,"{""count_fp"":""113.00"",""created_time"":""2026-04-27T23:00:16.570338Z"",""no_price_dollars"":""0.4600"",""taker_side"":""no"",""ticker"":""KXBTC15M-26APR271915-15"",""trade_id"":""befe4d79-d820-4db5-7f24-2824c70d76b7"",""yes_price_dollars"":""0.5400""}"
KXBTC15M-26APR271915-15,822072a2-23c7-475c-7a2e-70e0f9bdd4fb,1777330816,0.53,156.73,no,"{""count_fp"":""156.73"",""created_time"":""2026-04-27T23:00:16.570338Z"",""no_price_dollars"":""0.4700"",""taker_side"":""no"",""ticker"":""KXBTC15M-26APR271915-15"",""trade_id"":""822072a2-23c7-475c-7a2e-70e0f9bdd4fb"",""yes_price_dollars"":""0.5300""}"
KXBTC15M-26APR271915-15,79ad4c80-7013-451b-6a62-2b817aeefc79,1777330816,0.54,5.0,no,"{""count_fp"":""5.00"",""created_time"":""2026-04-27T23:00:16.570338Z"",""no_price_dollars"":""0.4600"",""taker_side"":""no"",""ticker"":""KXBTC15M-26APR271915-15"",""trade_id"":""79ad4c80-7013-451b-6a62-2b817aeefc79"",""yes_price_dollars"":""0.5400""}"
KXBTC15M-26APR271915-15,736ff01f-7327-45ff-fea1-57532f3dd28a,1777330816,0.55,7.0,no,"{""count_fp"":""7.00"",""created_time"":""2026-04-27T23:00:16.554492Z"",""no_price_dollars"":""0.4500"",""taker_side"":""no"",""ticker"":""KXBTC15M-26APR271915-15"",""trade_id"":""736ff01f-7327-45ff-fea1-57532f3dd28a"",""yes_price_dollars"":""0.5500""}"
KXBTC15M-26APR271915-15,66bb3129-f544-45f9-fee7-00e1781297c7,1777330816,0.54,23.0,no,"{""count_fp"":""23.00"",""created_time"":""2026-04-27T23:00:16.554492Z"",""no_price_dollars"":""0.4600"",""taker_side"":""no"",""ticker"":""KXBTC15M-26APR271915-15"",""trade_id"":""66bb3129-f544-45f9-fee7-00e1781297c7"",""yes_price_dollars"":""0.5400""}"
KXBTC15M-26APR271915-15,aa6028b2-dfef-423c-146a-412845805889,1777330816,0.54,70.06,no,"{""count_fp"":""70.06"",""created_time"":""2026-04-27T23:00:16.467394Z"",""no_price_dollars"":""0.4600"",""taker_side"":""no"",""ticker"":""KXBTC15M-26APR271915-15"",""trade_id"":""aa6028b2-dfef-423c-146a-412845805889"",""yes_price_dollars"":""0.5400""}"
KXBTC15M-26APR271915-15,804d27dc-effc-4c50-33db-716d3bff1392,1777330816,0.55,3.0,no,"{""count_fp"":""3.00"",""created_time"":""2026-04-27T23:00:16.467394Z"",""no_price_dollars"":""0.4500"",""taker_side"":""no"",""ticker"":""KXBTC15M-26APR271915-15"",""trade_id"":""804d27dc-effc-4c50-33db-716d3bff1392"",""yes_price_dollars"":""0.5500""}"
KXBTC15M-26APR271915-15,a76a4a0f-bdcb-57a8-2d74-db887d7cee67,1777330816,0.53,9.13,no,"{""count_fp"":""9.13"",""created_time"":""2026-04-27T23:00:16.114027Z"",""no_price_dollars"":""0.4700"",""taker_side"":""no"",""ticker"":""KXBTC15M-26APR271915-15"",""trade_id"":""a76a4a0f-bdcb-57a8-2d74-db887d7cee67"",""yes_price_dollars"":""0.5300""}"
KXBTC15M-26APR271915-15,9e45f1e2-d8eb-7afc-25dc-663417250df3,1777330817,0.53,26.25,no,"{""count_fp"":""26.25"",""created_time"":""2026-04-27T23:00:17.938646Z"",""no_price_dollars"":""0.4700"",""taker_side"":""no"",""ticker"":""KXBTC15M-26APR271915-15"",""trade_id"":""9e45f1e2-d8eb-7afc-25dc-663417250df3"",""yes_price_dollars"":""0.5300""}"
KXBTC15M-26APR271915-15,5a01023c-1a2f-69c9-47be-e285496c527d,1777330817,0.55,44.05,yes,"{""count_fp"":""44.05"",""created_time"":""2026-04-27T23:00:17.860611Z"",""no_price_dollars"":""0.4500"",""taker_side"":""yes"",""ticker"":""KXBTC15M-26APR271915-15"",""trade_id"":""5a01023c-1a2f-69c9-47be-e285496c527d"",""yes_price_dollars"":""0.5500""}"
KXBTC15M-26APR271915-15,d4aab6cc-c13b-4a78-af63-0be8b4da44df,1777330817,0.53,29.0,no,"{""count_fp"":""29.00"",""created_time"":""2026-04-27T23:00:17.524972Z"",""no_price_dollars"":""0.4700"",""taker_side"":""no"",""ticker"":""KXBTC15M-26APR271915-15"",""trade_id"":""d4aab6cc-c13b-4a78-af63-0be8b4da44df"",""yes_price_dollars"":""0.5300""}"
KXBTC15M-26APR271915-15,7c1cae05-569f-649c-ddd6-bba5a0396b3b,1777330817,0.53,143.6,no,"{""count_fp"":""143.60"",""created_time"":""2026-04-27T23:00:17.320061Z"",""no_price_dollars"":""0.4700"",""taker_side"":""no"",""ticker"":""KXBTC15M-26APR271915-15"",""trade_id"":""7c1cae05-569f-649c-ddd6-bba5a0396b3b"",""yes_price_dollars"":""0.5300""}"
KXBTC15M-26APR271915-15,5871efbe-a2f7-4e84-dd2e-86ef493d1edb,1777330817,0.53,16.0,no,"{""count_fp"":""16.00"",""created_time"":""2026-04-27T23:00:17.110042Z"",""no_price_dollars"":""0.4700"",""taker_side"":""no"",""ticker"":""KXBTC15M-26APR271915-15"",""trade_id"":""5871efbe-a2f7-4e84-dd2e-86ef493d1edb"",""yes_price_dollars"":""0.5300""}"
KXBTC15M-26APR271915-15,5cf6744e-113f-582c-ae0a-80e649a1608b,1777330817,0.53,50.0,no,"{""count_fp"":""50.00"",""created_time"":""2026-04-27T23:00:17.080796Z"",""no_price_dollars"":""0.4700"",""taker_side"":""no"",""ticker"":""KXBTC15M-26APR271915-15"",""trade_id"":""5cf6744e-113f-582c-ae0a-80e649a1608b"",""yes_price_dollars"":""0.5300""}"
KXBTC15M-26APR271915-15,a64ab927-c367-4b70-a9b8-5f311e157e6b,1777330817,0.53,0.82,no,"{""count_fp"":""0.82"",""created_time"":""2026-04-27T23:00:17.000159Z"",""no_price_dollars"":""0.4700"",""taker_side"":""no"",""ticker"":""KXBTC15M-26APR271915-15"",""trade_id"":""a64ab927-c367-4b70-a9b8-5f311e157e6b"",""yes_price_dollars"":""0.5300""}"
KXBTC15M-26APR271915-15,bff27fe3-8b57-5619-12c1-b1ac80bd6670,1777330818,0.55,25.54,yes,"{""count_fp"":""25.54"",""created_time"":""2026-04-27T23:00:18.906543Z"",""no_price_dollars"":""0.4500"",""taker_side"":""yes"",""ticker"":""KXBTC15M-26APR271915-15"",""trade_id"":""bff27fe3-8b57-5619-12c1-b1ac80bd6670"",""yes_price_dollars"":""0.5500""}"
KXBTC15M-26APR271915-15,8c771202-99dc-5bbd-3747-832afb58d8e9,1777330818,0.56,2.09,yes,"{""count_fp"":""2.09"",""created_time"":""2026-04-27T23:00:18.906543Z"",""no_price_dollars"":""0.4400"",""taker_side"":""yes"",""ticker"":""KXBTC15M-26APR271915-15"",""trade_id"":""8c771202-99dc-5bbd-3747-832afb58d8e9"",""yes_price_dollars"":""0.5600""}"
KXBTC15M-26APR271915-15,a37c1e40-569e-6371-7286-8f53dbddca01,1777330818,0.54,30.0,no,"{""count_fp"":""30.00"",""created_time"":""2026-04-27T23:00:18.892318Z"",""no_price_dollars"":""0.4600"",""taker_side"":""no"",""ticker"":""KXBTC15M-26APR271915-15"",""trade_id"":""a37c1e40-569e-6371-7286-8f53dbddca01"",""yes_price_dollars"":""0.5400""}"
KXBTC15M-26APR271915-15,5a36c3e7-75e6-75e9-a789-b80ba9b8c97d,1777330818,0.54,36.42,no,"{""count_fp"":""36.42"",""created_time"":""2026-04-27T23:00:18.885345Z"",""no_price_dollars"":""0.4600"",""taker_side"":""no"",""ticker"":""KXBTC15M-26APR271915-15"",""trade_id"":""5a36c3e7-75e6-75e9-a789-b80ba9b8c97d"",""yes_price_dollars"":""0.5400""}"
KXBTC15M-26APR271915-15,5159f733-a573-798d-9bb0-8e11913148b4,1777330818,0.54,158.73,no,"{""count_fp"":""158.73"",""created_time"":""2026-04-27T23:00:18.885345Z"",""no_price_dollars"":""0.4600"",""taker_side"":""no"",""ticker"":""KXBTC15M-26APR271915-15"",""trade_id"":""5159f733-a573-798d-9bb0-8e11913148b4"",""yes_price_dollars"":""0.5400""}"
KXBTC15M-26APR271915-15,45653aae-1758-701d-8117-cd3f16de91db,1777330818,0.54,10.0,no,"{""count_fp"":""10.00"",""created_time"":""2026-04-27T23:00:18.885345Z"",""no_price_dollars"":""0.4600"",""taker_side"":""no"",""ticker"":""KXBTC15M-26APR271915-15"",""trade_id"":""45653aae-1758-701d-8117-cd3f16de91db"",""yes_price_dollars"":""0.5400""}"
KXBTC15M-26APR271915-15,ac07d514-b917-6a29-0555-f194fe777224,1777330818,0.54,5.0,no,"{""count_fp"":""5.00"",""created_time"":""2026-04-27T23:00:18.879149Z"",""no_price_dollars"":""0.4600"",""taker_side"":""no"",""ticker"":""KXBTC15M-26APR271915-15"",""trade_id"":""ac07d514-b917-6a29-0555-f194fe777224"",""yes_price_dollars"":""0.5400""}"
KXBTC15M-26APR271915-15,a5c36541-0b2f-5f0d-9f5f-7534f9f05e54,1777330818,0.54,10.25,no,"{""count_fp"":""10.25"",""created_time"":""2026-04-27T23:00:18.657319Z"",""no_price_dollars"":""0.4600"",""taker_side"":""no"",""ticker"":""KXBTC15M-26APR271915-15"",""trade_id"":""a5c36541-0b2f-5f0d-9f5f-7534f9f05e54"",""yes_price_dollars"":""0.5400""}"
KXBTC15M-26APR271915-15,b30c3a09-a7d7-6ced-7103-d6f3b8e57a20,1777330818,0.54,102.57,no,"{""count_fp"":""102.57"",""created_time"":""2026-04-27T23:00:18.626885Z"",""no_price_dollars"":""0.4600"",""taker_side"":""no"",""ticker"":""KXBTC15M-26APR271915-15"",""trade_id"":""b30c3a09-a7d7-6ced-7103-d6f3b8e57a20"",""yes_price_dollars"":""0.5400""}"
KXBTC15M-26APR271915-15,31c219a1-e3d7-7b95-7d1a-692e46215d80,1777330818,0.55,8.8,yes,"{""count_fp"":""8.80"",""created_time"":""2026-04-27T23:00:18.574642Z"",""no_price_dollars"":""0.4500"",""taker_side"":""yes"",""ticker"":""KXBTC15M-26APR271915-15"",""trade_id"":""31c219a1-e3d7-7b95-7d1a-692e46215d80"",""yes_price_dollars"":""0.5500""}"
KXBTC15M-26APR271915-15,fb4a50e8-31c7-6a31-3fd4-8b4a5cd199fc,1777330818,0.54,205.15,no,"{""count_fp"":""205.15"",""created_time"":""2026-04-27T23:00:18.514414Z"",""no_price_dollars"":""0.4600"",""taker_side"":""no"",""ticker"":""KXBTC15M-26APR271915-15"",""trade_id"":""fb4a50e8-31c7-6a31-3fd4-8b4a5cd199fc"",""yes_price_dollars"":""0.5400""}"
KXBTC15M-26APR271915-15,947a4cc0-cd55-7579-e840-3ccd2c5319fd,1777330818,0.55,10.0,yes,"{""count_fp"":""10.00"",""created_time"":""2026-04-27T23:00:18.486271Z"",""no_price_dollars"":""0.4500"",""taker_side"":""yes"",""ticker"":""KXBTC15M-26APR271915-15"",""trade_id"":""947a4cc0-cd55-7579-e840-3ccd2c5319fd"",""yes_price_dollars"":""0.5500""}"
KXBTC15M-26APR271915-15,710af221-85cf-7851-e72b-51b2a6134811,1777330818,0.55,23.31,yes,"{""count_fp"":""23.31"",""created_time"":""2026-04-27T23:00:18.486271Z"",""no_price_dollars"":""0.4500"",""taker_side"":""yes"",""ticker"":""KXBTC15M-26APR271915-15"",""trade_id"":""710af221-85cf-7851-e72b-51b2a6134811"",""yes_price_dollars"":""0.5500""}"
KXBTC15M-26APR271915-15,3e483e89-bc37-7959-dc7e-724bb66d7dd8,1777330818,0.55,16.56,yes,"{""count_fp"":""16.56"",""created_time"":""2026-04-27T23:00:18.486271Z"",""no_price_dollars"":""0.4500"",""taker_side"":""yes"",""ticker"":""KXBTC15M-26APR271915-15"",""trade_id"":""3e483e89-bc37-7959-dc7e-724bb66d7dd8"",""yes_price_dollars"":""0.5500""}"
KXBTC15M-26APR271915-15,1b8c0f90-3721-7e09-e855-87d9ddb7b23e,1777330818,0.55,3.0,yes,"{""count_fp"":""3.00"",""created_time"":""2026-04-27T23:00:18.486271Z"",""no_price_dollars"":""0.4500"",""taker_side"":""yes"",""ticker"":""KXBTC15M-26APR271915-15"",""trade_id"":""1b8c0f90-3721-7e09-e855-87d9ddb7b23e"",""yes_price_dollars"":""0.5500""}"
KXBTC15M-26APR271915-15,79f47c85-f2f3-7ce9-7821-790da81490d0,1777330818,0.54,12.3,no,"{""count_fp"":""12.30"",""created_time"":""2026-04-27T23:00:18.461071Z"",""no_price_dollars"":""0.4600"",""taker_side"":""no"",""ticker"":""KXBTC15M-26APR271915-15"",""trade_id"":""79f47c85-f2f3-7ce9-7821-790da81490d0"",""yes_price_dollars"":""0.5400""}"
KXBTC15M-26APR271915-15,fd4476ef-3f3f-44e5-f7e6-b53b96e18d6c,1777330818,0.54,6.0,no,"{""count_fp"":""6.00"",""created_time"":""2026-04-27T23:00:18.399531Z"",""no_price_dollars"":""0.4600"",""taker_side"":""no"",""ticker"":""KXBTC15M-26APR271915-15"",""trade_id"":""fd4476ef-3f3f-44e5-f7e6-b53b96e18d6c"",""yes_price_dollars"":""0.5400""}"
KXBTC15M-26APR271915-15,b769d182-685a-44fe-ddf4-9b08f940c3c3,1777330818,0.54,10.0,no,"{""count_fp"":""10.00"",""created_time"":""2026-04-27T23:00:18.399531Z"",""no_price_dollars"":""0.4600"",""taker_side"":""no"",""ticker"":""KXBTC15M-26APR271915-15"",""trade_id"":""b769d182-685a-44fe-ddf4-9b08f940c3c3"",""yes_price_dollars"":""0.5400""}"
KXBTC15M-26APR271915-15,8d6914c8-3a9a-7c82-d224-0cfa38f5df7b,1777330818,0.54,1.0,no,"{""count_fp"":""1.00"",""created_time"":""2026-04-27T23:00:18.141199Z"",""no_price_dollars"":""0.4600"",""taker_side"":""no"",""ticker"":""KXBTC15M-26APR271915-15"",""trade_id"":""8d6914c8-3a9a-7c82-d224-0cfa38f5df7b"",""yes_price_dollars"":""0.5400""}"
KXBTC15M-26APR271915-15,8334d523-765f-5ae9-e633-6d6454cc0a0d,1777330818,0.55,20.0,yes,"{""count_fp"":""20.00"",""created_time"":""2026-04-27T23:00:18.043144Z"",""no_price_dollars"":""0.4500"",""taker_side"":""yes"",""ticker"":""KXBTC15M-26APR271915-15"",""trade_id"":""8334d523-765f-5ae9-e633-6d6454cc0a0d"",""yes_price_dollars"":""0.5500""}"
KXBTC15M-26APR271915-15,be362508-0827-7685-c02a-73d4c196fe95,1777330818,0.55,3.0,yes,"{""count_fp"":""3.00"",""created_time"":""2026-04-27T23:00:18.036645Z"",""no_price_dollars"":""0.4500"",""taker_side"":""yes"",""ticker"":""KXBTC15M-26APR271915-15"",""trade_id"":""be362508-0827-7685-c02a-73d4c196fe95"",""yes_price_dollars"":""0.5500""}"
KXBTC15M-26APR271915-15,591f200e-79aa-4085-b4e1-957e1bcbca9e,1777330819,0.54,115.21,no,"{""count_fp"":""115.21"",""created_time"":""2026-04-27T23:00:19.970848Z"",""no_price_dollars"":""0.4600"",""taker_side"":""no"",""ticker"":""KXBTC15M-26APR271915-15"",""trade_id"":""591f200e-79aa-4085-b4e1-957e1bcbca9e"",""yes_price_dollars"":""0.5400""}"
KXBTC15M-26APR271915-15,a4455427-5482-5769-cb54-f01e76c7aeae,1777330819,0.54,30.0,no,"{""count_fp"":""30.00"",""created_time"":""2026-04-27T23:00:19.926454Z"",""no_price_dollars"":""0.4600"",""taker_side"":""no"",""ticker"":""KXBTC15M-26APR271915-15"",""trade_id"":""a4455427-5482-5769-cb54-f01e76c7aeae"",""yes_price_dollars"":""0.5400""}"
KXBTC15M-26APR271915-15,fe2839e4-27ee-6445-c6ef-0dc4e17e1f82,1777330819,0.54,209.47,no,"{""count_fp"":""209.47"",""created_time"":""2026-04-27T23:00:19.901374Z"",""no_price_dollars"":""0.4600"",""taker_side"":""no"",""ticker"":""KXBTC15M-26APR271915-15"",""trade_id"":""fe2839e4-27ee-6445-c6ef-0dc4e17e1f82"",""yes_price_dollars"":""0.5400""}"
KXBTC15M-26APR271915-15,d247148d-f88b-5fc7-3ab5-c2a1e61cafa0,1777330819,0.55,1.76,yes,"{""count_fp"":""1.76"",""created_time"":""2026-04-27T23:00:19.862058Z"",""no_price_dollars"":""0.4500"",""taker_side"":""yes"",""ticker"":""KXBTC15M-26APR271915-15"",""trade_id"":""d247148d-f88b-5fc7-3ab5-c2a1e61cafa0"",""yes_price_dollars"":""0.5500""}"
KXBTC15M-26APR271915-15,dc6251c7-0e2b-6817-0b70-4e4de21acb8c,1777330819,0.55,10.0,yes,"{""count_fp"":""10.00"",""created_time"":""2026-04-27T23:00:19.817321Z"",""no_price_dollars"":""0.4500"",""taker_side"":""yes"",""ticker"":""KXBTC15M-26APR271915-15"",""trade_id"":""dc6251c7-0e2b-6817-0b70-4e4de21acb8c"",""yes_price_dollars"":""0.5500""}"
KXBTC15M-26APR271915-15,0d413285-a5ef-6b83-2070-63b8c9b341fc,1777330819,0.55,7.62,yes,"{""count_fp"":""7.62"",""created_time"":""2026-04-27T23:00:19.817321Z"",""no_price_dollars"":""0.4500"",""taker_side"":""yes"",""ticker"":""KXBTC15M-26APR271915-15"",""trade_id"":""0d413285-a5ef-6b83-2070-63b8c9b341fc"",""yes_price_dollars"":""0.5500""}"
KXBTC15M-26APR271915-15,e6a6bcfd-518e-7b19-1bc5-aa21f1784e3e,1777330819,0.54,52.36,no,"{""count_fp"":""52.36"",""created_time"":""2026-04-27T23:00:19.745212Z"",""no_price_dollars"":""0.4600"",""taker_side"":""no"",""ticker"":""KXBTC15M-26APR271915-15"",""trade_id"":""e6a6bcfd-518e-7b19-1bc5-aa21f1784e3e"",""yes_price_dollars"":""0.5400""}"
KXBTC15M-26APR271915-15,576000d8-4ec6-4b8d-d99b-f5434e37744d,1777330819,0.54,30.0,no,"{""count_fp"":""30.00"",""created_time"":""2026-04-27T23:00:19.463665Z"",""no_price_dollars"":""0.4600"",""taker_side"":""no"",""ticker"":""KXBTC15M-26APR271915-15"",""trade_id"":""576000d8-4ec6-4b8d-d99b-f5434e37744d"",""yes_price_dollars"":""0.5400""}"
KXBTC15M-26APR271915-15,b8330a06-5238-456d-b628-dc9ad364a4c5,1777330819,0.56,0.44,yes,"{""count_fp"":""0.44"",""created_time"":""2026-04-27T23:00:19.323323Z"",""no_price_dollars"":""0.4400"",""taker_side"":""yes"",""ticker"":""KXBTC15M-26APR271915-15"",""trade_id"":""b8330a06-5238-456d-b628-dc9ad364a4c5"",""yes_price_dollars"":""0.5600""}"
KXBTC15M-26APR271915-15,8fda65cc-f570-44a9-b4fd-ee99597c3bc9,1777330819,0.55,3.0,yes,"{""count_fp"":""3.00"",""created_time"":""2026-04-27T23:00:19.323323Z"",""no_price_dollars"":""0.4500"",""taker_side"":""yes"",""ticker"":""KXBTC15M-26APR271915-15"",""trade_id"":""8fda65cc-f570-44a9-b4fd-ee99597c3bc9"",""yes_price_dollars"":""0.5500""}"
KXBTC15M-26APR271915-15,aec3446c-0fc8-6261-e0e9-05ea009c9311,1777330819,0.56,2.83,yes,"{""count_fp"":""2.83"",""created_time"":""2026-04-27T23:00:19.271242Z"",""no_price_dollars"":""0.4400"",""taker_side"":""yes"",""ticker"":""KXBTC15M-26APR271915-15"",""trade_id"":""aec3446c-0fc8-6261-e0e9-05ea009c9311"",""yes_price_dollars"":""0.5600""}"
KXBTC15M-26APR271915-15,7986f8bf-a617-590a-8b4c-70cbe2f45eca,1777330819,0.54,10.25,no,"{""count_fp"":""10.25"",""created_time"":""2026-04-27T23:00:19.045862Z"",""no_price_dollars"":""0.4600"",""taker_side"":""no"",""ticker"":""KXBTC15M-26APR271915-15"",""trade_id"":""7986f8bf-a617-590a-8b4c-70cbe2f45eca"",""yes_price_dollars"":""0.5400""}"
KXBTC15M-26APR271915-15,330bc19a-07d1-4704-3b64-2e05c486a29c,1777330820,0.55,25.0,yes,"{""count_fp"":""25.00"",""created_time"":""2026-04-27T23:00:20.999482Z"",""no_price_dollars"":""0.4500"",""taker_side"":""yes"",""ticker"":""KXBTC15M-26APR271915-15"",""trade_id"":""330bc19a-07d1-4704-3b64-2e05c486a29c"",""yes_price_dollars"":""0.5500""}"
KXBTC15M-26APR271915-15,c1e5426f-dd62-579b-6bc2-c8d37c42fbb7,1777330820,0.54,30.0,no,"{""count_fp"":""30.00"",""created_time"":""2026-04-27T23:00:20.923468Z"",""no_price_dollars"":""0.4600"",""taker_side"":""no"",""ticker"":""KXBTC15M-26APR271915-15"",""trade_id"":""c1e5426f-dd62-579b-6bc2-c8d37c42fbb7"",""yes_price_dollars"":""0.5400""}"
KXBTC15M-26APR271915-15,aee6fcf9-d2ae-4833-5aaa-9813aa2d3e0f,1777330820,0.54,20.94,no,"{""count_fp"":""20.94"",""created_time"":""2026-04-27T23:00:20.811032Z"",""no_price_dollars"":""0.4600"",""taker_side"":""no"",""ticker"":""KXBTC15M-26APR271915-15"",""trade_id"":""aee6fcf9-d2ae-4833-5aaa-9813aa2d3e0f"",""yes_price_dollars"":""0.5400""}"
KXBTC15M-26APR271915-15,ddde4bdc-7ee5-7290-3cc5-89331f9e1b08,1777330820,0.55,43.18,yes,"{""count_fp"":""43.18"",""created_time"":""2026-04-27T23:00:20.726607Z"",""no_price_dollars"":""0.4500"",""taker_side"":""yes"",""ticker"":""KXBTC15M-26APR271915-15"",""trade_id"":""ddde4bdc-7ee5-7290-3cc5-89331f9e1b08"",""yes_price_dollars"":""0.5500""}"
KXBTC15M-26APR271915-15,282338ae-a79d-5b0c-4a10-46e80c537d68,1777330820,0.55,86.57,yes,"{""count_fp"":""86.57"",""created_time"":""2026-04-27T23:00:20.655894Z"",""no_price_dollars"":""0.4500"",""taker_side"":""yes"",""ticker"":""KXBTC15M-26APR271915-15"",""trade_id"":""282338ae-a79d-5b0c-4a10-46e80c537d68"",""yes_price_dollars"":""0.5500""}"
KXBTC15M-26APR271915-15,6700a5ea-54e1-7edc-1498-6ee70ef53684,1777330820,0.55,15.45,yes,"{""count_fp"":""15.45"",""created_time"":""2026-04-27T23:00:20.616421Z"",""no_price_dollars"":""0.4500"",""taker_side"":""yes"",""ticker"":""KXBTC15M-26APR271915-15"",""trade_id"":""6700a5ea-54e1-7edc-1498-6ee70ef53684"",""yes_price_dollars"":""0.5500""}"
KXBTC15M-26APR271915-15,4b2f0b61-2aeb-7b3b-222d-bc5485e7a830,1777330820,0.55,1.0,yes,"{""count_fp"":""1.00"",""created_time"":""2026-04-27T23:00:20.616421Z"",""no_price_dollars"":""0.4500"",""taker_side"":""yes"",""ticker"":""KXBTC15M-26APR271915-15"",""trade_id"":""4b2f0b61-2aeb-7b3b-222d-bc5485e7a830"",""yes_price_dollars"":""0.5500""}"
KXBTC15M-26APR271915-15,361220e8-66af-78e7-0e9d-0f99ff7b94cc,1777330820,0.55,0.87,yes,"{""count_fp"":""0.87"",""created_time"":""2026-04-27T23:00:20.616421Z"",""no_price_dollars"":""0.4500"",""taker_side"":""yes"",""ticker"":""KXBTC15M-26APR271915-15"",""trade_id"":""361220e8-66af-78e7-0e9d-0f99ff7b94cc"",""yes_price_dollars"":""0.5500""}"
KXBTC15M-26APR271915-15,c81df5ef-f0e2-6ef3-1dcc-ed403e837c6b,1777330820,0.54,1.47,no,"{""count_fp"":""1.47"",""created_time"":""2026-04-27T23:00:20.606309Z"",""no_price_dollars"":""0.4600"",""taker_side"":""no"",""ticker"":""KXBTC15M-26APR271915-15"",""trade_id"":""c81df5ef-f0e2-6ef3-1dcc-ed403e837c6b"",""yes_price_dollars"":""0.5400""}"
KXBTC15M-26APR271915-15,93c76654-05d2-6d42-17ea-6a63a0553cda,1777330820,0.54,1.0,no,"{""count_fp"":""1.00"",""created_time"":""2026-04-27T23:00:20.606309Z"",""no_price_dollars"":""0.4600"",""taker_side"":""no"",""ticker"":""KXBTC15M-26APR271915-15"",""trade_id"":""93c76654-05d2-6d42-17ea-6a63a0553cda"",""yes_price_dollars"":""0.5400""}"
KXBTC15M-26APR271915-15,63bddf08-ffe9-69b9-298f-ecd07f8fe5b9,1777330820,0.54,8.0,no,"{""count_fp"":""8.00"",""created_time"":""2026-04-27T23:00:20.606309Z"",""no_price_dollars"":""0.4600"",""taker_side"":""no"",""ticker"":""KXBTC15M-26APR271915-15"",""trade_id"":""63bddf08-ffe9-69b9-298f-ecd07f8fe5b9"",""yes_price_dollars"":""0.5400""}"
KXBTC15M-26APR271915-15,8c01dd11-ac1d-5e4d-eaba-cae9f2c02b0d,1777330820,0.54,5.0,no,"{""count_fp"":""5.00"",""created_time"":""2026-04-27T23:00:20.570098Z"",""no_price_dollars"":""0.4600"",""taker_side"":""no"",""ticker"":""KXBTC15M-26APR271915-15"",""trade_id"":""8c01dd11-ac1d-5e4d-eaba-cae9f2c02b0d"",""yes_price_dollars"":""0.5400""}"
KXBTC15M-26APR271915-15,91bbb0e5-81b2-7d55-d40d-a50c3f8ae9c9,1777330820,0.54,99.58,no,"{""count_fp"":""99.58"",""created_time"":""2026-04-27T23:00:20.253968Z"",""no_price_dollars"":""0.4600"",""taker_side"":""no"",""ticker"":""KXBTC15M-26APR271915-15"",""trade_id"":""91bbb0e5-81b2-7d55-d40d-a50c3f8ae9c9"",""yes_price_dollars"":""0.5400""}"
KXBTC15M-26APR271915-15,6a7bf2ea-2d92-71c5-fd3b-2a7a4cb623ba,1777330820,0.54,92.96,no,"{""count_fp"":""92.96"",""created_time"":""2026-04-27T23:00:20.253968Z"",""no_price_dollars"":""0.4600"",""taker_side"":""no"",""ticker"":""KXBTC15M-26APR271915-15"",""trade_id"":""6a7bf2ea-2d92-71c5-fd3b-2a7a4cb623ba"",""yes_price_dollars"":""0.5400""}"
KXBTC15M-26APR271915-15,50684f58-1dc6-7559-e500-006438414884,1777330820,0.54,1.0,no,"{""count_fp"":""1.00"",""created_time"":""2026-04-27T23:00:20.253968Z"",""no_price_dollars"":""0.4600"",""taker_side"":""no"",""ticker"":""KXBTC15M-26APR271915-15"",""trade_id"":""50684f58-1dc6-7559-e500-006438414884"",""yes_price_dollars"":""0.5400""}"
KXBTC15M-26APR271915-15,32a2ce22-9bd1-7335-c329-1df216d196ed,1777330820,0.54,15.46,no,"{""count_fp"":""15.46"",""created_time"":""2026-04-27T23:00:20.253968Z"",""no_price_dollars"":""0.4600"",""taker_side"":""no"",""ticker"":""KXBTC15M-26APR271915-15"",""trade_id"":""32a2ce22-9bd1-7335-c329-1df216d196ed"",""yes_price_dollars"":""0.5400""}"
KXBTC15M-26APR271915-15,2a91eed2-874e-5713-cb51-435dab762a47,1777330821,0.54,30.0,no,"{""count_fp"":""30.00"",""created_time"":""2026-04-27T23:00:21.763035Z"",""no_price_dollars"":""0.4600"",""taker_side"":""no"",""ticker"":""KXBTC15M-26APR271915-15"",""trade_id"":""2a91eed2-874e-5713-cb51-435dab762a47"",""yes_price_dollars"":""0.5400""}"
KXBTC15M-26APR271915-15,eba50dec-dbd2-4a07-135b-1687bf2a7037,1777330821,0.54,7.54,no,"{""count_fp"":""7.54"",""created_time"":""2026-04-27T23:00:21.756488Z"",""no_price_dollars"":""0.4600"",""taker_side"":""no"",""ticker"":""KXBTC15M-26APR271915-15"",""trade_id"":""eba50dec-dbd2-4a07-135b-1687bf2a7037"",""yes_price_dollars"":""0.5400""}"
KXBTC15M-26APR271915-15,a967b64b-ae7a-7acd-7421-fff5f518a666,1777330821,0.54,1.0,no,"{""count_fp"":""1.00"",""created_time"":""2026-04-27T23:00:21.528421Z"",""no_price_dollars"":""0.4600"",""taker_side"":""no"",""ticker"":""KXBTC15M-26APR271915-15"",""trade_id"":""a967b64b-ae7a-7acd-7421-fff5f518a666"",""yes_price_dollars"":""0.5400""}"
KXBTC15M-26APR271915-15,0f07c8d6-8302-79db-42ec-1ead46cfaa53,1777330821,0.54,30.42,no,"{""count_fp"":""30.42"",""created_time"":""2026-04-27T23:00:21.528421Z"",""no_price_dollars"":""0.4600"",""taker_side"":""no"",""ticker"":""KXBTC15M-26APR271915-15"",""trade_id"":""0f07c8d6-8302-79db-42ec-1ead46cfaa53"",""yes_price_dollars"":""0.5400""}"
KXBTC15M-26APR271915-15,08c183aa-f155-56f3-c04d-54ffb4e305bd,1777330821,0.56,1.68,yes,"{""count_fp"":""1.68"",""created_time"":""2026-04-27T23:00:21.459125Z"",""no_price_dollars"":""0.4400"",""taker_side"":""yes"",""ticker"":""KXBTC15M-26APR271915-15"",""trade_id"":""08c183aa-f155-56f3-c04d-54ffb4e305bd"",""yes_price_dollars"":""0.5600""}"
KXBTC15M-26APR271915-15,e334234f-2792-6297-5cf0-478e2d1c3a6f,1777330821,0.55,191.2,no,"{""count_fp"":""191.20"",""created_time"":""2026-04-27T23:00:21.294861Z"",""no_price_dollars"":""0.4500"",""taker_side"":""no"",""ticker"":""KXBTC15M-26APR271915-15"",""trade_id"":""e334234f-2792-6297-5cf0-478e2d1c3a6f"",""yes_price_dollars"":""0.5500""}"
KXBTC15M-26APR271915-15,9db98966-0177-64f2-76c1-b5792f105ec2,1777330821,0.55,113.0,no,"{""count_fp"":""113.00"",""created_time"":""2026-04-27T23:00:21.294861Z"",""no_price_dollars"":""0.4500"",""taker_side"":""no"",""ticker"":""KXBTC15M-26APR271915-15"",""trade_id"":""9db98966-0177-64f2-76c1-b5792f105ec2"",""yes_price_dollars"":""0.5500""}"
KXBTC15M-26APR271915-15,4f43d257-5071-6d52-722d-2c423f362066,1777330821,0.55,10.0,no,"{""count_fp"":""10.00"",""created_time"":""2026-04-27T23:00:21.294861Z"",""no_price_dollars"":""0.4500"",""taker_side"":""no"",""ticker"":""KXBTC15M-26APR271915-15"",""trade_id"":""4f43d257-5071-6d52-722d-2c423f362066"",""yes_price_dollars"":""0.5500""}"
KXBTC15M-26APR271915-15,e81870b9-8dc2-458f-2e05-b99963ee20bf,1777330821,0.54,20.94,no,"{""count_fp"":""20.94"",""created_time"":""2026-04-27T23:00:21.200177Z"",""no_price_dollars"":""0.4600"",""taker_side"":""no"",""ticker"":""KXBTC15M-26APR271915-15"",""trade_id"":""e81870b9-8dc2-458f-2e05-b99963ee20bf"",""yes_price_dollars"":""0.5400""}"
KXBTC15M-26APR271915-15,77264051-2e5a-64cc-cb7b-1f9af3af5825,1777330821,0.56,30.0,yes,"{""count_fp"":""30.00"",""created_time"":""2026-04-27T23:00:21.134983Z"",""no_price_dollars"":""0.4400"",""taker_side"":""yes"",""ticker"":""KXBTC15M-26APR271915-15"",""trade_id"":""77264051-2e5a-64cc-cb7b-1f9af3af5825"",""yes_price_dollars"":""0.5600""}"
KXBTC15M-26APR271915-15,211970b8-7720-6edf-e87e-f9e7bbd7a790,1777330821,0.57,3.94,yes,"{""count_fp"":""3.94"",""created_time"":""2026-04-27T23:00:21.134983Z"",""no_price_dollars"":""0.4300"",""taker_side"":""yes"",""ticker"":""KXBTC15M-26APR271915-15"",""trade_id"":""211970b8-7720-6edf-e87e-f9e7bbd7a790"",""yes_price_dollars"":""0.5700""}"
KXBTC15M-26APR271915-15,f7ba6286-b7e3-6944-920c-8d3614bcc313,1777330821,0.56,10.15,yes,"{""count_fp"":""10.15"",""created_time"":""2026-04-27T23:00:21.098067Z"",""no_price_dollars"":""0.4400"",""taker_side"":""yes"",""ticker"":""KXBTC15M-26APR271915-15"",""trade_id"":""f7ba6286-b7e3-6944-920c-8d3614bcc313"",""yes_price_dollars"":""0.5600""}"
KXBTC15M-26APR271915-15,b9aced9a-304b-6e43-bfe3-9536bff747f0,1777330821,0.56,113.0,yes,"{""count_fp"":""113.00"",""created_time"":""2026-04-27T23:00:21.098067Z"",""no_price_dollars"":""0.4400"",""taker_side"":""yes"",""ticker"":""KXBTC15M-26APR271915-15"",""trade_id"":""b9aced9a-304b-6e43-bfe3-9536bff747f0"",""yes_price_dollars"":""0.5600""}"
KXBTC15M-26APR271915-15,5ed1f7a7-f44c-65ab-96bf-3cbdc6e8bebc,1777330821,0.57,219.06,yes,"{""count_fp"":""219.06"",""created_time"":""2026-04-27T23:00:21.098067Z"",""no_price_dollars"":""0.4300"",""taker_side"":""yes"",""ticker"":""KXBTC15M-26APR271915-15"",""trade_id"":""5ed1f7a7-f44c-65ab-96bf-3cbdc6e8bebc"",""yes_price_dollars"":""0.5700""}"
KXBTC15M-26APR271915-15,e2417db6-df32-7d13-875b-3137732bc6c9,1777330821,0.56,2.0,yes,"{""count_fp"":""2.00"",""created_time"":""2026-04-27T23:00:21.083212Z"",""no_price_dollars"":""0.4400"",""taker_side"":""yes"",""ticker"":""KXBTC15M-26APR271915-15"",""trade_id"":""e2417db6-df32-7d13-875b-3137732bc6c9"",""yes_price_dollars"":""0.5600""}"
KXBTC15M-26APR271915-15,ae2d8127-7ac6-78f4-baba-b9bcc262265b,1777330821,0.55,1.0,yes,"{""count_fp"":""1.00"",""created_time"":""2026-04-27T23:00:21.083212Z"",""no_price_dollars"":""0.4500"",""taker_side"":""yes"",""ticker"":""KXBTC15M-26APR271915-15"",""trade_id"":""ae2d8127-7ac6-78f4-baba-b9bcc262265b"",""yes_price_dollars"":""0.5500""}"
KXBTC15M-26APR271915-15,8ae6bc0e-66af-7fe4-b36f-46e843012c3f,1777330821,0.56,25.85,yes,"{""count_fp"":""25.85"",""created_time"":""2026-04-27T23:00:21.083212Z"",""no_price_dollars"":""0.4400"",""taker_side"":""yes"",""ticker"":""KXBTC15M-26APR271915-15"",""trade_id"":""8ae6bc0e-66af-7fe4-b36f-46e843012c3f"",""yes_price_dollars"":""0.5600""}"
KXBTC15M-26APR271915-15,77bdc660-eb65-7484-8703-13042ad14bc0,1777330821,0.55,29.8,yes,"{""count_fp"":""29.80"",""created_time"":""2026-04-27T23:00:21.083212Z"",""no_price_dollars"":""0.4500"",""taker_side"":""yes"",""ticker"":""KXBTC15M-26APR271915-15"",""trade_id"":""77bdc660-eb65-7484-8703-13042ad14bc0"",""yes_price_dollars"":""0.5500""}"
KXBTC15M-26APR271915-15,66b2ee8b-d68b-7aa0-8522-ce98524a0f76,1777330821,0.56,3.0,yes,"{""count_fp"":""3.00"",""created_time"":""2026-04-27T23:00:21.083212Z"",""no_price_dollars"":""0.4400"",""taker_side"":""yes"",""ticker"":""KXBTC15M-26APR271915-15"",""trade_id"":""66b2ee8b-d68b-7aa0-8522-ce98524a0f76"",""yes_price_dollars"":""0.5600""}"
KXBTC15M-26APR271915-15,0a5a702b-02b8-7449-af64-fa3efc0b4de9,1777330821,0.56,50.64,yes,"{""count_fp"":""50.64"",""created_time"":""2026-04-27T23:00:21.083212Z"",""no_price_dollars"":""0.4400"",""taker_side"":""yes"",""ticker"":""KXBTC15M-26APR271915-15"",""trade_id"":""0a5a702b-02b8-7449-af64-fa3efc0b4de9"",""yes_price_dollars"":""0.5600""}"
KXBTC15M-26APR271915-15,b244aad1-6bd1-7a37-8c6a-9f1e70b92e1a,1777330822,0.53,528.08,no,"{""count_fp"":""528.08"",""created_time"":""2026-04-27T23:00:22.791081Z"",""no_price_dollars"":""0.4700"",""taker_side"":""no"",""ticker"":""KXBTC15M-26APR271915-15"",""trade_id"":""b244aad1-6bd1-7a37-8c6a-9f1e70b92e1a"",""yes_price_dollars"":""0.5300""}"
KXBTC15M-26APR271915-15,af1c3984-ffaa-761f-adf6-3d1e5e012911,1777330822,0.54,500.0,no,"{""count_fp"":""500.00"",""created_time"":""2026-04-27T23:00:22.791081Z"",""no_price_dollars"":""0.4600"",""taker_side"":""no"",""ticker"":""KXBTC15M-26APR271915-15"",""trade_id"":""af1c3984-ffaa-761f-adf6-3d1e5e012911"",""yes_price_dollars"":""0.5400""}"
KXBTC15M-26APR271915-15,4e95e2c1-0c34-7023-8f6e-11f48bcb28b8,1777330822,0.54,1.0,no,"{""count_fp"":""1.00"",""created_time"":""2026-04-27T23:00:22.791081Z"",""no_price_dollars"":""0.4600"",""taker_side"":""no"",""ticker"":""KXBTC15M-26APR271915-15"",""trade_id"":""4e95e2c1-0c34-7023-8f6e-11f48bcb28b8"",""yes_price_dollars"":""0.5400""}"
KXBTC15M-26APR271915-15,1b2403c2-206a-783c-ace4-ca7caad87f47,1777330822,0.54,7.0,no,"{""count_fp"":""7.00"",""created_time"":""2026-04-27T23:00:22.791081Z"",""no_price_dollars"":""0.4600"",""taker_side"":""no"",""ticker"":""KXBTC15M-26APR271915-15"",""trade_id"":""1b2403c2-206a-783c-ace4-ca7caad87f47"",""yes_price_dollars"":""0.5400""}"
KXBTC15M-26APR271915-15,e54295a3-3dee-7ff0-7062-99814f9a4027,1777330822,0.54,3.0,no,"{""count_fp"":""3.00"",""created_time"":""2026-04-27T23:00:22.746446Z"",""no_price_dollars"":""0.4600"",""taker_side"":""no"",""ticker"":""KXBTC15M-26APR271915-15"",""trade_id"":""e54295a3-3dee-7ff0-7062-99814f9a4027"",""yes_price_dollars"":""0.5400""}"
KXBTC15M-26APR271915-15,cfb9d622-518a-6db7-5953-06fba3b5d41d,1777330822,0.55,321.15,no,"{""count_fp"":""321.15"",""created_time"":""2026-04-27T23:00:22.648465Z"",""no_price_dollars"":""0.4500"",""taker_side"":""no"",""ticker"":""KXBTC15M-26APR271915-15"",""trade_id"":""cfb9d622-518a-6db7-5953-06fba3b5d41d"",""yes_price_dollars"":""0.5500""}"
KXBTC15M-26APR271915-15,7076c90e-49dc-6a61-68ea-1b63a12943ef,1777330822,0.55,97.79,no,"{""count_fp"":""97.79"",""created_time"":""2026-04-27T23:00:22.648465Z"",""no_price_dollars"":""0.4500"",""taker_side"":""no"",""ticker"":""KXBTC15M-26APR271915-15"",""trade_id"":""7076c90e-49dc-6a61-68ea-1b63a12943ef"",""yes_price_dollars"":""0.5500""}"
KXBTC15M-26APR271915-15,d3f5f5f2-69a4-4597-2327-f608d4ca033c,1777330822,0.57,145.43,yes,"{""count_fp"":""145.43"",""created_time"":""2026-04-27T23:00:22.483614Z"",""no_price_dollars"":""0.4300"",""taker_side"":""yes"",""ticker"":""KXBTC15M-26APR271915-15"",""trade_id"":""d3f5f5f2-69a4-4597-2327-f608d4ca033c"",""yes_price_dollars"":""0.5700""}"
KXBTC15M-26APR271915-15,9ce83189-4946-4b2c-2c4a-735a012d1d7d,1777330822,0.56,10.0,yes,"{""count_fp"":""10.00"",""created_time"":""2026-04-27T23:00:22.483614Z"",""no_price_dollars"":""0.4400"",""taker_side"":""yes"",""ticker"":""KXBTC15M-26APR271915-15"",""trade_id"":""9ce83189-4946-4b2c-2c4a-735a012d1d7d"",""yes_price_dollars"":""0.5600""}"
KXBTC15M-26APR271915-15,7052b46a-eb0c-42a3-19ee-213a9c879c57,1777330822,0.56,51.0,yes,"{""count_fp"":""51.00"",""created_time"":""2026-04-27T23:00:22.483614Z"",""no_price_dollars"":""0.4400"",""taker_side"":""yes"",""ticker"":""KXBTC15M-26APR271915-15"",""trade_id"":""7052b46a-eb0c-42a3-19ee-213a9c879c57"",""yes_price_dollars"":""0.5600""}"
KXBTC15M-26APR271915-15,6d33c6c1-7014-43e6-208c-c4798db7f103,1777330822,0.56,9.0,yes,"{""count_fp"":""9.00"",""created_time"":""2026-04-27T23:00:22.483614Z"",""no_price_dollars"":""0.4400"",""taker_side"":""yes"",""ticker"":""KXBTC15M-26APR271915-15"",""trade_id"":""6d33c6c1-7014-43e6-208c-c4798db7f103"",""yes_price_dollars"":""0.5600""}"
KXBTC15M-26APR271915-15,2c0d6a50-524e-40be-3d7f-57b43bfbca27,1777330822,0.56,3.0,yes,"{""count_fp"":""3.00"",""created_time"":""2026-04-27T23:00:22.483614Z"",""no_price_dollars"":""0.4400"",""taker_side"":""yes"",""ticker"":""KXBTC15M-26APR271915-15"",""trade_id"":""2c0d6a50-524e-40be-3d7f-57b43bfbca27"",""yes_price_dollars"":""0.5600""}"
KXBTC15M-26APR271915-15,29468b88-f445-4259-3b5a-015e33b6092f,1777330822,0.56,113.0,yes,"{""count_fp"":""113.00"",""created_time"":""2026-04-27T23:00:22.483614Z"",""no_price_dollars"":""0.4400"",""taker_side"":""yes"",""ticker"":""KXBTC15M-26APR271915-15"",""trade_id"":""29468b88-f445-4259-3b5a-015e33b6092f"",""yes_price_dollars"":""0.5600""}"
KXBTC15M-26APR271915-15,164c0f67-14b3-46ab-01a6-f7e36e190932,1777330822,0.56,11.74,yes,"{""count_fp"":""11.74"",""created_time"":""2026-04-27T23:00:22.483614Z"",""no_price_dollars"":""0.4400"",""taker_side"":""yes"",""ticker"":""KXBTC15M-26APR271915-15"",""trade_id"":""164c0f67-14b3-46ab-01a6-f7e36e190932"",""yes_price_dollars"":""0.5600""}"
KXBTC15M-26APR271915-15,fc949146-bffe-55c3-8ae4-ffb6f640f8dd,1777330822,0.55,30.0,no,"{""count_fp"":""30.00"",""created_time"":""2026-04-27T23:00:22.398361Z"",""no_price_dollars"":""0.4500"",""taker_side"":""no"",""ticker"":""KXBTC15M-26APR271915-15"",""trade_id"":""fc949146-bffe-55c3-8ae4-ffb6f640f8dd"",""yes_price_dollars"":""0.5500""}"
KXBTC15M-26APR271915-15,ce958eb0-9172-7843-d6ad-bb46f45820a9,1777330822,0.55,40.89,no,"{""count_fp"":""40.89"",""created_time"":""2026-04-27T23:00:22.393416Z"",""no_price_dollars"":""0.4500"",""taker_side"":""no"",""ticker"":""KXBTC15M-26APR271915-15"",""trade_id"":""ce958eb0-9172-7843-d6ad-bb46f45820a9"",""yes_price_dollars"":""0.5500""}"
KXBTC15M-26APR271915-15,89ea4e48-ecc5-7849-c870-7702ddede1dd,1777330822,0.55,1.0,no,"{""count_fp"":""1.00"",""created_time"":""2026-04-27T23:00:22.393416Z"",""no_price_dollars"":""0.4500"",""taker_side"":""no"",""ticker"":""KXBTC15M-26APR271915-15"",""trade_id"":""89ea4e48-ecc5-7849-c870-7702ddede1dd"",""yes_price_dollars"":""0.5500""}"
KXBTC15M-26APR271915-15,6f4e882e-8711-77f9-efb6-d255c7fefe3d,1777330822,0.55,9.0,no,"{""count_fp"":""9.00"",""created_time"":""2026-04-27T23:00:22.287096Z"",""no_price_dollars"":""0.4500"",""taker_side"":""no"",""ticker"":""KXBTC15M-26APR271915-15"",""trade_id"":""6f4e882e-8711-77f9-efb6-d255c7fefe3d"",""yes_price_dollars"":""0.5500""}"
KXBTC15M-26APR271915-15,f8cc79d6-dd22-4a33-9d4d-c8acf40633cf,1777330822,0.55,414.89,no,"{""count_fp"":""414.89"",""created_time"":""2026-04-27T23:00:22.241206Z"",""no_price_dollars"":""0.4500"",""taker_side"":""no"",""ticker"":""KXBTC15M-26APR271915-15"",""trade_id"":""f8cc79d6-dd22-4a33-9d4d-c8acf40633cf"",""yes_price_dollars"":""0.5500""}"
KXBTC15M-26APR271915-15,d4e24f4a-9cda-49ca-835b-081a6d46e226,1777330822,0.55,25.0,no,"{""count_fp"":""25.00"",""created_time"":""2026-04-27T23:00:22.241206Z"",""no_price_dollars"":""0.4500"",""taker_side"":""no"",""ticker"":""KXBTC15M-26APR271915-15"",""trade_id"":""d4e24f4a-9cda-49ca-835b-081a6d46e226"",""yes_price_dollars"":""0.5500""}"
KXBTC15M-26APR271915-15,7e2593ea-de95-7994-f35c-51eea13a9993,1777330823,0.54,3.0,no,"{""count_fp"":""3.00"",""created_time"":""2026-04-27T23:00:23.996003Z"",""no_price_dollars"":""0.4600"",""taker_side"":""no"",""ticker"":""KXBTC15M-26APR271915-15"",""trade_id"":""7e2593ea-de95-7994-f35c-51eea13a9993"",""yes_price_dollars"":""0.5400""}"
KXBTC15M-26APR271915-15,79836de4-ca59-7e4b-ed9c-5ef0f08accde,1777330823,0.53,70.27,no,"{""count_fp"":""70.27"",""created_time"":""2026-04-27T23:00:23.996003Z"",""no_price_dollars"":""0.4700"",""taker_side"":""no"",""ticker"":""KXBTC15M-26APR271915-15"",""trade_id"":""79836de4-ca59-7e4b-ed9c-5ef0f08accde"",""yes_price_dollars"":""0.5300""}"
KXBTC15M-26APR271915-15,32dbd96c-1f22-77c8-fbcc-31be82026c37,1777330823,0.55,10.0,no,"{""count_fp"":""10.00"",""created_time"":""2026-04-27T23:00:23.996003Z"",""no_price_dollars"":""0.4500"",""taker_side"":""no"",""ticker"":""KXBTC15M-26APR271915-15"",""trade_id"":""32dbd96c-1f22-77c8-fbcc-31be82026c37"",""yes_price_dollars"":""0.5500""}"
KXBTC15M-26APR271915-15,31832d7f-03e7-7272-d1c3-b15406e31aee,1777330823,0.55,20.0,no,"{""count_fp"":""20.00"",""created_time"":""2026-04-27T23:00:23.996003Z"",""no_price_dollars"":""0.4500"",""taker_side"":""no"",""ticker"":""KXBTC15M-26APR271915-15"",""trade_id"":""31832d7f-03e7-7272-d1c3-b15406e31aee"",""yes_price_dollars"":""0.5500""}"
KXBTC15M-26APR271915-15,2d2501e6-8bce-7020-cd16-c4027871a63e,1777330823,0.55,500.0,no,"{""count_fp"":""500.00"",""created_time"":""2026-04-27T23:00:23.996003Z"",""no_price_dollars"":""0.4500"",""taker_side"":""no"",""ticker"":""KXBTC15M-26APR271915-15"",""trade_id"":""2d2501e6-8bce-7020-cd16-c4027871a63e"",""yes_price_dollars"":""0.5500""}"
KXBTC15M-26APR271915-15,178a14ae-ae99-7eff-e46f-107a7c14dafa,1777330823,0.55,2.19,no,"{""count_fp"":""2.19"",""created_time"":""2026-04-27T23:00:23.996003Z"",""no_price_dollars"":""0.4500"",""taker_side"":""no"",""ticker"":""KXBTC15M-26APR271915-15"",""trade_id"":""178a14ae-ae99-7eff-e46f-107a7c14dafa"",""yes_price_dollars"":""0.5500""}"
KXBTC15M-26APR271915-15,10b2ee5a-c29e-705c-e206-879ea3ff10aa,1777330823,0.55,10.0,no,"{""count_fp"":""10.00"",""created_time"":""2026-04-27T23:00:23.996003Z"",""no_price_dollars"":""0.4500"",""taker_side"":""no"",""ticker"":""KXBTC15M-26APR271915-15"",""trade_id"":""10b2ee5a-c29e-705c-e206-879ea3ff10aa"",""yes_price_dollars"":""0.5500""}"
KXBTC15M-26APR271915-15,78b91d5b-5ca1-7dcd-6df1-6dd33ce9e452,1777330823,0.56,3.0,yes,"{""count_fp"":""3.00"",""created_time"":""2026-04-27T23:00:23.863656Z"",""no_price_dollars"":""0.4400"",""taker_side"":""yes"",""ticker"":""KXBTC15M-26APR271915-15"",""trade_id"":""78b91d5b-5ca1-7dcd-6df1-6dd33ce9e452"",""yes_price_dollars"":""0.5600""}"
KXBTC15M-26APR271915-15,625b090b-511c-7711-746c-23ac46c5a6b4,1777330823,0.56,2.19,yes,"{""count_fp"":""2.19"",""created_time"":""2026-04-27T23:00:23.863656Z"",""no_price_dollars"":""0.4400"",""taker_side"":""yes"",""ticker"":""KXBTC15M-26APR271915-15"",""trade_id"":""625b090b-511c-7711-746c-23ac46c5a6b4"",""yes_price_dollars"":""0.5600""}"
KXBTC15M-26APR271915-15,ae25267d-df3b-5f32-3548-4cbf91d3551f,1777330823,0.54,3.0,no,"{""count_fp"":""3.00"",""created_time"":""2026-04-27T23:00:23.530819Z"",""no_price_dollars"":""0.4600"",""taker_side"":""no"",""ticker"":""KXBTC15M-26APR271915-15"",""trade_id"":""ae25267d-df3b-5f32-3548-4cbf91d3551f"",""yes_price_dollars"":""0.5400""}"
KXBTC15M-26APR271915-15,7aae4fc6-798e-5c68-22ee-b3ec1c22ab42,1777330823,0.54,27.0,no,"{""count_fp"":""27.00"",""created_time"":""2026-04-27T23:00:23.530819Z"",""no_price_dollars"":""0.4600"",""taker_side"":""no"",""ticker"":""KXBTC15M-26APR271915-15"",""trade_id"":""7aae4fc6-798e-5c68-22ee-b3ec1c22ab42"",""yes_price_dollars"":""0.5400""}"
KXBTC15M-26APR271915-15,f1cb7c3c-cf1f-7402-9999-7de88052e90c,1777330823,0.56,3.0,yes,"{""count_fp"":""3.00"",""created_time"":""2026-04-27T23:00:23.234838Z"",""no_price_dollars"":""0.4400"",""taker_side"":""yes"",""ticker"":""KXBTC15M-26APR271915-15"",""trade_id"":""f1cb7c3c-cf1f-7402-9999-7de88052e90c"",""yes_price_dollars"":""0.5600""}"
KXBTC15M-26APR271915-15,dca19c94-0f45-7220-ade3-333402162fc2,1777330823,0.56,1.0,yes,"{""count_fp"":""1.00"",""created_time"":""2026-04-27T23:00:23.234838Z"",""no_price_dollars"":""0.4400"",""taker_side"":""yes"",""ticker"":""KXBTC15M-26APR271915-15"",""trade_id"":""dca19c94-0f45-7220-ade3-333402162fc2"",""yes_price_dollars"":""0.5600""}"
KXBTC15M-26APR271915-15,31b9e6d8-9434-7f98-ae2b-ef1315c8db76,1777330823,0.56,11.74,yes,"{""count_fp"":""11.74"",""created_time"":""2026-04-27T23:00:23.234838Z"",""no_price_dollars"":""0.4400"",""taker_side"":""yes"",""ticker"":""KXBTC15M-26APR271915-15"",""trade_id"":""31b9e6d8-9434-7f98-ae2b-ef1315c8db76"",""yes_price_dollars"":""0.5600""}"
KXBTC15M-26APR271915-15,2f270a53-b38d-7063-b415-85a7d84b6bdf,1777330823,0.56,1.58,yes,"{""count_fp"":""1.58"",""created_time"":""2026-04-27T23:00:23.234838Z"",""no_price_dollars"":""0.4400"",""taker_side"":""yes"",""ticker"":""KXBTC15M-26APR271915-15"",""trade_id"":""2f270a53-b38d-7063-b415-85a7d84b6bdf"",""yes_price_dollars"":""0.5600""}"
KXBTC15M-26APR271915-15,6142c511-ae60-551e-4abb-c492617353af,1777330824,0.55,23.02,no,"{""count_fp"":""23.02"",""created_time"":""2026-04-27T23:00:24.986191Z"",""no_price_dollars"":""0.4500"",""taker_side"":""no"",""ticker"":""KXBTC15M-26APR271915-15"",""trade_id"":""6142c511-ae60-551e-4abb-c492617353af"",""yes_price_dollars"":""0.5500""}"
KXBTC15M-26APR271915-15,6a789c10-4828-7f8e-360a-333d5ac18537,1777330824,0.55,41.03,no,"{""count_fp"":""41.03"",""created_time"":""2026-04-27T23:00:24.980643Z"",""no_price_dollars"":""0.4500"",""taker_side"":""no"",""ticker"":""KXBTC15M-26APR271915-15"",""trade_id"":""6a789c10-4828-7f8e-360a-333d5ac18537"",""yes_price_dollars"":""0.5500""}"
KXBTC15M-26APR271915-15,efaed9c6-90cc-441a-f93d-782e812dcf07,1777330824,0.55,82.06,no,"{""count_fp"":""82.06"",""created_time"":""2026-04-27T23:00:24.967182Z"",""no_price_dollars"":""0.4500"",""taker_side"":""no"",""ticker"":""KXBTC15M-26APR271915-15"",""trade_id"":""efaed9c6-90cc-441a-f93d-782e812dcf07"",""yes_price_dollars"":""0.5500""}"
KXBTC15M-26APR271915-15,beeb0d9f-ad6a-6a83-3405-7d3bd0edd9a3,1777330824,0.56,8.0,yes,"{""count_fp"":""8.00"",""created_time"":""2026-04-27T23:00:24.744552Z"",""no_price_dollars"":""0.4400"",""taker_side"":""yes"",""ticker"":""KXBTC15M-26APR271915-15"",""trade_id"":""beeb0d9f-ad6a-6a83-3405-7d3bd0edd9a3"",""yes_price_dollars"":""0.5600""}"
KXBTC15M-26APR271915-15,29b22735-fc72-4bda-7527-b5d851ae4656,1777330824,0.56,86.61,yes,"{""count_fp"":""86.61"",""created_time"":""2026-04-27T23:00:24.633136Z"",""no_price_dollars"":""0.4400"",""taker_side"":""yes"",""ticker"":""KXBTC15M-26APR271915-15"",""trade_id"":""29b22735-fc72-4bda-7527-b5d851ae4656"",""yes_price_dollars"":""0.5600""}"
KXBTC15M-26APR271915-15,c8125be3-8d85-5794-3110-3f0bc5a26988,1777330824,0.56,0.84,yes,"{""count_fp"":""0.84"",""created_time"":""2026-04-27T23:00:24.553637Z"",""no_price_dollars"":""0.4400"",""taker_side"":""yes"",""ticker"":""KXBTC15M-26APR271915-15"",""trade_id"":""c8125be3-8d85-5794-3110-3f0bc5a26988"",""yes_price_dollars"":""0.5600""}"
KXBTC15M-26APR271915-15,999b2ea8-40e2-51ee-33a3-15ed02ea343a,1777330824,0.56,7.76,yes,"{""count_fp"":""7.76"",""created_time"":""2026-04-27T23:00:24.553637Z"",""no_price_dollars"":""0.4400"",""taker_side"":""yes"",""ticker"":""KXBTC15M-26APR271915-15"",""trade_id"":""999b2ea8-40e2-51ee-33a3-15ed02ea343a"",""yes_price_dollars"":""0.5600""}"
KXBTC15M-26APR271915-15,f4d4caea-b35d-6c0e-0ebf-c6e7c92e269a,1777330824,0.56,29.81,yes,"{""count_fp"":""29.81"",""created_time"":""2026-04-27T23:00:24.494608Z"",""no_price_dollars"":""0.4400"",""taker_side"":""yes"",""ticker"":""KXBTC15M-26APR271915-15"",""trade_id"":""f4d4caea-b35d-6c0e-0ebf-c6e7c92e269a"",""yes_price_dollars"":""0.5600""}"
KXBTC15M-26APR271915-15,981e3641-dcc6-6459-1203-f372bac062c2,1777330824,0.56,3.0,yes,"{""count_fp"":""3.00"",""created_time"":""2026-04-27T23:00:24.494608Z"",""no_price_dollars"":""0.4400"",""taker_side"":""yes"",""ticker"":""KXBTC15M-26APR271915-15"",""trade_id"":""981e3641-dcc6-6459-1203-f372bac062c2"",""yes_price_dollars"":""0.5600""}"
KXBTC15M-26APR271915-15,851d7fed-f159-6928-13b5-c59fd16d4250,1777330824,0.56,19.16,yes,"{""count_fp"":""19.16"",""created_time"":""2026-04-27T23:00:24.494608Z"",""no_price_dollars"":""0.4400"",""taker_side"":""yes"",""ticker"":""KXBTC15M-26APR271915-15"",""trade_id"":""851d7fed-f159-6928-13b5-c59fd16d4250"",""yes_price_dollars"":""0.5600""}"
KXBTC15M-26APR271915-15,82867c3c-5bf1-73be-a1b4-43f0a15ced4a,1777330824,0.56,3.46,yes,"{""count_fp"":""3.46"",""created_time"":""2026-04-27T23:00:24.413025Z"",""no_price_dollars"":""0.4400"",""taker_side"":""yes"",""ticker"":""KXBTC15M-26APR271915-15"",""trade_id"":""82867c3c-5bf1-73be-a1b4-43f0a15ced4a"",""yes_price_dollars"":""0.5600""}"
KXBTC15M-26APR271915-15,890d7f6c-7bc5-501a-2054-776d6cb1d9ba,1777330824,0.56,1.73,yes,"{""count_fp"":""1.73"",""created_time"":""2026-04-27T23:00:24.349591Z"",""no_price_dollars"":""0.4400"",""taker_side"":""yes"",""ticker"":""KXBTC15M-26APR271915-15"",""trade_id"":""890d7f6c-7bc5-501a-2054-776d6cb1d9ba"",""yes_price_dollars"":""0.5600""}"
KXBTC15M-26APR271915-15,4fb28f88-1369-6788-59e5-05c6f693bf70,1777330824,0.54,1.0,no,"{""count_fp"":""1.00"",""created_time"":""2026-04-27T23:00:24.038974Z"",""no_price_dollars"":""0.4600"",""taker_side"":""no"",""ticker"":""KXBTC15M-26APR271915-15"",""trade_id"":""4fb28f88-1369-6788-59e5-05c6f693bf70"",""yes_price_dollars"":""0.5400""}"
KXBTC15M-26APR271915-15,b09cf124-3d4c-55dd-ac34-ceee609082d8,1777330824,0.56,31.18,yes,"{""count_fp"":""31.18"",""created_time"":""2026-04-27T23:00:24.011477Z"",""no_price_dollars"":""0.4400"",""taker_side"":""yes"",""ticker"":""KXBTC15M-26APR271915-15"",""trade_id"":""b09cf124-3d4c-55dd-ac34-ceee609082d8"",""yes_price_dollars"":""0.5600""}"
KXBTC15M-26APR271915-15,299ceb36-01cc-7195-3747-5de3c56caddf,1777330825,0.56,16.0,yes,"{""count_fp"":""16.00"",""created_time"":""2026-04-27T23:00:25.886383Z"",""no_price_dollars"":""0.4400"",""taker_side"":""yes"",""ticker"":""KXBTC15M-26APR271915-15"",""trade_id"":""299ceb36-01cc-7195-3747-5de3c56caddf"",""yes_price_dollars"":""0.5600""}"
KXBTC15M-26APR271915-15,26fb5c4a-594a-77e4-3c3c-9b41257b11e1,1777330825,0.56,10.0,yes,"{""count_fp"":""10.00"",""created_time"":""2026-04-27T23:00:25.886383Z"",""no_price_dollars"":""0.4400"",""taker_side"":""yes"",""ticker"":""KXBTC15M-26APR271915-15"",""trade_id"":""26fb5c4a-594a-77e4-3c3c-9b41257b11e1"",""yes_price_dollars"":""0.5600""}"
KXBTC15M-26APR271915-15,ed1dfe11-2fcd-737f-b53f-35ea297e78da,1777330825,0.53,23.59,no,"{""count_fp"":""23.59"",""created_time"":""2026-04-27T23:00:25.615426Z"",""no_price_dollars"":""0.4700"",""taker_side"":""no"",""ticker"":""KXBTC15M-26APR271915-15"",""trade_id"":""ed1dfe11-2fcd-737f-b53f-35ea297e78da"",""yes_price_dollars"":""0.5300""}"
KXBTC15M-26APR271915-15,861d21f4-9086-700a-ba6f-c23de7fcfa03,1777330825,0.55,23.0,no,"{""count_fp"":""23.00"",""created_time"":""2026-04-27T23:00:25.615426Z"",""no_price_dollars"":""0.4500"",""taker_side"":""no"",""ticker"":""KXBTC15M-26APR271915-15"",""trade_id"":""861d21f4-9086-700a-ba6f-c23de7fcfa03"",""yes_price_dollars"":""0.5500""}"
KXBTC15M-26APR271915-15,66612bb0-63d6-7e14-96d7-336dd5764dff,1777330825,0.54,3.0,no,"{""count_fp"":""3.00"",""created_time"":""2026-04-27T23:00:25.615426Z"",""no_price_dollars"":""0.4600"",""taker_side"":""no"",""ticker"":""KXBTC15M-26APR271915-15"",""trade_id"":""66612bb0-63d6-7e14-96d7-336dd5764dff"",""yes_price_dollars"":""0.5400""}"
KXBTC15M-26APR271915-15,4f327061-bd8c-7d03-ba45-ec363b076179,1777330825,0.55,10.0,no,"{""count_fp"":""10.00"",""created_time"":""2026-04-27T23:00:25.615426Z"",""no_price_dollars"":""0.4500"",""taker_side"":""no"",""ticker"":""KXBTC15M-26APR271915-15"",""trade_id"":""4f327061-bd8c-7d03-ba45-ec363b076179"",""yes_price_dollars"":""0.5500""}"
KXBTC15M-26APR271915-15,19b0368f-71dd-78ba-b10e-fe9bef37d82e,1777330825,0.55,151.1,no,"{""count_fp"":""151.10"",""created_time"":""2026-04-27T23:00:25.615426Z"",""no_price_dollars"":""0.4500"",""taker_side"":""no"",""ticker"":""KXBTC15M-26APR271915-15"",""trade_id"":""19b0368f-71dd-78ba-b10e-fe9bef37d82e"",""yes_price_dollars"":""0.5500""}"
KXBTC15M-26APR271915-15,fbfd1a17-b595-66cb-3ccc-8f18bab098b6,1777330825,0.56,97.0,yes,"{""count_fp"":""97.00"",""created_time"":""2026-04-27T23:00:25.531255Z"",""no_price_dollars"":""0.4400"",""taker_side"":""yes"",""ticker"":""KXBTC15M-26APR271915-15"",""trade_id"":""fbfd1a17-b595-66cb-3ccc-8f18bab098b6"",""yes_price_dollars"":""0.5600""}"
KXBTC15M-26APR271915-15,83f02540-90a4-6538-3f8e-7649ce1f722c,1777330825,0.56,3.0,yes,"{""count_fp"":""3.00"",""created_time"":""2026-04-27T23:00:25.531255Z"",""no_price_dollars"":""0.4400"",""taker_side"":""yes"",""ticker"":""KXBTC15M-26APR271915-15"",""trade_id"":""83f02540-90a4-6538-3f8e-7649ce1f722c"",""yes_price_dollars"":""0.5600""}"
KXBTC15M-26APR271915-15,29598e23-6d0d-55ba-70ba-cbf67e5a313e,1777330825,0.55,30.0,no,"{""count_fp"":""30.00"",""created_time"":""2026-04-27T23:00:25.320228Z"",""no_price_dollars"":""0.4500"",""taker_side"":""no"",""ticker"":""KXBTC15M-26APR271915-15"",""trade_id"":""29598e23-6d0d-55ba-70ba-cbf67e5a313e"",""yes_price_dollars"":""0.5500""}"
KXBTC15M-26APR271915-15,ee49fd12-d200-5150-a366-e8613656eb7d,1777330825,0.56,10.0,yes,"{""count_fp"":""10.00"",""created_time"":""2026-04-27T23:00:25.141696Z"",""no_price_dollars"":""0.4400"",""taker_side"":""yes"",""ticker"":""KXBTC15M-26APR271915-15"",""trade_id"":""ee49fd12-d200-5150-a366-e8613656eb7d"",""yes_price_dollars"":""0.5600""}"
KXBTC15M-26APR271915-15,278eb84f-5d5d-5dea-d1fc-f2eb0dfbadde,1777330825,0.55,42.79,no,"{""count_fp"":""42.79"",""created_time"":""2026-04-27T23:00:25.131024Z"",""no_price_dollars"":""0.4500"",""taker_side"":""no"",""ticker"":""KXBTC15M-26APR271915-15"",""trade_id"":""278eb84f-5d5d-5dea-d1fc-f2eb0dfbadde"",""yes_price_dollars"":""0.5500""}"
KXBTC15M-26APR271915-15,8838a618-72c4-5d90-7f9d-332575942699,1777330825,0.56,1.99,yes,"{""count_fp"":""1.99"",""created_time"":""2026-04-27T23:00:25.092891Z"",""no_price_dollars"":""0.4400"",""taker_side"":""yes"",""ticker"":""KXBTC15M-26APR271915-15"",""trade_id"":""8838a618-72c4-5d90-7f9d-332575942699"",""yes_price_dollars"":""0.5600""}"
KXBTC15M-26APR271915-15,775526be-a49d-7636-5098-f90307fa3a6e,1777330825,0.55,276.11,no,"{""count_fp"":""276.11"",""created_time"":""2026-04-27T23:00:25.031059Z"",""no_price_dollars"":""0.4500"",""taker_side"":""no"",""ticker"":""KXBTC15M-26APR271915-15"",""trade_id"":""775526be-a49d-7636-5098-f90307fa3a6e"",""yes_price_dollars"":""0.5500""}"
KXBTC15M-26APR271915-15,2b762f53-ece0-7a96-7a7f-a30e039ff65b,1777330825,0.55,123.89,no,"{""count_fp"":""123.89"",""created_time"":""2026-04-27T23:00:25.031059Z"",""no_price_dollars"":""0.4500"",""taker_side"":""no"",""ticker"":""KXBTC15M-26APR271915-15"",""trade_id"":""2b762f53-ece0-7a96-7a7f-a30e039ff65b"",""yes_price_dollars"":""0.5500""}"
KXBTC15M-26APR271915-15,f7c63a95-6a54-6cf8-9f7b-7c90f9403fc5,1777330825,0.56,2.92,yes,"{""count_fp"":""2.92"",""created_time"":""2026-04-27T23:00:25.029077Z"",""no_price_dollars"":""0.4400"",""taker_side"":""yes"",""ticker"":""KXBTC15M-26APR271915-15"",""trade_id"":""f7c63a95-6a54-6cf8-9f7b-7c90f9403fc5"",""yes_price_dollars"":""0.5600""}"
KXBTC15M-26APR271915-15,d70eb359-32be-6ec2-a9e6-d0175ee44ca9,1777330825,0.56,3.0,yes,"{""count_fp"":""3.00"",""created_time"":""2026-04-27T23:00:25.029077Z"",""no_price_dollars"":""0.4400"",""taker_side"":""yes"",""ticker"":""KXBTC15M-26APR271915-15"",""trade_id"":""d70eb359-32be-6ec2-a9e6-d0175ee44ca9"",""yes_price_dollars"":""0.5600""}"
KXBTC15M-26APR271915-15,871ed341-7b5a-6d53-80f1-96e93a27c7eb,1777330825,0.56,1.0,yes,"{""count_fp"":""1.00"",""created_time"":""2026-04-27T23:00:25.029077Z"",""no_price_dollars"":""0.4400"",""taker_side"":""yes"",""ticker"":""KXBTC15M-26APR271915-15"",""trade_id"":""871ed341-7b5a-6d53-80f1-96e93a27c7eb"",""yes_price_dollars"":""0.5600""}"
KXBTC15M-26APR271915-15,a9c30e7b-9c64-4b0c-db78-1e40d3318862,1777330826,0.56,5.19,yes,"{""count_fp"":""5.19"",""created_time"":""2026-04-27T23:00:26.992517Z"",""no_price_dollars"":""0.4400"",""taker_side"":""yes"",""ticker"":""KXBTC15M-26APR271915-15"",""trade_id"":""a9c30e7b-9c64-4b0c-db78-1e40d3318862"",""yes_price_dollars"":""0.5600""}"
KXBTC15M-26APR271915-15,420db0ba-8646-77b0-e810-3a7d20ae3c8c,1777330826,0.54,1.0,no,"{""count_fp"":""1.00"",""created_time"":""2026-04-27T23:00:26.989903Z"",""no_price_dollars"":""0.4600"",""taker_side"":""no"",""ticker"":""KXBTC15M-26APR271915-15"",""trade_id"":""420db0ba-8646-77b0-e810-3a7d20ae3c8c"",""yes_price_dollars"":""0.5400""}"
KXBTC15M-26APR271915-15,0d1214f0-d45c-5161-c632-b08963cdd8eb,1777330826,0.56,34.46,yes,"{""count_fp"":""34.46"",""created_time"":""2026-04-27T23:00:26.339319Z"",""no_price_dollars"":""0.4400"",""taker_side"":""yes"",""ticker"":""KXBTC15M-26APR271915-15"",""trade_id"":""0d1214f0-d45c-5161-c632-b08963cdd8eb"",""yes_price_dollars"":""0.5600""}"
KXBTC15M-26APR271915-15,9293b15e-fb6c-5461-922d-e544cf27cb97,1777330826,0.56,17.32,yes,"{""count_fp"":""17.32"",""created_time"":""2026-04-27T23:00:26.303954Z"",""no_price_dollars"":""0.4400"",""taker_side"":""yes"",""ticker"":""KXBTC15M-26APR271915-15"",""trade_id"":""9293b15e-fb6c-5461-922d-e544cf27cb97"",""yes_price_dollars"":""0.5600""}"
KXBTC15M-26APR271915-15,38336f7b-e8d8-6c2d-d04d-6c9f0c55442f,1777330826,0.56,0.84,yes,"{""count_fp"":""0.84"",""created_time"":""2026-04-27T23:00:26.263899Z"",""no_price_dollars"":""0.4400"",""taker_side"":""yes"",""ticker"":""KXBTC15M-26APR271915-15"",""trade_id"":""38336f7b-e8d8-6c2d-d04d-6c9f0c55442f"",""yes_price_dollars"":""0.5600""}"
KXBTC15M-26APR271915-15,08f15956-a816-7503-cbbf-f7e86d215849,1777330826,0.54,10.0,no,"{""count_fp"":""10.00"",""created_time"":""2026-04-27T23:00:26.139387Z"",""no_price_dollars"":""0.4600"",""taker_side"":""no"",""ticker"":""KXBTC15M-26APR271915-15"",""trade_id"":""08f15956-a816-7503-cbbf-f7e86d215849"",""yes_price_dollars"":""0.5400""}"
KXBTC15M-26APR271915-15,04029865-b162-7924-c5ea-7e093006f318,1777330826,0.54,0.47,no,"{""count_fp"":""0.47"",""created_time"":""2026-04-27T23:00:26.139387Z"",""no_price_dollars"":""0.4600"",""taker_side"":""no"",""ticker"":""KXBTC15M-26APR271915-15"",""trade_id"":""04029865-b162-7924-c5ea-7e093006f318"",""yes_price_dollars"":""0.5400""}"
KXBTC15M-26APR271915-15,ab6b50da-4607-7b78-105c-3e72ed45f205,1777330827,0.54,5.0,no,"{""count_fp"":""5.00"",""created_time"":""2026-04-27T23:00:27.869749Z"",""no_price_dollars"":""0.4600"",""taker_side"":""no"",""ticker"":""KXBTC15M-26APR271915-15"",""trade_id"":""ab6b50da-4607-7b78-105c-3e72ed45f205"",""yes_price_dollars"":""0.5400""}"
