ticker,trade_id,ts,yes_price,count,taker_side,raw_json
KXBTC15M-26APR281200-00,b1fbf2fb-23c2-46dd-e6e5-0f670517ea80,1777391100,0.5,46.0,yes,"{""count_fp"":""46.00"",""created_time"":""2026-04-28T15:45:00.843527Z"",""no_price_dollars"":""0.5000"",""taker_side"":""yes"",""ticker"":""KXBTC15M-26APR281200-00"",""trade_id"":""b1fbf2fb-23c2-46dd-e6e5-0f670517ea80"",""yes_price_dollars"":""0.5000""}"
KXBTC15M-26APR281200-00,3d028454-a51b-4dfa-d6ed-518d99ffc03d,1777391100,0.5,2.0,yes,"{""count_fp"":""2.00"",""created_time"":""2026-04-28T15:45:00.843527Z"",""no_price_dollars"":""0.5000"",""taker_side"":""yes"",""ticker"":""KXBTC15M-26APR281200-00"",""trade_id"":""3d028454-a51b-4dfa-d6ed-518d99ffc03d"",""yes_price_dollars"":""0.5000""}"
KXBTC15M-26APR281200-00,9978ed18-f5d3-6dc0-e42e-5ed9522d2bfb,1777391101,0.51,15.6,no,"{""count_fp"":""15.60"",""created_time"":""2026-04-28T15:45:01.815214Z"",""no_price_dollars"":""0.4900"",""taker_side"":""no"",""ticker"":""KXBTC15M-26APR281200-00"",""trade_id"":""9978ed18-f5d3-6dc0-e42e-5ed9522d2bfb"",""yes_price_dollars"":""0.5100""}"
KXBTC15M-26APR281200-00,12ee396f-f3e0-63f5-dbd6-40e18938a0ea,1777391101,0.48,200.0,no,"{""count_fp"":""200.00"",""created_time"":""2026-04-28T15:45:01.164658Z"",""no_price_dollars"":""0.5200"",""taker_side"":""no"",""ticker"":""KXBTC15M-26APR281200-00"",""trade_id"":""12ee396f-f3e0-63f5-dbd6-40e18938a0ea"",""yes_price_dollars"":""0.4800""}"
KXBTC15M-26APR281200-00,2d1d06a0-3d12-5b17-bb5b-ee29cc8c78bc,1777391104,0.5,1.0,no,"{""count_fp"":""1.00"",""created_time"":""2026-04-28T15:45:04.266623Z"",""no_price_dollars"":""0.5000"",""taker_side"":""no"",""ticker"":""KXBTC15M-26APR281200-00"",""trade_id"":""2d1d06a0-3d12-5b17-bb5b-ee29cc8c78bc"",""yes_price_dollars"":""0.5000""}"
KXBTC15M-26APR281200-00,8e0dcecf-2767-7d9b-77da-d7423c43981f,1777391104,0.51,1.0,yes,"{""count_fp"":""1.00"",""created_time"":""2026-04-28T15:45:04.209155Z"",""no_price_dollars"":""0.4900"",""taker_side"":""yes"",""ticker"":""KXBTC15M-26APR281200-00"",""trade_id"":""8e0dcecf-2767-7d9b-77da-d7423c43981f"",""yes_price_dollars"":""0.5100""}"
KXBTC15M-26APR281200-00,cd77229b-6020-7dae-2595-1a8969561afc,1777391105,0.51,28.31,yes,"{""count_fp"":""28.31"",""created_time"":""2026-04-28T15:45:05.588078Z"",""no_price_dollars"":""0.4900"",""taker_side"":""yes"",""ticker"":""KXBTC15M-26APR281200-00"",""trade_id"":""cd77229b-6020-7dae-2595-1a8969561afc"",""yes_price_dollars"":""0.5100""}"
KXBTC15M-26APR281200-00,c69285fd-e98c-75cb-0b3e-81512a9137f0,1777391105,0.5,4.0,yes,"{""count_fp"":""4.00"",""created_time"":""2026-04-28T15:45:05.588078Z"",""no_price_dollars"":""0.5000"",""taker_side"":""yes"",""ticker"":""KXBTC15M-26APR281200-00"",""trade_id"":""c69285fd-e98c-75cb-0b3e-81512a9137f0"",""yes_price_dollars"":""0.5000""}"
KXBTC15M-26APR281200-00,c61f1528-de87-793a-3c22-1757fb85dd46,1777391105,0.5,48.0,yes,"{""count_fp"":""48.00"",""created_time"":""2026-04-28T15:45:05.588078Z"",""no_price_dollars"":""0.5000"",""taker_side"":""yes"",""ticker"":""KXBTC15M-26APR281200-00"",""trade_id"":""c61f1528-de87-793a-3c22-1757fb85dd46"",""yes_price_dollars"":""0.5000""}"
KXBTC15M-26APR281200-00,678a9d31-60c8-79fb-010b-1d56d0476cf9,1777391105,0.5,8.0,yes,"{""count_fp"":""8.00"",""created_time"":""2026-04-28T15:45:05.588078Z"",""no_price_dollars"":""0.5000"",""taker_side"":""yes"",""ticker"":""KXBTC15M-26APR281200-00"",""trade_id"":""678a9d31-60c8-79fb-010b-1d56d0476cf9"",""yes_price_dollars"":""0.5000""}"
KXBTC15M-26APR281200-00,592b3ef8-6d23-7340-2179-5bc199a9397b,1777391105,0.5,4.0,yes,"{""count_fp"":""4.00"",""created_time"":""2026-04-28T15:45:05.588078Z"",""no_price_dollars"":""0.5000"",""taker_side"":""yes"",""ticker"":""KXBTC15M-26APR281200-00"",""trade_id"":""592b3ef8-6d23-7340-2179-5bc199a9397b"",""yes_price_dollars"":""0.5000""}"
KXBTC15M-26APR281200-00,302e7e82-df32-7f0d-1789-2b634167e5b8,1777391105,0.5,2.0,yes,"{""count_fp"":""2.00"",""created_time"":""2026-04-28T15:45:05.588078Z"",""no_price_dollars"":""0.5000"",""taker_side"":""yes"",""ticker"":""KXBTC15M-26APR281200-00"",""trade_id"":""302e7e82-df32-7f0d-1789-2b634167e5b8"",""yes_price_dollars"":""0.5000""}"
KXBTC15M-26APR281200-00,2feb6b29-e367-7467-0f2d-7fb63c835f4f,1777391105,0.49,149.0,yes,"{""count_fp"":""149.00"",""created_time"":""2026-04-28T15:45:05.588078Z"",""no_price_dollars"":""0.5100"",""taker_side"":""yes"",""ticker"":""KXBTC15M-26APR281200-00"",""trade_id"":""2feb6b29-e367-7467-0f2d-7fb63c835f4f"",""yes_price_dollars"":""0.4900""}"
KXBTC15M-26APR281200-00,0df4fc36-ce82-7fe1-0287-2f017e867e79,1777391105,0.5,2.0,yes,"{""count_fp"":""2.00"",""created_time"":""2026-04-28T15:45:05.588078Z"",""no_price_dollars"":""0.5000"",""taker_side"":""yes"",""ticker"":""KXBTC15M-26APR281200-00"",""trade_id"":""0df4fc36-ce82-7fe1-0287-2f017e867e79"",""yes_price_dollars"":""0.5000""}"
KXBTC15M-26APR281200-00,f02b0431-1ab4-47e4-3761-45d898ce79b5,1777391105,0.44,1.0,no,"{""count_fp"":""1.00"",""created_time"":""2026-04-28T15:45:05.201934Z"",""no_price_dollars"":""0.5600"",""taker_side"":""no"",""ticker"":""KXBTC15M-26APR281200-00"",""trade_id"":""f02b0431-1ab4-47e4-3761-45d898ce79b5"",""yes_price_dollars"":""0.4400""}"
KXBTC15M-26APR281200-00,e39d33a0-fc57-4c78-0933-62bfb664c5a7,1777391105,0.46,1.0,no,"{""count_fp"":""1.00"",""created_time"":""2026-04-28T15:45:05.201934Z"",""no_price_dollars"":""0.5400"",""taker_side"":""no"",""ticker"":""KXBTC15M-26APR281200-00"",""trade_id"":""e39d33a0-fc57-4c78-0933-62bfb664c5a7"",""yes_price_dollars"":""0.4600""}"
KXBTC15M-26APR281200-00,df2deb79-c32b-48cf-344c-a6d6957ff854,1777391105,0.46,120.0,no,"{""count_fp"":""120.00"",""created_time"":""2026-04-28T15:45:05.201934Z"",""no_price_dollars"":""0.5400"",""taker_side"":""no"",""ticker"":""KXBTC15M-26APR281200-00"",""trade_id"":""df2deb79-c32b-48cf-344c-a6d6957ff854"",""yes_price_dollars"":""0.4600""}"
KXBTC15M-26APR281200-00,c9c47773-057a-4f4b-2372-babcb55c76a8,1777391105,0.44,75.0,no,"{""count_fp"":""75.00"",""created_time"":""2026-04-28T15:45:05.201934Z"",""no_price_dollars"":""0.5600"",""taker_side"":""no"",""ticker"":""KXBTC15M-26APR281200-00"",""trade_id"":""c9c47773-057a-4f4b-2372-babcb55c76a8"",""yes_price_dollars"":""0.4400""}"
KXBTC15M-26APR281200-00,b36b7229-0af2-4b19-0d40-506276ea7798,1777391105,0.41,5.0,no,"{""count_fp"":""5.00"",""created_time"":""2026-04-28T15:45:05.201934Z"",""no_price_dollars"":""0.5900"",""taker_side"":""no"",""ticker"":""KXBTC15M-26APR281200-00"",""trade_id"":""b36b7229-0af2-4b19-0d40-506276ea7798"",""yes_price_dollars"":""0.4100""}"
KXBTC15M-26APR281200-00,aaa700b6-ef7f-4e6f-12af-8b3162ecc2fc,1777391105,0.44,30.0,no,"{""count_fp"":""30.00"",""created_time"":""2026-04-28T15:45:05.201934Z"",""no_price_dollars"":""0.5600"",""taker_side"":""no"",""ticker"":""KXBTC15M-26APR281200-00"",""trade_id"":""aaa700b6-ef7f-4e6f-12af-8b3162ecc2fc"",""yes_price_dollars"":""0.4400""}"
KXBTC15M-26APR281200-00,a9271d97-f90e-41ba-2d71-ff8de2c42dd0,1777391105,0.47,46.0,no,"{""count_fp"":""46.00"",""created_time"":""2026-04-28T15:45:05.201934Z"",""no_price_dollars"":""0.5300"",""taker_side"":""no"",""ticker"":""KXBTC15M-26APR281200-00"",""trade_id"":""a9271d97-f90e-41ba-2d71-ff8de2c42dd0"",""yes_price_dollars"":""0.4700""}"
KXBTC15M-26APR281200-00,a8d41630-0cb3-40c2-2c84-68c6f4d3106f,1777391105,0.4,15.18,no,"{""count_fp"":""15.18"",""created_time"":""2026-04-28T15:45:05.201934Z"",""no_price_dollars"":""0.6000"",""taker_side"":""no"",""ticker"":""KXBTC15M-26APR281200-00"",""trade_id"":""a8d41630-0cb3-40c2-2c84-68c6f4d3106f"",""yes_price_dollars"":""0.4000""}"
KXBTC15M-26APR281200-00,93e6de08-5d0c-4f4e-3a09-4e190288236d,1777391105,0.42,1.0,no,"{""count_fp"":""1.00"",""created_time"":""2026-04-28T15:45:05.201934Z"",""no_price_dollars"":""0.5800"",""taker_side"":""no"",""ticker"":""KXBTC15M-26APR281200-00"",""trade_id"":""93e6de08-5d0c-4f4e-3a09-4e190288236d"",""yes_price_dollars"":""0.4200""}"
KXBTC15M-26APR281200-00,8eec3dfc-ef66-40ab-1665-b217ea8671ca,1777391105,0.45,1.0,no,"{""count_fp"":""1.00"",""created_time"":""2026-04-28T15:45:05.201934Z"",""no_price_dollars"":""0.5500"",""taker_side"":""no"",""ticker"":""KXBTC15M-26APR281200-00"",""trade_id"":""8eec3dfc-ef66-40ab-1665-b217ea8671ca"",""yes_price_dollars"":""0.4500""}"
KXBTC15M-26APR281200-00,84321b47-7caa-4756-2a78-f0fe8219d0a0,1777391105,0.41,5.0,no,"{""count_fp"":""5.00"",""created_time"":""2026-04-28T15:45:05.201934Z"",""no_price_dollars"":""0.5900"",""taker_side"":""no"",""ticker"":""KXBTC15M-26APR281200-00"",""trade_id"":""84321b47-7caa-4756-2a78-f0fe8219d0a0"",""yes_price_dollars"":""0.4100""}"
KXBTC15M-26APR281200-00,7f996ab3-2cd9-408f-3866-d5706e6cde87,1777391105,0.45,1.0,no,"{""count_fp"":""1.00"",""created_time"":""2026-04-28T15:45:05.201934Z"",""no_price_dollars"":""0.5500"",""taker_side"":""no"",""ticker"":""KXBTC15M-26APR281200-00"",""trade_id"":""7f996ab3-2cd9-408f-3866-d5706e6cde87"",""yes_price_dollars"":""0.4500""}"
KXBTC15M-26APR281200-00,788583fe-1571-4457-1359-a5c138cd3e8f,1777391105,0.42,2.0,no,"{""count_fp"":""2.00"",""created_time"":""2026-04-28T15:45:05.201934Z"",""no_price_dollars"":""0.5800"",""taker_side"":""no"",""ticker"":""KXBTC15M-26APR281200-00"",""trade_id"":""788583fe-1571-4457-1359-a5c138cd3e8f"",""yes_price_dollars"":""0.4200""}"
KXBTC15M-26APR281200-00,5d652307-4d1a-46cb-21ab-80ec0fcfc0ae,1777391105,0.43,30.0,no,"{""count_fp"":""30.00"",""created_time"":""2026-04-28T15:45:05.201934Z"",""no_price_dollars"":""0.5700"",""taker_side"":""no"",""ticker"":""KXBTC15M-26APR281200-00"",""trade_id"":""5d652307-4d1a-46cb-21ab-80ec0fcfc0ae"",""yes_price_dollars"":""0.4300""}"
KXBTC15M-26APR281200-00,2b1e176d-4947-4baa-1db4-194a8405300d,1777391105,0.5,28.0,no,"{""count_fp"":""28.00"",""created_time"":""2026-04-28T15:45:05.201934Z"",""no_price_dollars"":""0.5000"",""taker_side"":""no"",""ticker"":""KXBTC15M-26APR281200-00"",""trade_id"":""2b1e176d-4947-4baa-1db4-194a8405300d"",""yes_price_dollars"":""0.5000""}"
KXBTC15M-26APR281200-00,22920e1e-8271-49b6-18d8-090ed604dc27,1777391105,0.41,119.0,no,"{""count_fp"":""119.00"",""created_time"":""2026-04-28T15:45:05.201934Z"",""no_price_dollars"":""0.5900"",""taker_side"":""no"",""ticker"":""KXBTC15M-26APR281200-00"",""trade_id"":""22920e1e-8271-49b6-18d8-090ed604dc27"",""yes_price_dollars"":""0.4100""}"
KXBTC15M-26APR281200-00,1e68e368-14f0-4bc0-0d5f-c67c1811fe00,1777391105,0.43,1.0,no,"{""count_fp"":""1.00"",""created_time"":""2026-04-28T15:45:05.201934Z"",""no_price_dollars"":""0.5700"",""taker_side"":""no"",""ticker"":""KXBTC15M-26APR281200-00"",""trade_id"":""1e68e368-14f0-4bc0-0d5f-c67c1811fe00"",""yes_price_dollars"":""0.4300""}"
KXBTC15M-26APR281200-00,1990b63b-8a32-4ef7-0895-40378f80793c,1777391105,0.5,22.39,no,"{""count_fp"":""22.39"",""created_time"":""2026-04-28T15:45:05.201934Z"",""no_price_dollars"":""0.5000"",""taker_side"":""no"",""ticker"":""KXBTC15M-26APR281200-00"",""trade_id"":""1990b63b-8a32-4ef7-0895-40378f80793c"",""yes_price_dollars"":""0.5000""}"
KXBTC15M-26APR281200-00,4f3f035c-bc22-528f-6edb-c3bb1c0ac2b9,1777391107,0.4,20.0,yes,"{""count_fp"":""20.00"",""created_time"":""2026-04-28T15:45:07.877105Z"",""no_price_dollars"":""0.6000"",""taker_side"":""yes"",""ticker"":""KXBTC15M-26APR281200-00"",""trade_id"":""4f3f035c-bc22-528f-6edb-c3bb1c0ac2b9"",""yes_price_dollars"":""0.4000""}"
KXBTC15M-26APR281200-00,e6cff1ea-902d-60da-02a8-991c37b2d14e,1777391107,0.37,139.0,no,"{""count_fp"":""139.00"",""created_time"":""2026-04-28T15:45:07.613406Z"",""no_price_dollars"":""0.6300"",""taker_side"":""no"",""ticker"":""KXBTC15M-26APR281200-00"",""trade_id"":""e6cff1ea-902d-60da-02a8-991c37b2d14e"",""yes_price_dollars"":""0.3700""}"
KXBTC15M-26APR281200-00,992351b7-e513-6d11-23be-49c757aec6f4,1777391107,0.36,84.59,no,"{""count_fp"":""84.59"",""created_time"":""2026-04-28T15:45:07.613406Z"",""no_price_dollars"":""0.6400"",""taker_side"":""no"",""ticker"":""KXBTC15M-26APR281200-00"",""trade_id"":""992351b7-e513-6d11-23be-49c757aec6f4"",""yes_price_dollars"":""0.3600""}"
KXBTC15M-26APR281200-00,9327da1c-0446-6d73-07a6-4dd2f27a2edf,1777391107,0.45,22.65,no,"{""count_fp"":""22.65"",""created_time"":""2026-04-28T15:45:07.613406Z"",""no_price_dollars"":""0.5500"",""taker_side"":""no"",""ticker"":""KXBTC15M-26APR281200-00"",""trade_id"":""9327da1c-0446-6d73-07a6-4dd2f27a2edf"",""yes_price_dollars"":""0.4500""}"
KXBTC15M-26APR281200-00,9007983b-efeb-699a-39ce-b55d1d16cf53,1777391107,0.4,103.82,no,"{""count_fp"":""103.82"",""created_time"":""2026-04-28T15:45:07.613406Z"",""no_price_dollars"":""0.6000"",""taker_side"":""no"",""ticker"":""KXBTC15M-26APR281200-00"",""trade_id"":""9007983b-efeb-699a-39ce-b55d1d16cf53"",""yes_price_dollars"":""0.4000""}"
KXBTC15M-26APR281200-00,8f720316-70b1-6e1c-1c07-465d3a646106,1777391107,0.38,132.0,no,"{""count_fp"":""132.00"",""created_time"":""2026-04-28T15:45:07.613406Z"",""no_price_dollars"":""0.6200"",""taker_side"":""no"",""ticker"":""KXBTC15M-26APR281200-00"",""trade_id"":""8f720316-70b1-6e1c-1c07-465d3a646106"",""yes_price_dollars"":""0.3800""}"
KXBTC15M-26APR281200-00,7eeef5be-7c00-6065-39ed-365f7ebd13d9,1777391107,0.39,2.0,no,"{""count_fp"":""2.00"",""created_time"":""2026-04-28T15:45:07.613406Z"",""no_price_dollars"":""0.6100"",""taker_side"":""no"",""ticker"":""KXBTC15M-26APR281200-00"",""trade_id"":""7eeef5be-7c00-6065-39ed-365f7ebd13d9"",""yes_price_dollars"":""0.3900""}"
KXBTC15M-26APR281200-00,617126fb-7aa8-6732-134d-a58ba5b80c32,1777391107,0.45,48.0,no,"{""count_fp"":""48.00"",""created_time"":""2026-04-28T15:45:07.613406Z"",""no_price_dollars"":""0.5500"",""taker_side"":""no"",""ticker"":""KXBTC15M-26APR281200-00"",""trade_id"":""617126fb-7aa8-6732-134d-a58ba5b80c32"",""yes_price_dollars"":""0.4500""}"
KXBTC15M-26APR281200-00,5e80b639-e801-65a6-23f6-0d0ceb1854b1,1777391107,0.39,132.0,no,"{""count_fp"":""132.00"",""created_time"":""2026-04-28T15:45:07.613406Z"",""no_price_dollars"":""0.6100"",""taker_side"":""no"",""ticker"":""KXBTC15M-26APR281200-00"",""trade_id"":""5e80b639-e801-65a6-23f6-0d0ceb1854b1"",""yes_price_dollars"":""0.3900""}"
KXBTC15M-26APR281200-00,39ca3524-240b-6f42-3179-6e12d8eaaede,1777391107,0.39,5.0,no,"{""count_fp"":""5.00"",""created_time"":""2026-04-28T15:45:07.613406Z"",""no_price_dollars"":""0.6100"",""taker_side"":""no"",""ticker"":""KXBTC15M-26APR281200-00"",""trade_id"":""39ca3524-240b-6f42-3179-6e12d8eaaede"",""yes_price_dollars"":""0.3900""}"
KXBTC15M-26APR281200-00,39bd9874-5073-6fa8-21b0-657f95a4d0a1,1777391107,0.44,10.0,no,"{""count_fp"":""10.00"",""created_time"":""2026-04-28T15:45:07.613406Z"",""no_price_dollars"":""0.5600"",""taker_side"":""no"",""ticker"":""KXBTC15M-26APR281200-00"",""trade_id"":""39bd9874-5073-6fa8-21b0-657f95a4d0a1"",""yes_price_dollars"":""0.4400""}"
KXBTC15M-26APR281200-00,20ee1601-751e-635c-206a-2f1c5c76692e,1777391107,0.38,20.0,no,"{""count_fp"":""20.00"",""created_time"":""2026-04-28T15:45:07.613406Z"",""no_price_dollars"":""0.6200"",""taker_side"":""no"",""ticker"":""KXBTC15M-26APR281200-00"",""trade_id"":""20ee1601-751e-635c-206a-2f1c5c76692e"",""yes_price_dollars"":""0.3800""}"
KXBTC15M-26APR281200-00,0cd850d1-d9e2-60c7-2ea5-db978b6e60d5,1777391107,0.4,75.0,no,"{""count_fp"":""75.00"",""created_time"":""2026-04-28T15:45:07.613406Z"",""no_price_dollars"":""0.6000"",""taker_side"":""no"",""ticker"":""KXBTC15M-26APR281200-00"",""trade_id"":""0cd850d1-d9e2-60c7-2ea5-db978b6e60d5"",""yes_price_dollars"":""0.4000""}"
KXBTC15M-26APR281200-00,03af0d92-ee49-60a5-3114-c4602f5d7c63,1777391107,0.43,20.0,no,"{""count_fp"":""20.00"",""created_time"":""2026-04-28T15:45:07.613406Z"",""no_price_dollars"":""0.5700"",""taker_side"":""no"",""ticker"":""KXBTC15M-26APR281200-00"",""trade_id"":""03af0d92-ee49-60a5-3114-c4602f5d7c63"",""yes_price_dollars"":""0.4300""}"
KXBTC15M-26APR281200-00,b850057b-f82d-4d9e-485c-e1d089308eb0,1777391107,0.46,5.68,yes,"{""count_fp"":""5.68"",""created_time"":""2026-04-28T15:45:07.534736Z"",""no_price_dollars"":""0.5400"",""taker_side"":""yes"",""ticker"":""KXBTC15M-26APR281200-00"",""trade_id"":""b850057b-f82d-4d9e-485c-e1d089308eb0"",""yes_price_dollars"":""0.4600""}"
KXBTC15M-26APR281200-00,d0a1c064-0a19-7e54-97c7-472a8fa2e735,1777391107,0.45,10.0,no,"{""count_fp"":""10.00"",""created_time"":""2026-04-28T15:45:07.485563Z"",""no_price_dollars"":""0.5500"",""taker_side"":""no"",""ticker"":""KXBTC15M-26APR281200-00"",""trade_id"":""d0a1c064-0a19-7e54-97c7-472a8fa2e735"",""yes_price_dollars"":""0.4500""}"
KXBTC15M-26APR281200-00,b0a66708-2902-7aa3-b32b-1fb19a1522f3,1777391107,0.45,7.35,no,"{""count_fp"":""7.35"",""created_time"":""2026-04-28T15:45:07.485563Z"",""no_price_dollars"":""0.5500"",""taker_side"":""no"",""ticker"":""KXBTC15M-26APR281200-00"",""trade_id"":""b0a66708-2902-7aa3-b32b-1fb19a1522f3"",""yes_price_dollars"":""0.4500""}"
KXBTC15M-26APR281200-00,ad94e414-68f5-6eaa-3a38-5fd0fe8cf404,1777391108,0.45,94.99,yes,"{""count_fp"":""94.99"",""created_time"":""2026-04-28T15:45:08.825777Z"",""no_price_dollars"":""0.5500"",""taker_side"":""yes"",""ticker"":""KXBTC15M-26APR281200-00"",""trade_id"":""ad94e414-68f5-6eaa-3a38-5fd0fe8cf404"",""yes_price_dollars"":""0.4500""}"
KXBTC15M-26APR281200-00,a4b90e4d-a413-6bd0-2c99-964937d46a8f,1777391108,0.45,12.0,yes,"{""count_fp"":""12.00"",""created_time"":""2026-04-28T15:45:08.825777Z"",""no_price_dollars"":""0.5500"",""taker_side"":""yes"",""ticker"":""KXBTC15M-26APR281200-00"",""trade_id"":""a4b90e4d-a413-6bd0-2c99-964937d46a8f"",""yes_price_dollars"":""0.4500""}"
KXBTC15M-26APR281200-00,716070f0-aac9-624a-9a6e-448f70715bcc,1777391108,0.45,10.0,yes,"{""count_fp"":""10.00"",""created_time"":""2026-04-28T15:45:08.079684Z"",""no_price_dollars"":""0.5500"",""taker_side"":""yes"",""ticker"":""KXBTC15M-26APR281200-00"",""trade_id"":""716070f0-aac9-624a-9a6e-448f70715bcc"",""yes_price_dollars"":""0.4500""}"
KXBTC15M-26APR281200-00,ac87dc9c-f663-5faf-9d42-c52205632be7,1777391109,0.44,1.54,no,"{""count_fp"":""1.54"",""created_time"":""2026-04-28T15:45:09.886672Z"",""no_price_dollars"":""0.5600"",""taker_side"":""no"",""ticker"":""KXBTC15M-26APR281200-00"",""trade_id"":""ac87dc9c-f663-5faf-9d42-c52205632be7"",""yes_price_dollars"":""0.4400""}"
KXBTC15M-26APR281200-00,f2f943bc-f48b-60e3-dd12-97c39846059b,1777391109,0.44,1.59,no,"{""count_fp"":""1.59"",""created_time"":""2026-04-28T15:45:09.350252Z"",""no_price_dollars"":""0.5600"",""taker_side"":""no"",""ticker"":""KXBTC15M-26APR281200-00"",""trade_id"":""f2f943bc-f48b-60e3-dd12-97c39846059b"",""yes_price_dollars"":""0.4400""}"
KXBTC15M-26APR281200-00,139c4c79-a42d-552e-473a-d9af3098bd10,1777391109,0.45,10.47,yes,"{""count_fp"":""10.47"",""created_time"":""2026-04-28T15:45:09.210563Z"",""no_price_dollars"":""0.5500"",""taker_side"":""yes"",""ticker"":""KXBTC15M-26APR281200-00"",""trade_id"":""139c4c79-a42d-552e-473a-d9af3098bd10"",""yes_price_dollars"":""0.4500""}"
KXBTC15M-26APR281200-00,6eb97095-ea8f-6a07-603b-cf943237756f,1777391110,0.44,4.11,no,"{""count_fp"":""4.11"",""created_time"":""2026-04-28T15:45:10.680332Z"",""no_price_dollars"":""0.5600"",""taker_side"":""no"",""ticker"":""KXBTC15M-26APR281200-00"",""trade_id"":""6eb97095-ea8f-6a07-603b-cf943237756f"",""yes_price_dollars"":""0.4400""}"
KXBTC15M-26APR281200-00,08b15b05-f661-6d8c-47d6-6b0e0b8eb831,1777391110,0.44,4.55,no,"{""count_fp"":""4.55"",""created_time"":""2026-04-28T15:45:10.680332Z"",""no_price_dollars"":""0.5600"",""taker_side"":""no"",""ticker"":""KXBTC15M-26APR281200-00"",""trade_id"":""08b15b05-f661-6d8c-47d6-6b0e0b8eb831"",""yes_price_dollars"":""0.4400""}"
KXBTC15M-26APR281200-00,a405c9bc-0a01-5b50-aa1e-3449922609a6,1777391110,0.45,20.0,yes,"{""count_fp"":""20.00"",""created_time"":""2026-04-28T15:45:10.605385Z"",""no_price_dollars"":""0.5500"",""taker_side"":""yes"",""ticker"":""KXBTC15M-26APR281200-00"",""trade_id"":""a405c9bc-0a01-5b50-aa1e-3449922609a6"",""yes_price_dollars"":""0.4500""}"
KXBTC15M-26APR281200-00,8612baaa-ad9b-69c1-dc6c-1ecb00710c65,1777391110,0.45,5.0,yes,"{""count_fp"":""5.00"",""created_time"":""2026-04-28T15:45:10.260498Z"",""no_price_dollars"":""0.5500"",""taker_side"":""yes"",""ticker"":""KXBTC15M-26APR281200-00"",""trade_id"":""8612baaa-ad9b-69c1-dc6c-1ecb00710c65"",""yes_price_dollars"":""0.4500""}"
KXBTC15M-26APR281200-00,7e21c8f0-ba2d-64b8-f925-6933021b6b2a,1777391110,0.45,15.35,yes,"{""count_fp"":""15.35"",""created_time"":""2026-04-28T15:45:10.260498Z"",""no_price_dollars"":""0.5500"",""taker_side"":""yes"",""ticker"":""KXBTC15M-26APR281200-00"",""trade_id"":""7e21c8f0-ba2d-64b8-f925-6933021b6b2a"",""yes_price_dollars"":""0.4500""}"
KXBTC15M-26APR281200-00,482688db-741a-6e2e-cbc0-ab9f50491224,1777391110,0.45,1.04,yes,"{""count_fp"":""1.04"",""created_time"":""2026-04-28T15:45:10.260498Z"",""no_price_dollars"":""0.5500"",""taker_side"":""yes"",""ticker"":""KXBTC15M-26APR281200-00"",""trade_id"":""482688db-741a-6e2e-cbc0-ab9f50491224"",""yes_price_dollars"":""0.4500""}"
KXBTC15M-26APR281200-00,d68a90a1-ff6b-5bab-051f-7598d6f3fd8f,1777391110,0.44,12.76,no,"{""count_fp"":""12.76"",""created_time"":""2026-04-28T15:45:10.157266Z"",""no_price_dollars"":""0.5600"",""taker_side"":""no"",""ticker"":""KXBTC15M-26APR281200-00"",""trade_id"":""d68a90a1-ff6b-5bab-051f-7598d6f3fd8f"",""yes_price_dollars"":""0.4400""}"
KXBTC15M-26APR281200-00,d8eddd45-95d5-439e-dc46-40cbe59af3d4,1777391110,0.45,28.86,yes,"{""count_fp"":""28.86"",""created_time"":""2026-04-28T15:45:10.110561Z"",""no_price_dollars"":""0.5500"",""taker_side"":""yes"",""ticker"":""KXBTC15M-26APR281200-00"",""trade_id"":""d8eddd45-95d5-439e-dc46-40cbe59af3d4"",""yes_price_dollars"":""0.4500""}"
KXBTC15M-26APR281200-00,a140992c-c60a-43fa-f0ad-96c97823f9f8,1777391110,0.45,13.93,yes,"{""count_fp"":""13.93"",""created_time"":""2026-04-28T15:45:10.110561Z"",""no_price_dollars"":""0.5500"",""taker_side"":""yes"",""ticker"":""KXBTC15M-26APR281200-00"",""trade_id"":""a140992c-c60a-43fa-f0ad-96c97823f9f8"",""yes_price_dollars"":""0.4500""}"
KXBTC15M-26APR281200-00,f3f53f46-2e0c-4c5d-d474-015fe90d94d6,1777391111,0.42,1.0,no,"{""count_fp"":""1.00"",""created_time"":""2026-04-28T15:45:11.639162Z"",""no_price_dollars"":""0.5800"",""taker_side"":""no"",""ticker"":""KXBTC15M-26APR281200-00"",""trade_id"":""f3f53f46-2e0c-4c5d-d474-015fe90d94d6"",""yes_price_dollars"":""0.4200""}"
KXBTC15M-26APR281200-00,fc019c58-11e1-7519-aceb-7fefee2903e7,1777391111,0.44,3.0,yes,"{""count_fp"":""3.00"",""created_time"":""2026-04-28T15:45:11.529006Z"",""no_price_dollars"":""0.5600"",""taker_side"":""yes"",""ticker"":""KXBTC15M-26APR281200-00"",""trade_id"":""fc019c58-11e1-7519-aceb-7fefee2903e7"",""yes_price_dollars"":""0.4400""}"
KXBTC15M-26APR281200-00,dc3be673-6264-7086-8baf-60bed36d9bd1,1777391111,0.44,13.76,yes,"{""count_fp"":""13.76"",""created_time"":""2026-04-28T15:45:11.529006Z"",""no_price_dollars"":""0.5600"",""taker_side"":""yes"",""ticker"":""KXBTC15M-26APR281200-00"",""trade_id"":""dc3be673-6264-7086-8baf-60bed36d9bd1"",""yes_price_dollars"":""0.4400""}"
KXBTC15M-26APR281200-00,05bd946a-7cfa-77f5-9080-c43675fc20e3,1777391111,0.44,4.68,yes,"{""count_fp"":""4.68"",""created_time"":""2026-04-28T15:45:11.529006Z"",""no_price_dollars"":""0.5600"",""taker_side"":""yes"",""ticker"":""KXBTC15M-26APR281200-00"",""trade_id"":""05bd946a-7cfa-77f5-9080-c43675fc20e3"",""yes_price_dollars"":""0.4400""}"
KXBTC15M-26APR281200-00,ac055128-f00a-421c-44d0-6a696d9d6cbd,1777391111,0.43,29.99,no,"{""count_fp"":""29.99"",""created_time"":""2026-04-28T15:45:11.419171Z"",""no_price_dollars"":""0.5700"",""taker_side"":""no"",""ticker"":""KXBTC15M-26APR281200-00"",""trade_id"":""ac055128-f00a-421c-44d0-6a696d9d6cbd"",""yes_price_dollars"":""0.4300""}"
KXBTC15M-26APR281200-00,02dae8b9-2c7d-4e08-46dd-f7a3bb883f99,1777391111,0.43,13.45,no,"{""count_fp"":""13.45"",""created_time"":""2026-04-28T15:45:11.419171Z"",""no_price_dollars"":""0.5700"",""taker_side"":""no"",""ticker"":""KXBTC15M-26APR281200-00"",""trade_id"":""02dae8b9-2c7d-4e08-46dd-f7a3bb883f99"",""yes_price_dollars"":""0.4300""}"
KXBTC15M-26APR281200-00,3b2d311e-9796-55c5-deb2-a49fcafb0dcb,1777391112,0.44,9.0,yes,"{""count_fp"":""9.00"",""created_time"":""2026-04-28T15:45:12.563914Z"",""no_price_dollars"":""0.5600"",""taker_side"":""yes"",""ticker"":""KXBTC15M-26APR281200-00"",""trade_id"":""3b2d311e-9796-55c5-deb2-a49fcafb0dcb"",""yes_price_dollars"":""0.4400""}"
KXBTC15M-26APR281200-00,8b2f4cf6-a87d-4ec7-3393-8a17f3aef76f,1777391113,0.42,5.0,no,"{""count_fp"":""5.00"",""created_time"":""2026-04-28T15:45:13.598881Z"",""no_price_dollars"":""0.5800"",""taker_side"":""no"",""ticker"":""KXBTC15M-26APR281200-00"",""trade_id"":""8b2f4cf6-a87d-4ec7-3393-8a17f3aef76f"",""yes_price_dollars"":""0.4200""}"
KXBTC15M-26APR281200-00,b2a59ca0-70f9-7d96-730e-efd77b206add,1777391113,0.42,5.83,no,"{""count_fp"":""5.83"",""created_time"":""2026-04-28T15:45:13.500341Z"",""no_price_dollars"":""0.5800"",""taker_side"":""no"",""ticker"":""KXBTC15M-26APR281200-00"",""trade_id"":""b2a59ca0-70f9-7d96-730e-efd77b206add"",""yes_price_dollars"":""0.4200""}"
KXBTC15M-26APR281200-00,30225e24-d3f9-7543-4380-2f46ccce9f17,1777391113,0.42,2.5,no,"{""count_fp"":""2.50"",""created_time"":""2026-04-28T15:45:13.500341Z"",""no_price_dollars"":""0.5800"",""taker_side"":""no"",""ticker"":""KXBTC15M-26APR281200-00"",""trade_id"":""30225e24-d3f9-7543-4380-2f46ccce9f17"",""yes_price_dollars"":""0.4200""}"
KXBTC15M-26APR281200-00,07a67b6b-8001-65de-e13d-bf441cde944d,1777391113,0.42,41.65,no,"{""count_fp"":""41.65"",""created_time"":""2026-04-28T15:45:13.327175Z"",""no_price_dollars"":""0.5800"",""taker_side"":""no"",""ticker"":""KXBTC15M-26APR281200-00"",""trade_id"":""07a67b6b-8001-65de-e13d-bf441cde944d"",""yes_price_dollars"":""0.4200""}"
KXBTC15M-26APR281200-00,d8ced04d-3ed8-5d42-1bbc-ac96fb5c9f60,1777391113,0.42,3.0,no,"{""count_fp"":""3.00"",""created_time"":""2026-04-28T15:45:13.295444Z"",""no_price_dollars"":""0.5800"",""taker_side"":""no"",""ticker"":""KXBTC15M-26APR281200-00"",""trade_id"":""d8ced04d-3ed8-5d42-1bbc-ac96fb5c9f60"",""yes_price_dollars"":""0.4200""}"
KXBTC15M-26APR281200-00,c5eca99f-d85d-5622-27fe-1ffd3ca70a21,1777391113,0.42,8.52,no,"{""count_fp"":""8.52"",""created_time"":""2026-04-28T15:45:13.295444Z"",""no_price_dollars"":""0.5800"",""taker_side"":""no"",""ticker"":""KXBTC15M-26APR281200-00"",""trade_id"":""c5eca99f-d85d-5622-27fe-1ffd3ca70a21"",""yes_price_dollars"":""0.4200""}"
KXBTC15M-26APR281200-00,e0d25006-b07e-786d-fd86-6dd25e784df3,1777391113,0.43,1.09,yes,"{""count_fp"":""1.09"",""created_time"":""2026-04-28T15:45:13.018199Z"",""no_price_dollars"":""0.5700"",""taker_side"":""yes"",""ticker"":""KXBTC15M-26APR281200-00"",""trade_id"":""e0d25006-b07e-786d-fd86-6dd25e784df3"",""yes_price_dollars"":""0.4300""}"
KXBTC15M-26APR281200-00,cd121974-8c8b-4726-8509-efd934be8a0a,1777391114,0.42,3.0,no,"{""count_fp"":""3.00"",""created_time"":""2026-04-28T15:45:14.887946Z"",""no_price_dollars"":""0.5800"",""taker_side"":""no"",""ticker"":""KXBTC15M-26APR281200-00"",""trade_id"":""cd121974-8c8b-4726-8509-efd934be8a0a"",""yes_price_dollars"":""0.4200""}"
KXBTC15M-26APR281200-00,ab442099-33be-424b-928c-ef5fef30d208,1777391114,0.42,15.1,no,"{""count_fp"":""15.10"",""created_time"":""2026-04-28T15:45:14.887946Z"",""no_price_dollars"":""0.5800"",""taker_side"":""no"",""ticker"":""KXBTC15M-26APR281200-00"",""trade_id"":""ab442099-33be-424b-928c-ef5fef30d208"",""yes_price_dollars"":""0.4200""}"
KXBTC15M-26APR281200-00,4ca8c121-ea2c-4876-a57c-f40d654acaaf,1777391114,0.42,9.0,no,"{""count_fp"":""9.00"",""created_time"":""2026-04-28T15:45:14.887946Z"",""no_price_dollars"":""0.5800"",""taker_side"":""no"",""ticker"":""KXBTC15M-26APR281200-00"",""trade_id"":""4ca8c121-ea2c-4876-a57c-f40d654acaaf"",""yes_price_dollars"":""0.4200""}"
KXBTC15M-26APR281200-00,29522ad9-d9b5-47cb-b61f-08e0a5b2c3d7,1777391114,0.42,6.39,no,"{""count_fp"":""6.39"",""created_time"":""2026-04-28T15:45:14.887946Z"",""no_price_dollars"":""0.5800"",""taker_side"":""no"",""ticker"":""KXBTC15M-26APR281200-00"",""trade_id"":""29522ad9-d9b5-47cb-b61f-08e0a5b2c3d7"",""yes_price_dollars"":""0.4200""}"
KXBTC15M-26APR281200-00,bd8331fd-c762-7b39-0355-e2d44399f0a0,1777391115,0.42,112.68,yes,"{""count_fp"":""112.68"",""created_time"":""2026-04-28T15:45:15.771798Z"",""no_price_dollars"":""0.5800"",""taker_side"":""yes"",""ticker"":""KXBTC15M-26APR281200-00"",""trade_id"":""bd8331fd-c762-7b39-0355-e2d44399f0a0"",""yes_price_dollars"":""0.4200""}"
KXBTC15M-26APR281200-00,48e8a00a-a83f-7e66-207c-832e02ec9907,1777391115,0.42,33.0,yes,"{""count_fp"":""33.00"",""created_time"":""2026-04-28T15:45:15.771798Z"",""no_price_dollars"":""0.5800"",""taker_side"":""yes"",""ticker"":""KXBTC15M-26APR281200-00"",""trade_id"":""48e8a00a-a83f-7e66-207c-832e02ec9907"",""yes_price_dollars"":""0.4200""}"
KXBTC15M-26APR281200-00,115954dc-bffe-76e3-0f2a-3c6778eb6f1c,1777391115,0.42,3.0,yes,"{""count_fp"":""3.00"",""created_time"":""2026-04-28T15:45:15.771798Z"",""no_price_dollars"":""0.5800"",""taker_side"":""yes"",""ticker"":""KXBTC15M-26APR281200-00"",""trade_id"":""115954dc-bffe-76e3-0f2a-3c6778eb6f1c"",""yes_price_dollars"":""0.4200""}"
KXBTC15M-26APR281200-00,cf69979b-0258-7814-f4cc-e639daf9d794,1777391115,0.41,4.91,no,"{""count_fp"":""4.91"",""created_time"":""2026-04-28T15:45:15.646959Z"",""no_price_dollars"":""0.5900"",""taker_side"":""no"",""ticker"":""KXBTC15M-26APR281200-00"",""trade_id"":""cf69979b-0258-7814-f4cc-e639daf9d794"",""yes_price_dollars"":""0.4100""}"
KXBTC15M-26APR281200-00,a256e38a-7c8e-7d69-1501-85274ba0f3bd,1777391115,0.43,4.02,yes,"{""count_fp"":""4.02"",""created_time"":""2026-04-28T15:45:15.607566Z"",""no_price_dollars"":""0.5700"",""taker_side"":""yes"",""ticker"":""KXBTC15M-26APR281200-00"",""trade_id"":""a256e38a-7c8e-7d69-1501-85274ba0f3bd"",""yes_price_dollars"":""0.4300""}"
KXBTC15M-26APR281200-00,afc0fc75-d18b-7318-2ad6-c73a49b1f8ba,1777391115,0.42,25.12,no,"{""count_fp"":""25.12"",""created_time"":""2026-04-28T15:45:15.251808Z"",""no_price_dollars"":""0.5800"",""taker_side"":""no"",""ticker"":""KXBTC15M-26APR281200-00"",""trade_id"":""afc0fc75-d18b-7318-2ad6-c73a49b1f8ba"",""yes_price_dollars"":""0.4200""}"
KXBTC15M-26APR281200-00,412c5c5d-d286-73b9-4fa2-fed1e6d09d6d,1777391115,0.43,2.0,yes,"{""count_fp"":""2.00"",""created_time"":""2026-04-28T15:45:15.189513Z"",""no_price_dollars"":""0.5700"",""taker_side"":""yes"",""ticker"":""KXBTC15M-26APR281200-00"",""trade_id"":""412c5c5d-d286-73b9-4fa2-fed1e6d09d6d"",""yes_price_dollars"":""0.4300""}"
KXBTC15M-26APR281200-00,be8247aa-2702-7c15-e90f-82b0a6cb9b3b,1777391116,0.39,3.0,no,"{""count_fp"":""3.00"",""created_time"":""2026-04-28T15:45:16.912169Z"",""no_price_dollars"":""0.6100"",""taker_side"":""no"",""ticker"":""KXBTC15M-26APR281200-00"",""trade_id"":""be8247aa-2702-7c15-e90f-82b0a6cb9b3b"",""yes_price_dollars"":""0.3900""}"
KXBTC15M-26APR281200-00,cde4bbbe-ae16-7c3f-8814-963201d89ca3,1777391116,0.39,10.0,no,"{""count_fp"":""10.00"",""created_time"":""2026-04-28T15:45:16.906743Z"",""no_price_dollars"":""0.6100"",""taker_side"":""no"",""ticker"":""KXBTC15M-26APR281200-00"",""trade_id"":""cde4bbbe-ae16-7c3f-8814-963201d89ca3"",""yes_price_dollars"":""0.3900""}"
KXBTC15M-26APR281200-00,8ed6df1b-44db-7565-a318-cd866c810ace,1777391116,0.4,13.75,no,"{""count_fp"":""13.75"",""created_time"":""2026-04-28T15:45:16.906743Z"",""no_price_dollars"":""0.6000"",""taker_side"":""no"",""ticker"":""KXBTC15M-26APR281200-00"",""trade_id"":""8ed6df1b-44db-7565-a318-cd866c810ace"",""yes_price_dollars"":""0.4000""}"
KXBTC15M-26APR281200-00,827dd68c-3576-7cc3-b513-d7f05a6a0258,1777391116,0.39,4.42,no,"{""count_fp"":""4.42"",""created_time"":""2026-04-28T15:45:16.906743Z"",""no_price_dollars"":""0.6100"",""taker_side"":""no"",""ticker"":""KXBTC15M-26APR281200-00"",""trade_id"":""827dd68c-3576-7cc3-b513-d7f05a6a0258"",""yes_price_dollars"":""0.3900""}"
KXBTC15M-26APR281200-00,22a213d5-ac8c-7323-802c-696a5596b362,1777391116,0.39,10.0,no,"{""count_fp"":""10.00"",""created_time"":""2026-04-28T15:45:16.906743Z"",""no_price_dollars"":""0.6100"",""taker_side"":""no"",""ticker"":""KXBTC15M-26APR281200-00"",""trade_id"":""22a213d5-ac8c-7323-802c-696a5596b362"",""yes_price_dollars"":""0.3900""}"
KXBTC15M-26APR281200-00,29ada6f7-45b4-555c-eec2-02c8a7e2d112,1777391116,0.41,6.7,yes,"{""count_fp"":""6.70"",""created_time"":""2026-04-28T15:45:16.714602Z"",""no_price_dollars"":""0.5900"",""taker_side"":""yes"",""ticker"":""KXBTC15M-26APR281200-00"",""trade_id"":""29ada6f7-45b4-555c-eec2-02c8a7e2d112"",""yes_price_dollars"":""0.4100""}"
KXBTC15M-26APR281200-00,e08eb99b-79a9-75c8-fab9-fb2b50f0f1f3,1777391116,0.4,3.0,no,"{""count_fp"":""3.00"",""created_time"":""2026-04-28T15:45:16.478121Z"",""no_price_dollars"":""0.6000"",""taker_side"":""no"",""ticker"":""KXBTC15M-26APR281200-00"",""trade_id"":""e08eb99b-79a9-75c8-fab9-fb2b50f0f1f3"",""yes_price_dollars"":""0.4000""}"
KXBTC15M-26APR281200-00,c2813d74-d317-70d1-eed7-1e19bf4e041a,1777391116,0.4,12.25,no,"{""count_fp"":""12.25"",""created_time"":""2026-04-28T15:45:16.478121Z"",""no_price_dollars"":""0.6000"",""taker_side"":""no"",""ticker"":""KXBTC15M-26APR281200-00"",""trade_id"":""c2813d74-d317-70d1-eed7-1e19bf4e041a"",""yes_price_dollars"":""0.4000""}"
KXBTC15M-26APR281200-00,7e7ccd23-b2e3-796f-d302-ac46dd67d81e,1777391116,0.4,15.0,no,"{""count_fp"":""15.00"",""created_time"":""2026-04-28T15:45:16.478121Z"",""no_price_dollars"":""0.6000"",""taker_side"":""no"",""ticker"":""KXBTC15M-26APR281200-00"",""trade_id"":""7e7ccd23-b2e3-796f-d302-ac46dd67d81e"",""yes_price_dollars"":""0.4000""}"
KXBTC15M-26APR281200-00,4c2fbf8b-fd30-7892-6a24-9761a316ef70,1777391116,0.41,44.38,yes,"{""count_fp"":""44.38"",""created_time"":""2026-04-28T15:45:16.410938Z"",""no_price_dollars"":""0.5900"",""taker_side"":""yes"",""ticker"":""KXBTC15M-26APR281200-00"",""trade_id"":""4c2fbf8b-fd30-7892-6a24-9761a316ef70"",""yes_price_dollars"":""0.4100""}"
KXBTC15M-26APR281200-00,a2214525-e61a-6245-add4-6304101b1fee,1777391117,0.38,25.0,yes,"{""count_fp"":""25.00"",""created_time"":""2026-04-28T15:45:17.931908Z"",""no_price_dollars"":""0.6200"",""taker_side"":""yes"",""ticker"":""KXBTC15M-26APR281200-00"",""trade_id"":""a2214525-e61a-6245-add4-6304101b1fee"",""yes_price_dollars"":""0.3800""}"
KXBTC15M-26APR281200-00,2be03547-0812-74b1-59ce-8a222ca4de9a,1777391117,0.38,3.27,yes,"{""count_fp"":""3.27"",""created_time"":""2026-04-28T15:45:17.467632Z"",""no_price_dollars"":""0.6200"",""taker_side"":""yes"",""ticker"":""KXBTC15M-26APR281200-00"",""trade_id"":""2be03547-0812-74b1-59ce-8a222ca4de9a"",""yes_price_dollars"":""0.3800""}"
KXBTC15M-26APR281200-00,bd38447d-1b16-644c-f914-0004a78359ef,1777391118,0.37,3.07,no,"{""count_fp"":""3.07"",""created_time"":""2026-04-28T15:45:18.188286Z"",""no_price_dollars"":""0.6300"",""taker_side"":""no"",""ticker"":""KXBTC15M-26APR281200-00"",""trade_id"":""bd38447d-1b16-644c-f914-0004a78359ef"",""yes_price_dollars"":""0.3700""}"
KXBTC15M-26APR281200-00,3540c4a3-e56f-4714-b186-db2a0844c005,1777391119,0.38,2.0,yes,"{""count_fp"":""2.00"",""created_time"":""2026-04-28T15:45:19.951507Z"",""no_price_dollars"":""0.6200"",""taker_side"":""yes"",""ticker"":""KXBTC15M-26APR281200-00"",""trade_id"":""3540c4a3-e56f-4714-b186-db2a0844c005"",""yes_price_dollars"":""0.3800""}"
KXBTC15M-26APR281200-00,ee69a629-e3c0-5acf-0a8c-9e81eb8b7748,1777391119,0.36,30.03,no,"{""count_fp"":""30.03"",""created_time"":""2026-04-28T15:45:19.875718Z"",""no_price_dollars"":""0.6400"",""taker_side"":""no"",""ticker"":""KXBTC15M-26APR281200-00"",""trade_id"":""ee69a629-e3c0-5acf-0a8c-9e81eb8b7748"",""yes_price_dollars"":""0.3600""}"
KXBTC15M-26APR281200-00,55f635a3-0e20-7e87-3210-fece4d536878,1777391119,0.36,3.0,no,"{""count_fp"":""3.00"",""created_time"":""2026-04-28T15:45:19.811141Z"",""no_price_dollars"":""0.6400"",""taker_side"":""no"",""ticker"":""KXBTC15M-26APR281200-00"",""trade_id"":""55f635a3-0e20-7e87-3210-fece4d536878"",""yes_price_dollars"":""0.3600""}"
KXBTC15M-26APR281200-00,172ebcb3-dd18-64db-4172-2b22ab365674,1777391119,0.36,3.0,no,"{""count_fp"":""3.00"",""created_time"":""2026-04-28T15:45:19.801746Z"",""no_price_dollars"":""0.6400"",""taker_side"":""no"",""ticker"":""KXBTC15M-26APR281200-00"",""trade_id"":""172ebcb3-dd18-64db-4172-2b22ab365674"",""yes_price_dollars"":""0.3600""}"
KXBTC15M-26APR281200-00,9939aa14-bb7d-5712-5dc2-1ae1e9003ec3,1777391119,0.36,3.0,no,"{""count_fp"":""3.00"",""created_time"":""2026-04-28T15:45:19.799957Z"",""no_price_dollars"":""0.6400"",""taker_side"":""no"",""ticker"":""KXBTC15M-26APR281200-00"",""trade_id"":""9939aa14-bb7d-5712-5dc2-1ae1e9003ec3"",""yes_price_dollars"":""0.3600""}"
KXBTC15M-26APR281200-00,d2adecba-2d2c-51aa-fa83-02f66eafd83f,1777391119,0.38,40.0,yes,"{""count_fp"":""40.00"",""created_time"":""2026-04-28T15:45:19.690066Z"",""no_price_dollars"":""0.6200"",""taker_side"":""yes"",""ticker"":""KXBTC15M-26APR281200-00"",""trade_id"":""d2adecba-2d2c-51aa-fa83-02f66eafd83f"",""yes_price_dollars"":""0.3800""}"
KXBTC15M-26APR281200-00,7e82b97b-e977-567c-ccd5-64efd2152589,1777391119,0.38,123.68,yes,"{""count_fp"":""123.68"",""created_time"":""2026-04-28T15:45:19.690066Z"",""no_price_dollars"":""0.6200"",""taker_side"":""yes"",""ticker"":""KXBTC15M-26APR281200-00"",""trade_id"":""7e82b97b-e977-567c-ccd5-64efd2152589"",""yes_price_dollars"":""0.3800""}"
KXBTC15M-26APR281200-00,64640f3f-3ae7-556a-fd2e-0fdeca1d3073,1777391119,0.36,25.12,yes,"{""count_fp"":""25.12"",""created_time"":""2026-04-28T15:45:19.690066Z"",""no_price_dollars"":""0.6400"",""taker_side"":""yes"",""ticker"":""KXBTC15M-26APR281200-00"",""trade_id"":""64640f3f-3ae7-556a-fd2e-0fdeca1d3073"",""yes_price_dollars"":""0.3600""}"
KXBTC15M-26APR281200-00,55b57181-acb4-5179-fe55-b37841064280,1777391119,0.37,40.0,yes,"{""count_fp"":""40.00"",""created_time"":""2026-04-28T15:45:19.690066Z"",""no_price_dollars"":""0.6300"",""taker_side"":""yes"",""ticker"":""KXBTC15M-26APR281200-00"",""trade_id"":""55b57181-acb4-5179-fe55-b37841064280"",""yes_price_dollars"":""0.3700""}"
KXBTC15M-26APR281200-00,9778ab2d-4ca9-659c-eacb-56769109fa71,1777391119,0.35,14.85,no,"{""count_fp"":""14.85"",""created_time"":""2026-04-28T15:45:19.129942Z"",""no_price_dollars"":""0.6500"",""taker_side"":""no"",""ticker"":""KXBTC15M-26APR281200-00"",""trade_id"":""9778ab2d-4ca9-659c-eacb-56769109fa71"",""yes_price_dollars"":""0.3500""}"
KXBTC15M-26APR281200-00,d73f837c-f4a0-6512-6502-4be41bde2793,1777391119,0.36,2.34,yes,"{""count_fp"":""2.34"",""created_time"":""2026-04-28T15:45:19.047191Z"",""no_price_dollars"":""0.6400"",""taker_side"":""yes"",""ticker"":""KXBTC15M-26APR281200-00"",""trade_id"":""d73f837c-f4a0-6512-6502-4be41bde2793"",""yes_price_dollars"":""0.3600""}"
KXBTC15M-26APR281200-00,6a27051c-532f-4dba-be97-b286cf57a00b,1777391120,0.4,2.0,yes,"{""count_fp"":""2.00"",""created_time"":""2026-04-28T15:45:20.608857Z"",""no_price_dollars"":""0.6000"",""taker_side"":""yes"",""ticker"":""KXBTC15M-26APR281200-00"",""trade_id"":""6a27051c-532f-4dba-be97-b286cf57a00b"",""yes_price_dollars"":""0.4000""}"
KXBTC15M-26APR281200-00,70050a8a-29b4-62bd-debc-0564ea3eb00f,1777391120,0.39,12.19,no,"{""count_fp"":""12.19"",""created_time"":""2026-04-28T15:45:20.554973Z"",""no_price_dollars"":""0.6100"",""taker_side"":""no"",""ticker"":""KXBTC15M-26APR281200-00"",""trade_id"":""70050a8a-29b4-62bd-debc-0564ea3eb00f"",""yes_price_dollars"":""0.3900""}"
KXBTC15M-26APR281200-00,6aaff840-b740-693d-0fbd-3bff3d27a573,1777391120,0.39,3.0,no,"{""count_fp"":""3.00"",""created_time"":""2026-04-28T15:45:20.414972Z"",""no_price_dollars"":""0.6100"",""taker_side"":""no"",""ticker"":""KXBTC15M-26APR281200-00"",""trade_id"":""6aaff840-b740-693d-0fbd-3bff3d27a573"",""yes_price_dollars"":""0.3900""}"
KXBTC15M-26APR281200-00,7755179d-7a1a-4271-d88f-372347c0b432,1777391120,0.39,3.0,yes,"{""count_fp"":""3.00"",""created_time"":""2026-04-28T15:45:20.150669Z"",""no_price_dollars"":""0.6100"",""taker_side"":""yes"",""ticker"":""KXBTC15M-26APR281200-00"",""trade_id"":""7755179d-7a1a-4271-d88f-372347c0b432"",""yes_price_dollars"":""0.3900""}"
KXBTC15M-26APR281200-00,3c7c4283-b5cc-4934-c205-3760b7e7494c,1777391120,0.39,8.0,yes,"{""count_fp"":""8.00"",""created_time"":""2026-04-28T15:45:20.150669Z"",""no_price_dollars"":""0.6100"",""taker_side"":""yes"",""ticker"":""KXBTC15M-26APR281200-00"",""trade_id"":""3c7c4283-b5cc-4934-c205-3760b7e7494c"",""yes_price_dollars"":""0.3900""}"
KXBTC15M-26APR281200-00,25f53179-a431-4d90-cfa1-730c7e4afafa,1777391120,0.38,5.0,yes,"{""count_fp"":""5.00"",""created_time"":""2026-04-28T15:45:20.150669Z"",""no_price_dollars"":""0.6200"",""taker_side"":""yes"",""ticker"":""KXBTC15M-26APR281200-00"",""trade_id"":""25f53179-a431-4d90-cfa1-730c7e4afafa"",""yes_price_dollars"":""0.3800""}"
KXBTC15M-26APR281200-00,a3928a49-613c-6425-2e3e-a42841147003,1777391121,0.39,15.95,no,"{""count_fp"":""15.95"",""created_time"":""2026-04-28T15:45:21.451857Z"",""no_price_dollars"":""0.6100"",""taker_side"":""no"",""ticker"":""KXBTC15M-26APR281200-00"",""trade_id"":""a3928a49-613c-6425-2e3e-a42841147003"",""yes_price_dollars"":""0.3900""}"
KXBTC15M-26APR281200-00,b7d9db8e-6f9c-51fd-4d1b-7e76b189b637,1777391121,0.39,7.73,no,"{""count_fp"":""7.73"",""created_time"":""2026-04-28T15:45:21.327644Z"",""no_price_dollars"":""0.6100"",""taker_side"":""no"",""ticker"":""KXBTC15M-26APR281200-00"",""trade_id"":""b7d9db8e-6f9c-51fd-4d1b-7e76b189b637"",""yes_price_dollars"":""0.3900""}"
KXBTC15M-26APR281200-00,9fe70fc8-95cb-4530-45a2-5caf052d2a65,1777391122,0.39,5.0,no,"{""count_fp"":""5.00"",""created_time"":""2026-04-28T15:45:22.885614Z"",""no_price_dollars"":""0.6100"",""taker_side"":""no"",""ticker"":""KXBTC15M-26APR281200-00"",""trade_id"":""9fe70fc8-95cb-4530-45a2-5caf052d2a65"",""yes_price_dollars"":""0.3900""}"
KXBTC15M-26APR281200-00,b27a2824-bfe7-5898-0996-64ee7d412609,1777391122,0.39,3.19,no,"{""count_fp"":""3.19"",""created_time"":""2026-04-28T15:45:22.804107Z"",""no_price_dollars"":""0.6100"",""taker_side"":""no"",""ticker"":""KXBTC15M-26APR281200-00"",""trade_id"":""b27a2824-bfe7-5898-0996-64ee7d412609"",""yes_price_dollars"":""0.3900""}"
KXBTC15M-26APR281200-00,0fa8e54b-e4c4-41db-7f7f-1ae204ee73d6,1777391122,0.4,5.0,yes,"{""count_fp"":""5.00"",""created_time"":""2026-04-28T15:45:22.637418Z"",""no_price_dollars"":""0.6000"",""taker_side"":""yes"",""ticker"":""KXBTC15M-26APR281200-00"",""trade_id"":""0fa8e54b-e4c4-41db-7f7f-1ae204ee73d6"",""yes_price_dollars"":""0.4000""}"
KXBTC15M-26APR281200-00,d8325547-1a2b-4b8c-b3e7-ce99020a02cd,1777391122,0.39,5.76,no,"{""count_fp"":""5.76"",""created_time"":""2026-04-28T15:45:22.566589Z"",""no_price_dollars"":""0.6100"",""taker_side"":""no"",""ticker"":""KXBTC15M-26APR281200-00"",""trade_id"":""d8325547-1a2b-4b8c-b3e7-ce99020a02cd"",""yes_price_dollars"":""0.3900""}"
KXBTC15M-26APR281200-00,9c6e4d1d-0188-4837-adee-81259bdef1dc,1777391122,0.39,7.0,no,"{""count_fp"":""7.00"",""created_time"":""2026-04-28T15:45:22.566589Z"",""no_price_dollars"":""0.6100"",""taker_side"":""no"",""ticker"":""KXBTC15M-26APR281200-00"",""trade_id"":""9c6e4d1d-0188-4837-adee-81259bdef1dc"",""yes_price_dollars"":""0.3900""}"
KXBTC15M-26APR281200-00,7b825596-b36b-4718-891c-7cf4726f4869,1777391122,0.4,59.27,yes,"{""count_fp"":""59.27"",""created_time"":""2026-04-28T15:45:22.346152Z"",""no_price_dollars"":""0.6000"",""taker_side"":""yes"",""ticker"":""KXBTC15M-26APR281200-00"",""trade_id"":""7b825596-b36b-4718-891c-7cf4726f4869"",""yes_price_dollars"":""0.4000""}"
KXBTC15M-26APR281200-00,faec4fa7-a12a-4fa9-54f9-74c2aab22c96,1777391122,0.4,40.0,yes,"{""count_fp"":""40.00"",""created_time"":""2026-04-28T15:45:22.264704Z"",""no_price_dollars"":""0.6000"",""taker_side"":""yes"",""ticker"":""KXBTC15M-26APR281200-00"",""trade_id"":""faec4fa7-a12a-4fa9-54f9-74c2aab22c96"",""yes_price_dollars"":""0.4000""}"
KXBTC15M-26APR281200-00,ee8ae814-a98b-4d90-6996-e12407665fd5,1777391122,0.4,53.09,yes,"{""count_fp"":""53.09"",""created_time"":""2026-04-28T15:45:22.264704Z"",""no_price_dollars"":""0.6000"",""taker_side"":""yes"",""ticker"":""KXBTC15M-26APR281200-00"",""trade_id"":""ee8ae814-a98b-4d90-6996-e12407665fd5"",""yes_price_dollars"":""0.4000""}"
KXBTC15M-26APR281200-00,b55d008b-521f-4c94-6d90-d38e8e86ff0d,1777391122,0.4,3.0,yes,"{""count_fp"":""3.00"",""created_time"":""2026-04-28T15:45:22.264704Z"",""no_price_dollars"":""0.6000"",""taker_side"":""yes"",""ticker"":""KXBTC15M-26APR281200-00"",""trade_id"":""b55d008b-521f-4c94-6d90-d38e8e86ff0d"",""yes_price_dollars"":""0.4000""}"
KXBTC15M-26APR281200-00,a3987ecb-ddb5-425c-71f7-3928a8809240,1777391122,0.4,5.02,yes,"{""count_fp"":""5.02"",""created_time"":""2026-04-28T15:45:22.264704Z"",""no_price_dollars"":""0.6000"",""taker_side"":""yes"",""ticker"":""KXBTC15M-26APR281200-00"",""trade_id"":""a3987ecb-ddb5-425c-71f7-3928a8809240"",""yes_price_dollars"":""0.4000""}"
KXBTC15M-26APR281200-00,5707a892-5f19-49df-56e9-e366e221d77d,1777391122,0.4,5.0,yes,"{""count_fp"":""5.00"",""created_time"":""2026-04-28T15:45:22.264704Z"",""no_price_dollars"":""0.6000"",""taker_side"":""yes"",""ticker"":""KXBTC15M-26APR281200-00"",""trade_id"":""5707a892-5f19-49df-56e9-e366e221d77d"",""yes_price_dollars"":""0.4000""}"
KXBTC15M-26APR281200-00,dc06521d-47d1-4794-fb21-c300a6ba2d98,1777391122,0.4,11.99,yes,"{""count_fp"":""11.99"",""created_time"":""2026-04-28T15:45:22.144063Z"",""no_price_dollars"":""0.6000"",""taker_side"":""yes"",""ticker"":""KXBTC15M-26APR281200-00"",""trade_id"":""dc06521d-47d1-4794-fb21-c300a6ba2d98"",""yes_price_dollars"":""0.4000""}"
KXBTC15M-26APR281200-00,0847945c-d9d8-4c59-abe8-d4b1f283e663,1777391122,0.39,1.0,no,"{""count_fp"":""1.00"",""created_time"":""2026-04-28T15:45:22.128109Z"",""no_price_dollars"":""0.6100"",""taker_side"":""no"",""ticker"":""KXBTC15M-26APR281200-00"",""trade_id"":""0847945c-d9d8-4c59-abe8-d4b1f283e663"",""yes_price_dollars"":""0.3900""}"
KXBTC15M-26APR281200-00,ceb9000f-f0c7-57bd-cad5-1542422c5c03,1777391123,0.4,1.27,yes,"{""count_fp"":""1.27"",""created_time"":""2026-04-28T15:45:23.766564Z"",""no_price_dollars"":""0.6000"",""taker_side"":""yes"",""ticker"":""KXBTC15M-26APR281200-00"",""trade_id"":""ceb9000f-f0c7-57bd-cad5-1542422c5c03"",""yes_price_dollars"":""0.4000""}"
KXBTC15M-26APR281200-00,b91f5ab7-4987-7f6d-8ff5-4d8ae3d0fddb,1777391123,0.4,1.0,yes,"{""count_fp"":""1.00"",""created_time"":""2026-04-28T15:45:23.655668Z"",""no_price_dollars"":""0.6000"",""taker_side"":""yes"",""ticker"":""KXBTC15M-26APR281200-00"",""trade_id"":""b91f5ab7-4987-7f6d-8ff5-4d8ae3d0fddb"",""yes_price_dollars"":""0.4000""}"
KXBTC15M-26APR281200-00,71547f1e-8b37-5ff5-1011-16b748156edb,1777391123,0.4,23.99,yes,"{""count_fp"":""23.99"",""created_time"":""2026-04-28T15:45:23.579311Z"",""no_price_dollars"":""0.6000"",""taker_side"":""yes"",""ticker"":""KXBTC15M-26APR281200-00"",""trade_id"":""71547f1e-8b37-5ff5-1011-16b748156edb"",""yes_price_dollars"":""0.4000""}"
KXBTC15M-26APR281200-00,f6235d1f-c37b-6331-c971-732fd7f4ca27,1777391123,0.4,239.92,yes,"{""count_fp"":""239.92"",""created_time"":""2026-04-28T15:45:23.572463Z"",""no_price_dollars"":""0.6000"",""taker_side"":""yes"",""ticker"":""KXBTC15M-26APR281200-00"",""trade_id"":""f6235d1f-c37b-6331-c971-732fd7f4ca27"",""yes_price_dollars"":""0.4000""}"
KXBTC15M-26APR281200-00,744175cd-7757-6525-a1fc-68a542ffb007,1777391123,0.4,11.99,yes,"{""count_fp"":""11.99"",""created_time"":""2026-04-28T15:45:23.389629Z"",""no_price_dollars"":""0.6000"",""taker_side"":""yes"",""ticker"":""KXBTC15M-26APR281200-00"",""trade_id"":""744175cd-7757-6525-a1fc-68a542ffb007"",""yes_price_dollars"":""0.4000""}"
KXBTC15M-26APR281200-00,eab3d763-cbad-48de-2bcd-952749eabcf3,1777391124,0.45,3.0,no,"{""count_fp"":""3.00"",""created_time"":""2026-04-28T15:45:24.894055Z"",""no_price_dollars"":""0.5500"",""taker_side"":""no"",""ticker"":""KXBTC15M-26APR281200-00"",""trade_id"":""eab3d763-cbad-48de-2bcd-952749eabcf3"",""yes_price_dollars"":""0.4500""}"
KXBTC15M-26APR281200-00,273dc1fa-06e6-43a3-01cd-0fa75190a3a0,1777391124,0.45,33.95,no,"{""count_fp"":""33.95"",""created_time"":""2026-04-28T15:45:24.894055Z"",""no_price_dollars"":""0.5500"",""taker_side"":""no"",""ticker"":""KXBTC15M-26APR281200-00"",""trade_id"":""273dc1fa-06e6-43a3-01cd-0fa75190a3a0"",""yes_price_dollars"":""0.4500""}"
KXBTC15M-26APR281200-00,24222f40-31cc-4720-2cca-55499593e55b,1777391124,0.45,5.0,no,"{""count_fp"":""5.00"",""created_time"":""2026-04-28T15:45:24.894055Z"",""no_price_dollars"":""0.5500"",""taker_side"":""no"",""ticker"":""KXBTC15M-26APR281200-00"",""trade_id"":""24222f40-31cc-4720-2cca-55499593e55b"",""yes_price_dollars"":""0.4500""}"
KXBTC15M-26APR281200-00,26f2ad52-c941-43f2-7f3e-69f3a60c001e,1777391124,0.46,10.0,no,"{""count_fp"":""10.00"",""created_time"":""2026-04-28T15:45:24.877728Z"",""no_price_dollars"":""0.5400"",""taker_side"":""no"",""ticker"":""KXBTC15M-26APR281200-00"",""trade_id"":""26f2ad52-c941-43f2-7f3e-69f3a60c001e"",""yes_price_dollars"":""0.4600""}"
KXBTC15M-26APR281200-00,57fabe6c-a10f-6171-a6bf-5c8169f5584c,1777391124,0.46,21.51,no,"{""count_fp"":""21.51"",""created_time"":""2026-04-28T15:45:24.826227Z"",""no_price_dollars"":""0.5400"",""taker_side"":""no"",""ticker"":""KXBTC15M-26APR281200-00"",""trade_id"":""57fabe6c-a10f-6171-a6bf-5c8169f5584c"",""yes_price_dollars"":""0.4600""}"
KXBTC15M-26APR281200-00,0ee2f3e1-b4e8-652e-b6eb-c168d0cb8216,1777391124,0.47,42.11,no,"{""count_fp"":""42.11"",""created_time"":""2026-04-28T15:45:24.780873Z"",""no_price_dollars"":""0.5300"",""taker_side"":""no"",""ticker"":""KXBTC15M-26APR281200-00"",""trade_id"":""0ee2f3e1-b4e8-652e-b6eb-c168d0cb8216"",""yes_price_dollars"":""0.4700""}"
KXBTC15M-26APR281200-00,d8949e2f-2d15-4db5-90f7-5f941b13030a,1777391124,0.47,35.88,yes,"{""count_fp"":""35.88"",""created_time"":""2026-04-28T15:45:24.561215Z"",""no_price_dollars"":""0.5300"",""taker_side"":""yes"",""ticker"":""KXBTC15M-26APR281200-00"",""trade_id"":""d8949e2f-2d15-4db5-90f7-5f941b13030a"",""yes_price_dollars"":""0.4700""}"
KXBTC15M-26APR281200-00,7a43c1f4-f570-407c-0dad-e87efd762ba0,1777391124,0.46,3.0,yes,"{""count_fp"":""3.00"",""created_time"":""2026-04-28T15:45:24.554689Z"",""no_price_dollars"":""0.5400"",""taker_side"":""yes"",""ticker"":""KXBTC15M-26APR281200-00"",""trade_id"":""7a43c1f4-f570-407c-0dad-e87efd762ba0"",""yes_price_dollars"":""0.4600""}"
KXBTC15M-26APR281200-00,a7bbe8cd-6329-5701-6299-ba68a7a86d7f,1777391124,0.45,20.0,yes,"{""count_fp"":""20.00"",""created_time"":""2026-04-28T15:45:24.533151Z"",""no_price_dollars"":""0.5500"",""taker_side"":""yes"",""ticker"":""KXBTC15M-26APR281200-00"",""trade_id"":""a7bbe8cd-6329-5701-6299-ba68a7a86d7f"",""yes_price_dollars"":""0.4500""}"
KXBTC15M-26APR281200-00,fef7e245-7eee-6e40-b420-6b9eb21e00a5,1777391124,0.44,20.0,no,"{""count_fp"":""20.00"",""created_time"":""2026-04-28T15:45:24.530721Z"",""no_price_dollars"":""0.5600"",""taker_side"":""no"",""ticker"":""KXBTC15M-26APR281200-00"",""trade_id"":""fef7e245-7eee-6e40-b420-6b9eb21e00a5"",""yes_price_dollars"":""0.4400""}"
KXBTC15M-26APR281200-00,831cb921-20e5-6150-a985-4e8359aadade,1777391124,0.43,21.38,no,"{""count_fp"":""21.38"",""created_time"":""2026-04-28T15:45:24.530721Z"",""no_price_dollars"":""0.5700"",""taker_side"":""no"",""ticker"":""KXBTC15M-26APR281200-00"",""trade_id"":""831cb921-20e5-6150-a985-4e8359aadade"",""yes_price_dollars"":""0.4300""}"
KXBTC15M-26APR281200-00,55c8cf47-d88a-65f8-b63b-dfe099457033,1777391124,0.44,40.0,no,"{""count_fp"":""40.00"",""created_time"":""2026-04-28T15:45:24.530721Z"",""no_price_dollars"":""0.5600"",""taker_side"":""no"",""ticker"":""KXBTC15M-26APR281200-00"",""trade_id"":""55c8cf47-d88a-65f8-b63b-dfe099457033"",""yes_price_dollars"":""0.4400""}"
KXBTC15M-26APR281200-00,4d92b215-9e2d-6381-4edc-596a73a54338,1777391124,0.45,21.32,yes,"{""count_fp"":""21.32"",""created_time"":""2026-04-28T15:45:24.525336Z"",""no_price_dollars"":""0.5500"",""taker_side"":""yes"",""ticker"":""KXBTC15M-26APR281200-00"",""trade_id"":""4d92b215-9e2d-6381-4edc-596a73a54338"",""yes_price_dollars"":""0.4500""}"
KXBTC15M-26APR281200-00,b395d728-1259-42f5-1410-002d70926534,1777391124,0.45,63.53,yes,"{""count_fp"":""63.53"",""created_time"":""2026-04-28T15:45:24.513244Z"",""no_price_dollars"":""0.5500"",""taker_side"":""yes"",""ticker"":""KXBTC15M-26APR281200-00"",""trade_id"":""b395d728-1259-42f5-1410-002d70926534"",""yes_price_dollars"":""0.4500""}"
KXBTC15M-26APR281200-00,17e22353-2d6e-4191-1e10-3c22f522d3d3,1777391124,0.45,49.47,yes,"{""count_fp"":""49.47"",""created_time"":""2026-04-28T15:45:24.513244Z"",""no_price_dollars"":""0.5500"",""taker_side"":""yes"",""ticker"":""KXBTC15M-26APR281200-00"",""trade_id"":""17e22353-2d6e-4191-1e10-3c22f522d3d3"",""yes_price_dollars"":""0.4500""}"
KXBTC15M-26APR281200-00,9e1fed0f-b2ca-60cd-126a-337e465bdb4f,1777391124,0.45,20.71,yes,"{""count_fp"":""20.71"",""created_time"":""2026-04-28T15:45:24.510662Z"",""no_price_dollars"":""0.5500"",""taker_side"":""yes"",""ticker"":""KXBTC15M-26APR281200-00"",""trade_id"":""9e1fed0f-b2ca-60cd-126a-337e465bdb4f"",""yes_price_dollars"":""0.4500""}"
KXBTC15M-26APR281200-00,81293b81-938d-41c5-4017-66963b0d0950,1777391124,0.44,19.0,yes,"{""count_fp"":""19.00"",""created_time"":""2026-04-28T15:45:24.474546Z"",""no_price_dollars"":""0.5600"",""taker_side"":""yes"",""ticker"":""KXBTC15M-26APR281200-00"",""trade_id"":""81293b81-938d-41c5-4017-66963b0d0950"",""yes_price_dollars"":""0.4400""}"
KXBTC15M-26APR281200-00,ba9ce41f-0a60-58e9-557a-99dd4941e939,1777391124,0.44,40.0,no,"{""count_fp"":""40.00"",""created_time"":""2026-04-28T15:45:24.467685Z"",""no_price_dollars"":""0.5600"",""taker_side"":""no"",""ticker"":""KXBTC15M-26APR281200-00"",""trade_id"":""ba9ce41f-0a60-58e9-557a-99dd4941e939"",""yes_price_dollars"":""0.4400""}"
KXBTC15M-26APR281200-00,c2001ce2-8ee6-646d-fb21-49a617abdfe3,1777391124,0.45,40.18,yes,"{""count_fp"":""40.18"",""created_time"":""2026-04-28T15:45:24.466861Z"",""no_price_dollars"":""0.5500"",""taker_side"":""yes"",""ticker"":""KXBTC15M-26APR281200-00"",""trade_id"":""c2001ce2-8ee6-646d-fb21-49a617abdfe3"",""yes_price_dollars"":""0.4500""}"
KXBTC15M-26APR281200-00,dd32a997-b46a-44c5-076b-9e2a3fdc022b,1777391124,0.45,24.87,yes,"{""count_fp"":""24.87"",""created_time"":""2026-04-28T15:45:24.455588Z"",""no_price_dollars"":""0.5500"",""taker_side"":""yes"",""ticker"":""KXBTC15M-26APR281200-00"",""trade_id"":""dd32a997-b46a-44c5-076b-9e2a3fdc022b"",""yes_price_dollars"":""0.4500""}"
KXBTC15M-26APR281200-00,88a2653b-76e6-4814-2a78-925ad139ca03,1777391124,0.44,1.0,yes,"{""count_fp"":""1.00"",""created_time"":""2026-04-28T15:45:24.455588Z"",""no_price_dollars"":""0.5600"",""taker_side"":""yes"",""ticker"":""KXBTC15M-26APR281200-00"",""trade_id"":""88a2653b-76e6-4814-2a78-925ad139ca03"",""yes_price_dollars"":""0.4400""}"
KXBTC15M-26APR281200-00,7241994b-dc16-5c0c-f7cf-159e53f07ed7,1777391124,0.44,99.0,yes,"{""count_fp"":""99.00"",""created_time"":""2026-04-28T15:45:24.452868Z"",""no_price_dollars"":""0.5600"",""taker_side"":""yes"",""ticker"":""KXBTC15M-26APR281200-00"",""trade_id"":""7241994b-dc16-5c0c-f7cf-159e53f07ed7"",""yes_price_dollars"":""0.4400""}"
KXBTC15M-26APR281200-00,2b4d4a2a-6bae-55be-f946-82566568a758,1777391124,0.43,5.25,yes,"{""count_fp"":""5.25"",""created_time"":""2026-04-28T15:45:24.436993Z"",""no_price_dollars"":""0.5700"",""taker_side"":""yes"",""ticker"":""KXBTC15M-26APR281200-00"",""trade_id"":""2b4d4a2a-6bae-55be-f946-82566568a758"",""yes_price_dollars"":""0.4300""}"
KXBTC15M-26APR281200-00,73cefee0-d83e-7682-e1dc-973010133958,1777391124,0.43,79.75,yes,"{""count_fp"":""79.75"",""created_time"":""2026-04-28T15:45:24.424691Z"",""no_price_dollars"":""0.5700"",""taker_side"":""yes"",""ticker"":""KXBTC15M-26APR281200-00"",""trade_id"":""73cefee0-d83e-7682-e1dc-973010133958"",""yes_price_dollars"":""0.4300""}"
KXBTC15M-26APR281200-00,e9d26e07-d009-5c9f-a72d-5a632068c7e6,1777391124,0.42,267.86,yes,"{""count_fp"":""267.86"",""created_time"":""2026-04-28T15:45:24.401661Z"",""no_price_dollars"":""0.5800"",""taker_side"":""yes"",""ticker"":""KXBTC15M-26APR281200-00"",""trade_id"":""e9d26e07-d009-5c9f-a72d-5a632068c7e6"",""yes_price_dollars"":""0.4200""}"
KXBTC15M-26APR281200-00,6fe21991-400e-5bd1-888a-cfb005d430ed,1777391124,0.42,20.0,yes,"{""count_fp"":""20.00"",""created_time"":""2026-04-28T15:45:24.401661Z"",""no_price_dollars"":""0.5800"",""taker_side"":""yes"",""ticker"":""KXBTC15M-26APR281200-00"",""trade_id"":""6fe21991-400e-5bd1-888a-cfb005d430ed"",""yes_price_dollars"":""0.4200""}"
KXBTC15M-26APR281200-00,326e58ca-0304-5d0d-93fb-e7e6621965f7,1777391124,0.42,5.0,yes,"{""count_fp"":""5.00"",""created_time"":""2026-04-28T15:45:24.401661Z"",""no_price_dollars"":""0.5800"",""taker_side"":""yes"",""ticker"":""KXBTC15M-26APR281200-00"",""trade_id"":""326e58ca-0304-5d0d-93fb-e7e6621965f7"",""yes_price_dollars"":""0.4200""}"
KXBTC15M-26APR281200-00,0edc9b6c-211b-5b2f-8e8d-37164d7d88d7,1777391124,0.42,10.0,yes,"{""count_fp"":""10.00"",""created_time"":""2026-04-28T15:45:24.401661Z"",""no_price_dollars"":""0.5800"",""taker_side"":""yes"",""ticker"":""KXBTC15M-26APR281200-00"",""trade_id"":""0edc9b6c-211b-5b2f-8e8d-37164d7d88d7"",""yes_price_dollars"":""0.4200""}"
KXBTC15M-26APR281200-00,a3c8a029-28e9-7603-c380-4950772b0cee,1777391124,0.42,35.78,yes,"{""count_fp"":""35.78"",""created_time"":""2026-04-28T15:45:24.398423Z"",""no_price_dollars"":""0.5800"",""taker_side"":""yes"",""ticker"":""KXBTC15M-26APR281200-00"",""trade_id"":""a3c8a029-28e9-7603-c380-4950772b0cee"",""yes_price_dollars"":""0.4200""}"
KXBTC15M-26APR281200-00,6b0398b2-d4b5-4093-1191-7c174abc83be,1777391124,0.42,40.37,yes,"{""count_fp"":""40.37"",""created_time"":""2026-04-28T15:45:24.387757Z"",""no_price_dollars"":""0.5800"",""taker_side"":""yes"",""ticker"":""KXBTC15M-26APR281200-00"",""trade_id"":""6b0398b2-d4b5-4093-1191-7c174abc83be"",""yes_price_dollars"":""0.4200""}"
KXBTC15M-26APR281200-00,15a12fa3-4695-4de3-a91b-75f3b17518fe,1777391124,0.42,23.59,yes,"{""count_fp"":""23.59"",""created_time"":""2026-04-28T15:45:24.378632Z"",""no_price_dollars"":""0.5800"",""taker_side"":""yes"",""ticker"":""KXBTC15M-26APR281200-00"",""trade_id"":""15a12fa3-4695-4de3-a91b-75f3b17518fe"",""yes_price_dollars"":""0.4200""}"
KXBTC15M-26APR281200-00,194353e2-4b5d-4c6f-16e9-6db04084a822,1777391124,0.42,69.66,yes,"{""count_fp"":""69.66"",""created_time"":""2026-04-28T15:45:24.298406Z"",""no_price_dollars"":""0.5800"",""taker_side"":""yes"",""ticker"":""KXBTC15M-26APR281200-00"",""trade_id"":""194353e2-4b5d-4c6f-16e9-6db04084a822"",""yes_price_dollars"":""0.4200""}"
KXBTC15M-26APR281200-00,ec681df1-3380-6177-4b55-53840edb65aa,1777391124,0.41,35.09,no,"{""count_fp"":""35.09"",""created_time"":""2026-04-28T15:45:24.284592Z"",""no_price_dollars"":""0.5900"",""taker_side"":""no"",""ticker"":""KXBTC15M-26APR281200-00"",""trade_id"":""ec681df1-3380-6177-4b55-53840edb65aa"",""yes_price_dollars"":""0.4100""}"
KXBTC15M-26APR281200-00,667db796-02e5-7d93-bcc7-fa486a1da422,1777391124,0.42,32.45,yes,"{""count_fp"":""32.45"",""created_time"":""2026-04-28T15:45:24.244297Z"",""no_price_dollars"":""0.5800"",""taker_side"":""yes"",""ticker"":""KXBTC15M-26APR281200-00"",""trade_id"":""667db796-02e5-7d93-bcc7-fa486a1da422"",""yes_price_dollars"":""0.4200""}"
KXBTC15M-26APR281200-00,ceef18f7-e599-6fab-9a9e-b0acdf287f9e,1777391124,0.42,30.29,yes,"{""count_fp"":""30.29"",""created_time"":""2026-04-28T15:45:24.231546Z"",""no_price_dollars"":""0.5800"",""taker_side"":""yes"",""ticker"":""KXBTC15M-26APR281200-00"",""trade_id"":""ceef18f7-e599-6fab-9a9e-b0acdf287f9e"",""yes_price_dollars"":""0.4200""}"
KXBTC15M-26APR281200-00,729caf1e-75d6-578d-0459-d3f7eac7805f,1777391124,0.41,13.0,yes,"{""count_fp"":""13.00"",""created_time"":""2026-04-28T15:45:24.211915Z"",""no_price_dollars"":""0.5900"",""taker_side"":""yes"",""ticker"":""KXBTC15M-26APR281200-00"",""trade_id"":""729caf1e-75d6-578d-0459-d3f7eac7805f"",""yes_price_dollars"":""0.4100""}"
KXBTC15M-26APR281200-00,669204f4-09fc-5f84-36c8-50fe522331ba,1777391124,0.41,3.0,yes,"{""count_fp"":""3.00"",""created_time"":""2026-04-28T15:45:24.211915Z"",""no_price_dollars"":""0.5900"",""taker_side"":""yes"",""ticker"":""KXBTC15M-26APR281200-00"",""trade_id"":""669204f4-09fc-5f84-36c8-50fe522331ba"",""yes_price_dollars"":""0.4100""}"
KXBTC15M-26APR281200-00,37061686-6836-5da0-25f3-9f49bb37ee27,1777391124,0.41,1.0,yes,"{""count_fp"":""1.00"",""created_time"":""2026-04-28T15:45:24.211915Z"",""no_price_dollars"":""0.5900"",""taker_side"":""yes"",""ticker"":""KXBTC15M-26APR281200-00"",""trade_id"":""37061686-6836-5da0-25f3-9f49bb37ee27"",""yes_price_dollars"":""0.4100""}"
KXBTC15M-26APR281200-00,fb94c288-1eab-5aed-3989-1d81deb96085,1777391124,0.4,10.0,yes,"{""count_fp"":""10.00"",""created_time"":""2026-04-28T15:45:24.194968Z"",""no_price_dollars"":""0.6000"",""taker_side"":""yes"",""ticker"":""KXBTC15M-26APR281200-00"",""trade_id"":""fb94c288-1eab-5aed-3989-1d81deb96085"",""yes_price_dollars"":""0.4000""}"
KXBTC15M-26APR281200-00,a99ebc5f-e45e-7b3c-f644-207695bfafce,1777391125,0.44,4.11,no,"{""count_fp"":""4.11"",""created_time"":""2026-04-28T15:45:25.438238Z"",""no_price_dollars"":""0.5600"",""taker_side"":""no"",""ticker"":""KXBTC15M-26APR281200-00"",""trade_id"":""a99ebc5f-e45e-7b3c-f644-207695bfafce"",""yes_price_dollars"":""0.4400""}"
KXBTC15M-26APR281200-00,c0359448-3722-7a67-3ac3-c049a8acc728,1777391125,0.43,222.99,no,"{""count_fp"":""222.99"",""created_time"":""2026-04-28T15:45:25.274492Z"",""no_price_dollars"":""0.5700"",""taker_side"":""no"",""ticker"":""KXBTC15M-26APR281200-00"",""trade_id"":""c0359448-3722-7a67-3ac3-c049a8acc728"",""yes_price_dollars"":""0.4300""}"
KXBTC15M-26APR281200-00,a9bd0235-5093-7e7b-2bfe-1f211990ff1f,1777391125,0.44,3.0,no,"{""count_fp"":""3.00"",""created_time"":""2026-04-28T15:45:25.274492Z"",""no_price_dollars"":""0.5600"",""taker_side"":""no"",""ticker"":""KXBTC15M-26APR281200-00"",""trade_id"":""a9bd0235-5093-7e7b-2bfe-1f211990ff1f"",""yes_price_dollars"":""0.4400""}"
KXBTC15M-26APR281200-00,61c7bc31-c8ee-7661-318d-5bae2c6d13cd,1777391125,0.43,100.0,no,"{""count_fp"":""100.00"",""created_time"":""2026-04-28T15:45:25.274492Z"",""no_price_dollars"":""0.5700"",""taker_side"":""no"",""ticker"":""KXBTC15M-26APR281200-00"",""trade_id"":""61c7bc31-c8ee-7661-318d-5bae2c6d13cd"",""yes_price_dollars"":""0.4300""}"
KXBTC15M-26APR281200-00,b7423c41-d906-5ad1-19c8-60d57b2300a3,1777391125,0.44,40.0,yes,"{""count_fp"":""40.00"",""created_time"":""2026-04-28T15:45:25.001004Z"",""no_price_dollars"":""0.5600"",""taker_side"":""yes"",""ticker"":""KXBTC15M-26APR281200-00"",""trade_id"":""b7423c41-d906-5ad1-19c8-60d57b2300a3"",""yes_price_dollars"":""0.4400""}"
KXBTC15M-26APR281200-00,363da42c-efe5-69d9-366c-238eef272bbf,1777391126,0.43,1.0,yes,"{""count_fp"":""1.00"",""created_time"":""2026-04-28T15:45:26.933132Z"",""no_price_dollars"":""0.5700"",""taker_side"":""yes"",""ticker"":""KXBTC15M-26APR281200-00"",""trade_id"":""363da42c-efe5-69d9-366c-238eef272bbf"",""yes_price_dollars"":""0.4300""}"
KXBTC15M-26APR281200-00,544fb240-a04f-6a17-ff11-9d0d45b948b9,1777391126,0.43,39.34,no,"{""count_fp"":""39.34"",""created_time"":""2026-04-28T15:45:26.886184Z"",""no_price_dollars"":""0.5700"",""taker_side"":""no"",""ticker"":""KXBTC15M-26APR281200-00"",""trade_id"":""544fb240-a04f-6a17-ff11-9d0d45b948b9"",""yes_price_dollars"":""0.4300""}"
KXBTC15M-26APR281200-00,dae746fc-1223-4fbb-c68e-ba3cbee96c15,1777391126,0.43,10.0,no,"{""count_fp"":""10.00"",""created_time"":""2026-04-28T15:45:26.868214Z"",""no_price_dollars"":""0.5700"",""taker_side"":""no"",""ticker"":""KXBTC15M-26APR281200-00"",""trade_id"":""dae746fc-1223-4fbb-c68e-ba3cbee96c15"",""yes_price_dollars"":""0.4300""}"
KXBTC15M-26APR281200-00,b4af807b-441c-6f9b-409b-fb71b97ddbc2,1777391126,0.43,10.0,no,"{""count_fp"":""10.00"",""created_time"":""2026-04-28T15:45:26.851872Z"",""no_price_dollars"":""0.5700"",""taker_side"":""no"",""ticker"":""KXBTC15M-26APR281200-00"",""trade_id"":""b4af807b-441c-6f9b-409b-fb71b97ddbc2"",""yes_price_dollars"":""0.4300""}"
KXBTC15M-26APR281200-00,9736ea3b-b83a-538c-d1cd-978db8ad44a6,1777391126,0.44,12.82,yes,"{""count_fp"":""12.82"",""created_time"":""2026-04-28T15:45:26.452784Z"",""no_price_dollars"":""0.5600"",""taker_side"":""yes"",""ticker"":""KXBTC15M-26APR281200-00"",""trade_id"":""9736ea3b-b83a-538c-d1cd-978db8ad44a6"",""yes_price_dollars"":""0.4400""}"
KXBTC15M-26APR281200-00,b2bc348c-5c4b-59fc-b5c2-c00f5dede53e,1777391126,0.44,10.0,no,"{""count_fp"":""10.00"",""created_time"":""2026-04-28T15:45:26.379035Z"",""no_price_dollars"":""0.5600"",""taker_side"":""no"",""ticker"":""KXBTC15M-26APR281200-00"",""trade_id"":""b2bc348c-5c4b-59fc-b5c2-c00f5dede53e"",""yes_price_dollars"":""0.4400""}"
KXBTC15M-26APR281200-00,abd2508c-1e92-5c22-8e3c-2ea6b7f630aa,1777391126,0.44,8.0,no,"{""count_fp"":""8.00"",""created_time"":""2026-04-28T15:45:26.379035Z"",""no_price_dollars"":""0.5600"",""taker_side"":""no"",""ticker"":""KXBTC15M-26APR281200-00"",""trade_id"":""abd2508c-1e92-5c22-8e3c-2ea6b7f630aa"",""yes_price_dollars"":""0.4400""}"
KXBTC15M-26APR281200-00,c929d02d-3658-5767-6937-6f5ba3d25168,1777391127,0.41,2.0,no,"{""count_fp"":""2.00"",""created_time"":""2026-04-28T15:45:27.852126Z"",""no_price_dollars"":""0.5900"",""taker_side"":""no"",""ticker"":""KXBTC15M-26APR281200-00"",""trade_id"":""c929d02d-3658-5767-6937-6f5ba3d25168"",""yes_price_dollars"":""0.4100""}"
KXBTC15M-26APR281200-00,5369d823-0300-567f-585d-0087a7835bea,1777391127,0.41,1.0,no,"{""count_fp"":""1.00"",""created_time"":""2026-04-28T15:45:27.852126Z"",""no_price_dollars"":""0.5900"",""taker_side"":""no"",""ticker"":""KXBTC15M-26APR281200-00"",""trade_id"":""5369d823-0300-567f-585d-0087a7835bea"",""yes_price_dollars"":""0.4100""}"
KXBTC15M-26APR281200-00,47b227cf-4811-5a41-6a05-fa24339f663c,1777391127,0.42,2.84,no,"{""count_fp"":""2.84"",""created_time"":""2026-04-28T15:45:27.852126Z"",""no_price_dollars"":""0.5800"",""taker_side"":""no"",""ticker"":""KXBTC15M-26APR281200-00"",""trade_id"":""47b227cf-4811-5a41-6a05-fa24339f663c"",""yes_price_dollars"":""0.4200""}"
KXBTC15M-26APR281200-00,4627a2e7-ba58-58af-7992-f877394ac73b,1777391127,0.42,4.0,no,"{""count_fp"":""4.00"",""created_time"":""2026-04-28T15:45:27.852126Z"",""no_price_dollars"":""0.5800"",""taker_side"":""no"",""ticker"":""KXBTC15M-26APR281200-00"",""trade_id"":""4627a2e7-ba58-58af-7992-f877394ac73b"",""yes_price_dollars"":""0.4200""}"
KXBTC15M-26APR281200-00,0c8a0f0a-574a-5e6b-7955-2be408b8d3d5,1777391127,0.41,0.13,no,"{""count_fp"":""0.13"",""created_time"":""2026-04-28T15:45:27.852126Z"",""no_price_dollars"":""0.5900"",""taker_side"":""no"",""ticker"":""KXBTC15M-26APR281200-00"",""trade_id"":""0c8a0f0a-574a-5e6b-7955-2be408b8d3d5"",""yes_price_dollars"":""0.4100""}"
KXBTC15M-26APR281200-00,c8a01ef3-8a79-7f0d-1cad-83f839ea6e38,1777391127,0.42,0.16,no,"{""count_fp"":""0.16"",""created_time"":""2026-04-28T15:45:27.754677Z"",""no_price_dollars"":""0.5800"",""taker_side"":""no"",""ticker"":""KXBTC15M-26APR281200-00"",""trade_id"":""c8a01ef3-8a79-7f0d-1cad-83f839ea6e38"",""yes_price_dollars"":""0.4200""}"
KXBTC15M-26APR281200-00,edc095b7-51b9-677c-1dc5-d7a97cdb28ea,1777391127,0.43,64.56,yes,"{""count_fp"":""64.56"",""created_time"":""2026-04-28T15:45:27.697046Z"",""no_price_dollars"":""0.5700"",""taker_side"":""yes"",""ticker"":""KXBTC15M-26APR281200-00"",""trade_id"":""edc095b7-51b9-677c-1dc5-d7a97cdb28ea"",""yes_price_dollars"":""0.4300""}"
KXBTC15M-26APR281200-00,df262c2b-45f1-61b5-3a07-74e3f493fa33,1777391127,0.43,23.0,yes,"{""count_fp"":""23.00"",""created_time"":""2026-04-28T15:45:27.697046Z"",""no_price_dollars"":""0.5700"",""taker_side"":""yes"",""ticker"":""KXBTC15M-26APR281200-00"",""trade_id"":""df262c2b-45f1-61b5-3a07-74e3f493fa33"",""yes_price_dollars"":""0.4300""}"
KXBTC15M-26APR281200-00,b078279c-1a97-6961-1345-38781d272379,1777391127,0.43,15.0,yes,"{""count_fp"":""15.00"",""created_time"":""2026-04-28T15:45:27.697046Z"",""no_price_dollars"":""0.5700"",""taker_side"":""yes"",""ticker"":""KXBTC15M-26APR281200-00"",""trade_id"":""b078279c-1a97-6961-1345-38781d272379"",""yes_price_dollars"":""0.4300""}"
KXBTC15M-26APR281200-00,6784c5b8-40ff-6706-226e-38b1c949bd85,1777391127,0.43,3.0,yes,"{""count_fp"":""3.00"",""created_time"":""2026-04-28T15:45:27.697046Z"",""no_price_dollars"":""0.5700"",""taker_side"":""yes"",""ticker"":""KXBTC15M-26APR281200-00"",""trade_id"":""6784c5b8-40ff-6706-226e-38b1c949bd85"",""yes_price_dollars"":""0.4300""}"
KXBTC15M-26APR281200-00,dde11d71-c869-4109-188a-93f0b8a07244,1777391127,0.42,5.0,no,"{""count_fp"":""5.00"",""created_time"":""2026-04-28T15:45:27.478362Z"",""no_price_dollars"":""0.5800"",""taker_side"":""no"",""ticker"":""KXBTC15M-26APR281200-00"",""trade_id"":""dde11d71-c869-4109-188a-93f0b8a07244"",""yes_price_dollars"":""0.4200""}"
KXBTC15M-26APR281200-00,fe20fe17-1001-567d-1963-6be67cb60b97,1777391127,0.43,16.0,yes,"{""count_fp"":""16.00"",""created_time"":""2026-04-28T15:45:27.446434Z"",""no_price_dollars"":""0.5700"",""taker_side"":""yes"",""ticker"":""KXBTC15M-26APR281200-00"",""trade_id"":""fe20fe17-1001-567d-1963-6be67cb60b97"",""yes_price_dollars"":""0.4300""}"
KXBTC15M-26APR281200-00,c7757a2e-53f7-4ddb-a352-df16da1b05ee,1777391128,0.43,40.0,yes,"{""count_fp"":""40.00"",""created_time"":""2026-04-28T15:45:28.820415Z"",""no_price_dollars"":""0.5700"",""taker_side"":""yes"",""ticker"":""KXBTC15M-26APR281200-00"",""trade_id"":""c7757a2e-53f7-4ddb-a352-df16da1b05ee"",""yes_price_dollars"":""0.4300""}"
KXBTC15M-26APR281200-00,65641c0d-12eb-4ee1-85c4-47223281652c,1777391128,0.43,1.0,yes,"{""count_fp"":""1.00"",""created_time"":""2026-04-28T15:45:28.820415Z"",""no_price_dollars"":""0.5700"",""taker_side"":""yes"",""ticker"":""KXBTC15M-26APR281200-00"",""trade_id"":""65641c0d-12eb-4ee1-85c4-47223281652c"",""yes_price_dollars"":""0.4300""}"
KXBTC15M-26APR281200-00,6e508605-079d-4687-5de4-68633b8c42b2,1777391128,0.42,11.0,yes,"{""count_fp"":""11.00"",""created_time"":""2026-04-28T15:45:28.421116Z"",""no_price_dollars"":""0.5800"",""taker_side"":""yes"",""ticker"":""KXBTC15M-26APR281200-00"",""trade_id"":""6e508605-079d-4687-5de4-68633b8c42b2"",""yes_price_dollars"":""0.4200""}"
KXBTC15M-26APR281200-00,1fba00fd-31a9-5fc3-ab9d-f68c47b1aaea,1777391128,0.42,5.0,yes,"{""count_fp"":""5.00"",""created_time"":""2026-04-28T15:45:28.020371Z"",""no_price_dollars"":""0.5800"",""taker_side"":""yes"",""ticker"":""KXBTC15M-26APR281200-00"",""trade_id"":""1fba00fd-31a9-5fc3-ab9d-f68c47b1aaea"",""yes_price_dollars"":""0.4200""}"
KXBTC15M-26APR281200-00,b3a5347c-9c58-53cb-3f1b-44e66cdfe393,1777391129,0.43,5.52,no,"{""count_fp"":""5.52"",""created_time"":""2026-04-28T15:45:29.995891Z"",""no_price_dollars"":""0.5700"",""taker_side"":""no"",""ticker"":""KXBTC15M-26APR281200-00"",""trade_id"":""b3a5347c-9c58-53cb-3f1b-44e66cdfe393"",""yes_price_dollars"":""0.4300""}"
KXBTC15M-26APR281200-00,bba45a8c-5b9a-4c20-5612-2979d4d91ae2,1777391129,0.44,10.0,yes,"{""count_fp"":""10.00"",""created_time"":""2026-04-28T15:45:29.498692Z"",""no_price_dollars"":""0.5600"",""taker_side"":""yes"",""ticker"":""KXBTC15M-26APR281200-00"",""trade_id"":""bba45a8c-5b9a-4c20-5612-2979d4d91ae2"",""yes_price_dollars"":""0.4400""}"
KXBTC15M-26APR281200-00,64ae0c7e-c7d3-4b18-2706-525e3a5472ec,1777391130,0.43,10.0,yes,"{""count_fp"":""10.00"",""created_time"":""2026-04-28T15:45:30.879845Z"",""no_price_dollars"":""0.5700"",""taker_side"":""yes"",""ticker"":""KXBTC15M-26APR281200-00"",""trade_id"":""64ae0c7e-c7d3-4b18-2706-525e3a5472ec"",""yes_price_dollars"":""0.4300""}"
KXBTC15M-26APR281200-00,ee5802b3-76db-6b39-619e-da8c695f5357,1777391130,0.42,12.06,no,"{""count_fp"":""12.06"",""created_time"":""2026-04-28T15:45:30.693365Z"",""no_price_dollars"":""0.5800"",""taker_side"":""no"",""ticker"":""KXBTC15M-26APR281200-00"",""trade_id"":""ee5802b3-76db-6b39-619e-da8c695f5357"",""yes_price_dollars"":""0.4200""}"
KXBTC15M-26APR281200-00,a44edbbf-f40c-634b-5871-ba96fb44246b,1777391130,0.43,1.88,no,"{""count_fp"":""1.88"",""created_time"":""2026-04-28T15:45:30.693365Z"",""no_price_dollars"":""0.5700"",""taker_side"":""no"",""ticker"":""KXBTC15M-26APR281200-00"",""trade_id"":""a44edbbf-f40c-634b-5871-ba96fb44246b"",""yes_price_dollars"":""0.4300""}"
KXBTC15M-26APR281200-00,5f13ece3-7463-6eb3-6966-3b9bb03b8c21,1777391130,0.43,10.0,no,"{""count_fp"":""10.00"",""created_time"":""2026-04-28T15:45:30.693365Z"",""no_price_dollars"":""0.5700"",""taker_side"":""no"",""ticker"":""KXBTC15M-26APR281200-00"",""trade_id"":""5f13ece3-7463-6eb3-6966-3b9bb03b8c21"",""yes_price_dollars"":""0.4300""}"
KXBTC15M-26APR281200-00,4b7e4ed2-639b-6e28-5246-d79fa1724b97,1777391130,0.43,10.0,no,"{""count_fp"":""10.00"",""created_time"":""2026-04-28T15:45:30.693365Z"",""no_price_dollars"":""0.5700"",""taker_side"":""no"",""ticker"":""KXBTC15M-26APR281200-00"",""trade_id"":""4b7e4ed2-639b-6e28-5246-d79fa1724b97"",""yes_price_dollars"":""0.4300""}"
KXBTC15M-26APR281200-00,ad4513ae-7cfc-6359-3a46-4be327df1459,1777391130,0.44,3.0,yes,"{""count_fp"":""3.00"",""created_time"":""2026-04-28T15:45:30.677411Z"",""no_price_dollars"":""0.5600"",""taker_side"":""yes"",""ticker"":""KXBTC15M-26APR281200-00"",""trade_id"":""ad4513ae-7cfc-6359-3a46-4be327df1459"",""yes_price_dollars"":""0.4400""}"
KXBTC15M-26APR281200-00,ab52d28f-d2b6-640d-2794-8e31fd5dead0,1777391130,0.44,8.92,yes,"{""count_fp"":""8.92"",""created_time"":""2026-04-28T15:45:30.677411Z"",""no_price_dollars"":""0.5600"",""taker_side"":""yes"",""ticker"":""KXBTC15M-26APR281200-00"",""trade_id"":""ab52d28f-d2b6-640d-2794-8e31fd5dead0"",""yes_price_dollars"":""0.4400""}"
KXBTC15M-26APR281200-00,9f30ec6f-4d97-6763-29b8-e4788fe08deb,1777391130,0.44,1.0,yes,"{""count_fp"":""1.00"",""created_time"":""2026-04-28T15:45:30.677411Z"",""no_price_dollars"":""0.5600"",""taker_side"":""yes"",""ticker"":""KXBTC15M-26APR281200-00"",""trade_id"":""9f30ec6f-4d97-6763-29b8-e4788fe08deb"",""yes_price_dollars"":""0.4400""}"
KXBTC15M-26APR281200-00,61e1a67b-b965-6628-0d97-971c75d1796a,1777391130,0.44,40.48,yes,"{""count_fp"":""40.48"",""created_time"":""2026-04-28T15:45:30.677411Z"",""no_price_dollars"":""0.5600"",""taker_side"":""yes"",""ticker"":""KXBTC15M-26APR281200-00"",""trade_id"":""61e1a67b-b965-6628-0d97-971c75d1796a"",""yes_price_dollars"":""0.4400""}"
KXBTC15M-26APR281200-00,067a7e99-8152-4bb1-ee99-9d56d5c0be88,1777391130,0.44,1.08,yes,"{""count_fp"":""1.08"",""created_time"":""2026-04-28T15:45:30.661559Z"",""no_price_dollars"":""0.5600"",""taker_side"":""yes"",""ticker"":""KXBTC15M-26APR281200-00"",""trade_id"":""067a7e99-8152-4bb1-ee99-9d56d5c0be88"",""yes_price_dollars"":""0.4400""}"
KXBTC15M-26APR281200-00,49a65af4-803c-5437-4a3b-39f93b92654b,1777391130,0.43,16.6,no,"{""count_fp"":""16.60"",""created_time"":""2026-04-28T15:45:30.356209Z"",""no_price_dollars"":""0.5700"",""taker_side"":""no"",""ticker"":""KXBTC15M-26APR281200-00"",""trade_id"":""49a65af4-803c-5437-4a3b-39f93b92654b"",""yes_price_dollars"":""0.4300""}"
KXBTC15M-26APR281200-00,700d2e57-67c4-6a8b-5346-67db6a1f4cb3,1777391130,0.43,8.0,no,"{""count_fp"":""8.00"",""created_time"":""2026-04-28T15:45:30.285275Z"",""no_price_dollars"":""0.5700"",""taker_side"":""no"",""ticker"":""KXBTC15M-26APR281200-00"",""trade_id"":""700d2e57-67c4-6a8b-5346-67db6a1f4cb3"",""yes_price_dollars"":""0.4300""}"
KXBTC15M-26APR281200-00,da2ca999-9fe4-47ef-c31e-f68947b5fbb3,1777391130,0.43,8.0,no,"{""count_fp"":""8.00"",""created_time"":""2026-04-28T15:45:30.234189Z"",""no_price_dollars"":""0.5700"",""taker_side"":""no"",""ticker"":""KXBTC15M-26APR281200-00"",""trade_id"":""da2ca999-9fe4-47ef-c31e-f68947b5fbb3"",""yes_price_dollars"":""0.4300""}"
KXBTC15M-26APR281200-00,c40e56a5-393c-5784-f364-fc7a98bdb0dc,1777391130,0.44,14.0,yes,"{""count_fp"":""14.00"",""created_time"":""2026-04-28T15:45:30.161092Z"",""no_price_dollars"":""0.5600"",""taker_side"":""yes"",""ticker"":""KXBTC15M-26APR281200-00"",""trade_id"":""c40e56a5-393c-5784-f364-fc7a98bdb0dc"",""yes_price_dollars"":""0.4400""}"
KXBTC15M-26APR281200-00,aaee2466-446f-5e23-e938-234b4a67751e,1777391130,0.44,10.0,yes,"{""count_fp"":""10.00"",""created_time"":""2026-04-28T15:45:30.161092Z"",""no_price_dollars"":""0.5600"",""taker_side"":""yes"",""ticker"":""KXBTC15M-26APR281200-00"",""trade_id"":""aaee2466-446f-5e23-e938-234b4a67751e"",""yes_price_dollars"":""0.4400""}"
KXBTC15M-26APR281200-00,588af3c3-f2ba-5c26-ecd7-6a9efb4e67f7,1777391130,0.44,27.51,yes,"{""count_fp"":""27.51"",""created_time"":""2026-04-28T15:45:30.161092Z"",""no_price_dollars"":""0.5600"",""taker_side"":""yes"",""ticker"":""KXBTC15M-26APR281200-00"",""trade_id"":""588af3c3-f2ba-5c26-ecd7-6a9efb4e67f7"",""yes_price_dollars"":""0.4400""}"
KXBTC15M-26APR281200-00,7c18622d-2493-7efc-6cf5-f42cea88f9f0,1777391131,0.43,5.0,yes,"{""count_fp"":""5.00"",""created_time"":""2026-04-28T15:45:31.658348Z"",""no_price_dollars"":""0.5700"",""taker_side"":""yes"",""ticker"":""KXBTC15M-26APR281200-00"",""trade_id"":""7c18622d-2493-7efc-6cf5-f42cea88f9f0"",""yes_price_dollars"":""0.4300""}"
KXBTC15M-26APR281200-00,c1024c78-4ef6-5b6e-84ee-7866bf5c78ce,1777391131,0.42,1.0,no,"{""count_fp"":""1.00"",""created_time"":""2026-04-28T15:45:31.432088Z"",""no_price_dollars"":""0.5800"",""taker_side"":""no"",""ticker"":""KXBTC15M-26APR281200-00"",""trade_id"":""c1024c78-4ef6-5b6e-84ee-7866bf5c78ce"",""yes_price_dollars"":""0.4200""}"
KXBTC15M-26APR281200-00,b8f551b0-adbb-5bad-8cd9-f8866b8ae1b3,1777391131,0.42,22.59,no,"{""count_fp"":""22.59"",""created_time"":""2026-04-28T15:45:31.432088Z"",""no_price_dollars"":""0.5800"",""taker_side"":""no"",""ticker"":""KXBTC15M-26APR281200-00"",""trade_id"":""b8f551b0-adbb-5bad-8cd9-f8866b8ae1b3"",""yes_price_dollars"":""0.4200""}"
KXBTC15M-26APR281200-00,4444cc06-0829-5aeb-bddb-8ee2bab34ce6,1777391131,0.42,0.92,no,"{""count_fp"":""0.92"",""created_time"":""2026-04-28T15:45:31.432088Z"",""no_price_dollars"":""0.5800"",""taker_side"":""no"",""ticker"":""KXBTC15M-26APR281200-00"",""trade_id"":""4444cc06-0829-5aeb-bddb-8ee2bab34ce6"",""yes_price_dollars"":""0.4200""}"
KXBTC15M-26APR281200-00,a50b94c9-dd2b-62fc-d7e0-619bc86a9648,1777391131,0.43,10.0,yes,"{""count_fp"":""10.00"",""created_time"":""2026-04-28T15:45:31.400749Z"",""no_price_dollars"":""0.5700"",""taker_side"":""yes"",""ticker"":""KXBTC15M-26APR281200-00"",""trade_id"":""a50b94c9-dd2b-62fc-d7e0-619bc86a9648"",""yes_price_dollars"":""0.4300""}"
KXBTC15M-26APR281200-00,d077c150-6a1b-5434-f542-09b325b93aec,1777391131,0.43,1.0,yes,"{""count_fp"":""1.00"",""created_time"":""2026-04-28T15:45:31.396803Z"",""no_price_dollars"":""0.5700"",""taker_side"":""yes"",""ticker"":""KXBTC15M-26APR281200-00"",""trade_id"":""d077c150-6a1b-5434-f542-09b325b93aec"",""yes_price_dollars"":""0.4300""}"
KXBTC15M-26APR281200-00,3042298f-32bb-65e4-50e4-000d1b910ae0,1777391131,0.43,21.39,yes,"{""count_fp"":""21.39"",""created_time"":""2026-04-28T15:45:31.296586Z"",""no_price_dollars"":""0.5700"",""taker_side"":""yes"",""ticker"":""KXBTC15M-26APR281200-00"",""trade_id"":""3042298f-32bb-65e4-50e4-000d1b910ae0"",""yes_price_dollars"":""0.4300""}"
KXBTC15M-26APR281200-00,4e624792-80f3-4b6c-9b01-9635fb2037e0,1777391131,0.43,15.65,yes,"{""count_fp"":""15.65"",""created_time"":""2026-04-28T15:45:31.222984Z"",""no_price_dollars"":""0.5700"",""taker_side"":""yes"",""ticker"":""KXBTC15M-26APR281200-00"",""trade_id"":""4e624792-80f3-4b6c-9b01-9635fb2037e0"",""yes_price_dollars"":""0.4300""}"
KXBTC15M-26APR281200-00,25f5ace9-9e0b-7841-d884-e2403a5634c7,1777391131,0.42,0.37,no,"{""count_fp"":""0.37"",""created_time"":""2026-04-28T15:45:31.073465Z"",""no_price_dollars"":""0.5800"",""taker_side"":""no"",""ticker"":""KXBTC15M-26APR281200-00"",""trade_id"":""25f5ace9-9e0b-7841-d884-e2403a5634c7"",""yes_price_dollars"":""0.4200""}"
KXBTC15M-26APR281200-00,6bb373ad-5f65-659b-6988-e5e9d0da56f8,1777391132,0.43,9.19,yes,"{""count_fp"":""9.19"",""created_time"":""2026-04-28T15:45:32.785159Z"",""no_price_dollars"":""0.5700"",""taker_side"":""yes"",""ticker"":""KXBTC15M-26APR281200-00"",""trade_id"":""6bb373ad-5f65-659b-6988-e5e9d0da56f8"",""yes_price_dollars"":""0.4300""}"
KXBTC15M-26APR281200-00,27ca7597-fdd7-64d0-4556-e7966b44f140,1777391132,0.43,6.46,yes,"{""count_fp"":""6.46"",""created_time"":""2026-04-28T15:45:32.785159Z"",""no_price_dollars"":""0.5700"",""taker_side"":""yes"",""ticker"":""KXBTC15M-26APR281200-00"",""trade_id"":""27ca7597-fdd7-64d0-4556-e7966b44f140"",""yes_price_dollars"":""0.4300""}"
KXBTC15M-26APR281200-00,167cc564-ccf7-583f-f369-e332e52f3e07,1777391132,0.42,18.92,no,"{""count_fp"":""18.92"",""created_time"":""2026-04-28T15:45:32.661397Z"",""no_price_dollars"":""0.5800"",""taker_side"":""no"",""ticker"":""KXBTC15M-26APR281200-00"",""trade_id"":""167cc564-ccf7-583f-f369-e332e52f3e07"",""yes_price_dollars"":""0.4200""}"
KXBTC15M-26APR281200-00,b263fd92-8e3c-54a3-becb-a007e0ba08fc,1777391133,0.43,2.0,yes,"{""count_fp"":""2.00"",""created_time"":""2026-04-28T15:45:33.899223Z"",""no_price_dollars"":""0.5700"",""taker_side"":""yes"",""ticker"":""KXBTC15M-26APR281200-00"",""trade_id"":""b263fd92-8e3c-54a3-becb-a007e0ba08fc"",""yes_price_dollars"":""0.4300""}"
KXBTC15M-26APR281200-00,3c2c0f3a-d2eb-500a-9e2f-c30eb34d60b9,1777391133,0.42,5.02,no,"{""count_fp"":""5.02"",""created_time"":""2026-04-28T15:45:33.608931Z"",""no_price_dollars"":""0.5800"",""taker_side"":""no"",""ticker"":""KXBTC15M-26APR281200-00"",""trade_id"":""3c2c0f3a-d2eb-500a-9e2f-c30eb34d60b9"",""yes_price_dollars"":""0.4200""}"
KXBTC15M-26APR281200-00,2e13307c-9f2c-478b-4bc9-c32dd925dd94,1777391133,0.43,33.25,yes,"{""count_fp"":""33.25"",""created_time"":""2026-04-28T15:45:33.584377Z"",""no_price_dollars"":""0.5700"",""taker_side"":""yes"",""ticker"":""KXBTC15M-26APR281200-00"",""trade_id"":""2e13307c-9f2c-478b-4bc9-c32dd925dd94"",""yes_price_dollars"":""0.4300""}"
KXBTC15M-26APR281200-00,55417b3b-0af5-76be-0587-c046081628f4,1777391133,0.43,10.63,yes,"{""count_fp"":""10.63"",""created_time"":""2026-04-28T15:45:33.542502Z"",""no_price_dollars"":""0.5700"",""taker_side"":""yes"",""ticker"":""KXBTC15M-26APR281200-00"",""trade_id"":""55417b3b-0af5-76be-0587-c046081628f4"",""yes_price_dollars"":""0.4300""}"
KXBTC15M-26APR281200-00,4d9626be-b5e5-71a3-0a6b-93053cd4a898,1777391133,0.43,30.81,yes,"{""count_fp"":""30.81"",""created_time"":""2026-04-28T15:45:33.542502Z"",""no_price_dollars"":""0.5700"",""taker_side"":""yes"",""ticker"":""KXBTC15M-26APR281200-00"",""trade_id"":""4d9626be-b5e5-71a3-0a6b-93053cd4a898"",""yes_price_dollars"":""0.4300""}"
KXBTC15M-26APR281200-00,1a5bf083-2c95-7a20-3c0c-850e9d88adee,1777391133,0.44,87.85,yes,"{""count_fp"":""87.85"",""created_time"":""2026-04-28T15:45:33.542502Z"",""no_price_dollars"":""0.5600"",""taker_side"":""yes"",""ticker"":""KXBTC15M-26APR281200-00"",""trade_id"":""1a5bf083-2c95-7a20-3c0c-850e9d88adee"",""yes_price_dollars"":""0.4400""}"
KXBTC15M-26APR281200-00,dc3907f9-a1ed-7e9a-f131-d91c111c7f66,1777391133,0.42,10.63,no,"{""count_fp"":""10.63"",""created_time"":""2026-04-28T15:45:33.414087Z"",""no_price_dollars"":""0.5800"",""taker_side"":""no"",""ticker"":""KXBTC15M-26APR281200-00"",""trade_id"":""dc3907f9-a1ed-7e9a-f131-d91c111c7f66"",""yes_price_dollars"":""0.4200""}"
KXBTC15M-26APR281200-00,9be2ae48-280c-7dbc-d2cb-cf8c9ac01c74,1777391133,0.42,13.89,no,"{""count_fp"":""13.89"",""created_time"":""2026-04-28T15:45:33.414087Z"",""no_price_dollars"":""0.5800"",""taker_side"":""no"",""ticker"":""KXBTC15M-26APR281200-00"",""trade_id"":""9be2ae48-280c-7dbc-d2cb-cf8c9ac01c74"",""yes_price_dollars"":""0.4200""}"
KXBTC15M-26APR281200-00,4080d66a-e37f-7bdf-fb80-e6f6d84f8cb7,1777391133,0.42,8.97,no,"{""count_fp"":""8.97"",""created_time"":""2026-04-28T15:45:33.414087Z"",""no_price_dollars"":""0.5800"",""taker_side"":""no"",""ticker"":""KXBTC15M-26APR281200-00"",""trade_id"":""4080d66a-e37f-7bdf-fb80-e6f6d84f8cb7"",""yes_price_dollars"":""0.4200""}"
KXBTC15M-26APR281200-00,e299c2fe-178b-71bb-d139-f5d9b45975a7,1777391133,0.42,8.37,no,"{""count_fp"":""8.37"",""created_time"":""2026-04-28T15:45:33.392053Z"",""no_price_dollars"":""0.5800"",""taker_side"":""no"",""ticker"":""KXBTC15M-26APR281200-00"",""trade_id"":""e299c2fe-178b-71bb-d139-f5d9b45975a7"",""yes_price_dollars"":""0.4200""}"
KXBTC15M-26APR281200-00,84c9c50b-0623-5fb2-63e0-4c1e355ea0e9,1777391134,0.42,16.74,no,"{""count_fp"":""16.74"",""created_time"":""2026-04-28T15:45:34.959089Z"",""no_price_dollars"":""0.5800"",""taker_side"":""no"",""ticker"":""KXBTC15M-26APR281200-00"",""trade_id"":""84c9c50b-0623-5fb2-63e0-4c1e355ea0e9"",""yes_price_dollars"":""0.4200""}"
KXBTC15M-26APR281200-00,cc83cb68-c2da-47d1-8f0a-b3381da5873e,1777391134,0.43,66.5,yes,"{""count_fp"":""66.50"",""created_time"":""2026-04-28T15:45:34.821112Z"",""no_price_dollars"":""0.5700"",""taker_side"":""yes"",""ticker"":""KXBTC15M-26APR281200-00"",""trade_id"":""cc83cb68-c2da-47d1-8f0a-b3381da5873e"",""yes_price_dollars"":""0.4300""}"
KXBTC15M-26APR281200-00,bb1dff66-8faa-7de9-3250-c6725b3086d6,1777391134,0.43,45.5,yes,"{""count_fp"":""45.50"",""created_time"":""2026-04-28T15:45:34.821084Z"",""no_price_dollars"":""0.5700"",""taker_side"":""yes"",""ticker"":""KXBTC15M-26APR281200-00"",""trade_id"":""bb1dff66-8faa-7de9-3250-c6725b3086d6"",""yes_price_dollars"":""0.4300""}"
KXBTC15M-26APR281200-00,4e7b53fa-a207-68d2-7bff-769e6112e4bd,1777391134,0.42,0.61,no,"{""count_fp"":""0.61"",""created_time"":""2026-04-28T15:45:34.433221Z"",""no_price_dollars"":""0.5800"",""taker_side"":""no"",""ticker"":""KXBTC15M-26APR281200-00"",""trade_id"":""4e7b53fa-a207-68d2-7bff-769e6112e4bd"",""yes_price_dollars"":""0.4200""}"
KXBTC15M-26APR281200-00,6dafb2ce-a897-7332-fcdd-8005a96f0431,1777391135,0.43,0.48,no,"{""count_fp"":""0.48"",""created_time"":""2026-04-28T15:45:35.813973Z"",""no_price_dollars"":""0.5700"",""taker_side"":""no"",""ticker"":""KXBTC15M-26APR281200-00"",""trade_id"":""6dafb2ce-a897-7332-fcdd-8005a96f0431"",""yes_price_dollars"":""0.4300""}"
KXBTC15M-26APR281200-00,a43b77d2-a4a6-4262-f0da-f9e24003640f,1777391135,0.44,1.08,yes,"{""count_fp"":""1.08"",""created_time"":""2026-04-28T15:45:35.806073Z"",""no_price_dollars"":""0.5600"",""taker_side"":""yes"",""ticker"":""KXBTC15M-26APR281200-00"",""trade_id"":""a43b77d2-a4a6-4262-f0da-f9e24003640f"",""yes_price_dollars"":""0.4400""}"
KXBTC15M-26APR281200-00,a245b95e-6eba-6ebe-e3cf-473e4f2d5ee3,1777391135,0.44,5.0,yes,"{""count_fp"":""5.00"",""created_time"":""2026-04-28T15:45:35.604017Z"",""no_price_dollars"":""0.5600"",""taker_side"":""yes"",""ticker"":""KXBTC15M-26APR281200-00"",""trade_id"":""a245b95e-6eba-6ebe-e3cf-473e4f2d5ee3"",""yes_price_dollars"":""0.4400""}"
KXBTC15M-26APR281200-00,828ccc27-79e7-50a1-c1cf-a84bd814cbdf,1777391135,0.43,1.0,no,"{""count_fp"":""1.00"",""created_time"":""2026-04-28T15:45:35.363491Z"",""no_price_dollars"":""0.5700"",""taker_side"":""no"",""ticker"":""KXBTC15M-26APR281200-00"",""trade_id"":""828ccc27-79e7-50a1-c1cf-a84bd814cbdf"",""yes_price_dollars"":""0.4300""}"
KXBTC15M-26APR281200-00,72498910-9b15-456f-c792-8e7f81d26195,1777391135,0.43,100.0,yes,"{""count_fp"":""100.00"",""created_time"":""2026-04-28T15:45:35.236619Z"",""no_price_dollars"":""0.5700"",""taker_side"":""yes"",""ticker"":""KXBTC15M-26APR281200-00"",""trade_id"":""72498910-9b15-456f-c792-8e7f81d26195"",""yes_price_dollars"":""0.4300""}"
KXBTC15M-26APR281200-00,6d50b9d9-8df1-456e-cf1b-49a78b37d972,1777391135,0.44,40.0,yes,"{""count_fp"":""40.00"",""created_time"":""2026-04-28T15:45:35.236619Z"",""no_price_dollars"":""0.5600"",""taker_side"":""yes"",""ticker"":""KXBTC15M-26APR281200-00"",""trade_id"":""6d50b9d9-8df1-456e-cf1b-49a78b37d972"",""yes_price_dollars"":""0.4400""}"
KXBTC15M-26APR281200-00,5875e76c-3682-45c3-e47d-9d84c1316b82,1777391135,0.45,29.36,yes,"{""count_fp"":""29.36"",""created_time"":""2026-04-28T15:45:35.236619Z"",""no_price_dollars"":""0.5500"",""taker_side"":""yes"",""ticker"":""KXBTC15M-26APR281200-00"",""trade_id"":""5875e76c-3682-45c3-e47d-9d84c1316b82"",""yes_price_dollars"":""0.4500""}"
KXBTC15M-26APR281200-00,4dd7253b-38b1-40bb-ee4e-b1ef29c9b7ba,1777391135,0.43,10.0,yes,"{""count_fp"":""10.00"",""created_time"":""2026-04-28T15:45:35.236619Z"",""no_price_dollars"":""0.5700"",""taker_side"":""yes"",""ticker"":""KXBTC15M-26APR281200-00"",""trade_id"":""4dd7253b-38b1-40bb-ee4e-b1ef29c9b7ba"",""yes_price_dollars"":""0.4300""}"
KXBTC15M-26APR281200-00,44ef2ff7-36c4-4987-c298-e53824f3ffe4,1777391135,0.43,40.0,yes,"{""count_fp"":""40.00"",""created_time"":""2026-04-28T15:45:35.236619Z"",""no_price_dollars"":""0.5700"",""taker_side"":""yes"",""ticker"":""KXBTC15M-26APR281200-00"",""trade_id"":""44ef2ff7-36c4-4987-c298-e53824f3ffe4"",""yes_price_dollars"":""0.4300""}"
KXBTC15M-26APR281200-00,21250178-6554-4bc4-f230-9542b878950d,1777391135,0.45,0.01,yes,"{""count_fp"":""0.01"",""created_time"":""2026-04-28T15:45:35.236619Z"",""no_price_dollars"":""0.5500"",""taker_side"":""yes"",""ticker"":""KXBTC15M-26APR281200-00"",""trade_id"":""21250178-6554-4bc4-f230-9542b878950d"",""yes_price_dollars"":""0.4500""}"
KXBTC15M-26APR281200-00,b13e39d9-b54d-4f04-ae10-279dc924db58,1777391136,0.39,1.0,no,"{""count_fp"":""1.00"",""created_time"":""2026-04-28T15:45:36.936621Z"",""no_price_dollars"":""0.6100"",""taker_side"":""no"",""ticker"":""KXBTC15M-26APR281200-00"",""trade_id"":""b13e39d9-b54d-4f04-ae10-279dc924db58"",""yes_price_dollars"":""0.3900""}"
KXBTC15M-26APR281200-00,afc0f197-89a7-4156-a759-d0879d2524d9,1777391136,0.39,20.0,no,"{""count_fp"":""20.00"",""created_time"":""2026-04-28T15:45:36.936621Z"",""no_price_dollars"":""0.6100"",""taker_side"":""no"",""ticker"":""KXBTC15M-26APR281200-00"",""trade_id"":""afc0f197-89a7-4156-a759-d0879d2524d9"",""yes_price_dollars"":""0.3900""}"
KXBTC15M-26APR281200-00,66c286d8-0a10-4440-9dd4-864b5759b9e0,1777391136,0.39,20.0,no,"{""count_fp"":""20.00"",""created_time"":""2026-04-28T15:45:36.936621Z"",""no_price_dollars"":""0.6100"",""taker_side"":""no"",""ticker"":""KXBTC15M-26APR281200-00"",""trade_id"":""66c286d8-0a10-4440-9dd4-864b5759b9e0"",""yes_price_dollars"":""0.3900""}"
KXBTC15M-26APR281200-00,391a9be6-f31f-50f0-fe3e-923ffb0def35,1777391136,0.4,14.0,no,"{""count_fp"":""14.00"",""created_time"":""2026-04-28T15:45:36.914584Z"",""no_price_dollars"":""0.6000"",""taker_side"":""no"",""ticker"":""KXBTC15M-26APR281200-00"",""trade_id"":""391a9be6-f31f-50f0-fe3e-923ffb0def35"",""yes_price_dollars"":""0.4000""}"
KXBTC15M-26APR281200-00,03bdbd61-d92b-5eee-f5f8-9ceea53bf0e1,1777391136,0.4,8.0,no,"{""count_fp"":""8.00"",""created_time"":""2026-04-28T15:45:36.914584Z"",""no_price_dollars"":""0.6000"",""taker_side"":""no"",""ticker"":""KXBTC15M-26APR281200-00"",""trade_id"":""03bdbd61-d92b-5eee-f5f8-9ceea53bf0e1"",""yes_price_dollars"":""0.4000""}"
KXBTC15M-26APR281200-00,ea85fd59-df6f-50a2-af8d-fa523b1273fd,1777391136,0.42,9.37,no,"{""count_fp"":""9.37"",""created_time"":""2026-04-28T15:45:36.828084Z"",""no_price_dollars"":""0.5800"",""taker_side"":""no"",""ticker"":""KXBTC15M-26APR281200-00"",""trade_id"":""ea85fd59-df6f-50a2-af8d-fa523b1273fd"",""yes_price_dollars"":""0.4200""}"
KXBTC15M-26APR281200-00,7d824e25-d270-5a73-b582-72df37e6f9fc,1777391136,0.41,5.0,no,"{""count_fp"":""5.00"",""created_time"":""2026-04-28T15:45:36.828084Z"",""no_price_dollars"":""0.5900"",""taker_side"":""no"",""ticker"":""KXBTC15M-26APR281200-00"",""trade_id"":""7d824e25-d270-5a73-b582-72df37e6f9fc"",""yes_price_dollars"":""0.4100""}"
KXBTC15M-26APR281200-00,9dd46b51-8f8f-644e-d7bc-7c619c094e35,1777391136,0.42,20.63,no,"{""count_fp"":""20.63"",""created_time"":""2026-04-28T15:45:36.793368Z"",""no_price_dollars"":""0.5800"",""taker_side"":""no"",""ticker"":""KXBTC15M-26APR281200-00"",""trade_id"":""9dd46b51-8f8f-644e-d7bc-7c619c094e35"",""yes_price_dollars"":""0.4200""}"
KXBTC15M-26APR281200-00,bc4c488b-d6ca-6bed-92ab-b9e487961088,1777391136,0.42,58.67,no,"{""count_fp"":""58.67"",""created_time"":""2026-04-28T15:45:36.726942Z"",""no_price_dollars"":""0.5800"",""taker_side"":""no"",""ticker"":""KXBTC15M-26APR281200-00"",""trade_id"":""bc4c488b-d6ca-6bed-92ab-b9e487961088"",""yes_price_dollars"":""0.4200""}"
KXBTC15M-26APR281200-00,5e6e992e-c02e-5fb5-be14-b77af2bd9f18,1777391136,0.42,23.36,no,"{""count_fp"":""23.36"",""created_time"":""2026-04-28T15:45:36.725978Z"",""no_price_dollars"":""0.5800"",""taker_side"":""no"",""ticker"":""KXBTC15M-26APR281200-00"",""trade_id"":""5e6e992e-c02e-5fb5-be14-b77af2bd9f18"",""yes_price_dollars"":""0.4200""}"
KXBTC15M-26APR281200-00,f0f56622-45b2-7399-af8e-f0b3c9a23780,1777391136,0.42,7.8,no,"{""count_fp"":""7.80"",""created_time"":""2026-04-28T15:45:36.712943Z"",""no_price_dollars"":""0.5800"",""taker_side"":""no"",""ticker"":""KXBTC15M-26APR281200-00"",""trade_id"":""f0f56622-45b2-7399-af8e-f0b3c9a23780"",""yes_price_dollars"":""0.4200""}"
KXBTC15M-26APR281200-00,d67e7576-f2c0-7c0d-9fa9-8c442bd08c5f,1777391136,0.42,3.0,no,"{""count_fp"":""3.00"",""created_time"":""2026-04-28T15:45:36.712943Z"",""no_price_dollars"":""0.5800"",""taker_side"":""no"",""ticker"":""KXBTC15M-26APR281200-00"",""trade_id"":""d67e7576-f2c0-7c0d-9fa9-8c442bd08c5f"",""yes_price_dollars"":""0.4200""}"
KXBTC15M-26APR281200-00,acc032d1-7d32-74e7-999b-2e57ce2a98f1,1777391136,0.42,10.0,no,"{""count_fp"":""10.00"",""created_time"":""2026-04-28T15:45:36.712943Z"",""no_price_dollars"":""0.5800"",""taker_side"":""no"",""ticker"":""KXBTC15M-26APR281200-00"",""trade_id"":""acc032d1-7d32-74e7-999b-2e57ce2a98f1"",""yes_price_dollars"":""0.4200""}"
KXBTC15M-26APR281200-00,5aed5886-88cf-78b5-b8d9-d069cc30751f,1777391136,0.42,3.0,no,"{""count_fp"":""3.00"",""created_time"":""2026-04-28T15:45:36.712943Z"",""no_price_dollars"":""0.5800"",""taker_side"":""no"",""ticker"":""KXBTC15M-26APR281200-00"",""trade_id"":""5aed5886-88cf-78b5-b8d9-d069cc30751f"",""yes_price_dollars"":""0.4200""}"
KXBTC15M-26APR281200-00,fccfc9ff-f185-456c-aba7-68a8ca5bbd9d,1777391136,0.43,33.0,yes,"{""count_fp"":""33.00"",""created_time"":""2026-04-28T15:45:36.549923Z"",""no_price_dollars"":""0.5700"",""taker_side"":""yes"",""ticker"":""KXBTC15M-26APR281200-00"",""trade_id"":""fccfc9ff-f185-456c-aba7-68a8ca5bbd9d"",""yes_price_dollars"":""0.4300""}"
KXBTC15M-26APR281200-00,f8a7572a-189a-6c7b-9185-896382e505a1,1777391136,0.42,16.37,no,"{""count_fp"":""16.37"",""created_time"":""2026-04-28T15:45:36.413814Z"",""no_price_dollars"":""0.5800"",""taker_side"":""no"",""ticker"":""KXBTC15M-26APR281200-00"",""trade_id"":""f8a7572a-189a-6c7b-9185-896382e505a1"",""yes_price_dollars"":""0.4200""}"
KXBTC15M-26APR281200-00,c873433f-a07c-6519-bea6-ae649ac1c771,1777391136,0.43,7.0,no,"{""count_fp"":""7.00"",""created_time"":""2026-04-28T15:45:36.413814Z"",""no_price_dollars"":""0.5700"",""taker_side"":""no"",""ticker"":""KXBTC15M-26APR281200-00"",""trade_id"":""c873433f-a07c-6519-bea6-ae649ac1c771"",""yes_price_dollars"":""0.4300""}"
KXBTC15M-26APR281200-00,77429749-49db-68c6-9e28-3dee6819c901,1777391136,0.42,17.63,no,"{""count_fp"":""17.63"",""created_time"":""2026-04-28T15:45:36.413814Z"",""no_price_dollars"":""0.5800"",""taker_side"":""no"",""ticker"":""KXBTC15M-26APR281200-00"",""trade_id"":""77429749-49db-68c6-9e28-3dee6819c901"",""yes_price_dollars"":""0.4200""}"
KXBTC15M-26APR281200-00,56c86e68-ed94-7c4d-c555-c72f39073959,1777391136,0.43,5.55,no,"{""count_fp"":""5.55"",""created_time"":""2026-04-28T15:45:36.380075Z"",""no_price_dollars"":""0.5700"",""taker_side"":""no"",""ticker"":""KXBTC15M-26APR281200-00"",""trade_id"":""56c86e68-ed94-7c4d-c555-c72f39073959"",""yes_price_dollars"":""0.4300""}"
KXBTC15M-26APR281200-00,379fda8f-e937-7cd1-d0db-1954e5a329bf,1777391136,0.43,2.82,no,"{""count_fp"":""2.82"",""created_time"":""2026-04-28T15:45:36.380075Z"",""no_price_dollars"":""0.5700"",""taker_side"":""no"",""ticker"":""KXBTC15M-26APR281200-00"",""trade_id"":""379fda8f-e937-7cd1-d0db-1954e5a329bf"",""yes_price_dollars"":""0.4300""}"
KXBTC15M-26APR281200-00,23302e9e-bd33-639d-581d-8bc24fd98743,1777391136,0.43,4.18,no,"{""count_fp"":""4.18"",""created_time"":""2026-04-28T15:45:36.056752Z"",""no_price_dollars"":""0.5700"",""taker_side"":""no"",""ticker"":""KXBTC15M-26APR281200-00"",""trade_id"":""23302e9e-bd33-639d-581d-8bc24fd98743"",""yes_price_dollars"":""0.4300""}"
KXBTC15M-26APR281200-00,6ec7906e-a8d3-4ba3-8139-4a9869a2555b,1777391137,0.39,1.0,yes,"{""count_fp"":""1.00"",""created_time"":""2026-04-28T15:45:37.763884Z"",""no_price_dollars"":""0.6100"",""taker_side"":""yes"",""ticker"":""KXBTC15M-26APR281200-00"",""trade_id"":""6ec7906e-a8d3-4ba3-8139-4a9869a2555b"",""yes_price_dollars"":""0.3900""}"
KXBTC15M-26APR281200-00,a48cc645-3e93-556f-0e19-8bb92172c643,1777391137,0.39,7.93,yes,"{""count_fp"":""7.93"",""created_time"":""2026-04-28T15:45:37.747662Z"",""no_price_dollars"":""0.6100"",""taker_side"":""yes"",""ticker"":""KXBTC15M-26APR281200-00"",""trade_id"":""a48cc645-3e93-556f-0e19-8bb92172c643"",""yes_price_dollars"":""0.3900""}"
KXBTC15M-26APR281200-00,24fc914f-fc1c-5b38-21e9-a0ed9ce9e6fd,1777391137,0.39,3.0,yes,"{""count_fp"":""3.00"",""created_time"":""2026-04-28T15:45:37.747662Z"",""no_price_dollars"":""0.6100"",""taker_side"":""yes"",""ticker"":""KXBTC15M-26APR281200-00"",""trade_id"":""24fc914f-fc1c-5b38-21e9-a0ed9ce9e6fd"",""yes_price_dollars"":""0.3900""}"
KXBTC15M-26APR281200-00,4949a39d-fcdf-7f89-9de4-58a1ce98e58b,1777391137,0.39,2.0,yes,"{""count_fp"":""2.00"",""created_time"":""2026-04-28T15:45:37.426547Z"",""no_price_dollars"":""0.6100"",""taker_side"":""yes"",""ticker"":""KXBTC15M-26APR281200-00"",""trade_id"":""4949a39d-fcdf-7f89-9de4-58a1ce98e58b"",""yes_price_dollars"":""0.3900""}"
KXBTC15M-26APR281200-00,fd9dbd0e-0fef-4a5d-6069-f9c0cb090f8b,1777391137,0.39,87.02,yes,"{""count_fp"":""87.02"",""created_time"":""2026-04-28T15:45:37.034525Z"",""no_price_dollars"":""0.6100"",""taker_side"":""yes"",""ticker"":""KXBTC15M-26APR281200-00"",""trade_id"":""fd9dbd0e-0fef-4a5d-6069-f9c0cb090f8b"",""yes_price_dollars"":""0.3900""}"
KXBTC15M-26APR281200-00,b30817c2-f7a2-4a11-722f-63390551e7cc,1777391137,0.39,7.37,yes,"{""count_fp"":""7.37"",""created_time"":""2026-04-28T15:45:37.034525Z"",""no_price_dollars"":""0.6100"",""taker_side"":""yes"",""ticker"":""KXBTC15M-26APR281200-00"",""trade_id"":""b30817c2-f7a2-4a11-722f-63390551e7cc"",""yes_price_dollars"":""0.3900""}"
KXBTC15M-26APR281200-00,54174d2d-0708-4034-4374-9ed0135990f9,1777391137,0.39,1.57,yes,"{""count_fp"":""1.57"",""created_time"":""2026-04-28T15:45:37.034525Z"",""no_price_dollars"":""0.6100"",""taker_side"":""yes"",""ticker"":""KXBTC15M-26APR281200-00"",""trade_id"":""54174d2d-0708-4034-4374-9ed0135990f9"",""yes_price_dollars"":""0.3900""}"
KXBTC15M-26APR281200-00,2b70ac94-a8ec-7478-b727-6e5a7fbdfa4d,1777391137,0.39,28.43,yes,"{""count_fp"":""28.43"",""created_time"":""2026-04-28T15:45:37.002711Z"",""no_price_dollars"":""0.6100"",""taker_side"":""yes"",""ticker"":""KXBTC15M-26APR281200-00"",""trade_id"":""2b70ac94-a8ec-7478-b727-6e5a7fbdfa4d"",""yes_price_dollars"":""0.3900""}"
KXBTC15M-26APR281200-00,4020b8d0-7109-7d22-a412-a47cec54b370,1777391138,0.39,1.0,yes,"{""count_fp"":""1.00"",""created_time"":""2026-04-28T15:45:38.532884Z"",""no_price_dollars"":""0.6100"",""taker_side"":""yes"",""ticker"":""KXBTC15M-26APR281200-00"",""trade_id"":""4020b8d0-7109-7d22-a412-a47cec54b370"",""yes_price_dollars"":""0.3900""}"
KXBTC15M-26APR281200-00,9d40d404-a46d-6c5a-b403-b96d58d87a14,1777391138,0.39,4.91,yes,"{""count_fp"":""4.91"",""created_time"":""2026-04-28T15:45:38.335573Z"",""no_price_dollars"":""0.6100"",""taker_side"":""yes"",""ticker"":""KXBTC15M-26APR281200-00"",""trade_id"":""9d40d404-a46d-6c5a-b403-b96d58d87a14"",""yes_price_dollars"":""0.3900""}"
KXBTC15M-26APR281200-00,0efb28cb-cddc-559f-aca8-440fa9b8bd10,1777391139,0.39,1.0,yes,"{""count_fp"":""1.00"",""created_time"":""2026-04-28T15:45:39.894088Z"",""no_price_dollars"":""0.6100"",""taker_side"":""yes"",""ticker"":""KXBTC15M-26APR281200-00"",""trade_id"":""0efb28cb-cddc-559f-aca8-440fa9b8bd10"",""yes_price_dollars"":""0.3900""}"
