ticker,trade_id,ts,yes_price,count,taker_side,raw_json
KXBTC15M-26APR272115-15,1d3a8dbe-1003-63c3-29a7-73fad12affd9,1777338001,0.49,18.0,yes,"{""count_fp"":""18.00"",""created_time"":""2026-04-28T01:00:01.703934Z"",""no_price_dollars"":""0.5100"",""taker_side"":""yes"",""ticker"":""KXBTC15M-26APR272115-15"",""trade_id"":""1d3a8dbe-1003-63c3-29a7-73fad12affd9"",""yes_price_dollars"":""0.4900""}"
KXBTC15M-26APR272115-15,ce2be9fb-0226-6f89-f72d-b1b787a5e0fa,1777338001,0.5,50.0,no,"{""count_fp"":""50.00"",""created_time"":""2026-04-28T01:00:01.665254Z"",""no_price_dollars"":""0.5000"",""taker_side"":""no"",""ticker"":""KXBTC15M-26APR272115-15"",""trade_id"":""ce2be9fb-0226-6f89-f72d-b1b787a5e0fa"",""yes_price_dollars"":""0.5000""}"
KXBTC15M-26APR272115-15,2ef201fd-b2ee-5fa9-a33b-3c6950d2751a,1777338001,0.5,200.0,no,"{""count_fp"":""200.00"",""created_time"":""2026-04-28T01:00:01.407532Z"",""no_price_dollars"":""0.5000"",""taker_side"":""no"",""ticker"":""KXBTC15M-26APR272115-15"",""trade_id"":""2ef201fd-b2ee-5fa9-a33b-3c6950d2751a"",""yes_price_dollars"":""0.5000""}"
KXBTC15M-26APR272115-15,6ccec179-34c4-6370-1fac-c3c42a641f40,1777338004,0.48,9.13,no,"{""count_fp"":""9.13"",""created_time"":""2026-04-28T01:00:04.502605Z"",""no_price_dollars"":""0.5200"",""taker_side"":""no"",""ticker"":""KXBTC15M-26APR272115-15"",""trade_id"":""6ccec179-34c4-6370-1fac-c3c42a641f40"",""yes_price_dollars"":""0.4800""}"
KXBTC15M-26APR272115-15,fac22c04-1099-4c17-2ca6-28439b4d47fd,1777338005,0.49,7.0,yes,"{""count_fp"":""7.00"",""created_time"":""2026-04-28T01:00:05.981361Z"",""no_price_dollars"":""0.5100"",""taker_side"":""yes"",""ticker"":""KXBTC15M-26APR272115-15"",""trade_id"":""fac22c04-1099-4c17-2ca6-28439b4d47fd"",""yes_price_dollars"":""0.4900""}"
KXBTC15M-26APR272115-15,6b15a68f-3d59-4027-666e-764929adc859,1777338005,0.49,7.0,yes,"{""count_fp"":""7.00"",""created_time"":""2026-04-28T01:00:05.884622Z"",""no_price_dollars"":""0.5100"",""taker_side"":""yes"",""ticker"":""KXBTC15M-26APR272115-15"",""trade_id"":""6b15a68f-3d59-4027-666e-764929adc859"",""yes_price_dollars"":""0.4900""}"
KXBTC15M-26APR272115-15,4ab10835-6489-4605-2953-727ab36d8f11,1777338005,0.5,31.0,yes,"{""count_fp"":""31.00"",""created_time"":""2026-04-28T01:00:05.649932Z"",""no_price_dollars"":""0.5000"",""taker_side"":""yes"",""ticker"":""KXBTC15M-26APR272115-15"",""trade_id"":""4ab10835-6489-4605-2953-727ab36d8f11"",""yes_price_dollars"":""0.5000""}"
KXBTC15M-26APR272115-15,556d4200-e300-64d8-59f0-35738663c2ac,1777338005,0.48,11.16,no,"{""count_fp"":""11.16"",""created_time"":""2026-04-28T01:00:05.403981Z"",""no_price_dollars"":""0.5200"",""taker_side"":""no"",""ticker"":""KXBTC15M-26APR272115-15"",""trade_id"":""556d4200-e300-64d8-59f0-35738663c2ac"",""yes_price_dollars"":""0.4800""}"
KXBTC15M-26APR272115-15,b65c6f91-73af-5878-5b88-47c52b173d45,1777338005,0.49,150.0,yes,"{""count_fp"":""150.00"",""created_time"":""2026-04-28T01:00:05.384761Z"",""no_price_dollars"":""0.5100"",""taker_side"":""yes"",""ticker"":""KXBTC15M-26APR272115-15"",""trade_id"":""b65c6f91-73af-5878-5b88-47c52b173d45"",""yes_price_dollars"":""0.4900""}"
KXBTC15M-26APR272115-15,2975e22d-9879-6d77-9628-7c1c93c103d1,1777338006,0.49,53.72,yes,"{""count_fp"":""53.72"",""created_time"":""2026-04-28T01:00:06.750967Z"",""no_price_dollars"":""0.5100"",""taker_side"":""yes"",""ticker"":""KXBTC15M-26APR272115-15"",""trade_id"":""2975e22d-9879-6d77-9628-7c1c93c103d1"",""yes_price_dollars"":""0.4900""}"
KXBTC15M-26APR272115-15,ea927803-f709-71eb-e56a-80a87e965fc5,1777338006,0.49,3.94,yes,"{""count_fp"":""3.94"",""created_time"":""2026-04-28T01:00:06.729669Z"",""no_price_dollars"":""0.5100"",""taker_side"":""yes"",""ticker"":""KXBTC15M-26APR272115-15"",""trade_id"":""ea927803-f709-71eb-e56a-80a87e965fc5"",""yes_price_dollars"":""0.4900""}"
KXBTC15M-26APR272115-15,1e9a27c0-3915-484f-66a3-a7f9a4e2e87d,1777338006,0.49,5.0,yes,"{""count_fp"":""5.00"",""created_time"":""2026-04-28T01:00:06.455794Z"",""no_price_dollars"":""0.5100"",""taker_side"":""yes"",""ticker"":""KXBTC15M-26APR272115-15"",""trade_id"":""1e9a27c0-3915-484f-66a3-a7f9a4e2e87d"",""yes_price_dollars"":""0.4900""}"
KXBTC15M-26APR272115-15,e38cd303-4391-4cc7-405e-ac91680cca45,1777338006,0.49,9.85,yes,"{""count_fp"":""9.85"",""created_time"":""2026-04-28T01:00:06.412971Z"",""no_price_dollars"":""0.5100"",""taker_side"":""yes"",""ticker"":""KXBTC15M-26APR272115-15"",""trade_id"":""e38cd303-4391-4cc7-405e-ac91680cca45"",""yes_price_dollars"":""0.4900""}"
KXBTC15M-26APR272115-15,47b1039c-2435-4807-09c3-0818540b2add,1777338006,0.49,27.58,yes,"{""count_fp"":""27.58"",""created_time"":""2026-04-28T01:00:06.304747Z"",""no_price_dollars"":""0.5100"",""taker_side"":""yes"",""ticker"":""KXBTC15M-26APR272115-15"",""trade_id"":""47b1039c-2435-4807-09c3-0818540b2add"",""yes_price_dollars"":""0.4900""}"
KXBTC15M-26APR272115-15,ef178463-6239-6d50-610c-a32b48e3a854,1777338007,0.47,5.0,no,"{""count_fp"":""5.00"",""created_time"":""2026-04-28T01:00:07.612287Z"",""no_price_dollars"":""0.5300"",""taker_side"":""no"",""ticker"":""KXBTC15M-26APR272115-15"",""trade_id"":""ef178463-6239-6d50-610c-a32b48e3a854"",""yes_price_dollars"":""0.4700""}"
KXBTC15M-26APR272115-15,ef7fbdb8-ddf1-4957-936a-becb77accc67,1777338007,0.46,12.0,no,"{""count_fp"":""12.00"",""created_time"":""2026-04-28T01:00:07.556763Z"",""no_price_dollars"":""0.5400"",""taker_side"":""no"",""ticker"":""KXBTC15M-26APR272115-15"",""trade_id"":""ef7fbdb8-ddf1-4957-936a-becb77accc67"",""yes_price_dollars"":""0.4600""}"
KXBTC15M-26APR272115-15,e52adfb8-05d1-48a5-a957-a804cf62eda8,1777338007,0.46,12.0,no,"{""count_fp"":""12.00"",""created_time"":""2026-04-28T01:00:07.556763Z"",""no_price_dollars"":""0.5400"",""taker_side"":""no"",""ticker"":""KXBTC15M-26APR272115-15"",""trade_id"":""e52adfb8-05d1-48a5-a957-a804cf62eda8"",""yes_price_dollars"":""0.4600""}"
KXBTC15M-26APR272115-15,b8495f78-d034-4588-8d71-21af6bdcb0c0,1777338007,0.47,40.0,no,"{""count_fp"":""40.00"",""created_time"":""2026-04-28T01:00:07.556763Z"",""no_price_dollars"":""0.5300"",""taker_side"":""no"",""ticker"":""KXBTC15M-26APR272115-15"",""trade_id"":""b8495f78-d034-4588-8d71-21af6bdcb0c0"",""yes_price_dollars"":""0.4700""}"
KXBTC15M-26APR272115-15,a3d348cc-d5e6-410b-87b4-b9203203335a,1777338007,0.46,21.15,no,"{""count_fp"":""21.15"",""created_time"":""2026-04-28T01:00:07.556763Z"",""no_price_dollars"":""0.5400"",""taker_side"":""no"",""ticker"":""KXBTC15M-26APR272115-15"",""trade_id"":""a3d348cc-d5e6-410b-87b4-b9203203335a"",""yes_price_dollars"":""0.4600""}"
KXBTC15M-26APR272115-15,9f9c9ad8-acf0-459f-9ea7-1ac0facb2ae6,1777338007,0.46,6.0,no,"{""count_fp"":""6.00"",""created_time"":""2026-04-28T01:00:07.556763Z"",""no_price_dollars"":""0.5400"",""taker_side"":""no"",""ticker"":""KXBTC15M-26APR272115-15"",""trade_id"":""9f9c9ad8-acf0-459f-9ea7-1ac0facb2ae6"",""yes_price_dollars"":""0.4600""}"
KXBTC15M-26APR272115-15,894d1b82-a5e1-430c-9870-7fbbf73cda48,1777338007,0.46,1.0,no,"{""count_fp"":""1.00"",""created_time"":""2026-04-28T01:00:07.556763Z"",""no_price_dollars"":""0.5400"",""taker_side"":""no"",""ticker"":""KXBTC15M-26APR272115-15"",""trade_id"":""894d1b82-a5e1-430c-9870-7fbbf73cda48"",""yes_price_dollars"":""0.4600""}"
KXBTC15M-26APR272115-15,86d242f1-3fcf-4ec5-8926-018deff36e32,1777338007,0.46,16.0,no,"{""count_fp"":""16.00"",""created_time"":""2026-04-28T01:00:07.556763Z"",""no_price_dollars"":""0.5400"",""taker_side"":""no"",""ticker"":""KXBTC15M-26APR272115-15"",""trade_id"":""86d242f1-3fcf-4ec5-8926-018deff36e32"",""yes_price_dollars"":""0.4600""}"
KXBTC15M-26APR272115-15,2185ad6a-a2fa-4049-a162-bdcb54504cf9,1777338007,0.46,6.0,no,"{""count_fp"":""6.00"",""created_time"":""2026-04-28T01:00:07.556763Z"",""no_price_dollars"":""0.5400"",""taker_side"":""no"",""ticker"":""KXBTC15M-26APR272115-15"",""trade_id"":""2185ad6a-a2fa-4049-a162-bdcb54504cf9"",""yes_price_dollars"":""0.4600""}"
KXBTC15M-26APR272115-15,14b3ccb3-c0b7-4481-87b7-5dd40a777823,1777338007,0.46,65.0,no,"{""count_fp"":""65.00"",""created_time"":""2026-04-28T01:00:07.556763Z"",""no_price_dollars"":""0.5400"",""taker_side"":""no"",""ticker"":""KXBTC15M-26APR272115-15"",""trade_id"":""14b3ccb3-c0b7-4481-87b7-5dd40a777823"",""yes_price_dollars"":""0.4600""}"
KXBTC15M-26APR272115-15,85bc1054-8f10-68d4-417f-d3ce97993260,1777338007,0.48,1.0,no,"{""count_fp"":""1.00"",""created_time"":""2026-04-28T01:00:07.257943Z"",""no_price_dollars"":""0.5200"",""taker_side"":""no"",""ticker"":""KXBTC15M-26APR272115-15"",""trade_id"":""85bc1054-8f10-68d4-417f-d3ce97993260"",""yes_price_dollars"":""0.4800""}"
KXBTC15M-26APR272115-15,a9373b77-348d-5bb1-096e-3a288e28e645,1777338008,0.5,36.0,yes,"{""count_fp"":""36.00"",""created_time"":""2026-04-28T01:00:08.886623Z"",""no_price_dollars"":""0.5000"",""taker_side"":""yes"",""ticker"":""KXBTC15M-26APR272115-15"",""trade_id"":""a9373b77-348d-5bb1-096e-3a288e28e645"",""yes_price_dollars"":""0.5000""}"
KXBTC15M-26APR272115-15,5ce585e3-c534-5f3a-1048-b30726bb7729,1777338008,0.5,12.3,yes,"{""count_fp"":""12.30"",""created_time"":""2026-04-28T01:00:08.886623Z"",""no_price_dollars"":""0.5000"",""taker_side"":""yes"",""ticker"":""KXBTC15M-26APR272115-15"",""trade_id"":""5ce585e3-c534-5f3a-1048-b30726bb7729"",""yes_price_dollars"":""0.5000""}"
KXBTC15M-26APR272115-15,0dcbae37-6ce9-7d89-9faa-b5fd79660609,1777338008,0.5,1.0,yes,"{""count_fp"":""1.00"",""created_time"":""2026-04-28T01:00:08.864343Z"",""no_price_dollars"":""0.5000"",""taker_side"":""yes"",""ticker"":""KXBTC15M-26APR272115-15"",""trade_id"":""0dcbae37-6ce9-7d89-9faa-b5fd79660609"",""yes_price_dollars"":""0.5000""}"
KXBTC15M-26APR272115-15,371f670e-850a-468c-4fbe-0100f54a2883,1777338008,0.48,5.0,yes,"{""count_fp"":""5.00"",""created_time"":""2026-04-28T01:00:08.331915Z"",""no_price_dollars"":""0.5200"",""taker_side"":""yes"",""ticker"":""KXBTC15M-26APR272115-15"",""trade_id"":""371f670e-850a-468c-4fbe-0100f54a2883"",""yes_price_dollars"":""0.4800""}"
KXBTC15M-26APR272115-15,0575ac62-e56f-4e5a-65f0-0333e94c2996,1777338008,0.47,9.0,yes,"{""count_fp"":""9.00"",""created_time"":""2026-04-28T01:00:08.331915Z"",""no_price_dollars"":""0.5300"",""taker_side"":""yes"",""ticker"":""KXBTC15M-26APR272115-15"",""trade_id"":""0575ac62-e56f-4e5a-65f0-0333e94c2996"",""yes_price_dollars"":""0.4700""}"
KXBTC15M-26APR272115-15,276cf9f1-7d9d-5d4c-b08d-4eb5e245b290,1777338009,0.46,21.31,no,"{""count_fp"":""21.31"",""created_time"":""2026-04-28T01:00:09.764714Z"",""no_price_dollars"":""0.5400"",""taker_side"":""no"",""ticker"":""KXBTC15M-26APR272115-15"",""trade_id"":""276cf9f1-7d9d-5d4c-b08d-4eb5e245b290"",""yes_price_dollars"":""0.4600""}"
KXBTC15M-26APR272115-15,bf984b6a-6ce9-6318-f0ff-e14dfa17b014,1777338009,0.46,17.62,no,"{""count_fp"":""17.62"",""created_time"":""2026-04-28T01:00:09.722651Z"",""no_price_dollars"":""0.5400"",""taker_side"":""no"",""ticker"":""KXBTC15M-26APR272115-15"",""trade_id"":""bf984b6a-6ce9-6318-f0ff-e14dfa17b014"",""yes_price_dollars"":""0.4600""}"
KXBTC15M-26APR272115-15,e4dbe662-4555-4780-3f3b-585f54a8c558,1777338009,0.46,9.25,no,"{""count_fp"":""9.25"",""created_time"":""2026-04-28T01:00:09.455381Z"",""no_price_dollars"":""0.5400"",""taker_side"":""no"",""ticker"":""KXBTC15M-26APR272115-15"",""trade_id"":""e4dbe662-4555-4780-3f3b-585f54a8c558"",""yes_price_dollars"":""0.4600""}"
KXBTC15M-26APR272115-15,82e3a503-a1ad-4fc9-25f2-9779b99ff26f,1777338009,0.47,26.0,no,"{""count_fp"":""26.00"",""created_time"":""2026-04-28T01:00:09.455381Z"",""no_price_dollars"":""0.5300"",""taker_side"":""no"",""ticker"":""KXBTC15M-26APR272115-15"",""trade_id"":""82e3a503-a1ad-4fc9-25f2-9779b99ff26f"",""yes_price_dollars"":""0.4700""}"
KXBTC15M-26APR272115-15,9e7545b9-e972-7555-1d23-eeca6880a9fe,1777338010,0.49,9.25,yes,"{""count_fp"":""9.25"",""created_time"":""2026-04-28T01:00:10.584483Z"",""no_price_dollars"":""0.5100"",""taker_side"":""yes"",""ticker"":""KXBTC15M-26APR272115-15"",""trade_id"":""9e7545b9-e972-7555-1d23-eeca6880a9fe"",""yes_price_dollars"":""0.4900""}"
KXBTC15M-26APR272115-15,82d1bf81-0da3-78ed-1db7-5f81d83c5072,1777338010,0.5,8.75,yes,"{""count_fp"":""8.75"",""created_time"":""2026-04-28T01:00:10.584483Z"",""no_price_dollars"":""0.5000"",""taker_side"":""yes"",""ticker"":""KXBTC15M-26APR272115-15"",""trade_id"":""82d1bf81-0da3-78ed-1db7-5f81d83c5072"",""yes_price_dollars"":""0.5000""}"
KXBTC15M-26APR272115-15,1f8265cb-63c8-7c47-1807-e5e3da92684d,1777338010,0.49,2.0,yes,"{""count_fp"":""2.00"",""created_time"":""2026-04-28T01:00:10.584483Z"",""no_price_dollars"":""0.5100"",""taker_side"":""yes"",""ticker"":""KXBTC15M-26APR272115-15"",""trade_id"":""1f8265cb-63c8-7c47-1807-e5e3da92684d"",""yes_price_dollars"":""0.4900""}"
KXBTC15M-26APR272115-15,8cbb5520-23cb-7e65-d676-eb4a9a748dda,1777338011,0.5,33.0,yes,"{""count_fp"":""33.00"",""created_time"":""2026-04-28T01:00:11.434535Z"",""no_price_dollars"":""0.5000"",""taker_side"":""yes"",""ticker"":""KXBTC15M-26APR272115-15"",""trade_id"":""8cbb5520-23cb-7e65-d676-eb4a9a748dda"",""yes_price_dollars"":""0.5000""}"
KXBTC15M-26APR272115-15,2bc705a2-f75b-7fc5-9c61-afee269647ea,1777338011,0.5,9.66,yes,"{""count_fp"":""9.66"",""created_time"":""2026-04-28T01:00:11.422522Z"",""no_price_dollars"":""0.5000"",""taker_side"":""yes"",""ticker"":""KXBTC15M-26APR272115-15"",""trade_id"":""2bc705a2-f75b-7fc5-9c61-afee269647ea"",""yes_price_dollars"":""0.5000""}"
KXBTC15M-26APR272115-15,d0203f3b-60d9-7104-4c90-5c72ee869759,1777338011,0.47,38.93,yes,"{""count_fp"":""38.93"",""created_time"":""2026-04-28T01:00:11.043992Z"",""no_price_dollars"":""0.5300"",""taker_side"":""yes"",""ticker"":""KXBTC15M-26APR272115-15"",""trade_id"":""d0203f3b-60d9-7104-4c90-5c72ee869759"",""yes_price_dollars"":""0.4700""}"
KXBTC15M-26APR272115-15,0f73239f-13ea-7cb1-5ebd-4ac787dea742,1777338011,0.47,26.0,yes,"{""count_fp"":""26.00"",""created_time"":""2026-04-28T01:00:11.043992Z"",""no_price_dollars"":""0.5300"",""taker_side"":""yes"",""ticker"":""KXBTC15M-26APR272115-15"",""trade_id"":""0f73239f-13ea-7cb1-5ebd-4ac787dea742"",""yes_price_dollars"":""0.4700""}"
KXBTC15M-26APR272115-15,b7cb9953-5075-7dff-71a8-cea1756e87b1,1777338012,0.51,31.91,yes,"{""count_fp"":""31.91"",""created_time"":""2026-04-28T01:00:12.623845Z"",""no_price_dollars"":""0.4900"",""taker_side"":""yes"",""ticker"":""KXBTC15M-26APR272115-15"",""trade_id"":""b7cb9953-5075-7dff-71a8-cea1756e87b1"",""yes_price_dollars"":""0.5100""}"
KXBTC15M-26APR272115-15,9eebf812-7e93-7426-51b4-b4c9b243639e,1777338012,0.5,10.0,yes,"{""count_fp"":""10.00"",""created_time"":""2026-04-28T01:00:12.623845Z"",""no_price_dollars"":""0.5000"",""taker_side"":""yes"",""ticker"":""KXBTC15M-26APR272115-15"",""trade_id"":""9eebf812-7e93-7426-51b4-b4c9b243639e"",""yes_price_dollars"":""0.5000""}"
KXBTC15M-26APR272115-15,04a0c217-5d73-7f71-4a79-06b92ab8f602,1777338012,0.5,5.58,yes,"{""count_fp"":""5.58"",""created_time"":""2026-04-28T01:00:12.623845Z"",""no_price_dollars"":""0.5000"",""taker_side"":""yes"",""ticker"":""KXBTC15M-26APR272115-15"",""trade_id"":""04a0c217-5d73-7f71-4a79-06b92ab8f602"",""yes_price_dollars"":""0.5000""}"
KXBTC15M-26APR272115-15,7fd44662-f64b-72b9-9afa-961230be2aff,1777338012,0.46,1.57,no,"{""count_fp"":""1.57"",""created_time"":""2026-04-28T01:00:12.202029Z"",""no_price_dollars"":""0.5400"",""taker_side"":""no"",""ticker"":""KXBTC15M-26APR272115-15"",""trade_id"":""7fd44662-f64b-72b9-9afa-961230be2aff"",""yes_price_dollars"":""0.4600""}"
KXBTC15M-26APR272115-15,5c7311c2-914b-7579-91ee-f60fa29dd40e,1777338012,0.46,2.0,no,"{""count_fp"":""2.00"",""created_time"":""2026-04-28T01:00:12.202029Z"",""no_price_dollars"":""0.5400"",""taker_side"":""no"",""ticker"":""KXBTC15M-26APR272115-15"",""trade_id"":""5c7311c2-914b-7579-91ee-f60fa29dd40e"",""yes_price_dollars"":""0.4600""}"
KXBTC15M-26APR272115-15,b4fb0a57-7a89-4949-bcde-3d198c98b003,1777338013,0.5,1.79,no,"{""count_fp"":""1.79"",""created_time"":""2026-04-28T01:00:13.485431Z"",""no_price_dollars"":""0.5000"",""taker_side"":""no"",""ticker"":""KXBTC15M-26APR272115-15"",""trade_id"":""b4fb0a57-7a89-4949-bcde-3d198c98b003"",""yes_price_dollars"":""0.5000""}"
KXBTC15M-26APR272115-15,bc456b6a-31e8-7f01-d2ff-a938ee3f60c5,1777338014,0.51,3.0,yes,"{""count_fp"":""3.00"",""created_time"":""2026-04-28T01:00:14.993562Z"",""no_price_dollars"":""0.4900"",""taker_side"":""yes"",""ticker"":""KXBTC15M-26APR272115-15"",""trade_id"":""bc456b6a-31e8-7f01-d2ff-a938ee3f60c5"",""yes_price_dollars"":""0.5100""}"
KXBTC15M-26APR272115-15,2b4c4928-1d07-7433-dd61-74f3c6a030fd,1777338014,0.51,6.45,yes,"{""count_fp"":""6.45"",""created_time"":""2026-04-28T01:00:14.993562Z"",""no_price_dollars"":""0.4900"",""taker_side"":""yes"",""ticker"":""KXBTC15M-26APR272115-15"",""trade_id"":""2b4c4928-1d07-7433-dd61-74f3c6a030fd"",""yes_price_dollars"":""0.5100""}"
KXBTC15M-26APR272115-15,32de3e0c-60da-7837-21f6-e29ccdf14c31,1777338014,0.5,4.0,no,"{""count_fp"":""4.00"",""created_time"":""2026-04-28T01:00:14.976254Z"",""no_price_dollars"":""0.5000"",""taker_side"":""no"",""ticker"":""KXBTC15M-26APR272115-15"",""trade_id"":""32de3e0c-60da-7837-21f6-e29ccdf14c31"",""yes_price_dollars"":""0.5000""}"
KXBTC15M-26APR272115-15,e000a933-83c0-6715-78fb-c9a88d59bd39,1777338014,0.51,1.0,yes,"{""count_fp"":""1.00"",""created_time"":""2026-04-28T01:00:14.616451Z"",""no_price_dollars"":""0.4900"",""taker_side"":""yes"",""ticker"":""KXBTC15M-26APR272115-15"",""trade_id"":""e000a933-83c0-6715-78fb-c9a88d59bd39"",""yes_price_dollars"":""0.5100""}"
KXBTC15M-26APR272115-15,45827d73-ebeb-68df-fc5a-d0532f396875,1777338015,0.46,342.64,yes,"{""count_fp"":""342.64"",""created_time"":""2026-04-28T01:00:15.947217Z"",""no_price_dollars"":""0.5400"",""taker_side"":""yes"",""ticker"":""KXBTC15M-26APR272115-15"",""trade_id"":""45827d73-ebeb-68df-fc5a-d0532f396875"",""yes_price_dollars"":""0.4600""}"
KXBTC15M-26APR272115-15,6806d746-df03-65f7-51e4-0327301713c9,1777338015,0.46,18.75,yes,"{""count_fp"":""18.75"",""created_time"":""2026-04-28T01:00:15.644877Z"",""no_price_dollars"":""0.5400"",""taker_side"":""yes"",""ticker"":""KXBTC15M-26APR272115-15"",""trade_id"":""6806d746-df03-65f7-51e4-0327301713c9"",""yes_price_dollars"":""0.4600""}"
KXBTC15M-26APR272115-15,9911867c-ed6d-7ed5-a5f2-16311389fd2e,1777338015,0.45,0.28,no,"{""count_fp"":""0.28"",""created_time"":""2026-04-28T01:00:15.632044Z"",""no_price_dollars"":""0.5500"",""taker_side"":""no"",""ticker"":""KXBTC15M-26APR272115-15"",""trade_id"":""9911867c-ed6d-7ed5-a5f2-16311389fd2e"",""yes_price_dollars"":""0.4500""}"
KXBTC15M-26APR272115-15,f4fec0fd-28a7-7af2-f185-79180a0244d7,1777338015,0.48,20.0,no,"{""count_fp"":""20.00"",""created_time"":""2026-04-28T01:00:15.337554Z"",""no_price_dollars"":""0.5200"",""taker_side"":""no"",""ticker"":""KXBTC15M-26APR272115-15"",""trade_id"":""f4fec0fd-28a7-7af2-f185-79180a0244d7"",""yes_price_dollars"":""0.4800""}"
KXBTC15M-26APR272115-15,7de87aaf-9d4f-657b-1642-d1511b66df1d,1777338015,0.49,19.6,yes,"{""count_fp"":""19.60"",""created_time"":""2026-04-28T01:00:15.333817Z"",""no_price_dollars"":""0.5100"",""taker_side"":""yes"",""ticker"":""KXBTC15M-26APR272115-15"",""trade_id"":""7de87aaf-9d4f-657b-1642-d1511b66df1d"",""yes_price_dollars"":""0.4900""}"
KXBTC15M-26APR272115-15,bb254cff-02da-6ab0-25af-b0b2c477d320,1777338015,0.49,100.0,no,"{""count_fp"":""100.00"",""created_time"":""2026-04-28T01:00:15.283648Z"",""no_price_dollars"":""0.5100"",""taker_side"":""no"",""ticker"":""KXBTC15M-26APR272115-15"",""trade_id"":""bb254cff-02da-6ab0-25af-b0b2c477d320"",""yes_price_dollars"":""0.4900""}"
KXBTC15M-26APR272115-15,3826f602-b099-6c16-1b82-00b099f312bd,1777338015,0.49,10.0,no,"{""count_fp"":""10.00"",""created_time"":""2026-04-28T01:00:15.283648Z"",""no_price_dollars"":""0.5100"",""taker_side"":""no"",""ticker"":""KXBTC15M-26APR272115-15"",""trade_id"":""3826f602-b099-6c16-1b82-00b099f312bd"",""yes_price_dollars"":""0.4900""}"
KXBTC15M-26APR272115-15,357ac4f4-56fd-505b-4896-2b0d6c2f2ae1,1777338015,0.5,10.0,no,"{""count_fp"":""10.00"",""created_time"":""2026-04-28T01:00:15.272149Z"",""no_price_dollars"":""0.5000"",""taker_side"":""no"",""ticker"":""KXBTC15M-26APR272115-15"",""trade_id"":""357ac4f4-56fd-505b-4896-2b0d6c2f2ae1"",""yes_price_dollars"":""0.5000""}"
KXBTC15M-26APR272115-15,3100044d-399a-5faa-6b67-cc59547e4de6,1777338015,0.5,4.0,no,"{""count_fp"":""4.00"",""created_time"":""2026-04-28T01:00:15.272149Z"",""no_price_dollars"":""0.5000"",""taker_side"":""no"",""ticker"":""KXBTC15M-26APR272115-15"",""trade_id"":""3100044d-399a-5faa-6b67-cc59547e4de6"",""yes_price_dollars"":""0.5000""}"
KXBTC15M-26APR272115-15,90a02e03-fa2a-4fb7-0f95-274a7701bccd,1777338015,0.5,78.93,no,"{""count_fp"":""78.93"",""created_time"":""2026-04-28T01:00:15.140468Z"",""no_price_dollars"":""0.5000"",""taker_side"":""no"",""ticker"":""KXBTC15M-26APR272115-15"",""trade_id"":""90a02e03-fa2a-4fb7-0f95-274a7701bccd"",""yes_price_dollars"":""0.5000""}"
KXBTC15M-26APR272115-15,5c8d89fa-3edf-75ff-7eae-28af220b2319,1777338015,0.51,24.33,yes,"{""count_fp"":""24.33"",""created_time"":""2026-04-28T01:00:15.052013Z"",""no_price_dollars"":""0.4900"",""taker_side"":""yes"",""ticker"":""KXBTC15M-26APR272115-15"",""trade_id"":""5c8d89fa-3edf-75ff-7eae-28af220b2319"",""yes_price_dollars"":""0.5100""}"
KXBTC15M-26APR272115-15,14f033b3-4f13-5a3b-bd89-daeef301afad,1777338016,0.46,94.78,yes,"{""count_fp"":""94.78"",""created_time"":""2026-04-28T01:00:16.984152Z"",""no_price_dollars"":""0.5400"",""taker_side"":""yes"",""ticker"":""KXBTC15M-26APR272115-15"",""trade_id"":""14f033b3-4f13-5a3b-bd89-daeef301afad"",""yes_price_dollars"":""0.4600""}"
KXBTC15M-26APR272115-15,17406db1-4e97-4cc3-9f7b-df63c8473045,1777338016,0.46,38.01,yes,"{""count_fp"":""38.01"",""created_time"":""2026-04-28T01:00:16.810965Z"",""no_price_dollars"":""0.5400"",""taker_side"":""yes"",""ticker"":""KXBTC15M-26APR272115-15"",""trade_id"":""17406db1-4e97-4cc3-9f7b-df63c8473045"",""yes_price_dollars"":""0.4600""}"
KXBTC15M-26APR272115-15,03a93753-0973-697f-3d70-602660df1759,1777338016,0.46,94.78,yes,"{""count_fp"":""94.78"",""created_time"":""2026-04-28T01:00:16.687864Z"",""no_price_dollars"":""0.5400"",""taker_side"":""yes"",""ticker"":""KXBTC15M-26APR272115-15"",""trade_id"":""03a93753-0973-697f-3d70-602660df1759"",""yes_price_dollars"":""0.4600""}"
KXBTC15M-26APR272115-15,ea77ede6-4e13-652f-a84a-aa35b6e9e239,1777338016,0.46,20.84,yes,"{""count_fp"":""20.84"",""created_time"":""2026-04-28T01:00:16.333354Z"",""no_price_dollars"":""0.5400"",""taker_side"":""yes"",""ticker"":""KXBTC15M-26APR272115-15"",""trade_id"":""ea77ede6-4e13-652f-a84a-aa35b6e9e239"",""yes_price_dollars"":""0.4600""}"
KXBTC15M-26APR272115-15,194fc136-0cab-4b0f-0379-c02bd94dd8a1,1777338016,0.46,9.45,yes,"{""count_fp"":""9.45"",""created_time"":""2026-04-28T01:00:16.070774Z"",""no_price_dollars"":""0.5400"",""taker_side"":""yes"",""ticker"":""KXBTC15M-26APR272115-15"",""trade_id"":""194fc136-0cab-4b0f-0379-c02bd94dd8a1"",""yes_price_dollars"":""0.4600""}"
KXBTC15M-26APR272115-15,3593daa3-7bd3-7613-dace-24a9e116a601,1777338016,0.46,3.94,yes,"{""count_fp"":""3.94"",""created_time"":""2026-04-28T01:00:16.069466Z"",""no_price_dollars"":""0.5400"",""taker_side"":""yes"",""ticker"":""KXBTC15M-26APR272115-15"",""trade_id"":""3593daa3-7bd3-7613-dace-24a9e116a601"",""yes_price_dollars"":""0.4600""}"
KXBTC15M-26APR272115-15,bd4143b2-29dc-46f8-2336-2741dc1dab1d,1777338017,0.42,3.0,no,"{""count_fp"":""3.00"",""created_time"":""2026-04-28T01:00:17.990078Z"",""no_price_dollars"":""0.5800"",""taker_side"":""no"",""ticker"":""KXBTC15M-26APR272115-15"",""trade_id"":""bd4143b2-29dc-46f8-2336-2741dc1dab1d"",""yes_price_dollars"":""0.4200""}"
KXBTC15M-26APR272115-15,9b9eb36d-b836-4aad-1de0-3ff45a53d3cd,1777338017,0.42,46.0,no,"{""count_fp"":""46.00"",""created_time"":""2026-04-28T01:00:17.990078Z"",""no_price_dollars"":""0.5800"",""taker_side"":""no"",""ticker"":""KXBTC15M-26APR272115-15"",""trade_id"":""9b9eb36d-b836-4aad-1de0-3ff45a53d3cd"",""yes_price_dollars"":""0.4200""}"
KXBTC15M-26APR272115-15,89cb76fc-7973-44fc-3f2d-0db745f065f9,1777338017,0.43,1.0,no,"{""count_fp"":""1.00"",""created_time"":""2026-04-28T01:00:17.990078Z"",""no_price_dollars"":""0.5700"",""taker_side"":""no"",""ticker"":""KXBTC15M-26APR272115-15"",""trade_id"":""89cb76fc-7973-44fc-3f2d-0db745f065f9"",""yes_price_dollars"":""0.4300""}"
KXBTC15M-26APR272115-15,880f8570-65bd-4a30-10f9-baef11981a28,1777338017,0.44,11.2,no,"{""count_fp"":""11.20"",""created_time"":""2026-04-28T01:00:17.990078Z"",""no_price_dollars"":""0.5600"",""taker_side"":""no"",""ticker"":""KXBTC15M-26APR272115-15"",""trade_id"":""880f8570-65bd-4a30-10f9-baef11981a28"",""yes_price_dollars"":""0.4400""}"
KXBTC15M-26APR272115-15,57b74c30-0d52-4e96-24df-39259ff08302,1777338017,0.44,0.98,no,"{""count_fp"":""0.98"",""created_time"":""2026-04-28T01:00:17.990078Z"",""no_price_dollars"":""0.5600"",""taker_side"":""no"",""ticker"":""KXBTC15M-26APR272115-15"",""trade_id"":""57b74c30-0d52-4e96-24df-39259ff08302"",""yes_price_dollars"":""0.4400""}"
KXBTC15M-26APR272115-15,217cffb1-dde5-4487-0778-e192ca772509,1777338017,0.42,2.0,no,"{""count_fp"":""2.00"",""created_time"":""2026-04-28T01:00:17.990078Z"",""no_price_dollars"":""0.5800"",""taker_side"":""no"",""ticker"":""KXBTC15M-26APR272115-15"",""trade_id"":""217cffb1-dde5-4487-0778-e192ca772509"",""yes_price_dollars"":""0.4200""}"
KXBTC15M-26APR272115-15,08f8d3e7-3d06-4ff1-31ec-d92933d27058,1777338017,0.42,1.0,no,"{""count_fp"":""1.00"",""created_time"":""2026-04-28T01:00:17.990078Z"",""no_price_dollars"":""0.5800"",""taker_side"":""no"",""ticker"":""KXBTC15M-26APR272115-15"",""trade_id"":""08f8d3e7-3d06-4ff1-31ec-d92933d27058"",""yes_price_dollars"":""0.4200""}"
KXBTC15M-26APR272115-15,fcf880c6-c68c-689c-60d9-2772fdbe3e40,1777338017,0.45,383.26,yes,"{""count_fp"":""383.26"",""created_time"":""2026-04-28T01:00:17.893807Z"",""no_price_dollars"":""0.5500"",""taker_side"":""yes"",""ticker"":""KXBTC15M-26APR272115-15"",""trade_id"":""fcf880c6-c68c-689c-60d9-2772fdbe3e40"",""yes_price_dollars"":""0.4500""}"
KXBTC15M-26APR272115-15,d683ff05-97cf-6178-7c68-5cddb5b4726c,1777338017,0.45,11.2,yes,"{""count_fp"":""11.20"",""created_time"":""2026-04-28T01:00:17.893807Z"",""no_price_dollars"":""0.5500"",""taker_side"":""yes"",""ticker"":""KXBTC15M-26APR272115-15"",""trade_id"":""d683ff05-97cf-6178-7c68-5cddb5b4726c"",""yes_price_dollars"":""0.4500""}"
KXBTC15M-26APR272115-15,d4773fc6-ae40-6939-62de-af6b49eac0eb,1777338017,0.45,10.0,yes,"{""count_fp"":""10.00"",""created_time"":""2026-04-28T01:00:17.893807Z"",""no_price_dollars"":""0.5500"",""taker_side"":""yes"",""ticker"":""KXBTC15M-26APR272115-15"",""trade_id"":""d4773fc6-ae40-6939-62de-af6b49eac0eb"",""yes_price_dollars"":""0.4500""}"
KXBTC15M-26APR272115-15,2d6a96be-a06f-6817-794a-a5e4da15014d,1777338017,0.45,119.22,yes,"{""count_fp"":""119.22"",""created_time"":""2026-04-28T01:00:17.893807Z"",""no_price_dollars"":""0.5500"",""taker_side"":""yes"",""ticker"":""KXBTC15M-26APR272115-15"",""trade_id"":""2d6a96be-a06f-6817-794a-a5e4da15014d"",""yes_price_dollars"":""0.4500""}"
KXBTC15M-26APR272115-15,2d9b997e-ba9c-785c-f145-74a2f6dc0718,1777338017,0.45,8.37,yes,"{""count_fp"":""8.37"",""created_time"":""2026-04-28T01:00:17.865889Z"",""no_price_dollars"":""0.5500"",""taker_side"":""yes"",""ticker"":""KXBTC15M-26APR272115-15"",""trade_id"":""2d9b997e-ba9c-785c-f145-74a2f6dc0718"",""yes_price_dollars"":""0.4500""}"
KXBTC15M-26APR272115-15,5c5c98b0-9308-74c0-8788-cbdbb166d0b4,1777338017,0.45,8.37,yes,"{""count_fp"":""8.37"",""created_time"":""2026-04-28T01:00:17.738913Z"",""no_price_dollars"":""0.5500"",""taker_side"":""yes"",""ticker"":""KXBTC15M-26APR272115-15"",""trade_id"":""5c5c98b0-9308-74c0-8788-cbdbb166d0b4"",""yes_price_dollars"":""0.4500""}"
KXBTC15M-26APR272115-15,90d2d17c-5d73-42d5-2b67-5afdb8da14a6,1777338017,0.45,100.0,yes,"{""count_fp"":""100.00"",""created_time"":""2026-04-28T01:00:17.603013Z"",""no_price_dollars"":""0.5500"",""taker_side"":""yes"",""ticker"":""KXBTC15M-26APR272115-15"",""trade_id"":""90d2d17c-5d73-42d5-2b67-5afdb8da14a6"",""yes_price_dollars"":""0.4500""}"
KXBTC15M-26APR272115-15,03ef6e37-a817-6fcd-9cec-1b24177c4bc6,1777338017,0.45,9.47,yes,"{""count_fp"":""9.47"",""created_time"":""2026-04-28T01:00:17.494485Z"",""no_price_dollars"":""0.5500"",""taker_side"":""yes"",""ticker"":""KXBTC15M-26APR272115-15"",""trade_id"":""03ef6e37-a817-6fcd-9cec-1b24177c4bc6"",""yes_price_dollars"":""0.4500""}"
KXBTC15M-26APR272115-15,328014c2-68d1-6dc0-0428-fa164941af88,1777338017,0.45,47.57,yes,"{""count_fp"":""47.57"",""created_time"":""2026-04-28T01:00:17.396347Z"",""no_price_dollars"":""0.5500"",""taker_side"":""yes"",""ticker"":""KXBTC15M-26APR272115-15"",""trade_id"":""328014c2-68d1-6dc0-0428-fa164941af88"",""yes_price_dollars"":""0.4500""}"
KXBTC15M-26APR272115-15,1fd7f835-bd53-66b1-3c1b-ecb835d5a62e,1777338017,0.45,158.9,yes,"{""count_fp"":""158.90"",""created_time"":""2026-04-28T01:00:17.396347Z"",""no_price_dollars"":""0.5500"",""taker_side"":""yes"",""ticker"":""KXBTC15M-26APR272115-15"",""trade_id"":""1fd7f835-bd53-66b1-3c1b-ecb835d5a62e"",""yes_price_dollars"":""0.4500""}"
KXBTC15M-26APR272115-15,19b1c699-c931-68a5-3a70-db184ba2a8e5,1777338017,0.45,3.0,yes,"{""count_fp"":""3.00"",""created_time"":""2026-04-28T01:00:17.396347Z"",""no_price_dollars"":""0.5500"",""taker_side"":""yes"",""ticker"":""KXBTC15M-26APR272115-15"",""trade_id"":""19b1c699-c931-68a5-3a70-db184ba2a8e5"",""yes_price_dollars"":""0.4500""}"
KXBTC15M-26APR272115-15,5efb1c3c-90f3-7e53-8af1-3e5681ac209d,1777338017,0.46,69.12,yes,"{""count_fp"":""69.12"",""created_time"":""2026-04-28T01:00:17.029724Z"",""no_price_dollars"":""0.5400"",""taker_side"":""yes"",""ticker"":""KXBTC15M-26APR272115-15"",""trade_id"":""5efb1c3c-90f3-7e53-8af1-3e5681ac209d"",""yes_price_dollars"":""0.4600""}"
KXBTC15M-26APR272115-15,4bbfe711-a333-7c37-752c-89c810e93db5,1777338017,0.46,31.52,yes,"{""count_fp"":""31.52"",""created_time"":""2026-04-28T01:00:17.025856Z"",""no_price_dollars"":""0.5400"",""taker_side"":""yes"",""ticker"":""KXBTC15M-26APR272115-15"",""trade_id"":""4bbfe711-a333-7c37-752c-89c810e93db5"",""yes_price_dollars"":""0.4600""}"
KXBTC15M-26APR272115-15,c89f8207-c661-6b91-f3b3-683ee6169b92,1777338017,0.45,0.72,no,"{""count_fp"":""0.72"",""created_time"":""2026-04-28T01:00:17.002043Z"",""no_price_dollars"":""0.5500"",""taker_side"":""no"",""ticker"":""KXBTC15M-26APR272115-15"",""trade_id"":""c89f8207-c661-6b91-f3b3-683ee6169b92"",""yes_price_dollars"":""0.4500""}"
KXBTC15M-26APR272115-15,37431514-e13e-656a-ce81-88559c1df882,1777338017,0.44,0.02,no,"{""count_fp"":""0.02"",""created_time"":""2026-04-28T01:00:17.002043Z"",""no_price_dollars"":""0.5600"",""taker_side"":""no"",""ticker"":""KXBTC15M-26APR272115-15"",""trade_id"":""37431514-e13e-656a-ce81-88559c1df882"",""yes_price_dollars"":""0.4400""}"
KXBTC15M-26APR272115-15,35653b2b-8e37-658d-da05-30dcbaebc0a6,1777338017,0.45,1.0,no,"{""count_fp"":""1.00"",""created_time"":""2026-04-28T01:00:17.002043Z"",""no_price_dollars"":""0.5500"",""taker_side"":""no"",""ticker"":""KXBTC15M-26APR272115-15"",""trade_id"":""35653b2b-8e37-658d-da05-30dcbaebc0a6"",""yes_price_dollars"":""0.4500""}"
KXBTC15M-26APR272115-15,14e2ea27-5ded-7ca3-5b1b-29b2fc32313f,1777338018,0.43,15.16,yes,"{""count_fp"":""15.16"",""created_time"":""2026-04-28T01:00:18.833666Z"",""no_price_dollars"":""0.5700"",""taker_side"":""yes"",""ticker"":""KXBTC15M-26APR272115-15"",""trade_id"":""14e2ea27-5ded-7ca3-5b1b-29b2fc32313f"",""yes_price_dollars"":""0.4300""}"
KXBTC15M-26APR272115-15,f6b822a1-5ed5-57d3-06ab-59b23bf8605f,1777338018,0.43,427.96,yes,"{""count_fp"":""427.96"",""created_time"":""2026-04-28T01:00:18.790958Z"",""no_price_dollars"":""0.5700"",""taker_side"":""yes"",""ticker"":""KXBTC15M-26APR272115-15"",""trade_id"":""f6b822a1-5ed5-57d3-06ab-59b23bf8605f"",""yes_price_dollars"":""0.4300""}"
KXBTC15M-26APR272115-15,3ed6d209-530d-6d3f-c121-6a9d4347eab3,1777338018,0.43,10.69,yes,"{""count_fp"":""10.69"",""created_time"":""2026-04-28T01:00:18.716905Z"",""no_price_dollars"":""0.5700"",""taker_side"":""yes"",""ticker"":""KXBTC15M-26APR272115-15"",""trade_id"":""3ed6d209-530d-6d3f-c121-6a9d4347eab3"",""yes_price_dollars"":""0.4300""}"
KXBTC15M-26APR272115-15,d7eb0636-7f21-4803-1ed7-f53b840ccb88,1777338018,0.42,3.0,no,"{""count_fp"":""3.00"",""created_time"":""2026-04-28T01:00:18.575427Z"",""no_price_dollars"":""0.5800"",""taker_side"":""no"",""ticker"":""KXBTC15M-26APR272115-15"",""trade_id"":""d7eb0636-7f21-4803-1ed7-f53b840ccb88"",""yes_price_dollars"":""0.4200""}"
KXBTC15M-26APR272115-15,1cdf2af2-7fb6-4ed7-262a-73552794441f,1777338018,0.42,13.63,no,"{""count_fp"":""13.63"",""created_time"":""2026-04-28T01:00:18.575427Z"",""no_price_dollars"":""0.5800"",""taker_side"":""no"",""ticker"":""KXBTC15M-26APR272115-15"",""trade_id"":""1cdf2af2-7fb6-4ed7-262a-73552794441f"",""yes_price_dollars"":""0.4200""}"
KXBTC15M-26APR272115-15,2bec45a7-181c-4241-fff0-142907cd4074,1777338018,0.44,4.0,no,"{""count_fp"":""4.00"",""created_time"":""2026-04-28T01:00:18.387196Z"",""no_price_dollars"":""0.5600"",""taker_side"":""no"",""ticker"":""KXBTC15M-26APR272115-15"",""trade_id"":""2bec45a7-181c-4241-fff0-142907cd4074"",""yes_price_dollars"":""0.4400""}"
KXBTC15M-26APR272115-15,083d2171-68ba-4367-d1a9-598d3f2c4d5a,1777338018,0.44,6.0,no,"{""count_fp"":""6.00"",""created_time"":""2026-04-28T01:00:18.182435Z"",""no_price_dollars"":""0.5600"",""taker_side"":""no"",""ticker"":""KXBTC15M-26APR272115-15"",""trade_id"":""083d2171-68ba-4367-d1a9-598d3f2c4d5a"",""yes_price_dollars"":""0.4400""}"
KXBTC15M-26APR272115-15,db08cf57-eb96-4a03-85e8-b4906ec9aa4c,1777338019,0.43,12.83,yes,"{""count_fp"":""12.83"",""created_time"":""2026-04-28T01:00:19.842151Z"",""no_price_dollars"":""0.5700"",""taker_side"":""yes"",""ticker"":""KXBTC15M-26APR272115-15"",""trade_id"":""db08cf57-eb96-4a03-85e8-b4906ec9aa4c"",""yes_price_dollars"":""0.4300""}"
KXBTC15M-26APR272115-15,73b83564-7707-454b-9a66-208008264e46,1777338019,0.43,0.58,yes,"{""count_fp"":""0.58"",""created_time"":""2026-04-28T01:00:19.842151Z"",""no_price_dollars"":""0.5700"",""taker_side"":""yes"",""ticker"":""KXBTC15M-26APR272115-15"",""trade_id"":""73b83564-7707-454b-9a66-208008264e46"",""yes_price_dollars"":""0.4300""}"
KXBTC15M-26APR272115-15,e147eef6-d696-5dfb-5e08-95e107d569cc,1777338019,0.43,17.17,yes,"{""count_fp"":""17.17"",""created_time"":""2026-04-28T01:00:19.746804Z"",""no_price_dollars"":""0.5700"",""taker_side"":""yes"",""ticker"":""KXBTC15M-26APR272115-15"",""trade_id"":""e147eef6-d696-5dfb-5e08-95e107d569cc"",""yes_price_dollars"":""0.4300""}"
KXBTC15M-26APR272115-15,51bdba05-2d70-5539-689d-24a4380143d5,1777338019,0.43,58.86,yes,"{""count_fp"":""58.86"",""created_time"":""2026-04-28T01:00:19.746804Z"",""no_price_dollars"":""0.5700"",""taker_side"":""yes"",""ticker"":""KXBTC15M-26APR272115-15"",""trade_id"":""51bdba05-2d70-5539-689d-24a4380143d5"",""yes_price_dollars"":""0.4300""}"
KXBTC15M-26APR272115-15,2c997bf5-c0b8-6eb1-f869-13d6b904ae2d,1777338019,0.43,21.39,yes,"{""count_fp"":""21.39"",""created_time"":""2026-04-28T01:00:19.679615Z"",""no_price_dollars"":""0.5700"",""taker_side"":""yes"",""ticker"":""KXBTC15M-26APR272115-15"",""trade_id"":""2c997bf5-c0b8-6eb1-f869-13d6b904ae2d"",""yes_price_dollars"":""0.4300""}"
KXBTC15M-26APR272115-15,5e6f08f6-16f4-788d-8e3b-89eb23cfc1d1,1777338019,0.43,2.09,yes,"{""count_fp"":""2.09"",""created_time"":""2026-04-28T01:00:19.491625Z"",""no_price_dollars"":""0.5700"",""taker_side"":""yes"",""ticker"":""KXBTC15M-26APR272115-15"",""trade_id"":""5e6f08f6-16f4-788d-8e3b-89eb23cfc1d1"",""yes_price_dollars"":""0.4300""}"
KXBTC15M-26APR272115-15,9d46096b-6b34-78d5-2688-8061eb07c77d,1777338019,0.43,64.19,yes,"{""count_fp"":""64.19"",""created_time"":""2026-04-28T01:00:19.482395Z"",""no_price_dollars"":""0.5700"",""taker_side"":""yes"",""ticker"":""KXBTC15M-26APR272115-15"",""trade_id"":""9d46096b-6b34-78d5-2688-8061eb07c77d"",""yes_price_dollars"":""0.4300""}"
KXBTC15M-26APR272115-15,799d7d6c-a7a9-5a93-0ba8-2d4751c33e2b,1777338019,0.43,0.42,yes,"{""count_fp"":""0.42"",""created_time"":""2026-04-28T01:00:19.134173Z"",""no_price_dollars"":""0.5700"",""taker_side"":""yes"",""ticker"":""KXBTC15M-26APR272115-15"",""trade_id"":""799d7d6c-a7a9-5a93-0ba8-2d4751c33e2b"",""yes_price_dollars"":""0.4300""}"
KXBTC15M-26APR272115-15,e40ac22a-cde1-54d7-195a-6091bcb1fa83,1777338019,0.43,40.0,yes,"{""count_fp"":""40.00"",""created_time"":""2026-04-28T01:00:19.011596Z"",""no_price_dollars"":""0.5700"",""taker_side"":""yes"",""ticker"":""KXBTC15M-26APR272115-15"",""trade_id"":""e40ac22a-cde1-54d7-195a-6091bcb1fa83"",""yes_price_dollars"":""0.4300""}"
KXBTC15M-26APR272115-15,a2fa775d-a8e4-4dd6-57e7-bbd24e3574b6,1777338020,0.43,89.45,yes,"{""count_fp"":""89.45"",""created_time"":""2026-04-28T01:00:20.927369Z"",""no_price_dollars"":""0.5700"",""taker_side"":""yes"",""ticker"":""KXBTC15M-26APR272115-15"",""trade_id"":""a2fa775d-a8e4-4dd6-57e7-bbd24e3574b6"",""yes_price_dollars"":""0.4300""}"
KXBTC15M-26APR272115-15,cadba5a0-b43c-5582-2841-9dd02aecd096,1777338020,0.43,1.0,yes,"{""count_fp"":""1.00"",""created_time"":""2026-04-28T01:00:20.905102Z"",""no_price_dollars"":""0.5700"",""taker_side"":""yes"",""ticker"":""KXBTC15M-26APR272115-15"",""trade_id"":""cadba5a0-b43c-5582-2841-9dd02aecd096"",""yes_price_dollars"":""0.4300""}"
KXBTC15M-26APR272115-15,23d3d140-2a2c-6a32-3720-b806d0b38302,1777338020,0.43,0.48,yes,"{""count_fp"":""0.48"",""created_time"":""2026-04-28T01:00:20.852824Z"",""no_price_dollars"":""0.5700"",""taker_side"":""yes"",""ticker"":""KXBTC15M-26APR272115-15"",""trade_id"":""23d3d140-2a2c-6a32-3720-b806d0b38302"",""yes_price_dollars"":""0.4300""}"
KXBTC15M-26APR272115-15,13a6fde0-2c7f-6eb7-31ce-e841326c7c8a,1777338020,0.43,1.52,yes,"{""count_fp"":""1.52"",""created_time"":""2026-04-28T01:00:20.852824Z"",""no_price_dollars"":""0.5700"",""taker_side"":""yes"",""ticker"":""KXBTC15M-26APR272115-15"",""trade_id"":""13a6fde0-2c7f-6eb7-31ce-e841326c7c8a"",""yes_price_dollars"":""0.4300""}"
KXBTC15M-26APR272115-15,6a655dcf-41a4-5c29-4eba-d8281bbc04e1,1777338020,0.42,1.67,no,"{""count_fp"":""1.67"",""created_time"":""2026-04-28T01:00:20.640567Z"",""no_price_dollars"":""0.5800"",""taker_side"":""no"",""ticker"":""KXBTC15M-26APR272115-15"",""trade_id"":""6a655dcf-41a4-5c29-4eba-d8281bbc04e1"",""yes_price_dollars"":""0.4200""}"
KXBTC15M-26APR272115-15,fd743fc4-ae27-4bb7-d33b-a2b872639bee,1777338020,0.43,5.0,yes,"{""count_fp"":""5.00"",""created_time"":""2026-04-28T01:00:20.354435Z"",""no_price_dollars"":""0.5700"",""taker_side"":""yes"",""ticker"":""KXBTC15M-26APR272115-15"",""trade_id"":""fd743fc4-ae27-4bb7-d33b-a2b872639bee"",""yes_price_dollars"":""0.4300""}"
KXBTC15M-26APR272115-15,2008b610-3eb7-5557-2543-4a35771181c2,1777338020,0.43,2.21,yes,"{""count_fp"":""2.21"",""created_time"":""2026-04-28T01:00:20.272294Z"",""no_price_dollars"":""0.5700"",""taker_side"":""yes"",""ticker"":""KXBTC15M-26APR272115-15"",""trade_id"":""2008b610-3eb7-5557-2543-4a35771181c2"",""yes_price_dollars"":""0.4300""}"
KXBTC15M-26APR272115-15,d1600905-c4ab-7857-fab7-f2700a0d368a,1777338020,0.43,6.69,yes,"{""count_fp"":""6.69"",""created_time"":""2026-04-28T01:00:20.225458Z"",""no_price_dollars"":""0.5700"",""taker_side"":""yes"",""ticker"":""KXBTC15M-26APR272115-15"",""trade_id"":""d1600905-c4ab-7857-fab7-f2700a0d368a"",""yes_price_dollars"":""0.4300""}"
KXBTC15M-26APR272115-15,98a6cf03-b3d3-4221-0e96-794d8c36459c,1777338021,0.42,279.54,yes,"{""count_fp"":""279.54"",""created_time"":""2026-04-28T01:00:21.938612Z"",""no_price_dollars"":""0.5800"",""taker_side"":""yes"",""ticker"":""KXBTC15M-26APR272115-15"",""trade_id"":""98a6cf03-b3d3-4221-0e96-794d8c36459c"",""yes_price_dollars"":""0.4200""}"
KXBTC15M-26APR272115-15,10e6bcb6-b189-699e-74c9-dddedb8860e2,1777338021,0.41,80.91,no,"{""count_fp"":""80.91"",""created_time"":""2026-04-28T01:00:21.778014Z"",""no_price_dollars"":""0.5900"",""taker_side"":""no"",""ticker"":""KXBTC15M-26APR272115-15"",""trade_id"":""10e6bcb6-b189-699e-74c9-dddedb8860e2"",""yes_price_dollars"":""0.4100""}"
KXBTC15M-26APR272115-15,e9935df9-fc38-50f1-3869-67b671880d70,1777338021,0.43,141.95,yes,"{""count_fp"":""141.95"",""created_time"":""2026-04-28T01:00:21.568363Z"",""no_price_dollars"":""0.5700"",""taker_side"":""yes"",""ticker"":""KXBTC15M-26APR272115-15"",""trade_id"":""e9935df9-fc38-50f1-3869-67b671880d70"",""yes_price_dollars"":""0.4300""}"
KXBTC15M-26APR272115-15,9992a4c4-8070-576a-3f23-c526b3d2f98e,1777338021,0.43,81.68,yes,"{""count_fp"":""81.68"",""created_time"":""2026-04-28T01:00:21.568363Z"",""no_price_dollars"":""0.5700"",""taker_side"":""yes"",""ticker"":""KXBTC15M-26APR272115-15"",""trade_id"":""9992a4c4-8070-576a-3f23-c526b3d2f98e"",""yes_price_dollars"":""0.4300""}"
KXBTC15M-26APR272115-15,86d295e3-cfe8-74ba-b094-b0bb86605b0e,1777338021,0.43,327.39,yes,"{""count_fp"":""327.39"",""created_time"":""2026-04-28T01:00:21.142431Z"",""no_price_dollars"":""0.5700"",""taker_side"":""yes"",""ticker"":""KXBTC15M-26APR272115-15"",""trade_id"":""86d295e3-cfe8-74ba-b094-b0bb86605b0e"",""yes_price_dollars"":""0.4300""}"
KXBTC15M-26APR272115-15,670afb91-1c52-4115-53a2-5dd5970ce406,1777338022,0.43,15.65,yes,"{""count_fp"":""15.65"",""created_time"":""2026-04-28T01:00:22.894852Z"",""no_price_dollars"":""0.5700"",""taker_side"":""yes"",""ticker"":""KXBTC15M-26APR272115-15"",""trade_id"":""670afb91-1c52-4115-53a2-5dd5970ce406"",""yes_price_dollars"":""0.4300""}"
KXBTC15M-26APR272115-15,c1eb2452-c4ce-7481-3095-138d3054348e,1777338022,0.43,22.36,yes,"{""count_fp"":""22.36"",""created_time"":""2026-04-28T01:00:22.830964Z"",""no_price_dollars"":""0.5700"",""taker_side"":""yes"",""ticker"":""KXBTC15M-26APR272115-15"",""trade_id"":""c1eb2452-c4ce-7481-3095-138d3054348e"",""yes_price_dollars"":""0.4300""}"
KXBTC15M-26APR272115-15,e477a731-9b0e-5aaf-beab-d463878e0ab5,1777338022,0.42,6.66,no,"{""count_fp"":""6.66"",""created_time"":""2026-04-28T01:00:22.812956Z"",""no_price_dollars"":""0.5800"",""taker_side"":""no"",""ticker"":""KXBTC15M-26APR272115-15"",""trade_id"":""e477a731-9b0e-5aaf-beab-d463878e0ab5"",""yes_price_dollars"":""0.4200""}"
KXBTC15M-26APR272115-15,203f4853-0107-5fb5-aa07-e1c116949b8b,1777338022,0.42,9.96,no,"{""count_fp"":""9.96"",""created_time"":""2026-04-28T01:00:22.812956Z"",""no_price_dollars"":""0.5800"",""taker_side"":""no"",""ticker"":""KXBTC15M-26APR272115-15"",""trade_id"":""203f4853-0107-5fb5-aa07-e1c116949b8b"",""yes_price_dollars"":""0.4200""}"
KXBTC15M-26APR272115-15,ee45798e-c98f-5c13-2d57-08a10cdd0545,1777338022,0.44,8.0,yes,"{""count_fp"":""8.00"",""created_time"":""2026-04-28T01:00:22.210917Z"",""no_price_dollars"":""0.5600"",""taker_side"":""yes"",""ticker"":""KXBTC15M-26APR272115-15"",""trade_id"":""ee45798e-c98f-5c13-2d57-08a10cdd0545"",""yes_price_dollars"":""0.4400""}"
KXBTC15M-26APR272115-15,729f1f5d-c26b-5d4c-f0a8-59aea28b8d40,1777338022,0.43,110.44,yes,"{""count_fp"":""110.44"",""created_time"":""2026-04-28T01:00:22.170767Z"",""no_price_dollars"":""0.5700"",""taker_side"":""yes"",""ticker"":""KXBTC15M-26APR272115-15"",""trade_id"":""729f1f5d-c26b-5d4c-f0a8-59aea28b8d40"",""yes_price_dollars"":""0.4300""}"
KXBTC15M-26APR272115-15,6ab378b5-bdd3-5bdd-f86d-159db8960a78,1777338022,0.42,193.65,yes,"{""count_fp"":""193.65"",""created_time"":""2026-04-28T01:00:22.170767Z"",""no_price_dollars"":""0.5800"",""taker_side"":""yes"",""ticker"":""KXBTC15M-26APR272115-15"",""trade_id"":""6ab378b5-bdd3-5bdd-f86d-159db8960a78"",""yes_price_dollars"":""0.4200""}"
KXBTC15M-26APR272115-15,60192ec4-8190-5ea6-c3cb-c786bc383150,1777338022,0.42,10.0,yes,"{""count_fp"":""10.00"",""created_time"":""2026-04-28T01:00:22.170767Z"",""no_price_dollars"":""0.5800"",""taker_side"":""yes"",""ticker"":""KXBTC15M-26APR272115-15"",""trade_id"":""60192ec4-8190-5ea6-c3cb-c786bc383150"",""yes_price_dollars"":""0.4200""}"
KXBTC15M-26APR272115-15,396c9245-ad98-5986-dee2-03e180bcb85b,1777338022,0.42,30.0,yes,"{""count_fp"":""30.00"",""created_time"":""2026-04-28T01:00:22.170767Z"",""no_price_dollars"":""0.5800"",""taker_side"":""yes"",""ticker"":""KXBTC15M-26APR272115-15"",""trade_id"":""396c9245-ad98-5986-dee2-03e180bcb85b"",""yes_price_dollars"":""0.4200""}"
KXBTC15M-26APR272115-15,4f7c4cd1-bb77-781d-4ce2-900657bec198,1777338022,0.42,26.81,yes,"{""count_fp"":""26.81"",""created_time"":""2026-04-28T01:00:22.001217Z"",""no_price_dollars"":""0.5800"",""taker_side"":""yes"",""ticker"":""KXBTC15M-26APR272115-15"",""trade_id"":""4f7c4cd1-bb77-781d-4ce2-900657bec198"",""yes_price_dollars"":""0.4200""}"
KXBTC15M-26APR272115-15,90d07464-b66a-5811-fb96-2ea1a1a62586,1777338023,0.43,0.44,yes,"{""count_fp"":""0.44"",""created_time"":""2026-04-28T01:00:23.513393Z"",""no_price_dollars"":""0.5700"",""taker_side"":""yes"",""ticker"":""KXBTC15M-26APR272115-15"",""trade_id"":""90d07464-b66a-5811-fb96-2ea1a1a62586"",""yes_price_dollars"":""0.4300""}"
KXBTC15M-26APR272115-15,7823e8c0-e077-6889-0fe7-d510e708ef8f,1777338023,0.42,16.47,no,"{""count_fp"":""16.47"",""created_time"":""2026-04-28T01:00:23.062652Z"",""no_price_dollars"":""0.5800"",""taker_side"":""no"",""ticker"":""KXBTC15M-26APR272115-15"",""trade_id"":""7823e8c0-e077-6889-0fe7-d510e708ef8f"",""yes_price_dollars"":""0.4200""}"
KXBTC15M-26APR272115-15,28e0b368-227f-4b8d-7927-63e6ac6620bb,1777338023,0.42,41.33,no,"{""count_fp"":""41.33"",""created_time"":""2026-04-28T01:00:23.061981Z"",""no_price_dollars"":""0.5800"",""taker_side"":""no"",""ticker"":""KXBTC15M-26APR272115-15"",""trade_id"":""28e0b368-227f-4b8d-7927-63e6ac6620bb"",""yes_price_dollars"":""0.4200""}"
KXBTC15M-26APR272115-15,077b5bba-898e-7b95-8565-f2a763b5551a,1777338023,0.43,182.51,yes,"{""count_fp"":""182.51"",""created_time"":""2026-04-28T01:00:23.041695Z"",""no_price_dollars"":""0.5700"",""taker_side"":""yes"",""ticker"":""KXBTC15M-26APR272115-15"",""trade_id"":""077b5bba-898e-7b95-8565-f2a763b5551a"",""yes_price_dollars"":""0.4300""}"
KXBTC15M-26APR272115-15,c8dee4c6-a0c3-6295-4815-761d9bbd0ea7,1777338023,0.42,8.23,no,"{""count_fp"":""8.23"",""created_time"":""2026-04-28T01:00:23.038621Z"",""no_price_dollars"":""0.5800"",""taker_side"":""no"",""ticker"":""KXBTC15M-26APR272115-15"",""trade_id"":""c8dee4c6-a0c3-6295-4815-761d9bbd0ea7"",""yes_price_dollars"":""0.4200""}"
KXBTC15M-26APR272115-15,546cfb6b-7f12-6b69-e58c-62b9daf40dee,1777338024,0.43,33.54,yes,"{""count_fp"":""33.54"",""created_time"":""2026-04-28T01:00:24.701764Z"",""no_price_dollars"":""0.5700"",""taker_side"":""yes"",""ticker"":""KXBTC15M-26APR272115-15"",""trade_id"":""546cfb6b-7f12-6b69-e58c-62b9daf40dee"",""yes_price_dollars"":""0.4300""}"
KXBTC15M-26APR272115-15,c9694fd2-3254-60d4-3f14-7c0813e7defd,1777338025,0.41,5.0,no,"{""count_fp"":""5.00"",""created_time"":""2026-04-28T01:00:25.896956Z"",""no_price_dollars"":""0.5900"",""taker_side"":""no"",""ticker"":""KXBTC15M-26APR272115-15"",""trade_id"":""c9694fd2-3254-60d4-3f14-7c0813e7defd"",""yes_price_dollars"":""0.4100""}"
KXBTC15M-26APR272115-15,c681242c-0833-6cfd-2adf-cd52468e3887,1777338025,0.42,15.71,no,"{""count_fp"":""15.71"",""created_time"":""2026-04-28T01:00:25.896956Z"",""no_price_dollars"":""0.5800"",""taker_side"":""no"",""ticker"":""KXBTC15M-26APR272115-15"",""trade_id"":""c681242c-0833-6cfd-2adf-cd52468e3887"",""yes_price_dollars"":""0.4200""}"
KXBTC15M-26APR272115-15,c59648d9-a79d-687f-3310-bc9cef153eac,1777338025,0.42,20.0,no,"{""count_fp"":""20.00"",""created_time"":""2026-04-28T01:00:25.896956Z"",""no_price_dollars"":""0.5800"",""taker_side"":""no"",""ticker"":""KXBTC15M-26APR272115-15"",""trade_id"":""c59648d9-a79d-687f-3310-bc9cef153eac"",""yes_price_dollars"":""0.4200""}"
KXBTC15M-26APR272115-15,9f181710-9c55-6ef2-00ad-04fbab04dd4a,1777338025,0.41,31.47,no,"{""count_fp"":""31.47"",""created_time"":""2026-04-28T01:00:25.896956Z"",""no_price_dollars"":""0.5900"",""taker_side"":""no"",""ticker"":""KXBTC15M-26APR272115-15"",""trade_id"":""9f181710-9c55-6ef2-00ad-04fbab04dd4a"",""yes_price_dollars"":""0.4100""}"
KXBTC15M-26APR272115-15,8a605c60-4a2b-6885-25a1-056ee0345b64,1777338025,0.41,25.0,no,"{""count_fp"":""25.00"",""created_time"":""2026-04-28T01:00:25.896956Z"",""no_price_dollars"":""0.5900"",""taker_side"":""no"",""ticker"":""KXBTC15M-26APR272115-15"",""trade_id"":""8a605c60-4a2b-6885-25a1-056ee0345b64"",""yes_price_dollars"":""0.4100""}"
KXBTC15M-26APR272115-15,7ddcbcc3-929e-6d3f-0d2c-2e32e35932c3,1777338025,0.41,231.3,no,"{""count_fp"":""231.30"",""created_time"":""2026-04-28T01:00:25.896956Z"",""no_price_dollars"":""0.5900"",""taker_side"":""no"",""ticker"":""KXBTC15M-26APR272115-15"",""trade_id"":""7ddcbcc3-929e-6d3f-0d2c-2e32e35932c3"",""yes_price_dollars"":""0.4100""}"
KXBTC15M-26APR272115-15,6f510789-081f-68bf-1c67-b4c993e198cc,1777338025,0.42,1.67,no,"{""count_fp"":""1.67"",""created_time"":""2026-04-28T01:00:25.896956Z"",""no_price_dollars"":""0.5800"",""taker_side"":""no"",""ticker"":""KXBTC15M-26APR272115-15"",""trade_id"":""6f510789-081f-68bf-1c67-b4c993e198cc"",""yes_price_dollars"":""0.4200""}"
KXBTC15M-26APR272115-15,b0c906c4-9683-7645-cecf-aa91df4c49c7,1777338025,0.42,2.0,no,"{""count_fp"":""2.00"",""created_time"":""2026-04-28T01:00:25.173558Z"",""no_price_dollars"":""0.5800"",""taker_side"":""no"",""ticker"":""KXBTC15M-26APR272115-15"",""trade_id"":""b0c906c4-9683-7645-cecf-aa91df4c49c7"",""yes_price_dollars"":""0.4200""}"
KXBTC15M-26APR272115-15,1f284410-1ea2-43ed-0f8a-6848dfbfce7a,1777338025,0.43,24.59,yes,"{""count_fp"":""24.59"",""created_time"":""2026-04-28T01:00:25.082424Z"",""no_price_dollars"":""0.5700"",""taker_side"":""yes"",""ticker"":""KXBTC15M-26APR272115-15"",""trade_id"":""1f284410-1ea2-43ed-0f8a-6848dfbfce7a"",""yes_price_dollars"":""0.4300""}"
KXBTC15M-26APR272115-15,d47b544a-b9f2-76bd-3253-e95b2aa6c5da,1777338026,0.42,6.7,yes,"{""count_fp"":""6.70"",""created_time"":""2026-04-28T01:00:26.936301Z"",""no_price_dollars"":""0.5800"",""taker_side"":""yes"",""ticker"":""KXBTC15M-26APR272115-15"",""trade_id"":""d47b544a-b9f2-76bd-3253-e95b2aa6c5da"",""yes_price_dollars"":""0.4200""}"
KXBTC15M-26APR272115-15,176c0b73-e4a6-7151-8fef-d6d582c5759e,1777338026,0.42,71.56,yes,"{""count_fp"":""71.56"",""created_time"":""2026-04-28T01:00:26.890717Z"",""no_price_dollars"":""0.5800"",""taker_side"":""yes"",""ticker"":""KXBTC15M-26APR272115-15"",""trade_id"":""176c0b73-e4a6-7151-8fef-d6d582c5759e"",""yes_price_dollars"":""0.4200""}"
KXBTC15M-26APR272115-15,0631f06c-1ebe-6b01-011b-0f3825026432,1777338026,0.42,50.0,yes,"{""count_fp"":""50.00"",""created_time"":""2026-04-28T01:00:26.800011Z"",""no_price_dollars"":""0.5800"",""taker_side"":""yes"",""ticker"":""KXBTC15M-26APR272115-15"",""trade_id"":""0631f06c-1ebe-6b01-011b-0f3825026432"",""yes_price_dollars"":""0.4200""}"
KXBTC15M-26APR272115-15,43a69874-7eee-5efb-7972-0aeeeb9b3b03,1777338026,0.41,4.58,no,"{""count_fp"":""4.58"",""created_time"":""2026-04-28T01:00:26.718648Z"",""no_price_dollars"":""0.5900"",""taker_side"":""no"",""ticker"":""KXBTC15M-26APR272115-15"",""trade_id"":""43a69874-7eee-5efb-7972-0aeeeb9b3b03"",""yes_price_dollars"":""0.4100""}"
KXBTC15M-26APR272115-15,e3229e7d-e4de-4f2d-5645-d6c93aaca922,1777338026,0.42,3.0,yes,"{""count_fp"":""3.00"",""created_time"":""2026-04-28T01:00:26.383306Z"",""no_price_dollars"":""0.5800"",""taker_side"":""yes"",""ticker"":""KXBTC15M-26APR272115-15"",""trade_id"":""e3229e7d-e4de-4f2d-5645-d6c93aaca922"",""yes_price_dollars"":""0.4200""}"
KXBTC15M-26APR272115-15,46fb4cb2-c67e-70a5-d0e8-d4dd61185afe,1777338026,0.42,29.55,yes,"{""count_fp"":""29.55"",""created_time"":""2026-04-28T01:00:26.276753Z"",""no_price_dollars"":""0.5800"",""taker_side"":""yes"",""ticker"":""KXBTC15M-26APR272115-15"",""trade_id"":""46fb4cb2-c67e-70a5-d0e8-d4dd61185afe"",""yes_price_dollars"":""0.4200""}"
KXBTC15M-26APR272115-15,ec990b99-28d6-7699-a34e-6550713a7eaa,1777338026,0.42,16.37,yes,"{""count_fp"":""16.37"",""created_time"":""2026-04-28T01:00:26.045202Z"",""no_price_dollars"":""0.5800"",""taker_side"":""yes"",""ticker"":""KXBTC15M-26APR272115-15"",""trade_id"":""ec990b99-28d6-7699-a34e-6550713a7eaa"",""yes_price_dollars"":""0.4200""}"
KXBTC15M-26APR272115-15,ac0b423c-4c96-7670-857c-87c8f68e405e,1777338027,0.4,10.0,no,"{""count_fp"":""10.00"",""created_time"":""2026-04-28T01:00:27.814691Z"",""no_price_dollars"":""0.6000"",""taker_side"":""no"",""ticker"":""KXBTC15M-26APR272115-15"",""trade_id"":""ac0b423c-4c96-7670-857c-87c8f68e405e"",""yes_price_dollars"":""0.4000""}"
KXBTC15M-26APR272115-15,03e95f52-f78f-6a9a-b4a5-e03163f3d7f2,1777338027,0.41,24.0,yes,"{""count_fp"":""24.00"",""created_time"":""2026-04-28T01:00:27.713204Z"",""no_price_dollars"":""0.5900"",""taker_side"":""yes"",""ticker"":""KXBTC15M-26APR272115-15"",""trade_id"":""03e95f52-f78f-6a9a-b4a5-e03163f3d7f2"",""yes_price_dollars"":""0.4100""}"
KXBTC15M-26APR272115-15,26b62af7-9ddb-761a-3938-0b3fb42edb7e,1777338027,0.41,4.0,yes,"{""count_fp"":""4.00"",""created_time"":""2026-04-28T01:00:27.366623Z"",""no_price_dollars"":""0.5900"",""taker_side"":""yes"",""ticker"":""KXBTC15M-26APR272115-15"",""trade_id"":""26b62af7-9ddb-761a-3938-0b3fb42edb7e"",""yes_price_dollars"":""0.4100""}"
KXBTC15M-26APR272115-15,32086e2b-2e92-67bc-7171-ef318074d826,1777338027,0.4,15.16,no,"{""count_fp"":""15.16"",""created_time"":""2026-04-28T01:00:27.257707Z"",""no_price_dollars"":""0.6000"",""taker_side"":""no"",""ticker"":""KXBTC15M-26APR272115-15"",""trade_id"":""32086e2b-2e92-67bc-7171-ef318074d826"",""yes_price_dollars"":""0.4000""}"
KXBTC15M-26APR272115-15,f61d70e0-eace-7e84-d1da-c6aaff71ca86,1777338028,0.4,18.75,no,"{""count_fp"":""18.75"",""created_time"":""2026-04-28T01:00:28.784488Z"",""no_price_dollars"":""0.6000"",""taker_side"":""no"",""ticker"":""KXBTC15M-26APR272115-15"",""trade_id"":""f61d70e0-eace-7e84-d1da-c6aaff71ca86"",""yes_price_dollars"":""0.4000""}"
KXBTC15M-26APR272115-15,53772093-df97-553e-f754-ad3298d31eaa,1777338028,0.41,2.0,yes,"{""count_fp"":""2.00"",""created_time"":""2026-04-28T01:00:28.596995Z"",""no_price_dollars"":""0.5900"",""taker_side"":""yes"",""ticker"":""KXBTC15M-26APR272115-15"",""trade_id"":""53772093-df97-553e-f754-ad3298d31eaa"",""yes_price_dollars"":""0.4100""}"
KXBTC15M-26APR272115-15,917b02b0-125b-4e6a-4927-7b84725cb3ba,1777338028,0.41,22.88,yes,"{""count_fp"":""22.88"",""created_time"":""2026-04-28T01:00:28.479039Z"",""no_price_dollars"":""0.5900"",""taker_side"":""yes"",""ticker"":""KXBTC15M-26APR272115-15"",""trade_id"":""917b02b0-125b-4e6a-4927-7b84725cb3ba"",""yes_price_dollars"":""0.4100""}"
KXBTC15M-26APR272115-15,67b97045-b00f-6066-cf94-511f74b2145e,1777338028,0.41,114.4,yes,"{""count_fp"":""114.40"",""created_time"":""2026-04-28T01:00:28.422516Z"",""no_price_dollars"":""0.5900"",""taker_side"":""yes"",""ticker"":""KXBTC15M-26APR272115-15"",""trade_id"":""67b97045-b00f-6066-cf94-511f74b2145e"",""yes_price_dollars"":""0.4100""}"
KXBTC15M-26APR272115-15,fbfe06e1-2cdb-4f06-340c-c53d31eb5006,1777338029,0.41,35.13,yes,"{""count_fp"":""35.13"",""created_time"":""2026-04-28T01:00:29.647094Z"",""no_price_dollars"":""0.5900"",""taker_side"":""yes"",""ticker"":""KXBTC15M-26APR272115-15"",""trade_id"":""fbfe06e1-2cdb-4f06-340c-c53d31eb5006"",""yes_price_dollars"":""0.4100""}"
KXBTC15M-26APR272115-15,9d389488-58a6-4788-8156-740723964cfe,1777338029,0.4,1.0,no,"{""count_fp"":""1.00"",""created_time"":""2026-04-28T01:00:29.540231Z"",""no_price_dollars"":""0.6000"",""taker_side"":""no"",""ticker"":""KXBTC15M-26APR272115-15"",""trade_id"":""9d389488-58a6-4788-8156-740723964cfe"",""yes_price_dollars"":""0.4000""}"
KXBTC15M-26APR272115-15,c4f053d8-9d76-6b94-344c-17c7f445df9e,1777338029,0.4,24.31,no,"{""count_fp"":""24.31"",""created_time"":""2026-04-28T01:00:29.505957Z"",""no_price_dollars"":""0.6000"",""taker_side"":""no"",""ticker"":""KXBTC15M-26APR272115-15"",""trade_id"":""c4f053d8-9d76-6b94-344c-17c7f445df9e"",""yes_price_dollars"":""0.4000""}"
KXBTC15M-26APR272115-15,2efeece0-c7be-63a8-d80f-c0c6bcd19aca,1777338029,0.4,32.41,no,"{""count_fp"":""32.41"",""created_time"":""2026-04-28T01:00:29.494315Z"",""no_price_dollars"":""0.6000"",""taker_side"":""no"",""ticker"":""KXBTC15M-26APR272115-15"",""trade_id"":""2efeece0-c7be-63a8-d80f-c0c6bcd19aca"",""yes_price_dollars"":""0.4000""}"
KXBTC15M-26APR272115-15,7c9f7342-96db-4372-aadc-be1867b8658a,1777338029,0.41,57.2,yes,"{""count_fp"":""57.20"",""created_time"":""2026-04-28T01:00:29.059156Z"",""no_price_dollars"":""0.5900"",""taker_side"":""yes"",""ticker"":""KXBTC15M-26APR272115-15"",""trade_id"":""7c9f7342-96db-4372-aadc-be1867b8658a"",""yes_price_dollars"":""0.4100""}"
KXBTC15M-26APR272115-15,d38334ac-93ca-6a3a-2ab6-c2e83b1107e0,1777338030,0.4,3.0,no,"{""count_fp"":""3.00"",""created_time"":""2026-04-28T01:00:30.545939Z"",""no_price_dollars"":""0.6000"",""taker_side"":""no"",""ticker"":""KXBTC15M-26APR272115-15"",""trade_id"":""d38334ac-93ca-6a3a-2ab6-c2e83b1107e0"",""yes_price_dollars"":""0.4000""}"
KXBTC15M-26APR272115-15,9c22c9b4-9db6-693b-00a6-8688575f6ffb,1777338030,0.4,8.29,no,"{""count_fp"":""8.29"",""created_time"":""2026-04-28T01:00:30.545939Z"",""no_price_dollars"":""0.6000"",""taker_side"":""no"",""ticker"":""KXBTC15M-26APR272115-15"",""trade_id"":""9c22c9b4-9db6-693b-00a6-8688575f6ffb"",""yes_price_dollars"":""0.4000""}"
KXBTC15M-26APR272115-15,844a28aa-ec92-60a0-220a-19b372992b46,1777338030,0.4,4.91,no,"{""count_fp"":""4.91"",""created_time"":""2026-04-28T01:00:30.545939Z"",""no_price_dollars"":""0.6000"",""taker_side"":""no"",""ticker"":""KXBTC15M-26APR272115-15"",""trade_id"":""844a28aa-ec92-60a0-220a-19b372992b46"",""yes_price_dollars"":""0.4000""}"
KXBTC15M-26APR272115-15,df147f49-0175-7bc1-f07d-58df961c138b,1777338030,0.41,30.0,yes,"{""count_fp"":""30.00"",""created_time"":""2026-04-28T01:00:30.520793Z"",""no_price_dollars"":""0.5900"",""taker_side"":""yes"",""ticker"":""KXBTC15M-26APR272115-15"",""trade_id"":""df147f49-0175-7bc1-f07d-58df961c138b"",""yes_price_dollars"":""0.4100""}"
KXBTC15M-26APR272115-15,6c2b3d33-11df-7be7-fa7d-7f9a857fd481,1777338030,0.41,141.22,yes,"{""count_fp"":""141.22"",""created_time"":""2026-04-28T01:00:30.520793Z"",""no_price_dollars"":""0.5900"",""taker_side"":""yes"",""ticker"":""KXBTC15M-26APR272115-15"",""trade_id"":""6c2b3d33-11df-7be7-fa7d-7f9a857fd481"",""yes_price_dollars"":""0.4100""}"
KXBTC15M-26APR272115-15,6b902fc4-48ef-734e-c61d-d681dc6ba76d,1777338030,0.41,10.0,yes,"{""count_fp"":""10.00"",""created_time"":""2026-04-28T01:00:30.520793Z"",""no_price_dollars"":""0.5900"",""taker_side"":""yes"",""ticker"":""KXBTC15M-26APR272115-15"",""trade_id"":""6b902fc4-48ef-734e-c61d-d681dc6ba76d"",""yes_price_dollars"":""0.4100""}"
KXBTC15M-26APR272115-15,50f1cf1d-8333-737a-c3e8-22a5ad6aa906,1777338030,0.41,240.39,yes,"{""count_fp"":""240.39"",""created_time"":""2026-04-28T01:00:30.520793Z"",""no_price_dollars"":""0.5900"",""taker_side"":""yes"",""ticker"":""KXBTC15M-26APR272115-15"",""trade_id"":""50f1cf1d-8333-737a-c3e8-22a5ad6aa906"",""yes_price_dollars"":""0.4100""}"
KXBTC15M-26APR272115-15,0f471120-5a96-7120-5225-62e70399f622,1777338030,0.4,1.63,no,"{""count_fp"":""1.63"",""created_time"":""2026-04-28T01:00:30.490571Z"",""no_price_dollars"":""0.6000"",""taker_side"":""no"",""ticker"":""KXBTC15M-26APR272115-15"",""trade_id"":""0f471120-5a96-7120-5225-62e70399f622"",""yes_price_dollars"":""0.4000""}"
KXBTC15M-26APR272115-15,46f46071-9582-6298-07b4-1d1ec36f747a,1777338030,0.4,0.46,no,"{""count_fp"":""0.46"",""created_time"":""2026-04-28T01:00:30.133844Z"",""no_price_dollars"":""0.6000"",""taker_side"":""no"",""ticker"":""KXBTC15M-26APR272115-15"",""trade_id"":""46f46071-9582-6298-07b4-1d1ec36f747a"",""yes_price_dollars"":""0.4000""}"
KXBTC15M-26APR272115-15,259aa0c8-0852-66a0-23da-5692db98e542,1777338030,0.4,15.75,no,"{""count_fp"":""15.75"",""created_time"":""2026-04-28T01:00:30.133844Z"",""no_price_dollars"":""0.6000"",""taker_side"":""no"",""ticker"":""KXBTC15M-26APR272115-15"",""trade_id"":""259aa0c8-0852-66a0-23da-5692db98e542"",""yes_price_dollars"":""0.4000""}"
KXBTC15M-26APR272115-15,632d25b2-667b-672d-16d1-13720e34f674,1777338031,0.4,16.0,no,"{""count_fp"":""16.00"",""created_time"":""2026-04-28T01:00:31.115043Z"",""no_price_dollars"":""0.6000"",""taker_side"":""no"",""ticker"":""KXBTC15M-26APR272115-15"",""trade_id"":""632d25b2-667b-672d-16d1-13720e34f674"",""yes_price_dollars"":""0.4000""}"
KXBTC15M-26APR272115-15,02a4d93a-c774-644c-1f9f-1f84366d2bd2,1777338031,0.4,8.31,no,"{""count_fp"":""8.31"",""created_time"":""2026-04-28T01:00:31.115043Z"",""no_price_dollars"":""0.6000"",""taker_side"":""no"",""ticker"":""KXBTC15M-26APR272115-15"",""trade_id"":""02a4d93a-c774-644c-1f9f-1f84366d2bd2"",""yes_price_dollars"":""0.4000""}"
KXBTC15M-26APR272115-15,1c134d43-7603-5d1c-85d9-ffe36015a75b,1777338032,0.41,35.13,yes,"{""count_fp"":""35.13"",""created_time"":""2026-04-28T01:00:32.954581Z"",""no_price_dollars"":""0.5900"",""taker_side"":""yes"",""ticker"":""KXBTC15M-26APR272115-15"",""trade_id"":""1c134d43-7603-5d1c-85d9-ffe36015a75b"",""yes_price_dollars"":""0.4100""}"
KXBTC15M-26APR272115-15,772ca2de-4e3d-6d1b-e381-52bcdba90740,1777338032,0.41,1.0,yes,"{""count_fp"":""1.00"",""created_time"":""2026-04-28T01:00:32.632013Z"",""no_price_dollars"":""0.5900"",""taker_side"":""yes"",""ticker"":""KXBTC15M-26APR272115-15"",""trade_id"":""772ca2de-4e3d-6d1b-e381-52bcdba90740"",""yes_price_dollars"":""0.4100""}"
KXBTC15M-26APR272115-15,2dec08aa-160b-631c-d755-e78eae187d47,1777338032,0.41,15.39,yes,"{""count_fp"":""15.39"",""created_time"":""2026-04-28T01:00:32.632013Z"",""no_price_dollars"":""0.5900"",""taker_side"":""yes"",""ticker"":""KXBTC15M-26APR272115-15"",""trade_id"":""2dec08aa-160b-631c-d755-e78eae187d47"",""yes_price_dollars"":""0.4100""}"
KXBTC15M-26APR272115-15,7a017f76-069e-4446-5006-a7a83bd65ee8,1777338032,0.41,152.24,yes,"{""count_fp"":""152.24"",""created_time"":""2026-04-28T01:00:32.429974Z"",""no_price_dollars"":""0.5900"",""taker_side"":""yes"",""ticker"":""KXBTC15M-26APR272115-15"",""trade_id"":""7a017f76-069e-4446-5006-a7a83bd65ee8"",""yes_price_dollars"":""0.4100""}"
KXBTC15M-26APR272115-15,5f9b4172-ec2a-4b5a-322f-0f2fcc99177c,1777338032,0.41,93.69,yes,"{""count_fp"":""93.69"",""created_time"":""2026-04-28T01:00:32.415352Z"",""no_price_dollars"":""0.5900"",""taker_side"":""yes"",""ticker"":""KXBTC15M-26APR272115-15"",""trade_id"":""5f9b4172-ec2a-4b5a-322f-0f2fcc99177c"",""yes_price_dollars"":""0.4100""}"
KXBTC15M-26APR272115-15,7c1bf28e-7d4e-70fb-d27e-b71e3e515ebb,1777338032,0.4,31.93,no,"{""count_fp"":""31.93"",""created_time"":""2026-04-28T01:00:32.295722Z"",""no_price_dollars"":""0.6000"",""taker_side"":""no"",""ticker"":""KXBTC15M-26APR272115-15"",""trade_id"":""7c1bf28e-7d4e-70fb-d27e-b71e3e515ebb"",""yes_price_dollars"":""0.4000""}"
KXBTC15M-26APR272115-15,e4b7edbe-3495-73c3-c19a-2ef457a2017c,1777338032,0.4,10.0,no,"{""count_fp"":""10.00"",""created_time"":""2026-04-28T01:00:32.267213Z"",""no_price_dollars"":""0.6000"",""taker_side"":""no"",""ticker"":""KXBTC15M-26APR272115-15"",""trade_id"":""e4b7edbe-3495-73c3-c19a-2ef457a2017c"",""yes_price_dollars"":""0.4000""}"
KXBTC15M-26APR272115-15,1b8251e2-2c32-75d2-e957-b259ae9446ff,1777338032,0.4,1.69,no,"{""count_fp"":""1.69"",""created_time"":""2026-04-28T01:00:32.267213Z"",""no_price_dollars"":""0.6000"",""taker_side"":""no"",""ticker"":""KXBTC15M-26APR272115-15"",""trade_id"":""1b8251e2-2c32-75d2-e957-b259ae9446ff"",""yes_price_dollars"":""0.4000""}"
KXBTC15M-26APR272115-15,18a48436-5592-721f-cc22-ebc699b417f7,1777338032,0.4,112.78,no,"{""count_fp"":""112.78"",""created_time"":""2026-04-28T01:00:32.267213Z"",""no_price_dollars"":""0.6000"",""taker_side"":""no"",""ticker"":""KXBTC15M-26APR272115-15"",""trade_id"":""18a48436-5592-721f-cc22-ebc699b417f7"",""yes_price_dollars"":""0.4000""}"
KXBTC15M-26APR272115-15,fc7234f4-68da-6c42-2601-f4277df4b124,1777338032,0.41,725.55,yes,"{""count_fp"":""725.55"",""created_time"":""2026-04-28T01:00:32.026938Z"",""no_price_dollars"":""0.5900"",""taker_side"":""yes"",""ticker"":""KXBTC15M-26APR272115-15"",""trade_id"":""fc7234f4-68da-6c42-2601-f4277df4b124"",""yes_price_dollars"":""0.4100""}"
KXBTC15M-26APR272115-15,cf225043-9216-768f-4620-abf4b2b36d7f,1777338033,0.4,8.1,no,"{""count_fp"":""8.10"",""created_time"":""2026-04-28T01:00:33.458364Z"",""no_price_dollars"":""0.6000"",""taker_side"":""no"",""ticker"":""KXBTC15M-26APR272115-15"",""trade_id"":""cf225043-9216-768f-4620-abf4b2b36d7f"",""yes_price_dollars"":""0.4000""}"
KXBTC15M-26APR272115-15,ebb4ad74-64e7-6390-3034-438d347e14d7,1777338033,0.4,50.0,yes,"{""count_fp"":""50.00"",""created_time"":""2026-04-28T01:00:33.328388Z"",""no_price_dollars"":""0.6000"",""taker_side"":""yes"",""ticker"":""KXBTC15M-26APR272115-15"",""trade_id"":""ebb4ad74-64e7-6390-3034-438d347e14d7"",""yes_price_dollars"":""0.4000""}"
KXBTC15M-26APR272115-15,5e8bcea6-d5ae-798f-b2a2-1cc263cb794a,1777338033,0.39,19.41,no,"{""count_fp"":""19.41"",""created_time"":""2026-04-28T01:00:33.019461Z"",""no_price_dollars"":""0.6100"",""taker_side"":""no"",""ticker"":""KXBTC15M-26APR272115-15"",""trade_id"":""5e8bcea6-d5ae-798f-b2a2-1cc263cb794a"",""yes_price_dollars"":""0.3900""}"
KXBTC15M-26APR272115-15,41bd3a17-4f1d-776c-b169-bff59932df90,1777338033,0.4,3.0,no,"{""count_fp"":""3.00"",""created_time"":""2026-04-28T01:00:33.019461Z"",""no_price_dollars"":""0.6000"",""taker_side"":""no"",""ticker"":""KXBTC15M-26APR272115-15"",""trade_id"":""41bd3a17-4f1d-776c-b169-bff59932df90"",""yes_price_dollars"":""0.4000""}"
KXBTC15M-26APR272115-15,f970d4f0-787b-4825-47c9-45c1b147701d,1777338034,0.41,22.42,yes,"{""count_fp"":""22.42"",""created_time"":""2026-04-28T01:00:34.711339Z"",""no_price_dollars"":""0.5900"",""taker_side"":""yes"",""ticker"":""KXBTC15M-26APR272115-15"",""trade_id"":""f970d4f0-787b-4825-47c9-45c1b147701d"",""yes_price_dollars"":""0.4100""}"
KXBTC15M-26APR272115-15,8ee21e78-94dd-48fd-5261-f2d08a2610e4,1777338034,0.41,1.0,yes,"{""count_fp"":""1.00"",""created_time"":""2026-04-28T01:00:34.711339Z"",""no_price_dollars"":""0.5900"",""taker_side"":""yes"",""ticker"":""KXBTC15M-26APR272115-15"",""trade_id"":""8ee21e78-94dd-48fd-5261-f2d08a2610e4"",""yes_price_dollars"":""0.4100""}"
KXBTC15M-26APR272115-15,9532d9e4-aa10-6f01-a33a-a2cd1144623f,1777338034,0.4,79.78,no,"{""count_fp"":""79.78"",""created_time"":""2026-04-28T01:00:34.118729Z"",""no_price_dollars"":""0.6000"",""taker_side"":""no"",""ticker"":""KXBTC15M-26APR272115-15"",""trade_id"":""9532d9e4-aa10-6f01-a33a-a2cd1144623f"",""yes_price_dollars"":""0.4000""}"
KXBTC15M-26APR272115-15,602b96b5-c55c-556d-48a7-55783ef53c23,1777338034,0.4,810.63,no,"{""count_fp"":""810.63"",""created_time"":""2026-04-28T01:00:34.081047Z"",""no_price_dollars"":""0.6000"",""taker_side"":""no"",""ticker"":""KXBTC15M-26APR272115-15"",""trade_id"":""602b96b5-c55c-556d-48a7-55783ef53c23"",""yes_price_dollars"":""0.4000""}"
KXBTC15M-26APR272115-15,76f7b31f-7f0b-6a73-3a86-e9ce51f0c903,1777338035,0.4,36.53,no,"{""count_fp"":""36.53"",""created_time"":""2026-04-28T01:00:35.570771Z"",""no_price_dollars"":""0.6000"",""taker_side"":""no"",""ticker"":""KXBTC15M-26APR272115-15"",""trade_id"":""76f7b31f-7f0b-6a73-3a86-e9ce51f0c903"",""yes_price_dollars"":""0.4000""}"
KXBTC15M-26APR272115-15,3a01e8c2-3391-6b21-09a1-0ee7c7f4f43a,1777338035,0.4,4.0,no,"{""count_fp"":""4.00"",""created_time"":""2026-04-28T01:00:35.570771Z"",""no_price_dollars"":""0.6000"",""taker_side"":""no"",""ticker"":""KXBTC15M-26APR272115-15"",""trade_id"":""3a01e8c2-3391-6b21-09a1-0ee7c7f4f43a"",""yes_price_dollars"":""0.4000""}"
KXBTC15M-26APR272115-15,8520434c-9091-75d4-0c1d-2bddfbad1acd,1777338035,0.4,10.0,no,"{""count_fp"":""10.00"",""created_time"":""2026-04-28T01:00:35.369086Z"",""no_price_dollars"":""0.6000"",""taker_side"":""no"",""ticker"":""KXBTC15M-26APR272115-15"",""trade_id"":""8520434c-9091-75d4-0c1d-2bddfbad1acd"",""yes_price_dollars"":""0.4000""}"
KXBTC15M-26APR272115-15,386b65c2-edcc-7f3f-31a9-0188bcdcb830,1777338035,0.41,10.0,no,"{""count_fp"":""10.00"",""created_time"":""2026-04-28T01:00:35.369086Z"",""no_price_dollars"":""0.5900"",""taker_side"":""no"",""ticker"":""KXBTC15M-26APR272115-15"",""trade_id"":""386b65c2-edcc-7f3f-31a9-0188bcdcb830"",""yes_price_dollars"":""0.4100""}"
KXBTC15M-26APR272115-15,2210ec9d-59ea-783b-3f3e-3e8209404d7a,1777338035,0.39,19.71,no,"{""count_fp"":""19.71"",""created_time"":""2026-04-28T01:00:35.369086Z"",""no_price_dollars"":""0.6100"",""taker_side"":""no"",""ticker"":""KXBTC15M-26APR272115-15"",""trade_id"":""2210ec9d-59ea-783b-3f3e-3e8209404d7a"",""yes_price_dollars"":""0.3900""}"
KXBTC15M-26APR272115-15,ebe8ad45-0e09-72f8-7593-39072da4d49d,1777338035,0.41,10.0,yes,"{""count_fp"":""10.00"",""created_time"":""2026-04-28T01:00:35.187859Z"",""no_price_dollars"":""0.5900"",""taker_side"":""yes"",""ticker"":""KXBTC15M-26APR272115-15"",""trade_id"":""ebe8ad45-0e09-72f8-7593-39072da4d49d"",""yes_price_dollars"":""0.4100""}"
KXBTC15M-26APR272115-15,b65bbaf7-9d13-7ab3-428b-9ee3ecc677f8,1777338035,0.41,21.0,yes,"{""count_fp"":""21.00"",""created_time"":""2026-04-28T01:00:35.187859Z"",""no_price_dollars"":""0.5900"",""taker_side"":""yes"",""ticker"":""KXBTC15M-26APR272115-15"",""trade_id"":""b65bbaf7-9d13-7ab3-428b-9ee3ecc677f8"",""yes_price_dollars"":""0.4100""}"
KXBTC15M-26APR272115-15,a647ca8c-3690-7bcb-558e-c36750163ba2,1777338035,0.43,122.76,yes,"{""count_fp"":""122.76"",""created_time"":""2026-04-28T01:00:35.187859Z"",""no_price_dollars"":""0.5700"",""taker_side"":""yes"",""ticker"":""KXBTC15M-26APR272115-15"",""trade_id"":""a647ca8c-3690-7bcb-558e-c36750163ba2"",""yes_price_dollars"":""0.4300""}"
KXBTC15M-26APR272115-15,9506172a-81da-7732-570a-9324c9a0337a,1777338035,0.42,1.0,yes,"{""count_fp"":""1.00"",""created_time"":""2026-04-28T01:00:35.187859Z"",""no_price_dollars"":""0.5800"",""taker_side"":""yes"",""ticker"":""KXBTC15M-26APR272115-15"",""trade_id"":""9506172a-81da-7732-570a-9324c9a0337a"",""yes_price_dollars"":""0.4200""}"
KXBTC15M-26APR272115-15,71b0d4c9-262e-7011-6d65-3024611c2f9b,1777338035,0.41,4.0,yes,"{""count_fp"":""4.00"",""created_time"":""2026-04-28T01:00:35.187859Z"",""no_price_dollars"":""0.5900"",""taker_side"":""yes"",""ticker"":""KXBTC15M-26APR272115-15"",""trade_id"":""71b0d4c9-262e-7011-6d65-3024611c2f9b"",""yes_price_dollars"":""0.4100""}"
KXBTC15M-26APR272115-15,5bfa8f7f-0b3f-727d-7541-d9433d6751bf,1777338035,0.42,56.0,yes,"{""count_fp"":""56.00"",""created_time"":""2026-04-28T01:00:35.187859Z"",""no_price_dollars"":""0.5800"",""taker_side"":""yes"",""ticker"":""KXBTC15M-26APR272115-15"",""trade_id"":""5bfa8f7f-0b3f-727d-7541-d9433d6751bf"",""yes_price_dollars"":""0.4200""}"
KXBTC15M-26APR272115-15,50cd7e9e-4347-7524-416e-adfc78713c20,1777338035,0.42,3.0,yes,"{""count_fp"":""3.00"",""created_time"":""2026-04-28T01:00:35.187859Z"",""no_price_dollars"":""0.5800"",""taker_side"":""yes"",""ticker"":""KXBTC15M-26APR272115-15"",""trade_id"":""50cd7e9e-4347-7524-416e-adfc78713c20"",""yes_price_dollars"":""0.4200""}"
KXBTC15M-26APR272115-15,1708f58f-2063-7001-47c1-2125a45c9329,1777338035,0.41,477.58,yes,"{""count_fp"":""477.58"",""created_time"":""2026-04-28T01:00:35.187859Z"",""no_price_dollars"":""0.5900"",""taker_side"":""yes"",""ticker"":""KXBTC15M-26APR272115-15"",""trade_id"":""1708f58f-2063-7001-47c1-2125a45c9329"",""yes_price_dollars"":""0.4100""}"
KXBTC15M-26APR272115-15,9cff012b-ede2-70bf-383c-4812045838fd,1777338036,0.4,111.81,yes,"{""count_fp"":""111.81"",""created_time"":""2026-04-28T01:00:36.782879Z"",""no_price_dollars"":""0.6000"",""taker_side"":""yes"",""ticker"":""KXBTC15M-26APR272115-15"",""trade_id"":""9cff012b-ede2-70bf-383c-4812045838fd"",""yes_price_dollars"":""0.4000""}"
KXBTC15M-26APR272115-15,fa77e3c9-cf42-7a17-8a05-448244554a85,1777338036,0.4,2.0,yes,"{""count_fp"":""2.00"",""created_time"":""2026-04-28T01:00:36.575712Z"",""no_price_dollars"":""0.6000"",""taker_side"":""yes"",""ticker"":""KXBTC15M-26APR272115-15"",""trade_id"":""fa77e3c9-cf42-7a17-8a05-448244554a85"",""yes_price_dollars"":""0.4000""}"
KXBTC15M-26APR272115-15,acfb0400-139a-7507-8880-bcc232031006,1777338036,0.39,31.9,no,"{""count_fp"":""31.90"",""created_time"":""2026-04-28T01:00:36.569315Z"",""no_price_dollars"":""0.6100"",""taker_side"":""no"",""ticker"":""KXBTC15M-26APR272115-15"",""trade_id"":""acfb0400-139a-7507-8880-bcc232031006"",""yes_price_dollars"":""0.3900""}"
KXBTC15M-26APR272115-15,10208847-2542-60a7-0321-0c1773f142b9,1777338036,0.4,2.34,yes,"{""count_fp"":""2.34"",""created_time"":""2026-04-28T01:00:36.338283Z"",""no_price_dollars"":""0.6000"",""taker_side"":""yes"",""ticker"":""KXBTC15M-26APR272115-15"",""trade_id"":""10208847-2542-60a7-0321-0c1773f142b9"",""yes_price_dollars"":""0.4000""}"
KXBTC15M-26APR272115-15,6ad63c50-b406-6c93-eb00-c2077e570cb5,1777338036,0.4,46.84,yes,"{""count_fp"":""46.84"",""created_time"":""2026-04-28T01:00:36.029218Z"",""no_price_dollars"":""0.6000"",""taker_side"":""yes"",""ticker"":""KXBTC15M-26APR272115-15"",""trade_id"":""6ad63c50-b406-6c93-eb00-c2077e570cb5"",""yes_price_dollars"":""0.4000""}"
KXBTC15M-26APR272115-15,ce0f91e6-58be-648d-c9e9-3bd511c0757b,1777338037,0.41,10.0,yes,"{""count_fp"":""10.00"",""created_time"":""2026-04-28T01:00:37.484557Z"",""no_price_dollars"":""0.5900"",""taker_side"":""yes"",""ticker"":""KXBTC15M-26APR272115-15"",""trade_id"":""ce0f91e6-58be-648d-c9e9-3bd511c0757b"",""yes_price_dollars"":""0.4100""}"
KXBTC15M-26APR272115-15,f597cb1d-9f20-712a-24e8-b96144565ad7,1777338037,0.4,10.0,yes,"{""count_fp"":""10.00"",""created_time"":""2026-04-28T01:00:37.294673Z"",""no_price_dollars"":""0.6000"",""taker_side"":""yes"",""ticker"":""KXBTC15M-26APR272115-15"",""trade_id"":""f597cb1d-9f20-712a-24e8-b96144565ad7"",""yes_price_dollars"":""0.4000""}"
KXBTC15M-26APR272115-15,376aa4be-e03a-7d16-39a3-9dd8dcd7447f,1777338037,0.4,30.0,yes,"{""count_fp"":""30.00"",""created_time"":""2026-04-28T01:00:37.294673Z"",""no_price_dollars"":""0.6000"",""taker_side"":""yes"",""ticker"":""KXBTC15M-26APR272115-15"",""trade_id"":""376aa4be-e03a-7d16-39a3-9dd8dcd7447f"",""yes_price_dollars"":""0.4000""}"
KXBTC15M-26APR272115-15,06b9abc5-299e-46c7-ca80-54c44e364925,1777338038,0.4,26.37,yes,"{""count_fp"":""26.37"",""created_time"":""2026-04-28T01:00:38.975846Z"",""no_price_dollars"":""0.6000"",""taker_side"":""yes"",""ticker"":""KXBTC15M-26APR272115-15"",""trade_id"":""06b9abc5-299e-46c7-ca80-54c44e364925"",""yes_price_dollars"":""0.4000""}"
KXBTC15M-26APR272115-15,9c101019-87ee-5a6b-62e2-49a109a589b9,1777338038,0.4,38.38,yes,"{""count_fp"":""38.38"",""created_time"":""2026-04-28T01:00:38.973003Z"",""no_price_dollars"":""0.6000"",""taker_side"":""yes"",""ticker"":""KXBTC15M-26APR272115-15"",""trade_id"":""9c101019-87ee-5a6b-62e2-49a109a589b9"",""yes_price_dollars"":""0.4000""}"
KXBTC15M-26APR272115-15,4b603a15-7a06-634f-14dd-54500484e27e,1777338038,0.39,15.95,no,"{""count_fp"":""15.95"",""created_time"":""2026-04-28T01:00:38.841339Z"",""no_price_dollars"":""0.6100"",""taker_side"":""no"",""ticker"":""KXBTC15M-26APR272115-15"",""trade_id"":""4b603a15-7a06-634f-14dd-54500484e27e"",""yes_price_dollars"":""0.3900""}"
KXBTC15M-26APR272115-15,03f528bd-ce16-6eaf-ef2c-f74ea7c79c7e,1777338039,0.39,10.0,no,"{""count_fp"":""10.00"",""created_time"":""2026-04-28T01:00:39.748814Z"",""no_price_dollars"":""0.6100"",""taker_side"":""no"",""ticker"":""KXBTC15M-26APR272115-15"",""trade_id"":""03f528bd-ce16-6eaf-ef2c-f74ea7c79c7e"",""yes_price_dollars"":""0.3900""}"
KXBTC15M-26APR272115-15,6a1659ba-2e06-7757-0441-c7041de48b79,1777338039,0.4,7.19,yes,"{""count_fp"":""7.19"",""created_time"":""2026-04-28T01:00:39.428469Z"",""no_price_dollars"":""0.6000"",""taker_side"":""yes"",""ticker"":""KXBTC15M-26APR272115-15"",""trade_id"":""6a1659ba-2e06-7757-0441-c7041de48b79"",""yes_price_dollars"":""0.4000""}"
KXBTC15M-26APR272115-15,9f75726a-513a-53df-44f1-08efa387b6b2,1777338039,0.39,7.97,no,"{""count_fp"":""7.97"",""created_time"":""2026-04-28T01:00:39.419027Z"",""no_price_dollars"":""0.6100"",""taker_side"":""no"",""ticker"":""KXBTC15M-26APR272115-15"",""trade_id"":""9f75726a-513a-53df-44f1-08efa387b6b2"",""yes_price_dollars"":""0.3900""}"
KXBTC15M-26APR272115-15,75ec268e-7386-62a7-0fa9-89d5d26260c5,1777338039,0.4,14.39,yes,"{""count_fp"":""14.39"",""created_time"":""2026-04-28T01:00:39.087649Z"",""no_price_dollars"":""0.6000"",""taker_side"":""yes"",""ticker"":""KXBTC15M-26APR272115-15"",""trade_id"":""75ec268e-7386-62a7-0fa9-89d5d26260c5"",""yes_price_dollars"":""0.4000""}"
KXBTC15M-26APR272115-15,a62da52e-7736-44f5-11b8-a283aaf3a9a7,1777338040,0.4,9.0,no,"{""count_fp"":""9.00"",""created_time"":""2026-04-28T01:00:40.925913Z"",""no_price_dollars"":""0.6000"",""taker_side"":""no"",""ticker"":""KXBTC15M-26APR272115-15"",""trade_id"":""a62da52e-7736-44f5-11b8-a283aaf3a9a7"",""yes_price_dollars"":""0.4000""}"
KXBTC15M-26APR272115-15,0be0fef7-3d7f-4313-2316-e4699e45109b,1777338040,0.4,7.21,no,"{""count_fp"":""7.21"",""created_time"":""2026-04-28T01:00:40.925913Z"",""no_price_dollars"":""0.6000"",""taker_side"":""no"",""ticker"":""KXBTC15M-26APR272115-15"",""trade_id"":""0be0fef7-3d7f-4313-2316-e4699e45109b"",""yes_price_dollars"":""0.4000""}"
KXBTC15M-26APR272115-15,b47b16ed-9b02-476f-7c8a-5355ff94a35d,1777338040,0.41,9.36,yes,"{""count_fp"":""9.36"",""created_time"":""2026-04-28T01:00:40.410908Z"",""no_price_dollars"":""0.5900"",""taker_side"":""yes"",""ticker"":""KXBTC15M-26APR272115-15"",""trade_id"":""b47b16ed-9b02-476f-7c8a-5355ff94a35d"",""yes_price_dollars"":""0.4100""}"
KXBTC15M-26APR272115-15,b07f6691-21f8-7443-bdfe-275bbc32fb51,1777338040,0.41,10.0,yes,"{""count_fp"":""10.00"",""created_time"":""2026-04-28T01:00:40.335613Z"",""no_price_dollars"":""0.5900"",""taker_side"":""yes"",""ticker"":""KXBTC15M-26APR272115-15"",""trade_id"":""b07f6691-21f8-7443-bdfe-275bbc32fb51"",""yes_price_dollars"":""0.4100""}"
KXBTC15M-26APR272115-15,a0635804-d0da-7ff9-b54a-7abd38055a53,1777338040,0.41,11.0,yes,"{""count_fp"":""11.00"",""created_time"":""2026-04-28T01:00:40.335613Z"",""no_price_dollars"":""0.5900"",""taker_side"":""yes"",""ticker"":""KXBTC15M-26APR272115-15"",""trade_id"":""a0635804-d0da-7ff9-b54a-7abd38055a53"",""yes_price_dollars"":""0.4100""}"
KXBTC15M-26APR272115-15,91b3aad1-672e-747b-90a9-10c8b762a8d5,1777338040,0.41,79.81,yes,"{""count_fp"":""79.81"",""created_time"":""2026-04-28T01:00:40.335613Z"",""no_price_dollars"":""0.5900"",""taker_side"":""yes"",""ticker"":""KXBTC15M-26APR272115-15"",""trade_id"":""91b3aad1-672e-747b-90a9-10c8b762a8d5"",""yes_price_dollars"":""0.4100""}"
KXBTC15M-26APR272115-15,62d85490-3e58-7c69-8c0a-b4e3b567e2fc,1777338040,0.4,30.0,yes,"{""count_fp"":""30.00"",""created_time"":""2026-04-28T01:00:40.335613Z"",""no_price_dollars"":""0.6000"",""taker_side"":""yes"",""ticker"":""KXBTC15M-26APR272115-15"",""trade_id"":""62d85490-3e58-7c69-8c0a-b4e3b567e2fc"",""yes_price_dollars"":""0.4000""}"
KXBTC15M-26APR272115-15,2ba965a7-a033-7f66-a205-6287823ef7b0,1777338040,0.4,10.0,yes,"{""count_fp"":""10.00"",""created_time"":""2026-04-28T01:00:40.335613Z"",""no_price_dollars"":""0.6000"",""taker_side"":""yes"",""ticker"":""KXBTC15M-26APR272115-15"",""trade_id"":""2ba965a7-a033-7f66-a205-6287823ef7b0"",""yes_price_dollars"":""0.4000""}"
KXBTC15M-26APR272115-15,1c6a187e-afd3-7c8c-a510-c8285bb68964,1777338040,0.4,35.53,yes,"{""count_fp"":""35.53"",""created_time"":""2026-04-28T01:00:40.335613Z"",""no_price_dollars"":""0.6000"",""taker_side"":""yes"",""ticker"":""KXBTC15M-26APR272115-15"",""trade_id"":""1c6a187e-afd3-7c8c-a510-c8285bb68964"",""yes_price_dollars"":""0.4000""}"
KXBTC15M-26APR272115-15,277b03ae-ea9b-436c-9918-add8504db810,1777338040,0.4,1.0,yes,"{""count_fp"":""1.00"",""created_time"":""2026-04-28T01:00:40.293626Z"",""no_price_dollars"":""0.6000"",""taker_side"":""yes"",""ticker"":""KXBTC15M-26APR272115-15"",""trade_id"":""277b03ae-ea9b-436c-9918-add8504db810"",""yes_price_dollars"":""0.4000""}"
KXBTC15M-26APR272115-15,d90355c7-9562-5245-ad53-7a6e23550d0f,1777338040,0.39,9.4,no,"{""count_fp"":""9.40"",""created_time"":""2026-04-28T01:00:40.097771Z"",""no_price_dollars"":""0.6100"",""taker_side"":""no"",""ticker"":""KXBTC15M-26APR272115-15"",""trade_id"":""d90355c7-9562-5245-ad53-7a6e23550d0f"",""yes_price_dollars"":""0.3900""}"
KXBTC15M-26APR272115-15,cce69817-b6fb-5175-aae5-f94f6143e77a,1777338040,0.39,3.0,no,"{""count_fp"":""3.00"",""created_time"":""2026-04-28T01:00:40.097771Z"",""no_price_dollars"":""0.6100"",""taker_side"":""no"",""ticker"":""KXBTC15M-26APR272115-15"",""trade_id"":""cce69817-b6fb-5175-aae5-f94f6143e77a"",""yes_price_dollars"":""0.3900""}"
KXBTC15M-26APR272115-15,76fbdab2-ff70-516e-a5e0-ae970e0b1657,1777338040,0.39,10.0,no,"{""count_fp"":""10.00"",""created_time"":""2026-04-28T01:00:40.097771Z"",""no_price_dollars"":""0.6100"",""taker_side"":""no"",""ticker"":""KXBTC15M-26APR272115-15"",""trade_id"":""76fbdab2-ff70-516e-a5e0-ae970e0b1657"",""yes_price_dollars"":""0.3900""}"
KXBTC15M-26APR272115-15,735277c6-8296-5023-88a1-09f1fd6e340e,1777338040,0.39,27.06,no,"{""count_fp"":""27.06"",""created_time"":""2026-04-28T01:00:40.097771Z"",""no_price_dollars"":""0.6100"",""taker_side"":""no"",""ticker"":""KXBTC15M-26APR272115-15"",""trade_id"":""735277c6-8296-5023-88a1-09f1fd6e340e"",""yes_price_dollars"":""0.3900""}"
KXBTC15M-26APR272115-15,3f327e01-3b16-7723-5a18-26e761a378f1,1777338041,0.41,4.43,yes,"{""count_fp"":""4.43"",""created_time"":""2026-04-28T01:00:41.718313Z"",""no_price_dollars"":""0.5900"",""taker_side"":""yes"",""ticker"":""KXBTC15M-26APR272115-15"",""trade_id"":""3f327e01-3b16-7723-5a18-26e761a378f1"",""yes_price_dollars"":""0.4100""}"
KXBTC15M-26APR272115-15,0789f3ae-3326-5fef-f5a2-5b74254ff625,1777338041,0.41,6.9,yes,"{""count_fp"":""6.90"",""created_time"":""2026-04-28T01:00:41.143541Z"",""no_price_dollars"":""0.5900"",""taker_side"":""yes"",""ticker"":""KXBTC15M-26APR272115-15"",""trade_id"":""0789f3ae-3326-5fef-f5a2-5b74254ff625"",""yes_price_dollars"":""0.4100""}"
KXBTC15M-26APR272115-15,51518eb6-ac1b-7daf-102c-0d4d17a180f3,1777338042,0.4,43.0,no,"{""count_fp"":""43.00"",""created_time"":""2026-04-28T01:00:42.859782Z"",""no_price_dollars"":""0.6000"",""taker_side"":""no"",""ticker"":""KXBTC15M-26APR272115-15"",""trade_id"":""51518eb6-ac1b-7daf-102c-0d4d17a180f3"",""yes_price_dollars"":""0.4000""}"
KXBTC15M-26APR272115-15,020942d1-caa6-534f-c35e-06724996c501,1777338042,0.41,57.58,yes,"{""count_fp"":""57.58"",""created_time"":""2026-04-28T01:00:42.676043Z"",""no_price_dollars"":""0.5900"",""taker_side"":""yes"",""ticker"":""KXBTC15M-26APR272115-15"",""trade_id"":""020942d1-caa6-534f-c35e-06724996c501"",""yes_price_dollars"":""0.4100""}"
KXBTC15M-26APR272115-15,56329277-34cf-4a23-4cc4-d8a0a3d13067,1777338042,0.4,1.62,no,"{""count_fp"":""1.62"",""created_time"":""2026-04-28T01:00:42.604879Z"",""no_price_dollars"":""0.6000"",""taker_side"":""no"",""ticker"":""KXBTC15M-26APR272115-15"",""trade_id"":""56329277-34cf-4a23-4cc4-d8a0a3d13067"",""yes_price_dollars"":""0.4000""}"
KXBTC15M-26APR272115-15,855a41b5-2fca-6f37-e078-2398ca7befb5,1777338044,0.41,1.0,yes,"{""count_fp"":""1.00"",""created_time"":""2026-04-28T01:00:44.894496Z"",""no_price_dollars"":""0.5900"",""taker_side"":""yes"",""ticker"":""KXBTC15M-26APR272115-15"",""trade_id"":""855a41b5-2fca-6f37-e078-2398ca7befb5"",""yes_price_dollars"":""0.4100""}"
KXBTC15M-26APR272115-15,c43cef1f-b10e-54e0-1272-ed8397706d95,1777338044,0.4,1.0,no,"{""count_fp"":""1.00"",""created_time"":""2026-04-28T01:00:44.659445Z"",""no_price_dollars"":""0.6000"",""taker_side"":""no"",""ticker"":""KXBTC15M-26APR272115-15"",""trade_id"":""c43cef1f-b10e-54e0-1272-ed8397706d95"",""yes_price_dollars"":""0.4000""}"
KXBTC15M-26APR272115-15,2180d708-0ba4-545f-0092-32c613dcbba1,1777338044,0.4,2.24,no,"{""count_fp"":""2.24"",""created_time"":""2026-04-28T01:00:44.659445Z"",""no_price_dollars"":""0.6000"",""taker_side"":""no"",""ticker"":""KXBTC15M-26APR272115-15"",""trade_id"":""2180d708-0ba4-545f-0092-32c613dcbba1"",""yes_price_dollars"":""0.4000""}"
KXBTC15M-26APR272115-15,0a8b2888-0966-62ef-d4f9-7fd168662d65,1777338044,0.41,23.42,yes,"{""count_fp"":""23.42"",""created_time"":""2026-04-28T01:00:44.620887Z"",""no_price_dollars"":""0.5900"",""taker_side"":""yes"",""ticker"":""KXBTC15M-26APR272115-15"",""trade_id"":""0a8b2888-0966-62ef-d4f9-7fd168662d65"",""yes_price_dollars"":""0.4100""}"
KXBTC15M-26APR272115-15,7abac2be-56f2-646f-7aca-0ff52431feb5,1777338044,0.41,11.71,yes,"{""count_fp"":""11.71"",""created_time"":""2026-04-28T01:00:44.229415Z"",""no_price_dollars"":""0.5900"",""taker_side"":""yes"",""ticker"":""KXBTC15M-26APR272115-15"",""trade_id"":""7abac2be-56f2-646f-7aca-0ff52431feb5"",""yes_price_dollars"":""0.4100""}"
KXBTC15M-26APR272115-15,4f64693f-ce85-558c-a6f3-eee6d3dc91fc,1777338045,0.39,47.0,yes,"{""count_fp"":""47.00"",""created_time"":""2026-04-28T01:00:45.925648Z"",""no_price_dollars"":""0.6100"",""taker_side"":""yes"",""ticker"":""KXBTC15M-26APR272115-15"",""trade_id"":""4f64693f-ce85-558c-a6f3-eee6d3dc91fc"",""yes_price_dollars"":""0.3900""}"
KXBTC15M-26APR272115-15,70a0e57d-d785-47a0-ee3d-28d01018806c,1777338045,0.39,4.68,yes,"{""count_fp"":""4.68"",""created_time"":""2026-04-28T01:00:45.373047Z"",""no_price_dollars"":""0.6100"",""taker_side"":""yes"",""ticker"":""KXBTC15M-26APR272115-15"",""trade_id"":""70a0e57d-d785-47a0-ee3d-28d01018806c"",""yes_price_dollars"":""0.3900""}"
KXBTC15M-26APR272115-15,bf95cccb-d634-7f95-64ba-65a51161876e,1777338045,0.4,35.66,no,"{""count_fp"":""35.66"",""created_time"":""2026-04-28T01:00:45.210495Z"",""no_price_dollars"":""0.6000"",""taker_side"":""no"",""ticker"":""KXBTC15M-26APR272115-15"",""trade_id"":""bf95cccb-d634-7f95-64ba-65a51161876e"",""yes_price_dollars"":""0.4000""}"
KXBTC15M-26APR272115-15,ab9cb5eb-4878-5b57-2891-c26ebf9efd93,1777338045,0.39,3.0,yes,"{""count_fp"":""3.00"",""created_time"":""2026-04-28T01:00:45.206617Z"",""no_price_dollars"":""0.6100"",""taker_side"":""yes"",""ticker"":""KXBTC15M-26APR272115-15"",""trade_id"":""ab9cb5eb-4878-5b57-2891-c26ebf9efd93"",""yes_price_dollars"":""0.3900""}"
KXBTC15M-26APR272115-15,28ef67b8-34b0-76a3-1536-d3f6b3171795,1777338045,0.4,0.76,no,"{""count_fp"":""0.76"",""created_time"":""2026-04-28T01:00:45.171422Z"",""no_price_dollars"":""0.6000"",""taker_side"":""no"",""ticker"":""KXBTC15M-26APR272115-15"",""trade_id"":""28ef67b8-34b0-76a3-1536-d3f6b3171795"",""yes_price_dollars"":""0.4000""}"
KXBTC15M-26APR272115-15,3047ed99-c178-40ff-8d84-d1394cf571f1,1777338045,0.4,6.0,no,"{""count_fp"":""6.00"",""created_time"":""2026-04-28T01:00:45.166408Z"",""no_price_dollars"":""0.6000"",""taker_side"":""no"",""ticker"":""KXBTC15M-26APR272115-15"",""trade_id"":""3047ed99-c178-40ff-8d84-d1394cf571f1"",""yes_price_dollars"":""0.4000""}"
KXBTC15M-26APR272115-15,303f2233-fbb4-56cf-1cf4-f6de9c82ebe1,1777338045,0.4,1.0,no,"{""count_fp"":""1.00"",""created_time"":""2026-04-28T01:00:45.046619Z"",""no_price_dollars"":""0.6000"",""taker_side"":""no"",""ticker"":""KXBTC15M-26APR272115-15"",""trade_id"":""303f2233-fbb4-56cf-1cf4-f6de9c82ebe1"",""yes_price_dollars"":""0.4000""}"
KXBTC15M-26APR272115-15,ed7b978f-0b97-79a3-2903-7ca45b24a5da,1777338046,0.39,194.22,yes,"{""count_fp"":""194.22"",""created_time"":""2026-04-28T01:00:46.682456Z"",""no_price_dollars"":""0.6100"",""taker_side"":""yes"",""ticker"":""KXBTC15M-26APR272115-15"",""trade_id"":""ed7b978f-0b97-79a3-2903-7ca45b24a5da"",""yes_price_dollars"":""0.3900""}"
KXBTC15M-26APR272115-15,434cd26b-04cf-7436-12e7-4e1dcdf0304c,1777338046,0.39,40.0,yes,"{""count_fp"":""40.00"",""created_time"":""2026-04-28T01:00:46.682456Z"",""no_price_dollars"":""0.6100"",""taker_side"":""yes"",""ticker"":""KXBTC15M-26APR272115-15"",""trade_id"":""434cd26b-04cf-7436-12e7-4e1dcdf0304c"",""yes_price_dollars"":""0.3900""}"
KXBTC15M-26APR272115-15,0491651f-8a67-7b5b-08d0-9133852cd762,1777338046,0.4,2.34,yes,"{""count_fp"":""2.34"",""created_time"":""2026-04-28T01:00:46.202483Z"",""no_price_dollars"":""0.6000"",""taker_side"":""yes"",""ticker"":""KXBTC15M-26APR272115-15"",""trade_id"":""0491651f-8a67-7b5b-08d0-9133852cd762"",""yes_price_dollars"":""0.4000""}"
KXBTC15M-26APR272115-15,75a09cc4-b436-545d-f9ff-8bf0baad0dc3,1777338046,0.4,42.16,yes,"{""count_fp"":""42.16"",""created_time"":""2026-04-28T01:00:46.022171Z"",""no_price_dollars"":""0.6000"",""taker_side"":""yes"",""ticker"":""KXBTC15M-26APR272115-15"",""trade_id"":""75a09cc4-b436-545d-f9ff-8bf0baad0dc3"",""yes_price_dollars"":""0.4000""}"
KXBTC15M-26APR272115-15,b2761b8a-92e1-73c8-0650-a0a352f3c184,1777338046,0.39,0.15,yes,"{""count_fp"":""0.15"",""created_time"":""2026-04-28T01:00:46.004762Z"",""no_price_dollars"":""0.6100"",""taker_side"":""yes"",""ticker"":""KXBTC15M-26APR272115-15"",""trade_id"":""b2761b8a-92e1-73c8-0650-a0a352f3c184"",""yes_price_dollars"":""0.3900""}"
KXBTC15M-26APR272115-15,612314b7-c3e6-7545-38a3-d8775bbfdbb7,1777338046,0.4,23.27,yes,"{""count_fp"":""23.27"",""created_time"":""2026-04-28T01:00:46.004762Z"",""no_price_dollars"":""0.6000"",""taker_side"":""yes"",""ticker"":""KXBTC15M-26APR272115-15"",""trade_id"":""612314b7-c3e6-7545-38a3-d8775bbfdbb7"",""yes_price_dollars"":""0.4000""}"
KXBTC15M-26APR272115-15,a453bc75-2a32-4bb3-c38f-1522c4e0220b,1777338047,0.4,400.0,no,"{""count_fp"":""400.00"",""created_time"":""2026-04-28T01:00:47.993757Z"",""no_price_dollars"":""0.6000"",""taker_side"":""no"",""ticker"":""KXBTC15M-26APR272115-15"",""trade_id"":""a453bc75-2a32-4bb3-c38f-1522c4e0220b"",""yes_price_dollars"":""0.4000""}"
KXBTC15M-26APR272115-15,992f45e7-f083-493e-fa56-2ed6ad61e113,1777338047,0.4,21.0,no,"{""count_fp"":""21.00"",""created_time"":""2026-04-28T01:00:47.993757Z"",""no_price_dollars"":""0.6000"",""taker_side"":""no"",""ticker"":""KXBTC15M-26APR272115-15"",""trade_id"":""992f45e7-f083-493e-fa56-2ed6ad61e113"",""yes_price_dollars"":""0.4000""}"
KXBTC15M-26APR272115-15,6998b141-d8f4-4cb5-cf70-e012d2a8cdeb,1777338047,0.39,207.44,no,"{""count_fp"":""207.44"",""created_time"":""2026-04-28T01:00:47.993757Z"",""no_price_dollars"":""0.6100"",""taker_side"":""no"",""ticker"":""KXBTC15M-26APR272115-15"",""trade_id"":""6998b141-d8f4-4cb5-cf70-e012d2a8cdeb"",""yes_price_dollars"":""0.3900""}"
KXBTC15M-26APR272115-15,0e953a2c-99e0-42df-bb2b-beae792007dd,1777338047,0.4,1.0,no,"{""count_fp"":""1.00"",""created_time"":""2026-04-28T01:00:47.829632Z"",""no_price_dollars"":""0.6000"",""taker_side"":""no"",""ticker"":""KXBTC15M-26APR272115-15"",""trade_id"":""0e953a2c-99e0-42df-bb2b-beae792007dd"",""yes_price_dollars"":""0.4000""}"
KXBTC15M-26APR272115-15,88cf21e5-5030-7b55-8f2a-cb43d9371d3f,1777338047,0.39,3.0,no,"{""count_fp"":""3.00"",""created_time"":""2026-04-28T01:00:47.637441Z"",""no_price_dollars"":""0.6100"",""taker_side"":""no"",""ticker"":""KXBTC15M-26APR272115-15"",""trade_id"":""88cf21e5-5030-7b55-8f2a-cb43d9371d3f"",""yes_price_dollars"":""0.3900""}"
KXBTC15M-26APR272115-15,f7713e25-ec41-57e3-708d-a610d52a121f,1777338047,0.39,21.0,yes,"{""count_fp"":""21.00"",""created_time"":""2026-04-28T01:00:47.550004Z"",""no_price_dollars"":""0.6100"",""taker_side"":""yes"",""ticker"":""KXBTC15M-26APR272115-15"",""trade_id"":""f7713e25-ec41-57e3-708d-a610d52a121f"",""yes_price_dollars"":""0.3900""}"
KXBTC15M-26APR272115-15,4d43c8f0-1def-5fd2-7cf4-4eaf2e559d5f,1777338047,0.39,30.0,yes,"{""count_fp"":""30.00"",""created_time"":""2026-04-28T01:00:47.550004Z"",""no_price_dollars"":""0.6100"",""taker_side"":""yes"",""ticker"":""KXBTC15M-26APR272115-15"",""trade_id"":""4d43c8f0-1def-5fd2-7cf4-4eaf2e559d5f"",""yes_price_dollars"":""0.3900""}"
KXBTC15M-26APR272115-15,dd15288c-00db-7c5a-0e00-86bb41547155,1777338047,0.38,3.0,no,"{""count_fp"":""3.00"",""created_time"":""2026-04-28T01:00:47.298471Z"",""no_price_dollars"":""0.6200"",""taker_side"":""no"",""ticker"":""KXBTC15M-26APR272115-15"",""trade_id"":""dd15288c-00db-7c5a-0e00-86bb41547155"",""yes_price_dollars"":""0.3800""}"
KXBTC15M-26APR272115-15,cf90e164-e0cb-7076-1321-1e6efa7ae3a6,1777338047,0.38,1.0,no,"{""count_fp"":""1.00"",""created_time"":""2026-04-28T01:00:47.298471Z"",""no_price_dollars"":""0.6200"",""taker_side"":""no"",""ticker"":""KXBTC15M-26APR272115-15"",""trade_id"":""cf90e164-e0cb-7076-1321-1e6efa7ae3a6"",""yes_price_dollars"":""0.3800""}"
KXBTC15M-26APR272115-15,ba9c885b-b3a2-762c-3f79-41930fe6f597,1777338047,0.38,11.0,no,"{""count_fp"":""11.00"",""created_time"":""2026-04-28T01:00:47.298471Z"",""no_price_dollars"":""0.6200"",""taker_side"":""no"",""ticker"":""KXBTC15M-26APR272115-15"",""trade_id"":""ba9c885b-b3a2-762c-3f79-41930fe6f597"",""yes_price_dollars"":""0.3800""}"
KXBTC15M-26APR272115-15,6d9c5c54-e145-7b99-3d24-dbab4d8b5ed5,1777338047,0.38,3.0,no,"{""count_fp"":""3.00"",""created_time"":""2026-04-28T01:00:47.298471Z"",""no_price_dollars"":""0.6200"",""taker_side"":""no"",""ticker"":""KXBTC15M-26APR272115-15"",""trade_id"":""6d9c5c54-e145-7b99-3d24-dbab4d8b5ed5"",""yes_price_dollars"":""0.3800""}"
KXBTC15M-26APR272115-15,5af2670b-62cc-7b98-0e78-be07e2f98574,1777338047,0.38,115.81,no,"{""count_fp"":""115.81"",""created_time"":""2026-04-28T01:00:47.298471Z"",""no_price_dollars"":""0.6200"",""taker_side"":""no"",""ticker"":""KXBTC15M-26APR272115-15"",""trade_id"":""5af2670b-62cc-7b98-0e78-be07e2f98574"",""yes_price_dollars"":""0.3800""}"
KXBTC15M-26APR272115-15,49567021-69b0-71d1-3076-c3daa72ea553,1777338047,0.38,90.16,no,"{""count_fp"":""90.16"",""created_time"":""2026-04-28T01:00:47.298471Z"",""no_price_dollars"":""0.6200"",""taker_side"":""no"",""ticker"":""KXBTC15M-26APR272115-15"",""trade_id"":""49567021-69b0-71d1-3076-c3daa72ea553"",""yes_price_dollars"":""0.3800""}"
KXBTC15M-26APR272115-15,31cb5f7a-de2f-7454-010f-86b381ca214d,1777338047,0.38,2.0,no,"{""count_fp"":""2.00"",""created_time"":""2026-04-28T01:00:47.298471Z"",""no_price_dollars"":""0.6200"",""taker_side"":""no"",""ticker"":""KXBTC15M-26APR272115-15"",""trade_id"":""31cb5f7a-de2f-7454-010f-86b381ca214d"",""yes_price_dollars"":""0.3800""}"
KXBTC15M-26APR272115-15,1558f92c-95e6-7c00-1837-cc4e03aa2fc4,1777338047,0.38,30.0,no,"{""count_fp"":""30.00"",""created_time"":""2026-04-28T01:00:47.298471Z"",""no_price_dollars"":""0.6200"",""taker_side"":""no"",""ticker"":""KXBTC15M-26APR272115-15"",""trade_id"":""1558f92c-95e6-7c00-1837-cc4e03aa2fc4"",""yes_price_dollars"":""0.3800""}"
KXBTC15M-26APR272115-15,03bdc55b-1a61-79ca-3125-718805ebe0ac,1777338047,0.38,56.0,no,"{""count_fp"":""56.00"",""created_time"":""2026-04-28T01:00:47.298471Z"",""no_price_dollars"":""0.6200"",""taker_side"":""no"",""ticker"":""KXBTC15M-26APR272115-15"",""trade_id"":""03bdc55b-1a61-79ca-3125-718805ebe0ac"",""yes_price_dollars"":""0.3800""}"
KXBTC15M-26APR272115-15,71173c68-b370-424c-2d2d-83fc9ac43504,1777338047,0.38,0.15,no,"{""count_fp"":""0.15"",""created_time"":""2026-04-28T01:00:47.091439Z"",""no_price_dollars"":""0.6200"",""taker_side"":""no"",""ticker"":""KXBTC15M-26APR272115-15"",""trade_id"":""71173c68-b370-424c-2d2d-83fc9ac43504"",""yes_price_dollars"":""0.3800""}"
KXBTC15M-26APR272115-15,cdd39e4a-065b-5ba2-ba3d-08aeb6aa7897,1777338048,0.4,11.0,no,"{""count_fp"":""11.00"",""created_time"":""2026-04-28T01:00:48.583588Z"",""no_price_dollars"":""0.6000"",""taker_side"":""no"",""ticker"":""KXBTC15M-26APR272115-15"",""trade_id"":""cdd39e4a-065b-5ba2-ba3d-08aeb6aa7897"",""yes_price_dollars"":""0.4000""}"
KXBTC15M-26APR272115-15,bbdc0177-7acb-56f7-c726-25da636688e3,1777338049,0.4,12.05,no,"{""count_fp"":""12.05"",""created_time"":""2026-04-28T01:00:49.832986Z"",""no_price_dollars"":""0.6000"",""taker_side"":""no"",""ticker"":""KXBTC15M-26APR272115-15"",""trade_id"":""bbdc0177-7acb-56f7-c726-25da636688e3"",""yes_price_dollars"":""0.4000""}"
KXBTC15M-26APR272115-15,71aefdc5-2565-5a94-f001-138ba872ea3c,1777338049,0.4,9.57,no,"{""count_fp"":""9.57"",""created_time"":""2026-04-28T01:00:49.832986Z"",""no_price_dollars"":""0.6000"",""taker_side"":""no"",""ticker"":""KXBTC15M-26APR272115-15"",""trade_id"":""71aefdc5-2565-5a94-f001-138ba872ea3c"",""yes_price_dollars"":""0.4000""}"
KXBTC15M-26APR272115-15,1d476068-c6d1-55db-e2b9-d96bfa1e9d9a,1777338049,0.4,7.44,no,"{""count_fp"":""7.44"",""created_time"":""2026-04-28T01:00:49.832986Z"",""no_price_dollars"":""0.6000"",""taker_side"":""no"",""ticker"":""KXBTC15M-26APR272115-15"",""trade_id"":""1d476068-c6d1-55db-e2b9-d96bfa1e9d9a"",""yes_price_dollars"":""0.4000""}"
KXBTC15M-26APR272115-15,cc211dea-706d-5323-18fa-a320f7687df2,1777338049,0.4,3.14,no,"{""count_fp"":""3.14"",""created_time"":""2026-04-28T01:00:49.666669Z"",""no_price_dollars"":""0.6000"",""taker_side"":""no"",""ticker"":""KXBTC15M-26APR272115-15"",""trade_id"":""cc211dea-706d-5323-18fa-a320f7687df2"",""yes_price_dollars"":""0.4000""}"
KXBTC15M-26APR272115-15,5aa1166a-dc4f-4177-a1f3-8136b495d112,1777338049,0.41,22.88,yes,"{""count_fp"":""22.88"",""created_time"":""2026-04-28T01:00:49.467767Z"",""no_price_dollars"":""0.5900"",""taker_side"":""yes"",""ticker"":""KXBTC15M-26APR272115-15"",""trade_id"":""5aa1166a-dc4f-4177-a1f3-8136b495d112"",""yes_price_dollars"":""0.4100""}"
KXBTC15M-26APR272115-15,7dacdb9a-bfaf-5f73-d4e6-ad88a800fe46,1777338049,0.41,0.23,yes,"{""count_fp"":""0.23"",""created_time"":""2026-04-28T01:00:49.241297Z"",""no_price_dollars"":""0.5900"",""taker_side"":""yes"",""ticker"":""KXBTC15M-26APR272115-15"",""trade_id"":""7dacdb9a-bfaf-5f73-d4e6-ad88a800fe46"",""yes_price_dollars"":""0.4100""}"
KXBTC15M-26APR272115-15,e95c53d6-0249-593f-8144-cb47d6fe3b5e,1777338049,0.4,3.14,no,"{""count_fp"":""3.14"",""created_time"":""2026-04-28T01:00:49.144243Z"",""no_price_dollars"":""0.6000"",""taker_side"":""no"",""ticker"":""KXBTC15M-26APR272115-15"",""trade_id"":""e95c53d6-0249-593f-8144-cb47d6fe3b5e"",""yes_price_dollars"":""0.4000""}"
KXBTC15M-26APR272115-15,e1da0c3b-06cf-405f-9182-cf65e8c14eae,1777338050,0.41,308.29,yes,"{""count_fp"":""308.29"",""created_time"":""2026-04-28T01:00:50.893951Z"",""no_price_dollars"":""0.5900"",""taker_side"":""yes"",""ticker"":""KXBTC15M-26APR272115-15"",""trade_id"":""e1da0c3b-06cf-405f-9182-cf65e8c14eae"",""yes_price_dollars"":""0.4100""}"
KXBTC15M-26APR272115-15,d14e8e7b-d804-4e29-9a26-49c24f2adff2,1777338050,0.41,12.05,yes,"{""count_fp"":""12.05"",""created_time"":""2026-04-28T01:00:50.893951Z"",""no_price_dollars"":""0.5900"",""taker_side"":""yes"",""ticker"":""KXBTC15M-26APR272115-15"",""trade_id"":""d14e8e7b-d804-4e29-9a26-49c24f2adff2"",""yes_price_dollars"":""0.4100""}"
KXBTC15M-26APR272115-15,c34f2296-ded3-418f-ae87-c90ef8fbaf8b,1777338050,0.4,10.0,yes,"{""count_fp"":""10.00"",""created_time"":""2026-04-28T01:00:50.893951Z"",""no_price_dollars"":""0.6000"",""taker_side"":""yes"",""ticker"":""KXBTC15M-26APR272115-15"",""trade_id"":""c34f2296-ded3-418f-ae87-c90ef8fbaf8b"",""yes_price_dollars"":""0.4000""}"
KXBTC15M-26APR272115-15,0e55c05b-b2c4-4e00-b505-9e64e16031de,1777338050,0.4,9.29,yes,"{""count_fp"":""9.29"",""created_time"":""2026-04-28T01:00:50.893951Z"",""no_price_dollars"":""0.6000"",""taker_side"":""yes"",""ticker"":""KXBTC15M-26APR272115-15"",""trade_id"":""0e55c05b-b2c4-4e00-b505-9e64e16031de"",""yes_price_dollars"":""0.4000""}"
KXBTC15M-26APR272115-15,c530a008-29cc-73b8-151a-e16eb2225e02,1777338050,0.4,11.71,yes,"{""count_fp"":""11.71"",""created_time"":""2026-04-28T01:00:50.841661Z"",""no_price_dollars"":""0.6000"",""taker_side"":""yes"",""ticker"":""KXBTC15M-26APR272115-15"",""trade_id"":""c530a008-29cc-73b8-151a-e16eb2225e02"",""yes_price_dollars"":""0.4000""}"
KXBTC15M-26APR272115-15,e261ea64-7c39-4155-9ef0-0d16b639a30f,1777338050,0.39,3.17,no,"{""count_fp"":""3.17"",""created_time"":""2026-04-28T01:00:50.807229Z"",""no_price_dollars"":""0.6100"",""taker_side"":""no"",""ticker"":""KXBTC15M-26APR272115-15"",""trade_id"":""e261ea64-7c39-4155-9ef0-0d16b639a30f"",""yes_price_dollars"":""0.3900""}"
KXBTC15M-26APR272115-15,1b2bc1d4-6f83-6edb-c94d-d5f9984f50f7,1777338050,0.4,100.0,no,"{""count_fp"":""100.00"",""created_time"":""2026-04-28T01:00:50.396894Z"",""no_price_dollars"":""0.6000"",""taker_side"":""no"",""ticker"":""KXBTC15M-26APR272115-15"",""trade_id"":""1b2bc1d4-6f83-6edb-c94d-d5f9984f50f7"",""yes_price_dollars"":""0.4000""}"
