ticker,trade_id,ts,yes_price,count,taker_side,raw_json
KXBTC15M-26APR280930-30,66207a65-176e-548e-f1ff-446617d1c4c6,1777382100,0.51,2.0,no,"{""count_fp"":""2.00"",""created_time"":""2026-04-28T13:15:00.710518Z"",""no_price_dollars"":""0.4900"",""taker_side"":""no"",""ticker"":""KXBTC15M-26APR280930-30"",""trade_id"":""66207a65-176e-548e-f1ff-446617d1c4c6"",""yes_price_dollars"":""0.5100""}"
KXBTC15M-26APR280930-30,bdbba72e-2764-46e8-9009-9d3f6c1f77a7,1777382101,0.54,1.0,yes,"{""count_fp"":""1.00"",""created_time"":""2026-04-28T13:15:01.133098Z"",""no_price_dollars"":""0.4600"",""taker_side"":""yes"",""ticker"":""KXBTC15M-26APR280930-30"",""trade_id"":""bdbba72e-2764-46e8-9009-9d3f6c1f77a7"",""yes_price_dollars"":""0.5400""}"
KXBTC15M-26APR280930-30,e8030124-a1b4-5bae-160c-81fe0704e72d,1777382103,0.52,5.0,no,"{""count_fp"":""5.00"",""created_time"":""2026-04-28T13:15:03.836044Z"",""no_price_dollars"":""0.4800"",""taker_side"":""no"",""ticker"":""KXBTC15M-26APR280930-30"",""trade_id"":""e8030124-a1b4-5bae-160c-81fe0704e72d"",""yes_price_dollars"":""0.5200""}"
KXBTC15M-26APR280930-30,e08ead76-94a6-5353-32d8-b83fc7615fac,1777382103,0.52,5.0,no,"{""count_fp"":""5.00"",""created_time"":""2026-04-28T13:15:03.836044Z"",""no_price_dollars"":""0.4800"",""taker_side"":""no"",""ticker"":""KXBTC15M-26APR280930-30"",""trade_id"":""e08ead76-94a6-5353-32d8-b83fc7615fac"",""yes_price_dollars"":""0.5200""}"
KXBTC15M-26APR280930-30,c23bb912-64dc-5cd8-3c99-bdb03b8c2b2f,1777382103,0.51,22.27,no,"{""count_fp"":""22.27"",""created_time"":""2026-04-28T13:15:03.836044Z"",""no_price_dollars"":""0.4900"",""taker_side"":""no"",""ticker"":""KXBTC15M-26APR280930-30"",""trade_id"":""c23bb912-64dc-5cd8-3c99-bdb03b8c2b2f"",""yes_price_dollars"":""0.5100""}"
KXBTC15M-26APR280930-30,a75ec84d-da10-5187-2e9e-0960781abbe9,1777382103,0.52,3.0,no,"{""count_fp"":""3.00"",""created_time"":""2026-04-28T13:15:03.836044Z"",""no_price_dollars"":""0.4800"",""taker_side"":""no"",""ticker"":""KXBTC15M-26APR280930-30"",""trade_id"":""a75ec84d-da10-5187-2e9e-0960781abbe9"",""yes_price_dollars"":""0.5200""}"
KXBTC15M-26APR280930-30,721d07eb-d06a-52bc-04c2-5d7e011166ab,1777382103,0.52,3.0,no,"{""count_fp"":""3.00"",""created_time"":""2026-04-28T13:15:03.836044Z"",""no_price_dollars"":""0.4800"",""taker_side"":""no"",""ticker"":""KXBTC15M-26APR280930-30"",""trade_id"":""721d07eb-d06a-52bc-04c2-5d7e011166ab"",""yes_price_dollars"":""0.5200""}"
KXBTC15M-26APR280930-30,5a7f27d2-29f0-59c0-2384-ea3d2c6f745e,1777382103,0.53,54.0,no,"{""count_fp"":""54.00"",""created_time"":""2026-04-28T13:15:03.836044Z"",""no_price_dollars"":""0.4700"",""taker_side"":""no"",""ticker"":""KXBTC15M-26APR280930-30"",""trade_id"":""5a7f27d2-29f0-59c0-2384-ea3d2c6f745e"",""yes_price_dollars"":""0.5300""}"
KXBTC15M-26APR280930-30,446af4f9-bd95-5524-2102-1df05fd10e20,1777382103,0.52,6.0,no,"{""count_fp"":""6.00"",""created_time"":""2026-04-28T13:15:03.836044Z"",""no_price_dollars"":""0.4800"",""taker_side"":""no"",""ticker"":""KXBTC15M-26APR280930-30"",""trade_id"":""446af4f9-bd95-5524-2102-1df05fd10e20"",""yes_price_dollars"":""0.5200""}"
KXBTC15M-26APR280930-30,143ee1dd-b68d-502f-1e25-1fa74749209f,1777382103,0.53,9.0,no,"{""count_fp"":""9.00"",""created_time"":""2026-04-28T13:15:03.836044Z"",""no_price_dollars"":""0.4700"",""taker_side"":""no"",""ticker"":""KXBTC15M-26APR280930-30"",""trade_id"":""143ee1dd-b68d-502f-1e25-1fa74749209f"",""yes_price_dollars"":""0.5300""}"
KXBTC15M-26APR280930-30,0e7e2001-568d-5cfc-27cd-b13bd3db2271,1777382103,0.53,5.0,no,"{""count_fp"":""5.00"",""created_time"":""2026-04-28T13:15:03.836044Z"",""no_price_dollars"":""0.4700"",""taker_side"":""no"",""ticker"":""KXBTC15M-26APR280930-30"",""trade_id"":""0e7e2001-568d-5cfc-27cd-b13bd3db2271"",""yes_price_dollars"":""0.5300""}"
KXBTC15M-26APR280930-30,015387b3-ddc2-565c-05f8-81682242a721,1777382103,0.52,9.0,no,"{""count_fp"":""9.00"",""created_time"":""2026-04-28T13:15:03.836044Z"",""no_price_dollars"":""0.4800"",""taker_side"":""no"",""ticker"":""KXBTC15M-26APR280930-30"",""trade_id"":""015387b3-ddc2-565c-05f8-81682242a721"",""yes_price_dollars"":""0.5200""}"
KXBTC15M-26APR280930-30,a4766bc1-0520-7928-1734-5324175dbcc6,1777382103,0.53,2.0,no,"{""count_fp"":""2.00"",""created_time"":""2026-04-28T13:15:03.300958Z"",""no_price_dollars"":""0.4700"",""taker_side"":""no"",""ticker"":""KXBTC15M-26APR280930-30"",""trade_id"":""a4766bc1-0520-7928-1734-5324175dbcc6"",""yes_price_dollars"":""0.5300""}"
KXBTC15M-26APR280930-30,2fc275dd-0672-7134-03c7-2b6829dad1d7,1777382103,0.54,8.0,no,"{""count_fp"":""8.00"",""created_time"":""2026-04-28T13:15:03.300958Z"",""no_price_dollars"":""0.4600"",""taker_side"":""no"",""ticker"":""KXBTC15M-26APR280930-30"",""trade_id"":""2fc275dd-0672-7134-03c7-2b6829dad1d7"",""yes_price_dollars"":""0.5400""}"
KXBTC15M-26APR280930-30,d6fc0f39-2e45-517f-cd36-0d35c1b86d34,1777382103,0.55,1.0,yes,"{""count_fp"":""1.00"",""created_time"":""2026-04-28T13:15:03.064384Z"",""no_price_dollars"":""0.4500"",""taker_side"":""yes"",""ticker"":""KXBTC15M-26APR280930-30"",""trade_id"":""d6fc0f39-2e45-517f-cd36-0d35c1b86d34"",""yes_price_dollars"":""0.5500""}"
KXBTC15M-26APR280930-30,b9a4ab5b-26c0-5ab1-d6dd-1b69f4e5b0c9,1777382103,0.55,1.0,yes,"{""count_fp"":""1.00"",""created_time"":""2026-04-28T13:15:03.064384Z"",""no_price_dollars"":""0.4500"",""taker_side"":""yes"",""ticker"":""KXBTC15M-26APR280930-30"",""trade_id"":""b9a4ab5b-26c0-5ab1-d6dd-1b69f4e5b0c9"",""yes_price_dollars"":""0.5500""}"
KXBTC15M-26APR280930-30,7dda6176-42e3-5cb8-f286-1799cae4d060,1777382103,0.55,10.0,yes,"{""count_fp"":""10.00"",""created_time"":""2026-04-28T13:15:03.064384Z"",""no_price_dollars"":""0.4500"",""taker_side"":""yes"",""ticker"":""KXBTC15M-26APR280930-30"",""trade_id"":""7dda6176-42e3-5cb8-f286-1799cae4d060"",""yes_price_dollars"":""0.5500""}"
KXBTC15M-26APR280930-30,6f426456-3de3-532a-c5a8-ab67e39da07f,1777382103,0.55,2.0,yes,"{""count_fp"":""2.00"",""created_time"":""2026-04-28T13:15:03.064384Z"",""no_price_dollars"":""0.4500"",""taker_side"":""yes"",""ticker"":""KXBTC15M-26APR280930-30"",""trade_id"":""6f426456-3de3-532a-c5a8-ab67e39da07f"",""yes_price_dollars"":""0.5500""}"
KXBTC15M-26APR280930-30,3b8589d1-38e4-53b1-c964-584522b85ff6,1777382103,0.56,19.0,yes,"{""count_fp"":""19.00"",""created_time"":""2026-04-28T13:15:03.064384Z"",""no_price_dollars"":""0.4400"",""taker_side"":""yes"",""ticker"":""KXBTC15M-26APR280930-30"",""trade_id"":""3b8589d1-38e4-53b1-c964-584522b85ff6"",""yes_price_dollars"":""0.5600""}"
KXBTC15M-26APR280930-30,29f55997-cd65-5f6e-e782-7e22abcc257e,1777382103,0.56,1.0,yes,"{""count_fp"":""1.00"",""created_time"":""2026-04-28T13:15:03.064384Z"",""no_price_dollars"":""0.4400"",""taker_side"":""yes"",""ticker"":""KXBTC15M-26APR280930-30"",""trade_id"":""29f55997-cd65-5f6e-e782-7e22abcc257e"",""yes_price_dollars"":""0.5600""}"
KXBTC15M-26APR280930-30,bf1b9a64-d0b0-6e2f-0fb6-5610131e37c0,1777382106,0.53,10.0,no,"{""count_fp"":""10.00"",""created_time"":""2026-04-28T13:15:06.765418Z"",""no_price_dollars"":""0.4700"",""taker_side"":""no"",""ticker"":""KXBTC15M-26APR280930-30"",""trade_id"":""bf1b9a64-d0b0-6e2f-0fb6-5610131e37c0"",""yes_price_dollars"":""0.5300""}"
KXBTC15M-26APR280930-30,7ed0eec3-b216-6155-07db-3f18156f0d74,1777382106,0.53,4.55,no,"{""count_fp"":""4.55"",""created_time"":""2026-04-28T13:15:06.765418Z"",""no_price_dollars"":""0.4700"",""taker_side"":""no"",""ticker"":""KXBTC15M-26APR280930-30"",""trade_id"":""7ed0eec3-b216-6155-07db-3f18156f0d74"",""yes_price_dollars"":""0.5300""}"
KXBTC15M-26APR280930-30,4b7ffa07-477f-6c46-04ab-b4da7abac873,1777382106,0.57,10.0,no,"{""count_fp"":""10.00"",""created_time"":""2026-04-28T13:15:06.765418Z"",""no_price_dollars"":""0.4300"",""taker_side"":""no"",""ticker"":""KXBTC15M-26APR280930-30"",""trade_id"":""4b7ffa07-477f-6c46-04ab-b4da7abac873"",""yes_price_dollars"":""0.5700""}"
KXBTC15M-26APR280930-30,0305e6e7-9627-6cb5-045f-5f237b1c1ba4,1777382106,0.56,5.0,no,"{""count_fp"":""5.00"",""created_time"":""2026-04-28T13:15:06.765418Z"",""no_price_dollars"":""0.4400"",""taker_side"":""no"",""ticker"":""KXBTC15M-26APR280930-30"",""trade_id"":""0305e6e7-9627-6cb5-045f-5f237b1c1ba4"",""yes_price_dollars"":""0.5600""}"
KXBTC15M-26APR280930-30,d5612abd-2cd2-4135-3871-b1bf28061104,1777382106,0.57,19.0,yes,"{""count_fp"":""19.00"",""created_time"":""2026-04-28T13:15:06.262677Z"",""no_price_dollars"":""0.4300"",""taker_side"":""yes"",""ticker"":""KXBTC15M-26APR280930-30"",""trade_id"":""d5612abd-2cd2-4135-3871-b1bf28061104"",""yes_price_dollars"":""0.5700""}"
KXBTC15M-26APR280930-30,cdd95287-6e49-4d69-0563-1735f7104a2a,1777382106,0.57,65.0,yes,"{""count_fp"":""65.00"",""created_time"":""2026-04-28T13:15:06.262677Z"",""no_price_dollars"":""0.4300"",""taker_side"":""yes"",""ticker"":""KXBTC15M-26APR280930-30"",""trade_id"":""cdd95287-6e49-4d69-0563-1735f7104a2a"",""yes_price_dollars"":""0.5700""}"
KXBTC15M-26APR280930-30,c7686696-bade-494e-3989-90caaf3dfb2b,1777382106,0.58,1.0,yes,"{""count_fp"":""1.00"",""created_time"":""2026-04-28T13:15:06.262677Z"",""no_price_dollars"":""0.4200"",""taker_side"":""yes"",""ticker"":""KXBTC15M-26APR280930-30"",""trade_id"":""c7686696-bade-494e-3989-90caaf3dfb2b"",""yes_price_dollars"":""0.5800""}"
KXBTC15M-26APR280930-30,780ac6c4-4b75-46c6-3df4-945fcdfd0d2b,1777382106,0.57,1.0,yes,"{""count_fp"":""1.00"",""created_time"":""2026-04-28T13:15:06.262677Z"",""no_price_dollars"":""0.4300"",""taker_side"":""yes"",""ticker"":""KXBTC15M-26APR280930-30"",""trade_id"":""780ac6c4-4b75-46c6-3df4-945fcdfd0d2b"",""yes_price_dollars"":""0.5700""}"
KXBTC15M-26APR280930-30,700475b8-0b25-4019-2177-52218970e555,1777382106,0.57,10.0,yes,"{""count_fp"":""10.00"",""created_time"":""2026-04-28T13:15:06.262677Z"",""no_price_dollars"":""0.4300"",""taker_side"":""yes"",""ticker"":""KXBTC15M-26APR280930-30"",""trade_id"":""700475b8-0b25-4019-2177-52218970e555"",""yes_price_dollars"":""0.5700""}"
KXBTC15M-26APR280930-30,6cb04cc6-e95b-490a-136a-21cbebead5c8,1777382106,0.56,56.0,yes,"{""count_fp"":""56.00"",""created_time"":""2026-04-28T13:15:06.262677Z"",""no_price_dollars"":""0.4400"",""taker_side"":""yes"",""ticker"":""KXBTC15M-26APR280930-30"",""trade_id"":""6cb04cc6-e95b-490a-136a-21cbebead5c8"",""yes_price_dollars"":""0.5600""}"
KXBTC15M-26APR280930-30,690c87a8-1299-446a-2264-503f433433c1,1777382106,0.56,15.0,yes,"{""count_fp"":""15.00"",""created_time"":""2026-04-28T13:15:06.262677Z"",""no_price_dollars"":""0.4400"",""taker_side"":""yes"",""ticker"":""KXBTC15M-26APR280930-30"",""trade_id"":""690c87a8-1299-446a-2264-503f433433c1"",""yes_price_dollars"":""0.5600""}"
KXBTC15M-26APR280930-30,1271da20-82cd-4ab6-34a7-49de3b7d67e1,1777382106,0.58,2.0,yes,"{""count_fp"":""2.00"",""created_time"":""2026-04-28T13:15:06.262677Z"",""no_price_dollars"":""0.4200"",""taker_side"":""yes"",""ticker"":""KXBTC15M-26APR280930-30"",""trade_id"":""1271da20-82cd-4ab6-34a7-49de3b7d67e1"",""yes_price_dollars"":""0.5800""}"
KXBTC15M-26APR280930-30,08da1d97-3ed8-4f3c-17b6-6754a6e93ecc,1777382106,0.58,16.47,yes,"{""count_fp"":""16.47"",""created_time"":""2026-04-28T13:15:06.262677Z"",""no_price_dollars"":""0.4200"",""taker_side"":""yes"",""ticker"":""KXBTC15M-26APR280930-30"",""trade_id"":""08da1d97-3ed8-4f3c-17b6-6754a6e93ecc"",""yes_price_dollars"":""0.5800""}"
KXBTC15M-26APR280930-30,304aa2c5-4fc4-580a-cb59-85fac072926f,1777382108,0.5,55.06,no,"{""count_fp"":""55.06"",""created_time"":""2026-04-28T13:15:08.975878Z"",""no_price_dollars"":""0.5000"",""taker_side"":""no"",""ticker"":""KXBTC15M-26APR280930-30"",""trade_id"":""304aa2c5-4fc4-580a-cb59-85fac072926f"",""yes_price_dollars"":""0.5000""}"
KXBTC15M-26APR280930-30,268d1a53-3cb5-5610-eb07-b0432a916b80,1777382108,0.52,5.0,no,"{""count_fp"":""5.00"",""created_time"":""2026-04-28T13:15:08.975878Z"",""no_price_dollars"":""0.4800"",""taker_side"":""no"",""ticker"":""KXBTC15M-26APR280930-30"",""trade_id"":""268d1a53-3cb5-5610-eb07-b0432a916b80"",""yes_price_dollars"":""0.5200""}"
KXBTC15M-26APR280930-30,2361bdc2-246c-5bf2-c26b-cd8cc5372ceb,1777382108,0.5,1.0,no,"{""count_fp"":""1.00"",""created_time"":""2026-04-28T13:15:08.975878Z"",""no_price_dollars"":""0.5000"",""taker_side"":""no"",""ticker"":""KXBTC15M-26APR280930-30"",""trade_id"":""2361bdc2-246c-5bf2-c26b-cd8cc5372ceb"",""yes_price_dollars"":""0.5000""}"
KXBTC15M-26APR280930-30,07081ff0-3b4f-5c29-d2b6-d2f06a227d4a,1777382108,0.5,1.0,no,"{""count_fp"":""1.00"",""created_time"":""2026-04-28T13:15:08.975878Z"",""no_price_dollars"":""0.5000"",""taker_side"":""no"",""ticker"":""KXBTC15M-26APR280930-30"",""trade_id"":""07081ff0-3b4f-5c29-d2b6-d2f06a227d4a"",""yes_price_dollars"":""0.5000""}"
KXBTC15M-26APR280930-30,0228a031-4f2d-5cce-d356-17de1b312b24,1777382108,0.53,10.0,no,"{""count_fp"":""10.00"",""created_time"":""2026-04-28T13:15:08.975878Z"",""no_price_dollars"":""0.4700"",""taker_side"":""no"",""ticker"":""KXBTC15M-26APR280930-30"",""trade_id"":""0228a031-4f2d-5cce-d356-17de1b312b24"",""yes_price_dollars"":""0.5300""}"
KXBTC15M-26APR280930-30,e2f741a9-26c1-5e4c-583e-d965abfe9e18,1777382108,0.52,10.0,no,"{""count_fp"":""10.00"",""created_time"":""2026-04-28T13:15:08.549922Z"",""no_price_dollars"":""0.4800"",""taker_side"":""no"",""ticker"":""KXBTC15M-26APR280930-30"",""trade_id"":""e2f741a9-26c1-5e4c-583e-d965abfe9e18"",""yes_price_dollars"":""0.5200""}"
KXBTC15M-26APR280930-30,38695ae4-3b21-5978-5d8c-5f03bf8ad489,1777382108,0.53,10.0,no,"{""count_fp"":""10.00"",""created_time"":""2026-04-28T13:15:08.549922Z"",""no_price_dollars"":""0.4700"",""taker_side"":""no"",""ticker"":""KXBTC15M-26APR280930-30"",""trade_id"":""38695ae4-3b21-5978-5d8c-5f03bf8ad489"",""yes_price_dollars"":""0.5300""}"
KXBTC15M-26APR280930-30,291332c8-f68e-5297-a82b-7ce76ffb54dc,1777382109,0.53,1.93,no,"{""count_fp"":""1.93"",""created_time"":""2026-04-28T13:15:09.750783Z"",""no_price_dollars"":""0.4700"",""taker_side"":""no"",""ticker"":""KXBTC15M-26APR280930-30"",""trade_id"":""291332c8-f68e-5297-a82b-7ce76ffb54dc"",""yes_price_dollars"":""0.5300""}"
KXBTC15M-26APR280930-30,78c1ba76-1ac5-7aa5-6dfd-91d249c59828,1777382110,0.56,8.63,yes,"{""count_fp"":""8.63"",""created_time"":""2026-04-28T13:15:10.988892Z"",""no_price_dollars"":""0.4400"",""taker_side"":""yes"",""ticker"":""KXBTC15M-26APR280930-30"",""trade_id"":""78c1ba76-1ac5-7aa5-6dfd-91d249c59828"",""yes_price_dollars"":""0.5600""}"
KXBTC15M-26APR280930-30,6d349595-d84e-7b4b-bd2e-645068a9850c,1777382110,0.53,3.86,no,"{""count_fp"":""3.86"",""created_time"":""2026-04-28T13:15:10.295393Z"",""no_price_dollars"":""0.4700"",""taker_side"":""no"",""ticker"":""KXBTC15M-26APR280930-30"",""trade_id"":""6d349595-d84e-7b4b-bd2e-645068a9850c"",""yes_price_dollars"":""0.5300""}"
KXBTC15M-26APR280930-30,6830a078-f3da-7663-31fd-39b9611e3e7c,1777382110,0.53,2.0,no,"{""count_fp"":""2.00"",""created_time"":""2026-04-28T13:15:10.217262Z"",""no_price_dollars"":""0.4700"",""taker_side"":""no"",""ticker"":""KXBTC15M-26APR280930-30"",""trade_id"":""6830a078-f3da-7663-31fd-39b9611e3e7c"",""yes_price_dollars"":""0.5300""}"
KXBTC15M-26APR280930-30,a8ac8e7e-148e-7b67-ec6e-b2eaf09c5a68,1777382110,0.53,7.25,no,"{""count_fp"":""7.25"",""created_time"":""2026-04-28T13:15:10.215008Z"",""no_price_dollars"":""0.4700"",""taker_side"":""no"",""ticker"":""KXBTC15M-26APR280930-30"",""trade_id"":""a8ac8e7e-148e-7b67-ec6e-b2eaf09c5a68"",""yes_price_dollars"":""0.5300""}"
KXBTC15M-26APR280930-30,6cedda81-5a3d-7d2e-f401-53bd2e336196,1777382110,0.54,3.0,no,"{""count_fp"":""3.00"",""created_time"":""2026-04-28T13:15:10.215008Z"",""no_price_dollars"":""0.4600"",""taker_side"":""no"",""ticker"":""KXBTC15M-26APR280930-30"",""trade_id"":""6cedda81-5a3d-7d2e-f401-53bd2e336196"",""yes_price_dollars"":""0.5400""}"
KXBTC15M-26APR280930-30,562a6ebb-4bbe-7a89-0b86-31a45e6ccde4,1777382111,0.55,8.51,yes,"{""count_fp"":""8.51"",""created_time"":""2026-04-28T13:15:11.702769Z"",""no_price_dollars"":""0.4500"",""taker_side"":""yes"",""ticker"":""KXBTC15M-26APR280930-30"",""trade_id"":""562a6ebb-4bbe-7a89-0b86-31a45e6ccde4"",""yes_price_dollars"":""0.5500""}"
KXBTC15M-26APR280930-30,de503d4a-1705-4ff9-2bd9-86ecbfb4e251,1777382111,0.53,3.0,no,"{""count_fp"":""3.00"",""created_time"":""2026-04-28T13:15:11.568147Z"",""no_price_dollars"":""0.4700"",""taker_side"":""no"",""ticker"":""KXBTC15M-26APR280930-30"",""trade_id"":""de503d4a-1705-4ff9-2bd9-86ecbfb4e251"",""yes_price_dollars"":""0.5300""}"
KXBTC15M-26APR280930-30,dbaefede-7f16-4ac5-6dcb-f65431ad3b0c,1777382111,0.55,14.32,yes,"{""count_fp"":""14.32"",""created_time"":""2026-04-28T13:15:11.551091Z"",""no_price_dollars"":""0.4500"",""taker_side"":""yes"",""ticker"":""KXBTC15M-26APR280930-30"",""trade_id"":""dbaefede-7f16-4ac5-6dcb-f65431ad3b0c"",""yes_price_dollars"":""0.5500""}"
KXBTC15M-26APR280930-30,24a488b9-7763-402f-60b1-086de2978180,1777382111,0.55,3.0,yes,"{""count_fp"":""3.00"",""created_time"":""2026-04-28T13:15:11.551091Z"",""no_price_dollars"":""0.4500"",""taker_side"":""yes"",""ticker"":""KXBTC15M-26APR280930-30"",""trade_id"":""24a488b9-7763-402f-60b1-086de2978180"",""yes_price_dollars"":""0.5500""}"
KXBTC15M-26APR280930-30,433ea985-ddcc-60d9-0de2-efe0c902c4f5,1777382112,0.56,3.0,yes,"{""count_fp"":""3.00"",""created_time"":""2026-04-28T13:15:12.355804Z"",""no_price_dollars"":""0.4400"",""taker_side"":""yes"",""ticker"":""KXBTC15M-26APR280930-30"",""trade_id"":""433ea985-ddcc-60d9-0de2-efe0c902c4f5"",""yes_price_dollars"":""0.5600""}"
KXBTC15M-26APR280930-30,1c8a00b6-413f-6ec7-254b-7a9b3a2391e0,1777382112,0.57,35.0,yes,"{""count_fp"":""35.00"",""created_time"":""2026-04-28T13:15:12.355804Z"",""no_price_dollars"":""0.4300"",""taker_side"":""yes"",""ticker"":""KXBTC15M-26APR280930-30"",""trade_id"":""1c8a00b6-413f-6ec7-254b-7a9b3a2391e0"",""yes_price_dollars"":""0.5700""}"
KXBTC15M-26APR280930-30,1536d6f3-18c6-6bd1-224f-7db55d696450,1777382112,0.55,4.74,yes,"{""count_fp"":""4.74"",""created_time"":""2026-04-28T13:15:12.355804Z"",""no_price_dollars"":""0.4500"",""taker_side"":""yes"",""ticker"":""KXBTC15M-26APR280930-30"",""trade_id"":""1536d6f3-18c6-6bd1-224f-7db55d696450"",""yes_price_dollars"":""0.5500""}"
KXBTC15M-26APR280930-30,fcf1d5cc-9ef5-7b35-afc0-189de098ea56,1777382112,0.53,10.0,no,"{""count_fp"":""10.00"",""created_time"":""2026-04-28T13:15:12.237544Z"",""no_price_dollars"":""0.4700"",""taker_side"":""no"",""ticker"":""KXBTC15M-26APR280930-30"",""trade_id"":""fcf1d5cc-9ef5-7b35-afc0-189de098ea56"",""yes_price_dollars"":""0.5300""}"
KXBTC15M-26APR280930-30,a1220820-25f6-7619-aa69-25e16361d184,1777382112,0.53,23.08,no,"{""count_fp"":""23.08"",""created_time"":""2026-04-28T13:15:12.237544Z"",""no_price_dollars"":""0.4700"",""taker_side"":""no"",""ticker"":""KXBTC15M-26APR280930-30"",""trade_id"":""a1220820-25f6-7619-aa69-25e16361d184"",""yes_price_dollars"":""0.5300""}"
KXBTC15M-26APR280930-30,36e14614-b797-7a7e-868c-0bd2ee694527,1777382112,0.53,4.46,no,"{""count_fp"":""4.46"",""created_time"":""2026-04-28T13:15:12.237544Z"",""no_price_dollars"":""0.4700"",""taker_side"":""no"",""ticker"":""KXBTC15M-26APR280930-30"",""trade_id"":""36e14614-b797-7a7e-868c-0bd2ee694527"",""yes_price_dollars"":""0.5300""}"
KXBTC15M-26APR280930-30,319cb12e-0a10-7c10-8a1e-10dd12ed7458,1777382112,0.53,3.0,no,"{""count_fp"":""3.00"",""created_time"":""2026-04-28T13:15:12.237544Z"",""no_price_dollars"":""0.4700"",""taker_side"":""no"",""ticker"":""KXBTC15M-26APR280930-30"",""trade_id"":""319cb12e-0a10-7c10-8a1e-10dd12ed7458"",""yes_price_dollars"":""0.5300""}"
KXBTC15M-26APR280930-30,e0ec9aa7-252c-6430-9646-873028a23182,1777382113,0.54,6.83,no,"{""count_fp"":""6.83"",""created_time"":""2026-04-28T13:15:13.586586Z"",""no_price_dollars"":""0.4600"",""taker_side"":""no"",""ticker"":""KXBTC15M-26APR280930-30"",""trade_id"":""e0ec9aa7-252c-6430-9646-873028a23182"",""yes_price_dollars"":""0.5400""}"
KXBTC15M-26APR280930-30,a561df23-a949-4b54-7425-8bc4e9a01a39,1777382113,0.55,3.0,no,"{""count_fp"":""3.00"",""created_time"":""2026-04-28T13:15:13.439851Z"",""no_price_dollars"":""0.4500"",""taker_side"":""no"",""ticker"":""KXBTC15M-26APR280930-30"",""trade_id"":""a561df23-a949-4b54-7425-8bc4e9a01a39"",""yes_price_dollars"":""0.5500""}"
KXBTC15M-26APR280930-30,9a7c55a0-9942-4b17-55d0-d81d0442159b,1777382113,0.55,56.0,no,"{""count_fp"":""56.00"",""created_time"":""2026-04-28T13:15:13.439851Z"",""no_price_dollars"":""0.4500"",""taker_side"":""no"",""ticker"":""KXBTC15M-26APR280930-30"",""trade_id"":""9a7c55a0-9942-4b17-55d0-d81d0442159b"",""yes_price_dollars"":""0.5500""}"
KXBTC15M-26APR280930-30,8de56970-c1cc-41b7-45cb-2d1637bb03cd,1777382113,0.55,5.0,no,"{""count_fp"":""5.00"",""created_time"":""2026-04-28T13:15:13.439851Z"",""no_price_dollars"":""0.4500"",""taker_side"":""no"",""ticker"":""KXBTC15M-26APR280930-30"",""trade_id"":""8de56970-c1cc-41b7-45cb-2d1637bb03cd"",""yes_price_dollars"":""0.5500""}"
KXBTC15M-26APR280930-30,05a8bf11-add4-42ca-4f0a-e3952d57e188,1777382113,0.56,10.0,no,"{""count_fp"":""10.00"",""created_time"":""2026-04-28T13:15:13.439851Z"",""no_price_dollars"":""0.4400"",""taker_side"":""no"",""ticker"":""KXBTC15M-26APR280930-30"",""trade_id"":""05a8bf11-add4-42ca-4f0a-e3952d57e188"",""yes_price_dollars"":""0.5600""}"
KXBTC15M-26APR280930-30,03a2dcf8-029c-4a14-700d-5041c7ca0306,1777382113,0.54,26.69,no,"{""count_fp"":""26.69"",""created_time"":""2026-04-28T13:15:13.439851Z"",""no_price_dollars"":""0.4600"",""taker_side"":""no"",""ticker"":""KXBTC15M-26APR280930-30"",""trade_id"":""03a2dcf8-029c-4a14-700d-5041c7ca0306"",""yes_price_dollars"":""0.5400""}"
KXBTC15M-26APR280930-30,023eb9a6-d200-4ae2-93d0-8d59fe917a14,1777382113,0.56,0.6,no,"{""count_fp"":""0.60"",""created_time"":""2026-04-28T13:15:13.075966Z"",""no_price_dollars"":""0.4400"",""taker_side"":""no"",""ticker"":""KXBTC15M-26APR280930-30"",""trade_id"":""023eb9a6-d200-4ae2-93d0-8d59fe917a14"",""yes_price_dollars"":""0.5600""}"
KXBTC15M-26APR280930-30,5f495451-df69-4609-ae89-06680714e274,1777382114,0.57,3.0,yes,"{""count_fp"":""3.00"",""created_time"":""2026-04-28T13:15:14.564993Z"",""no_price_dollars"":""0.4300"",""taker_side"":""yes"",""ticker"":""KXBTC15M-26APR280930-30"",""trade_id"":""5f495451-df69-4609-ae89-06680714e274"",""yes_price_dollars"":""0.5700""}"
KXBTC15M-26APR280930-30,58822fca-a849-4985-ba23-774bcda29d90,1777382114,0.57,47.25,yes,"{""count_fp"":""47.25"",""created_time"":""2026-04-28T13:15:14.564993Z"",""no_price_dollars"":""0.4300"",""taker_side"":""yes"",""ticker"":""KXBTC15M-26APR280930-30"",""trade_id"":""58822fca-a849-4985-ba23-774bcda29d90"",""yes_price_dollars"":""0.5700""}"
KXBTC15M-26APR280930-30,a9995cd4-42ce-79fa-e422-e8b34bb06803,1777382114,0.55,66.61,no,"{""count_fp"":""66.61"",""created_time"":""2026-04-28T13:15:14.448296Z"",""no_price_dollars"":""0.4500"",""taker_side"":""no"",""ticker"":""KXBTC15M-26APR280930-30"",""trade_id"":""a9995cd4-42ce-79fa-e422-e8b34bb06803"",""yes_price_dollars"":""0.5500""}"
KXBTC15M-26APR280930-30,83272325-657a-7dee-ed2b-b0eec2149802,1777382114,0.56,5.0,no,"{""count_fp"":""5.00"",""created_time"":""2026-04-28T13:15:14.448296Z"",""no_price_dollars"":""0.4400"",""taker_side"":""no"",""ticker"":""KXBTC15M-26APR280930-30"",""trade_id"":""83272325-657a-7dee-ed2b-b0eec2149802"",""yes_price_dollars"":""0.5600""}"
KXBTC15M-26APR280930-30,66a659a8-0a52-7045-d694-bfda75bfaf1a,1777382114,0.56,6.88,no,"{""count_fp"":""6.88"",""created_time"":""2026-04-28T13:15:14.448296Z"",""no_price_dollars"":""0.4400"",""taker_side"":""no"",""ticker"":""KXBTC15M-26APR280930-30"",""trade_id"":""66a659a8-0a52-7045-d694-bfda75bfaf1a"",""yes_price_dollars"":""0.5600""}"
KXBTC15M-26APR280930-30,5fd57a62-9299-6d84-c222-f6efefa8f9f6,1777382114,0.59,1.99,yes,"{""count_fp"":""1.99"",""created_time"":""2026-04-28T13:15:14.392731Z"",""no_price_dollars"":""0.4100"",""taker_side"":""yes"",""ticker"":""KXBTC15M-26APR280930-30"",""trade_id"":""5fd57a62-9299-6d84-c222-f6efefa8f9f6"",""yes_price_dollars"":""0.5900""}"
KXBTC15M-26APR280930-30,16189509-b1b0-6441-d929-50bca728f203,1777382114,0.58,3.0,yes,"{""count_fp"":""3.00"",""created_time"":""2026-04-28T13:15:14.392731Z"",""no_price_dollars"":""0.4200"",""taker_side"":""yes"",""ticker"":""KXBTC15M-26APR280930-30"",""trade_id"":""16189509-b1b0-6441-d929-50bca728f203"",""yes_price_dollars"":""0.5800""}"
KXBTC15M-26APR280930-30,bcb5da75-0d46-48f9-db19-3253b4294162,1777382114,0.56,3.12,no,"{""count_fp"":""3.12"",""created_time"":""2026-04-28T13:15:14.354491Z"",""no_price_dollars"":""0.4400"",""taker_side"":""no"",""ticker"":""KXBTC15M-26APR280930-30"",""trade_id"":""bcb5da75-0d46-48f9-db19-3253b4294162"",""yes_price_dollars"":""0.5600""}"
KXBTC15M-26APR280930-30,2ff49534-508b-4698-eca8-d06c17a2825b,1777382114,0.56,3.0,no,"{""count_fp"":""3.00"",""created_time"":""2026-04-28T13:15:14.354491Z"",""no_price_dollars"":""0.4400"",""taker_side"":""no"",""ticker"":""KXBTC15M-26APR280930-30"",""trade_id"":""2ff49534-508b-4698-eca8-d06c17a2825b"",""yes_price_dollars"":""0.5600""}"
KXBTC15M-26APR280930-30,b26eebd2-0037-40a7-bc55-4e195fbfcb6e,1777382114,0.58,19.0,yes,"{""count_fp"":""19.00"",""created_time"":""2026-04-28T13:15:14.312693Z"",""no_price_dollars"":""0.4200"",""taker_side"":""yes"",""ticker"":""KXBTC15M-26APR280930-30"",""trade_id"":""b26eebd2-0037-40a7-bc55-4e195fbfcb6e"",""yes_price_dollars"":""0.5800""}"
KXBTC15M-26APR280930-30,a7da0c8f-7177-46bd-8b18-b3ec8f2395ba,1777382114,0.58,174.35,yes,"{""count_fp"":""174.35"",""created_time"":""2026-04-28T13:15:14.312693Z"",""no_price_dollars"":""0.4200"",""taker_side"":""yes"",""ticker"":""KXBTC15M-26APR280930-30"",""trade_id"":""a7da0c8f-7177-46bd-8b18-b3ec8f2395ba"",""yes_price_dollars"":""0.5800""}"
KXBTC15M-26APR280930-30,224fa099-9a3c-48d6-a53c-130d67fd57b5,1777382114,0.57,56.0,yes,"{""count_fp"":""56.00"",""created_time"":""2026-04-28T13:15:14.312693Z"",""no_price_dollars"":""0.4300"",""taker_side"":""yes"",""ticker"":""KXBTC15M-26APR280930-30"",""trade_id"":""224fa099-9a3c-48d6-a53c-130d67fd57b5"",""yes_price_dollars"":""0.5700""}"
KXBTC15M-26APR280930-30,0c195fd5-451f-4884-9a5f-10437ec0444a,1777382114,0.57,1.0,yes,"{""count_fp"":""1.00"",""created_time"":""2026-04-28T13:15:14.312693Z"",""no_price_dollars"":""0.4300"",""taker_side"":""yes"",""ticker"":""KXBTC15M-26APR280930-30"",""trade_id"":""0c195fd5-451f-4884-9a5f-10437ec0444a"",""yes_price_dollars"":""0.5700""}"
KXBTC15M-26APR280930-30,814e6ce0-3a26-55bd-e975-a8a7c204c843,1777382114,0.55,13.0,no,"{""count_fp"":""13.00"",""created_time"":""2026-04-28T13:15:14.151555Z"",""no_price_dollars"":""0.4500"",""taker_side"":""no"",""ticker"":""KXBTC15M-26APR280930-30"",""trade_id"":""814e6ce0-3a26-55bd-e975-a8a7c204c843"",""yes_price_dollars"":""0.5500""}"
KXBTC15M-26APR280930-30,4f88c15c-d1ba-5641-ff11-38588e29103d,1777382114,0.55,3.0,no,"{""count_fp"":""3.00"",""created_time"":""2026-04-28T13:15:14.151555Z"",""no_price_dollars"":""0.4500"",""taker_side"":""no"",""ticker"":""KXBTC15M-26APR280930-30"",""trade_id"":""4f88c15c-d1ba-5641-ff11-38588e29103d"",""yes_price_dollars"":""0.5500""}"
KXBTC15M-26APR280930-30,f431e4ba-6be2-72e9-6eed-fed86449936f,1777382115,0.53,7.0,no,"{""count_fp"":""7.00"",""created_time"":""2026-04-28T13:15:15.958627Z"",""no_price_dollars"":""0.4700"",""taker_side"":""no"",""ticker"":""KXBTC15M-26APR280930-30"",""trade_id"":""f431e4ba-6be2-72e9-6eed-fed86449936f"",""yes_price_dollars"":""0.5300""}"
KXBTC15M-26APR280930-30,eaf80554-4efa-7b93-55ab-556440132544,1777382115,0.55,4.0,no,"{""count_fp"":""4.00"",""created_time"":""2026-04-28T13:15:15.958627Z"",""no_price_dollars"":""0.4500"",""taker_side"":""no"",""ticker"":""KXBTC15M-26APR280930-30"",""trade_id"":""eaf80554-4efa-7b93-55ab-556440132544"",""yes_price_dollars"":""0.5500""}"
KXBTC15M-26APR280930-30,a7ad29c3-fdd2-7e35-5c58-a336f2471a26,1777382115,0.52,6.0,no,"{""count_fp"":""6.00"",""created_time"":""2026-04-28T13:15:15.958627Z"",""no_price_dollars"":""0.4800"",""taker_side"":""no"",""ticker"":""KXBTC15M-26APR280930-30"",""trade_id"":""a7ad29c3-fdd2-7e35-5c58-a336f2471a26"",""yes_price_dollars"":""0.5200""}"
KXBTC15M-26APR280930-30,32f4bf9a-3991-7167-5d0a-c9ead07cad1e,1777382115,0.52,11.42,no,"{""count_fp"":""11.42"",""created_time"":""2026-04-28T13:15:15.958627Z"",""no_price_dollars"":""0.4800"",""taker_side"":""no"",""ticker"":""KXBTC15M-26APR280930-30"",""trade_id"":""32f4bf9a-3991-7167-5d0a-c9ead07cad1e"",""yes_price_dollars"":""0.5200""}"
KXBTC15M-26APR280930-30,6d227aaf-0d30-475f-fffe-349c2296600f,1777382115,0.55,10.0,yes,"{""count_fp"":""10.00"",""created_time"":""2026-04-28T13:15:15.745295Z"",""no_price_dollars"":""0.4500"",""taker_side"":""yes"",""ticker"":""KXBTC15M-26APR280930-30"",""trade_id"":""6d227aaf-0d30-475f-fffe-349c2296600f"",""yes_price_dollars"":""0.5500""}"
KXBTC15M-26APR280930-30,2a1b515b-a34e-49b8-f504-08e4545e7213,1777382115,0.55,3.0,yes,"{""count_fp"":""3.00"",""created_time"":""2026-04-28T13:15:15.745295Z"",""no_price_dollars"":""0.4500"",""taker_side"":""yes"",""ticker"":""KXBTC15M-26APR280930-30"",""trade_id"":""2a1b515b-a34e-49b8-f504-08e4545e7213"",""yes_price_dollars"":""0.5500""}"
KXBTC15M-26APR280930-30,d9eff383-8aa6-5dbf-5364-b24cde2c0bb1,1777382115,0.55,3.0,yes,"{""count_fp"":""3.00"",""created_time"":""2026-04-28T13:15:15.407387Z"",""no_price_dollars"":""0.4500"",""taker_side"":""yes"",""ticker"":""KXBTC15M-26APR280930-30"",""trade_id"":""d9eff383-8aa6-5dbf-5364-b24cde2c0bb1"",""yes_price_dollars"":""0.5500""}"
KXBTC15M-26APR280930-30,bce0fe26-152b-4f21-29a3-254717ac4016,1777382116,0.54,15.07,yes,"{""count_fp"":""15.07"",""created_time"":""2026-04-28T13:15:16.880998Z"",""no_price_dollars"":""0.4600"",""taker_side"":""yes"",""ticker"":""KXBTC15M-26APR280930-30"",""trade_id"":""bce0fe26-152b-4f21-29a3-254717ac4016"",""yes_price_dollars"":""0.5400""}"
KXBTC15M-26APR280930-30,fbafa595-2ff0-5236-6781-93d872f95bcf,1777382116,0.53,500.0,yes,"{""count_fp"":""500.00"",""created_time"":""2026-04-28T13:15:16.631715Z"",""no_price_dollars"":""0.4700"",""taker_side"":""yes"",""ticker"":""KXBTC15M-26APR280930-30"",""trade_id"":""fbafa595-2ff0-5236-6781-93d872f95bcf"",""yes_price_dollars"":""0.5300""}"
KXBTC15M-26APR280930-30,ac9ed77e-e66e-5993-5b6f-7dbb85c63219,1777382116,0.56,19.36,yes,"{""count_fp"":""19.36"",""created_time"":""2026-04-28T13:15:16.631715Z"",""no_price_dollars"":""0.4400"",""taker_side"":""yes"",""ticker"":""KXBTC15M-26APR280930-30"",""trade_id"":""ac9ed77e-e66e-5993-5b6f-7dbb85c63219"",""yes_price_dollars"":""0.5600""}"
KXBTC15M-26APR280930-30,a90580d5-7829-558d-6ba6-e8255d3b9791,1777382116,0.55,40.0,yes,"{""count_fp"":""40.00"",""created_time"":""2026-04-28T13:15:16.631715Z"",""no_price_dollars"":""0.4500"",""taker_side"":""yes"",""ticker"":""KXBTC15M-26APR280930-30"",""trade_id"":""a90580d5-7829-558d-6ba6-e8255d3b9791"",""yes_price_dollars"":""0.5500""}"
KXBTC15M-26APR280930-30,7ba0d847-ee6d-5a92-7fe6-443bb3696725,1777382116,0.53,40.0,yes,"{""count_fp"":""40.00"",""created_time"":""2026-04-28T13:15:16.631715Z"",""no_price_dollars"":""0.4700"",""taker_side"":""yes"",""ticker"":""KXBTC15M-26APR280930-30"",""trade_id"":""7ba0d847-ee6d-5a92-7fe6-443bb3696725"",""yes_price_dollars"":""0.5300""}"
KXBTC15M-26APR280930-30,79dd90f6-4c50-53f2-51db-0ed2d98734c4,1777382116,0.55,3.0,yes,"{""count_fp"":""3.00"",""created_time"":""2026-04-28T13:15:16.631715Z"",""no_price_dollars"":""0.4500"",""taker_side"":""yes"",""ticker"":""KXBTC15M-26APR280930-30"",""trade_id"":""79dd90f6-4c50-53f2-51db-0ed2d98734c4"",""yes_price_dollars"":""0.5500""}"
KXBTC15M-26APR280930-30,75bd3944-8ecf-5be9-6489-d2160362b7f1,1777382116,0.54,38.0,yes,"{""count_fp"":""38.00"",""created_time"":""2026-04-28T13:15:16.631715Z"",""no_price_dollars"":""0.4600"",""taker_side"":""yes"",""ticker"":""KXBTC15M-26APR280930-30"",""trade_id"":""75bd3944-8ecf-5be9-6489-d2160362b7f1"",""yes_price_dollars"":""0.5400""}"
KXBTC15M-26APR280930-30,409a583f-d934-5873-75f5-d6178168d1db,1777382116,0.54,10.0,yes,"{""count_fp"":""10.00"",""created_time"":""2026-04-28T13:15:16.631715Z"",""no_price_dollars"":""0.4600"",""taker_side"":""yes"",""ticker"":""KXBTC15M-26APR280930-30"",""trade_id"":""409a583f-d934-5873-75f5-d6178168d1db"",""yes_price_dollars"":""0.5400""}"
KXBTC15M-26APR280930-30,23cbb731-4309-5272-5c28-f020136e4485,1777382116,0.56,173.53,yes,"{""count_fp"":""173.53"",""created_time"":""2026-04-28T13:15:16.631715Z"",""no_price_dollars"":""0.4400"",""taker_side"":""yes"",""ticker"":""KXBTC15M-26APR280930-30"",""trade_id"":""23cbb731-4309-5272-5c28-f020136e4485"",""yes_price_dollars"":""0.5600""}"
KXBTC15M-26APR280930-30,b67c66d7-b25f-570d-eefe-cbd0bb14e3b5,1777382116,0.54,2.0,yes,"{""count_fp"":""2.00"",""created_time"":""2026-04-28T13:15:16.225565Z"",""no_price_dollars"":""0.4600"",""taker_side"":""yes"",""ticker"":""KXBTC15M-26APR280930-30"",""trade_id"":""b67c66d7-b25f-570d-eefe-cbd0bb14e3b5"",""yes_price_dollars"":""0.5400""}"
KXBTC15M-26APR280930-30,cb71e053-afee-59e6-74f0-9dd00c23271a,1777382117,0.52,1.0,yes,"{""count_fp"":""1.00"",""created_time"":""2026-04-28T13:15:17.774556Z"",""no_price_dollars"":""0.4800"",""taker_side"":""yes"",""ticker"":""KXBTC15M-26APR280930-30"",""trade_id"":""cb71e053-afee-59e6-74f0-9dd00c23271a"",""yes_price_dollars"":""0.5200""}"
KXBTC15M-26APR280930-30,997fef51-ec55-4a95-cefd-0e4548b7a10d,1777382117,0.53,10.0,no,"{""count_fp"":""10.00"",""created_time"":""2026-04-28T13:15:17.395506Z"",""no_price_dollars"":""0.4700"",""taker_side"":""no"",""ticker"":""KXBTC15M-26APR280930-30"",""trade_id"":""997fef51-ec55-4a95-cefd-0e4548b7a10d"",""yes_price_dollars"":""0.5300""}"
KXBTC15M-26APR280930-30,28bd6fc7-56a4-4304-9322-483744359db7,1777382117,0.53,10.04,no,"{""count_fp"":""10.04"",""created_time"":""2026-04-28T13:15:17.278681Z"",""no_price_dollars"":""0.4700"",""taker_side"":""no"",""ticker"":""KXBTC15M-26APR280930-30"",""trade_id"":""28bd6fc7-56a4-4304-9322-483744359db7"",""yes_price_dollars"":""0.5300""}"
KXBTC15M-26APR280930-30,7813c9c3-a1b7-7b09-ef1b-a269b62eac3a,1777382117,0.54,24.93,yes,"{""count_fp"":""24.93"",""created_time"":""2026-04-28T13:15:17.247373Z"",""no_price_dollars"":""0.4600"",""taker_side"":""yes"",""ticker"":""KXBTC15M-26APR280930-30"",""trade_id"":""7813c9c3-a1b7-7b09-ef1b-a269b62eac3a"",""yes_price_dollars"":""0.5400""}"
KXBTC15M-26APR280930-30,39cd86c0-3e6e-76f5-ce9d-3b7c8a072e16,1777382117,0.54,3.07,yes,"{""count_fp"":""3.07"",""created_time"":""2026-04-28T13:15:17.247373Z"",""no_price_dollars"":""0.4600"",""taker_side"":""yes"",""ticker"":""KXBTC15M-26APR280930-30"",""trade_id"":""39cd86c0-3e6e-76f5-ce9d-3b7c8a072e16"",""yes_price_dollars"":""0.5400""}"
KXBTC15M-26APR280930-30,c80e4aef-0f21-7b55-f7c7-ec1fba8a5248,1777382118,0.51,35.46,no,"{""count_fp"":""35.46"",""created_time"":""2026-04-28T13:15:18.921604Z"",""no_price_dollars"":""0.4900"",""taker_side"":""no"",""ticker"":""KXBTC15M-26APR280930-30"",""trade_id"":""c80e4aef-0f21-7b55-f7c7-ec1fba8a5248"",""yes_price_dollars"":""0.5100""}"
KXBTC15M-26APR280930-30,fa6f1473-fa62-69d9-0d86-3482096d2180,1777382118,0.53,40.0,yes,"{""count_fp"":""40.00"",""created_time"":""2026-04-28T13:15:18.913497Z"",""no_price_dollars"":""0.4700"",""taker_side"":""yes"",""ticker"":""KXBTC15M-26APR280930-30"",""trade_id"":""fa6f1473-fa62-69d9-0d86-3482096d2180"",""yes_price_dollars"":""0.5300""}"
KXBTC15M-26APR280930-30,f19a2e80-1c5e-6946-2f30-f2ef223a604a,1777382118,0.52,11.0,yes,"{""count_fp"":""11.00"",""created_time"":""2026-04-28T13:15:18.913497Z"",""no_price_dollars"":""0.4800"",""taker_side"":""yes"",""ticker"":""KXBTC15M-26APR280930-30"",""trade_id"":""f19a2e80-1c5e-6946-2f30-f2ef223a604a"",""yes_price_dollars"":""0.5200""}"
KXBTC15M-26APR280930-30,e68e824b-333a-6ca3-2bc8-a94826c7700b,1777382118,0.52,10.0,yes,"{""count_fp"":""10.00"",""created_time"":""2026-04-28T13:15:18.913497Z"",""no_price_dollars"":""0.4800"",""taker_side"":""yes"",""ticker"":""KXBTC15M-26APR280930-30"",""trade_id"":""e68e824b-333a-6ca3-2bc8-a94826c7700b"",""yes_price_dollars"":""0.5200""}"
KXBTC15M-26APR280930-30,827af6d6-d3f2-6629-1b23-ab0de30263c4,1777382118,0.52,5.0,yes,"{""count_fp"":""5.00"",""created_time"":""2026-04-28T13:15:18.913497Z"",""no_price_dollars"":""0.4800"",""taker_side"":""yes"",""ticker"":""KXBTC15M-26APR280930-30"",""trade_id"":""827af6d6-d3f2-6629-1b23-ab0de30263c4"",""yes_price_dollars"":""0.5200""}"
KXBTC15M-26APR280930-30,4c1197fa-f846-61e4-0858-f8d0c5f24207,1777382118,0.52,3.0,yes,"{""count_fp"":""3.00"",""created_time"":""2026-04-28T13:15:18.913497Z"",""no_price_dollars"":""0.4800"",""taker_side"":""yes"",""ticker"":""KXBTC15M-26APR280930-30"",""trade_id"":""4c1197fa-f846-61e4-0858-f8d0c5f24207"",""yes_price_dollars"":""0.5200""}"
KXBTC15M-26APR280930-30,47e509bc-808e-690f-2fb5-a8c553a96d4f,1777382118,0.53,56.0,yes,"{""count_fp"":""56.00"",""created_time"":""2026-04-28T13:15:18.913497Z"",""no_price_dollars"":""0.4700"",""taker_side"":""yes"",""ticker"":""KXBTC15M-26APR280930-30"",""trade_id"":""47e509bc-808e-690f-2fb5-a8c553a96d4f"",""yes_price_dollars"":""0.5300""}"
KXBTC15M-26APR280930-30,29eecb14-fc29-6e82-2529-ab22e7eb5d9d,1777382118,0.53,53.19,yes,"{""count_fp"":""53.19"",""created_time"":""2026-04-28T13:15:18.913497Z"",""no_price_dollars"":""0.4700"",""taker_side"":""yes"",""ticker"":""KXBTC15M-26APR280930-30"",""trade_id"":""29eecb14-fc29-6e82-2529-ab22e7eb5d9d"",""yes_price_dollars"":""0.5300""}"
KXBTC15M-26APR280930-30,97002a18-14dc-7d51-cdff-e19f997f5126,1777382118,0.51,1.0,no,"{""count_fp"":""1.00"",""created_time"":""2026-04-28T13:15:18.740701Z"",""no_price_dollars"":""0.4900"",""taker_side"":""no"",""ticker"":""KXBTC15M-26APR280930-30"",""trade_id"":""97002a18-14dc-7d51-cdff-e19f997f5126"",""yes_price_dollars"":""0.5100""}"
KXBTC15M-26APR280930-30,57bfa692-0dca-750e-8cfa-6074b081d66e,1777382118,0.52,28.0,yes,"{""count_fp"":""28.00"",""created_time"":""2026-04-28T13:15:18.590986Z"",""no_price_dollars"":""0.4800"",""taker_side"":""yes"",""ticker"":""KXBTC15M-26APR280930-30"",""trade_id"":""57bfa692-0dca-750e-8cfa-6074b081d66e"",""yes_price_dollars"":""0.5200""}"
KXBTC15M-26APR280930-30,3b7710c0-be5c-7c25-6f3a-7367a128eded,1777382119,0.53,48.4,yes,"{""count_fp"":""48.40"",""created_time"":""2026-04-28T13:15:19.931257Z"",""no_price_dollars"":""0.4700"",""taker_side"":""yes"",""ticker"":""KXBTC15M-26APR280930-30"",""trade_id"":""3b7710c0-be5c-7c25-6f3a-7367a128eded"",""yes_price_dollars"":""0.5300""}"
KXBTC15M-26APR280930-30,014ca2d5-c100-6335-8e35-02dc9df45809,1777382119,0.53,26.53,yes,"{""count_fp"":""26.53"",""created_time"":""2026-04-28T13:15:19.930783Z"",""no_price_dollars"":""0.4700"",""taker_side"":""yes"",""ticker"":""KXBTC15M-26APR280930-30"",""trade_id"":""014ca2d5-c100-6335-8e35-02dc9df45809"",""yes_price_dollars"":""0.5300""}"
KXBTC15M-26APR280930-30,fcb9b7f0-0764-586d-93af-af59173c6b10,1777382119,0.53,6.93,yes,"{""count_fp"":""6.93"",""created_time"":""2026-04-28T13:15:19.110948Z"",""no_price_dollars"":""0.4700"",""taker_side"":""yes"",""ticker"":""KXBTC15M-26APR280930-30"",""trade_id"":""fcb9b7f0-0764-586d-93af-af59173c6b10"",""yes_price_dollars"":""0.5300""}"
KXBTC15M-26APR280930-30,cad7552c-239f-5f3d-8d4a-580392ea6869,1777382119,0.53,1.0,yes,"{""count_fp"":""1.00"",""created_time"":""2026-04-28T13:15:19.110948Z"",""no_price_dollars"":""0.4700"",""taker_side"":""yes"",""ticker"":""KXBTC15M-26APR280930-30"",""trade_id"":""cad7552c-239f-5f3d-8d4a-580392ea6869"",""yes_price_dollars"":""0.5300""}"
KXBTC15M-26APR280930-30,be32250e-d451-5e0a-8d75-ae211ec2d58d,1777382119,0.54,234.72,yes,"{""count_fp"":""234.72"",""created_time"":""2026-04-28T13:15:19.110948Z"",""no_price_dollars"":""0.4600"",""taker_side"":""yes"",""ticker"":""KXBTC15M-26APR280930-30"",""trade_id"":""be32250e-d451-5e0a-8d75-ae211ec2d58d"",""yes_price_dollars"":""0.5400""}"
KXBTC15M-26APR280930-30,678ba9dd-f090-5811-92c3-1979f95c5774,1777382119,0.52,3.0,yes,"{""count_fp"":""3.00"",""created_time"":""2026-04-28T13:15:19.110948Z"",""no_price_dollars"":""0.4800"",""taker_side"":""yes"",""ticker"":""KXBTC15M-26APR280930-30"",""trade_id"":""678ba9dd-f090-5811-92c3-1979f95c5774"",""yes_price_dollars"":""0.5200""}"
KXBTC15M-26APR280930-30,38a44c39-85ff-5b3a-880a-be7b55ef2f35,1777382119,0.53,40.0,yes,"{""count_fp"":""40.00"",""created_time"":""2026-04-28T13:15:19.110948Z"",""no_price_dollars"":""0.4700"",""taker_side"":""yes"",""ticker"":""KXBTC15M-26APR280930-30"",""trade_id"":""38a44c39-85ff-5b3a-880a-be7b55ef2f35"",""yes_price_dollars"":""0.5300""}"
KXBTC15M-26APR280930-30,075ca097-1475-50fb-bb2b-7a15b2824b53,1777382119,0.54,40.0,yes,"{""count_fp"":""40.00"",""created_time"":""2026-04-28T13:15:19.110948Z"",""no_price_dollars"":""0.4600"",""taker_side"":""yes"",""ticker"":""KXBTC15M-26APR280930-30"",""trade_id"":""075ca097-1475-50fb-bb2b-7a15b2824b53"",""yes_price_dollars"":""0.5400""}"
KXBTC15M-26APR280930-30,04e1bc95-80f2-545f-af4a-661d5d018eb4,1777382119,0.53,15.38,yes,"{""count_fp"":""15.38"",""created_time"":""2026-04-28T13:15:19.110948Z"",""no_price_dollars"":""0.4700"",""taker_side"":""yes"",""ticker"":""KXBTC15M-26APR280930-30"",""trade_id"":""04e1bc95-80f2-545f-af4a-661d5d018eb4"",""yes_price_dollars"":""0.5300""}"
KXBTC15M-26APR280930-30,7b5b7fc9-ef3f-76bd-d8e1-cb62fd5405e0,1777382120,0.53,8.92,yes,"{""count_fp"":""8.92"",""created_time"":""2026-04-28T13:15:20.880006Z"",""no_price_dollars"":""0.4700"",""taker_side"":""yes"",""ticker"":""KXBTC15M-26APR280930-30"",""trade_id"":""7b5b7fc9-ef3f-76bd-d8e1-cb62fd5405e0"",""yes_price_dollars"":""0.5300""}"
KXBTC15M-26APR280930-30,fe524dfd-beb9-70eb-e251-3f4f9bd4cf8e,1777382120,0.52,33.95,no,"{""count_fp"":""33.95"",""created_time"":""2026-04-28T13:15:20.658539Z"",""no_price_dollars"":""0.4800"",""taker_side"":""no"",""ticker"":""KXBTC15M-26APR280930-30"",""trade_id"":""fe524dfd-beb9-70eb-e251-3f4f9bd4cf8e"",""yes_price_dollars"":""0.5200""}"
KXBTC15M-26APR280930-30,f4978bcc-6bfb-7d7d-e90a-1c7afe8b02c6,1777382120,0.52,40.0,no,"{""count_fp"":""40.00"",""created_time"":""2026-04-28T13:15:20.658539Z"",""no_price_dollars"":""0.4800"",""taker_side"":""no"",""ticker"":""KXBTC15M-26APR280930-30"",""trade_id"":""f4978bcc-6bfb-7d7d-e90a-1c7afe8b02c6"",""yes_price_dollars"":""0.5200""}"
KXBTC15M-26APR280930-30,a005baa1-24d4-758f-d700-7aa1dec53285,1777382120,0.52,53.19,no,"{""count_fp"":""53.19"",""created_time"":""2026-04-28T13:15:20.658539Z"",""no_price_dollars"":""0.4800"",""taker_side"":""no"",""ticker"":""KXBTC15M-26APR280930-30"",""trade_id"":""a005baa1-24d4-758f-d700-7aa1dec53285"",""yes_price_dollars"":""0.5200""}"
KXBTC15M-26APR280930-30,90e5764b-7002-7e84-f943-2a1fc374a26d,1777382120,0.53,10.0,no,"{""count_fp"":""10.00"",""created_time"":""2026-04-28T13:15:20.658539Z"",""no_price_dollars"":""0.4700"",""taker_side"":""no"",""ticker"":""KXBTC15M-26APR280930-30"",""trade_id"":""90e5764b-7002-7e84-f943-2a1fc374a26d"",""yes_price_dollars"":""0.5300""}"
KXBTC15M-26APR280930-30,8bd29f3d-fc35-7b2b-ffd5-830857429d38,1777382120,0.53,39.0,no,"{""count_fp"":""39.00"",""created_time"":""2026-04-28T13:15:20.658539Z"",""no_price_dollars"":""0.4700"",""taker_side"":""no"",""ticker"":""KXBTC15M-26APR280930-30"",""trade_id"":""8bd29f3d-fc35-7b2b-ffd5-830857429d38"",""yes_price_dollars"":""0.5300""}"
KXBTC15M-26APR280930-30,3945588a-009b-7ec5-e1f4-181394f1e223,1777382120,0.53,20.0,no,"{""count_fp"":""20.00"",""created_time"":""2026-04-28T13:15:20.658539Z"",""no_price_dollars"":""0.4700"",""taker_side"":""no"",""ticker"":""KXBTC15M-26APR280930-30"",""trade_id"":""3945588a-009b-7ec5-e1f4-181394f1e223"",""yes_price_dollars"":""0.5300""}"
KXBTC15M-26APR280930-30,63b25d7d-70b9-45b3-cc36-f8d0e8b410fc,1777382120,0.53,1.0,no,"{""count_fp"":""1.00"",""created_time"":""2026-04-28T13:15:20.315852Z"",""no_price_dollars"":""0.4700"",""taker_side"":""no"",""ticker"":""KXBTC15M-26APR280930-30"",""trade_id"":""63b25d7d-70b9-45b3-cc36-f8d0e8b410fc"",""yes_price_dollars"":""0.5300""}"
KXBTC15M-26APR280930-30,0fd776ce-f0c1-584d-24f5-808579991c76,1777382121,0.53,1.82,yes,"{""count_fp"":""1.82"",""created_time"":""2026-04-28T13:15:21.987484Z"",""no_price_dollars"":""0.4700"",""taker_side"":""yes"",""ticker"":""KXBTC15M-26APR280930-30"",""trade_id"":""0fd776ce-f0c1-584d-24f5-808579991c76"",""yes_price_dollars"":""0.5300""}"
KXBTC15M-26APR280930-30,371d8c4c-ffa1-5143-98d3-d85e334053ee,1777382121,0.52,20.1,no,"{""count_fp"":""20.10"",""created_time"":""2026-04-28T13:15:21.908628Z"",""no_price_dollars"":""0.4800"",""taker_side"":""no"",""ticker"":""KXBTC15M-26APR280930-30"",""trade_id"":""371d8c4c-ffa1-5143-98d3-d85e334053ee"",""yes_price_dollars"":""0.5200""}"
KXBTC15M-26APR280930-30,8238c6d6-04ed-6bff-c55d-ac6934c14416,1777382121,0.52,50.0,no,"{""count_fp"":""50.00"",""created_time"":""2026-04-28T13:15:21.320449Z"",""no_price_dollars"":""0.4800"",""taker_side"":""no"",""ticker"":""KXBTC15M-26APR280930-30"",""trade_id"":""8238c6d6-04ed-6bff-c55d-ac6934c14416"",""yes_price_dollars"":""0.5200""}"
KXBTC15M-26APR280930-30,7ddd85ce-3187-7781-cb2d-aa20b506e460,1777382121,0.53,2.0,yes,"{""count_fp"":""2.00"",""created_time"":""2026-04-28T13:15:21.011629Z"",""no_price_dollars"":""0.4700"",""taker_side"":""yes"",""ticker"":""KXBTC15M-26APR280930-30"",""trade_id"":""7ddd85ce-3187-7781-cb2d-aa20b506e460"",""yes_price_dollars"":""0.5300""}"
KXBTC15M-26APR280930-30,d3a5a834-acc1-6b89-c15f-b67afabdf7b4,1777382122,0.51,4.54,no,"{""count_fp"":""4.54"",""created_time"":""2026-04-28T13:15:22.863281Z"",""no_price_dollars"":""0.4900"",""taker_side"":""no"",""ticker"":""KXBTC15M-26APR280930-30"",""trade_id"":""d3a5a834-acc1-6b89-c15f-b67afabdf7b4"",""yes_price_dollars"":""0.5100""}"
KXBTC15M-26APR280930-30,ab2d5963-41a5-6c23-fbbd-2bc62a289bba,1777382122,0.51,159.19,no,"{""count_fp"":""159.19"",""created_time"":""2026-04-28T13:15:22.863281Z"",""no_price_dollars"":""0.4900"",""taker_side"":""no"",""ticker"":""KXBTC15M-26APR280930-30"",""trade_id"":""ab2d5963-41a5-6c23-fbbd-2bc62a289bba"",""yes_price_dollars"":""0.5100""}"
KXBTC15M-26APR280930-30,56e8bb3f-bed2-6b4a-daa1-b383ce045cd5,1777382122,0.52,30.0,no,"{""count_fp"":""30.00"",""created_time"":""2026-04-28T13:15:22.863281Z"",""no_price_dollars"":""0.4800"",""taker_side"":""no"",""ticker"":""KXBTC15M-26APR280930-30"",""trade_id"":""56e8bb3f-bed2-6b4a-daa1-b383ce045cd5"",""yes_price_dollars"":""0.5200""}"
KXBTC15M-26APR280930-30,ef3f9a88-b494-4576-14ff-81008aa68dd8,1777382122,0.53,3.65,yes,"{""count_fp"":""3.65"",""created_time"":""2026-04-28T13:15:22.558398Z"",""no_price_dollars"":""0.4700"",""taker_side"":""yes"",""ticker"":""KXBTC15M-26APR280930-30"",""trade_id"":""ef3f9a88-b494-4576-14ff-81008aa68dd8"",""yes_price_dollars"":""0.5300""}"
KXBTC15M-26APR280930-30,69170fed-5ebd-53ab-ead5-12f3d08d0c7e,1777382122,0.52,10.05,no,"{""count_fp"":""10.05"",""created_time"":""2026-04-28T13:15:22.011144Z"",""no_price_dollars"":""0.4800"",""taker_side"":""no"",""ticker"":""KXBTC15M-26APR280930-30"",""trade_id"":""69170fed-5ebd-53ab-ead5-12f3d08d0c7e"",""yes_price_dollars"":""0.5200""}"
KXBTC15M-26APR280930-30,3c79789d-7b54-6f24-ff8e-2d4a99194a09,1777382123,0.5,16.44,yes,"{""count_fp"":""16.44"",""created_time"":""2026-04-28T13:15:23.669292Z"",""no_price_dollars"":""0.5000"",""taker_side"":""yes"",""ticker"":""KXBTC15M-26APR280930-30"",""trade_id"":""3c79789d-7b54-6f24-ff8e-2d4a99194a09"",""yes_price_dollars"":""0.5000""}"
KXBTC15M-26APR280930-30,fb9f60f1-8162-4d7f-62dd-ceca4963688b,1777382123,0.5,3.0,yes,"{""count_fp"":""3.00"",""created_time"":""2026-04-28T13:15:23.477813Z"",""no_price_dollars"":""0.5000"",""taker_side"":""yes"",""ticker"":""KXBTC15M-26APR280930-30"",""trade_id"":""fb9f60f1-8162-4d7f-62dd-ceca4963688b"",""yes_price_dollars"":""0.5000""}"
KXBTC15M-26APR280930-30,cf8d6cc5-6c0c-4a9c-6089-1b809d64d6dd,1777382123,0.5,20.11,yes,"{""count_fp"":""20.11"",""created_time"":""2026-04-28T13:15:23.477813Z"",""no_price_dollars"":""0.5000"",""taker_side"":""yes"",""ticker"":""KXBTC15M-26APR280930-30"",""trade_id"":""cf8d6cc5-6c0c-4a9c-6089-1b809d64d6dd"",""yes_price_dollars"":""0.5000""}"
KXBTC15M-26APR280930-30,0b70596a-6136-42eb-6088-6f1140aa3d41,1777382123,0.5,26.89,yes,"{""count_fp"":""26.89"",""created_time"":""2026-04-28T13:15:23.477813Z"",""no_price_dollars"":""0.5000"",""taker_side"":""yes"",""ticker"":""KXBTC15M-26APR280930-30"",""trade_id"":""0b70596a-6136-42eb-6088-6f1140aa3d41"",""yes_price_dollars"":""0.5000""}"
KXBTC15M-26APR280930-30,e625bbeb-4596-406f-72e8-785cdcabddb9,1777382123,0.5,13.11,yes,"{""count_fp"":""13.11"",""created_time"":""2026-04-28T13:15:23.355877Z"",""no_price_dollars"":""0.5000"",""taker_side"":""yes"",""ticker"":""KXBTC15M-26APR280930-30"",""trade_id"":""e625bbeb-4596-406f-72e8-785cdcabddb9"",""yes_price_dollars"":""0.5000""}"
KXBTC15M-26APR280930-30,a94765c3-4483-6585-f5bf-b6871c2b256e,1777382123,0.5,4.0,no,"{""count_fp"":""4.00"",""created_time"":""2026-04-28T13:15:23.145163Z"",""no_price_dollars"":""0.5000"",""taker_side"":""no"",""ticker"":""KXBTC15M-26APR280930-30"",""trade_id"":""a94765c3-4483-6585-f5bf-b6871c2b256e"",""yes_price_dollars"":""0.5000""}"
KXBTC15M-26APR280930-30,8cd3a77d-ddf3-6fcc-fe3f-6bbf0d4341ea,1777382123,0.5,1.0,no,"{""count_fp"":""1.00"",""created_time"":""2026-04-28T13:15:23.145163Z"",""no_price_dollars"":""0.5000"",""taker_side"":""no"",""ticker"":""KXBTC15M-26APR280930-30"",""trade_id"":""8cd3a77d-ddf3-6fcc-fe3f-6bbf0d4341ea"",""yes_price_dollars"":""0.5000""}"
KXBTC15M-26APR280930-30,5cf19658-bb69-6b6a-e20d-c173a661600a,1777382123,0.5,50.0,no,"{""count_fp"":""50.00"",""created_time"":""2026-04-28T13:15:23.145163Z"",""no_price_dollars"":""0.5000"",""taker_side"":""no"",""ticker"":""KXBTC15M-26APR280930-30"",""trade_id"":""5cf19658-bb69-6b6a-e20d-c173a661600a"",""yes_price_dollars"":""0.5000""}"
KXBTC15M-26APR280930-30,42d05ade-3a80-65ba-c8b1-4afb21657fdb,1777382123,0.5,31.43,no,"{""count_fp"":""31.43"",""created_time"":""2026-04-28T13:15:23.145163Z"",""no_price_dollars"":""0.5000"",""taker_side"":""no"",""ticker"":""KXBTC15M-26APR280930-30"",""trade_id"":""42d05ade-3a80-65ba-c8b1-4afb21657fdb"",""yes_price_dollars"":""0.5000""}"
KXBTC15M-26APR280930-30,18e10ae9-9aa4-6d7d-f08e-cbf85dbf3d24,1777382123,0.5,66.57,no,"{""count_fp"":""66.57"",""created_time"":""2026-04-28T13:15:23.145163Z"",""no_price_dollars"":""0.5000"",""taker_side"":""no"",""ticker"":""KXBTC15M-26APR280930-30"",""trade_id"":""18e10ae9-9aa4-6d7d-f08e-cbf85dbf3d24"",""yes_price_dollars"":""0.5000""}"
KXBTC15M-26APR280930-30,23b9d939-f488-7c1a-b593-10e788265263,1777382123,0.5,30.51,no,"{""count_fp"":""30.51"",""created_time"":""2026-04-28T13:15:23.144235Z"",""no_price_dollars"":""0.5000"",""taker_side"":""no"",""ticker"":""KXBTC15M-26APR280930-30"",""trade_id"":""23b9d939-f488-7c1a-b593-10e788265263"",""yes_price_dollars"":""0.5000""}"
KXBTC15M-26APR280930-30,2eb98c6c-c420-554a-8767-eb686f728b53,1777382123,0.5,3.0,no,"{""count_fp"":""3.00"",""created_time"":""2026-04-28T13:15:23.106621Z"",""no_price_dollars"":""0.5000"",""taker_side"":""no"",""ticker"":""KXBTC15M-26APR280930-30"",""trade_id"":""2eb98c6c-c420-554a-8767-eb686f728b53"",""yes_price_dollars"":""0.5000""}"
KXBTC15M-26APR280930-30,514e2352-77f2-4191-3983-c7eb74bc1789,1777382123,0.51,38.06,no,"{""count_fp"":""38.06"",""created_time"":""2026-04-28T13:15:23.092919Z"",""no_price_dollars"":""0.4900"",""taker_side"":""no"",""ticker"":""KXBTC15M-26APR280930-30"",""trade_id"":""514e2352-77f2-4191-3983-c7eb74bc1789"",""yes_price_dollars"":""0.5100""}"
KXBTC15M-26APR280930-30,9131697e-d922-4a3d-51b8-42f3aacd44f5,1777382123,0.51,32.27,no,"{""count_fp"":""32.27"",""created_time"":""2026-04-28T13:15:23.067901Z"",""no_price_dollars"":""0.4900"",""taker_side"":""no"",""ticker"":""KXBTC15M-26APR280930-30"",""trade_id"":""9131697e-d922-4a3d-51b8-42f3aacd44f5"",""yes_price_dollars"":""0.5100""}"
KXBTC15M-26APR280930-30,3c023ac7-2d76-7fd5-c9ff-abf5af8072d5,1777382123,0.51,21.58,no,"{""count_fp"":""21.58"",""created_time"":""2026-04-28T13:15:23.056404Z"",""no_price_dollars"":""0.4900"",""taker_side"":""no"",""ticker"":""KXBTC15M-26APR280930-30"",""trade_id"":""3c023ac7-2d76-7fd5-c9ff-abf5af8072d5"",""yes_price_dollars"":""0.5100""}"
KXBTC15M-26APR280930-30,fadf0de1-1a0e-5742-520b-d2b2f2f8c91a,1777382124,0.46,25.68,no,"{""count_fp"":""25.68"",""created_time"":""2026-04-28T13:15:24.994441Z"",""no_price_dollars"":""0.5400"",""taker_side"":""no"",""ticker"":""KXBTC15M-26APR280930-30"",""trade_id"":""fadf0de1-1a0e-5742-520b-d2b2f2f8c91a"",""yes_price_dollars"":""0.4600""}"
KXBTC15M-26APR280930-30,88125b8e-9f4e-5932-6f15-d184f54ee24f,1777382124,0.46,1.0,no,"{""count_fp"":""1.00"",""created_time"":""2026-04-28T13:15:24.994441Z"",""no_price_dollars"":""0.5400"",""taker_side"":""no"",""ticker"":""KXBTC15M-26APR280930-30"",""trade_id"":""88125b8e-9f4e-5932-6f15-d184f54ee24f"",""yes_price_dollars"":""0.4600""}"
KXBTC15M-26APR280930-30,5014dbf4-0719-59ae-8f7a-4183171808a3,1777382124,0.47,13.12,no,"{""count_fp"":""13.12"",""created_time"":""2026-04-28T13:15:24.880126Z"",""no_price_dollars"":""0.5300"",""taker_side"":""no"",""ticker"":""KXBTC15M-26APR280930-30"",""trade_id"":""5014dbf4-0719-59ae-8f7a-4183171808a3"",""yes_price_dollars"":""0.4700""}"
KXBTC15M-26APR280930-30,a6f94488-c7ae-47ec-18cb-162f78919c26,1777382124,0.48,22.61,yes,"{""count_fp"":""22.61"",""created_time"":""2026-04-28T13:15:24.878999Z"",""no_price_dollars"":""0.5200"",""taker_side"":""yes"",""ticker"":""KXBTC15M-26APR280930-30"",""trade_id"":""a6f94488-c7ae-47ec-18cb-162f78919c26"",""yes_price_dollars"":""0.4800""}"
KXBTC15M-26APR280930-30,864fe903-c6c4-45dc-3458-84fe785a7d91,1777382124,0.48,122.31,yes,"{""count_fp"":""122.31"",""created_time"":""2026-04-28T13:15:24.878999Z"",""no_price_dollars"":""0.5200"",""taker_side"":""yes"",""ticker"":""KXBTC15M-26APR280930-30"",""trade_id"":""864fe903-c6c4-45dc-3458-84fe785a7d91"",""yes_price_dollars"":""0.4800""}"
KXBTC15M-26APR280930-30,a234e18f-28f8-52b8-542f-f4d6f8342486,1777382124,0.47,5.0,no,"{""count_fp"":""5.00"",""created_time"":""2026-04-28T13:15:24.866542Z"",""no_price_dollars"":""0.5300"",""taker_side"":""no"",""ticker"":""KXBTC15M-26APR280930-30"",""trade_id"":""a234e18f-28f8-52b8-542f-f4d6f8342486"",""yes_price_dollars"":""0.4700""}"
KXBTC15M-26APR280930-30,633f832f-d79d-5b22-67cb-b958013d955b,1777382124,0.47,16.88,no,"{""count_fp"":""16.88"",""created_time"":""2026-04-28T13:15:24.866542Z"",""no_price_dollars"":""0.5300"",""taker_side"":""no"",""ticker"":""KXBTC15M-26APR280930-30"",""trade_id"":""633f832f-d79d-5b22-67cb-b958013d955b"",""yes_price_dollars"":""0.4700""}"
KXBTC15M-26APR280930-30,16d184b1-fe96-44f4-7730-f54fca7ed24e,1777382124,0.48,17.39,yes,"{""count_fp"":""17.39"",""created_time"":""2026-04-28T13:15:24.830613Z"",""no_price_dollars"":""0.5200"",""taker_side"":""yes"",""ticker"":""KXBTC15M-26APR280930-30"",""trade_id"":""16d184b1-fe96-44f4-7730-f54fca7ed24e"",""yes_price_dollars"":""0.4800""}"
KXBTC15M-26APR280930-30,5f3335c4-c2d1-4790-ff85-307212d16c16,1777382124,0.47,8.63,no,"{""count_fp"":""8.63"",""created_time"":""2026-04-28T13:15:24.647424Z"",""no_price_dollars"":""0.5300"",""taker_side"":""no"",""ticker"":""KXBTC15M-26APR280930-30"",""trade_id"":""5f3335c4-c2d1-4790-ff85-307212d16c16"",""yes_price_dollars"":""0.4700""}"
KXBTC15M-26APR280930-30,21d6fff8-6e1c-5f87-8f6f-ad368bada9ed,1777382124,0.49,11.17,yes,"{""count_fp"":""11.17"",""created_time"":""2026-04-28T13:15:24.413081Z"",""no_price_dollars"":""0.5100"",""taker_side"":""yes"",""ticker"":""KXBTC15M-26APR280930-30"",""trade_id"":""21d6fff8-6e1c-5f87-8f6f-ad368bada9ed"",""yes_price_dollars"":""0.4900""}"
KXBTC15M-26APR280930-30,ea477d4a-221a-4e02-1659-85e59bf37c51,1777382124,0.47,20.0,no,"{""count_fp"":""20.00"",""created_time"":""2026-04-28T13:15:24.287762Z"",""no_price_dollars"":""0.5300"",""taker_side"":""no"",""ticker"":""KXBTC15M-26APR280930-30"",""trade_id"":""ea477d4a-221a-4e02-1659-85e59bf37c51"",""yes_price_dollars"":""0.4700""}"
KXBTC15M-26APR280930-30,e3b46f83-6cd3-4e73-38d2-d701c35742d1,1777382124,0.48,30.0,no,"{""count_fp"":""30.00"",""created_time"":""2026-04-28T13:15:24.287762Z"",""no_price_dollars"":""0.5200"",""taker_side"":""no"",""ticker"":""KXBTC15M-26APR280930-30"",""trade_id"":""e3b46f83-6cd3-4e73-38d2-d701c35742d1"",""yes_price_dollars"":""0.4800""}"
KXBTC15M-26APR280930-30,9fc811e7-a391-4c92-0bb5-15ff25e887df,1777382124,0.48,20.0,no,"{""count_fp"":""20.00"",""created_time"":""2026-04-28T13:15:24.287762Z"",""no_price_dollars"":""0.5200"",""taker_side"":""no"",""ticker"":""KXBTC15M-26APR280930-30"",""trade_id"":""9fc811e7-a391-4c92-0bb5-15ff25e887df"",""yes_price_dollars"":""0.4800""}"
KXBTC15M-26APR280930-30,9945ed53-d0ea-467e-3bdb-507141a62b64,1777382124,0.47,25.0,no,"{""count_fp"":""25.00"",""created_time"":""2026-04-28T13:15:24.287762Z"",""no_price_dollars"":""0.5300"",""taker_side"":""no"",""ticker"":""KXBTC15M-26APR280930-30"",""trade_id"":""9945ed53-d0ea-467e-3bdb-507141a62b64"",""yes_price_dollars"":""0.4700""}"
KXBTC15M-26APR280930-30,7f689a1c-1fab-4cab-0355-12dc023ab538,1777382124,0.49,4.0,no,"{""count_fp"":""4.00"",""created_time"":""2026-04-28T13:15:24.287762Z"",""no_price_dollars"":""0.5100"",""taker_side"":""no"",""ticker"":""KXBTC15M-26APR280930-30"",""trade_id"":""7f689a1c-1fab-4cab-0355-12dc023ab538"",""yes_price_dollars"":""0.4900""}"
KXBTC15M-26APR280930-30,6accd030-6cd0-412a-1572-42d1c0b7ccf8,1777382124,0.48,40.0,no,"{""count_fp"":""40.00"",""created_time"":""2026-04-28T13:15:24.287762Z"",""no_price_dollars"":""0.5200"",""taker_side"":""no"",""ticker"":""KXBTC15M-26APR280930-30"",""trade_id"":""6accd030-6cd0-412a-1572-42d1c0b7ccf8"",""yes_price_dollars"":""0.4800""}"
KXBTC15M-26APR280930-30,2b839df1-06be-439f-13f9-a88628b13056,1777382124,0.47,30.0,no,"{""count_fp"":""30.00"",""created_time"":""2026-04-28T13:15:24.287762Z"",""no_price_dollars"":""0.5300"",""taker_side"":""no"",""ticker"":""KXBTC15M-26APR280930-30"",""trade_id"":""2b839df1-06be-439f-13f9-a88628b13056"",""yes_price_dollars"":""0.4700""}"
KXBTC15M-26APR280930-30,18d59da4-2c41-405c-0215-815ccc1c4d1e,1777382124,0.47,13.41,no,"{""count_fp"":""13.41"",""created_time"":""2026-04-28T13:15:24.287762Z"",""no_price_dollars"":""0.5300"",""taker_side"":""no"",""ticker"":""KXBTC15M-26APR280930-30"",""trade_id"":""18d59da4-2c41-405c-0215-815ccc1c4d1e"",""yes_price_dollars"":""0.4700""}"
KXBTC15M-26APR280930-30,15794508-8135-55d6-1220-6948d8bc0013,1777382125,0.47,9.66,yes,"{""count_fp"":""9.66"",""created_time"":""2026-04-28T13:15:25.483199Z"",""no_price_dollars"":""0.5300"",""taker_side"":""yes"",""ticker"":""KXBTC15M-26APR280930-30"",""trade_id"":""15794508-8135-55d6-1220-6948d8bc0013"",""yes_price_dollars"":""0.4700""}"
KXBTC15M-26APR280930-30,9b60d671-42e6-4cba-450d-b1aa924295ee,1777382125,0.46,4.32,no,"{""count_fp"":""4.32"",""created_time"":""2026-04-28T13:15:25.004981Z"",""no_price_dollars"":""0.5400"",""taker_side"":""no"",""ticker"":""KXBTC15M-26APR280930-30"",""trade_id"":""9b60d671-42e6-4cba-450d-b1aa924295ee"",""yes_price_dollars"":""0.4600""}"
KXBTC15M-26APR280930-30,3483a4a7-1ba2-4e6a-60b3-69cbeed71d89,1777382125,0.46,1.0,no,"{""count_fp"":""1.00"",""created_time"":""2026-04-28T13:15:25.004981Z"",""no_price_dollars"":""0.5400"",""taker_side"":""no"",""ticker"":""KXBTC15M-26APR280930-30"",""trade_id"":""3483a4a7-1ba2-4e6a-60b3-69cbeed71d89"",""yes_price_dollars"":""0.4600""}"
KXBTC15M-26APR280930-30,2b805774-e450-420e-5d48-cd13498a1b70,1777382125,0.46,15.07,no,"{""count_fp"":""15.07"",""created_time"":""2026-04-28T13:15:25.004981Z"",""no_price_dollars"":""0.5400"",""taker_side"":""no"",""ticker"":""KXBTC15M-26APR280930-30"",""trade_id"":""2b805774-e450-420e-5d48-cd13498a1b70"",""yes_price_dollars"":""0.4600""}"
KXBTC15M-26APR280930-30,372e7f4d-2684-49b8-621f-0468e18f7eb5,1777382126,0.47,10.0,yes,"{""count_fp"":""10.00"",""created_time"":""2026-04-28T13:15:26.582724Z"",""no_price_dollars"":""0.5300"",""taker_side"":""yes"",""ticker"":""KXBTC15M-26APR280930-30"",""trade_id"":""372e7f4d-2684-49b8-621f-0468e18f7eb5"",""yes_price_dollars"":""0.4700""}"
KXBTC15M-26APR280930-30,00021976-037f-4478-48f3-2355cd99c193,1777382126,0.47,20.0,yes,"{""count_fp"":""20.00"",""created_time"":""2026-04-28T13:15:26.582724Z"",""no_price_dollars"":""0.5300"",""taker_side"":""yes"",""ticker"":""KXBTC15M-26APR280930-30"",""trade_id"":""00021976-037f-4478-48f3-2355cd99c193"",""yes_price_dollars"":""0.4700""}"
KXBTC15M-26APR280930-30,bf38e7cf-3bc8-6e86-1448-fd32b704194c,1777382126,0.46,4.93,no,"{""count_fp"":""4.93"",""created_time"":""2026-04-28T13:15:26.114535Z"",""no_price_dollars"":""0.5400"",""taker_side"":""no"",""ticker"":""KXBTC15M-26APR280930-30"",""trade_id"":""bf38e7cf-3bc8-6e86-1448-fd32b704194c"",""yes_price_dollars"":""0.4600""}"
KXBTC15M-26APR280930-30,32e939e7-e0c5-6ca2-1126-7d3403dc9bd3,1777382126,0.46,12.75,no,"{""count_fp"":""12.75"",""created_time"":""2026-04-28T13:15:26.114535Z"",""no_price_dollars"":""0.5400"",""taker_side"":""no"",""ticker"":""KXBTC15M-26APR280930-30"",""trade_id"":""32e939e7-e0c5-6ca2-1126-7d3403dc9bd3"",""yes_price_dollars"":""0.4600""}"
KXBTC15M-26APR280930-30,ac1ddd6e-dc55-71fa-48c5-2624e6ccf403,1777382126,0.47,8.37,yes,"{""count_fp"":""8.37"",""created_time"":""2026-04-28T13:15:26.094914Z"",""no_price_dollars"":""0.5300"",""taker_side"":""yes"",""ticker"":""KXBTC15M-26APR280930-30"",""trade_id"":""ac1ddd6e-dc55-71fa-48c5-2624e6ccf403"",""yes_price_dollars"":""0.4700""}"
KXBTC15M-26APR280930-30,28d2e133-5032-68d3-9b7c-383bb583af89,1777382127,0.47,1.0,yes,"{""count_fp"":""1.00"",""created_time"":""2026-04-28T13:15:27.146871Z"",""no_price_dollars"":""0.5300"",""taker_side"":""yes"",""ticker"":""KXBTC15M-26APR280930-30"",""trade_id"":""28d2e133-5032-68d3-9b7c-383bb583af89"",""yes_price_dollars"":""0.4700""}"
KXBTC15M-26APR280930-30,ad364a8c-eb93-78a5-afdb-c4f198046408,1777382128,0.48,4.01,yes,"{""count_fp"":""4.01"",""created_time"":""2026-04-28T13:15:28.468409Z"",""no_price_dollars"":""0.5200"",""taker_side"":""yes"",""ticker"":""KXBTC15M-26APR280930-30"",""trade_id"":""ad364a8c-eb93-78a5-afdb-c4f198046408"",""yes_price_dollars"":""0.4800""}"
KXBTC15M-26APR280930-30,34d88e59-fb92-7230-5e3d-e178af0308a5,1777382129,0.47,9.13,no,"{""count_fp"":""9.13"",""created_time"":""2026-04-28T13:15:29.785167Z"",""no_price_dollars"":""0.5300"",""taker_side"":""no"",""ticker"":""KXBTC15M-26APR280930-30"",""trade_id"":""34d88e59-fb92-7230-5e3d-e178af0308a5"",""yes_price_dollars"":""0.4700""}"
KXBTC15M-26APR280930-30,3af1a350-cfc4-4b08-c27f-5f181efa0511,1777382129,0.48,2.0,yes,"{""count_fp"":""2.00"",""created_time"":""2026-04-28T13:15:29.588281Z"",""no_price_dollars"":""0.5200"",""taker_side"":""yes"",""ticker"":""KXBTC15M-26APR280930-30"",""trade_id"":""3af1a350-cfc4-4b08-c27f-5f181efa0511"",""yes_price_dollars"":""0.4800""}"
KXBTC15M-26APR280930-30,d32d5598-20ff-4a25-ac1a-52ddc06a2045,1777382129,0.47,1.82,no,"{""count_fp"":""1.82"",""created_time"":""2026-04-28T13:15:29.321827Z"",""no_price_dollars"":""0.5300"",""taker_side"":""no"",""ticker"":""KXBTC15M-26APR280930-30"",""trade_id"":""d32d5598-20ff-4a25-ac1a-52ddc06a2045"",""yes_price_dollars"":""0.4700""}"
KXBTC15M-26APR280930-30,f3a898c3-56e7-4739-1ef6-b49273cf0738,1777382129,0.48,40.99,yes,"{""count_fp"":""40.99"",""created_time"":""2026-04-28T13:15:29.274632Z"",""no_price_dollars"":""0.5200"",""taker_side"":""yes"",""ticker"":""KXBTC15M-26APR280930-30"",""trade_id"":""f3a898c3-56e7-4739-1ef6-b49273cf0738"",""yes_price_dollars"":""0.4800""}"
KXBTC15M-26APR280930-30,4f045a22-7a20-4702-0442-2e7aff0dd32a,1777382129,0.48,20.0,yes,"{""count_fp"":""20.00"",""created_time"":""2026-04-28T13:15:29.274632Z"",""no_price_dollars"":""0.5200"",""taker_side"":""yes"",""ticker"":""KXBTC15M-26APR280930-30"",""trade_id"":""4f045a22-7a20-4702-0442-2e7aff0dd32a"",""yes_price_dollars"":""0.4800""}"
KXBTC15M-26APR280930-30,0e35304a-9574-4504-07c6-55d37ee5aced,1777382129,0.48,7.93,yes,"{""count_fp"":""7.93"",""created_time"":""2026-04-28T13:15:29.274632Z"",""no_price_dollars"":""0.5200"",""taker_side"":""yes"",""ticker"":""KXBTC15M-26APR280930-30"",""trade_id"":""0e35304a-9574-4504-07c6-55d37ee5aced"",""yes_price_dollars"":""0.4800""}"
KXBTC15M-26APR280930-30,5a309d06-68a8-7b2c-cc44-a6244d638eb1,1777382130,0.46,1.0,yes,"{""count_fp"":""1.00"",""created_time"":""2026-04-28T13:15:30.676354Z"",""no_price_dollars"":""0.5400"",""taker_side"":""yes"",""ticker"":""KXBTC15M-26APR280930-30"",""trade_id"":""5a309d06-68a8-7b2c-cc44-a6244d638eb1"",""yes_price_dollars"":""0.4600""}"
KXBTC15M-26APR280930-30,26e648a9-92f8-6334-c2e5-b3b0aeb03cd1,1777382130,0.46,50.45,yes,"{""count_fp"":""50.45"",""created_time"":""2026-04-28T13:15:30.600475Z"",""no_price_dollars"":""0.5400"",""taker_side"":""yes"",""ticker"":""KXBTC15M-26APR280930-30"",""trade_id"":""26e648a9-92f8-6334-c2e5-b3b0aeb03cd1"",""yes_price_dollars"":""0.4600""}"
KXBTC15M-26APR280930-30,22b4cd24-6d91-628c-ca41-9e2dfea9d653,1777382130,0.46,40.0,yes,"{""count_fp"":""40.00"",""created_time"":""2026-04-28T13:15:30.600475Z"",""no_price_dollars"":""0.5400"",""taker_side"":""yes"",""ticker"":""KXBTC15M-26APR280930-30"",""trade_id"":""22b4cd24-6d91-628c-ca41-9e2dfea9d653"",""yes_price_dollars"":""0.4600""}"
KXBTC15M-26APR280930-30,9285771f-7385-55fd-a9dc-f4c3e1b2a979,1777382130,0.46,3.0,no,"{""count_fp"":""3.00"",""created_time"":""2026-04-28T13:15:30.530561Z"",""no_price_dollars"":""0.5400"",""taker_side"":""no"",""ticker"":""KXBTC15M-26APR280930-30"",""trade_id"":""9285771f-7385-55fd-a9dc-f4c3e1b2a979"",""yes_price_dollars"":""0.4600""}"
KXBTC15M-26APR280930-30,18cec86f-ba99-5a96-a5bd-9387dbf588f7,1777382130,0.46,15.17,no,"{""count_fp"":""15.17"",""created_time"":""2026-04-28T13:15:30.530561Z"",""no_price_dollars"":""0.5400"",""taker_side"":""no"",""ticker"":""KXBTC15M-26APR280930-30"",""trade_id"":""18cec86f-ba99-5a96-a5bd-9387dbf588f7"",""yes_price_dollars"":""0.4600""}"
KXBTC15M-26APR280930-30,54d36ec2-08bc-427b-3142-00ce26bead7f,1777382130,0.47,2.01,yes,"{""count_fp"":""2.01"",""created_time"":""2026-04-28T13:15:30.484864Z"",""no_price_dollars"":""0.5300"",""taker_side"":""yes"",""ticker"":""KXBTC15M-26APR280930-30"",""trade_id"":""54d36ec2-08bc-427b-3142-00ce26bead7f"",""yes_price_dollars"":""0.4700""}"
KXBTC15M-26APR280930-30,bdd70bea-d62c-5d4b-c516-5ddeb3a8c077,1777382130,0.47,1.0,yes,"{""count_fp"":""1.00"",""created_time"":""2026-04-28T13:15:30.470578Z"",""no_price_dollars"":""0.5300"",""taker_side"":""yes"",""ticker"":""KXBTC15M-26APR280930-30"",""trade_id"":""bdd70bea-d62c-5d4b-c516-5ddeb3a8c077"",""yes_price_dollars"":""0.4700""}"
KXBTC15M-26APR280930-30,5f983dda-b415-536e-e0cf-9259fd45f213,1777382130,0.46,20.73,no,"{""count_fp"":""20.73"",""created_time"":""2026-04-28T13:15:30.416533Z"",""no_price_dollars"":""0.5400"",""taker_side"":""no"",""ticker"":""KXBTC15M-26APR280930-30"",""trade_id"":""5f983dda-b415-536e-e0cf-9259fd45f213"",""yes_price_dollars"":""0.4600""}"
KXBTC15M-26APR280930-30,b481f35c-5f2b-5208-f015-69c854e28a81,1777382130,0.47,10.0,no,"{""count_fp"":""10.00"",""created_time"":""2026-04-28T13:15:30.403351Z"",""no_price_dollars"":""0.5300"",""taker_side"":""no"",""ticker"":""KXBTC15M-26APR280930-30"",""trade_id"":""b481f35c-5f2b-5208-f015-69c854e28a81"",""yes_price_dollars"":""0.4700""}"
KXBTC15M-26APR280930-30,06111993-66a5-5362-cedd-5a6ccb3de343,1777382130,0.46,12.09,no,"{""count_fp"":""12.09"",""created_time"":""2026-04-28T13:15:30.403351Z"",""no_price_dollars"":""0.5400"",""taker_side"":""no"",""ticker"":""KXBTC15M-26APR280930-30"",""trade_id"":""06111993-66a5-5362-cedd-5a6ccb3de343"",""yes_price_dollars"":""0.4600""}"
KXBTC15M-26APR280930-30,62450231-cc40-4e28-109c-c58837065799,1777382130,0.48,9.92,yes,"{""count_fp"":""9.92"",""created_time"":""2026-04-28T13:15:30.021197Z"",""no_price_dollars"":""0.5200"",""taker_side"":""yes"",""ticker"":""KXBTC15M-26APR280930-30"",""trade_id"":""62450231-cc40-4e28-109c-c58837065799"",""yes_price_dollars"":""0.4800""}"
KXBTC15M-26APR280930-30,653f8945-61bc-7f40-6cd8-53f042419715,1777382131,0.46,3.0,yes,"{""count_fp"":""3.00"",""created_time"":""2026-04-28T13:15:31.943979Z"",""no_price_dollars"":""0.5400"",""taker_side"":""yes"",""ticker"":""KXBTC15M-26APR280930-30"",""trade_id"":""653f8945-61bc-7f40-6cd8-53f042419715"",""yes_price_dollars"":""0.4600""}"
KXBTC15M-26APR280930-30,a1103aa0-34a9-6f8f-0931-b2c62e142eb6,1777382131,0.45,2.0,no,"{""count_fp"":""2.00"",""created_time"":""2026-04-28T13:15:31.793951Z"",""no_price_dollars"":""0.5500"",""taker_side"":""no"",""ticker"":""KXBTC15M-26APR280930-30"",""trade_id"":""a1103aa0-34a9-6f8f-0931-b2c62e142eb6"",""yes_price_dollars"":""0.4500""}"
KXBTC15M-26APR280930-30,09c63bb8-4eb5-4743-1f27-78a8f8cba9ba,1777382131,0.45,27.18,no,"{""count_fp"":""27.18"",""created_time"":""2026-04-28T13:15:31.379075Z"",""no_price_dollars"":""0.5500"",""taker_side"":""no"",""ticker"":""KXBTC15M-26APR280930-30"",""trade_id"":""09c63bb8-4eb5-4743-1f27-78a8f8cba9ba"",""yes_price_dollars"":""0.4500""}"
KXBTC15M-26APR280930-30,fef51dfa-c191-6ecb-e115-3cc04d008e52,1777382131,0.45,18.78,no,"{""count_fp"":""18.78"",""created_time"":""2026-04-28T13:15:31.365351Z"",""no_price_dollars"":""0.5500"",""taker_side"":""no"",""ticker"":""KXBTC15M-26APR280930-30"",""trade_id"":""fef51dfa-c191-6ecb-e115-3cc04d008e52"",""yes_price_dollars"":""0.4500""}"
KXBTC15M-26APR280930-30,9e154970-fe12-62fc-ec96-895e7557ae15,1777382131,0.45,1.0,no,"{""count_fp"":""1.00"",""created_time"":""2026-04-28T13:15:31.365351Z"",""no_price_dollars"":""0.5500"",""taker_side"":""no"",""ticker"":""KXBTC15M-26APR280930-30"",""trade_id"":""9e154970-fe12-62fc-ec96-895e7557ae15"",""yes_price_dollars"":""0.4500""}"
KXBTC15M-26APR280930-30,0edd58b3-da59-61ed-e131-bf602011f6ee,1777382131,0.45,1.0,no,"{""count_fp"":""1.00"",""created_time"":""2026-04-28T13:15:31.365351Z"",""no_price_dollars"":""0.5500"",""taker_side"":""no"",""ticker"":""KXBTC15M-26APR280930-30"",""trade_id"":""0edd58b3-da59-61ed-e131-bf602011f6ee"",""yes_price_dollars"":""0.4500""}"
KXBTC15M-26APR280930-30,5facb135-afc5-6bfb-4769-a13a95370582,1777382132,0.45,17.0,no,"{""count_fp"":""17.00"",""created_time"":""2026-04-28T13:15:32.903092Z"",""no_price_dollars"":""0.5500"",""taker_side"":""no"",""ticker"":""KXBTC15M-26APR280930-30"",""trade_id"":""5facb135-afc5-6bfb-4769-a13a95370582"",""yes_price_dollars"":""0.4500""}"
KXBTC15M-26APR280930-30,313cf4c4-2f28-572c-eae3-5563a6d533f9,1777382132,0.46,2.08,yes,"{""count_fp"":""2.08"",""created_time"":""2026-04-28T13:15:32.370911Z"",""no_price_dollars"":""0.5400"",""taker_side"":""yes"",""ticker"":""KXBTC15M-26APR280930-30"",""trade_id"":""313cf4c4-2f28-572c-eae3-5563a6d533f9"",""yes_price_dollars"":""0.4600""}"
KXBTC15M-26APR280930-30,fdc6be2f-f277-4788-8723-e7dc9bfa31f3,1777382133,0.46,15.94,yes,"{""count_fp"":""15.94"",""created_time"":""2026-04-28T13:15:33.447659Z"",""no_price_dollars"":""0.5400"",""taker_side"":""yes"",""ticker"":""KXBTC15M-26APR280930-30"",""trade_id"":""fdc6be2f-f277-4788-8723-e7dc9bfa31f3"",""yes_price_dollars"":""0.4600""}"
KXBTC15M-26APR280930-30,5f4fc587-64c9-4d91-acb4-90410b273bfe,1777382133,0.46,5.0,yes,"{""count_fp"":""5.00"",""created_time"":""2026-04-28T13:15:33.447659Z"",""no_price_dollars"":""0.5400"",""taker_side"":""yes"",""ticker"":""KXBTC15M-26APR280930-30"",""trade_id"":""5f4fc587-64c9-4d91-acb4-90410b273bfe"",""yes_price_dollars"":""0.4600""}"
KXBTC15M-26APR280930-30,e4f2b5a5-ba11-60a3-2ae9-dd0d37fc87b2,1777382133,0.45,10.0,no,"{""count_fp"":""10.00"",""created_time"":""2026-04-28T13:15:33.147582Z"",""no_price_dollars"":""0.5500"",""taker_side"":""no"",""ticker"":""KXBTC15M-26APR280930-30"",""trade_id"":""e4f2b5a5-ba11-60a3-2ae9-dd0d37fc87b2"",""yes_price_dollars"":""0.4500""}"
KXBTC15M-26APR280930-30,d7e3f9d4-e760-44e8-35f2-b0cb59297b4d,1777382133,0.46,2.0,yes,"{""count_fp"":""2.00"",""created_time"":""2026-04-28T13:15:33.135289Z"",""no_price_dollars"":""0.5400"",""taker_side"":""yes"",""ticker"":""KXBTC15M-26APR280930-30"",""trade_id"":""d7e3f9d4-e760-44e8-35f2-b0cb59297b4d"",""yes_price_dollars"":""0.4600""}"
KXBTC15M-26APR280930-30,97ecfbf1-180c-42e4-231d-847bd610c265,1777382133,0.46,368.67,yes,"{""count_fp"":""368.67"",""created_time"":""2026-04-28T13:15:33.132377Z"",""no_price_dollars"":""0.5400"",""taker_side"":""yes"",""ticker"":""KXBTC15M-26APR280930-30"",""trade_id"":""97ecfbf1-180c-42e4-231d-847bd610c265"",""yes_price_dollars"":""0.4600""}"
KXBTC15M-26APR280930-30,89b75a43-3d79-7633-94ca-e2b6bbfbb212,1777382133,0.45,10.0,no,"{""count_fp"":""10.00"",""created_time"":""2026-04-28T13:15:33.127317Z"",""no_price_dollars"":""0.5500"",""taker_side"":""no"",""ticker"":""KXBTC15M-26APR280930-30"",""trade_id"":""89b75a43-3d79-7633-94ca-e2b6bbfbb212"",""yes_price_dollars"":""0.4500""}"
KXBTC15M-26APR280930-30,54e547e1-9764-4cb4-97b5-58283e5fcca1,1777382133,0.46,4.18,yes,"{""count_fp"":""4.18"",""created_time"":""2026-04-28T13:15:33.117746Z"",""no_price_dollars"":""0.5400"",""taker_side"":""yes"",""ticker"":""KXBTC15M-26APR280930-30"",""trade_id"":""54e547e1-9764-4cb4-97b5-58283e5fcca1"",""yes_price_dollars"":""0.4600""}"
KXBTC15M-26APR280930-30,209938cc-e3b0-6b2c-3ad2-81bae1598605,1777382133,0.46,2.0,yes,"{""count_fp"":""2.00"",""created_time"":""2026-04-28T13:15:33.076757Z"",""no_price_dollars"":""0.5400"",""taker_side"":""yes"",""ticker"":""KXBTC15M-26APR280930-30"",""trade_id"":""209938cc-e3b0-6b2c-3ad2-81bae1598605"",""yes_price_dollars"":""0.4600""}"
KXBTC15M-26APR280930-30,5f0d9e0c-4d54-7159-26ef-edd5a083247b,1777382134,0.46,10.47,yes,"{""count_fp"":""10.47"",""created_time"":""2026-04-28T13:15:34.313431Z"",""no_price_dollars"":""0.5400"",""taker_side"":""yes"",""ticker"":""KXBTC15M-26APR280930-30"",""trade_id"":""5f0d9e0c-4d54-7159-26ef-edd5a083247b"",""yes_price_dollars"":""0.4600""}"
KXBTC15M-26APR280930-30,cbbfd424-9900-5049-f620-5917c8908c8f,1777382134,0.46,20.94,yes,"{""count_fp"":""20.94"",""created_time"":""2026-04-28T13:15:34.207868Z"",""no_price_dollars"":""0.5400"",""taker_side"":""yes"",""ticker"":""KXBTC15M-26APR280930-30"",""trade_id"":""cbbfd424-9900-5049-f620-5917c8908c8f"",""yes_price_dollars"":""0.4600""}"
KXBTC15M-26APR280930-30,413b577d-f70c-5521-204c-10f1d6d627db,1777382134,0.46,2.09,yes,"{""count_fp"":""2.09"",""created_time"":""2026-04-28T13:15:34.177562Z"",""no_price_dollars"":""0.5400"",""taker_side"":""yes"",""ticker"":""KXBTC15M-26APR280930-30"",""trade_id"":""413b577d-f70c-5521-204c-10f1d6d627db"",""yes_price_dollars"":""0.4600""}"
KXBTC15M-26APR280930-30,647770b3-cc5b-788c-10f9-f8082b04b3bb,1777382134,0.46,24.06,yes,"{""count_fp"":""24.06"",""created_time"":""2026-04-28T13:15:34.151505Z"",""no_price_dollars"":""0.5400"",""taker_side"":""yes"",""ticker"":""KXBTC15M-26APR280930-30"",""trade_id"":""647770b3-cc5b-788c-10f9-f8082b04b3bb"",""yes_price_dollars"":""0.4600""}"
KXBTC15M-26APR280930-30,1bdc1639-4baa-78a6-270e-54d251754bd6,1777382134,0.46,14.0,yes,"{""count_fp"":""14.00"",""created_time"":""2026-04-28T13:15:34.151505Z"",""no_price_dollars"":""0.5400"",""taker_side"":""yes"",""ticker"":""KXBTC15M-26APR280930-30"",""trade_id"":""1bdc1639-4baa-78a6-270e-54d251754bd6"",""yes_price_dollars"":""0.4600""}"
KXBTC15M-26APR280930-30,10c8d8a5-b480-7a8d-2fee-e1dad7bf17e3,1777382134,0.46,1.94,yes,"{""count_fp"":""1.94"",""created_time"":""2026-04-28T13:15:34.151505Z"",""no_price_dollars"":""0.5400"",""taker_side"":""yes"",""ticker"":""KXBTC15M-26APR280930-30"",""trade_id"":""10c8d8a5-b480-7a8d-2fee-e1dad7bf17e3"",""yes_price_dollars"":""0.4600""}"
KXBTC15M-26APR280930-30,4fa3e71a-9a7d-570b-6bda-6783df4017b2,1777382134,0.45,41.86,no,"{""count_fp"":""41.86"",""created_time"":""2026-04-28T13:15:34.139436Z"",""no_price_dollars"":""0.5500"",""taker_side"":""no"",""ticker"":""KXBTC15M-26APR280930-30"",""trade_id"":""4fa3e71a-9a7d-570b-6bda-6783df4017b2"",""yes_price_dollars"":""0.4500""}"
KXBTC15M-26APR280930-30,ef71d02e-68e5-6f33-7ffc-e44f80a089a2,1777382134,0.45,41.86,no,"{""count_fp"":""41.86"",""created_time"":""2026-04-28T13:15:34.129407Z"",""no_price_dollars"":""0.5500"",""taker_side"":""no"",""ticker"":""KXBTC15M-26APR280930-30"",""trade_id"":""ef71d02e-68e5-6f33-7ffc-e44f80a089a2"",""yes_price_dollars"":""0.4500""}"
KXBTC15M-26APR280930-30,df7ca0cd-9ac9-66ef-b199-57cf10232bee,1777382134,0.45,40.14,no,"{""count_fp"":""40.14"",""created_time"":""2026-04-28T13:15:34.118993Z"",""no_price_dollars"":""0.5500"",""taker_side"":""no"",""ticker"":""KXBTC15M-26APR280930-30"",""trade_id"":""df7ca0cd-9ac9-66ef-b199-57cf10232bee"",""yes_price_dollars"":""0.4500""}"
KXBTC15M-26APR280930-30,58e70cae-6019-64fb-392a-bd16571d1432,1777382134,0.45,22.86,no,"{""count_fp"":""22.86"",""created_time"":""2026-04-28T13:15:34.111788Z"",""no_price_dollars"":""0.5500"",""taker_side"":""no"",""ticker"":""KXBTC15M-26APR280930-30"",""trade_id"":""58e70cae-6019-64fb-392a-bd16571d1432"",""yes_price_dollars"":""0.4500""}"
KXBTC15M-26APR280930-30,3062b70d-6eb9-4e23-cb0f-94254d3dba4a,1777382135,0.45,44.06,no,"{""count_fp"":""44.06"",""created_time"":""2026-04-28T13:15:35.767343Z"",""no_price_dollars"":""0.5500"",""taker_side"":""no"",""ticker"":""KXBTC15M-26APR280930-30"",""trade_id"":""3062b70d-6eb9-4e23-cb0f-94254d3dba4a"",""yes_price_dollars"":""0.4500""}"
KXBTC15M-26APR280930-30,66914394-376d-510f-ec9c-e526c2d3bbb2,1777382135,0.45,88.13,no,"{""count_fp"":""88.13"",""created_time"":""2026-04-28T13:15:35.621191Z"",""no_price_dollars"":""0.5500"",""taker_side"":""no"",""ticker"":""KXBTC15M-26APR280930-30"",""trade_id"":""66914394-376d-510f-ec9c-e526c2d3bbb2"",""yes_price_dollars"":""0.4500""}"
KXBTC15M-26APR280930-30,66ad4b3a-4298-515d-fadf-34f833fab3d3,1777382135,0.46,105.53,yes,"{""count_fp"":""105.53"",""created_time"":""2026-04-28T13:15:35.448429Z"",""no_price_dollars"":""0.5400"",""taker_side"":""yes"",""ticker"":""KXBTC15M-26APR280930-30"",""trade_id"":""66ad4b3a-4298-515d-fadf-34f833fab3d3"",""yes_price_dollars"":""0.4600""}"
KXBTC15M-26APR280930-30,40149feb-5e61-5d1f-6aa9-7655dd092bee,1777382136,0.45,8.31,no,"{""count_fp"":""8.31"",""created_time"":""2026-04-28T13:15:36.922133Z"",""no_price_dollars"":""0.5500"",""taker_side"":""no"",""ticker"":""KXBTC15M-26APR280930-30"",""trade_id"":""40149feb-5e61-5d1f-6aa9-7655dd092bee"",""yes_price_dollars"":""0.4500""}"
KXBTC15M-26APR280930-30,cc93c17a-6c61-67ef-93bf-384b3124e382,1777382136,0.45,200.0,no,"{""count_fp"":""200.00"",""created_time"":""2026-04-28T13:15:36.920847Z"",""no_price_dollars"":""0.5500"",""taker_side"":""no"",""ticker"":""KXBTC15M-26APR280930-30"",""trade_id"":""cc93c17a-6c61-67ef-93bf-384b3124e382"",""yes_price_dollars"":""0.4500""}"
KXBTC15M-26APR280930-30,6689e1db-6151-7337-597a-cc60218c8f42,1777382136,0.45,50.13,no,"{""count_fp"":""50.13"",""created_time"":""2026-04-28T13:15:36.920148Z"",""no_price_dollars"":""0.5500"",""taker_side"":""no"",""ticker"":""KXBTC15M-26APR280930-30"",""trade_id"":""6689e1db-6151-7337-597a-cc60218c8f42"",""yes_price_dollars"":""0.4500""}"
KXBTC15M-26APR280930-30,e1d1228c-ed35-7377-bc60-4cf722a88076,1777382136,0.45,22.89,no,"{""count_fp"":""22.89"",""created_time"":""2026-04-28T13:15:36.918927Z"",""no_price_dollars"":""0.5500"",""taker_side"":""no"",""ticker"":""KXBTC15M-26APR280930-30"",""trade_id"":""e1d1228c-ed35-7377-bc60-4cf722a88076"",""yes_price_dollars"":""0.4500""}"
KXBTC15M-26APR280930-30,528a621e-0410-6875-f6f6-fd70fb231007,1777382136,0.46,10.47,yes,"{""count_fp"":""10.47"",""created_time"":""2026-04-28T13:15:36.648484Z"",""no_price_dollars"":""0.5400"",""taker_side"":""yes"",""ticker"":""KXBTC15M-26APR280930-30"",""trade_id"":""528a621e-0410-6875-f6f6-fd70fb231007"",""yes_price_dollars"":""0.4600""}"
KXBTC15M-26APR280930-30,b724c389-8e7d-43df-6b83-acc2c90d6cfe,1777382136,0.45,15.86,no,"{""count_fp"":""15.86"",""created_time"":""2026-04-28T13:15:36.629936Z"",""no_price_dollars"":""0.5500"",""taker_side"":""no"",""ticker"":""KXBTC15M-26APR280930-30"",""trade_id"":""b724c389-8e7d-43df-6b83-acc2c90d6cfe"",""yes_price_dollars"":""0.4500""}"
KXBTC15M-26APR280930-30,ef71b0c2-a7a0-75c1-789b-c16f94ff1aff,1777382136,0.46,0.2,yes,"{""count_fp"":""0.20"",""created_time"":""2026-04-28T13:15:36.443865Z"",""no_price_dollars"":""0.5400"",""taker_side"":""yes"",""ticker"":""KXBTC15M-26APR280930-30"",""trade_id"":""ef71b0c2-a7a0-75c1-789b-c16f94ff1aff"",""yes_price_dollars"":""0.4600""}"
KXBTC15M-26APR280930-30,39ef9a5d-08b5-44f7-cc8a-c60307bc61a6,1777382136,0.45,4.0,no,"{""count_fp"":""4.00"",""created_time"":""2026-04-28T13:15:36.128617Z"",""no_price_dollars"":""0.5500"",""taker_side"":""no"",""ticker"":""KXBTC15M-26APR280930-30"",""trade_id"":""39ef9a5d-08b5-44f7-cc8a-c60307bc61a6"",""yes_price_dollars"":""0.4500""}"
KXBTC15M-26APR280930-30,672780b9-1fc0-4535-b5cb-5fdc2509aeab,1777382136,0.46,5.0,yes,"{""count_fp"":""5.00"",""created_time"":""2026-04-28T13:15:36.040536Z"",""no_price_dollars"":""0.5400"",""taker_side"":""yes"",""ticker"":""KXBTC15M-26APR280930-30"",""trade_id"":""672780b9-1fc0-4535-b5cb-5fdc2509aeab"",""yes_price_dollars"":""0.4600""}"
KXBTC15M-26APR280930-30,935ca981-8ac4-413d-05e0-36ec45d6bd43,1777382136,0.46,9.13,yes,"{""count_fp"":""9.13"",""created_time"":""2026-04-28T13:15:36.032144Z"",""no_price_dollars"":""0.5400"",""taker_side"":""yes"",""ticker"":""KXBTC15M-26APR280930-30"",""trade_id"":""935ca981-8ac4-413d-05e0-36ec45d6bd43"",""yes_price_dollars"":""0.4600""}"
KXBTC15M-26APR280930-30,39e16d33-7140-6299-c66c-85f986131923,1777382137,0.46,16.0,yes,"{""count_fp"":""16.00"",""created_time"":""2026-04-28T13:15:37.943987Z"",""no_price_dollars"":""0.5400"",""taker_side"":""yes"",""ticker"":""KXBTC15M-26APR280930-30"",""trade_id"":""39e16d33-7140-6299-c66c-85f986131923"",""yes_price_dollars"":""0.4600""}"
KXBTC15M-26APR280930-30,ef8e86ee-a615-7d4f-9e2b-6e61bca3c78a,1777382137,0.45,35.25,no,"{""count_fp"":""35.25"",""created_time"":""2026-04-28T13:15:37.891228Z"",""no_price_dollars"":""0.5500"",""taker_side"":""no"",""ticker"":""KXBTC15M-26APR280930-30"",""trade_id"":""ef8e86ee-a615-7d4f-9e2b-6e61bca3c78a"",""yes_price_dollars"":""0.4500""}"
KXBTC15M-26APR280930-30,4b039216-a861-4d7b-7b07-2fab99e1bb66,1777382137,0.45,50.0,no,"{""count_fp"":""50.00"",""created_time"":""2026-04-28T13:15:37.805448Z"",""no_price_dollars"":""0.5500"",""taker_side"":""no"",""ticker"":""KXBTC15M-26APR280930-30"",""trade_id"":""4b039216-a861-4d7b-7b07-2fab99e1bb66"",""yes_price_dollars"":""0.4500""}"
KXBTC15M-26APR280930-30,2cfe4ba1-3d24-6c79-a063-11ab4f95dcd3,1777382137,0.46,10.47,yes,"{""count_fp"":""10.47"",""created_time"":""2026-04-28T13:15:37.559478Z"",""no_price_dollars"":""0.5400"",""taker_side"":""yes"",""ticker"":""KXBTC15M-26APR280930-30"",""trade_id"":""2cfe4ba1-3d24-6c79-a063-11ab4f95dcd3"",""yes_price_dollars"":""0.4600""}"
KXBTC15M-26APR280930-30,7c1dcb52-a9d8-4439-b4f5-a1140dbecc2f,1777382137,0.46,125.68,yes,"{""count_fp"":""125.68"",""created_time"":""2026-04-28T13:15:37.497624Z"",""no_price_dollars"":""0.5400"",""taker_side"":""yes"",""ticker"":""KXBTC15M-26APR280930-30"",""trade_id"":""7c1dcb52-a9d8-4439-b4f5-a1140dbecc2f"",""yes_price_dollars"":""0.4600""}"
KXBTC15M-26APR280930-30,e16d9bf8-4ce1-6253-a260-f66d2156bc56,1777382137,0.45,1.06,no,"{""count_fp"":""1.06"",""created_time"":""2026-04-28T13:15:37.178163Z"",""no_price_dollars"":""0.5500"",""taker_side"":""no"",""ticker"":""KXBTC15M-26APR280930-30"",""trade_id"":""e16d9bf8-4ce1-6253-a260-f66d2156bc56"",""yes_price_dollars"":""0.4500""}"
KXBTC15M-26APR280930-30,4c4844db-6d39-7f5b-c744-188e9beb48f2,1777382137,0.45,30.0,no,"{""count_fp"":""30.00"",""created_time"":""2026-04-28T13:15:37.171319Z"",""no_price_dollars"":""0.5500"",""taker_side"":""no"",""ticker"":""KXBTC15M-26APR280930-30"",""trade_id"":""4c4844db-6d39-7f5b-c744-188e9beb48f2"",""yes_price_dollars"":""0.4500""}"
KXBTC15M-26APR280930-30,91978a91-47e1-777b-0ffc-9bdd709f654a,1777382137,0.45,8.94,no,"{""count_fp"":""8.94"",""created_time"":""2026-04-28T13:15:37.036979Z"",""no_price_dollars"":""0.5500"",""taker_side"":""no"",""ticker"":""KXBTC15M-26APR280930-30"",""trade_id"":""91978a91-47e1-777b-0ffc-9bdd709f654a"",""yes_price_dollars"":""0.4500""}"
KXBTC15M-26APR280930-30,6f6658a7-3430-5755-f565-184c97c7cd57,1777382137,0.46,5.0,yes,"{""count_fp"":""5.00"",""created_time"":""2026-04-28T13:15:37.006085Z"",""no_price_dollars"":""0.5400"",""taker_side"":""yes"",""ticker"":""KXBTC15M-26APR280930-30"",""trade_id"":""6f6658a7-3430-5755-f565-184c97c7cd57"",""yes_price_dollars"":""0.4600""}"
KXBTC15M-26APR280930-30,f4f98a28-73f1-4403-c2c8-043b5d247dbb,1777382138,0.44,40.0,yes,"{""count_fp"":""40.00"",""created_time"":""2026-04-28T13:15:38.980667Z"",""no_price_dollars"":""0.5600"",""taker_side"":""yes"",""ticker"":""KXBTC15M-26APR280930-30"",""trade_id"":""f4f98a28-73f1-4403-c2c8-043b5d247dbb"",""yes_price_dollars"":""0.4400""}"
KXBTC15M-26APR280930-30,832bf5dd-c68c-4729-d5b2-14af197f8d6f,1777382138,0.44,64.73,yes,"{""count_fp"":""64.73"",""created_time"":""2026-04-28T13:15:38.980667Z"",""no_price_dollars"":""0.5600"",""taker_side"":""yes"",""ticker"":""KXBTC15M-26APR280930-30"",""trade_id"":""832bf5dd-c68c-4729-d5b2-14af197f8d6f"",""yes_price_dollars"":""0.4400""}"
KXBTC15M-26APR280930-30,92a7acca-9ef6-46d3-14ee-b36b10e485cd,1777382138,0.43,0.37,no,"{""count_fp"":""0.37"",""created_time"":""2026-04-28T13:15:38.684728Z"",""no_price_dollars"":""0.5700"",""taker_side"":""no"",""ticker"":""KXBTC15M-26APR280930-30"",""trade_id"":""92a7acca-9ef6-46d3-14ee-b36b10e485cd"",""yes_price_dollars"":""0.4300""}"
KXBTC15M-26APR280930-30,803d73de-5a44-4ebf-2566-8a77382af94e,1777382138,0.43,0.45,no,"{""count_fp"":""0.45"",""created_time"":""2026-04-28T13:15:38.684728Z"",""no_price_dollars"":""0.5700"",""taker_side"":""no"",""ticker"":""KXBTC15M-26APR280930-30"",""trade_id"":""803d73de-5a44-4ebf-2566-8a77382af94e"",""yes_price_dollars"":""0.4300""}"
KXBTC15M-26APR280930-30,58719c9e-e798-6ae6-3798-255d54dd4246,1777382138,0.45,4.79,no,"{""count_fp"":""4.79"",""created_time"":""2026-04-28T13:15:38.233059Z"",""no_price_dollars"":""0.5500"",""taker_side"":""no"",""ticker"":""KXBTC15M-26APR280930-30"",""trade_id"":""58719c9e-e798-6ae6-3798-255d54dd4246"",""yes_price_dollars"":""0.4500""}"
KXBTC15M-26APR280930-30,a0bde645-ea43-5c67-33a5-f64bbbd9a0de,1777382138,0.45,3.0,no,"{""count_fp"":""3.00"",""created_time"":""2026-04-28T13:15:38.172337Z"",""no_price_dollars"":""0.5500"",""taker_side"":""no"",""ticker"":""KXBTC15M-26APR280930-30"",""trade_id"":""a0bde645-ea43-5c67-33a5-f64bbbd9a0de"",""yes_price_dollars"":""0.4500""}"
KXBTC15M-26APR280930-30,5253667b-c20a-5634-33ba-d11def25c0f1,1777382138,0.45,3.0,no,"{""count_fp"":""3.00"",""created_time"":""2026-04-28T13:15:38.172337Z"",""no_price_dollars"":""0.5500"",""taker_side"":""no"",""ticker"":""KXBTC15M-26APR280930-30"",""trade_id"":""5253667b-c20a-5634-33ba-d11def25c0f1"",""yes_price_dollars"":""0.4500""}"
KXBTC15M-26APR280930-30,369404f3-eb68-5dae-391f-03ab7be5cfdc,1777382138,0.45,10.0,no,"{""count_fp"":""10.00"",""created_time"":""2026-04-28T13:15:38.172337Z"",""no_price_dollars"":""0.5500"",""taker_side"":""no"",""ticker"":""KXBTC15M-26APR280930-30"",""trade_id"":""369404f3-eb68-5dae-391f-03ab7be5cfdc"",""yes_price_dollars"":""0.4500""}"
KXBTC15M-26APR280930-30,2a9dc803-11bc-5b16-3214-259da818d826,1777382138,0.45,13.21,no,"{""count_fp"":""13.21"",""created_time"":""2026-04-28T13:15:38.172337Z"",""no_price_dollars"":""0.5500"",""taker_side"":""no"",""ticker"":""KXBTC15M-26APR280930-30"",""trade_id"":""2a9dc803-11bc-5b16-3214-259da818d826"",""yes_price_dollars"":""0.4500""}"
KXBTC15M-26APR280930-30,110ac2e8-56d5-5283-074f-3dceaccd7432,1777382138,0.45,2.51,no,"{""count_fp"":""2.51"",""created_time"":""2026-04-28T13:15:38.172337Z"",""no_price_dollars"":""0.5500"",""taker_side"":""no"",""ticker"":""KXBTC15M-26APR280930-30"",""trade_id"":""110ac2e8-56d5-5283-074f-3dceaccd7432"",""yes_price_dollars"":""0.4500""}"
KXBTC15M-26APR280930-30,3c5b449f-2097-4ab8-b5a9-203b0c14c07c,1777382139,0.43,4.18,yes,"{""count_fp"":""4.18"",""created_time"":""2026-04-28T13:15:39.835615Z"",""no_price_dollars"":""0.5700"",""taker_side"":""yes"",""ticker"":""KXBTC15M-26APR280930-30"",""trade_id"":""3c5b449f-2097-4ab8-b5a9-203b0c14c07c"",""yes_price_dollars"":""0.4300""}"
KXBTC15M-26APR280930-30,1549af04-3ff3-78d6-12c4-7263e44c3444,1777382139,0.42,1.0,no,"{""count_fp"":""1.00"",""created_time"":""2026-04-28T13:15:39.508902Z"",""no_price_dollars"":""0.5800"",""taker_side"":""no"",""ticker"":""KXBTC15M-26APR280930-30"",""trade_id"":""1549af04-3ff3-78d6-12c4-7263e44c3444"",""yes_price_dollars"":""0.4200""}"
KXBTC15M-26APR280930-30,a60fad01-d57d-77d3-db52-493e4202de08,1777382139,0.42,1.0,no,"{""count_fp"":""1.00"",""created_time"":""2026-04-28T13:15:39.506514Z"",""no_price_dollars"":""0.5800"",""taker_side"":""no"",""ticker"":""KXBTC15M-26APR280930-30"",""trade_id"":""a60fad01-d57d-77d3-db52-493e4202de08"",""yes_price_dollars"":""0.4200""}"
KXBTC15M-26APR280930-30,66a18994-3b37-7f6e-ce16-50ecddeb30dc,1777382139,0.42,1.0,no,"{""count_fp"":""1.00"",""created_time"":""2026-04-28T13:15:39.506514Z"",""no_price_dollars"":""0.5800"",""taker_side"":""no"",""ticker"":""KXBTC15M-26APR280930-30"",""trade_id"":""66a18994-3b37-7f6e-ce16-50ecddeb30dc"",""yes_price_dollars"":""0.4200""}"
KXBTC15M-26APR280930-30,6c7bdb67-21e2-69de-3b2c-453acc7bb669,1777382139,0.43,3.0,no,"{""count_fp"":""3.00"",""created_time"":""2026-04-28T13:15:39.034578Z"",""no_price_dollars"":""0.5700"",""taker_side"":""no"",""ticker"":""KXBTC15M-26APR280930-30"",""trade_id"":""6c7bdb67-21e2-69de-3b2c-453acc7bb669"",""yes_price_dollars"":""0.4300""}"
KXBTC15M-26APR280930-30,4800dd23-31cc-6b43-38ab-cb526b751c2e,1777382139,0.43,2.55,no,"{""count_fp"":""2.55"",""created_time"":""2026-04-28T13:15:39.034578Z"",""no_price_dollars"":""0.5700"",""taker_side"":""no"",""ticker"":""KXBTC15M-26APR280930-30"",""trade_id"":""4800dd23-31cc-6b43-38ab-cb526b751c2e"",""yes_price_dollars"":""0.4300""}"
KXBTC15M-26APR280930-30,ca8c922c-fcec-5159-ca49-535c4da21e7b,1777382140,0.42,23.44,yes,"{""count_fp"":""23.44"",""created_time"":""2026-04-28T13:15:40.847897Z"",""no_price_dollars"":""0.5800"",""taker_side"":""yes"",""ticker"":""KXBTC15M-26APR280930-30"",""trade_id"":""ca8c922c-fcec-5159-ca49-535c4da21e7b"",""yes_price_dollars"":""0.4200""}"
KXBTC15M-26APR280930-30,eeebe3db-ef64-5568-cd79-80d1c78b8a5a,1777382140,0.42,3.0,no,"{""count_fp"":""3.00"",""created_time"":""2026-04-28T13:15:40.209995Z"",""no_price_dollars"":""0.5800"",""taker_side"":""no"",""ticker"":""KXBTC15M-26APR280930-30"",""trade_id"":""eeebe3db-ef64-5568-cd79-80d1c78b8a5a"",""yes_price_dollars"":""0.4200""}"
KXBTC15M-26APR280930-30,ce7d663a-c9e0-57a7-dbe1-5d13a3f9f0bb,1777382140,0.41,5.0,no,"{""count_fp"":""5.00"",""created_time"":""2026-04-28T13:15:40.209995Z"",""no_price_dollars"":""0.5900"",""taker_side"":""no"",""ticker"":""KXBTC15M-26APR280930-30"",""trade_id"":""ce7d663a-c9e0-57a7-dbe1-5d13a3f9f0bb"",""yes_price_dollars"":""0.4100""}"
KXBTC15M-26APR280930-30,bdeeecfa-7b35-5c3f-f691-6ae4360dfa51,1777382140,0.41,5.0,no,"{""count_fp"":""5.00"",""created_time"":""2026-04-28T13:15:40.209995Z"",""no_price_dollars"":""0.5900"",""taker_side"":""no"",""ticker"":""KXBTC15M-26APR280930-30"",""trade_id"":""bdeeecfa-7b35-5c3f-f691-6ae4360dfa51"",""yes_price_dollars"":""0.4100""}"
KXBTC15M-26APR280930-30,98acbe0b-388c-5773-f473-014dcbc72eb3,1777382140,0.42,3.0,no,"{""count_fp"":""3.00"",""created_time"":""2026-04-28T13:15:40.209995Z"",""no_price_dollars"":""0.5800"",""taker_side"":""no"",""ticker"":""KXBTC15M-26APR280930-30"",""trade_id"":""98acbe0b-388c-5773-f473-014dcbc72eb3"",""yes_price_dollars"":""0.4200""}"
KXBTC15M-26APR280930-30,4e11d53e-ce18-5a49-c545-ae96d01f741e,1777382140,0.41,25.0,no,"{""count_fp"":""25.00"",""created_time"":""2026-04-28T13:15:40.209995Z"",""no_price_dollars"":""0.5900"",""taker_side"":""no"",""ticker"":""KXBTC15M-26APR280930-30"",""trade_id"":""4e11d53e-ce18-5a49-c545-ae96d01f741e"",""yes_price_dollars"":""0.4100""}"
KXBTC15M-26APR280930-30,456101ad-f98c-5ff3-ff4a-63a0d25a4772,1777382140,0.41,0.61,no,"{""count_fp"":""0.61"",""created_time"":""2026-04-28T13:15:40.209995Z"",""no_price_dollars"":""0.5900"",""taker_side"":""no"",""ticker"":""KXBTC15M-26APR280930-30"",""trade_id"":""456101ad-f98c-5ff3-ff4a-63a0d25a4772"",""yes_price_dollars"":""0.4100""}"
KXBTC15M-26APR280930-30,2668700d-acd3-5d16-f193-8ff108ce931b,1777382140,0.41,119.0,no,"{""count_fp"":""119.00"",""created_time"":""2026-04-28T13:15:40.209995Z"",""no_price_dollars"":""0.5900"",""taker_side"":""no"",""ticker"":""KXBTC15M-26APR280930-30"",""trade_id"":""2668700d-acd3-5d16-f193-8ff108ce931b"",""yes_price_dollars"":""0.4100""}"
KXBTC15M-26APR280930-30,15d44f4e-692e-5b78-df7f-ffecf389784e,1777382140,0.42,1.0,no,"{""count_fp"":""1.00"",""created_time"":""2026-04-28T13:15:40.209995Z"",""no_price_dollars"":""0.5800"",""taker_side"":""no"",""ticker"":""KXBTC15M-26APR280930-30"",""trade_id"":""15d44f4e-692e-5b78-df7f-ffecf389784e"",""yes_price_dollars"":""0.4200""}"
KXBTC15M-26APR280930-30,10060844-1f83-5b14-6e9c-c2c94b00bd64,1777382140,0.43,21.86,yes,"{""count_fp"":""21.86"",""created_time"":""2026-04-28T13:15:40.047954Z"",""no_price_dollars"":""0.5700"",""taker_side"":""yes"",""ticker"":""KXBTC15M-26APR280930-30"",""trade_id"":""10060844-1f83-5b14-6e9c-c2c94b00bd64"",""yes_price_dollars"":""0.4300""}"
KXBTC15M-26APR280930-30,1a4f4710-6643-6e2c-7570-66a6404a975d,1777382141,0.42,2.23,yes,"{""count_fp"":""2.23"",""created_time"":""2026-04-28T13:15:41.905435Z"",""no_price_dollars"":""0.5800"",""taker_side"":""yes"",""ticker"":""KXBTC15M-26APR280930-30"",""trade_id"":""1a4f4710-6643-6e2c-7570-66a6404a975d"",""yes_price_dollars"":""0.4200""}"
KXBTC15M-26APR280930-30,29c87cb7-0dc0-7f9b-cbfd-3209bd07eac6,1777382141,0.41,0.83,no,"{""count_fp"":""0.83"",""created_time"":""2026-04-28T13:15:41.879868Z"",""no_price_dollars"":""0.5900"",""taker_side"":""no"",""ticker"":""KXBTC15M-26APR280930-30"",""trade_id"":""29c87cb7-0dc0-7f9b-cbfd-3209bd07eac6"",""yes_price_dollars"":""0.4100""}"
KXBTC15M-26APR280930-30,222d1728-80a0-446f-f36c-842d61b4487a,1777382141,0.41,8.23,no,"{""count_fp"":""8.23"",""created_time"":""2026-04-28T13:15:41.008167Z"",""no_price_dollars"":""0.5900"",""taker_side"":""no"",""ticker"":""KXBTC15M-26APR280930-30"",""trade_id"":""222d1728-80a0-446f-f36c-842d61b4487a"",""yes_price_dollars"":""0.4100""}"
KXBTC15M-26APR280930-30,9fb4af69-c0f0-7e99-ed66-c4d20b17c477,1777382142,0.42,40.0,yes,"{""count_fp"":""40.00"",""created_time"":""2026-04-28T13:15:42.946108Z"",""no_price_dollars"":""0.5800"",""taker_side"":""yes"",""ticker"":""KXBTC15M-26APR280930-30"",""trade_id"":""9fb4af69-c0f0-7e99-ed66-c4d20b17c477"",""yes_price_dollars"":""0.4200""}"
KXBTC15M-26APR280930-30,a7d35ecd-2558-72e7-f905-f2cd6209a3e3,1777382143,0.41,19.77,no,"{""count_fp"":""19.77"",""created_time"":""2026-04-28T13:15:43.996908Z"",""no_price_dollars"":""0.5900"",""taker_side"":""no"",""ticker"":""KXBTC15M-26APR280930-30"",""trade_id"":""a7d35ecd-2558-72e7-f905-f2cd6209a3e3"",""yes_price_dollars"":""0.4100""}"
KXBTC15M-26APR280930-30,fd762853-0968-48eb-4b8d-254d1629040a,1777382143,0.41,2.34,no,"{""count_fp"":""2.34"",""created_time"":""2026-04-28T13:15:43.698228Z"",""no_price_dollars"":""0.5900"",""taker_side"":""no"",""ticker"":""KXBTC15M-26APR280930-30"",""trade_id"":""fd762853-0968-48eb-4b8d-254d1629040a"",""yes_price_dollars"":""0.4100""}"
KXBTC15M-26APR280930-30,80f98c6e-0c94-447f-475a-209021b9937f,1777382143,0.41,7.82,no,"{""count_fp"":""7.82"",""created_time"":""2026-04-28T13:15:43.698228Z"",""no_price_dollars"":""0.5900"",""taker_side"":""no"",""ticker"":""KXBTC15M-26APR280930-30"",""trade_id"":""80f98c6e-0c94-447f-475a-209021b9937f"",""yes_price_dollars"":""0.4100""}"
KXBTC15M-26APR280930-30,4a9c3217-a413-4195-6496-288c2c7e7b8b,1777382143,0.41,3.0,no,"{""count_fp"":""3.00"",""created_time"":""2026-04-28T13:15:43.698228Z"",""no_price_dollars"":""0.5900"",""taker_side"":""no"",""ticker"":""KXBTC15M-26APR280930-30"",""trade_id"":""4a9c3217-a413-4195-6496-288c2c7e7b8b"",""yes_price_dollars"":""0.4100""}"
KXBTC15M-26APR280930-30,c7535778-ed8c-7aa5-ec74-d3b973258903,1777382143,0.42,50.0,yes,"{""count_fp"":""50.00"",""created_time"":""2026-04-28T13:15:43.558648Z"",""no_price_dollars"":""0.5800"",""taker_side"":""yes"",""ticker"":""KXBTC15M-26APR280930-30"",""trade_id"":""c7535778-ed8c-7aa5-ec74-d3b973258903"",""yes_price_dollars"":""0.4200""}"
KXBTC15M-26APR280930-30,2388b1db-1474-762b-ce95-ccf4b1ca78b2,1777382143,0.41,8.23,no,"{""count_fp"":""8.23"",""created_time"":""2026-04-28T13:15:43.497867Z"",""no_price_dollars"":""0.5900"",""taker_side"":""no"",""ticker"":""KXBTC15M-26APR280930-30"",""trade_id"":""2388b1db-1474-762b-ce95-ccf4b1ca78b2"",""yes_price_dollars"":""0.4100""}"
KXBTC15M-26APR280930-30,9fadf267-3898-462b-fe6b-0471757cde56,1777382143,0.41,3.29,no,"{""count_fp"":""3.29"",""created_time"":""2026-04-28T13:15:43.088362Z"",""no_price_dollars"":""0.5900"",""taker_side"":""no"",""ticker"":""KXBTC15M-26APR280930-30"",""trade_id"":""9fadf267-3898-462b-fe6b-0471757cde56"",""yes_price_dollars"":""0.4100""}"
KXBTC15M-26APR280930-30,e88d333c-4098-5cb7-3900-7de3e585910f,1777382144,0.41,4.94,no,"{""count_fp"":""4.94"",""created_time"":""2026-04-28T13:15:44.763005Z"",""no_price_dollars"":""0.5900"",""taker_side"":""no"",""ticker"":""KXBTC15M-26APR280930-30"",""trade_id"":""e88d333c-4098-5cb7-3900-7de3e585910f"",""yes_price_dollars"":""0.4100""}"
KXBTC15M-26APR280930-30,cf4287c6-d128-7acc-aa71-9ac064fe5650,1777382145,0.38,21.02,no,"{""count_fp"":""21.02"",""created_time"":""2026-04-28T13:15:45.957491Z"",""no_price_dollars"":""0.6200"",""taker_side"":""no"",""ticker"":""KXBTC15M-26APR280930-30"",""trade_id"":""cf4287c6-d128-7acc-aa71-9ac064fe5650"",""yes_price_dollars"":""0.3800""}"
KXBTC15M-26APR280930-30,e1867875-2a04-50dc-c22a-00c8c06dfc38,1777382145,0.38,38.98,no,"{""count_fp"":""38.98"",""created_time"":""2026-04-28T13:15:45.882426Z"",""no_price_dollars"":""0.6200"",""taker_side"":""no"",""ticker"":""KXBTC15M-26APR280930-30"",""trade_id"":""e1867875-2a04-50dc-c22a-00c8c06dfc38"",""yes_price_dollars"":""0.3800""}"
KXBTC15M-26APR280930-30,3eb74f16-9865-41b3-db22-9e80c24ad5e4,1777382145,0.39,11.8,no,"{""count_fp"":""11.80"",""created_time"":""2026-04-28T13:15:45.743334Z"",""no_price_dollars"":""0.6100"",""taker_side"":""no"",""ticker"":""KXBTC15M-26APR280930-30"",""trade_id"":""3eb74f16-9865-41b3-db22-9e80c24ad5e4"",""yes_price_dollars"":""0.3900""}"
KXBTC15M-26APR280930-30,768800a4-bd8a-7606-c0cb-9c4f01edd801,1777382145,0.4,17.37,no,"{""count_fp"":""17.37"",""created_time"":""2026-04-28T13:15:45.518851Z"",""no_price_dollars"":""0.6000"",""taker_side"":""no"",""ticker"":""KXBTC15M-26APR280930-30"",""trade_id"":""768800a4-bd8a-7606-c0cb-9c4f01edd801"",""yes_price_dollars"":""0.4000""}"
KXBTC15M-26APR280930-30,bb79118d-11b6-47fc-f707-6dfcbde10d02,1777382145,0.4,3.0,no,"{""count_fp"":""3.00"",""created_time"":""2026-04-28T13:15:45.476217Z"",""no_price_dollars"":""0.6000"",""taker_side"":""no"",""ticker"":""KXBTC15M-26APR280930-30"",""trade_id"":""bb79118d-11b6-47fc-f707-6dfcbde10d02"",""yes_price_dollars"":""0.4000""}"
KXBTC15M-26APR280930-30,69ba1985-3da2-47f9-ec68-4aa0c02ec2af,1777382145,0.4,32.39,no,"{""count_fp"":""32.39"",""created_time"":""2026-04-28T13:15:45.476217Z"",""no_price_dollars"":""0.6000"",""taker_side"":""no"",""ticker"":""KXBTC15M-26APR280930-30"",""trade_id"":""69ba1985-3da2-47f9-ec68-4aa0c02ec2af"",""yes_price_dollars"":""0.4000""}"
KXBTC15M-26APR280930-30,36acce31-3430-4aba-d7cd-50f243fcfa68,1777382145,0.4,38.6,no,"{""count_fp"":""38.60"",""created_time"":""2026-04-28T13:15:45.476217Z"",""no_price_dollars"":""0.6000"",""taker_side"":""no"",""ticker"":""KXBTC15M-26APR280930-30"",""trade_id"":""36acce31-3430-4aba-d7cd-50f243fcfa68"",""yes_price_dollars"":""0.4000""}"
KXBTC15M-26APR280930-30,9d696d53-e7c0-4826-03be-e8d1a2cd6e88,1777382145,0.4,54.61,no,"{""count_fp"":""54.61"",""created_time"":""2026-04-28T13:15:45.468844Z"",""no_price_dollars"":""0.6000"",""taker_side"":""no"",""ticker"":""KXBTC15M-26APR280930-30"",""trade_id"":""9d696d53-e7c0-4826-03be-e8d1a2cd6e88"",""yes_price_dollars"":""0.4000""}"
