ticker,trade_id,ts,yes_price,count,taker_side,raw_json
KXBTC15M-26APR280900-00,336ab76b-74d0-555d-96e8-24616b4b7b93,1777380300,0.5,3.0,yes,"{""count_fp"":""3.00"",""created_time"":""2026-04-28T12:45:00.725885Z"",""no_price_dollars"":""0.5000"",""taker_side"":""yes"",""ticker"":""KXBTC15M-26APR280900-00"",""trade_id"":""336ab76b-74d0-555d-96e8-24616b4b7b93"",""yes_price_dollars"":""0.5000""}"
KXBTC15M-26APR280900-00,461db23c-e008-7c5d-61db-98d9d19d96d4,1777380301,0.5,117.0,no,"{""count_fp"":""117.00"",""created_time"":""2026-04-28T12:45:01.989212Z"",""no_price_dollars"":""0.5000"",""taker_side"":""no"",""ticker"":""KXBTC15M-26APR280900-00"",""trade_id"":""461db23c-e008-7c5d-61db-98d9d19d96d4"",""yes_price_dollars"":""0.5000""}"
KXBTC15M-26APR280900-00,03ee00b6-b90c-50c9-94fd-804f956fc813,1777380301,0.5,3.0,yes,"{""count_fp"":""3.00"",""created_time"":""2026-04-28T12:45:01.630574Z"",""no_price_dollars"":""0.5000"",""taker_side"":""yes"",""ticker"":""KXBTC15M-26APR280900-00"",""trade_id"":""03ee00b6-b90c-50c9-94fd-804f956fc813"",""yes_price_dollars"":""0.5000""}"
KXBTC15M-26APR280900-00,f6580a6f-8949-5a46-be47-65152915d975,1777380303,0.49,13.0,yes,"{""count_fp"":""13.00"",""created_time"":""2026-04-28T12:45:03.452648Z"",""no_price_dollars"":""0.5100"",""taker_side"":""yes"",""ticker"":""KXBTC15M-26APR280900-00"",""trade_id"":""f6580a6f-8949-5a46-be47-65152915d975"",""yes_price_dollars"":""0.4900""}"
KXBTC15M-26APR280900-00,b28b6190-15c2-52f9-85b5-5cbb1d9e0be3,1777380303,0.49,7.0,yes,"{""count_fp"":""7.00"",""created_time"":""2026-04-28T12:45:03.452648Z"",""no_price_dollars"":""0.5100"",""taker_side"":""yes"",""ticker"":""KXBTC15M-26APR280900-00"",""trade_id"":""b28b6190-15c2-52f9-85b5-5cbb1d9e0be3"",""yes_price_dollars"":""0.4900""}"
KXBTC15M-26APR280900-00,1ea3273b-020a-5fb9-2a2d-daec598c8c73,1777380303,0.49,30.0,yes,"{""count_fp"":""30.00"",""created_time"":""2026-04-28T12:45:03.175372Z"",""no_price_dollars"":""0.5100"",""taker_side"":""yes"",""ticker"":""KXBTC15M-26APR280900-00"",""trade_id"":""1ea3273b-020a-5fb9-2a2d-daec598c8c73"",""yes_price_dollars"":""0.4900""}"
KXBTC15M-26APR280900-00,f0ea394d-09c5-6152-9409-765af181e6ce,1777380304,0.46,1.0,no,"{""count_fp"":""1.00"",""created_time"":""2026-04-28T12:45:04.684092Z"",""no_price_dollars"":""0.5400"",""taker_side"":""no"",""ticker"":""KXBTC15M-26APR280900-00"",""trade_id"":""f0ea394d-09c5-6152-9409-765af181e6ce"",""yes_price_dollars"":""0.4600""}"
KXBTC15M-26APR280900-00,ca79e443-d2e0-62b4-832c-66a1c66ee764,1777380304,0.48,1.0,no,"{""count_fp"":""1.00"",""created_time"":""2026-04-28T12:45:04.684092Z"",""no_price_dollars"":""0.5200"",""taker_side"":""no"",""ticker"":""KXBTC15M-26APR280900-00"",""trade_id"":""ca79e443-d2e0-62b4-832c-66a1c66ee764"",""yes_price_dollars"":""0.4800""}"
KXBTC15M-26APR280900-00,c34374c5-88f9-62c6-80b7-6a1713667f56,1777380304,0.46,1.0,no,"{""count_fp"":""1.00"",""created_time"":""2026-04-28T12:45:04.684092Z"",""no_price_dollars"":""0.5400"",""taker_side"":""no"",""ticker"":""KXBTC15M-26APR280900-00"",""trade_id"":""c34374c5-88f9-62c6-80b7-6a1713667f56"",""yes_price_dollars"":""0.4600""}"
KXBTC15M-26APR280900-00,aa1b99a4-5ac9-6c43-a0a2-a76115baa580,1777380304,0.48,1.0,no,"{""count_fp"":""1.00"",""created_time"":""2026-04-28T12:45:04.684092Z"",""no_price_dollars"":""0.5200"",""taker_side"":""no"",""ticker"":""KXBTC15M-26APR280900-00"",""trade_id"":""aa1b99a4-5ac9-6c43-a0a2-a76115baa580"",""yes_price_dollars"":""0.4800""}"
KXBTC15M-26APR280900-00,664cc321-cbc3-65ba-92b0-6073e0403f6e,1777380304,0.46,108.5,no,"{""count_fp"":""108.50"",""created_time"":""2026-04-28T12:45:04.684092Z"",""no_price_dollars"":""0.5400"",""taker_side"":""no"",""ticker"":""KXBTC15M-26APR280900-00"",""trade_id"":""664cc321-cbc3-65ba-92b0-6073e0403f6e"",""yes_price_dollars"":""0.4600""}"
KXBTC15M-26APR280900-00,f6ecc020-2c60-644b-2954-05c130da2841,1777380305,0.42,1.0,no,"{""count_fp"":""1.00"",""created_time"":""2026-04-28T12:45:05.924409Z"",""no_price_dollars"":""0.5800"",""taker_side"":""no"",""ticker"":""KXBTC15M-26APR280900-00"",""trade_id"":""f6ecc020-2c60-644b-2954-05c130da2841"",""yes_price_dollars"":""0.4200""}"
KXBTC15M-26APR280900-00,e275e471-8046-6411-12d4-6c119722997e,1777380305,0.45,1.0,no,"{""count_fp"":""1.00"",""created_time"":""2026-04-28T12:45:05.924409Z"",""no_price_dollars"":""0.5500"",""taker_side"":""no"",""ticker"":""KXBTC15M-26APR280900-00"",""trade_id"":""e275e471-8046-6411-12d4-6c119722997e"",""yes_price_dollars"":""0.4500""}"
KXBTC15M-26APR280900-00,e23d848b-fb0c-616d-11a8-38ba5ae0598e,1777380305,0.46,9.0,no,"{""count_fp"":""9.00"",""created_time"":""2026-04-28T12:45:05.924409Z"",""no_price_dollars"":""0.5400"",""taker_side"":""no"",""ticker"":""KXBTC15M-26APR280900-00"",""trade_id"":""e23d848b-fb0c-616d-11a8-38ba5ae0598e"",""yes_price_dollars"":""0.4600""}"
KXBTC15M-26APR280900-00,bf0bc45a-ae05-6f0a-12bb-d37e65a715cb,1777380305,0.43,1.0,no,"{""count_fp"":""1.00"",""created_time"":""2026-04-28T12:45:05.924409Z"",""no_price_dollars"":""0.5700"",""taker_side"":""no"",""ticker"":""KXBTC15M-26APR280900-00"",""trade_id"":""bf0bc45a-ae05-6f0a-12bb-d37e65a715cb"",""yes_price_dollars"":""0.4300""}"
KXBTC15M-26APR280900-00,9f528092-9f43-6940-2758-0edf45496ecc,1777380305,0.46,15.0,no,"{""count_fp"":""15.00"",""created_time"":""2026-04-28T12:45:05.924409Z"",""no_price_dollars"":""0.5400"",""taker_side"":""no"",""ticker"":""KXBTC15M-26APR280900-00"",""trade_id"":""9f528092-9f43-6940-2758-0edf45496ecc"",""yes_price_dollars"":""0.4600""}"
KXBTC15M-26APR280900-00,83fed2db-701c-6272-05c8-00755a9ed3f3,1777380305,0.44,1.0,no,"{""count_fp"":""1.00"",""created_time"":""2026-04-28T12:45:05.924409Z"",""no_price_dollars"":""0.5600"",""taker_side"":""no"",""ticker"":""KXBTC15M-26APR280900-00"",""trade_id"":""83fed2db-701c-6272-05c8-00755a9ed3f3"",""yes_price_dollars"":""0.4400""}"
KXBTC15M-26APR280900-00,7a394121-1e09-64f4-1201-1137c1401aa8,1777380305,0.43,1.0,no,"{""count_fp"":""1.00"",""created_time"":""2026-04-28T12:45:05.924409Z"",""no_price_dollars"":""0.5700"",""taker_side"":""no"",""ticker"":""KXBTC15M-26APR280900-00"",""trade_id"":""7a394121-1e09-64f4-1201-1137c1401aa8"",""yes_price_dollars"":""0.4300""}"
KXBTC15M-26APR280900-00,73a5c12a-a54c-63e7-0282-51f1806a6348,1777380305,0.46,8.95,no,"{""count_fp"":""8.95"",""created_time"":""2026-04-28T12:45:05.924409Z"",""no_price_dollars"":""0.5400"",""taker_side"":""no"",""ticker"":""KXBTC15M-26APR280900-00"",""trade_id"":""73a5c12a-a54c-63e7-0282-51f1806a6348"",""yes_price_dollars"":""0.4600""}"
KXBTC15M-26APR280900-00,61f3a162-8ea7-6660-2b05-f4058403d10c,1777380305,0.42,0.05,no,"{""count_fp"":""0.05"",""created_time"":""2026-04-28T12:45:05.924409Z"",""no_price_dollars"":""0.5800"",""taker_side"":""no"",""ticker"":""KXBTC15M-26APR280900-00"",""trade_id"":""61f3a162-8ea7-6660-2b05-f4058403d10c"",""yes_price_dollars"":""0.4200""}"
KXBTC15M-26APR280900-00,3abcd38d-c522-650f-1f12-28497eb9918f,1777380305,0.45,1.0,no,"{""count_fp"":""1.00"",""created_time"":""2026-04-28T12:45:05.924409Z"",""no_price_dollars"":""0.5500"",""taker_side"":""no"",""ticker"":""KXBTC15M-26APR280900-00"",""trade_id"":""3abcd38d-c522-650f-1f12-28497eb9918f"",""yes_price_dollars"":""0.4500""}"
KXBTC15M-26APR280900-00,301ff706-c1ba-6876-0ff7-5fcc5865edbb,1777380305,0.45,1.0,no,"{""count_fp"":""1.00"",""created_time"":""2026-04-28T12:45:05.924409Z"",""no_price_dollars"":""0.5500"",""taker_side"":""no"",""ticker"":""KXBTC15M-26APR280900-00"",""trade_id"":""301ff706-c1ba-6876-0ff7-5fcc5865edbb"",""yes_price_dollars"":""0.4500""}"
KXBTC15M-26APR280900-00,053d735e-7e64-680c-212c-321c46a849a8,1777380305,0.44,1.0,no,"{""count_fp"":""1.00"",""created_time"":""2026-04-28T12:45:05.924409Z"",""no_price_dollars"":""0.5600"",""taker_side"":""no"",""ticker"":""KXBTC15M-26APR280900-00"",""trade_id"":""053d735e-7e64-680c-212c-321c46a849a8"",""yes_price_dollars"":""0.4400""}"
KXBTC15M-26APR280900-00,b2e0cfe9-1cc8-4013-bee8-21c43bd954bc,1777380305,0.46,1.05,no,"{""count_fp"":""1.05"",""created_time"":""2026-04-28T12:45:05.874023Z"",""no_price_dollars"":""0.5400"",""taker_side"":""no"",""ticker"":""KXBTC15M-26APR280900-00"",""trade_id"":""b2e0cfe9-1cc8-4013-bee8-21c43bd954bc"",""yes_price_dollars"":""0.4600""}"
KXBTC15M-26APR280900-00,075db255-fd33-4d7e-8ec9-cf2e3699890a,1777380305,0.46,11.5,no,"{""count_fp"":""11.50"",""created_time"":""2026-04-28T12:45:05.874023Z"",""no_price_dollars"":""0.5400"",""taker_side"":""no"",""ticker"":""KXBTC15M-26APR280900-00"",""trade_id"":""075db255-fd33-4d7e-8ec9-cf2e3699890a"",""yes_price_dollars"":""0.4600""}"
KXBTC15M-26APR280900-00,af7414b1-49a1-7a3b-7bf3-9a4861ee1714,1777380305,0.49,13.0,yes,"{""count_fp"":""13.00"",""created_time"":""2026-04-28T12:45:05.335365Z"",""no_price_dollars"":""0.5100"",""taker_side"":""yes"",""ticker"":""KXBTC15M-26APR280900-00"",""trade_id"":""af7414b1-49a1-7a3b-7bf3-9a4861ee1714"",""yes_price_dollars"":""0.4900""}"
KXBTC15M-26APR280900-00,a6272de6-563e-7bf7-5d8d-f94652158448,1777380305,0.48,15.0,yes,"{""count_fp"":""15.00"",""created_time"":""2026-04-28T12:45:05.335365Z"",""no_price_dollars"":""0.5200"",""taker_side"":""yes"",""ticker"":""KXBTC15M-26APR280900-00"",""trade_id"":""a6272de6-563e-7bf7-5d8d-f94652158448"",""yes_price_dollars"":""0.4800""}"
KXBTC15M-26APR280900-00,78da5b54-9aec-7d3c-551d-04f45d69782b,1777380305,0.49,13.0,yes,"{""count_fp"":""13.00"",""created_time"":""2026-04-28T12:45:05.335365Z"",""no_price_dollars"":""0.5100"",""taker_side"":""yes"",""ticker"":""KXBTC15M-26APR280900-00"",""trade_id"":""78da5b54-9aec-7d3c-551d-04f45d69782b"",""yes_price_dollars"":""0.4900""}"
KXBTC15M-26APR280900-00,312999c2-fbb3-76c5-69eb-afcb61b96e9f,1777380305,0.49,7.0,yes,"{""count_fp"":""7.00"",""created_time"":""2026-04-28T12:45:05.335365Z"",""no_price_dollars"":""0.5100"",""taker_side"":""yes"",""ticker"":""KXBTC15M-26APR280900-00"",""trade_id"":""312999c2-fbb3-76c5-69eb-afcb61b96e9f"",""yes_price_dollars"":""0.4900""}"
KXBTC15M-26APR280900-00,2d8cf85b-a50a-7d73-46b7-4e4017c29acc,1777380305,0.49,7.0,yes,"{""count_fp"":""7.00"",""created_time"":""2026-04-28T12:45:05.335365Z"",""no_price_dollars"":""0.5100"",""taker_side"":""yes"",""ticker"":""KXBTC15M-26APR280900-00"",""trade_id"":""2d8cf85b-a50a-7d73-46b7-4e4017c29acc"",""yes_price_dollars"":""0.4900""}"
KXBTC15M-26APR280900-00,277f62fc-d41d-7c9c-5e42-d338439b876e,1777380305,0.49,62.02,yes,"{""count_fp"":""62.02"",""created_time"":""2026-04-28T12:45:05.335365Z"",""no_price_dollars"":""0.5100"",""taker_side"":""yes"",""ticker"":""KXBTC15M-26APR280900-00"",""trade_id"":""277f62fc-d41d-7c9c-5e42-d338439b876e"",""yes_price_dollars"":""0.4900""}"
KXBTC15M-26APR280900-00,bf1ff6df-b5c6-6863-055b-006c1b9de2cc,1777380305,0.48,2.0,yes,"{""count_fp"":""2.00"",""created_time"":""2026-04-28T12:45:05.296362Z"",""no_price_dollars"":""0.5200"",""taker_side"":""yes"",""ticker"":""KXBTC15M-26APR280900-00"",""trade_id"":""bf1ff6df-b5c6-6863-055b-006c1b9de2cc"",""yes_price_dollars"":""0.4800""}"
KXBTC15M-26APR280900-00,b085c145-9939-6eae-3427-09bf02bcb9e1,1777380305,0.47,28.0,yes,"{""count_fp"":""28.00"",""created_time"":""2026-04-28T12:45:05.296362Z"",""no_price_dollars"":""0.5300"",""taker_side"":""yes"",""ticker"":""KXBTC15M-26APR280900-00"",""trade_id"":""b085c145-9939-6eae-3427-09bf02bcb9e1"",""yes_price_dollars"":""0.4700""}"
KXBTC15M-26APR280900-00,7b654263-bf90-4f95-b5a9-a38471fe2df3,1777380306,0.42,2.39,no,"{""count_fp"":""2.39"",""created_time"":""2026-04-28T12:45:06.911973Z"",""no_price_dollars"":""0.5800"",""taker_side"":""no"",""ticker"":""KXBTC15M-26APR280900-00"",""trade_id"":""7b654263-bf90-4f95-b5a9-a38471fe2df3"",""yes_price_dollars"":""0.4200""}"
KXBTC15M-26APR280900-00,4541b513-fbf3-4f48-92f2-8e3fdb82cbb0,1777380306,0.42,0.95,no,"{""count_fp"":""0.95"",""created_time"":""2026-04-28T12:45:06.911973Z"",""no_price_dollars"":""0.5800"",""taker_side"":""no"",""ticker"":""KXBTC15M-26APR280900-00"",""trade_id"":""4541b513-fbf3-4f48-92f2-8e3fdb82cbb0"",""yes_price_dollars"":""0.4200""}"
KXBTC15M-26APR280900-00,5aea9b96-3cc2-41cf-1166-c3d6c5b658ac,1777380307,0.47,80.21,yes,"{""count_fp"":""80.21"",""created_time"":""2026-04-28T12:45:07.982153Z"",""no_price_dollars"":""0.5300"",""taker_side"":""yes"",""ticker"":""KXBTC15M-26APR280900-00"",""trade_id"":""5aea9b96-3cc2-41cf-1166-c3d6c5b658ac"",""yes_price_dollars"":""0.4700""}"
KXBTC15M-26APR280900-00,56990f8a-cc45-4c29-2387-b89b16b18fbc,1777380307,0.46,6.79,yes,"{""count_fp"":""6.79"",""created_time"":""2026-04-28T12:45:07.982153Z"",""no_price_dollars"":""0.5400"",""taker_side"":""yes"",""ticker"":""KXBTC15M-26APR280900-00"",""trade_id"":""56990f8a-cc45-4c29-2387-b89b16b18fbc"",""yes_price_dollars"":""0.4600""}"
KXBTC15M-26APR280900-00,0aaaea05-2565-4793-3b13-57fbf8865a18,1777380307,0.46,13.0,yes,"{""count_fp"":""13.00"",""created_time"":""2026-04-28T12:45:07.982153Z"",""no_price_dollars"":""0.5400"",""taker_side"":""yes"",""ticker"":""KXBTC15M-26APR280900-00"",""trade_id"":""0aaaea05-2565-4793-3b13-57fbf8865a18"",""yes_price_dollars"":""0.4600""}"
KXBTC15M-26APR280900-00,bcd35619-838d-7a9d-ed02-fc2cd8ad43bc,1777380307,0.46,39.21,yes,"{""count_fp"":""39.21"",""created_time"":""2026-04-28T12:45:07.878152Z"",""no_price_dollars"":""0.5400"",""taker_side"":""yes"",""ticker"":""KXBTC15M-26APR280900-00"",""trade_id"":""bcd35619-838d-7a9d-ed02-fc2cd8ad43bc"",""yes_price_dollars"":""0.4600""}"
KXBTC15M-26APR280900-00,b043b257-c07f-4ab0-59ec-452972da6d8a,1777380307,0.44,20.0,yes,"{""count_fp"":""20.00"",""created_time"":""2026-04-28T12:45:07.405155Z"",""no_price_dollars"":""0.5600"",""taker_side"":""yes"",""ticker"":""KXBTC15M-26APR280900-00"",""trade_id"":""b043b257-c07f-4ab0-59ec-452972da6d8a"",""yes_price_dollars"":""0.4400""}"
KXBTC15M-26APR280900-00,19fb7c10-86f1-4231-44c4-57c696dc6ab0,1777380307,0.46,10.0,yes,"{""count_fp"":""10.00"",""created_time"":""2026-04-28T12:45:07.405155Z"",""no_price_dollars"":""0.5400"",""taker_side"":""yes"",""ticker"":""KXBTC15M-26APR280900-00"",""trade_id"":""19fb7c10-86f1-4231-44c4-57c696dc6ab0"",""yes_price_dollars"":""0.4600""}"
KXBTC15M-26APR280900-00,bbec370c-1e37-6b03-4e93-edc2b6523bed,1777380308,0.42,0.12,no,"{""count_fp"":""0.12"",""created_time"":""2026-04-28T12:45:08.762337Z"",""no_price_dollars"":""0.5800"",""taker_side"":""no"",""ticker"":""KXBTC15M-26APR280900-00"",""trade_id"":""bbec370c-1e37-6b03-4e93-edc2b6523bed"",""yes_price_dollars"":""0.4200""}"
KXBTC15M-26APR280900-00,41b72d72-3dae-6262-76cd-01a5310a4153,1777380308,0.42,3.15,no,"{""count_fp"":""3.15"",""created_time"":""2026-04-28T12:45:08.762337Z"",""no_price_dollars"":""0.5800"",""taker_side"":""no"",""ticker"":""KXBTC15M-26APR280900-00"",""trade_id"":""41b72d72-3dae-6262-76cd-01a5310a4153"",""yes_price_dollars"":""0.4200""}"
KXBTC15M-26APR280900-00,43063ad3-8720-7b14-a151-89b228ea0edd,1777380308,0.42,5.52,no,"{""count_fp"":""5.52"",""created_time"":""2026-04-28T12:45:08.696915Z"",""no_price_dollars"":""0.5800"",""taker_side"":""no"",""ticker"":""KXBTC15M-26APR280900-00"",""trade_id"":""43063ad3-8720-7b14-a151-89b228ea0edd"",""yes_price_dollars"":""0.4200""}"
KXBTC15M-26APR280900-00,0b74da86-1f06-7852-9d1c-18044fdff713,1777380308,0.42,2.85,no,"{""count_fp"":""2.85"",""created_time"":""2026-04-28T12:45:08.696915Z"",""no_price_dollars"":""0.5800"",""taker_side"":""no"",""ticker"":""KXBTC15M-26APR280900-00"",""trade_id"":""0b74da86-1f06-7852-9d1c-18044fdff713"",""yes_price_dollars"":""0.4200""}"
KXBTC15M-26APR280900-00,5255d68e-4b10-7b58-79b0-6ec80bb9f069,1777380308,0.42,8.37,no,"{""count_fp"":""8.37"",""created_time"":""2026-04-28T12:45:08.678666Z"",""no_price_dollars"":""0.5800"",""taker_side"":""no"",""ticker"":""KXBTC15M-26APR280900-00"",""trade_id"":""5255d68e-4b10-7b58-79b0-6ec80bb9f069"",""yes_price_dollars"":""0.4200""}"
KXBTC15M-26APR280900-00,8441368b-95c6-6799-57f8-a3524256da4a,1777380308,0.46,20.0,yes,"{""count_fp"":""20.00"",""created_time"":""2026-04-28T12:45:08.073133Z"",""no_price_dollars"":""0.5400"",""taker_side"":""yes"",""ticker"":""KXBTC15M-26APR280900-00"",""trade_id"":""8441368b-95c6-6799-57f8-a3524256da4a"",""yes_price_dollars"":""0.4600""}"
KXBTC15M-26APR280900-00,df8ccc97-db91-478b-a21b-cd273100fe7a,1777380311,0.45,3.0,yes,"{""count_fp"":""3.00"",""created_time"":""2026-04-28T12:45:11.444273Z"",""no_price_dollars"":""0.5500"",""taker_side"":""yes"",""ticker"":""KXBTC15M-26APR280900-00"",""trade_id"":""df8ccc97-db91-478b-a21b-cd273100fe7a"",""yes_price_dollars"":""0.4500""}"
KXBTC15M-26APR280900-00,8bbe3f5f-8ca5-6acb-39e4-d7bc65463b66,1777380311,0.45,2.05,yes,"{""count_fp"":""2.05"",""created_time"":""2026-04-28T12:45:11.375691Z"",""no_price_dollars"":""0.5500"",""taker_side"":""yes"",""ticker"":""KXBTC15M-26APR280900-00"",""trade_id"":""8bbe3f5f-8ca5-6acb-39e4-d7bc65463b66"",""yes_price_dollars"":""0.4500""}"
KXBTC15M-26APR280900-00,fa7ed765-d48d-6103-f1ec-9a82afc5acee,1777380312,0.45,3.0,yes,"{""count_fp"":""3.00"",""created_time"":""2026-04-28T12:45:12.700832Z"",""no_price_dollars"":""0.5500"",""taker_side"":""yes"",""ticker"":""KXBTC15M-26APR280900-00"",""trade_id"":""fa7ed765-d48d-6103-f1ec-9a82afc5acee"",""yes_price_dollars"":""0.4500""}"
KXBTC15M-26APR280900-00,145bf013-5074-65d8-a0b8-b4ac41765d8e,1777380312,0.42,10.0,no,"{""count_fp"":""10.00"",""created_time"":""2026-04-28T12:45:12.541747Z"",""no_price_dollars"":""0.5800"",""taker_side"":""no"",""ticker"":""KXBTC15M-26APR280900-00"",""trade_id"":""145bf013-5074-65d8-a0b8-b4ac41765d8e"",""yes_price_dollars"":""0.4200""}"
KXBTC15M-26APR280900-00,ef545d9b-4c4d-60fb-f88c-c78db6f6db96,1777380312,0.45,47.09,yes,"{""count_fp"":""47.09"",""created_time"":""2026-04-28T12:45:12.530753Z"",""no_price_dollars"":""0.5500"",""taker_side"":""yes"",""ticker"":""KXBTC15M-26APR280900-00"",""trade_id"":""ef545d9b-4c4d-60fb-f88c-c78db6f6db96"",""yes_price_dollars"":""0.4500""}"
KXBTC15M-26APR280900-00,b0808e8c-fd75-640a-edea-d6d59b482567,1777380312,0.44,13.76,yes,"{""count_fp"":""13.76"",""created_time"":""2026-04-28T12:45:12.530753Z"",""no_price_dollars"":""0.5600"",""taker_side"":""yes"",""ticker"":""KXBTC15M-26APR280900-00"",""trade_id"":""b0808e8c-fd75-640a-edea-d6d59b482567"",""yes_price_dollars"":""0.4400""}"
KXBTC15M-26APR280900-00,40ffe979-361e-62b7-c6bc-7e2fb4215518,1777380312,0.44,40.0,yes,"{""count_fp"":""40.00"",""created_time"":""2026-04-28T12:45:12.530753Z"",""no_price_dollars"":""0.5600"",""taker_side"":""yes"",""ticker"":""KXBTC15M-26APR280900-00"",""trade_id"":""40ffe979-361e-62b7-c6bc-7e2fb4215518"",""yes_price_dollars"":""0.4400""}"
KXBTC15M-26APR280900-00,b0435a85-db06-5a9b-dc21-dee494981305,1777380312,0.42,40.0,yes,"{""count_fp"":""40.00"",""created_time"":""2026-04-28T12:45:12.323426Z"",""no_price_dollars"":""0.5800"",""taker_side"":""yes"",""ticker"":""KXBTC15M-26APR280900-00"",""trade_id"":""b0435a85-db06-5a9b-dc21-dee494981305"",""yes_price_dollars"":""0.4200""}"
KXBTC15M-26APR280900-00,63fc469e-8695-56f3-d3d5-922f437964d9,1777380312,0.44,40.0,yes,"{""count_fp"":""40.00"",""created_time"":""2026-04-28T12:45:12.323426Z"",""no_price_dollars"":""0.5600"",""taker_side"":""yes"",""ticker"":""KXBTC15M-26APR280900-00"",""trade_id"":""63fc469e-8695-56f3-d3d5-922f437964d9"",""yes_price_dollars"":""0.4400""}"
KXBTC15M-26APR280900-00,56cb4820-c541-5389-f2d3-70f80a8cfb2a,1777380312,0.43,40.0,yes,"{""count_fp"":""40.00"",""created_time"":""2026-04-28T12:45:12.323426Z"",""no_price_dollars"":""0.5700"",""taker_side"":""yes"",""ticker"":""KXBTC15M-26APR280900-00"",""trade_id"":""56cb4820-c541-5389-f2d3-70f80a8cfb2a"",""yes_price_dollars"":""0.4300""}"
KXBTC15M-26APR280900-00,43727a9d-82a9-5943-e89b-9b7e2a93bc4e,1777380312,0.45,200.97,yes,"{""count_fp"":""200.97"",""created_time"":""2026-04-28T12:45:12.323426Z"",""no_price_dollars"":""0.5500"",""taker_side"":""yes"",""ticker"":""KXBTC15M-26APR280900-00"",""trade_id"":""43727a9d-82a9-5943-e89b-9b7e2a93bc4e"",""yes_price_dollars"":""0.4500""}"
KXBTC15M-26APR280900-00,cb17c448-226e-63ff-e741-cb16b00de76a,1777380312,0.42,40.0,yes,"{""count_fp"":""40.00"",""created_time"":""2026-04-28T12:45:12.234211Z"",""no_price_dollars"":""0.5800"",""taker_side"":""yes"",""ticker"":""KXBTC15M-26APR280900-00"",""trade_id"":""cb17c448-226e-63ff-e741-cb16b00de76a"",""yes_price_dollars"":""0.4200""}"
KXBTC15M-26APR280900-00,56ef526c-84f6-6695-fd12-0997da16aacf,1777380312,0.44,40.0,yes,"{""count_fp"":""40.00"",""created_time"":""2026-04-28T12:45:12.234211Z"",""no_price_dollars"":""0.5600"",""taker_side"":""yes"",""ticker"":""KXBTC15M-26APR280900-00"",""trade_id"":""56ef526c-84f6-6695-fd12-0997da16aacf"",""yes_price_dollars"":""0.4400""}"
KXBTC15M-26APR280900-00,36680ef6-c5da-65e2-d068-b222b49c9aa0,1777380312,0.43,40.0,yes,"{""count_fp"":""40.00"",""created_time"":""2026-04-28T12:45:12.234211Z"",""no_price_dollars"":""0.5700"",""taker_side"":""yes"",""ticker"":""KXBTC15M-26APR280900-00"",""trade_id"":""36680ef6-c5da-65e2-d068-b222b49c9aa0"",""yes_price_dollars"":""0.4300""}"
KXBTC15M-26APR280900-00,2305ed12-96a3-6acb-e683-514bbe58413b,1777380312,0.44,13.0,yes,"{""count_fp"":""13.00"",""created_time"":""2026-04-28T12:45:12.234211Z"",""no_price_dollars"":""0.5600"",""taker_side"":""yes"",""ticker"":""KXBTC15M-26APR280900-00"",""trade_id"":""2305ed12-96a3-6acb-e683-514bbe58413b"",""yes_price_dollars"":""0.4400""}"
KXBTC15M-26APR280900-00,222d2e78-41fd-61b7-ec42-7027e5ed471a,1777380312,0.45,390.68,yes,"{""count_fp"":""390.68"",""created_time"":""2026-04-28T12:45:12.234211Z"",""no_price_dollars"":""0.5500"",""taker_side"":""yes"",""ticker"":""KXBTC15M-26APR280900-00"",""trade_id"":""222d2e78-41fd-61b7-ec42-7027e5ed471a"",""yes_price_dollars"":""0.4500""}"
KXBTC15M-26APR280900-00,9f2f7d48-0498-4bff-0b23-7785eaf126fc,1777380312,0.42,17.62,no,"{""count_fp"":""17.62"",""created_time"":""2026-04-28T12:45:12.122613Z"",""no_price_dollars"":""0.5800"",""taker_side"":""no"",""ticker"":""KXBTC15M-26APR280900-00"",""trade_id"":""9f2f7d48-0498-4bff-0b23-7785eaf126fc"",""yes_price_dollars"":""0.4200""}"
KXBTC15M-26APR280900-00,540f9370-64e3-4a7c-289b-20cb7b671b9d,1777380312,0.41,2.47,no,"{""count_fp"":""2.47"",""created_time"":""2026-04-28T12:45:12.122613Z"",""no_price_dollars"":""0.5900"",""taker_side"":""no"",""ticker"":""KXBTC15M-26APR280900-00"",""trade_id"":""540f9370-64e3-4a7c-289b-20cb7b671b9d"",""yes_price_dollars"":""0.4100""}"
KXBTC15M-26APR280900-00,f96ee9c6-9fd3-4b09-f65e-736fa4c46e3b,1777380312,0.42,56.0,no,"{""count_fp"":""56.00"",""created_time"":""2026-04-28T12:45:12.025721Z"",""no_price_dollars"":""0.5800"",""taker_side"":""no"",""ticker"":""KXBTC15M-26APR280900-00"",""trade_id"":""f96ee9c6-9fd3-4b09-f65e-736fa4c46e3b"",""yes_price_dollars"":""0.4200""}"
KXBTC15M-26APR280900-00,e3eb9910-adc9-43d7-e8e7-7ed10be081d6,1777380312,0.42,20.0,no,"{""count_fp"":""20.00"",""created_time"":""2026-04-28T12:45:12.025721Z"",""no_price_dollars"":""0.5800"",""taker_side"":""no"",""ticker"":""KXBTC15M-26APR280900-00"",""trade_id"":""e3eb9910-adc9-43d7-e8e7-7ed10be081d6"",""yes_price_dollars"":""0.4200""}"
KXBTC15M-26APR280900-00,35adf275-c410-490b-f6be-a670cbbfa598,1777380312,0.42,28.38,no,"{""count_fp"":""28.38"",""created_time"":""2026-04-28T12:45:12.025721Z"",""no_price_dollars"":""0.5800"",""taker_side"":""no"",""ticker"":""KXBTC15M-26APR280900-00"",""trade_id"":""35adf275-c410-490b-f6be-a670cbbfa598"",""yes_price_dollars"":""0.4200""}"
KXBTC15M-26APR280900-00,2fcfcb61-4c4a-4fd2-e2bc-6011dd74dbc7,1777380312,0.42,19.0,no,"{""count_fp"":""19.00"",""created_time"":""2026-04-28T12:45:12.025721Z"",""no_price_dollars"":""0.5800"",""taker_side"":""no"",""ticker"":""KXBTC15M-26APR280900-00"",""trade_id"":""2fcfcb61-4c4a-4fd2-e2bc-6011dd74dbc7"",""yes_price_dollars"":""0.4200""}"
KXBTC15M-26APR280900-00,910c85c9-966f-64d8-b2f2-a8bafca8db5d,1777380313,0.41,0.62,no,"{""count_fp"":""0.62"",""created_time"":""2026-04-28T12:45:13.583237Z"",""no_price_dollars"":""0.5900"",""taker_side"":""no"",""ticker"":""KXBTC15M-26APR280900-00"",""trade_id"":""910c85c9-966f-64d8-b2f2-a8bafca8db5d"",""yes_price_dollars"":""0.4100""}"
KXBTC15M-26APR280900-00,505298cc-c118-4d48-0c58-f21d24899cca,1777380313,0.42,1.67,no,"{""count_fp"":""1.67"",""created_time"":""2026-04-28T12:45:13.199703Z"",""no_price_dollars"":""0.5800"",""taker_side"":""no"",""ticker"":""KXBTC15M-26APR280900-00"",""trade_id"":""505298cc-c118-4d48-0c58-f21d24899cca"",""yes_price_dollars"":""0.4200""}"
KXBTC15M-26APR280900-00,ba068771-0c32-7506-2ea2-c2d2a74612e8,1777380313,0.43,40.0,no,"{""count_fp"":""40.00"",""created_time"":""2026-04-28T12:45:13.187884Z"",""no_price_dollars"":""0.5700"",""taker_side"":""no"",""ticker"":""KXBTC15M-26APR280900-00"",""trade_id"":""ba068771-0c32-7506-2ea2-c2d2a74612e8"",""yes_price_dollars"":""0.4300""}"
KXBTC15M-26APR280900-00,12d31000-e399-7a92-3a93-6bd666083ce0,1777380313,0.43,10.0,no,"{""count_fp"":""10.00"",""created_time"":""2026-04-28T12:45:13.187884Z"",""no_price_dollars"":""0.5700"",""taker_side"":""no"",""ticker"":""KXBTC15M-26APR280900-00"",""trade_id"":""12d31000-e399-7a92-3a93-6bd666083ce0"",""yes_price_dollars"":""0.4300""}"
KXBTC15M-26APR280900-00,b546ba0c-e1b2-6e2f-f0a7-142a91c7db05,1777380315,0.42,3.0,yes,"{""count_fp"":""3.00"",""created_time"":""2026-04-28T12:45:15.538329Z"",""no_price_dollars"":""0.5800"",""taker_side"":""yes"",""ticker"":""KXBTC15M-26APR280900-00"",""trade_id"":""b546ba0c-e1b2-6e2f-f0a7-142a91c7db05"",""yes_price_dollars"":""0.4200""}"
KXBTC15M-26APR280900-00,a4c73cdc-382f-6f43-dc27-acfd6cdb7be6,1777380315,0.42,13.17,yes,"{""count_fp"":""13.17"",""created_time"":""2026-04-28T12:45:15.538329Z"",""no_price_dollars"":""0.5800"",""taker_side"":""yes"",""ticker"":""KXBTC15M-26APR280900-00"",""trade_id"":""a4c73cdc-382f-6f43-dc27-acfd6cdb7be6"",""yes_price_dollars"":""0.4200""}"
KXBTC15M-26APR280900-00,2c514355-3e99-604f-dc45-b7ccefb695e2,1777380315,0.42,8.64,yes,"{""count_fp"":""8.64"",""created_time"":""2026-04-28T12:45:15.538329Z"",""no_price_dollars"":""0.5800"",""taker_side"":""yes"",""ticker"":""KXBTC15M-26APR280900-00"",""trade_id"":""2c514355-3e99-604f-dc45-b7ccefb695e2"",""yes_price_dollars"":""0.4200""}"
KXBTC15M-26APR280900-00,c71cccfb-28db-5ff0-c3df-4795ae1ea4fd,1777380315,0.41,0.16,no,"{""count_fp"":""0.16"",""created_time"":""2026-04-28T12:45:15.445001Z"",""no_price_dollars"":""0.5900"",""taker_side"":""no"",""ticker"":""KXBTC15M-26APR280900-00"",""trade_id"":""c71cccfb-28db-5ff0-c3df-4795ae1ea4fd"",""yes_price_dollars"":""0.4100""}"
KXBTC15M-26APR280900-00,ae5b9c01-a010-4f07-e987-bdf13075b409,1777380316,0.42,5.02,no,"{""count_fp"":""5.02"",""created_time"":""2026-04-28T12:45:16.915211Z"",""no_price_dollars"":""0.5800"",""taker_side"":""no"",""ticker"":""KXBTC15M-26APR280900-00"",""trade_id"":""ae5b9c01-a010-4f07-e987-bdf13075b409"",""yes_price_dollars"":""0.4200""}"
KXBTC15M-26APR280900-00,fc4414be-3b85-7717-bf6f-8959acef987a,1777380316,0.43,11.0,yes,"{""count_fp"":""11.00"",""created_time"":""2026-04-28T12:45:16.351224Z"",""no_price_dollars"":""0.5700"",""taker_side"":""yes"",""ticker"":""KXBTC15M-26APR280900-00"",""trade_id"":""fc4414be-3b85-7717-bf6f-8959acef987a"",""yes_price_dollars"":""0.4300""}"
KXBTC15M-26APR280900-00,edac0607-ae79-5067-c74f-b0bf8588e84a,1777380317,0.43,55.9,yes,"{""count_fp"":""55.90"",""created_time"":""2026-04-28T12:45:17.616913Z"",""no_price_dollars"":""0.5700"",""taker_side"":""yes"",""ticker"":""KXBTC15M-26APR280900-00"",""trade_id"":""edac0607-ae79-5067-c74f-b0bf8588e84a"",""yes_price_dollars"":""0.4300""}"
KXBTC15M-26APR280900-00,7ef6d5b7-c5e3-4b1c-1db2-1c1481d4f327,1777380317,0.42,1.85,no,"{""count_fp"":""1.85"",""created_time"":""2026-04-28T12:45:17.435163Z"",""no_price_dollars"":""0.5800"",""taker_side"":""no"",""ticker"":""KXBTC15M-26APR280900-00"",""trade_id"":""7ef6d5b7-c5e3-4b1c-1db2-1c1481d4f327"",""yes_price_dollars"":""0.4200""}"
KXBTC15M-26APR280900-00,30f2e02d-d0c4-4dbb-2aae-b7488e64ab4d,1777380317,0.42,31.64,no,"{""count_fp"":""31.64"",""created_time"":""2026-04-28T12:45:17.435163Z"",""no_price_dollars"":""0.5800"",""taker_side"":""no"",""ticker"":""KXBTC15M-26APR280900-00"",""trade_id"":""30f2e02d-d0c4-4dbb-2aae-b7488e64ab4d"",""yes_price_dollars"":""0.4200""}"
KXBTC15M-26APR280900-00,4b000639-d1a8-6467-3508-c30a31dde759,1777380317,0.42,3.34,no,"{""count_fp"":""3.34"",""created_time"":""2026-04-28T12:45:17.236151Z"",""no_price_dollars"":""0.5800"",""taker_side"":""no"",""ticker"":""KXBTC15M-26APR280900-00"",""trade_id"":""4b000639-d1a8-6467-3508-c30a31dde759"",""yes_price_dollars"":""0.4200""}"
KXBTC15M-26APR280900-00,7bcd1fa8-78a3-4a78-678e-dac7f8679665,1777380318,0.41,11.25,no,"{""count_fp"":""11.25"",""created_time"":""2026-04-28T12:45:18.928567Z"",""no_price_dollars"":""0.5900"",""taker_side"":""no"",""ticker"":""KXBTC15M-26APR280900-00"",""trade_id"":""7bcd1fa8-78a3-4a78-678e-dac7f8679665"",""yes_price_dollars"":""0.4100""}"
KXBTC15M-26APR280900-00,50005d1c-8c84-4b50-6a78-bce842b9da3c,1777380318,0.42,29.78,no,"{""count_fp"":""29.78"",""created_time"":""2026-04-28T12:45:18.928567Z"",""no_price_dollars"":""0.5800"",""taker_side"":""no"",""ticker"":""KXBTC15M-26APR280900-00"",""trade_id"":""50005d1c-8c84-4b50-6a78-bce842b9da3c"",""yes_price_dollars"":""0.4200""}"
KXBTC15M-26APR280900-00,fcdc34c4-879c-7b68-bd42-7dfecf7be1b8,1777380318,0.42,9.37,no,"{""count_fp"":""9.37"",""created_time"":""2026-04-28T12:45:18.641346Z"",""no_price_dollars"":""0.5800"",""taker_side"":""no"",""ticker"":""KXBTC15M-26APR280900-00"",""trade_id"":""fcdc34c4-879c-7b68-bd42-7dfecf7be1b8"",""yes_price_dollars"":""0.4200""}"
KXBTC15M-26APR280900-00,9d8e86e9-470d-75d3-494a-124913f1705a,1777380318,0.43,8.0,yes,"{""count_fp"":""8.00"",""created_time"":""2026-04-28T12:45:18.585259Z"",""no_price_dollars"":""0.5700"",""taker_side"":""yes"",""ticker"":""KXBTC15M-26APR280900-00"",""trade_id"":""9d8e86e9-470d-75d3-494a-124913f1705a"",""yes_price_dollars"":""0.4300""}"
KXBTC15M-26APR280900-00,f4ac3ae1-2c1d-49a7-2474-3045cbdf094a,1777380318,0.43,22.36,yes,"{""count_fp"":""22.36"",""created_time"":""2026-04-28T12:45:18.418095Z"",""no_price_dollars"":""0.5700"",""taker_side"":""yes"",""ticker"":""KXBTC15M-26APR280900-00"",""trade_id"":""f4ac3ae1-2c1d-49a7-2474-3045cbdf094a"",""yes_price_dollars"":""0.4300""}"
KXBTC15M-26APR280900-00,117edc92-a739-692b-be7c-fa2bb0eb3f8e,1777380318,0.43,29.06,yes,"{""count_fp"":""29.06"",""created_time"":""2026-04-28T12:45:18.320532Z"",""no_price_dollars"":""0.5700"",""taker_side"":""yes"",""ticker"":""KXBTC15M-26APR280900-00"",""trade_id"":""117edc92-a739-692b-be7c-fa2bb0eb3f8e"",""yes_price_dollars"":""0.4300""}"
KXBTC15M-26APR280900-00,c1f69929-70ff-7542-01a3-e3dbad857962,1777380318,0.42,4.15,no,"{""count_fp"":""4.15"",""created_time"":""2026-04-28T12:45:18.300031Z"",""no_price_dollars"":""0.5800"",""taker_side"":""no"",""ticker"":""KXBTC15M-26APR280900-00"",""trade_id"":""c1f69929-70ff-7542-01a3-e3dbad857962"",""yes_price_dollars"":""0.4200""}"
KXBTC15M-26APR280900-00,44a64383-d25c-7cf8-37b2-aeded622c800,1777380318,0.42,0.85,no,"{""count_fp"":""0.85"",""created_time"":""2026-04-28T12:45:18.300031Z"",""no_price_dollars"":""0.5800"",""taker_side"":""no"",""ticker"":""KXBTC15M-26APR280900-00"",""trade_id"":""44a64383-d25c-7cf8-37b2-aeded622c800"",""yes_price_dollars"":""0.4200""}"
KXBTC15M-26APR280900-00,712bf2fe-ae33-5d90-b4dc-e94f83a6685b,1777380318,0.42,8.15,no,"{""count_fp"":""8.15"",""created_time"":""2026-04-28T12:45:18.135311Z"",""no_price_dollars"":""0.5800"",""taker_side"":""no"",""ticker"":""KXBTC15M-26APR280900-00"",""trade_id"":""712bf2fe-ae33-5d90-b4dc-e94f83a6685b"",""yes_price_dollars"":""0.4200""}"
KXBTC15M-26APR280900-00,2f7d256b-0813-52ca-860d-467aa608d3b6,1777380318,0.42,51.85,no,"{""count_fp"":""51.85"",""created_time"":""2026-04-28T12:45:18.135311Z"",""no_price_dollars"":""0.5800"",""taker_side"":""no"",""ticker"":""KXBTC15M-26APR280900-00"",""trade_id"":""2f7d256b-0813-52ca-860d-467aa608d3b6"",""yes_price_dollars"":""0.4200""}"
KXBTC15M-26APR280900-00,412e169b-9de1-728b-f985-350976322e7e,1777380318,0.43,1.0,yes,"{""count_fp"":""1.00"",""created_time"":""2026-04-28T12:45:18.102578Z"",""no_price_dollars"":""0.5700"",""taker_side"":""yes"",""ticker"":""KXBTC15M-26APR280900-00"",""trade_id"":""412e169b-9de1-728b-f985-350976322e7e"",""yes_price_dollars"":""0.4300""}"
KXBTC15M-26APR280900-00,6e921698-e64f-679e-4e86-d2602f301fea,1777380319,0.43,11.09,yes,"{""count_fp"":""11.09"",""created_time"":""2026-04-28T12:45:19.858087Z"",""no_price_dollars"":""0.5700"",""taker_side"":""yes"",""ticker"":""KXBTC15M-26APR280900-00"",""trade_id"":""6e921698-e64f-679e-4e86-d2602f301fea"",""yes_price_dollars"":""0.4300""}"
KXBTC15M-26APR280900-00,e66e6d1f-8ab7-5a72-bf59-fa2d5c8956f2,1777380319,0.43,0.89,yes,"{""count_fp"":""0.89"",""created_time"":""2026-04-28T12:45:19.763672Z"",""no_price_dollars"":""0.5700"",""taker_side"":""yes"",""ticker"":""KXBTC15M-26APR280900-00"",""trade_id"":""e66e6d1f-8ab7-5a72-bf59-fa2d5c8956f2"",""yes_price_dollars"":""0.4300""}"
KXBTC15M-26APR280900-00,ee4ec189-d65e-6556-4e73-7a81beeab206,1777380319,0.43,200.0,yes,"{""count_fp"":""200.00"",""created_time"":""2026-04-28T12:45:19.745688Z"",""no_price_dollars"":""0.5700"",""taker_side"":""yes"",""ticker"":""KXBTC15M-26APR280900-00"",""trade_id"":""ee4ec189-d65e-6556-4e73-7a81beeab206"",""yes_price_dollars"":""0.4300""}"
KXBTC15M-26APR280900-00,934888d0-d20e-6deb-5b80-6d7793d0df66,1777380319,0.43,3.0,yes,"{""count_fp"":""3.00"",""created_time"":""2026-04-28T12:45:19.745688Z"",""no_price_dollars"":""0.5700"",""taker_side"":""yes"",""ticker"":""KXBTC15M-26APR280900-00"",""trade_id"":""934888d0-d20e-6deb-5b80-6d7793d0df66"",""yes_price_dollars"":""0.4300""}"
KXBTC15M-26APR280900-00,6c226e5a-108b-6512-4bd9-57a4c4aaa00e,1777380319,0.43,20.63,yes,"{""count_fp"":""20.63"",""created_time"":""2026-04-28T12:45:19.745688Z"",""no_price_dollars"":""0.5700"",""taker_side"":""yes"",""ticker"":""KXBTC15M-26APR280900-00"",""trade_id"":""6c226e5a-108b-6512-4bd9-57a4c4aaa00e"",""yes_price_dollars"":""0.4300""}"
KXBTC15M-26APR280900-00,a092a21b-ae2d-6ea1-67af-78a16465f23b,1777380319,0.42,33.42,no,"{""count_fp"":""33.42"",""created_time"":""2026-04-28T12:45:19.673477Z"",""no_price_dollars"":""0.5800"",""taker_side"":""no"",""ticker"":""KXBTC15M-26APR280900-00"",""trade_id"":""a092a21b-ae2d-6ea1-67af-78a16465f23b"",""yes_price_dollars"":""0.4200""}"
KXBTC15M-26APR280900-00,b28393ee-5099-454f-95f2-7597c3d426be,1777380319,0.43,11.0,yes,"{""count_fp"":""11.00"",""created_time"":""2026-04-28T12:45:19.274775Z"",""no_price_dollars"":""0.5700"",""taker_side"":""yes"",""ticker"":""KXBTC15M-26APR280900-00"",""trade_id"":""b28393ee-5099-454f-95f2-7597c3d426be"",""yes_price_dollars"":""0.4300""}"
KXBTC15M-26APR280900-00,003e37df-a2eb-56ba-8240-0608b1b7846a,1777380320,0.43,11.18,yes,"{""count_fp"":""11.18"",""created_time"":""2026-04-28T12:45:20.176881Z"",""no_price_dollars"":""0.5700"",""taker_side"":""yes"",""ticker"":""KXBTC15M-26APR280900-00"",""trade_id"":""003e37df-a2eb-56ba-8240-0608b1b7846a"",""yes_price_dollars"":""0.4300""}"
KXBTC15M-26APR280900-00,e961f258-a10b-6b5a-fe35-37a942c1c252,1777380321,0.43,2.0,yes,"{""count_fp"":""2.00"",""created_time"":""2026-04-28T12:45:21.799766Z"",""no_price_dollars"":""0.5700"",""taker_side"":""yes"",""ticker"":""KXBTC15M-26APR280900-00"",""trade_id"":""e961f258-a10b-6b5a-fe35-37a942c1c252"",""yes_price_dollars"":""0.4300""}"
KXBTC15M-26APR280900-00,352f6d6c-20cb-43ea-0a37-5c3e7ed7d096,1777380321,0.43,22.36,yes,"{""count_fp"":""22.36"",""created_time"":""2026-04-28T12:45:21.669478Z"",""no_price_dollars"":""0.5700"",""taker_side"":""yes"",""ticker"":""KXBTC15M-26APR280900-00"",""trade_id"":""352f6d6c-20cb-43ea-0a37-5c3e7ed7d096"",""yes_price_dollars"":""0.4300""}"
KXBTC15M-26APR280900-00,61f923ef-652b-411e-8728-1f2987ec7182,1777380321,0.43,55.9,yes,"{""count_fp"":""55.90"",""created_time"":""2026-04-28T12:45:21.630171Z"",""no_price_dollars"":""0.5700"",""taker_side"":""yes"",""ticker"":""KXBTC15M-26APR280900-00"",""trade_id"":""61f923ef-652b-411e-8728-1f2987ec7182"",""yes_price_dollars"":""0.4300""}"
KXBTC15M-26APR280900-00,e98dbc37-6487-5f92-ee42-e230e54ebcea,1777380321,0.43,1.0,yes,"{""count_fp"":""1.00"",""created_time"":""2026-04-28T12:45:21.365833Z"",""no_price_dollars"":""0.5700"",""taker_side"":""yes"",""ticker"":""KXBTC15M-26APR280900-00"",""trade_id"":""e98dbc37-6487-5f92-ee42-e230e54ebcea"",""yes_price_dollars"":""0.4300""}"
KXBTC15M-26APR280900-00,05bdf8f2-de47-7ee2-8490-ffccce8cd42a,1777380321,0.43,22.36,yes,"{""count_fp"":""22.36"",""created_time"":""2026-04-28T12:45:21.059488Z"",""no_price_dollars"":""0.5700"",""taker_side"":""yes"",""ticker"":""KXBTC15M-26APR280900-00"",""trade_id"":""05bdf8f2-de47-7ee2-8490-ffccce8cd42a"",""yes_price_dollars"":""0.4300""}"
KXBTC15M-26APR280900-00,a4daf20e-2a1f-7d5a-e8f6-aa1f2e662b56,1777380322,0.43,1.0,yes,"{""count_fp"":""1.00"",""created_time"":""2026-04-28T12:45:22.206674Z"",""no_price_dollars"":""0.5700"",""taker_side"":""yes"",""ticker"":""KXBTC15M-26APR280900-00"",""trade_id"":""a4daf20e-2a1f-7d5a-e8f6-aa1f2e662b56"",""yes_price_dollars"":""0.4300""}"
KXBTC15M-26APR280900-00,684da2b0-8505-6afe-1441-a675d0fe15f3,1777380323,0.43,799.85,yes,"{""count_fp"":""799.85"",""created_time"":""2026-04-28T12:45:23.887625Z"",""no_price_dollars"":""0.5700"",""taker_side"":""yes"",""ticker"":""KXBTC15M-26APR280900-00"",""trade_id"":""684da2b0-8505-6afe-1441-a675d0fe15f3"",""yes_price_dollars"":""0.4300""}"
KXBTC15M-26APR280900-00,5876b860-90b9-640a-1e44-f75f04c427ff,1777380323,0.43,3.0,yes,"{""count_fp"":""3.00"",""created_time"":""2026-04-28T12:45:23.887625Z"",""no_price_dollars"":""0.5700"",""taker_side"":""yes"",""ticker"":""KXBTC15M-26APR280900-00"",""trade_id"":""5876b860-90b9-640a-1e44-f75f04c427ff"",""yes_price_dollars"":""0.4300""}"
KXBTC15M-26APR280900-00,34775e32-3e3f-6a26-21ad-b28ebd31d036,1777380323,0.43,333.08,yes,"{""count_fp"":""333.08"",""created_time"":""2026-04-28T12:45:23.887625Z"",""no_price_dollars"":""0.5700"",""taker_side"":""yes"",""ticker"":""KXBTC15M-26APR280900-00"",""trade_id"":""34775e32-3e3f-6a26-21ad-b28ebd31d036"",""yes_price_dollars"":""0.4300""}"
KXBTC15M-26APR280900-00,2b572cd3-41e1-6aa7-1a0d-2b87e7314532,1777380323,0.43,1100.42,yes,"{""count_fp"":""1100.42"",""created_time"":""2026-04-28T12:45:23.887625Z"",""no_price_dollars"":""0.5700"",""taker_side"":""yes"",""ticker"":""KXBTC15M-26APR280900-00"",""trade_id"":""2b572cd3-41e1-6aa7-1a0d-2b87e7314532"",""yes_price_dollars"":""0.4300""}"
KXBTC15M-26APR280900-00,8e989800-1b01-649a-86b3-f0a1034ed1a2,1777380324,0.42,0.83,no,"{""count_fp"":""0.83"",""created_time"":""2026-04-28T12:45:24.641508Z"",""no_price_dollars"":""0.5800"",""taker_side"":""no"",""ticker"":""KXBTC15M-26APR280900-00"",""trade_id"":""8e989800-1b01-649a-86b3-f0a1034ed1a2"",""yes_price_dollars"":""0.4200""}"
KXBTC15M-26APR280900-00,948eb44b-d509-6382-b49e-572eb1a61deb,1777380324,0.43,2.23,yes,"{""count_fp"":""2.23"",""created_time"":""2026-04-28T12:45:24.635453Z"",""no_price_dollars"":""0.5700"",""taker_side"":""yes"",""ticker"":""KXBTC15M-26APR280900-00"",""trade_id"":""948eb44b-d509-6382-b49e-572eb1a61deb"",""yes_price_dollars"":""0.4300""}"
KXBTC15M-26APR280900-00,c7bb472f-86ad-44f6-bcb6-48cba16f01f6,1777380324,0.42,0.85,no,"{""count_fp"":""0.85"",""created_time"":""2026-04-28T12:45:24.550008Z"",""no_price_dollars"":""0.5800"",""taker_side"":""no"",""ticker"":""KXBTC15M-26APR280900-00"",""trade_id"":""c7bb472f-86ad-44f6-bcb6-48cba16f01f6"",""yes_price_dollars"":""0.4200""}"
KXBTC15M-26APR280900-00,0fc949ee-8b6b-4f52-8b6d-c7c661ef3851,1777380324,0.42,3.0,no,"{""count_fp"":""3.00"",""created_time"":""2026-04-28T12:45:24.550008Z"",""no_price_dollars"":""0.5800"",""taker_side"":""no"",""ticker"":""KXBTC15M-26APR280900-00"",""trade_id"":""0fc949ee-8b6b-4f52-8b6d-c7c661ef3851"",""yes_price_dollars"":""0.4200""}"
KXBTC15M-26APR280900-00,933d5dbb-447d-4fbe-f6c1-be2431930d25,1777380325,0.43,2.0,yes,"{""count_fp"":""2.00"",""created_time"":""2026-04-28T12:45:25.840097Z"",""no_price_dollars"":""0.5700"",""taker_side"":""yes"",""ticker"":""KXBTC15M-26APR280900-00"",""trade_id"":""933d5dbb-447d-4fbe-f6c1-be2431930d25"",""yes_price_dollars"":""0.4300""}"
KXBTC15M-26APR280900-00,ae217f5b-ae2d-6e3e-bb2a-bbf76125d72d,1777380325,0.43,4.72,yes,"{""count_fp"":""4.72"",""created_time"":""2026-04-28T12:45:25.516178Z"",""no_price_dollars"":""0.5700"",""taker_side"":""yes"",""ticker"":""KXBTC15M-26APR280900-00"",""trade_id"":""ae217f5b-ae2d-6e3e-bb2a-bbf76125d72d"",""yes_price_dollars"":""0.4300""}"
KXBTC15M-26APR280900-00,663013e8-455d-6db2-b21f-8e1376bf4c44,1777380325,0.43,40.0,yes,"{""count_fp"":""40.00"",""created_time"":""2026-04-28T12:45:25.516178Z"",""no_price_dollars"":""0.5700"",""taker_side"":""yes"",""ticker"":""KXBTC15M-26APR280900-00"",""trade_id"":""663013e8-455d-6db2-b21f-8e1376bf4c44"",""yes_price_dollars"":""0.4300""}"
KXBTC15M-26APR280900-00,818bcec7-20f9-5c86-edb5-5f8ba47def93,1777380325,0.43,8.94,yes,"{""count_fp"":""8.94"",""created_time"":""2026-04-28T12:45:25.339351Z"",""no_price_dollars"":""0.5700"",""taker_side"":""yes"",""ticker"":""KXBTC15M-26APR280900-00"",""trade_id"":""818bcec7-20f9-5c86-edb5-5f8ba47def93"",""yes_price_dollars"":""0.4300""}"
KXBTC15M-26APR280900-00,44d6e50c-f6c1-5332-60a9-96c076e886f5,1777380326,0.43,4.0,yes,"{""count_fp"":""4.00"",""created_time"":""2026-04-28T12:45:26.450337Z"",""no_price_dollars"":""0.5700"",""taker_side"":""yes"",""ticker"":""KXBTC15M-26APR280900-00"",""trade_id"":""44d6e50c-f6c1-5332-60a9-96c076e886f5"",""yes_price_dollars"":""0.4300""}"
KXBTC15M-26APR280900-00,f62b64c3-50a4-6aae-6ab8-abfced95d561,1777380327,0.43,21.86,yes,"{""count_fp"":""21.86"",""created_time"":""2026-04-28T12:45:27.622416Z"",""no_price_dollars"":""0.5700"",""taker_side"":""yes"",""ticker"":""KXBTC15M-26APR280900-00"",""trade_id"":""f62b64c3-50a4-6aae-6ab8-abfced95d561"",""yes_price_dollars"":""0.4300""}"
KXBTC15M-26APR280900-00,bf4ece0e-99d8-4402-6a9d-cde95a0e7859,1777380327,0.43,55.9,yes,"{""count_fp"":""55.90"",""created_time"":""2026-04-28T12:45:27.513015Z"",""no_price_dollars"":""0.5700"",""taker_side"":""yes"",""ticker"":""KXBTC15M-26APR280900-00"",""trade_id"":""bf4ece0e-99d8-4402-6a9d-cde95a0e7859"",""yes_price_dollars"":""0.4300""}"
KXBTC15M-26APR280900-00,5178cd3d-86c8-6d6a-7bd2-1d288afcb63d,1777380328,0.43,11.18,yes,"{""count_fp"":""11.18"",""created_time"":""2026-04-28T12:45:28.441234Z"",""no_price_dollars"":""0.5700"",""taker_side"":""yes"",""ticker"":""KXBTC15M-26APR280900-00"",""trade_id"":""5178cd3d-86c8-6d6a-7bd2-1d288afcb63d"",""yes_price_dollars"":""0.4300""}"
KXBTC15M-26APR280900-00,a0cfc76b-01e3-44a1-496c-307b57acae38,1777380328,0.42,20.0,no,"{""count_fp"":""20.00"",""created_time"":""2026-04-28T12:45:28.045797Z"",""no_price_dollars"":""0.5800"",""taker_side"":""no"",""ticker"":""KXBTC15M-26APR280900-00"",""trade_id"":""a0cfc76b-01e3-44a1-496c-307b57acae38"",""yes_price_dollars"":""0.4200""}"
KXBTC15M-26APR280900-00,89a13f40-9360-4896-6dd8-f017df479d79,1777380328,0.42,10.0,no,"{""count_fp"":""10.00"",""created_time"":""2026-04-28T12:45:28.045797Z"",""no_price_dollars"":""0.5800"",""taker_side"":""no"",""ticker"":""KXBTC15M-26APR280900-00"",""trade_id"":""89a13f40-9360-4896-6dd8-f017df479d79"",""yes_price_dollars"":""0.4200""}"
KXBTC15M-26APR280900-00,4f098949-6fdb-4c01-4cba-ecd86dec2eaf,1777380328,0.42,1.0,no,"{""count_fp"":""1.00"",""created_time"":""2026-04-28T12:45:28.045797Z"",""no_price_dollars"":""0.5800"",""taker_side"":""no"",""ticker"":""KXBTC15M-26APR280900-00"",""trade_id"":""4f098949-6fdb-4c01-4cba-ecd86dec2eaf"",""yes_price_dollars"":""0.4200""}"
KXBTC15M-26APR280900-00,4649b588-79b1-475a-5c98-d494e5648762,1777380328,0.42,12.93,no,"{""count_fp"":""12.93"",""created_time"":""2026-04-28T12:45:28.045797Z"",""no_price_dollars"":""0.5800"",""taker_side"":""no"",""ticker"":""KXBTC15M-26APR280900-00"",""trade_id"":""4649b588-79b1-475a-5c98-d494e5648762"",""yes_price_dollars"":""0.4200""}"
KXBTC15M-26APR280900-00,42ef120c-4b8d-41f1-6490-db68a3baab55,1777380328,0.42,39.81,no,"{""count_fp"":""39.81"",""created_time"":""2026-04-28T12:45:28.045797Z"",""no_price_dollars"":""0.5800"",""taker_side"":""no"",""ticker"":""KXBTC15M-26APR280900-00"",""trade_id"":""42ef120c-4b8d-41f1-6490-db68a3baab55"",""yes_price_dollars"":""0.4200""}"
KXBTC15M-26APR280900-00,466ad9cb-ad35-575a-183c-fa18b236b1a6,1777380328,0.42,13.39,no,"{""count_fp"":""13.39"",""created_time"":""2026-04-28T12:45:28.039571Z"",""no_price_dollars"":""0.5800"",""taker_side"":""no"",""ticker"":""KXBTC15M-26APR280900-00"",""trade_id"":""466ad9cb-ad35-575a-183c-fa18b236b1a6"",""yes_price_dollars"":""0.4200""}"
KXBTC15M-26APR280900-00,a7983b76-5210-6506-f9be-e260a59ec5b5,1777380329,0.43,0.22,yes,"{""count_fp"":""0.22"",""created_time"":""2026-04-28T12:45:29.063946Z"",""no_price_dollars"":""0.5700"",""taker_side"":""yes"",""ticker"":""KXBTC15M-26APR280900-00"",""trade_id"":""a7983b76-5210-6506-f9be-e260a59ec5b5"",""yes_price_dollars"":""0.4300""}"
KXBTC15M-26APR280900-00,3939442e-9069-5b2c-ecd5-9a70db1b411a,1777380330,0.43,1.0,no,"{""count_fp"":""1.00"",""created_time"":""2026-04-28T12:45:30.725888Z"",""no_price_dollars"":""0.5700"",""taker_side"":""no"",""ticker"":""KXBTC15M-26APR280900-00"",""trade_id"":""3939442e-9069-5b2c-ecd5-9a70db1b411a"",""yes_price_dollars"":""0.4300""}"
KXBTC15M-26APR280900-00,04f4eaa7-bde6-726d-f4d1-7a52ac9eb5f9,1777380330,0.44,20.0,yes,"{""count_fp"":""20.00"",""created_time"":""2026-04-28T12:45:30.452172Z"",""no_price_dollars"":""0.5600"",""taker_side"":""yes"",""ticker"":""KXBTC15M-26APR280900-00"",""trade_id"":""04f4eaa7-bde6-726d-f4d1-7a52ac9eb5f9"",""yes_price_dollars"":""0.4400""}"
KXBTC15M-26APR280900-00,da2e618f-a616-4969-716b-ddd901a6f55d,1777380330,0.44,0.53,yes,"{""count_fp"":""0.53"",""created_time"":""2026-04-28T12:45:30.422781Z"",""no_price_dollars"":""0.5600"",""taker_side"":""yes"",""ticker"":""KXBTC15M-26APR280900-00"",""trade_id"":""da2e618f-a616-4969-716b-ddd901a6f55d"",""yes_price_dollars"":""0.4400""}"
KXBTC15M-26APR280900-00,1fdaa800-5825-7730-68f0-750fb54ba686,1777380330,0.43,4.93,no,"{""count_fp"":""4.93"",""created_time"":""2026-04-28T12:45:30.375588Z"",""no_price_dollars"":""0.5700"",""taker_side"":""no"",""ticker"":""KXBTC15M-26APR280900-00"",""trade_id"":""1fdaa800-5825-7730-68f0-750fb54ba686"",""yes_price_dollars"":""0.4300""}"
KXBTC15M-26APR280900-00,55ce5bab-9815-7b14-70f1-5807e27ab616,1777380330,0.43,23.34,no,"{""count_fp"":""23.34"",""created_time"":""2026-04-28T12:45:30.366214Z"",""no_price_dollars"":""0.5700"",""taker_side"":""no"",""ticker"":""KXBTC15M-26APR280900-00"",""trade_id"":""55ce5bab-9815-7b14-70f1-5807e27ab616"",""yes_price_dollars"":""0.4300""}"
KXBTC15M-26APR280900-00,bc2d5d64-b695-54f8-3006-18ee2c060c33,1777380330,0.44,40.0,yes,"{""count_fp"":""40.00"",""created_time"":""2026-04-28T12:45:30.225224Z"",""no_price_dollars"":""0.5600"",""taker_side"":""yes"",""ticker"":""KXBTC15M-26APR280900-00"",""trade_id"":""bc2d5d64-b695-54f8-3006-18ee2c060c33"",""yes_price_dollars"":""0.4400""}"
KXBTC15M-26APR280900-00,4a6f09c4-0904-51ae-392e-7fccbd9b06a9,1777380330,0.44,13.11,yes,"{""count_fp"":""13.11"",""created_time"":""2026-04-28T12:45:30.225224Z"",""no_price_dollars"":""0.5600"",""taker_side"":""yes"",""ticker"":""KXBTC15M-26APR280900-00"",""trade_id"":""4a6f09c4-0904-51ae-392e-7fccbd9b06a9"",""yes_price_dollars"":""0.4400""}"
KXBTC15M-26APR280900-00,3b9be5e4-021d-571b-1b5e-7baeb9c87841,1777380330,0.44,8.0,yes,"{""count_fp"":""8.00"",""created_time"":""2026-04-28T12:45:30.225224Z"",""no_price_dollars"":""0.5600"",""taker_side"":""yes"",""ticker"":""KXBTC15M-26APR280900-00"",""trade_id"":""3b9be5e4-021d-571b-1b5e-7baeb9c87841"",""yes_price_dollars"":""0.4400""}"
KXBTC15M-26APR280900-00,451ed1de-91f8-7a46-79ab-e8595df804d9,1777380331,0.44,24.05,yes,"{""count_fp"":""24.05"",""created_time"":""2026-04-28T12:45:31.603223Z"",""no_price_dollars"":""0.5600"",""taker_side"":""yes"",""ticker"":""KXBTC15M-26APR280900-00"",""trade_id"":""451ed1de-91f8-7a46-79ab-e8595df804d9"",""yes_price_dollars"":""0.4400""}"
KXBTC15M-26APR280900-00,ac9347b8-4609-6174-07be-a6e9c1a56cd6,1777380331,0.43,1.0,no,"{""count_fp"":""1.00"",""created_time"":""2026-04-28T12:45:31.295724Z"",""no_price_dollars"":""0.5700"",""taker_side"":""no"",""ticker"":""KXBTC15M-26APR280900-00"",""trade_id"":""ac9347b8-4609-6174-07be-a6e9c1a56cd6"",""yes_price_dollars"":""0.4300""}"
KXBTC15M-26APR280900-00,67ca5e5e-c818-45d6-1dc7-46a4c898a4a1,1777380331,0.44,2.0,yes,"{""count_fp"":""2.00"",""created_time"":""2026-04-28T12:45:31.178128Z"",""no_price_dollars"":""0.5600"",""taker_side"":""yes"",""ticker"":""KXBTC15M-26APR280900-00"",""trade_id"":""67ca5e5e-c818-45d6-1dc7-46a4c898a4a1"",""yes_price_dollars"":""0.4400""}"
KXBTC15M-26APR280900-00,501f7eda-8e28-53ca-5594-747dfbfd64fd,1777380332,0.44,238.38,yes,"{""count_fp"":""238.38"",""created_time"":""2026-04-28T12:45:32.669992Z"",""no_price_dollars"":""0.5600"",""taker_side"":""yes"",""ticker"":""KXBTC15M-26APR280900-00"",""trade_id"":""501f7eda-8e28-53ca-5594-747dfbfd64fd"",""yes_price_dollars"":""0.4400""}"
KXBTC15M-26APR280900-00,3900ab50-27b6-691d-2f03-5dbe3505ba69,1777380333,0.43,7.3,no,"{""count_fp"":""7.30"",""created_time"":""2026-04-28T12:45:33.105029Z"",""no_price_dollars"":""0.5700"",""taker_side"":""no"",""ticker"":""KXBTC15M-26APR280900-00"",""trade_id"":""3900ab50-27b6-691d-2f03-5dbe3505ba69"",""yes_price_dollars"":""0.4300""}"
KXBTC15M-26APR280900-00,01856f84-a3c9-610c-02d7-b45ce122f82a,1777380333,0.43,9.73,no,"{""count_fp"":""9.73"",""created_time"":""2026-04-28T12:45:33.105029Z"",""no_price_dollars"":""0.5700"",""taker_side"":""no"",""ticker"":""KXBTC15M-26APR280900-00"",""trade_id"":""01856f84-a3c9-610c-02d7-b45ce122f82a"",""yes_price_dollars"":""0.4300""}"
KXBTC15M-26APR280900-00,613a7288-6634-7b58-5c42-62c2ed40cc4d,1777380334,0.43,8.51,no,"{""count_fp"":""8.51"",""created_time"":""2026-04-28T12:45:34.681395Z"",""no_price_dollars"":""0.5700"",""taker_side"":""no"",""ticker"":""KXBTC15M-26APR280900-00"",""trade_id"":""613a7288-6634-7b58-5c42-62c2ed40cc4d"",""yes_price_dollars"":""0.4300""}"
KXBTC15M-26APR280900-00,dc625abc-1604-5668-ff4a-191b9bd2c131,1777380334,0.43,1.7,no,"{""count_fp"":""1.70"",""created_time"":""2026-04-28T12:45:34.623524Z"",""no_price_dollars"":""0.5700"",""taker_side"":""no"",""ticker"":""KXBTC15M-26APR280900-00"",""trade_id"":""dc625abc-1604-5668-ff4a-191b9bd2c131"",""yes_price_dollars"":""0.4300""}"
KXBTC15M-26APR280900-00,f652cbc1-a468-4a84-df3d-42a079430405,1777380334,0.43,1.31,no,"{""count_fp"":""1.31"",""created_time"":""2026-04-28T12:45:34.604175Z"",""no_price_dollars"":""0.5700"",""taker_side"":""no"",""ticker"":""KXBTC15M-26APR280900-00"",""trade_id"":""f652cbc1-a468-4a84-df3d-42a079430405"",""yes_price_dollars"":""0.4300""}"
KXBTC15M-26APR280900-00,1c44e671-3812-483d-e725-9042e79053e9,1777380334,0.43,2.09,no,"{""count_fp"":""2.09"",""created_time"":""2026-04-28T12:45:34.604175Z"",""no_price_dollars"":""0.5700"",""taker_side"":""no"",""ticker"":""KXBTC15M-26APR280900-00"",""trade_id"":""1c44e671-3812-483d-e725-9042e79053e9"",""yes_price_dollars"":""0.4300""}"
KXBTC15M-26APR280900-00,1d7d5737-a7eb-5742-d5ad-4da838c82d34,1777380334,0.44,10.0,yes,"{""count_fp"":""10.00"",""created_time"":""2026-04-28T12:45:34.483186Z"",""no_price_dollars"":""0.5600"",""taker_side"":""yes"",""ticker"":""KXBTC15M-26APR280900-00"",""trade_id"":""1d7d5737-a7eb-5742-d5ad-4da838c82d34"",""yes_price_dollars"":""0.4400""}"
KXBTC15M-26APR280900-00,b28d1126-7876-612d-c101-87efbe33a12d,1777380334,0.43,0.61,no,"{""count_fp"":""0.61"",""created_time"":""2026-04-28T12:45:34.319562Z"",""no_price_dollars"":""0.5700"",""taker_side"":""no"",""ticker"":""KXBTC15M-26APR280900-00"",""trade_id"":""b28d1126-7876-612d-c101-87efbe33a12d"",""yes_price_dollars"":""0.4300""}"
KXBTC15M-26APR280900-00,a7803dae-5c90-4c5a-7fb3-f57c3c827d79,1777380334,0.44,87.47,yes,"{""count_fp"":""87.47"",""created_time"":""2026-04-28T12:45:34.254613Z"",""no_price_dollars"":""0.5600"",""taker_side"":""yes"",""ticker"":""KXBTC15M-26APR280900-00"",""trade_id"":""a7803dae-5c90-4c5a-7fb3-f57c3c827d79"",""yes_price_dollars"":""0.4400""}"
KXBTC15M-26APR280900-00,8fce4479-311e-675b-7df7-76a54b0d4f3a,1777380335,0.43,1.0,no,"{""count_fp"":""1.00"",""created_time"":""2026-04-28T12:45:35.771098Z"",""no_price_dollars"":""0.5700"",""taker_side"":""no"",""ticker"":""KXBTC15M-26APR280900-00"",""trade_id"":""8fce4479-311e-675b-7df7-76a54b0d4f3a"",""yes_price_dollars"":""0.4300""}"
KXBTC15M-26APR280900-00,df6bb305-8560-70a4-15e6-f545383686a1,1777380335,0.43,2.48,no,"{""count_fp"":""2.48"",""created_time"":""2026-04-28T12:45:35.566156Z"",""no_price_dollars"":""0.5700"",""taker_side"":""no"",""ticker"":""KXBTC15M-26APR280900-00"",""trade_id"":""df6bb305-8560-70a4-15e6-f545383686a1"",""yes_price_dollars"":""0.4300""}"
KXBTC15M-26APR280900-00,7b0187f3-fe4e-77cb-0325-d54865759252,1777380335,0.43,0.52,no,"{""count_fp"":""0.52"",""created_time"":""2026-04-28T12:45:35.566156Z"",""no_price_dollars"":""0.5700"",""taker_side"":""no"",""ticker"":""KXBTC15M-26APR280900-00"",""trade_id"":""7b0187f3-fe4e-77cb-0325-d54865759252"",""yes_price_dollars"":""0.4300""}"
KXBTC15M-26APR280900-00,2b32e09c-5733-7283-0bd7-fe79d137ceed,1777380335,0.43,1.0,no,"{""count_fp"":""1.00"",""created_time"":""2026-04-28T12:45:35.566156Z"",""no_price_dollars"":""0.5700"",""taker_side"":""no"",""ticker"":""KXBTC15M-26APR280900-00"",""trade_id"":""2b32e09c-5733-7283-0bd7-fe79d137ceed"",""yes_price_dollars"":""0.4300""}"
KXBTC15M-26APR280900-00,0465bb40-8ff9-58ed-5493-614804bd08cb,1777380335,0.44,10.93,yes,"{""count_fp"":""10.93"",""created_time"":""2026-04-28T12:45:35.548546Z"",""no_price_dollars"":""0.5600"",""taker_side"":""yes"",""ticker"":""KXBTC15M-26APR280900-00"",""trade_id"":""0465bb40-8ff9-58ed-5493-614804bd08cb"",""yes_price_dollars"":""0.4400""}"
KXBTC15M-26APR280900-00,4aea5072-a6f8-4188-06ec-9b0b6f92e2c1,1777380335,0.43,6.0,no,"{""count_fp"":""6.00"",""created_time"":""2026-04-28T12:45:35.454636Z"",""no_price_dollars"":""0.5700"",""taker_side"":""no"",""ticker"":""KXBTC15M-26APR280900-00"",""trade_id"":""4aea5072-a6f8-4188-06ec-9b0b6f92e2c1"",""yes_price_dollars"":""0.4300""}"
KXBTC15M-26APR280900-00,74bd87fe-6cbf-6af6-ebe4-5d6391aeabb8,1777380335,0.44,30.0,yes,"{""count_fp"":""30.00"",""created_time"":""2026-04-28T12:45:35.287436Z"",""no_price_dollars"":""0.5600"",""taker_side"":""yes"",""ticker"":""KXBTC15M-26APR280900-00"",""trade_id"":""74bd87fe-6cbf-6af6-ebe4-5d6391aeabb8"",""yes_price_dollars"":""0.4400""}"
KXBTC15M-26APR280900-00,10fe0e30-a0bd-6039-fb39-b689261731e7,1777380335,0.44,79.34,yes,"{""count_fp"":""79.34"",""created_time"":""2026-04-28T12:45:35.287436Z"",""no_price_dollars"":""0.5600"",""taker_side"":""yes"",""ticker"":""KXBTC15M-26APR280900-00"",""trade_id"":""10fe0e30-a0bd-6039-fb39-b689261731e7"",""yes_price_dollars"":""0.4400""}"
KXBTC15M-26APR280900-00,1ab180d2-6219-4885-f431-dffcb7dbb817,1777380336,0.44,25.0,yes,"{""count_fp"":""25.00"",""created_time"":""2026-04-28T12:45:36.730177Z"",""no_price_dollars"":""0.5600"",""taker_side"":""yes"",""ticker"":""KXBTC15M-26APR280900-00"",""trade_id"":""1ab180d2-6219-4885-f431-dffcb7dbb817"",""yes_price_dollars"":""0.4400""}"
KXBTC15M-26APR280900-00,08430400-2f25-7899-210e-758dee99d3ff,1777380336,0.44,200.0,yes,"{""count_fp"":""200.00"",""created_time"":""2026-04-28T12:45:36.498668Z"",""no_price_dollars"":""0.5600"",""taker_side"":""yes"",""ticker"":""KXBTC15M-26APR280900-00"",""trade_id"":""08430400-2f25-7899-210e-758dee99d3ff"",""yes_price_dollars"":""0.4400""}"
KXBTC15M-26APR280900-00,a5208ae7-ed49-7965-e289-bd2b1f2aecdf,1777380336,0.44,264.81,yes,"{""count_fp"":""264.81"",""created_time"":""2026-04-28T12:45:36.289581Z"",""no_price_dollars"":""0.5600"",""taker_side"":""yes"",""ticker"":""KXBTC15M-26APR280900-00"",""trade_id"":""a5208ae7-ed49-7965-e289-bd2b1f2aecdf"",""yes_price_dollars"":""0.4400""}"
KXBTC15M-26APR280900-00,2af8cdc1-771b-7647-d611-d26b8f8c0332,1777380336,0.44,2.0,yes,"{""count_fp"":""2.00"",""created_time"":""2026-04-28T12:45:36.289581Z"",""no_price_dollars"":""0.5600"",""taker_side"":""yes"",""ticker"":""KXBTC15M-26APR280900-00"",""trade_id"":""2af8cdc1-771b-7647-d611-d26b8f8c0332"",""yes_price_dollars"":""0.4400""}"
KXBTC15M-26APR280900-00,e9910f1a-514e-644f-e907-a84b63b3918e,1777380337,0.43,1.7,no,"{""count_fp"":""1.70"",""created_time"":""2026-04-28T12:45:37.553907Z"",""no_price_dollars"":""0.5700"",""taker_side"":""no"",""ticker"":""KXBTC15M-26APR280900-00"",""trade_id"":""e9910f1a-514e-644f-e907-a84b63b3918e"",""yes_price_dollars"":""0.4300""}"
KXBTC15M-26APR280900-00,b4d51667-5901-5f39-f3d3-36a7e7ac6c27,1777380337,0.44,21.86,yes,"{""count_fp"":""21.86"",""created_time"":""2026-04-28T12:45:37.489738Z"",""no_price_dollars"":""0.5600"",""taker_side"":""yes"",""ticker"":""KXBTC15M-26APR280900-00"",""trade_id"":""b4d51667-5901-5f39-f3d3-36a7e7ac6c27"",""yes_price_dollars"":""0.4400""}"
KXBTC15M-26APR280900-00,822d5c9f-ded3-6a61-4a7d-5720087e8f17,1777380338,0.48,1.0,yes,"{""count_fp"":""1.00"",""created_time"":""2026-04-28T12:45:38.906531Z"",""no_price_dollars"":""0.5200"",""taker_side"":""yes"",""ticker"":""KXBTC15M-26APR280900-00"",""trade_id"":""822d5c9f-ded3-6a61-4a7d-5720087e8f17"",""yes_price_dollars"":""0.4800""}"
KXBTC15M-26APR280900-00,f5885b5f-1aaa-4d57-25ac-379742d4a91c,1777380338,0.49,200.0,yes,"{""count_fp"":""200.00"",""created_time"":""2026-04-28T12:45:38.893378Z"",""no_price_dollars"":""0.5100"",""taker_side"":""yes"",""ticker"":""KXBTC15M-26APR280900-00"",""trade_id"":""f5885b5f-1aaa-4d57-25ac-379742d4a91c"",""yes_price_dollars"":""0.4900""}"
KXBTC15M-26APR280900-00,d5bcf092-8a83-4c47-0c22-80983beb2a43,1777380338,0.5,0.21,yes,"{""count_fp"":""0.21"",""created_time"":""2026-04-28T12:45:38.893378Z"",""no_price_dollars"":""0.5000"",""taker_side"":""yes"",""ticker"":""KXBTC15M-26APR280900-00"",""trade_id"":""d5bcf092-8a83-4c47-0c22-80983beb2a43"",""yes_price_dollars"":""0.5000""}"
KXBTC15M-26APR280900-00,4db2b472-742f-45f8-389a-eaecbaedfaad,1777380338,0.49,1.0,yes,"{""count_fp"":""1.00"",""created_time"":""2026-04-28T12:45:38.893378Z"",""no_price_dollars"":""0.5100"",""taker_side"":""yes"",""ticker"":""KXBTC15M-26APR280900-00"",""trade_id"":""4db2b472-742f-45f8-389a-eaecbaedfaad"",""yes_price_dollars"":""0.4900""}"
KXBTC15M-26APR280900-00,22987d5c-c552-4dec-3340-5f2742127a78,1777380338,0.5,2.0,yes,"{""count_fp"":""2.00"",""created_time"":""2026-04-28T12:45:38.893378Z"",""no_price_dollars"":""0.5000"",""taker_side"":""yes"",""ticker"":""KXBTC15M-26APR280900-00"",""trade_id"":""22987d5c-c552-4dec-3340-5f2742127a78"",""yes_price_dollars"":""0.5000""}"
KXBTC15M-26APR280900-00,2f61000e-fc32-5411-88e0-00ef38fcc5b5,1777380338,0.47,1.0,yes,"{""count_fp"":""1.00"",""created_time"":""2026-04-28T12:45:38.863279Z"",""no_price_dollars"":""0.5300"",""taker_side"":""yes"",""ticker"":""KXBTC15M-26APR280900-00"",""trade_id"":""2f61000e-fc32-5411-88e0-00ef38fcc5b5"",""yes_price_dollars"":""0.4700""}"
KXBTC15M-26APR280900-00,9fb651c8-ba9c-7205-04f5-eec2fec60e7b,1777380338,0.46,20.0,yes,"{""count_fp"":""20.00"",""created_time"":""2026-04-28T12:45:38.846805Z"",""no_price_dollars"":""0.5400"",""taker_side"":""yes"",""ticker"":""KXBTC15M-26APR280900-00"",""trade_id"":""9fb651c8-ba9c-7205-04f5-eec2fec60e7b"",""yes_price_dollars"":""0.4600""}"
KXBTC15M-26APR280900-00,57013cd9-6618-775f-2222-4810b4afc5af,1777380338,0.46,13.0,yes,"{""count_fp"":""13.00"",""created_time"":""2026-04-28T12:45:38.846805Z"",""no_price_dollars"":""0.5400"",""taker_side"":""yes"",""ticker"":""KXBTC15M-26APR280900-00"",""trade_id"":""57013cd9-6618-775f-2222-4810b4afc5af"",""yes_price_dollars"":""0.4600""}"
KXBTC15M-26APR280900-00,2211b13b-2452-7193-3486-9916f05d9607,1777380338,0.46,20.0,yes,"{""count_fp"":""20.00"",""created_time"":""2026-04-28T12:45:38.846805Z"",""no_price_dollars"":""0.5400"",""taker_side"":""yes"",""ticker"":""KXBTC15M-26APR280900-00"",""trade_id"":""2211b13b-2452-7193-3486-9916f05d9607"",""yes_price_dollars"":""0.4600""}"
KXBTC15M-26APR280900-00,813b6f36-eb5b-76b1-34d9-8c1144eb86ba,1777380338,0.45,0.21,yes,"{""count_fp"":""0.21"",""created_time"":""2026-04-28T12:45:38.826709Z"",""no_price_dollars"":""0.5500"",""taker_side"":""yes"",""ticker"":""KXBTC15M-26APR280900-00"",""trade_id"":""813b6f36-eb5b-76b1-34d9-8c1144eb86ba"",""yes_price_dollars"":""0.4500""}"
KXBTC15M-26APR280900-00,f03cdd9a-b102-793c-76e5-62a61b7dd316,1777380338,0.45,17.0,yes,"{""count_fp"":""17.00"",""created_time"":""2026-04-28T12:45:38.812271Z"",""no_price_dollars"":""0.5500"",""taker_side"":""yes"",""ticker"":""KXBTC15M-26APR280900-00"",""trade_id"":""f03cdd9a-b102-793c-76e5-62a61b7dd316"",""yes_price_dollars"":""0.4500""}"
KXBTC15M-26APR280900-00,e61bc0c1-b07b-7a5d-5a8e-26e74cf330c0,1777380338,0.44,100.0,yes,"{""count_fp"":""100.00"",""created_time"":""2026-04-28T12:45:38.812271Z"",""no_price_dollars"":""0.5600"",""taker_side"":""yes"",""ticker"":""KXBTC15M-26APR280900-00"",""trade_id"":""e61bc0c1-b07b-7a5d-5a8e-26e74cf330c0"",""yes_price_dollars"":""0.4400""}"
KXBTC15M-26APR280900-00,72620697-7aff-78a1-5f79-69bbc1a1aea2,1777380338,0.45,2.79,yes,"{""count_fp"":""2.79"",""created_time"":""2026-04-28T12:45:38.812271Z"",""no_price_dollars"":""0.5500"",""taker_side"":""yes"",""ticker"":""KXBTC15M-26APR280900-00"",""trade_id"":""72620697-7aff-78a1-5f79-69bbc1a1aea2"",""yes_price_dollars"":""0.4500""}"
KXBTC15M-26APR280900-00,6b30ca64-3549-73ac-7949-b5655203db32,1777380338,0.45,56.0,yes,"{""count_fp"":""56.00"",""created_time"":""2026-04-28T12:45:38.812271Z"",""no_price_dollars"":""0.5500"",""taker_side"":""yes"",""ticker"":""KXBTC15M-26APR280900-00"",""trade_id"":""6b30ca64-3549-73ac-7949-b5655203db32"",""yes_price_dollars"":""0.4500""}"
KXBTC15M-26APR280900-00,50d8ecba-1af7-7e5f-45d0-3be2768785d6,1777380338,0.45,40.0,yes,"{""count_fp"":""40.00"",""created_time"":""2026-04-28T12:45:38.812271Z"",""no_price_dollars"":""0.5500"",""taker_side"":""yes"",""ticker"":""KXBTC15M-26APR280900-00"",""trade_id"":""50d8ecba-1af7-7e5f-45d0-3be2768785d6"",""yes_price_dollars"":""0.4500""}"
KXBTC15M-26APR280900-00,0587961d-3515-7b5d-775d-f9279a2372ef,1777380338,0.44,442.21,yes,"{""count_fp"":""442.21"",""created_time"":""2026-04-28T12:45:38.812271Z"",""no_price_dollars"":""0.5600"",""taker_side"":""yes"",""ticker"":""KXBTC15M-26APR280900-00"",""trade_id"":""0587961d-3515-7b5d-775d-f9279a2372ef"",""yes_price_dollars"":""0.4400""}"
KXBTC15M-26APR280900-00,71f0527a-2c16-5223-ab2c-0aaa8565e9ba,1777380338,0.43,35.08,no,"{""count_fp"":""35.08"",""created_time"":""2026-04-28T12:45:38.230674Z"",""no_price_dollars"":""0.5700"",""taker_side"":""no"",""ticker"":""KXBTC15M-26APR280900-00"",""trade_id"":""71f0527a-2c16-5223-ab2c-0aaa8565e9ba"",""yes_price_dollars"":""0.4300""}"
KXBTC15M-26APR280900-00,26d9a7c3-4ca7-567a-a8fb-b3904da059c3,1777380338,0.43,1.7,no,"{""count_fp"":""1.70"",""created_time"":""2026-04-28T12:45:38.230674Z"",""no_price_dollars"":""0.5700"",""taker_side"":""no"",""ticker"":""KXBTC15M-26APR280900-00"",""trade_id"":""26d9a7c3-4ca7-567a-a8fb-b3904da059c3"",""yes_price_dollars"":""0.4300""}"
KXBTC15M-26APR280900-00,1a385fce-a9ae-57e6-9edf-204ae486fd99,1777380338,0.43,1.31,no,"{""count_fp"":""1.31"",""created_time"":""2026-04-28T12:45:38.230674Z"",""no_price_dollars"":""0.5700"",""taker_side"":""no"",""ticker"":""KXBTC15M-26APR280900-00"",""trade_id"":""1a385fce-a9ae-57e6-9edf-204ae486fd99"",""yes_price_dollars"":""0.4300""}"
KXBTC15M-26APR280900-00,12eaaaf1-a5aa-5af0-a709-57cf47151dc3,1777380338,0.43,1.08,no,"{""count_fp"":""1.08"",""created_time"":""2026-04-28T12:45:38.230674Z"",""no_price_dollars"":""0.5700"",""taker_side"":""no"",""ticker"":""KXBTC15M-26APR280900-00"",""trade_id"":""12eaaaf1-a5aa-5af0-a709-57cf47151dc3"",""yes_price_dollars"":""0.4300""}"
KXBTC15M-26APR280900-00,6a230a1a-99d5-5ca5-c65e-d95619fc66ab,1777380338,0.44,10.93,yes,"{""count_fp"":""10.93"",""created_time"":""2026-04-28T12:45:38.041896Z"",""no_price_dollars"":""0.5600"",""taker_side"":""yes"",""ticker"":""KXBTC15M-26APR280900-00"",""trade_id"":""6a230a1a-99d5-5ca5-c65e-d95619fc66ab"",""yes_price_dollars"":""0.4400""}"
KXBTC15M-26APR280900-00,279d9295-8752-5fd7-1d82-98c3d3173442,1777380338,0.43,1.7,no,"{""count_fp"":""1.70"",""created_time"":""2026-04-28T12:45:38.018033Z"",""no_price_dollars"":""0.5700"",""taker_side"":""no"",""ticker"":""KXBTC15M-26APR280900-00"",""trade_id"":""279d9295-8752-5fd7-1d82-98c3d3173442"",""yes_price_dollars"":""0.4300""}"
KXBTC15M-26APR280900-00,e77424b3-a01d-5120-e547-79ae43030bd3,1777380339,0.47,9.37,no,"{""count_fp"":""9.37"",""created_time"":""2026-04-28T12:45:39.977318Z"",""no_price_dollars"":""0.5300"",""taker_side"":""no"",""ticker"":""KXBTC15M-26APR280900-00"",""trade_id"":""e77424b3-a01d-5120-e547-79ae43030bd3"",""yes_price_dollars"":""0.4700""}"
KXBTC15M-26APR280900-00,4a54a88a-4a3e-52ca-c12d-3d873c4dd6d1,1777380339,0.47,7.66,no,"{""count_fp"":""7.66"",""created_time"":""2026-04-28T12:45:39.977318Z"",""no_price_dollars"":""0.5300"",""taker_side"":""no"",""ticker"":""KXBTC15M-26APR280900-00"",""trade_id"":""4a54a88a-4a3e-52ca-c12d-3d873c4dd6d1"",""yes_price_dollars"":""0.4700""}"
KXBTC15M-26APR280900-00,4555db70-e2ad-6798-cea4-d401a48036d7,1777380339,0.47,25.54,no,"{""count_fp"":""25.54"",""created_time"":""2026-04-28T12:45:39.912016Z"",""no_price_dollars"":""0.5300"",""taker_side"":""no"",""ticker"":""KXBTC15M-26APR280900-00"",""trade_id"":""4555db70-e2ad-6798-cea4-d401a48036d7"",""yes_price_dollars"":""0.4700""}"
KXBTC15M-26APR280900-00,8767353f-d409-7dbc-2f44-e8def1e6476a,1777380339,0.48,20.0,no,"{""count_fp"":""20.00"",""created_time"":""2026-04-28T12:45:39.466015Z"",""no_price_dollars"":""0.5200"",""taker_side"":""no"",""ticker"":""KXBTC15M-26APR280900-00"",""trade_id"":""8767353f-d409-7dbc-2f44-e8def1e6476a"",""yes_price_dollars"":""0.4800""}"
KXBTC15M-26APR280900-00,52381471-531d-7ef0-0aa6-848c44705e6e,1777380339,0.48,10.0,no,"{""count_fp"":""10.00"",""created_time"":""2026-04-28T12:45:39.466015Z"",""no_price_dollars"":""0.5200"",""taker_side"":""no"",""ticker"":""KXBTC15M-26APR280900-00"",""trade_id"":""52381471-531d-7ef0-0aa6-848c44705e6e"",""yes_price_dollars"":""0.4800""}"
KXBTC15M-26APR280900-00,016fde8c-8941-79b4-1a84-b1f0f6ca2fab,1777380339,0.47,21.09,no,"{""count_fp"":""21.09"",""created_time"":""2026-04-28T12:45:39.466015Z"",""no_price_dollars"":""0.5300"",""taker_side"":""no"",""ticker"":""KXBTC15M-26APR280900-00"",""trade_id"":""016fde8c-8941-79b4-1a84-b1f0f6ca2fab"",""yes_price_dollars"":""0.4700""}"
KXBTC15M-26APR280900-00,5d747612-7cf0-5046-23d6-229cf5090244,1777380340,0.49,40.0,yes,"{""count_fp"":""40.00"",""created_time"":""2026-04-28T12:45:40.589968Z"",""no_price_dollars"":""0.5100"",""taker_side"":""yes"",""ticker"":""KXBTC15M-26APR280900-00"",""trade_id"":""5d747612-7cf0-5046-23d6-229cf5090244"",""yes_price_dollars"":""0.4900""}"
KXBTC15M-26APR280900-00,5a7da3c5-4402-54bf-20de-b4fec88ef34c,1777380340,0.49,8.24,yes,"{""count_fp"":""8.24"",""created_time"":""2026-04-28T12:45:40.589968Z"",""no_price_dollars"":""0.5100"",""taker_side"":""yes"",""ticker"":""KXBTC15M-26APR280900-00"",""trade_id"":""5a7da3c5-4402-54bf-20de-b4fec88ef34c"",""yes_price_dollars"":""0.4900""}"
KXBTC15M-26APR280900-00,cf6be3f5-1ff0-4a98-713e-9e3b637b01f6,1777380340,0.47,12.0,no,"{""count_fp"":""12.00"",""created_time"":""2026-04-28T12:45:40.320341Z"",""no_price_dollars"":""0.5300"",""taker_side"":""no"",""ticker"":""KXBTC15M-26APR280900-00"",""trade_id"":""cf6be3f5-1ff0-4a98-713e-9e3b637b01f6"",""yes_price_dollars"":""0.4700""}"
KXBTC15M-26APR280900-00,b8dafb66-5fdb-4ad2-79af-8a415bb6f03a,1777380340,0.47,40.0,no,"{""count_fp"":""40.00"",""created_time"":""2026-04-28T12:45:40.320341Z"",""no_price_dollars"":""0.5300"",""taker_side"":""no"",""ticker"":""KXBTC15M-26APR280900-00"",""trade_id"":""b8dafb66-5fdb-4ad2-79af-8a415bb6f03a"",""yes_price_dollars"":""0.4700""}"
KXBTC15M-26APR280900-00,b5c5276b-be37-448d-476a-113c7b25b5f9,1777380340,0.47,3.0,no,"{""count_fp"":""3.00"",""created_time"":""2026-04-28T12:45:40.320341Z"",""no_price_dollars"":""0.5300"",""taker_side"":""no"",""ticker"":""KXBTC15M-26APR280900-00"",""trade_id"":""b5c5276b-be37-448d-476a-113c7b25b5f9"",""yes_price_dollars"":""0.4700""}"
KXBTC15M-26APR280900-00,adb12ea4-2265-449d-6c09-a3fc0c512abb,1777380340,0.47,13.0,no,"{""count_fp"":""13.00"",""created_time"":""2026-04-28T12:45:40.320341Z"",""no_price_dollars"":""0.5300"",""taker_side"":""no"",""ticker"":""KXBTC15M-26APR280900-00"",""trade_id"":""adb12ea4-2265-449d-6c09-a3fc0c512abb"",""yes_price_dollars"":""0.4700""}"
KXBTC15M-26APR280900-00,857fb3f6-5e48-462a-475c-68777c9efc16,1777380340,0.47,8.99,no,"{""count_fp"":""8.99"",""created_time"":""2026-04-28T12:45:40.320341Z"",""no_price_dollars"":""0.5300"",""taker_side"":""no"",""ticker"":""KXBTC15M-26APR280900-00"",""trade_id"":""857fb3f6-5e48-462a-475c-68777c9efc16"",""yes_price_dollars"":""0.4700""}"
KXBTC15M-26APR280900-00,767316ba-6016-43ca-6f14-ed2decbe6a11,1777380340,0.47,0.34,no,"{""count_fp"":""0.34"",""created_time"":""2026-04-28T12:45:40.320341Z"",""no_price_dollars"":""0.5300"",""taker_side"":""no"",""ticker"":""KXBTC15M-26APR280900-00"",""trade_id"":""767316ba-6016-43ca-6f14-ed2decbe6a11"",""yes_price_dollars"":""0.4700""}"
KXBTC15M-26APR280900-00,56541d94-0247-4038-7127-63c57b704832,1777380340,0.47,7.66,no,"{""count_fp"":""7.66"",""created_time"":""2026-04-28T12:45:40.320341Z"",""no_price_dollars"":""0.5300"",""taker_side"":""no"",""ticker"":""KXBTC15M-26APR280900-00"",""trade_id"":""56541d94-0247-4038-7127-63c57b704832"",""yes_price_dollars"":""0.4700""}"
KXBTC15M-26APR280900-00,c7ccaf11-610e-69e2-189e-1312b1bcb3c5,1777380340,0.47,12.0,no,"{""count_fp"":""12.00"",""created_time"":""2026-04-28T12:45:40.023488Z"",""no_price_dollars"":""0.5300"",""taker_side"":""no"",""ticker"":""KXBTC15M-26APR280900-00"",""trade_id"":""c7ccaf11-610e-69e2-189e-1312b1bcb3c5"",""yes_price_dollars"":""0.4700""}"
KXBTC15M-26APR280900-00,acaf779f-360c-4589-1bee-d226f8778402,1777380341,0.48,40.0,no,"{""count_fp"":""40.00"",""created_time"":""2026-04-28T12:45:41.820503Z"",""no_price_dollars"":""0.5200"",""taker_side"":""no"",""ticker"":""KXBTC15M-26APR280900-00"",""trade_id"":""acaf779f-360c-4589-1bee-d226f8778402"",""yes_price_dollars"":""0.4800""}"
KXBTC15M-26APR280900-00,962290d1-11b4-48a6-032c-b02b6d691e26,1777380341,0.47,25.01,no,"{""count_fp"":""25.01"",""created_time"":""2026-04-28T12:45:41.820503Z"",""no_price_dollars"":""0.5300"",""taker_side"":""no"",""ticker"":""KXBTC15M-26APR280900-00"",""trade_id"":""962290d1-11b4-48a6-032c-b02b6d691e26"",""yes_price_dollars"":""0.4700""}"
KXBTC15M-26APR280900-00,5f3ef017-84c3-4d69-0e83-d47c6e6bfa11,1777380341,0.47,34.99,no,"{""count_fp"":""34.99"",""created_time"":""2026-04-28T12:45:41.820503Z"",""no_price_dollars"":""0.5300"",""taker_side"":""no"",""ticker"":""KXBTC15M-26APR280900-00"",""trade_id"":""5f3ef017-84c3-4d69-0e83-d47c6e6bfa11"",""yes_price_dollars"":""0.4700""}"
KXBTC15M-26APR280900-00,4626640b-6877-4087-172f-5a05ffb6daf0,1777380341,0.48,20.0,no,"{""count_fp"":""20.00"",""created_time"":""2026-04-28T12:45:41.820503Z"",""no_price_dollars"":""0.5200"",""taker_side"":""no"",""ticker"":""KXBTC15M-26APR280900-00"",""trade_id"":""4626640b-6877-4087-172f-5a05ffb6daf0"",""yes_price_dollars"":""0.4800""}"
KXBTC15M-26APR280900-00,a4cfdfb7-3c45-6939-ac91-6a8e7e324ed3,1777380341,0.49,3.0,yes,"{""count_fp"":""3.00"",""created_time"":""2026-04-28T12:45:41.635701Z"",""no_price_dollars"":""0.5100"",""taker_side"":""yes"",""ticker"":""KXBTC15M-26APR280900-00"",""trade_id"":""a4cfdfb7-3c45-6939-ac91-6a8e7e324ed3"",""yes_price_dollars"":""0.4900""}"
KXBTC15M-26APR280900-00,56dbbfda-0b30-6e42-a69c-b00dffad64c2,1777380341,0.49,5.24,yes,"{""count_fp"":""5.24"",""created_time"":""2026-04-28T12:45:41.635701Z"",""no_price_dollars"":""0.5100"",""taker_side"":""yes"",""ticker"":""KXBTC15M-26APR280900-00"",""trade_id"":""56dbbfda-0b30-6e42-a69c-b00dffad64c2"",""yes_price_dollars"":""0.4900""}"
KXBTC15M-26APR280900-00,54906d42-145e-625f-8ded-a37a208b2b70,1777380341,0.49,1.76,yes,"{""count_fp"":""1.76"",""created_time"":""2026-04-28T12:45:41.635701Z"",""no_price_dollars"":""0.5100"",""taker_side"":""yes"",""ticker"":""KXBTC15M-26APR280900-00"",""trade_id"":""54906d42-145e-625f-8ded-a37a208b2b70"",""yes_price_dollars"":""0.4900""}"
KXBTC15M-26APR280900-00,ce0a08e4-5fb3-5f02-f91d-48ab3f49bb55,1777380342,0.5,1.0,yes,"{""count_fp"":""1.00"",""created_time"":""2026-04-28T12:45:42.481725Z"",""no_price_dollars"":""0.5000"",""taker_side"":""yes"",""ticker"":""KXBTC15M-26APR280900-00"",""trade_id"":""ce0a08e4-5fb3-5f02-f91d-48ab3f49bb55"",""yes_price_dollars"":""0.5000""}"
KXBTC15M-26APR280900-00,bf613a5b-008b-5c97-d584-8f8f11077a4b,1777380342,0.5,0.79,yes,"{""count_fp"":""0.79"",""created_time"":""2026-04-28T12:45:42.481725Z"",""no_price_dollars"":""0.5000"",""taker_side"":""yes"",""ticker"":""KXBTC15M-26APR280900-00"",""trade_id"":""bf613a5b-008b-5c97-d584-8f8f11077a4b"",""yes_price_dollars"":""0.5000""}"
KXBTC15M-26APR280900-00,32049191-8081-51ad-e927-7b41a6ecddad,1777380342,0.5,16.21,yes,"{""count_fp"":""16.21"",""created_time"":""2026-04-28T12:45:42.481725Z"",""no_price_dollars"":""0.5000"",""taker_side"":""yes"",""ticker"":""KXBTC15M-26APR280900-00"",""trade_id"":""32049191-8081-51ad-e927-7b41a6ecddad"",""yes_price_dollars"":""0.5000""}"
KXBTC15M-26APR280900-00,70f2ea2e-be25-51e8-565e-3dcfe6f6cc0b,1777380343,0.5,3.86,yes,"{""count_fp"":""3.86"",""created_time"":""2026-04-28T12:45:43.745696Z"",""no_price_dollars"":""0.5000"",""taker_side"":""yes"",""ticker"":""KXBTC15M-26APR280900-00"",""trade_id"":""70f2ea2e-be25-51e8-565e-3dcfe6f6cc0b"",""yes_price_dollars"":""0.5000""}"
KXBTC15M-26APR280900-00,5a79f9dc-0d4a-61ba-9fb9-c4cfac343b5e,1777380343,0.49,2.7,no,"{""count_fp"":""2.70"",""created_time"":""2026-04-28T12:45:43.251954Z"",""no_price_dollars"":""0.5100"",""taker_side"":""no"",""ticker"":""KXBTC15M-26APR280900-00"",""trade_id"":""5a79f9dc-0d4a-61ba-9fb9-c4cfac343b5e"",""yes_price_dollars"":""0.4900""}"
KXBTC15M-26APR280900-00,4cb1e05f-4562-6cd7-955a-048925f43d1a,1777380343,0.49,2.3,no,"{""count_fp"":""2.30"",""created_time"":""2026-04-28T12:45:43.251954Z"",""no_price_dollars"":""0.5100"",""taker_side"":""no"",""ticker"":""KXBTC15M-26APR280900-00"",""trade_id"":""4cb1e05f-4562-6cd7-955a-048925f43d1a"",""yes_price_dollars"":""0.4900""}"
KXBTC15M-26APR280900-00,ea59352d-feb9-5b75-a102-a6dfc9f35779,1777380343,0.5,1.92,yes,"{""count_fp"":""1.92"",""created_time"":""2026-04-28T12:45:43.129822Z"",""no_price_dollars"":""0.5000"",""taker_side"":""yes"",""ticker"":""KXBTC15M-26APR280900-00"",""trade_id"":""ea59352d-feb9-5b75-a102-a6dfc9f35779"",""yes_price_dollars"":""0.5000""}"
KXBTC15M-26APR280900-00,eb53257a-e5be-6922-4467-39d476e2edf6,1777380343,0.49,3.65,no,"{""count_fp"":""3.65"",""created_time"":""2026-04-28T12:45:43.047549Z"",""no_price_dollars"":""0.5100"",""taker_side"":""no"",""ticker"":""KXBTC15M-26APR280900-00"",""trade_id"":""eb53257a-e5be-6922-4467-39d476e2edf6"",""yes_price_dollars"":""0.4900""}"
KXBTC15M-26APR280900-00,377a0054-57bc-74a4-8294-3706711b96d6,1777380344,0.47,2.93,yes,"{""count_fp"":""2.93"",""created_time"":""2026-04-28T12:45:44.692032Z"",""no_price_dollars"":""0.5300"",""taker_side"":""yes"",""ticker"":""KXBTC15M-26APR280900-00"",""trade_id"":""377a0054-57bc-74a4-8294-3706711b96d6"",""yes_price_dollars"":""0.4700""}"
KXBTC15M-26APR280900-00,1dbcd0c4-e043-7a1d-8a12-11b0d5d4fce6,1777380344,0.46,40.0,yes,"{""count_fp"":""40.00"",""created_time"":""2026-04-28T12:45:44.692032Z"",""no_price_dollars"":""0.5400"",""taker_side"":""yes"",""ticker"":""KXBTC15M-26APR280900-00"",""trade_id"":""1dbcd0c4-e043-7a1d-8a12-11b0d5d4fce6"",""yes_price_dollars"":""0.4600""}"
KXBTC15M-26APR280900-00,5bec5027-71b1-57c0-df0b-656d90c3bc5f,1777380344,0.46,1.0,no,"{""count_fp"":""1.00"",""created_time"":""2026-04-28T12:45:44.444062Z"",""no_price_dollars"":""0.5400"",""taker_side"":""no"",""ticker"":""KXBTC15M-26APR280900-00"",""trade_id"":""5bec5027-71b1-57c0-df0b-656d90c3bc5f"",""yes_price_dollars"":""0.4600""}"
KXBTC15M-26APR280900-00,2a16f8f6-01a4-5035-c76e-a9853b0c7cf6,1777380344,0.46,20.0,no,"{""count_fp"":""20.00"",""created_time"":""2026-04-28T12:45:44.444062Z"",""no_price_dollars"":""0.5400"",""taker_side"":""no"",""ticker"":""KXBTC15M-26APR280900-00"",""trade_id"":""2a16f8f6-01a4-5035-c76e-a9853b0c7cf6"",""yes_price_dollars"":""0.4600""}"
KXBTC15M-26APR280900-00,f4a6e46f-c59a-5d52-1b5d-7159b1443e3a,1777380344,0.47,3.0,no,"{""count_fp"":""3.00"",""created_time"":""2026-04-28T12:45:44.431822Z"",""no_price_dollars"":""0.5300"",""taker_side"":""no"",""ticker"":""KXBTC15M-26APR280900-00"",""trade_id"":""f4a6e46f-c59a-5d52-1b5d-7159b1443e3a"",""yes_price_dollars"":""0.4700""}"
KXBTC15M-26APR280900-00,b54a3b31-5e90-5bc7-7eba-3e57a3888c4c,1777380344,0.49,20.0,no,"{""count_fp"":""20.00"",""created_time"":""2026-04-28T12:45:44.398869Z"",""no_price_dollars"":""0.5100"",""taker_side"":""no"",""ticker"":""KXBTC15M-26APR280900-00"",""trade_id"":""b54a3b31-5e90-5bc7-7eba-3e57a3888c4c"",""yes_price_dollars"":""0.4900""}"
KXBTC15M-26APR280900-00,8481dd09-a098-51fa-d837-df4d5b867b26,1777380344,0.49,4.0,no,"{""count_fp"":""4.00"",""created_time"":""2026-04-28T12:45:44.095948Z"",""no_price_dollars"":""0.5100"",""taker_side"":""no"",""ticker"":""KXBTC15M-26APR280900-00"",""trade_id"":""8481dd09-a098-51fa-d837-df4d5b867b26"",""yes_price_dollars"":""0.4900""}"
KXBTC15M-26APR280900-00,eb069945-c96b-5ee4-ee5f-29459827b2c5,1777380345,0.46,10.0,yes,"{""count_fp"":""10.00"",""created_time"":""2026-04-28T12:45:45.946618Z"",""no_price_dollars"":""0.5400"",""taker_side"":""yes"",""ticker"":""KXBTC15M-26APR280900-00"",""trade_id"":""eb069945-c96b-5ee4-ee5f-29459827b2c5"",""yes_price_dollars"":""0.4600""}"
KXBTC15M-26APR280900-00,79f51822-b3ba-5f97-d331-ed799ca811c7,1777380345,0.46,9.32,yes,"{""count_fp"":""9.32"",""created_time"":""2026-04-28T12:45:45.946618Z"",""no_price_dollars"":""0.5400"",""taker_side"":""yes"",""ticker"":""KXBTC15M-26APR280900-00"",""trade_id"":""79f51822-b3ba-5f97-d331-ed799ca811c7"",""yes_price_dollars"":""0.4600""}"
KXBTC15M-26APR280900-00,a3dfcba0-0b9c-42f2-19a9-3cab9cd3a5ba,1777380345,0.45,1.0,no,"{""count_fp"":""1.00"",""created_time"":""2026-04-28T12:45:45.493436Z"",""no_price_dollars"":""0.5500"",""taker_side"":""no"",""ticker"":""KXBTC15M-26APR280900-00"",""trade_id"":""a3dfcba0-0b9c-42f2-19a9-3cab9cd3a5ba"",""yes_price_dollars"":""0.4500""}"
KXBTC15M-26APR280900-00,747186f2-3f4a-4e50-3839-13d0f9a92e02,1777380345,0.45,11.0,no,"{""count_fp"":""11.00"",""created_time"":""2026-04-28T12:45:45.493436Z"",""no_price_dollars"":""0.5500"",""taker_side"":""no"",""ticker"":""KXBTC15M-26APR280900-00"",""trade_id"":""747186f2-3f4a-4e50-3839-13d0f9a92e02"",""yes_price_dollars"":""0.4500""}"
KXBTC15M-26APR280900-00,247359d6-43aa-680c-c725-2341317020e6,1777380346,0.45,8.81,no,"{""count_fp"":""8.81"",""created_time"":""2026-04-28T12:45:46.748342Z"",""no_price_dollars"":""0.5500"",""taker_side"":""no"",""ticker"":""KXBTC15M-26APR280900-00"",""trade_id"":""247359d6-43aa-680c-c725-2341317020e6"",""yes_price_dollars"":""0.4500""}"
KXBTC15M-26APR280900-00,cba44736-aba5-6e32-b839-68ce03165004,1777380346,0.48,3.93,yes,"{""count_fp"":""3.93"",""created_time"":""2026-04-28T12:45:46.723511Z"",""no_price_dollars"":""0.5200"",""taker_side"":""yes"",""ticker"":""KXBTC15M-26APR280900-00"",""trade_id"":""cba44736-aba5-6e32-b839-68ce03165004"",""yes_price_dollars"":""0.4800""}"
KXBTC15M-26APR280900-00,8ab4bd6f-6820-64b9-9bfc-90b9e22463c3,1777380346,0.46,6.35,yes,"{""count_fp"":""6.35"",""created_time"":""2026-04-28T12:45:46.723511Z"",""no_price_dollars"":""0.5400"",""taker_side"":""yes"",""ticker"":""KXBTC15M-26APR280900-00"",""trade_id"":""8ab4bd6f-6820-64b9-9bfc-90b9e22463c3"",""yes_price_dollars"":""0.4600""}"
KXBTC15M-26APR280900-00,bf5a09b7-9985-6806-25cb-97acef007cf8,1777380348,0.48,36.07,yes,"{""count_fp"":""36.07"",""created_time"":""2026-04-28T12:45:48.052805Z"",""no_price_dollars"":""0.5200"",""taker_side"":""yes"",""ticker"":""KXBTC15M-26APR280900-00"",""trade_id"":""bf5a09b7-9985-6806-25cb-97acef007cf8"",""yes_price_dollars"":""0.4800""}"
KXBTC15M-26APR280900-00,aa19f9f2-8d05-628e-3f7e-d01ae5903ae3,1777380348,0.48,60.91,yes,"{""count_fp"":""60.91"",""created_time"":""2026-04-28T12:45:48.052805Z"",""no_price_dollars"":""0.5200"",""taker_side"":""yes"",""ticker"":""KXBTC15M-26APR280900-00"",""trade_id"":""aa19f9f2-8d05-628e-3f7e-d01ae5903ae3"",""yes_price_dollars"":""0.4800""}"
KXBTC15M-26APR280900-00,1e6ac03f-5be5-63e9-3cd8-e36f8d720401,1777380348,0.48,3.0,yes,"{""count_fp"":""3.00"",""created_time"":""2026-04-28T12:45:48.052805Z"",""no_price_dollars"":""0.5200"",""taker_side"":""yes"",""ticker"":""KXBTC15M-26APR280900-00"",""trade_id"":""1e6ac03f-5be5-63e9-3cd8-e36f8d720401"",""yes_price_dollars"":""0.4800""}"
KXBTC15M-26APR280900-00,478a3c0f-dc57-4bfc-a9d7-57aaf56913d8,1777380348,0.46,1.76,no,"{""count_fp"":""1.76"",""created_time"":""2026-04-28T12:45:48.016236Z"",""no_price_dollars"":""0.5400"",""taker_side"":""no"",""ticker"":""KXBTC15M-26APR280900-00"",""trade_id"":""478a3c0f-dc57-4bfc-a9d7-57aaf56913d8"",""yes_price_dollars"":""0.4600""}"
KXBTC15M-26APR280900-00,cec38050-8a58-5c15-8334-bc54588ff3ba,1777380350,0.49,1.97,yes,"{""count_fp"":""1.97"",""created_time"":""2026-04-28T12:45:50.994058Z"",""no_price_dollars"":""0.5100"",""taker_side"":""yes"",""ticker"":""KXBTC15M-26APR280900-00"",""trade_id"":""cec38050-8a58-5c15-8334-bc54588ff3ba"",""yes_price_dollars"":""0.4900""}"
KXBTC15M-26APR280900-00,335d8c92-5d84-74d5-a850-97ce039e5e3a,1777380350,0.49,19.7,yes,"{""count_fp"":""19.70"",""created_time"":""2026-04-28T12:45:50.292318Z"",""no_price_dollars"":""0.5100"",""taker_side"":""yes"",""ticker"":""KXBTC15M-26APR280900-00"",""trade_id"":""335d8c92-5d84-74d5-a850-97ce039e5e3a"",""yes_price_dollars"":""0.4900""}"
KXBTC15M-26APR280900-00,39832b81-a1b1-6473-3762-e55ed71439ee,1777380350,0.48,17.94,no,"{""count_fp"":""17.94"",""created_time"":""2026-04-28T12:45:50.160344Z"",""no_price_dollars"":""0.5200"",""taker_side"":""no"",""ticker"":""KXBTC15M-26APR280900-00"",""trade_id"":""39832b81-a1b1-6473-3762-e55ed71439ee"",""yes_price_dollars"":""0.4800""}"
KXBTC15M-26APR280900-00,84641a59-3730-7eed-4602-f3454e7f7d56,1777380350,0.49,1.76,yes,"{""count_fp"":""1.76"",""created_time"":""2026-04-28T12:45:50.042686Z"",""no_price_dollars"":""0.5100"",""taker_side"":""yes"",""ticker"":""KXBTC15M-26APR280900-00"",""trade_id"":""84641a59-3730-7eed-4602-f3454e7f7d56"",""yes_price_dollars"":""0.4900""}"
KXBTC15M-26APR280900-00,f81a9fe4-b562-7f81-2281-83ac47d98caa,1777380351,0.48,0.92,no,"{""count_fp"":""0.92"",""created_time"":""2026-04-28T12:45:51.731Z"",""no_price_dollars"":""0.5200"",""taker_side"":""no"",""ticker"":""KXBTC15M-26APR280900-00"",""trade_id"":""f81a9fe4-b562-7f81-2281-83ac47d98caa"",""yes_price_dollars"":""0.4800""}"
KXBTC15M-26APR280900-00,daad405e-9ef1-7980-360f-6ded6c2308b1,1777380351,0.48,8.32,no,"{""count_fp"":""8.32"",""created_time"":""2026-04-28T12:45:51.731Z"",""no_price_dollars"":""0.5200"",""taker_side"":""no"",""ticker"":""KXBTC15M-26APR280900-00"",""trade_id"":""daad405e-9ef1-7980-360f-6ded6c2308b1"",""yes_price_dollars"":""0.4800""}"
KXBTC15M-26APR280900-00,fa830a06-4694-7551-adad-5d4c3e2b6752,1777380352,0.49,3.94,yes,"{""count_fp"":""3.94"",""created_time"":""2026-04-28T12:45:52.026003Z"",""no_price_dollars"":""0.5100"",""taker_side"":""yes"",""ticker"":""KXBTC15M-26APR280900-00"",""trade_id"":""fa830a06-4694-7551-adad-5d4c3e2b6752"",""yes_price_dollars"":""0.4900""}"
KXBTC15M-26APR280900-00,f84a2f67-2f28-6fa6-2342-617b665097f8,1777380353,0.46,1.0,no,"{""count_fp"":""1.00"",""created_time"":""2026-04-28T12:45:53.650427Z"",""no_price_dollars"":""0.5400"",""taker_side"":""no"",""ticker"":""KXBTC15M-26APR280900-00"",""trade_id"":""f84a2f67-2f28-6fa6-2342-617b665097f8"",""yes_price_dollars"":""0.4600""}"
KXBTC15M-26APR280900-00,dee7f7cb-99e7-4449-793d-5dd02fd81cf0,1777380353,0.47,20.0,no,"{""count_fp"":""20.00"",""created_time"":""2026-04-28T12:45:53.521302Z"",""no_price_dollars"":""0.5300"",""taker_side"":""no"",""ticker"":""KXBTC15M-26APR280900-00"",""trade_id"":""dee7f7cb-99e7-4449-793d-5dd02fd81cf0"",""yes_price_dollars"":""0.4700""}"
KXBTC15M-26APR280900-00,ac72fd1b-cb22-4481-65ee-b2455b4af32a,1777380353,0.47,40.0,no,"{""count_fp"":""40.00"",""created_time"":""2026-04-28T12:45:53.521302Z"",""no_price_dollars"":""0.5300"",""taker_side"":""no"",""ticker"":""KXBTC15M-26APR280900-00"",""trade_id"":""ac72fd1b-cb22-4481-65ee-b2455b4af32a"",""yes_price_dollars"":""0.4700""}"
KXBTC15M-26APR280900-00,935a67b7-fb94-43ca-4376-b32c2027baf4,1777380353,0.46,274.39,no,"{""count_fp"":""274.39"",""created_time"":""2026-04-28T12:45:53.521302Z"",""no_price_dollars"":""0.5400"",""taker_side"":""no"",""ticker"":""KXBTC15M-26APR280900-00"",""trade_id"":""935a67b7-fb94-43ca-4376-b32c2027baf4"",""yes_price_dollars"":""0.4600""}"
KXBTC15M-26APR280900-00,426e961b-c6a1-483a-7984-ea609ceb2513,1777380353,0.47,3.0,no,"{""count_fp"":""3.00"",""created_time"":""2026-04-28T12:45:53.521302Z"",""no_price_dollars"":""0.5300"",""taker_side"":""no"",""ticker"":""KXBTC15M-26APR280900-00"",""trade_id"":""426e961b-c6a1-483a-7984-ea609ceb2513"",""yes_price_dollars"":""0.4700""}"
KXBTC15M-26APR280900-00,3596b068-9051-44ed-56cb-6e99e78a262d,1777380353,0.48,39.8,no,"{""count_fp"":""39.80"",""created_time"":""2026-04-28T12:45:53.521302Z"",""no_price_dollars"":""0.5200"",""taker_side"":""no"",""ticker"":""KXBTC15M-26APR280900-00"",""trade_id"":""3596b068-9051-44ed-56cb-6e99e78a262d"",""yes_price_dollars"":""0.4800""}"
KXBTC15M-26APR280900-00,2d55381b-df33-465c-6e9d-eda8d56b44f0,1777380353,0.46,38.24,no,"{""count_fp"":""38.24"",""created_time"":""2026-04-28T12:45:53.521302Z"",""no_price_dollars"":""0.5400"",""taker_side"":""no"",""ticker"":""KXBTC15M-26APR280900-00"",""trade_id"":""2d55381b-df33-465c-6e9d-eda8d56b44f0"",""yes_price_dollars"":""0.4600""}"
KXBTC15M-26APR280900-00,06ca2657-922a-4320-68a3-5ca9480743be,1777380353,0.47,36.19,no,"{""count_fp"":""36.19"",""created_time"":""2026-04-28T12:45:53.521302Z"",""no_price_dollars"":""0.5300"",""taker_side"":""no"",""ticker"":""KXBTC15M-26APR280900-00"",""trade_id"":""06ca2657-922a-4320-68a3-5ca9480743be"",""yes_price_dollars"":""0.4700""}"
KXBTC15M-26APR280900-00,e54202c1-30f9-7db1-3b33-351ddfeeacdd,1777380353,0.48,0.2,no,"{""count_fp"":""0.20"",""created_time"":""2026-04-28T12:45:53.343783Z"",""no_price_dollars"":""0.5200"",""taker_side"":""no"",""ticker"":""KXBTC15M-26APR280900-00"",""trade_id"":""e54202c1-30f9-7db1-3b33-351ddfeeacdd"",""yes_price_dollars"":""0.4800""}"
KXBTC15M-26APR280900-00,3c04f1f2-4ecb-7f22-32a0-0582de30d0ec,1777380353,0.49,5.84,no,"{""count_fp"":""5.84"",""created_time"":""2026-04-28T12:45:53.343783Z"",""no_price_dollars"":""0.5100"",""taker_side"":""no"",""ticker"":""KXBTC15M-26APR280900-00"",""trade_id"":""3c04f1f2-4ecb-7f22-32a0-0582de30d0ec"",""yes_price_dollars"":""0.4900""}"
KXBTC15M-26APR280900-00,30c38b4a-ee7d-72ee-0139-0288467abd81,1777380353,0.48,10.0,no,"{""count_fp"":""10.00"",""created_time"":""2026-04-28T12:45:53.343783Z"",""no_price_dollars"":""0.5200"",""taker_side"":""no"",""ticker"":""KXBTC15M-26APR280900-00"",""trade_id"":""30c38b4a-ee7d-72ee-0139-0288467abd81"",""yes_price_dollars"":""0.4800""}"
KXBTC15M-26APR280900-00,0ede481e-db20-78e5-0374-3ffa3265f81d,1777380353,0.49,10.0,no,"{""count_fp"":""10.00"",""created_time"":""2026-04-28T12:45:53.343783Z"",""no_price_dollars"":""0.5100"",""taker_side"":""no"",""ticker"":""KXBTC15M-26APR280900-00"",""trade_id"":""0ede481e-db20-78e5-0374-3ffa3265f81d"",""yes_price_dollars"":""0.4900""}"
KXBTC15M-26APR280900-00,eaa9966b-6393-5230-f00b-1d21c0526af3,1777380354,0.48,3.0,yes,"{""count_fp"":""3.00"",""created_time"":""2026-04-28T12:45:54.798201Z"",""no_price_dollars"":""0.5200"",""taker_side"":""yes"",""ticker"":""KXBTC15M-26APR280900-00"",""trade_id"":""eaa9966b-6393-5230-f00b-1d21c0526af3"",""yes_price_dollars"":""0.4800""}"
KXBTC15M-26APR280900-00,626b6426-c5fb-6260-f958-878c0f8fa4d3,1777380354,0.48,5.0,yes,"{""count_fp"":""5.00"",""created_time"":""2026-04-28T12:45:54.672876Z"",""no_price_dollars"":""0.5200"",""taker_side"":""yes"",""ticker"":""KXBTC15M-26APR280900-00"",""trade_id"":""626b6426-c5fb-6260-f958-878c0f8fa4d3"",""yes_price_dollars"":""0.4800""}"
KXBTC15M-26APR280900-00,ca1780b0-86d3-74f0-36b8-854d5d4181f7,1777380354,0.48,5.0,yes,"{""count_fp"":""5.00"",""created_time"":""2026-04-28T12:45:54.451721Z"",""no_price_dollars"":""0.5200"",""taker_side"":""yes"",""ticker"":""KXBTC15M-26APR280900-00"",""trade_id"":""ca1780b0-86d3-74f0-36b8-854d5d4181f7"",""yes_price_dollars"":""0.4800""}"
KXBTC15M-26APR280900-00,dd34f357-09a2-4f92-dae0-8415ba62b8d8,1777380355,0.48,3.65,no,"{""count_fp"":""3.65"",""created_time"":""2026-04-28T12:45:55.793371Z"",""no_price_dollars"":""0.5200"",""taker_side"":""no"",""ticker"":""KXBTC15M-26APR280900-00"",""trade_id"":""dd34f357-09a2-4f92-dae0-8415ba62b8d8"",""yes_price_dollars"":""0.4800""}"
KXBTC15M-26APR280900-00,dbdbb21a-430a-759d-122d-4656917c56d2,1777380355,0.48,1.5,yes,"{""count_fp"":""1.50"",""created_time"":""2026-04-28T12:45:55.643474Z"",""no_price_dollars"":""0.5200"",""taker_side"":""yes"",""ticker"":""KXBTC15M-26APR280900-00"",""trade_id"":""dbdbb21a-430a-759d-122d-4656917c56d2"",""yes_price_dollars"":""0.4800""}"
KXBTC15M-26APR280900-00,c5e5ff5c-e70a-4245-3f12-ef9f49ac0872,1777380355,0.48,8.5,yes,"{""count_fp"":""8.50"",""created_time"":""2026-04-28T12:45:55.632678Z"",""no_price_dollars"":""0.5200"",""taker_side"":""yes"",""ticker"":""KXBTC15M-26APR280900-00"",""trade_id"":""c5e5ff5c-e70a-4245-3f12-ef9f49ac0872"",""yes_price_dollars"":""0.4800""}"
KXBTC15M-26APR280900-00,5f8917bd-149a-48ea-35e9-84e79303ec74,1777380355,0.48,20.0,yes,"{""count_fp"":""20.00"",""created_time"":""2026-04-28T12:45:55.632678Z"",""no_price_dollars"":""0.5200"",""taker_side"":""yes"",""ticker"":""KXBTC15M-26APR280900-00"",""trade_id"":""5f8917bd-149a-48ea-35e9-84e79303ec74"",""yes_price_dollars"":""0.4800""}"
KXBTC15M-26APR280900-00,ec14a322-753d-6006-5026-2b1c075c109e,1777380357,0.51,1.89,yes,"{""count_fp"":""1.89"",""created_time"":""2026-04-28T12:45:57.595831Z"",""no_price_dollars"":""0.4900"",""taker_side"":""yes"",""ticker"":""KXBTC15M-26APR280900-00"",""trade_id"":""ec14a322-753d-6006-5026-2b1c075c109e"",""yes_price_dollars"":""0.5100""}"
KXBTC15M-26APR280900-00,e6d34505-a6a8-6924-49df-deeb7745f641,1777380357,0.49,40.0,yes,"{""count_fp"":""40.00"",""created_time"":""2026-04-28T12:45:57.595831Z"",""no_price_dollars"":""0.5100"",""taker_side"":""yes"",""ticker"":""KXBTC15M-26APR280900-00"",""trade_id"":""e6d34505-a6a8-6924-49df-deeb7745f641"",""yes_price_dollars"":""0.4900""}"
KXBTC15M-26APR280900-00,a9c7cd3a-6efb-6580-512b-79c522bb042b,1777380357,0.49,3.0,yes,"{""count_fp"":""3.00"",""created_time"":""2026-04-28T12:45:57.595831Z"",""no_price_dollars"":""0.5100"",""taker_side"":""yes"",""ticker"":""KXBTC15M-26APR280900-00"",""trade_id"":""a9c7cd3a-6efb-6580-512b-79c522bb042b"",""yes_price_dollars"":""0.4900""}"
KXBTC15M-26APR280900-00,82dfc95e-8fe4-68cf-59de-03e72b912fb9,1777380357,0.5,3.0,yes,"{""count_fp"":""3.00"",""created_time"":""2026-04-28T12:45:57.595831Z"",""no_price_dollars"":""0.5000"",""taker_side"":""yes"",""ticker"":""KXBTC15M-26APR280900-00"",""trade_id"":""82dfc95e-8fe4-68cf-59de-03e72b912fb9"",""yes_price_dollars"":""0.5000""}"
KXBTC15M-26APR280900-00,69560a1b-9bec-6bd3-52e8-421f5d2251ab,1777380357,0.5,40.0,yes,"{""count_fp"":""40.00"",""created_time"":""2026-04-28T12:45:57.595831Z"",""no_price_dollars"":""0.5000"",""taker_side"":""yes"",""ticker"":""KXBTC15M-26APR280900-00"",""trade_id"":""69560a1b-9bec-6bd3-52e8-421f5d2251ab"",""yes_price_dollars"":""0.5000""}"
KXBTC15M-26APR280900-00,4814452f-e79e-6535-5c88-73014600368f,1777380357,0.5,7.96,yes,"{""count_fp"":""7.96"",""created_time"":""2026-04-28T12:45:57.595831Z"",""no_price_dollars"":""0.5000"",""taker_side"":""yes"",""ticker"":""KXBTC15M-26APR280900-00"",""trade_id"":""4814452f-e79e-6535-5c88-73014600368f"",""yes_price_dollars"":""0.5000""}"
KXBTC15M-26APR280900-00,27d32f77-2e46-66e2-36d1-09a03c712944,1777380357,0.48,24.05,no,"{""count_fp"":""24.05"",""created_time"":""2026-04-28T12:45:57.255576Z"",""no_price_dollars"":""0.5200"",""taker_side"":""no"",""ticker"":""KXBTC15M-26APR280900-00"",""trade_id"":""27d32f77-2e46-66e2-36d1-09a03c712944"",""yes_price_dollars"":""0.4800""}"
KXBTC15M-26APR280900-00,d004e949-f656-44fa-8770-dd05a837aadc,1777380357,0.48,5.0,no,"{""count_fp"":""5.00"",""created_time"":""2026-04-28T12:45:57.052816Z"",""no_price_dollars"":""0.5200"",""taker_side"":""no"",""ticker"":""KXBTC15M-26APR280900-00"",""trade_id"":""d004e949-f656-44fa-8770-dd05a837aadc"",""yes_price_dollars"":""0.4800""}"
KXBTC15M-26APR280900-00,ee8e9047-608b-715a-5eb2-2d7937d184e7,1777380358,0.48,8.0,no,"{""count_fp"":""8.00"",""created_time"":""2026-04-28T12:45:58.933698Z"",""no_price_dollars"":""0.5200"",""taker_side"":""no"",""ticker"":""KXBTC15M-26APR280900-00"",""trade_id"":""ee8e9047-608b-715a-5eb2-2d7937d184e7"",""yes_price_dollars"":""0.4800""}"
KXBTC15M-26APR280900-00,6f0f635a-b347-78e0-6103-376013c88483,1777380358,0.48,40.0,no,"{""count_fp"":""40.00"",""created_time"":""2026-04-28T12:45:58.933698Z"",""no_price_dollars"":""0.5200"",""taker_side"":""no"",""ticker"":""KXBTC15M-26APR280900-00"",""trade_id"":""6f0f635a-b347-78e0-6103-376013c88483"",""yes_price_dollars"":""0.4800""}"
KXBTC15M-26APR280900-00,6203bbee-1c4d-7c38-6988-9b72ac3b126c,1777380358,0.48,3.0,no,"{""count_fp"":""3.00"",""created_time"":""2026-04-28T12:45:58.933698Z"",""no_price_dollars"":""0.5200"",""taker_side"":""no"",""ticker"":""KXBTC15M-26APR280900-00"",""trade_id"":""6203bbee-1c4d-7c38-6988-9b72ac3b126c"",""yes_price_dollars"":""0.4800""}"
KXBTC15M-26APR280900-00,5bb1baee-256f-71a1-504e-5bbce5df7e1c,1777380358,0.48,20.0,no,"{""count_fp"":""20.00"",""created_time"":""2026-04-28T12:45:58.933698Z"",""no_price_dollars"":""0.5200"",""taker_side"":""no"",""ticker"":""KXBTC15M-26APR280900-00"",""trade_id"":""5bb1baee-256f-71a1-504e-5bbce5df7e1c"",""yes_price_dollars"":""0.4800""}"
KXBTC15M-26APR280900-00,42e010a4-0227-77c7-7bd5-33131b690300,1777380358,0.48,10.0,no,"{""count_fp"":""10.00"",""created_time"":""2026-04-28T12:45:58.933698Z"",""no_price_dollars"":""0.5200"",""taker_side"":""no"",""ticker"":""KXBTC15M-26APR280900-00"",""trade_id"":""42e010a4-0227-77c7-7bd5-33131b690300"",""yes_price_dollars"":""0.4800""}"
KXBTC15M-26APR280900-00,393d47ad-3a04-7ee9-40f8-574d9328c31b,1777380358,0.48,10.0,no,"{""count_fp"":""10.00"",""created_time"":""2026-04-28T12:45:58.933698Z"",""no_price_dollars"":""0.5200"",""taker_side"":""no"",""ticker"":""KXBTC15M-26APR280900-00"",""trade_id"":""393d47ad-3a04-7ee9-40f8-574d9328c31b"",""yes_price_dollars"":""0.4800""}"
KXBTC15M-26APR280900-00,0f5fa1a1-3454-73aa-5483-0b7bf4b2c1fe,1777380358,0.48,1.0,no,"{""count_fp"":""1.00"",""created_time"":""2026-04-28T12:45:58.933698Z"",""no_price_dollars"":""0.5200"",""taker_side"":""no"",""ticker"":""KXBTC15M-26APR280900-00"",""trade_id"":""0f5fa1a1-3454-73aa-5483-0b7bf4b2c1fe"",""yes_price_dollars"":""0.4800""}"
KXBTC15M-26APR280900-00,0455eaad-776c-749f-7a6e-2a2176e631a8,1777380358,0.47,457.17,no,"{""count_fp"":""457.17"",""created_time"":""2026-04-28T12:45:58.933698Z"",""no_price_dollars"":""0.5300"",""taker_side"":""no"",""ticker"":""KXBTC15M-26APR280900-00"",""trade_id"":""0455eaad-776c-749f-7a6e-2a2176e631a8"",""yes_price_dollars"":""0.4700""}"
KXBTC15M-26APR280900-00,5ca34a67-c300-44b7-5b90-61af384581b5,1777380360,0.49,1.0,no,"{""count_fp"":""1.00"",""created_time"":""2026-04-28T12:46:00.097125Z"",""no_price_dollars"":""0.5100"",""taker_side"":""no"",""ticker"":""KXBTC15M-26APR280900-00"",""trade_id"":""5ca34a67-c300-44b7-5b90-61af384581b5"",""yes_price_dollars"":""0.4900""}"
KXBTC15M-26APR280900-00,9f8f4714-199d-54ac-e4cd-de44992f2e37,1777380361,0.5,28.3,yes,"{""count_fp"":""28.30"",""created_time"":""2026-04-28T12:46:01.864896Z"",""no_price_dollars"":""0.5000"",""taker_side"":""yes"",""ticker"":""KXBTC15M-26APR280900-00"",""trade_id"":""9f8f4714-199d-54ac-e4cd-de44992f2e37"",""yes_price_dollars"":""0.5000""}"
KXBTC15M-26APR280900-00,295bf7b9-8074-543c-cbe7-0d1d22edf791,1777380361,0.5,18.07,yes,"{""count_fp"":""18.07"",""created_time"":""2026-04-28T12:46:01.864896Z"",""no_price_dollars"":""0.5000"",""taker_side"":""yes"",""ticker"":""KXBTC15M-26APR280900-00"",""trade_id"":""295bf7b9-8074-543c-cbe7-0d1d22edf791"",""yes_price_dollars"":""0.5000""}"
KXBTC15M-26APR280900-00,26df3ef5-428b-50c8-c331-0595bd4c322b,1777380361,0.5,1.93,yes,"{""count_fp"":""1.93"",""created_time"":""2026-04-28T12:46:01.864896Z"",""no_price_dollars"":""0.5000"",""taker_side"":""yes"",""ticker"":""KXBTC15M-26APR280900-00"",""trade_id"":""26df3ef5-428b-50c8-c331-0595bd4c322b"",""yes_price_dollars"":""0.5000""}"
KXBTC15M-26APR280900-00,eaae0c56-43fa-640a-0dd0-c8c155cf74f6,1777380361,0.49,11.16,no,"{""count_fp"":""11.16"",""created_time"":""2026-04-28T12:46:01.833469Z"",""no_price_dollars"":""0.5100"",""taker_side"":""no"",""ticker"":""KXBTC15M-26APR280900-00"",""trade_id"":""eaae0c56-43fa-640a-0dd0-c8c155cf74f6"",""yes_price_dollars"":""0.4900""}"
KXBTC15M-26APR280900-00,60ce62a4-0a4e-6616-acf8-f794cd09c946,1777380361,0.49,1.66,no,"{""count_fp"":""1.66"",""created_time"":""2026-04-28T12:46:01.780187Z"",""no_price_dollars"":""0.5100"",""taker_side"":""no"",""ticker"":""KXBTC15M-26APR280900-00"",""trade_id"":""60ce62a4-0a4e-6616-acf8-f794cd09c946"",""yes_price_dollars"":""0.4900""}"
KXBTC15M-26APR280900-00,5c6635d1-b4e0-661a-a2a9-0cf196bbb9a3,1777380361,0.49,16.77,no,"{""count_fp"":""16.77"",""created_time"":""2026-04-28T12:46:01.780187Z"",""no_price_dollars"":""0.5100"",""taker_side"":""no"",""ticker"":""KXBTC15M-26APR280900-00"",""trade_id"":""5c6635d1-b4e0-661a-a2a9-0cf196bbb9a3"",""yes_price_dollars"":""0.4900""}"
KXBTC15M-26APR280900-00,133e17c3-b1f8-6ecb-bb23-f60f0506a553,1777380361,0.49,10.0,no,"{""count_fp"":""10.00"",""created_time"":""2026-04-28T12:46:01.780187Z"",""no_price_dollars"":""0.5100"",""taker_side"":""no"",""ticker"":""KXBTC15M-26APR280900-00"",""trade_id"":""133e17c3-b1f8-6ecb-bb23-f60f0506a553"",""yes_price_dollars"":""0.4900""}"
KXBTC15M-26APR280900-00,8aa1eac8-31a0-6cce-9186-14213edd6007,1777380361,0.49,1.0,no,"{""count_fp"":""1.00"",""created_time"":""2026-04-28T12:46:01.256877Z"",""no_price_dollars"":""0.5100"",""taker_side"":""no"",""ticker"":""KXBTC15M-26APR280900-00"",""trade_id"":""8aa1eac8-31a0-6cce-9186-14213edd6007"",""yes_price_dollars"":""0.4900""}"
KXBTC15M-26APR280900-00,f2b6e946-7da2-73e6-b0d7-6e2f3a8979d9,1777380364,0.51,1.89,yes,"{""count_fp"":""1.89"",""created_time"":""2026-04-28T12:46:04.459757Z"",""no_price_dollars"":""0.4900"",""taker_side"":""yes"",""ticker"":""KXBTC15M-26APR280900-00"",""trade_id"":""f2b6e946-7da2-73e6-b0d7-6e2f3a8979d9"",""yes_price_dollars"":""0.5100""}"
KXBTC15M-26APR280900-00,1626f658-8bfd-5152-1fa0-418a99435513,1777380364,0.51,18.95,yes,"{""count_fp"":""18.95"",""created_time"":""2026-04-28T12:46:04.335648Z"",""no_price_dollars"":""0.4900"",""taker_side"":""yes"",""ticker"":""KXBTC15M-26APR280900-00"",""trade_id"":""1626f658-8bfd-5152-1fa0-418a99435513"",""yes_price_dollars"":""0.5100""}"
KXBTC15M-26APR280900-00,4c73f011-9921-6c9a-6f28-7e325831532b,1777380365,0.49,3.0,yes,"{""count_fp"":""3.00"",""created_time"":""2026-04-28T12:46:05.727839Z"",""no_price_dollars"":""0.5100"",""taker_side"":""yes"",""ticker"":""KXBTC15M-26APR280900-00"",""trade_id"":""4c73f011-9921-6c9a-6f28-7e325831532b"",""yes_price_dollars"":""0.4900""}"
KXBTC15M-26APR280900-00,b667e87b-f6e9-6182-9dcb-b72ac568567f,1777380365,0.49,29.58,yes,"{""count_fp"":""29.58"",""created_time"":""2026-04-28T12:46:05.464596Z"",""no_price_dollars"":""0.5100"",""taker_side"":""yes"",""ticker"":""KXBTC15M-26APR280900-00"",""trade_id"":""b667e87b-f6e9-6182-9dcb-b72ac568567f"",""yes_price_dollars"":""0.4900""}"
