ticker,trade_id,ts,yes_price,count,taker_side,raw_json
KXBTC15M-26APR271500-00,abda5550-0a76-5a4b-837e-a5e8dd8bfb77,1777315501,0.54,1.0,yes,"{""count_fp"":""1.00"",""created_time"":""2026-04-27T18:45:01.621784Z"",""no_price_dollars"":""0.4600"",""taker_side"":""yes"",""ticker"":""KXBTC15M-26APR271500-00"",""trade_id"":""abda5550-0a76-5a4b-837e-a5e8dd8bfb77"",""yes_price_dollars"":""0.5400""}"
KXBTC15M-26APR271500-00,964c4fc3-ac06-542f-544b-b9927cbbc97f,1777315502,0.54,1.0,no,"{""count_fp"":""1.00"",""created_time"":""2026-04-27T18:45:02.273055Z"",""no_price_dollars"":""0.4600"",""taker_side"":""no"",""ticker"":""KXBTC15M-26APR271500-00"",""trade_id"":""964c4fc3-ac06-542f-544b-b9927cbbc97f"",""yes_price_dollars"":""0.5400""}"
KXBTC15M-26APR271500-00,eebde093-b277-4e33-cc1d-6f4687aa18e7,1777315503,0.55,6.0,yes,"{""count_fp"":""6.00"",""created_time"":""2026-04-27T18:45:03.127618Z"",""no_price_dollars"":""0.4500"",""taker_side"":""yes"",""ticker"":""KXBTC15M-26APR271500-00"",""trade_id"":""eebde093-b277-4e33-cc1d-6f4687aa18e7"",""yes_price_dollars"":""0.5500""}"
KXBTC15M-26APR271500-00,dee11183-d0c5-4fa0-fc12-2d7147149d81,1777315503,0.55,6.0,yes,"{""count_fp"":""6.00"",""created_time"":""2026-04-27T18:45:03.127618Z"",""no_price_dollars"":""0.4500"",""taker_side"":""yes"",""ticker"":""KXBTC15M-26APR271500-00"",""trade_id"":""dee11183-d0c5-4fa0-fc12-2d7147149d81"",""yes_price_dollars"":""0.5500""}"
KXBTC15M-26APR271500-00,5fdc5a98-1a99-416f-d876-ed1ee5fc472c,1777315503,0.55,1.0,yes,"{""count_fp"":""1.00"",""created_time"":""2026-04-27T18:45:03.127618Z"",""no_price_dollars"":""0.4500"",""taker_side"":""yes"",""ticker"":""KXBTC15M-26APR271500-00"",""trade_id"":""5fdc5a98-1a99-416f-d876-ed1ee5fc472c"",""yes_price_dollars"":""0.5500""}"
KXBTC15M-26APR271500-00,362c7304-c054-401b-e12a-765c14fcb5b2,1777315503,0.55,1.0,yes,"{""count_fp"":""1.00"",""created_time"":""2026-04-27T18:45:03.127618Z"",""no_price_dollars"":""0.4500"",""taker_side"":""yes"",""ticker"":""KXBTC15M-26APR271500-00"",""trade_id"":""362c7304-c054-401b-e12a-765c14fcb5b2"",""yes_price_dollars"":""0.5500""}"
KXBTC15M-26APR271500-00,38751854-88ba-5ef7-513b-cca1e91711bc,1777315504,0.52,40.06,no,"{""count_fp"":""40.06"",""created_time"":""2026-04-27T18:45:04.809155Z"",""no_price_dollars"":""0.4800"",""taker_side"":""no"",""ticker"":""KXBTC15M-26APR271500-00"",""trade_id"":""38751854-88ba-5ef7-513b-cca1e91711bc"",""yes_price_dollars"":""0.5200""}"
KXBTC15M-26APR271500-00,f145eedb-3642-4042-8272-0f30f911c9b9,1777315504,0.55,1.0,no,"{""count_fp"":""1.00"",""created_time"":""2026-04-27T18:45:04.665959Z"",""no_price_dollars"":""0.4500"",""taker_side"":""no"",""ticker"":""KXBTC15M-26APR271500-00"",""trade_id"":""f145eedb-3642-4042-8272-0f30f911c9b9"",""yes_price_dollars"":""0.5500""}"
KXBTC15M-26APR271500-00,d41abd55-b856-40db-9aa7-5ba8dc035616,1777315504,0.55,4.0,no,"{""count_fp"":""4.00"",""created_time"":""2026-04-27T18:45:04.665959Z"",""no_price_dollars"":""0.4500"",""taker_side"":""no"",""ticker"":""KXBTC15M-26APR271500-00"",""trade_id"":""d41abd55-b856-40db-9aa7-5ba8dc035616"",""yes_price_dollars"":""0.5500""}"
KXBTC15M-26APR271500-00,c45dfb94-b99e-4ffb-beb1-11b956645bdc,1777315504,0.52,2.0,no,"{""count_fp"":""2.00"",""created_time"":""2026-04-27T18:45:04.665959Z"",""no_price_dollars"":""0.4800"",""taker_side"":""no"",""ticker"":""KXBTC15M-26APR271500-00"",""trade_id"":""c45dfb94-b99e-4ffb-beb1-11b956645bdc"",""yes_price_dollars"":""0.5200""}"
KXBTC15M-26APR271500-00,b477d836-3a46-450b-a984-7fa86e8292fb,1777315504,0.54,10.0,no,"{""count_fp"":""10.00"",""created_time"":""2026-04-27T18:45:04.665959Z"",""no_price_dollars"":""0.4600"",""taker_side"":""no"",""ticker"":""KXBTC15M-26APR271500-00"",""trade_id"":""b477d836-3a46-450b-a984-7fa86e8292fb"",""yes_price_dollars"":""0.5400""}"
KXBTC15M-26APR271500-00,cd89c79b-c732-55b3-7749-c3d37229b2c2,1777315504,0.55,3.0,no,"{""count_fp"":""3.00"",""created_time"":""2026-04-27T18:45:04.582563Z"",""no_price_dollars"":""0.4500"",""taker_side"":""no"",""ticker"":""KXBTC15M-26APR271500-00"",""trade_id"":""cd89c79b-c732-55b3-7749-c3d37229b2c2"",""yes_price_dollars"":""0.5500""}"
KXBTC15M-26APR271500-00,da902993-4f0a-674b-53f5-e7bd2b92599e,1777315504,0.55,3.0,no,"{""count_fp"":""3.00"",""created_time"":""2026-04-27T18:45:04.352258Z"",""no_price_dollars"":""0.4500"",""taker_side"":""no"",""ticker"":""KXBTC15M-26APR271500-00"",""trade_id"":""da902993-4f0a-674b-53f5-e7bd2b92599e"",""yes_price_dollars"":""0.5500""}"
KXBTC15M-26APR271500-00,f61a7daa-4edd-5711-b573-96de08d4059c,1777315504,0.55,1.0,no,"{""count_fp"":""1.00"",""created_time"":""2026-04-27T18:45:04.150008Z"",""no_price_dollars"":""0.4500"",""taker_side"":""no"",""ticker"":""KXBTC15M-26APR271500-00"",""trade_id"":""f61a7daa-4edd-5711-b573-96de08d4059c"",""yes_price_dollars"":""0.5500""}"
KXBTC15M-26APR271500-00,3114c4a2-0b7b-529a-9bcd-d4b9613457fd,1777315504,0.55,10.0,no,"{""count_fp"":""10.00"",""created_time"":""2026-04-27T18:45:04.150008Z"",""no_price_dollars"":""0.4500"",""taker_side"":""no"",""ticker"":""KXBTC15M-26APR271500-00"",""trade_id"":""3114c4a2-0b7b-529a-9bcd-d4b9613457fd"",""yes_price_dollars"":""0.5500""}"
KXBTC15M-26APR271500-00,4930ddac-3471-6b17-be56-58304139fea6,1777315505,0.5,6.14,no,"{""count_fp"":""6.14"",""created_time"":""2026-04-27T18:45:05.849125Z"",""no_price_dollars"":""0.5000"",""taker_side"":""no"",""ticker"":""KXBTC15M-26APR271500-00"",""trade_id"":""4930ddac-3471-6b17-be56-58304139fea6"",""yes_price_dollars"":""0.5000""}"
KXBTC15M-26APR271500-00,320e5101-9111-654b-74e8-692a4bda8bde,1777315505,0.5,3.0,no,"{""count_fp"":""3.00"",""created_time"":""2026-04-27T18:45:05.543519Z"",""no_price_dollars"":""0.5000"",""taker_side"":""no"",""ticker"":""KXBTC15M-26APR271500-00"",""trade_id"":""320e5101-9111-654b-74e8-692a4bda8bde"",""yes_price_dollars"":""0.5000""}"
KXBTC15M-26APR271500-00,c1eaadac-f749-65b7-db4c-a25125f1291a,1777315505,0.5,12.19,no,"{""count_fp"":""12.19"",""created_time"":""2026-04-27T18:45:05.508613Z"",""no_price_dollars"":""0.5000"",""taker_side"":""no"",""ticker"":""KXBTC15M-26APR271500-00"",""trade_id"":""c1eaadac-f749-65b7-db4c-a25125f1291a"",""yes_price_dollars"":""0.5000""}"
KXBTC15M-26APR271500-00,f7292fb0-eed6-5674-3514-0bf645cf6d68,1777315505,0.5,1.0,no,"{""count_fp"":""1.00"",""created_time"":""2026-04-27T18:45:05.254742Z"",""no_price_dollars"":""0.5000"",""taker_side"":""no"",""ticker"":""KXBTC15M-26APR271500-00"",""trade_id"":""f7292fb0-eed6-5674-3514-0bf645cf6d68"",""yes_price_dollars"":""0.5000""}"
KXBTC15M-26APR271500-00,47674b98-b8c8-784d-a4e7-394afd9d71ad,1777315506,0.51,1.0,yes,"{""count_fp"":""1.00"",""created_time"":""2026-04-27T18:45:06.246943Z"",""no_price_dollars"":""0.4900"",""taker_side"":""yes"",""ticker"":""KXBTC15M-26APR271500-00"",""trade_id"":""47674b98-b8c8-784d-a4e7-394afd9d71ad"",""yes_price_dollars"":""0.5100""}"
KXBTC15M-26APR271500-00,3731c53c-0e63-78de-9b8d-71220c203c2a,1777315506,0.51,2.46,yes,"{""count_fp"":""2.46"",""created_time"":""2026-04-27T18:45:06.246943Z"",""no_price_dollars"":""0.4900"",""taker_side"":""yes"",""ticker"":""KXBTC15M-26APR271500-00"",""trade_id"":""3731c53c-0e63-78de-9b8d-71220c203c2a"",""yes_price_dollars"":""0.5100""}"
KXBTC15M-26APR271500-00,f7dea509-8581-4d7f-dcc3-1181375e7eae,1777315507,0.5,5.0,no,"{""count_fp"":""5.00"",""created_time"":""2026-04-27T18:45:07.900712Z"",""no_price_dollars"":""0.5000"",""taker_side"":""no"",""ticker"":""KXBTC15M-26APR271500-00"",""trade_id"":""f7dea509-8581-4d7f-dcc3-1181375e7eae"",""yes_price_dollars"":""0.5000""}"
KXBTC15M-26APR271500-00,ea51ab8e-678b-65f9-2a47-d69ba9ef7e1b,1777315507,0.51,0.78,yes,"{""count_fp"":""0.78"",""created_time"":""2026-04-27T18:45:07.414556Z"",""no_price_dollars"":""0.4900"",""taker_side"":""yes"",""ticker"":""KXBTC15M-26APR271500-00"",""trade_id"":""ea51ab8e-678b-65f9-2a47-d69ba9ef7e1b"",""yes_price_dollars"":""0.5100""}"
KXBTC15M-26APR271500-00,4d6247fa-7137-6268-2691-a9317573a455,1777315507,0.51,7.88,yes,"{""count_fp"":""7.88"",""created_time"":""2026-04-27T18:45:07.414556Z"",""no_price_dollars"":""0.4900"",""taker_side"":""yes"",""ticker"":""KXBTC15M-26APR271500-00"",""trade_id"":""4d6247fa-7137-6268-2691-a9317573a455"",""yes_price_dollars"":""0.5100""}"
KXBTC15M-26APR271500-00,e4133aae-2127-6e0a-8ed8-9611c4afb2c3,1777315508,0.52,56.0,yes,"{""count_fp"":""56.00"",""created_time"":""2026-04-27T18:45:08.426979Z"",""no_price_dollars"":""0.4800"",""taker_side"":""yes"",""ticker"":""KXBTC15M-26APR271500-00"",""trade_id"":""e4133aae-2127-6e0a-8ed8-9611c4afb2c3"",""yes_price_dollars"":""0.5200""}"
KXBTC15M-26APR271500-00,a0c59c12-45a9-6f9a-b90f-0b656041482c,1777315508,0.53,1.0,yes,"{""count_fp"":""1.00"",""created_time"":""2026-04-27T18:45:08.426979Z"",""no_price_dollars"":""0.4700"",""taker_side"":""yes"",""ticker"":""KXBTC15M-26APR271500-00"",""trade_id"":""a0c59c12-45a9-6f9a-b90f-0b656041482c"",""yes_price_dollars"":""0.5300""}"
KXBTC15M-26APR271500-00,9d02e852-dc47-6918-aeaa-e7f36198d083,1777315508,0.52,26.0,yes,"{""count_fp"":""26.00"",""created_time"":""2026-04-27T18:45:08.426979Z"",""no_price_dollars"":""0.4800"",""taker_side"":""yes"",""ticker"":""KXBTC15M-26APR271500-00"",""trade_id"":""9d02e852-dc47-6918-aeaa-e7f36198d083"",""yes_price_dollars"":""0.5200""}"
KXBTC15M-26APR271500-00,9cfb20aa-e9b3-6a90-bba3-455a17734525,1777315508,0.51,2.12,yes,"{""count_fp"":""2.12"",""created_time"":""2026-04-27T18:45:08.426979Z"",""no_price_dollars"":""0.4900"",""taker_side"":""yes"",""ticker"":""KXBTC15M-26APR271500-00"",""trade_id"":""9cfb20aa-e9b3-6a90-bba3-455a17734525"",""yes_price_dollars"":""0.5100""}"
KXBTC15M-26APR271500-00,8aa496ff-7c83-67f1-9acb-662bed03f0bb,1777315508,0.53,200.0,yes,"{""count_fp"":""200.00"",""created_time"":""2026-04-27T18:45:08.426979Z"",""no_price_dollars"":""0.4700"",""taker_side"":""yes"",""ticker"":""KXBTC15M-26APR271500-00"",""trade_id"":""8aa496ff-7c83-67f1-9acb-662bed03f0bb"",""yes_price_dollars"":""0.5300""}"
KXBTC15M-26APR271500-00,5cf202d3-0cbd-655f-8fe4-97028a17988a,1777315508,0.51,1.0,yes,"{""count_fp"":""1.00"",""created_time"":""2026-04-27T18:45:08.426979Z"",""no_price_dollars"":""0.4900"",""taker_side"":""yes"",""ticker"":""KXBTC15M-26APR271500-00"",""trade_id"":""5cf202d3-0cbd-655f-8fe4-97028a17988a"",""yes_price_dollars"":""0.5100""}"
KXBTC15M-26APR271500-00,59fb9a57-f426-6d93-983a-e454e808c6df,1777315508,0.53,10.0,yes,"{""count_fp"":""10.00"",""created_time"":""2026-04-27T18:45:08.426979Z"",""no_price_dollars"":""0.4700"",""taker_side"":""yes"",""ticker"":""KXBTC15M-26APR271500-00"",""trade_id"":""59fb9a57-f426-6d93-983a-e454e808c6df"",""yes_price_dollars"":""0.5300""}"
KXBTC15M-26APR271500-00,46c9f538-b5c9-6b8c-80a2-38975ff6ba97,1777315508,0.54,13.0,yes,"{""count_fp"":""13.00"",""created_time"":""2026-04-27T18:45:08.426979Z"",""no_price_dollars"":""0.4600"",""taker_side"":""yes"",""ticker"":""KXBTC15M-26APR271500-00"",""trade_id"":""46c9f538-b5c9-6b8c-80a2-38975ff6ba97"",""yes_price_dollars"":""0.5400""}"
KXBTC15M-26APR271500-00,3e427d34-7225-6dcb-968e-81d1d8fdf938,1777315508,0.52,113.0,yes,"{""count_fp"":""113.00"",""created_time"":""2026-04-27T18:45:08.426979Z"",""no_price_dollars"":""0.4800"",""taker_side"":""yes"",""ticker"":""KXBTC15M-26APR271500-00"",""trade_id"":""3e427d34-7225-6dcb-968e-81d1d8fdf938"",""yes_price_dollars"":""0.5200""}"
KXBTC15M-26APR271500-00,3dcde517-5566-6056-b974-0c4abf040bac,1777315508,0.52,5.0,yes,"{""count_fp"":""5.00"",""created_time"":""2026-04-27T18:45:08.426979Z"",""no_price_dollars"":""0.4800"",""taker_side"":""yes"",""ticker"":""KXBTC15M-26APR271500-00"",""trade_id"":""3dcde517-5566-6056-b974-0c4abf040bac"",""yes_price_dollars"":""0.5200""}"
KXBTC15M-26APR271500-00,17868865-628b-65b8-b30d-7aa1886aa908,1777315508,0.54,27.23,yes,"{""count_fp"":""27.23"",""created_time"":""2026-04-27T18:45:08.426979Z"",""no_price_dollars"":""0.4600"",""taker_side"":""yes"",""ticker"":""KXBTC15M-26APR271500-00"",""trade_id"":""17868865-628b-65b8-b30d-7aa1886aa908"",""yes_price_dollars"":""0.5400""}"
KXBTC15M-26APR271500-00,c64258d4-bd7c-4d8e-b0e1-ab437d54aaba,1777315509,0.5,5.79,no,"{""count_fp"":""5.79"",""created_time"":""2026-04-27T18:45:09.951611Z"",""no_price_dollars"":""0.5000"",""taker_side"":""no"",""ticker"":""KXBTC15M-26APR271500-00"",""trade_id"":""c64258d4-bd7c-4d8e-b0e1-ab437d54aaba"",""yes_price_dollars"":""0.5000""}"
KXBTC15M-26APR271500-00,ed2d8b3b-1728-63e9-3881-9b12c315597d,1777315509,0.51,9.35,yes,"{""count_fp"":""9.35"",""created_time"":""2026-04-27T18:45:09.821119Z"",""no_price_dollars"":""0.4900"",""taker_side"":""yes"",""ticker"":""KXBTC15M-26APR271500-00"",""trade_id"":""ed2d8b3b-1728-63e9-3881-9b12c315597d"",""yes_price_dollars"":""0.5100""}"
KXBTC15M-26APR271500-00,0b1b84d0-8770-4ba2-0710-4eddb232a37a,1777315509,0.5,22.0,no,"{""count_fp"":""22.00"",""created_time"":""2026-04-27T18:45:09.540669Z"",""no_price_dollars"":""0.5000"",""taker_side"":""no"",""ticker"":""KXBTC15M-26APR271500-00"",""trade_id"":""0b1b84d0-8770-4ba2-0710-4eddb232a37a"",""yes_price_dollars"":""0.5000""}"
KXBTC15M-26APR271500-00,5685e7a5-5684-5826-2c1d-624de60f3222,1777315509,0.5,28.98,no,"{""count_fp"":""28.98"",""created_time"":""2026-04-27T18:45:09.446395Z"",""no_price_dollars"":""0.5000"",""taker_side"":""no"",""ticker"":""KXBTC15M-26APR271500-00"",""trade_id"":""5685e7a5-5684-5826-2c1d-624de60f3222"",""yes_price_dollars"":""0.5000""}"
KXBTC15M-26APR271500-00,78648435-1df4-426a-887a-7d8a1bba08b6,1777315509,0.5,1.5,no,"{""count_fp"":""1.50"",""created_time"":""2026-04-27T18:45:09.289249Z"",""no_price_dollars"":""0.5000"",""taker_side"":""no"",""ticker"":""KXBTC15M-26APR271500-00"",""trade_id"":""78648435-1df4-426a-887a-7d8a1bba08b6"",""yes_price_dollars"":""0.5000""}"
KXBTC15M-26APR271500-00,01890387-76ef-4849-b130-a4a39f8dada5,1777315509,0.5,37.14,no,"{""count_fp"":""37.14"",""created_time"":""2026-04-27T18:45:09.289249Z"",""no_price_dollars"":""0.5000"",""taker_side"":""no"",""ticker"":""KXBTC15M-26APR271500-00"",""trade_id"":""01890387-76ef-4849-b130-a4a39f8dada5"",""yes_price_dollars"":""0.5000""}"
KXBTC15M-26APR271500-00,8cdfdda3-168c-4ba9-a7b7-f6d566202668,1777315509,0.51,1.0,yes,"{""count_fp"":""1.00"",""created_time"":""2026-04-27T18:45:09.144036Z"",""no_price_dollars"":""0.4900"",""taker_side"":""yes"",""ticker"":""KXBTC15M-26APR271500-00"",""trade_id"":""8cdfdda3-168c-4ba9-a7b7-f6d566202668"",""yes_price_dollars"":""0.5100""}"
KXBTC15M-26APR271500-00,80eb75f7-9a74-4719-bd82-c85b449c61c9,1777315509,0.51,4.0,yes,"{""count_fp"":""4.00"",""created_time"":""2026-04-27T18:45:09.144036Z"",""no_price_dollars"":""0.4900"",""taker_side"":""yes"",""ticker"":""KXBTC15M-26APR271500-00"",""trade_id"":""80eb75f7-9a74-4719-bd82-c85b449c61c9"",""yes_price_dollars"":""0.5100""}"
KXBTC15M-26APR271500-00,f0b3a7ca-e633-48ed-f38f-5a5a84749881,1777315509,0.5,10.0,no,"{""count_fp"":""10.00"",""created_time"":""2026-04-27T18:45:09.023311Z"",""no_price_dollars"":""0.5000"",""taker_side"":""no"",""ticker"":""KXBTC15M-26APR271500-00"",""trade_id"":""f0b3a7ca-e633-48ed-f38f-5a5a84749881"",""yes_price_dollars"":""0.5000""}"
KXBTC15M-26APR271500-00,e4a18082-fb97-4849-d58f-064bc2576575,1777315509,0.5,62.86,no,"{""count_fp"":""62.86"",""created_time"":""2026-04-27T18:45:09.023311Z"",""no_price_dollars"":""0.5000"",""taker_side"":""no"",""ticker"":""KXBTC15M-26APR271500-00"",""trade_id"":""e4a18082-fb97-4849-d58f-064bc2576575"",""yes_price_dollars"":""0.5000""}"
KXBTC15M-26APR271500-00,c0a9c67d-5524-43ff-ecae-f69ca7e94978,1777315509,0.5,1.0,no,"{""count_fp"":""1.00"",""created_time"":""2026-04-27T18:45:09.023311Z"",""no_price_dollars"":""0.5000"",""taker_side"":""no"",""ticker"":""KXBTC15M-26APR271500-00"",""trade_id"":""c0a9c67d-5524-43ff-ecae-f69ca7e94978"",""yes_price_dollars"":""0.5000""}"
KXBTC15M-26APR271500-00,aa92ea1f-c041-40db-d3bf-bc465538c1fa,1777315509,0.5,93.67,no,"{""count_fp"":""93.67"",""created_time"":""2026-04-27T18:45:09.023311Z"",""no_price_dollars"":""0.5000"",""taker_side"":""no"",""ticker"":""KXBTC15M-26APR271500-00"",""trade_id"":""aa92ea1f-c041-40db-d3bf-bc465538c1fa"",""yes_price_dollars"":""0.5000""}"
KXBTC15M-26APR271500-00,932d59d8-35c7-7470-2274-15f2ec97cc04,1777315510,0.43,1.0,no,"{""count_fp"":""1.00"",""created_time"":""2026-04-27T18:45:10.924428Z"",""no_price_dollars"":""0.5700"",""taker_side"":""no"",""ticker"":""KXBTC15M-26APR271500-00"",""trade_id"":""932d59d8-35c7-7470-2274-15f2ec97cc04"",""yes_price_dollars"":""0.4300""}"
KXBTC15M-26APR271500-00,7359272e-2fd8-6abb-605d-6799dd5c1b50,1777315510,0.43,1.0,no,"{""count_fp"":""1.00"",""created_time"":""2026-04-27T18:45:10.802392Z"",""no_price_dollars"":""0.5700"",""taker_side"":""no"",""ticker"":""KXBTC15M-26APR271500-00"",""trade_id"":""7359272e-2fd8-6abb-605d-6799dd5c1b50"",""yes_price_dollars"":""0.4300""}"
KXBTC15M-26APR271500-00,b7bcc514-2df1-4b06-7299-9ac341740196,1777315510,0.44,1.0,no,"{""count_fp"":""1.00"",""created_time"":""2026-04-27T18:45:10.552767Z"",""no_price_dollars"":""0.5600"",""taker_side"":""no"",""ticker"":""KXBTC15M-26APR271500-00"",""trade_id"":""b7bcc514-2df1-4b06-7299-9ac341740196"",""yes_price_dollars"":""0.4400""}"
KXBTC15M-26APR271500-00,cf346a64-5cc2-638b-a5d6-0d666b3e59f1,1777315510,0.46,1.0,no,"{""count_fp"":""1.00"",""created_time"":""2026-04-27T18:45:10.515117Z"",""no_price_dollars"":""0.5400"",""taker_side"":""no"",""ticker"":""KXBTC15M-26APR271500-00"",""trade_id"":""cf346a64-5cc2-638b-a5d6-0d666b3e59f1"",""yes_price_dollars"":""0.4600""}"
KXBTC15M-26APR271500-00,3f54f875-092e-6c09-b08b-48810b6aa106,1777315510,0.46,100.0,no,"{""count_fp"":""100.00"",""created_time"":""2026-04-27T18:45:10.515117Z"",""no_price_dollars"":""0.5400"",""taker_side"":""no"",""ticker"":""KXBTC15M-26APR271500-00"",""trade_id"":""3f54f875-092e-6c09-b08b-48810b6aa106"",""yes_price_dollars"":""0.4600""}"
KXBTC15M-26APR271500-00,0e620ba6-aed7-6ff3-c23f-d008a9dc783a,1777315510,0.47,6.06,no,"{""count_fp"":""6.06"",""created_time"":""2026-04-27T18:45:10.512688Z"",""no_price_dollars"":""0.5300"",""taker_side"":""no"",""ticker"":""KXBTC15M-26APR271500-00"",""trade_id"":""0e620ba6-aed7-6ff3-c23f-d008a9dc783a"",""yes_price_dollars"":""0.4700""}"
KXBTC15M-26APR271500-00,81f740c7-d9e8-5b75-33d0-639294b96944,1777315510,0.5,0.27,no,"{""count_fp"":""0.27"",""created_time"":""2026-04-27T18:45:10.461218Z"",""no_price_dollars"":""0.5000"",""taker_side"":""no"",""ticker"":""KXBTC15M-26APR271500-00"",""trade_id"":""81f740c7-d9e8-5b75-33d0-639294b96944"",""yes_price_dollars"":""0.5000""}"
KXBTC15M-26APR271500-00,27183ee1-e0e6-5189-3c07-afa8ea4c2b78,1777315510,0.48,39.73,no,"{""count_fp"":""39.73"",""created_time"":""2026-04-27T18:45:10.461218Z"",""no_price_dollars"":""0.5200"",""taker_side"":""no"",""ticker"":""KXBTC15M-26APR271500-00"",""trade_id"":""27183ee1-e0e6-5189-3c07-afa8ea4c2b78"",""yes_price_dollars"":""0.4800""}"
KXBTC15M-26APR271500-00,af757dc4-f8f9-6d71-bbf7-a7302af10307,1777315510,0.51,5.0,yes,"{""count_fp"":""5.00"",""created_time"":""2026-04-27T18:45:10.348717Z"",""no_price_dollars"":""0.4900"",""taker_side"":""yes"",""ticker"":""KXBTC15M-26APR271500-00"",""trade_id"":""af757dc4-f8f9-6d71-bbf7-a7302af10307"",""yes_price_dollars"":""0.5100""}"
KXBTC15M-26APR271500-00,821204d8-175b-68a2-bd04-0df904e1d089,1777315510,0.51,413.88,yes,"{""count_fp"":""413.88"",""created_time"":""2026-04-27T18:45:10.348717Z"",""no_price_dollars"":""0.4900"",""taker_side"":""yes"",""ticker"":""KXBTC15M-26APR271500-00"",""trade_id"":""821204d8-175b-68a2-bd04-0df904e1d089"",""yes_price_dollars"":""0.5100""}"
KXBTC15M-26APR271500-00,68d0e3fc-9418-6ab1-bc59-000dcd709add,1777315510,0.51,17.18,yes,"{""count_fp"":""17.18"",""created_time"":""2026-04-27T18:45:10.348717Z"",""no_price_dollars"":""0.4900"",""taker_side"":""yes"",""ticker"":""KXBTC15M-26APR271500-00"",""trade_id"":""68d0e3fc-9418-6ab1-bc59-000dcd709add"",""yes_price_dollars"":""0.5100""}"
KXBTC15M-26APR271500-00,4b30dabd-aa66-6682-aa17-d51103a7cb9d,1777315510,0.51,3.0,yes,"{""count_fp"":""3.00"",""created_time"":""2026-04-27T18:45:10.348717Z"",""no_price_dollars"":""0.4900"",""taker_side"":""yes"",""ticker"":""KXBTC15M-26APR271500-00"",""trade_id"":""4b30dabd-aa66-6682-aa17-d51103a7cb9d"",""yes_price_dollars"":""0.5100""}"
KXBTC15M-26APR271500-00,8fec9810-e27c-7f56-e099-44567f4257ae,1777315510,0.5,13.27,no,"{""count_fp"":""13.27"",""created_time"":""2026-04-27T18:45:10.168173Z"",""no_price_dollars"":""0.5000"",""taker_side"":""no"",""ticker"":""KXBTC15M-26APR271500-00"",""trade_id"":""8fec9810-e27c-7f56-e099-44567f4257ae"",""yes_price_dollars"":""0.5000""}"
KXBTC15M-26APR271500-00,698f2b4b-55c4-77e5-fec6-49e6bce9e30c,1777315510,0.5,9.73,no,"{""count_fp"":""9.73"",""created_time"":""2026-04-27T18:45:10.168173Z"",""no_price_dollars"":""0.5000"",""taker_side"":""no"",""ticker"":""KXBTC15M-26APR271500-00"",""trade_id"":""698f2b4b-55c4-77e5-fec6-49e6bce9e30c"",""yes_price_dollars"":""0.5000""}"
KXBTC15M-26APR271500-00,552abf75-4640-412d-6398-bf8aeff310d1,1777315510,0.51,9.47,yes,"{""count_fp"":""9.47"",""created_time"":""2026-04-27T18:45:10.020675Z"",""no_price_dollars"":""0.4900"",""taker_side"":""yes"",""ticker"":""KXBTC15M-26APR271500-00"",""trade_id"":""552abf75-4640-412d-6398-bf8aeff310d1"",""yes_price_dollars"":""0.5100""}"
KXBTC15M-26APR271500-00,4c85bc28-8e57-5f21-8a69-2860b9e4683b,1777315511,0.45,1.0,yes,"{""count_fp"":""1.00"",""created_time"":""2026-04-27T18:45:11.978673Z"",""no_price_dollars"":""0.5500"",""taker_side"":""yes"",""ticker"":""KXBTC15M-26APR271500-00"",""trade_id"":""4c85bc28-8e57-5f21-8a69-2860b9e4683b"",""yes_price_dollars"":""0.4500""}"
KXBTC15M-26APR271500-00,f058157d-9878-505c-654b-35a8ae7c92d7,1777315511,0.44,5.0,yes,"{""count_fp"":""5.00"",""created_time"":""2026-04-27T18:45:11.919847Z"",""no_price_dollars"":""0.5600"",""taker_side"":""yes"",""ticker"":""KXBTC15M-26APR271500-00"",""trade_id"":""f058157d-9878-505c-654b-35a8ae7c92d7"",""yes_price_dollars"":""0.4400""}"
KXBTC15M-26APR271500-00,d0d81b36-2e27-5d71-7c93-5c0b8b6fe4c3,1777315511,0.45,10.8,yes,"{""count_fp"":""10.80"",""created_time"":""2026-04-27T18:45:11.919847Z"",""no_price_dollars"":""0.5500"",""taker_side"":""yes"",""ticker"":""KXBTC15M-26APR271500-00"",""trade_id"":""d0d81b36-2e27-5d71-7c93-5c0b8b6fe4c3"",""yes_price_dollars"":""0.4500""}"
KXBTC15M-26APR271500-00,9ee59774-5f36-54cc-559b-effe86bbc2c6,1777315511,0.44,2.42,yes,"{""count_fp"":""2.42"",""created_time"":""2026-04-27T18:45:11.919847Z"",""no_price_dollars"":""0.5600"",""taker_side"":""yes"",""ticker"":""KXBTC15M-26APR271500-00"",""trade_id"":""9ee59774-5f36-54cc-559b-effe86bbc2c6"",""yes_price_dollars"":""0.4400""}"
KXBTC15M-26APR271500-00,5c2bb10f-59e1-5e15-6a93-ffb4297b43d6,1777315511,0.44,3.0,yes,"{""count_fp"":""3.00"",""created_time"":""2026-04-27T18:45:11.919847Z"",""no_price_dollars"":""0.5600"",""taker_side"":""yes"",""ticker"":""KXBTC15M-26APR271500-00"",""trade_id"":""5c2bb10f-59e1-5e15-6a93-ffb4297b43d6"",""yes_price_dollars"":""0.4400""}"
KXBTC15M-26APR271500-00,3e35f5ed-249a-43f0-66a4-ed70d0a557aa,1777315511,0.44,7.58,yes,"{""count_fp"":""7.58"",""created_time"":""2026-04-27T18:45:11.697047Z"",""no_price_dollars"":""0.5600"",""taker_side"":""yes"",""ticker"":""KXBTC15M-26APR271500-00"",""trade_id"":""3e35f5ed-249a-43f0-66a4-ed70d0a557aa"",""yes_price_dollars"":""0.4400""}"
KXBTC15M-26APR271500-00,ede40246-99ce-4f18-c009-d3cd04faebfe,1777315511,0.44,1.0,yes,"{""count_fp"":""1.00"",""created_time"":""2026-04-27T18:45:11.542982Z"",""no_price_dollars"":""0.5600"",""taker_side"":""yes"",""ticker"":""KXBTC15M-26APR271500-00"",""trade_id"":""ede40246-99ce-4f18-c009-d3cd04faebfe"",""yes_price_dollars"":""0.4400""}"
KXBTC15M-26APR271500-00,6495eb90-b3ea-577c-5b6e-50bfa78cbc42,1777315511,0.44,1.0,yes,"{""count_fp"":""1.00"",""created_time"":""2026-04-27T18:45:11.145036Z"",""no_price_dollars"":""0.5600"",""taker_side"":""yes"",""ticker"":""KXBTC15M-26APR271500-00"",""trade_id"":""6495eb90-b3ea-577c-5b6e-50bfa78cbc42"",""yes_price_dollars"":""0.4400""}"
KXBTC15M-26APR271500-00,2a9e06f1-1870-56cd-4b71-ae650723a0b3,1777315511,0.44,3.0,yes,"{""count_fp"":""3.00"",""created_time"":""2026-04-27T18:45:11.145036Z"",""no_price_dollars"":""0.5600"",""taker_side"":""yes"",""ticker"":""KXBTC15M-26APR271500-00"",""trade_id"":""2a9e06f1-1870-56cd-4b71-ae650723a0b3"",""yes_price_dollars"":""0.4400""}"
KXBTC15M-26APR271500-00,ea6277bd-5db4-66ee-154f-4d3389efb1f9,1777315512,0.42,1.0,yes,"{""count_fp"":""1.00"",""created_time"":""2026-04-27T18:45:12.670344Z"",""no_price_dollars"":""0.5800"",""taker_side"":""yes"",""ticker"":""KXBTC15M-26APR271500-00"",""trade_id"":""ea6277bd-5db4-66ee-154f-4d3389efb1f9"",""yes_price_dollars"":""0.4200""}"
KXBTC15M-26APR271500-00,f02d32b1-3497-74a0-9ec8-31cf9d5b0af5,1777315513,0.43,40.0,yes,"{""count_fp"":""40.00"",""created_time"":""2026-04-27T18:45:13.930582Z"",""no_price_dollars"":""0.5700"",""taker_side"":""yes"",""ticker"":""KXBTC15M-26APR271500-00"",""trade_id"":""f02d32b1-3497-74a0-9ec8-31cf9d5b0af5"",""yes_price_dollars"":""0.4300""}"
KXBTC15M-26APR271500-00,e730b601-ca3d-750c-86c9-2c0d17db27cb,1777315513,0.43,12.0,yes,"{""count_fp"":""12.00"",""created_time"":""2026-04-27T18:45:13.930582Z"",""no_price_dollars"":""0.5700"",""taker_side"":""yes"",""ticker"":""KXBTC15M-26APR271500-00"",""trade_id"":""e730b601-ca3d-750c-86c9-2c0d17db27cb"",""yes_price_dollars"":""0.4300""}"
KXBTC15M-26APR271500-00,cd7a53ac-63f2-7c59-a9c3-208589296709,1777315513,0.43,5.0,yes,"{""count_fp"":""5.00"",""created_time"":""2026-04-27T18:45:13.930582Z"",""no_price_dollars"":""0.5700"",""taker_side"":""yes"",""ticker"":""KXBTC15M-26APR271500-00"",""trade_id"":""cd7a53ac-63f2-7c59-a9c3-208589296709"",""yes_price_dollars"":""0.4300""}"
KXBTC15M-26APR271500-00,cbff7764-2d98-76b2-ad67-b1155cdd2f21,1777315513,0.44,63.78,yes,"{""count_fp"":""63.78"",""created_time"":""2026-04-27T18:45:13.930582Z"",""no_price_dollars"":""0.5600"",""taker_side"":""yes"",""ticker"":""KXBTC15M-26APR271500-00"",""trade_id"":""cbff7764-2d98-76b2-ad67-b1155cdd2f21"",""yes_price_dollars"":""0.4400""}"
KXBTC15M-26APR271500-00,a99db91b-cf3f-76eb-a1ee-ce92841a02f7,1777315513,0.43,56.0,yes,"{""count_fp"":""56.00"",""created_time"":""2026-04-27T18:45:13.930582Z"",""no_price_dollars"":""0.5700"",""taker_side"":""yes"",""ticker"":""KXBTC15M-26APR271500-00"",""trade_id"":""a99db91b-cf3f-76eb-a1ee-ce92841a02f7"",""yes_price_dollars"":""0.4300""}"
KXBTC15M-26APR271500-00,746621ac-ee22-7fa8-84a4-ea5702190d14,1777315513,0.41,40.0,yes,"{""count_fp"":""40.00"",""created_time"":""2026-04-27T18:45:13.930582Z"",""no_price_dollars"":""0.5900"",""taker_side"":""yes"",""ticker"":""KXBTC15M-26APR271500-00"",""trade_id"":""746621ac-ee22-7fa8-84a4-ea5702190d14"",""yes_price_dollars"":""0.4100""}"
KXBTC15M-26APR271500-00,2a2b82b3-837b-7dd6-9d6b-8b125fbbf6a5,1777315513,0.44,40.0,yes,"{""count_fp"":""40.00"",""created_time"":""2026-04-27T18:45:13.930582Z"",""no_price_dollars"":""0.5600"",""taker_side"":""yes"",""ticker"":""KXBTC15M-26APR271500-00"",""trade_id"":""2a2b82b3-837b-7dd6-9d6b-8b125fbbf6a5"",""yes_price_dollars"":""0.4400""}"
KXBTC15M-26APR271500-00,12778925-16a4-701a-bb23-161d90006e41,1777315513,0.42,39.0,yes,"{""count_fp"":""39.00"",""created_time"":""2026-04-27T18:45:13.930582Z"",""no_price_dollars"":""0.5800"",""taker_side"":""yes"",""ticker"":""KXBTC15M-26APR271500-00"",""trade_id"":""12778925-16a4-701a-bb23-161d90006e41"",""yes_price_dollars"":""0.4200""}"
KXBTC15M-26APR271500-00,108831d3-bdd1-794f-8c12-51f571356dcb,1777315513,0.4,6.19,yes,"{""count_fp"":""6.19"",""created_time"":""2026-04-27T18:45:13.930582Z"",""no_price_dollars"":""0.6000"",""taker_side"":""yes"",""ticker"":""KXBTC15M-26APR271500-00"",""trade_id"":""108831d3-bdd1-794f-8c12-51f571356dcb"",""yes_price_dollars"":""0.4000""}"
KXBTC15M-26APR271500-00,0bf8580c-bfe6-7ab3-ba0b-33f96c43a9bc,1777315513,0.43,3.0,yes,"{""count_fp"":""3.00"",""created_time"":""2026-04-27T18:45:13.930582Z"",""no_price_dollars"":""0.5700"",""taker_side"":""yes"",""ticker"":""KXBTC15M-26APR271500-00"",""trade_id"":""0bf8580c-bfe6-7ab3-ba0b-33f96c43a9bc"",""yes_price_dollars"":""0.4300""}"
KXBTC15M-26APR271500-00,64204838-9131-4437-002d-0efeabb04357,1777315513,0.4,22.88,yes,"{""count_fp"":""22.88"",""created_time"":""2026-04-27T18:45:13.911968Z"",""no_price_dollars"":""0.6000"",""taker_side"":""yes"",""ticker"":""KXBTC15M-26APR271500-00"",""trade_id"":""64204838-9131-4437-002d-0efeabb04357"",""yes_price_dollars"":""0.4000""}"
KXBTC15M-26APR271500-00,b340dedd-f649-51c7-42cd-ae2ca678c7ef,1777315513,0.4,10.93,yes,"{""count_fp"":""10.93"",""created_time"":""2026-04-27T18:45:13.855324Z"",""no_price_dollars"":""0.6000"",""taker_side"":""yes"",""ticker"":""KXBTC15M-26APR271500-00"",""trade_id"":""b340dedd-f649-51c7-42cd-ae2ca678c7ef"",""yes_price_dollars"":""0.4000""}"
KXBTC15M-26APR271500-00,eae71090-c23f-7fb4-83ce-036c171463c6,1777315513,0.38,887.95,no,"{""count_fp"":""887.95"",""created_time"":""2026-04-27T18:45:13.706645Z"",""no_price_dollars"":""0.6200"",""taker_side"":""no"",""ticker"":""KXBTC15M-26APR271500-00"",""trade_id"":""eae71090-c23f-7fb4-83ce-036c171463c6"",""yes_price_dollars"":""0.3800""}"
KXBTC15M-26APR271500-00,df6b73e2-e0f6-74b2-960e-30150568fb31,1777315513,0.4,100.0,no,"{""count_fp"":""100.00"",""created_time"":""2026-04-27T18:45:13.706645Z"",""no_price_dollars"":""0.6000"",""taker_side"":""no"",""ticker"":""KXBTC15M-26APR271500-00"",""trade_id"":""df6b73e2-e0f6-74b2-960e-30150568fb31"",""yes_price_dollars"":""0.4000""}"
KXBTC15M-26APR271500-00,dea43842-c8dd-7acf-b14a-dc07d5affb2a,1777315513,0.4,56.0,no,"{""count_fp"":""56.00"",""created_time"":""2026-04-27T18:45:13.706645Z"",""no_price_dollars"":""0.6000"",""taker_side"":""no"",""ticker"":""KXBTC15M-26APR271500-00"",""trade_id"":""dea43842-c8dd-7acf-b14a-dc07d5affb2a"",""yes_price_dollars"":""0.4000""}"
KXBTC15M-26APR271500-00,dd274209-1f69-71cf-a7fa-708bccbd709d,1777315513,0.39,450.0,no,"{""count_fp"":""450.00"",""created_time"":""2026-04-27T18:45:13.706645Z"",""no_price_dollars"":""0.6100"",""taker_side"":""no"",""ticker"":""KXBTC15M-26APR271500-00"",""trade_id"":""dd274209-1f69-71cf-a7fa-708bccbd709d"",""yes_price_dollars"":""0.3900""}"
KXBTC15M-26APR271500-00,b6979c55-8063-7b47-888e-474d10386d90,1777315513,0.41,1.1,no,"{""count_fp"":""1.10"",""created_time"":""2026-04-27T18:45:13.706645Z"",""no_price_dollars"":""0.5900"",""taker_side"":""no"",""ticker"":""KXBTC15M-26APR271500-00"",""trade_id"":""b6979c55-8063-7b47-888e-474d10386d90"",""yes_price_dollars"":""0.4100""}"
KXBTC15M-26APR271500-00,8f2bdf8e-9cca-754d-8230-a6a838b9a6a7,1777315513,0.4,3.0,no,"{""count_fp"":""3.00"",""created_time"":""2026-04-27T18:45:13.706645Z"",""no_price_dollars"":""0.6000"",""taker_side"":""no"",""ticker"":""KXBTC15M-26APR271500-00"",""trade_id"":""8f2bdf8e-9cca-754d-8230-a6a838b9a6a7"",""yes_price_dollars"":""0.4000""}"
KXBTC15M-26APR271500-00,78aa367f-1257-7bbc-ab15-060ef51670e6,1777315513,0.39,5.0,no,"{""count_fp"":""5.00"",""created_time"":""2026-04-27T18:45:13.706645Z"",""no_price_dollars"":""0.6100"",""taker_side"":""no"",""ticker"":""KXBTC15M-26APR271500-00"",""trade_id"":""78aa367f-1257-7bbc-ab15-060ef51670e6"",""yes_price_dollars"":""0.3900""}"
KXBTC15M-26APR271500-00,5672a91a-0eef-7ff1-a1ea-cb6a8ef0aa51,1777315513,0.38,30.56,no,"{""count_fp"":""30.56"",""created_time"":""2026-04-27T18:45:13.706645Z"",""no_price_dollars"":""0.6200"",""taker_side"":""no"",""ticker"":""KXBTC15M-26APR271500-00"",""trade_id"":""5672a91a-0eef-7ff1-a1ea-cb6a8ef0aa51"",""yes_price_dollars"":""0.3800""}"
KXBTC15M-26APR271500-00,354cc5b2-36cb-7a8a-8ae3-95a257710bd2,1777315513,0.41,1.0,no,"{""count_fp"":""1.00"",""created_time"":""2026-04-27T18:45:13.706645Z"",""no_price_dollars"":""0.5900"",""taker_side"":""no"",""ticker"":""KXBTC15M-26APR271500-00"",""trade_id"":""354cc5b2-36cb-7a8a-8ae3-95a257710bd2"",""yes_price_dollars"":""0.4100""}"
KXBTC15M-26APR271500-00,2b9d4889-f4f7-7dfc-b9fb-974e08a3fa4e,1777315513,0.39,40.0,no,"{""count_fp"":""40.00"",""created_time"":""2026-04-27T18:45:13.706645Z"",""no_price_dollars"":""0.6100"",""taker_side"":""no"",""ticker"":""KXBTC15M-26APR271500-00"",""trade_id"":""2b9d4889-f4f7-7dfc-b9fb-974e08a3fa4e"",""yes_price_dollars"":""0.3900""}"
KXBTC15M-26APR271500-00,b8af541d-3f03-6041-c517-ca3c2f41b570,1777315514,0.42,1.0,yes,"{""count_fp"":""1.00"",""created_time"":""2026-04-27T18:45:14.523383Z"",""no_price_dollars"":""0.5800"",""taker_side"":""yes"",""ticker"":""KXBTC15M-26APR271500-00"",""trade_id"":""b8af541d-3f03-6041-c517-ca3c2f41b570"",""yes_price_dollars"":""0.4200""}"
KXBTC15M-26APR271500-00,5f35c4d3-d0fe-6498-d0ed-e5eb9f9e5d97,1777315514,0.43,0.55,yes,"{""count_fp"":""0.55"",""created_time"":""2026-04-27T18:45:14.523383Z"",""no_price_dollars"":""0.5700"",""taker_side"":""yes"",""ticker"":""KXBTC15M-26APR271500-00"",""trade_id"":""5f35c4d3-d0fe-6498-d0ed-e5eb9f9e5d97"",""yes_price_dollars"":""0.4300""}"
KXBTC15M-26APR271500-00,d80c8b8b-c5a2-4574-2b90-cc13c872bbd7,1777315514,0.43,7.78,yes,"{""count_fp"":""7.78"",""created_time"":""2026-04-27T18:45:14.459634Z"",""no_price_dollars"":""0.5700"",""taker_side"":""yes"",""ticker"":""KXBTC15M-26APR271500-00"",""trade_id"":""d80c8b8b-c5a2-4574-2b90-cc13c872bbd7"",""yes_price_dollars"":""0.4300""}"
KXBTC15M-26APR271500-00,7ca8520a-6a54-49cb-069a-de128e79f333,1777315514,0.42,1.0,yes,"{""count_fp"":""1.00"",""created_time"":""2026-04-27T18:45:14.459634Z"",""no_price_dollars"":""0.5800"",""taker_side"":""yes"",""ticker"":""KXBTC15M-26APR271500-00"",""trade_id"":""7ca8520a-6a54-49cb-069a-de128e79f333"",""yes_price_dollars"":""0.4200""}"
KXBTC15M-26APR271500-00,0d43176c-9628-758e-71d8-96a2ebb606d1,1777315515,0.44,39.26,yes,"{""count_fp"":""39.26"",""created_time"":""2026-04-27T18:45:15.403828Z"",""no_price_dollars"":""0.5600"",""taker_side"":""yes"",""ticker"":""KXBTC15M-26APR271500-00"",""trade_id"":""0d43176c-9628-758e-71d8-96a2ebb606d1"",""yes_price_dollars"":""0.4400""}"
KXBTC15M-26APR271500-00,974ffe85-963f-4ad9-8b53-bd457ea73dc6,1777315515,0.43,21.22,yes,"{""count_fp"":""21.22"",""created_time"":""2026-04-27T18:45:15.037226Z"",""no_price_dollars"":""0.5700"",""taker_side"":""yes"",""ticker"":""KXBTC15M-26APR271500-00"",""trade_id"":""974ffe85-963f-4ad9-8b53-bd457ea73dc6"",""yes_price_dollars"":""0.4300""}"
KXBTC15M-26APR271500-00,52ba0d55-978c-45bf-946c-46cb31f3f78d,1777315515,0.42,1.0,yes,"{""count_fp"":""1.00"",""created_time"":""2026-04-27T18:45:15.037226Z"",""no_price_dollars"":""0.5800"",""taker_side"":""yes"",""ticker"":""KXBTC15M-26APR271500-00"",""trade_id"":""52ba0d55-978c-45bf-946c-46cb31f3f78d"",""yes_price_dollars"":""0.4200""}"
KXBTC15M-26APR271500-00,15b09999-dc90-54ca-33e7-0ada0c6337be,1777315516,0.4,0.32,no,"{""count_fp"":""0.32"",""created_time"":""2026-04-27T18:45:16.055942Z"",""no_price_dollars"":""0.6000"",""taker_side"":""no"",""ticker"":""KXBTC15M-26APR271500-00"",""trade_id"":""15b09999-dc90-54ca-33e7-0ada0c6337be"",""yes_price_dollars"":""0.4000""}"
KXBTC15M-26APR271500-00,f94b6e0a-9174-7787-da85-c3a59d46caeb,1777315516,0.41,20.0,no,"{""count_fp"":""20.00"",""created_time"":""2026-04-27T18:45:16.022802Z"",""no_price_dollars"":""0.5900"",""taker_side"":""no"",""ticker"":""KXBTC15M-26APR271500-00"",""trade_id"":""f94b6e0a-9174-7787-da85-c3a59d46caeb"",""yes_price_dollars"":""0.4100""}"
KXBTC15M-26APR271500-00,f3dc4b94-44d9-7a70-d980-62ad6920cec9,1777315516,0.4,56.0,no,"{""count_fp"":""56.00"",""created_time"":""2026-04-27T18:45:16.022802Z"",""no_price_dollars"":""0.6000"",""taker_side"":""no"",""ticker"":""KXBTC15M-26APR271500-00"",""trade_id"":""f3dc4b94-44d9-7a70-d980-62ad6920cec9"",""yes_price_dollars"":""0.4000""}"
KXBTC15M-26APR271500-00,ebf95d3d-3142-7a00-c97f-5e7910894935,1777315516,0.39,1.0,no,"{""count_fp"":""1.00"",""created_time"":""2026-04-27T18:45:16.022802Z"",""no_price_dollars"":""0.6100"",""taker_side"":""no"",""ticker"":""KXBTC15M-26APR271500-00"",""trade_id"":""ebf95d3d-3142-7a00-c97f-5e7910894935"",""yes_price_dollars"":""0.3900""}"
KXBTC15M-26APR271500-00,e54c895e-ed96-7d06-d724-386c02bc2916,1777315516,0.43,100.0,no,"{""count_fp"":""100.00"",""created_time"":""2026-04-27T18:45:16.022802Z"",""no_price_dollars"":""0.5700"",""taker_side"":""no"",""ticker"":""KXBTC15M-26APR271500-00"",""trade_id"":""e54c895e-ed96-7d06-d724-386c02bc2916"",""yes_price_dollars"":""0.4300""}"
KXBTC15M-26APR271500-00,d9165469-3d0c-77e1-d3d6-910b30069ad4,1777315516,0.42,40.0,no,"{""count_fp"":""40.00"",""created_time"":""2026-04-27T18:45:16.022802Z"",""no_price_dollars"":""0.5800"",""taker_side"":""no"",""ticker"":""KXBTC15M-26APR271500-00"",""trade_id"":""d9165469-3d0c-77e1-d3d6-910b30069ad4"",""yes_price_dollars"":""0.4200""}"
KXBTC15M-26APR271500-00,b3f47469-6d26-73d7-ff16-76e3b93cadcb,1777315516,0.43,40.0,no,"{""count_fp"":""40.00"",""created_time"":""2026-04-27T18:45:16.022802Z"",""no_price_dollars"":""0.5700"",""taker_side"":""no"",""ticker"":""KXBTC15M-26APR271500-00"",""trade_id"":""b3f47469-6d26-73d7-ff16-76e3b93cadcb"",""yes_price_dollars"":""0.4300""}"
KXBTC15M-26APR271500-00,9a1908b0-9cd9-7ccf-e756-2fd7dc1d00fd,1777315516,0.41,40.0,no,"{""count_fp"":""40.00"",""created_time"":""2026-04-27T18:45:16.022802Z"",""no_price_dollars"":""0.5900"",""taker_side"":""no"",""ticker"":""KXBTC15M-26APR271500-00"",""trade_id"":""9a1908b0-9cd9-7ccf-e756-2fd7dc1d00fd"",""yes_price_dollars"":""0.4100""}"
KXBTC15M-26APR271500-00,938e4ae8-877f-79fa-eb85-f93b3f34f58b,1777315516,0.42,19.0,no,"{""count_fp"":""19.00"",""created_time"":""2026-04-27T18:45:16.022802Z"",""no_price_dollars"":""0.5800"",""taker_side"":""no"",""ticker"":""KXBTC15M-26APR271500-00"",""trade_id"":""938e4ae8-877f-79fa-eb85-f93b3f34f58b"",""yes_price_dollars"":""0.4200""}"
KXBTC15M-26APR271500-00,8525438c-ffe8-7431-e151-672377515c90,1777315516,0.42,400.0,no,"{""count_fp"":""400.00"",""created_time"":""2026-04-27T18:45:16.022802Z"",""no_price_dollars"":""0.5800"",""taker_side"":""no"",""ticker"":""KXBTC15M-26APR271500-00"",""trade_id"":""8525438c-ffe8-7431-e151-672377515c90"",""yes_price_dollars"":""0.4200""}"
KXBTC15M-26APR271500-00,83e489ac-99e3-7be8-ff68-224d6bf47d67,1777315516,0.42,800.0,no,"{""count_fp"":""800.00"",""created_time"":""2026-04-27T18:45:16.022802Z"",""no_price_dollars"":""0.5800"",""taker_side"":""no"",""ticker"":""KXBTC15M-26APR271500-00"",""trade_id"":""83e489ac-99e3-7be8-ff68-224d6bf47d67"",""yes_price_dollars"":""0.4200""}"
KXBTC15M-26APR271500-00,5f60f137-85e0-74e1-c4b8-98fe653a4951,1777315516,0.42,3.0,no,"{""count_fp"":""3.00"",""created_time"":""2026-04-27T18:45:16.022802Z"",""no_price_dollars"":""0.5800"",""taker_side"":""no"",""ticker"":""KXBTC15M-26APR271500-00"",""trade_id"":""5f60f137-85e0-74e1-c4b8-98fe653a4951"",""yes_price_dollars"":""0.4200""}"
KXBTC15M-26APR271500-00,51ecd496-5489-71c6-ff11-de619cb7c0bb,1777315516,0.39,27.92,no,"{""count_fp"":""27.92"",""created_time"":""2026-04-27T18:45:16.022802Z"",""no_price_dollars"":""0.6100"",""taker_side"":""no"",""ticker"":""KXBTC15M-26APR271500-00"",""trade_id"":""51ecd496-5489-71c6-ff11-de619cb7c0bb"",""yes_price_dollars"":""0.3900""}"
KXBTC15M-26APR271500-00,4fa69c94-a783-7330-df5d-55435077a2cd,1777315516,0.43,1.51,no,"{""count_fp"":""1.51"",""created_time"":""2026-04-27T18:45:16.022802Z"",""no_price_dollars"":""0.5700"",""taker_side"":""no"",""ticker"":""KXBTC15M-26APR271500-00"",""trade_id"":""4fa69c94-a783-7330-df5d-55435077a2cd"",""yes_price_dollars"":""0.4300""}"
KXBTC15M-26APR271500-00,292e030e-6ea0-7f4d-d4b8-fabe5981145f,1777315516,0.42,21.22,no,"{""count_fp"":""21.22"",""created_time"":""2026-04-27T18:45:16.022802Z"",""no_price_dollars"":""0.5800"",""taker_side"":""no"",""ticker"":""KXBTC15M-26APR271500-00"",""trade_id"":""292e030e-6ea0-7f4d-d4b8-fabe5981145f"",""yes_price_dollars"":""0.4200""}"
KXBTC15M-26APR271500-00,10b497e4-0853-78cc-fd26-56e72ad7db74,1777315516,0.43,30.0,no,"{""count_fp"":""30.00"",""created_time"":""2026-04-27T18:45:16.022802Z"",""no_price_dollars"":""0.5700"",""taker_side"":""no"",""ticker"":""KXBTC15M-26APR271500-00"",""trade_id"":""10b497e4-0853-78cc-fd26-56e72ad7db74"",""yes_price_dollars"":""0.4300""}"
KXBTC15M-26APR271500-00,05deae84-4427-737b-f7e1-10de4e5035cb,1777315516,0.4,40.0,no,"{""count_fp"":""40.00"",""created_time"":""2026-04-27T18:45:16.022802Z"",""no_price_dollars"":""0.6000"",""taker_side"":""no"",""ticker"":""KXBTC15M-26APR271500-00"",""trade_id"":""05deae84-4427-737b-f7e1-10de4e5035cb"",""yes_price_dollars"":""0.4000""}"
KXBTC15M-26APR271500-00,399b540b-50f2-707b-5568-23f8ceaad810,1777315517,0.42,20.0,yes,"{""count_fp"":""20.00"",""created_time"":""2026-04-27T18:45:17.951958Z"",""no_price_dollars"":""0.5800"",""taker_side"":""yes"",""ticker"":""KXBTC15M-26APR271500-00"",""trade_id"":""399b540b-50f2-707b-5568-23f8ceaad810"",""yes_price_dollars"":""0.4200""}"
KXBTC15M-26APR271500-00,026c3a04-f7c8-65cb-5245-2cb3679cd2ff,1777315517,0.41,1.0,no,"{""count_fp"":""1.00"",""created_time"":""2026-04-27T18:45:17.904371Z"",""no_price_dollars"":""0.5900"",""taker_side"":""no"",""ticker"":""KXBTC15M-26APR271500-00"",""trade_id"":""026c3a04-f7c8-65cb-5245-2cb3679cd2ff"",""yes_price_dollars"":""0.4100""}"
KXBTC15M-26APR271500-00,d5e04b67-bf68-652e-f533-c7904f870946,1777315517,0.41,37.19,no,"{""count_fp"":""37.19"",""created_time"":""2026-04-27T18:45:17.314236Z"",""no_price_dollars"":""0.5900"",""taker_side"":""no"",""ticker"":""KXBTC15M-26APR271500-00"",""trade_id"":""d5e04b67-bf68-652e-f533-c7904f870946"",""yes_price_dollars"":""0.4100""}"
KXBTC15M-26APR271500-00,94f36332-6140-6087-ce6d-8f5486f2d022,1777315517,0.41,3.0,no,"{""count_fp"":""3.00"",""created_time"":""2026-04-27T18:45:17.314236Z"",""no_price_dollars"":""0.5900"",""taker_side"":""no"",""ticker"":""KXBTC15M-26APR271500-00"",""trade_id"":""94f36332-6140-6087-ce6d-8f5486f2d022"",""yes_price_dollars"":""0.4100""}"
KXBTC15M-26APR271500-00,32d1ab0c-53ec-69d2-c9ab-a9c1ff5f3bff,1777315517,0.41,1.0,no,"{""count_fp"":""1.00"",""created_time"":""2026-04-27T18:45:17.314236Z"",""no_price_dollars"":""0.5900"",""taker_side"":""no"",""ticker"":""KXBTC15M-26APR271500-00"",""trade_id"":""32d1ab0c-53ec-69d2-c9ab-a9c1ff5f3bff"",""yes_price_dollars"":""0.4100""}"
KXBTC15M-26APR271500-00,be453f11-d9fa-7c17-991f-ce8de8e23094,1777315517,0.42,1.0,yes,"{""count_fp"":""1.00"",""created_time"":""2026-04-27T18:45:17.219461Z"",""no_price_dollars"":""0.5800"",""taker_side"":""yes"",""ticker"":""KXBTC15M-26APR271500-00"",""trade_id"":""be453f11-d9fa-7c17-991f-ce8de8e23094"",""yes_price_dollars"":""0.4200""}"
KXBTC15M-26APR271500-00,377fb9b5-a632-4504-c60d-89a19531fe51,1777315518,0.42,23.19,no,"{""count_fp"":""23.19"",""created_time"":""2026-04-27T18:45:18.817324Z"",""no_price_dollars"":""0.5800"",""taker_side"":""no"",""ticker"":""KXBTC15M-26APR271500-00"",""trade_id"":""377fb9b5-a632-4504-c60d-89a19531fe51"",""yes_price_dollars"":""0.4200""}"
KXBTC15M-26APR271500-00,bcb272c7-7d50-582e-6ade-4a0f603bac4e,1777315518,0.42,41.19,no,"{""count_fp"":""41.19"",""created_time"":""2026-04-27T18:45:18.583475Z"",""no_price_dollars"":""0.5800"",""taker_side"":""no"",""ticker"":""KXBTC15M-26APR271500-00"",""trade_id"":""bcb272c7-7d50-582e-6ade-4a0f603bac4e"",""yes_price_dollars"":""0.4200""}"
KXBTC15M-26APR271500-00,e1f931f3-5698-6b46-6362-30cecf868002,1777315518,0.42,1.64,no,"{""count_fp"":""1.64"",""created_time"":""2026-04-27T18:45:18.561516Z"",""no_price_dollars"":""0.5800"",""taker_side"":""no"",""ticker"":""KXBTC15M-26APR271500-00"",""trade_id"":""e1f931f3-5698-6b46-6362-30cecf868002"",""yes_price_dollars"":""0.4200""}"
KXBTC15M-26APR271500-00,db650029-6966-7ebf-c6ac-d37a3fe8eb3f,1777315518,0.43,10.98,yes,"{""count_fp"":""10.98"",""created_time"":""2026-04-27T18:45:18.235224Z"",""no_price_dollars"":""0.5700"",""taker_side"":""yes"",""ticker"":""KXBTC15M-26APR271500-00"",""trade_id"":""db650029-6966-7ebf-c6ac-d37a3fe8eb3f"",""yes_price_dollars"":""0.4300""}"
KXBTC15M-26APR271500-00,bb5ceebf-c922-7287-5db1-8454ff697d48,1777315518,0.42,16.72,yes,"{""count_fp"":""16.72"",""created_time"":""2026-04-27T18:45:18.090822Z"",""no_price_dollars"":""0.5800"",""taker_side"":""yes"",""ticker"":""KXBTC15M-26APR271500-00"",""trade_id"":""bb5ceebf-c922-7287-5db1-8454ff697d48"",""yes_price_dollars"":""0.4200""}"
KXBTC15M-26APR271500-00,bae435b5-1cb1-777a-64c0-07ab389de379,1777315518,0.43,40.0,yes,"{""count_fp"":""40.00"",""created_time"":""2026-04-27T18:45:18.090822Z"",""no_price_dollars"":""0.5700"",""taker_side"":""yes"",""ticker"":""KXBTC15M-26APR271500-00"",""trade_id"":""bae435b5-1cb1-777a-64c0-07ab389de379"",""yes_price_dollars"":""0.4300""}"
KXBTC15M-26APR271500-00,04a7ae1a-46b0-73d6-40a4-e8e5760c3c51,1777315518,0.44,161.97,yes,"{""count_fp"":""161.97"",""created_time"":""2026-04-27T18:45:18.090822Z"",""no_price_dollars"":""0.5600"",""taker_side"":""yes"",""ticker"":""KXBTC15M-26APR271500-00"",""trade_id"":""04a7ae1a-46b0-73d6-40a4-e8e5760c3c51"",""yes_price_dollars"":""0.4400""}"
KXBTC15M-26APR271500-00,c4f2c89b-ea54-76af-488a-626fbd0bafcb,1777315518,0.41,0.34,no,"{""count_fp"":""0.34"",""created_time"":""2026-04-27T18:45:18.083396Z"",""no_price_dollars"":""0.5900"",""taker_side"":""no"",""ticker"":""KXBTC15M-26APR271500-00"",""trade_id"":""c4f2c89b-ea54-76af-488a-626fbd0bafcb"",""yes_price_dollars"":""0.4100""}"
KXBTC15M-26APR271500-00,b00ad985-38b0-7074-6297-9b33f8c99b75,1777315518,0.41,10.0,no,"{""count_fp"":""10.00"",""created_time"":""2026-04-27T18:45:18.083396Z"",""no_price_dollars"":""0.5900"",""taker_side"":""no"",""ticker"":""KXBTC15M-26APR271500-00"",""trade_id"":""b00ad985-38b0-7074-6297-9b33f8c99b75"",""yes_price_dollars"":""0.4100""}"
KXBTC15M-26APR271500-00,7134283a-2274-758a-61a4-29ef2b28621a,1777315518,0.41,9.43,no,"{""count_fp"":""9.43"",""created_time"":""2026-04-27T18:45:18.083396Z"",""no_price_dollars"":""0.5900"",""taker_side"":""no"",""ticker"":""KXBTC15M-26APR271500-00"",""trade_id"":""7134283a-2274-758a-61a4-29ef2b28621a"",""yes_price_dollars"":""0.4100""}"
KXBTC15M-26APR271500-00,b10bd4c4-31ca-693f-ca0a-b0edb875b290,1777315518,0.42,2.28,yes,"{""count_fp"":""2.28"",""created_time"":""2026-04-27T18:45:18.064631Z"",""no_price_dollars"":""0.5800"",""taker_side"":""yes"",""ticker"":""KXBTC15M-26APR271500-00"",""trade_id"":""b10bd4c4-31ca-693f-ca0a-b0edb875b290"",""yes_price_dollars"":""0.4200""}"
KXBTC15M-26APR271500-00,54147d3a-61bd-6542-a306-082652943a02,1777315519,0.43,11.0,yes,"{""count_fp"":""11.00"",""created_time"":""2026-04-27T18:45:19.894594Z"",""no_price_dollars"":""0.5700"",""taker_side"":""yes"",""ticker"":""KXBTC15M-26APR271500-00"",""trade_id"":""54147d3a-61bd-6542-a306-082652943a02"",""yes_price_dollars"":""0.4300""}"
KXBTC15M-26APR271500-00,40753915-2a6d-640e-e7f9-5ec5ca2ab2be,1777315519,0.43,88.19,yes,"{""count_fp"":""88.19"",""created_time"":""2026-04-27T18:45:19.860063Z"",""no_price_dollars"":""0.5700"",""taker_side"":""yes"",""ticker"":""KXBTC15M-26APR271500-00"",""trade_id"":""40753915-2a6d-640e-e7f9-5ec5ca2ab2be"",""yes_price_dollars"":""0.4300""}"
KXBTC15M-26APR271500-00,e3083cc6-c891-6082-4d8c-66fa1f37c79e,1777315519,0.43,22.36,yes,"{""count_fp"":""22.36"",""created_time"":""2026-04-27T18:45:19.716347Z"",""no_price_dollars"":""0.5700"",""taker_side"":""yes"",""ticker"":""KXBTC15M-26APR271500-00"",""trade_id"":""e3083cc6-c891-6082-4d8c-66fa1f37c79e"",""yes_price_dollars"":""0.4300""}"
KXBTC15M-26APR271500-00,7aa94310-17aa-7170-674e-45c09ca7713d,1777315519,0.42,16.47,no,"{""count_fp"":""16.47"",""created_time"":""2026-04-27T18:45:19.684834Z"",""no_price_dollars"":""0.5800"",""taker_side"":""no"",""ticker"":""KXBTC15M-26APR271500-00"",""trade_id"":""7aa94310-17aa-7170-674e-45c09ca7713d"",""yes_price_dollars"":""0.4200""}"
KXBTC15M-26APR271500-00,e14723c5-ba12-4d60-925a-970afa233479,1777315519,0.43,1.0,yes,"{""count_fp"":""1.00"",""created_time"":""2026-04-27T18:45:19.613963Z"",""no_price_dollars"":""0.5700"",""taker_side"":""yes"",""ticker"":""KXBTC15M-26APR271500-00"",""trade_id"":""e14723c5-ba12-4d60-925a-970afa233479"",""yes_price_dollars"":""0.4300""}"
KXBTC15M-26APR271500-00,db98af83-475b-45e6-90ac-556535a275bb,1777315519,0.43,0.57,yes,"{""count_fp"":""0.57"",""created_time"":""2026-04-27T18:45:19.613963Z"",""no_price_dollars"":""0.5700"",""taker_side"":""yes"",""ticker"":""KXBTC15M-26APR271500-00"",""trade_id"":""db98af83-475b-45e6-90ac-556535a275bb"",""yes_price_dollars"":""0.4300""}"
KXBTC15M-26APR271500-00,b5ae4777-c1e6-498f-8423-344d1509a347,1777315519,0.43,2.43,yes,"{""count_fp"":""2.43"",""created_time"":""2026-04-27T18:45:19.613963Z"",""no_price_dollars"":""0.5700"",""taker_side"":""yes"",""ticker"":""KXBTC15M-26APR271500-00"",""trade_id"":""b5ae4777-c1e6-498f-8423-344d1509a347"",""yes_price_dollars"":""0.4300""}"
KXBTC15M-26APR271500-00,2bfb8b61-6346-4987-42f4-8ecab4a2db1f,1777315519,0.43,2.0,yes,"{""count_fp"":""2.00"",""created_time"":""2026-04-27T18:45:19.540641Z"",""no_price_dollars"":""0.5700"",""taker_side"":""yes"",""ticker"":""KXBTC15M-26APR271500-00"",""trade_id"":""2bfb8b61-6346-4987-42f4-8ecab4a2db1f"",""yes_price_dollars"":""0.4300""}"
KXBTC15M-26APR271500-00,d41620cc-5192-677b-853d-3959e4284e03,1777315519,0.43,2.23,yes,"{""count_fp"":""2.23"",""created_time"":""2026-04-27T18:45:19.403042Z"",""no_price_dollars"":""0.5700"",""taker_side"":""yes"",""ticker"":""KXBTC15M-26APR271500-00"",""trade_id"":""d41620cc-5192-677b-853d-3959e4284e03"",""yes_price_dollars"":""0.4300""}"
KXBTC15M-26APR271500-00,f702bbaf-c356-785f-f22c-30ead0df919f,1777315519,0.43,22.36,yes,"{""count_fp"":""22.36"",""created_time"":""2026-04-27T18:45:19.295711Z"",""no_price_dollars"":""0.5700"",""taker_side"":""yes"",""ticker"":""KXBTC15M-26APR271500-00"",""trade_id"":""f702bbaf-c356-785f-f22c-30ead0df919f"",""yes_price_dollars"":""0.4300""}"
KXBTC15M-26APR271500-00,7fbfb65e-343a-7490-f656-6845365f0a1d,1777315520,0.42,2.05,no,"{""count_fp"":""2.05"",""created_time"":""2026-04-27T18:45:20.002149Z"",""no_price_dollars"":""0.5800"",""taker_side"":""no"",""ticker"":""KXBTC15M-26APR271500-00"",""trade_id"":""7fbfb65e-343a-7490-f656-6845365f0a1d"",""yes_price_dollars"":""0.4200""}"
KXBTC15M-26APR271500-00,0b9262d1-a661-7f9e-9de3-9915e59e5dee,1777315521,0.43,44.72,yes,"{""count_fp"":""44.72"",""created_time"":""2026-04-27T18:45:21.524304Z"",""no_price_dollars"":""0.5700"",""taker_side"":""yes"",""ticker"":""KXBTC15M-26APR271500-00"",""trade_id"":""0b9262d1-a661-7f9e-9de3-9915e59e5dee"",""yes_price_dollars"":""0.4300""}"
KXBTC15M-26APR271500-00,92be21da-06da-6218-30ef-7c9438829609,1777315521,0.42,8.0,no,"{""count_fp"":""8.00"",""created_time"":""2026-04-27T18:45:21.373037Z"",""no_price_dollars"":""0.5800"",""taker_side"":""no"",""ticker"":""KXBTC15M-26APR271500-00"",""trade_id"":""92be21da-06da-6218-30ef-7c9438829609"",""yes_price_dollars"":""0.4200""}"
KXBTC15M-26APR271500-00,729606d0-aaf9-633a-81ba-92609eac5aa6,1777315521,0.43,223.63,yes,"{""count_fp"":""223.63"",""created_time"":""2026-04-27T18:45:21.257667Z"",""no_price_dollars"":""0.5700"",""taker_side"":""yes"",""ticker"":""KXBTC15M-26APR271500-00"",""trade_id"":""729606d0-aaf9-633a-81ba-92609eac5aa6"",""yes_price_dollars"":""0.4300""}"
KXBTC15M-26APR271500-00,a918f71a-d976-43a0-e225-76fcdb8e566d,1777315521,0.42,1.67,no,"{""count_fp"":""1.67"",""created_time"":""2026-04-27T18:45:21.124967Z"",""no_price_dollars"":""0.5800"",""taker_side"":""no"",""ticker"":""KXBTC15M-26APR271500-00"",""trade_id"":""a918f71a-d976-43a0-e225-76fcdb8e566d"",""yes_price_dollars"":""0.4200""}"
KXBTC15M-26APR271500-00,d8b06d06-5ab3-7def-957b-094deff47ef4,1777315522,0.43,2.59,yes,"{""count_fp"":""2.59"",""created_time"":""2026-04-27T18:45:22.845875Z"",""no_price_dollars"":""0.5700"",""taker_side"":""yes"",""ticker"":""KXBTC15M-26APR271500-00"",""trade_id"":""d8b06d06-5ab3-7def-957b-094deff47ef4"",""yes_price_dollars"":""0.4300""}"
KXBTC15M-26APR271500-00,2a732fa8-d0b7-7ed8-947a-26b455453100,1777315522,0.43,3.0,yes,"{""count_fp"":""3.00"",""created_time"":""2026-04-27T18:45:22.845875Z"",""no_price_dollars"":""0.5700"",""taker_side"":""yes"",""ticker"":""KXBTC15M-26APR271500-00"",""trade_id"":""2a732fa8-d0b7-7ed8-947a-26b455453100"",""yes_price_dollars"":""0.4300""}"
KXBTC15M-26APR271500-00,7627df28-42ad-4451-8ad7-90ad1ed48d45,1777315522,0.42,7.52,no,"{""count_fp"":""7.52"",""created_time"":""2026-04-27T18:45:22.813187Z"",""no_price_dollars"":""0.5800"",""taker_side"":""no"",""ticker"":""KXBTC15M-26APR271500-00"",""trade_id"":""7627df28-42ad-4451-8ad7-90ad1ed48d45"",""yes_price_dollars"":""0.4200""}"
KXBTC15M-26APR271500-00,6bd0e142-e292-4c24-9e25-7439a1184b8d,1777315522,0.42,45.29,no,"{""count_fp"":""45.29"",""created_time"":""2026-04-27T18:45:22.813187Z"",""no_price_dollars"":""0.5800"",""taker_side"":""no"",""ticker"":""KXBTC15M-26APR271500-00"",""trade_id"":""6bd0e142-e292-4c24-9e25-7439a1184b8d"",""yes_price_dollars"":""0.4200""}"
KXBTC15M-26APR271500-00,3e98392e-8208-431e-8bff-f6c9fcd69086,1777315522,0.42,1.07,no,"{""count_fp"":""1.07"",""created_time"":""2026-04-27T18:45:22.813187Z"",""no_price_dollars"":""0.5800"",""taker_side"":""no"",""ticker"":""KXBTC15M-26APR271500-00"",""trade_id"":""3e98392e-8208-431e-8bff-f6c9fcd69086"",""yes_price_dollars"":""0.4200""}"
KXBTC15M-26APR271500-00,7628607d-e1ed-4506-5ee9-afb098753932,1777315522,0.43,164.47,yes,"{""count_fp"":""164.47"",""created_time"":""2026-04-27T18:45:22.517994Z"",""no_price_dollars"":""0.5700"",""taker_side"":""yes"",""ticker"":""KXBTC15M-26APR271500-00"",""trade_id"":""7628607d-e1ed-4506-5ee9-afb098753932"",""yes_price_dollars"":""0.4300""}"
KXBTC15M-26APR271500-00,1baa86ed-adf8-4596-4cb5-e1ad012aeba5,1777315522,0.43,101.65,yes,"{""count_fp"":""101.65"",""created_time"":""2026-04-27T18:45:22.517994Z"",""no_price_dollars"":""0.5700"",""taker_side"":""yes"",""ticker"":""KXBTC15M-26APR271500-00"",""trade_id"":""1baa86ed-adf8-4596-4cb5-e1ad012aeba5"",""yes_price_dollars"":""0.4300""}"
KXBTC15M-26APR271500-00,501bcbe3-37dd-51ba-4c6d-cf3e1204da0e,1777315522,0.43,223.63,yes,"{""count_fp"":""223.63"",""created_time"":""2026-04-27T18:45:22.092612Z"",""no_price_dollars"":""0.5700"",""taker_side"":""yes"",""ticker"":""KXBTC15M-26APR271500-00"",""trade_id"":""501bcbe3-37dd-51ba-4c6d-cf3e1204da0e"",""yes_price_dollars"":""0.4300""}"
KXBTC15M-26APR271500-00,a5c69b79-2979-76c9-34f4-06d95f583129,1777315523,0.42,83.74,no,"{""count_fp"":""83.74"",""created_time"":""2026-04-27T18:45:23.727644Z"",""no_price_dollars"":""0.5800"",""taker_side"":""no"",""ticker"":""KXBTC15M-26APR271500-00"",""trade_id"":""a5c69b79-2979-76c9-34f4-06d95f583129"",""yes_price_dollars"":""0.4200""}"
KXBTC15M-26APR271500-00,ac4e6d30-d59d-5289-7c75-18f28fcc267d,1777315523,0.42,5.02,no,"{""count_fp"":""5.02"",""created_time"":""2026-04-27T18:45:23.571094Z"",""no_price_dollars"":""0.5800"",""taker_side"":""no"",""ticker"":""KXBTC15M-26APR271500-00"",""trade_id"":""ac4e6d30-d59d-5289-7c75-18f28fcc267d"",""yes_price_dollars"":""0.4200""}"
KXBTC15M-26APR271500-00,97293345-d38c-77f4-4357-06c0316e85d6,1777315524,0.46,8.37,no,"{""count_fp"":""8.37"",""created_time"":""2026-04-27T18:45:24.893175Z"",""no_price_dollars"":""0.5400"",""taker_side"":""no"",""ticker"":""KXBTC15M-26APR271500-00"",""trade_id"":""97293345-d38c-77f4-4357-06c0316e85d6"",""yes_price_dollars"":""0.4600""}"
KXBTC15M-26APR271500-00,6ea64e6c-9c70-4d14-29b7-0124bf9e8f1a,1777315524,0.46,8.37,no,"{""count_fp"":""8.37"",""created_time"":""2026-04-27T18:45:24.828802Z"",""no_price_dollars"":""0.5400"",""taker_side"":""no"",""ticker"":""KXBTC15M-26APR271500-00"",""trade_id"":""6ea64e6c-9c70-4d14-29b7-0124bf9e8f1a"",""yes_price_dollars"":""0.4600""}"
KXBTC15M-26APR271500-00,070eaca3-4bb0-56f8-6276-340381e6fa96,1777315524,0.46,33.49,no,"{""count_fp"":""33.49"",""created_time"":""2026-04-27T18:45:24.796411Z"",""no_price_dollars"":""0.5400"",""taker_side"":""no"",""ticker"":""KXBTC15M-26APR271500-00"",""trade_id"":""070eaca3-4bb0-56f8-6276-340381e6fa96"",""yes_price_dollars"":""0.4600""}"
KXBTC15M-26APR271500-00,a0e3172b-f029-4f37-87ae-6a7714559943,1777315524,0.47,2.0,yes,"{""count_fp"":""2.00"",""created_time"":""2026-04-27T18:45:24.789285Z"",""no_price_dollars"":""0.5300"",""taker_side"":""yes"",""ticker"":""KXBTC15M-26APR271500-00"",""trade_id"":""a0e3172b-f029-4f37-87ae-6a7714559943"",""yes_price_dollars"":""0.4700""}"
KXBTC15M-26APR271500-00,f3aa0be9-b738-5b4c-3030-4addbd7b453a,1777315524,0.46,2.0,no,"{""count_fp"":""2.00"",""created_time"":""2026-04-27T18:45:24.702126Z"",""no_price_dollars"":""0.5400"",""taker_side"":""no"",""ticker"":""KXBTC15M-26APR271500-00"",""trade_id"":""f3aa0be9-b738-5b4c-3030-4addbd7b453a"",""yes_price_dollars"":""0.4600""}"
KXBTC15M-26APR271500-00,f70b535d-df3c-710c-66cb-c53517c594e2,1777315524,0.46,6.0,no,"{""count_fp"":""6.00"",""created_time"":""2026-04-27T18:45:24.563247Z"",""no_price_dollars"":""0.5400"",""taker_side"":""no"",""ticker"":""KXBTC15M-26APR271500-00"",""trade_id"":""f70b535d-df3c-710c-66cb-c53517c594e2"",""yes_price_dollars"":""0.4600""}"
KXBTC15M-26APR271500-00,8dfc21b4-561e-7f60-6373-97963e291fe9,1777315524,0.46,3.0,no,"{""count_fp"":""3.00"",""created_time"":""2026-04-27T18:45:24.563247Z"",""no_price_dollars"":""0.5400"",""taker_side"":""no"",""ticker"":""KXBTC15M-26APR271500-00"",""trade_id"":""8dfc21b4-561e-7f60-6373-97963e291fe9"",""yes_price_dollars"":""0.4600""}"
KXBTC15M-26APR271500-00,090b1641-7540-7f2b-6ef3-a8f3ac964ffc,1777315524,0.46,7.0,no,"{""count_fp"":""7.00"",""created_time"":""2026-04-27T18:45:24.563247Z"",""no_price_dollars"":""0.5400"",""taker_side"":""no"",""ticker"":""KXBTC15M-26APR271500-00"",""trade_id"":""090b1641-7540-7f2b-6ef3-a8f3ac964ffc"",""yes_price_dollars"":""0.4600""}"
KXBTC15M-26APR271500-00,b1f5e2d1-1bb8-40c4-0c4d-e03aae91abcf,1777315524,0.45,17.0,yes,"{""count_fp"":""17.00"",""created_time"":""2026-04-27T18:45:24.425472Z"",""no_price_dollars"":""0.5500"",""taker_side"":""yes"",""ticker"":""KXBTC15M-26APR271500-00"",""trade_id"":""b1f5e2d1-1bb8-40c4-0c4d-e03aae91abcf"",""yes_price_dollars"":""0.4500""}"
KXBTC15M-26APR271500-00,fbf1d5a0-7e26-77f2-7b53-6351ab593b12,1777315524,0.44,3.0,yes,"{""count_fp"":""3.00"",""created_time"":""2026-04-27T18:45:24.397736Z"",""no_price_dollars"":""0.5600"",""taker_side"":""yes"",""ticker"":""KXBTC15M-26APR271500-00"",""trade_id"":""fbf1d5a0-7e26-77f2-7b53-6351ab593b12"",""yes_price_dollars"":""0.4400""}"
KXBTC15M-26APR271500-00,cd8fb426-213e-7af8-6cc3-6af197560f84,1777315524,0.44,14.0,yes,"{""count_fp"":""14.00"",""created_time"":""2026-04-27T18:45:24.397736Z"",""no_price_dollars"":""0.5600"",""taker_side"":""yes"",""ticker"":""KXBTC15M-26APR271500-00"",""trade_id"":""cd8fb426-213e-7af8-6cc3-6af197560f84"",""yes_price_dollars"":""0.4400""}"
KXBTC15M-26APR271500-00,36d52ec0-21bd-7c45-7ebd-e8b46bbb638d,1777315524,0.44,31.73,yes,"{""count_fp"":""31.73"",""created_time"":""2026-04-27T18:45:24.397736Z"",""no_price_dollars"":""0.5600"",""taker_side"":""yes"",""ticker"":""KXBTC15M-26APR271500-00"",""trade_id"":""36d52ec0-21bd-7c45-7ebd-e8b46bbb638d"",""yes_price_dollars"":""0.4400""}"
KXBTC15M-26APR271500-00,d8c6ae41-a73d-5419-9cb9-6d3c36b18aed,1777315524,0.44,46.42,yes,"{""count_fp"":""46.42"",""created_time"":""2026-04-27T18:45:24.394927Z"",""no_price_dollars"":""0.5600"",""taker_side"":""yes"",""ticker"":""KXBTC15M-26APR271500-00"",""trade_id"":""d8c6ae41-a73d-5419-9cb9-6d3c36b18aed"",""yes_price_dollars"":""0.4400""}"
KXBTC15M-26APR271500-00,b92f9950-088b-6fb7-63c6-9607d6052e2e,1777315524,0.43,1.0,yes,"{""count_fp"":""1.00"",""created_time"":""2026-04-27T18:45:24.390872Z"",""no_price_dollars"":""0.5700"",""taker_side"":""yes"",""ticker"":""KXBTC15M-26APR271500-00"",""trade_id"":""b92f9950-088b-6fb7-63c6-9607d6052e2e"",""yes_price_dollars"":""0.4300""}"
KXBTC15M-26APR271500-00,76ef8b46-1dd0-6fb3-7afb-629c1ed750a5,1777315524,0.44,2.0,yes,"{""count_fp"":""2.00"",""created_time"":""2026-04-27T18:45:24.390872Z"",""no_price_dollars"":""0.5600"",""taker_side"":""yes"",""ticker"":""KXBTC15M-26APR271500-00"",""trade_id"":""76ef8b46-1dd0-6fb3-7afb-629c1ed750a5"",""yes_price_dollars"":""0.4400""}"
KXBTC15M-26APR271500-00,7518201c-02dd-65a1-4f7d-91491531cac9,1777315524,0.44,17.85,yes,"{""count_fp"":""17.85"",""created_time"":""2026-04-27T18:45:24.390872Z"",""no_price_dollars"":""0.5600"",""taker_side"":""yes"",""ticker"":""KXBTC15M-26APR271500-00"",""trade_id"":""7518201c-02dd-65a1-4f7d-91491531cac9"",""yes_price_dollars"":""0.4400""}"
KXBTC15M-26APR271500-00,16a06223-3db0-62ec-4eb6-76f0bd457d4e,1777315524,0.44,5.0,yes,"{""count_fp"":""5.00"",""created_time"":""2026-04-27T18:45:24.390872Z"",""no_price_dollars"":""0.5600"",""taker_side"":""yes"",""ticker"":""KXBTC15M-26APR271500-00"",""trade_id"":""16a06223-3db0-62ec-4eb6-76f0bd457d4e"",""yes_price_dollars"":""0.4400""}"
KXBTC15M-26APR271500-00,74555b0a-e0a0-4e72-bde8-6ac09ab6b742,1777315524,0.44,2.78,yes,"{""count_fp"":""2.78"",""created_time"":""2026-04-27T18:45:24.143466Z"",""no_price_dollars"":""0.5600"",""taker_side"":""yes"",""ticker"":""KXBTC15M-26APR271500-00"",""trade_id"":""74555b0a-e0a0-4e72-bde8-6ac09ab6b742"",""yes_price_dollars"":""0.4400""}"
KXBTC15M-26APR271500-00,315788a3-70f0-4476-b028-2a1c845077c7,1777315524,0.43,1.6,yes,"{""count_fp"":""1.60"",""created_time"":""2026-04-27T18:45:24.143466Z"",""no_price_dollars"":""0.5700"",""taker_side"":""yes"",""ticker"":""KXBTC15M-26APR271500-00"",""trade_id"":""315788a3-70f0-4476-b028-2a1c845077c7"",""yes_price_dollars"":""0.4300""}"
KXBTC15M-26APR271500-00,ef6779c8-dac4-7ae6-cf86-e5339fd38cfb,1777315524,0.43,10.18,yes,"{""count_fp"":""10.18"",""created_time"":""2026-04-27T18:45:24.119566Z"",""no_price_dollars"":""0.5700"",""taker_side"":""yes"",""ticker"":""KXBTC15M-26APR271500-00"",""trade_id"":""ef6779c8-dac4-7ae6-cf86-e5339fd38cfb"",""yes_price_dollars"":""0.4300""}"
KXBTC15M-26APR271500-00,49a0079d-1f1d-7cf9-c60c-0ae9a4009afa,1777315524,0.43,1.0,yes,"{""count_fp"":""1.00"",""created_time"":""2026-04-27T18:45:24.119566Z"",""no_price_dollars"":""0.5700"",""taker_side"":""yes"",""ticker"":""KXBTC15M-26APR271500-00"",""trade_id"":""49a0079d-1f1d-7cf9-c60c-0ae9a4009afa"",""yes_price_dollars"":""0.4300""}"
KXBTC15M-26APR271500-00,b76ea781-333f-6167-a0e3-dcf130c57f9d,1777315525,0.45,3.0,yes,"{""count_fp"":""3.00"",""created_time"":""2026-04-27T18:45:25.961593Z"",""no_price_dollars"":""0.5500"",""taker_side"":""yes"",""ticker"":""KXBTC15M-26APR271500-00"",""trade_id"":""b76ea781-333f-6167-a0e3-dcf130c57f9d"",""yes_price_dollars"":""0.4500""}"
KXBTC15M-26APR271500-00,8ca4503a-8068-6a47-9179-6dff0a931a7b,1777315525,0.45,8.0,yes,"{""count_fp"":""8.00"",""created_time"":""2026-04-27T18:45:25.961593Z"",""no_price_dollars"":""0.5500"",""taker_side"":""yes"",""ticker"":""KXBTC15M-26APR271500-00"",""trade_id"":""8ca4503a-8068-6a47-9179-6dff0a931a7b"",""yes_price_dollars"":""0.4500""}"
KXBTC15M-26APR271500-00,534ae41b-669e-63d4-9e19-c44eb4fc2752,1777315525,0.45,5.0,yes,"{""count_fp"":""5.00"",""created_time"":""2026-04-27T18:45:25.961593Z"",""no_price_dollars"":""0.5500"",""taker_side"":""yes"",""ticker"":""KXBTC15M-26APR271500-00"",""trade_id"":""534ae41b-669e-63d4-9e19-c44eb4fc2752"",""yes_price_dollars"":""0.4500""}"
KXBTC15M-26APR271500-00,1a7851e0-08eb-68f6-b5b1-ad47bffaf2ec,1777315525,0.46,11.0,yes,"{""count_fp"":""11.00"",""created_time"":""2026-04-27T18:45:25.961593Z"",""no_price_dollars"":""0.5400"",""taker_side"":""yes"",""ticker"":""KXBTC15M-26APR271500-00"",""trade_id"":""1a7851e0-08eb-68f6-b5b1-ad47bffaf2ec"",""yes_price_dollars"":""0.4600""}"
KXBTC15M-26APR271500-00,462eab1b-bcde-47e6-6385-b389d3246747,1777315525,0.45,20.63,no,"{""count_fp"":""20.63"",""created_time"":""2026-04-27T18:45:25.454377Z"",""no_price_dollars"":""0.5500"",""taker_side"":""no"",""ticker"":""KXBTC15M-26APR271500-00"",""trade_id"":""462eab1b-bcde-47e6-6385-b389d3246747"",""yes_price_dollars"":""0.4500""}"
KXBTC15M-26APR271500-00,e62368d9-b40e-6e7e-21ca-11dcb65f234b,1777315525,0.45,33.96,no,"{""count_fp"":""33.96"",""created_time"":""2026-04-27T18:45:25.452599Z"",""no_price_dollars"":""0.5500"",""taker_side"":""no"",""ticker"":""KXBTC15M-26APR271500-00"",""trade_id"":""e62368d9-b40e-6e7e-21ca-11dcb65f234b"",""yes_price_dollars"":""0.4500""}"
KXBTC15M-26APR271500-00,c285c0c3-ccfb-6512-3a79-ee8bf13d4202,1777315525,0.45,10.0,no,"{""count_fp"":""10.00"",""created_time"":""2026-04-27T18:45:25.452599Z"",""no_price_dollars"":""0.5500"",""taker_side"":""no"",""ticker"":""KXBTC15M-26APR271500-00"",""trade_id"":""c285c0c3-ccfb-6512-3a79-ee8bf13d4202"",""yes_price_dollars"":""0.4500""}"
KXBTC15M-26APR271500-00,dffa8085-39f0-742a-2ad3-db7854396255,1777315525,0.46,10.0,no,"{""count_fp"":""10.00"",""created_time"":""2026-04-27T18:45:25.335814Z"",""no_price_dollars"":""0.5400"",""taker_side"":""no"",""ticker"":""KXBTC15M-26APR271500-00"",""trade_id"":""dffa8085-39f0-742a-2ad3-db7854396255"",""yes_price_dollars"":""0.4600""}"
KXBTC15M-26APR271500-00,43cf6fd2-7aad-798c-12be-b72c3b41400c,1777315525,0.46,12.0,no,"{""count_fp"":""12.00"",""created_time"":""2026-04-27T18:45:25.335814Z"",""no_price_dollars"":""0.5400"",""taker_side"":""no"",""ticker"":""KXBTC15M-26APR271500-00"",""trade_id"":""43cf6fd2-7aad-798c-12be-b72c3b41400c"",""yes_price_dollars"":""0.4600""}"
KXBTC15M-26APR271500-00,25bdbdb4-0061-7fa6-0052-a640db9e1630,1777315525,0.46,1.2,no,"{""count_fp"":""1.20"",""created_time"":""2026-04-27T18:45:25.335814Z"",""no_price_dollars"":""0.5400"",""taker_side"":""no"",""ticker"":""KXBTC15M-26APR271500-00"",""trade_id"":""25bdbdb4-0061-7fa6-0052-a640db9e1630"",""yes_price_dollars"":""0.4600""}"
KXBTC15M-26APR271500-00,91dc0e81-1109-7b54-ec01-27a41d243484,1777315526,0.47,3.0,no,"{""count_fp"":""3.00"",""created_time"":""2026-04-27T18:45:26.894209Z"",""no_price_dollars"":""0.5300"",""taker_side"":""no"",""ticker"":""KXBTC15M-26APR271500-00"",""trade_id"":""91dc0e81-1109-7b54-ec01-27a41d243484"",""yes_price_dollars"":""0.4700""}"
KXBTC15M-26APR271500-00,783910f4-7a35-74a4-ecfb-4bb1e70e8de3,1777315526,0.47,1.17,no,"{""count_fp"":""1.17"",""created_time"":""2026-04-27T18:45:26.894209Z"",""no_price_dollars"":""0.5300"",""taker_side"":""no"",""ticker"":""KXBTC15M-26APR271500-00"",""trade_id"":""783910f4-7a35-74a4-ecfb-4bb1e70e8de3"",""yes_price_dollars"":""0.4700""}"
KXBTC15M-26APR271500-00,6658f571-986e-7aa2-e4ef-904f6d4f2b2d,1777315526,0.47,1.0,no,"{""count_fp"":""1.00"",""created_time"":""2026-04-27T18:45:26.894209Z"",""no_price_dollars"":""0.5300"",""taker_side"":""no"",""ticker"":""KXBTC15M-26APR271500-00"",""trade_id"":""6658f571-986e-7aa2-e4ef-904f6d4f2b2d"",""yes_price_dollars"":""0.4700""}"
KXBTC15M-26APR271500-00,41ec841e-b944-799c-e431-561bc34b293a,1777315526,0.46,30.71,no,"{""count_fp"":""30.71"",""created_time"":""2026-04-27T18:45:26.894209Z"",""no_price_dollars"":""0.5400"",""taker_side"":""no"",""ticker"":""KXBTC15M-26APR271500-00"",""trade_id"":""41ec841e-b944-799c-e431-561bc34b293a"",""yes_price_dollars"":""0.4600""}"
KXBTC15M-26APR271500-00,ef8bcd7f-9e69-43e3-594f-988e172bc420,1777315526,0.46,31.4,no,"{""count_fp"":""31.40"",""created_time"":""2026-04-27T18:45:26.847778Z"",""no_price_dollars"":""0.5400"",""taker_side"":""no"",""ticker"":""KXBTC15M-26APR271500-00"",""trade_id"":""ef8bcd7f-9e69-43e3-594f-988e172bc420"",""yes_price_dollars"":""0.4600""}"
KXBTC15M-26APR271500-00,b01d233d-2301-4daf-5f5e-9535fdb7199f,1777315526,0.47,12.0,no,"{""count_fp"":""12.00"",""created_time"":""2026-04-27T18:45:26.847778Z"",""no_price_dollars"":""0.5300"",""taker_side"":""no"",""ticker"":""KXBTC15M-26APR271500-00"",""trade_id"":""b01d233d-2301-4daf-5f5e-9535fdb7199f"",""yes_price_dollars"":""0.4700""}"
KXBTC15M-26APR271500-00,7e2d5395-dff0-4598-4bdb-50b52f27326a,1777315526,0.46,36.33,no,"{""count_fp"":""36.33"",""created_time"":""2026-04-27T18:45:26.847778Z"",""no_price_dollars"":""0.5400"",""taker_side"":""no"",""ticker"":""KXBTC15M-26APR271500-00"",""trade_id"":""7e2d5395-dff0-4598-4bdb-50b52f27326a"",""yes_price_dollars"":""0.4600""}"
KXBTC15M-26APR271500-00,09abac40-a545-4384-419b-ad9e4de40410,1777315526,0.47,1.0,no,"{""count_fp"":""1.00"",""created_time"":""2026-04-27T18:45:26.847778Z"",""no_price_dollars"":""0.5300"",""taker_side"":""no"",""ticker"":""KXBTC15M-26APR271500-00"",""trade_id"":""09abac40-a545-4384-419b-ad9e4de40410"",""yes_price_dollars"":""0.4700""}"
KXBTC15M-26APR271500-00,fa8f3d2b-04e5-5bef-daf6-0fbed92ba85f,1777315526,0.47,1.0,no,"{""count_fp"":""1.00"",""created_time"":""2026-04-27T18:45:26.731908Z"",""no_price_dollars"":""0.5300"",""taker_side"":""no"",""ticker"":""KXBTC15M-26APR271500-00"",""trade_id"":""fa8f3d2b-04e5-5bef-daf6-0fbed92ba85f"",""yes_price_dollars"":""0.4700""}"
KXBTC15M-26APR271500-00,4011201a-5d67-40f3-b04c-b55d841a6f31,1777315526,0.47,5.0,yes,"{""count_fp"":""5.00"",""created_time"":""2026-04-27T18:45:26.632568Z"",""no_price_dollars"":""0.5300"",""taker_side"":""yes"",""ticker"":""KXBTC15M-26APR271500-00"",""trade_id"":""4011201a-5d67-40f3-b04c-b55d841a6f31"",""yes_price_dollars"":""0.4700""}"
KXBTC15M-26APR271500-00,c7aed369-1275-581b-a888-be3750e461fc,1777315526,0.46,8.6,no,"{""count_fp"":""8.60"",""created_time"":""2026-04-27T18:45:26.117498Z"",""no_price_dollars"":""0.5400"",""taker_side"":""no"",""ticker"":""KXBTC15M-26APR271500-00"",""trade_id"":""c7aed369-1275-581b-a888-be3750e461fc"",""yes_price_dollars"":""0.4600""}"
KXBTC15M-26APR271500-00,f6cc2709-3b50-485c-5243-59269771eb20,1777315527,0.47,0.43,no,"{""count_fp"":""0.43"",""created_time"":""2026-04-27T18:45:27.225461Z"",""no_price_dollars"":""0.5300"",""taker_side"":""no"",""ticker"":""KXBTC15M-26APR271500-00"",""trade_id"":""f6cc2709-3b50-485c-5243-59269771eb20"",""yes_price_dollars"":""0.4700""}"
KXBTC15M-26APR271500-00,bb382a43-52eb-67ee-7030-7ad282a35d32,1777315528,0.47,0.89,no,"{""count_fp"":""0.89"",""created_time"":""2026-04-27T18:45:28.997035Z"",""no_price_dollars"":""0.5300"",""taker_side"":""no"",""ticker"":""KXBTC15M-26APR271500-00"",""trade_id"":""bb382a43-52eb-67ee-7030-7ad282a35d32"",""yes_price_dollars"":""0.4700""}"
KXBTC15M-26APR271500-00,718c2f34-a8a8-496a-4554-062f1ae9b858,1777315528,0.48,23.51,yes,"{""count_fp"":""23.51"",""created_time"":""2026-04-27T18:45:28.712344Z"",""no_price_dollars"":""0.5200"",""taker_side"":""yes"",""ticker"":""KXBTC15M-26APR271500-00"",""trade_id"":""718c2f34-a8a8-496a-4554-062f1ae9b858"",""yes_price_dollars"":""0.4800""}"
KXBTC15M-26APR271500-00,c3a5cc3c-7fa8-78f6-657d-7bb13a186200,1777315528,0.48,8.24,yes,"{""count_fp"":""8.24"",""created_time"":""2026-04-27T18:45:28.581591Z"",""no_price_dollars"":""0.5200"",""taker_side"":""yes"",""ticker"":""KXBTC15M-26APR271500-00"",""trade_id"":""c3a5cc3c-7fa8-78f6-657d-7bb13a186200"",""yes_price_dollars"":""0.4800""}"
KXBTC15M-26APR271500-00,612ec5fe-bd5a-76b0-59a1-878cc0046676,1777315528,0.48,40.0,yes,"{""count_fp"":""40.00"",""created_time"":""2026-04-27T18:45:28.581591Z"",""no_price_dollars"":""0.5200"",""taker_side"":""yes"",""ticker"":""KXBTC15M-26APR271500-00"",""trade_id"":""612ec5fe-bd5a-76b0-59a1-878cc0046676"",""yes_price_dollars"":""0.4800""}"
KXBTC15M-26APR271500-00,87b2c782-87c4-5da4-5e4b-dfe1e50395f2,1777315528,0.46,12.39,no,"{""count_fp"":""12.39"",""created_time"":""2026-04-27T18:45:28.136193Z"",""no_price_dollars"":""0.5400"",""taker_side"":""no"",""ticker"":""KXBTC15M-26APR271500-00"",""trade_id"":""87b2c782-87c4-5da4-5e4b-dfe1e50395f2"",""yes_price_dollars"":""0.4600""}"
KXBTC15M-26APR271500-00,2567873e-192d-59c3-563b-772373acba51,1777315528,0.47,1.0,no,"{""count_fp"":""1.00"",""created_time"":""2026-04-27T18:45:28.136193Z"",""no_price_dollars"":""0.5300"",""taker_side"":""no"",""ticker"":""KXBTC15M-26APR271500-00"",""trade_id"":""2567873e-192d-59c3-563b-772373acba51"",""yes_price_dollars"":""0.4700""}"
KXBTC15M-26APR271500-00,0865a7f7-a930-4ab8-5223-ccbc695436a6,1777315529,0.46,12.57,no,"{""count_fp"":""12.57"",""created_time"":""2026-04-27T18:45:29.795635Z"",""no_price_dollars"":""0.5400"",""taker_side"":""no"",""ticker"":""KXBTC15M-26APR271500-00"",""trade_id"":""0865a7f7-a930-4ab8-5223-ccbc695436a6"",""yes_price_dollars"":""0.4600""}"
KXBTC15M-26APR271500-00,db9b1cbc-d504-4f1c-425c-84916ea37a7e,1777315529,0.46,17.94,no,"{""count_fp"":""17.94"",""created_time"":""2026-04-27T18:45:29.564244Z"",""no_price_dollars"":""0.5400"",""taker_side"":""no"",""ticker"":""KXBTC15M-26APR271500-00"",""trade_id"":""db9b1cbc-d504-4f1c-425c-84916ea37a7e"",""yes_price_dollars"":""0.4600""}"
KXBTC15M-26APR271500-00,bc2a184b-065a-41d0-39ef-bf5e73e59f3b,1777315529,0.47,4.02,yes,"{""count_fp"":""4.02"",""created_time"":""2026-04-27T18:45:29.564193Z"",""no_price_dollars"":""0.5300"",""taker_side"":""yes"",""ticker"":""KXBTC15M-26APR271500-00"",""trade_id"":""bc2a184b-065a-41d0-39ef-bf5e73e59f3b"",""yes_price_dollars"":""0.4700""}"
KXBTC15M-26APR271500-00,f668d180-6936-4858-d305-296a8e5bee17,1777315529,0.47,10.05,yes,"{""count_fp"":""10.05"",""created_time"":""2026-04-27T18:45:29.474049Z"",""no_price_dollars"":""0.5300"",""taker_side"":""yes"",""ticker"":""KXBTC15M-26APR271500-00"",""trade_id"":""f668d180-6936-4858-d305-296a8e5bee17"",""yes_price_dollars"":""0.4700""}"
KXBTC15M-26APR271500-00,c7bbd216-4d8a-41c8-cfbd-f24724ad0a1c,1777315529,0.47,1.38,no,"{""count_fp"":""1.38"",""created_time"":""2026-04-27T18:45:29.294219Z"",""no_price_dollars"":""0.5300"",""taker_side"":""no"",""ticker"":""KXBTC15M-26APR271500-00"",""trade_id"":""c7bbd216-4d8a-41c8-cfbd-f24724ad0a1c"",""yes_price_dollars"":""0.4700""}"
KXBTC15M-26APR271500-00,457ee1f4-ffb4-443b-d1ec-0605f507fb13,1777315529,0.46,40.0,no,"{""count_fp"":""40.00"",""created_time"":""2026-04-27T18:45:29.294219Z"",""no_price_dollars"":""0.5400"",""taker_side"":""no"",""ticker"":""KXBTC15M-26APR271500-00"",""trade_id"":""457ee1f4-ffb4-443b-d1ec-0605f507fb13"",""yes_price_dollars"":""0.4600""}"
KXBTC15M-26APR271500-00,31367307-ec6f-4a73-c5af-534791b97fe6,1777315529,0.47,34.72,no,"{""count_fp"":""34.72"",""created_time"":""2026-04-27T18:45:29.294219Z"",""no_price_dollars"":""0.5300"",""taker_side"":""no"",""ticker"":""KXBTC15M-26APR271500-00"",""trade_id"":""31367307-ec6f-4a73-c5af-534791b97fe6"",""yes_price_dollars"":""0.4700""}"
KXBTC15M-26APR271500-00,2cced4fc-d05a-42f4-f0eb-3fc37285f0de,1777315529,0.46,13.62,no,"{""count_fp"":""13.62"",""created_time"":""2026-04-27T18:45:29.294219Z"",""no_price_dollars"":""0.5400"",""taker_side"":""no"",""ticker"":""KXBTC15M-26APR271500-00"",""trade_id"":""2cced4fc-d05a-42f4-f0eb-3fc37285f0de"",""yes_price_dollars"":""0.4600""}"
KXBTC15M-26APR271500-00,15ef7d8e-7037-7546-d86b-12c600ad3cb6,1777315529,0.47,0.11,no,"{""count_fp"":""0.11"",""created_time"":""2026-04-27T18:45:29.119949Z"",""no_price_dollars"":""0.5300"",""taker_side"":""no"",""ticker"":""KXBTC15M-26APR271500-00"",""trade_id"":""15ef7d8e-7037-7546-d86b-12c600ad3cb6"",""yes_price_dollars"":""0.4700""}"
KXBTC15M-26APR271500-00,12d7766e-ded3-76d3-e7f0-4c6e11e1260a,1777315529,0.47,5.28,no,"{""count_fp"":""5.28"",""created_time"":""2026-04-27T18:45:29.119949Z"",""no_price_dollars"":""0.5300"",""taker_side"":""no"",""ticker"":""KXBTC15M-26APR271500-00"",""trade_id"":""12d7766e-ded3-76d3-e7f0-4c6e11e1260a"",""yes_price_dollars"":""0.4700""}"
KXBTC15M-26APR271500-00,4e4ca0f5-d6bb-48ba-847e-45745727ee49,1777315530,0.49,20.42,yes,"{""count_fp"":""20.42"",""created_time"":""2026-04-27T18:45:30.730968Z"",""no_price_dollars"":""0.5100"",""taker_side"":""yes"",""ticker"":""KXBTC15M-26APR271500-00"",""trade_id"":""4e4ca0f5-d6bb-48ba-847e-45745727ee49"",""yes_price_dollars"":""0.4900""}"
KXBTC15M-26APR271500-00,1f4bb61d-d263-5f05-df05-0b6e813236e2,1777315530,0.47,40.8,yes,"{""count_fp"":""40.80"",""created_time"":""2026-04-27T18:45:30.485605Z"",""no_price_dollars"":""0.5300"",""taker_side"":""yes"",""ticker"":""KXBTC15M-26APR271500-00"",""trade_id"":""1f4bb61d-d263-5f05-df05-0b6e813236e2"",""yes_price_dollars"":""0.4700""}"
KXBTC15M-26APR271500-00,f00030fe-8ba4-4ce8-e4c6-f3b93a036bd9,1777315530,0.47,3.0,yes,"{""count_fp"":""3.00"",""created_time"":""2026-04-27T18:45:30.477698Z"",""no_price_dollars"":""0.5300"",""taker_side"":""yes"",""ticker"":""KXBTC15M-26APR271500-00"",""trade_id"":""f00030fe-8ba4-4ce8-e4c6-f3b93a036bd9"",""yes_price_dollars"":""0.4700""}"
KXBTC15M-26APR271500-00,1f2168f4-c893-48f9-c333-828df7fbf40e,1777315530,0.47,30.48,yes,"{""count_fp"":""30.48"",""created_time"":""2026-04-27T18:45:30.477698Z"",""no_price_dollars"":""0.5300"",""taker_side"":""yes"",""ticker"":""KXBTC15M-26APR271500-00"",""trade_id"":""1f2168f4-c893-48f9-c333-828df7fbf40e"",""yes_price_dollars"":""0.4700""}"
KXBTC15M-26APR271500-00,e5224e31-0eda-6550-4e53-9163d1be5ea7,1777315530,0.47,8.04,yes,"{""count_fp"":""8.04"",""created_time"":""2026-04-27T18:45:30.294915Z"",""no_price_dollars"":""0.5300"",""taker_side"":""yes"",""ticker"":""KXBTC15M-26APR271500-00"",""trade_id"":""e5224e31-0eda-6550-4e53-9163d1be5ea7"",""yes_price_dollars"":""0.4700""}"
KXBTC15M-26APR271500-00,60f19c64-092d-6e4c-b81e-f08f7fd32e7f,1777315530,0.46,23.47,no,"{""count_fp"":""23.47"",""created_time"":""2026-04-27T18:45:30.092205Z"",""no_price_dollars"":""0.5400"",""taker_side"":""no"",""ticker"":""KXBTC15M-26APR271500-00"",""trade_id"":""60f19c64-092d-6e4c-b81e-f08f7fd32e7f"",""yes_price_dollars"":""0.4600""}"
KXBTC15M-26APR271500-00,239c4ead-7058-68d7-b5e2-81adfc5d391a,1777315531,0.46,20.0,no,"{""count_fp"":""20.00"",""created_time"":""2026-04-27T18:45:31.992307Z"",""no_price_dollars"":""0.5400"",""taker_side"":""no"",""ticker"":""KXBTC15M-26APR271500-00"",""trade_id"":""239c4ead-7058-68d7-b5e2-81adfc5d391a"",""yes_price_dollars"":""0.4600""}"
KXBTC15M-26APR271500-00,b1c07528-3455-57a4-c045-0ac30f5ac38e,1777315531,0.47,6.03,yes,"{""count_fp"":""6.03"",""created_time"":""2026-04-27T18:45:31.982982Z"",""no_price_dollars"":""0.5300"",""taker_side"":""yes"",""ticker"":""KXBTC15M-26APR271500-00"",""trade_id"":""b1c07528-3455-57a4-c045-0ac30f5ac38e"",""yes_price_dollars"":""0.4700""}"
KXBTC15M-26APR271500-00,ebf2832e-462a-4aca-c451-069a2856e3e0,1777315531,0.46,1.0,no,"{""count_fp"":""1.00"",""created_time"":""2026-04-27T18:45:31.972441Z"",""no_price_dollars"":""0.5400"",""taker_side"":""no"",""ticker"":""KXBTC15M-26APR271500-00"",""trade_id"":""ebf2832e-462a-4aca-c451-069a2856e3e0"",""yes_price_dollars"":""0.4600""}"
KXBTC15M-26APR271500-00,c2173239-8dec-4e23-dcbd-e6e088a56742,1777315531,0.46,41.48,no,"{""count_fp"":""41.48"",""created_time"":""2026-04-27T18:45:31.972441Z"",""no_price_dollars"":""0.5400"",""taker_side"":""no"",""ticker"":""KXBTC15M-26APR271500-00"",""trade_id"":""c2173239-8dec-4e23-dcbd-e6e088a56742"",""yes_price_dollars"":""0.4600""}"
KXBTC15M-26APR271500-00,a770251a-7702-54b0-6c23-d341736aed5c,1777315531,0.48,14.77,yes,"{""count_fp"":""14.77"",""created_time"":""2026-04-27T18:45:31.895132Z"",""no_price_dollars"":""0.5200"",""taker_side"":""yes"",""ticker"":""KXBTC15M-26APR271500-00"",""trade_id"":""a770251a-7702-54b0-6c23-d341736aed5c"",""yes_price_dollars"":""0.4800""}"
KXBTC15M-26APR271500-00,27fd86c4-2228-764e-6651-a3401d04c16b,1777315531,0.48,17.25,no,"{""count_fp"":""17.25"",""created_time"":""2026-04-27T18:45:31.850484Z"",""no_price_dollars"":""0.5200"",""taker_side"":""no"",""ticker"":""KXBTC15M-26APR271500-00"",""trade_id"":""27fd86c4-2228-764e-6651-a3401d04c16b"",""yes_price_dollars"":""0.4800""}"
KXBTC15M-26APR271500-00,f953666b-e9d9-73e9-e80c-7341ef975e6d,1777315531,0.48,27.69,no,"{""count_fp"":""27.69"",""created_time"":""2026-04-27T18:45:31.841331Z"",""no_price_dollars"":""0.5200"",""taker_side"":""no"",""ticker"":""KXBTC15M-26APR271500-00"",""trade_id"":""f953666b-e9d9-73e9-e80c-7341ef975e6d"",""yes_price_dollars"":""0.4800""}"
KXBTC15M-26APR271500-00,b5cf4d1c-77ba-7c44-f80e-e3d7375aab8b,1777315531,0.48,0.94,no,"{""count_fp"":""0.94"",""created_time"":""2026-04-27T18:45:31.841331Z"",""no_price_dollars"":""0.5200"",""taker_side"":""no"",""ticker"":""KXBTC15M-26APR271500-00"",""trade_id"":""b5cf4d1c-77ba-7c44-f80e-e3d7375aab8b"",""yes_price_dollars"":""0.4800""}"
KXBTC15M-26APR271500-00,8653a8b3-82f4-7d6e-d4bb-23e49642b34f,1777315531,0.48,12.75,no,"{""count_fp"":""12.75"",""created_time"":""2026-04-27T18:45:31.841331Z"",""no_price_dollars"":""0.5200"",""taker_side"":""no"",""ticker"":""KXBTC15M-26APR271500-00"",""trade_id"":""8653a8b3-82f4-7d6e-d4bb-23e49642b34f"",""yes_price_dollars"":""0.4800""}"
KXBTC15M-26APR271500-00,b08dcfdb-028d-79d9-a7c8-29256506bce5,1777315531,0.48,28.31,no,"{""count_fp"":""28.31"",""created_time"":""2026-04-27T18:45:31.839329Z"",""no_price_dollars"":""0.5200"",""taker_side"":""no"",""ticker"":""KXBTC15M-26APR271500-00"",""trade_id"":""b08dcfdb-028d-79d9-a7c8-29256506bce5"",""yes_price_dollars"":""0.4800""}"
KXBTC15M-26APR271500-00,1b72cf88-fb8c-55cc-8f52-bf8767c009b6,1777315531,0.48,40.12,no,"{""count_fp"":""40.12"",""created_time"":""2026-04-27T18:45:31.819935Z"",""no_price_dollars"":""0.5200"",""taker_side"":""no"",""ticker"":""KXBTC15M-26APR271500-00"",""trade_id"":""1b72cf88-fb8c-55cc-8f52-bf8767c009b6"",""yes_price_dollars"":""0.4800""}"
KXBTC15M-26APR271500-00,6b30e832-305c-75c0-85b4-611cfe2ba282,1777315531,0.48,22.51,no,"{""count_fp"":""22.51"",""created_time"":""2026-04-27T18:45:31.811757Z"",""no_price_dollars"":""0.5200"",""taker_side"":""no"",""ticker"":""KXBTC15M-26APR271500-00"",""trade_id"":""6b30e832-305c-75c0-85b4-611cfe2ba282"",""yes_price_dollars"":""0.4800""}"
KXBTC15M-26APR271500-00,de3e3f6b-aed4-43e8-e891-dea6f0c7456a,1777315531,0.48,186.03,no,"{""count_fp"":""186.03"",""created_time"":""2026-04-27T18:45:31.559429Z"",""no_price_dollars"":""0.5200"",""taker_side"":""no"",""ticker"":""KXBTC15M-26APR271500-00"",""trade_id"":""de3e3f6b-aed4-43e8-e891-dea6f0c7456a"",""yes_price_dollars"":""0.4800""}"
KXBTC15M-26APR271500-00,b9f6beb1-073f-7996-e60b-e5d9df5e4f0d,1777315531,0.49,98.52,yes,"{""count_fp"":""98.52"",""created_time"":""2026-04-27T18:45:31.490153Z"",""no_price_dollars"":""0.5100"",""taker_side"":""yes"",""ticker"":""KXBTC15M-26APR271500-00"",""trade_id"":""b9f6beb1-073f-7996-e60b-e5d9df5e4f0d"",""yes_price_dollars"":""0.4900""}"
KXBTC15M-26APR271500-00,f746bb7f-8fc5-7aea-f018-884a03d319ab,1777315531,0.48,1.88,no,"{""count_fp"":""1.88"",""created_time"":""2026-04-27T18:45:31.357118Z"",""no_price_dollars"":""0.5200"",""taker_side"":""no"",""ticker"":""KXBTC15M-26APR271500-00"",""trade_id"":""f746bb7f-8fc5-7aea-f018-884a03d319ab"",""yes_price_dollars"":""0.4800""}"
KXBTC15M-26APR271500-00,64f37fe4-c9e0-7c83-d2a3-2a7fff401c32,1777315531,0.48,1.12,no,"{""count_fp"":""1.12"",""created_time"":""2026-04-27T18:45:31.357118Z"",""no_price_dollars"":""0.5200"",""taker_side"":""no"",""ticker"":""KXBTC15M-26APR271500-00"",""trade_id"":""64f37fe4-c9e0-7c83-d2a3-2a7fff401c32"",""yes_price_dollars"":""0.4800""}"
KXBTC15M-26APR271500-00,5fad6e65-e718-43c3-816e-8279eb85d452,1777315531,0.48,35.88,no,"{""count_fp"":""35.88"",""created_time"":""2026-04-27T18:45:31.070046Z"",""no_price_dollars"":""0.5200"",""taker_side"":""no"",""ticker"":""KXBTC15M-26APR271500-00"",""trade_id"":""5fad6e65-e718-43c3-816e-8279eb85d452"",""yes_price_dollars"":""0.4800""}"
KXBTC15M-26APR271500-00,e04c363a-673c-75d3-899e-b04d831e46e6,1777315531,0.48,3.0,no,"{""count_fp"":""3.00"",""created_time"":""2026-04-27T18:45:31.010828Z"",""no_price_dollars"":""0.5200"",""taker_side"":""no"",""ticker"":""KXBTC15M-26APR271500-00"",""trade_id"":""e04c363a-673c-75d3-899e-b04d831e46e6"",""yes_price_dollars"":""0.4800""}"
KXBTC15M-26APR271500-00,0e9d9f4a-efa8-7ad7-a4b3-fababf8a7de6,1777315532,0.46,8.97,no,"{""count_fp"":""8.97"",""created_time"":""2026-04-27T18:45:32.666884Z"",""no_price_dollars"":""0.5400"",""taker_side"":""no"",""ticker"":""KXBTC15M-26APR271500-00"",""trade_id"":""0e9d9f4a-efa8-7ad7-a4b3-fababf8a7de6"",""yes_price_dollars"":""0.4600""}"
KXBTC15M-26APR271500-00,366c50af-82bd-5485-660d-76e14e9b77d5,1777315532,0.47,1.43,yes,"{""count_fp"":""1.43"",""created_time"":""2026-04-27T18:45:32.624839Z"",""no_price_dollars"":""0.5300"",""taker_side"":""yes"",""ticker"":""KXBTC15M-26APR271500-00"",""trade_id"":""366c50af-82bd-5485-660d-76e14e9b77d5"",""yes_price_dollars"":""0.4700""}"
KXBTC15M-26APR271500-00,a3bb9b47-3351-62f1-fca3-bbd497b92ae5,1777315532,0.47,112.97,yes,"{""count_fp"":""112.97"",""created_time"":""2026-04-27T18:45:32.454485Z"",""no_price_dollars"":""0.5300"",""taker_side"":""yes"",""ticker"":""KXBTC15M-26APR271500-00"",""trade_id"":""a3bb9b47-3351-62f1-fca3-bbd497b92ae5"",""yes_price_dollars"":""0.4700""}"
KXBTC15M-26APR271500-00,94d04c8c-98d5-61a8-e12b-095804c41356,1777315532,0.47,21.78,yes,"{""count_fp"":""21.78"",""created_time"":""2026-04-27T18:45:32.454485Z"",""no_price_dollars"":""0.5300"",""taker_side"":""yes"",""ticker"":""KXBTC15M-26APR271500-00"",""trade_id"":""94d04c8c-98d5-61a8-e12b-095804c41356"",""yes_price_dollars"":""0.4700""}"
KXBTC15M-26APR271500-00,3ed05c55-d7e9-4bac-b83c-5a736152caea,1777315532,0.47,12.19,yes,"{""count_fp"":""12.19"",""created_time"":""2026-04-27T18:45:32.386258Z"",""no_price_dollars"":""0.5300"",""taker_side"":""yes"",""ticker"":""KXBTC15M-26APR271500-00"",""trade_id"":""3ed05c55-d7e9-4bac-b83c-5a736152caea"",""yes_price_dollars"":""0.4700""}"
KXBTC15M-26APR271500-00,613a45fe-2971-42c5-390e-3ee0b6d22965,1777315533,0.47,6.15,yes,"{""count_fp"":""6.15"",""created_time"":""2026-04-27T18:45:33.718112Z"",""no_price_dollars"":""0.5300"",""taker_side"":""yes"",""ticker"":""KXBTC15M-26APR271500-00"",""trade_id"":""613a45fe-2971-42c5-390e-3ee0b6d22965"",""yes_price_dollars"":""0.4700""}"
KXBTC15M-26APR271500-00,b3e78c1e-971d-5429-f691-b7b8faea68a9,1777315533,0.47,4.0,yes,"{""count_fp"":""4.00"",""created_time"":""2026-04-27T18:45:33.702386Z"",""no_price_dollars"":""0.5300"",""taker_side"":""yes"",""ticker"":""KXBTC15M-26APR271500-00"",""trade_id"":""b3e78c1e-971d-5429-f691-b7b8faea68a9"",""yes_price_dollars"":""0.4700""}"
KXBTC15M-26APR271500-00,e8c57cec-51a0-762b-935d-0d25966f03ae,1777315533,0.46,0.83,no,"{""count_fp"":""0.83"",""created_time"":""2026-04-27T18:45:33.212336Z"",""no_price_dollars"":""0.5400"",""taker_side"":""no"",""ticker"":""KXBTC15M-26APR271500-00"",""trade_id"":""e8c57cec-51a0-762b-935d-0d25966f03ae"",""yes_price_dollars"":""0.4600""}"
KXBTC15M-26APR271500-00,cc92aa6e-1942-7a94-9a75-55f67c324871,1777315533,0.46,1.41,no,"{""count_fp"":""1.41"",""created_time"":""2026-04-27T18:45:33.212336Z"",""no_price_dollars"":""0.5400"",""taker_side"":""no"",""ticker"":""KXBTC15M-26APR271500-00"",""trade_id"":""cc92aa6e-1942-7a94-9a75-55f67c324871"",""yes_price_dollars"":""0.4600""}"
KXBTC15M-26APR271500-00,105845d2-d386-71ad-9548-a091d38e6de5,1777315533,0.46,65.93,no,"{""count_fp"":""65.93"",""created_time"":""2026-04-27T18:45:33.212336Z"",""no_price_dollars"":""0.5400"",""taker_side"":""no"",""ticker"":""KXBTC15M-26APR271500-00"",""trade_id"":""105845d2-d386-71ad-9548-a091d38e6de5"",""yes_price_dollars"":""0.4600""}"
KXBTC15M-26APR271500-00,ef0f0823-7bbe-4c85-dd2d-cdcca92ccbbd,1777315534,0.46,3.0,no,"{""count_fp"":""3.00"",""created_time"":""2026-04-27T18:45:34.843126Z"",""no_price_dollars"":""0.5400"",""taker_side"":""no"",""ticker"":""KXBTC15M-26APR271500-00"",""trade_id"":""ef0f0823-7bbe-4c85-dd2d-cdcca92ccbbd"",""yes_price_dollars"":""0.4600""}"
KXBTC15M-26APR271500-00,8a60203c-011a-7c26-e4bc-7a40ed93f2e4,1777315534,0.47,22.23,yes,"{""count_fp"":""22.23"",""created_time"":""2026-04-27T18:45:34.315718Z"",""no_price_dollars"":""0.5300"",""taker_side"":""yes"",""ticker"":""KXBTC15M-26APR271500-00"",""trade_id"":""8a60203c-011a-7c26-e4bc-7a40ed93f2e4"",""yes_price_dollars"":""0.4700""}"
KXBTC15M-26APR271500-00,12385569-0e16-663a-fed6-b6f9870c7980,1777315534,0.47,5.0,yes,"{""count_fp"":""5.00"",""created_time"":""2026-04-27T18:45:34.313074Z"",""no_price_dollars"":""0.5300"",""taker_side"":""yes"",""ticker"":""KXBTC15M-26APR271500-00"",""trade_id"":""12385569-0e16-663a-fed6-b6f9870c7980"",""yes_price_dollars"":""0.4700""}"
KXBTC15M-26APR271500-00,c0eef94c-5f92-42da-e321-326a626564cc,1777315534,0.47,21.21,yes,"{""count_fp"":""21.21"",""created_time"":""2026-04-27T18:45:34.283609Z"",""no_price_dollars"":""0.5300"",""taker_side"":""yes"",""ticker"":""KXBTC15M-26APR271500-00"",""trade_id"":""c0eef94c-5f92-42da-e321-326a626564cc"",""yes_price_dollars"":""0.4700""}"
KXBTC15M-26APR271500-00,828aff5a-0b42-4e66-fb2d-2e83dbf5d7e2,1777315534,0.47,3.0,yes,"{""count_fp"":""3.00"",""created_time"":""2026-04-27T18:45:34.283609Z"",""no_price_dollars"":""0.5300"",""taker_side"":""yes"",""ticker"":""KXBTC15M-26APR271500-00"",""trade_id"":""828aff5a-0b42-4e66-fb2d-2e83dbf5d7e2"",""yes_price_dollars"":""0.4700""}"
KXBTC15M-26APR271500-00,e2223ef1-1e2a-4bae-51ff-3250cc675fe4,1777315534,0.47,50.4,yes,"{""count_fp"":""50.40"",""created_time"":""2026-04-27T18:45:34.270512Z"",""no_price_dollars"":""0.5300"",""taker_side"":""yes"",""ticker"":""KXBTC15M-26APR271500-00"",""trade_id"":""e2223ef1-1e2a-4bae-51ff-3250cc675fe4"",""yes_price_dollars"":""0.4700""}"
KXBTC15M-26APR271500-00,1204049c-c306-5772-73a4-472a8b444cd4,1777315534,0.47,38.72,yes,"{""count_fp"":""38.72"",""created_time"":""2026-04-27T18:45:34.263118Z"",""no_price_dollars"":""0.5300"",""taker_side"":""yes"",""ticker"":""KXBTC15M-26APR271500-00"",""trade_id"":""1204049c-c306-5772-73a4-472a8b444cd4"",""yes_price_dollars"":""0.4700""}"
KXBTC15M-26APR271500-00,8450b109-b62a-4b3d-03ac-0369d7340ec5,1777315535,0.46,86.11,no,"{""count_fp"":""86.11"",""created_time"":""2026-04-27T18:45:35.985514Z"",""no_price_dollars"":""0.5400"",""taker_side"":""no"",""ticker"":""KXBTC15M-26APR271500-00"",""trade_id"":""8450b109-b62a-4b3d-03ac-0369d7340ec5"",""yes_price_dollars"":""0.4600""}"
KXBTC15M-26APR271500-00,b4f21e93-1bba-5dad-56c6-6a9251c5ff09,1777315535,0.46,8.0,no,"{""count_fp"":""8.00"",""created_time"":""2026-04-27T18:45:35.843022Z"",""no_price_dollars"":""0.5400"",""taker_side"":""no"",""ticker"":""KXBTC15M-26APR271500-00"",""trade_id"":""b4f21e93-1bba-5dad-56c6-6a9251c5ff09"",""yes_price_dollars"":""0.4600""}"
KXBTC15M-26APR271500-00,75ade90b-7c0e-6e35-1216-2a32f558e7dd,1777315535,0.46,3.57,no,"{""count_fp"":""3.57"",""created_time"":""2026-04-27T18:45:35.667038Z"",""no_price_dollars"":""0.5400"",""taker_side"":""no"",""ticker"":""KXBTC15M-26APR271500-00"",""trade_id"":""75ade90b-7c0e-6e35-1216-2a32f558e7dd"",""yes_price_dollars"":""0.4600""}"
KXBTC15M-26APR271500-00,854fb48a-e07e-57f1-637c-74fc0cdf4749,1777315535,0.46,43.05,no,"{""count_fp"":""43.05"",""created_time"":""2026-04-27T18:45:35.501858Z"",""no_price_dollars"":""0.5400"",""taker_side"":""no"",""ticker"":""KXBTC15M-26APR271500-00"",""trade_id"":""854fb48a-e07e-57f1-637c-74fc0cdf4749"",""yes_price_dollars"":""0.4600""}"
KXBTC15M-26APR271500-00,b3b112ff-f902-5369-16ea-2ac71b802b9d,1777315535,0.46,5.0,no,"{""count_fp"":""5.00"",""created_time"":""2026-04-27T18:45:35.311315Z"",""no_price_dollars"":""0.5400"",""taker_side"":""no"",""ticker"":""KXBTC15M-26APR271500-00"",""trade_id"":""b3b112ff-f902-5369-16ea-2ac71b802b9d"",""yes_price_dollars"":""0.4600""}"
KXBTC15M-26APR271500-00,429ba3b4-201e-5208-95f0-063f997033b2,1777315536,0.46,1.79,no,"{""count_fp"":""1.79"",""created_time"":""2026-04-27T18:45:36.978281Z"",""no_price_dollars"":""0.5400"",""taker_side"":""no"",""ticker"":""KXBTC15M-26APR271500-00"",""trade_id"":""429ba3b4-201e-5208-95f0-063f997033b2"",""yes_price_dollars"":""0.4600""}"
KXBTC15M-26APR271500-00,241e5047-450e-7e44-6b15-cc06d44a7ffa,1777315536,0.46,4.0,no,"{""count_fp"":""4.00"",""created_time"":""2026-04-27T18:45:36.925182Z"",""no_price_dollars"":""0.5400"",""taker_side"":""no"",""ticker"":""KXBTC15M-26APR271500-00"",""trade_id"":""241e5047-450e-7e44-6b15-cc06d44a7ffa"",""yes_price_dollars"":""0.4600""}"
KXBTC15M-26APR271500-00,5de18d59-b3c9-5a32-8b1b-c3f310682ce1,1777315536,0.46,12.15,no,"{""count_fp"":""12.15"",""created_time"":""2026-04-27T18:45:36.907361Z"",""no_price_dollars"":""0.5400"",""taker_side"":""no"",""ticker"":""KXBTC15M-26APR271500-00"",""trade_id"":""5de18d59-b3c9-5a32-8b1b-c3f310682ce1"",""yes_price_dollars"":""0.4600""}"
KXBTC15M-26APR271500-00,012bd8cd-92b6-54fc-a36d-ca196155144e,1777315536,0.46,14.76,no,"{""count_fp"":""14.76"",""created_time"":""2026-04-27T18:45:36.907361Z"",""no_price_dollars"":""0.5400"",""taker_side"":""no"",""ticker"":""KXBTC15M-26APR271500-00"",""trade_id"":""012bd8cd-92b6-54fc-a36d-ca196155144e"",""yes_price_dollars"":""0.4600""}"
KXBTC15M-26APR271500-00,ded6d0bb-e1e5-559a-d30d-9050b4a63655,1777315536,0.47,20.0,yes,"{""count_fp"":""20.00"",""created_time"":""2026-04-27T18:45:36.896262Z"",""no_price_dollars"":""0.5300"",""taker_side"":""yes"",""ticker"":""KXBTC15M-26APR271500-00"",""trade_id"":""ded6d0bb-e1e5-559a-d30d-9050b4a63655"",""yes_price_dollars"":""0.4700""}"
KXBTC15M-26APR271500-00,edc1d7e1-cd15-6dce-68ed-5322a5efb4c5,1777315536,0.46,27.85,no,"{""count_fp"":""27.85"",""created_time"":""2026-04-27T18:45:36.776127Z"",""no_price_dollars"":""0.5400"",""taker_side"":""no"",""ticker"":""KXBTC15M-26APR271500-00"",""trade_id"":""edc1d7e1-cd15-6dce-68ed-5322a5efb4c5"",""yes_price_dollars"":""0.4600""}"
KXBTC15M-26APR271500-00,b0414fec-c6a1-6ed7-4427-1355110bb094,1777315536,0.47,20.0,no,"{""count_fp"":""20.00"",""created_time"":""2026-04-27T18:45:36.776127Z"",""no_price_dollars"":""0.5300"",""taker_side"":""no"",""ticker"":""KXBTC15M-26APR271500-00"",""trade_id"":""b0414fec-c6a1-6ed7-4427-1355110bb094"",""yes_price_dollars"":""0.4700""}"
KXBTC15M-26APR271500-00,45781844-fa4a-6829-42c3-edc359ea4d15,1777315536,0.46,37.72,no,"{""count_fp"":""37.72"",""created_time"":""2026-04-27T18:45:36.776127Z"",""no_price_dollars"":""0.5400"",""taker_side"":""no"",""ticker"":""KXBTC15M-26APR271500-00"",""trade_id"":""45781844-fa4a-6829-42c3-edc359ea4d15"",""yes_price_dollars"":""0.4600""}"
KXBTC15M-26APR271500-00,37156a48-e95e-68af-5720-f26b0164113d,1777315536,0.47,40.0,no,"{""count_fp"":""40.00"",""created_time"":""2026-04-27T18:45:36.776127Z"",""no_price_dollars"":""0.5300"",""taker_side"":""no"",""ticker"":""KXBTC15M-26APR271500-00"",""trade_id"":""37156a48-e95e-68af-5720-f26b0164113d"",""yes_price_dollars"":""0.4700""}"
KXBTC15M-26APR271500-00,f6087d17-e6da-7587-54f9-1385abf61da8,1777315536,0.47,1.0,yes,"{""count_fp"":""1.00"",""created_time"":""2026-04-27T18:45:36.641745Z"",""no_price_dollars"":""0.5300"",""taker_side"":""yes"",""ticker"":""KXBTC15M-26APR271500-00"",""trade_id"":""f6087d17-e6da-7587-54f9-1385abf61da8"",""yes_price_dollars"":""0.4700""}"
KXBTC15M-26APR271500-00,e706a523-0957-7de2-5751-280dc4c29f81,1777315536,0.49,23.86,yes,"{""count_fp"":""23.86"",""created_time"":""2026-04-27T18:45:36.641745Z"",""no_price_dollars"":""0.5100"",""taker_side"":""yes"",""ticker"":""KXBTC15M-26APR271500-00"",""trade_id"":""e706a523-0957-7de2-5751-280dc4c29f81"",""yes_price_dollars"":""0.4900""}"
KXBTC15M-26APR271500-00,9927648b-f868-77e1-5d9a-1c93e99676ee,1777315536,0.48,3.0,yes,"{""count_fp"":""3.00"",""created_time"":""2026-04-27T18:45:36.641745Z"",""no_price_dollars"":""0.5200"",""taker_side"":""yes"",""ticker"":""KXBTC15M-26APR271500-00"",""trade_id"":""9927648b-f868-77e1-5d9a-1c93e99676ee"",""yes_price_dollars"":""0.4800""}"
KXBTC15M-26APR271500-00,81d13351-e9be-7232-6cde-eac355b10202,1777315536,0.48,16.64,yes,"{""count_fp"":""16.64"",""created_time"":""2026-04-27T18:45:36.641745Z"",""no_price_dollars"":""0.5200"",""taker_side"":""yes"",""ticker"":""KXBTC15M-26APR271500-00"",""trade_id"":""81d13351-e9be-7232-6cde-eac355b10202"",""yes_price_dollars"":""0.4800""}"
KXBTC15M-26APR271500-00,13782b05-3daf-7976-7042-266a82879a8b,1777315536,0.48,5.0,yes,"{""count_fp"":""5.00"",""created_time"":""2026-04-27T18:45:36.641745Z"",""no_price_dollars"":""0.5200"",""taker_side"":""yes"",""ticker"":""KXBTC15M-26APR271500-00"",""trade_id"":""13782b05-3daf-7976-7042-266a82879a8b"",""yes_price_dollars"":""0.4800""}"
KXBTC15M-26APR271500-00,6a6155bf-d1a3-78c0-5d82-40c1954b0f82,1777315536,0.47,1.0,yes,"{""count_fp"":""1.00"",""created_time"":""2026-04-27T18:45:36.414372Z"",""no_price_dollars"":""0.5300"",""taker_side"":""yes"",""ticker"":""KXBTC15M-26APR271500-00"",""trade_id"":""6a6155bf-d1a3-78c0-5d82-40c1954b0f82"",""yes_price_dollars"":""0.4700""}"
KXBTC15M-26APR271500-00,099c61ed-278e-71ea-42aa-bce8813dba6e,1777315536,0.48,19.36,yes,"{""count_fp"":""19.36"",""created_time"":""2026-04-27T18:45:36.414372Z"",""no_price_dollars"":""0.5200"",""taker_side"":""yes"",""ticker"":""KXBTC15M-26APR271500-00"",""trade_id"":""099c61ed-278e-71ea-42aa-bce8813dba6e"",""yes_price_dollars"":""0.4800""}"
KXBTC15M-26APR271500-00,78e21379-6ba6-56b5-63da-d9a4c7b683c5,1777315536,0.46,3.0,no,"{""count_fp"":""3.00"",""created_time"":""2026-04-27T18:45:36.233957Z"",""no_price_dollars"":""0.5400"",""taker_side"":""no"",""ticker"":""KXBTC15M-26APR271500-00"",""trade_id"":""78e21379-6ba6-56b5-63da-d9a4c7b683c5"",""yes_price_dollars"":""0.4600""}"
KXBTC15M-26APR271500-00,935c633a-6652-741e-8f4a-52c7f8b9d25f,1777315536,0.47,1.0,yes,"{""count_fp"":""1.00"",""created_time"":""2026-04-27T18:45:36.013908Z"",""no_price_dollars"":""0.5300"",""taker_side"":""yes"",""ticker"":""KXBTC15M-26APR271500-00"",""trade_id"":""935c633a-6652-741e-8f4a-52c7f8b9d25f"",""yes_price_dollars"":""0.4700""}"
KXBTC15M-26APR271500-00,2cc45390-0246-76f6-bdf7-344e1192adfe,1777315536,0.48,4.0,yes,"{""count_fp"":""4.00"",""created_time"":""2026-04-27T18:45:36.013908Z"",""no_price_dollars"":""0.5200"",""taker_side"":""yes"",""ticker"":""KXBTC15M-26APR271500-00"",""trade_id"":""2cc45390-0246-76f6-bdf7-344e1192adfe"",""yes_price_dollars"":""0.4800""}"
KXBTC15M-26APR271500-00,e5d2d683-b289-570d-dbdf-6eb436c8961a,1777315537,0.48,1.93,yes,"{""count_fp"":""1.93"",""created_time"":""2026-04-27T18:45:37.935788Z"",""no_price_dollars"":""0.5200"",""taker_side"":""yes"",""ticker"":""KXBTC15M-26APR271500-00"",""trade_id"":""e5d2d683-b289-570d-dbdf-6eb436c8961a"",""yes_price_dollars"":""0.4800""}"
KXBTC15M-26APR271500-00,78ce3159-b0be-671f-b2a8-77fdfa74d545,1777315537,0.47,1.0,no,"{""count_fp"":""1.00"",""created_time"":""2026-04-27T18:45:37.910586Z"",""no_price_dollars"":""0.5300"",""taker_side"":""no"",""ticker"":""KXBTC15M-26APR271500-00"",""trade_id"":""78ce3159-b0be-671f-b2a8-77fdfa74d545"",""yes_price_dollars"":""0.4700""}"
KXBTC15M-26APR271500-00,076fc7f8-8906-68f8-b639-0c6c61a4c802,1777315537,0.46,2.0,no,"{""count_fp"":""2.00"",""created_time"":""2026-04-27T18:45:37.910586Z"",""no_price_dollars"":""0.5400"",""taker_side"":""no"",""ticker"":""KXBTC15M-26APR271500-00"",""trade_id"":""076fc7f8-8906-68f8-b639-0c6c61a4c802"",""yes_price_dollars"":""0.4600""}"
KXBTC15M-26APR271500-00,71c729d7-9fda-64f0-20b3-79db89e7dfd6,1777315537,0.46,11.23,no,"{""count_fp"":""11.23"",""created_time"":""2026-04-27T18:45:37.860819Z"",""no_price_dollars"":""0.5400"",""taker_side"":""no"",""ticker"":""KXBTC15M-26APR271500-00"",""trade_id"":""71c729d7-9fda-64f0-20b3-79db89e7dfd6"",""yes_price_dollars"":""0.4600""}"
KXBTC15M-26APR271500-00,2268bdbf-efdb-6389-31ba-937a93781663,1777315537,0.47,0.96,no,"{""count_fp"":""0.96"",""created_time"":""2026-04-27T18:45:37.860819Z"",""no_price_dollars"":""0.5300"",""taker_side"":""no"",""ticker"":""KXBTC15M-26APR271500-00"",""trade_id"":""2268bdbf-efdb-6389-31ba-937a93781663"",""yes_price_dollars"":""0.4700""}"
KXBTC15M-26APR271500-00,edee421d-5a36-7254-dc12-2f25aabbcc52,1777315537,0.48,1.0,yes,"{""count_fp"":""1.00"",""created_time"":""2026-04-27T18:45:37.776466Z"",""no_price_dollars"":""0.5200"",""taker_side"":""yes"",""ticker"":""KXBTC15M-26APR271500-00"",""trade_id"":""edee421d-5a36-7254-dc12-2f25aabbcc52"",""yes_price_dollars"":""0.4800""}"
KXBTC15M-26APR271500-00,cb31bf5d-a684-7780-d7ed-6e1e89093ac2,1777315537,0.48,1.0,yes,"{""count_fp"":""1.00"",""created_time"":""2026-04-27T18:45:37.776466Z"",""no_price_dollars"":""0.5200"",""taker_side"":""yes"",""ticker"":""KXBTC15M-26APR271500-00"",""trade_id"":""cb31bf5d-a684-7780-d7ed-6e1e89093ac2"",""yes_price_dollars"":""0.4800""}"
KXBTC15M-26APR271500-00,f900e8a8-70a3-4f5e-bef6-f8c598dfdbc9,1777315537,0.49,35.62,yes,"{""count_fp"":""35.62"",""created_time"":""2026-04-27T18:45:37.546983Z"",""no_price_dollars"":""0.5100"",""taker_side"":""yes"",""ticker"":""KXBTC15M-26APR271500-00"",""trade_id"":""f900e8a8-70a3-4f5e-bef6-f8c598dfdbc9"",""yes_price_dollars"":""0.4900""}"
