ticker,trade_id,ts,yes_price,count,taker_side,raw_json
KXBTC15M-26APR281415-15,aa5ee8f8-9c5c-6235-1d03-2cd3f59b042c,1777399205,0.48,16.0,yes,"{""count_fp"":""16.00"",""created_time"":""2026-04-28T18:00:05.980235Z"",""no_price_dollars"":""0.5200"",""taker_side"":""yes"",""ticker"":""KXBTC15M-26APR281415-15"",""trade_id"":""aa5ee8f8-9c5c-6235-1d03-2cd3f59b042c"",""yes_price_dollars"":""0.4800""}"
KXBTC15M-26APR281415-15,a6905cf2-4dfe-6b20-0b22-7c40a3fc6334,1777399205,0.48,5.0,yes,"{""count_fp"":""5.00"",""created_time"":""2026-04-28T18:00:05.980235Z"",""no_price_dollars"":""0.5200"",""taker_side"":""yes"",""ticker"":""KXBTC15M-26APR281415-15"",""trade_id"":""a6905cf2-4dfe-6b20-0b22-7c40a3fc6334"",""yes_price_dollars"":""0.4800""}"
KXBTC15M-26APR281415-15,841cc305-6934-695a-2816-f0f2cefb643e,1777399205,0.48,3.0,yes,"{""count_fp"":""3.00"",""created_time"":""2026-04-28T18:00:05.980235Z"",""no_price_dollars"":""0.5200"",""taker_side"":""yes"",""ticker"":""KXBTC15M-26APR281415-15"",""trade_id"":""841cc305-6934-695a-2816-f0f2cefb643e"",""yes_price_dollars"":""0.4800""}"
KXBTC15M-26APR281415-15,801ab2bd-be81-6f19-2df1-e8978bbb61bf,1777399205,0.48,5.0,yes,"{""count_fp"":""5.00"",""created_time"":""2026-04-28T18:00:05.980235Z"",""no_price_dollars"":""0.5200"",""taker_side"":""yes"",""ticker"":""KXBTC15M-26APR281415-15"",""trade_id"":""801ab2bd-be81-6f19-2df1-e8978bbb61bf"",""yes_price_dollars"":""0.4800""}"
KXBTC15M-26APR281415-15,49b46b7f-ce30-6b4a-1184-43e516ddeca6,1777399205,0.48,9.0,yes,"{""count_fp"":""9.00"",""created_time"":""2026-04-28T18:00:05.980235Z"",""no_price_dollars"":""0.5200"",""taker_side"":""yes"",""ticker"":""KXBTC15M-26APR281415-15"",""trade_id"":""49b46b7f-ce30-6b4a-1184-43e516ddeca6"",""yes_price_dollars"":""0.4800""}"
KXBTC15M-26APR281415-15,34af693e-b476-6a7b-2cb1-0119a469a2fc,1777399205,0.48,38.71,yes,"{""count_fp"":""38.71"",""created_time"":""2026-04-28T18:00:05.980235Z"",""no_price_dollars"":""0.5200"",""taker_side"":""yes"",""ticker"":""KXBTC15M-26APR281415-15"",""trade_id"":""34af693e-b476-6a7b-2cb1-0119a469a2fc"",""yes_price_dollars"":""0.4800""}"
KXBTC15M-26APR281415-15,1ecc1cb9-5db6-6001-3293-859947bd20c0,1777399205,0.48,3.0,yes,"{""count_fp"":""3.00"",""created_time"":""2026-04-28T18:00:05.980235Z"",""no_price_dollars"":""0.5200"",""taker_side"":""yes"",""ticker"":""KXBTC15M-26APR281415-15"",""trade_id"":""1ecc1cb9-5db6-6001-3293-859947bd20c0"",""yes_price_dollars"":""0.4800""}"
KXBTC15M-26APR281415-15,fe35fb11-dc66-45b1-6bb6-7c3fb9b0c233,1777399206,0.48,5.0,yes,"{""count_fp"":""5.00"",""created_time"":""2026-04-28T18:00:06.642042Z"",""no_price_dollars"":""0.5200"",""taker_side"":""yes"",""ticker"":""KXBTC15M-26APR281415-15"",""trade_id"":""fe35fb11-dc66-45b1-6bb6-7c3fb9b0c233"",""yes_price_dollars"":""0.4800""}"
KXBTC15M-26APR281415-15,e1f98f64-f6ba-4da7-bce3-7c75d341f170,1777399206,0.48,1.0,yes,"{""count_fp"":""1.00"",""created_time"":""2026-04-28T18:00:06.086202Z"",""no_price_dollars"":""0.5200"",""taker_side"":""yes"",""ticker"":""KXBTC15M-26APR281415-15"",""trade_id"":""e1f98f64-f6ba-4da7-bce3-7c75d341f170"",""yes_price_dollars"":""0.4800""}"
KXBTC15M-26APR281415-15,f0ecad8d-3f80-655f-ffef-a16e41cea597,1777399208,0.46,1.0,no,"{""count_fp"":""1.00"",""created_time"":""2026-04-28T18:00:08.577488Z"",""no_price_dollars"":""0.5400"",""taker_side"":""no"",""ticker"":""KXBTC15M-26APR281415-15"",""trade_id"":""f0ecad8d-3f80-655f-ffef-a16e41cea597"",""yes_price_dollars"":""0.4600""}"
KXBTC15M-26APR281415-15,cfccd156-feef-658c-c926-e9b5663bce27,1777399208,0.46,42.85,no,"{""count_fp"":""42.85"",""created_time"":""2026-04-28T18:00:08.577488Z"",""no_price_dollars"":""0.5400"",""taker_side"":""no"",""ticker"":""KXBTC15M-26APR281415-15"",""trade_id"":""cfccd156-feef-658c-c926-e9b5663bce27"",""yes_price_dollars"":""0.4600""}"
KXBTC15M-26APR281415-15,a01daf61-b73e-6483-f48d-731134b203c0,1777399208,0.46,1.0,no,"{""count_fp"":""1.00"",""created_time"":""2026-04-28T18:00:08.577488Z"",""no_price_dollars"":""0.5400"",""taker_side"":""no"",""ticker"":""KXBTC15M-26APR281415-15"",""trade_id"":""a01daf61-b73e-6483-f48d-731134b203c0"",""yes_price_dollars"":""0.4600""}"
KXBTC15M-26APR281415-15,719f99cc-38ee-59e0-0a26-ace58e3a6344,1777399208,0.49,5.9,yes,"{""count_fp"":""5.90"",""created_time"":""2026-04-28T18:00:08.109904Z"",""no_price_dollars"":""0.5100"",""taker_side"":""yes"",""ticker"":""KXBTC15M-26APR281415-15"",""trade_id"":""719f99cc-38ee-59e0-0a26-ace58e3a6344"",""yes_price_dollars"":""0.4900""}"
KXBTC15M-26APR281415-15,1c9d746e-9357-428b-141c-af904c96f380,1777399209,0.5,3.58,no,"{""count_fp"":""3.58"",""created_time"":""2026-04-28T18:00:09.277024Z"",""no_price_dollars"":""0.5000"",""taker_side"":""no"",""ticker"":""KXBTC15M-26APR281415-15"",""trade_id"":""1c9d746e-9357-428b-141c-af904c96f380"",""yes_price_dollars"":""0.5000""}"
KXBTC15M-26APR281415-15,7e9bfbc1-a8dd-7eb9-41c3-53adf4fd626c,1777399211,0.5,1.93,no,"{""count_fp"":""1.93"",""created_time"":""2026-04-28T18:00:11.920769Z"",""no_price_dollars"":""0.5000"",""taker_side"":""no"",""ticker"":""KXBTC15M-26APR281415-15"",""trade_id"":""7e9bfbc1-a8dd-7eb9-41c3-53adf4fd626c"",""yes_price_dollars"":""0.5000""}"
KXBTC15M-26APR281415-15,412e25e9-f335-7ef5-a17b-5f5d48eb6158,1777399211,0.5,1.93,no,"{""count_fp"":""1.93"",""created_time"":""2026-04-28T18:00:11.810492Z"",""no_price_dollars"":""0.5000"",""taker_side"":""no"",""ticker"":""KXBTC15M-26APR281415-15"",""trade_id"":""412e25e9-f335-7ef5-a17b-5f5d48eb6158"",""yes_price_dollars"":""0.5000""}"
KXBTC15M-26APR281415-15,1f260472-2c99-7585-b4bd-b16ddd1faddc,1777399211,0.5,191.94,no,"{""count_fp"":""191.94"",""created_time"":""2026-04-28T18:00:11.798633Z"",""no_price_dollars"":""0.5000"",""taker_side"":""no"",""ticker"":""KXBTC15M-26APR281415-15"",""trade_id"":""1f260472-2c99-7585-b4bd-b16ddd1faddc"",""yes_price_dollars"":""0.5000""}"
KXBTC15M-26APR281415-15,631d7d8c-2add-79bd-0e2c-fba520189694,1777399211,0.5,61.51,no,"{""count_fp"":""61.51"",""created_time"":""2026-04-28T18:00:11.792644Z"",""no_price_dollars"":""0.5000"",""taker_side"":""no"",""ticker"":""KXBTC15M-26APR281415-15"",""trade_id"":""631d7d8c-2add-79bd-0e2c-fba520189694"",""yes_price_dollars"":""0.5000""}"
KXBTC15M-26APR281415-15,49884a46-2d7b-6353-f6a3-6c6dda0bde44,1777399211,0.5,12.42,no,"{""count_fp"":""12.42"",""created_time"":""2026-04-28T18:00:11.094986Z"",""no_price_dollars"":""0.5000"",""taker_side"":""no"",""ticker"":""KXBTC15M-26APR281415-15"",""trade_id"":""49884a46-2d7b-6353-f6a3-6c6dda0bde44"",""yes_price_dollars"":""0.5000""}"
KXBTC15M-26APR281415-15,1784e401-13c7-6e74-ea39-4d2b7b8e4382,1777399211,0.5,18.04,no,"{""count_fp"":""18.04"",""created_time"":""2026-04-28T18:00:11.094986Z"",""no_price_dollars"":""0.5000"",""taker_side"":""no"",""ticker"":""KXBTC15M-26APR281415-15"",""trade_id"":""1784e401-13c7-6e74-ea39-4d2b7b8e4382"",""yes_price_dollars"":""0.5000""}"
KXBTC15M-26APR281415-15,e28a6442-e32d-64d1-e5a3-2bc2b045df2c,1777399212,0.5,86.89,no,"{""count_fp"":""86.89"",""created_time"":""2026-04-28T18:00:12.996771Z"",""no_price_dollars"":""0.5000"",""taker_side"":""no"",""ticker"":""KXBTC15M-26APR281415-15"",""trade_id"":""e28a6442-e32d-64d1-e5a3-2bc2b045df2c"",""yes_price_dollars"":""0.5000""}"
KXBTC15M-26APR281415-15,88a5101a-8985-5b87-a875-44f6653f1978,1777399212,0.53,62.78,yes,"{""count_fp"":""62.78"",""created_time"":""2026-04-28T18:00:12.894014Z"",""no_price_dollars"":""0.4700"",""taker_side"":""yes"",""ticker"":""KXBTC15M-26APR281415-15"",""trade_id"":""88a5101a-8985-5b87-a875-44f6653f1978"",""yes_price_dollars"":""0.5300""}"
KXBTC15M-26APR281415-15,1c600c6f-3976-54c5-9738-198083662a6e,1777399212,0.51,3.0,yes,"{""count_fp"":""3.00"",""created_time"":""2026-04-28T18:00:12.894014Z"",""no_price_dollars"":""0.4900"",""taker_side"":""yes"",""ticker"":""KXBTC15M-26APR281415-15"",""trade_id"":""1c600c6f-3976-54c5-9738-198083662a6e"",""yes_price_dollars"":""0.5100""}"
KXBTC15M-26APR281415-15,4b6fe922-e86f-63e9-ca38-add5c313a1a1,1777399212,0.53,1.82,yes,"{""count_fp"":""1.82"",""created_time"":""2026-04-28T18:00:12.342499Z"",""no_price_dollars"":""0.4700"",""taker_side"":""yes"",""ticker"":""KXBTC15M-26APR281415-15"",""trade_id"":""4b6fe922-e86f-63e9-ca38-add5c313a1a1"",""yes_price_dollars"":""0.5300""}"
KXBTC15M-26APR281415-15,8bb5a110-35bd-6d65-28e6-c7c875ba287c,1777399212,0.5,13.52,no,"{""count_fp"":""13.52"",""created_time"":""2026-04-28T18:00:12.213149Z"",""no_price_dollars"":""0.5000"",""taker_side"":""no"",""ticker"":""KXBTC15M-26APR281415-15"",""trade_id"":""8bb5a110-35bd-6d65-28e6-c7c875ba287c"",""yes_price_dollars"":""0.5000""}"
KXBTC15M-26APR281415-15,c0c4b6de-faac-486a-5825-02b0a455144f,1777399213,0.53,18.66,yes,"{""count_fp"":""18.66"",""created_time"":""2026-04-28T18:00:13.831253Z"",""no_price_dollars"":""0.4700"",""taker_side"":""yes"",""ticker"":""KXBTC15M-26APR281415-15"",""trade_id"":""c0c4b6de-faac-486a-5825-02b0a455144f"",""yes_price_dollars"":""0.5300""}"
KXBTC15M-26APR281415-15,71a0f4e3-d687-45f7-557d-870a5878d515,1777399213,0.5,3.0,yes,"{""count_fp"":""3.00"",""created_time"":""2026-04-28T18:00:13.831253Z"",""no_price_dollars"":""0.5000"",""taker_side"":""yes"",""ticker"":""KXBTC15M-26APR281415-15"",""trade_id"":""71a0f4e3-d687-45f7-557d-870a5878d515"",""yes_price_dollars"":""0.5000""}"
KXBTC15M-26APR281415-15,70207dec-0250-495e-4164-d6624992bfd4,1777399213,0.53,14.0,yes,"{""count_fp"":""14.00"",""created_time"":""2026-04-28T18:00:13.831253Z"",""no_price_dollars"":""0.4700"",""taker_side"":""yes"",""ticker"":""KXBTC15M-26APR281415-15"",""trade_id"":""70207dec-0250-495e-4164-d6624992bfd4"",""yes_price_dollars"":""0.5300""}"
KXBTC15M-26APR281415-15,2ac697bc-2135-47cf-4d7d-0e3e372a84e1,1777399213,0.51,10.0,yes,"{""count_fp"":""10.00"",""created_time"":""2026-04-28T18:00:13.831253Z"",""no_price_dollars"":""0.4900"",""taker_side"":""yes"",""ticker"":""KXBTC15M-26APR281415-15"",""trade_id"":""2ac697bc-2135-47cf-4d7d-0e3e372a84e1"",""yes_price_dollars"":""0.5100""}"
KXBTC15M-26APR281415-15,bb773b2d-4a11-7fa4-56bb-5644ec41f16e,1777399213,0.49,1.0,no,"{""count_fp"":""1.00"",""created_time"":""2026-04-28T18:00:13.808102Z"",""no_price_dollars"":""0.5100"",""taker_side"":""no"",""ticker"":""KXBTC15M-26APR281415-15"",""trade_id"":""bb773b2d-4a11-7fa4-56bb-5644ec41f16e"",""yes_price_dollars"":""0.4900""}"
KXBTC15M-26APR281415-15,b7bb2f54-0070-41e5-5353-b8d55992895b,1777399213,0.51,11.91,yes,"{""count_fp"":""11.91"",""created_time"":""2026-04-28T18:00:13.687518Z"",""no_price_dollars"":""0.4900"",""taker_side"":""yes"",""ticker"":""KXBTC15M-26APR281415-15"",""trade_id"":""b7bb2f54-0070-41e5-5353-b8d55992895b"",""yes_price_dollars"":""0.5100""}"
KXBTC15M-26APR281415-15,9007f389-7225-4cf2-4681-49b70a7bca94,1777399213,0.51,30.42,yes,"{""count_fp"":""30.42"",""created_time"":""2026-04-28T18:00:13.687518Z"",""no_price_dollars"":""0.4900"",""taker_side"":""yes"",""ticker"":""KXBTC15M-26APR281415-15"",""trade_id"":""9007f389-7225-4cf2-4681-49b70a7bca94"",""yes_price_dollars"":""0.5100""}"
KXBTC15M-26APR281415-15,3f9e51f6-8ab8-4f08-58e7-611f35fc7ab4,1777399213,0.5,3.0,yes,"{""count_fp"":""3.00"",""created_time"":""2026-04-28T18:00:13.687518Z"",""no_price_dollars"":""0.5000"",""taker_side"":""yes"",""ticker"":""KXBTC15M-26APR281415-15"",""trade_id"":""3f9e51f6-8ab8-4f08-58e7-611f35fc7ab4"",""yes_price_dollars"":""0.5000""}"
KXBTC15M-26APR281415-15,b587a852-e250-7c01-d310-9916fa80c6eb,1777399213,0.51,6.13,yes,"{""count_fp"":""6.13"",""created_time"":""2026-04-28T18:00:13.333105Z"",""no_price_dollars"":""0.4900"",""taker_side"":""yes"",""ticker"":""KXBTC15M-26APR281415-15"",""trade_id"":""b587a852-e250-7c01-d310-9916fa80c6eb"",""yes_price_dollars"":""0.5100""}"
KXBTC15M-26APR281415-15,aba87405-a111-7bbf-d774-6a947a36502b,1777399213,0.51,3.0,yes,"{""count_fp"":""3.00"",""created_time"":""2026-04-28T18:00:13.333105Z"",""no_price_dollars"":""0.4900"",""taker_side"":""yes"",""ticker"":""KXBTC15M-26APR281415-15"",""trade_id"":""aba87405-a111-7bbf-d774-6a947a36502b"",""yes_price_dollars"":""0.5100""}"
KXBTC15M-26APR281415-15,0e5302ef-a02f-6afd-91f5-6c0e12e4ff45,1777399214,0.52,27.86,yes,"{""count_fp"":""27.86"",""created_time"":""2026-04-28T18:00:14.644106Z"",""no_price_dollars"":""0.4800"",""taker_side"":""yes"",""ticker"":""KXBTC15M-26APR281415-15"",""trade_id"":""0e5302ef-a02f-6afd-91f5-6c0e12e4ff45"",""yes_price_dollars"":""0.5200""}"
KXBTC15M-26APR281415-15,74b9a2dd-d164-4d03-f5a7-3478d3216a8b,1777399214,0.52,45.78,yes,"{""count_fp"":""45.78"",""created_time"":""2026-04-28T18:00:14.604431Z"",""no_price_dollars"":""0.4800"",""taker_side"":""yes"",""ticker"":""KXBTC15M-26APR281415-15"",""trade_id"":""74b9a2dd-d164-4d03-f5a7-3478d3216a8b"",""yes_price_dollars"":""0.5200""}"
KXBTC15M-26APR281415-15,e0da9ef0-7af0-5d5e-2210-b7d910697a34,1777399214,0.5,1.46,no,"{""count_fp"":""1.46"",""created_time"":""2026-04-28T18:00:14.505265Z"",""no_price_dollars"":""0.5000"",""taker_side"":""no"",""ticker"":""KXBTC15M-26APR281415-15"",""trade_id"":""e0da9ef0-7af0-5d5e-2210-b7d910697a34"",""yes_price_dollars"":""0.5000""}"
KXBTC15M-26APR281415-15,bdc20ec6-0449-5a83-273a-57b32fd2be02,1777399214,0.5,9.66,no,"{""count_fp"":""9.66"",""created_time"":""2026-04-28T18:00:14.092851Z"",""no_price_dollars"":""0.5000"",""taker_side"":""no"",""ticker"":""KXBTC15M-26APR281415-15"",""trade_id"":""bdc20ec6-0449-5a83-273a-57b32fd2be02"",""yes_price_dollars"":""0.5000""}"
KXBTC15M-26APR281415-15,4e0d9799-67e0-7532-0b8f-e0b3b3f90893,1777399215,0.51,57.67,yes,"{""count_fp"":""57.67"",""created_time"":""2026-04-28T18:00:15.807196Z"",""no_price_dollars"":""0.4900"",""taker_side"":""yes"",""ticker"":""KXBTC15M-26APR281415-15"",""trade_id"":""4e0d9799-67e0-7532-0b8f-e0b3b3f90893"",""yes_price_dollars"":""0.5100""}"
KXBTC15M-26APR281415-15,acca5e03-2105-4038-a745-251234b4f718,1777399215,0.51,0.18,yes,"{""count_fp"":""0.18"",""created_time"":""2026-04-28T18:00:15.469207Z"",""no_price_dollars"":""0.4900"",""taker_side"":""yes"",""ticker"":""KXBTC15M-26APR281415-15"",""trade_id"":""acca5e03-2105-4038-a745-251234b4f718"",""yes_price_dollars"":""0.5100""}"
KXBTC15M-26APR281415-15,cffb7f9b-d174-69c6-6e07-f2911e474500,1777399215,0.5,17.2,no,"{""count_fp"":""17.20"",""created_time"":""2026-04-28T18:00:15.077489Z"",""no_price_dollars"":""0.5000"",""taker_side"":""no"",""ticker"":""KXBTC15M-26APR281415-15"",""trade_id"":""cffb7f9b-d174-69c6-6e07-f2911e474500"",""yes_price_dollars"":""0.5000""}"
KXBTC15M-26APR281415-15,90451914-a4fd-6919-5cc7-c4168cb9419d,1777399215,0.49,5.0,no,"{""count_fp"":""5.00"",""created_time"":""2026-04-28T18:00:15.077489Z"",""no_price_dollars"":""0.5100"",""taker_side"":""no"",""ticker"":""KXBTC15M-26APR281415-15"",""trade_id"":""90451914-a4fd-6919-5cc7-c4168cb9419d"",""yes_price_dollars"":""0.4900""}"
KXBTC15M-26APR281415-15,520bab04-69d5-6271-7e20-d9b409e90ee0,1777399215,0.47,878.4,no,"{""count_fp"":""878.40"",""created_time"":""2026-04-28T18:00:15.077489Z"",""no_price_dollars"":""0.5300"",""taker_side"":""no"",""ticker"":""KXBTC15M-26APR281415-15"",""trade_id"":""520bab04-69d5-6271-7e20-d9b409e90ee0"",""yes_price_dollars"":""0.4700""}"
KXBTC15M-26APR281415-15,211b3678-495b-6907-6e7d-dba6af601a0d,1777399215,0.48,14.0,no,"{""count_fp"":""14.00"",""created_time"":""2026-04-28T18:00:15.077489Z"",""no_price_dollars"":""0.5200"",""taker_side"":""no"",""ticker"":""KXBTC15M-26APR281415-15"",""trade_id"":""211b3678-495b-6907-6e7d-dba6af601a0d"",""yes_price_dollars"":""0.4800""}"
KXBTC15M-26APR281415-15,95cb0f09-d239-43f0-c59a-8ff74e4b998b,1777399215,0.51,18.6,yes,"{""count_fp"":""18.60"",""created_time"":""2026-04-28T18:00:15.013491Z"",""no_price_dollars"":""0.4900"",""taker_side"":""yes"",""ticker"":""KXBTC15M-26APR281415-15"",""trade_id"":""95cb0f09-d239-43f0-c59a-8ff74e4b998b"",""yes_price_dollars"":""0.5100""}"
KXBTC15M-26APR281415-15,e8c20465-8053-6bb4-e1c5-3d50fe6bb45f,1777399216,0.48,32.66,no,"{""count_fp"":""32.66"",""created_time"":""2026-04-28T18:00:16.422071Z"",""no_price_dollars"":""0.5200"",""taker_side"":""no"",""ticker"":""KXBTC15M-26APR281415-15"",""trade_id"":""e8c20465-8053-6bb4-e1c5-3d50fe6bb45f"",""yes_price_dollars"":""0.4800""}"
KXBTC15M-26APR281415-15,57f0d93b-0e72-69c1-c1a1-8ccfa56d2baf,1777399216,0.49,3.0,no,"{""count_fp"":""3.00"",""created_time"":""2026-04-28T18:00:16.422071Z"",""no_price_dollars"":""0.5100"",""taker_side"":""no"",""ticker"":""KXBTC15M-26APR281415-15"",""trade_id"":""57f0d93b-0e72-69c1-c1a1-8ccfa56d2baf"",""yes_price_dollars"":""0.4900""}"
KXBTC15M-26APR281415-15,063e2194-7bea-6bdd-edd4-9ae6e0924414,1777399216,0.49,57.67,no,"{""count_fp"":""57.67"",""created_time"":""2026-04-28T18:00:16.422071Z"",""no_price_dollars"":""0.5100"",""taker_side"":""no"",""ticker"":""KXBTC15M-26APR281415-15"",""trade_id"":""063e2194-7bea-6bdd-edd4-9ae6e0924414"",""yes_price_dollars"":""0.4900""}"
KXBTC15M-26APR281415-15,3bb68dbd-2b29-62ec-d1a3-5ddc8ad70921,1777399216,0.51,3.0,yes,"{""count_fp"":""3.00"",""created_time"":""2026-04-28T18:00:16.210443Z"",""no_price_dollars"":""0.4900"",""taker_side"":""yes"",""ticker"":""KXBTC15M-26APR281415-15"",""trade_id"":""3bb68dbd-2b29-62ec-d1a3-5ddc8ad70921"",""yes_price_dollars"":""0.5100""}"
KXBTC15M-26APR281415-15,0fcc7e48-411d-611f-e460-b83d199df40e,1777399216,0.51,5.74,yes,"{""count_fp"":""5.74"",""created_time"":""2026-04-28T18:00:16.210443Z"",""no_price_dollars"":""0.4900"",""taker_side"":""yes"",""ticker"":""KXBTC15M-26APR281415-15"",""trade_id"":""0fcc7e48-411d-611f-e460-b83d199df40e"",""yes_price_dollars"":""0.5100""}"
KXBTC15M-26APR281415-15,849f1cc7-179f-4436-102d-773798074df4,1777399217,0.51,100.0,yes,"{""count_fp"":""100.00"",""created_time"":""2026-04-28T18:00:17.558531Z"",""no_price_dollars"":""0.4900"",""taker_side"":""yes"",""ticker"":""KXBTC15M-26APR281415-15"",""trade_id"":""849f1cc7-179f-4436-102d-773798074df4"",""yes_price_dollars"":""0.5100""}"
KXBTC15M-26APR281415-15,cbf61063-2abb-5a4e-7c6a-a006bb01df04,1777399217,0.51,139.86,yes,"{""count_fp"":""139.86"",""created_time"":""2026-04-28T18:00:17.278573Z"",""no_price_dollars"":""0.4900"",""taker_side"":""yes"",""ticker"":""KXBTC15M-26APR281415-15"",""trade_id"":""cbf61063-2abb-5a4e-7c6a-a006bb01df04"",""yes_price_dollars"":""0.5100""}"
KXBTC15M-26APR281415-15,5e4f1ae7-46d3-5e86-85ae-2e443edb1a18,1777399217,0.51,37.91,yes,"{""count_fp"":""37.91"",""created_time"":""2026-04-28T18:00:17.017268Z"",""no_price_dollars"":""0.4900"",""taker_side"":""yes"",""ticker"":""KXBTC15M-26APR281415-15"",""trade_id"":""5e4f1ae7-46d3-5e86-85ae-2e443edb1a18"",""yes_price_dollars"":""0.5100""}"
KXBTC15M-26APR281415-15,9b9b37c5-904f-76c2-c5b9-30c89d0138b4,1777399218,0.51,189.56,yes,"{""count_fp"":""189.56"",""created_time"":""2026-04-28T18:00:18.989083Z"",""no_price_dollars"":""0.4900"",""taker_side"":""yes"",""ticker"":""KXBTC15M-26APR281415-15"",""trade_id"":""9b9b37c5-904f-76c2-c5b9-30c89d0138b4"",""yes_price_dollars"":""0.5100""}"
KXBTC15M-26APR281415-15,e392c172-43c6-79a7-e2dd-1ef03b34a1d6,1777399218,0.5,2.0,no,"{""count_fp"":""2.00"",""created_time"":""2026-04-28T18:00:18.240528Z"",""no_price_dollars"":""0.5000"",""taker_side"":""no"",""ticker"":""KXBTC15M-26APR281415-15"",""trade_id"":""e392c172-43c6-79a7-e2dd-1ef03b34a1d6"",""yes_price_dollars"":""0.5000""}"
KXBTC15M-26APR281415-15,9b051792-5a19-75d2-fc96-a03193bea90e,1777399218,0.49,3.0,no,"{""count_fp"":""3.00"",""created_time"":""2026-04-28T18:00:18.240528Z"",""no_price_dollars"":""0.5100"",""taker_side"":""no"",""ticker"":""KXBTC15M-26APR281415-15"",""trade_id"":""9b051792-5a19-75d2-fc96-a03193bea90e"",""yes_price_dollars"":""0.4900""}"
KXBTC15M-26APR281415-15,6a5cb34c-ce1e-7011-f6c6-ae1e9f816447,1777399218,0.49,13.64,no,"{""count_fp"":""13.64"",""created_time"":""2026-04-28T18:00:18.240528Z"",""no_price_dollars"":""0.5100"",""taker_side"":""no"",""ticker"":""KXBTC15M-26APR281415-15"",""trade_id"":""6a5cb34c-ce1e-7011-f6c6-ae1e9f816447"",""yes_price_dollars"":""0.4900""}"
KXBTC15M-26APR281415-15,6f3eeada-60ae-5e69-5732-410b91b0f80b,1777399219,0.49,3.03,no,"{""count_fp"":""3.03"",""created_time"":""2026-04-28T18:00:19.818297Z"",""no_price_dollars"":""0.5100"",""taker_side"":""no"",""ticker"":""KXBTC15M-26APR281415-15"",""trade_id"":""6f3eeada-60ae-5e69-5732-410b91b0f80b"",""yes_price_dollars"":""0.4900""}"
KXBTC15M-26APR281415-15,0d9aab3f-85e3-575f-77f4-921c38cc1f25,1777399219,0.5,4.77,no,"{""count_fp"":""4.77"",""created_time"":""2026-04-28T18:00:19.818297Z"",""no_price_dollars"":""0.5000"",""taker_side"":""no"",""ticker"":""KXBTC15M-26APR281415-15"",""trade_id"":""0d9aab3f-85e3-575f-77f4-921c38cc1f25"",""yes_price_dollars"":""0.5000""}"
KXBTC15M-26APR281415-15,ceed7f95-af37-65f3-176a-d00a916c1691,1777399219,0.5,9.34,no,"{""count_fp"":""9.34"",""created_time"":""2026-04-28T18:00:19.329135Z"",""no_price_dollars"":""0.5000"",""taker_side"":""no"",""ticker"":""KXBTC15M-26APR281415-15"",""trade_id"":""ceed7f95-af37-65f3-176a-d00a916c1691"",""yes_price_dollars"":""0.5000""}"
KXBTC15M-26APR281415-15,fc24890a-deee-6ca8-f79e-5e7eee9bef55,1777399220,0.46,2.0,no,"{""count_fp"":""2.00"",""created_time"":""2026-04-28T18:00:20.976432Z"",""no_price_dollars"":""0.5400"",""taker_side"":""no"",""ticker"":""KXBTC15M-26APR281415-15"",""trade_id"":""fc24890a-deee-6ca8-f79e-5e7eee9bef55"",""yes_price_dollars"":""0.4600""}"
KXBTC15M-26APR281415-15,b8b88fec-0bd9-6387-e247-e23200a5495e,1777399220,0.45,1.0,no,"{""count_fp"":""1.00"",""created_time"":""2026-04-28T18:00:20.976432Z"",""no_price_dollars"":""0.5500"",""taker_side"":""no"",""ticker"":""KXBTC15M-26APR281415-15"",""trade_id"":""b8b88fec-0bd9-6387-e247-e23200a5495e"",""yes_price_dollars"":""0.4500""}"
KXBTC15M-26APR281415-15,a84810d0-9ccf-6903-e2a0-c64dcdb6a519,1777399220,0.45,65.0,no,"{""count_fp"":""65.00"",""created_time"":""2026-04-28T18:00:20.976432Z"",""no_price_dollars"":""0.5500"",""taker_side"":""no"",""ticker"":""KXBTC15M-26APR281415-15"",""trade_id"":""a84810d0-9ccf-6903-e2a0-c64dcdb6a519"",""yes_price_dollars"":""0.4500""}"
KXBTC15M-26APR281415-15,808b6a06-ca20-672e-eff7-aff0260228df,1777399220,0.46,1.0,no,"{""count_fp"":""1.00"",""created_time"":""2026-04-28T18:00:20.976432Z"",""no_price_dollars"":""0.5400"",""taker_side"":""no"",""ticker"":""KXBTC15M-26APR281415-15"",""trade_id"":""808b6a06-ca20-672e-eff7-aff0260228df"",""yes_price_dollars"":""0.4600""}"
KXBTC15M-26APR281415-15,490345f0-1056-6565-f2e6-da635ba8676c,1777399220,0.45,3.0,no,"{""count_fp"":""3.00"",""created_time"":""2026-04-28T18:00:20.976432Z"",""no_price_dollars"":""0.5500"",""taker_side"":""no"",""ticker"":""KXBTC15M-26APR281415-15"",""trade_id"":""490345f0-1056-6565-f2e6-da635ba8676c"",""yes_price_dollars"":""0.4500""}"
KXBTC15M-26APR281415-15,05704739-868f-7300-ccd0-05afda3c00db,1777399220,0.47,3.0,yes,"{""count_fp"":""3.00"",""created_time"":""2026-04-28T18:00:20.736497Z"",""no_price_dollars"":""0.5300"",""taker_side"":""yes"",""ticker"":""KXBTC15M-26APR281415-15"",""trade_id"":""05704739-868f-7300-ccd0-05afda3c00db"",""yes_price_dollars"":""0.4700""}"
KXBTC15M-26APR281415-15,47c48fa2-fff3-69ac-48d4-e6baf83c4473,1777399220,0.48,3.79,yes,"{""count_fp"":""3.79"",""created_time"":""2026-04-28T18:00:20.424013Z"",""no_price_dollars"":""0.5200"",""taker_side"":""yes"",""ticker"":""KXBTC15M-26APR281415-15"",""trade_id"":""47c48fa2-fff3-69ac-48d4-e6baf83c4473"",""yes_price_dollars"":""0.4800""}"
KXBTC15M-26APR281415-15,7ea0013c-fd4f-5ba8-b993-261444e8a5cf,1777399221,0.44,10.25,yes,"{""count_fp"":""10.25"",""created_time"":""2026-04-28T18:00:21.988763Z"",""no_price_dollars"":""0.5600"",""taker_side"":""yes"",""ticker"":""KXBTC15M-26APR281415-15"",""trade_id"":""7ea0013c-fd4f-5ba8-b993-261444e8a5cf"",""yes_price_dollars"":""0.4400""}"
KXBTC15M-26APR281415-15,488e91f0-a2a7-72c0-07b6-c3261379771b,1777399221,0.44,40.0,yes,"{""count_fp"":""40.00"",""created_time"":""2026-04-28T18:00:21.773126Z"",""no_price_dollars"":""0.5600"",""taker_side"":""yes"",""ticker"":""KXBTC15M-26APR281415-15"",""trade_id"":""488e91f0-a2a7-72c0-07b6-c3261379771b"",""yes_price_dollars"":""0.4400""}"
KXBTC15M-26APR281415-15,d22ea640-e307-429c-8941-38e12e12e03b,1777399221,0.44,28.0,yes,"{""count_fp"":""28.00"",""created_time"":""2026-04-28T18:00:21.628955Z"",""no_price_dollars"":""0.5600"",""taker_side"":""yes"",""ticker"":""KXBTC15M-26APR281415-15"",""trade_id"":""d22ea640-e307-429c-8941-38e12e12e03b"",""yes_price_dollars"":""0.4400""}"
KXBTC15M-26APR281415-15,902d9f6d-a0b4-539d-6629-3775de5d3277,1777399221,0.44,47.0,yes,"{""count_fp"":""47.00"",""created_time"":""2026-04-28T18:00:21.130044Z"",""no_price_dollars"":""0.5600"",""taker_side"":""yes"",""ticker"":""KXBTC15M-26APR281415-15"",""trade_id"":""902d9f6d-a0b4-539d-6629-3775de5d3277"",""yes_price_dollars"":""0.4400""}"
KXBTC15M-26APR281415-15,0907a808-d7a3-5514-6224-7144e55a779f,1777399221,0.44,2.28,yes,"{""count_fp"":""2.28"",""created_time"":""2026-04-28T18:00:21.130044Z"",""no_price_dollars"":""0.5600"",""taker_side"":""yes"",""ticker"":""KXBTC15M-26APR281415-15"",""trade_id"":""0907a808-d7a3-5514-6224-7144e55a779f"",""yes_price_dollars"":""0.4400""}"
KXBTC15M-26APR281415-15,620b0236-50cc-6b3c-582c-57240e0aed03,1777399221,0.44,1.0,no,"{""count_fp"":""1.00"",""created_time"":""2026-04-28T18:00:21.090162Z"",""no_price_dollars"":""0.5600"",""taker_side"":""no"",""ticker"":""KXBTC15M-26APR281415-15"",""trade_id"":""620b0236-50cc-6b3c-582c-57240e0aed03"",""yes_price_dollars"":""0.4400""}"
KXBTC15M-26APR281415-15,d5dd8a83-ae53-66d2-bb04-33c43f9e849f,1777399222,0.4,10.0,no,"{""count_fp"":""10.00"",""created_time"":""2026-04-28T18:00:22.798262Z"",""no_price_dollars"":""0.6000"",""taker_side"":""no"",""ticker"":""KXBTC15M-26APR281415-15"",""trade_id"":""d5dd8a83-ae53-66d2-bb04-33c43f9e849f"",""yes_price_dollars"":""0.4000""}"
KXBTC15M-26APR281415-15,eeee3cee-5ff3-70d8-7246-b475eea464fb,1777399222,0.43,97.0,yes,"{""count_fp"":""97.00"",""created_time"":""2026-04-28T18:00:22.504967Z"",""no_price_dollars"":""0.5700"",""taker_side"":""yes"",""ticker"":""KXBTC15M-26APR281415-15"",""trade_id"":""eeee3cee-5ff3-70d8-7246-b475eea464fb"",""yes_price_dollars"":""0.4300""}"
KXBTC15M-26APR281415-15,59051a7d-b31d-7272-6a61-6ecedb3a1d4a,1777399222,0.43,3.0,yes,"{""count_fp"":""3.00"",""created_time"":""2026-04-28T18:00:22.504967Z"",""no_price_dollars"":""0.5700"",""taker_side"":""yes"",""ticker"":""KXBTC15M-26APR281415-15"",""trade_id"":""59051a7d-b31d-7272-6a61-6ecedb3a1d4a"",""yes_price_dollars"":""0.4300""}"
KXBTC15M-26APR281415-15,bc43a8c3-378f-56e1-cb85-b1610246720e,1777399222,0.41,89.99,no,"{""count_fp"":""89.99"",""created_time"":""2026-04-28T18:00:22.478127Z"",""no_price_dollars"":""0.5900"",""taker_side"":""no"",""ticker"":""KXBTC15M-26APR281415-15"",""trade_id"":""bc43a8c3-378f-56e1-cb85-b1610246720e"",""yes_price_dollars"":""0.4100""}"
KXBTC15M-26APR281415-15,5f5b8e3e-e603-5884-cfb4-fc52be1bf83c,1777399222,0.41,1.0,no,"{""count_fp"":""1.00"",""created_time"":""2026-04-28T18:00:22.478127Z"",""no_price_dollars"":""0.5900"",""taker_side"":""no"",""ticker"":""KXBTC15M-26APR281415-15"",""trade_id"":""5f5b8e3e-e603-5884-cfb4-fc52be1bf83c"",""yes_price_dollars"":""0.4100""}"
KXBTC15M-26APR281415-15,3120b679-6830-5adc-d4d9-87f9de822abb,1777399222,0.41,5.0,no,"{""count_fp"":""5.00"",""created_time"":""2026-04-28T18:00:22.478127Z"",""no_price_dollars"":""0.5900"",""taker_side"":""no"",""ticker"":""KXBTC15M-26APR281415-15"",""trade_id"":""3120b679-6830-5adc-d4d9-87f9de822abb"",""yes_price_dollars"":""0.4100""}"
KXBTC15M-26APR281415-15,1338eb5d-4785-5ec8-e2dc-b9b559e0077c,1777399222,0.41,5.0,no,"{""count_fp"":""5.00"",""created_time"":""2026-04-28T18:00:22.478127Z"",""no_price_dollars"":""0.5900"",""taker_side"":""no"",""ticker"":""KXBTC15M-26APR281415-15"",""trade_id"":""1338eb5d-4785-5ec8-e2dc-b9b559e0077c"",""yes_price_dollars"":""0.4100""}"
KXBTC15M-26APR281415-15,0ea60863-f962-5349-e902-14cb9e5dfe86,1777399222,0.41,1.0,no,"{""count_fp"":""1.00"",""created_time"":""2026-04-28T18:00:22.478127Z"",""no_price_dollars"":""0.5900"",""taker_side"":""no"",""ticker"":""KXBTC15M-26APR281415-15"",""trade_id"":""0ea60863-f962-5349-e902-14cb9e5dfe86"",""yes_price_dollars"":""0.4100""}"
KXBTC15M-26APR281415-15,ac4762db-52b5-49c9-f349-f0d8f5b73a93,1777399222,0.42,1.0,no,"{""count_fp"":""1.00"",""created_time"":""2026-04-28T18:00:22.436659Z"",""no_price_dollars"":""0.5800"",""taker_side"":""no"",""ticker"":""KXBTC15M-26APR281415-15"",""trade_id"":""ac4762db-52b5-49c9-f349-f0d8f5b73a93"",""yes_price_dollars"":""0.4200""}"
KXBTC15M-26APR281415-15,6291fc5a-5c47-4fbd-db8c-49b9c6615f16,1777399222,0.41,29.01,no,"{""count_fp"":""29.01"",""created_time"":""2026-04-28T18:00:22.436659Z"",""no_price_dollars"":""0.5900"",""taker_side"":""no"",""ticker"":""KXBTC15M-26APR281415-15"",""trade_id"":""6291fc5a-5c47-4fbd-db8c-49b9c6615f16"",""yes_price_dollars"":""0.4100""}"
KXBTC15M-26APR281415-15,494c5d6f-3556-4c23-f60f-105a75a6962f,1777399222,0.43,1.0,no,"{""count_fp"":""1.00"",""created_time"":""2026-04-28T18:00:22.436659Z"",""no_price_dollars"":""0.5700"",""taker_side"":""no"",""ticker"":""KXBTC15M-26APR281415-15"",""trade_id"":""494c5d6f-3556-4c23-f60f-105a75a6962f"",""yes_price_dollars"":""0.4300""}"
KXBTC15M-26APR281415-15,484389fb-5321-4416-f88a-3e4ebad0eedf,1777399222,0.42,2.0,no,"{""count_fp"":""2.00"",""created_time"":""2026-04-28T18:00:22.436659Z"",""no_price_dollars"":""0.5800"",""taker_side"":""no"",""ticker"":""KXBTC15M-26APR281415-15"",""trade_id"":""484389fb-5321-4416-f88a-3e4ebad0eedf"",""yes_price_dollars"":""0.4200""}"
KXBTC15M-26APR281415-15,1c9a6de9-f373-55cc-3202-948b3147e7ab,1777399222,0.44,7.58,yes,"{""count_fp"":""7.58"",""created_time"":""2026-04-28T18:00:22.319899Z"",""no_price_dollars"":""0.5600"",""taker_side"":""yes"",""ticker"":""KXBTC15M-26APR281415-15"",""trade_id"":""1c9a6de9-f373-55cc-3202-948b3147e7ab"",""yes_price_dollars"":""0.4400""}"
KXBTC15M-26APR281415-15,89769ba8-6bd7-6196-df2b-683f20ffa2ab,1777399223,0.4,10.21,no,"{""count_fp"":""10.21"",""created_time"":""2026-04-28T18:00:23.088453Z"",""no_price_dollars"":""0.6000"",""taker_side"":""no"",""ticker"":""KXBTC15M-26APR281415-15"",""trade_id"":""89769ba8-6bd7-6196-df2b-683f20ffa2ab"",""yes_price_dollars"":""0.4000""}"
KXBTC15M-26APR281415-15,8b741530-d64b-797a-b6d8-4d41d099f3cb,1777399223,0.4,80.79,no,"{""count_fp"":""80.79"",""created_time"":""2026-04-28T18:00:23.055999Z"",""no_price_dollars"":""0.6000"",""taker_side"":""no"",""ticker"":""KXBTC15M-26APR281415-15"",""trade_id"":""8b741530-d64b-797a-b6d8-4d41d099f3cb"",""yes_price_dollars"":""0.4000""}"
KXBTC15M-26APR281415-15,faaf743a-55c6-5ba4-4629-aab16a77f85a,1777399224,0.38,74.0,no,"{""count_fp"":""74.00"",""created_time"":""2026-04-28T18:00:24.933315Z"",""no_price_dollars"":""0.6200"",""taker_side"":""no"",""ticker"":""KXBTC15M-26APR281415-15"",""trade_id"":""faaf743a-55c6-5ba4-4629-aab16a77f85a"",""yes_price_dollars"":""0.3800""}"
KXBTC15M-26APR281415-15,fe3af2ed-0653-53ca-9726-fc67932da618,1777399224,0.39,886.84,yes,"{""count_fp"":""886.84"",""created_time"":""2026-04-28T18:00:24.886211Z"",""no_price_dollars"":""0.6100"",""taker_side"":""yes"",""ticker"":""KXBTC15M-26APR281415-15"",""trade_id"":""fe3af2ed-0653-53ca-9726-fc67932da618"",""yes_price_dollars"":""0.3900""}"
KXBTC15M-26APR281415-15,cd998967-a30f-5de4-8cbf-d7d9bc490aa3,1777399224,0.39,362.52,yes,"{""count_fp"":""362.52"",""created_time"":""2026-04-28T18:00:24.886211Z"",""no_price_dollars"":""0.6100"",""taker_side"":""yes"",""ticker"":""KXBTC15M-26APR281415-15"",""trade_id"":""cd998967-a30f-5de4-8cbf-d7d9bc490aa3"",""yes_price_dollars"":""0.3900""}"
KXBTC15M-26APR281415-15,c678f544-4563-5389-a982-d330f72beb34,1777399224,0.39,100.0,yes,"{""count_fp"":""100.00"",""created_time"":""2026-04-28T18:00:24.886211Z"",""no_price_dollars"":""0.6100"",""taker_side"":""yes"",""ticker"":""KXBTC15M-26APR281415-15"",""trade_id"":""c678f544-4563-5389-a982-d330f72beb34"",""yes_price_dollars"":""0.3900""}"
KXBTC15M-26APR281415-15,a80df301-8b84-5658-9319-7948b456d172,1777399224,0.39,27.0,yes,"{""count_fp"":""27.00"",""created_time"":""2026-04-28T18:00:24.886211Z"",""no_price_dollars"":""0.6100"",""taker_side"":""yes"",""ticker"":""KXBTC15M-26APR281415-15"",""trade_id"":""a80df301-8b84-5658-9319-7948b456d172"",""yes_price_dollars"":""0.3900""}"
KXBTC15M-26APR281415-15,9df54800-8b6e-50c8-aeeb-432f13237a11,1777399224,0.39,5.0,yes,"{""count_fp"":""5.00"",""created_time"":""2026-04-28T18:00:24.886211Z"",""no_price_dollars"":""0.6100"",""taker_side"":""yes"",""ticker"":""KXBTC15M-26APR281415-15"",""trade_id"":""9df54800-8b6e-50c8-aeeb-432f13237a11"",""yes_price_dollars"":""0.3900""}"
KXBTC15M-26APR281415-15,90a9a2d9-f309-5905-9cd1-a89378fc80c1,1777399224,0.39,3.0,yes,"{""count_fp"":""3.00"",""created_time"":""2026-04-28T18:00:24.886211Z"",""no_price_dollars"":""0.6100"",""taker_side"":""yes"",""ticker"":""KXBTC15M-26APR281415-15"",""trade_id"":""90a9a2d9-f309-5905-9cd1-a89378fc80c1"",""yes_price_dollars"":""0.3900""}"
KXBTC15M-26APR281415-15,e7b944b1-513f-48c4-d9c4-5ed8e20377af,1777399224,0.39,122.36,yes,"{""count_fp"":""122.36"",""created_time"":""2026-04-28T18:00:24.734146Z"",""no_price_dollars"":""0.6100"",""taker_side"":""yes"",""ticker"":""KXBTC15M-26APR281415-15"",""trade_id"":""e7b944b1-513f-48c4-d9c4-5ed8e20377af"",""yes_price_dollars"":""0.3900""}"
KXBTC15M-26APR281415-15,038b8f89-a2f3-77ec-ca99-a1f2b8de1a8f,1777399224,0.39,13.12,yes,"{""count_fp"":""13.12"",""created_time"":""2026-04-28T18:00:24.090209Z"",""no_price_dollars"":""0.6100"",""taker_side"":""yes"",""ticker"":""KXBTC15M-26APR281415-15"",""trade_id"":""038b8f89-a2f3-77ec-ca99-a1f2b8de1a8f"",""yes_price_dollars"":""0.3900""}"
KXBTC15M-26APR281415-15,402f1693-659e-725f-e8a4-f0236a5ec390,1777399224,0.39,132.0,no,"{""count_fp"":""132.00"",""created_time"":""2026-04-28T18:00:24.019843Z"",""no_price_dollars"":""0.6100"",""taker_side"":""no"",""ticker"":""KXBTC15M-26APR281415-15"",""trade_id"":""402f1693-659e-725f-e8a4-f0236a5ec390"",""yes_price_dollars"":""0.3900""}"
KXBTC15M-26APR281415-15,c628e0dc-051a-5e0c-f47c-f30bf6e7d3ce,1777399225,0.38,7.0,no,"{""count_fp"":""7.00"",""created_time"":""2026-04-28T18:00:25.835469Z"",""no_price_dollars"":""0.6200"",""taker_side"":""no"",""ticker"":""KXBTC15M-26APR281415-15"",""trade_id"":""c628e0dc-051a-5e0c-f47c-f30bf6e7d3ce"",""yes_price_dollars"":""0.3800""}"
KXBTC15M-26APR281415-15,699a880f-5f35-7914-c4c0-3891b331db63,1777399225,0.39,218.69,yes,"{""count_fp"":""218.69"",""created_time"":""2026-04-28T18:00:25.750224Z"",""no_price_dollars"":""0.6100"",""taker_side"":""yes"",""ticker"":""KXBTC15M-26APR281415-15"",""trade_id"":""699a880f-5f35-7914-c4c0-3891b331db63"",""yes_price_dollars"":""0.3900""}"
KXBTC15M-26APR281415-15,552fea03-f1a1-7c68-5164-a7fd7a24420b,1777399225,0.39,32.79,yes,"{""count_fp"":""32.79"",""created_time"":""2026-04-28T18:00:25.737556Z"",""no_price_dollars"":""0.6100"",""taker_side"":""yes"",""ticker"":""KXBTC15M-26APR281415-15"",""trade_id"":""552fea03-f1a1-7c68-5164-a7fd7a24420b"",""yes_price_dollars"":""0.3900""}"
KXBTC15M-26APR281415-15,8cf62e49-b7b6-694c-7ec6-856f3124b786,1777399225,0.38,6.0,no,"{""count_fp"":""6.00"",""created_time"":""2026-04-28T18:00:25.600741Z"",""no_price_dollars"":""0.6200"",""taker_side"":""no"",""ticker"":""KXBTC15M-26APR281415-15"",""trade_id"":""8cf62e49-b7b6-694c-7ec6-856f3124b786"",""yes_price_dollars"":""0.3800""}"
KXBTC15M-26APR281415-15,a46f229c-ad65-48b4-310c-1ed431d42327,1777399225,0.39,191.94,yes,"{""count_fp"":""191.94"",""created_time"":""2026-04-28T18:00:25.521359Z"",""no_price_dollars"":""0.6100"",""taker_side"":""yes"",""ticker"":""KXBTC15M-26APR281415-15"",""trade_id"":""a46f229c-ad65-48b4-310c-1ed431d42327"",""yes_price_dollars"":""0.3900""}"
KXBTC15M-26APR281415-15,69676e4d-94de-5940-8788-d60b7b144b26,1777399225,0.38,6.0,no,"{""count_fp"":""6.00"",""created_time"":""2026-04-28T18:00:25.404232Z"",""no_price_dollars"":""0.6200"",""taker_side"":""no"",""ticker"":""KXBTC15M-26APR281415-15"",""trade_id"":""69676e4d-94de-5940-8788-d60b7b144b26"",""yes_price_dollars"":""0.3800""}"
KXBTC15M-26APR281415-15,3077342b-44d1-7588-d147-4098175d0a93,1777399225,0.39,35.98,yes,"{""count_fp"":""35.98"",""created_time"":""2026-04-28T18:00:25.310056Z"",""no_price_dollars"":""0.6100"",""taker_side"":""yes"",""ticker"":""KXBTC15M-26APR281415-15"",""trade_id"":""3077342b-44d1-7588-d147-4098175d0a93"",""yes_price_dollars"":""0.3900""}"
KXBTC15M-26APR281415-15,9b86260c-6add-603c-e9db-d704f3b772b7,1777399225,0.39,86.06,yes,"{""count_fp"":""86.06"",""created_time"":""2026-04-28T18:00:25.238625Z"",""no_price_dollars"":""0.6100"",""taker_side"":""yes"",""ticker"":""KXBTC15M-26APR281415-15"",""trade_id"":""9b86260c-6add-603c-e9db-d704f3b772b7"",""yes_price_dollars"":""0.3900""}"
KXBTC15M-26APR281415-15,7e7d5b33-dd6a-6f24-3bb1-2001f6e9182e,1777399225,0.38,8.0,no,"{""count_fp"":""8.00"",""created_time"":""2026-04-28T18:00:25.191867Z"",""no_price_dollars"":""0.6200"",""taker_side"":""no"",""ticker"":""KXBTC15M-26APR281415-15"",""trade_id"":""7e7d5b33-dd6a-6f24-3bb1-2001f6e9182e"",""yes_price_dollars"":""0.3800""}"
KXBTC15M-26APR281415-15,7c89e9f8-9a41-4050-2ea7-24d4c0321b7f,1777399225,0.39,18.49,yes,"{""count_fp"":""18.49"",""created_time"":""2026-04-28T18:00:25.191747Z"",""no_price_dollars"":""0.6100"",""taker_side"":""yes"",""ticker"":""KXBTC15M-26APR281415-15"",""trade_id"":""7c89e9f8-9a41-4050-2ea7-24d4c0321b7f"",""yes_price_dollars"":""0.3900""}"
KXBTC15M-26APR281415-15,62f1e990-9fa6-4d85-3b86-4f1a931ec192,1777399225,0.39,10.0,yes,"{""count_fp"":""10.00"",""created_time"":""2026-04-28T18:00:25.191747Z"",""no_price_dollars"":""0.6100"",""taker_side"":""yes"",""ticker"":""KXBTC15M-26APR281415-15"",""trade_id"":""62f1e990-9fa6-4d85-3b86-4f1a931ec192"",""yes_price_dollars"":""0.3900""}"
KXBTC15M-26APR281415-15,34f5be75-78f3-4db2-2d36-70367bd4f704,1777399225,0.39,213.83,yes,"{""count_fp"":""213.83"",""created_time"":""2026-04-28T18:00:25.191747Z"",""no_price_dollars"":""0.6100"",""taker_side"":""yes"",""ticker"":""KXBTC15M-26APR281415-15"",""trade_id"":""34f5be75-78f3-4db2-2d36-70367bd4f704"",""yes_price_dollars"":""0.3900""}"
KXBTC15M-26APR281415-15,fbcffc96-df92-5b3d-772c-0719337e9058,1777399226,0.39,2.46,yes,"{""count_fp"":""2.46"",""created_time"":""2026-04-28T18:00:26.973339Z"",""no_price_dollars"":""0.6100"",""taker_side"":""yes"",""ticker"":""KXBTC15M-26APR281415-15"",""trade_id"":""fbcffc96-df92-5b3d-772c-0719337e9058"",""yes_price_dollars"":""0.3900""}"
KXBTC15M-26APR281415-15,94c2a172-9108-5145-4252-707635042435,1777399226,0.39,71.3,yes,"{""count_fp"":""71.30"",""created_time"":""2026-04-28T18:00:26.973339Z"",""no_price_dollars"":""0.6100"",""taker_side"":""yes"",""ticker"":""KXBTC15M-26APR281415-15"",""trade_id"":""94c2a172-9108-5145-4252-707635042435"",""yes_price_dollars"":""0.3900""}"
KXBTC15M-26APR281415-15,3d03a00c-d20a-6308-c937-7ee3fe2999be,1777399226,0.38,4.24,no,"{""count_fp"":""4.24"",""created_time"":""2026-04-28T18:00:26.782276Z"",""no_price_dollars"":""0.6200"",""taker_side"":""no"",""ticker"":""KXBTC15M-26APR281415-15"",""trade_id"":""3d03a00c-d20a-6308-c937-7ee3fe2999be"",""yes_price_dollars"":""0.3800""}"
KXBTC15M-26APR281415-15,abae3cc2-0e02-75b9-4328-81137ec0623c,1777399226,0.39,0.49,yes,"{""count_fp"":""0.49"",""created_time"":""2026-04-28T18:00:26.568117Z"",""no_price_dollars"":""0.6100"",""taker_side"":""yes"",""ticker"":""KXBTC15M-26APR281415-15"",""trade_id"":""abae3cc2-0e02-75b9-4328-81137ec0623c"",""yes_price_dollars"":""0.3900""}"
KXBTC15M-26APR281415-15,21cba6e8-f592-45d1-e018-7094191e7b08,1777399226,0.39,27.05,yes,"{""count_fp"":""27.05"",""created_time"":""2026-04-28T18:00:26.145289Z"",""no_price_dollars"":""0.6100"",""taker_side"":""yes"",""ticker"":""KXBTC15M-26APR281415-15"",""trade_id"":""21cba6e8-f592-45d1-e018-7094191e7b08"",""yes_price_dollars"":""0.3900""}"
KXBTC15M-26APR281415-15,78188615-7632-7c04-66ff-58be2f3eb03e,1777399226,0.38,7.0,no,"{""count_fp"":""7.00"",""created_time"":""2026-04-28T18:00:26.057089Z"",""no_price_dollars"":""0.6200"",""taker_side"":""no"",""ticker"":""KXBTC15M-26APR281415-15"",""trade_id"":""78188615-7632-7c04-66ff-58be2f3eb03e"",""yes_price_dollars"":""0.3800""}"
KXBTC15M-26APR281415-15,bb3ffa44-06ea-4f4b-269e-37545919304a,1777399227,0.39,19.67,yes,"{""count_fp"":""19.67"",""created_time"":""2026-04-28T18:00:27.861746Z"",""no_price_dollars"":""0.6100"",""taker_side"":""yes"",""ticker"":""KXBTC15M-26APR281415-15"",""trade_id"":""bb3ffa44-06ea-4f4b-269e-37545919304a"",""yes_price_dollars"":""0.3900""}"
KXBTC15M-26APR281415-15,aff1bef4-64da-4f5c-2018-40ea60ec0bcb,1777399227,0.38,2.0,no,"{""count_fp"":""2.00"",""created_time"":""2026-04-28T18:00:27.566676Z"",""no_price_dollars"":""0.6200"",""taker_side"":""no"",""ticker"":""KXBTC15M-26APR281415-15"",""trade_id"":""aff1bef4-64da-4f5c-2018-40ea60ec0bcb"",""yes_price_dollars"":""0.3800""}"
KXBTC15M-26APR281415-15,95b8920b-109a-4c4c-0693-f8fdc0899bea,1777399227,0.38,19.76,no,"{""count_fp"":""19.76"",""created_time"":""2026-04-28T18:00:27.566676Z"",""no_price_dollars"":""0.6200"",""taker_side"":""no"",""ticker"":""KXBTC15M-26APR281415-15"",""trade_id"":""95b8920b-109a-4c4c-0693-f8fdc0899bea"",""yes_price_dollars"":""0.3800""}"
KXBTC15M-26APR281415-15,5ebbcb84-2d19-418e-2a26-7446d1898029,1777399227,0.38,1.0,no,"{""count_fp"":""1.00"",""created_time"":""2026-04-28T18:00:27.566676Z"",""no_price_dollars"":""0.6200"",""taker_side"":""no"",""ticker"":""KXBTC15M-26APR281415-15"",""trade_id"":""5ebbcb84-2d19-418e-2a26-7446d1898029"",""yes_price_dollars"":""0.3800""}"
KXBTC15M-26APR281415-15,4f632019-836c-4920-0e2c-d05dad308c4c,1777399227,0.38,8.66,no,"{""count_fp"":""8.66"",""created_time"":""2026-04-28T18:00:27.566676Z"",""no_price_dollars"":""0.6200"",""taker_side"":""no"",""ticker"":""KXBTC15M-26APR281415-15"",""trade_id"":""4f632019-836c-4920-0e2c-d05dad308c4c"",""yes_price_dollars"":""0.3800""}"
KXBTC15M-26APR281415-15,a444f604-4edd-6847-71ae-5067ea7e72bc,1777399227,0.39,5.0,yes,"{""count_fp"":""5.00"",""created_time"":""2026-04-28T18:00:27.444194Z"",""no_price_dollars"":""0.6100"",""taker_side"":""yes"",""ticker"":""KXBTC15M-26APR281415-15"",""trade_id"":""a444f604-4edd-6847-71ae-5067ea7e72bc"",""yes_price_dollars"":""0.3900""}"
KXBTC15M-26APR281415-15,0f57d170-ce33-6eaa-6d04-0c72447b62a3,1777399227,0.39,91.68,yes,"{""count_fp"":""91.68"",""created_time"":""2026-04-28T18:00:27.444194Z"",""no_price_dollars"":""0.6100"",""taker_side"":""yes"",""ticker"":""KXBTC15M-26APR281415-15"",""trade_id"":""0f57d170-ce33-6eaa-6d04-0c72447b62a3"",""yes_price_dollars"":""0.3900""}"
KXBTC15M-26APR281415-15,ceff6c09-d446-794b-fab4-e532cba9a4fe,1777399228,0.39,122.95,yes,"{""count_fp"":""122.95"",""created_time"":""2026-04-28T18:00:28.765395Z"",""no_price_dollars"":""0.6100"",""taker_side"":""yes"",""ticker"":""KXBTC15M-26APR281415-15"",""trade_id"":""ceff6c09-d446-794b-fab4-e532cba9a4fe"",""yes_price_dollars"":""0.3900""}"
KXBTC15M-26APR281415-15,cb30370c-f8c2-67a7-7626-13548a725482,1777399228,0.39,36.88,yes,"{""count_fp"":""36.88"",""created_time"":""2026-04-28T18:00:28.718118Z"",""no_price_dollars"":""0.6100"",""taker_side"":""yes"",""ticker"":""KXBTC15M-26APR281415-15"",""trade_id"":""cb30370c-f8c2-67a7-7626-13548a725482"",""yes_price_dollars"":""0.3900""}"
KXBTC15M-26APR281415-15,9a0ef15d-677b-5ae8-f702-f3d5fc42bc33,1777399228,0.38,1.0,no,"{""count_fp"":""1.00"",""created_time"":""2026-04-28T18:00:28.373601Z"",""no_price_dollars"":""0.6200"",""taker_side"":""no"",""ticker"":""KXBTC15M-26APR281415-15"",""trade_id"":""9a0ef15d-677b-5ae8-f702-f3d5fc42bc33"",""yes_price_dollars"":""0.3800""}"
KXBTC15M-26APR281415-15,c0f589e5-b448-48f4-5cd2-6227f72aa33c,1777399228,0.38,62.64,no,"{""count_fp"":""62.64"",""created_time"":""2026-04-28T18:00:28.328281Z"",""no_price_dollars"":""0.6200"",""taker_side"":""no"",""ticker"":""KXBTC15M-26APR281415-15"",""trade_id"":""c0f589e5-b448-48f4-5cd2-6227f72aa33c"",""yes_price_dollars"":""0.3800""}"
KXBTC15M-26APR281415-15,4f51a795-2e5b-4f1c-78b2-9d3bbb1458db,1777399228,0.38,93.49,no,"{""count_fp"":""93.49"",""created_time"":""2026-04-28T18:00:28.328281Z"",""no_price_dollars"":""0.6200"",""taker_side"":""no"",""ticker"":""KXBTC15M-26APR281415-15"",""trade_id"":""4f51a795-2e5b-4f1c-78b2-9d3bbb1458db"",""yes_price_dollars"":""0.3800""}"
KXBTC15M-26APR281415-15,92e7860b-db06-69a7-c7c5-3830535c6592,1777399228,0.39,12.29,yes,"{""count_fp"":""12.29"",""created_time"":""2026-04-28T18:00:28.234601Z"",""no_price_dollars"":""0.6100"",""taker_side"":""yes"",""ticker"":""KXBTC15M-26APR281415-15"",""trade_id"":""92e7860b-db06-69a7-c7c5-3830535c6592"",""yes_price_dollars"":""0.3900""}"
KXBTC15M-26APR281415-15,9aa4832f-4602-63c3-f506-3340fc842ce6,1777399229,0.39,22.13,yes,"{""count_fp"":""22.13"",""created_time"":""2026-04-28T18:00:29.953772Z"",""no_price_dollars"":""0.6100"",""taker_side"":""yes"",""ticker"":""KXBTC15M-26APR281415-15"",""trade_id"":""9aa4832f-4602-63c3-f506-3340fc842ce6"",""yes_price_dollars"":""0.3900""}"
KXBTC15M-26APR281415-15,5ad00407-63d3-7ef8-45a5-d30803609b97,1777399229,0.38,5.18,no,"{""count_fp"":""5.18"",""created_time"":""2026-04-28T18:00:29.028426Z"",""no_price_dollars"":""0.6200"",""taker_side"":""no"",""ticker"":""KXBTC15M-26APR281415-15"",""trade_id"":""5ad00407-63d3-7ef8-45a5-d30803609b97"",""yes_price_dollars"":""0.3800""}"
KXBTC15M-26APR281415-15,d7161227-404e-7153-eac2-73d86222cdd2,1777399230,0.39,20.0,yes,"{""count_fp"":""20.00"",""created_time"":""2026-04-28T18:00:30.902397Z"",""no_price_dollars"":""0.6100"",""taker_side"":""yes"",""ticker"":""KXBTC15M-26APR281415-15"",""trade_id"":""d7161227-404e-7153-eac2-73d86222cdd2"",""yes_price_dollars"":""0.3900""}"
KXBTC15M-26APR281415-15,13f2ce53-9633-50a0-df74-58d0e19c068f,1777399230,0.38,12.0,no,"{""count_fp"":""12.00"",""created_time"":""2026-04-28T18:00:30.798327Z"",""no_price_dollars"":""0.6200"",""taker_side"":""no"",""ticker"":""KXBTC15M-26APR281415-15"",""trade_id"":""13f2ce53-9633-50a0-df74-58d0e19c068f"",""yes_price_dollars"":""0.3800""}"
KXBTC15M-26APR281415-15,65bef61c-e362-438f-c705-d361aed96e7e,1777399230,0.39,12.29,yes,"{""count_fp"":""12.29"",""created_time"":""2026-04-28T18:00:30.667029Z"",""no_price_dollars"":""0.6100"",""taker_side"":""yes"",""ticker"":""KXBTC15M-26APR281415-15"",""trade_id"":""65bef61c-e362-438f-c705-d361aed96e7e"",""yes_price_dollars"":""0.3900""}"
KXBTC15M-26APR281415-15,dc593b5f-f65a-6b5b-048e-4f117c764cca,1777399230,0.39,122.94,yes,"{""count_fp"":""122.94"",""created_time"":""2026-04-28T18:00:30.261719Z"",""no_price_dollars"":""0.6100"",""taker_side"":""yes"",""ticker"":""KXBTC15M-26APR281415-15"",""trade_id"":""dc593b5f-f65a-6b5b-048e-4f117c764cca"",""yes_price_dollars"":""0.3900""}"
KXBTC15M-26APR281415-15,986549e1-832b-5798-d7b5-bc431b6f1d13,1777399230,0.38,1.0,no,"{""count_fp"":""1.00"",""created_time"":""2026-04-28T18:00:30.213623Z"",""no_price_dollars"":""0.6200"",""taker_side"":""no"",""ticker"":""KXBTC15M-26APR281415-15"",""trade_id"":""986549e1-832b-5798-d7b5-bc431b6f1d13"",""yes_price_dollars"":""0.3800""}"
KXBTC15M-26APR281415-15,9b77f4bd-4357-4156-1171-237f0a5b61bb,1777399231,0.39,2.45,yes,"{""count_fp"":""2.45"",""created_time"":""2026-04-28T18:00:31.939417Z"",""no_price_dollars"":""0.6100"",""taker_side"":""yes"",""ticker"":""KXBTC15M-26APR281415-15"",""trade_id"":""9b77f4bd-4357-4156-1171-237f0a5b61bb"",""yes_price_dollars"":""0.3900""}"
KXBTC15M-26APR281415-15,238f69c7-a203-7b34-71e9-5385241c9a1f,1777399231,0.38,67.24,no,"{""count_fp"":""67.24"",""created_time"":""2026-04-28T18:00:31.848629Z"",""no_price_dollars"":""0.6200"",""taker_side"":""no"",""ticker"":""KXBTC15M-26APR281415-15"",""trade_id"":""238f69c7-a203-7b34-71e9-5385241c9a1f"",""yes_price_dollars"":""0.3800""}"
KXBTC15M-26APR281415-15,3865ebd1-bd67-5376-d4c7-ad8c27dd19f3,1777399231,0.39,2.2,yes,"{""count_fp"":""2.20"",""created_time"":""2026-04-28T18:00:31.839377Z"",""no_price_dollars"":""0.6100"",""taker_side"":""yes"",""ticker"":""KXBTC15M-26APR281415-15"",""trade_id"":""3865ebd1-bd67-5376-d4c7-ad8c27dd19f3"",""yes_price_dollars"":""0.3900""}"
KXBTC15M-26APR281415-15,0f164514-9eca-5fbb-d3d4-bda053531e0a,1777399231,0.39,46.98,yes,"{""count_fp"":""46.98"",""created_time"":""2026-04-28T18:00:31.839377Z"",""no_price_dollars"":""0.6100"",""taker_side"":""yes"",""ticker"":""KXBTC15M-26APR281415-15"",""trade_id"":""0f164514-9eca-5fbb-d3d4-bda053531e0a"",""yes_price_dollars"":""0.3900""}"
KXBTC15M-26APR281415-15,0109746a-9646-5fa3-88ed-3d9c72abca52,1777399231,0.39,3.0,yes,"{""count_fp"":""3.00"",""created_time"":""2026-04-28T18:00:31.551678Z"",""no_price_dollars"":""0.6100"",""taker_side"":""yes"",""ticker"":""KXBTC15M-26APR281415-15"",""trade_id"":""0109746a-9646-5fa3-88ed-3d9c72abca52"",""yes_price_dollars"":""0.3900""}"
KXBTC15M-26APR281415-15,1077fde7-cf42-4163-0ece-03ec1ce8f4ee,1777399231,0.39,12.91,yes,"{""count_fp"":""12.91"",""created_time"":""2026-04-28T18:00:31.474863Z"",""no_price_dollars"":""0.6100"",""taker_side"":""yes"",""ticker"":""KXBTC15M-26APR281415-15"",""trade_id"":""1077fde7-cf42-4163-0ece-03ec1ce8f4ee"",""yes_price_dollars"":""0.3900""}"
KXBTC15M-26APR281415-15,0292d2b2-aa82-5e93-c493-15bb10240f66,1777399231,0.39,12.29,yes,"{""count_fp"":""12.29"",""created_time"":""2026-04-28T18:00:31.425307Z"",""no_price_dollars"":""0.6100"",""taker_side"":""yes"",""ticker"":""KXBTC15M-26APR281415-15"",""trade_id"":""0292d2b2-aa82-5e93-c493-15bb10240f66"",""yes_price_dollars"":""0.3900""}"
KXBTC15M-26APR281415-15,7a6cfd73-aefe-693f-b534-802be1f3d9ce,1777399231,0.39,7.37,yes,"{""count_fp"":""7.37"",""created_time"":""2026-04-28T18:00:31.285479Z"",""no_price_dollars"":""0.6100"",""taker_side"":""yes"",""ticker"":""KXBTC15M-26APR281415-15"",""trade_id"":""7a6cfd73-aefe-693f-b534-802be1f3d9ce"",""yes_price_dollars"":""0.3900""}"
KXBTC15M-26APR281415-15,01bf0138-a9bb-698c-2f31-adb5f21851ab,1777399231,0.38,50.27,no,"{""count_fp"":""50.27"",""created_time"":""2026-04-28T18:00:31.280576Z"",""no_price_dollars"":""0.6200"",""taker_side"":""no"",""ticker"":""KXBTC15M-26APR281415-15"",""trade_id"":""01bf0138-a9bb-698c-2f31-adb5f21851ab"",""yes_price_dollars"":""0.3800""}"
KXBTC15M-26APR281415-15,db869f70-b7d2-5563-2e7a-2db4ccf6e006,1777399231,0.39,44.85,yes,"{""count_fp"":""44.85"",""created_time"":""2026-04-28T18:00:31.263351Z"",""no_price_dollars"":""0.6100"",""taker_side"":""yes"",""ticker"":""KXBTC15M-26APR281415-15"",""trade_id"":""db869f70-b7d2-5563-2e7a-2db4ccf6e006"",""yes_price_dollars"":""0.3900""}"
KXBTC15M-26APR281415-15,8a9479fb-240b-5118-35ff-e711ca9e615f,1777399232,0.38,155.33,no,"{""count_fp"":""155.33"",""created_time"":""2026-04-28T18:00:32.855012Z"",""no_price_dollars"":""0.6200"",""taker_side"":""no"",""ticker"":""KXBTC15M-26APR281415-15"",""trade_id"":""8a9479fb-240b-5118-35ff-e711ca9e615f"",""yes_price_dollars"":""0.3800""}"
KXBTC15M-26APR281415-15,1b0c1903-27ef-4860-f04c-22a506c7c28f,1777399232,0.38,4.71,no,"{""count_fp"":""4.71"",""created_time"":""2026-04-28T18:00:32.770564Z"",""no_price_dollars"":""0.6200"",""taker_side"":""no"",""ticker"":""KXBTC15M-26APR281415-15"",""trade_id"":""1b0c1903-27ef-4860-f04c-22a506c7c28f"",""yes_price_dollars"":""0.3800""}"
KXBTC15M-26APR281415-15,1832c1f3-e12b-5eb2-4ce5-b762ecd545b7,1777399232,0.39,7.8,yes,"{""count_fp"":""7.80"",""created_time"":""2026-04-28T18:00:32.557822Z"",""no_price_dollars"":""0.6100"",""taker_side"":""yes"",""ticker"":""KXBTC15M-26APR281415-15"",""trade_id"":""1832c1f3-e12b-5eb2-4ce5-b762ecd545b7"",""yes_price_dollars"":""0.3900""}"
KXBTC15M-26APR281415-15,a41a9e7c-fcb0-69c0-17ea-45049123cef2,1777399233,0.39,3.0,no,"{""count_fp"":""3.00"",""created_time"":""2026-04-28T18:00:33.483698Z"",""no_price_dollars"":""0.6100"",""taker_side"":""no"",""ticker"":""KXBTC15M-26APR281415-15"",""trade_id"":""a41a9e7c-fcb0-69c0-17ea-45049123cef2"",""yes_price_dollars"":""0.3900""}"
KXBTC15M-26APR281415-15,3442fc3d-ac21-6938-2ac0-c49e84b8fa8c,1777399233,0.39,1.52,no,"{""count_fp"":""1.52"",""created_time"":""2026-04-28T18:00:33.483698Z"",""no_price_dollars"":""0.6100"",""taker_side"":""no"",""ticker"":""KXBTC15M-26APR281415-15"",""trade_id"":""3442fc3d-ac21-6938-2ac0-c49e84b8fa8c"",""yes_price_dollars"":""0.3900""}"
KXBTC15M-26APR281415-15,183ed41e-4cf3-6314-27fd-f8c2e4ec39bb,1777399233,0.38,179.3,no,"{""count_fp"":""179.30"",""created_time"":""2026-04-28T18:00:33.483698Z"",""no_price_dollars"":""0.6200"",""taker_side"":""no"",""ticker"":""KXBTC15M-26APR281415-15"",""trade_id"":""183ed41e-4cf3-6314-27fd-f8c2e4ec39bb"",""yes_price_dollars"":""0.3800""}"
KXBTC15M-26APR281415-15,7d93d778-96e3-4d08-f72a-c6fdc9805777,1777399233,0.38,15.71,no,"{""count_fp"":""15.71"",""created_time"":""2026-04-28T18:00:33.389739Z"",""no_price_dollars"":""0.6200"",""taker_side"":""no"",""ticker"":""KXBTC15M-26APR281415-15"",""trade_id"":""7d93d778-96e3-4d08-f72a-c6fdc9805777"",""yes_price_dollars"":""0.3800""}"
KXBTC15M-26APR281415-15,cb679320-1833-4a54-4f95-5d4334c6188f,1777399233,0.38,2.89,no,"{""count_fp"":""2.89"",""created_time"":""2026-04-28T18:00:33.299241Z"",""no_price_dollars"":""0.6200"",""taker_side"":""no"",""ticker"":""KXBTC15M-26APR281415-15"",""trade_id"":""cb679320-1833-4a54-4f95-5d4334c6188f"",""yes_price_dollars"":""0.3800""}"
KXBTC15M-26APR281415-15,618b5615-f829-73af-2b6a-5fc0bbfd1636,1777399233,0.39,3.0,no,"{""count_fp"":""3.00"",""created_time"":""2026-04-28T18:00:33.205704Z"",""no_price_dollars"":""0.6100"",""taker_side"":""no"",""ticker"":""KXBTC15M-26APR281415-15"",""trade_id"":""618b5615-f829-73af-2b6a-5fc0bbfd1636"",""yes_price_dollars"":""0.3900""}"
KXBTC15M-26APR281415-15,30bbcb56-01e2-716f-2f6c-1725e2b63451,1777399233,0.39,36.27,no,"{""count_fp"":""36.27"",""created_time"":""2026-04-28T18:00:33.205704Z"",""no_price_dollars"":""0.6100"",""taker_side"":""no"",""ticker"":""KXBTC15M-26APR281415-15"",""trade_id"":""30bbcb56-01e2-716f-2f6c-1725e2b63451"",""yes_price_dollars"":""0.3900""}"
KXBTC15M-26APR281415-15,ee44ecb9-ba2c-63a0-8527-730f8b0c56e6,1777399234,0.4,36.27,yes,"{""count_fp"":""36.27"",""created_time"":""2026-04-28T18:00:34.661769Z"",""no_price_dollars"":""0.6000"",""taker_side"":""yes"",""ticker"":""KXBTC15M-26APR281415-15"",""trade_id"":""ee44ecb9-ba2c-63a0-8527-730f8b0c56e6"",""yes_price_dollars"":""0.4000""}"
KXBTC15M-26APR281415-15,9a503499-8daa-6014-8f2a-c0ce0c317b0b,1777399234,0.4,190.0,yes,"{""count_fp"":""190.00"",""created_time"":""2026-04-28T18:00:34.661769Z"",""no_price_dollars"":""0.6000"",""taker_side"":""yes"",""ticker"":""KXBTC15M-26APR281415-15"",""trade_id"":""9a503499-8daa-6014-8f2a-c0ce0c317b0b"",""yes_price_dollars"":""0.4000""}"
KXBTC15M-26APR281415-15,65ea26b9-f3a0-68bb-8c55-5ccd2f6146f0,1777399234,0.4,378.33,yes,"{""count_fp"":""378.33"",""created_time"":""2026-04-28T18:00:34.661769Z"",""no_price_dollars"":""0.6000"",""taker_side"":""yes"",""ticker"":""KXBTC15M-26APR281415-15"",""trade_id"":""65ea26b9-f3a0-68bb-8c55-5ccd2f6146f0"",""yes_price_dollars"":""0.4000""}"
KXBTC15M-26APR281415-15,fbda7783-16a9-404d-b3b5-050509a06fc8,1777399234,0.39,117.83,no,"{""count_fp"":""117.83"",""created_time"":""2026-04-28T18:00:34.579797Z"",""no_price_dollars"":""0.6100"",""taker_side"":""no"",""ticker"":""KXBTC15M-26APR281415-15"",""trade_id"":""fbda7783-16a9-404d-b3b5-050509a06fc8"",""yes_price_dollars"":""0.3900""}"
KXBTC15M-26APR281415-15,3f942a3f-80e2-541c-47b1-769ae3f3df9b,1777399234,0.4,10.0,yes,"{""count_fp"":""10.00"",""created_time"":""2026-04-28T18:00:34.183774Z"",""no_price_dollars"":""0.6000"",""taker_side"":""yes"",""ticker"":""KXBTC15M-26APR281415-15"",""trade_id"":""3f942a3f-80e2-541c-47b1-769ae3f3df9b"",""yes_price_dollars"":""0.4000""}"
KXBTC15M-26APR281415-15,f8ada8b7-bc61-4605-ad50-9485da51690c,1777399234,0.39,468.33,no,"{""count_fp"":""468.33"",""created_time"":""2026-04-28T18:00:34.055799Z"",""no_price_dollars"":""0.6100"",""taker_side"":""no"",""ticker"":""KXBTC15M-26APR281415-15"",""trade_id"":""f8ada8b7-bc61-4605-ad50-9485da51690c"",""yes_price_dollars"":""0.3900""}"
KXBTC15M-26APR281415-15,aeb31094-a77a-42e9-bf54-422d3f243370,1777399234,0.39,3.0,no,"{""count_fp"":""3.00"",""created_time"":""2026-04-28T18:00:34.055799Z"",""no_price_dollars"":""0.6100"",""taker_side"":""no"",""ticker"":""KXBTC15M-26APR281415-15"",""trade_id"":""aeb31094-a77a-42e9-bf54-422d3f243370"",""yes_price_dollars"":""0.3900""}"
KXBTC15M-26APR281415-15,8ffb6abb-1fb9-7962-4bf8-57883d55725c,1777399235,0.39,13.27,no,"{""count_fp"":""13.27"",""created_time"":""2026-04-28T18:00:35.737499Z"",""no_price_dollars"":""0.6100"",""taker_side"":""no"",""ticker"":""KXBTC15M-26APR281415-15"",""trade_id"":""8ffb6abb-1fb9-7962-4bf8-57883d55725c"",""yes_price_dollars"":""0.3900""}"
KXBTC15M-26APR281415-15,8df57dbb-04b0-7772-53f5-6f6eda05a2a7,1777399235,0.39,0.48,no,"{""count_fp"":""0.48"",""created_time"":""2026-04-28T18:00:35.737499Z"",""no_price_dollars"":""0.6100"",""taker_side"":""no"",""ticker"":""KXBTC15M-26APR281415-15"",""trade_id"":""8df57dbb-04b0-7772-53f5-6f6eda05a2a7"",""yes_price_dollars"":""0.3900""}"
KXBTC15M-26APR281415-15,6eac626f-c28f-7646-5bcf-d0cd95146f9c,1777399235,0.39,0.42,no,"{""count_fp"":""0.42"",""created_time"":""2026-04-28T18:00:35.737499Z"",""no_price_dollars"":""0.6100"",""taker_side"":""no"",""ticker"":""KXBTC15M-26APR281415-15"",""trade_id"":""6eac626f-c28f-7646-5bcf-d0cd95146f9c"",""yes_price_dollars"":""0.3900""}"
KXBTC15M-26APR281415-15,67538e8d-5468-7158-40b2-17bd96704575,1777399235,0.39,0.1,no,"{""count_fp"":""0.10"",""created_time"":""2026-04-28T18:00:35.737499Z"",""no_price_dollars"":""0.6100"",""taker_side"":""no"",""ticker"":""KXBTC15M-26APR281415-15"",""trade_id"":""67538e8d-5468-7158-40b2-17bd96704575"",""yes_price_dollars"":""0.3900""}"
KXBTC15M-26APR281415-15,42eb17e2-ec30-70f0-433c-7c05528285ab,1777399235,0.39,0.03,no,"{""count_fp"":""0.03"",""created_time"":""2026-04-28T18:00:35.737499Z"",""no_price_dollars"":""0.6100"",""taker_side"":""no"",""ticker"":""KXBTC15M-26APR281415-15"",""trade_id"":""42eb17e2-ec30-70f0-433c-7c05528285ab"",""yes_price_dollars"":""0.3900""}"
KXBTC15M-26APR281415-15,372b5eb4-9b7a-749a-6692-2778f5d6581c,1777399235,0.39,12.6,no,"{""count_fp"":""12.60"",""created_time"":""2026-04-28T18:00:35.737499Z"",""no_price_dollars"":""0.6100"",""taker_side"":""no"",""ticker"":""KXBTC15M-26APR281415-15"",""trade_id"":""372b5eb4-9b7a-749a-6692-2778f5d6581c"",""yes_price_dollars"":""0.3900""}"
KXBTC15M-26APR281415-15,2bd3d414-9aa0-7d46-4ca2-0861c5aecb76,1777399235,0.39,3.0,no,"{""count_fp"":""3.00"",""created_time"":""2026-04-28T18:00:35.737499Z"",""no_price_dollars"":""0.6100"",""taker_side"":""no"",""ticker"":""KXBTC15M-26APR281415-15"",""trade_id"":""2bd3d414-9aa0-7d46-4ca2-0861c5aecb76"",""yes_price_dollars"":""0.3900""}"
KXBTC15M-26APR281415-15,1100445a-8869-7c71-6f14-f31f42b06b29,1777399235,0.39,1.52,no,"{""count_fp"":""1.52"",""created_time"":""2026-04-28T18:00:35.737499Z"",""no_price_dollars"":""0.6100"",""taker_side"":""no"",""ticker"":""KXBTC15M-26APR281415-15"",""trade_id"":""1100445a-8869-7c71-6f14-f31f42b06b29"",""yes_price_dollars"":""0.3900""}"
KXBTC15M-26APR281415-15,52601d6f-2250-5377-f228-ba439421def8,1777399235,0.4,3.58,yes,"{""count_fp"":""3.58"",""created_time"":""2026-04-28T18:00:35.318891Z"",""no_price_dollars"":""0.6000"",""taker_side"":""yes"",""ticker"":""KXBTC15M-26APR281415-15"",""trade_id"":""52601d6f-2250-5377-f228-ba439421def8"",""yes_price_dollars"":""0.4000""}"
KXBTC15M-26APR281415-15,8b9d49c5-0710-70cf-9c5b-e962e95e979c,1777399235,0.4,23.99,yes,"{""count_fp"":""23.99"",""created_time"":""2026-04-28T18:00:35.099736Z"",""no_price_dollars"":""0.6000"",""taker_side"":""yes"",""ticker"":""KXBTC15M-26APR281415-15"",""trade_id"":""8b9d49c5-0710-70cf-9c5b-e962e95e979c"",""yes_price_dollars"":""0.4000""}"
KXBTC15M-26APR281415-15,99c3ba43-01c0-4453-b8ef-65e9af654de8,1777399235,0.4,6.0,yes,"{""count_fp"":""6.00"",""created_time"":""2026-04-28T18:00:35.028764Z"",""no_price_dollars"":""0.6000"",""taker_side"":""yes"",""ticker"":""KXBTC15M-26APR281415-15"",""trade_id"":""99c3ba43-01c0-4453-b8ef-65e9af654de8"",""yes_price_dollars"":""0.4000""}"
KXBTC15M-26APR281415-15,fa9926ba-3fe4-47d7-84a9-341180c6dc44,1777399236,0.4,9.59,yes,"{""count_fp"":""9.59"",""created_time"":""2026-04-28T18:00:36.831858Z"",""no_price_dollars"":""0.6000"",""taker_side"":""yes"",""ticker"":""KXBTC15M-26APR281415-15"",""trade_id"":""fa9926ba-3fe4-47d7-84a9-341180c6dc44"",""yes_price_dollars"":""0.4000""}"
KXBTC15M-26APR281415-15,17feaa34-7054-498b-173a-b66e65ee9690,1777399236,0.4,11.99,yes,"{""count_fp"":""11.99"",""created_time"":""2026-04-28T18:00:36.804106Z"",""no_price_dollars"":""0.6000"",""taker_side"":""yes"",""ticker"":""KXBTC15M-26APR281415-15"",""trade_id"":""17feaa34-7054-498b-173a-b66e65ee9690"",""yes_price_dollars"":""0.4000""}"
KXBTC15M-26APR281415-15,8a59f3c1-dcde-4fc6-d1df-bbea2aa69aee,1777399236,0.39,4.06,no,"{""count_fp"":""4.06"",""created_time"":""2026-04-28T18:00:36.773822Z"",""no_price_dollars"":""0.6100"",""taker_side"":""no"",""ticker"":""KXBTC15M-26APR281415-15"",""trade_id"":""8a59f3c1-dcde-4fc6-d1df-bbea2aa69aee"",""yes_price_dollars"":""0.3900""}"
KXBTC15M-26APR281415-15,3c00082b-06dd-4bb1-ca00-71177f427769,1777399236,0.39,7.94,no,"{""count_fp"":""7.94"",""created_time"":""2026-04-28T18:00:36.773822Z"",""no_price_dollars"":""0.6100"",""taker_side"":""no"",""ticker"":""KXBTC15M-26APR281415-15"",""trade_id"":""3c00082b-06dd-4bb1-ca00-71177f427769"",""yes_price_dollars"":""0.3900""}"
KXBTC15M-26APR281415-15,cbe3a791-1dc0-439b-1e82-c6d2bd563a5c,1777399236,0.4,23.78,yes,"{""count_fp"":""23.78"",""created_time"":""2026-04-28T18:00:36.523553Z"",""no_price_dollars"":""0.6000"",""taker_side"":""yes"",""ticker"":""KXBTC15M-26APR281415-15"",""trade_id"":""cbe3a791-1dc0-439b-1e82-c6d2bd563a5c"",""yes_price_dollars"":""0.4000""}"
KXBTC15M-26APR281415-15,82aba13e-164c-6d2f-3d44-26ccbf9b8638,1777399236,0.4,2.39,yes,"{""count_fp"":""2.39"",""created_time"":""2026-04-28T18:00:36.501088Z"",""no_price_dollars"":""0.6000"",""taker_side"":""yes"",""ticker"":""KXBTC15M-26APR281415-15"",""trade_id"":""82aba13e-164c-6d2f-3d44-26ccbf9b8638"",""yes_price_dollars"":""0.4000""}"
KXBTC15M-26APR281415-15,4061bb62-65f5-69cd-85f3-3d9c989760b1,1777399236,0.38,11.99,no,"{""count_fp"":""11.99"",""created_time"":""2026-04-28T18:00:36.178716Z"",""no_price_dollars"":""0.6200"",""taker_side"":""no"",""ticker"":""KXBTC15M-26APR281415-15"",""trade_id"":""4061bb62-65f5-69cd-85f3-3d9c989760b1"",""yes_price_dollars"":""0.3800""}"
KXBTC15M-26APR281415-15,01d216af-bceb-61e8-bdcc-6b3ad2d50ca7,1777399236,0.38,22.4,no,"{""count_fp"":""22.40"",""created_time"":""2026-04-28T18:00:36.178716Z"",""no_price_dollars"":""0.6200"",""taker_side"":""no"",""ticker"":""KXBTC15M-26APR281415-15"",""trade_id"":""01d216af-bceb-61e8-bdcc-6b3ad2d50ca7"",""yes_price_dollars"":""0.3800""}"
KXBTC15M-26APR281415-15,ef0c1b0f-73bd-5646-601a-4a16d1eef366,1777399236,0.38,40.0,no,"{""count_fp"":""40.00"",""created_time"":""2026-04-28T18:00:36.146578Z"",""no_price_dollars"":""0.6200"",""taker_side"":""no"",""ticker"":""KXBTC15M-26APR281415-15"",""trade_id"":""ef0c1b0f-73bd-5646-601a-4a16d1eef366"",""yes_price_dollars"":""0.3800""}"
KXBTC15M-26APR281415-15,e9b6a44c-0765-54fd-57cd-1d6c1df2eaff,1777399236,0.38,26.0,no,"{""count_fp"":""26.00"",""created_time"":""2026-04-28T18:00:36.146578Z"",""no_price_dollars"":""0.6200"",""taker_side"":""no"",""ticker"":""KXBTC15M-26APR281415-15"",""trade_id"":""e9b6a44c-0765-54fd-57cd-1d6c1df2eaff"",""yes_price_dollars"":""0.3800""}"
KXBTC15M-26APR281415-15,921e75df-44bf-5f67-6957-1bb9650d2f49,1777399236,0.39,3.0,no,"{""count_fp"":""3.00"",""created_time"":""2026-04-28T18:00:36.146578Z"",""no_price_dollars"":""0.6100"",""taker_side"":""no"",""ticker"":""KXBTC15M-26APR281415-15"",""trade_id"":""921e75df-44bf-5f67-6957-1bb9650d2f49"",""yes_price_dollars"":""0.3900""}"
KXBTC15M-26APR281415-15,88e315e8-2e00-57bc-63a0-0cef04899575,1777399236,0.39,12.6,no,"{""count_fp"":""12.60"",""created_time"":""2026-04-28T18:00:36.146578Z"",""no_price_dollars"":""0.6100"",""taker_side"":""no"",""ticker"":""KXBTC15M-26APR281415-15"",""trade_id"":""88e315e8-2e00-57bc-63a0-0cef04899575"",""yes_price_dollars"":""0.3900""}"
KXBTC15M-26APR281415-15,7e58f9dd-e49d-5ec6-628e-c88003865cf1,1777399236,0.38,3.0,no,"{""count_fp"":""3.00"",""created_time"":""2026-04-28T18:00:36.146578Z"",""no_price_dollars"":""0.6200"",""taker_side"":""no"",""ticker"":""KXBTC15M-26APR281415-15"",""trade_id"":""7e58f9dd-e49d-5ec6-628e-c88003865cf1"",""yes_price_dollars"":""0.3800""}"
KXBTC15M-26APR281415-15,6200bc5d-554a-5ce3-44af-019bdbe9f35c,1777399236,0.38,0.5,no,"{""count_fp"":""0.50"",""created_time"":""2026-04-28T18:00:36.146578Z"",""no_price_dollars"":""0.6200"",""taker_side"":""no"",""ticker"":""KXBTC15M-26APR281415-15"",""trade_id"":""6200bc5d-554a-5ce3-44af-019bdbe9f35c"",""yes_price_dollars"":""0.3800""}"
KXBTC15M-26APR281415-15,4b5ce67b-7bad-5915-4e77-fe1d24b5e8fd,1777399236,0.38,14.01,no,"{""count_fp"":""14.01"",""created_time"":""2026-04-28T18:00:36.146578Z"",""no_price_dollars"":""0.6200"",""taker_side"":""no"",""ticker"":""KXBTC15M-26APR281415-15"",""trade_id"":""4b5ce67b-7bad-5915-4e77-fe1d24b5e8fd"",""yes_price_dollars"":""0.3800""}"
KXBTC15M-26APR281415-15,3d4ecc8a-5a0d-5456-6df4-48e5fa21dcb6,1777399236,0.38,56.0,no,"{""count_fp"":""56.00"",""created_time"":""2026-04-28T18:00:36.146578Z"",""no_price_dollars"":""0.6200"",""taker_side"":""no"",""ticker"":""KXBTC15M-26APR281415-15"",""trade_id"":""3d4ecc8a-5a0d-5456-6df4-48e5fa21dcb6"",""yes_price_dollars"":""0.3800""}"
KXBTC15M-26APR281415-15,9906108e-49da-4b8c-c34c-01046b2ac8fa,1777399236,0.39,0.31,no,"{""count_fp"":""0.31"",""created_time"":""2026-04-28T18:00:36.092354Z"",""no_price_dollars"":""0.6100"",""taker_side"":""no"",""ticker"":""KXBTC15M-26APR281415-15"",""trade_id"":""9906108e-49da-4b8c-c34c-01046b2ac8fa"",""yes_price_dollars"":""0.3900""}"
KXBTC15M-26APR281415-15,6fd50fc3-9a5e-4918-ca70-6e61e2e13c5f,1777399236,0.39,77.29,no,"{""count_fp"":""77.29"",""created_time"":""2026-04-28T18:00:36.092354Z"",""no_price_dollars"":""0.6100"",""taker_side"":""no"",""ticker"":""KXBTC15M-26APR281415-15"",""trade_id"":""6fd50fc3-9a5e-4918-ca70-6e61e2e13c5f"",""yes_price_dollars"":""0.3900""}"
KXBTC15M-26APR281415-15,488e2865-0898-4f56-c5b1-46c975c95aa6,1777399236,0.39,1.22,no,"{""count_fp"":""1.22"",""created_time"":""2026-04-28T18:00:36.092354Z"",""no_price_dollars"":""0.6100"",""taker_side"":""no"",""ticker"":""KXBTC15M-26APR281415-15"",""trade_id"":""488e2865-0898-4f56-c5b1-46c975c95aa6"",""yes_price_dollars"":""0.3900""}"
KXBTC15M-26APR281415-15,75da09ed-0b25-6755-f03f-34ffc1b11fe8,1777399237,0.39,15.71,no,"{""count_fp"":""15.71"",""created_time"":""2026-04-28T18:00:37.661469Z"",""no_price_dollars"":""0.6100"",""taker_side"":""no"",""ticker"":""KXBTC15M-26APR281415-15"",""trade_id"":""75da09ed-0b25-6755-f03f-34ffc1b11fe8"",""yes_price_dollars"":""0.3900""}"
KXBTC15M-26APR281415-15,2a0ee7e4-9cf3-43f1-2723-3d604be429fe,1777399237,0.4,23.99,yes,"{""count_fp"":""23.99"",""created_time"":""2026-04-28T18:00:37.387169Z"",""no_price_dollars"":""0.6000"",""taker_side"":""yes"",""ticker"":""KXBTC15M-26APR281415-15"",""trade_id"":""2a0ee7e4-9cf3-43f1-2723-3d604be429fe"",""yes_price_dollars"":""0.4000""}"
KXBTC15M-26APR281415-15,d931e61a-1c6f-65d0-0c86-593445cc32a3,1777399237,0.39,429.96,no,"{""count_fp"":""429.96"",""created_time"":""2026-04-28T18:00:37.378691Z"",""no_price_dollars"":""0.6100"",""taker_side"":""no"",""ticker"":""KXBTC15M-26APR281415-15"",""trade_id"":""d931e61a-1c6f-65d0-0c86-593445cc32a3"",""yes_price_dollars"":""0.3900""}"
KXBTC15M-26APR281415-15,b70cb07b-f92a-6b2c-0ac5-e297bbbe5177,1777399237,0.39,200.0,no,"{""count_fp"":""200.00"",""created_time"":""2026-04-28T18:00:37.378691Z"",""no_price_dollars"":""0.6100"",""taker_side"":""no"",""ticker"":""KXBTC15M-26APR281415-15"",""trade_id"":""b70cb07b-f92a-6b2c-0ac5-e297bbbe5177"",""yes_price_dollars"":""0.3900""}"
KXBTC15M-26APR281415-15,732472ea-3ff3-6165-2449-c9bc0df5f3a8,1777399237,0.39,0.51,no,"{""count_fp"":""0.51"",""created_time"":""2026-04-28T18:00:37.378691Z"",""no_price_dollars"":""0.6100"",""taker_side"":""no"",""ticker"":""KXBTC15M-26APR281415-15"",""trade_id"":""732472ea-3ff3-6165-2449-c9bc0df5f3a8"",""yes_price_dollars"":""0.3900""}"
KXBTC15M-26APR281415-15,929fdcab-dbf4-611a-b25c-daa2462f1437,1777399237,0.4,4.0,yes,"{""count_fp"":""4.00"",""created_time"":""2026-04-28T18:00:37.299476Z"",""no_price_dollars"":""0.6000"",""taker_side"":""yes"",""ticker"":""KXBTC15M-26APR281415-15"",""trade_id"":""929fdcab-dbf4-611a-b25c-daa2462f1437"",""yes_price_dollars"":""0.4000""}"
KXBTC15M-26APR281415-15,d3d6965d-75bd-4f32-94bc-5e7b1e08efb7,1777399237,0.39,57.51,no,"{""count_fp"":""57.51"",""created_time"":""2026-04-28T18:00:37.223105Z"",""no_price_dollars"":""0.6100"",""taker_side"":""no"",""ticker"":""KXBTC15M-26APR281415-15"",""trade_id"":""d3d6965d-75bd-4f32-94bc-5e7b1e08efb7"",""yes_price_dollars"":""0.3900""}"
KXBTC15M-26APR281415-15,76ca3fee-ad40-4b4e-ba09-baa29c078fd3,1777399237,0.39,0.2,no,"{""count_fp"":""0.20"",""created_time"":""2026-04-28T18:00:37.223105Z"",""no_price_dollars"":""0.6100"",""taker_side"":""no"",""ticker"":""KXBTC15M-26APR281415-15"",""trade_id"":""76ca3fee-ad40-4b4e-ba09-baa29c078fd3"",""yes_price_dollars"":""0.3900""}"
KXBTC15M-26APR281415-15,33829dd5-3cf4-4627-ba24-2bfc9a46ee0f,1777399237,0.39,12.6,no,"{""count_fp"":""12.60"",""created_time"":""2026-04-28T18:00:37.223105Z"",""no_price_dollars"":""0.6100"",""taker_side"":""no"",""ticker"":""KXBTC15M-26APR281415-15"",""trade_id"":""33829dd5-3cf4-4627-ba24-2bfc9a46ee0f"",""yes_price_dollars"":""0.3900""}"
KXBTC15M-26APR281415-15,09bd251a-80d7-4ba3-a742-dee1fc19a591,1777399237,0.39,0.06,no,"{""count_fp"":""0.06"",""created_time"":""2026-04-28T18:00:37.223105Z"",""no_price_dollars"":""0.6100"",""taker_side"":""no"",""ticker"":""KXBTC15M-26APR281415-15"",""trade_id"":""09bd251a-80d7-4ba3-a742-dee1fc19a591"",""yes_price_dollars"":""0.3900""}"
KXBTC15M-26APR281415-15,6e18f483-b0d8-468a-6c1c-119c8f690d27,1777399237,0.4,2.0,yes,"{""count_fp"":""2.00"",""created_time"":""2026-04-28T18:00:37.159647Z"",""no_price_dollars"":""0.6000"",""taker_side"":""yes"",""ticker"":""KXBTC15M-26APR281415-15"",""trade_id"":""6e18f483-b0d8-468a-6c1c-119c8f690d27"",""yes_price_dollars"":""0.4000""}"
KXBTC15M-26APR281415-15,d642e75f-cc13-5551-bc62-f77bffe994a1,1777399237,0.4,13.27,yes,"{""count_fp"":""13.27"",""created_time"":""2026-04-28T18:00:37.147414Z"",""no_price_dollars"":""0.6000"",""taker_side"":""yes"",""ticker"":""KXBTC15M-26APR281415-15"",""trade_id"":""d642e75f-cc13-5551-bc62-f77bffe994a1"",""yes_price_dollars"":""0.4000""}"
KXBTC15M-26APR281415-15,4ca595cc-9338-50e6-b950-1a40bb82dbbf,1777399237,0.4,17.71,yes,"{""count_fp"":""17.71"",""created_time"":""2026-04-28T18:00:37.147414Z"",""no_price_dollars"":""0.6000"",""taker_side"":""yes"",""ticker"":""KXBTC15M-26APR281415-15"",""trade_id"":""4ca595cc-9338-50e6-b950-1a40bb82dbbf"",""yes_price_dollars"":""0.4000""}"
KXBTC15M-26APR281415-15,0b381e67-75d2-533e-a1ff-f5d5226a353e,1777399237,0.4,5.0,yes,"{""count_fp"":""5.00"",""created_time"":""2026-04-28T18:00:37.147414Z"",""no_price_dollars"":""0.6000"",""taker_side"":""yes"",""ticker"":""KXBTC15M-26APR281415-15"",""trade_id"":""0b381e67-75d2-533e-a1ff-f5d5226a353e"",""yes_price_dollars"":""0.4000""}"
KXBTC15M-26APR281415-15,ff859829-02a0-6502-8f6d-c334a5755a84,1777399238,0.43,1.0,yes,"{""count_fp"":""1.00"",""created_time"":""2026-04-28T18:00:38.037802Z"",""no_price_dollars"":""0.5700"",""taker_side"":""yes"",""ticker"":""KXBTC15M-26APR281415-15"",""trade_id"":""ff859829-02a0-6502-8f6d-c334a5755a84"",""yes_price_dollars"":""0.4300""}"
KXBTC15M-26APR281415-15,e0df4b72-5de5-68e4-b4e2-ec368ee5ddab,1777399238,0.42,800.45,yes,"{""count_fp"":""800.45"",""created_time"":""2026-04-28T18:00:38.037802Z"",""no_price_dollars"":""0.5800"",""taker_side"":""yes"",""ticker"":""KXBTC15M-26APR281415-15"",""trade_id"":""e0df4b72-5de5-68e4-b4e2-ec368ee5ddab"",""yes_price_dollars"":""0.4200""}"
KXBTC15M-26APR281415-15,82417d4e-ef6d-6688-998b-584a5e6896e8,1777399238,0.4,200.0,yes,"{""count_fp"":""200.00"",""created_time"":""2026-04-28T18:00:38.037802Z"",""no_price_dollars"":""0.6000"",""taker_side"":""yes"",""ticker"":""KXBTC15M-26APR281415-15"",""trade_id"":""82417d4e-ef6d-6688-998b-584a5e6896e8"",""yes_price_dollars"":""0.4000""}"
KXBTC15M-26APR281415-15,7e03f871-246c-6a8a-9b55-d355ec872827,1777399238,0.41,500.0,yes,"{""count_fp"":""500.00"",""created_time"":""2026-04-28T18:00:38.037802Z"",""no_price_dollars"":""0.5900"",""taker_side"":""yes"",""ticker"":""KXBTC15M-26APR281415-15"",""trade_id"":""7e03f871-246c-6a8a-9b55-d355ec872827"",""yes_price_dollars"":""0.4100""}"
KXBTC15M-26APR281415-15,5f4da763-60fc-6bab-b4d1-b2a980f70294,1777399238,0.41,3.0,yes,"{""count_fp"":""3.00"",""created_time"":""2026-04-28T18:00:38.037802Z"",""no_price_dollars"":""0.5900"",""taker_side"":""yes"",""ticker"":""KXBTC15M-26APR281415-15"",""trade_id"":""5f4da763-60fc-6bab-b4d1-b2a980f70294"",""yes_price_dollars"":""0.4100""}"
KXBTC15M-26APR281415-15,5271a3bd-5ed2-6f8c-beb0-920537e5a78d,1777399238,0.42,15.57,yes,"{""count_fp"":""15.57"",""created_time"":""2026-04-28T18:00:38.037802Z"",""no_price_dollars"":""0.5800"",""taker_side"":""yes"",""ticker"":""KXBTC15M-26APR281415-15"",""trade_id"":""5271a3bd-5ed2-6f8c-beb0-920537e5a78d"",""yes_price_dollars"":""0.4200""}"
KXBTC15M-26APR281415-15,4ca657e3-9ab7-614d-9bff-c268b24fd13e,1777399238,0.4,33.52,yes,"{""count_fp"":""33.52"",""created_time"":""2026-04-28T18:00:38.037802Z"",""no_price_dollars"":""0.6000"",""taker_side"":""yes"",""ticker"":""KXBTC15M-26APR281415-15"",""trade_id"":""4ca657e3-9ab7-614d-9bff-c268b24fd13e"",""yes_price_dollars"":""0.4000""}"
KXBTC15M-26APR281415-15,2da2bb9b-1097-62c5-a0a6-e6d194602a12,1777399238,0.42,166.0,yes,"{""count_fp"":""166.00"",""created_time"":""2026-04-28T18:00:38.037802Z"",""no_price_dollars"":""0.5800"",""taker_side"":""yes"",""ticker"":""KXBTC15M-26APR281415-15"",""trade_id"":""2da2bb9b-1097-62c5-a0a6-e6d194602a12"",""yes_price_dollars"":""0.4200""}"
KXBTC15M-26APR281415-15,2813c45d-5003-6dda-bec3-64105e19ecc0,1777399238,0.42,9.0,yes,"{""count_fp"":""9.00"",""created_time"":""2026-04-28T18:00:38.037802Z"",""no_price_dollars"":""0.5800"",""taker_side"":""yes"",""ticker"":""KXBTC15M-26APR281415-15"",""trade_id"":""2813c45d-5003-6dda-bec3-64105e19ecc0"",""yes_price_dollars"":""0.4200""}"
KXBTC15M-26APR281415-15,243f65e6-0bf0-64fe-9428-2accd2fe01c9,1777399238,0.42,1.0,yes,"{""count_fp"":""1.00"",""created_time"":""2026-04-28T18:00:38.037802Z"",""no_price_dollars"":""0.5800"",""taker_side"":""yes"",""ticker"":""KXBTC15M-26APR281415-15"",""trade_id"":""243f65e6-0bf0-64fe-9428-2accd2fe01c9"",""yes_price_dollars"":""0.4200""}"
KXBTC15M-26APR281415-15,23bdeff1-f300-6f96-bfaf-74c080a31cf0,1777399238,0.43,333.78,yes,"{""count_fp"":""333.78"",""created_time"":""2026-04-28T18:00:38.037802Z"",""no_price_dollars"":""0.5700"",""taker_side"":""yes"",""ticker"":""KXBTC15M-26APR281415-15"",""trade_id"":""23bdeff1-f300-6f96-bfaf-74c080a31cf0"",""yes_price_dollars"":""0.4300""}"
KXBTC15M-26APR281415-15,91b44c16-6eb0-4175-144e-4d860ee54ebc,1777399239,0.39,11.99,yes,"{""count_fp"":""11.99"",""created_time"":""2026-04-28T18:00:39.828067Z"",""no_price_dollars"":""0.6100"",""taker_side"":""yes"",""ticker"":""KXBTC15M-26APR281415-15"",""trade_id"":""91b44c16-6eb0-4175-144e-4d860ee54ebc"",""yes_price_dollars"":""0.3900""}"
KXBTC15M-26APR281415-15,afa90e25-ba22-42ce-80e5-1989ec0fdf76,1777399239,0.38,22.42,no,"{""count_fp"":""22.42"",""created_time"":""2026-04-28T18:00:39.370947Z"",""no_price_dollars"":""0.6200"",""taker_side"":""no"",""ticker"":""KXBTC15M-26APR281415-15"",""trade_id"":""afa90e25-ba22-42ce-80e5-1989ec0fdf76"",""yes_price_dollars"":""0.3800""}"
KXBTC15M-26APR281415-15,a42cce5c-37c3-4559-a675-6e6740733a1e,1777399239,0.39,5.0,no,"{""count_fp"":""5.00"",""created_time"":""2026-04-28T18:00:39.370947Z"",""no_price_dollars"":""0.6100"",""taker_side"":""no"",""ticker"":""KXBTC15M-26APR281415-15"",""trade_id"":""a42cce5c-37c3-4559-a675-6e6740733a1e"",""yes_price_dollars"":""0.3900""}"
KXBTC15M-26APR281415-15,6c341909-e9dc-44f9-9722-ada291c0268f,1777399239,0.4,4.0,no,"{""count_fp"":""4.00"",""created_time"":""2026-04-28T18:00:39.370947Z"",""no_price_dollars"":""0.6000"",""taker_side"":""no"",""ticker"":""KXBTC15M-26APR281415-15"",""trade_id"":""6c341909-e9dc-44f9-9722-ada291c0268f"",""yes_price_dollars"":""0.4000""}"
KXBTC15M-26APR281415-15,01a611ff-a484-4d41-c9d7-cc501e8bb354,1777399239,0.41,15.0,yes,"{""count_fp"":""15.00"",""created_time"":""2026-04-28T18:00:39.140633Z"",""no_price_dollars"":""0.5900"",""taker_side"":""yes"",""ticker"":""KXBTC15M-26APR281415-15"",""trade_id"":""01a611ff-a484-4d41-c9d7-cc501e8bb354"",""yes_price_dollars"":""0.4100""}"
KXBTC15M-26APR281415-15,8aaa3cb6-a1d8-74bd-45ff-3d3881487698,1777399240,0.39,12.29,yes,"{""count_fp"":""12.29"",""created_time"":""2026-04-28T18:00:40.415139Z"",""no_price_dollars"":""0.6100"",""taker_side"":""yes"",""ticker"":""KXBTC15M-26APR281415-15"",""trade_id"":""8aaa3cb6-a1d8-74bd-45ff-3d3881487698"",""yes_price_dollars"":""0.3900""}"
KXBTC15M-26APR281415-15,149efffb-88ef-40e8-5c31-c1127a17c93b,1777399241,0.38,0.78,no,"{""count_fp"":""0.78"",""created_time"":""2026-04-28T18:00:41.961197Z"",""no_price_dollars"":""0.6200"",""taker_side"":""no"",""ticker"":""KXBTC15M-26APR281415-15"",""trade_id"":""149efffb-88ef-40e8-5c31-c1127a17c93b"",""yes_price_dollars"":""0.3800""}"
KXBTC15M-26APR281415-15,a7782208-0fa1-6d2b-2c12-6950ae6f1a05,1777399241,0.37,21.0,no,"{""count_fp"":""21.00"",""created_time"":""2026-04-28T18:00:41.536951Z"",""no_price_dollars"":""0.6300"",""taker_side"":""no"",""ticker"":""KXBTC15M-26APR281415-15"",""trade_id"":""a7782208-0fa1-6d2b-2c12-6950ae6f1a05"",""yes_price_dollars"":""0.3700""}"
KXBTC15M-26APR281415-15,6c47435c-13f7-6b1f-06af-9391cdab0a4b,1777399241,0.38,3.0,no,"{""count_fp"":""3.00"",""created_time"":""2026-04-28T18:00:41.536951Z"",""no_price_dollars"":""0.6200"",""taker_side"":""no"",""ticker"":""KXBTC15M-26APR281415-15"",""trade_id"":""6c47435c-13f7-6b1f-06af-9391cdab0a4b"",""yes_price_dollars"":""0.3800""}"
KXBTC15M-26APR281415-15,e6f1cdcd-8eac-785d-44e3-0af9c2c67854,1777399241,0.39,7.2,yes,"{""count_fp"":""7.20"",""created_time"":""2026-04-28T18:00:41.502427Z"",""no_price_dollars"":""0.6100"",""taker_side"":""yes"",""ticker"":""KXBTC15M-26APR281415-15"",""trade_id"":""e6f1cdcd-8eac-785d-44e3-0af9c2c67854"",""yes_price_dollars"":""0.3900""}"
KXBTC15M-26APR281415-15,cf8b6643-6490-4845-1e90-5ff19295bbac,1777399241,0.38,56.0,no,"{""count_fp"":""56.00"",""created_time"":""2026-04-28T18:00:41.426945Z"",""no_price_dollars"":""0.6200"",""taker_side"":""no"",""ticker"":""KXBTC15M-26APR281415-15"",""trade_id"":""cf8b6643-6490-4845-1e90-5ff19295bbac"",""yes_price_dollars"":""0.3800""}"
KXBTC15M-26APR281415-15,4b9281c9-fa5f-4316-03d7-a4d0e9a418ef,1777399241,0.38,101.11,no,"{""count_fp"":""101.11"",""created_time"":""2026-04-28T18:00:41.426945Z"",""no_price_dollars"":""0.6200"",""taker_side"":""no"",""ticker"":""KXBTC15M-26APR281415-15"",""trade_id"":""4b9281c9-fa5f-4316-03d7-a4d0e9a418ef"",""yes_price_dollars"":""0.3800""}"
KXBTC15M-26APR281415-15,5b14ea13-553c-5dbd-7dcd-6876cc494870,1777399241,0.39,12.29,yes,"{""count_fp"":""12.29"",""created_time"":""2026-04-28T18:00:41.402923Z"",""no_price_dollars"":""0.6100"",""taker_side"":""yes"",""ticker"":""KXBTC15M-26APR281415-15"",""trade_id"":""5b14ea13-553c-5dbd-7dcd-6876cc494870"",""yes_price_dollars"":""0.3900""}"
KXBTC15M-26APR281415-15,06010d7f-aeec-7979-4e78-bc5d7aeb4170,1777399241,0.39,36.88,yes,"{""count_fp"":""36.88"",""created_time"":""2026-04-28T18:00:41.400296Z"",""no_price_dollars"":""0.6100"",""taker_side"":""yes"",""ticker"":""KXBTC15M-26APR281415-15"",""trade_id"":""06010d7f-aeec-7979-4e78-bc5d7aeb4170"",""yes_price_dollars"":""0.3900""}"
KXBTC15M-26APR281415-15,241081b6-a578-5f79-b7f0-98d74d88c920,1777399241,0.39,61.47,yes,"{""count_fp"":""61.47"",""created_time"":""2026-04-28T18:00:41.344885Z"",""no_price_dollars"":""0.6100"",""taker_side"":""yes"",""ticker"":""KXBTC15M-26APR281415-15"",""trade_id"":""241081b6-a578-5f79-b7f0-98d74d88c920"",""yes_price_dollars"":""0.3900""}"
KXBTC15M-26APR281415-15,87a9085a-49f4-7df7-8976-3465f71d01d9,1777399241,0.38,0.93,no,"{""count_fp"":""0.93"",""created_time"":""2026-04-28T18:00:41.123588Z"",""no_price_dollars"":""0.6200"",""taker_side"":""no"",""ticker"":""KXBTC15M-26APR281415-15"",""trade_id"":""87a9085a-49f4-7df7-8976-3465f71d01d9"",""yes_price_dollars"":""0.3800""}"
KXBTC15M-26APR281415-15,12120bad-43f4-6ef1-a0d4-7e3d423d4468,1777399242,0.39,61.47,yes,"{""count_fp"":""61.47"",""created_time"":""2026-04-28T18:00:42.878303Z"",""no_price_dollars"":""0.6100"",""taker_side"":""yes"",""ticker"":""KXBTC15M-26APR281415-15"",""trade_id"":""12120bad-43f4-6ef1-a0d4-7e3d423d4468"",""yes_price_dollars"":""0.3900""}"
KXBTC15M-26APR281415-15,dc984d6c-b37c-4651-29bd-dfdd00c4d68c,1777399242,0.38,8.82,yes,"{""count_fp"":""8.82"",""created_time"":""2026-04-28T18:00:42.644928Z"",""no_price_dollars"":""0.6200"",""taker_side"":""yes"",""ticker"":""KXBTC15M-26APR281415-15"",""trade_id"":""dc984d6c-b37c-4651-29bd-dfdd00c4d68c"",""yes_price_dollars"":""0.3800""}"
KXBTC15M-26APR281415-15,c8aa0303-3ce0-4f50-c828-f38ed3a6b79d,1777399242,0.39,36.88,yes,"{""count_fp"":""36.88"",""created_time"":""2026-04-28T18:00:42.537325Z"",""no_price_dollars"":""0.6100"",""taker_side"":""yes"",""ticker"":""KXBTC15M-26APR281415-15"",""trade_id"":""c8aa0303-3ce0-4f50-c828-f38ed3a6b79d"",""yes_price_dollars"":""0.3900""}"
KXBTC15M-26APR281415-15,2d53ed9e-eaa8-5cd4-6620-a47201b54479,1777399242,0.39,42.01,yes,"{""count_fp"":""42.01"",""created_time"":""2026-04-28T18:00:42.501944Z"",""no_price_dollars"":""0.6100"",""taker_side"":""yes"",""ticker"":""KXBTC15M-26APR281415-15"",""trade_id"":""2d53ed9e-eaa8-5cd4-6620-a47201b54479"",""yes_price_dollars"":""0.3900""}"
KXBTC15M-26APR281415-15,0624a6b6-ecb5-5944-789e-b67c4c5bae49,1777399242,0.39,77.95,yes,"{""count_fp"":""77.95"",""created_time"":""2026-04-28T18:00:42.501944Z"",""no_price_dollars"":""0.6100"",""taker_side"":""yes"",""ticker"":""KXBTC15M-26APR281415-15"",""trade_id"":""0624a6b6-ecb5-5944-789e-b67c4c5bae49"",""yes_price_dollars"":""0.3900""}"
KXBTC15M-26APR281415-15,918d5d90-eac0-4221-2292-9537f51f6e84,1777399243,0.39,24.59,yes,"{""count_fp"":""24.59"",""created_time"":""2026-04-28T18:00:43.669632Z"",""no_price_dollars"":""0.6100"",""taker_side"":""yes"",""ticker"":""KXBTC15M-26APR281415-15"",""trade_id"":""918d5d90-eac0-4221-2292-9537f51f6e84"",""yes_price_dollars"":""0.3900""}"
KXBTC15M-26APR281415-15,f1b64309-8f84-719f-a1f1-15b147a24bb5,1777399243,0.38,7.85,no,"{""count_fp"":""7.85"",""created_time"":""2026-04-28T18:00:43.533171Z"",""no_price_dollars"":""0.6200"",""taker_side"":""no"",""ticker"":""KXBTC15M-26APR281415-15"",""trade_id"":""f1b64309-8f84-719f-a1f1-15b147a24bb5"",""yes_price_dollars"":""0.3800""}"
KXBTC15M-26APR281415-15,f39c16bc-1b08-5eb5-c3d9-6823d707dd84,1777399243,0.39,12.04,yes,"{""count_fp"":""12.04"",""created_time"":""2026-04-28T18:00:43.335564Z"",""no_price_dollars"":""0.6100"",""taker_side"":""yes"",""ticker"":""KXBTC15M-26APR281415-15"",""trade_id"":""f39c16bc-1b08-5eb5-c3d9-6823d707dd84"",""yes_price_dollars"":""0.3900""}"
KXBTC15M-26APR281415-15,d5b89a99-35e4-6f03-f4ad-8ad88bf547c9,1777399243,0.38,20.0,no,"{""count_fp"":""20.00"",""created_time"":""2026-04-28T18:00:43.163237Z"",""no_price_dollars"":""0.6200"",""taker_side"":""no"",""ticker"":""KXBTC15M-26APR281415-15"",""trade_id"":""d5b89a99-35e4-6f03-f4ad-8ad88bf547c9"",""yes_price_dollars"":""0.3800""}"
KXBTC15M-26APR281415-15,130ac1cc-d18f-631a-282a-8fd695ff9be9,1777399244,0.39,61.47,yes,"{""count_fp"":""61.47"",""created_time"":""2026-04-28T18:00:44.742766Z"",""no_price_dollars"":""0.6100"",""taker_side"":""yes"",""ticker"":""KXBTC15M-26APR281415-15"",""trade_id"":""130ac1cc-d18f-631a-282a-8fd695ff9be9"",""yes_price_dollars"":""0.3900""}"
KXBTC15M-26APR281415-15,a6aace56-ba4c-7b39-e9da-4efa9a3efe6d,1777399244,0.4,408.87,yes,"{""count_fp"":""408.87"",""created_time"":""2026-04-28T18:00:44.568759Z"",""no_price_dollars"":""0.6000"",""taker_side"":""yes"",""ticker"":""KXBTC15M-26APR281415-15"",""trade_id"":""a6aace56-ba4c-7b39-e9da-4efa9a3efe6d"",""yes_price_dollars"":""0.4000""}"
KXBTC15M-26APR281415-15,8b68507f-4035-758f-f582-35b300facbb3,1777399244,0.4,1.0,yes,"{""count_fp"":""1.00"",""created_time"":""2026-04-28T18:00:44.568759Z"",""no_price_dollars"":""0.6000"",""taker_side"":""yes"",""ticker"":""KXBTC15M-26APR281415-15"",""trade_id"":""8b68507f-4035-758f-f582-35b300facbb3"",""yes_price_dollars"":""0.4000""}"
KXBTC15M-26APR281415-15,87043cc7-3427-7adf-c3f6-5264f212c25b,1777399244,0.39,30.0,yes,"{""count_fp"":""30.00"",""created_time"":""2026-04-28T18:00:44.568759Z"",""no_price_dollars"":""0.6100"",""taker_side"":""yes"",""ticker"":""KXBTC15M-26APR281415-15"",""trade_id"":""87043cc7-3427-7adf-c3f6-5264f212c25b"",""yes_price_dollars"":""0.3900""}"
KXBTC15M-26APR281415-15,69929504-f942-7911-de0e-29cd5b15848a,1777399244,0.39,3.0,yes,"{""count_fp"":""3.00"",""created_time"":""2026-04-28T18:00:44.568759Z"",""no_price_dollars"":""0.6100"",""taker_side"":""yes"",""ticker"":""KXBTC15M-26APR281415-15"",""trade_id"":""69929504-f942-7911-de0e-29cd5b15848a"",""yes_price_dollars"":""0.3900""}"
KXBTC15M-26APR281415-15,236fdf8a-82ea-7f93-dc30-8cb7994d957a,1777399244,0.39,500.0,yes,"{""count_fp"":""500.00"",""created_time"":""2026-04-28T18:00:44.568759Z"",""no_price_dollars"":""0.6100"",""taker_side"":""yes"",""ticker"":""KXBTC15M-26APR281415-15"",""trade_id"":""236fdf8a-82ea-7f93-dc30-8cb7994d957a"",""yes_price_dollars"":""0.3900""}"
KXBTC15M-26APR281415-15,08a097a9-0769-74a2-f9e5-20e5f9afcf4e,1777399244,0.39,5.0,yes,"{""count_fp"":""5.00"",""created_time"":""2026-04-28T18:00:44.568759Z"",""no_price_dollars"":""0.6100"",""taker_side"":""yes"",""ticker"":""KXBTC15M-26APR281415-15"",""trade_id"":""08a097a9-0769-74a2-f9e5-20e5f9afcf4e"",""yes_price_dollars"":""0.3900""}"
KXBTC15M-26APR281415-15,5c2c2440-70b8-5799-5207-9cfb222a1cf0,1777399244,0.39,243.45,yes,"{""count_fp"":""243.45"",""created_time"":""2026-04-28T18:00:44.376468Z"",""no_price_dollars"":""0.6100"",""taker_side"":""yes"",""ticker"":""KXBTC15M-26APR281415-15"",""trade_id"":""5c2c2440-70b8-5799-5207-9cfb222a1cf0"",""yes_price_dollars"":""0.3900""}"
KXBTC15M-26APR281415-15,05d97f45-2b4c-78e5-ba7f-3695d11a5db0,1777399244,0.39,122.95,yes,"{""count_fp"":""122.95"",""created_time"":""2026-04-28T18:00:44.344288Z"",""no_price_dollars"":""0.6100"",""taker_side"":""yes"",""ticker"":""KXBTC15M-26APR281415-15"",""trade_id"":""05d97f45-2b4c-78e5-ba7f-3695d11a5db0"",""yes_price_dollars"":""0.3900""}"
KXBTC15M-26APR281415-15,a291c48d-dbdb-5b22-3112-47d0770788c1,1777399245,0.38,0.73,yes,"{""count_fp"":""0.73"",""created_time"":""2026-04-28T18:00:45.979697Z"",""no_price_dollars"":""0.6200"",""taker_side"":""yes"",""ticker"":""KXBTC15M-26APR281415-15"",""trade_id"":""a291c48d-dbdb-5b22-3112-47d0770788c1"",""yes_price_dollars"":""0.3800""}"
KXBTC15M-26APR281415-15,72cf1f78-b233-7e52-6794-983b746de08d,1777399245,0.38,245.9,yes,"{""count_fp"":""245.90"",""created_time"":""2026-04-28T18:00:45.338078Z"",""no_price_dollars"":""0.6200"",""taker_side"":""yes"",""ticker"":""KXBTC15M-26APR281415-15"",""trade_id"":""72cf1f78-b233-7e52-6794-983b746de08d"",""yes_price_dollars"":""0.3800""}"
KXBTC15M-26APR281415-15,c30bf155-f5d7-4872-ab5d-03140dfadcdd,1777399246,0.38,2.09,yes,"{""count_fp"":""2.09"",""created_time"":""2026-04-28T18:00:46.605233Z"",""no_price_dollars"":""0.6200"",""taker_side"":""yes"",""ticker"":""KXBTC15M-26APR281415-15"",""trade_id"":""c30bf155-f5d7-4872-ab5d-03140dfadcdd"",""yes_price_dollars"":""0.3800""}"
KXBTC15M-26APR281415-15,6d1e8f14-3a7b-4e03-ad86-171d3eca49f7,1777399246,0.38,2.95,yes,"{""count_fp"":""2.95"",""created_time"":""2026-04-28T18:00:46.605233Z"",""no_price_dollars"":""0.6200"",""taker_side"":""yes"",""ticker"":""KXBTC15M-26APR281415-15"",""trade_id"":""6d1e8f14-3a7b-4e03-ad86-171d3eca49f7"",""yes_price_dollars"":""0.3800""}"
KXBTC15M-26APR281415-15,2cc08c42-5927-712f-816e-5daa67887da7,1777399246,0.38,27.05,yes,"{""count_fp"":""27.05"",""created_time"":""2026-04-28T18:00:46.170431Z"",""no_price_dollars"":""0.6200"",""taker_side"":""yes"",""ticker"":""KXBTC15M-26APR281415-15"",""trade_id"":""2cc08c42-5927-712f-816e-5daa67887da7"",""yes_price_dollars"":""0.3800""}"
KXBTC15M-26APR281415-15,40b7c333-c1b7-674a-0955-a5cf2f3f2f81,1777399247,0.38,7.0,yes,"{""count_fp"":""7.00"",""created_time"":""2026-04-28T18:00:47.957057Z"",""no_price_dollars"":""0.6200"",""taker_side"":""yes"",""ticker"":""KXBTC15M-26APR281415-15"",""trade_id"":""40b7c333-c1b7-674a-0955-a5cf2f3f2f81"",""yes_price_dollars"":""0.3800""}"
KXBTC15M-26APR281415-15,979faded-f383-448e-aadc-340606e0b2e1,1777399247,0.38,11.34,yes,"{""count_fp"":""11.34"",""created_time"":""2026-04-28T18:00:47.800651Z"",""no_price_dollars"":""0.6200"",""taker_side"":""yes"",""ticker"":""KXBTC15M-26APR281415-15"",""trade_id"":""979faded-f383-448e-aadc-340606e0b2e1"",""yes_price_dollars"":""0.3800""}"
KXBTC15M-26APR281415-15,28b72bad-a453-552a-a4e0-3515572d74d1,1777399247,0.38,3.79,yes,"{""count_fp"":""3.79"",""created_time"":""2026-04-28T18:00:47.794366Z"",""no_price_dollars"":""0.6200"",""taker_side"":""yes"",""ticker"":""KXBTC15M-26APR281415-15"",""trade_id"":""28b72bad-a453-552a-a4e0-3515572d74d1"",""yes_price_dollars"":""0.3800""}"
KXBTC15M-26APR281415-15,524043a7-3747-488e-5b3e-61ae45ab3381,1777399247,0.38,61.55,yes,"{""count_fp"":""61.55"",""created_time"":""2026-04-28T18:00:47.711956Z"",""no_price_dollars"":""0.6200"",""taker_side"":""yes"",""ticker"":""KXBTC15M-26APR281415-15"",""trade_id"":""524043a7-3747-488e-5b3e-61ae45ab3381"",""yes_price_dollars"":""0.3800""}"
KXBTC15M-26APR281415-15,85527eaa-4215-5ac6-a71f-8119b5fe36cf,1777399247,0.38,1.0,yes,"{""count_fp"":""1.00"",""created_time"":""2026-04-28T18:00:47.674014Z"",""no_price_dollars"":""0.6200"",""taker_side"":""yes"",""ticker"":""KXBTC15M-26APR281415-15"",""trade_id"":""85527eaa-4215-5ac6-a71f-8119b5fe36cf"",""yes_price_dollars"":""0.3800""}"
KXBTC15M-26APR281415-15,42c1a01b-5a11-5c06-cc1c-519745152ba3,1777399247,0.38,1.0,yes,"{""count_fp"":""1.00"",""created_time"":""2026-04-28T18:00:47.287962Z"",""no_price_dollars"":""0.6200"",""taker_side"":""yes"",""ticker"":""KXBTC15M-26APR281415-15"",""trade_id"":""42c1a01b-5a11-5c06-cc1c-519745152ba3"",""yes_price_dollars"":""0.3800""}"
KXBTC15M-26APR281415-15,84c33ea6-3375-5daf-f11a-8ae2865b243d,1777399248,0.37,3.07,no,"{""count_fp"":""3.07"",""created_time"":""2026-04-28T18:00:48.919119Z"",""no_price_dollars"":""0.6300"",""taker_side"":""no"",""ticker"":""KXBTC15M-26APR281415-15"",""trade_id"":""84c33ea6-3375-5daf-f11a-8ae2865b243d"",""yes_price_dollars"":""0.3700""}"
KXBTC15M-26APR281415-15,e42f2dca-4fff-6296-4673-8d2e9704a891,1777399248,0.38,25.22,yes,"{""count_fp"":""25.22"",""created_time"":""2026-04-28T18:00:48.612211Z"",""no_price_dollars"":""0.6200"",""taker_side"":""yes"",""ticker"":""KXBTC15M-26APR281415-15"",""trade_id"":""e42f2dca-4fff-6296-4673-8d2e9704a891"",""yes_price_dollars"":""0.3800""}"
KXBTC15M-26APR281415-15,d51c4ecc-835f-586e-24df-554bb00b9499,1777399248,0.38,2.52,yes,"{""count_fp"":""2.52"",""created_time"":""2026-04-28T18:00:48.547399Z"",""no_price_dollars"":""0.6200"",""taker_side"":""yes"",""ticker"":""KXBTC15M-26APR281415-15"",""trade_id"":""d51c4ecc-835f-586e-24df-554bb00b9499"",""yes_price_dollars"":""0.3800""}"
KXBTC15M-26APR281415-15,da21bbbe-852d-5193-8cb1-6dfc720cd481,1777399248,0.37,2.01,no,"{""count_fp"":""2.01"",""created_time"":""2026-04-28T18:00:48.408024Z"",""no_price_dollars"":""0.6300"",""taker_side"":""no"",""ticker"":""KXBTC15M-26APR281415-15"",""trade_id"":""da21bbbe-852d-5193-8cb1-6dfc720cd481"",""yes_price_dollars"":""0.3700""}"
KXBTC15M-26APR281415-15,2f0210d5-efcb-7bc6-ebba-ccd9e4ef6891,1777399248,0.38,2.52,yes,"{""count_fp"":""2.52"",""created_time"":""2026-04-28T18:00:48.368119Z"",""no_price_dollars"":""0.6200"",""taker_side"":""yes"",""ticker"":""KXBTC15M-26APR281415-15"",""trade_id"":""2f0210d5-efcb-7bc6-ebba-ccd9e4ef6891"",""yes_price_dollars"":""0.3800""}"
KXBTC15M-26APR281415-15,9e533fc6-e905-73f3-8d66-165fe8e70f8a,1777399249,0.38,30.0,yes,"{""count_fp"":""30.00"",""created_time"":""2026-04-28T18:00:49.956166Z"",""no_price_dollars"":""0.6200"",""taker_side"":""yes"",""ticker"":""KXBTC15M-26APR281415-15"",""trade_id"":""9e533fc6-e905-73f3-8d66-165fe8e70f8a"",""yes_price_dollars"":""0.3800""}"
KXBTC15M-26APR281415-15,56697984-ae7b-717a-b46b-efcbf6183ea5,1777399249,0.38,96.1,yes,"{""count_fp"":""96.10"",""created_time"":""2026-04-28T18:00:49.956166Z"",""no_price_dollars"":""0.6200"",""taker_side"":""yes"",""ticker"":""KXBTC15M-26APR281415-15"",""trade_id"":""56697984-ae7b-717a-b46b-efcbf6183ea5"",""yes_price_dollars"":""0.3800""}"
KXBTC15M-26APR281415-15,546d5dc5-30bf-68f6-2f30-268b698cbf59,1777399249,0.38,200.0,yes,"{""count_fp"":""200.00"",""created_time"":""2026-04-28T18:00:49.783587Z"",""no_price_dollars"":""0.6200"",""taker_side"":""yes"",""ticker"":""KXBTC15M-26APR281415-15"",""trade_id"":""546d5dc5-30bf-68f6-2f30-268b698cbf59"",""yes_price_dollars"":""0.3800""}"
KXBTC15M-26APR281415-15,acafda9f-19b1-4ba3-113e-a4426bdf6be1,1777399249,0.37,18.6,no,"{""count_fp"":""18.60"",""created_time"":""2026-04-28T18:00:49.327234Z"",""no_price_dollars"":""0.6300"",""taker_side"":""no"",""ticker"":""KXBTC15M-26APR281415-15"",""trade_id"":""acafda9f-19b1-4ba3-113e-a4426bdf6be1"",""yes_price_dollars"":""0.3700""}"
KXBTC15M-26APR281415-15,8e0d6723-3173-77be-1f5f-18d878bfee01,1777399249,0.38,37.83,yes,"{""count_fp"":""37.83"",""created_time"":""2026-04-28T18:00:49.036273Z"",""no_price_dollars"":""0.6200"",""taker_side"":""yes"",""ticker"":""KXBTC15M-26APR281415-15"",""trade_id"":""8e0d6723-3173-77be-1f5f-18d878bfee01"",""yes_price_dollars"":""0.3800""}"
KXBTC15M-26APR281415-15,35fccdaf-89a2-479d-1d19-1ec2a8037fc3,1777399250,0.38,7.56,yes,"{""count_fp"":""7.56"",""created_time"":""2026-04-28T18:00:50.367358Z"",""no_price_dollars"":""0.6200"",""taker_side"":""yes"",""ticker"":""KXBTC15M-26APR281415-15"",""trade_id"":""35fccdaf-89a2-479d-1d19-1ec2a8037fc3"",""yes_price_dollars"":""0.3800""}"
KXBTC15M-26APR281415-15,407c0c02-b436-5bf1-761a-e369e0f350df,1777399250,0.38,100.0,yes,"{""count_fp"":""100.00"",""created_time"":""2026-04-28T18:00:50.319543Z"",""no_price_dollars"":""0.6200"",""taker_side"":""yes"",""ticker"":""KXBTC15M-26APR281415-15"",""trade_id"":""407c0c02-b436-5bf1-761a-e369e0f350df"",""yes_price_dollars"":""0.3800""}"
KXBTC15M-26APR281415-15,c8bff29a-7121-7b1b-3f0d-e474a876b9b5,1777399250,0.37,1.0,no,"{""count_fp"":""1.00"",""created_time"":""2026-04-28T18:00:50.238985Z"",""no_price_dollars"":""0.6300"",""taker_side"":""no"",""ticker"":""KXBTC15M-26APR281415-15"",""trade_id"":""c8bff29a-7121-7b1b-3f0d-e474a876b9b5"",""yes_price_dollars"":""0.3700""}"
KXBTC15M-26APR281415-15,82face6d-a140-4320-cd3a-0cf83c9d1441,1777399251,0.38,25.22,yes,"{""count_fp"":""25.22"",""created_time"":""2026-04-28T18:00:51.152538Z"",""no_price_dollars"":""0.6200"",""taker_side"":""yes"",""ticker"":""KXBTC15M-26APR281415-15"",""trade_id"":""82face6d-a140-4320-cd3a-0cf83c9d1441"",""yes_price_dollars"":""0.3800""}"
KXBTC15M-26APR281415-15,22af2ec3-28a6-7305-0299-06abccf43223,1777399252,0.38,25.22,yes,"{""count_fp"":""25.22"",""created_time"":""2026-04-28T18:00:52.651906Z"",""no_price_dollars"":""0.6200"",""taker_side"":""yes"",""ticker"":""KXBTC15M-26APR281415-15"",""trade_id"":""22af2ec3-28a6-7305-0299-06abccf43223"",""yes_price_dollars"":""0.3800""}"
KXBTC15M-26APR281415-15,0183d4fe-344d-70d3-e78d-7f5c08d0d159,1777399252,0.37,15.0,no,"{""count_fp"":""15.00"",""created_time"":""2026-04-28T18:00:52.518284Z"",""no_price_dollars"":""0.6300"",""taker_side"":""no"",""ticker"":""KXBTC15M-26APR281415-15"",""trade_id"":""0183d4fe-344d-70d3-e78d-7f5c08d0d159"",""yes_price_dollars"":""0.3700""}"
KXBTC15M-26APR281415-15,df1a4b95-3992-4509-78a2-9774450362ef,1777399252,0.38,20.44,yes,"{""count_fp"":""20.44"",""created_time"":""2026-04-28T18:00:52.247851Z"",""no_price_dollars"":""0.6200"",""taker_side"":""yes"",""ticker"":""KXBTC15M-26APR281415-15"",""trade_id"":""df1a4b95-3992-4509-78a2-9774450362ef"",""yes_price_dollars"":""0.3800""}"
KXBTC15M-26APR281415-15,a2055a9f-d9e8-474f-5f2f-ee663d423eab,1777399252,0.38,17.39,yes,"{""count_fp"":""17.39"",""created_time"":""2026-04-28T18:00:52.247851Z"",""no_price_dollars"":""0.6200"",""taker_side"":""yes"",""ticker"":""KXBTC15M-26APR281415-15"",""trade_id"":""a2055a9f-d9e8-474f-5f2f-ee663d423eab"",""yes_price_dollars"":""0.3800""}"
KXBTC15M-26APR281415-15,579af7e7-9c98-7b57-a1f0-1e45a62a4617,1777399252,0.38,12.61,yes,"{""count_fp"":""12.61"",""created_time"":""2026-04-28T18:00:52.115889Z"",""no_price_dollars"":""0.6200"",""taker_side"":""yes"",""ticker"":""KXBTC15M-26APR281415-15"",""trade_id"":""579af7e7-9c98-7b57-a1f0-1e45a62a4617"",""yes_price_dollars"":""0.3800""}"
KXBTC15M-26APR281415-15,7343f4ee-e191-6c1b-6d2a-2afe9ac9c921,1777399252,0.37,4.95,no,"{""count_fp"":""4.95"",""created_time"":""2026-04-28T18:00:52.079155Z"",""no_price_dollars"":""0.6300"",""taker_side"":""no"",""ticker"":""KXBTC15M-26APR281415-15"",""trade_id"":""7343f4ee-e191-6c1b-6d2a-2afe9ac9c921"",""yes_price_dollars"":""0.3700""}"
KXBTC15M-26APR281415-15,81bf4d69-2641-479a-9436-030a7833d9f2,1777399253,0.37,187.39,yes,"{""count_fp"":""187.39"",""created_time"":""2026-04-28T18:00:53.577589Z"",""no_price_dollars"":""0.6300"",""taker_side"":""yes"",""ticker"":""KXBTC15M-26APR281415-15"",""trade_id"":""81bf4d69-2641-479a-9436-030a7833d9f2"",""yes_price_dollars"":""0.3700""}"
KXBTC15M-26APR281415-15,41a66eb0-fafe-41f5-a721-8bf08d60670b,1777399253,0.37,493.58,yes,"{""count_fp"":""493.58"",""created_time"":""2026-04-28T18:00:53.577589Z"",""no_price_dollars"":""0.6300"",""taker_side"":""yes"",""ticker"":""KXBTC15M-26APR281415-15"",""trade_id"":""41a66eb0-fafe-41f5-a721-8bf08d60670b"",""yes_price_dollars"":""0.3700""}"
KXBTC15M-26APR281415-15,b4523b82-642d-743e-767a-0b97bff7ed6a,1777399253,0.37,12.61,yes,"{""count_fp"":""12.61"",""created_time"":""2026-04-28T18:00:53.474555Z"",""no_price_dollars"":""0.6300"",""taker_side"":""yes"",""ticker"":""KXBTC15M-26APR281415-15"",""trade_id"":""b4523b82-642d-743e-767a-0b97bff7ed6a"",""yes_price_dollars"":""0.3700""}"
KXBTC15M-26APR281415-15,b612739d-c876-72b9-c912-0775b2333e17,1777399253,0.38,10.08,yes,"{""count_fp"":""10.08"",""created_time"":""2026-04-28T18:00:53.152639Z"",""no_price_dollars"":""0.6200"",""taker_side"":""yes"",""ticker"":""KXBTC15M-26APR281415-15"",""trade_id"":""b612739d-c876-72b9-c912-0775b2333e17"",""yes_price_dollars"":""0.3800""}"
KXBTC15M-26APR281415-15,3e07892e-c265-5907-15bd-4b8ce7793dff,1777399254,0.37,97.48,yes,"{""count_fp"":""97.48"",""created_time"":""2026-04-28T18:00:54.782084Z"",""no_price_dollars"":""0.6300"",""taker_side"":""yes"",""ticker"":""KXBTC15M-26APR281415-15"",""trade_id"":""3e07892e-c265-5907-15bd-4b8ce7793dff"",""yes_price_dollars"":""0.3700""}"
KXBTC15M-26APR281415-15,0fa8162e-5d68-59fa-2cf6-acbb4ef4c370,1777399254,0.37,549.65,yes,"{""count_fp"":""549.65"",""created_time"":""2026-04-28T18:00:54.782084Z"",""no_price_dollars"":""0.6300"",""taker_side"":""yes"",""ticker"":""KXBTC15M-26APR281415-15"",""trade_id"":""0fa8162e-5d68-59fa-2cf6-acbb4ef4c370"",""yes_price_dollars"":""0.3700""}"
KXBTC15M-26APR281415-15,f0635ec6-f335-71fb-1f21-a98211203053,1777399254,0.37,2.52,yes,"{""count_fp"":""2.52"",""created_time"":""2026-04-28T18:00:54.727877Z"",""no_price_dollars"":""0.6300"",""taker_side"":""yes"",""ticker"":""KXBTC15M-26APR281415-15"",""trade_id"":""f0635ec6-f335-71fb-1f21-a98211203053"",""yes_price_dollars"":""0.3700""}"
KXBTC15M-26APR281415-15,4d056ca0-e078-73ad-04d5-6eb116cab73f,1777399254,0.36,11.87,no,"{""count_fp"":""11.87"",""created_time"":""2026-04-28T18:00:54.260114Z"",""no_price_dollars"":""0.6400"",""taker_side"":""no"",""ticker"":""KXBTC15M-26APR281415-15"",""trade_id"":""4d056ca0-e078-73ad-04d5-6eb116cab73f"",""yes_price_dollars"":""0.3600""}"
