ticker,trade_id,ts,yes_price,count,taker_side,raw_json
KXBTC15M-26APR281445-45,498f4e62-2ce0-58f8-e3e8-968fd5c0d143,1777401000,0.5,1.0,no,"{""count_fp"":""1.00"",""created_time"":""2026-04-28T18:30:00.635121Z"",""no_price_dollars"":""0.5000"",""taker_side"":""no"",""ticker"":""KXBTC15M-26APR281445-45"",""trade_id"":""498f4e62-2ce0-58f8-e3e8-968fd5c0d143"",""yes_price_dollars"":""0.5000""}"
KXBTC15M-26APR281445-45,1aa05495-6bbe-5273-d4c2-c44650e0ccbf,1777401000,0.5,1.0,no,"{""count_fp"":""1.00"",""created_time"":""2026-04-28T18:30:00.635121Z"",""no_price_dollars"":""0.5000"",""taker_side"":""no"",""ticker"":""KXBTC15M-26APR281445-45"",""trade_id"":""1aa05495-6bbe-5273-d4c2-c44650e0ccbf"",""yes_price_dollars"":""0.5000""}"
KXBTC15M-26APR281445-45,e0d745ef-57c4-4b48-903f-9774a4fa960d,1777401001,0.53,20.0,no,"{""count_fp"":""20.00"",""created_time"":""2026-04-28T18:30:01.601055Z"",""no_price_dollars"":""0.4700"",""taker_side"":""no"",""ticker"":""KXBTC15M-26APR281445-45"",""trade_id"":""e0d745ef-57c4-4b48-903f-9774a4fa960d"",""yes_price_dollars"":""0.5300""}"
KXBTC15M-26APR281445-45,4b95c92e-53ef-4f47-9107-d06116115f1c,1777401001,0.53,56.0,no,"{""count_fp"":""56.00"",""created_time"":""2026-04-28T18:30:01.601055Z"",""no_price_dollars"":""0.4700"",""taker_side"":""no"",""ticker"":""KXBTC15M-26APR281445-45"",""trade_id"":""4b95c92e-53ef-4f47-9107-d06116115f1c"",""yes_price_dollars"":""0.5300""}"
KXBTC15M-26APR281445-45,288ff798-50df-434b-b337-93824bc58e98,1777401001,0.52,44.0,no,"{""count_fp"":""44.00"",""created_time"":""2026-04-28T18:30:01.601055Z"",""no_price_dollars"":""0.4800"",""taker_side"":""no"",""ticker"":""KXBTC15M-26APR281445-45"",""trade_id"":""288ff798-50df-434b-b337-93824bc58e98"",""yes_price_dollars"":""0.5200""}"
KXBTC15M-26APR281445-45,9ccccfcd-7e4d-7840-e4fd-1b6b260ad541,1777401002,0.52,20.0,yes,"{""count_fp"":""20.00"",""created_time"":""2026-04-28T18:30:02.421137Z"",""no_price_dollars"":""0.4800"",""taker_side"":""yes"",""ticker"":""KXBTC15M-26APR281445-45"",""trade_id"":""9ccccfcd-7e4d-7840-e4fd-1b6b260ad541"",""yes_price_dollars"":""0.5200""}"
KXBTC15M-26APR281445-45,f1f5adb2-aee4-4291-ebcc-98de63da5d80,1777401005,0.52,9.85,no,"{""count_fp"":""9.85"",""created_time"":""2026-04-28T18:30:05.391573Z"",""no_price_dollars"":""0.4800"",""taker_side"":""no"",""ticker"":""KXBTC15M-26APR281445-45"",""trade_id"":""f1f5adb2-aee4-4291-ebcc-98de63da5d80"",""yes_price_dollars"":""0.5200""}"
KXBTC15M-26APR281445-45,2a69f192-d60c-4711-5d08-30ccf00198c0,1777401005,0.52,0.97,no,"{""count_fp"":""0.97"",""created_time"":""2026-04-28T18:30:05.027558Z"",""no_price_dollars"":""0.4800"",""taker_side"":""no"",""ticker"":""KXBTC15M-26APR281445-45"",""trade_id"":""2a69f192-d60c-4711-5d08-30ccf00198c0"",""yes_price_dollars"":""0.5200""}"
KXBTC15M-26APR281445-45,fc4a8f2e-35c1-4be2-796c-0cbaa84d54ac,1777401006,0.53,6.0,no,"{""count_fp"":""6.00"",""created_time"":""2026-04-28T18:30:06.487306Z"",""no_price_dollars"":""0.4700"",""taker_side"":""no"",""ticker"":""KXBTC15M-26APR281445-45"",""trade_id"":""fc4a8f2e-35c1-4be2-796c-0cbaa84d54ac"",""yes_price_dollars"":""0.5300""}"
KXBTC15M-26APR281445-45,b55d903b-a510-4cf9-6acc-a3bd2dee55fa,1777401006,0.52,5.0,no,"{""count_fp"":""5.00"",""created_time"":""2026-04-28T18:30:06.487306Z"",""no_price_dollars"":""0.4800"",""taker_side"":""no"",""ticker"":""KXBTC15M-26APR281445-45"",""trade_id"":""b55d903b-a510-4cf9-6acc-a3bd2dee55fa"",""yes_price_dollars"":""0.5200""}"
KXBTC15M-26APR281445-45,3afa086a-b26c-432c-5c14-d4c030ba4a94,1777401006,0.51,3.07,no,"{""count_fp"":""3.07"",""created_time"":""2026-04-28T18:30:06.487306Z"",""no_price_dollars"":""0.4900"",""taker_side"":""no"",""ticker"":""KXBTC15M-26APR281445-45"",""trade_id"":""3afa086a-b26c-432c-5c14-d4c030ba4a94"",""yes_price_dollars"":""0.5100""}"
KXBTC15M-26APR281445-45,c91195b4-96a7-727e-76e6-5e82defe15ee,1777401006,0.55,1.0,yes,"{""count_fp"":""1.00"",""created_time"":""2026-04-28T18:30:06.226693Z"",""no_price_dollars"":""0.4500"",""taker_side"":""yes"",""ticker"":""KXBTC15M-26APR281445-45"",""trade_id"":""c91195b4-96a7-727e-76e6-5e82defe15ee"",""yes_price_dollars"":""0.5500""}"
KXBTC15M-26APR281445-45,c10a2325-c0c3-750d-4e3b-227f54c4b948,1777401006,0.54,120.0,yes,"{""count_fp"":""120.00"",""created_time"":""2026-04-28T18:30:06.226693Z"",""no_price_dollars"":""0.4600"",""taker_side"":""yes"",""ticker"":""KXBTC15M-26APR281445-45"",""trade_id"":""c10a2325-c0c3-750d-4e3b-227f54c4b948"",""yes_price_dollars"":""0.5400""}"
KXBTC15M-26APR281445-45,95c449e9-5109-7ddb-5ca3-20c2b9e33034,1777401006,0.54,10.0,yes,"{""count_fp"":""10.00"",""created_time"":""2026-04-28T18:30:06.226693Z"",""no_price_dollars"":""0.4600"",""taker_side"":""yes"",""ticker"":""KXBTC15M-26APR281445-45"",""trade_id"":""95c449e9-5109-7ddb-5ca3-20c2b9e33034"",""yes_price_dollars"":""0.5400""}"
KXBTC15M-26APR281445-45,81b97f3d-a97e-7052-403e-1f9ff041019c,1777401006,0.54,8.0,yes,"{""count_fp"":""8.00"",""created_time"":""2026-04-28T18:30:06.226693Z"",""no_price_dollars"":""0.4600"",""taker_side"":""yes"",""ticker"":""KXBTC15M-26APR281445-45"",""trade_id"":""81b97f3d-a97e-7052-403e-1f9ff041019c"",""yes_price_dollars"":""0.5400""}"
KXBTC15M-26APR281445-45,6d1f5191-29ce-761a-61a5-bb1df867f0ac,1777401006,0.55,1.07,yes,"{""count_fp"":""1.07"",""created_time"":""2026-04-28T18:30:06.226693Z"",""no_price_dollars"":""0.4500"",""taker_side"":""yes"",""ticker"":""KXBTC15M-26APR281445-45"",""trade_id"":""6d1f5191-29ce-761a-61a5-bb1df867f0ac"",""yes_price_dollars"":""0.5500""}"
KXBTC15M-26APR281445-45,627b6274-9c9e-715a-4ac9-4133f6a3f06d,1777401006,0.55,1.0,yes,"{""count_fp"":""1.00"",""created_time"":""2026-04-28T18:30:06.226693Z"",""no_price_dollars"":""0.4500"",""taker_side"":""yes"",""ticker"":""KXBTC15M-26APR281445-45"",""trade_id"":""627b6274-9c9e-715a-4ac9-4133f6a3f06d"",""yes_price_dollars"":""0.5500""}"
KXBTC15M-26APR281445-45,409fedb0-c745-7d0f-5b25-cc23f4c017f9,1777401006,0.54,12.71,yes,"{""count_fp"":""12.71"",""created_time"":""2026-04-28T18:30:06.226693Z"",""no_price_dollars"":""0.4600"",""taker_side"":""yes"",""ticker"":""KXBTC15M-26APR281445-45"",""trade_id"":""409fedb0-c745-7d0f-5b25-cc23f4c017f9"",""yes_price_dollars"":""0.5400""}"
KXBTC15M-26APR281445-45,25c5517d-3db2-720a-7f96-935477757d9d,1777401006,0.54,18.0,yes,"{""count_fp"":""18.00"",""created_time"":""2026-04-28T18:30:06.226693Z"",""no_price_dollars"":""0.4600"",""taker_side"":""yes"",""ticker"":""KXBTC15M-26APR281445-45"",""trade_id"":""25c5517d-3db2-720a-7f96-935477757d9d"",""yes_price_dollars"":""0.5400""}"
KXBTC15M-26APR281445-45,bbd7db62-0bb9-4ed2-d4f2-a0298a961268,1777401006,0.52,5.91,no,"{""count_fp"":""5.91"",""created_time"":""2026-04-28T18:30:06.197431Z"",""no_price_dollars"":""0.4800"",""taker_side"":""no"",""ticker"":""KXBTC15M-26APR281445-45"",""trade_id"":""bbd7db62-0bb9-4ed2-d4f2-a0298a961268"",""yes_price_dollars"":""0.5200""}"
KXBTC15M-26APR281445-45,c16b1b11-4eb9-6727-e071-f48034228249,1777401006,0.54,1.29,yes,"{""count_fp"":""1.29"",""created_time"":""2026-04-28T18:30:06.041373Z"",""no_price_dollars"":""0.4600"",""taker_side"":""yes"",""ticker"":""KXBTC15M-26APR281445-45"",""trade_id"":""c16b1b11-4eb9-6727-e071-f48034228249"",""yes_price_dollars"":""0.5400""}"
KXBTC15M-26APR281445-45,82cde4d4-74d0-6098-ff40-c983adb49070,1777401006,0.54,14.0,yes,"{""count_fp"":""14.00"",""created_time"":""2026-04-28T18:30:06.041373Z"",""no_price_dollars"":""0.4600"",""taker_side"":""yes"",""ticker"":""KXBTC15M-26APR281445-45"",""trade_id"":""82cde4d4-74d0-6098-ff40-c983adb49070"",""yes_price_dollars"":""0.5400""}"
KXBTC15M-26APR281445-45,2d476778-adee-65e7-faa6-649a4f658b3c,1777401006,0.54,3.09,yes,"{""count_fp"":""3.09"",""created_time"":""2026-04-28T18:30:06.041373Z"",""no_price_dollars"":""0.4600"",""taker_side"":""yes"",""ticker"":""KXBTC15M-26APR281445-45"",""trade_id"":""2d476778-adee-65e7-faa6-649a4f658b3c"",""yes_price_dollars"":""0.5400""}"
KXBTC15M-26APR281445-45,39841602-fcaf-7b75-759f-cea049352236,1777401007,0.54,2.0,yes,"{""count_fp"":""2.00"",""created_time"":""2026-04-28T18:30:07.936062Z"",""no_price_dollars"":""0.4600"",""taker_side"":""yes"",""ticker"":""KXBTC15M-26APR281445-45"",""trade_id"":""39841602-fcaf-7b75-759f-cea049352236"",""yes_price_dollars"":""0.5400""}"
KXBTC15M-26APR281445-45,69237262-341e-5685-8072-6230edcf3ab3,1777401007,0.51,51.07,no,"{""count_fp"":""51.07"",""created_time"":""2026-04-28T18:30:07.682752Z"",""no_price_dollars"":""0.4900"",""taker_side"":""no"",""ticker"":""KXBTC15M-26APR281445-45"",""trade_id"":""69237262-341e-5685-8072-6230edcf3ab3"",""yes_price_dollars"":""0.5100""}"
KXBTC15M-26APR281445-45,4a2dcf2e-f800-55ec-8436-07b4dce2e8fc,1777401007,0.51,48.93,no,"{""count_fp"":""48.93"",""created_time"":""2026-04-28T18:30:07.682752Z"",""no_price_dollars"":""0.4900"",""taker_side"":""no"",""ticker"":""KXBTC15M-26APR281445-45"",""trade_id"":""4a2dcf2e-f800-55ec-8436-07b4dce2e8fc"",""yes_price_dollars"":""0.5100""}"
KXBTC15M-26APR281445-45,c41983c6-6d6a-4509-b882-12d2f932f059,1777401008,0.52,10.04,no,"{""count_fp"":""10.04"",""created_time"":""2026-04-28T18:30:08.394059Z"",""no_price_dollars"":""0.4800"",""taker_side"":""no"",""ticker"":""KXBTC15M-26APR281445-45"",""trade_id"":""c41983c6-6d6a-4509-b882-12d2f932f059"",""yes_price_dollars"":""0.5200""}"
KXBTC15M-26APR281445-45,c46696bd-fb6f-4f01-d075-7a88cdcb543e,1777401008,0.54,1.79,yes,"{""count_fp"":""1.79"",""created_time"":""2026-04-28T18:30:08.110977Z"",""no_price_dollars"":""0.4600"",""taker_side"":""yes"",""ticker"":""KXBTC15M-26APR281445-45"",""trade_id"":""c46696bd-fb6f-4f01-d075-7a88cdcb543e"",""yes_price_dollars"":""0.5400""}"
KXBTC15M-26APR281445-45,9316b914-0f6a-4019-781f-e1a04c4f9921,1777401008,0.52,2.0,no,"{""count_fp"":""2.00"",""created_time"":""2026-04-28T18:30:08.033342Z"",""no_price_dollars"":""0.4800"",""taker_side"":""no"",""ticker"":""KXBTC15M-26APR281445-45"",""trade_id"":""9316b914-0f6a-4019-781f-e1a04c4f9921"",""yes_price_dollars"":""0.5200""}"
KXBTC15M-26APR281445-45,969b7c2b-44e6-58d8-a4ed-c972c2d365d8,1777401009,0.51,3.94,no,"{""count_fp"":""3.94"",""created_time"":""2026-04-28T18:30:09.864105Z"",""no_price_dollars"":""0.4900"",""taker_side"":""no"",""ticker"":""KXBTC15M-26APR281445-45"",""trade_id"":""969b7c2b-44e6-58d8-a4ed-c972c2d365d8"",""yes_price_dollars"":""0.5100""}"
KXBTC15M-26APR281445-45,dcc5967a-0d4a-74b9-5efe-a96f7fa9c245,1777401009,0.52,1.96,no,"{""count_fp"":""1.96"",""created_time"":""2026-04-28T18:30:09.660569Z"",""no_price_dollars"":""0.4800"",""taker_side"":""no"",""ticker"":""KXBTC15M-26APR281445-45"",""trade_id"":""dcc5967a-0d4a-74b9-5efe-a96f7fa9c245"",""yes_price_dollars"":""0.5200""}"
KXBTC15M-26APR281445-45,b7e0d22a-3ed5-7b7d-5795-9b7068c3a969,1777401009,0.52,1.0,no,"{""count_fp"":""1.00"",""created_time"":""2026-04-28T18:30:09.660569Z"",""no_price_dollars"":""0.4800"",""taker_side"":""no"",""ticker"":""KXBTC15M-26APR281445-45"",""trade_id"":""b7e0d22a-3ed5-7b7d-5795-9b7068c3a969"",""yes_price_dollars"":""0.5200""}"
KXBTC15M-26APR281445-45,afe5a6b6-59b8-7870-648f-ab4cec52e131,1777401009,0.52,15.92,no,"{""count_fp"":""15.92"",""created_time"":""2026-04-28T18:30:09.660569Z"",""no_price_dollars"":""0.4800"",""taker_side"":""no"",""ticker"":""KXBTC15M-26APR281445-45"",""trade_id"":""afe5a6b6-59b8-7870-648f-ab4cec52e131"",""yes_price_dollars"":""0.5200""}"
KXBTC15M-26APR281445-45,aeb14289-419a-7630-5469-643b63178280,1777401009,0.51,3.8,no,"{""count_fp"":""3.80"",""created_time"":""2026-04-28T18:30:09.660569Z"",""no_price_dollars"":""0.4900"",""taker_side"":""no"",""ticker"":""KXBTC15M-26APR281445-45"",""trade_id"":""aeb14289-419a-7630-5469-643b63178280"",""yes_price_dollars"":""0.5100""}"
KXBTC15M-26APR281445-45,93fb16c1-8920-7099-4805-22cbf26c5914,1777401009,0.51,54.18,no,"{""count_fp"":""54.18"",""created_time"":""2026-04-28T18:30:09.660569Z"",""no_price_dollars"":""0.4900"",""taker_side"":""no"",""ticker"":""KXBTC15M-26APR281445-45"",""trade_id"":""93fb16c1-8920-7099-4805-22cbf26c5914"",""yes_price_dollars"":""0.5100""}"
KXBTC15M-26APR281445-45,62c4bb60-f264-7bc9-6ad6-30474d5ff750,1777401009,0.51,5.0,no,"{""count_fp"":""5.00"",""created_time"":""2026-04-28T18:30:09.660569Z"",""no_price_dollars"":""0.4900"",""taker_side"":""no"",""ticker"":""KXBTC15M-26APR281445-45"",""trade_id"":""62c4bb60-f264-7bc9-6ad6-30474d5ff750"",""yes_price_dollars"":""0.5100""}"
KXBTC15M-26APR281445-45,1535a970-4b02-7b25-7b50-165aac6a608c,1777401009,0.52,5.0,no,"{""count_fp"":""5.00"",""created_time"":""2026-04-28T18:30:09.660569Z"",""no_price_dollars"":""0.4800"",""taker_side"":""no"",""ticker"":""KXBTC15M-26APR281445-45"",""trade_id"":""1535a970-4b02-7b25-7b50-165aac6a608c"",""yes_price_dollars"":""0.5200""}"
KXBTC15M-26APR281445-45,6a386e9c-34ef-6ab9-eb74-18f3fca7c662,1777401009,0.54,6.81,yes,"{""count_fp"":""6.81"",""created_time"":""2026-04-28T18:30:09.348196Z"",""no_price_dollars"":""0.4600"",""taker_side"":""yes"",""ticker"":""KXBTC15M-26APR281445-45"",""trade_id"":""6a386e9c-34ef-6ab9-eb74-18f3fca7c662"",""yes_price_dollars"":""0.5400""}"
KXBTC15M-26APR281445-45,b981980f-e6af-60d5-1036-ca83afe6c9ee,1777401009,0.54,7.0,yes,"{""count_fp"":""7.00"",""created_time"":""2026-04-28T18:30:09.141543Z"",""no_price_dollars"":""0.4600"",""taker_side"":""yes"",""ticker"":""KXBTC15M-26APR281445-45"",""trade_id"":""b981980f-e6af-60d5-1036-ca83afe6c9ee"",""yes_price_dollars"":""0.5400""}"
KXBTC15M-26APR281445-45,fe614b32-6e63-48ee-b374-abe3163e66f9,1777401010,0.53,2.0,no,"{""count_fp"":""2.00"",""created_time"":""2026-04-28T18:30:10.411365Z"",""no_price_dollars"":""0.4700"",""taker_side"":""no"",""ticker"":""KXBTC15M-26APR281445-45"",""trade_id"":""fe614b32-6e63-48ee-b374-abe3163e66f9"",""yes_price_dollars"":""0.5300""}"
KXBTC15M-26APR281445-45,4af4c3c3-e6ff-59de-fd59-94bb5d31381b,1777401010,0.52,5.0,yes,"{""count_fp"":""5.00"",""created_time"":""2026-04-28T18:30:10.214367Z"",""no_price_dollars"":""0.4800"",""taker_side"":""yes"",""ticker"":""KXBTC15M-26APR281445-45"",""trade_id"":""4af4c3c3-e6ff-59de-fd59-94bb5d31381b"",""yes_price_dollars"":""0.5200""}"
KXBTC15M-26APR281445-45,24a602c0-5da6-5344-f601-0a91039cd90d,1777401010,0.52,5.0,yes,"{""count_fp"":""5.00"",""created_time"":""2026-04-28T18:30:10.214367Z"",""no_price_dollars"":""0.4800"",""taker_side"":""yes"",""ticker"":""KXBTC15M-26APR281445-45"",""trade_id"":""24a602c0-5da6-5344-f601-0a91039cd90d"",""yes_price_dollars"":""0.5200""}"
KXBTC15M-26APR281445-45,9f7ca034-f67a-57bd-5bda-0bb3acdefd08,1777401011,0.53,11.0,yes,"{""count_fp"":""11.00"",""created_time"":""2026-04-28T18:30:11.740195Z"",""no_price_dollars"":""0.4700"",""taker_side"":""yes"",""ticker"":""KXBTC15M-26APR281445-45"",""trade_id"":""9f7ca034-f67a-57bd-5bda-0bb3acdefd08"",""yes_price_dollars"":""0.5300""}"
KXBTC15M-26APR281445-45,2fbd99a2-6048-6275-78e2-511bfd83323d,1777401011,0.53,3.0,no,"{""count_fp"":""3.00"",""created_time"":""2026-04-28T18:30:11.624446Z"",""no_price_dollars"":""0.4700"",""taker_side"":""no"",""ticker"":""KXBTC15M-26APR281445-45"",""trade_id"":""2fbd99a2-6048-6275-78e2-511bfd83323d"",""yes_price_dollars"":""0.5300""}"
KXBTC15M-26APR281445-45,c1c7a769-3a33-7452-03cc-dd6d0cf4c9b2,1777401011,0.55,20.0,yes,"{""count_fp"":""20.00"",""created_time"":""2026-04-28T18:30:11.446184Z"",""no_price_dollars"":""0.4500"",""taker_side"":""yes"",""ticker"":""KXBTC15M-26APR281445-45"",""trade_id"":""c1c7a769-3a33-7452-03cc-dd6d0cf4c9b2"",""yes_price_dollars"":""0.5500""}"
KXBTC15M-26APR281445-45,96a7a15f-6273-7c29-07d4-dec6d7aaf158,1777401011,0.55,3.94,yes,"{""count_fp"":""3.94"",""created_time"":""2026-04-28T18:30:11.446184Z"",""no_price_dollars"":""0.4500"",""taker_side"":""yes"",""ticker"":""KXBTC15M-26APR281445-45"",""trade_id"":""96a7a15f-6273-7c29-07d4-dec6d7aaf158"",""yes_price_dollars"":""0.5500""}"
KXBTC15M-26APR281445-45,1902fe57-52ba-7f72-2da2-81832f58aa8c,1777401011,0.55,28.93,yes,"{""count_fp"":""28.93"",""created_time"":""2026-04-28T18:30:11.446184Z"",""no_price_dollars"":""0.4500"",""taker_side"":""yes"",""ticker"":""KXBTC15M-26APR281445-45"",""trade_id"":""1902fe57-52ba-7f72-2da2-81832f58aa8c"",""yes_price_dollars"":""0.5500""}"
KXBTC15M-26APR281445-45,fd3f19ac-11a8-6629-e787-f56e922bcb4b,1777401011,0.53,0.01,no,"{""count_fp"":""0.01"",""created_time"":""2026-04-28T18:30:11.251529Z"",""no_price_dollars"":""0.4700"",""taker_side"":""no"",""ticker"":""KXBTC15M-26APR281445-45"",""trade_id"":""fd3f19ac-11a8-6629-e787-f56e922bcb4b"",""yes_price_dollars"":""0.5300""}"
KXBTC15M-26APR281445-45,eedd95aa-ad0d-652e-f3ac-7cb6a93b2c8d,1777401011,0.53,3.0,no,"{""count_fp"":""3.00"",""created_time"":""2026-04-28T18:30:11.251529Z"",""no_price_dollars"":""0.4700"",""taker_side"":""no"",""ticker"":""KXBTC15M-26APR281445-45"",""trade_id"":""eedd95aa-ad0d-652e-f3ac-7cb6a93b2c8d"",""yes_price_dollars"":""0.5300""}"
KXBTC15M-26APR281445-45,b91813f3-8d9f-646c-c23e-df9514eec697,1777401011,0.54,4.0,no,"{""count_fp"":""4.00"",""created_time"":""2026-04-28T18:30:11.251529Z"",""no_price_dollars"":""0.4600"",""taker_side"":""no"",""ticker"":""KXBTC15M-26APR281445-45"",""trade_id"":""b91813f3-8d9f-646c-c23e-df9514eec697"",""yes_price_dollars"":""0.5400""}"
KXBTC15M-26APR281445-45,ac7a3fd7-002f-6fa4-eb6d-966fdd300c70,1777401011,0.54,9.0,no,"{""count_fp"":""9.00"",""created_time"":""2026-04-28T18:30:11.251529Z"",""no_price_dollars"":""0.4600"",""taker_side"":""no"",""ticker"":""KXBTC15M-26APR281445-45"",""trade_id"":""ac7a3fd7-002f-6fa4-eb6d-966fdd300c70"",""yes_price_dollars"":""0.5400""}"
KXBTC15M-26APR281445-45,9cf64f22-abd7-6859-fb5e-6ed43886b287,1777401011,0.52,1.0,no,"{""count_fp"":""1.00"",""created_time"":""2026-04-28T18:30:11.251529Z"",""no_price_dollars"":""0.4800"",""taker_side"":""no"",""ticker"":""KXBTC15M-26APR281445-45"",""trade_id"":""9cf64f22-abd7-6859-fb5e-6ed43886b287"",""yes_price_dollars"":""0.5200""}"
KXBTC15M-26APR281445-45,8585da25-3ec8-64f1-f520-90f331392978,1777401011,0.53,20.0,no,"{""count_fp"":""20.00"",""created_time"":""2026-04-28T18:30:11.251529Z"",""no_price_dollars"":""0.4700"",""taker_side"":""no"",""ticker"":""KXBTC15M-26APR281445-45"",""trade_id"":""8585da25-3ec8-64f1-f520-90f331392978"",""yes_price_dollars"":""0.5300""}"
KXBTC15M-26APR281445-45,3121f926-054f-6e0d-cedb-ebef3cdd1415,1777401011,0.52,57.99,no,"{""count_fp"":""57.99"",""created_time"":""2026-04-28T18:30:11.251529Z"",""no_price_dollars"":""0.4800"",""taker_side"":""no"",""ticker"":""KXBTC15M-26APR281445-45"",""trade_id"":""3121f926-054f-6e0d-cedb-ebef3cdd1415"",""yes_price_dollars"":""0.5200""}"
KXBTC15M-26APR281445-45,004d13d0-d4c4-6023-d174-d3318a6199af,1777401011,0.52,5.0,no,"{""count_fp"":""5.00"",""created_time"":""2026-04-28T18:30:11.251529Z"",""no_price_dollars"":""0.4800"",""taker_side"":""no"",""ticker"":""KXBTC15M-26APR281445-45"",""trade_id"":""004d13d0-d4c4-6023-d174-d3318a6199af"",""yes_price_dollars"":""0.5200""}"
KXBTC15M-26APR281445-45,0456a5c5-1f38-4c3a-b4d8-5d66aa1ddec9,1777401012,0.53,3.0,no,"{""count_fp"":""3.00"",""created_time"":""2026-04-28T18:30:12.623226Z"",""no_price_dollars"":""0.4700"",""taker_side"":""no"",""ticker"":""KXBTC15M-26APR281445-45"",""trade_id"":""0456a5c5-1f38-4c3a-b4d8-5d66aa1ddec9"",""yes_price_dollars"":""0.5300""}"
KXBTC15M-26APR281445-45,d360c237-5466-5c65-9a48-fe31c72d4341,1777401012,0.55,4.75,yes,"{""count_fp"":""4.75"",""created_time"":""2026-04-28T18:30:12.549202Z"",""no_price_dollars"":""0.4500"",""taker_side"":""yes"",""ticker"":""KXBTC15M-26APR281445-45"",""trade_id"":""d360c237-5466-5c65-9a48-fe31c72d4341"",""yes_price_dollars"":""0.5500""}"
KXBTC15M-26APR281445-45,36ac8201-8a80-71be-388f-fc31e1464e31,1777401012,0.53,0.2,no,"{""count_fp"":""0.20"",""created_time"":""2026-04-28T18:30:12.461137Z"",""no_price_dollars"":""0.4700"",""taker_side"":""no"",""ticker"":""KXBTC15M-26APR281445-45"",""trade_id"":""36ac8201-8a80-71be-388f-fc31e1464e31"",""yes_price_dollars"":""0.5300""}"
KXBTC15M-26APR281445-45,e1602190-27fb-52dd-5bbd-bebfdb9fe675,1777401012,0.52,4.02,no,"{""count_fp"":""4.02"",""created_time"":""2026-04-28T18:30:12.205385Z"",""no_price_dollars"":""0.4800"",""taker_side"":""no"",""ticker"":""KXBTC15M-26APR281445-45"",""trade_id"":""e1602190-27fb-52dd-5bbd-bebfdb9fe675"",""yes_price_dollars"":""0.5200""}"
KXBTC15M-26APR281445-45,1b1bd66a-9693-50ad-f23d-ab5cd7fdf6ec,1777401013,0.55,1.0,no,"{""count_fp"":""1.00"",""created_time"":""2026-04-28T18:30:13.428033Z"",""no_price_dollars"":""0.4500"",""taker_side"":""no"",""ticker"":""KXBTC15M-26APR281445-45"",""trade_id"":""1b1bd66a-9693-50ad-f23d-ab5cd7fdf6ec"",""yes_price_dollars"":""0.5500""}"
KXBTC15M-26APR281445-45,ffb6ee6a-eee5-52db-2f8c-088d17df5608,1777401013,0.56,1.0,yes,"{""count_fp"":""1.00"",""created_time"":""2026-04-28T18:30:13.188245Z"",""no_price_dollars"":""0.4400"",""taker_side"":""yes"",""ticker"":""KXBTC15M-26APR281445-45"",""trade_id"":""ffb6ee6a-eee5-52db-2f8c-088d17df5608"",""yes_price_dollars"":""0.5600""}"
KXBTC15M-26APR281445-45,fd52bb41-cdae-5929-17ca-fff2b3b30676,1777401013,0.56,20.0,yes,"{""count_fp"":""20.00"",""created_time"":""2026-04-28T18:30:13.188245Z"",""no_price_dollars"":""0.4400"",""taker_side"":""yes"",""ticker"":""KXBTC15M-26APR281445-45"",""trade_id"":""fd52bb41-cdae-5929-17ca-fff2b3b30676"",""yes_price_dollars"":""0.5600""}"
KXBTC15M-26APR281445-45,cc008dbb-e55e-5d54-1038-aefc288cf75c,1777401013,0.56,30.0,yes,"{""count_fp"":""30.00"",""created_time"":""2026-04-28T18:30:13.188245Z"",""no_price_dollars"":""0.4400"",""taker_side"":""yes"",""ticker"":""KXBTC15M-26APR281445-45"",""trade_id"":""cc008dbb-e55e-5d54-1038-aefc288cf75c"",""yes_price_dollars"":""0.5600""}"
KXBTC15M-26APR281445-45,b0bb3961-d9fd-5f6a-01ed-fc20d6cd24f1,1777401013,0.56,3.0,yes,"{""count_fp"":""3.00"",""created_time"":""2026-04-28T18:30:13.188245Z"",""no_price_dollars"":""0.4400"",""taker_side"":""yes"",""ticker"":""KXBTC15M-26APR281445-45"",""trade_id"":""b0bb3961-d9fd-5f6a-01ed-fc20d6cd24f1"",""yes_price_dollars"":""0.5600""}"
KXBTC15M-26APR281445-45,b07130c7-b45a-519d-310a-b8fd6e27b793,1777401013,0.57,20.0,yes,"{""count_fp"":""20.00"",""created_time"":""2026-04-28T18:30:13.188245Z"",""no_price_dollars"":""0.4300"",""taker_side"":""yes"",""ticker"":""KXBTC15M-26APR281445-45"",""trade_id"":""b07130c7-b45a-519d-310a-b8fd6e27b793"",""yes_price_dollars"":""0.5700""}"
KXBTC15M-26APR281445-45,93b119a9-b7b9-5c5f-38c5-1ac86bead4ad,1777401013,0.57,1.0,yes,"{""count_fp"":""1.00"",""created_time"":""2026-04-28T18:30:13.188245Z"",""no_price_dollars"":""0.4300"",""taker_side"":""yes"",""ticker"":""KXBTC15M-26APR281445-45"",""trade_id"":""93b119a9-b7b9-5c5f-38c5-1ac86bead4ad"",""yes_price_dollars"":""0.5700""}"
KXBTC15M-26APR281445-45,8c2a2713-3228-5b2a-308e-066bc293252d,1777401013,0.56,10.0,yes,"{""count_fp"":""10.00"",""created_time"":""2026-04-28T18:30:13.188245Z"",""no_price_dollars"":""0.4400"",""taker_side"":""yes"",""ticker"":""KXBTC15M-26APR281445-45"",""trade_id"":""8c2a2713-3228-5b2a-308e-066bc293252d"",""yes_price_dollars"":""0.5600""}"
KXBTC15M-26APR281445-45,748e7e87-3567-502d-324b-e5c201714f14,1777401013,0.57,30.0,yes,"{""count_fp"":""30.00"",""created_time"":""2026-04-28T18:30:13.188245Z"",""no_price_dollars"":""0.4300"",""taker_side"":""yes"",""ticker"":""KXBTC15M-26APR281445-45"",""trade_id"":""748e7e87-3567-502d-324b-e5c201714f14"",""yes_price_dollars"":""0.5700""}"
KXBTC15M-26APR281445-45,660ea143-3542-5596-17f1-fa96c8191d27,1777401013,0.57,1.0,yes,"{""count_fp"":""1.00"",""created_time"":""2026-04-28T18:30:13.188245Z"",""no_price_dollars"":""0.4300"",""taker_side"":""yes"",""ticker"":""KXBTC15M-26APR281445-45"",""trade_id"":""660ea143-3542-5596-17f1-fa96c8191d27"",""yes_price_dollars"":""0.5700""}"
KXBTC15M-26APR281445-45,4abab1fb-0c62-5e5c-1caf-5da16537b72e,1777401013,0.55,11.0,yes,"{""count_fp"":""11.00"",""created_time"":""2026-04-28T18:30:13.188245Z"",""no_price_dollars"":""0.4500"",""taker_side"":""yes"",""ticker"":""KXBTC15M-26APR281445-45"",""trade_id"":""4abab1fb-0c62-5e5c-1caf-5da16537b72e"",""yes_price_dollars"":""0.5500""}"
KXBTC15M-26APR281445-45,264a69ad-891f-5197-2455-fc747a96dccb,1777401013,0.56,1.0,yes,"{""count_fp"":""1.00"",""created_time"":""2026-04-28T18:30:13.188245Z"",""no_price_dollars"":""0.4400"",""taker_side"":""yes"",""ticker"":""KXBTC15M-26APR281445-45"",""trade_id"":""264a69ad-891f-5197-2455-fc747a96dccb"",""yes_price_dollars"":""0.5600""}"
KXBTC15M-26APR281445-45,7f0f8fc8-dd8f-45a9-9bcd-0f7e7cebe935,1777401013,0.54,201.01,no,"{""count_fp"":""201.01"",""created_time"":""2026-04-28T18:30:13.167679Z"",""no_price_dollars"":""0.4600"",""taker_side"":""no"",""ticker"":""KXBTC15M-26APR281445-45"",""trade_id"":""7f0f8fc8-dd8f-45a9-9bcd-0f7e7cebe935"",""yes_price_dollars"":""0.5400""}"
KXBTC15M-26APR281445-45,6102b528-5f87-737d-dd2a-e0a77bb166b9,1777401013,0.54,15.2,no,"{""count_fp"":""15.20"",""created_time"":""2026-04-28T18:30:13.077291Z"",""no_price_dollars"":""0.4600"",""taker_side"":""no"",""ticker"":""KXBTC15M-26APR281445-45"",""trade_id"":""6102b528-5f87-737d-dd2a-e0a77bb166b9"",""yes_price_dollars"":""0.5400""}"
KXBTC15M-26APR281445-45,5a759170-5e10-7c16-d23c-2cb72c6ec08f,1777401013,0.54,22.0,no,"{""count_fp"":""22.00"",""created_time"":""2026-04-28T18:30:13.077291Z"",""no_price_dollars"":""0.4600"",""taker_side"":""no"",""ticker"":""KXBTC15M-26APR281445-45"",""trade_id"":""5a759170-5e10-7c16-d23c-2cb72c6ec08f"",""yes_price_dollars"":""0.5400""}"
KXBTC15M-26APR281445-45,3e0fac07-279a-74ff-cf1b-b2b198ba5fab,1777401013,0.54,3.0,no,"{""count_fp"":""3.00"",""created_time"":""2026-04-28T18:30:13.077291Z"",""no_price_dollars"":""0.4600"",""taker_side"":""no"",""ticker"":""KXBTC15M-26APR281445-45"",""trade_id"":""3e0fac07-279a-74ff-cf1b-b2b198ba5fab"",""yes_price_dollars"":""0.5400""}"
KXBTC15M-26APR281445-45,7eb2c732-dda3-563d-08df-bc7a5954814d,1777401014,0.55,117.68,no,"{""count_fp"":""117.68"",""created_time"":""2026-04-28T18:30:14.780935Z"",""no_price_dollars"":""0.4500"",""taker_side"":""no"",""ticker"":""KXBTC15M-26APR281445-45"",""trade_id"":""7eb2c732-dda3-563d-08df-bc7a5954814d"",""yes_price_dollars"":""0.5500""}"
KXBTC15M-26APR281445-45,d632c070-902d-4927-b1b2-524bdce3cfde,1777401014,0.55,3.0,no,"{""count_fp"":""3.00"",""created_time"":""2026-04-28T18:30:14.718852Z"",""no_price_dollars"":""0.4500"",""taker_side"":""no"",""ticker"":""KXBTC15M-26APR281445-45"",""trade_id"":""d632c070-902d-4927-b1b2-524bdce3cfde"",""yes_price_dollars"":""0.5500""}"
KXBTC15M-26APR281445-45,73da59b7-b281-4292-bd57-c10dcd03b2ac,1777401014,0.55,16.75,no,"{""count_fp"":""16.75"",""created_time"":""2026-04-28T18:30:14.718852Z"",""no_price_dollars"":""0.4500"",""taker_side"":""no"",""ticker"":""KXBTC15M-26APR281445-45"",""trade_id"":""73da59b7-b281-4292-bd57-c10dcd03b2ac"",""yes_price_dollars"":""0.5500""}"
KXBTC15M-26APR281445-45,2bfbaf9c-e5dd-422c-8f04-c86fe0633c8a,1777401014,0.55,82.93,no,"{""count_fp"":""82.93"",""created_time"":""2026-04-28T18:30:14.718852Z"",""no_price_dollars"":""0.4500"",""taker_side"":""no"",""ticker"":""KXBTC15M-26APR281445-45"",""trade_id"":""2bfbaf9c-e5dd-422c-8f04-c86fe0633c8a"",""yes_price_dollars"":""0.5500""}"
KXBTC15M-26APR281445-45,82383b59-90dc-71b1-98fa-6134f3c58011,1777401015,0.57,15.7,yes,"{""count_fp"":""15.70"",""created_time"":""2026-04-28T18:30:15.793002Z"",""no_price_dollars"":""0.4300"",""taker_side"":""yes"",""ticker"":""KXBTC15M-26APR281445-45"",""trade_id"":""82383b59-90dc-71b1-98fa-6134f3c58011"",""yes_price_dollars"":""0.5700""}"
KXBTC15M-26APR281445-45,8b2aa623-96c7-4e75-3826-1afef294b691,1777401015,0.55,161.33,no,"{""count_fp"":""161.33"",""created_time"":""2026-04-28T18:30:15.118838Z"",""no_price_dollars"":""0.4500"",""taker_side"":""no"",""ticker"":""KXBTC15M-26APR281445-45"",""trade_id"":""8b2aa623-96c7-4e75-3826-1afef294b691"",""yes_price_dollars"":""0.5500""}"
KXBTC15M-26APR281445-45,766031f9-8eab-4f1d-b412-f2a99d8d265d,1777401015,0.55,12.0,no,"{""count_fp"":""12.00"",""created_time"":""2026-04-28T18:30:15.096528Z"",""no_price_dollars"":""0.4500"",""taker_side"":""no"",""ticker"":""KXBTC15M-26APR281445-45"",""trade_id"":""766031f9-8eab-4f1d-b412-f2a99d8d265d"",""yes_price_dollars"":""0.5500""}"
KXBTC15M-26APR281445-45,68670065-73b7-784d-c902-ad0f0cbd7aa1,1777401015,0.55,72.75,no,"{""count_fp"":""72.75"",""created_time"":""2026-04-28T18:30:15.050598Z"",""no_price_dollars"":""0.4500"",""taker_side"":""no"",""ticker"":""KXBTC15M-26APR281445-45"",""trade_id"":""68670065-73b7-784d-c902-ad0f0cbd7aa1"",""yes_price_dollars"":""0.5500""}"
KXBTC15M-26APR281445-45,e3109ad0-6638-6bd7-f56a-684816dad90b,1777401017,0.59,29.21,yes,"{""count_fp"":""29.21"",""created_time"":""2026-04-28T18:30:17.657343Z"",""no_price_dollars"":""0.4100"",""taker_side"":""yes"",""ticker"":""KXBTC15M-26APR281445-45"",""trade_id"":""e3109ad0-6638-6bd7-f56a-684816dad90b"",""yes_price_dollars"":""0.5900""}"
KXBTC15M-26APR281445-45,31eeb9e2-19a8-6f1b-acb9-f1f7871f4287,1777401017,0.59,31.76,yes,"{""count_fp"":""31.76"",""created_time"":""2026-04-28T18:30:17.640932Z"",""no_price_dollars"":""0.4100"",""taker_side"":""yes"",""ticker"":""KXBTC15M-26APR281445-45"",""trade_id"":""31eeb9e2-19a8-6f1b-acb9-f1f7871f4287"",""yes_price_dollars"":""0.5900""}"
KXBTC15M-26APR281445-45,e64813f3-39f8-591f-4d6e-2d59a28bbfe2,1777401017,0.58,46.11,no,"{""count_fp"":""46.11"",""created_time"":""2026-04-28T18:30:17.600624Z"",""no_price_dollars"":""0.4200"",""taker_side"":""no"",""ticker"":""KXBTC15M-26APR281445-45"",""trade_id"":""e64813f3-39f8-591f-4d6e-2d59a28bbfe2"",""yes_price_dollars"":""0.5800""}"
KXBTC15M-26APR281445-45,d364ce5a-3841-5e98-4ee8-10a4b0460195,1777401017,0.58,40.0,no,"{""count_fp"":""40.00"",""created_time"":""2026-04-28T18:30:17.600624Z"",""no_price_dollars"":""0.4200"",""taker_side"":""no"",""ticker"":""KXBTC15M-26APR281445-45"",""trade_id"":""d364ce5a-3841-5e98-4ee8-10a4b0460195"",""yes_price_dollars"":""0.5800""}"
KXBTC15M-26APR281445-45,75ad6751-7151-5c00-7e64-cb176f3046c8,1777401017,0.58,10.0,no,"{""count_fp"":""10.00"",""created_time"":""2026-04-28T18:30:17.600624Z"",""no_price_dollars"":""0.4200"",""taker_side"":""no"",""ticker"":""KXBTC15M-26APR281445-45"",""trade_id"":""75ad6751-7151-5c00-7e64-cb176f3046c8"",""yes_price_dollars"":""0.5800""}"
KXBTC15M-26APR281445-45,3381cb0e-2c78-5732-6812-95221e8523c2,1777401017,0.58,11.0,no,"{""count_fp"":""11.00"",""created_time"":""2026-04-28T18:30:17.600624Z"",""no_price_dollars"":""0.4200"",""taker_side"":""no"",""ticker"":""KXBTC15M-26APR281445-45"",""trade_id"":""3381cb0e-2c78-5732-6812-95221e8523c2"",""yes_price_dollars"":""0.5800""}"
KXBTC15M-26APR281445-45,ee51c7f8-326a-5fc9-2c16-3a879c4ee6f7,1777401017,0.58,2.0,yes,"{""count_fp"":""2.00"",""created_time"":""2026-04-28T18:30:17.018179Z"",""no_price_dollars"":""0.4200"",""taker_side"":""yes"",""ticker"":""KXBTC15M-26APR281445-45"",""trade_id"":""ee51c7f8-326a-5fc9-2c16-3a879c4ee6f7"",""yes_price_dollars"":""0.5800""}"
KXBTC15M-26APR281445-45,cddfb970-78b7-5b1f-2abc-eaf5f2476e2b,1777401017,0.58,5.0,yes,"{""count_fp"":""5.00"",""created_time"":""2026-04-28T18:30:17.018179Z"",""no_price_dollars"":""0.4200"",""taker_side"":""yes"",""ticker"":""KXBTC15M-26APR281445-45"",""trade_id"":""cddfb970-78b7-5b1f-2abc-eaf5f2476e2b"",""yes_price_dollars"":""0.5800""}"
KXBTC15M-26APR281445-45,ae60dea1-02ce-5a1d-138a-59c44efbcad2,1777401017,0.58,1.0,yes,"{""count_fp"":""1.00"",""created_time"":""2026-04-28T18:30:17.018179Z"",""no_price_dollars"":""0.4200"",""taker_side"":""yes"",""ticker"":""KXBTC15M-26APR281445-45"",""trade_id"":""ae60dea1-02ce-5a1d-138a-59c44efbcad2"",""yes_price_dollars"":""0.5800""}"
KXBTC15M-26APR281445-45,a52b6de2-e6b8-5c31-0bc6-99d73e556dd9,1777401017,0.57,47.86,yes,"{""count_fp"":""47.86"",""created_time"":""2026-04-28T18:30:17.018179Z"",""no_price_dollars"":""0.4300"",""taker_side"":""yes"",""ticker"":""KXBTC15M-26APR281445-45"",""trade_id"":""a52b6de2-e6b8-5c31-0bc6-99d73e556dd9"",""yes_price_dollars"":""0.5700""}"
KXBTC15M-26APR281445-45,9a61adb6-45a7-529f-3920-bc47b59bc372,1777401017,0.57,1.0,yes,"{""count_fp"":""1.00"",""created_time"":""2026-04-28T18:30:17.018179Z"",""no_price_dollars"":""0.4300"",""taker_side"":""yes"",""ticker"":""KXBTC15M-26APR281445-45"",""trade_id"":""9a61adb6-45a7-529f-3920-bc47b59bc372"",""yes_price_dollars"":""0.5700""}"
KXBTC15M-26APR281445-45,6f40f3aa-53f8-5f70-2c3c-ce029e7b7bb7,1777401017,0.57,1.0,yes,"{""count_fp"":""1.00"",""created_time"":""2026-04-28T18:30:17.018179Z"",""no_price_dollars"":""0.4300"",""taker_side"":""yes"",""ticker"":""KXBTC15M-26APR281445-45"",""trade_id"":""6f40f3aa-53f8-5f70-2c3c-ce029e7b7bb7"",""yes_price_dollars"":""0.5700""}"
KXBTC15M-26APR281445-45,4e418320-eed2-54ab-0552-4d835bf8a73a,1777401017,0.58,5.0,yes,"{""count_fp"":""5.00"",""created_time"":""2026-04-28T18:30:17.018179Z"",""no_price_dollars"":""0.4200"",""taker_side"":""yes"",""ticker"":""KXBTC15M-26APR281445-45"",""trade_id"":""4e418320-eed2-54ab-0552-4d835bf8a73a"",""yes_price_dollars"":""0.5800""}"
KXBTC15M-26APR281445-45,06720145-0f5f-573c-24ce-150b8eb54fb6,1777401017,0.57,20.0,yes,"{""count_fp"":""20.00"",""created_time"":""2026-04-28T18:30:17.018179Z"",""no_price_dollars"":""0.4300"",""taker_side"":""yes"",""ticker"":""KXBTC15M-26APR281445-45"",""trade_id"":""06720145-0f5f-573c-24ce-150b8eb54fb6"",""yes_price_dollars"":""0.5700""}"
KXBTC15M-26APR281445-45,0220715b-0114-50e0-2ca1-10aa890cfced,1777401017,0.57,3.0,yes,"{""count_fp"":""3.00"",""created_time"":""2026-04-28T18:30:17.018179Z"",""no_price_dollars"":""0.4300"",""taker_side"":""yes"",""ticker"":""KXBTC15M-26APR281445-45"",""trade_id"":""0220715b-0114-50e0-2ca1-10aa890cfced"",""yes_price_dollars"":""0.5700""}"
KXBTC15M-26APR281445-45,f489de83-b2ff-78d0-6aee-56d81439ed2b,1777401018,0.59,5.0,yes,"{""count_fp"":""5.00"",""created_time"":""2026-04-28T18:30:18.962823Z"",""no_price_dollars"":""0.4100"",""taker_side"":""yes"",""ticker"":""KXBTC15M-26APR281445-45"",""trade_id"":""f489de83-b2ff-78d0-6aee-56d81439ed2b"",""yes_price_dollars"":""0.5900""}"
KXBTC15M-26APR281445-45,ebc7859d-8156-7d52-6c4e-19fb22e2480c,1777401018,0.59,5.0,yes,"{""count_fp"":""5.00"",""created_time"":""2026-04-28T18:30:18.962823Z"",""no_price_dollars"":""0.4100"",""taker_side"":""yes"",""ticker"":""KXBTC15M-26APR281445-45"",""trade_id"":""ebc7859d-8156-7d52-6c4e-19fb22e2480c"",""yes_price_dollars"":""0.5900""}"
KXBTC15M-26APR281445-45,c463a2bc-bfff-7180-4330-b7d2bc9f5f6d,1777401018,0.59,9.69,yes,"{""count_fp"":""9.69"",""created_time"":""2026-04-28T18:30:18.962823Z"",""no_price_dollars"":""0.4100"",""taker_side"":""yes"",""ticker"":""KXBTC15M-26APR281445-45"",""trade_id"":""c463a2bc-bfff-7180-4330-b7d2bc9f5f6d"",""yes_price_dollars"":""0.5900""}"
KXBTC15M-26APR281445-45,8bf230ed-0f27-7ffe-42eb-28b6f662a7b6,1777401018,0.59,10.0,yes,"{""count_fp"":""10.00"",""created_time"":""2026-04-28T18:30:18.962823Z"",""no_price_dollars"":""0.4100"",""taker_side"":""yes"",""ticker"":""KXBTC15M-26APR281445-45"",""trade_id"":""8bf230ed-0f27-7ffe-42eb-28b6f662a7b6"",""yes_price_dollars"":""0.5900""}"
KXBTC15M-26APR281445-45,4f20fa88-0343-7ad4-7b65-384f338c67cf,1777401018,0.59,3.0,yes,"{""count_fp"":""3.00"",""created_time"":""2026-04-28T18:30:18.962823Z"",""no_price_dollars"":""0.4100"",""taker_side"":""yes"",""ticker"":""KXBTC15M-26APR281445-45"",""trade_id"":""4f20fa88-0343-7ad4-7b65-384f338c67cf"",""yes_price_dollars"":""0.5900""}"
KXBTC15M-26APR281445-45,25af91ea-ccd4-7d67-6767-d1fce21f7f7b,1777401018,0.59,10.14,yes,"{""count_fp"":""10.14"",""created_time"":""2026-04-28T18:30:18.962823Z"",""no_price_dollars"":""0.4100"",""taker_side"":""yes"",""ticker"":""KXBTC15M-26APR281445-45"",""trade_id"":""25af91ea-ccd4-7d67-6767-d1fce21f7f7b"",""yes_price_dollars"":""0.5900""}"
KXBTC15M-26APR281445-45,115609b0-dcac-5193-3829-4be5029aed6a,1777401018,0.58,4.37,no,"{""count_fp"":""4.37"",""created_time"":""2026-04-28T18:30:18.195059Z"",""no_price_dollars"":""0.4200"",""taker_side"":""no"",""ticker"":""KXBTC15M-26APR281445-45"",""trade_id"":""115609b0-dcac-5193-3829-4be5029aed6a"",""yes_price_dollars"":""0.5800""}"
KXBTC15M-26APR281445-45,eab79063-0cfc-7b6b-6547-49b47eebbf9b,1777401018,0.59,0.17,yes,"{""count_fp"":""0.17"",""created_time"":""2026-04-28T18:30:18.137309Z"",""no_price_dollars"":""0.4100"",""taker_side"":""yes"",""ticker"":""KXBTC15M-26APR281445-45"",""trade_id"":""eab79063-0cfc-7b6b-6547-49b47eebbf9b"",""yes_price_dollars"":""0.5900""}"
KXBTC15M-26APR281445-45,a2737d90-2198-569b-d39c-66f2ea09cfde,1777401018,0.58,10.0,no,"{""count_fp"":""10.00"",""created_time"":""2026-04-28T18:30:18.064117Z"",""no_price_dollars"":""0.4200"",""taker_side"":""no"",""ticker"":""KXBTC15M-26APR281445-45"",""trade_id"":""a2737d90-2198-569b-d39c-66f2ea09cfde"",""yes_price_dollars"":""0.5800""}"
KXBTC15M-26APR281445-45,190d2bdd-e9f7-5d1b-e46e-4e4b1a127e4e,1777401018,0.58,40.0,no,"{""count_fp"":""40.00"",""created_time"":""2026-04-28T18:30:18.064117Z"",""no_price_dollars"":""0.4200"",""taker_side"":""no"",""ticker"":""KXBTC15M-26APR281445-45"",""trade_id"":""190d2bdd-e9f7-5d1b-e46e-4e4b1a127e4e"",""yes_price_dollars"":""0.5800""}"
KXBTC15M-26APR281445-45,e5556097-304f-5b4e-cb04-dfe925a800b2,1777401019,0.58,51.0,no,"{""count_fp"":""51.00"",""created_time"":""2026-04-28T18:30:19.939463Z"",""no_price_dollars"":""0.4200"",""taker_side"":""no"",""ticker"":""KXBTC15M-26APR281445-45"",""trade_id"":""e5556097-304f-5b4e-cb04-dfe925a800b2"",""yes_price_dollars"":""0.5800""}"
KXBTC15M-26APR281445-45,7d805390-0647-5484-fcf4-c2398d17ffb3,1777401019,0.57,1.0,no,"{""count_fp"":""1.00"",""created_time"":""2026-04-28T18:30:19.939463Z"",""no_price_dollars"":""0.4300"",""taker_side"":""no"",""ticker"":""KXBTC15M-26APR281445-45"",""trade_id"":""7d805390-0647-5484-fcf4-c2398d17ffb3"",""yes_price_dollars"":""0.5700""}"
KXBTC15M-26APR281445-45,66481f7c-1a7d-586b-ca5d-645d608bf4b6,1777401019,0.58,19.0,no,"{""count_fp"":""19.00"",""created_time"":""2026-04-28T18:30:19.939463Z"",""no_price_dollars"":""0.4200"",""taker_side"":""no"",""ticker"":""KXBTC15M-26APR281445-45"",""trade_id"":""66481f7c-1a7d-586b-ca5d-645d608bf4b6"",""yes_price_dollars"":""0.5800""}"
KXBTC15M-26APR281445-45,393474d9-4514-5347-e51f-1ee0d747f686,1777401019,0.57,18.68,no,"{""count_fp"":""18.68"",""created_time"":""2026-04-28T18:30:19.939463Z"",""no_price_dollars"":""0.4300"",""taker_side"":""no"",""ticker"":""KXBTC15M-26APR281445-45"",""trade_id"":""393474d9-4514-5347-e51f-1ee0d747f686"",""yes_price_dollars"":""0.5700""}"
KXBTC15M-26APR281445-45,b99801ef-c59f-4dac-de69-b3c6c51d1315,1777401019,0.59,30.31,yes,"{""count_fp"":""30.31"",""created_time"":""2026-04-28T18:30:19.575187Z"",""no_price_dollars"":""0.4100"",""taker_side"":""yes"",""ticker"":""KXBTC15M-26APR281445-45"",""trade_id"":""b99801ef-c59f-4dac-de69-b3c6c51d1315"",""yes_price_dollars"":""0.5900""}"
KXBTC15M-26APR281445-45,1e8f1a75-b978-4cc6-ff6a-a03f5e231dd4,1777401019,0.59,132.33,yes,"{""count_fp"":""132.33"",""created_time"":""2026-04-28T18:30:19.575187Z"",""no_price_dollars"":""0.4100"",""taker_side"":""yes"",""ticker"":""KXBTC15M-26APR281445-45"",""trade_id"":""1e8f1a75-b978-4cc6-ff6a-a03f5e231dd4"",""yes_price_dollars"":""0.5900""}"
KXBTC15M-26APR281445-45,0f46155d-de7c-710a-c760-d3f1341bc598,1777401020,0.59,14.0,yes,"{""count_fp"":""14.00"",""created_time"":""2026-04-28T18:30:20.485812Z"",""no_price_dollars"":""0.4100"",""taker_side"":""yes"",""ticker"":""KXBTC15M-26APR281445-45"",""trade_id"":""0f46155d-de7c-710a-c760-d3f1341bc598"",""yes_price_dollars"":""0.5900""}"
KXBTC15M-26APR281445-45,fdf8623a-faa4-5d0a-9d91-1ce600fbf324,1777401020,0.59,75.65,yes,"{""count_fp"":""75.65"",""created_time"":""2026-04-28T18:30:20.337768Z"",""no_price_dollars"":""0.4100"",""taker_side"":""yes"",""ticker"":""KXBTC15M-26APR281445-45"",""trade_id"":""fdf8623a-faa4-5d0a-9d91-1ce600fbf324"",""yes_price_dollars"":""0.5900""}"
KXBTC15M-26APR281445-45,ac62f61e-08e5-5e66-b276-9f2dd2f5cb22,1777401020,0.58,6.73,yes,"{""count_fp"":""6.73"",""created_time"":""2026-04-28T18:30:20.337768Z"",""no_price_dollars"":""0.4200"",""taker_side"":""yes"",""ticker"":""KXBTC15M-26APR281445-45"",""trade_id"":""ac62f61e-08e5-5e66-b276-9f2dd2f5cb22"",""yes_price_dollars"":""0.5800""}"
KXBTC15M-26APR281445-45,bfd20bbb-385f-70ed-1eb9-9e11475a0aa3,1777401020,0.58,3.0,yes,"{""count_fp"":""3.00"",""created_time"":""2026-04-28T18:30:20.331312Z"",""no_price_dollars"":""0.4200"",""taker_side"":""yes"",""ticker"":""KXBTC15M-26APR281445-45"",""trade_id"":""bfd20bbb-385f-70ed-1eb9-9e11475a0aa3"",""yes_price_dollars"":""0.5800""}"
KXBTC15M-26APR281445-45,882ed3b3-6036-7ec4-1c4a-ea6a5800aa10,1777401020,0.58,1.0,yes,"{""count_fp"":""1.00"",""created_time"":""2026-04-28T18:30:20.331312Z"",""no_price_dollars"":""0.4200"",""taker_side"":""yes"",""ticker"":""KXBTC15M-26APR281445-45"",""trade_id"":""882ed3b3-6036-7ec4-1c4a-ea6a5800aa10"",""yes_price_dollars"":""0.5800""}"
KXBTC15M-26APR281445-45,5615828b-1829-7c72-0c84-aa5ab867f3ae,1777401020,0.58,6.0,yes,"{""count_fp"":""6.00"",""created_time"":""2026-04-28T18:30:20.331312Z"",""no_price_dollars"":""0.4200"",""taker_side"":""yes"",""ticker"":""KXBTC15M-26APR281445-45"",""trade_id"":""5615828b-1829-7c72-0c84-aa5ab867f3ae"",""yes_price_dollars"":""0.5800""}"
KXBTC15M-26APR281445-45,85d657a7-b9e8-6917-af29-b398a75e18ae,1777401020,0.57,3.0,no,"{""count_fp"":""3.00"",""created_time"":""2026-04-28T18:30:20.288518Z"",""no_price_dollars"":""0.4300"",""taker_side"":""no"",""ticker"":""KXBTC15M-26APR281445-45"",""trade_id"":""85d657a7-b9e8-6917-af29-b398a75e18ae"",""yes_price_dollars"":""0.5700""}"
KXBTC15M-26APR281445-45,ea2939a5-977d-6013-2ad1-3165e3d37062,1777401021,0.58,0.04,yes,"{""count_fp"":""0.04"",""created_time"":""2026-04-28T18:30:21.926791Z"",""no_price_dollars"":""0.4200"",""taker_side"":""yes"",""ticker"":""KXBTC15M-26APR281445-45"",""trade_id"":""ea2939a5-977d-6013-2ad1-3165e3d37062"",""yes_price_dollars"":""0.5800""}"
KXBTC15M-26APR281445-45,8cef69b5-c834-635c-3bc8-9e3dc6879ac6,1777401021,0.58,3.0,yes,"{""count_fp"":""3.00"",""created_time"":""2026-04-28T18:30:21.926791Z"",""no_price_dollars"":""0.4200"",""taker_side"":""yes"",""ticker"":""KXBTC15M-26APR281445-45"",""trade_id"":""8cef69b5-c834-635c-3bc8-9e3dc6879ac6"",""yes_price_dollars"":""0.5800""}"
KXBTC15M-26APR281445-45,74f99b4c-6cac-6e9a-296c-f72cfa1cc10c,1777401021,0.58,33.23,yes,"{""count_fp"":""33.23"",""created_time"":""2026-04-28T18:30:21.926791Z"",""no_price_dollars"":""0.4200"",""taker_side"":""yes"",""ticker"":""KXBTC15M-26APR281445-45"",""trade_id"":""74f99b4c-6cac-6e9a-296c-f72cfa1cc10c"",""yes_price_dollars"":""0.5800""}"
KXBTC15M-26APR281445-45,72affb92-0217-6bab-011a-17067f76f377,1777401021,0.58,0.24,yes,"{""count_fp"":""0.24"",""created_time"":""2026-04-28T18:30:21.926791Z"",""no_price_dollars"":""0.4200"",""taker_side"":""yes"",""ticker"":""KXBTC15M-26APR281445-45"",""trade_id"":""72affb92-0217-6bab-011a-17067f76f377"",""yes_price_dollars"":""0.5800""}"
KXBTC15M-26APR281445-45,c0791f04-34ba-7a62-1d9c-16803e73c81b,1777401021,0.58,0.71,yes,"{""count_fp"":""0.71"",""created_time"":""2026-04-28T18:30:21.512019Z"",""no_price_dollars"":""0.4200"",""taker_side"":""yes"",""ticker"":""KXBTC15M-26APR281445-45"",""trade_id"":""c0791f04-34ba-7a62-1d9c-16803e73c81b"",""yes_price_dollars"":""0.5800""}"
KXBTC15M-26APR281445-45,2e9da7d5-10d7-759f-32e3-f27b750945e7,1777401021,0.58,0.11,yes,"{""count_fp"":""0.11"",""created_time"":""2026-04-28T18:30:21.512019Z"",""no_price_dollars"":""0.4200"",""taker_side"":""yes"",""ticker"":""KXBTC15M-26APR281445-45"",""trade_id"":""2e9da7d5-10d7-759f-32e3-f27b750945e7"",""yes_price_dollars"":""0.5800""}"
KXBTC15M-26APR281445-45,1f1d0b97-7d7c-7919-2fb7-9bc38ae048a9,1777401021,0.58,12.73,yes,"{""count_fp"":""12.73"",""created_time"":""2026-04-28T18:30:21.512019Z"",""no_price_dollars"":""0.4200"",""taker_side"":""yes"",""ticker"":""KXBTC15M-26APR281445-45"",""trade_id"":""1f1d0b97-7d7c-7919-2fb7-9bc38ae048a9"",""yes_price_dollars"":""0.5800""}"
KXBTC15M-26APR281445-45,17ced0e9-6439-7a66-24e7-751f38af047c,1777401021,0.58,68.83,yes,"{""count_fp"":""68.83"",""created_time"":""2026-04-28T18:30:21.512019Z"",""no_price_dollars"":""0.4200"",""taker_side"":""yes"",""ticker"":""KXBTC15M-26APR281445-45"",""trade_id"":""17ced0e9-6439-7a66-24e7-751f38af047c"",""yes_price_dollars"":""0.5800""}"
KXBTC15M-26APR281445-45,ca68a55e-9e9e-4eae-8c42-636264d9b6b3,1777401021,0.58,0.29,yes,"{""count_fp"":""0.29"",""created_time"":""2026-04-28T18:30:21.280128Z"",""no_price_dollars"":""0.4200"",""taker_side"":""yes"",""ticker"":""KXBTC15M-26APR281445-45"",""trade_id"":""ca68a55e-9e9e-4eae-8c42-636264d9b6b3"",""yes_price_dollars"":""0.5800""}"
KXBTC15M-26APR281445-45,7f4aecf6-709f-45e4-85fb-1871dbd8b3ea,1777401021,0.58,3.0,yes,"{""count_fp"":""3.00"",""created_time"":""2026-04-28T18:30:21.280128Z"",""no_price_dollars"":""0.4200"",""taker_side"":""yes"",""ticker"":""KXBTC15M-26APR281445-45"",""trade_id"":""7f4aecf6-709f-45e4-85fb-1871dbd8b3ea"",""yes_price_dollars"":""0.5800""}"
KXBTC15M-26APR281445-45,58dffa57-dff6-4de5-9b2c-20ed6436e82c,1777401022,0.58,10.0,yes,"{""count_fp"":""10.00"",""created_time"":""2026-04-28T18:30:22.942498Z"",""no_price_dollars"":""0.4200"",""taker_side"":""yes"",""ticker"":""KXBTC15M-26APR281445-45"",""trade_id"":""58dffa57-dff6-4de5-9b2c-20ed6436e82c"",""yes_price_dollars"":""0.5800""}"
KXBTC15M-26APR281445-45,b5338cf1-8eea-6609-f445-64217cdab0ac,1777401022,0.58,33.49,yes,"{""count_fp"":""33.49"",""created_time"":""2026-04-28T18:30:22.878132Z"",""no_price_dollars"":""0.4200"",""taker_side"":""yes"",""ticker"":""KXBTC15M-26APR281445-45"",""trade_id"":""b5338cf1-8eea-6609-f445-64217cdab0ac"",""yes_price_dollars"":""0.5800""}"
KXBTC15M-26APR281445-45,a0145150-0b56-4ca1-aa7b-95742331a9ec,1777401022,0.58,75.36,yes,"{""count_fp"":""75.36"",""created_time"":""2026-04-28T18:30:22.608753Z"",""no_price_dollars"":""0.4200"",""taker_side"":""yes"",""ticker"":""KXBTC15M-26APR281445-45"",""trade_id"":""a0145150-0b56-4ca1-aa7b-95742331a9ec"",""yes_price_dollars"":""0.5800""}"
KXBTC15M-26APR281445-45,aa55f297-6bda-67dd-9898-fba0675f61dc,1777401023,0.58,1.0,yes,"{""count_fp"":""1.00"",""created_time"":""2026-04-28T18:30:23.789135Z"",""no_price_dollars"":""0.4200"",""taker_side"":""yes"",""ticker"":""KXBTC15M-26APR281445-45"",""trade_id"":""aa55f297-6bda-67dd-9898-fba0675f61dc"",""yes_price_dollars"":""0.5800""}"
KXBTC15M-26APR281445-45,a1e09979-547b-65f3-a259-50bc8559fce2,1777401023,0.57,3.0,yes,"{""count_fp"":""3.00"",""created_time"":""2026-04-28T18:30:23.789135Z"",""no_price_dollars"":""0.4300"",""taker_side"":""yes"",""ticker"":""KXBTC15M-26APR281445-45"",""trade_id"":""a1e09979-547b-65f3-a259-50bc8559fce2"",""yes_price_dollars"":""0.5700""}"
KXBTC15M-26APR281445-45,afe24a34-8d65-71f9-6d6a-daba4cfe0145,1777401023,0.56,1.52,no,"{""count_fp"":""1.52"",""created_time"":""2026-04-28T18:30:23.710296Z"",""no_price_dollars"":""0.4400"",""taker_side"":""no"",""ticker"":""KXBTC15M-26APR281445-45"",""trade_id"":""afe24a34-8d65-71f9-6d6a-daba4cfe0145"",""yes_price_dollars"":""0.5600""}"
KXBTC15M-26APR281445-45,d364c7be-bf5a-4add-41da-e7fb79506fc0,1777401023,0.58,0.42,yes,"{""count_fp"":""0.42"",""created_time"":""2026-04-28T18:30:23.676339Z"",""no_price_dollars"":""0.4200"",""taker_side"":""yes"",""ticker"":""KXBTC15M-26APR281445-45"",""trade_id"":""d364c7be-bf5a-4add-41da-e7fb79506fc0"",""yes_price_dollars"":""0.5800""}"
KXBTC15M-26APR281445-45,cd15f5c7-584f-4c6c-6f4c-83a56b518b94,1777401023,0.57,11.24,yes,"{""count_fp"":""11.24"",""created_time"":""2026-04-28T18:30:23.676339Z"",""no_price_dollars"":""0.4300"",""taker_side"":""yes"",""ticker"":""KXBTC15M-26APR281445-45"",""trade_id"":""cd15f5c7-584f-4c6c-6f4c-83a56b518b94"",""yes_price_dollars"":""0.5700""}"
KXBTC15M-26APR281445-45,a047d408-93d0-4a51-7766-47302e277afb,1777401023,0.57,29.66,yes,"{""count_fp"":""29.66"",""created_time"":""2026-04-28T18:30:23.676339Z"",""no_price_dollars"":""0.4300"",""taker_side"":""yes"",""ticker"":""KXBTC15M-26APR281445-45"",""trade_id"":""a047d408-93d0-4a51-7766-47302e277afb"",""yes_price_dollars"":""0.5700""}"
KXBTC15M-26APR281445-45,77698460-15a1-44a3-6138-e01907f82283,1777401023,0.57,1.68,yes,"{""count_fp"":""1.68"",""created_time"":""2026-04-28T18:30:23.676339Z"",""no_price_dollars"":""0.4300"",""taker_side"":""yes"",""ticker"":""KXBTC15M-26APR281445-45"",""trade_id"":""77698460-15a1-44a3-6138-e01907f82283"",""yes_price_dollars"":""0.5700""}"
KXBTC15M-26APR281445-45,b2700749-8c00-78ba-d3c2-f9614b68f581,1777401023,0.57,3.0,yes,"{""count_fp"":""3.00"",""created_time"":""2026-04-28T18:30:23.534068Z"",""no_price_dollars"":""0.4300"",""taker_side"":""yes"",""ticker"":""KXBTC15M-26APR281445-45"",""trade_id"":""b2700749-8c00-78ba-d3c2-f9614b68f581"",""yes_price_dollars"":""0.5700""}"
KXBTC15M-26APR281445-45,a7a1618c-7644-7f89-ff06-5164b4efdd13,1777401023,0.57,0.34,yes,"{""count_fp"":""0.34"",""created_time"":""2026-04-28T18:30:23.534068Z"",""no_price_dollars"":""0.4300"",""taker_side"":""yes"",""ticker"":""KXBTC15M-26APR281445-45"",""trade_id"":""a7a1618c-7644-7f89-ff06-5164b4efdd13"",""yes_price_dollars"":""0.5700""}"
KXBTC15M-26APR281445-45,c3237044-6c6a-4b9d-2fbc-e89dfb8aa9ad,1777401023,0.57,11.93,no,"{""count_fp"":""11.93"",""created_time"":""2026-04-28T18:30:23.172363Z"",""no_price_dollars"":""0.4300"",""taker_side"":""no"",""ticker"":""KXBTC15M-26APR281445-45"",""trade_id"":""c3237044-6c6a-4b9d-2fbc-e89dfb8aa9ad"",""yes_price_dollars"":""0.5700""}"
KXBTC15M-26APR281445-45,2a7ebeb3-b8ac-4272-15c0-a18e4a8495e6,1777401023,0.57,22.07,no,"{""count_fp"":""22.07"",""created_time"":""2026-04-28T18:30:23.172363Z"",""no_price_dollars"":""0.4300"",""taker_side"":""no"",""ticker"":""KXBTC15M-26APR281445-45"",""trade_id"":""2a7ebeb3-b8ac-4272-15c0-a18e4a8495e6"",""yes_price_dollars"":""0.5700""}"
KXBTC15M-26APR281445-45,80fba8ff-f906-79b9-b990-ac6df764108d,1777401023,0.57,55.9,no,"{""count_fp"":""55.90"",""created_time"":""2026-04-28T18:30:23.146331Z"",""no_price_dollars"":""0.4300"",""taker_side"":""no"",""ticker"":""KXBTC15M-26APR281445-45"",""trade_id"":""80fba8ff-f906-79b9-b990-ac6df764108d"",""yes_price_dollars"":""0.5700""}"
KXBTC15M-26APR281445-45,3a997aa9-b476-5dd1-0364-7021781fada9,1777401023,0.57,1.0,no,"{""count_fp"":""1.00"",""created_time"":""2026-04-28T18:30:23.111588Z"",""no_price_dollars"":""0.4300"",""taker_side"":""no"",""ticker"":""KXBTC15M-26APR281445-45"",""trade_id"":""3a997aa9-b476-5dd1-0364-7021781fada9"",""yes_price_dollars"":""0.5700""}"
KXBTC15M-26APR281445-45,9422c77f-c43d-7159-6028-1f962570e339,1777401024,0.56,0.54,no,"{""count_fp"":""0.54"",""created_time"":""2026-04-28T18:30:24.994639Z"",""no_price_dollars"":""0.4400"",""taker_side"":""no"",""ticker"":""KXBTC15M-26APR281445-45"",""trade_id"":""9422c77f-c43d-7159-6028-1f962570e339"",""yes_price_dollars"":""0.5600""}"
KXBTC15M-26APR281445-45,89707f17-c64a-4e7d-ebb4-b0190e9f8490,1777401024,0.57,135.7,yes,"{""count_fp"":""135.70"",""created_time"":""2026-04-28T18:30:24.834432Z"",""no_price_dollars"":""0.4300"",""taker_side"":""yes"",""ticker"":""KXBTC15M-26APR281445-45"",""trade_id"":""89707f17-c64a-4e7d-ebb4-b0190e9f8490"",""yes_price_dollars"":""0.5700""}"
KXBTC15M-26APR281445-45,9c83aeba-dbc6-5a85-12a3-b54ca3a0ee7c,1777401024,0.57,13.4,yes,"{""count_fp"":""13.40"",""created_time"":""2026-04-28T18:30:24.780699Z"",""no_price_dollars"":""0.4300"",""taker_side"":""yes"",""ticker"":""KXBTC15M-26APR281445-45"",""trade_id"":""9c83aeba-dbc6-5a85-12a3-b54ca3a0ee7c"",""yes_price_dollars"":""0.5700""}"
KXBTC15M-26APR281445-45,dc47ff5c-33d6-6b51-8de4-2dbabb46fb5c,1777401024,0.57,284.05,yes,"{""count_fp"":""284.05"",""created_time"":""2026-04-28T18:30:24.671911Z"",""no_price_dollars"":""0.4300"",""taker_side"":""yes"",""ticker"":""KXBTC15M-26APR281445-45"",""trade_id"":""dc47ff5c-33d6-6b51-8de4-2dbabb46fb5c"",""yes_price_dollars"":""0.5700""}"
KXBTC15M-26APR281445-45,9d0ec1a4-98cd-6dae-bc11-2c4caacba2fc,1777401024,0.57,34.21,yes,"{""count_fp"":""34.21"",""created_time"":""2026-04-28T18:30:24.671911Z"",""no_price_dollars"":""0.4300"",""taker_side"":""yes"",""ticker"":""KXBTC15M-26APR281445-45"",""trade_id"":""9d0ec1a4-98cd-6dae-bc11-2c4caacba2fc"",""yes_price_dollars"":""0.5700""}"
KXBTC15M-26APR281445-45,71356162-6f20-662a-24ff-8d2ec6cee230,1777401024,0.57,11.24,yes,"{""count_fp"":""11.24"",""created_time"":""2026-04-28T18:30:24.531961Z"",""no_price_dollars"":""0.4300"",""taker_side"":""yes"",""ticker"":""KXBTC15M-26APR281445-45"",""trade_id"":""71356162-6f20-662a-24ff-8d2ec6cee230"",""yes_price_dollars"":""0.5700""}"
KXBTC15M-26APR281445-45,51495822-0869-638a-2545-1b949d9d8b54,1777401024,0.57,5.79,yes,"{""count_fp"":""5.79"",""created_time"":""2026-04-28T18:30:24.531961Z"",""no_price_dollars"":""0.4300"",""taker_side"":""yes"",""ticker"":""KXBTC15M-26APR281445-45"",""trade_id"":""51495822-0869-638a-2545-1b949d9d8b54"",""yes_price_dollars"":""0.5700""}"
KXBTC15M-26APR281445-45,3d2478f3-6a5e-5f4b-5b2a-98b4aad85de9,1777401024,0.57,1.0,yes,"{""count_fp"":""1.00"",""created_time"":""2026-04-28T18:30:24.499693Z"",""no_price_dollars"":""0.4300"",""taker_side"":""yes"",""ticker"":""KXBTC15M-26APR281445-45"",""trade_id"":""3d2478f3-6a5e-5f4b-5b2a-98b4aad85de9"",""yes_price_dollars"":""0.5700""}"
KXBTC15M-26APR281445-45,a2e2bdbb-46b9-4f55-81ad-f3392e878691,1777401024,0.56,1.96,no,"{""count_fp"":""1.96"",""created_time"":""2026-04-28T18:30:24.362134Z"",""no_price_dollars"":""0.4400"",""taker_side"":""no"",""ticker"":""KXBTC15M-26APR281445-45"",""trade_id"":""a2e2bdbb-46b9-4f55-81ad-f3392e878691"",""yes_price_dollars"":""0.5600""}"
KXBTC15M-26APR281445-45,9d64a0e3-a9bd-58d5-135d-ffd76a5fb54d,1777401025,0.56,15.0,no,"{""count_fp"":""15.00"",""created_time"":""2026-04-28T18:30:25.831341Z"",""no_price_dollars"":""0.4400"",""taker_side"":""no"",""ticker"":""KXBTC15M-26APR281445-45"",""trade_id"":""9d64a0e3-a9bd-58d5-135d-ffd76a5fb54d"",""yes_price_dollars"":""0.5600""}"
KXBTC15M-26APR281445-45,1728c339-4ad6-4625-546d-7b651c2c3904,1777401025,0.57,20.43,yes,"{""count_fp"":""20.43"",""created_time"":""2026-04-28T18:30:25.425846Z"",""no_price_dollars"":""0.4300"",""taker_side"":""yes"",""ticker"":""KXBTC15M-26APR281445-45"",""trade_id"":""1728c339-4ad6-4625-546d-7b651c2c3904"",""yes_price_dollars"":""0.5700""}"
KXBTC15M-26APR281445-45,6413e28d-e5d2-7335-c27e-99f045c39274,1777401025,0.57,160.82,yes,"{""count_fp"":""160.82"",""created_time"":""2026-04-28T18:30:25.107801Z"",""no_price_dollars"":""0.4300"",""taker_side"":""yes"",""ticker"":""KXBTC15M-26APR281445-45"",""trade_id"":""6413e28d-e5d2-7335-c27e-99f045c39274"",""yes_price_dollars"":""0.5700""}"
KXBTC15M-26APR281445-45,66189e5c-1efe-4891-f2c6-031ee4f5ea0e,1777401026,0.56,6.56,no,"{""count_fp"":""6.56"",""created_time"":""2026-04-28T18:30:26.947729Z"",""no_price_dollars"":""0.4400"",""taker_side"":""no"",""ticker"":""KXBTC15M-26APR281445-45"",""trade_id"":""66189e5c-1efe-4891-f2c6-031ee4f5ea0e"",""yes_price_dollars"":""0.5600""}"
KXBTC15M-26APR281445-45,0301a13e-d08a-617d-abab-78cb9c7ec9ba,1777401026,0.56,10.93,no,"{""count_fp"":""10.93"",""created_time"":""2026-04-28T18:30:26.802481Z"",""no_price_dollars"":""0.4400"",""taker_side"":""no"",""ticker"":""KXBTC15M-26APR281445-45"",""trade_id"":""0301a13e-d08a-617d-abab-78cb9c7ec9ba"",""yes_price_dollars"":""0.5600""}"
KXBTC15M-26APR281445-45,0eb47800-ea46-74cd-c937-7a46da740b1a,1777401026,0.56,3.0,no,"{""count_fp"":""3.00"",""created_time"":""2026-04-28T18:30:26.612613Z"",""no_price_dollars"":""0.4400"",""taker_side"":""no"",""ticker"":""KXBTC15M-26APR281445-45"",""trade_id"":""0eb47800-ea46-74cd-c937-7a46da740b1a"",""yes_price_dollars"":""0.5600""}"
KXBTC15M-26APR281445-45,fc35d15e-31e8-6aff-24b3-e1f97ef94e28,1777401026,0.57,0.05,yes,"{""count_fp"":""0.05"",""created_time"":""2026-04-28T18:30:26.353774Z"",""no_price_dollars"":""0.4300"",""taker_side"":""yes"",""ticker"":""KXBTC15M-26APR281445-45"",""trade_id"":""fc35d15e-31e8-6aff-24b3-e1f97ef94e28"",""yes_price_dollars"":""0.5700""}"
KXBTC15M-26APR281445-45,faf0861e-0548-6da1-3f7f-d55b5dee4ac2,1777401026,0.57,0.01,yes,"{""count_fp"":""0.01"",""created_time"":""2026-04-28T18:30:26.353774Z"",""no_price_dollars"":""0.4300"",""taker_side"":""yes"",""ticker"":""KXBTC15M-26APR281445-45"",""trade_id"":""faf0861e-0548-6da1-3f7f-d55b5dee4ac2"",""yes_price_dollars"":""0.5700""}"
KXBTC15M-26APR281445-45,f60962e9-2781-6efa-2e38-99afb86841e6,1777401026,0.57,0.43,yes,"{""count_fp"":""0.43"",""created_time"":""2026-04-28T18:30:26.353774Z"",""no_price_dollars"":""0.4300"",""taker_side"":""yes"",""ticker"":""KXBTC15M-26APR281445-45"",""trade_id"":""f60962e9-2781-6efa-2e38-99afb86841e6"",""yes_price_dollars"":""0.5700""}"
KXBTC15M-26APR281445-45,ac72bfa1-2d7b-6777-2cd1-2000e1a289f5,1777401026,0.57,0.13,yes,"{""count_fp"":""0.13"",""created_time"":""2026-04-28T18:30:26.353774Z"",""no_price_dollars"":""0.4300"",""taker_side"":""yes"",""ticker"":""KXBTC15M-26APR281445-45"",""trade_id"":""ac72bfa1-2d7b-6777-2cd1-2000e1a289f5"",""yes_price_dollars"":""0.5700""}"
KXBTC15M-26APR281445-45,7c161e20-51a9-618b-101a-02c9bc684bbc,1777401026,0.57,5.37,yes,"{""count_fp"":""5.37"",""created_time"":""2026-04-28T18:30:26.353774Z"",""no_price_dollars"":""0.4300"",""taker_side"":""yes"",""ticker"":""KXBTC15M-26APR281445-45"",""trade_id"":""7c161e20-51a9-618b-101a-02c9bc684bbc"",""yes_price_dollars"":""0.5700""}"
KXBTC15M-26APR281445-45,730cb601-75df-6ff5-367e-bc60d522eb57,1777401026,0.57,0.83,yes,"{""count_fp"":""0.83"",""created_time"":""2026-04-28T18:30:26.353774Z"",""no_price_dollars"":""0.4300"",""taker_side"":""yes"",""ticker"":""KXBTC15M-26APR281445-45"",""trade_id"":""730cb601-75df-6ff5-367e-bc60d522eb57"",""yes_price_dollars"":""0.5700""}"
KXBTC15M-26APR281445-45,499d21ba-208c-6da6-36ce-d2fe664eb30f,1777401026,0.57,0.34,yes,"{""count_fp"":""0.34"",""created_time"":""2026-04-28T18:30:26.353774Z"",""no_price_dollars"":""0.4300"",""taker_side"":""yes"",""ticker"":""KXBTC15M-26APR281445-45"",""trade_id"":""499d21ba-208c-6da6-36ce-d2fe664eb30f"",""yes_price_dollars"":""0.5700""}"
KXBTC15M-26APR281445-45,1d63fdd9-2457-667b-02f2-42284d7705f0,1777401026,0.57,0.04,yes,"{""count_fp"":""0.04"",""created_time"":""2026-04-28T18:30:26.353774Z"",""no_price_dollars"":""0.4300"",""taker_side"":""yes"",""ticker"":""KXBTC15M-26APR281445-45"",""trade_id"":""1d63fdd9-2457-667b-02f2-42284d7705f0"",""yes_price_dollars"":""0.5700""}"
KXBTC15M-26APR281445-45,ed8c106f-90c6-712d-ef59-7c7b45fcfc67,1777401026,0.56,3.0,no,"{""count_fp"":""3.00"",""created_time"":""2026-04-28T18:30:26.288138Z"",""no_price_dollars"":""0.4400"",""taker_side"":""no"",""ticker"":""KXBTC15M-26APR281445-45"",""trade_id"":""ed8c106f-90c6-712d-ef59-7c7b45fcfc67"",""yes_price_dollars"":""0.5600""}"
KXBTC15M-26APR281445-45,e311c306-f990-7bea-e958-26c9c6ef90aa,1777401026,0.55,40.0,no,"{""count_fp"":""40.00"",""created_time"":""2026-04-28T18:30:26.288138Z"",""no_price_dollars"":""0.4500"",""taker_side"":""no"",""ticker"":""KXBTC15M-26APR281445-45"",""trade_id"":""e311c306-f990-7bea-e958-26c9c6ef90aa"",""yes_price_dollars"":""0.5500""}"
KXBTC15M-26APR281445-45,dfe48d1b-9449-7eab-e1ae-e5ccd975777b,1777401026,0.56,40.0,no,"{""count_fp"":""40.00"",""created_time"":""2026-04-28T18:30:26.288138Z"",""no_price_dollars"":""0.4400"",""taker_side"":""no"",""ticker"":""KXBTC15M-26APR281445-45"",""trade_id"":""dfe48d1b-9449-7eab-e1ae-e5ccd975777b"",""yes_price_dollars"":""0.5600""}"
KXBTC15M-26APR281445-45,c7888d20-709d-71a0-e3af-3e8d8432b943,1777401026,0.54,40.0,no,"{""count_fp"":""40.00"",""created_time"":""2026-04-28T18:30:26.288138Z"",""no_price_dollars"":""0.4600"",""taker_side"":""no"",""ticker"":""KXBTC15M-26APR281445-45"",""trade_id"":""c7888d20-709d-71a0-e3af-3e8d8432b943"",""yes_price_dollars"":""0.5400""}"
KXBTC15M-26APR281445-45,7cc0bbf5-eba4-7f36-fe31-e2ab6ae6a8d2,1777401026,0.56,800.0,no,"{""count_fp"":""800.00"",""created_time"":""2026-04-28T18:30:26.288138Z"",""no_price_dollars"":""0.4400"",""taker_side"":""no"",""ticker"":""KXBTC15M-26APR281445-45"",""trade_id"":""7cc0bbf5-eba4-7f36-fe31-e2ab6ae6a8d2"",""yes_price_dollars"":""0.5600""}"
KXBTC15M-26APR281445-45,68dd8fbd-043f-7679-ee9f-6c07d6255605,1777401026,0.54,67.06,no,"{""count_fp"":""67.06"",""created_time"":""2026-04-28T18:30:26.288138Z"",""no_price_dollars"":""0.4600"",""taker_side"":""no"",""ticker"":""KXBTC15M-26APR281445-45"",""trade_id"":""68dd8fbd-043f-7679-ee9f-6c07d6255605"",""yes_price_dollars"":""0.5400""}"
KXBTC15M-26APR281445-45,52885613-53f8-7c2b-ec5a-af362738c0ae,1777401026,0.56,500.0,no,"{""count_fp"":""500.00"",""created_time"":""2026-04-28T18:30:26.288138Z"",""no_price_dollars"":""0.4400"",""taker_side"":""no"",""ticker"":""KXBTC15M-26APR281445-45"",""trade_id"":""52885613-53f8-7c2b-ec5a-af362738c0ae"",""yes_price_dollars"":""0.5600""}"
KXBTC15M-26APR281445-45,471f2942-7954-7174-f120-96a5643b7f18,1777401026,0.55,5.0,no,"{""count_fp"":""5.00"",""created_time"":""2026-04-28T18:30:26.288138Z"",""no_price_dollars"":""0.4500"",""taker_side"":""no"",""ticker"":""KXBTC15M-26APR281445-45"",""trade_id"":""471f2942-7954-7174-f120-96a5643b7f18"",""yes_price_dollars"":""0.5500""}"
KXBTC15M-26APR281445-45,2880718f-a004-7e3d-c9a5-ed377e8633ec,1777401026,0.55,114.0,no,"{""count_fp"":""114.00"",""created_time"":""2026-04-28T18:30:26.288138Z"",""no_price_dollars"":""0.4500"",""taker_side"":""no"",""ticker"":""KXBTC15M-26APR281445-45"",""trade_id"":""2880718f-a004-7e3d-c9a5-ed377e8633ec"",""yes_price_dollars"":""0.5500""}"
KXBTC15M-26APR281445-45,254be15f-2787-7e0c-c2f3-7e6caec371c8,1777401026,0.56,1.0,no,"{""count_fp"":""1.00"",""created_time"":""2026-04-28T18:30:26.288138Z"",""no_price_dollars"":""0.4400"",""taker_side"":""no"",""ticker"":""KXBTC15M-26APR281445-45"",""trade_id"":""254be15f-2787-7e0c-c2f3-7e6caec371c8"",""yes_price_dollars"":""0.5600""}"
KXBTC15M-26APR281445-45,08c0e7e1-d796-785f-eec4-7e564481b4d4,1777401026,0.54,1.0,no,"{""count_fp"":""1.00"",""created_time"":""2026-04-28T18:30:26.288138Z"",""no_price_dollars"":""0.4600"",""taker_side"":""no"",""ticker"":""KXBTC15M-26APR281445-45"",""trade_id"":""08c0e7e1-d796-785f-eec4-7e564481b4d4"",""yes_price_dollars"":""0.5400""}"
KXBTC15M-26APR281445-45,0840e929-5df8-7ae6-c6e7-61a42a28fea1,1777401026,0.56,13.12,no,"{""count_fp"":""13.12"",""created_time"":""2026-04-28T18:30:26.288138Z"",""no_price_dollars"":""0.4400"",""taker_side"":""no"",""ticker"":""KXBTC15M-26APR281445-45"",""trade_id"":""0840e929-5df8-7ae6-c6e7-61a42a28fea1"",""yes_price_dollars"":""0.5600""}"
KXBTC15M-26APR281445-45,9db4bd43-3081-5d4d-3174-8bf0b6e5a9c1,1777401026,0.56,20.98,no,"{""count_fp"":""20.98"",""created_time"":""2026-04-28T18:30:26.062821Z"",""no_price_dollars"":""0.4400"",""taker_side"":""no"",""ticker"":""KXBTC15M-26APR281445-45"",""trade_id"":""9db4bd43-3081-5d4d-3174-8bf0b6e5a9c1"",""yes_price_dollars"":""0.5600""}"
KXBTC15M-26APR281445-45,8b0a2cd3-249c-540a-28c2-31c1d49f2021,1777401026,0.56,0.88,no,"{""count_fp"":""0.88"",""created_time"":""2026-04-28T18:30:26.062821Z"",""no_price_dollars"":""0.4400"",""taker_side"":""no"",""ticker"":""KXBTC15M-26APR281445-45"",""trade_id"":""8b0a2cd3-249c-540a-28c2-31c1d49f2021"",""yes_price_dollars"":""0.5600""}"
KXBTC15M-26APR281445-45,eb6f1aea-f7c0-4664-5a81-91b77c1aed7e,1777401027,0.56,218.69,no,"{""count_fp"":""218.69"",""created_time"":""2026-04-28T18:30:27.641706Z"",""no_price_dollars"":""0.4400"",""taker_side"":""no"",""ticker"":""KXBTC15M-26APR281445-45"",""trade_id"":""eb6f1aea-f7c0-4664-5a81-91b77c1aed7e"",""yes_price_dollars"":""0.5600""}"
KXBTC15M-26APR281445-45,9bbe1c36-0fea-7730-7e3f-3c29b76e4731,1777401027,0.57,16.2,yes,"{""count_fp"":""16.20"",""created_time"":""2026-04-28T18:30:27.454965Z"",""no_price_dollars"":""0.4300"",""taker_side"":""yes"",""ticker"":""KXBTC15M-26APR281445-45"",""trade_id"":""9bbe1c36-0fea-7730-7e3f-3c29b76e4731"",""yes_price_dollars"":""0.5700""}"
KXBTC15M-26APR281445-45,6e9172af-fb2d-7dc7-5f0f-4fa84ed47984,1777401027,0.57,34.63,yes,"{""count_fp"":""34.63"",""created_time"":""2026-04-28T18:30:27.454965Z"",""no_price_dollars"":""0.4300"",""taker_side"":""yes"",""ticker"":""KXBTC15M-26APR281445-45"",""trade_id"":""6e9172af-fb2d-7dc7-5f0f-4fa84ed47984"",""yes_price_dollars"":""0.5700""}"
KXBTC15M-26APR281445-45,be4804b4-c912-6ee9-76e9-1d55ccc82f7e,1777401027,0.56,19.51,no,"{""count_fp"":""19.51"",""created_time"":""2026-04-28T18:30:27.222398Z"",""no_price_dollars"":""0.4400"",""taker_side"":""no"",""ticker"":""KXBTC15M-26APR281445-45"",""trade_id"":""be4804b4-c912-6ee9-76e9-1d55ccc82f7e"",""yes_price_dollars"":""0.5600""}"
KXBTC15M-26APR281445-45,53c0cab4-88b8-6d18-40e8-3255034a87ee,1777401027,0.56,0.49,no,"{""count_fp"":""0.49"",""created_time"":""2026-04-28T18:30:27.222398Z"",""no_price_dollars"":""0.4400"",""taker_side"":""no"",""ticker"":""KXBTC15M-26APR281445-45"",""trade_id"":""53c0cab4-88b8-6d18-40e8-3255034a87ee"",""yes_price_dollars"":""0.5600""}"
KXBTC15M-26APR281445-45,948ab2cd-5a81-5460-6092-0f53e09de793,1777401028,0.55,40.0,no,"{""count_fp"":""40.00"",""created_time"":""2026-04-28T18:30:28.270229Z"",""no_price_dollars"":""0.4500"",""taker_side"":""no"",""ticker"":""KXBTC15M-26APR281445-45"",""trade_id"":""948ab2cd-5a81-5460-6092-0f53e09de793"",""yes_price_dollars"":""0.5500""}"
KXBTC15M-26APR281445-45,8f29b349-b46e-59cf-5dd1-c4271cd9e5a4,1777401028,0.55,210.0,no,"{""count_fp"":""210.00"",""created_time"":""2026-04-28T18:30:28.270229Z"",""no_price_dollars"":""0.4500"",""taker_side"":""no"",""ticker"":""KXBTC15M-26APR281445-45"",""trade_id"":""8f29b349-b46e-59cf-5dd1-c4271cd9e5a4"",""yes_price_dollars"":""0.5500""}"
KXBTC15M-26APR281445-45,f9255902-f5f7-6285-6888-138a7acb4c71,1777401028,0.54,17.79,no,"{""count_fp"":""17.79"",""created_time"":""2026-04-28T18:30:28.045973Z"",""no_price_dollars"":""0.4600"",""taker_side"":""no"",""ticker"":""KXBTC15M-26APR281445-45"",""trade_id"":""f9255902-f5f7-6285-6888-138a7acb4c71"",""yes_price_dollars"":""0.5400""}"
KXBTC15M-26APR281445-45,edd69307-fd15-6b4c-6cf2-547ecba44744,1777401028,0.56,1.0,no,"{""count_fp"":""1.00"",""created_time"":""2026-04-28T18:30:28.045973Z"",""no_price_dollars"":""0.4400"",""taker_side"":""no"",""ticker"":""KXBTC15M-26APR281445-45"",""trade_id"":""edd69307-fd15-6b4c-6cf2-547ecba44744"",""yes_price_dollars"":""0.5600""}"
KXBTC15M-26APR281445-45,e2374f80-f8b4-68a1-605c-f5041e2610d3,1777401028,0.55,40.0,no,"{""count_fp"":""40.00"",""created_time"":""2026-04-28T18:30:28.045973Z"",""no_price_dollars"":""0.4500"",""taker_side"":""no"",""ticker"":""KXBTC15M-26APR281445-45"",""trade_id"":""e2374f80-f8b4-68a1-605c-f5041e2610d3"",""yes_price_dollars"":""0.5500""}"
KXBTC15M-26APR281445-45,da2d8ced-256b-646a-42d0-b727bb1c32b3,1777401028,0.55,16.75,no,"{""count_fp"":""16.75"",""created_time"":""2026-04-28T18:30:28.045973Z"",""no_price_dollars"":""0.4500"",""taker_side"":""no"",""ticker"":""KXBTC15M-26APR281445-45"",""trade_id"":""da2d8ced-256b-646a-42d0-b727bb1c32b3"",""yes_price_dollars"":""0.5500""}"
KXBTC15M-26APR281445-45,c71f5410-a722-6c6f-7ca8-15bd4f24647d,1777401028,0.55,3.0,no,"{""count_fp"":""3.00"",""created_time"":""2026-04-28T18:30:28.045973Z"",""no_price_dollars"":""0.4500"",""taker_side"":""no"",""ticker"":""KXBTC15M-26APR281445-45"",""trade_id"":""c71f5410-a722-6c6f-7ca8-15bd4f24647d"",""yes_price_dollars"":""0.5500""}"
KXBTC15M-26APR281445-45,bb0b2ff3-0885-6ba7-598d-e535a642ce5d,1777401028,0.56,14.0,no,"{""count_fp"":""14.00"",""created_time"":""2026-04-28T18:30:28.045973Z"",""no_price_dollars"":""0.4400"",""taker_side"":""no"",""ticker"":""KXBTC15M-26APR281445-45"",""trade_id"":""bb0b2ff3-0885-6ba7-598d-e535a642ce5d"",""yes_price_dollars"":""0.5600""}"
KXBTC15M-26APR281445-45,b6dae8d0-ec58-6b27-5032-096e66c67e74,1777401028,0.56,0.01,no,"{""count_fp"":""0.01"",""created_time"":""2026-04-28T18:30:28.045973Z"",""no_price_dollars"":""0.4400"",""taker_side"":""no"",""ticker"":""KXBTC15M-26APR281445-45"",""trade_id"":""b6dae8d0-ec58-6b27-5032-096e66c67e74"",""yes_price_dollars"":""0.5600""}"
KXBTC15M-26APR281445-45,95cbfbb3-0393-60d3-4cbe-c649dfc34878,1777401028,0.56,4.25,no,"{""count_fp"":""4.25"",""created_time"":""2026-04-28T18:30:28.045973Z"",""no_price_dollars"":""0.4400"",""taker_side"":""no"",""ticker"":""KXBTC15M-26APR281445-45"",""trade_id"":""95cbfbb3-0393-60d3-4cbe-c649dfc34878"",""yes_price_dollars"":""0.5600""}"
KXBTC15M-26APR281445-45,851922aa-3fe0-6682-78d0-da5c40ee1fd1,1777401028,0.56,0.03,no,"{""count_fp"":""0.03"",""created_time"":""2026-04-28T18:30:28.045973Z"",""no_price_dollars"":""0.4400"",""taker_side"":""no"",""ticker"":""KXBTC15M-26APR281445-45"",""trade_id"":""851922aa-3fe0-6682-78d0-da5c40ee1fd1"",""yes_price_dollars"":""0.5600""}"
KXBTC15M-26APR281445-45,7c607bd0-9e20-6459-7f8c-18df52b60a60,1777401028,0.55,5.0,no,"{""count_fp"":""5.00"",""created_time"":""2026-04-28T18:30:28.045973Z"",""no_price_dollars"":""0.4500"",""taker_side"":""no"",""ticker"":""KXBTC15M-26APR281445-45"",""trade_id"":""7c607bd0-9e20-6459-7f8c-18df52b60a60"",""yes_price_dollars"":""0.5500""}"
KXBTC15M-26APR281445-45,778c7f34-75f0-66c4-5aba-1560eac9945e,1777401028,0.56,65.72,no,"{""count_fp"":""65.72"",""created_time"":""2026-04-28T18:30:28.045973Z"",""no_price_dollars"":""0.4400"",""taker_side"":""no"",""ticker"":""KXBTC15M-26APR281445-45"",""trade_id"":""778c7f34-75f0-66c4-5aba-1560eac9945e"",""yes_price_dollars"":""0.5600""}"
KXBTC15M-26APR281445-45,1782c33f-a0c8-6ff6-46bb-0cdedb90fe52,1777401028,0.56,0.02,no,"{""count_fp"":""0.02"",""created_time"":""2026-04-28T18:30:28.045973Z"",""no_price_dollars"":""0.4400"",""taker_side"":""no"",""ticker"":""KXBTC15M-26APR281445-45"",""trade_id"":""1782c33f-a0c8-6ff6-46bb-0cdedb90fe52"",""yes_price_dollars"":""0.5600""}"
KXBTC15M-26APR281445-45,b79acd8c-aa8a-46c0-7d0c-79406eb94769,1777401028,0.57,34.06,yes,"{""count_fp"":""34.06"",""created_time"":""2026-04-28T18:30:28.003662Z"",""no_price_dollars"":""0.4300"",""taker_side"":""yes"",""ticker"":""KXBTC15M-26APR281445-45"",""trade_id"":""b79acd8c-aa8a-46c0-7d0c-79406eb94769"",""yes_price_dollars"":""0.5700""}"
KXBTC15M-26APR281445-45,1a360cad-5eed-40a9-faa4-5562925344eb,1777401029,0.54,25.98,yes,"{""count_fp"":""25.98"",""created_time"":""2026-04-28T18:30:29.944581Z"",""no_price_dollars"":""0.4600"",""taker_side"":""yes"",""ticker"":""KXBTC15M-26APR281445-45"",""trade_id"":""1a360cad-5eed-40a9-faa4-5562925344eb"",""yes_price_dollars"":""0.5400""}"
KXBTC15M-26APR281445-45,fc419e4b-7d36-612c-4697-390c80710058,1777401029,0.55,3.0,yes,"{""count_fp"":""3.00"",""created_time"":""2026-04-28T18:30:29.367889Z"",""no_price_dollars"":""0.4500"",""taker_side"":""yes"",""ticker"":""KXBTC15M-26APR281445-45"",""trade_id"":""fc419e4b-7d36-612c-4697-390c80710058"",""yes_price_dollars"":""0.5500""}"
KXBTC15M-26APR281445-45,be537615-7821-6246-4f54-744d41deef6d,1777401029,0.56,40.0,yes,"{""count_fp"":""40.00"",""created_time"":""2026-04-28T18:30:29.367889Z"",""no_price_dollars"":""0.4400"",""taker_side"":""yes"",""ticker"":""KXBTC15M-26APR281445-45"",""trade_id"":""be537615-7821-6246-4f54-744d41deef6d"",""yes_price_dollars"":""0.5600""}"
KXBTC15M-26APR281445-45,ba44c07b-cae2-6b65-6161-f0699d27666f,1777401029,0.56,0.01,yes,"{""count_fp"":""0.01"",""created_time"":""2026-04-28T18:30:29.367889Z"",""no_price_dollars"":""0.4400"",""taker_side"":""yes"",""ticker"":""KXBTC15M-26APR281445-45"",""trade_id"":""ba44c07b-cae2-6b65-6161-f0699d27666f"",""yes_price_dollars"":""0.5600""}"
KXBTC15M-26APR281445-45,79dd5f72-17c8-6cd0-70c3-ca79911b76fa,1777401029,0.55,28.0,yes,"{""count_fp"":""28.00"",""created_time"":""2026-04-28T18:30:29.367889Z"",""no_price_dollars"":""0.4500"",""taker_side"":""yes"",""ticker"":""KXBTC15M-26APR281445-45"",""trade_id"":""79dd5f72-17c8-6cd0-70c3-ca79911b76fa"",""yes_price_dollars"":""0.5500""}"
KXBTC15M-26APR281445-45,71e65854-edb5-6259-6b77-e2eac45ecb08,1777401029,0.56,1.0,yes,"{""count_fp"":""1.00"",""created_time"":""2026-04-28T18:30:29.367889Z"",""no_price_dollars"":""0.4400"",""taker_side"":""yes"",""ticker"":""KXBTC15M-26APR281445-45"",""trade_id"":""71e65854-edb5-6259-6b77-e2eac45ecb08"",""yes_price_dollars"":""0.5600""}"
KXBTC15M-26APR281445-45,71694a07-e302-6db0-4850-ad061ed3f9e5,1777401029,0.55,13.48,yes,"{""count_fp"":""13.48"",""created_time"":""2026-04-28T18:30:29.367889Z"",""no_price_dollars"":""0.4500"",""taker_side"":""yes"",""ticker"":""KXBTC15M-26APR281445-45"",""trade_id"":""71694a07-e302-6db0-4850-ad061ed3f9e5"",""yes_price_dollars"":""0.5500""}"
KXBTC15M-26APR281445-45,546c158a-f794-61f7-7f00-505f1e16c421,1777401029,0.56,0.14,yes,"{""count_fp"":""0.14"",""created_time"":""2026-04-28T18:30:29.367889Z"",""no_price_dollars"":""0.4400"",""taker_side"":""yes"",""ticker"":""KXBTC15M-26APR281445-45"",""trade_id"":""546c158a-f794-61f7-7f00-505f1e16c421"",""yes_price_dollars"":""0.5600""}"
KXBTC15M-26APR281445-45,48524818-1540-6559-7670-382f6cbde063,1777401029,0.56,3.88,yes,"{""count_fp"":""3.88"",""created_time"":""2026-04-28T18:30:29.367889Z"",""no_price_dollars"":""0.4400"",""taker_side"":""yes"",""ticker"":""KXBTC15M-26APR281445-45"",""trade_id"":""48524818-1540-6559-7670-382f6cbde063"",""yes_price_dollars"":""0.5600""}"
KXBTC15M-26APR281445-45,3c787c37-f1de-6a51-7305-25b4d2496a9c,1777401029,0.55,40.0,yes,"{""count_fp"":""40.00"",""created_time"":""2026-04-28T18:30:29.367889Z"",""no_price_dollars"":""0.4500"",""taker_side"":""yes"",""ticker"":""KXBTC15M-26APR281445-45"",""trade_id"":""3c787c37-f1de-6a51-7305-25b4d2496a9c"",""yes_price_dollars"":""0.5500""}"
KXBTC15M-26APR281445-45,36bb5af1-43be-685b-7de2-17b0ef7735fb,1777401029,0.56,15.85,yes,"{""count_fp"":""15.85"",""created_time"":""2026-04-28T18:30:29.367889Z"",""no_price_dollars"":""0.4400"",""taker_side"":""yes"",""ticker"":""KXBTC15M-26APR281445-45"",""trade_id"":""36bb5af1-43be-685b-7de2-17b0ef7735fb"",""yes_price_dollars"":""0.5600""}"
KXBTC15M-26APR281445-45,096b092c-4e39-6747-56ef-341fcc787be7,1777401029,0.56,0.08,yes,"{""count_fp"":""0.08"",""created_time"":""2026-04-28T18:30:29.367889Z"",""no_price_dollars"":""0.4400"",""taker_side"":""yes"",""ticker"":""KXBTC15M-26APR281445-45"",""trade_id"":""096b092c-4e39-6747-56ef-341fcc787be7"",""yes_price_dollars"":""0.5600""}"
KXBTC15M-26APR281445-45,60c80d50-beea-6384-e5fa-b4570029b873,1777401029,0.55,16.75,no,"{""count_fp"":""16.75"",""created_time"":""2026-04-28T18:30:29.286419Z"",""no_price_dollars"":""0.4500"",""taker_side"":""no"",""ticker"":""KXBTC15M-26APR281445-45"",""trade_id"":""60c80d50-beea-6384-e5fa-b4570029b873"",""yes_price_dollars"":""0.5500""}"
KXBTC15M-26APR281445-45,ef5532b4-236a-7663-b799-0e68f67b5d50,1777401029,0.55,25.96,no,"{""count_fp"":""25.96"",""created_time"":""2026-04-28T18:30:29.276202Z"",""no_price_dollars"":""0.4500"",""taker_side"":""no"",""ticker"":""KXBTC15M-26APR281445-45"",""trade_id"":""ef5532b4-236a-7663-b799-0e68f67b5d50"",""yes_price_dollars"":""0.5500""}"
KXBTC15M-26APR281445-45,4d63bda9-8e07-5688-f737-4530f275274c,1777401030,0.56,43.35,yes,"{""count_fp"":""43.35"",""created_time"":""2026-04-28T18:30:30.787741Z"",""no_price_dollars"":""0.4400"",""taker_side"":""yes"",""ticker"":""KXBTC15M-26APR281445-45"",""trade_id"":""4d63bda9-8e07-5688-f737-4530f275274c"",""yes_price_dollars"":""0.5600""}"
KXBTC15M-26APR281445-45,5b30b8f6-aa34-57cb-859b-7a6e432c4615,1777401030,0.56,3.0,yes,"{""count_fp"":""3.00"",""created_time"":""2026-04-28T18:30:30.783413Z"",""no_price_dollars"":""0.4400"",""taker_side"":""yes"",""ticker"":""KXBTC15M-26APR281445-45"",""trade_id"":""5b30b8f6-aa34-57cb-859b-7a6e432c4615"",""yes_price_dollars"":""0.5600""}"
KXBTC15M-26APR281445-45,28b5181a-3937-5144-8627-146b4afa8f30,1777401030,0.56,39.21,yes,"{""count_fp"":""39.21"",""created_time"":""2026-04-28T18:30:30.783413Z"",""no_price_dollars"":""0.4400"",""taker_side"":""yes"",""ticker"":""KXBTC15M-26APR281445-45"",""trade_id"":""28b5181a-3937-5144-8627-146b4afa8f30"",""yes_price_dollars"":""0.5600""}"
KXBTC15M-26APR281445-45,ce20a963-dbda-421b-d8be-3c50aad3c527,1777401030,0.56,40.0,yes,"{""count_fp"":""40.00"",""created_time"":""2026-04-28T18:30:30.775318Z"",""no_price_dollars"":""0.4400"",""taker_side"":""yes"",""ticker"":""KXBTC15M-26APR281445-45"",""trade_id"":""ce20a963-dbda-421b-d8be-3c50aad3c527"",""yes_price_dollars"":""0.5600""}"
KXBTC15M-26APR281445-45,62a244d4-14b5-44f5-ed2c-31b008e07aa6,1777401030,0.55,1.0,yes,"{""count_fp"":""1.00"",""created_time"":""2026-04-28T18:30:30.746818Z"",""no_price_dollars"":""0.4500"",""taker_side"":""yes"",""ticker"":""KXBTC15M-26APR281445-45"",""trade_id"":""62a244d4-14b5-44f5-ed2c-31b008e07aa6"",""yes_price_dollars"":""0.5500""}"
KXBTC15M-26APR281445-45,9185a8fa-35dd-624f-66e1-98aca06ae68c,1777401030,0.54,0.36,yes,"{""count_fp"":""0.36"",""created_time"":""2026-04-28T18:30:30.733664Z"",""no_price_dollars"":""0.4600"",""taker_side"":""yes"",""ticker"":""KXBTC15M-26APR281445-45"",""trade_id"":""9185a8fa-35dd-624f-66e1-98aca06ae68c"",""yes_price_dollars"":""0.5400""}"
KXBTC15M-26APR281445-45,8b7bf72a-db8c-68cc-5300-92180649a465,1777401030,0.54,22.0,yes,"{""count_fp"":""22.00"",""created_time"":""2026-04-28T18:30:30.733664Z"",""no_price_dollars"":""0.4600"",""taker_side"":""yes"",""ticker"":""KXBTC15M-26APR281445-45"",""trade_id"":""8b7bf72a-db8c-68cc-5300-92180649a465"",""yes_price_dollars"":""0.5400""}"
KXBTC15M-26APR281445-45,66691aab-5c58-6465-6726-f61e54c9e68b,1777401030,0.54,4.06,yes,"{""count_fp"":""4.06"",""created_time"":""2026-04-28T18:30:30.733664Z"",""no_price_dollars"":""0.4600"",""taker_side"":""yes"",""ticker"":""KXBTC15M-26APR281445-45"",""trade_id"":""66691aab-5c58-6465-6726-f61e54c9e68b"",""yes_price_dollars"":""0.5400""}"
KXBTC15M-26APR281445-45,4b410441-a843-6910-4109-ac5dc1d364dd,1777401030,0.54,26.87,yes,"{""count_fp"":""26.87"",""created_time"":""2026-04-28T18:30:30.733664Z"",""no_price_dollars"":""0.4600"",""taker_side"":""yes"",""ticker"":""KXBTC15M-26APR281445-45"",""trade_id"":""4b410441-a843-6910-4109-ac5dc1d364dd"",""yes_price_dollars"":""0.5400""}"
KXBTC15M-26APR281445-45,28da248a-148f-6159-7109-2c50a82496aa,1777401030,0.54,5.0,yes,"{""count_fp"":""5.00"",""created_time"":""2026-04-28T18:30:30.733664Z"",""no_price_dollars"":""0.4600"",""taker_side"":""yes"",""ticker"":""KXBTC15M-26APR281445-45"",""trade_id"":""28da248a-148f-6159-7109-2c50a82496aa"",""yes_price_dollars"":""0.5400""}"
KXBTC15M-26APR281445-45,e78a9e41-3a63-46d0-47ac-13996df6a7d5,1777401030,0.54,22.39,yes,"{""count_fp"":""22.39"",""created_time"":""2026-04-28T18:30:30.733447Z"",""no_price_dollars"":""0.4600"",""taker_side"":""yes"",""ticker"":""KXBTC15M-26APR281445-45"",""trade_id"":""e78a9e41-3a63-46d0-47ac-13996df6a7d5"",""yes_price_dollars"":""0.5400""}"
KXBTC15M-26APR281445-45,9586e7a0-b86a-5637-9623-d4b37ccff4f4,1777401030,0.53,30.87,no,"{""count_fp"":""30.87"",""created_time"":""2026-04-28T18:30:30.593216Z"",""no_price_dollars"":""0.4700"",""taker_side"":""no"",""ticker"":""KXBTC15M-26APR281445-45"",""trade_id"":""9586e7a0-b86a-5637-9623-d4b37ccff4f4"",""yes_price_dollars"":""0.5300""}"
KXBTC15M-26APR281445-45,b12293d5-b766-7f3b-f960-2d088a4f1d9c,1777401030,0.53,10.84,no,"{""count_fp"":""10.84"",""created_time"":""2026-04-28T18:30:30.552094Z"",""no_price_dollars"":""0.4700"",""taker_side"":""no"",""ticker"":""KXBTC15M-26APR281445-45"",""trade_id"":""b12293d5-b766-7f3b-f960-2d088a4f1d9c"",""yes_price_dollars"":""0.5300""}"
KXBTC15M-26APR281445-45,0441e75c-98db-74e8-da77-5fbb56e3335b,1777401030,0.53,5.0,no,"{""count_fp"":""5.00"",""created_time"":""2026-04-28T18:30:30.552094Z"",""no_price_dollars"":""0.4700"",""taker_side"":""no"",""ticker"":""KXBTC15M-26APR281445-45"",""trade_id"":""0441e75c-98db-74e8-da77-5fbb56e3335b"",""yes_price_dollars"":""0.5300""}"
KXBTC15M-26APR281445-45,e01da1ce-ddab-4aa8-b09c-109e4d02f361,1777401030,0.54,1.0,yes,"{""count_fp"":""1.00"",""created_time"":""2026-04-28T18:30:30.390589Z"",""no_price_dollars"":""0.4600"",""taker_side"":""yes"",""ticker"":""KXBTC15M-26APR281445-45"",""trade_id"":""e01da1ce-ddab-4aa8-b09c-109e4d02f361"",""yes_price_dollars"":""0.5400""}"
KXBTC15M-26APR281445-45,d05ecef6-5a61-4fb9-a3a1-ead6ee7b6cd3,1777401030,0.54,2.0,yes,"{""count_fp"":""2.00"",""created_time"":""2026-04-28T18:30:30.044142Z"",""no_price_dollars"":""0.4600"",""taker_side"":""yes"",""ticker"":""KXBTC15M-26APR281445-45"",""trade_id"":""d05ecef6-5a61-4fb9-a3a1-ead6ee7b6cd3"",""yes_price_dollars"":""0.5400""}"
KXBTC15M-26APR281445-45,d379569e-3fbe-7f98-df99-a7015fa25936,1777401031,0.58,2.0,yes,"{""count_fp"":""2.00"",""created_time"":""2026-04-28T18:30:31.630272Z"",""no_price_dollars"":""0.4200"",""taker_side"":""yes"",""ticker"":""KXBTC15M-26APR281445-45"",""trade_id"":""d379569e-3fbe-7f98-df99-a7015fa25936"",""yes_price_dollars"":""0.5800""}"
KXBTC15M-26APR281445-45,3555529b-7f82-5b9b-fe50-8102a2c7783c,1777401031,0.57,5.0,no,"{""count_fp"":""5.00"",""created_time"":""2026-04-28T18:30:31.418598Z"",""no_price_dollars"":""0.4300"",""taker_side"":""no"",""ticker"":""KXBTC15M-26APR281445-45"",""trade_id"":""3555529b-7f82-5b9b-fe50-8102a2c7783c"",""yes_price_dollars"":""0.5700""}"
KXBTC15M-26APR281445-45,bd3ea46d-2e3c-6257-53b3-bdb7159ed5cf,1777401031,0.57,3.0,no,"{""count_fp"":""3.00"",""created_time"":""2026-04-28T18:30:31.098589Z"",""no_price_dollars"":""0.4300"",""taker_side"":""no"",""ticker"":""KXBTC15M-26APR281445-45"",""trade_id"":""bd3ea46d-2e3c-6257-53b3-bdb7159ed5cf"",""yes_price_dollars"":""0.5700""}"
KXBTC15M-26APR281445-45,9d518c18-4da0-60a2-60b7-b2848efd4367,1777401031,0.57,40.0,no,"{""count_fp"":""40.00"",""created_time"":""2026-04-28T18:30:31.098589Z"",""no_price_dollars"":""0.4300"",""taker_side"":""no"",""ticker"":""KXBTC15M-26APR281445-45"",""trade_id"":""9d518c18-4da0-60a2-60b7-b2848efd4367"",""yes_price_dollars"":""0.5700""}"
KXBTC15M-26APR281445-45,4385509d-47e2-6543-5937-a59d59bc5f7c,1777401031,0.57,7.0,no,"{""count_fp"":""7.00"",""created_time"":""2026-04-28T18:30:31.098589Z"",""no_price_dollars"":""0.4300"",""taker_side"":""no"",""ticker"":""KXBTC15M-26APR281445-45"",""trade_id"":""4385509d-47e2-6543-5937-a59d59bc5f7c"",""yes_price_dollars"":""0.5700""}"
KXBTC15M-26APR281445-45,90782849-35ae-473b-f098-40b10d33e550,1777401032,0.57,55.53,no,"{""count_fp"":""55.53"",""created_time"":""2026-04-28T18:30:32.921391Z"",""no_price_dollars"":""0.4300"",""taker_side"":""no"",""ticker"":""KXBTC15M-26APR281445-45"",""trade_id"":""90782849-35ae-473b-f098-40b10d33e550"",""yes_price_dollars"":""0.5700""}"
KXBTC15M-26APR281445-45,73022f4e-302a-7447-5116-177dfb1dde1c,1777401032,0.57,25.0,no,"{""count_fp"":""25.00"",""created_time"":""2026-04-28T18:30:32.824975Z"",""no_price_dollars"":""0.4300"",""taker_side"":""no"",""ticker"":""KXBTC15M-26APR281445-45"",""trade_id"":""73022f4e-302a-7447-5116-177dfb1dde1c"",""yes_price_dollars"":""0.5700""}"
KXBTC15M-26APR281445-45,b64eae85-c432-520f-8f8c-3f015154bca4,1777401032,0.57,111.81,no,"{""count_fp"":""111.81"",""created_time"":""2026-04-28T18:30:32.654181Z"",""no_price_dollars"":""0.4300"",""taker_side"":""no"",""ticker"":""KXBTC15M-26APR281445-45"",""trade_id"":""b64eae85-c432-520f-8f8c-3f015154bca4"",""yes_price_dollars"":""0.5700""}"
KXBTC15M-26APR281445-45,8833f620-f3fb-623a-9cf5-03d0f8d14b8e,1777401032,0.58,27.0,yes,"{""count_fp"":""27.00"",""created_time"":""2026-04-28T18:30:32.139803Z"",""no_price_dollars"":""0.4200"",""taker_side"":""yes"",""ticker"":""KXBTC15M-26APR281445-45"",""trade_id"":""8833f620-f3fb-623a-9cf5-03d0f8d14b8e"",""yes_price_dollars"":""0.5800""}"
KXBTC15M-26APR281445-45,847c485a-f422-6c24-ac21-dc843ce9c4fa,1777401032,0.58,48.0,yes,"{""count_fp"":""48.00"",""created_time"":""2026-04-28T18:30:32.139803Z"",""no_price_dollars"":""0.4200"",""taker_side"":""yes"",""ticker"":""KXBTC15M-26APR281445-45"",""trade_id"":""847c485a-f422-6c24-ac21-dc843ce9c4fa"",""yes_price_dollars"":""0.5800""}"
KXBTC15M-26APR281445-45,633b6b5e-0668-67a9-93f9-951dbb8f92a7,1777401032,0.58,8.74,yes,"{""count_fp"":""8.74"",""created_time"":""2026-04-28T18:30:32.139803Z"",""no_price_dollars"":""0.4200"",""taker_side"":""yes"",""ticker"":""KXBTC15M-26APR281445-45"",""trade_id"":""633b6b5e-0668-67a9-93f9-951dbb8f92a7"",""yes_price_dollars"":""0.5800""}"
KXBTC15M-26APR281445-45,8da3177c-7cf9-74f6-6791-272a9eb00813,1777401033,0.58,1.88,yes,"{""count_fp"":""1.88"",""created_time"":""2026-04-28T18:30:33.548449Z"",""no_price_dollars"":""0.4200"",""taker_side"":""yes"",""ticker"":""KXBTC15M-26APR281445-45"",""trade_id"":""8da3177c-7cf9-74f6-6791-272a9eb00813"",""yes_price_dollars"":""0.5800""}"
KXBTC15M-26APR281445-45,695a1d16-d164-74c6-7393-6544ca3c2214,1777401033,0.59,9.78,yes,"{""count_fp"":""9.78"",""created_time"":""2026-04-28T18:30:33.548449Z"",""no_price_dollars"":""0.4100"",""taker_side"":""yes"",""ticker"":""KXBTC15M-26APR281445-45"",""trade_id"":""695a1d16-d164-74c6-7393-6544ca3c2214"",""yes_price_dollars"":""0.5900""}"
KXBTC15M-26APR281445-45,63dff8cd-2548-7161-5ab2-f0d7dc91aaef,1777401033,0.58,31.26,yes,"{""count_fp"":""31.26"",""created_time"":""2026-04-28T18:30:33.548449Z"",""no_price_dollars"":""0.4200"",""taker_side"":""yes"",""ticker"":""KXBTC15M-26APR281445-45"",""trade_id"":""63dff8cd-2548-7161-5ab2-f0d7dc91aaef"",""yes_price_dollars"":""0.5800""}"
KXBTC15M-26APR281445-45,560bf19d-90fc-7d7b-7664-75e166d164aa,1777401033,0.58,7.0,yes,"{""count_fp"":""7.00"",""created_time"":""2026-04-28T18:30:33.548449Z"",""no_price_dollars"":""0.4200"",""taker_side"":""yes"",""ticker"":""KXBTC15M-26APR281445-45"",""trade_id"":""560bf19d-90fc-7d7b-7664-75e166d164aa"",""yes_price_dollars"":""0.5800""}"
KXBTC15M-26APR281445-45,f553928c-d5f1-6128-7ed1-3648e4b79a84,1777401033,0.57,52.0,no,"{""count_fp"":""52.00"",""created_time"":""2026-04-28T18:30:33.229937Z"",""no_price_dollars"":""0.4300"",""taker_side"":""no"",""ticker"":""KXBTC15M-26APR281445-45"",""trade_id"":""f553928c-d5f1-6128-7ed1-3648e4b79a84"",""yes_price_dollars"":""0.5700""}"
KXBTC15M-26APR281445-45,98547c30-1f17-6fe1-4c88-f97ffec37d11,1777401033,0.57,59.81,no,"{""count_fp"":""59.81"",""created_time"":""2026-04-28T18:30:33.229937Z"",""no_price_dollars"":""0.4300"",""taker_side"":""no"",""ticker"":""KXBTC15M-26APR281445-45"",""trade_id"":""98547c30-1f17-6fe1-4c88-f97ffec37d11"",""yes_price_dollars"":""0.5700""}"
KXBTC15M-26APR281445-45,13aba7a3-bb58-6161-2d0b-0acb1a5aac03,1777401034,0.58,106.99,no,"{""count_fp"":""106.99"",""created_time"":""2026-04-28T18:30:34.427755Z"",""no_price_dollars"":""0.4200"",""taker_side"":""no"",""ticker"":""KXBTC15M-26APR281445-45"",""trade_id"":""13aba7a3-bb58-6161-2d0b-0acb1a5aac03"",""yes_price_dollars"":""0.5800""}"
KXBTC15M-26APR281445-45,f7774122-5298-7605-44bb-44ee9b639aff,1777401034,0.58,25.0,no,"{""count_fp"":""25.00"",""created_time"":""2026-04-28T18:30:34.149042Z"",""no_price_dollars"":""0.4200"",""taker_side"":""no"",""ticker"":""KXBTC15M-26APR281445-45"",""trade_id"":""f7774122-5298-7605-44bb-44ee9b639aff"",""yes_price_dollars"":""0.5800""}"
KXBTC15M-26APR281445-45,5f87d7dd-1d20-59fd-e776-2aae1c6019b7,1777401034,0.58,10.25,no,"{""count_fp"":""10.25"",""created_time"":""2026-04-28T18:30:34.049177Z"",""no_price_dollars"":""0.4200"",""taker_side"":""no"",""ticker"":""KXBTC15M-26APR281445-45"",""trade_id"":""5f87d7dd-1d20-59fd-e776-2aae1c6019b7"",""yes_price_dollars"":""0.5800""}"
KXBTC15M-26APR281445-45,ab522ef6-a870-46ec-3486-fa093b548fa0,1777401035,0.58,38.01,no,"{""count_fp"":""38.01"",""created_time"":""2026-04-28T18:30:35.407483Z"",""no_price_dollars"":""0.4200"",""taker_side"":""no"",""ticker"":""KXBTC15M-26APR281445-45"",""trade_id"":""ab522ef6-a870-46ec-3486-fa093b548fa0"",""yes_price_dollars"":""0.5800""}"
KXBTC15M-26APR281445-45,bac5aee4-d060-4824-5da9-2930b41694a8,1777401035,0.58,1.0,no,"{""count_fp"":""1.00"",""created_time"":""2026-04-28T18:30:35.161918Z"",""no_price_dollars"":""0.4200"",""taker_side"":""no"",""ticker"":""KXBTC15M-26APR281445-45"",""trade_id"":""bac5aee4-d060-4824-5da9-2930b41694a8"",""yes_price_dollars"":""0.5800""}"
KXBTC15M-26APR281445-45,b2122d9d-b2c5-7de4-008c-928bd3764a86,1777401037,0.58,4.61,yes,"{""count_fp"":""4.61"",""created_time"":""2026-04-28T18:30:37.585793Z"",""no_price_dollars"":""0.4200"",""taker_side"":""yes"",""ticker"":""KXBTC15M-26APR281445-45"",""trade_id"":""b2122d9d-b2c5-7de4-008c-928bd3764a86"",""yes_price_dollars"":""0.5800""}"
KXBTC15M-26APR281445-45,f0d8b251-50e5-7cc4-fa68-6f0df1716c92,1777401037,0.58,16.74,yes,"{""count_fp"":""16.74"",""created_time"":""2026-04-28T18:30:37.405686Z"",""no_price_dollars"":""0.4200"",""taker_side"":""yes"",""ticker"":""KXBTC15M-26APR281445-45"",""trade_id"":""f0d8b251-50e5-7cc4-fa68-6f0df1716c92"",""yes_price_dollars"":""0.5800""}"
KXBTC15M-26APR281445-45,cb81a9ec-560c-6df4-512e-3dbd3817c07c,1777401037,0.58,65.38,no,"{""count_fp"":""65.38"",""created_time"":""2026-04-28T18:30:37.260626Z"",""no_price_dollars"":""0.4200"",""taker_side"":""no"",""ticker"":""KXBTC15M-26APR281445-45"",""trade_id"":""cb81a9ec-560c-6df4-512e-3dbd3817c07c"",""yes_price_dollars"":""0.5800""}"
KXBTC15M-26APR281445-45,bf6a6a14-0cb8-6374-c583-8f6c41572c84,1777401037,0.58,47.69,no,"{""count_fp"":""47.69"",""created_time"":""2026-04-28T18:30:37.260522Z"",""no_price_dollars"":""0.4200"",""taker_side"":""no"",""ticker"":""KXBTC15M-26APR281445-45"",""trade_id"":""bf6a6a14-0cb8-6374-c583-8f6c41572c84"",""yes_price_dollars"":""0.5800""}"
KXBTC15M-26APR281445-45,1b41fd4e-3b10-654f-f4d8-e50a07895aea,1777401037,0.58,0.18,no,"{""count_fp"":""0.18"",""created_time"":""2026-04-28T18:30:37.260522Z"",""no_price_dollars"":""0.4200"",""taker_side"":""no"",""ticker"":""KXBTC15M-26APR281445-45"",""trade_id"":""1b41fd4e-3b10-654f-f4d8-e50a07895aea"",""yes_price_dollars"":""0.5800""}"
KXBTC15M-26APR281445-45,a99400eb-db18-6fe0-0b08-a85205775408,1777401037,0.58,42.76,no,"{""count_fp"":""42.76"",""created_time"":""2026-04-28T18:30:37.042026Z"",""no_price_dollars"":""0.4200"",""taker_side"":""no"",""ticker"":""KXBTC15M-26APR281445-45"",""trade_id"":""a99400eb-db18-6fe0-0b08-a85205775408"",""yes_price_dollars"":""0.5800""}"
KXBTC15M-26APR281445-45,d5c09ff6-dc8c-4fdc-c8eb-272edf49fb58,1777401037,0.58,40.57,no,"{""count_fp"":""40.57"",""created_time"":""2026-04-28T18:30:37.037155Z"",""no_price_dollars"":""0.4200"",""taker_side"":""no"",""ticker"":""KXBTC15M-26APR281445-45"",""trade_id"":""d5c09ff6-dc8c-4fdc-c8eb-272edf49fb58"",""yes_price_dollars"":""0.5800""}"
KXBTC15M-26APR281445-45,ed91841c-ddb5-69f0-772e-406aa14e0856,1777401038,0.57,16.9,no,"{""count_fp"":""16.90"",""created_time"":""2026-04-28T18:30:38.815377Z"",""no_price_dollars"":""0.4300"",""taker_side"":""no"",""ticker"":""KXBTC15M-26APR281445-45"",""trade_id"":""ed91841c-ddb5-69f0-772e-406aa14e0856"",""yes_price_dollars"":""0.5700""}"
KXBTC15M-26APR281445-45,5a867acd-1bae-614e-755d-0961a896ef7d,1777401038,0.58,39.0,no,"{""count_fp"":""39.00"",""created_time"":""2026-04-28T18:30:38.815377Z"",""no_price_dollars"":""0.4200"",""taker_side"":""no"",""ticker"":""KXBTC15M-26APR281445-45"",""trade_id"":""5a867acd-1bae-614e-755d-0961a896ef7d"",""yes_price_dollars"":""0.5800""}"
KXBTC15M-26APR281445-45,3a305470-3800-747a-9955-359992fc71d4,1777401038,0.59,19.77,yes,"{""count_fp"":""19.77"",""created_time"":""2026-04-28T18:30:38.740498Z"",""no_price_dollars"":""0.4100"",""taker_side"":""yes"",""ticker"":""KXBTC15M-26APR281445-45"",""trade_id"":""3a305470-3800-747a-9955-359992fc71d4"",""yes_price_dollars"":""0.5900""}"
KXBTC15M-26APR281445-45,db3f123f-0a81-46d7-4bd7-a89eadac4d4c,1777401038,0.56,30.0,yes,"{""count_fp"":""30.00"",""created_time"":""2026-04-28T18:30:38.523154Z"",""no_price_dollars"":""0.4400"",""taker_side"":""yes"",""ticker"":""KXBTC15M-26APR281445-45"",""trade_id"":""db3f123f-0a81-46d7-4bd7-a89eadac4d4c"",""yes_price_dollars"":""0.5600""}"
KXBTC15M-26APR281445-45,cfc23eb2-05da-4278-6862-93c295ab47ec,1777401038,0.56,6.88,yes,"{""count_fp"":""6.88"",""created_time"":""2026-04-28T18:30:38.523154Z"",""no_price_dollars"":""0.4400"",""taker_side"":""yes"",""ticker"":""KXBTC15M-26APR281445-45"",""trade_id"":""cfc23eb2-05da-4278-6862-93c295ab47ec"",""yes_price_dollars"":""0.5600""}"
KXBTC15M-26APR281445-45,30dc7436-d1ca-4cc4-d782-bcd7513a4328,1777401038,0.56,20.69,yes,"{""count_fp"":""20.69"",""created_time"":""2026-04-28T18:30:38.497474Z"",""no_price_dollars"":""0.4400"",""taker_side"":""yes"",""ticker"":""KXBTC15M-26APR281445-45"",""trade_id"":""30dc7436-d1ca-4cc4-d782-bcd7513a4328"",""yes_price_dollars"":""0.5600""}"
KXBTC15M-26APR281445-45,b38aebd6-e06e-7de0-d2d4-ef46f3db57b4,1777401038,0.56,24.68,yes,"{""count_fp"":""24.68"",""created_time"":""2026-04-28T18:30:38.402171Z"",""no_price_dollars"":""0.4400"",""taker_side"":""yes"",""ticker"":""KXBTC15M-26APR281445-45"",""trade_id"":""b38aebd6-e06e-7de0-d2d4-ef46f3db57b4"",""yes_price_dollars"":""0.5600""}"
KXBTC15M-26APR281445-45,ed44fe3d-9f92-7dcc-ef35-7bd161bf8e3c,1777401038,0.56,22.75,yes,"{""count_fp"":""22.75"",""created_time"":""2026-04-28T18:30:38.244581Z"",""no_price_dollars"":""0.4400"",""taker_side"":""yes"",""ticker"":""KXBTC15M-26APR281445-45"",""trade_id"":""ed44fe3d-9f92-7dcc-ef35-7bd161bf8e3c"",""yes_price_dollars"":""0.5600""}"
KXBTC15M-26APR281445-45,d8b76248-257c-430c-5128-9777cc549c34,1777401038,0.56,500.0,no,"{""count_fp"":""500.00"",""created_time"":""2026-04-28T18:30:38.061874Z"",""no_price_dollars"":""0.4400"",""taker_side"":""no"",""ticker"":""KXBTC15M-26APR281445-45"",""trade_id"":""d8b76248-257c-430c-5128-9777cc549c34"",""yes_price_dollars"":""0.5600""}"
KXBTC15M-26APR281445-45,cf4ff15a-fdf4-4f87-5a1f-24ebbbb35818,1777401038,0.57,5.0,no,"{""count_fp"":""5.00"",""created_time"":""2026-04-28T18:30:38.061874Z"",""no_price_dollars"":""0.4300"",""taker_side"":""no"",""ticker"":""KXBTC15M-26APR281445-45"",""trade_id"":""cf4ff15a-fdf4-4f87-5a1f-24ebbbb35818"",""yes_price_dollars"":""0.5700""}"
KXBTC15M-26APR281445-45,83e3d0fb-a938-47ed-6218-d59ecaad6f6a,1777401038,0.56,10.0,no,"{""count_fp"":""10.00"",""created_time"":""2026-04-28T18:30:38.061874Z"",""no_price_dollars"":""0.4400"",""taker_side"":""no"",""ticker"":""KXBTC15M-26APR281445-45"",""trade_id"":""83e3d0fb-a938-47ed-6218-d59ecaad6f6a"",""yes_price_dollars"":""0.5600""}"
KXBTC15M-26APR281445-45,405288ea-045a-4714-a49c-979f55ef7e96,1777401039,0.57,1.06,no,"{""count_fp"":""1.06"",""created_time"":""2026-04-28T18:30:39.521237Z"",""no_price_dollars"":""0.4300"",""taker_side"":""no"",""ticker"":""KXBTC15M-26APR281445-45"",""trade_id"":""405288ea-045a-4714-a49c-979f55ef7e96"",""yes_price_dollars"":""0.5700""}"
KXBTC15M-26APR281445-45,6bd32809-5565-5b38-dde6-ae7fb2fbfb4a,1777401039,0.57,23.1,no,"{""count_fp"":""23.10"",""created_time"":""2026-04-28T18:30:39.360929Z"",""no_price_dollars"":""0.4300"",""taker_side"":""no"",""ticker"":""KXBTC15M-26APR281445-45"",""trade_id"":""6bd32809-5565-5b38-dde6-ae7fb2fbfb4a"",""yes_price_dollars"":""0.5700""}"
KXBTC15M-26APR281445-45,6407f581-139e-58c4-c07a-ba72ddf7419e,1777401039,0.57,1.76,no,"{""count_fp"":""1.76"",""created_time"":""2026-04-28T18:30:39.360929Z"",""no_price_dollars"":""0.4300"",""taker_side"":""no"",""ticker"":""KXBTC15M-26APR281445-45"",""trade_id"":""6407f581-139e-58c4-c07a-ba72ddf7419e"",""yes_price_dollars"":""0.5700""}"
KXBTC15M-26APR281445-45,ab8fc8dc-5341-6cf4-16f1-80fab6bfb04e,1777401040,0.58,4.11,yes,"{""count_fp"":""4.11"",""created_time"":""2026-04-28T18:30:40.268508Z"",""no_price_dollars"":""0.4200"",""taker_side"":""yes"",""ticker"":""KXBTC15M-26APR281445-45"",""trade_id"":""ab8fc8dc-5341-6cf4-16f1-80fab6bfb04e"",""yes_price_dollars"":""0.5800""}"
KXBTC15M-26APR281445-45,dc070dfd-5a7c-5faa-fd34-9ac9f9f7a965,1777401041,0.58,1.0,yes,"{""count_fp"":""1.00"",""created_time"":""2026-04-28T18:30:41.768244Z"",""no_price_dollars"":""0.4200"",""taker_side"":""yes"",""ticker"":""KXBTC15M-26APR281445-45"",""trade_id"":""dc070dfd-5a7c-5faa-fd34-9ac9f9f7a965"",""yes_price_dollars"":""0.5800""}"
KXBTC15M-26APR281445-45,60bd24d2-f9de-5e3f-d0f3-45a3b4fb9104,1777401041,0.58,4.84,yes,"{""count_fp"":""4.84"",""created_time"":""2026-04-28T18:30:41.768244Z"",""no_price_dollars"":""0.4200"",""taker_side"":""yes"",""ticker"":""KXBTC15M-26APR281445-45"",""trade_id"":""60bd24d2-f9de-5e3f-d0f3-45a3b4fb9104"",""yes_price_dollars"":""0.5800""}"
KXBTC15M-26APR281445-45,ff3c27c7-add4-5847-a55b-f9d72012c2e0,1777401041,0.57,40.0,no,"{""count_fp"":""40.00"",""created_time"":""2026-04-28T18:30:41.201458Z"",""no_price_dollars"":""0.4300"",""taker_side"":""no"",""ticker"":""KXBTC15M-26APR281445-45"",""trade_id"":""ff3c27c7-add4-5847-a55b-f9d72012c2e0"",""yes_price_dollars"":""0.5700""}"
KXBTC15M-26APR281445-45,f253a496-22a8-5786-b582-42bdbe324f6a,1777401041,0.57,3.0,no,"{""count_fp"":""3.00"",""created_time"":""2026-04-28T18:30:41.201458Z"",""no_price_dollars"":""0.4300"",""taker_side"":""no"",""ticker"":""KXBTC15M-26APR281445-45"",""trade_id"":""f253a496-22a8-5786-b582-42bdbe324f6a"",""yes_price_dollars"":""0.5700""}"
KXBTC15M-26APR281445-45,ee129edd-bd2b-57b8-b39e-7f0a4ee12abe,1777401041,0.57,16.0,no,"{""count_fp"":""16.00"",""created_time"":""2026-04-28T18:30:41.201458Z"",""no_price_dollars"":""0.4300"",""taker_side"":""no"",""ticker"":""KXBTC15M-26APR281445-45"",""trade_id"":""ee129edd-bd2b-57b8-b39e-7f0a4ee12abe"",""yes_price_dollars"":""0.5700""}"
KXBTC15M-26APR281445-45,d49bef2a-862f-5c69-a291-80dc4403ce41,1777401041,0.57,1100.26,no,"{""count_fp"":""1100.26"",""created_time"":""2026-04-28T18:30:41.201458Z"",""no_price_dollars"":""0.4300"",""taker_side"":""no"",""ticker"":""KXBTC15M-26APR281445-45"",""trade_id"":""d49bef2a-862f-5c69-a291-80dc4403ce41"",""yes_price_dollars"":""0.5700""}"
KXBTC15M-26APR281445-45,abeb7ede-a33b-5271-9ea0-9c5431dfe8d4,1777401041,0.57,56.0,no,"{""count_fp"":""56.00"",""created_time"":""2026-04-28T18:30:41.201458Z"",""no_price_dollars"":""0.4300"",""taker_side"":""no"",""ticker"":""KXBTC15M-26APR281445-45"",""trade_id"":""abeb7ede-a33b-5271-9ea0-9c5431dfe8d4"",""yes_price_dollars"":""0.5700""}"
KXBTC15M-26APR281445-45,92f5c685-3632-5740-8fa3-fd0fc3f46ae6,1777401041,0.57,390.08,no,"{""count_fp"":""390.08"",""created_time"":""2026-04-28T18:30:41.201458Z"",""no_price_dollars"":""0.4300"",""taker_side"":""no"",""ticker"":""KXBTC15M-26APR281445-45"",""trade_id"":""92f5c685-3632-5740-8fa3-fd0fc3f46ae6"",""yes_price_dollars"":""0.5700""}"
KXBTC15M-26APR281445-45,4742c373-fba8-5127-aad4-8777e5e9a4a9,1777401041,0.57,584.78,no,"{""count_fp"":""584.78"",""created_time"":""2026-04-28T18:30:41.201458Z"",""no_price_dollars"":""0.4300"",""taker_side"":""no"",""ticker"":""KXBTC15M-26APR281445-45"",""trade_id"":""4742c373-fba8-5127-aad4-8777e5e9a4a9"",""yes_price_dollars"":""0.5700""}"
KXBTC15M-26APR281445-45,3773ecb9-b5fa-5a9a-a767-7607b49d0179,1777401041,0.57,0.19,no,"{""count_fp"":""0.19"",""created_time"":""2026-04-28T18:30:41.201458Z"",""no_price_dollars"":""0.4300"",""taker_side"":""no"",""ticker"":""KXBTC15M-26APR281445-45"",""trade_id"":""3773ecb9-b5fa-5a9a-a767-7607b49d0179"",""yes_price_dollars"":""0.5700""}"
KXBTC15M-26APR281445-45,32abb581-b11b-5294-9796-3222cd02cde8,1777401041,0.57,10.0,no,"{""count_fp"":""10.00"",""created_time"":""2026-04-28T18:30:41.201458Z"",""no_price_dollars"":""0.4300"",""taker_side"":""no"",""ticker"":""KXBTC15M-26APR281445-45"",""trade_id"":""32abb581-b11b-5294-9796-3222cd02cde8"",""yes_price_dollars"":""0.5700""}"
KXBTC15M-26APR281445-45,ee2bc2eb-5cf3-40ce-3bf3-80861c929930,1777401042,0.57,16.67,no,"{""count_fp"":""16.67"",""created_time"":""2026-04-28T18:30:42.957665Z"",""no_price_dollars"":""0.4300"",""taker_side"":""no"",""ticker"":""KXBTC15M-26APR281445-45"",""trade_id"":""ee2bc2eb-5cf3-40ce-3bf3-80861c929930"",""yes_price_dollars"":""0.5700""}"
KXBTC15M-26APR281445-45,d6f353af-9780-47b8-3e46-e3985e92cc12,1777401042,0.57,15.42,no,"{""count_fp"":""15.42"",""created_time"":""2026-04-28T18:30:42.957665Z"",""no_price_dollars"":""0.4300"",""taker_side"":""no"",""ticker"":""KXBTC15M-26APR281445-45"",""trade_id"":""d6f353af-9780-47b8-3e46-e3985e92cc12"",""yes_price_dollars"":""0.5700""}"
KXBTC15M-26APR281445-45,f3a1b049-c42f-4c47-1ea0-7506a7fe44bf,1777401042,0.58,1.0,yes,"{""count_fp"":""1.00"",""created_time"":""2026-04-28T18:30:42.860172Z"",""no_price_dollars"":""0.4200"",""taker_side"":""yes"",""ticker"":""KXBTC15M-26APR281445-45"",""trade_id"":""f3a1b049-c42f-4c47-1ea0-7506a7fe44bf"",""yes_price_dollars"":""0.5800""}"
