ticker,trade_id,ts,yes_price,count,taker_side,raw_json
KXBTC15M-26APR280630-30,f4e3975b-c74e-4a89-7d64-5c88c291f40f,1777371300,0.5,1.0,yes,"{""count_fp"":""1.00"",""created_time"":""2026-04-28T10:15:00.632884Z"",""no_price_dollars"":""0.5000"",""taker_side"":""yes"",""ticker"":""KXBTC15M-26APR280630-30"",""trade_id"":""f4e3975b-c74e-4a89-7d64-5c88c291f40f"",""yes_price_dollars"":""0.5000""}"
KXBTC15M-26APR280630-30,b6ed1d14-2213-4241-661c-04462793efa5,1777371300,0.5,35.0,yes,"{""count_fp"":""35.00"",""created_time"":""2026-04-28T10:15:00.632884Z"",""no_price_dollars"":""0.5000"",""taker_side"":""yes"",""ticker"":""KXBTC15M-26APR280630-30"",""trade_id"":""b6ed1d14-2213-4241-661c-04462793efa5"",""yes_price_dollars"":""0.5000""}"
KXBTC15M-26APR280630-30,554b4b03-c2e9-5ede-67fc-11ccb7ecb4ab,1777371301,0.5,1.0,no,"{""count_fp"":""1.00"",""created_time"":""2026-04-28T10:15:01.836822Z"",""no_price_dollars"":""0.5000"",""taker_side"":""no"",""ticker"":""KXBTC15M-26APR280630-30"",""trade_id"":""554b4b03-c2e9-5ede-67fc-11ccb7ecb4ab"",""yes_price_dollars"":""0.5000""}"
KXBTC15M-26APR280630-30,1f76203c-6deb-4f5c-fd08-508b4eaa15c7,1777371301,0.52,2.0,yes,"{""count_fp"":""2.00"",""created_time"":""2026-04-28T10:15:01.183035Z"",""no_price_dollars"":""0.4800"",""taker_side"":""yes"",""ticker"":""KXBTC15M-26APR280630-30"",""trade_id"":""1f76203c-6deb-4f5c-fd08-508b4eaa15c7"",""yes_price_dollars"":""0.5200""}"
KXBTC15M-26APR280630-30,38c0301a-f47f-5331-5a02-59fe54e78679,1777371301,0.51,1.0,yes,"{""count_fp"":""1.00"",""created_time"":""2026-04-28T10:15:01.172678Z"",""no_price_dollars"":""0.4900"",""taker_side"":""yes"",""ticker"":""KXBTC15M-26APR280630-30"",""trade_id"":""38c0301a-f47f-5331-5a02-59fe54e78679"",""yes_price_dollars"":""0.5100""}"
KXBTC15M-26APR280630-30,72c2d274-ec65-74ee-c4cc-1aa95482c16f,1777371301,0.5,200.0,no,"{""count_fp"":""200.00"",""created_time"":""2026-04-28T10:15:01.153232Z"",""no_price_dollars"":""0.5000"",""taker_side"":""no"",""ticker"":""KXBTC15M-26APR280630-30"",""trade_id"":""72c2d274-ec65-74ee-c4cc-1aa95482c16f"",""yes_price_dollars"":""0.5000""}"
KXBTC15M-26APR280630-30,3f4561a4-adc5-4bda-0d20-f6fb99ce7a13,1777371301,0.5,200.0,no,"{""count_fp"":""200.00"",""created_time"":""2026-04-28T10:15:01.061976Z"",""no_price_dollars"":""0.5000"",""taker_side"":""no"",""ticker"":""KXBTC15M-26APR280630-30"",""trade_id"":""3f4561a4-adc5-4bda-0d20-f6fb99ce7a13"",""yes_price_dollars"":""0.5000""}"
KXBTC15M-26APR280630-30,ad6c5b92-c1c3-46b6-3dee-159830c137d3,1777371304,0.51,128.4,no,"{""count_fp"":""128.40"",""created_time"":""2026-04-28T10:15:04.124481Z"",""no_price_dollars"":""0.4900"",""taker_side"":""no"",""ticker"":""KXBTC15M-26APR280630-30"",""trade_id"":""ad6c5b92-c1c3-46b6-3dee-159830c137d3"",""yes_price_dollars"":""0.5100""}"
KXBTC15M-26APR280630-30,5e1cc4be-848a-467e-319c-4db9d19a3464,1777371304,0.51,5.0,no,"{""count_fp"":""5.00"",""created_time"":""2026-04-28T10:15:04.124481Z"",""no_price_dollars"":""0.4900"",""taker_side"":""no"",""ticker"":""KXBTC15M-26APR280630-30"",""trade_id"":""5e1cc4be-848a-467e-319c-4db9d19a3464"",""yes_price_dollars"":""0.5100""}"
KXBTC15M-26APR280630-30,312992ae-4e22-4462-1352-e6fb86b3b24e,1777371304,0.51,15.6,no,"{""count_fp"":""15.60"",""created_time"":""2026-04-28T10:15:04.124481Z"",""no_price_dollars"":""0.4900"",""taker_side"":""no"",""ticker"":""KXBTC15M-26APR280630-30"",""trade_id"":""312992ae-4e22-4462-1352-e6fb86b3b24e"",""yes_price_dollars"":""0.5100""}"
KXBTC15M-26APR280630-30,799042b6-ca7b-64da-305f-b10860b0c95b,1777371305,0.51,17.73,no,"{""count_fp"":""17.73"",""created_time"":""2026-04-28T10:15:05.350816Z"",""no_price_dollars"":""0.4900"",""taker_side"":""no"",""ticker"":""KXBTC15M-26APR280630-30"",""trade_id"":""799042b6-ca7b-64da-305f-b10860b0c95b"",""yes_price_dollars"":""0.5100""}"
KXBTC15M-26APR280630-30,39092f83-1462-5723-1ec4-de38d3dd3c73,1777371306,0.52,3.0,yes,"{""count_fp"":""3.00"",""created_time"":""2026-04-28T10:15:06.853676Z"",""no_price_dollars"":""0.4800"",""taker_side"":""yes"",""ticker"":""KXBTC15M-26APR280630-30"",""trade_id"":""39092f83-1462-5723-1ec4-de38d3dd3c73"",""yes_price_dollars"":""0.5200""}"
KXBTC15M-26APR280630-30,3442c995-f09b-7b16-5a64-cfa85f9f923b,1777371306,0.51,39.4,no,"{""count_fp"":""39.40"",""created_time"":""2026-04-28T10:15:06.517782Z"",""no_price_dollars"":""0.4900"",""taker_side"":""no"",""ticker"":""KXBTC15M-26APR280630-30"",""trade_id"":""3442c995-f09b-7b16-5a64-cfa85f9f923b"",""yes_price_dollars"":""0.5100""}"
KXBTC15M-26APR280630-30,ab5f643d-347a-5287-ab22-59513e68055b,1777371306,0.52,39.0,yes,"{""count_fp"":""39.00"",""created_time"":""2026-04-28T10:15:06.251594Z"",""no_price_dollars"":""0.4800"",""taker_side"":""yes"",""ticker"":""KXBTC15M-26APR280630-30"",""trade_id"":""ab5f643d-347a-5287-ab22-59513e68055b"",""yes_price_dollars"":""0.5200""}"
KXBTC15M-26APR280630-30,e44cd08e-f12d-6758-22cf-a67086e95603,1777371307,0.52,11.82,yes,"{""count_fp"":""11.82"",""created_time"":""2026-04-28T10:15:07.831346Z"",""no_price_dollars"":""0.4800"",""taker_side"":""yes"",""ticker"":""KXBTC15M-26APR280630-30"",""trade_id"":""e44cd08e-f12d-6758-22cf-a67086e95603"",""yes_price_dollars"":""0.5200""}"
KXBTC15M-26APR280630-30,6d23f50a-aad1-6e26-1f7c-0d5ac85244b3,1777371307,0.52,21.0,yes,"{""count_fp"":""21.00"",""created_time"":""2026-04-28T10:15:07.831346Z"",""no_price_dollars"":""0.4800"",""taker_side"":""yes"",""ticker"":""KXBTC15M-26APR280630-30"",""trade_id"":""6d23f50a-aad1-6e26-1f7c-0d5ac85244b3"",""yes_price_dollars"":""0.5200""}"
KXBTC15M-26APR280630-30,1909c325-304f-4082-1db5-8f43f0979fa7,1777371307,0.51,29.55,no,"{""count_fp"":""29.55"",""created_time"":""2026-04-28T10:15:07.408509Z"",""no_price_dollars"":""0.4900"",""taker_side"":""no"",""ticker"":""KXBTC15M-26APR280630-30"",""trade_id"":""1909c325-304f-4082-1db5-8f43f0979fa7"",""yes_price_dollars"":""0.5100""}"
KXBTC15M-26APR280630-30,ba8fc2ca-a311-5786-25e3-35e5a1218db7,1777371307,0.52,9.0,yes,"{""count_fp"":""9.00"",""created_time"":""2026-04-28T10:15:07.213938Z"",""no_price_dollars"":""0.4800"",""taker_side"":""yes"",""ticker"":""KXBTC15M-26APR280630-30"",""trade_id"":""ba8fc2ca-a311-5786-25e3-35e5a1218db7"",""yes_price_dollars"":""0.5200""}"
KXBTC15M-26APR280630-30,33761bcc-5e31-42b2-eb07-063c15fcc7bf,1777371307,0.52,3.0,yes,"{""count_fp"":""3.00"",""created_time"":""2026-04-28T10:15:07.127014Z"",""no_price_dollars"":""0.4800"",""taker_side"":""yes"",""ticker"":""KXBTC15M-26APR280630-30"",""trade_id"":""33761bcc-5e31-42b2-eb07-063c15fcc7bf"",""yes_price_dollars"":""0.5200""}"
KXBTC15M-26APR280630-30,0de01ff0-60a2-42b3-e802-a8759ea1894b,1777371307,0.52,23.0,yes,"{""count_fp"":""23.00"",""created_time"":""2026-04-28T10:15:07.127014Z"",""no_price_dollars"":""0.4800"",""taker_side"":""yes"",""ticker"":""KXBTC15M-26APR280630-30"",""trade_id"":""0de01ff0-60a2-42b3-e802-a8759ea1894b"",""yes_price_dollars"":""0.5200""}"
KXBTC15M-26APR280630-30,1826e8f5-b8f8-6813-0e1b-0264c16d1b02,1777371309,0.51,2.0,no,"{""count_fp"":""2.00"",""created_time"":""2026-04-28T10:15:09.982814Z"",""no_price_dollars"":""0.4900"",""taker_side"":""no"",""ticker"":""KXBTC15M-26APR280630-30"",""trade_id"":""1826e8f5-b8f8-6813-0e1b-0264c16d1b02"",""yes_price_dollars"":""0.5100""}"
KXBTC15M-26APR280630-30,f112fb7f-4b3a-73a7-b551-202099097b09,1777371309,0.55,1.0,yes,"{""count_fp"":""1.00"",""created_time"":""2026-04-28T10:15:09.715801Z"",""no_price_dollars"":""0.4500"",""taker_side"":""yes"",""ticker"":""KXBTC15M-26APR280630-30"",""trade_id"":""f112fb7f-4b3a-73a7-b551-202099097b09"",""yes_price_dollars"":""0.5500""}"
KXBTC15M-26APR280630-30,efdbbeb6-987f-7ce3-8cd4-5f9693539db1,1777371309,0.53,1.0,yes,"{""count_fp"":""1.00"",""created_time"":""2026-04-28T10:15:09.715801Z"",""no_price_dollars"":""0.4700"",""taker_side"":""yes"",""ticker"":""KXBTC15M-26APR280630-30"",""trade_id"":""efdbbeb6-987f-7ce3-8cd4-5f9693539db1"",""yes_price_dollars"":""0.5300""}"
KXBTC15M-26APR280630-30,bc55ef42-7d7f-7a9c-b3d3-0188e092f0a5,1777371309,0.52,1.0,yes,"{""count_fp"":""1.00"",""created_time"":""2026-04-28T10:15:09.715801Z"",""no_price_dollars"":""0.4800"",""taker_side"":""yes"",""ticker"":""KXBTC15M-26APR280630-30"",""trade_id"":""bc55ef42-7d7f-7a9c-b3d3-0188e092f0a5"",""yes_price_dollars"":""0.5200""}"
KXBTC15M-26APR280630-30,a1231d73-944c-717d-a723-03df1b376c7b,1777371309,0.53,100.0,yes,"{""count_fp"":""100.00"",""created_time"":""2026-04-28T10:15:09.715801Z"",""no_price_dollars"":""0.4700"",""taker_side"":""yes"",""ticker"":""KXBTC15M-26APR280630-30"",""trade_id"":""a1231d73-944c-717d-a723-03df1b376c7b"",""yes_price_dollars"":""0.5300""}"
KXBTC15M-26APR280630-30,9d9760e1-ef8f-70c9-99df-c21fba81f760,1777371309,0.55,1.0,yes,"{""count_fp"":""1.00"",""created_time"":""2026-04-28T10:15:09.715801Z"",""no_price_dollars"":""0.4500"",""taker_side"":""yes"",""ticker"":""KXBTC15M-26APR280630-30"",""trade_id"":""9d9760e1-ef8f-70c9-99df-c21fba81f760"",""yes_price_dollars"":""0.5500""}"
KXBTC15M-26APR280630-30,6db875ed-6e62-7043-a2cc-834a338b450c,1777371309,0.53,65.0,yes,"{""count_fp"":""65.00"",""created_time"":""2026-04-28T10:15:09.715801Z"",""no_price_dollars"":""0.4700"",""taker_side"":""yes"",""ticker"":""KXBTC15M-26APR280630-30"",""trade_id"":""6db875ed-6e62-7043-a2cc-834a338b450c"",""yes_price_dollars"":""0.5300""}"
KXBTC15M-26APR280630-30,680abc33-3750-73eb-bcfe-d7f3b636ffe9,1777371309,0.54,1.0,yes,"{""count_fp"":""1.00"",""created_time"":""2026-04-28T10:15:09.715801Z"",""no_price_dollars"":""0.4600"",""taker_side"":""yes"",""ticker"":""KXBTC15M-26APR280630-30"",""trade_id"":""680abc33-3750-73eb-bcfe-d7f3b636ffe9"",""yes_price_dollars"":""0.5400""}"
KXBTC15M-26APR280630-30,63be9758-fe5b-7964-bd32-b026ba2a8364,1777371309,0.52,17.0,yes,"{""count_fp"":""17.00"",""created_time"":""2026-04-28T10:15:09.715801Z"",""no_price_dollars"":""0.4800"",""taker_side"":""yes"",""ticker"":""KXBTC15M-26APR280630-30"",""trade_id"":""63be9758-fe5b-7964-bd32-b026ba2a8364"",""yes_price_dollars"":""0.5200""}"
KXBTC15M-26APR280630-30,3490dd95-f970-7fc6-af20-2c9003196e20,1777371309,0.54,1.0,yes,"{""count_fp"":""1.00"",""created_time"":""2026-04-28T10:15:09.715801Z"",""no_price_dollars"":""0.4600"",""taker_side"":""yes"",""ticker"":""KXBTC15M-26APR280630-30"",""trade_id"":""3490dd95-f970-7fc6-af20-2c9003196e20"",""yes_price_dollars"":""0.5400""}"
KXBTC15M-26APR280630-30,27bb89c3-018a-71a2-adc9-75d5202b2569,1777371309,0.56,235.84,yes,"{""count_fp"":""235.84"",""created_time"":""2026-04-28T10:15:09.715801Z"",""no_price_dollars"":""0.4400"",""taker_side"":""yes"",""ticker"":""KXBTC15M-26APR280630-30"",""trade_id"":""27bb89c3-018a-71a2-adc9-75d5202b2569"",""yes_price_dollars"":""0.5600""}"
KXBTC15M-26APR280630-30,11d2f694-c38a-7461-bf3a-7a97aa7e4f44,1777371309,0.56,1.0,yes,"{""count_fp"":""1.00"",""created_time"":""2026-04-28T10:15:09.715801Z"",""no_price_dollars"":""0.4400"",""taker_side"":""yes"",""ticker"":""KXBTC15M-26APR280630-30"",""trade_id"":""11d2f694-c38a-7461-bf3a-7a97aa7e4f44"",""yes_price_dollars"":""0.5600""}"
KXBTC15M-26APR280630-30,e0229fdf-9900-458b-2f69-968452b3abde,1777371309,0.51,3.34,no,"{""count_fp"":""3.34"",""created_time"":""2026-04-28T10:15:09.712366Z"",""no_price_dollars"":""0.4900"",""taker_side"":""no"",""ticker"":""KXBTC15M-26APR280630-30"",""trade_id"":""e0229fdf-9900-458b-2f69-968452b3abde"",""yes_price_dollars"":""0.5100""}"
KXBTC15M-26APR280630-30,f1adf8af-748f-7e32-2044-0819a2663a0b,1777371309,0.51,32.92,no,"{""count_fp"":""32.92"",""created_time"":""2026-04-28T10:15:09.572912Z"",""no_price_dollars"":""0.4900"",""taker_side"":""no"",""ticker"":""KXBTC15M-26APR280630-30"",""trade_id"":""f1adf8af-748f-7e32-2044-0819a2663a0b"",""yes_price_dollars"":""0.5100""}"
KXBTC15M-26APR280630-30,93b1e6f9-97f3-7d15-38b4-f3bb975bcbca,1777371309,0.51,73.0,no,"{""count_fp"":""73.00"",""created_time"":""2026-04-28T10:15:09.572912Z"",""no_price_dollars"":""0.4900"",""taker_side"":""no"",""ticker"":""KXBTC15M-26APR280630-30"",""trade_id"":""93b1e6f9-97f3-7d15-38b4-f3bb975bcbca"",""yes_price_dollars"":""0.5100""}"
KXBTC15M-26APR280630-30,2b4c6f82-11c4-7b8f-1192-0830a74fa496,1777371309,0.51,73.39,no,"{""count_fp"":""73.39"",""created_time"":""2026-04-28T10:15:09.572912Z"",""no_price_dollars"":""0.4900"",""taker_side"":""no"",""ticker"":""KXBTC15M-26APR280630-30"",""trade_id"":""2b4c6f82-11c4-7b8f-1192-0830a74fa496"",""yes_price_dollars"":""0.5100""}"
KXBTC15M-26APR280630-30,52c4af22-2879-5f3f-a019-37aa54a83676,1777371309,0.52,8.3,yes,"{""count_fp"":""8.30"",""created_time"":""2026-04-28T10:15:09.034769Z"",""no_price_dollars"":""0.4800"",""taker_side"":""yes"",""ticker"":""KXBTC15M-26APR280630-30"",""trade_id"":""52c4af22-2879-5f3f-a019-37aa54a83676"",""yes_price_dollars"":""0.5200""}"
KXBTC15M-26APR280630-30,4ac74b08-9e77-50a4-8b9c-3184cb382065,1777371309,0.52,1.0,yes,"{""count_fp"":""1.00"",""created_time"":""2026-04-28T10:15:09.034769Z"",""no_price_dollars"":""0.4800"",""taker_side"":""yes"",""ticker"":""KXBTC15M-26APR280630-30"",""trade_id"":""4ac74b08-9e77-50a4-8b9c-3184cb382065"",""yes_price_dollars"":""0.5200""}"
KXBTC15M-26APR280630-30,6258d471-f449-664d-9996-2e751792173d,1777371310,0.51,0.29,no,"{""count_fp"":""0.29"",""created_time"":""2026-04-28T10:15:10.608937Z"",""no_price_dollars"":""0.4900"",""taker_side"":""no"",""ticker"":""KXBTC15M-26APR280630-30"",""trade_id"":""6258d471-f449-664d-9996-2e751792173d"",""yes_price_dollars"":""0.5100""}"
KXBTC15M-26APR280630-30,6091aa0d-1f84-60be-a2ea-45a90a487042,1777371310,0.51,9.56,no,"{""count_fp"":""9.56"",""created_time"":""2026-04-28T10:15:10.608937Z"",""no_price_dollars"":""0.4900"",""taker_side"":""no"",""ticker"":""KXBTC15M-26APR280630-30"",""trade_id"":""6091aa0d-1f84-60be-a2ea-45a90a487042"",""yes_price_dollars"":""0.5100""}"
KXBTC15M-26APR280630-30,37e3598d-3076-44b6-cff9-b568de6f470b,1777371310,0.52,7.0,yes,"{""count_fp"":""7.00"",""created_time"":""2026-04-28T10:15:10.404974Z"",""no_price_dollars"":""0.4800"",""taker_side"":""yes"",""ticker"":""KXBTC15M-26APR280630-30"",""trade_id"":""37e3598d-3076-44b6-cff9-b568de6f470b"",""yes_price_dollars"":""0.5200""}"
KXBTC15M-26APR280630-30,c7af8b32-ed45-5aa9-ac14-babfb5073965,1777371310,0.51,4.71,no,"{""count_fp"":""4.71"",""created_time"":""2026-04-28T10:15:10.307406Z"",""no_price_dollars"":""0.4900"",""taker_side"":""no"",""ticker"":""KXBTC15M-26APR280630-30"",""trade_id"":""c7af8b32-ed45-5aa9-ac14-babfb5073965"",""yes_price_dollars"":""0.5100""}"
KXBTC15M-26APR280630-30,b2d858ae-e615-558a-ada2-f1653e35952e,1777371310,0.51,10.0,no,"{""count_fp"":""10.00"",""created_time"":""2026-04-28T10:15:10.307406Z"",""no_price_dollars"":""0.4900"",""taker_side"":""no"",""ticker"":""KXBTC15M-26APR280630-30"",""trade_id"":""b2d858ae-e615-558a-ada2-f1653e35952e"",""yes_price_dollars"":""0.5100""}"
KXBTC15M-26APR280630-30,74d1006b-e707-5a8c-a90b-92da2b7c53ee,1777371310,0.51,9.0,no,"{""count_fp"":""9.00"",""created_time"":""2026-04-28T10:15:10.307406Z"",""no_price_dollars"":""0.4900"",""taker_side"":""no"",""ticker"":""KXBTC15M-26APR280630-30"",""trade_id"":""74d1006b-e707-5a8c-a90b-92da2b7c53ee"",""yes_price_dollars"":""0.5100""}"
KXBTC15M-26APR280630-30,72daac69-b06a-5bab-9383-c5ce7454b7f1,1777371310,0.51,20.0,no,"{""count_fp"":""20.00"",""created_time"":""2026-04-28T10:15:10.307406Z"",""no_price_dollars"":""0.4900"",""taker_side"":""no"",""ticker"":""KXBTC15M-26APR280630-30"",""trade_id"":""72daac69-b06a-5bab-9383-c5ce7454b7f1"",""yes_price_dollars"":""0.5100""}"
KXBTC15M-26APR280630-30,5e26dc78-8481-5e66-b238-f21e51f3e130,1777371310,0.51,30.0,no,"{""count_fp"":""30.00"",""created_time"":""2026-04-28T10:15:10.307406Z"",""no_price_dollars"":""0.4900"",""taker_side"":""no"",""ticker"":""KXBTC15M-26APR280630-30"",""trade_id"":""5e26dc78-8481-5e66-b238-f21e51f3e130"",""yes_price_dollars"":""0.5100""}"
KXBTC15M-26APR280630-30,410b9c68-aff5-5427-a0b6-0e0cd4980a41,1777371310,0.51,137.29,no,"{""count_fp"":""137.29"",""created_time"":""2026-04-28T10:15:10.307406Z"",""no_price_dollars"":""0.4900"",""taker_side"":""no"",""ticker"":""KXBTC15M-26APR280630-30"",""trade_id"":""410b9c68-aff5-5427-a0b6-0e0cd4980a41"",""yes_price_dollars"":""0.5100""}"
KXBTC15M-26APR280630-30,08a8d1b0-8a00-5c47-81c8-22cacab71efd,1777371310,0.51,1.0,no,"{""count_fp"":""1.00"",""created_time"":""2026-04-28T10:15:10.307406Z"",""no_price_dollars"":""0.4900"",""taker_side"":""no"",""ticker"":""KXBTC15M-26APR280630-30"",""trade_id"":""08a8d1b0-8a00-5c47-81c8-22cacab71efd"",""yes_price_dollars"":""0.5100""}"
KXBTC15M-26APR280630-30,a8392183-e374-55fc-496e-63c9ec8ff4ee,1777371310,0.52,11.0,yes,"{""count_fp"":""11.00"",""created_time"":""2026-04-28T10:15:10.205571Z"",""no_price_dollars"":""0.4800"",""taker_side"":""yes"",""ticker"":""KXBTC15M-26APR280630-30"",""trade_id"":""a8392183-e374-55fc-496e-63c9ec8ff4ee"",""yes_price_dollars"":""0.5200""}"
KXBTC15M-26APR280630-30,5e4eb1c5-5211-59cb-8fa6-e93492c6b2f1,1777371310,0.51,3.94,no,"{""count_fp"":""3.94"",""created_time"":""2026-04-28T10:15:10.125713Z"",""no_price_dollars"":""0.4900"",""taker_side"":""no"",""ticker"":""KXBTC15M-26APR280630-30"",""trade_id"":""5e4eb1c5-5211-59cb-8fa6-e93492c6b2f1"",""yes_price_dollars"":""0.5100""}"
KXBTC15M-26APR280630-30,77d85edd-a5cc-5dab-4b1d-c79eca6245a2,1777371310,0.51,60.27,no,"{""count_fp"":""60.27"",""created_time"":""2026-04-28T10:15:10.020154Z"",""no_price_dollars"":""0.4900"",""taker_side"":""no"",""ticker"":""KXBTC15M-26APR280630-30"",""trade_id"":""77d85edd-a5cc-5dab-4b1d-c79eca6245a2"",""yes_price_dollars"":""0.5100""}"
KXBTC15M-26APR280630-30,71b5b48d-fead-5bbe-501b-0ed0753a7f06,1777371310,0.51,88.0,no,"{""count_fp"":""88.00"",""created_time"":""2026-04-28T10:15:10.020154Z"",""no_price_dollars"":""0.4900"",""taker_side"":""no"",""ticker"":""KXBTC15M-26APR280630-30"",""trade_id"":""71b5b48d-fead-5bbe-501b-0ed0753a7f06"",""yes_price_dollars"":""0.5100""}"
KXBTC15M-26APR280630-30,3659ab46-e539-552f-6bf3-dca350f3218d,1777371310,0.51,48.77,no,"{""count_fp"":""48.77"",""created_time"":""2026-04-28T10:15:10.020154Z"",""no_price_dollars"":""0.4900"",""taker_side"":""no"",""ticker"":""KXBTC15M-26APR280630-30"",""trade_id"":""3659ab46-e539-552f-6bf3-dca350f3218d"",""yes_price_dollars"":""0.5100""}"
KXBTC15M-26APR280630-30,c3c79d70-1f5a-7ffc-b928-18f8dce3f4b2,1777371310,0.53,2.0,yes,"{""count_fp"":""2.00"",""created_time"":""2026-04-28T10:15:10.008655Z"",""no_price_dollars"":""0.4700"",""taker_side"":""yes"",""ticker"":""KXBTC15M-26APR280630-30"",""trade_id"":""c3c79d70-1f5a-7ffc-b928-18f8dce3f4b2"",""yes_price_dollars"":""0.5300""}"
KXBTC15M-26APR280630-30,7690b53c-cab6-48de-5bef-d993fc43324b,1777371311,0.52,18.0,yes,"{""count_fp"":""18.00"",""created_time"":""2026-04-28T10:15:11.591702Z"",""no_price_dollars"":""0.4800"",""taker_side"":""yes"",""ticker"":""KXBTC15M-26APR280630-30"",""trade_id"":""7690b53c-cab6-48de-5bef-d993fc43324b"",""yes_price_dollars"":""0.5200""}"
KXBTC15M-26APR280630-30,4c6ba955-97fe-7222-ebd7-6572b2b4642f,1777371311,0.52,7.0,yes,"{""count_fp"":""7.00"",""created_time"":""2026-04-28T10:15:11.173806Z"",""no_price_dollars"":""0.4800"",""taker_side"":""yes"",""ticker"":""KXBTC15M-26APR280630-30"",""trade_id"":""4c6ba955-97fe-7222-ebd7-6572b2b4642f"",""yes_price_dollars"":""0.5200""}"
KXBTC15M-26APR280630-30,f1cd6c23-ae3d-6d4d-4f0e-783fae4189e8,1777371312,0.55,8.0,yes,"{""count_fp"":""8.00"",""created_time"":""2026-04-28T10:15:12.952078Z"",""no_price_dollars"":""0.4500"",""taker_side"":""yes"",""ticker"":""KXBTC15M-26APR280630-30"",""trade_id"":""f1cd6c23-ae3d-6d4d-4f0e-783fae4189e8"",""yes_price_dollars"":""0.5500""}"
KXBTC15M-26APR280630-30,ea6d20f7-905e-64ca-4ca0-313aa525e55d,1777371312,0.54,65.0,yes,"{""count_fp"":""65.00"",""created_time"":""2026-04-28T10:15:12.952078Z"",""no_price_dollars"":""0.4600"",""taker_side"":""yes"",""ticker"":""KXBTC15M-26APR280630-30"",""trade_id"":""ea6d20f7-905e-64ca-4ca0-313aa525e55d"",""yes_price_dollars"":""0.5400""}"
KXBTC15M-26APR280630-30,cf114468-f33f-63a8-58af-8faac69ad636,1777371312,0.59,22.95,yes,"{""count_fp"":""22.95"",""created_time"":""2026-04-28T10:15:12.952078Z"",""no_price_dollars"":""0.4100"",""taker_side"":""yes"",""ticker"":""KXBTC15M-26APR280630-30"",""trade_id"":""cf114468-f33f-63a8-58af-8faac69ad636"",""yes_price_dollars"":""0.5900""}"
KXBTC15M-26APR280630-30,b8df5e4b-aa55-693e-757c-cf0a4bb72a84,1777371312,0.54,1.0,yes,"{""count_fp"":""1.00"",""created_time"":""2026-04-28T10:15:12.952078Z"",""no_price_dollars"":""0.4600"",""taker_side"":""yes"",""ticker"":""KXBTC15M-26APR280630-30"",""trade_id"":""b8df5e4b-aa55-693e-757c-cf0a4bb72a84"",""yes_price_dollars"":""0.5400""}"
KXBTC15M-26APR280630-30,ab03d1cd-6543-6212-6369-88e9bc2857a6,1777371312,0.52,1.0,yes,"{""count_fp"":""1.00"",""created_time"":""2026-04-28T10:15:12.952078Z"",""no_price_dollars"":""0.4800"",""taker_side"":""yes"",""ticker"":""KXBTC15M-26APR280630-30"",""trade_id"":""ab03d1cd-6543-6212-6369-88e9bc2857a6"",""yes_price_dollars"":""0.5200""}"
KXBTC15M-26APR280630-30,a768a989-4ef2-6e30-6072-0216e2c02762,1777371312,0.53,8.0,yes,"{""count_fp"":""8.00"",""created_time"":""2026-04-28T10:15:12.952078Z"",""no_price_dollars"":""0.4700"",""taker_side"":""yes"",""ticker"":""KXBTC15M-26APR280630-30"",""trade_id"":""a768a989-4ef2-6e30-6072-0216e2c02762"",""yes_price_dollars"":""0.5300""}"
KXBTC15M-26APR280630-30,8f79265a-eaea-6596-4f52-8d50e22c0113,1777371312,0.52,1068.0,yes,"{""count_fp"":""1068.00"",""created_time"":""2026-04-28T10:15:12.952078Z"",""no_price_dollars"":""0.4800"",""taker_side"":""yes"",""ticker"":""KXBTC15M-26APR280630-30"",""trade_id"":""8f79265a-eaea-6596-4f52-8d50e22c0113"",""yes_price_dollars"":""0.5200""}"
KXBTC15M-26APR280630-30,80e438aa-4706-65bb-489e-11752c244e9a,1777371312,0.52,150.0,yes,"{""count_fp"":""150.00"",""created_time"":""2026-04-28T10:15:12.952078Z"",""no_price_dollars"":""0.4800"",""taker_side"":""yes"",""ticker"":""KXBTC15M-26APR280630-30"",""trade_id"":""80e438aa-4706-65bb-489e-11752c244e9a"",""yes_price_dollars"":""0.5200""}"
KXBTC15M-26APR280630-30,7aeba458-5dff-678a-68f2-7b9ea0a97bcf,1777371312,0.54,17.0,yes,"{""count_fp"":""17.00"",""created_time"":""2026-04-28T10:15:12.952078Z"",""no_price_dollars"":""0.4600"",""taker_side"":""yes"",""ticker"":""KXBTC15M-26APR280630-30"",""trade_id"":""7aeba458-5dff-678a-68f2-7b9ea0a97bcf"",""yes_price_dollars"":""0.5400""}"
KXBTC15M-26APR280630-30,758a203c-df48-685f-62ad-905a34037758,1777371312,0.52,100.0,yes,"{""count_fp"":""100.00"",""created_time"":""2026-04-28T10:15:12.952078Z"",""no_price_dollars"":""0.4800"",""taker_side"":""yes"",""ticker"":""KXBTC15M-26APR280630-30"",""trade_id"":""758a203c-df48-685f-62ad-905a34037758"",""yes_price_dollars"":""0.5200""}"
KXBTC15M-26APR280630-30,6332835d-ed8b-642b-6491-6713d07821a7,1777371312,0.58,1.0,yes,"{""count_fp"":""1.00"",""created_time"":""2026-04-28T10:15:12.952078Z"",""no_price_dollars"":""0.4200"",""taker_side"":""yes"",""ticker"":""KXBTC15M-26APR280630-30"",""trade_id"":""6332835d-ed8b-642b-6491-6713d07821a7"",""yes_price_dollars"":""0.5800""}"
KXBTC15M-26APR280630-30,57f39358-7db6-641c-42f1-aca1e555b8a1,1777371312,0.57,1.0,yes,"{""count_fp"":""1.00"",""created_time"":""2026-04-28T10:15:12.952078Z"",""no_price_dollars"":""0.4300"",""taker_side"":""yes"",""ticker"":""KXBTC15M-26APR280630-30"",""trade_id"":""57f39358-7db6-641c-42f1-aca1e555b8a1"",""yes_price_dollars"":""0.5700""}"
KXBTC15M-26APR280630-30,55a64d21-95a0-6dda-4c4b-8143d3070068,1777371312,0.53,5.0,yes,"{""count_fp"":""5.00"",""created_time"":""2026-04-28T10:15:12.952078Z"",""no_price_dollars"":""0.4700"",""taker_side"":""yes"",""ticker"":""KXBTC15M-26APR280630-30"",""trade_id"":""55a64d21-95a0-6dda-4c4b-8143d3070068"",""yes_price_dollars"":""0.5300""}"
KXBTC15M-26APR280630-30,29f0cadf-f5b2-6870-7ac5-edef1003b43e,1777371312,0.53,1.0,yes,"{""count_fp"":""1.00"",""created_time"":""2026-04-28T10:15:12.952078Z"",""no_price_dollars"":""0.4700"",""taker_side"":""yes"",""ticker"":""KXBTC15M-26APR280630-30"",""trade_id"":""29f0cadf-f5b2-6870-7ac5-edef1003b43e"",""yes_price_dollars"":""0.5300""}"
KXBTC15M-26APR280630-30,288d76ad-5e32-60df-5b2b-dada503c5a19,1777371312,0.58,1.0,yes,"{""count_fp"":""1.00"",""created_time"":""2026-04-28T10:15:12.952078Z"",""no_price_dollars"":""0.4200"",""taker_side"":""yes"",""ticker"":""KXBTC15M-26APR280630-30"",""trade_id"":""288d76ad-5e32-60df-5b2b-dada503c5a19"",""yes_price_dollars"":""0.5800""}"
KXBTC15M-26APR280630-30,19b92c98-e879-6834-4790-1f7679b64bef,1777371312,0.52,3.0,yes,"{""count_fp"":""3.00"",""created_time"":""2026-04-28T10:15:12.952078Z"",""no_price_dollars"":""0.4800"",""taker_side"":""yes"",""ticker"":""KXBTC15M-26APR280630-30"",""trade_id"":""19b92c98-e879-6834-4790-1f7679b64bef"",""yes_price_dollars"":""0.5200""}"
KXBTC15M-26APR280630-30,119a04c0-eb4e-626a-6874-fbad5622b549,1777371312,0.52,400.0,yes,"{""count_fp"":""400.00"",""created_time"":""2026-04-28T10:15:12.952078Z"",""no_price_dollars"":""0.4800"",""taker_side"":""yes"",""ticker"":""KXBTC15M-26APR280630-30"",""trade_id"":""119a04c0-eb4e-626a-6874-fbad5622b549"",""yes_price_dollars"":""0.5200""}"
KXBTC15M-26APR280630-30,9997a44e-ffe7-4c4e-ec3d-ccbdc8a68a05,1777371313,0.51,6.14,yes,"{""count_fp"":""6.14"",""created_time"":""2026-04-28T10:15:13.815728Z"",""no_price_dollars"":""0.4900"",""taker_side"":""yes"",""ticker"":""KXBTC15M-26APR280630-30"",""trade_id"":""9997a44e-ffe7-4c4e-ec3d-ccbdc8a68a05"",""yes_price_dollars"":""0.5100""}"
KXBTC15M-26APR280630-30,6dea7262-318e-4c61-c646-7f0983d39c40,1777371313,0.51,3.0,yes,"{""count_fp"":""3.00"",""created_time"":""2026-04-28T10:15:13.815728Z"",""no_price_dollars"":""0.4900"",""taker_side"":""yes"",""ticker"":""KXBTC15M-26APR280630-30"",""trade_id"":""6dea7262-318e-4c61-c646-7f0983d39c40"",""yes_price_dollars"":""0.5100""}"
KXBTC15M-26APR280630-30,d2a49343-0c4d-5f72-4444-c9fba1b5b79b,1777371313,0.5,7.56,no,"{""count_fp"":""7.56"",""created_time"":""2026-04-28T10:15:13.136215Z"",""no_price_dollars"":""0.5000"",""taker_side"":""no"",""ticker"":""KXBTC15M-26APR280630-30"",""trade_id"":""d2a49343-0c4d-5f72-4444-c9fba1b5b79b"",""yes_price_dollars"":""0.5000""}"
KXBTC15M-26APR280630-30,5ad709c4-7269-439e-ab5c-175f967db8d7,1777371313,0.5,128.0,no,"{""count_fp"":""128.00"",""created_time"":""2026-04-28T10:15:13.007421Z"",""no_price_dollars"":""0.5000"",""taker_side"":""no"",""ticker"":""KXBTC15M-26APR280630-30"",""trade_id"":""5ad709c4-7269-439e-ab5c-175f967db8d7"",""yes_price_dollars"":""0.5000""}"
KXBTC15M-26APR280630-30,390943c2-4a58-44ba-adb9-fa98f0c20732,1777371313,0.51,56.44,no,"{""count_fp"":""56.44"",""created_time"":""2026-04-28T10:15:13.007421Z"",""no_price_dollars"":""0.4900"",""taker_side"":""no"",""ticker"":""KXBTC15M-26APR280630-30"",""trade_id"":""390943c2-4a58-44ba-adb9-fa98f0c20732"",""yes_price_dollars"":""0.5100""}"
KXBTC15M-26APR280630-30,ef23cccf-5796-5dd2-29b0-8077e60049ed,1777371314,0.52,10.0,yes,"{""count_fp"":""10.00"",""created_time"":""2026-04-28T10:15:14.691286Z"",""no_price_dollars"":""0.4800"",""taker_side"":""yes"",""ticker"":""KXBTC15M-26APR280630-30"",""trade_id"":""ef23cccf-5796-5dd2-29b0-8077e60049ed"",""yes_price_dollars"":""0.5200""}"
KXBTC15M-26APR280630-30,db98e5cf-a725-5173-2428-781fa6b310b2,1777371314,0.52,40.0,yes,"{""count_fp"":""40.00"",""created_time"":""2026-04-28T10:15:14.691286Z"",""no_price_dollars"":""0.4800"",""taker_side"":""yes"",""ticker"":""KXBTC15M-26APR280630-30"",""trade_id"":""db98e5cf-a725-5173-2428-781fa6b310b2"",""yes_price_dollars"":""0.5200""}"
KXBTC15M-26APR280630-30,4525591f-0a6c-5cfa-117b-48165ffa9957,1777371314,0.53,9.33,yes,"{""count_fp"":""9.33"",""created_time"":""2026-04-28T10:15:14.691286Z"",""no_price_dollars"":""0.4700"",""taker_side"":""yes"",""ticker"":""KXBTC15M-26APR280630-30"",""trade_id"":""4525591f-0a6c-5cfa-117b-48165ffa9957"",""yes_price_dollars"":""0.5300""}"
KXBTC15M-26APR280630-30,3b639641-0f1e-50fa-3cd9-ef14a35c95fb,1777371314,0.51,40.0,yes,"{""count_fp"":""40.00"",""created_time"":""2026-04-28T10:15:14.691286Z"",""no_price_dollars"":""0.4900"",""taker_side"":""yes"",""ticker"":""KXBTC15M-26APR280630-30"",""trade_id"":""3b639641-0f1e-50fa-3cd9-ef14a35c95fb"",""yes_price_dollars"":""0.5100""}"
KXBTC15M-26APR280630-30,2e41c715-ecfa-5c63-0f75-7804578e2546,1777371314,0.52,3.0,yes,"{""count_fp"":""3.00"",""created_time"":""2026-04-28T10:15:14.691286Z"",""no_price_dollars"":""0.4800"",""taker_side"":""yes"",""ticker"":""KXBTC15M-26APR280630-30"",""trade_id"":""2e41c715-ecfa-5c63-0f75-7804578e2546"",""yes_price_dollars"":""0.5200""}"
KXBTC15M-26APR280630-30,eacb9f2d-ecd8-6dc5-83e9-20815b2c6d48,1777371314,0.51,51.0,no,"{""count_fp"":""51.00"",""created_time"":""2026-04-28T10:15:14.656517Z"",""no_price_dollars"":""0.4900"",""taker_side"":""no"",""ticker"":""KXBTC15M-26APR280630-30"",""trade_id"":""eacb9f2d-ecd8-6dc5-83e9-20815b2c6d48"",""yes_price_dollars"":""0.5100""}"
KXBTC15M-26APR280630-30,116384f0-d8c3-6609-994b-2803db20d71a,1777371314,0.51,30.0,no,"{""count_fp"":""30.00"",""created_time"":""2026-04-28T10:15:14.656517Z"",""no_price_dollars"":""0.4900"",""taker_side"":""no"",""ticker"":""KXBTC15M-26APR280630-30"",""trade_id"":""116384f0-d8c3-6609-994b-2803db20d71a"",""yes_price_dollars"":""0.5100""}"
KXBTC15M-26APR280630-30,db7ba39a-9417-781d-642c-f31815bc4a76,1777371314,0.53,1.0,yes,"{""count_fp"":""1.00"",""created_time"":""2026-04-28T10:15:14.480676Z"",""no_price_dollars"":""0.4700"",""taker_side"":""yes"",""ticker"":""KXBTC15M-26APR280630-30"",""trade_id"":""db7ba39a-9417-781d-642c-f31815bc4a76"",""yes_price_dollars"":""0.5300""}"
KXBTC15M-26APR280630-30,52609348-7dfc-7ff2-57c4-1bc442df18e7,1777371314,0.53,18.71,yes,"{""count_fp"":""18.71"",""created_time"":""2026-04-28T10:15:14.480676Z"",""no_price_dollars"":""0.4700"",""taker_side"":""yes"",""ticker"":""KXBTC15M-26APR280630-30"",""trade_id"":""52609348-7dfc-7ff2-57c4-1bc442df18e7"",""yes_price_dollars"":""0.5300""}"
KXBTC15M-26APR280630-30,24acdea8-8a99-7f11-4b72-474243ddf28c,1777371314,0.52,0.01,yes,"{""count_fp"":""0.01"",""created_time"":""2026-04-28T10:15:14.480676Z"",""no_price_dollars"":""0.4800"",""taker_side"":""yes"",""ticker"":""KXBTC15M-26APR280630-30"",""trade_id"":""24acdea8-8a99-7f11-4b72-474243ddf28c"",""yes_price_dollars"":""0.5200""}"
KXBTC15M-26APR280630-30,ec134e5e-a3b3-495d-19af-629ecf976d4a,1777371314,0.51,3.0,yes,"{""count_fp"":""3.00"",""created_time"":""2026-04-28T10:15:14.314456Z"",""no_price_dollars"":""0.4900"",""taker_side"":""yes"",""ticker"":""KXBTC15M-26APR280630-30"",""trade_id"":""ec134e5e-a3b3-495d-19af-629ecf976d4a"",""yes_price_dollars"":""0.5100""}"
KXBTC15M-26APR280630-30,ca4805b1-6e2f-46cd-0c70-b8a33709b455,1777371314,0.51,20.0,yes,"{""count_fp"":""20.00"",""created_time"":""2026-04-28T10:15:14.314456Z"",""no_price_dollars"":""0.4900"",""taker_side"":""yes"",""ticker"":""KXBTC15M-26APR280630-30"",""trade_id"":""ca4805b1-6e2f-46cd-0c70-b8a33709b455"",""yes_price_dollars"":""0.5100""}"
KXBTC15M-26APR280630-30,d3e463ff-e42b-5906-5676-1c035b4c3569,1777371314,0.51,29.0,yes,"{""count_fp"":""29.00"",""created_time"":""2026-04-28T10:15:14.279101Z"",""no_price_dollars"":""0.4900"",""taker_side"":""yes"",""ticker"":""KXBTC15M-26APR280630-30"",""trade_id"":""d3e463ff-e42b-5906-5676-1c035b4c3569"",""yes_price_dollars"":""0.5100""}"
KXBTC15M-26APR280630-30,f4e4bec4-527c-5715-f994-376fd0323a81,1777371315,0.49,7.38,no,"{""count_fp"":""7.38"",""created_time"":""2026-04-28T10:15:15.281407Z"",""no_price_dollars"":""0.5100"",""taker_side"":""no"",""ticker"":""KXBTC15M-26APR280630-30"",""trade_id"":""f4e4bec4-527c-5715-f994-376fd0323a81"",""yes_price_dollars"":""0.4900""}"
KXBTC15M-26APR280630-30,1732e072-970e-5e2d-df2d-a1616f328343,1777371315,0.49,30.0,no,"{""count_fp"":""30.00"",""created_time"":""2026-04-28T10:15:15.281407Z"",""no_price_dollars"":""0.5100"",""taker_side"":""no"",""ticker"":""KXBTC15M-26APR280630-30"",""trade_id"":""1732e072-970e-5e2d-df2d-a1616f328343"",""yes_price_dollars"":""0.4900""}"
KXBTC15M-26APR280630-30,34d8a238-f81a-7606-0c20-fae9952c122c,1777371315,0.5,1.0,yes,"{""count_fp"":""1.00"",""created_time"":""2026-04-28T10:15:15.215186Z"",""no_price_dollars"":""0.5000"",""taker_side"":""yes"",""ticker"":""KXBTC15M-26APR280630-30"",""trade_id"":""34d8a238-f81a-7606-0c20-fae9952c122c"",""yes_price_dollars"":""0.5000""}"
KXBTC15M-26APR280630-30,126a875d-5f73-4b55-010f-50dcc118335c,1777371315,0.5,0.13,no,"{""count_fp"":""0.13"",""created_time"":""2026-04-28T10:15:15.128659Z"",""no_price_dollars"":""0.5000"",""taker_side"":""no"",""ticker"":""KXBTC15M-26APR280630-30"",""trade_id"":""126a875d-5f73-4b55-010f-50dcc118335c"",""yes_price_dollars"":""0.5000""}"
KXBTC15M-26APR280630-30,e86e46d6-15f8-654d-685f-89d187ef2613,1777371315,0.5,30.0,no,"{""count_fp"":""30.00"",""created_time"":""2026-04-28T10:15:15.123798Z"",""no_price_dollars"":""0.5000"",""taker_side"":""no"",""ticker"":""KXBTC15M-26APR280630-30"",""trade_id"":""e86e46d6-15f8-654d-685f-89d187ef2613"",""yes_price_dollars"":""0.5000""}"
KXBTC15M-26APR280630-30,9620386c-84c3-6a7d-403b-dd1158d902a4,1777371315,0.5,9.87,no,"{""count_fp"":""9.87"",""created_time"":""2026-04-28T10:15:15.123798Z"",""no_price_dollars"":""0.5000"",""taker_side"":""no"",""ticker"":""KXBTC15M-26APR280630-30"",""trade_id"":""9620386c-84c3-6a7d-403b-dd1158d902a4"",""yes_price_dollars"":""0.5000""}"
KXBTC15M-26APR280630-30,9013764f-e63d-69d6-5611-65c5a63461a8,1777371315,0.5,1.0,no,"{""count_fp"":""1.00"",""created_time"":""2026-04-28T10:15:15.123798Z"",""no_price_dollars"":""0.5000"",""taker_side"":""no"",""ticker"":""KXBTC15M-26APR280630-30"",""trade_id"":""9013764f-e63d-69d6-5611-65c5a63461a8"",""yes_price_dollars"":""0.5000""}"
KXBTC15M-26APR280630-30,4fadf5a5-e4f9-6342-72ef-b87740f0d757,1777371315,0.5,843.13,no,"{""count_fp"":""843.13"",""created_time"":""2026-04-28T10:15:15.123798Z"",""no_price_dollars"":""0.5000"",""taker_side"":""no"",""ticker"":""KXBTC15M-26APR280630-30"",""trade_id"":""4fadf5a5-e4f9-6342-72ef-b87740f0d757"",""yes_price_dollars"":""0.5000""}"
KXBTC15M-26APR280630-30,4ac34e44-b102-602a-66e1-85df47e44013,1777371315,0.5,6.0,no,"{""count_fp"":""6.00"",""created_time"":""2026-04-28T10:15:15.123798Z"",""no_price_dollars"":""0.5000"",""taker_side"":""no"",""ticker"":""KXBTC15M-26APR280630-30"",""trade_id"":""4ac34e44-b102-602a-66e1-85df47e44013"",""yes_price_dollars"":""0.5000""}"
KXBTC15M-26APR280630-30,497f9981-58b1-61e9-7093-bf9452430215,1777371315,0.5,120.0,no,"{""count_fp"":""120.00"",""created_time"":""2026-04-28T10:15:15.123798Z"",""no_price_dollars"":""0.5000"",""taker_side"":""no"",""ticker"":""KXBTC15M-26APR280630-30"",""trade_id"":""497f9981-58b1-61e9-7093-bf9452430215"",""yes_price_dollars"":""0.5000""}"
KXBTC15M-26APR280630-30,04268532-c355-6746-749e-00655a0bc0fa,1777371315,0.5,1.0,no,"{""count_fp"":""1.00"",""created_time"":""2026-04-28T10:15:15.123798Z"",""no_price_dollars"":""0.5000"",""taker_side"":""no"",""ticker"":""KXBTC15M-26APR280630-30"",""trade_id"":""04268532-c355-6746-749e-00655a0bc0fa"",""yes_price_dollars"":""0.5000""}"
KXBTC15M-26APR280630-30,7348acac-4785-698a-30b6-2619b987cb7b,1777371315,0.5,43.25,no,"{""count_fp"":""43.25"",""created_time"":""2026-04-28T10:15:15.099547Z"",""no_price_dollars"":""0.5000"",""taker_side"":""no"",""ticker"":""KXBTC15M-26APR280630-30"",""trade_id"":""7348acac-4785-698a-30b6-2619b987cb7b"",""yes_price_dollars"":""0.5000""}"
KXBTC15M-26APR280630-30,332b6b96-3b45-7d76-7336-2f7c1399cee7,1777371315,0.5,47.34,no,"{""count_fp"":""47.34"",""created_time"":""2026-04-28T10:15:15.090514Z"",""no_price_dollars"":""0.5000"",""taker_side"":""no"",""ticker"":""KXBTC15M-26APR280630-30"",""trade_id"":""332b6b96-3b45-7d76-7336-2f7c1399cee7"",""yes_price_dollars"":""0.5000""}"
KXBTC15M-26APR280630-30,7237192d-b82d-6ac2-94b1-4cdf4aa51dc7,1777371315,0.5,23.07,no,"{""count_fp"":""23.07"",""created_time"":""2026-04-28T10:15:15.089804Z"",""no_price_dollars"":""0.5000"",""taker_side"":""no"",""ticker"":""KXBTC15M-26APR280630-30"",""trade_id"":""7237192d-b82d-6ac2-94b1-4cdf4aa51dc7"",""yes_price_dollars"":""0.5000""}"
KXBTC15M-26APR280630-30,17a31d75-9131-705a-4c52-3c83f06eb813,1777371315,0.5,20.13,no,"{""count_fp"":""20.13"",""created_time"":""2026-04-28T10:15:15.020591Z"",""no_price_dollars"":""0.5000"",""taker_side"":""no"",""ticker"":""KXBTC15M-26APR280630-30"",""trade_id"":""17a31d75-9131-705a-4c52-3c83f06eb813"",""yes_price_dollars"":""0.5000""}"
KXBTC15M-26APR280630-30,c5475ad2-56ce-7cca-c613-5379b2c58660,1777371316,0.5,22.0,yes,"{""count_fp"":""22.00"",""created_time"":""2026-04-28T10:15:16.407415Z"",""no_price_dollars"":""0.5000"",""taker_side"":""yes"",""ticker"":""KXBTC15M-26APR280630-30"",""trade_id"":""c5475ad2-56ce-7cca-c613-5379b2c58660"",""yes_price_dollars"":""0.5000""}"
KXBTC15M-26APR280630-30,42f4cfcf-8746-64d2-f70a-cec182e2a864,1777371316,0.5,3.0,yes,"{""count_fp"":""3.00"",""created_time"":""2026-04-28T10:15:16.345506Z"",""no_price_dollars"":""0.5000"",""taker_side"":""yes"",""ticker"":""KXBTC15M-26APR280630-30"",""trade_id"":""42f4cfcf-8746-64d2-f70a-cec182e2a864"",""yes_price_dollars"":""0.5000""}"
KXBTC15M-26APR280630-30,b2b0e8e1-4261-7bbc-aac5-723820b7ff58,1777371317,0.5,19.32,yes,"{""count_fp"":""19.32"",""created_time"":""2026-04-28T10:15:17.451408Z"",""no_price_dollars"":""0.5000"",""taker_side"":""yes"",""ticker"":""KXBTC15M-26APR280630-30"",""trade_id"":""b2b0e8e1-4261-7bbc-aac5-723820b7ff58"",""yes_price_dollars"":""0.5000""}"
KXBTC15M-26APR280630-30,81806bba-32b7-6d83-90ca-f46edc235cdc,1777371318,0.5,150.72,yes,"{""count_fp"":""150.72"",""created_time"":""2026-04-28T10:15:18.899525Z"",""no_price_dollars"":""0.5000"",""taker_side"":""yes"",""ticker"":""KXBTC15M-26APR280630-30"",""trade_id"":""81806bba-32b7-6d83-90ca-f46edc235cdc"",""yes_price_dollars"":""0.5000""}"
KXBTC15M-26APR280630-30,fa2c00e1-0f18-7d29-3e18-c1c45e3f3ce9,1777371318,0.49,6.0,no,"{""count_fp"":""6.00"",""created_time"":""2026-04-28T10:15:18.503305Z"",""no_price_dollars"":""0.5100"",""taker_side"":""no"",""ticker"":""KXBTC15M-26APR280630-30"",""trade_id"":""fa2c00e1-0f18-7d29-3e18-c1c45e3f3ce9"",""yes_price_dollars"":""0.4900""}"
KXBTC15M-26APR280630-30,cb199e93-9a96-78d8-4f07-dac8cfc82ec5,1777371320,0.49,28.98,yes,"{""count_fp"":""28.98"",""created_time"":""2026-04-28T10:15:20.879516Z"",""no_price_dollars"":""0.5100"",""taker_side"":""yes"",""ticker"":""KXBTC15M-26APR280630-30"",""trade_id"":""cb199e93-9a96-78d8-4f07-dac8cfc82ec5"",""yes_price_dollars"":""0.4900""}"
KXBTC15M-26APR280630-30,efccd99d-b047-7415-321d-ba616f85cc40,1777371320,0.49,3.36,no,"{""count_fp"":""3.36"",""created_time"":""2026-04-28T10:15:20.770951Z"",""no_price_dollars"":""0.5100"",""taker_side"":""no"",""ticker"":""KXBTC15M-26APR280630-30"",""trade_id"":""efccd99d-b047-7415-321d-ba616f85cc40"",""yes_price_dollars"":""0.4900""}"
KXBTC15M-26APR280630-30,393473ee-5406-77e9-10a7-ab6df6014819,1777371320,0.49,26.0,no,"{""count_fp"":""26.00"",""created_time"":""2026-04-28T10:15:20.770951Z"",""no_price_dollars"":""0.5100"",""taker_side"":""no"",""ticker"":""KXBTC15M-26APR280630-30"",""trade_id"":""393473ee-5406-77e9-10a7-ab6df6014819"",""yes_price_dollars"":""0.4900""}"
KXBTC15M-26APR280630-30,c0264145-8e60-7355-42cb-c1607b89eb5d,1777371320,0.49,7.11,no,"{""count_fp"":""7.11"",""created_time"":""2026-04-28T10:15:20.762739Z"",""no_price_dollars"":""0.5100"",""taker_side"":""no"",""ticker"":""KXBTC15M-26APR280630-30"",""trade_id"":""c0264145-8e60-7355-42cb-c1607b89eb5d"",""yes_price_dollars"":""0.4900""}"
KXBTC15M-26APR280630-30,97718fab-5c17-73a1-730f-ea83c2239b6c,1777371320,0.49,30.64,no,"{""count_fp"":""30.64"",""created_time"":""2026-04-28T10:15:20.762739Z"",""no_price_dollars"":""0.5100"",""taker_side"":""no"",""ticker"":""KXBTC15M-26APR280630-30"",""trade_id"":""97718fab-5c17-73a1-730f-ea83c2239b6c"",""yes_price_dollars"":""0.4900""}"
KXBTC15M-26APR280630-30,d1e19f3d-2108-52bd-eb52-a925f5a70381,1777371320,0.49,10.04,no,"{""count_fp"":""10.04"",""created_time"":""2026-04-28T10:15:20.655956Z"",""no_price_dollars"":""0.5100"",""taker_side"":""no"",""ticker"":""KXBTC15M-26APR280630-30"",""trade_id"":""d1e19f3d-2108-52bd-eb52-a925f5a70381"",""yes_price_dollars"":""0.4900""}"
KXBTC15M-26APR280630-30,40b6f00a-f47b-46d7-f709-1d872fbf6524,1777371320,0.5,77.29,yes,"{""count_fp"":""77.29"",""created_time"":""2026-04-28T10:15:20.553938Z"",""no_price_dollars"":""0.5000"",""taker_side"":""yes"",""ticker"":""KXBTC15M-26APR280630-30"",""trade_id"":""40b6f00a-f47b-46d7-f709-1d872fbf6524"",""yes_price_dollars"":""0.5000""}"
KXBTC15M-26APR280630-30,4ce177bd-2ce0-6a51-d930-9ab9456fd019,1777371320,0.49,9.47,no,"{""count_fp"":""9.47"",""created_time"":""2026-04-28T10:15:20.382646Z"",""no_price_dollars"":""0.5100"",""taker_side"":""no"",""ticker"":""KXBTC15M-26APR280630-30"",""trade_id"":""4ce177bd-2ce0-6a51-d930-9ab9456fd019"",""yes_price_dollars"":""0.4900""}"
KXBTC15M-26APR280630-30,17b2706a-7d97-738c-1975-54c4ef0faad8,1777371321,0.48,48.3,yes,"{""count_fp"":""48.30"",""created_time"":""2026-04-28T10:15:21.478941Z"",""no_price_dollars"":""0.5200"",""taker_side"":""yes"",""ticker"":""KXBTC15M-26APR280630-30"",""trade_id"":""17b2706a-7d97-738c-1975-54c4ef0faad8"",""yes_price_dollars"":""0.4800""}"
KXBTC15M-26APR280630-30,1bfe2dca-08af-7414-dc53-5269be7e0f80,1777371321,0.48,156.52,yes,"{""count_fp"":""156.52"",""created_time"":""2026-04-28T10:15:21.396072Z"",""no_price_dollars"":""0.5200"",""taker_side"":""yes"",""ticker"":""KXBTC15M-26APR280630-30"",""trade_id"":""1bfe2dca-08af-7414-dc53-5269be7e0f80"",""yes_price_dollars"":""0.4800""}"
KXBTC15M-26APR280630-30,1d13450b-fdf7-5478-5b81-d24fd4f2f468,1777371321,0.48,28.98,yes,"{""count_fp"":""28.98"",""created_time"":""2026-04-28T10:15:21.321735Z"",""no_price_dollars"":""0.5200"",""taker_side"":""yes"",""ticker"":""KXBTC15M-26APR280630-30"",""trade_id"":""1d13450b-fdf7-5478-5b81-d24fd4f2f468"",""yes_price_dollars"":""0.4800""}"
KXBTC15M-26APR280630-30,089467cd-7bef-4964-dad9-ad348ce5b114,1777371321,0.48,10.0,yes,"{""count_fp"":""10.00"",""created_time"":""2026-04-28T10:15:21.094862Z"",""no_price_dollars"":""0.5200"",""taker_side"":""yes"",""ticker"":""KXBTC15M-26APR280630-30"",""trade_id"":""089467cd-7bef-4964-dad9-ad348ce5b114"",""yes_price_dollars"":""0.4800""}"
KXBTC15M-26APR280630-30,f6132b78-e767-5270-0f82-6ae09c0becb8,1777371321,0.48,1.93,yes,"{""count_fp"":""1.93"",""created_time"":""2026-04-28T10:15:21.007317Z"",""no_price_dollars"":""0.5200"",""taker_side"":""yes"",""ticker"":""KXBTC15M-26APR280630-30"",""trade_id"":""f6132b78-e767-5270-0f82-6ae09c0becb8"",""yes_price_dollars"":""0.4800""}"
KXBTC15M-26APR280630-30,eae0367f-cd07-6078-4bed-facadd08e640,1777371322,0.48,50.0,yes,"{""count_fp"":""50.00"",""created_time"":""2026-04-28T10:15:22.100891Z"",""no_price_dollars"":""0.5200"",""taker_side"":""yes"",""ticker"":""KXBTC15M-26APR280630-30"",""trade_id"":""eae0367f-cd07-6078-4bed-facadd08e640"",""yes_price_dollars"":""0.4800""}"
KXBTC15M-26APR280630-30,68347712-8df8-5f52-e0f7-67a13416ba03,1777371323,0.47,1.0,no,"{""count_fp"":""1.00"",""created_time"":""2026-04-28T10:15:23.743206Z"",""no_price_dollars"":""0.5300"",""taker_side"":""no"",""ticker"":""KXBTC15M-26APR280630-30"",""trade_id"":""68347712-8df8-5f52-e0f7-67a13416ba03"",""yes_price_dollars"":""0.4700""}"
KXBTC15M-26APR280630-30,e5c72ab7-cdcb-7620-f9a2-2e528400c77c,1777371323,0.48,4.02,yes,"{""count_fp"":""4.02"",""created_time"":""2026-04-28T10:15:23.438115Z"",""no_price_dollars"":""0.5200"",""taker_side"":""yes"",""ticker"":""KXBTC15M-26APR280630-30"",""trade_id"":""e5c72ab7-cdcb-7620-f9a2-2e528400c77c"",""yes_price_dollars"":""0.4800""}"
KXBTC15M-26APR280630-30,7ce32d80-0b55-5c94-a3af-71f818435d75,1777371324,0.47,2.94,no,"{""count_fp"":""2.94"",""created_time"":""2026-04-28T10:15:24.392959Z"",""no_price_dollars"":""0.5300"",""taker_side"":""no"",""ticker"":""KXBTC15M-26APR280630-30"",""trade_id"":""7ce32d80-0b55-5c94-a3af-71f818435d75"",""yes_price_dollars"":""0.4700""}"
KXBTC15M-26APR280630-30,29461766-f8ac-5c16-8f37-236a40c0c807,1777371324,0.47,9.0,no,"{""count_fp"":""9.00"",""created_time"":""2026-04-28T10:15:24.392959Z"",""no_price_dollars"":""0.5300"",""taker_side"":""no"",""ticker"":""KXBTC15M-26APR280630-30"",""trade_id"":""29461766-f8ac-5c16-8f37-236a40c0c807"",""yes_price_dollars"":""0.4700""}"
KXBTC15M-26APR280630-30,b8b29272-1047-5eb4-6b04-3b95d1daef1c,1777371325,0.48,20.1,yes,"{""count_fp"":""20.10"",""created_time"":""2026-04-28T10:15:25.992451Z"",""no_price_dollars"":""0.5200"",""taker_side"":""yes"",""ticker"":""KXBTC15M-26APR280630-30"",""trade_id"":""b8b29272-1047-5eb4-6b04-3b95d1daef1c"",""yes_price_dollars"":""0.4800""}"
KXBTC15M-26APR280630-30,ff5032a3-8cd7-676c-d0a4-818461fc65a8,1777371325,0.48,8.0,yes,"{""count_fp"":""8.00"",""created_time"":""2026-04-28T10:15:25.916686Z"",""no_price_dollars"":""0.5200"",""taker_side"":""yes"",""ticker"":""KXBTC15M-26APR280630-30"",""trade_id"":""ff5032a3-8cd7-676c-d0a4-818461fc65a8"",""yes_price_dollars"":""0.4800""}"
KXBTC15M-26APR280630-30,e36d09e1-16e3-7ed8-826a-3a35897759cc,1777371325,0.48,100.5,yes,"{""count_fp"":""100.50"",""created_time"":""2026-04-28T10:15:25.508597Z"",""no_price_dollars"":""0.5200"",""taker_side"":""yes"",""ticker"":""KXBTC15M-26APR280630-30"",""trade_id"":""e36d09e1-16e3-7ed8-826a-3a35897759cc"",""yes_price_dollars"":""0.4800""}"
KXBTC15M-26APR280630-30,d12e6676-b94a-5ce5-f996-f7f60ac8b8a8,1777371325,0.47,2.22,no,"{""count_fp"":""2.22"",""created_time"":""2026-04-28T10:15:25.461546Z"",""no_price_dollars"":""0.5300"",""taker_side"":""no"",""ticker"":""KXBTC15M-26APR280630-30"",""trade_id"":""d12e6676-b94a-5ce5-f996-f7f60ac8b8a8"",""yes_price_dollars"":""0.4700""}"
KXBTC15M-26APR280630-30,60698fa6-21de-5cc8-f849-2c42c06573b8,1777371325,0.47,27.0,no,"{""count_fp"":""27.00"",""created_time"":""2026-04-28T10:15:25.461546Z"",""no_price_dollars"":""0.5300"",""taker_side"":""no"",""ticker"":""KXBTC15M-26APR280630-30"",""trade_id"":""60698fa6-21de-5cc8-f849-2c42c06573b8"",""yes_price_dollars"":""0.4700""}"
KXBTC15M-26APR280630-30,506f6bc9-f5d7-4634-790d-43c8e4a1e884,1777371326,0.48,10.05,yes,"{""count_fp"":""10.05"",""created_time"":""2026-04-28T10:15:26.805238Z"",""no_price_dollars"":""0.5200"",""taker_side"":""yes"",""ticker"":""KXBTC15M-26APR280630-30"",""trade_id"":""506f6bc9-f5d7-4634-790d-43c8e4a1e884"",""yes_price_dollars"":""0.4800""}"
KXBTC15M-26APR280630-30,12b6a269-4c3f-7b10-fa65-d29da94c6608,1777371326,0.48,10.05,yes,"{""count_fp"":""10.05"",""created_time"":""2026-04-28T10:15:26.050547Z"",""no_price_dollars"":""0.5200"",""taker_side"":""yes"",""ticker"":""KXBTC15M-26APR280630-30"",""trade_id"":""12b6a269-4c3f-7b10-fa65-d29da94c6608"",""yes_price_dollars"":""0.4800""}"
KXBTC15M-26APR280630-30,fb958f98-8287-5530-4312-8830e4bc2f8a,1777371328,0.45,1.0,no,"{""count_fp"":""1.00"",""created_time"":""2026-04-28T10:15:28.792533Z"",""no_price_dollars"":""0.5500"",""taker_side"":""no"",""ticker"":""KXBTC15M-26APR280630-30"",""trade_id"":""fb958f98-8287-5530-4312-8830e4bc2f8a"",""yes_price_dollars"":""0.4500""}"
KXBTC15M-26APR280630-30,ce50410c-66bb-5871-50f8-df7a6fa18d42,1777371328,0.45,2.0,no,"{""count_fp"":""2.00"",""created_time"":""2026-04-28T10:15:28.792533Z"",""no_price_dollars"":""0.5500"",""taker_side"":""no"",""ticker"":""KXBTC15M-26APR280630-30"",""trade_id"":""ce50410c-66bb-5871-50f8-df7a6fa18d42"",""yes_price_dollars"":""0.4500""}"
KXBTC15M-26APR280630-30,8ebf47b9-514d-5868-4245-c220b0e45797,1777371328,0.45,3.0,no,"{""count_fp"":""3.00"",""created_time"":""2026-04-28T10:15:28.792533Z"",""no_price_dollars"":""0.5500"",""taker_side"":""no"",""ticker"":""KXBTC15M-26APR280630-30"",""trade_id"":""8ebf47b9-514d-5868-4245-c220b0e45797"",""yes_price_dollars"":""0.4500""}"
KXBTC15M-26APR280630-30,54a9d69a-8d5f-597d-65f7-28ba66b990e5,1777371328,0.45,1.0,no,"{""count_fp"":""1.00"",""created_time"":""2026-04-28T10:15:28.792533Z"",""no_price_dollars"":""0.5500"",""taker_side"":""no"",""ticker"":""KXBTC15M-26APR280630-30"",""trade_id"":""54a9d69a-8d5f-597d-65f7-28ba66b990e5"",""yes_price_dollars"":""0.4500""}"
KXBTC15M-26APR280630-30,36b4b280-eaf1-5c05-5c5e-f9cdc770de11,1777371328,0.45,3.0,no,"{""count_fp"":""3.00"",""created_time"":""2026-04-28T10:15:28.792533Z"",""no_price_dollars"":""0.5500"",""taker_side"":""no"",""ticker"":""KXBTC15M-26APR280630-30"",""trade_id"":""36b4b280-eaf1-5c05-5c5e-f9cdc770de11"",""yes_price_dollars"":""0.4500""}"
KXBTC15M-26APR280630-30,5b34d16b-aa0a-6606-888b-e3049e886c1e,1777371328,0.46,49.25,no,"{""count_fp"":""49.25"",""created_time"":""2026-04-28T10:15:28.701337Z"",""no_price_dollars"":""0.5400"",""taker_side"":""no"",""ticker"":""KXBTC15M-26APR280630-30"",""trade_id"":""5b34d16b-aa0a-6606-888b-e3049e886c1e"",""yes_price_dollars"":""0.4600""}"
KXBTC15M-26APR280630-30,530cb79f-c766-6aa3-aa4e-82a0e4dca64c,1777371328,0.46,3.0,no,"{""count_fp"":""3.00"",""created_time"":""2026-04-28T10:15:28.701337Z"",""no_price_dollars"":""0.5400"",""taker_side"":""no"",""ticker"":""KXBTC15M-26APR280630-30"",""trade_id"":""530cb79f-c766-6aa3-aa4e-82a0e4dca64c"",""yes_price_dollars"":""0.4600""}"
KXBTC15M-26APR280630-30,3c497570-3d05-7910-f6ca-366bdc9b68da,1777371328,0.46,1.0,no,"{""count_fp"":""1.00"",""created_time"":""2026-04-28T10:15:28.694528Z"",""no_price_dollars"":""0.5400"",""taker_side"":""no"",""ticker"":""KXBTC15M-26APR280630-30"",""trade_id"":""3c497570-3d05-7910-f6ca-366bdc9b68da"",""yes_price_dollars"":""0.4600""}"
KXBTC15M-26APR280630-30,209f949d-e946-715a-f1da-86a721d75da6,1777371328,0.46,70.75,no,"{""count_fp"":""70.75"",""created_time"":""2026-04-28T10:15:28.694528Z"",""no_price_dollars"":""0.5400"",""taker_side"":""no"",""ticker"":""KXBTC15M-26APR280630-30"",""trade_id"":""209f949d-e946-715a-f1da-86a721d75da6"",""yes_price_dollars"":""0.4600""}"
KXBTC15M-26APR280630-30,8c9dd2bf-c486-63fa-d8b7-a51bd558a41f,1777371328,0.47,0.45,no,"{""count_fp"":""0.45"",""created_time"":""2026-04-28T10:15:28.675977Z"",""no_price_dollars"":""0.5300"",""taker_side"":""no"",""ticker"":""KXBTC15M-26APR280630-30"",""trade_id"":""8c9dd2bf-c486-63fa-d8b7-a51bd558a41f"",""yes_price_dollars"":""0.4700""}"
KXBTC15M-26APR280630-30,7fe9d1dc-2eec-7c91-e893-b35110829d16,1777371328,0.47,26.0,no,"{""count_fp"":""26.00"",""created_time"":""2026-04-28T10:15:28.675558Z"",""no_price_dollars"":""0.5300"",""taker_side"":""no"",""ticker"":""KXBTC15M-26APR280630-30"",""trade_id"":""7fe9d1dc-2eec-7c91-e893-b35110829d16"",""yes_price_dollars"":""0.4700""}"
KXBTC15M-26APR280630-30,3f1325ce-5f1a-7b5a-d542-f66bca023667,1777371328,0.47,39.55,no,"{""count_fp"":""39.55"",""created_time"":""2026-04-28T10:15:28.675558Z"",""no_price_dollars"":""0.5300"",""taker_side"":""no"",""ticker"":""KXBTC15M-26APR280630-30"",""trade_id"":""3f1325ce-5f1a-7b5a-d542-f66bca023667"",""yes_price_dollars"":""0.4700""}"
KXBTC15M-26APR280630-30,2f80263b-ee36-7ba7-c283-d1600d3c1472,1777371328,0.47,5.45,no,"{""count_fp"":""5.45"",""created_time"":""2026-04-28T10:15:28.675558Z"",""no_price_dollars"":""0.5300"",""taker_side"":""no"",""ticker"":""KXBTC15M-26APR280630-30"",""trade_id"":""2f80263b-ee36-7ba7-c283-d1600d3c1472"",""yes_price_dollars"":""0.4700""}"
KXBTC15M-26APR280630-30,627cb49b-4336-4ee3-ab1d-a610e0e4048e,1777371328,0.47,10.0,no,"{""count_fp"":""10.00"",""created_time"":""2026-04-28T10:15:28.590069Z"",""no_price_dollars"":""0.5300"",""taker_side"":""no"",""ticker"":""KXBTC15M-26APR280630-30"",""trade_id"":""627cb49b-4336-4ee3-ab1d-a610e0e4048e"",""yes_price_dollars"":""0.4700""}"
KXBTC15M-26APR280630-30,e4ca2d09-1ece-587f-31e6-317eb087c088,1777371328,0.47,40.0,no,"{""count_fp"":""40.00"",""created_time"":""2026-04-28T10:15:28.282246Z"",""no_price_dollars"":""0.5300"",""taker_side"":""no"",""ticker"":""KXBTC15M-26APR280630-30"",""trade_id"":""e4ca2d09-1ece-587f-31e6-317eb087c088"",""yes_price_dollars"":""0.4700""}"
KXBTC15M-26APR280630-30,b3005e65-94b6-5ba1-22fd-351abf23aa2c,1777371328,0.47,37.78,no,"{""count_fp"":""37.78"",""created_time"":""2026-04-28T10:15:28.282246Z"",""no_price_dollars"":""0.5300"",""taker_side"":""no"",""ticker"":""KXBTC15M-26APR280630-30"",""trade_id"":""b3005e65-94b6-5ba1-22fd-351abf23aa2c"",""yes_price_dollars"":""0.4700""}"
KXBTC15M-26APR280630-30,3a4e25b1-05aa-596b-3220-2599ee90372a,1777371328,0.47,12.55,no,"{""count_fp"":""12.55"",""created_time"":""2026-04-28T10:15:28.282246Z"",""no_price_dollars"":""0.5300"",""taker_side"":""no"",""ticker"":""KXBTC15M-26APR280630-30"",""trade_id"":""3a4e25b1-05aa-596b-3220-2599ee90372a"",""yes_price_dollars"":""0.4700""}"
KXBTC15M-26APR280630-30,33bbe811-dead-5f13-2186-1db47e81cf46,1777371328,0.47,1.0,no,"{""count_fp"":""1.00"",""created_time"":""2026-04-28T10:15:28.282246Z"",""no_price_dollars"":""0.5300"",""taker_side"":""no"",""ticker"":""KXBTC15M-26APR280630-30"",""trade_id"":""33bbe811-dead-5f13-2186-1db47e81cf46"",""yes_price_dollars"":""0.4700""}"
KXBTC15M-26APR280630-30,fb7a55e9-ca6f-69f0-fbbf-88a49cc7c2b0,1777371328,0.48,51.55,yes,"{""count_fp"":""51.55"",""created_time"":""2026-04-28T10:15:28.235149Z"",""no_price_dollars"":""0.5200"",""taker_side"":""yes"",""ticker"":""KXBTC15M-26APR280630-30"",""trade_id"":""fb7a55e9-ca6f-69f0-fbbf-88a49cc7c2b0"",""yes_price_dollars"":""0.4800""}"
KXBTC15M-26APR280630-30,101fb606-8361-6cb8-c525-7074988af7d0,1777371328,0.48,14.78,yes,"{""count_fp"":""14.78"",""created_time"":""2026-04-28T10:15:28.235149Z"",""no_price_dollars"":""0.5200"",""taker_side"":""yes"",""ticker"":""KXBTC15M-26APR280630-30"",""trade_id"":""101fb606-8361-6cb8-c525-7074988af7d0"",""yes_price_dollars"":""0.4800""}"
KXBTC15M-26APR280630-30,734b47ae-73c4-75b6-2be5-d6f4b8d6cb4f,1777371329,0.43,2.01,yes,"{""count_fp"":""2.01"",""created_time"":""2026-04-28T10:15:29.578501Z"",""no_price_dollars"":""0.5700"",""taker_side"":""yes"",""ticker"":""KXBTC15M-26APR280630-30"",""trade_id"":""734b47ae-73c4-75b6-2be5-d6f4b8d6cb4f"",""yes_price_dollars"":""0.4300""}"
KXBTC15M-26APR280630-30,dee55f07-a474-7b16-f045-47e3b58beb9b,1777371329,0.43,2.0,yes,"{""count_fp"":""2.00"",""created_time"":""2026-04-28T10:15:29.479078Z"",""no_price_dollars"":""0.5700"",""taker_side"":""yes"",""ticker"":""KXBTC15M-26APR280630-30"",""trade_id"":""dee55f07-a474-7b16-f045-47e3b58beb9b"",""yes_price_dollars"":""0.4300""}"
KXBTC15M-26APR280630-30,de6042e1-c46e-4cad-31cb-1fa931c4e1a6,1777371329,0.44,1.0,no,"{""count_fp"":""1.00"",""created_time"":""2026-04-28T10:15:29.203747Z"",""no_price_dollars"":""0.5600"",""taker_side"":""no"",""ticker"":""KXBTC15M-26APR280630-30"",""trade_id"":""de6042e1-c46e-4cad-31cb-1fa931c4e1a6"",""yes_price_dollars"":""0.4400""}"
KXBTC15M-26APR280630-30,d156a735-204f-48b9-3a99-014fe8881d6d,1777371329,0.43,3.0,no,"{""count_fp"":""3.00"",""created_time"":""2026-04-28T10:15:29.203747Z"",""no_price_dollars"":""0.5700"",""taker_side"":""no"",""ticker"":""KXBTC15M-26APR280630-30"",""trade_id"":""d156a735-204f-48b9-3a99-014fe8881d6d"",""yes_price_dollars"":""0.4300""}"
KXBTC15M-26APR280630-30,824d5015-4127-44d2-2ddc-ec80cd9a5d19,1777371329,0.43,1.0,no,"{""count_fp"":""1.00"",""created_time"":""2026-04-28T10:15:29.203747Z"",""no_price_dollars"":""0.5700"",""taker_side"":""no"",""ticker"":""KXBTC15M-26APR280630-30"",""trade_id"":""824d5015-4127-44d2-2ddc-ec80cd9a5d19"",""yes_price_dollars"":""0.4300""}"
KXBTC15M-26APR280630-30,d0dd3b2e-2c9e-4fe8-5b2d-3eeb321b538c,1777371330,0.41,1.0,yes,"{""count_fp"":""1.00"",""created_time"":""2026-04-28T10:15:30.891453Z"",""no_price_dollars"":""0.5900"",""taker_side"":""yes"",""ticker"":""KXBTC15M-26APR280630-30"",""trade_id"":""d0dd3b2e-2c9e-4fe8-5b2d-3eeb321b538c"",""yes_price_dollars"":""0.4100""}"
KXBTC15M-26APR280630-30,a1c4d6a8-021e-5782-2dce-66ac8bbb9d0b,1777371330,0.41,5.0,no,"{""count_fp"":""5.00"",""created_time"":""2026-04-28T10:15:30.661177Z"",""no_price_dollars"":""0.5900"",""taker_side"":""no"",""ticker"":""KXBTC15M-26APR280630-30"",""trade_id"":""a1c4d6a8-021e-5782-2dce-66ac8bbb9d0b"",""yes_price_dollars"":""0.4100""}"
KXBTC15M-26APR280630-30,8fcd281f-94ff-5ac3-1508-90e88a7415cd,1777371330,0.41,40.0,no,"{""count_fp"":""40.00"",""created_time"":""2026-04-28T10:15:30.661177Z"",""no_price_dollars"":""0.5900"",""taker_side"":""no"",""ticker"":""KXBTC15M-26APR280630-30"",""trade_id"":""8fcd281f-94ff-5ac3-1508-90e88a7415cd"",""yes_price_dollars"":""0.4100""}"
KXBTC15M-26APR280630-30,8c5044d1-b97f-557f-2af3-9f4439185e46,1777371330,0.41,25.0,no,"{""count_fp"":""25.00"",""created_time"":""2026-04-28T10:15:30.661177Z"",""no_price_dollars"":""0.5900"",""taker_side"":""no"",""ticker"":""KXBTC15M-26APR280630-30"",""trade_id"":""8c5044d1-b97f-557f-2af3-9f4439185e46"",""yes_price_dollars"":""0.4100""}"
KXBTC15M-26APR280630-30,1648c339-f9f2-5ebf-1e13-c4d860d75d6a,1777371330,0.41,5.0,no,"{""count_fp"":""5.00"",""created_time"":""2026-04-28T10:15:30.661177Z"",""no_price_dollars"":""0.5900"",""taker_side"":""no"",""ticker"":""KXBTC15M-26APR280630-30"",""trade_id"":""1648c339-f9f2-5ebf-1e13-c4d860d75d6a"",""yes_price_dollars"":""0.4100""}"
KXBTC15M-26APR280630-30,11deb6c6-a133-5511-2d74-acab34e29265,1777371330,0.41,119.0,no,"{""count_fp"":""119.00"",""created_time"":""2026-04-28T10:15:30.661177Z"",""no_price_dollars"":""0.5900"",""taker_side"":""no"",""ticker"":""KXBTC15M-26APR280630-30"",""trade_id"":""11deb6c6-a133-5511-2d74-acab34e29265"",""yes_price_dollars"":""0.4100""}"
KXBTC15M-26APR280630-30,5987e664-9ec8-73ef-a9a7-848a13685ba7,1777371330,0.42,31.0,no,"{""count_fp"":""31.00"",""created_time"":""2026-04-28T10:15:30.649175Z"",""no_price_dollars"":""0.5800"",""taker_side"":""no"",""ticker"":""KXBTC15M-26APR280630-30"",""trade_id"":""5987e664-9ec8-73ef-a9a7-848a13685ba7"",""yes_price_dollars"":""0.4200""}"
KXBTC15M-26APR280630-30,3ce72024-3bcf-7f8c-a9ce-e6a853606856,1777371330,0.42,3.0,no,"{""count_fp"":""3.00"",""created_time"":""2026-04-28T10:15:30.649175Z"",""no_price_dollars"":""0.5800"",""taker_side"":""no"",""ticker"":""KXBTC15M-26APR280630-30"",""trade_id"":""3ce72024-3bcf-7f8c-a9ce-e6a853606856"",""yes_price_dollars"":""0.4200""}"
KXBTC15M-26APR280630-30,2bc745ea-93c8-739c-884b-f503afe25061,1777371330,0.42,11.0,no,"{""count_fp"":""11.00"",""created_time"":""2026-04-28T10:15:30.649175Z"",""no_price_dollars"":""0.5800"",""taker_side"":""no"",""ticker"":""KXBTC15M-26APR280630-30"",""trade_id"":""2bc745ea-93c8-739c-884b-f503afe25061"",""yes_price_dollars"":""0.4200""}"
KXBTC15M-26APR280630-30,e4a2d718-a704-7799-befd-c15dc4b66087,1777371330,0.43,55.6,yes,"{""count_fp"":""55.60"",""created_time"":""2026-04-28T10:15:30.640518Z"",""no_price_dollars"":""0.5700"",""taker_side"":""yes"",""ticker"":""KXBTC15M-26APR280630-30"",""trade_id"":""e4a2d718-a704-7799-befd-c15dc4b66087"",""yes_price_dollars"":""0.4300""}"
KXBTC15M-26APR280630-30,696c1a09-f428-783e-8737-de5a912e8f5b,1777371330,0.43,11.49,yes,"{""count_fp"":""11.49"",""created_time"":""2026-04-28T10:15:30.640518Z"",""no_price_dollars"":""0.5700"",""taker_side"":""yes"",""ticker"":""KXBTC15M-26APR280630-30"",""trade_id"":""696c1a09-f428-783e-8737-de5a912e8f5b"",""yes_price_dollars"":""0.4300""}"
KXBTC15M-26APR280630-30,f117e4f5-43f8-7b56-cfe3-d82861f2b993,1777371330,0.43,5.0,yes,"{""count_fp"":""5.00"",""created_time"":""2026-04-28T10:15:30.398334Z"",""no_price_dollars"":""0.5700"",""taker_side"":""yes"",""ticker"":""KXBTC15M-26APR280630-30"",""trade_id"":""f117e4f5-43f8-7b56-cfe3-d82861f2b993"",""yes_price_dollars"":""0.4300""}"
KXBTC15M-26APR280630-30,6f170f7b-6488-4eb2-8099-e17a693134ab,1777371330,0.43,1.5,yes,"{""count_fp"":""1.50"",""created_time"":""2026-04-28T10:15:30.366148Z"",""no_price_dollars"":""0.5700"",""taker_side"":""yes"",""ticker"":""KXBTC15M-26APR280630-30"",""trade_id"":""6f170f7b-6488-4eb2-8099-e17a693134ab"",""yes_price_dollars"":""0.4300""}"
KXBTC15M-26APR280630-30,d4497e3a-2d28-5383-02da-f80ac0ada7eb,1777371330,0.42,9.0,no,"{""count_fp"":""9.00"",""created_time"":""2026-04-28T10:15:30.149681Z"",""no_price_dollars"":""0.5800"",""taker_side"":""no"",""ticker"":""KXBTC15M-26APR280630-30"",""trade_id"":""d4497e3a-2d28-5383-02da-f80ac0ada7eb"",""yes_price_dollars"":""0.4200""}"
KXBTC15M-26APR280630-30,380cc059-5230-59ce-048e-b6c87dd37d9d,1777371330,0.42,1.0,no,"{""count_fp"":""1.00"",""created_time"":""2026-04-28T10:15:30.149681Z"",""no_price_dollars"":""0.5800"",""taker_side"":""no"",""ticker"":""KXBTC15M-26APR280630-30"",""trade_id"":""380cc059-5230-59ce-048e-b6c87dd37d9d"",""yes_price_dollars"":""0.4200""}"
KXBTC15M-26APR280630-30,320c8860-6887-58a6-3b36-df35065fce88,1777371330,0.42,1.0,no,"{""count_fp"":""1.00"",""created_time"":""2026-04-28T10:15:30.149681Z"",""no_price_dollars"":""0.5800"",""taker_side"":""no"",""ticker"":""KXBTC15M-26APR280630-30"",""trade_id"":""320c8860-6887-58a6-3b36-df35065fce88"",""yes_price_dollars"":""0.4200""}"
KXBTC15M-26APR280630-30,ab3c7da2-342e-73f4-7777-ce7164dd995e,1777371331,0.4,11.0,no,"{""count_fp"":""11.00"",""created_time"":""2026-04-28T10:15:31.551391Z"",""no_price_dollars"":""0.6000"",""taker_side"":""no"",""ticker"":""KXBTC15M-26APR280630-30"",""trade_id"":""ab3c7da2-342e-73f4-7777-ce7164dd995e"",""yes_price_dollars"":""0.4000""}"
KXBTC15M-26APR280630-30,4fcbeb7e-06f4-6d21-fe3d-f892827844af,1777371331,0.41,0.54,yes,"{""count_fp"":""0.54"",""created_time"":""2026-04-28T10:15:31.537844Z"",""no_price_dollars"":""0.5900"",""taker_side"":""yes"",""ticker"":""KXBTC15M-26APR280630-30"",""trade_id"":""4fcbeb7e-06f4-6d21-fe3d-f892827844af"",""yes_price_dollars"":""0.4100""}"
KXBTC15M-26APR280630-30,1a364e75-4fe2-63bc-e40b-f575caffeed0,1777371331,0.41,33.0,yes,"{""count_fp"":""33.00"",""created_time"":""2026-04-28T10:15:31.537844Z"",""no_price_dollars"":""0.5900"",""taker_side"":""yes"",""ticker"":""KXBTC15M-26APR280630-30"",""trade_id"":""1a364e75-4fe2-63bc-e40b-f575caffeed0"",""yes_price_dollars"":""0.4100""}"
KXBTC15M-26APR280630-30,535f7cc8-8078-6831-9940-72e00999e663,1777371332,0.41,46.84,yes,"{""count_fp"":""46.84"",""created_time"":""2026-04-28T10:15:32.861106Z"",""no_price_dollars"":""0.5900"",""taker_side"":""yes"",""ticker"":""KXBTC15M-26APR280630-30"",""trade_id"":""535f7cc8-8078-6831-9940-72e00999e663"",""yes_price_dollars"":""0.4100""}"
KXBTC15M-26APR280630-30,648f9df2-f4a4-7989-3952-572de7de1d9f,1777371332,0.41,28.43,yes,"{""count_fp"":""28.43"",""created_time"":""2026-04-28T10:15:32.841813Z"",""no_price_dollars"":""0.5900"",""taker_side"":""yes"",""ticker"":""KXBTC15M-26APR280630-30"",""trade_id"":""648f9df2-f4a4-7989-3952-572de7de1d9f"",""yes_price_dollars"":""0.4100""}"
KXBTC15M-26APR280630-30,d4ba4742-2e20-5109-035d-74f2f5f5ffdb,1777371332,0.41,24.44,yes,"{""count_fp"":""24.44"",""created_time"":""2026-04-28T10:15:32.830936Z"",""no_price_dollars"":""0.5900"",""taker_side"":""yes"",""ticker"":""KXBTC15M-26APR280630-30"",""trade_id"":""d4ba4742-2e20-5109-035d-74f2f5f5ffdb"",""yes_price_dollars"":""0.4100""}"
KXBTC15M-26APR280630-30,d642aae2-0a60-4485-42e8-60d1971b9a93,1777371332,0.41,260.47,yes,"{""count_fp"":""260.47"",""created_time"":""2026-04-28T10:15:32.448917Z"",""no_price_dollars"":""0.5900"",""taker_side"":""yes"",""ticker"":""KXBTC15M-26APR280630-30"",""trade_id"":""d642aae2-0a60-4485-42e8-60d1971b9a93"",""yes_price_dollars"":""0.4100""}"
KXBTC15M-26APR280630-30,98ea4985-53c6-75ac-9259-0705bb2918f6,1777371332,0.4,1.63,no,"{""count_fp"":""1.63"",""created_time"":""2026-04-28T10:15:32.177844Z"",""no_price_dollars"":""0.6000"",""taker_side"":""no"",""ticker"":""KXBTC15M-26APR280630-30"",""trade_id"":""98ea4985-53c6-75ac-9259-0705bb2918f6"",""yes_price_dollars"":""0.4000""}"
KXBTC15M-26APR280630-30,9239b3ab-b914-5761-c0e5-2bf8722eb3ab,1777371333,0.41,108.99,yes,"{""count_fp"":""108.99"",""created_time"":""2026-04-28T10:15:33.989104Z"",""no_price_dollars"":""0.5900"",""taker_side"":""yes"",""ticker"":""KXBTC15M-26APR280630-30"",""trade_id"":""9239b3ab-b914-5761-c0e5-2bf8722eb3ab"",""yes_price_dollars"":""0.4100""}"
KXBTC15M-26APR280630-30,86e7ec32-0002-55f1-ca23-35871f6e80a8,1777371333,0.41,21.0,yes,"{""count_fp"":""21.00"",""created_time"":""2026-04-28T10:15:33.989104Z"",""no_price_dollars"":""0.5900"",""taker_side"":""yes"",""ticker"":""KXBTC15M-26APR280630-30"",""trade_id"":""86e7ec32-0002-55f1-ca23-35871f6e80a8"",""yes_price_dollars"":""0.4100""}"
KXBTC15M-26APR280630-30,3b4d0c63-b79e-5bf9-c819-3596a4e587cb,1777371333,0.41,328.46,yes,"{""count_fp"":""328.46"",""created_time"":""2026-04-28T10:15:33.989104Z"",""no_price_dollars"":""0.5900"",""taker_side"":""yes"",""ticker"":""KXBTC15M-26APR280630-30"",""trade_id"":""3b4d0c63-b79e-5bf9-c819-3596a4e587cb"",""yes_price_dollars"":""0.4100""}"
KXBTC15M-26APR280630-30,2aa2d15e-2868-5dd3-f5b8-42d93ea5d5b1,1777371333,0.41,10.0,yes,"{""count_fp"":""10.00"",""created_time"":""2026-04-28T10:15:33.989104Z"",""no_price_dollars"":""0.5900"",""taker_side"":""yes"",""ticker"":""KXBTC15M-26APR280630-30"",""trade_id"":""2aa2d15e-2868-5dd3-f5b8-42d93ea5d5b1"",""yes_price_dollars"":""0.4100""}"
KXBTC15M-26APR280630-30,f1907b99-fc32-4f7c-e3e3-a6afea07551a,1777371333,0.4,1.0,no,"{""count_fp"":""1.00"",""created_time"":""2026-04-28T10:15:33.643037Z"",""no_price_dollars"":""0.6000"",""taker_side"":""no"",""ticker"":""KXBTC15M-26APR280630-30"",""trade_id"":""f1907b99-fc32-4f7c-e3e3-a6afea07551a"",""yes_price_dollars"":""0.4000""}"
KXBTC15M-26APR280630-30,75485604-37d8-4dc9-c9fe-790ab599f8f3,1777371333,0.41,16.0,yes,"{""count_fp"":""16.00"",""created_time"":""2026-04-28T10:15:33.613918Z"",""no_price_dollars"":""0.5900"",""taker_side"":""yes"",""ticker"":""KXBTC15M-26APR280630-30"",""trade_id"":""75485604-37d8-4dc9-c9fe-790ab599f8f3"",""yes_price_dollars"":""0.4100""}"
KXBTC15M-26APR280630-30,2b74fbdd-f870-7ba9-fc4b-0f655a31b773,1777371333,0.41,14.29,yes,"{""count_fp"":""14.29"",""created_time"":""2026-04-28T10:15:33.552811Z"",""no_price_dollars"":""0.5900"",""taker_side"":""yes"",""ticker"":""KXBTC15M-26APR280630-30"",""trade_id"":""2b74fbdd-f870-7ba9-fc4b-0f655a31b773"",""yes_price_dollars"":""0.4100""}"
KXBTC15M-26APR280630-30,59c96008-8426-4fa0-f610-5a3b6ac69e06,1777371333,0.4,8.0,no,"{""count_fp"":""8.00"",""created_time"":""2026-04-28T10:15:33.147014Z"",""no_price_dollars"":""0.6000"",""taker_side"":""no"",""ticker"":""KXBTC15M-26APR280630-30"",""trade_id"":""59c96008-8426-4fa0-f610-5a3b6ac69e06"",""yes_price_dollars"":""0.4000""}"
KXBTC15M-26APR280630-30,3bf3aa79-081e-5b9d-fc90-ffe3f3261feb,1777371334,0.41,0.17,yes,"{""count_fp"":""0.17"",""created_time"":""2026-04-28T10:15:34.958359Z"",""no_price_dollars"":""0.5900"",""taker_side"":""yes"",""ticker"":""KXBTC15M-26APR280630-30"",""trade_id"":""3bf3aa79-081e-5b9d-fc90-ffe3f3261feb"",""yes_price_dollars"":""0.4100""}"
KXBTC15M-26APR280630-30,330cdf54-8745-5608-dc55-3ec98f8e3c2e,1777371334,0.41,1.83,yes,"{""count_fp"":""1.83"",""created_time"":""2026-04-28T10:15:34.958359Z"",""no_price_dollars"":""0.5900"",""taker_side"":""yes"",""ticker"":""KXBTC15M-26APR280630-30"",""trade_id"":""330cdf54-8745-5608-dc55-3ec98f8e3c2e"",""yes_price_dollars"":""0.4100""}"
KXBTC15M-26APR280630-30,d8282676-3855-702f-97be-8dc581b67702,1777371334,0.4,29.37,no,"{""count_fp"":""29.37"",""created_time"":""2026-04-28T10:15:34.843363Z"",""no_price_dollars"":""0.6000"",""taker_side"":""no"",""ticker"":""KXBTC15M-26APR280630-30"",""trade_id"":""d8282676-3855-702f-97be-8dc581b67702"",""yes_price_dollars"":""0.4000""}"
KXBTC15M-26APR280630-30,b8cc0dd6-22d1-7ab1-abd4-a34780ddfa92,1777371334,0.4,40.0,no,"{""count_fp"":""40.00"",""created_time"":""2026-04-28T10:15:34.843363Z"",""no_price_dollars"":""0.6000"",""taker_side"":""no"",""ticker"":""KXBTC15M-26APR280630-30"",""trade_id"":""b8cc0dd6-22d1-7ab1-abd4-a34780ddfa92"",""yes_price_dollars"":""0.4000""}"
KXBTC15M-26APR280630-30,91afbe89-730a-72f7-b6c8-af0bdcc912a0,1777371334,0.4,660.2,no,"{""count_fp"":""660.20"",""created_time"":""2026-04-28T10:15:34.843363Z"",""no_price_dollars"":""0.6000"",""taker_side"":""no"",""ticker"":""KXBTC15M-26APR280630-30"",""trade_id"":""91afbe89-730a-72f7-b6c8-af0bdcc912a0"",""yes_price_dollars"":""0.4000""}"
KXBTC15M-26APR280630-30,76edd9c9-8bc6-5089-b57d-2b3f1a434577,1777371334,0.41,42.39,yes,"{""count_fp"":""42.39"",""created_time"":""2026-04-28T10:15:34.344642Z"",""no_price_dollars"":""0.5900"",""taker_side"":""yes"",""ticker"":""KXBTC15M-26APR280630-30"",""trade_id"":""76edd9c9-8bc6-5089-b57d-2b3f1a434577"",""yes_price_dollars"":""0.4100""}"
KXBTC15M-26APR280630-30,6841afbc-1db6-6995-29e3-0df24d23be97,1777371334,0.41,51.02,yes,"{""count_fp"":""51.02"",""created_time"":""2026-04-28T10:15:34.341033Z"",""no_price_dollars"":""0.5900"",""taker_side"":""yes"",""ticker"":""KXBTC15M-26APR280630-30"",""trade_id"":""6841afbc-1db6-6995-29e3-0df24d23be97"",""yes_price_dollars"":""0.4100""}"
KXBTC15M-26APR280630-30,f64c8681-db3e-475d-1175-b3abef963aa3,1777371334,0.41,31.12,yes,"{""count_fp"":""31.12"",""created_time"":""2026-04-28T10:15:34.218126Z"",""no_price_dollars"":""0.5900"",""taker_side"":""yes"",""ticker"":""KXBTC15M-26APR280630-30"",""trade_id"":""f64c8681-db3e-475d-1175-b3abef963aa3"",""yes_price_dollars"":""0.4100""}"
KXBTC15M-26APR280630-30,7a7b6837-35ce-56ed-4e6b-5fefd5ca3eff,1777371334,0.41,46.84,yes,"{""count_fp"":""46.84"",""created_time"":""2026-04-28T10:15:34.202127Z"",""no_price_dollars"":""0.5900"",""taker_side"":""yes"",""ticker"":""KXBTC15M-26APR280630-30"",""trade_id"":""7a7b6837-35ce-56ed-4e6b-5fefd5ca3eff"",""yes_price_dollars"":""0.4100""}"
KXBTC15M-26APR280630-30,ad5f0cfb-26c2-4fdc-0e98-8d00837ee3de,1777371334,0.4,92.37,no,"{""count_fp"":""92.37"",""created_time"":""2026-04-28T10:15:34.037118Z"",""no_price_dollars"":""0.6000"",""taker_side"":""no"",""ticker"":""KXBTC15M-26APR280630-30"",""trade_id"":""ad5f0cfb-26c2-4fdc-0e98-8d00837ee3de"",""yes_price_dollars"":""0.4000""}"
KXBTC15M-26APR280630-30,3f63970f-3100-4b11-377c-1128bfe4ef36,1777371334,0.4,1.0,no,"{""count_fp"":""1.00"",""created_time"":""2026-04-28T10:15:34.037118Z"",""no_price_dollars"":""0.6000"",""taker_side"":""no"",""ticker"":""KXBTC15M-26APR280630-30"",""trade_id"":""3f63970f-3100-4b11-377c-1128bfe4ef36"",""yes_price_dollars"":""0.4000""}"
KXBTC15M-26APR280630-30,334fdfde-597e-449c-1830-f759a5dedd77,1777371334,0.4,3.0,no,"{""count_fp"":""3.00"",""created_time"":""2026-04-28T10:15:34.037118Z"",""no_price_dollars"":""0.6000"",""taker_side"":""no"",""ticker"":""KXBTC15M-26APR280630-30"",""trade_id"":""334fdfde-597e-449c-1830-f759a5dedd77"",""yes_price_dollars"":""0.4000""}"
KXBTC15M-26APR280630-30,26c3413f-69a1-429b-2403-4ded9c95ea76,1777371334,0.4,0.63,no,"{""count_fp"":""0.63"",""created_time"":""2026-04-28T10:15:34.037118Z"",""no_price_dollars"":""0.6000"",""taker_side"":""no"",""ticker"":""KXBTC15M-26APR280630-30"",""trade_id"":""26c3413f-69a1-429b-2403-4ded9c95ea76"",""yes_price_dollars"":""0.4000""}"
KXBTC15M-26APR280630-30,253449fd-5aed-454c-075f-d2cdff109e1d,1777371334,0.4,3.0,no,"{""count_fp"":""3.00"",""created_time"":""2026-04-28T10:15:34.037118Z"",""no_price_dollars"":""0.6000"",""taker_side"":""no"",""ticker"":""KXBTC15M-26APR280630-30"",""trade_id"":""253449fd-5aed-454c-075f-d2cdff109e1d"",""yes_price_dollars"":""0.4000""}"
KXBTC15M-26APR280630-30,7293b6a6-d919-4958-298c-168697be87a6,1777371335,0.41,22.0,yes,"{""count_fp"":""22.00"",""created_time"":""2026-04-28T10:15:35.948899Z"",""no_price_dollars"":""0.5900"",""taker_side"":""yes"",""ticker"":""KXBTC15M-26APR280630-30"",""trade_id"":""7293b6a6-d919-4958-298c-168697be87a6"",""yes_price_dollars"":""0.4100""}"
KXBTC15M-26APR280630-30,1f317186-7b6d-53b4-6af6-da9e2b3af8da,1777371335,0.41,23.42,yes,"{""count_fp"":""23.42"",""created_time"":""2026-04-28T10:15:35.536472Z"",""no_price_dollars"":""0.5900"",""taker_side"":""yes"",""ticker"":""KXBTC15M-26APR280630-30"",""trade_id"":""1f317186-7b6d-53b4-6af6-da9e2b3af8da"",""yes_price_dollars"":""0.4100""}"
KXBTC15M-26APR280630-30,0b89fde9-c23d-496c-e3ac-f415fa2aa3aa,1777371335,0.41,63.24,yes,"{""count_fp"":""63.24"",""created_time"":""2026-04-28T10:15:35.457757Z"",""no_price_dollars"":""0.5900"",""taker_side"":""yes"",""ticker"":""KXBTC15M-26APR280630-30"",""trade_id"":""0b89fde9-c23d-496c-e3ac-f415fa2aa3aa"",""yes_price_dollars"":""0.4100""}"
KXBTC15M-26APR280630-30,9a13d29a-8b7a-75e3-863f-7c31184591fc,1777371336,0.4,27.0,no,"{""count_fp"":""27.00"",""created_time"":""2026-04-28T10:15:36.459248Z"",""no_price_dollars"":""0.6000"",""taker_side"":""no"",""ticker"":""KXBTC15M-26APR280630-30"",""trade_id"":""9a13d29a-8b7a-75e3-863f-7c31184591fc"",""yes_price_dollars"":""0.4000""}"
KXBTC15M-26APR280630-30,0bdce74f-38c6-6a43-d0a3-28cc167bf9b4,1777371336,0.4,1.0,no,"{""count_fp"":""1.00"",""created_time"":""2026-04-28T10:15:36.077346Z"",""no_price_dollars"":""0.6000"",""taker_side"":""no"",""ticker"":""KXBTC15M-26APR280630-30"",""trade_id"":""0bdce74f-38c6-6a43-d0a3-28cc167bf9b4"",""yes_price_dollars"":""0.4000""}"
KXBTC15M-26APR280630-30,54c10958-5821-59d8-f452-98ce6f903926,1777371336,0.41,2.34,yes,"{""count_fp"":""2.34"",""created_time"":""2026-04-28T10:15:36.075502Z"",""no_price_dollars"":""0.5900"",""taker_side"":""yes"",""ticker"":""KXBTC15M-26APR280630-30"",""trade_id"":""54c10958-5821-59d8-f452-98ce6f903926"",""yes_price_dollars"":""0.4100""}"
KXBTC15M-26APR280630-30,a502ac77-3d40-6a08-262a-f695220f8d11,1777371337,0.41,21.0,yes,"{""count_fp"":""21.00"",""created_time"":""2026-04-28T10:15:37.560442Z"",""no_price_dollars"":""0.5900"",""taker_side"":""yes"",""ticker"":""KXBTC15M-26APR280630-30"",""trade_id"":""a502ac77-3d40-6a08-262a-f695220f8d11"",""yes_price_dollars"":""0.4100""}"
KXBTC15M-26APR280630-30,5e9810c4-4dac-6334-0979-bd8263875a7b,1777371337,0.41,100.0,yes,"{""count_fp"":""100.00"",""created_time"":""2026-04-28T10:15:37.560442Z"",""no_price_dollars"":""0.5900"",""taker_side"":""yes"",""ticker"":""KXBTC15M-26APR280630-30"",""trade_id"":""5e9810c4-4dac-6334-0979-bd8263875a7b"",""yes_price_dollars"":""0.4100""}"
KXBTC15M-26APR280630-30,5bdd79b5-71a5-6d20-10b6-713fd42ab4ca,1777371337,0.41,384.17,yes,"{""count_fp"":""384.17"",""created_time"":""2026-04-28T10:15:37.560442Z"",""no_price_dollars"":""0.5900"",""taker_side"":""yes"",""ticker"":""KXBTC15M-26APR280630-30"",""trade_id"":""5bdd79b5-71a5-6d20-10b6-713fd42ab4ca"",""yes_price_dollars"":""0.4100""}"
KXBTC15M-26APR280630-30,0e6641b9-37b5-6b08-3801-144e869df705,1777371337,0.42,415.37,yes,"{""count_fp"":""415.37"",""created_time"":""2026-04-28T10:15:37.560442Z"",""no_price_dollars"":""0.5800"",""taker_side"":""yes"",""ticker"":""KXBTC15M-26APR280630-30"",""trade_id"":""0e6641b9-37b5-6b08-3801-144e869df705"",""yes_price_dollars"":""0.4200""}"
KXBTC15M-26APR280630-30,5479427a-056d-7c3c-9f2d-aae5d5b5a672,1777371337,0.41,3.0,yes,"{""count_fp"":""3.00"",""created_time"":""2026-04-28T10:15:37.174022Z"",""no_price_dollars"":""0.5900"",""taker_side"":""yes"",""ticker"":""KXBTC15M-26APR280630-30"",""trade_id"":""5479427a-056d-7c3c-9f2d-aae5d5b5a672"",""yes_price_dollars"":""0.4100""}"
KXBTC15M-26APR280630-30,706b53f8-6331-449b-daa3-828e67530191,1777371338,0.39,20.47,no,"{""count_fp"":""20.47"",""created_time"":""2026-04-28T10:15:38.690898Z"",""no_price_dollars"":""0.6100"",""taker_side"":""no"",""ticker"":""KXBTC15M-26APR280630-30"",""trade_id"":""706b53f8-6331-449b-daa3-828e67530191"",""yes_price_dollars"":""0.3900""}"
KXBTC15M-26APR280630-30,561e6569-fbc7-403f-ddfd-312eef72ce78,1777371338,0.4,18.43,no,"{""count_fp"":""18.43"",""created_time"":""2026-04-28T10:15:38.690898Z"",""no_price_dollars"":""0.6000"",""taker_side"":""no"",""ticker"":""KXBTC15M-26APR280630-30"",""trade_id"":""561e6569-fbc7-403f-ddfd-312eef72ce78"",""yes_price_dollars"":""0.4000""}"
KXBTC15M-26APR280630-30,ad403858-e386-44fb-9274-f722389058c5,1777371338,0.41,21.08,yes,"{""count_fp"":""21.08"",""created_time"":""2026-04-28T10:15:38.395948Z"",""no_price_dollars"":""0.5900"",""taker_side"":""yes"",""ticker"":""KXBTC15M-26APR280630-30"",""trade_id"":""ad403858-e386-44fb-9274-f722389058c5"",""yes_price_dollars"":""0.4100""}"
KXBTC15M-26APR280630-30,bd518359-7563-5a4f-766c-65c6b1db9322,1777371338,0.4,10.0,no,"{""count_fp"":""10.00"",""created_time"":""2026-04-28T10:15:38.270679Z"",""no_price_dollars"":""0.6000"",""taker_side"":""no"",""ticker"":""KXBTC15M-26APR280630-30"",""trade_id"":""bd518359-7563-5a4f-766c-65c6b1db9322"",""yes_price_dollars"":""0.4000""}"
KXBTC15M-26APR280630-30,80aed0ed-2913-52ef-4fdd-72c19d095838,1777371338,0.4,11.57,no,"{""count_fp"":""11.57"",""created_time"":""2026-04-28T10:15:38.270679Z"",""no_price_dollars"":""0.6000"",""taker_side"":""no"",""ticker"":""KXBTC15M-26APR280630-30"",""trade_id"":""80aed0ed-2913-52ef-4fdd-72c19d095838"",""yes_price_dollars"":""0.4000""}"
KXBTC15M-26APR280630-30,66bf2c8c-7675-55fb-7ec9-7d97609cc9b0,1777371338,0.4,3.0,no,"{""count_fp"":""3.00"",""created_time"":""2026-04-28T10:15:38.270679Z"",""no_price_dollars"":""0.6000"",""taker_side"":""no"",""ticker"":""KXBTC15M-26APR280630-30"",""trade_id"":""66bf2c8c-7675-55fb-7ec9-7d97609cc9b0"",""yes_price_dollars"":""0.4000""}"
KXBTC15M-26APR280630-30,17ceea7a-6c24-548f-6f24-bdbe88621d7b,1777371338,0.4,10.0,no,"{""count_fp"":""10.00"",""created_time"":""2026-04-28T10:15:38.270679Z"",""no_price_dollars"":""0.6000"",""taker_side"":""no"",""ticker"":""KXBTC15M-26APR280630-30"",""trade_id"":""17ceea7a-6c24-548f-6f24-bdbe88621d7b"",""yes_price_dollars"":""0.4000""}"
KXBTC15M-26APR280630-30,5c507b80-c068-4885-1046-ea2069ea92da,1777371338,0.41,23.42,yes,"{""count_fp"":""23.42"",""created_time"":""2026-04-28T10:15:38.149481Z"",""no_price_dollars"":""0.5900"",""taker_side"":""yes"",""ticker"":""KXBTC15M-26APR280630-30"",""trade_id"":""5c507b80-c068-4885-1046-ea2069ea92da"",""yes_price_dollars"":""0.4100""}"
KXBTC15M-26APR280630-30,f7f013bf-b984-57df-8f9a-8bc5c570d4c0,1777371339,0.39,27.0,no,"{""count_fp"":""27.00"",""created_time"":""2026-04-28T10:15:39.915128Z"",""no_price_dollars"":""0.6100"",""taker_side"":""no"",""ticker"":""KXBTC15M-26APR280630-30"",""trade_id"":""f7f013bf-b984-57df-8f9a-8bc5c570d4c0"",""yes_price_dollars"":""0.3900""}"
KXBTC15M-26APR280630-30,ebae8fa2-7a7c-57a3-9aa1-a19ebb345e2d,1777371339,0.38,2.0,no,"{""count_fp"":""2.00"",""created_time"":""2026-04-28T10:15:39.915128Z"",""no_price_dollars"":""0.6200"",""taker_side"":""no"",""ticker"":""KXBTC15M-26APR280630-30"",""trade_id"":""ebae8fa2-7a7c-57a3-9aa1-a19ebb345e2d"",""yes_price_dollars"":""0.3800""}"
KXBTC15M-26APR280630-30,e607f1c7-805f-56a6-b8a2-acfd3b20e34e,1777371339,0.38,3.0,no,"{""count_fp"":""3.00"",""created_time"":""2026-04-28T10:15:39.915128Z"",""no_price_dollars"":""0.6200"",""taker_side"":""no"",""ticker"":""KXBTC15M-26APR280630-30"",""trade_id"":""e607f1c7-805f-56a6-b8a2-acfd3b20e34e"",""yes_price_dollars"":""0.3800""}"
KXBTC15M-26APR280630-30,ce053237-7b45-5fc5-838d-dd1ecb6e7f45,1777371339,0.39,10.0,no,"{""count_fp"":""10.00"",""created_time"":""2026-04-28T10:15:39.915128Z"",""no_price_dollars"":""0.6100"",""taker_side"":""no"",""ticker"":""KXBTC15M-26APR280630-30"",""trade_id"":""ce053237-7b45-5fc5-838d-dd1ecb6e7f45"",""yes_price_dollars"":""0.3900""}"
KXBTC15M-26APR280630-30,ccd1ed0a-ad57-5fac-961c-38d890ec0e74,1777371339,0.38,40.0,no,"{""count_fp"":""40.00"",""created_time"":""2026-04-28T10:15:39.915128Z"",""no_price_dollars"":""0.6200"",""taker_side"":""no"",""ticker"":""KXBTC15M-26APR280630-30"",""trade_id"":""ccd1ed0a-ad57-5fac-961c-38d890ec0e74"",""yes_price_dollars"":""0.3800""}"
KXBTC15M-26APR280630-30,58381e52-c00d-5e87-888d-96feb440e9b5,1777371339,0.39,30.97,no,"{""count_fp"":""30.97"",""created_time"":""2026-04-28T10:15:39.915128Z"",""no_price_dollars"":""0.6100"",""taker_side"":""no"",""ticker"":""KXBTC15M-26APR280630-30"",""trade_id"":""58381e52-c00d-5e87-888d-96feb440e9b5"",""yes_price_dollars"":""0.3900""}"
KXBTC15M-26APR280630-30,33c76e4b-c63d-508b-997a-f91c54ac6648,1777371339,0.38,132.0,no,"{""count_fp"":""132.00"",""created_time"":""2026-04-28T10:15:39.915128Z"",""no_price_dollars"":""0.6200"",""taker_side"":""no"",""ticker"":""KXBTC15M-26APR280630-30"",""trade_id"":""33c76e4b-c63d-508b-997a-f91c54ac6648"",""yes_price_dollars"":""0.3800""}"
KXBTC15M-26APR280630-30,285d5ab2-3208-57d8-a473-90d6649d27c6,1777371339,0.37,10.31,no,"{""count_fp"":""10.31"",""created_time"":""2026-04-28T10:15:39.915128Z"",""no_price_dollars"":""0.6300"",""taker_side"":""no"",""ticker"":""KXBTC15M-26APR280630-30"",""trade_id"":""285d5ab2-3208-57d8-a473-90d6649d27c6"",""yes_price_dollars"":""0.3700""}"
KXBTC15M-26APR280630-30,1c0d3bd8-0ac8-5696-bcab-09eb82626ea4,1777371339,0.39,56.0,no,"{""count_fp"":""56.00"",""created_time"":""2026-04-28T10:15:39.915128Z"",""no_price_dollars"":""0.6100"",""taker_side"":""no"",""ticker"":""KXBTC15M-26APR280630-30"",""trade_id"":""1c0d3bd8-0ac8-5696-bcab-09eb82626ea4"",""yes_price_dollars"":""0.3900""}"
KXBTC15M-26APR280630-30,d6a61b9c-6bf6-6f97-d2da-0142dc6b2dc1,1777371339,0.4,23.41,yes,"{""count_fp"":""23.41"",""created_time"":""2026-04-28T10:15:39.573172Z"",""no_price_dollars"":""0.6000"",""taker_side"":""yes"",""ticker"":""KXBTC15M-26APR280630-30"",""trade_id"":""d6a61b9c-6bf6-6f97-d2da-0142dc6b2dc1"",""yes_price_dollars"":""0.4000""}"
KXBTC15M-26APR280630-30,76579332-1ab9-495b-bb20-403e6327df15,1777371339,0.39,1.13,no,"{""count_fp"":""1.13"",""created_time"":""2026-04-28T10:15:39.559283Z"",""no_price_dollars"":""0.6100"",""taker_side"":""no"",""ticker"":""KXBTC15M-26APR280630-30"",""trade_id"":""76579332-1ab9-495b-bb20-403e6327df15"",""yes_price_dollars"":""0.3900""}"
KXBTC15M-26APR280630-30,6b563ac0-8d05-496f-2d59-9658da440959,1777371339,0.39,79.43,no,"{""count_fp"":""79.43"",""created_time"":""2026-04-28T10:15:39.118795Z"",""no_price_dollars"":""0.6100"",""taker_side"":""no"",""ticker"":""KXBTC15M-26APR280630-30"",""trade_id"":""6b563ac0-8d05-496f-2d59-9658da440959"",""yes_price_dollars"":""0.3900""}"
KXBTC15M-26APR280630-30,7491c5ed-db56-5ea7-7966-d924d95d3e65,1777371340,0.39,1.0,yes,"{""count_fp"":""1.00"",""created_time"":""2026-04-28T10:15:40.411948Z"",""no_price_dollars"":""0.6100"",""taker_side"":""yes"",""ticker"":""KXBTC15M-26APR280630-30"",""trade_id"":""7491c5ed-db56-5ea7-7966-d924d95d3e65"",""yes_price_dollars"":""0.3900""}"
KXBTC15M-26APR280630-30,367ad0a4-086a-7cbb-f2d5-66005fa9bbed,1777371340,0.39,1.0,yes,"{""count_fp"":""1.00"",""created_time"":""2026-04-28T10:15:40.268192Z"",""no_price_dollars"":""0.6100"",""taker_side"":""yes"",""ticker"":""KXBTC15M-26APR280630-30"",""trade_id"":""367ad0a4-086a-7cbb-f2d5-66005fa9bbed"",""yes_price_dollars"":""0.3900""}"
KXBTC15M-26APR280630-30,eacbb235-e55e-4b37-7608-17df8a869e51,1777371341,0.39,38.0,yes,"{""count_fp"":""38.00"",""created_time"":""2026-04-28T10:15:41.681617Z"",""no_price_dollars"":""0.6100"",""taker_side"":""yes"",""ticker"":""KXBTC15M-26APR280630-30"",""trade_id"":""eacbb235-e55e-4b37-7608-17df8a869e51"",""yes_price_dollars"":""0.3900""}"
KXBTC15M-26APR280630-30,a6fc1a42-7ad6-48fb-3367-7d5d98ddcc95,1777371341,0.39,6.0,yes,"{""count_fp"":""6.00"",""created_time"":""2026-04-28T10:15:41.433209Z"",""no_price_dollars"":""0.6100"",""taker_side"":""yes"",""ticker"":""KXBTC15M-26APR280630-30"",""trade_id"":""a6fc1a42-7ad6-48fb-3367-7d5d98ddcc95"",""yes_price_dollars"":""0.3900""}"
KXBTC15M-26APR280630-30,4bdbb3cb-a3c2-60c3-7717-932ea5dd02f5,1777371341,0.39,234.22,yes,"{""count_fp"":""234.22"",""created_time"":""2026-04-28T10:15:41.161544Z"",""no_price_dollars"":""0.6100"",""taker_side"":""yes"",""ticker"":""KXBTC15M-26APR280630-30"",""trade_id"":""4bdbb3cb-a3c2-60c3-7717-932ea5dd02f5"",""yes_price_dollars"":""0.3900""}"
KXBTC15M-26APR280630-30,f23994d2-18ea-6447-cdbd-f9fa78d91b7d,1777371342,0.38,12.29,yes,"{""count_fp"":""12.29"",""created_time"":""2026-04-28T10:15:42.695529Z"",""no_price_dollars"":""0.6200"",""taker_side"":""yes"",""ticker"":""KXBTC15M-26APR280630-30"",""trade_id"":""f23994d2-18ea-6447-cdbd-f9fa78d91b7d"",""yes_price_dollars"":""0.3800""}"
KXBTC15M-26APR280630-30,33c98e90-d564-5074-db97-54dc4684314a,1777371342,0.37,1.0,no,"{""count_fp"":""1.00"",""created_time"":""2026-04-28T10:15:42.390114Z"",""no_price_dollars"":""0.6300"",""taker_side"":""no"",""ticker"":""KXBTC15M-26APR280630-30"",""trade_id"":""33c98e90-d564-5074-db97-54dc4684314a"",""yes_price_dollars"":""0.3700""}"
KXBTC15M-26APR280630-30,f8da86cc-e9b8-5b38-499b-8ea226bfd026,1777371342,0.37,29.18,no,"{""count_fp"":""29.18"",""created_time"":""2026-04-28T10:15:42.211711Z"",""no_price_dollars"":""0.6300"",""taker_side"":""no"",""ticker"":""KXBTC15M-26APR280630-30"",""trade_id"":""f8da86cc-e9b8-5b38-499b-8ea226bfd026"",""yes_price_dollars"":""0.3700""}"
KXBTC15M-26APR280630-30,20f0b2c6-e9af-5be3-77be-fc060fbb6e6b,1777371342,0.38,3.0,no,"{""count_fp"":""3.00"",""created_time"":""2026-04-28T10:15:42.211711Z"",""no_price_dollars"":""0.6200"",""taker_side"":""no"",""ticker"":""KXBTC15M-26APR280630-30"",""trade_id"":""20f0b2c6-e9af-5be3-77be-fc060fbb6e6b"",""yes_price_dollars"":""0.3800""}"
KXBTC15M-26APR280630-30,206686ae-7d21-5ade-7e6b-b0fad5654d7f,1777371342,0.38,14.0,no,"{""count_fp"":""14.00"",""created_time"":""2026-04-28T10:15:42.211711Z"",""no_price_dollars"":""0.6200"",""taker_side"":""no"",""ticker"":""KXBTC15M-26APR280630-30"",""trade_id"":""206686ae-7d21-5ade-7e6b-b0fad5654d7f"",""yes_price_dollars"":""0.3800""}"
KXBTC15M-26APR280630-30,00673b1e-4dce-62d3-2ea8-d894fb8d7475,1777371343,0.38,2.0,yes,"{""count_fp"":""2.00"",""created_time"":""2026-04-28T10:15:43.753893Z"",""no_price_dollars"":""0.6200"",""taker_side"":""yes"",""ticker"":""KXBTC15M-26APR280630-30"",""trade_id"":""00673b1e-4dce-62d3-2ea8-d894fb8d7475"",""yes_price_dollars"":""0.3800""}"
KXBTC15M-26APR280630-30,71d7f315-6a06-7643-281a-073989cd7931,1777371343,0.38,2.45,yes,"{""count_fp"":""2.45"",""created_time"":""2026-04-28T10:15:43.598934Z"",""no_price_dollars"":""0.6200"",""taker_side"":""yes"",""ticker"":""KXBTC15M-26APR280630-30"",""trade_id"":""71d7f315-6a06-7643-281a-073989cd7931"",""yes_price_dollars"":""0.3800""}"
KXBTC15M-26APR280630-30,32a4539e-6f5e-6c77-0c7f-354bb2b71179,1777371343,0.38,2.45,yes,"{""count_fp"":""2.45"",""created_time"":""2026-04-28T10:15:43.518025Z"",""no_price_dollars"":""0.6200"",""taker_side"":""yes"",""ticker"":""KXBTC15M-26APR280630-30"",""trade_id"":""32a4539e-6f5e-6c77-0c7f-354bb2b71179"",""yes_price_dollars"":""0.3800""}"
KXBTC15M-26APR280630-30,3ed0bdac-f218-4fc0-5391-9c74d4351416,1777371343,0.37,1.0,no,"{""count_fp"":""1.00"",""created_time"":""2026-04-28T10:15:43.484769Z"",""no_price_dollars"":""0.6300"",""taker_side"":""no"",""ticker"":""KXBTC15M-26APR280630-30"",""trade_id"":""3ed0bdac-f218-4fc0-5391-9c74d4351416"",""yes_price_dollars"":""0.3700""}"
KXBTC15M-26APR280630-30,716efb4b-74ca-4b63-f9cb-c5bb6d429be1,1777371344,0.38,15.13,yes,"{""count_fp"":""15.13"",""created_time"":""2026-04-28T10:15:44.539151Z"",""no_price_dollars"":""0.6200"",""taker_side"":""yes"",""ticker"":""KXBTC15M-26APR280630-30"",""trade_id"":""716efb4b-74ca-4b63-f9cb-c5bb6d429be1"",""yes_price_dollars"":""0.3800""}"
KXBTC15M-26APR280630-30,6d63bd02-eea0-6738-2a8d-4ab5d486cc6e,1777371344,0.37,77.36,no,"{""count_fp"":""77.36"",""created_time"":""2026-04-28T10:15:44.433061Z"",""no_price_dollars"":""0.6300"",""taker_side"":""no"",""ticker"":""KXBTC15M-26APR280630-30"",""trade_id"":""6d63bd02-eea0-6738-2a8d-4ab5d486cc6e"",""yes_price_dollars"":""0.3700""}"
KXBTC15M-26APR280630-30,cc167dab-6cda-436f-8825-00a7c6ddc64d,1777371344,0.38,1.0,yes,"{""count_fp"":""1.00"",""created_time"":""2026-04-28T10:15:44.281301Z"",""no_price_dollars"":""0.6200"",""taker_side"":""yes"",""ticker"":""KXBTC15M-26APR280630-30"",""trade_id"":""cc167dab-6cda-436f-8825-00a7c6ddc64d"",""yes_price_dollars"":""0.3800""}"
KXBTC15M-26APR280630-30,b9602cf9-aba0-7c3c-8b03-121bd00b4122,1777371344,0.37,15.47,no,"{""count_fp"":""15.47"",""created_time"":""2026-04-28T10:15:44.237351Z"",""no_price_dollars"":""0.6300"",""taker_side"":""no"",""ticker"":""KXBTC15M-26APR280630-30"",""trade_id"":""b9602cf9-aba0-7c3c-8b03-121bd00b4122"",""yes_price_dollars"":""0.3700""}"
KXBTC15M-26APR280630-30,2fbb2b89-94e6-5767-ffca-ec825e76b4e9,1777371345,0.38,9.0,yes,"{""count_fp"":""9.00"",""created_time"":""2026-04-28T10:15:45.998007Z"",""no_price_dollars"":""0.6200"",""taker_side"":""yes"",""ticker"":""KXBTC15M-26APR280630-30"",""trade_id"":""2fbb2b89-94e6-5767-ffca-ec825e76b4e9"",""yes_price_dollars"":""0.3800""}"
KXBTC15M-26APR280630-30,f3ccb78b-c17e-411f-e83d-94210dc0a8ad,1777371345,0.38,189.15,yes,"{""count_fp"":""189.15"",""created_time"":""2026-04-28T10:15:45.992521Z"",""no_price_dollars"":""0.6200"",""taker_side"":""yes"",""ticker"":""KXBTC15M-26APR280630-30"",""trade_id"":""f3ccb78b-c17e-411f-e83d-94210dc0a8ad"",""yes_price_dollars"":""0.3800""}"
KXBTC15M-26APR280630-30,9729460f-d3e2-5a6f-2402-0f7efd5bc3a1,1777371345,0.38,12.61,yes,"{""count_fp"":""12.61"",""created_time"":""2026-04-28T10:15:45.301133Z"",""no_price_dollars"":""0.6200"",""taker_side"":""yes"",""ticker"":""KXBTC15M-26APR280630-30"",""trade_id"":""9729460f-d3e2-5a6f-2402-0f7efd5bc3a1"",""yes_price_dollars"":""0.3800""}"
KXBTC15M-26APR280630-30,c196aba2-24ad-6fea-142f-be0fb0bb660c,1777371345,0.37,34.98,no,"{""count_fp"":""34.98"",""created_time"":""2026-04-28T10:15:45.283166Z"",""no_price_dollars"":""0.6300"",""taker_side"":""no"",""ticker"":""KXBTC15M-26APR280630-30"",""trade_id"":""c196aba2-24ad-6fea-142f-be0fb0bb660c"",""yes_price_dollars"":""0.3700""}"
KXBTC15M-26APR280630-30,a1af8b35-48bc-61b4-0364-950aaab8fb62,1777371345,0.37,3.68,no,"{""count_fp"":""3.68"",""created_time"":""2026-04-28T10:15:45.283166Z"",""no_price_dollars"":""0.6300"",""taker_side"":""no"",""ticker"":""KXBTC15M-26APR280630-30"",""trade_id"":""a1af8b35-48bc-61b4-0364-950aaab8fb62"",""yes_price_dollars"":""0.3700""}"
KXBTC15M-26APR280630-30,95ea606e-bdec-47e0-55a7-71dfb7c497a2,1777371345,0.37,1.0,no,"{""count_fp"":""1.00"",""created_time"":""2026-04-28T10:15:45.105388Z"",""no_price_dollars"":""0.6300"",""taker_side"":""no"",""ticker"":""KXBTC15M-26APR280630-30"",""trade_id"":""95ea606e-bdec-47e0-55a7-71dfb7c497a2"",""yes_price_dollars"":""0.3700""}"
KXBTC15M-26APR280630-30,f977e227-4ad8-7de8-69f7-f18fbbba47af,1777371346,0.38,12.61,yes,"{""count_fp"":""12.61"",""created_time"":""2026-04-28T10:15:46.927601Z"",""no_price_dollars"":""0.6200"",""taker_side"":""yes"",""ticker"":""KXBTC15M-26APR280630-30"",""trade_id"":""f977e227-4ad8-7de8-69f7-f18fbbba47af"",""yes_price_dollars"":""0.3800""}"
KXBTC15M-26APR280630-30,eeca2e6b-7ae7-7895-5e5e-3f0b6d0b24f1,1777371346,0.38,40.0,yes,"{""count_fp"":""40.00"",""created_time"":""2026-04-28T10:15:46.927601Z"",""no_price_dollars"":""0.6200"",""taker_side"":""yes"",""ticker"":""KXBTC15M-26APR280630-30"",""trade_id"":""eeca2e6b-7ae7-7895-5e5e-3f0b6d0b24f1"",""yes_price_dollars"":""0.3800""}"
KXBTC15M-26APR280630-30,d75b1746-76af-7217-6088-26144efdcd68,1777371346,0.38,2.05,yes,"{""count_fp"":""2.05"",""created_time"":""2026-04-28T10:15:46.927601Z"",""no_price_dollars"":""0.6200"",""taker_side"":""yes"",""ticker"":""KXBTC15M-26APR280630-30"",""trade_id"":""d75b1746-76af-7217-6088-26144efdcd68"",""yes_price_dollars"":""0.3800""}"
KXBTC15M-26APR280630-30,1fdde763-156a-774c-4546-d36610a3866a,1777371346,0.38,21.0,yes,"{""count_fp"":""21.00"",""created_time"":""2026-04-28T10:15:46.927601Z"",""no_price_dollars"":""0.6200"",""taker_side"":""yes"",""ticker"":""KXBTC15M-26APR280630-30"",""trade_id"":""1fdde763-156a-774c-4546-d36610a3866a"",""yes_price_dollars"":""0.3800""}"
KXBTC15M-26APR280630-30,f06481e7-e157-66f3-9119-b2ec0116161e,1777371347,0.37,0.02,no,"{""count_fp"":""0.02"",""created_time"":""2026-04-28T10:15:47.824221Z"",""no_price_dollars"":""0.6300"",""taker_side"":""no"",""ticker"":""KXBTC15M-26APR280630-30"",""trade_id"":""f06481e7-e157-66f3-9119-b2ec0116161e"",""yes_price_dollars"":""0.3700""}"
KXBTC15M-26APR280630-30,83c265e3-d46a-65ac-8bb7-7692c1720332,1777371347,0.37,12.19,no,"{""count_fp"":""12.19"",""created_time"":""2026-04-28T10:15:47.824221Z"",""no_price_dollars"":""0.6300"",""taker_side"":""no"",""ticker"":""KXBTC15M-26APR280630-30"",""trade_id"":""83c265e3-d46a-65ac-8bb7-7692c1720332"",""yes_price_dollars"":""0.3700""}"
KXBTC15M-26APR280630-30,207902fc-2251-6398-8f4d-ac2ace568e5b,1777371347,0.37,4.0,no,"{""count_fp"":""4.00"",""created_time"":""2026-04-28T10:15:47.824221Z"",""no_price_dollars"":""0.6300"",""taker_side"":""no"",""ticker"":""KXBTC15M-26APR280630-30"",""trade_id"":""207902fc-2251-6398-8f4d-ac2ace568e5b"",""yes_price_dollars"":""0.3700""}"
KXBTC15M-26APR280630-30,1ec5f736-45d0-6691-b15e-46f1294ed404,1777371347,0.36,6.52,no,"{""count_fp"":""6.52"",""created_time"":""2026-04-28T10:15:47.824221Z"",""no_price_dollars"":""0.6400"",""taker_side"":""no"",""ticker"":""KXBTC15M-26APR280630-30"",""trade_id"":""1ec5f736-45d0-6691-b15e-46f1294ed404"",""yes_price_dollars"":""0.3600""}"
KXBTC15M-26APR280630-30,42bcef46-8faf-7d93-d21a-b01be665921a,1777371347,0.37,1.0,no,"{""count_fp"":""1.00"",""created_time"":""2026-04-28T10:15:47.130595Z"",""no_price_dollars"":""0.6300"",""taker_side"":""no"",""ticker"":""KXBTC15M-26APR280630-30"",""trade_id"":""42bcef46-8faf-7d93-d21a-b01be665921a"",""yes_price_dollars"":""0.3700""}"
KXBTC15M-26APR280630-30,050a6f79-8d99-66aa-0ed6-e7acb1b04e3a,1777371347,0.38,80.0,yes,"{""count_fp"":""80.00"",""created_time"":""2026-04-28T10:15:47.083983Z"",""no_price_dollars"":""0.6200"",""taker_side"":""yes"",""ticker"":""KXBTC15M-26APR280630-30"",""trade_id"":""050a6f79-8d99-66aa-0ed6-e7acb1b04e3a"",""yes_price_dollars"":""0.3800""}"
KXBTC15M-26APR280630-30,0d0c2feb-3ddb-6b5b-de05-28a02fba1902,1777371347,0.37,28.98,no,"{""count_fp"":""28.98"",""created_time"":""2026-04-28T10:15:47.078735Z"",""no_price_dollars"":""0.6300"",""taker_side"":""no"",""ticker"":""KXBTC15M-26APR280630-30"",""trade_id"":""0d0c2feb-3ddb-6b5b-de05-28a02fba1902"",""yes_price_dollars"":""0.3700""}"
KXBTC15M-26APR280630-30,a25d4c75-cfd5-6a62-c341-5778dacbff06,1777371348,0.37,12.0,yes,"{""count_fp"":""12.00"",""created_time"":""2026-04-28T10:15:48.884901Z"",""no_price_dollars"":""0.6300"",""taker_side"":""yes"",""ticker"":""KXBTC15M-26APR280630-30"",""trade_id"":""a25d4c75-cfd5-6a62-c341-5778dacbff06"",""yes_price_dollars"":""0.3700""}"
KXBTC15M-26APR280630-30,c6ff3c30-d8c1-7182-57ef-b6bc49bb04fa,1777371350,0.33,95.51,yes,"{""count_fp"":""95.51"",""created_time"":""2026-04-28T10:15:50.902766Z"",""no_price_dollars"":""0.6700"",""taker_side"":""yes"",""ticker"":""KXBTC15M-26APR280630-30"",""trade_id"":""c6ff3c30-d8c1-7182-57ef-b6bc49bb04fa"",""yes_price_dollars"":""0.3300""}"
KXBTC15M-26APR280630-30,ea9e4268-19f4-59b8-6d9d-5065bb1ce6a7,1777371350,0.33,28.0,no,"{""count_fp"":""28.00"",""created_time"":""2026-04-28T10:15:50.815936Z"",""no_price_dollars"":""0.6700"",""taker_side"":""no"",""ticker"":""KXBTC15M-26APR280630-30"",""trade_id"":""ea9e4268-19f4-59b8-6d9d-5065bb1ce6a7"",""yes_price_dollars"":""0.3300""}"
KXBTC15M-26APR280630-30,b7e0e537-9094-4e34-6d3e-36938a4cd963,1777371350,0.33,2.0,no,"{""count_fp"":""2.00"",""created_time"":""2026-04-28T10:15:50.753266Z"",""no_price_dollars"":""0.6700"",""taker_side"":""no"",""ticker"":""KXBTC15M-26APR280630-30"",""trade_id"":""b7e0e537-9094-4e34-6d3e-36938a4cd963"",""yes_price_dollars"":""0.3300""}"
KXBTC15M-26APR280630-30,f6db013c-d808-74b0-33b4-38e6c6a9d787,1777371350,0.33,10.0,no,"{""count_fp"":""10.00"",""created_time"":""2026-04-28T10:15:50.730891Z"",""no_price_dollars"":""0.6700"",""taker_side"":""no"",""ticker"":""KXBTC15M-26APR280630-30"",""trade_id"":""f6db013c-d808-74b0-33b4-38e6c6a9d787"",""yes_price_dollars"":""0.3300""}"
KXBTC15M-26APR280630-30,9d020141-b617-6820-2a6f-cc2ce4146371,1777371350,0.34,65.0,no,"{""count_fp"":""65.00"",""created_time"":""2026-04-28T10:15:50.629545Z"",""no_price_dollars"":""0.6600"",""taker_side"":""no"",""ticker"":""KXBTC15M-26APR280630-30"",""trade_id"":""9d020141-b617-6820-2a6f-cc2ce4146371"",""yes_price_dollars"":""0.3400""}"
KXBTC15M-26APR280630-30,a9b6e84a-c656-7e02-4ea9-e389377cd932,1777371350,0.35,77.04,no,"{""count_fp"":""77.04"",""created_time"":""2026-04-28T10:15:50.613812Z"",""no_price_dollars"":""0.6500"",""taker_side"":""no"",""ticker"":""KXBTC15M-26APR280630-30"",""trade_id"":""a9b6e84a-c656-7e02-4ea9-e389377cd932"",""yes_price_dollars"":""0.3500""}"
KXBTC15M-26APR280630-30,a4fb0fe7-0567-740a-4d22-f01e71f7c94a,1777371350,0.35,4.0,no,"{""count_fp"":""4.00"",""created_time"":""2026-04-28T10:15:50.613812Z"",""no_price_dollars"":""0.6500"",""taker_side"":""no"",""ticker"":""KXBTC15M-26APR280630-30"",""trade_id"":""a4fb0fe7-0567-740a-4d22-f01e71f7c94a"",""yes_price_dollars"":""0.3500""}"
KXBTC15M-26APR280630-30,909f3233-d1c4-75f6-5d10-513bf05e2dde,1777371350,0.35,3.0,no,"{""count_fp"":""3.00"",""created_time"":""2026-04-28T10:15:50.613812Z"",""no_price_dollars"":""0.6500"",""taker_side"":""no"",""ticker"":""KXBTC15M-26APR280630-30"",""trade_id"":""909f3233-d1c4-75f6-5d10-513bf05e2dde"",""yes_price_dollars"":""0.3500""}"
KXBTC15M-26APR280630-30,2c432446-e03a-7e42-5c5e-2188bc80ec16,1777371350,0.35,44.38,no,"{""count_fp"":""44.38"",""created_time"":""2026-04-28T10:15:50.609535Z"",""no_price_dollars"":""0.6500"",""taker_side"":""no"",""ticker"":""KXBTC15M-26APR280630-30"",""trade_id"":""2c432446-e03a-7e42-5c5e-2188bc80ec16"",""yes_price_dollars"":""0.3500""}"
KXBTC15M-26APR280630-30,76edff1f-3eee-59fa-2070-67bcc9510e52,1777371350,0.35,16.58,no,"{""count_fp"":""16.58"",""created_time"":""2026-04-28T10:15:50.605433Z"",""no_price_dollars"":""0.6500"",""taker_side"":""no"",""ticker"":""KXBTC15M-26APR280630-30"",""trade_id"":""76edff1f-3eee-59fa-2070-67bcc9510e52"",""yes_price_dollars"":""0.3500""}"
KXBTC15M-26APR280630-30,ccbf0ec5-0e5e-5dc3-9408-b701d0c5f636,1777371350,0.36,10.0,no,"{""count_fp"":""10.00"",""created_time"":""2026-04-28T10:15:50.594562Z"",""no_price_dollars"":""0.6400"",""taker_side"":""no"",""ticker"":""KXBTC15M-26APR280630-30"",""trade_id"":""ccbf0ec5-0e5e-5dc3-9408-b701d0c5f636"",""yes_price_dollars"":""0.3600""}"
KXBTC15M-26APR280630-30,b653d0b0-24c9-5154-ac36-e0f1531ab7a0,1777371350,0.36,11.0,no,"{""count_fp"":""11.00"",""created_time"":""2026-04-28T10:15:50.594562Z"",""no_price_dollars"":""0.6400"",""taker_side"":""no"",""ticker"":""KXBTC15M-26APR280630-30"",""trade_id"":""b653d0b0-24c9-5154-ac36-e0f1531ab7a0"",""yes_price_dollars"":""0.3600""}"
KXBTC15M-26APR280630-30,93f065b1-f97c-5250-a9e4-55142a0fa770,1777371350,0.36,30.0,no,"{""count_fp"":""30.00"",""created_time"":""2026-04-28T10:15:50.594562Z"",""no_price_dollars"":""0.6400"",""taker_side"":""no"",""ticker"":""KXBTC15M-26APR280630-30"",""trade_id"":""93f065b1-f97c-5250-a9e4-55142a0fa770"",""yes_price_dollars"":""0.3600""}"
KXBTC15M-26APR280630-30,6d7c794b-d1e4-50cd-8632-e7035cd1509c,1777371350,0.36,12.23,no,"{""count_fp"":""12.23"",""created_time"":""2026-04-28T10:15:50.594562Z"",""no_price_dollars"":""0.6400"",""taker_side"":""no"",""ticker"":""KXBTC15M-26APR280630-30"",""trade_id"":""6d7c794b-d1e4-50cd-8632-e7035cd1509c"",""yes_price_dollars"":""0.3600""}"
KXBTC15M-26APR280630-30,26488765-a21e-5e12-b452-a53fd7a87b78,1777371350,0.36,20.0,no,"{""count_fp"":""20.00"",""created_time"":""2026-04-28T10:15:50.594562Z"",""no_price_dollars"":""0.6400"",""taker_side"":""no"",""ticker"":""KXBTC15M-26APR280630-30"",""trade_id"":""26488765-a21e-5e12-b452-a53fd7a87b78"",""yes_price_dollars"":""0.3600""}"
KXBTC15M-26APR280630-30,73fd5c40-fbac-752d-878e-76b05fcabc94,1777371350,0.36,42.38,no,"{""count_fp"":""42.38"",""created_time"":""2026-04-28T10:15:50.585292Z"",""no_price_dollars"":""0.6400"",""taker_side"":""no"",""ticker"":""KXBTC15M-26APR280630-30"",""trade_id"":""73fd5c40-fbac-752d-878e-76b05fcabc94"",""yes_price_dollars"":""0.3600""}"
KXBTC15M-26APR280630-30,c15468e6-0028-6df5-d8d4-a9d86df242fc,1777371350,0.36,17.12,no,"{""count_fp"":""17.12"",""created_time"":""2026-04-28T10:15:50.585075Z"",""no_price_dollars"":""0.6400"",""taker_side"":""no"",""ticker"":""KXBTC15M-26APR280630-30"",""trade_id"":""c15468e6-0028-6df5-d8d4-a9d86df242fc"",""yes_price_dollars"":""0.3600""}"
KXBTC15M-26APR280630-30,ce593ebd-3864-7edd-0e4d-8933c94a8f9c,1777371350,0.36,22.53,no,"{""count_fp"":""22.53"",""created_time"":""2026-04-28T10:15:50.582544Z"",""no_price_dollars"":""0.6400"",""taker_side"":""no"",""ticker"":""KXBTC15M-26APR280630-30"",""trade_id"":""ce593ebd-3864-7edd-0e4d-8933c94a8f9c"",""yes_price_dollars"":""0.3600""}"
