ticker,trade_id,ts,yes_price,count,taker_side,raw_json
KXBTC15M-26APR272245-45,4981496e-69f1-4631-c577-0ffb64d9d9c8,1777343400,0.48,70.0,yes,"{""count_fp"":""70.00"",""created_time"":""2026-04-28T02:30:00.687708Z"",""no_price_dollars"":""0.5200"",""taker_side"":""yes"",""ticker"":""KXBTC15M-26APR272245-45"",""trade_id"":""4981496e-69f1-4631-c577-0ffb64d9d9c8"",""yes_price_dollars"":""0.4800""}"
KXBTC15M-26APR272245-45,742f2aaa-7a9d-581d-c6a2-7ca7b05c4524,1777343400,0.48,1.0,yes,"{""count_fp"":""1.00"",""created_time"":""2026-04-28T02:30:00.676956Z"",""no_price_dollars"":""0.5200"",""taker_side"":""yes"",""ticker"":""KXBTC15M-26APR272245-45"",""trade_id"":""742f2aaa-7a9d-581d-c6a2-7ca7b05c4524"",""yes_price_dollars"":""0.4800""}"
KXBTC15M-26APR272245-45,104bb664-113e-49bb-ff1c-75992f7460ce,1777343401,0.46,10.0,no,"{""count_fp"":""10.00"",""created_time"":""2026-04-28T02:30:01.934958Z"",""no_price_dollars"":""0.5400"",""taker_side"":""no"",""ticker"":""KXBTC15M-26APR272245-45"",""trade_id"":""104bb664-113e-49bb-ff1c-75992f7460ce"",""yes_price_dollars"":""0.4600""}"
KXBTC15M-26APR272245-45,a7796902-5434-5e32-aa6d-36efca8db211,1777343401,0.42,1.0,no,"{""count_fp"":""1.00"",""created_time"":""2026-04-28T02:30:01.639799Z"",""no_price_dollars"":""0.5800"",""taker_side"":""no"",""ticker"":""KXBTC15M-26APR272245-45"",""trade_id"":""a7796902-5434-5e32-aa6d-36efca8db211"",""yes_price_dollars"":""0.4200""}"
KXBTC15M-26APR272245-45,9b330237-7fd2-5beb-a581-1da25de0e86a,1777343401,0.41,5.0,no,"{""count_fp"":""5.00"",""created_time"":""2026-04-28T02:30:01.639799Z"",""no_price_dollars"":""0.5900"",""taker_side"":""no"",""ticker"":""KXBTC15M-26APR272245-45"",""trade_id"":""9b330237-7fd2-5beb-a581-1da25de0e86a"",""yes_price_dollars"":""0.4100""}"
KXBTC15M-26APR272245-45,7e2b04e0-bd47-5501-9fa3-79c107bfb8f8,1777343401,0.5,23.0,no,"{""count_fp"":""23.00"",""created_time"":""2026-04-28T02:30:01.639799Z"",""no_price_dollars"":""0.5000"",""taker_side"":""no"",""ticker"":""KXBTC15M-26APR272245-45"",""trade_id"":""7e2b04e0-bd47-5501-9fa3-79c107bfb8f8"",""yes_price_dollars"":""0.5000""}"
KXBTC15M-26APR272245-45,37d855e7-016b-5887-a9ec-91eff3d00de3,1777343401,0.41,119.0,no,"{""count_fp"":""119.00"",""created_time"":""2026-04-28T02:30:01.639799Z"",""no_price_dollars"":""0.5900"",""taker_side"":""no"",""ticker"":""KXBTC15M-26APR272245-45"",""trade_id"":""37d855e7-016b-5887-a9ec-91eff3d00de3"",""yes_price_dollars"":""0.4100""}"
KXBTC15M-26APR272245-45,21ed0d52-4260-5a17-a231-0edf799963a4,1777343401,0.42,2.0,no,"{""count_fp"":""2.00"",""created_time"":""2026-04-28T02:30:01.639799Z"",""no_price_dollars"":""0.5800"",""taker_side"":""no"",""ticker"":""KXBTC15M-26APR272245-45"",""trade_id"":""21ed0d52-4260-5a17-a231-0edf799963a4"",""yes_price_dollars"":""0.4200""}"
KXBTC15M-26APR272245-45,1c49def7-507d-5b13-a420-f6cb982f6bc2,1777343401,0.43,1.0,no,"{""count_fp"":""1.00"",""created_time"":""2026-04-28T02:30:01.639799Z"",""no_price_dollars"":""0.5700"",""taker_side"":""no"",""ticker"":""KXBTC15M-26APR272245-45"",""trade_id"":""1c49def7-507d-5b13-a420-f6cb982f6bc2"",""yes_price_dollars"":""0.4300""}"
KXBTC15M-26APR272245-45,018d1146-c709-58bc-b8c9-075f84196213,1777343401,0.4,49.0,no,"{""count_fp"":""49.00"",""created_time"":""2026-04-28T02:30:01.639799Z"",""no_price_dollars"":""0.6000"",""taker_side"":""no"",""ticker"":""KXBTC15M-26APR272245-45"",""trade_id"":""018d1146-c709-58bc-b8c9-075f84196213"",""yes_price_dollars"":""0.4000""}"
KXBTC15M-26APR272245-45,f99ff5da-5802-4da4-a84d-5f29d8db334b,1777343401,0.44,5.0,yes,"{""count_fp"":""5.00"",""created_time"":""2026-04-28T02:30:01.579059Z"",""no_price_dollars"":""0.5600"",""taker_side"":""yes"",""ticker"":""KXBTC15M-26APR272245-45"",""trade_id"":""f99ff5da-5802-4da4-a84d-5f29d8db334b"",""yes_price_dollars"":""0.4400""}"
KXBTC15M-26APR272245-45,ef8feb26-cff9-4da9-ba42-8f584e87512b,1777343401,0.49,10.0,yes,"{""count_fp"":""10.00"",""created_time"":""2026-04-28T02:30:01.579059Z"",""no_price_dollars"":""0.5100"",""taker_side"":""yes"",""ticker"":""KXBTC15M-26APR272245-45"",""trade_id"":""ef8feb26-cff9-4da9-ba42-8f584e87512b"",""yes_price_dollars"":""0.4900""}"
KXBTC15M-26APR272245-45,b68809b6-fdf4-4e72-a34b-0b80b6e56769,1777343401,0.5,1.0,yes,"{""count_fp"":""1.00"",""created_time"":""2026-04-28T02:30:01.579059Z"",""no_price_dollars"":""0.5000"",""taker_side"":""yes"",""ticker"":""KXBTC15M-26APR272245-45"",""trade_id"":""b68809b6-fdf4-4e72-a34b-0b80b6e56769"",""yes_price_dollars"":""0.5000""}"
KXBTC15M-26APR272245-45,32f8f5fd-0740-44d0-800e-6daa072ae681,1777343401,0.5,1.0,yes,"{""count_fp"":""1.00"",""created_time"":""2026-04-28T02:30:01.579059Z"",""no_price_dollars"":""0.5000"",""taker_side"":""yes"",""ticker"":""KXBTC15M-26APR272245-45"",""trade_id"":""32f8f5fd-0740-44d0-800e-6daa072ae681"",""yes_price_dollars"":""0.5000""}"
KXBTC15M-26APR272245-45,1386d593-181c-46c7-a8e0-60d979fe4c9f,1777343401,0.44,56.0,yes,"{""count_fp"":""56.00"",""created_time"":""2026-04-28T02:30:01.579059Z"",""no_price_dollars"":""0.5600"",""taker_side"":""yes"",""ticker"":""KXBTC15M-26APR272245-45"",""trade_id"":""1386d593-181c-46c7-a8e0-60d979fe4c9f"",""yes_price_dollars"":""0.4400""}"
KXBTC15M-26APR272245-45,0763da5e-0551-4031-b84a-33af58dbae18,1777343401,0.48,24.0,yes,"{""count_fp"":""24.00"",""created_time"":""2026-04-28T02:30:01.579059Z"",""no_price_dollars"":""0.5200"",""taker_side"":""yes"",""ticker"":""KXBTC15M-26APR272245-45"",""trade_id"":""0763da5e-0551-4031-b84a-33af58dbae18"",""yes_price_dollars"":""0.4800""}"
KXBTC15M-26APR272245-45,1578fc6e-c356-4858-10f2-680dc877b277,1777343401,0.44,2.0,yes,"{""count_fp"":""2.00"",""created_time"":""2026-04-28T02:30:01.470386Z"",""no_price_dollars"":""0.5600"",""taker_side"":""yes"",""ticker"":""KXBTC15M-26APR272245-45"",""trade_id"":""1578fc6e-c356-4858-10f2-680dc877b277"",""yes_price_dollars"":""0.4400""}"
KXBTC15M-26APR272245-45,1416835f-99a6-6755-aca2-c7d3daf481ca,1777343402,0.45,1.0,no,"{""count_fp"":""1.00"",""created_time"":""2026-04-28T02:30:02.353805Z"",""no_price_dollars"":""0.5500"",""taker_side"":""no"",""ticker"":""KXBTC15M-26APR272245-45"",""trade_id"":""1416835f-99a6-6755-aca2-c7d3daf481ca"",""yes_price_dollars"":""0.4500""}"
KXBTC15M-26APR272245-45,0889cfeb-710a-6509-a1f3-ca9f895225e0,1777343402,0.46,5.0,no,"{""count_fp"":""5.00"",""created_time"":""2026-04-28T02:30:02.353805Z"",""no_price_dollars"":""0.5400"",""taker_side"":""no"",""ticker"":""KXBTC15M-26APR272245-45"",""trade_id"":""0889cfeb-710a-6509-a1f3-ca9f895225e0"",""yes_price_dollars"":""0.4600""}"
KXBTC15M-26APR272245-45,65bc4313-3136-4e2f-69f8-db0b28fceeae,1777343402,0.46,8.0,no,"{""count_fp"":""8.00"",""created_time"":""2026-04-28T02:30:02.135002Z"",""no_price_dollars"":""0.5400"",""taker_side"":""no"",""ticker"":""KXBTC15M-26APR272245-45"",""trade_id"":""65bc4313-3136-4e2f-69f8-db0b28fceeae"",""yes_price_dollars"":""0.4600""}"
KXBTC15M-26APR272245-45,62c194ca-ab95-411e-577f-71a53898ca78,1777343402,0.47,10.0,no,"{""count_fp"":""10.00"",""created_time"":""2026-04-28T02:30:02.135002Z"",""no_price_dollars"":""0.5300"",""taker_side"":""no"",""ticker"":""KXBTC15M-26APR272245-45"",""trade_id"":""62c194ca-ab95-411e-577f-71a53898ca78"",""yes_price_dollars"":""0.4700""}"
KXBTC15M-26APR272245-45,59caf8eb-de0a-4625-5933-5b8db20451c0,1777343402,0.46,3.0,no,"{""count_fp"":""3.00"",""created_time"":""2026-04-28T02:30:02.135002Z"",""no_price_dollars"":""0.5400"",""taker_side"":""no"",""ticker"":""KXBTC15M-26APR272245-45"",""trade_id"":""59caf8eb-de0a-4625-5933-5b8db20451c0"",""yes_price_dollars"":""0.4600""}"
KXBTC15M-26APR272245-45,e1a3743c-69fc-4ea2-d567-2a275d9725cd,1777343403,0.43,6.0,no,"{""count_fp"":""6.00"",""created_time"":""2026-04-28T02:30:03.847679Z"",""no_price_dollars"":""0.5700"",""taker_side"":""no"",""ticker"":""KXBTC15M-26APR272245-45"",""trade_id"":""e1a3743c-69fc-4ea2-d567-2a275d9725cd"",""yes_price_dollars"":""0.4300""}"
KXBTC15M-26APR272245-45,ea4ae3f7-f780-7c52-62da-abf338e3bb99,1777343403,0.43,6.0,no,"{""count_fp"":""6.00"",""created_time"":""2026-04-28T02:30:03.646564Z"",""no_price_dollars"":""0.5700"",""taker_side"":""no"",""ticker"":""KXBTC15M-26APR272245-45"",""trade_id"":""ea4ae3f7-f780-7c52-62da-abf338e3bb99"",""yes_price_dollars"":""0.4300""}"
KXBTC15M-26APR272245-45,397d7d3a-cbe5-59c8-413c-daa8af71f7df,1777343403,0.43,7.0,no,"{""count_fp"":""7.00"",""created_time"":""2026-04-28T02:30:03.443796Z"",""no_price_dollars"":""0.5700"",""taker_side"":""no"",""ticker"":""KXBTC15M-26APR272245-45"",""trade_id"":""397d7d3a-cbe5-59c8-413c-daa8af71f7df"",""yes_price_dollars"":""0.4300""}"
KXBTC15M-26APR272245-45,a40d5fdb-e0f1-434c-f7c0-0e5f16e5df77,1777343403,0.43,7.0,no,"{""count_fp"":""7.00"",""created_time"":""2026-04-28T02:30:03.230846Z"",""no_price_dollars"":""0.5700"",""taker_side"":""no"",""ticker"":""KXBTC15M-26APR272245-45"",""trade_id"":""a40d5fdb-e0f1-434c-f7c0-0e5f16e5df77"",""yes_price_dollars"":""0.4300""}"
KXBTC15M-26APR272245-45,6c33f727-6354-4923-c1bd-20961ebba771,1777343403,0.43,18.0,no,"{""count_fp"":""18.00"",""created_time"":""2026-04-28T02:30:03.230846Z"",""no_price_dollars"":""0.5700"",""taker_side"":""no"",""ticker"":""KXBTC15M-26APR272245-45"",""trade_id"":""6c33f727-6354-4923-c1bd-20961ebba771"",""yes_price_dollars"":""0.4300""}"
KXBTC15M-26APR272245-45,5e46d62c-17fb-447f-f457-183886d43c38,1777343403,0.43,1.0,no,"{""count_fp"":""1.00"",""created_time"":""2026-04-28T02:30:03.230846Z"",""no_price_dollars"":""0.5700"",""taker_side"":""no"",""ticker"":""KXBTC15M-26APR272245-45"",""trade_id"":""5e46d62c-17fb-447f-f457-183886d43c38"",""yes_price_dollars"":""0.4300""}"
KXBTC15M-26APR272245-45,9d7064c1-a447-52a0-8e0c-22f7bf962dad,1777343404,0.5,7.48,yes,"{""count_fp"":""7.48"",""created_time"":""2026-04-28T02:30:04.891294Z"",""no_price_dollars"":""0.5000"",""taker_side"":""yes"",""ticker"":""KXBTC15M-26APR272245-45"",""trade_id"":""9d7064c1-a447-52a0-8e0c-22f7bf962dad"",""yes_price_dollars"":""0.5000""}"
KXBTC15M-26APR272245-45,8167f27b-c693-5bc8-8836-89c06ef19698,1777343404,0.5,1.0,yes,"{""count_fp"":""1.00"",""created_time"":""2026-04-28T02:30:04.891294Z"",""no_price_dollars"":""0.5000"",""taker_side"":""yes"",""ticker"":""KXBTC15M-26APR272245-45"",""trade_id"":""8167f27b-c693-5bc8-8836-89c06ef19698"",""yes_price_dollars"":""0.5000""}"
KXBTC15M-26APR272245-45,92504b78-e933-4abb-214f-ddfb9f2498d6,1777343404,0.46,4.0,no,"{""count_fp"":""4.00"",""created_time"":""2026-04-28T02:30:04.598677Z"",""no_price_dollars"":""0.5400"",""taker_side"":""no"",""ticker"":""KXBTC15M-26APR272245-45"",""trade_id"":""92504b78-e933-4abb-214f-ddfb9f2498d6"",""yes_price_dollars"":""0.4600""}"
KXBTC15M-26APR272245-45,9a2e4c4b-b068-47e9-44d0-cdfb6316c1a3,1777343404,0.46,27.0,yes,"{""count_fp"":""27.00"",""created_time"":""2026-04-28T02:30:04.546473Z"",""no_price_dollars"":""0.5400"",""taker_side"":""yes"",""ticker"":""KXBTC15M-26APR272245-45"",""trade_id"":""9a2e4c4b-b068-47e9-44d0-cdfb6316c1a3"",""yes_price_dollars"":""0.4600""}"
KXBTC15M-26APR272245-45,263eee8c-0bc3-4bc5-4304-db3ce9b73f1f,1777343404,0.46,65.0,yes,"{""count_fp"":""65.00"",""created_time"":""2026-04-28T02:30:04.546473Z"",""no_price_dollars"":""0.5400"",""taker_side"":""yes"",""ticker"":""KXBTC15M-26APR272245-45"",""trade_id"":""263eee8c-0bc3-4bc5-4304-db3ce9b73f1f"",""yes_price_dollars"":""0.4600""}"
KXBTC15M-26APR272245-45,bc765694-d2fa-57a5-1526-e6bf0aba3337,1777343404,0.43,29.0,yes,"{""count_fp"":""29.00"",""created_time"":""2026-04-28T02:30:04.207508Z"",""no_price_dollars"":""0.5700"",""taker_side"":""yes"",""ticker"":""KXBTC15M-26APR272245-45"",""trade_id"":""bc765694-d2fa-57a5-1526-e6bf0aba3337"",""yes_price_dollars"":""0.4300""}"
KXBTC15M-26APR272245-45,0ecba3b3-a859-47cb-5fe8-7f6dcd0ed0ef,1777343404,0.41,8.0,no,"{""count_fp"":""8.00"",""created_time"":""2026-04-28T02:30:04.117592Z"",""no_price_dollars"":""0.5900"",""taker_side"":""no"",""ticker"":""KXBTC15M-26APR272245-45"",""trade_id"":""0ecba3b3-a859-47cb-5fe8-7f6dcd0ed0ef"",""yes_price_dollars"":""0.4100""}"
KXBTC15M-26APR272245-45,ab09ecf9-ef2c-6bca-4412-d3f7291ff609,1777343404,0.43,2.0,no,"{""count_fp"":""2.00"",""created_time"":""2026-04-28T02:30:04.078221Z"",""no_price_dollars"":""0.5700"",""taker_side"":""no"",""ticker"":""KXBTC15M-26APR272245-45"",""trade_id"":""ab09ecf9-ef2c-6bca-4412-d3f7291ff609"",""yes_price_dollars"":""0.4300""}"
KXBTC15M-26APR272245-45,eb17a797-9249-7fc5-d7bd-eb36dace7141,1777343405,0.47,10.0,no,"{""count_fp"":""10.00"",""created_time"":""2026-04-28T02:30:05.462402Z"",""no_price_dollars"":""0.5300"",""taker_side"":""no"",""ticker"":""KXBTC15M-26APR272245-45"",""trade_id"":""eb17a797-9249-7fc5-d7bd-eb36dace7141"",""yes_price_dollars"":""0.4700""}"
KXBTC15M-26APR272245-45,5057b877-653a-7858-d14a-cf5ef501b288,1777343405,0.47,55.0,no,"{""count_fp"":""55.00"",""created_time"":""2026-04-28T02:30:05.462402Z"",""no_price_dollars"":""0.5300"",""taker_side"":""no"",""ticker"":""KXBTC15M-26APR272245-45"",""trade_id"":""5057b877-653a-7858-d14a-cf5ef501b288"",""yes_price_dollars"":""0.4700""}"
KXBTC15M-26APR272245-45,4b4df53a-3f4d-5eec-a0a8-9f1d99767f44,1777343405,0.46,41.0,no,"{""count_fp"":""41.00"",""created_time"":""2026-04-28T02:30:05.018757Z"",""no_price_dollars"":""0.5400"",""taker_side"":""no"",""ticker"":""KXBTC15M-26APR272245-45"",""trade_id"":""4b4df53a-3f4d-5eec-a0a8-9f1d99767f44"",""yes_price_dollars"":""0.4600""}"
KXBTC15M-26APR272245-45,1af85281-f40b-5d4f-a0e9-66412775a3ca,1777343405,0.46,24.0,no,"{""count_fp"":""24.00"",""created_time"":""2026-04-28T02:30:05.018757Z"",""no_price_dollars"":""0.5400"",""taker_side"":""no"",""ticker"":""KXBTC15M-26APR272245-45"",""trade_id"":""1af85281-f40b-5d4f-a0e9-66412775a3ca"",""yes_price_dollars"":""0.4600""}"
KXBTC15M-26APR272245-45,f9cb3ccb-41d7-7f45-e0d1-59c8a1ed0238,1777343408,0.53,41.03,no,"{""count_fp"":""41.03"",""created_time"":""2026-04-28T02:30:08.858027Z"",""no_price_dollars"":""0.4700"",""taker_side"":""no"",""ticker"":""KXBTC15M-26APR272245-45"",""trade_id"":""f9cb3ccb-41d7-7f45-e0d1-59c8a1ed0238"",""yes_price_dollars"":""0.5300""}"
KXBTC15M-26APR272245-45,cc35579e-d997-6b3e-491e-babb8d99d0d3,1777343408,0.54,7.0,no,"{""count_fp"":""7.00"",""created_time"":""2026-04-28T02:30:08.654189Z"",""no_price_dollars"":""0.4600"",""taker_side"":""no"",""ticker"":""KXBTC15M-26APR272245-45"",""trade_id"":""cc35579e-d997-6b3e-491e-babb8d99d0d3"",""yes_price_dollars"":""0.5400""}"
KXBTC15M-26APR272245-45,660d1298-dd5f-65a9-53bb-eafecbef4798,1777343408,0.53,9.4,no,"{""count_fp"":""9.40"",""created_time"":""2026-04-28T02:30:08.654189Z"",""no_price_dollars"":""0.4700"",""taker_side"":""no"",""ticker"":""KXBTC15M-26APR272245-45"",""trade_id"":""660d1298-dd5f-65a9-53bb-eafecbef4798"",""yes_price_dollars"":""0.5300""}"
KXBTC15M-26APR272245-45,f656f854-6835-5ca3-1eee-79bae052b259,1777343408,0.55,1.0,yes,"{""count_fp"":""1.00"",""created_time"":""2026-04-28T02:30:08.324184Z"",""no_price_dollars"":""0.4500"",""taker_side"":""yes"",""ticker"":""KXBTC15M-26APR272245-45"",""trade_id"":""f656f854-6835-5ca3-1eee-79bae052b259"",""yes_price_dollars"":""0.5500""}"
KXBTC15M-26APR272245-45,e585e3bf-1801-5459-2469-ecf1d35a2f8e,1777343408,0.56,1.0,yes,"{""count_fp"":""1.00"",""created_time"":""2026-04-28T02:30:08.324184Z"",""no_price_dollars"":""0.4400"",""taker_side"":""yes"",""ticker"":""KXBTC15M-26APR272245-45"",""trade_id"":""e585e3bf-1801-5459-2469-ecf1d35a2f8e"",""yes_price_dollars"":""0.5600""}"
KXBTC15M-26APR272245-45,ccd79555-c7c1-5298-21ff-a3aedfd8fb4a,1777343408,0.56,2.0,yes,"{""count_fp"":""2.00"",""created_time"":""2026-04-28T02:30:08.324184Z"",""no_price_dollars"":""0.4400"",""taker_side"":""yes"",""ticker"":""KXBTC15M-26APR272245-45"",""trade_id"":""ccd79555-c7c1-5298-21ff-a3aedfd8fb4a"",""yes_price_dollars"":""0.5600""}"
KXBTC15M-26APR272245-45,c0cc18d1-d655-5c6e-0ff7-adb7cfb70871,1777343408,0.56,17.37,yes,"{""count_fp"":""17.37"",""created_time"":""2026-04-28T02:30:08.324184Z"",""no_price_dollars"":""0.4400"",""taker_side"":""yes"",""ticker"":""KXBTC15M-26APR272245-45"",""trade_id"":""c0cc18d1-d655-5c6e-0ff7-adb7cfb70871"",""yes_price_dollars"":""0.5600""}"
KXBTC15M-26APR272245-45,98196fa3-3ce7-5224-0869-56855bc20d0b,1777343408,0.56,11.0,yes,"{""count_fp"":""11.00"",""created_time"":""2026-04-28T02:30:08.324184Z"",""no_price_dollars"":""0.4400"",""taker_side"":""yes"",""ticker"":""KXBTC15M-26APR272245-45"",""trade_id"":""98196fa3-3ce7-5224-0869-56855bc20d0b"",""yes_price_dollars"":""0.5600""}"
KXBTC15M-26APR272245-45,77c4e18a-49a5-5edf-35c3-da49ecaad9de,1777343408,0.55,2.0,yes,"{""count_fp"":""2.00"",""created_time"":""2026-04-28T02:30:08.324184Z"",""no_price_dollars"":""0.4500"",""taker_side"":""yes"",""ticker"":""KXBTC15M-26APR272245-45"",""trade_id"":""77c4e18a-49a5-5edf-35c3-da49ecaad9de"",""yes_price_dollars"":""0.5500""}"
KXBTC15M-26APR272245-45,951e00c2-24c8-5476-e762-7e222afccb4f,1777343408,0.54,2.0,yes,"{""count_fp"":""2.00"",""created_time"":""2026-04-28T02:30:08.245732Z"",""no_price_dollars"":""0.4600"",""taker_side"":""yes"",""ticker"":""KXBTC15M-26APR272245-45"",""trade_id"":""951e00c2-24c8-5476-e762-7e222afccb4f"",""yes_price_dollars"":""0.5400""}"
KXBTC15M-26APR272245-45,8fbf6c19-e51f-571e-dcf2-e6234bdae964,1777343408,0.54,1.0,yes,"{""count_fp"":""1.00"",""created_time"":""2026-04-28T02:30:08.245732Z"",""no_price_dollars"":""0.4600"",""taker_side"":""yes"",""ticker"":""KXBTC15M-26APR272245-45"",""trade_id"":""8fbf6c19-e51f-571e-dcf2-e6234bdae964"",""yes_price_dollars"":""0.5400""}"
KXBTC15M-26APR272245-45,867a189d-dc72-4200-ee31-2df74f77bb38,1777343408,0.53,7.96,no,"{""count_fp"":""7.96"",""created_time"":""2026-04-28T02:30:08.123509Z"",""no_price_dollars"":""0.4700"",""taker_side"":""no"",""ticker"":""KXBTC15M-26APR272245-45"",""trade_id"":""867a189d-dc72-4200-ee31-2df74f77bb38"",""yes_price_dollars"":""0.5300""}"
KXBTC15M-26APR272245-45,424de9be-8d7e-5f6c-fcdb-ba584831262c,1777343408,0.53,18.26,no,"{""count_fp"":""18.26"",""created_time"":""2026-04-28T02:30:08.004489Z"",""no_price_dollars"":""0.4700"",""taker_side"":""no"",""ticker"":""KXBTC15M-26APR272245-45"",""trade_id"":""424de9be-8d7e-5f6c-fcdb-ba584831262c"",""yes_price_dollars"":""0.5300""}"
KXBTC15M-26APR272245-45,9bf82cb0-e871-5dfa-c577-9e414fbd6565,1777343410,0.57,50.28,yes,"{""count_fp"":""50.28"",""created_time"":""2026-04-28T02:30:10.808301Z"",""no_price_dollars"":""0.4300"",""taker_side"":""yes"",""ticker"":""KXBTC15M-26APR272245-45"",""trade_id"":""9bf82cb0-e871-5dfa-c577-9e414fbd6565"",""yes_price_dollars"":""0.5700""}"
KXBTC15M-26APR272245-45,f1d469f2-9cf1-6eec-a368-74fe07ba95a4,1777343410,0.57,10.0,yes,"{""count_fp"":""10.00"",""created_time"":""2026-04-28T02:30:10.455196Z"",""no_price_dollars"":""0.4300"",""taker_side"":""yes"",""ticker"":""KXBTC15M-26APR272245-45"",""trade_id"":""f1d469f2-9cf1-6eec-a368-74fe07ba95a4"",""yes_price_dollars"":""0.5700""}"
KXBTC15M-26APR272245-45,e5b7a2f0-bd0b-652a-838e-4730cdb73858,1777343410,0.58,2.0,yes,"{""count_fp"":""2.00"",""created_time"":""2026-04-28T02:30:10.455196Z"",""no_price_dollars"":""0.4200"",""taker_side"":""yes"",""ticker"":""KXBTC15M-26APR272245-45"",""trade_id"":""e5b7a2f0-bd0b-652a-838e-4730cdb73858"",""yes_price_dollars"":""0.5800""}"
KXBTC15M-26APR272245-45,9b68246c-f711-6533-ab24-e1c61514d559,1777343410,0.57,2.0,yes,"{""count_fp"":""2.00"",""created_time"":""2026-04-28T02:30:10.455196Z"",""no_price_dollars"":""0.4300"",""taker_side"":""yes"",""ticker"":""KXBTC15M-26APR272245-45"",""trade_id"":""9b68246c-f711-6533-ab24-e1c61514d559"",""yes_price_dollars"":""0.5700""}"
KXBTC15M-26APR272245-45,82f1ca07-6646-6950-8b47-42cfe1452c24,1777343410,0.57,1.0,yes,"{""count_fp"":""1.00"",""created_time"":""2026-04-28T02:30:10.455196Z"",""no_price_dollars"":""0.4300"",""taker_side"":""yes"",""ticker"":""KXBTC15M-26APR272245-45"",""trade_id"":""82f1ca07-6646-6950-8b47-42cfe1452c24"",""yes_price_dollars"":""0.5700""}"
KXBTC15M-26APR272245-45,7fe79d29-2cf8-6b92-a363-ffd641ea38ce,1777343410,0.58,2.0,yes,"{""count_fp"":""2.00"",""created_time"":""2026-04-28T02:30:10.455196Z"",""no_price_dollars"":""0.4200"",""taker_side"":""yes"",""ticker"":""KXBTC15M-26APR272245-45"",""trade_id"":""7fe79d29-2cf8-6b92-a363-ffd641ea38ce"",""yes_price_dollars"":""0.5800""}"
KXBTC15M-26APR272245-45,692da758-c1d7-6757-bcbe-6a3303882136,1777343410,0.58,1.0,yes,"{""count_fp"":""1.00"",""created_time"":""2026-04-28T02:30:10.455196Z"",""no_price_dollars"":""0.4200"",""taker_side"":""yes"",""ticker"":""KXBTC15M-26APR272245-45"",""trade_id"":""692da758-c1d7-6757-bcbe-6a3303882136"",""yes_price_dollars"":""0.5800""}"
KXBTC15M-26APR272245-45,585b7352-141a-6ff0-a375-7423c4fd17bc,1777343410,0.54,3.0,yes,"{""count_fp"":""3.00"",""created_time"":""2026-04-28T02:30:10.455196Z"",""no_price_dollars"":""0.4600"",""taker_side"":""yes"",""ticker"":""KXBTC15M-26APR272245-45"",""trade_id"":""585b7352-141a-6ff0-a375-7423c4fd17bc"",""yes_price_dollars"":""0.5400""}"
KXBTC15M-26APR272245-45,50338156-d58c-67d4-bc98-cdfd3c2dcdee,1777343410,0.57,13.0,yes,"{""count_fp"":""13.00"",""created_time"":""2026-04-28T02:30:10.455196Z"",""no_price_dollars"":""0.4300"",""taker_side"":""yes"",""ticker"":""KXBTC15M-26APR272245-45"",""trade_id"":""50338156-d58c-67d4-bc98-cdfd3c2dcdee"",""yes_price_dollars"":""0.5700""}"
KXBTC15M-26APR272245-45,018e975f-b105-698c-bf53-282bd158049c,1777343410,0.59,33.03,yes,"{""count_fp"":""33.03"",""created_time"":""2026-04-28T02:30:10.455196Z"",""no_price_dollars"":""0.4100"",""taker_side"":""yes"",""ticker"":""KXBTC15M-26APR272245-45"",""trade_id"":""018e975f-b105-698c-bf53-282bd158049c"",""yes_price_dollars"":""0.5900""}"
KXBTC15M-26APR272245-45,b3b86b82-0b55-5242-a1e0-dbd1f67455a2,1777343411,0.56,47.18,no,"{""count_fp"":""47.18"",""created_time"":""2026-04-28T02:30:11.354561Z"",""no_price_dollars"":""0.4400"",""taker_side"":""no"",""ticker"":""KXBTC15M-26APR272245-45"",""trade_id"":""b3b86b82-0b55-5242-a1e0-dbd1f67455a2"",""yes_price_dollars"":""0.5600""}"
KXBTC15M-26APR272245-45,9fd59297-76e9-6d62-0853-71a64310f6b2,1777343411,0.56,250.0,no,"{""count_fp"":""250.00"",""created_time"":""2026-04-28T02:30:11.052721Z"",""no_price_dollars"":""0.4400"",""taker_side"":""no"",""ticker"":""KXBTC15M-26APR272245-45"",""trade_id"":""9fd59297-76e9-6d62-0853-71a64310f6b2"",""yes_price_dollars"":""0.5600""}"
KXBTC15M-26APR272245-45,80266947-3f14-74c2-7b2e-ebbbd00157ec,1777343412,0.57,5.3,yes,"{""count_fp"":""5.30"",""created_time"":""2026-04-28T02:30:12.910401Z"",""no_price_dollars"":""0.4300"",""taker_side"":""yes"",""ticker"":""KXBTC15M-26APR272245-45"",""trade_id"":""80266947-3f14-74c2-7b2e-ebbbd00157ec"",""yes_price_dollars"":""0.5700""}"
KXBTC15M-26APR272245-45,758eac37-8fb8-78d9-6c84-2bc25de1deda,1777343412,0.58,0.21,yes,"{""count_fp"":""0.21"",""created_time"":""2026-04-28T02:30:12.910401Z"",""no_price_dollars"":""0.4200"",""taker_side"":""yes"",""ticker"":""KXBTC15M-26APR272245-45"",""trade_id"":""758eac37-8fb8-78d9-6c84-2bc25de1deda"",""yes_price_dollars"":""0.5800""}"
KXBTC15M-26APR272245-45,0eac7d6c-f092-7f20-7fc7-6d566bf8ff66,1777343412,0.57,3.0,yes,"{""count_fp"":""3.00"",""created_time"":""2026-04-28T02:30:12.910401Z"",""no_price_dollars"":""0.4300"",""taker_side"":""yes"",""ticker"":""KXBTC15M-26APR272245-45"",""trade_id"":""0eac7d6c-f092-7f20-7fc7-6d566bf8ff66"",""yes_price_dollars"":""0.5700""}"
KXBTC15M-26APR272245-45,02cfafc0-bc89-51c2-e7af-74b7b378a046,1777343412,0.56,4.0,no,"{""count_fp"":""4.00"",""created_time"":""2026-04-28T02:30:12.759509Z"",""no_price_dollars"":""0.4400"",""taker_side"":""no"",""ticker"":""KXBTC15M-26APR272245-45"",""trade_id"":""02cfafc0-bc89-51c2-e7af-74b7b378a046"",""yes_price_dollars"":""0.5600""}"
KXBTC15M-26APR272245-45,f9b045b9-20ec-70de-bc27-86fdffd5fa24,1777343412,0.57,13.7,yes,"{""count_fp"":""13.70"",""created_time"":""2026-04-28T02:30:12.584149Z"",""no_price_dollars"":""0.4300"",""taker_side"":""yes"",""ticker"":""KXBTC15M-26APR272245-45"",""trade_id"":""f9b045b9-20ec-70de-bc27-86fdffd5fa24"",""yes_price_dollars"":""0.5700""}"
KXBTC15M-26APR272245-45,9ab8c521-dbe3-727c-98e6-c00acf6a0f37,1777343412,0.57,3.0,yes,"{""count_fp"":""3.00"",""created_time"":""2026-04-28T02:30:12.584149Z"",""no_price_dollars"":""0.4300"",""taker_side"":""yes"",""ticker"":""KXBTC15M-26APR272245-45"",""trade_id"":""9ab8c521-dbe3-727c-98e6-c00acf6a0f37"",""yes_price_dollars"":""0.5700""}"
KXBTC15M-26APR272245-45,6ed26126-2530-7bf3-d71b-a4937092e089,1777343413,0.57,2.0,yes,"{""count_fp"":""2.00"",""created_time"":""2026-04-28T02:30:13.678353Z"",""no_price_dollars"":""0.4300"",""taker_side"":""yes"",""ticker"":""KXBTC15M-26APR272245-45"",""trade_id"":""6ed26126-2530-7bf3-d71b-a4937092e089"",""yes_price_dollars"":""0.5700""}"
KXBTC15M-26APR272245-45,5e42642d-0bba-7cda-dce9-be6cbed3a7f6,1777343413,0.56,3.0,yes,"{""count_fp"":""3.00"",""created_time"":""2026-04-28T02:30:13.678353Z"",""no_price_dollars"":""0.4400"",""taker_side"":""yes"",""ticker"":""KXBTC15M-26APR272245-45"",""trade_id"":""5e42642d-0bba-7cda-dce9-be6cbed3a7f6"",""yes_price_dollars"":""0.5600""}"
KXBTC15M-26APR272245-45,2ceb9659-3d15-7c66-cfe4-21d98a5d2b7d,1777343413,0.57,28.53,yes,"{""count_fp"":""28.53"",""created_time"":""2026-04-28T02:30:13.678353Z"",""no_price_dollars"":""0.4300"",""taker_side"":""yes"",""ticker"":""KXBTC15M-26APR272245-45"",""trade_id"":""2ceb9659-3d15-7c66-cfe4-21d98a5d2b7d"",""yes_price_dollars"":""0.5700""}"
KXBTC15M-26APR272245-45,7e699aa3-0231-729e-c18b-1f4b754095ea,1777343413,0.56,6.15,no,"{""count_fp"":""6.15"",""created_time"":""2026-04-28T02:30:13.402329Z"",""no_price_dollars"":""0.4400"",""taker_side"":""no"",""ticker"":""KXBTC15M-26APR272245-45"",""trade_id"":""7e699aa3-0231-729e-c18b-1f4b754095ea"",""yes_price_dollars"":""0.5600""}"
KXBTC15M-26APR272245-45,9ee38d56-c175-55fa-82d5-1c7ee0f4f49e,1777343413,0.56,40.83,no,"{""count_fp"":""40.83"",""created_time"":""2026-04-28T02:30:13.007384Z"",""no_price_dollars"":""0.4400"",""taker_side"":""no"",""ticker"":""KXBTC15M-26APR272245-45"",""trade_id"":""9ee38d56-c175-55fa-82d5-1c7ee0f4f49e"",""yes_price_dollars"":""0.5600""}"
KXBTC15M-26APR272245-45,f52d245a-b6b4-66c8-4db8-93cfb4704a90,1777343414,0.56,1.0,no,"{""count_fp"":""1.00"",""created_time"":""2026-04-28T02:30:14.858316Z"",""no_price_dollars"":""0.4400"",""taker_side"":""no"",""ticker"":""KXBTC15M-26APR272245-45"",""trade_id"":""f52d245a-b6b4-66c8-4db8-93cfb4704a90"",""yes_price_dollars"":""0.5600""}"
KXBTC15M-26APR272245-45,f06df20e-4efc-7eac-889c-412cb45bb924,1777343414,0.56,4.37,no,"{""count_fp"":""4.37"",""created_time"":""2026-04-28T02:30:14.503404Z"",""no_price_dollars"":""0.4400"",""taker_side"":""no"",""ticker"":""KXBTC15M-26APR272245-45"",""trade_id"":""f06df20e-4efc-7eac-889c-412cb45bb924"",""yes_price_dollars"":""0.5600""}"
KXBTC15M-26APR272245-45,cbd0cc2a-bd3b-72ad-61f9-bba3d74377af,1777343415,0.54,2.0,no,"{""count_fp"":""2.00"",""created_time"":""2026-04-28T02:30:15.817366Z"",""no_price_dollars"":""0.4600"",""taker_side"":""no"",""ticker"":""KXBTC15M-26APR272245-45"",""trade_id"":""cbd0cc2a-bd3b-72ad-61f9-bba3d74377af"",""yes_price_dollars"":""0.5400""}"
KXBTC15M-26APR272245-45,0556cfbc-f634-77c0-9065-665ad5ffeca8,1777343415,0.56,4.63,no,"{""count_fp"":""4.63"",""created_time"":""2026-04-28T02:30:15.297503Z"",""no_price_dollars"":""0.4400"",""taker_side"":""no"",""ticker"":""KXBTC15M-26APR272245-45"",""trade_id"":""0556cfbc-f634-77c0-9065-665ad5ffeca8"",""yes_price_dollars"":""0.5600""}"
KXBTC15M-26APR272245-45,039836e1-8d03-7cd9-85e4-340226ce6053,1777343415,0.54,5.37,no,"{""count_fp"":""5.37"",""created_time"":""2026-04-28T02:30:15.297503Z"",""no_price_dollars"":""0.4600"",""taker_side"":""no"",""ticker"":""KXBTC15M-26APR272245-45"",""trade_id"":""039836e1-8d03-7cd9-85e4-340226ce6053"",""yes_price_dollars"":""0.5400""}"
KXBTC15M-26APR272245-45,779ee5d2-bcc3-6585-6458-9ca1c4bfacbb,1777343416,0.54,2.08,no,"{""count_fp"":""2.08"",""created_time"":""2026-04-28T02:30:16.424941Z"",""no_price_dollars"":""0.4600"",""taker_side"":""no"",""ticker"":""KXBTC15M-26APR272245-45"",""trade_id"":""779ee5d2-bcc3-6585-6458-9ca1c4bfacbb"",""yes_price_dollars"":""0.5400""}"
KXBTC15M-26APR272245-45,61568cf6-399b-6d61-83cb-1f5106cbc247,1777343416,0.54,8.0,no,"{""count_fp"":""8.00"",""created_time"":""2026-04-28T02:30:16.406314Z"",""no_price_dollars"":""0.4600"",""taker_side"":""no"",""ticker"":""KXBTC15M-26APR272245-45"",""trade_id"":""61568cf6-399b-6d61-83cb-1f5106cbc247"",""yes_price_dollars"":""0.5400""}"
KXBTC15M-26APR272245-45,9c113621-cf7f-652e-5a31-756c76119fe9,1777343416,0.55,2.0,yes,"{""count_fp"":""2.00"",""created_time"":""2026-04-28T02:30:16.034591Z"",""no_price_dollars"":""0.4500"",""taker_side"":""yes"",""ticker"":""KXBTC15M-26APR272245-45"",""trade_id"":""9c113621-cf7f-652e-5a31-756c76119fe9"",""yes_price_dollars"":""0.5500""}"
KXBTC15M-26APR272245-45,506af770-e547-673a-4990-d4b47e1d737a,1777343416,0.55,3.0,yes,"{""count_fp"":""3.00"",""created_time"":""2026-04-28T02:30:16.034591Z"",""no_price_dollars"":""0.4500"",""taker_side"":""yes"",""ticker"":""KXBTC15M-26APR272245-45"",""trade_id"":""506af770-e547-673a-4990-d4b47e1d737a"",""yes_price_dollars"":""0.5500""}"
KXBTC15M-26APR272245-45,e3cf4138-2b03-7e21-d544-976db3ff294b,1777343417,0.54,31.08,no,"{""count_fp"":""31.08"",""created_time"":""2026-04-28T02:30:17.011896Z"",""no_price_dollars"":""0.4600"",""taker_side"":""no"",""ticker"":""KXBTC15M-26APR272245-45"",""trade_id"":""e3cf4138-2b03-7e21-d544-976db3ff294b"",""yes_price_dollars"":""0.5400""}"
KXBTC15M-26APR272245-45,e38b9b44-c5f2-7593-f71e-226e7a3c5376,1777343417,0.54,52.7,no,"{""count_fp"":""52.70"",""created_time"":""2026-04-28T02:30:17.011896Z"",""no_price_dollars"":""0.4600"",""taker_side"":""no"",""ticker"":""KXBTC15M-26APR272245-45"",""trade_id"":""e38b9b44-c5f2-7593-f71e-226e7a3c5376"",""yes_price_dollars"":""0.5400""}"
KXBTC15M-26APR272245-45,69517001-9aed-6aa4-6d73-07e819b3f1c0,1777343418,0.54,4.18,no,"{""count_fp"":""4.18"",""created_time"":""2026-04-28T02:30:18.819369Z"",""no_price_dollars"":""0.4600"",""taker_side"":""no"",""ticker"":""KXBTC15M-26APR272245-45"",""trade_id"":""69517001-9aed-6aa4-6d73-07e819b3f1c0"",""yes_price_dollars"":""0.5400""}"
KXBTC15M-26APR272245-45,1f9af6a0-df45-7770-a67d-18cd9a11fb64,1777343418,0.54,3.0,no,"{""count_fp"":""3.00"",""created_time"":""2026-04-28T02:30:18.615048Z"",""no_price_dollars"":""0.4600"",""taker_side"":""no"",""ticker"":""KXBTC15M-26APR272245-45"",""trade_id"":""1f9af6a0-df45-7770-a67d-18cd9a11fb64"",""yes_price_dollars"":""0.5400""}"
KXBTC15M-26APR272245-45,0d3862f1-97af-784e-9e2a-dafc7f3e1ba5,1777343418,0.54,1.0,no,"{""count_fp"":""1.00"",""created_time"":""2026-04-28T02:30:18.615048Z"",""no_price_dollars"":""0.4600"",""taker_side"":""no"",""ticker"":""KXBTC15M-26APR272245-45"",""trade_id"":""0d3862f1-97af-784e-9e2a-dafc7f3e1ba5"",""yes_price_dollars"":""0.5400""}"
KXBTC15M-26APR272245-45,2ab2dffe-bc01-41ca-d9cd-d6269014b0e5,1777343418,0.55,8.81,yes,"{""count_fp"":""8.81"",""created_time"":""2026-04-28T02:30:18.518544Z"",""no_price_dollars"":""0.4500"",""taker_side"":""yes"",""ticker"":""KXBTC15M-26APR272245-45"",""trade_id"":""2ab2dffe-bc01-41ca-d9cd-d6269014b0e5"",""yes_price_dollars"":""0.5500""}"
KXBTC15M-26APR272245-45,9474690d-cdd7-56e1-de61-a2c3537c9353,1777343418,0.55,0.51,yes,"{""count_fp"":""0.51"",""created_time"":""2026-04-28T02:30:18.088873Z"",""no_price_dollars"":""0.4500"",""taker_side"":""yes"",""ticker"":""KXBTC15M-26APR272245-45"",""trade_id"":""9474690d-cdd7-56e1-de61-a2c3537c9353"",""yes_price_dollars"":""0.5500""}"
KXBTC15M-26APR272245-45,6aa7ce00-94ac-6183-5ac3-db5ea335839a,1777343419,0.52,100.0,yes,"{""count_fp"":""100.00"",""created_time"":""2026-04-28T02:30:19.751025Z"",""no_price_dollars"":""0.4800"",""taker_side"":""yes"",""ticker"":""KXBTC15M-26APR272245-45"",""trade_id"":""6aa7ce00-94ac-6183-5ac3-db5ea335839a"",""yes_price_dollars"":""0.5200""}"
KXBTC15M-26APR272245-45,1be4bd5b-2128-4513-a724-408dd333334e,1777343419,0.52,3.52,yes,"{""count_fp"":""3.52"",""created_time"":""2026-04-28T02:30:19.541976Z"",""no_price_dollars"":""0.4800"",""taker_side"":""yes"",""ticker"":""KXBTC15M-26APR272245-45"",""trade_id"":""1be4bd5b-2128-4513-a724-408dd333334e"",""yes_price_dollars"":""0.5200""}"
KXBTC15M-26APR272245-45,85ddde31-20dc-6fc3-a99c-45258490f25e,1777343419,0.52,2.0,yes,"{""count_fp"":""2.00"",""created_time"":""2026-04-28T02:30:19.536504Z"",""no_price_dollars"":""0.4800"",""taker_side"":""yes"",""ticker"":""KXBTC15M-26APR272245-45"",""trade_id"":""85ddde31-20dc-6fc3-a99c-45258490f25e"",""yes_price_dollars"":""0.5200""}"
KXBTC15M-26APR272245-45,b11aa3c5-4a90-4803-f946-f71d4bd76efa,1777343419,0.52,0.17,yes,"{""count_fp"":""0.17"",""created_time"":""2026-04-28T02:30:19.249623Z"",""no_price_dollars"":""0.4800"",""taker_side"":""yes"",""ticker"":""KXBTC15M-26APR272245-45"",""trade_id"":""b11aa3c5-4a90-4803-f946-f71d4bd76efa"",""yes_price_dollars"":""0.5200""}"
KXBTC15M-26APR272245-45,c90ec4cb-d13c-5973-70f3-43344cdc8456,1777343419,0.52,10.0,yes,"{""count_fp"":""10.00"",""created_time"":""2026-04-28T02:30:19.107657Z"",""no_price_dollars"":""0.4800"",""taker_side"":""yes"",""ticker"":""KXBTC15M-26APR272245-45"",""trade_id"":""c90ec4cb-d13c-5973-70f3-43344cdc8456"",""yes_price_dollars"":""0.5200""}"
KXBTC15M-26APR272245-45,c4775571-86c1-714a-4a74-8dcee7eef896,1777343420,0.51,0.2,no,"{""count_fp"":""0.20"",""created_time"":""2026-04-28T02:30:20.708708Z"",""no_price_dollars"":""0.4900"",""taker_side"":""no"",""ticker"":""KXBTC15M-26APR272245-45"",""trade_id"":""c4775571-86c1-714a-4a74-8dcee7eef896"",""yes_price_dollars"":""0.5100""}"
KXBTC15M-26APR272245-45,98d038f7-6704-4d33-1950-7ad8422550c2,1777343420,0.52,33.15,yes,"{""count_fp"":""33.15"",""created_time"":""2026-04-28T02:30:20.432659Z"",""no_price_dollars"":""0.4800"",""taker_side"":""yes"",""ticker"":""KXBTC15M-26APR272245-45"",""trade_id"":""98d038f7-6704-4d33-1950-7ad8422550c2"",""yes_price_dollars"":""0.5200""}"
KXBTC15M-26APR272245-45,502adfe8-f6c4-6733-4d54-7398511e3ff2,1777343420,0.52,8.81,yes,"{""count_fp"":""8.81"",""created_time"":""2026-04-28T02:30:20.349249Z"",""no_price_dollars"":""0.4800"",""taker_side"":""yes"",""ticker"":""KXBTC15M-26APR272245-45"",""trade_id"":""502adfe8-f6c4-6733-4d54-7398511e3ff2"",""yes_price_dollars"":""0.5200""}"
KXBTC15M-26APR272245-45,3b816a9c-7a0d-54a6-3edd-bbf3f75d08e2,1777343420,0.51,197.04,no,"{""count_fp"":""197.04"",""created_time"":""2026-04-28T02:30:20.348704Z"",""no_price_dollars"":""0.4900"",""taker_side"":""no"",""ticker"":""KXBTC15M-26APR272245-45"",""trade_id"":""3b816a9c-7a0d-54a6-3edd-bbf3f75d08e2"",""yes_price_dollars"":""0.5100""}"
KXBTC15M-26APR272245-45,05897001-d074-77c7-74c9-ce5eade885ea,1777343420,0.52,100.0,yes,"{""count_fp"":""100.00"",""created_time"":""2026-04-28T02:30:20.331176Z"",""no_price_dollars"":""0.4800"",""taker_side"":""yes"",""ticker"":""KXBTC15M-26APR272245-45"",""trade_id"":""05897001-d074-77c7-74c9-ce5eade885ea"",""yes_price_dollars"":""0.5200""}"
KXBTC15M-26APR272245-45,2546a04d-8b54-6923-102b-91a9f2bdaaae,1777343420,0.52,46.27,yes,"{""count_fp"":""46.27"",""created_time"":""2026-04-28T02:30:20.042842Z"",""no_price_dollars"":""0.4800"",""taker_side"":""yes"",""ticker"":""KXBTC15M-26APR272245-45"",""trade_id"":""2546a04d-8b54-6923-102b-91a9f2bdaaae"",""yes_price_dollars"":""0.5200""}"
KXBTC15M-26APR272245-45,cda564d3-6a10-40cb-2aa1-c4e241ce3916,1777343421,0.52,8.81,yes,"{""count_fp"":""8.81"",""created_time"":""2026-04-28T02:30:21.731982Z"",""no_price_dollars"":""0.4800"",""taker_side"":""yes"",""ticker"":""KXBTC15M-26APR272245-45"",""trade_id"":""cda564d3-6a10-40cb-2aa1-c4e241ce3916"",""yes_price_dollars"":""0.5200""}"
KXBTC15M-26APR272245-45,d9abd049-d4cc-5b7b-1c87-e2d58d28738e,1777343421,0.52,9.3,yes,"{""count_fp"":""9.30"",""created_time"":""2026-04-28T02:30:21.558686Z"",""no_price_dollars"":""0.4800"",""taker_side"":""yes"",""ticker"":""KXBTC15M-26APR272245-45"",""trade_id"":""d9abd049-d4cc-5b7b-1c87-e2d58d28738e"",""yes_price_dollars"":""0.5200""}"
KXBTC15M-26APR272245-45,655a40c1-61f0-796b-3f4f-67033c9f0d86,1777343421,0.52,42.0,yes,"{""count_fp"":""42.00"",""created_time"":""2026-04-28T02:30:21.512109Z"",""no_price_dollars"":""0.4800"",""taker_side"":""yes"",""ticker"":""KXBTC15M-26APR272245-45"",""trade_id"":""655a40c1-61f0-796b-3f4f-67033c9f0d86"",""yes_price_dollars"":""0.5200""}"
KXBTC15M-26APR272245-45,ac3dac20-6f1d-61d6-86fd-a1ab777ba69e,1777343421,0.51,29.55,no,"{""count_fp"":""29.55"",""created_time"":""2026-04-28T02:30:21.212154Z"",""no_price_dollars"":""0.4900"",""taker_side"":""no"",""ticker"":""KXBTC15M-26APR272245-45"",""trade_id"":""ac3dac20-6f1d-61d6-86fd-a1ab777ba69e"",""yes_price_dollars"":""0.5100""}"
KXBTC15M-26APR272245-45,babf23ca-8d31-688e-7636-2c111b8f42da,1777343422,0.51,3.0,no,"{""count_fp"":""3.00"",""created_time"":""2026-04-28T02:30:22.801099Z"",""no_price_dollars"":""0.4900"",""taker_side"":""no"",""ticker"":""KXBTC15M-26APR272245-45"",""trade_id"":""babf23ca-8d31-688e-7636-2c111b8f42da"",""yes_price_dollars"":""0.5100""}"
KXBTC15M-26APR272245-45,b731309b-858d-5d5a-eb6d-31968837c00e,1777343422,0.51,3.94,no,"{""count_fp"":""3.94"",""created_time"":""2026-04-28T02:30:22.764595Z"",""no_price_dollars"":""0.4900"",""taker_side"":""no"",""ticker"":""KXBTC15M-26APR272245-45"",""trade_id"":""b731309b-858d-5d5a-eb6d-31968837c00e"",""yes_price_dollars"":""0.5100""}"
KXBTC15M-26APR272245-45,5bb2de69-22f5-49b2-2ead-2df2bb27a252,1777343422,0.51,1.0,no,"{""count_fp"":""1.00"",""created_time"":""2026-04-28T02:30:22.302905Z"",""no_price_dollars"":""0.4900"",""taker_side"":""no"",""ticker"":""KXBTC15M-26APR272245-45"",""trade_id"":""5bb2de69-22f5-49b2-2ead-2df2bb27a252"",""yes_price_dollars"":""0.5100""}"
KXBTC15M-26APR272245-45,ff617684-2434-45fb-4c15-42a8d38ff3aa,1777343422,0.52,75.4,yes,"{""count_fp"":""75.40"",""created_time"":""2026-04-28T02:30:22.201152Z"",""no_price_dollars"":""0.4800"",""taker_side"":""yes"",""ticker"":""KXBTC15M-26APR272245-45"",""trade_id"":""ff617684-2434-45fb-4c15-42a8d38ff3aa"",""yes_price_dollars"":""0.5200""}"
KXBTC15M-26APR272245-45,cce7d967-d1fa-44d1-7911-cc613aca68ca,1777343422,0.52,6.0,yes,"{""count_fp"":""6.00"",""created_time"":""2026-04-28T02:30:22.201152Z"",""no_price_dollars"":""0.4800"",""taker_side"":""yes"",""ticker"":""KXBTC15M-26APR272245-45"",""trade_id"":""cce7d967-d1fa-44d1-7911-cc613aca68ca"",""yes_price_dollars"":""0.5200""}"
KXBTC15M-26APR272245-45,aae5ec0e-326c-447c-6671-1e2c6e33d53f,1777343422,0.52,10.0,yes,"{""count_fp"":""10.00"",""created_time"":""2026-04-28T02:30:22.201152Z"",""no_price_dollars"":""0.4800"",""taker_side"":""yes"",""ticker"":""KXBTC15M-26APR272245-45"",""trade_id"":""aae5ec0e-326c-447c-6671-1e2c6e33d53f"",""yes_price_dollars"":""0.5200""}"
KXBTC15M-26APR272245-45,a3165443-cdd3-49b0-4ccf-2eae1ac1c210,1777343422,0.52,3.0,yes,"{""count_fp"":""3.00"",""created_time"":""2026-04-28T02:30:22.201152Z"",""no_price_dollars"":""0.4800"",""taker_side"":""yes"",""ticker"":""KXBTC15M-26APR272245-45"",""trade_id"":""a3165443-cdd3-49b0-4ccf-2eae1ac1c210"",""yes_price_dollars"":""0.5200""}"
KXBTC15M-26APR272245-45,94521050-0dad-4456-483b-d3c7d7066c99,1777343422,0.53,1.83,yes,"{""count_fp"":""1.83"",""created_time"":""2026-04-28T02:30:22.201152Z"",""no_price_dollars"":""0.4700"",""taker_side"":""yes"",""ticker"":""KXBTC15M-26APR272245-45"",""trade_id"":""94521050-0dad-4456-483b-d3c7d7066c99"",""yes_price_dollars"":""0.5300""}"
KXBTC15M-26APR272245-45,20d8401b-89c5-4c7e-6de7-f2614c3489cc,1777343422,0.52,2.0,yes,"{""count_fp"":""2.00"",""created_time"":""2026-04-28T02:30:22.201152Z"",""no_price_dollars"":""0.4800"",""taker_side"":""yes"",""ticker"":""KXBTC15M-26APR272245-45"",""trade_id"":""20d8401b-89c5-4c7e-6de7-f2614c3489cc"",""yes_price_dollars"":""0.5200""}"
KXBTC15M-26APR272245-45,fad588ee-8570-6b6f-a300-1ae133af9bce,1777343422,0.52,5.57,yes,"{""count_fp"":""5.57"",""created_time"":""2026-04-28T02:30:22.169256Z"",""no_price_dollars"":""0.4800"",""taker_side"":""yes"",""ticker"":""KXBTC15M-26APR272245-45"",""trade_id"":""fad588ee-8570-6b6f-a300-1ae133af9bce"",""yes_price_dollars"":""0.5200""}"
KXBTC15M-26APR272245-45,03beddd5-1cdc-69ab-8560-6065cc72fe46,1777343422,0.52,55.0,yes,"{""count_fp"":""55.00"",""created_time"":""2026-04-28T02:30:22.141545Z"",""no_price_dollars"":""0.4800"",""taker_side"":""yes"",""ticker"":""KXBTC15M-26APR272245-45"",""trade_id"":""03beddd5-1cdc-69ab-8560-6065cc72fe46"",""yes_price_dollars"":""0.5200""}"
KXBTC15M-26APR272245-45,e849e435-04b5-4ace-ecec-2c745978024e,1777343423,0.51,2.0,no,"{""count_fp"":""2.00"",""created_time"":""2026-04-28T02:30:23.756253Z"",""no_price_dollars"":""0.4900"",""taker_side"":""no"",""ticker"":""KXBTC15M-26APR272245-45"",""trade_id"":""e849e435-04b5-4ace-ecec-2c745978024e"",""yes_price_dollars"":""0.5100""}"
KXBTC15M-26APR272245-45,ad857991-91d3-4c27-1769-61c6076a5bb0,1777343423,0.52,9.3,yes,"{""count_fp"":""9.30"",""created_time"":""2026-04-28T02:30:23.705611Z"",""no_price_dollars"":""0.4800"",""taker_side"":""yes"",""ticker"":""KXBTC15M-26APR272245-45"",""trade_id"":""ad857991-91d3-4c27-1769-61c6076a5bb0"",""yes_price_dollars"":""0.5200""}"
KXBTC15M-26APR272245-45,d0d06fe2-e15b-643b-79c9-e015719e8db4,1777343423,0.52,26.03,yes,"{""count_fp"":""26.03"",""created_time"":""2026-04-28T02:30:23.678018Z"",""no_price_dollars"":""0.4800"",""taker_side"":""yes"",""ticker"":""KXBTC15M-26APR272245-45"",""trade_id"":""d0d06fe2-e15b-643b-79c9-e015719e8db4"",""yes_price_dollars"":""0.5200""}"
KXBTC15M-26APR272245-45,0e9805aa-7899-7f1a-7007-000862c5cab2,1777343423,0.51,2.0,no,"{""count_fp"":""2.00"",""created_time"":""2026-04-28T02:30:23.084265Z"",""no_price_dollars"":""0.4900"",""taker_side"":""no"",""ticker"":""KXBTC15M-26APR272245-45"",""trade_id"":""0e9805aa-7899-7f1a-7007-000862c5cab2"",""yes_price_dollars"":""0.5100""}"
KXBTC15M-26APR272245-45,df0592a6-3729-7e5c-92c4-6ebdeb441ad4,1777343424,0.53,2.0,yes,"{""count_fp"":""2.00"",""created_time"":""2026-04-28T02:30:24.578183Z"",""no_price_dollars"":""0.4700"",""taker_side"":""yes"",""ticker"":""KXBTC15M-26APR272245-45"",""trade_id"":""df0592a6-3729-7e5c-92c4-6ebdeb441ad4"",""yes_price_dollars"":""0.5300""}"
KXBTC15M-26APR272245-45,3b9b535b-37ca-71ea-b5b3-67fc93c9f676,1777343424,0.53,3.0,yes,"{""count_fp"":""3.00"",""created_time"":""2026-04-28T02:30:24.578183Z"",""no_price_dollars"":""0.4700"",""taker_side"":""yes"",""ticker"":""KXBTC15M-26APR272245-45"",""trade_id"":""3b9b535b-37ca-71ea-b5b3-67fc93c9f676"",""yes_price_dollars"":""0.5300""}"
KXBTC15M-26APR272245-45,37b24af6-f9f7-75e3-a5d0-6665b408fcc8,1777343424,0.53,71.57,yes,"{""count_fp"":""71.57"",""created_time"":""2026-04-28T02:30:24.578183Z"",""no_price_dollars"":""0.4700"",""taker_side"":""yes"",""ticker"":""KXBTC15M-26APR272245-45"",""trade_id"":""37b24af6-f9f7-75e3-a5d0-6665b408fcc8"",""yes_price_dollars"":""0.5300""}"
KXBTC15M-26APR272245-45,6163226c-554e-5590-d938-6eafb7601bec,1777343424,0.52,3.0,yes,"{""count_fp"":""3.00"",""created_time"":""2026-04-28T02:30:24.484983Z"",""no_price_dollars"":""0.4800"",""taker_side"":""yes"",""ticker"":""KXBTC15M-26APR272245-45"",""trade_id"":""6163226c-554e-5590-d938-6eafb7601bec"",""yes_price_dollars"":""0.5200""}"
KXBTC15M-26APR272245-45,b9fe5c7d-7ecd-721e-8185-10244fce71f2,1777343424,0.51,29.55,no,"{""count_fp"":""29.55"",""created_time"":""2026-04-28T02:30:24.289631Z"",""no_price_dollars"":""0.4900"",""taker_side"":""no"",""ticker"":""KXBTC15M-26APR272245-45"",""trade_id"":""b9fe5c7d-7ecd-721e-8185-10244fce71f2"",""yes_price_dollars"":""0.5100""}"
KXBTC15M-26APR272245-45,c7305d93-02a7-5c13-a944-49dc35665ca5,1777343425,0.52,14.0,yes,"{""count_fp"":""14.00"",""created_time"":""2026-04-28T02:30:25.936774Z"",""no_price_dollars"":""0.4800"",""taker_side"":""yes"",""ticker"":""KXBTC15M-26APR272245-45"",""trade_id"":""c7305d93-02a7-5c13-a944-49dc35665ca5"",""yes_price_dollars"":""0.5200""}"
KXBTC15M-26APR272245-45,3cb2e256-74e7-51f7-ac6b-998728add5b0,1777343425,0.53,168.66,yes,"{""count_fp"":""168.66"",""created_time"":""2026-04-28T02:30:25.936774Z"",""no_price_dollars"":""0.4700"",""taker_side"":""yes"",""ticker"":""KXBTC15M-26APR272245-45"",""trade_id"":""3cb2e256-74e7-51f7-ac6b-998728add5b0"",""yes_price_dollars"":""0.5300""}"
KXBTC15M-26APR272245-45,d8b96b31-341d-41e2-c41e-e75a9890c4f6,1777343425,0.51,3.4,no,"{""count_fp"":""3.40"",""created_time"":""2026-04-28T02:30:25.456707Z"",""no_price_dollars"":""0.4900"",""taker_side"":""no"",""ticker"":""KXBTC15M-26APR272245-45"",""trade_id"":""d8b96b31-341d-41e2-c41e-e75a9890c4f6"",""yes_price_dollars"":""0.5100""}"
KXBTC15M-26APR272245-45,ad0a33d7-ce79-4fb8-f882-83569d226deb,1777343425,0.52,1.6,no,"{""count_fp"":""1.60"",""created_time"":""2026-04-28T02:30:25.456707Z"",""no_price_dollars"":""0.4800"",""taker_side"":""no"",""ticker"":""KXBTC15M-26APR272245-45"",""trade_id"":""ad0a33d7-ce79-4fb8-f882-83569d226deb"",""yes_price_dollars"":""0.5200""}"
KXBTC15M-26APR272245-45,dc6fe7ec-ceb5-5ba2-f2d2-919fe0adc256,1777343426,0.52,10.05,no,"{""count_fp"":""10.05"",""created_time"":""2026-04-28T02:30:26.881266Z"",""no_price_dollars"":""0.4800"",""taker_side"":""no"",""ticker"":""KXBTC15M-26APR272245-45"",""trade_id"":""dc6fe7ec-ceb5-5ba2-f2d2-919fe0adc256"",""yes_price_dollars"":""0.5200""}"
KXBTC15M-26APR272245-45,32edcd8c-c21b-7fa7-bddc-aa7264ed53b4,1777343426,0.53,5.48,yes,"{""count_fp"":""5.48"",""created_time"":""2026-04-28T02:30:26.803767Z"",""no_price_dollars"":""0.4700"",""taker_side"":""yes"",""ticker"":""KXBTC15M-26APR272245-45"",""trade_id"":""32edcd8c-c21b-7fa7-bddc-aa7264ed53b4"",""yes_price_dollars"":""0.5300""}"
KXBTC15M-26APR272245-45,fad9e591-7f2b-77d3-49c9-6999e6914854,1777343426,0.53,8.29,yes,"{""count_fp"":""8.29"",""created_time"":""2026-04-28T02:30:26.412063Z"",""no_price_dollars"":""0.4700"",""taker_side"":""yes"",""ticker"":""KXBTC15M-26APR272245-45"",""trade_id"":""fad9e591-7f2b-77d3-49c9-6999e6914854"",""yes_price_dollars"":""0.5300""}"
KXBTC15M-26APR272245-45,0c98dda3-c5e5-4b22-684f-ccc4bf150546,1777343426,0.52,98.52,no,"{""count_fp"":""98.52"",""created_time"":""2026-04-28T02:30:26.299669Z"",""no_price_dollars"":""0.4800"",""taker_side"":""no"",""ticker"":""KXBTC15M-26APR272245-45"",""trade_id"":""0c98dda3-c5e5-4b22-684f-ccc4bf150546"",""yes_price_dollars"":""0.5200""}"
KXBTC15M-26APR272245-45,67311f2d-2ba1-608e-a2ef-2cb3981d805e,1777343427,0.52,9.85,no,"{""count_fp"":""9.85"",""created_time"":""2026-04-28T02:30:27.897135Z"",""no_price_dollars"":""0.4800"",""taker_side"":""no"",""ticker"":""KXBTC15M-26APR272245-45"",""trade_id"":""67311f2d-2ba1-608e-a2ef-2cb3981d805e"",""yes_price_dollars"":""0.5200""}"
KXBTC15M-26APR272245-45,a6f4f449-89dd-7f2a-b77d-b262ddda16a6,1777343427,0.52,24.12,no,"{""count_fp"":""24.12"",""created_time"":""2026-04-28T02:30:27.443002Z"",""no_price_dollars"":""0.4800"",""taker_side"":""no"",""ticker"":""KXBTC15M-26APR272245-45"",""trade_id"":""a6f4f449-89dd-7f2a-b77d-b262ddda16a6"",""yes_price_dollars"":""0.5200""}"
KXBTC15M-26APR272245-45,f82ebb70-39d9-5e86-3991-dc139a6eb59e,1777343427,0.52,9.85,no,"{""count_fp"":""9.85"",""created_time"":""2026-04-28T02:30:27.230323Z"",""no_price_dollars"":""0.4800"",""taker_side"":""no"",""ticker"":""KXBTC15M-26APR272245-45"",""trade_id"":""f82ebb70-39d9-5e86-3991-dc139a6eb59e"",""yes_price_dollars"":""0.5200""}"
KXBTC15M-26APR272245-45,f976cb18-0445-6d42-d46f-436c30edb306,1777343427,0.52,1.0,no,"{""count_fp"":""1.00"",""created_time"":""2026-04-28T02:30:27.164205Z"",""no_price_dollars"":""0.4800"",""taker_side"":""no"",""ticker"":""KXBTC15M-26APR272245-45"",""trade_id"":""f976cb18-0445-6d42-d46f-436c30edb306"",""yes_price_dollars"":""0.5200""}"
KXBTC15M-26APR272245-45,c501ce51-9e57-6a2d-d199-600f0229eeda,1777343428,0.53,18.26,yes,"{""count_fp"":""18.26"",""created_time"":""2026-04-28T02:30:28.920503Z"",""no_price_dollars"":""0.4700"",""taker_side"":""yes"",""ticker"":""KXBTC15M-26APR272245-45"",""trade_id"":""c501ce51-9e57-6a2d-d199-600f0229eeda"",""yes_price_dollars"":""0.5300""}"
KXBTC15M-26APR272245-45,fa680bc4-d135-4eba-d34c-8c46ca01f68e,1777343428,0.52,201.01,no,"{""count_fp"":""201.01"",""created_time"":""2026-04-28T02:30:28.866029Z"",""no_price_dollars"":""0.4800"",""taker_side"":""no"",""ticker"":""KXBTC15M-26APR272245-45"",""trade_id"":""fa680bc4-d135-4eba-d34c-8c46ca01f68e"",""yes_price_dollars"":""0.5200""}"
KXBTC15M-26APR272245-45,d1b7f315-9651-73f2-0fac-23340ec5884a,1777343428,0.52,52.26,no,"{""count_fp"":""52.26"",""created_time"":""2026-04-28T02:30:28.747779Z"",""no_price_dollars"":""0.4800"",""taker_side"":""no"",""ticker"":""KXBTC15M-26APR272245-45"",""trade_id"":""d1b7f315-9651-73f2-0fac-23340ec5884a"",""yes_price_dollars"":""0.5200""}"
KXBTC15M-26APR272245-45,ed44d3bc-ceb1-6f32-b941-512d15ff2342,1777343428,0.52,10.0,no,"{""count_fp"":""10.00"",""created_time"":""2026-04-28T02:30:28.697109Z"",""no_price_dollars"":""0.4800"",""taker_side"":""no"",""ticker"":""KXBTC15M-26APR272245-45"",""trade_id"":""ed44d3bc-ceb1-6f32-b941-512d15ff2342"",""yes_price_dollars"":""0.5200""}"
KXBTC15M-26APR272245-45,20d3c530-ba59-48ba-724b-91ad0e681f72,1777343428,0.52,40.2,no,"{""count_fp"":""40.20"",""created_time"":""2026-04-28T02:30:28.301635Z"",""no_price_dollars"":""0.4800"",""taker_side"":""no"",""ticker"":""KXBTC15M-26APR272245-45"",""trade_id"":""20d3c530-ba59-48ba-724b-91ad0e681f72"",""yes_price_dollars"":""0.5200""}"
KXBTC15M-26APR272245-45,c4305990-60de-60d2-d83b-579c5937109f,1777343428,0.54,1.0,yes,"{""count_fp"":""1.00"",""created_time"":""2026-04-28T02:30:28.222555Z"",""no_price_dollars"":""0.4600"",""taker_side"":""yes"",""ticker"":""KXBTC15M-26APR272245-45"",""trade_id"":""c4305990-60de-60d2-d83b-579c5937109f"",""yes_price_dollars"":""0.5400""}"
KXBTC15M-26APR272245-45,b8e0fdab-aed2-6cf2-e2ef-f9fb4b50fbd2,1777343428,0.53,3.0,yes,"{""count_fp"":""3.00"",""created_time"":""2026-04-28T02:30:28.222555Z"",""no_price_dollars"":""0.4700"",""taker_side"":""yes"",""ticker"":""KXBTC15M-26APR272245-45"",""trade_id"":""b8e0fdab-aed2-6cf2-e2ef-f9fb4b50fbd2"",""yes_price_dollars"":""0.5300""}"
KXBTC15M-26APR272245-45,aa181c2a-f0b7-6329-eb19-07cc2bff2de6,1777343428,0.53,2.0,yes,"{""count_fp"":""2.00"",""created_time"":""2026-04-28T02:30:28.222555Z"",""no_price_dollars"":""0.4700"",""taker_side"":""yes"",""ticker"":""KXBTC15M-26APR272245-45"",""trade_id"":""aa181c2a-f0b7-6329-eb19-07cc2bff2de6"",""yes_price_dollars"":""0.5300""}"
KXBTC15M-26APR272245-45,689ea3fd-6590-6651-d32e-0f69f389b6ae,1777343428,0.54,3.0,yes,"{""count_fp"":""3.00"",""created_time"":""2026-04-28T02:30:28.222555Z"",""no_price_dollars"":""0.4600"",""taker_side"":""yes"",""ticker"":""KXBTC15M-26APR272245-45"",""trade_id"":""689ea3fd-6590-6651-d32e-0f69f389b6ae"",""yes_price_dollars"":""0.5400""}"
KXBTC15M-26APR272245-45,616c37d4-92fb-692f-d478-8fccda5058e8,1777343428,0.53,246.0,yes,"{""count_fp"":""246.00"",""created_time"":""2026-04-28T02:30:28.222555Z"",""no_price_dollars"":""0.4700"",""taker_side"":""yes"",""ticker"":""KXBTC15M-26APR272245-45"",""trade_id"":""616c37d4-92fb-692f-d478-8fccda5058e8"",""yes_price_dollars"":""0.5300""}"
KXBTC15M-26APR272245-45,34e9785d-f8c5-6417-da47-3cdab0564d8b,1777343428,0.53,21.0,yes,"{""count_fp"":""21.00"",""created_time"":""2026-04-28T02:30:28.222555Z"",""no_price_dollars"":""0.4700"",""taker_side"":""yes"",""ticker"":""KXBTC15M-26APR272245-45"",""trade_id"":""34e9785d-f8c5-6417-da47-3cdab0564d8b"",""yes_price_dollars"":""0.5300""}"
KXBTC15M-26APR272245-45,19a61ce3-76a3-65db-ed7d-a06d814c51ac,1777343428,0.54,87.29,yes,"{""count_fp"":""87.29"",""created_time"":""2026-04-28T02:30:28.222555Z"",""no_price_dollars"":""0.4600"",""taker_side"":""yes"",""ticker"":""KXBTC15M-26APR272245-45"",""trade_id"":""19a61ce3-76a3-65db-ed7d-a06d814c51ac"",""yes_price_dollars"":""0.5400""}"
KXBTC15M-26APR272245-45,2f2dffe8-0b9d-4676-41d0-627a134d38aa,1777343428,0.52,9.87,no,"{""count_fp"":""9.87"",""created_time"":""2026-04-28T02:30:28.024245Z"",""no_price_dollars"":""0.4800"",""taker_side"":""no"",""ticker"":""KXBTC15M-26APR272245-45"",""trade_id"":""2f2dffe8-0b9d-4676-41d0-627a134d38aa"",""yes_price_dollars"":""0.5200""}"
KXBTC15M-26APR272245-45,84379a03-4a6b-6331-722a-81febf694f56,1777343429,0.52,42.66,yes,"{""count_fp"":""42.66"",""created_time"":""2026-04-28T02:30:29.938895Z"",""no_price_dollars"":""0.4800"",""taker_side"":""yes"",""ticker"":""KXBTC15M-26APR272245-45"",""trade_id"":""84379a03-4a6b-6331-722a-81febf694f56"",""yes_price_dollars"":""0.5200""}"
KXBTC15M-26APR272245-45,2f6fd98d-9973-6179-49c4-0af1f5dff9ce,1777343429,0.52,3.0,yes,"{""count_fp"":""3.00"",""created_time"":""2026-04-28T02:30:29.938895Z"",""no_price_dollars"":""0.4800"",""taker_side"":""yes"",""ticker"":""KXBTC15M-26APR272245-45"",""trade_id"":""2f6fd98d-9973-6179-49c4-0af1f5dff9ce"",""yes_price_dollars"":""0.5200""}"
KXBTC15M-26APR272245-45,4cc6ab35-075d-75df-a7ec-d4c7872bfa46,1777343429,0.52,30.0,no,"{""count_fp"":""30.00"",""created_time"":""2026-04-28T02:30:29.074069Z"",""no_price_dollars"":""0.4800"",""taker_side"":""no"",""ticker"":""KXBTC15M-26APR272245-45"",""trade_id"":""4cc6ab35-075d-75df-a7ec-d4c7872bfa46"",""yes_price_dollars"":""0.5200""}"
KXBTC15M-26APR272245-45,40926e7a-99c7-7d4c-a766-c00bc099a0b8,1777343429,0.51,9.74,no,"{""count_fp"":""9.74"",""created_time"":""2026-04-28T02:30:29.074069Z"",""no_price_dollars"":""0.4900"",""taker_side"":""no"",""ticker"":""KXBTC15M-26APR272245-45"",""trade_id"":""40926e7a-99c7-7d4c-a766-c00bc099a0b8"",""yes_price_dollars"":""0.5100""}"
KXBTC15M-26APR272245-45,4dcdc2a3-092b-490d-9eda-abe7ccfc3486,1777343429,0.53,2.0,yes,"{""count_fp"":""2.00"",""created_time"":""2026-04-28T02:30:29.067961Z"",""no_price_dollars"":""0.4700"",""taker_side"":""yes"",""ticker"":""KXBTC15M-26APR272245-45"",""trade_id"":""4dcdc2a3-092b-490d-9eda-abe7ccfc3486"",""yes_price_dollars"":""0.5300""}"
KXBTC15M-26APR272245-45,44113466-0a07-6e8c-730e-abd6672fd800,1777343430,0.51,19.7,no,"{""count_fp"":""19.70"",""created_time"":""2026-04-28T02:30:30.960564Z"",""no_price_dollars"":""0.4900"",""taker_side"":""no"",""ticker"":""KXBTC15M-26APR272245-45"",""trade_id"":""44113466-0a07-6e8c-730e-abd6672fd800"",""yes_price_dollars"":""0.5100""}"
KXBTC15M-26APR272245-45,76d4839a-6607-5144-0587-915205405bc0,1777343430,0.51,0.59,no,"{""count_fp"":""0.59"",""created_time"":""2026-04-28T02:30:30.883223Z"",""no_price_dollars"":""0.4900"",""taker_side"":""no"",""ticker"":""KXBTC15M-26APR272245-45"",""trade_id"":""76d4839a-6607-5144-0587-915205405bc0"",""yes_price_dollars"":""0.5100""}"
KXBTC15M-26APR272245-45,053bbbc1-e73f-4c24-b45f-47700cdbaa90,1777343430,0.51,44.38,no,"{""count_fp"":""44.38"",""created_time"":""2026-04-28T02:30:30.873679Z"",""no_price_dollars"":""0.4900"",""taker_side"":""no"",""ticker"":""KXBTC15M-26APR272245-45"",""trade_id"":""053bbbc1-e73f-4c24-b45f-47700cdbaa90"",""yes_price_dollars"":""0.5100""}"
KXBTC15M-26APR272245-45,c0db3cc9-4bcb-4979-a462-14565723576a,1777343431,0.52,13.0,yes,"{""count_fp"":""13.00"",""created_time"":""2026-04-28T02:30:31.981796Z"",""no_price_dollars"":""0.4800"",""taker_side"":""yes"",""ticker"":""KXBTC15M-26APR272245-45"",""trade_id"":""c0db3cc9-4bcb-4979-a462-14565723576a"",""yes_price_dollars"":""0.5200""}"
KXBTC15M-26APR272245-45,01beb40a-3fb2-767e-212e-4425dc76cbc1,1777343431,0.51,15.75,no,"{""count_fp"":""15.75"",""created_time"":""2026-04-28T02:30:31.842962Z"",""no_price_dollars"":""0.4900"",""taker_side"":""no"",""ticker"":""KXBTC15M-26APR272245-45"",""trade_id"":""01beb40a-3fb2-767e-212e-4425dc76cbc1"",""yes_price_dollars"":""0.5100""}"
KXBTC15M-26APR272245-45,63e2117c-4c77-62bd-4414-66c71b44b3a6,1777343431,0.52,1.0,yes,"{""count_fp"":""1.00"",""created_time"":""2026-04-28T02:30:31.368194Z"",""no_price_dollars"":""0.4800"",""taker_side"":""yes"",""ticker"":""KXBTC15M-26APR272245-45"",""trade_id"":""63e2117c-4c77-62bd-4414-66c71b44b3a6"",""yes_price_dollars"":""0.5200""}"
KXBTC15M-26APR272245-45,095b47a1-ff73-6135-5643-d9c196888402,1777343431,0.52,3.0,yes,"{""count_fp"":""3.00"",""created_time"":""2026-04-28T02:30:31.214493Z"",""no_price_dollars"":""0.4800"",""taker_side"":""yes"",""ticker"":""KXBTC15M-26APR272245-45"",""trade_id"":""095b47a1-ff73-6135-5643-d9c196888402"",""yes_price_dollars"":""0.5200""}"
KXBTC15M-26APR272245-45,43cb7d05-578f-6c85-8847-61f4ab33a04e,1777343431,0.52,22.32,yes,"{""count_fp"":""22.32"",""created_time"":""2026-04-28T02:30:31.025943Z"",""no_price_dollars"":""0.4800"",""taker_side"":""yes"",""ticker"":""KXBTC15M-26APR272245-45"",""trade_id"":""43cb7d05-578f-6c85-8847-61f4ab33a04e"",""yes_price_dollars"":""0.5200""}"
KXBTC15M-26APR272245-45,4969374c-c87f-70c5-35b6-68c449425606,1777343432,0.51,3.72,yes,"{""count_fp"":""3.72"",""created_time"":""2026-04-28T02:30:32.850496Z"",""no_price_dollars"":""0.4900"",""taker_side"":""yes"",""ticker"":""KXBTC15M-26APR272245-45"",""trade_id"":""4969374c-c87f-70c5-35b6-68c449425606"",""yes_price_dollars"":""0.5100""}"
KXBTC15M-26APR272245-45,1c1625fa-ea43-6f8d-ba0d-dab7d420caa2,1777343432,0.52,5.0,yes,"{""count_fp"":""5.00"",""created_time"":""2026-04-28T02:30:32.592338Z"",""no_price_dollars"":""0.4800"",""taker_side"":""yes"",""ticker"":""KXBTC15M-26APR272245-45"",""trade_id"":""1c1625fa-ea43-6f8d-ba0d-dab7d420caa2"",""yes_price_dollars"":""0.5200""}"
KXBTC15M-26APR272245-45,682e0489-55b3-5171-4e95-bb6521f775d6,1777343432,0.52,3.0,yes,"{""count_fp"":""3.00"",""created_time"":""2026-04-28T02:30:32.587174Z"",""no_price_dollars"":""0.4800"",""taker_side"":""yes"",""ticker"":""KXBTC15M-26APR272245-45"",""trade_id"":""682e0489-55b3-5171-4e95-bb6521f775d6"",""yes_price_dollars"":""0.5200""}"
KXBTC15M-26APR272245-45,1beedd10-936b-7175-510d-69f2fb9d0859,1777343432,0.5,10.0,no,"{""count_fp"":""10.00"",""created_time"":""2026-04-28T02:30:32.061222Z"",""no_price_dollars"":""0.5000"",""taker_side"":""no"",""ticker"":""KXBTC15M-26APR272245-45"",""trade_id"":""1beedd10-936b-7175-510d-69f2fb9d0859"",""yes_price_dollars"":""0.5000""}"
KXBTC15M-26APR272245-45,dc75d042-5b93-5302-c6b9-e4679426eb66,1777343432,0.51,40.0,no,"{""count_fp"":""40.00"",""created_time"":""2026-04-28T02:30:32.004067Z"",""no_price_dollars"":""0.4900"",""taker_side"":""no"",""ticker"":""KXBTC15M-26APR272245-45"",""trade_id"":""dc75d042-5b93-5302-c6b9-e4679426eb66"",""yes_price_dollars"":""0.5100""}"
KXBTC15M-26APR272245-45,da34ba9e-9456-58fa-cd07-769c112b9b79,1777343432,0.51,40.25,no,"{""count_fp"":""40.25"",""created_time"":""2026-04-28T02:30:32.004067Z"",""no_price_dollars"":""0.4900"",""taker_side"":""no"",""ticker"":""KXBTC15M-26APR272245-45"",""trade_id"":""da34ba9e-9456-58fa-cd07-769c112b9b79"",""yes_price_dollars"":""0.5100""}"
KXBTC15M-26APR272245-45,9fef0b03-d123-542d-d2de-78a501f5a461,1777343432,0.5,19.9,no,"{""count_fp"":""19.90"",""created_time"":""2026-04-28T02:30:32.004067Z"",""no_price_dollars"":""0.5000"",""taker_side"":""no"",""ticker"":""KXBTC15M-26APR272245-45"",""trade_id"":""9fef0b03-d123-542d-d2de-78a501f5a461"",""yes_price_dollars"":""0.5000""}"
KXBTC15M-26APR272245-45,7da31629-00dc-53f9-e6f7-369f2c7b6511,1777343432,0.5,10.0,no,"{""count_fp"":""10.00"",""created_time"":""2026-04-28T02:30:32.004067Z"",""no_price_dollars"":""0.5000"",""taker_side"":""no"",""ticker"":""KXBTC15M-26APR272245-45"",""trade_id"":""7da31629-00dc-53f9-e6f7-369f2c7b6511"",""yes_price_dollars"":""0.5000""}"
KXBTC15M-26APR272245-45,6f126cb0-17eb-5375-d8d4-00212dc3a27f,1777343432,0.5,20.0,no,"{""count_fp"":""20.00"",""created_time"":""2026-04-28T02:30:32.004067Z"",""no_price_dollars"":""0.5000"",""taker_side"":""no"",""ticker"":""KXBTC15M-26APR272245-45"",""trade_id"":""6f126cb0-17eb-5375-d8d4-00212dc3a27f"",""yes_price_dollars"":""0.5000""}"
KXBTC15M-26APR272245-45,40187998-5ba5-5d4a-d272-e767922dd3aa,1777343432,0.5,20.0,no,"{""count_fp"":""20.00"",""created_time"":""2026-04-28T02:30:32.004067Z"",""no_price_dollars"":""0.5000"",""taker_side"":""no"",""ticker"":""KXBTC15M-26APR272245-45"",""trade_id"":""40187998-5ba5-5d4a-d272-e767922dd3aa"",""yes_price_dollars"":""0.5000""}"
KXBTC15M-26APR272245-45,3b37475b-e22f-5150-d998-cfa134b5cb6d,1777343432,0.51,30.0,no,"{""count_fp"":""30.00"",""created_time"":""2026-04-28T02:30:32.004067Z"",""no_price_dollars"":""0.4900"",""taker_side"":""no"",""ticker"":""KXBTC15M-26APR272245-45"",""trade_id"":""3b37475b-e22f-5150-d998-cfa134b5cb6d"",""yes_price_dollars"":""0.5100""}"
KXBTC15M-26APR272245-45,1dc8e0de-6877-5f97-fc0b-4c404ee4c0df,1777343432,0.5,5.0,no,"{""count_fp"":""5.00"",""created_time"":""2026-04-28T02:30:32.004067Z"",""no_price_dollars"":""0.5000"",""taker_side"":""no"",""ticker"":""KXBTC15M-26APR272245-45"",""trade_id"":""1dc8e0de-6877-5f97-fc0b-4c404ee4c0df"",""yes_price_dollars"":""0.5000""}"
KXBTC15M-26APR272245-45,1bf54c10-1e9a-5f3a-f0e9-708e9a79df60,1777343432,0.51,2.0,no,"{""count_fp"":""2.00"",""created_time"":""2026-04-28T02:30:32.004067Z"",""no_price_dollars"":""0.4900"",""taker_side"":""no"",""ticker"":""KXBTC15M-26APR272245-45"",""trade_id"":""1bf54c10-1e9a-5f3a-f0e9-708e9a79df60"",""yes_price_dollars"":""0.5100""}"
KXBTC15M-26APR272245-45,0822be65-db8a-591f-c957-5160b4b62db7,1777343432,0.5,2.0,no,"{""count_fp"":""2.00"",""created_time"":""2026-04-28T02:30:32.004067Z"",""no_price_dollars"":""0.5000"",""taker_side"":""no"",""ticker"":""KXBTC15M-26APR272245-45"",""trade_id"":""0822be65-db8a-591f-c957-5160b4b62db7"",""yes_price_dollars"":""0.5000""}"
KXBTC15M-26APR272245-45,f22e2d9c-824e-58a6-26b1-0df6899c9d6f,1777343433,0.51,15.0,yes,"{""count_fp"":""15.00"",""created_time"":""2026-04-28T02:30:33.825387Z"",""no_price_dollars"":""0.4900"",""taker_side"":""yes"",""ticker"":""KXBTC15M-26APR272245-45"",""trade_id"":""f22e2d9c-824e-58a6-26b1-0df6899c9d6f"",""yes_price_dollars"":""0.5100""}"
KXBTC15M-26APR272245-45,d33094d2-b5fa-5339-0d32-31173f7a0c3f,1777343433,0.51,3.0,yes,"{""count_fp"":""3.00"",""created_time"":""2026-04-28T02:30:33.825387Z"",""no_price_dollars"":""0.4900"",""taker_side"":""yes"",""ticker"":""KXBTC15M-26APR272245-45"",""trade_id"":""d33094d2-b5fa-5339-0d32-31173f7a0c3f"",""yes_price_dollars"":""0.5100""}"
KXBTC15M-26APR272245-45,3b543a1a-c717-7c3d-fc55-583e980d9422,1777343433,0.51,100.0,yes,"{""count_fp"":""100.00"",""created_time"":""2026-04-28T02:30:33.757104Z"",""no_price_dollars"":""0.4900"",""taker_side"":""yes"",""ticker"":""KXBTC15M-26APR272245-45"",""trade_id"":""3b543a1a-c717-7c3d-fc55-583e980d9422"",""yes_price_dollars"":""0.5100""}"
KXBTC15M-26APR272245-45,f9923d29-d783-58bd-3e97-9a2c19164076,1777343433,0.51,20.0,yes,"{""count_fp"":""20.00"",""created_time"":""2026-04-28T02:30:33.599678Z"",""no_price_dollars"":""0.4900"",""taker_side"":""yes"",""ticker"":""KXBTC15M-26APR272245-45"",""trade_id"":""f9923d29-d783-58bd-3e97-9a2c19164076"",""yes_price_dollars"":""0.5100""}"
KXBTC15M-26APR272245-45,330cfb82-5947-4709-4ea9-8589b8bc5791,1777343433,0.5,19.32,no,"{""count_fp"":""19.32"",""created_time"":""2026-04-28T02:30:33.466072Z"",""no_price_dollars"":""0.5000"",""taker_side"":""no"",""ticker"":""KXBTC15M-26APR272245-45"",""trade_id"":""330cfb82-5947-4709-4ea9-8589b8bc5791"",""yes_price_dollars"":""0.5000""}"
KXBTC15M-26APR272245-45,c323045a-d5df-6fd1-355d-e068c6689a39,1777343433,0.5,1.0,no,"{""count_fp"":""1.00"",""created_time"":""2026-04-28T02:30:33.453209Z"",""no_price_dollars"":""0.5000"",""taker_side"":""no"",""ticker"":""KXBTC15M-26APR272245-45"",""trade_id"":""c323045a-d5df-6fd1-355d-e068c6689a39"",""yes_price_dollars"":""0.5000""}"
KXBTC15M-26APR272245-45,4f88194f-a9f8-7a47-de76-a3ba11d45c00,1777343433,0.52,18.5,yes,"{""count_fp"":""18.50"",""created_time"":""2026-04-28T02:30:33.179969Z"",""no_price_dollars"":""0.4800"",""taker_side"":""yes"",""ticker"":""KXBTC15M-26APR272245-45"",""trade_id"":""4f88194f-a9f8-7a47-de76-a3ba11d45c00"",""yes_price_dollars"":""0.5200""}"
KXBTC15M-26APR272245-45,2adf1278-f577-7da5-c7d7-af7ef7ffdd55,1777343433,0.5,1.0,no,"{""count_fp"":""1.00"",""created_time"":""2026-04-28T02:30:33.129809Z"",""no_price_dollars"":""0.5000"",""taker_side"":""no"",""ticker"":""KXBTC15M-26APR272245-45"",""trade_id"":""2adf1278-f577-7da5-c7d7-af7ef7ffdd55"",""yes_price_dollars"":""0.5000""}"
KXBTC15M-26APR272245-45,9b5287cc-5483-45b5-4586-bef917f35ab1,1777343433,0.5,1.0,no,"{""count_fp"":""1.00"",""created_time"":""2026-04-28T02:30:33.089247Z"",""no_price_dollars"":""0.5000"",""taker_side"":""no"",""ticker"":""KXBTC15M-26APR272245-45"",""trade_id"":""9b5287cc-5483-45b5-4586-bef917f35ab1"",""yes_price_dollars"":""0.5000""}"
KXBTC15M-26APR272245-45,973b6893-7900-6677-d4f2-7d2fbc4e6704,1777343433,0.52,6.0,yes,"{""count_fp"":""6.00"",""created_time"":""2026-04-28T02:30:33.074709Z"",""no_price_dollars"":""0.4800"",""taker_side"":""yes"",""ticker"":""KXBTC15M-26APR272245-45"",""trade_id"":""973b6893-7900-6677-d4f2-7d2fbc4e6704"",""yes_price_dollars"":""0.5200""}"
KXBTC15M-26APR272245-45,d57f51aa-8fab-5806-a301-7cd050db7531,1777343434,0.46,10.0,yes,"{""count_fp"":""10.00"",""created_time"":""2026-04-28T02:30:34.654202Z"",""no_price_dollars"":""0.5400"",""taker_side"":""yes"",""ticker"":""KXBTC15M-26APR272245-45"",""trade_id"":""d57f51aa-8fab-5806-a301-7cd050db7531"",""yes_price_dollars"":""0.4600""}"
KXBTC15M-26APR272245-45,3b81ead9-a39b-6fda-c324-c303fae5fae1,1777343434,0.46,13.0,yes,"{""count_fp"":""13.00"",""created_time"":""2026-04-28T02:30:34.505826Z"",""no_price_dollars"":""0.5400"",""taker_side"":""yes"",""ticker"":""KXBTC15M-26APR272245-45"",""trade_id"":""3b81ead9-a39b-6fda-c324-c303fae5fae1"",""yes_price_dollars"":""0.4600""}"
KXBTC15M-26APR272245-45,91c7c66e-ec83-58fe-753d-660df96aa1e9,1777343434,0.46,2.0,yes,"{""count_fp"":""2.00"",""created_time"":""2026-04-28T02:30:34.495453Z"",""no_price_dollars"":""0.5400"",""taker_side"":""yes"",""ticker"":""KXBTC15M-26APR272245-45"",""trade_id"":""91c7c66e-ec83-58fe-753d-660df96aa1e9"",""yes_price_dollars"":""0.4600""}"
KXBTC15M-26APR272245-45,9015f662-b703-4c5b-861b-4421ea67b0c9,1777343434,0.46,10.0,no,"{""count_fp"":""10.00"",""created_time"":""2026-04-28T02:30:34.314974Z"",""no_price_dollars"":""0.5400"",""taker_side"":""no"",""ticker"":""KXBTC15M-26APR272245-45"",""trade_id"":""9015f662-b703-4c5b-861b-4421ea67b0c9"",""yes_price_dollars"":""0.4600""}"
KXBTC15M-26APR272245-45,8ef74341-4c83-6880-8c96-8f9c5db0c8a5,1777343434,0.49,1.14,yes,"{""count_fp"":""1.14"",""created_time"":""2026-04-28T02:30:34.272516Z"",""no_price_dollars"":""0.5100"",""taker_side"":""yes"",""ticker"":""KXBTC15M-26APR272245-45"",""trade_id"":""8ef74341-4c83-6880-8c96-8f9c5db0c8a5"",""yes_price_dollars"":""0.4900""}"
KXBTC15M-26APR272245-45,6dcc85d4-e7c7-6f7a-8a51-15525f2cdc2d,1777343434,0.49,4.86,yes,"{""count_fp"":""4.86"",""created_time"":""2026-04-28T02:30:34.272516Z"",""no_price_dollars"":""0.5100"",""taker_side"":""yes"",""ticker"":""KXBTC15M-26APR272245-45"",""trade_id"":""6dcc85d4-e7c7-6f7a-8a51-15525f2cdc2d"",""yes_price_dollars"":""0.4900""}"
KXBTC15M-26APR272245-45,cc4357bb-0819-4046-4aa9-bbb471ad8013,1777343434,0.48,37.0,no,"{""count_fp"":""37.00"",""created_time"":""2026-04-28T02:30:34.247721Z"",""no_price_dollars"":""0.5200"",""taker_side"":""no"",""ticker"":""KXBTC15M-26APR272245-45"",""trade_id"":""cc4357bb-0819-4046-4aa9-bbb471ad8013"",""yes_price_dollars"":""0.4800""}"
KXBTC15M-26APR272245-45,9b81c125-e511-4924-66a1-ae56ae157b7d,1777343434,0.48,1.0,no,"{""count_fp"":""1.00"",""created_time"":""2026-04-28T02:30:34.247721Z"",""no_price_dollars"":""0.5200"",""taker_side"":""no"",""ticker"":""KXBTC15M-26APR272245-45"",""trade_id"":""9b81c125-e511-4924-66a1-ae56ae157b7d"",""yes_price_dollars"":""0.4800""}"
KXBTC15M-26APR272245-45,1754f0b5-a3be-44d0-7ab2-b61a594a8089,1777343434,0.47,3.0,no,"{""count_fp"":""3.00"",""created_time"":""2026-04-28T02:30:34.247721Z"",""no_price_dollars"":""0.5300"",""taker_side"":""no"",""ticker"":""KXBTC15M-26APR272245-45"",""trade_id"":""1754f0b5-a3be-44d0-7ab2-b61a594a8089"",""yes_price_dollars"":""0.4700""}"
KXBTC15M-26APR272245-45,9d4cdf79-7a7f-5758-ac1b-7b955fae76b5,1777343434,0.5,1.86,yes,"{""count_fp"":""1.86"",""created_time"":""2026-04-28T02:30:34.217334Z"",""no_price_dollars"":""0.5000"",""taker_side"":""yes"",""ticker"":""KXBTC15M-26APR272245-45"",""trade_id"":""9d4cdf79-7a7f-5758-ac1b-7b955fae76b5"",""yes_price_dollars"":""0.5000""}"
KXBTC15M-26APR272245-45,1ffed566-b598-7981-1d4d-99fa8ba37288,1777343434,0.51,3.0,yes,"{""count_fp"":""3.00"",""created_time"":""2026-04-28T02:30:34.203744Z"",""no_price_dollars"":""0.4900"",""taker_side"":""yes"",""ticker"":""KXBTC15M-26APR272245-45"",""trade_id"":""1ffed566-b598-7981-1d4d-99fa8ba37288"",""yes_price_dollars"":""0.5100""}"
KXBTC15M-26APR272245-45,fa6841b0-1b59-40ae-5b31-26b1a0e866a9,1777343434,0.5,30.0,no,"{""count_fp"":""30.00"",""created_time"":""2026-04-28T02:30:34.164722Z"",""no_price_dollars"":""0.5000"",""taker_side"":""no"",""ticker"":""KXBTC15M-26APR272245-45"",""trade_id"":""fa6841b0-1b59-40ae-5b31-26b1a0e866a9"",""yes_price_dollars"":""0.5000""}"
KXBTC15M-26APR272245-45,323ec2d6-b697-47f5-7e65-eddea39fe7d5,1777343434,0.5,247.78,no,"{""count_fp"":""247.78"",""created_time"":""2026-04-28T02:30:34.164722Z"",""no_price_dollars"":""0.5000"",""taker_side"":""no"",""ticker"":""KXBTC15M-26APR272245-45"",""trade_id"":""323ec2d6-b697-47f5-7e65-eddea39fe7d5"",""yes_price_dollars"":""0.5000""}"
KXBTC15M-26APR272245-45,1bd23a31-59a6-400b-49e9-db3af11cb251,1777343434,0.5,15.0,no,"{""count_fp"":""15.00"",""created_time"":""2026-04-28T02:30:34.164722Z"",""no_price_dollars"":""0.5000"",""taker_side"":""no"",""ticker"":""KXBTC15M-26APR272245-45"",""trade_id"":""1bd23a31-59a6-400b-49e9-db3af11cb251"",""yes_price_dollars"":""0.5000""}"
KXBTC15M-26APR272245-45,2ed88c5a-f183-6ff2-9d16-6a5b57edc72d,1777343435,0.46,4.0,yes,"{""count_fp"":""4.00"",""created_time"":""2026-04-28T02:30:35.762317Z"",""no_price_dollars"":""0.5400"",""taker_side"":""yes"",""ticker"":""KXBTC15M-26APR272245-45"",""trade_id"":""2ed88c5a-f183-6ff2-9d16-6a5b57edc72d"",""yes_price_dollars"":""0.4600""}"
KXBTC15M-26APR272245-45,9adccc08-7cf7-51ca-c8c8-ec17a1445e65,1777343435,0.46,254.89,yes,"{""count_fp"":""254.89"",""created_time"":""2026-04-28T02:30:35.730877Z"",""no_price_dollars"":""0.5400"",""taker_side"":""yes"",""ticker"":""KXBTC15M-26APR272245-45"",""trade_id"":""9adccc08-7cf7-51ca-c8c8-ec17a1445e65"",""yes_price_dollars"":""0.4600""}"
KXBTC15M-26APR272245-45,facc818a-a477-4dde-1cdd-816afa6e97b1,1777343435,0.46,14.0,yes,"{""count_fp"":""14.00"",""created_time"":""2026-04-28T02:30:35.617212Z"",""no_price_dollars"":""0.5400"",""taker_side"":""yes"",""ticker"":""KXBTC15M-26APR272245-45"",""trade_id"":""facc818a-a477-4dde-1cdd-816afa6e97b1"",""yes_price_dollars"":""0.4600""}"
KXBTC15M-26APR272245-45,84c0cdfc-370b-586a-9167-cf037c43a265,1777343435,0.46,1.89,yes,"{""count_fp"":""1.89"",""created_time"":""2026-04-28T02:30:35.444969Z"",""no_price_dollars"":""0.5400"",""taker_side"":""yes"",""ticker"":""KXBTC15M-26APR272245-45"",""trade_id"":""84c0cdfc-370b-586a-9167-cf037c43a265"",""yes_price_dollars"":""0.4600""}"
KXBTC15M-26APR272245-45,473ec6d5-eab2-5d1e-18c1-185c1f84efd9,1777343435,0.45,4.0,no,"{""count_fp"":""4.00"",""created_time"":""2026-04-28T02:30:35.153358Z"",""no_price_dollars"":""0.5500"",""taker_side"":""no"",""ticker"":""KXBTC15M-26APR272245-45"",""trade_id"":""473ec6d5-eab2-5d1e-18c1-185c1f84efd9"",""yes_price_dollars"":""0.4500""}"
KXBTC15M-26APR272245-45,b6eab6a8-c05c-7506-92e1-8f431c16c7d6,1777343436,0.42,16.0,yes,"{""count_fp"":""16.00"",""created_time"":""2026-04-28T02:30:36.945356Z"",""no_price_dollars"":""0.5800"",""taker_side"":""yes"",""ticker"":""KXBTC15M-26APR272245-45"",""trade_id"":""b6eab6a8-c05c-7506-92e1-8f431c16c7d6"",""yes_price_dollars"":""0.4200""}"
KXBTC15M-26APR272245-45,7b43b502-fadb-76cf-8536-97424fa3ee9c,1777343436,0.42,25.0,yes,"{""count_fp"":""25.00"",""created_time"":""2026-04-28T02:30:36.945356Z"",""no_price_dollars"":""0.5800"",""taker_side"":""yes"",""ticker"":""KXBTC15M-26APR272245-45"",""trade_id"":""7b43b502-fadb-76cf-8536-97424fa3ee9c"",""yes_price_dollars"":""0.4200""}"
KXBTC15M-26APR272245-45,41982e2e-39d5-79e9-8c11-8eb9cd9ab72d,1777343436,0.42,20.0,yes,"{""count_fp"":""20.00"",""created_time"":""2026-04-28T02:30:36.945356Z"",""no_price_dollars"":""0.5800"",""taker_side"":""yes"",""ticker"":""KXBTC15M-26APR272245-45"",""trade_id"":""41982e2e-39d5-79e9-8c11-8eb9cd9ab72d"",""yes_price_dollars"":""0.4200""}"
KXBTC15M-26APR272245-45,7293c56b-a314-440c-ff9a-852dd908a8b1,1777343436,0.45,3.0,yes,"{""count_fp"":""3.00"",""created_time"":""2026-04-28T02:30:36.418929Z"",""no_price_dollars"":""0.5500"",""taker_side"":""yes"",""ticker"":""KXBTC15M-26APR272245-45"",""trade_id"":""7293c56b-a314-440c-ff9a-852dd908a8b1"",""yes_price_dollars"":""0.4500""}"
KXBTC15M-26APR272245-45,fa01123f-f2d5-5317-0448-bc45d84e077b,1777343436,0.44,5.0,no,"{""count_fp"":""5.00"",""created_time"":""2026-04-28T02:30:36.372691Z"",""no_price_dollars"":""0.5600"",""taker_side"":""no"",""ticker"":""KXBTC15M-26APR272245-45"",""trade_id"":""fa01123f-f2d5-5317-0448-bc45d84e077b"",""yes_price_dollars"":""0.4400""}"
KXBTC15M-26APR272245-45,e1071237-37f6-5601-3f78-ae71fd10d34b,1777343436,0.44,20.0,no,"{""count_fp"":""20.00"",""created_time"":""2026-04-28T02:30:36.372691Z"",""no_price_dollars"":""0.5600"",""taker_side"":""no"",""ticker"":""KXBTC15M-26APR272245-45"",""trade_id"":""e1071237-37f6-5601-3f78-ae71fd10d34b"",""yes_price_dollars"":""0.4400""}"
KXBTC15M-26APR272245-45,1cb35ece-50ec-5b56-3b2e-f4ffcb96cbe9,1777343436,0.44,2.0,no,"{""count_fp"":""2.00"",""created_time"":""2026-04-28T02:30:36.372691Z"",""no_price_dollars"":""0.5600"",""taker_side"":""no"",""ticker"":""KXBTC15M-26APR272245-45"",""trade_id"":""1cb35ece-50ec-5b56-3b2e-f4ffcb96cbe9"",""yes_price_dollars"":""0.4400""}"
KXBTC15M-26APR272245-45,09002169-0e26-5cd7-1805-e1a4e92084db,1777343436,0.44,30.0,no,"{""count_fp"":""30.00"",""created_time"":""2026-04-28T02:30:36.372691Z"",""no_price_dollars"":""0.5600"",""taker_side"":""no"",""ticker"":""KXBTC15M-26APR272245-45"",""trade_id"":""09002169-0e26-5cd7-1805-e1a4e92084db"",""yes_price_dollars"":""0.4400""}"
KXBTC15M-26APR272245-45,6745c126-cc4f-7caa-9624-af8f55e5c185,1777343436,0.46,26.54,yes,"{""count_fp"":""26.54"",""created_time"":""2026-04-28T02:30:36.254908Z"",""no_price_dollars"":""0.5400"",""taker_side"":""yes"",""ticker"":""KXBTC15M-26APR272245-45"",""trade_id"":""6745c126-cc4f-7caa-9624-af8f55e5c185"",""yes_price_dollars"":""0.4600""}"
KXBTC15M-26APR272245-45,ecfe2ab5-676a-570e-1647-9834918f6d85,1777343436,0.45,26.0,no,"{""count_fp"":""26.00"",""created_time"":""2026-04-28T02:30:36.221929Z"",""no_price_dollars"":""0.5500"",""taker_side"":""no"",""ticker"":""KXBTC15M-26APR272245-45"",""trade_id"":""ecfe2ab5-676a-570e-1647-9834918f6d85"",""yes_price_dollars"":""0.4500""}"
KXBTC15M-26APR272245-45,ae7b9ab3-ffc5-56a0-132e-6d9029030f16,1777343436,0.45,3.0,no,"{""count_fp"":""3.00"",""created_time"":""2026-04-28T02:30:36.221929Z"",""no_price_dollars"":""0.5500"",""taker_side"":""no"",""ticker"":""KXBTC15M-26APR272245-45"",""trade_id"":""ae7b9ab3-ffc5-56a0-132e-6d9029030f16"",""yes_price_dollars"":""0.4500""}"
KXBTC15M-26APR272245-45,9bde75bc-44d2-5c70-0a46-de5774f5af00,1777343436,0.45,30.0,no,"{""count_fp"":""30.00"",""created_time"":""2026-04-28T02:30:36.221929Z"",""no_price_dollars"":""0.5500"",""taker_side"":""no"",""ticker"":""KXBTC15M-26APR272245-45"",""trade_id"":""9bde75bc-44d2-5c70-0a46-de5774f5af00"",""yes_price_dollars"":""0.4500""}"
KXBTC15M-26APR272245-45,8a565380-ba5e-5088-37ab-dc4da7a94834,1777343436,0.45,8.0,no,"{""count_fp"":""8.00"",""created_time"":""2026-04-28T02:30:36.221929Z"",""no_price_dollars"":""0.5500"",""taker_side"":""no"",""ticker"":""KXBTC15M-26APR272245-45"",""trade_id"":""8a565380-ba5e-5088-37ab-dc4da7a94834"",""yes_price_dollars"":""0.4500""}"
KXBTC15M-26APR272245-45,7acae8eb-f2a1-5eee-0a7f-797ab2e8e40c,1777343436,0.45,20.0,no,"{""count_fp"":""20.00"",""created_time"":""2026-04-28T02:30:36.221929Z"",""no_price_dollars"":""0.5500"",""taker_side"":""no"",""ticker"":""KXBTC15M-26APR272245-45"",""trade_id"":""7acae8eb-f2a1-5eee-0a7f-797ab2e8e40c"",""yes_price_dollars"":""0.4500""}"
KXBTC15M-26APR272245-45,3004a36e-80d8-5256-1ad1-dfb3db31f4e4,1777343436,0.45,2.0,no,"{""count_fp"":""2.00"",""created_time"":""2026-04-28T02:30:36.221929Z"",""no_price_dollars"":""0.5500"",""taker_side"":""no"",""ticker"":""KXBTC15M-26APR272245-45"",""trade_id"":""3004a36e-80d8-5256-1ad1-dfb3db31f4e4"",""yes_price_dollars"":""0.4500""}"
KXBTC15M-26APR272245-45,cc678f0a-2084-6554-d86d-5360abe952a1,1777343437,0.43,3.0,yes,"{""count_fp"":""3.00"",""created_time"":""2026-04-28T02:30:37.480557Z"",""no_price_dollars"":""0.5700"",""taker_side"":""yes"",""ticker"":""KXBTC15M-26APR272245-45"",""trade_id"":""cc678f0a-2084-6554-d86d-5360abe952a1"",""yes_price_dollars"":""0.4300""}"
KXBTC15M-26APR272245-45,ed57977d-2cf7-628f-25b3-04f1f72a86d8,1777343437,0.42,331.42,yes,"{""count_fp"":""331.42"",""created_time"":""2026-04-28T02:30:37.477362Z"",""no_price_dollars"":""0.5800"",""taker_side"":""yes"",""ticker"":""KXBTC15M-26APR272245-45"",""trade_id"":""ed57977d-2cf7-628f-25b3-04f1f72a86d8"",""yes_price_dollars"":""0.4200""}"
KXBTC15M-26APR272245-45,e9c1d20a-ab14-6a0c-192e-f20cc5f30891,1777343437,0.43,82.41,yes,"{""count_fp"":""82.41"",""created_time"":""2026-04-28T02:30:37.477362Z"",""no_price_dollars"":""0.5700"",""taker_side"":""yes"",""ticker"":""KXBTC15M-26APR272245-45"",""trade_id"":""e9c1d20a-ab14-6a0c-192e-f20cc5f30891"",""yes_price_dollars"":""0.4300""}"
KXBTC15M-26APR272245-45,e5488aee-f0c4-632b-08db-4ab95058b41f,1777343437,0.43,56.0,yes,"{""count_fp"":""56.00"",""created_time"":""2026-04-28T02:30:37.477362Z"",""no_price_dollars"":""0.5700"",""taker_side"":""yes"",""ticker"":""KXBTC15M-26APR272245-45"",""trade_id"":""e5488aee-f0c4-632b-08db-4ab95058b41f"",""yes_price_dollars"":""0.4300""}"
KXBTC15M-26APR272245-45,cf9097b2-0dbe-6007-26bf-4503d212bd2f,1777343437,0.42,20.0,yes,"{""count_fp"":""20.00"",""created_time"":""2026-04-28T02:30:37.477362Z"",""no_price_dollars"":""0.5800"",""taker_side"":""yes"",""ticker"":""KXBTC15M-26APR272245-45"",""trade_id"":""cf9097b2-0dbe-6007-26bf-4503d212bd2f"",""yes_price_dollars"":""0.4200""}"
KXBTC15M-26APR272245-45,820c9e64-92cc-6872-3e26-d0ff6dbf7e36,1777343437,0.42,1650.0,yes,"{""count_fp"":""1650.00"",""created_time"":""2026-04-28T02:30:37.477362Z"",""no_price_dollars"":""0.5800"",""taker_side"":""yes"",""ticker"":""KXBTC15M-26APR272245-45"",""trade_id"":""820c9e64-92cc-6872-3e26-d0ff6dbf7e36"",""yes_price_dollars"":""0.4200""}"
KXBTC15M-26APR272245-45,c17e43c6-9347-774b-d9ab-53503ce07d0c,1777343437,0.42,20.85,yes,"{""count_fp"":""20.85"",""created_time"":""2026-04-28T02:30:37.370707Z"",""no_price_dollars"":""0.5800"",""taker_side"":""yes"",""ticker"":""KXBTC15M-26APR272245-45"",""trade_id"":""c17e43c6-9347-774b-d9ab-53503ce07d0c"",""yes_price_dollars"":""0.4200""}"
KXBTC15M-26APR272245-45,9552697a-167b-79c7-6559-5ed0291d3c90,1777343437,0.42,10.0,yes,"{""count_fp"":""10.00"",""created_time"":""2026-04-28T02:30:37.258329Z"",""no_price_dollars"":""0.5800"",""taker_side"":""yes"",""ticker"":""KXBTC15M-26APR272245-45"",""trade_id"":""9552697a-167b-79c7-6559-5ed0291d3c90"",""yes_price_dollars"":""0.4200""}"
KXBTC15M-26APR272245-45,800d9e64-a86b-46b3-a5f5-a6ef841c05f0,1777343437,0.42,104.73,yes,"{""count_fp"":""104.73"",""created_time"":""2026-04-28T02:30:37.160744Z"",""no_price_dollars"":""0.5800"",""taker_side"":""yes"",""ticker"":""KXBTC15M-26APR272245-45"",""trade_id"":""800d9e64-a86b-46b3-a5f5-a6ef841c05f0"",""yes_price_dollars"":""0.4200""}"
KXBTC15M-26APR272245-45,9877c32d-bfdf-621b-d632-c2524375536c,1777343437,0.42,8.0,yes,"{""count_fp"":""8.00"",""created_time"":""2026-04-28T02:30:37.091405Z"",""no_price_dollars"":""0.5800"",""taker_side"":""yes"",""ticker"":""KXBTC15M-26APR272245-45"",""trade_id"":""9877c32d-bfdf-621b-d632-c2524375536c"",""yes_price_dollars"":""0.4200""}"
KXBTC15M-26APR272245-45,aad7b54c-f692-4250-b277-b816b28d21f6,1777343438,0.42,213.98,yes,"{""count_fp"":""213.98"",""created_time"":""2026-04-28T02:30:38.885406Z"",""no_price_dollars"":""0.5800"",""taker_side"":""yes"",""ticker"":""KXBTC15M-26APR272245-45"",""trade_id"":""aad7b54c-f692-4250-b277-b816b28d21f6"",""yes_price_dollars"":""0.4200""}"
KXBTC15M-26APR272245-45,fc98428e-c856-4712-1137-e51126669040,1777343438,0.41,33.61,no,"{""count_fp"":""33.61"",""created_time"":""2026-04-28T02:30:38.818303Z"",""no_price_dollars"":""0.5900"",""taker_side"":""no"",""ticker"":""KXBTC15M-26APR272245-45"",""trade_id"":""fc98428e-c856-4712-1137-e51126669040"",""yes_price_dollars"":""0.4100""}"
KXBTC15M-26APR272245-45,ed4d3c17-fbd9-40c3-02a0-86d890b298cb,1777343438,0.41,7.12,no,"{""count_fp"":""7.12"",""created_time"":""2026-04-28T02:30:38.818303Z"",""no_price_dollars"":""0.5900"",""taker_side"":""no"",""ticker"":""KXBTC15M-26APR272245-45"",""trade_id"":""ed4d3c17-fbd9-40c3-02a0-86d890b298cb"",""yes_price_dollars"":""0.4100""}"
KXBTC15M-26APR272245-45,dd278dd5-f2e9-49fe-0476-cbf855b8939b,1777343438,0.41,3.0,no,"{""count_fp"":""3.00"",""created_time"":""2026-04-28T02:30:38.818303Z"",""no_price_dollars"":""0.5900"",""taker_side"":""no"",""ticker"":""KXBTC15M-26APR272245-45"",""trade_id"":""dd278dd5-f2e9-49fe-0476-cbf855b8939b"",""yes_price_dollars"":""0.4100""}"
KXBTC15M-26APR272245-45,bcb6a18f-6da1-49ec-3459-620a5c933ecd,1777343438,0.41,20.0,no,"{""count_fp"":""20.00"",""created_time"":""2026-04-28T02:30:38.818303Z"",""no_price_dollars"":""0.5900"",""taker_side"":""no"",""ticker"":""KXBTC15M-26APR272245-45"",""trade_id"":""bcb6a18f-6da1-49ec-3459-620a5c933ecd"",""yes_price_dollars"":""0.4100""}"
KXBTC15M-26APR272245-45,49d33610-2784-4355-2b10-57fe2ed33b09,1777343438,0.41,51.0,no,"{""count_fp"":""51.00"",""created_time"":""2026-04-28T02:30:38.818303Z"",""no_price_dollars"":""0.5900"",""taker_side"":""no"",""ticker"":""KXBTC15M-26APR272245-45"",""trade_id"":""49d33610-2784-4355-2b10-57fe2ed33b09"",""yes_price_dollars"":""0.4100""}"
KXBTC15M-26APR272245-45,1ee5b05c-e3d2-668c-30fd-e2efa68e947a,1777343438,0.42,41.03,yes,"{""count_fp"":""41.03"",""created_time"":""2026-04-28T02:30:38.689996Z"",""no_price_dollars"":""0.5800"",""taker_side"":""yes"",""ticker"":""KXBTC15M-26APR272245-45"",""trade_id"":""1ee5b05c-e3d2-668c-30fd-e2efa68e947a"",""yes_price_dollars"":""0.4200""}"
KXBTC15M-26APR272245-45,c8ffa719-7f15-4a7f-5a9e-f9c7c42d7a97,1777343438,0.41,9.88,no,"{""count_fp"":""9.88"",""created_time"":""2026-04-28T02:30:38.600875Z"",""no_price_dollars"":""0.5900"",""taker_side"":""no"",""ticker"":""KXBTC15M-26APR272245-45"",""trade_id"":""c8ffa719-7f15-4a7f-5a9e-f9c7c42d7a97"",""yes_price_dollars"":""0.4100""}"
KXBTC15M-26APR272245-45,c4937913-9e6e-609c-d61c-8e4cd5a546f6,1777343438,0.42,2.13,yes,"{""count_fp"":""2.13"",""created_time"":""2026-04-28T02:30:38.086022Z"",""no_price_dollars"":""0.5800"",""taker_side"":""yes"",""ticker"":""KXBTC15M-26APR272245-45"",""trade_id"":""c4937913-9e6e-609c-d61c-8e4cd5a546f6"",""yes_price_dollars"":""0.4200""}"
KXBTC15M-26APR272245-45,06fc318b-3b96-5748-f8c4-a0056025626a,1777343439,0.42,2.0,yes,"{""count_fp"":""2.00"",""created_time"":""2026-04-28T02:30:39.987345Z"",""no_price_dollars"":""0.5800"",""taker_side"":""yes"",""ticker"":""KXBTC15M-26APR272245-45"",""trade_id"":""06fc318b-3b96-5748-f8c4-a0056025626a"",""yes_price_dollars"":""0.4200""}"
KXBTC15M-26APR272245-45,d5aaea16-2ba2-4a84-8e58-1d4efb4df9f2,1777343439,0.42,2.0,yes,"{""count_fp"":""2.00"",""created_time"":""2026-04-28T02:30:39.688968Z"",""no_price_dollars"":""0.5800"",""taker_side"":""yes"",""ticker"":""KXBTC15M-26APR272245-45"",""trade_id"":""d5aaea16-2ba2-4a84-8e58-1d4efb4df9f2"",""yes_price_dollars"":""0.4200""}"
KXBTC15M-26APR272245-45,9a1487ca-ff5f-4a64-5a2d-b95dce6fcebc,1777343439,0.41,81.54,no,"{""count_fp"":""81.54"",""created_time"":""2026-04-28T02:30:39.607843Z"",""no_price_dollars"":""0.5900"",""taker_side"":""no"",""ticker"":""KXBTC15M-26APR272245-45"",""trade_id"":""9a1487ca-ff5f-4a64-5a2d-b95dce6fcebc"",""yes_price_dollars"":""0.4100""}"
KXBTC15M-26APR272245-45,c1967348-dc1f-6054-ea27-cd2f92113fa0,1777343439,0.41,5.0,no,"{""count_fp"":""5.00"",""created_time"":""2026-04-28T02:30:39.604122Z"",""no_price_dollars"":""0.5900"",""taker_side"":""no"",""ticker"":""KXBTC15M-26APR272245-45"",""trade_id"":""c1967348-dc1f-6054-ea27-cd2f92113fa0"",""yes_price_dollars"":""0.4100""}"
KXBTC15M-26APR272245-45,0cc5a42b-49cb-6498-4928-87da2d713924,1777343439,0.41,32.9,no,"{""count_fp"":""32.90"",""created_time"":""2026-04-28T02:30:39.417746Z"",""no_price_dollars"":""0.5900"",""taker_side"":""no"",""ticker"":""KXBTC15M-26APR272245-45"",""trade_id"":""0cc5a42b-49cb-6498-4928-87da2d713924"",""yes_price_dollars"":""0.4100""}"
KXBTC15M-26APR272245-45,e164ac8a-2696-70a0-d75f-d5367bd278d2,1777343439,0.42,11.42,yes,"{""count_fp"":""11.42"",""created_time"":""2026-04-28T02:30:39.260124Z"",""no_price_dollars"":""0.5800"",""taker_side"":""yes"",""ticker"":""KXBTC15M-26APR272245-45"",""trade_id"":""e164ac8a-2696-70a0-d75f-d5367bd278d2"",""yes_price_dollars"":""0.4200""}"
KXBTC15M-26APR272245-45,f2cd2d30-4e5a-63d8-f58f-3fcf8ddff852,1777343439,0.42,137.28,yes,"{""count_fp"":""137.28"",""created_time"":""2026-04-28T02:30:39.259061Z"",""no_price_dollars"":""0.5800"",""taker_side"":""yes"",""ticker"":""KXBTC15M-26APR272245-45"",""trade_id"":""f2cd2d30-4e5a-63d8-f58f-3fcf8ddff852"",""yes_price_dollars"":""0.4200""}"
KXBTC15M-26APR272245-45,b21c7b91-b352-6244-0d8c-f1dbc3ff65be,1777343439,0.42,44.0,yes,"{""count_fp"":""44.00"",""created_time"":""2026-04-28T02:30:39.175416Z"",""no_price_dollars"":""0.5800"",""taker_side"":""yes"",""ticker"":""KXBTC15M-26APR272245-45"",""trade_id"":""b21c7b91-b352-6244-0d8c-f1dbc3ff65be"",""yes_price_dollars"":""0.4200""}"
KXBTC15M-26APR272245-45,c7516582-115d-5b55-1751-61d5ee9df768,1777343440,0.42,11.44,yes,"{""count_fp"":""11.44"",""created_time"":""2026-04-28T02:30:40.947015Z"",""no_price_dollars"":""0.5800"",""taker_side"":""yes"",""ticker"":""KXBTC15M-26APR272245-45"",""trade_id"":""c7516582-115d-5b55-1751-61d5ee9df768"",""yes_price_dollars"":""0.4200""}"
KXBTC15M-26APR272245-45,1951b4bf-26d9-4b45-6752-4cea3e258708,1777343440,0.41,2.0,no,"{""count_fp"":""2.00"",""created_time"":""2026-04-28T02:30:40.931026Z"",""no_price_dollars"":""0.5900"",""taker_side"":""no"",""ticker"":""KXBTC15M-26APR272245-45"",""trade_id"":""1951b4bf-26d9-4b45-6752-4cea3e258708"",""yes_price_dollars"":""0.4100""}"
KXBTC15M-26APR272245-45,f613056e-2e51-5a3d-9a06-f7c8508aeb60,1777343440,0.42,434.35,yes,"{""count_fp"":""434.35"",""created_time"":""2026-04-28T02:30:40.904501Z"",""no_price_dollars"":""0.5800"",""taker_side"":""yes"",""ticker"":""KXBTC15M-26APR272245-45"",""trade_id"":""f613056e-2e51-5a3d-9a06-f7c8508aeb60"",""yes_price_dollars"":""0.4200""}"
KXBTC15M-26APR272245-45,0840e331-539d-7861-2ca8-19513228c760,1777343440,0.41,8.23,no,"{""count_fp"":""8.23"",""created_time"":""2026-04-28T02:30:40.832446Z"",""no_price_dollars"":""0.5900"",""taker_side"":""no"",""ticker"":""KXBTC15M-26APR272245-45"",""trade_id"":""0840e331-539d-7861-2ca8-19513228c760"",""yes_price_dollars"":""0.4100""}"
KXBTC15M-26APR272245-45,c93870ba-0791-6295-2d03-4e31d6ecff7c,1777343440,0.42,45.76,yes,"{""count_fp"":""45.76"",""created_time"":""2026-04-28T02:30:40.711956Z"",""no_price_dollars"":""0.5800"",""taker_side"":""yes"",""ticker"":""KXBTC15M-26APR272245-45"",""trade_id"":""c93870ba-0791-6295-2d03-4e31d6ecff7c"",""yes_price_dollars"":""0.4200""}"
KXBTC15M-26APR272245-45,a27c9ebd-330e-649f-6225-32da17eb0380,1777343440,0.42,3.0,no,"{""count_fp"":""3.00"",""created_time"":""2026-04-28T02:30:40.625647Z"",""no_price_dollars"":""0.5800"",""taker_side"":""no"",""ticker"":""KXBTC15M-26APR272245-45"",""trade_id"":""a27c9ebd-330e-649f-6225-32da17eb0380"",""yes_price_dollars"":""0.4200""}"
KXBTC15M-26APR272245-45,271ae260-61cd-6309-44b4-f4bd056aa1c0,1777343440,0.41,5.23,no,"{""count_fp"":""5.23"",""created_time"":""2026-04-28T02:30:40.625647Z"",""no_price_dollars"":""0.5900"",""taker_side"":""no"",""ticker"":""KXBTC15M-26APR272245-45"",""trade_id"":""271ae260-61cd-6309-44b4-f4bd056aa1c0"",""yes_price_dollars"":""0.4100""}"
KXBTC15M-26APR272245-45,98b08633-1fed-5b12-cd65-e78fbfa54639,1777343440,0.42,30.0,yes,"{""count_fp"":""30.00"",""created_time"":""2026-04-28T02:30:40.469098Z"",""no_price_dollars"":""0.5800"",""taker_side"":""yes"",""ticker"":""KXBTC15M-26APR272245-45"",""trade_id"":""98b08633-1fed-5b12-cd65-e78fbfa54639"",""yes_price_dollars"":""0.4200""}"
KXBTC15M-26APR272245-45,874dacb6-3ea4-5778-d222-0179f48b69ef,1777343440,0.42,20.0,yes,"{""count_fp"":""20.00"",""created_time"":""2026-04-28T02:30:40.469098Z"",""no_price_dollars"":""0.5800"",""taker_side"":""yes"",""ticker"":""KXBTC15M-26APR272245-45"",""trade_id"":""874dacb6-3ea4-5778-d222-0179f48b69ef"",""yes_price_dollars"":""0.4200""}"
KXBTC15M-26APR272245-45,45e1c3b9-8af2-5960-fa94-18a11cde4b16,1777343440,0.42,14.53,yes,"{""count_fp"":""14.53"",""created_time"":""2026-04-28T02:30:40.469098Z"",""no_price_dollars"":""0.5800"",""taker_side"":""yes"",""ticker"":""KXBTC15M-26APR272245-45"",""trade_id"":""45e1c3b9-8af2-5960-fa94-18a11cde4b16"",""yes_price_dollars"":""0.4200""}"
KXBTC15M-26APR272245-45,08521832-53dc-5770-d93e-3f91772c2ec9,1777343440,0.43,155.97,yes,"{""count_fp"":""155.97"",""created_time"":""2026-04-28T02:30:40.469098Z"",""no_price_dollars"":""0.5700"",""taker_side"":""yes"",""ticker"":""KXBTC15M-26APR272245-45"",""trade_id"":""08521832-53dc-5770-d93e-3f91772c2ec9"",""yes_price_dollars"":""0.4300""}"
KXBTC15M-26APR272245-45,23e989b0-566a-66bc-3b15-2b1c50ee258e,1777343440,0.42,27.45,yes,"{""count_fp"":""27.45"",""created_time"":""2026-04-28T02:30:40.148851Z"",""no_price_dollars"":""0.5800"",""taker_side"":""yes"",""ticker"":""KXBTC15M-26APR272245-45"",""trade_id"":""23e989b0-566a-66bc-3b15-2b1c50ee258e"",""yes_price_dollars"":""0.4200""}"
KXBTC15M-26APR272245-45,f1c89fc9-d01f-48d7-d92e-2bbfa951a864,1777343441,0.44,1.11,yes,"{""count_fp"":""1.11"",""created_time"":""2026-04-28T02:30:41.847573Z"",""no_price_dollars"":""0.5600"",""taker_side"":""yes"",""ticker"":""KXBTC15M-26APR272245-45"",""trade_id"":""f1c89fc9-d01f-48d7-d92e-2bbfa951a864"",""yes_price_dollars"":""0.4400""}"
KXBTC15M-26APR272245-45,a30a127b-074c-4f45-deee-efbf13a24094,1777343441,0.42,2.99,yes,"{""count_fp"":""2.99"",""created_time"":""2026-04-28T02:30:41.515354Z"",""no_price_dollars"":""0.5800"",""taker_side"":""yes"",""ticker"":""KXBTC15M-26APR272245-45"",""trade_id"":""a30a127b-074c-4f45-deee-efbf13a24094"",""yes_price_dollars"":""0.4200""}"
KXBTC15M-26APR272245-45,783bde56-aadc-4a99-f633-cdf612bd9e2b,1777343441,0.42,17.01,yes,"{""count_fp"":""17.01"",""created_time"":""2026-04-28T02:30:41.515354Z"",""no_price_dollars"":""0.5800"",""taker_side"":""yes"",""ticker"":""KXBTC15M-26APR272245-45"",""trade_id"":""783bde56-aadc-4a99-f633-cdf612bd9e2b"",""yes_price_dollars"":""0.4200""}"
KXBTC15M-26APR272245-45,983dd489-83cb-7033-b9b9-d20df763ef68,1777343441,0.42,225.0,yes,"{""count_fp"":""225.00"",""created_time"":""2026-04-28T02:30:41.439431Z"",""no_price_dollars"":""0.5800"",""taker_side"":""yes"",""ticker"":""KXBTC15M-26APR272245-45"",""trade_id"":""983dd489-83cb-7033-b9b9-d20df763ef68"",""yes_price_dollars"":""0.4200""}"
KXBTC15M-26APR272245-45,21b65372-3443-699f-0b48-657de5999938,1777343441,0.42,2.0,yes,"{""count_fp"":""2.00"",""created_time"":""2026-04-28T02:30:41.387823Z"",""no_price_dollars"":""0.5800"",""taker_side"":""yes"",""ticker"":""KXBTC15M-26APR272245-45"",""trade_id"":""21b65372-3443-699f-0b48-657de5999938"",""yes_price_dollars"":""0.4200""}"
KXBTC15M-26APR272245-45,8744fed6-eaff-7095-6dc7-c27a4699e917,1777343441,0.42,17.01,yes,"{""count_fp"":""17.01"",""created_time"":""2026-04-28T02:30:41.384642Z"",""no_price_dollars"":""0.5800"",""taker_side"":""yes"",""ticker"":""KXBTC15M-26APR272245-45"",""trade_id"":""8744fed6-eaff-7095-6dc7-c27a4699e917"",""yes_price_dollars"":""0.4200""}"
KXBTC15M-26APR272245-45,31d5e9ad-7897-723f-4387-04f0e51b2f74,1777343441,0.42,17.99,yes,"{""count_fp"":""17.99"",""created_time"":""2026-04-28T02:30:41.384642Z"",""no_price_dollars"":""0.5800"",""taker_side"":""yes"",""ticker"":""KXBTC15M-26APR272245-45"",""trade_id"":""31d5e9ad-7897-723f-4387-04f0e51b2f74"",""yes_price_dollars"":""0.4200""}"
KXBTC15M-26APR272245-45,d04fda01-b293-787c-5f99-0057733241b1,1777343441,0.42,17.01,yes,"{""count_fp"":""17.01"",""created_time"":""2026-04-28T02:30:41.255349Z"",""no_price_dollars"":""0.5800"",""taker_side"":""yes"",""ticker"":""KXBTC15M-26APR272245-45"",""trade_id"":""d04fda01-b293-787c-5f99-0057733241b1"",""yes_price_dollars"":""0.4200""}"
KXBTC15M-26APR272245-45,bda4e0fb-6da7-72f3-7831-87a7d13798d8,1777343441,0.42,5.0,yes,"{""count_fp"":""5.00"",""created_time"":""2026-04-28T02:30:41.255349Z"",""no_price_dollars"":""0.5800"",""taker_side"":""yes"",""ticker"":""KXBTC15M-26APR272245-45"",""trade_id"":""bda4e0fb-6da7-72f3-7831-87a7d13798d8"",""yes_price_dollars"":""0.4200""}"
KXBTC15M-26APR272245-45,725bfb06-f7af-7923-50e2-07c2d48919a1,1777343441,0.42,2.99,yes,"{""count_fp"":""2.99"",""created_time"":""2026-04-28T02:30:41.255349Z"",""no_price_dollars"":""0.5800"",""taker_side"":""yes"",""ticker"":""KXBTC15M-26APR272245-45"",""trade_id"":""725bfb06-f7af-7923-50e2-07c2d48919a1"",""yes_price_dollars"":""0.4200""}"
KXBTC15M-26APR272245-45,ead02a0f-54e7-58a4-1863-b742c04edde1,1777343441,0.42,2.99,yes,"{""count_fp"":""2.99"",""created_time"":""2026-04-28T02:30:41.101624Z"",""no_price_dollars"":""0.5800"",""taker_side"":""yes"",""ticker"":""KXBTC15M-26APR272245-45"",""trade_id"":""ead02a0f-54e7-58a4-1863-b742c04edde1"",""yes_price_dollars"":""0.4200""}"
KXBTC15M-26APR272245-45,a63057d3-40d9-590d-255a-1c5394eccd94,1777343441,0.42,8.45,yes,"{""count_fp"":""8.45"",""created_time"":""2026-04-28T02:30:41.101624Z"",""no_price_dollars"":""0.5800"",""taker_side"":""yes"",""ticker"":""KXBTC15M-26APR272245-45"",""trade_id"":""a63057d3-40d9-590d-255a-1c5394eccd94"",""yes_price_dollars"":""0.4200""}"
KXBTC15M-26APR272245-45,7fb11d2a-23a9-4c9e-4273-02a456e4b956,1777343442,0.43,18.65,no,"{""count_fp"":""18.65"",""created_time"":""2026-04-28T02:30:42.892816Z"",""no_price_dollars"":""0.5700"",""taker_side"":""no"",""ticker"":""KXBTC15M-26APR272245-45"",""trade_id"":""7fb11d2a-23a9-4c9e-4273-02a456e4b956"",""yes_price_dollars"":""0.4300""}"
KXBTC15M-26APR272245-45,14c9b5be-fc48-456a-679d-9ad8cd4c3209,1777343442,0.43,3.0,no,"{""count_fp"":""3.00"",""created_time"":""2026-04-28T02:30:42.892816Z"",""no_price_dollars"":""0.5700"",""taker_side"":""no"",""ticker"":""KXBTC15M-26APR272245-45"",""trade_id"":""14c9b5be-fc48-456a-679d-9ad8cd4c3209"",""yes_price_dollars"":""0.4300""}"
KXBTC15M-26APR272245-45,e0270bdf-c6e7-53b3-27c7-adbe75e79e98,1777343442,0.44,54.32,yes,"{""count_fp"":""54.32"",""created_time"":""2026-04-28T02:30:42.460856Z"",""no_price_dollars"":""0.5600"",""taker_side"":""yes"",""ticker"":""KXBTC15M-26APR272245-45"",""trade_id"":""e0270bdf-c6e7-53b3-27c7-adbe75e79e98"",""yes_price_dollars"":""0.4400""}"
KXBTC15M-26APR272245-45,2d624fd5-857f-5423-c466-6a9e62566038,1777343442,0.44,13.0,yes,"{""count_fp"":""13.00"",""created_time"":""2026-04-28T02:30:42.413115Z"",""no_price_dollars"":""0.5600"",""taker_side"":""yes"",""ticker"":""KXBTC15M-26APR272245-45"",""trade_id"":""2d624fd5-857f-5423-c466-6a9e62566038"",""yes_price_dollars"":""0.4400""}"
KXBTC15M-26APR272245-45,71309a68-c29f-78d3-704a-7c82acf9bd50,1777343442,0.44,3.0,yes,"{""count_fp"":""3.00"",""created_time"":""2026-04-28T02:30:42.271357Z"",""no_price_dollars"":""0.5600"",""taker_side"":""yes"",""ticker"":""KXBTC15M-26APR272245-45"",""trade_id"":""71309a68-c29f-78d3-704a-7c82acf9bd50"",""yes_price_dollars"":""0.4400""}"
KXBTC15M-26APR272245-45,4783e9bf-86bf-69db-a4b5-474829ef8fa8,1777343442,0.44,1.0,yes,"{""count_fp"":""1.00"",""created_time"":""2026-04-28T02:30:42.214774Z"",""no_price_dollars"":""0.5600"",""taker_side"":""yes"",""ticker"":""KXBTC15M-26APR272245-45"",""trade_id"":""4783e9bf-86bf-69db-a4b5-474829ef8fa8"",""yes_price_dollars"":""0.4400""}"
KXBTC15M-26APR272245-45,87b1413a-b795-609a-2953-bef8fd0f0a52,1777343443,0.43,0.01,no,"{""count_fp"":""0.01"",""created_time"":""2026-04-28T02:30:43.978738Z"",""no_price_dollars"":""0.5700"",""taker_side"":""no"",""ticker"":""KXBTC15M-26APR272245-45"",""trade_id"":""87b1413a-b795-609a-2953-bef8fd0f0a52"",""yes_price_dollars"":""0.4300""}"
KXBTC15M-26APR272245-45,b6d3057e-6bd5-567a-dce8-3297805ea9a2,1777343443,0.43,100.52,no,"{""count_fp"":""100.52"",""created_time"":""2026-04-28T02:30:43.799338Z"",""no_price_dollars"":""0.5700"",""taker_side"":""no"",""ticker"":""KXBTC15M-26APR272245-45"",""trade_id"":""b6d3057e-6bd5-567a-dce8-3297805ea9a2"",""yes_price_dollars"":""0.4300""}"
KXBTC15M-26APR272245-45,a9166989-2ab1-5c2a-1632-204a68c70c06,1777343443,0.43,16.78,no,"{""count_fp"":""16.78"",""created_time"":""2026-04-28T02:30:43.529854Z"",""no_price_dollars"":""0.5700"",""taker_side"":""no"",""ticker"":""KXBTC15M-26APR272245-45"",""trade_id"":""a9166989-2ab1-5c2a-1632-204a68c70c06"",""yes_price_dollars"":""0.4300""}"
KXBTC15M-26APR272245-45,feecc643-f169-55a2-da6f-f726ac2170a2,1777343443,0.43,25.54,no,"{""count_fp"":""25.54"",""created_time"":""2026-04-28T02:30:43.502278Z"",""no_price_dollars"":""0.5700"",""taker_side"":""no"",""ticker"":""KXBTC15M-26APR272245-45"",""trade_id"":""feecc643-f169-55a2-da6f-f726ac2170a2"",""yes_price_dollars"":""0.4300""}"
KXBTC15M-26APR272245-45,961fc313-51d5-78fa-8441-66751600a0ae,1777343443,0.43,1.7,no,"{""count_fp"":""1.70"",""created_time"":""2026-04-28T02:30:43.355631Z"",""no_price_dollars"":""0.5700"",""taker_side"":""no"",""ticker"":""KXBTC15M-26APR272245-45"",""trade_id"":""961fc313-51d5-78fa-8441-66751600a0ae"",""yes_price_dollars"":""0.4300""}"
KXBTC15M-26APR272245-45,6d3f29de-cfe5-4f26-a769-ae87939f27ba,1777343443,0.43,99.78,no,"{""count_fp"":""99.78"",""created_time"":""2026-04-28T02:30:43.227915Z"",""no_price_dollars"":""0.5700"",""taker_side"":""no"",""ticker"":""KXBTC15M-26APR272245-45"",""trade_id"":""6d3f29de-cfe5-4f26-a769-ae87939f27ba"",""yes_price_dollars"":""0.4300""}"
KXBTC15M-26APR272245-45,090125ec-fd0f-5c7b-cae9-3c8eb4c0f2a0,1777343443,0.44,3.0,yes,"{""count_fp"":""3.00"",""created_time"":""2026-04-28T02:30:43.205325Z"",""no_price_dollars"":""0.5600"",""taker_side"":""yes"",""ticker"":""KXBTC15M-26APR272245-45"",""trade_id"":""090125ec-fd0f-5c7b-cae9-3c8eb4c0f2a0"",""yes_price_dollars"":""0.4400""}"
KXBTC15M-26APR272245-45,adc33429-bd63-4d83-878b-0d86a47a3e54,1777343443,0.44,26.24,yes,"{""count_fp"":""26.24"",""created_time"":""2026-04-28T02:30:43.123963Z"",""no_price_dollars"":""0.5600"",""taker_side"":""yes"",""ticker"":""KXBTC15M-26APR272245-45"",""trade_id"":""adc33429-bd63-4d83-878b-0d86a47a3e54"",""yes_price_dollars"":""0.4400""}"
KXBTC15M-26APR272245-45,abd564d8-c9c5-4b36-59e6-42a2ebf845ce,1777343444,0.43,25.54,no,"{""count_fp"":""25.54"",""created_time"":""2026-04-28T02:30:44.805736Z"",""no_price_dollars"":""0.5700"",""taker_side"":""no"",""ticker"":""KXBTC15M-26APR272245-45"",""trade_id"":""abd564d8-c9c5-4b36-59e6-42a2ebf845ce"",""yes_price_dollars"":""0.4300""}"
KXBTC15M-26APR272245-45,90f7e2d4-85f3-64ef-7bf0-c8f52864cec0,1777343444,0.44,13.0,yes,"{""count_fp"":""13.00"",""created_time"":""2026-04-28T02:30:44.638868Z"",""no_price_dollars"":""0.5600"",""taker_side"":""yes"",""ticker"":""KXBTC15M-26APR272245-45"",""trade_id"":""90f7e2d4-85f3-64ef-7bf0-c8f52864cec0"",""yes_price_dollars"":""0.4400""}"
KXBTC15M-26APR272245-45,b7a39d5b-c07b-4e37-707b-545f60f3f5cc,1777343444,0.44,3.0,yes,"{""count_fp"":""3.00"",""created_time"":""2026-04-28T02:30:44.550749Z"",""no_price_dollars"":""0.5600"",""taker_side"":""yes"",""ticker"":""KXBTC15M-26APR272245-45"",""trade_id"":""b7a39d5b-c07b-4e37-707b-545f60f3f5cc"",""yes_price_dollars"":""0.4400""}"
KXBTC15M-26APR272245-45,9ec26ce8-02ef-5ccf-39c3-e20041b8b410,1777343444,0.44,2.18,yes,"{""count_fp"":""2.18"",""created_time"":""2026-04-28T02:30:44.175115Z"",""no_price_dollars"":""0.5600"",""taker_side"":""yes"",""ticker"":""KXBTC15M-26APR272245-45"",""trade_id"":""9ec26ce8-02ef-5ccf-39c3-e20041b8b410"",""yes_price_dollars"":""0.4400""}"
