ticker,trade_id,ts,yes_price,count,taker_side,raw_json
KXBTC15M-26APR280415-15,365b6997-7f02-6035-72d4-716a5f529ac3,1777363200,0.49,10.0,yes,"{""count_fp"":""10.00"",""created_time"":""2026-04-28T08:00:00.698669Z"",""no_price_dollars"":""0.5100"",""taker_side"":""yes"",""ticker"":""KXBTC15M-26APR280415-15"",""trade_id"":""365b6997-7f02-6035-72d4-716a5f529ac3"",""yes_price_dollars"":""0.4900""}"
KXBTC15M-26APR280415-15,26b54aad-7952-654d-2bfa-380412aa3adf,1777363200,0.49,1.0,yes,"{""count_fp"":""1.00"",""created_time"":""2026-04-28T08:00:00.692062Z"",""no_price_dollars"":""0.5100"",""taker_side"":""yes"",""ticker"":""KXBTC15M-26APR280415-15"",""trade_id"":""26b54aad-7952-654d-2bfa-380412aa3adf"",""yes_price_dollars"":""0.4900""}"
KXBTC15M-26APR280415-15,e6538454-f55f-7469-0af1-03645c6ae2f6,1777363201,0.5,7.0,yes,"{""count_fp"":""7.00"",""created_time"":""2026-04-28T08:00:01.736215Z"",""no_price_dollars"":""0.5000"",""taker_side"":""yes"",""ticker"":""KXBTC15M-26APR280415-15"",""trade_id"":""e6538454-f55f-7469-0af1-03645c6ae2f6"",""yes_price_dollars"":""0.5000""}"
KXBTC15M-26APR280415-15,16e0f319-f94e-5d89-0884-75d385eafd47,1777363201,0.51,8.0,yes,"{""count_fp"":""8.00"",""created_time"":""2026-04-28T08:00:01.532962Z"",""no_price_dollars"":""0.4900"",""taker_side"":""yes"",""ticker"":""KXBTC15M-26APR280415-15"",""trade_id"":""16e0f319-f94e-5d89-0884-75d385eafd47"",""yes_price_dollars"":""0.5100""}"
KXBTC15M-26APR280415-15,a3641ba6-4037-72c0-7384-9bb10f611f80,1777363201,0.49,1.0,no,"{""count_fp"":""1.00"",""created_time"":""2026-04-28T08:00:01.289104Z"",""no_price_dollars"":""0.5100"",""taker_side"":""no"",""ticker"":""KXBTC15M-26APR280415-15"",""trade_id"":""a3641ba6-4037-72c0-7384-9bb10f611f80"",""yes_price_dollars"":""0.4900""}"
KXBTC15M-26APR280415-15,e285637c-86d9-7c68-ef6f-53296975343d,1777363201,0.5,10.0,yes,"{""count_fp"":""10.00"",""created_time"":""2026-04-28T08:00:01.166333Z"",""no_price_dollars"":""0.5000"",""taker_side"":""yes"",""ticker"":""KXBTC15M-26APR280415-15"",""trade_id"":""e285637c-86d9-7c68-ef6f-53296975343d"",""yes_price_dollars"":""0.5000""}"
KXBTC15M-26APR280415-15,cff2c228-f2d7-7b37-eddb-41125205fc49,1777363201,0.54,1.0,yes,"{""count_fp"":""1.00"",""created_time"":""2026-04-28T08:00:01.166333Z"",""no_price_dollars"":""0.4600"",""taker_side"":""yes"",""ticker"":""KXBTC15M-26APR280415-15"",""trade_id"":""cff2c228-f2d7-7b37-eddb-41125205fc49"",""yes_price_dollars"":""0.5400""}"
KXBTC15M-26APR280415-15,c6866779-100e-73d5-f55c-d55a0b9cdeff,1777363201,0.49,14.0,yes,"{""count_fp"":""14.00"",""created_time"":""2026-04-28T08:00:01.166333Z"",""no_price_dollars"":""0.5100"",""taker_side"":""yes"",""ticker"":""KXBTC15M-26APR280415-15"",""trade_id"":""c6866779-100e-73d5-f55c-d55a0b9cdeff"",""yes_price_dollars"":""0.4900""}"
KXBTC15M-26APR280415-15,51598a10-94bb-7277-ce5e-e7c63bbfb1af,1777363201,0.55,1.0,yes,"{""count_fp"":""1.00"",""created_time"":""2026-04-28T08:00:01.166333Z"",""no_price_dollars"":""0.4500"",""taker_side"":""yes"",""ticker"":""KXBTC15M-26APR280415-15"",""trade_id"":""51598a10-94bb-7277-ce5e-e7c63bbfb1af"",""yes_price_dollars"":""0.5500""}"
KXBTC15M-26APR280415-15,c928349b-749b-7a29-b4b0-bf8d5a36e7ba,1777363202,0.5,7.0,yes,"{""count_fp"":""7.00"",""created_time"":""2026-04-28T08:00:02.883776Z"",""no_price_dollars"":""0.5000"",""taker_side"":""yes"",""ticker"":""KXBTC15M-26APR280415-15"",""trade_id"":""c928349b-749b-7a29-b4b0-bf8d5a36e7ba"",""yes_price_dollars"":""0.5000""}"
KXBTC15M-26APR280415-15,37e3143c-38cb-6540-e5d6-b5845f846568,1777363202,0.49,1.0,no,"{""count_fp"":""1.00"",""created_time"":""2026-04-28T08:00:02.662425Z"",""no_price_dollars"":""0.5100"",""taker_side"":""no"",""ticker"":""KXBTC15M-26APR280415-15"",""trade_id"":""37e3143c-38cb-6540-e5d6-b5845f846568"",""yes_price_dollars"":""0.4900""}"
KXBTC15M-26APR280415-15,bf2ab28d-8bf3-55f9-f9ed-9e304c8c8f32,1777363202,0.5,35.0,yes,"{""count_fp"":""35.00"",""created_time"":""2026-04-28T08:00:02.552505Z"",""no_price_dollars"":""0.5000"",""taker_side"":""yes"",""ticker"":""KXBTC15M-26APR280415-15"",""trade_id"":""bf2ab28d-8bf3-55f9-f9ed-9e304c8c8f32"",""yes_price_dollars"":""0.5000""}"
KXBTC15M-26APR280415-15,0fb87543-35eb-5dd1-8a46-09c29fb03d8e,1777363202,0.5,7.0,yes,"{""count_fp"":""7.00"",""created_time"":""2026-04-28T08:00:02.413891Z"",""no_price_dollars"":""0.5000"",""taker_side"":""yes"",""ticker"":""KXBTC15M-26APR280415-15"",""trade_id"":""0fb87543-35eb-5dd1-8a46-09c29fb03d8e"",""yes_price_dollars"":""0.5000""}"
KXBTC15M-26APR280415-15,4444392a-6ba7-7091-74f0-727288a3f92a,1777363202,0.5,7.0,yes,"{""count_fp"":""7.00"",""created_time"":""2026-04-28T08:00:02.180331Z"",""no_price_dollars"":""0.5000"",""taker_side"":""yes"",""ticker"":""KXBTC15M-26APR280415-15"",""trade_id"":""4444392a-6ba7-7091-74f0-727288a3f92a"",""yes_price_dollars"":""0.5000""}"
KXBTC15M-26APR280415-15,f700126a-d56f-4d2c-50fa-11f66878c0fc,1777363203,0.5,16.0,yes,"{""count_fp"":""16.00"",""created_time"":""2026-04-28T08:00:03.026771Z"",""no_price_dollars"":""0.5000"",""taker_side"":""yes"",""ticker"":""KXBTC15M-26APR280415-15"",""trade_id"":""f700126a-d56f-4d2c-50fa-11f66878c0fc"",""yes_price_dollars"":""0.5000""}"
KXBTC15M-26APR280415-15,cda2d37d-fbc3-47b9-6285-56eca17bc2ce,1777363203,0.5,44.0,yes,"{""count_fp"":""44.00"",""created_time"":""2026-04-28T08:00:03.026771Z"",""no_price_dollars"":""0.5000"",""taker_side"":""yes"",""ticker"":""KXBTC15M-26APR280415-15"",""trade_id"":""cda2d37d-fbc3-47b9-6285-56eca17bc2ce"",""yes_price_dollars"":""0.5000""}"
KXBTC15M-26APR280415-15,b601d4ab-f478-4120-7b4a-303e624a8dfa,1777363203,0.5,6.0,yes,"{""count_fp"":""6.00"",""created_time"":""2026-04-28T08:00:03.026771Z"",""no_price_dollars"":""0.5000"",""taker_side"":""yes"",""ticker"":""KXBTC15M-26APR280415-15"",""trade_id"":""b601d4ab-f478-4120-7b4a-303e624a8dfa"",""yes_price_dollars"":""0.5000""}"
KXBTC15M-26APR280415-15,85b759f6-7b82-4064-4659-d03d88b1be1c,1777363203,0.5,12.0,yes,"{""count_fp"":""12.00"",""created_time"":""2026-04-28T08:00:03.026771Z"",""no_price_dollars"":""0.5000"",""taker_side"":""yes"",""ticker"":""KXBTC15M-26APR280415-15"",""trade_id"":""85b759f6-7b82-4064-4659-d03d88b1be1c"",""yes_price_dollars"":""0.5000""}"
KXBTC15M-26APR280415-15,473c15c7-bc26-4820-4309-2b415843f61d,1777363203,0.5,6.0,yes,"{""count_fp"":""6.00"",""created_time"":""2026-04-28T08:00:03.026771Z"",""no_price_dollars"":""0.5000"",""taker_side"":""yes"",""ticker"":""KXBTC15M-26APR280415-15"",""trade_id"":""473c15c7-bc26-4820-4309-2b415843f61d"",""yes_price_dollars"":""0.5000""}"
KXBTC15M-26APR280415-15,165a1c7a-d344-407c-68fa-b5540994a064,1777363203,0.5,12.0,yes,"{""count_fp"":""12.00"",""created_time"":""2026-04-28T08:00:03.026771Z"",""no_price_dollars"":""0.5000"",""taker_side"":""yes"",""ticker"":""KXBTC15M-26APR280415-15"",""trade_id"":""165a1c7a-d344-407c-68fa-b5540994a064"",""yes_price_dollars"":""0.5000""}"
KXBTC15M-26APR280415-15,f49fe47f-020b-44c0-d482-a11e5a994b94,1777363205,0.49,33.0,no,"{""count_fp"":""33.00"",""created_time"":""2026-04-28T08:00:05.451206Z"",""no_price_dollars"":""0.5100"",""taker_side"":""no"",""ticker"":""KXBTC15M-26APR280415-15"",""trade_id"":""f49fe47f-020b-44c0-d482-a11e5a994b94"",""yes_price_dollars"":""0.4900""}"
KXBTC15M-26APR280415-15,639a37ea-eaeb-6be8-e075-d73e7b9a7058,1777363205,0.49,9.0,no,"{""count_fp"":""9.00"",""created_time"":""2026-04-28T08:00:05.386297Z"",""no_price_dollars"":""0.5100"",""taker_side"":""no"",""ticker"":""KXBTC15M-26APR280415-15"",""trade_id"":""639a37ea-eaeb-6be8-e075-d73e7b9a7058"",""yes_price_dollars"":""0.4900""}"
KXBTC15M-26APR280415-15,ab2b1422-091b-507c-3d77-3c466f527e25,1777363206,0.49,62.79,no,"{""count_fp"":""62.79"",""created_time"":""2026-04-28T08:00:06.662608Z"",""no_price_dollars"":""0.5100"",""taker_side"":""no"",""ticker"":""KXBTC15M-26APR280415-15"",""trade_id"":""ab2b1422-091b-507c-3d77-3c466f527e25"",""yes_price_dollars"":""0.4900""}"
KXBTC15M-26APR280415-15,8896889a-f2b5-50aa-2e76-d2dfaf42ef8a,1777363206,0.49,1.0,no,"{""count_fp"":""1.00"",""created_time"":""2026-04-28T08:00:06.662608Z"",""no_price_dollars"":""0.5100"",""taker_side"":""no"",""ticker"":""KXBTC15M-26APR280415-15"",""trade_id"":""8896889a-f2b5-50aa-2e76-d2dfaf42ef8a"",""yes_price_dollars"":""0.4900""}"
KXBTC15M-26APR280415-15,2c4bfe25-a8e9-5231-0a6d-ebc7e0b1444d,1777363206,0.49,5.0,no,"{""count_fp"":""5.00"",""created_time"":""2026-04-28T08:00:06.662608Z"",""no_price_dollars"":""0.5100"",""taker_side"":""no"",""ticker"":""KXBTC15M-26APR280415-15"",""trade_id"":""2c4bfe25-a8e9-5231-0a6d-ebc7e0b1444d"",""yes_price_dollars"":""0.4900""}"
KXBTC15M-26APR280415-15,2357bed2-e460-58a3-1ecb-c4b72c587899,1777363206,0.49,10.0,no,"{""count_fp"":""10.00"",""created_time"":""2026-04-28T08:00:06.662608Z"",""no_price_dollars"":""0.5100"",""taker_side"":""no"",""ticker"":""KXBTC15M-26APR280415-15"",""trade_id"":""2357bed2-e460-58a3-1ecb-c4b72c587899"",""yes_price_dollars"":""0.4900""}"
KXBTC15M-26APR280415-15,1996024a-b597-59bc-099f-eea1e5d963f8,1777363206,0.49,45.78,no,"{""count_fp"":""45.78"",""created_time"":""2026-04-28T08:00:06.662608Z"",""no_price_dollars"":""0.5100"",""taker_side"":""no"",""ticker"":""KXBTC15M-26APR280415-15"",""trade_id"":""1996024a-b597-59bc-099f-eea1e5d963f8"",""yes_price_dollars"":""0.4900""}"
KXBTC15M-26APR280415-15,145c2775-d2f5-5d21-0dc2-1c0bf16f2167,1777363206,0.5,10.0,no,"{""count_fp"":""10.00"",""created_time"":""2026-04-28T08:00:06.662608Z"",""no_price_dollars"":""0.5000"",""taker_side"":""no"",""ticker"":""KXBTC15M-26APR280415-15"",""trade_id"":""145c2775-d2f5-5d21-0dc2-1c0bf16f2167"",""yes_price_dollars"":""0.5000""}"
KXBTC15M-26APR280415-15,0be417ac-6f36-573c-2c54-295c305d2d41,1777363206,0.5,400.0,no,"{""count_fp"":""400.00"",""created_time"":""2026-04-28T08:00:06.662608Z"",""no_price_dollars"":""0.5000"",""taker_side"":""no"",""ticker"":""KXBTC15M-26APR280415-15"",""trade_id"":""0be417ac-6f36-573c-2c54-295c305d2d41"",""yes_price_dollars"":""0.5000""}"
KXBTC15M-26APR280415-15,7149d646-2749-641b-5d50-069923e13161,1777363206,0.5,13.27,no,"{""count_fp"":""13.27"",""created_time"":""2026-04-28T08:00:06.263939Z"",""no_price_dollars"":""0.5000"",""taker_side"":""no"",""ticker"":""KXBTC15M-26APR280415-15"",""trade_id"":""7149d646-2749-641b-5d50-069923e13161"",""yes_price_dollars"":""0.5000""}"
KXBTC15M-26APR280415-15,ab8a18b6-e1e9-4b37-e2dd-00f33afeb861,1777363206,0.5,18.95,no,"{""count_fp"":""18.95"",""created_time"":""2026-04-28T08:00:06.175322Z"",""no_price_dollars"":""0.5000"",""taker_side"":""no"",""ticker"":""KXBTC15M-26APR280415-15"",""trade_id"":""ab8a18b6-e1e9-4b37-e2dd-00f33afeb861"",""yes_price_dollars"":""0.5000""}"
KXBTC15M-26APR280415-15,e27ff317-a6b8-556c-5299-6c707e2b4e9b,1777363207,0.51,1.0,yes,"{""count_fp"":""1.00"",""created_time"":""2026-04-28T08:00:07.555674Z"",""no_price_dollars"":""0.4900"",""taker_side"":""yes"",""ticker"":""KXBTC15M-26APR280415-15"",""trade_id"":""e27ff317-a6b8-556c-5299-6c707e2b4e9b"",""yes_price_dollars"":""0.5100""}"
KXBTC15M-26APR280415-15,6eec7f15-730e-5a2a-74bf-46752cf62470,1777363207,0.53,16.96,yes,"{""count_fp"":""16.96"",""created_time"":""2026-04-28T08:00:07.555674Z"",""no_price_dollars"":""0.4700"",""taker_side"":""yes"",""ticker"":""KXBTC15M-26APR280415-15"",""trade_id"":""6eec7f15-730e-5a2a-74bf-46752cf62470"",""yes_price_dollars"":""0.5300""}"
KXBTC15M-26APR280415-15,3ccd1727-17f4-6856-fc5c-8fd727ee726d,1777363207,0.52,20.0,yes,"{""count_fp"":""20.00"",""created_time"":""2026-04-28T08:00:07.479203Z"",""no_price_dollars"":""0.4800"",""taker_side"":""yes"",""ticker"":""KXBTC15M-26APR280415-15"",""trade_id"":""3ccd1727-17f4-6856-fc5c-8fd727ee726d"",""yes_price_dollars"":""0.5200""}"
KXBTC15M-26APR280415-15,1924ea96-a790-6e33-d95a-0bffce220ca4,1777363207,0.51,2.0,yes,"{""count_fp"":""2.00"",""created_time"":""2026-04-28T08:00:07.479203Z"",""no_price_dollars"":""0.4900"",""taker_side"":""yes"",""ticker"":""KXBTC15M-26APR280415-15"",""trade_id"":""1924ea96-a790-6e33-d95a-0bffce220ca4"",""yes_price_dollars"":""0.5100""}"
KXBTC15M-26APR280415-15,0644d922-56f2-67aa-cc65-ce8567243954,1777363207,0.52,22.85,yes,"{""count_fp"":""22.85"",""created_time"":""2026-04-28T08:00:07.479203Z"",""no_price_dollars"":""0.4800"",""taker_side"":""yes"",""ticker"":""KXBTC15M-26APR280415-15"",""trade_id"":""0644d922-56f2-67aa-cc65-ce8567243954"",""yes_price_dollars"":""0.5200""}"
KXBTC15M-26APR280415-15,e4371724-fbaf-6a34-aa92-22a940387ca5,1777363207,0.5,17.44,no,"{""count_fp"":""17.44"",""created_time"":""2026-04-28T08:00:07.461668Z"",""no_price_dollars"":""0.5000"",""taker_side"":""no"",""ticker"":""KXBTC15M-26APR280415-15"",""trade_id"":""e4371724-fbaf-6a34-aa92-22a940387ca5"",""yes_price_dollars"":""0.5000""}"
KXBTC15M-26APR280415-15,67fcd7e3-afed-694f-8425-4cf920a131f5,1777363207,0.5,56.0,no,"{""count_fp"":""56.00"",""created_time"":""2026-04-28T08:00:07.461668Z"",""no_price_dollars"":""0.5000"",""taker_side"":""no"",""ticker"":""KXBTC15M-26APR280415-15"",""trade_id"":""67fcd7e3-afed-694f-8425-4cf920a131f5"",""yes_price_dollars"":""0.5000""}"
KXBTC15M-26APR280415-15,545f4934-9c61-6c8a-8c0c-3454514e51ab,1777363207,0.5,79.44,no,"{""count_fp"":""79.44"",""created_time"":""2026-04-28T08:00:07.461668Z"",""no_price_dollars"":""0.5000"",""taker_side"":""no"",""ticker"":""KXBTC15M-26APR280415-15"",""trade_id"":""545f4934-9c61-6c8a-8c0c-3454514e51ab"",""yes_price_dollars"":""0.5000""}"
KXBTC15M-26APR280415-15,0d71d35c-2019-48f6-228a-a2abfc64ec47,1777363207,0.5,19.32,no,"{""count_fp"":""19.32"",""created_time"":""2026-04-28T08:00:07.411788Z"",""no_price_dollars"":""0.5000"",""taker_side"":""no"",""ticker"":""KXBTC15M-26APR280415-15"",""trade_id"":""0d71d35c-2019-48f6-228a-a2abfc64ec47"",""yes_price_dollars"":""0.5000""}"
KXBTC15M-26APR280415-15,ae2ac44e-efe9-5412-76f2-1cb035994fb7,1777363207,0.5,3.0,no,"{""count_fp"":""3.00"",""created_time"":""2026-04-28T08:00:07.280715Z"",""no_price_dollars"":""0.5000"",""taker_side"":""no"",""ticker"":""KXBTC15M-26APR280415-15"",""trade_id"":""ae2ac44e-efe9-5412-76f2-1cb035994fb7"",""yes_price_dollars"":""0.5000""}"
KXBTC15M-26APR280415-15,baf9d485-f7c6-671e-ca59-0f75c7c21357,1777363207,0.5,2.0,no,"{""count_fp"":""2.00"",""created_time"":""2026-04-28T08:00:07.218914Z"",""no_price_dollars"":""0.5000"",""taker_side"":""no"",""ticker"":""KXBTC15M-26APR280415-15"",""trade_id"":""baf9d485-f7c6-671e-ca59-0f75c7c21357"",""yes_price_dollars"":""0.5000""}"
KXBTC15M-26APR280415-15,28fc6c63-d429-6096-ef47-e73360858be3,1777363207,0.5,48.24,no,"{""count_fp"":""48.24"",""created_time"":""2026-04-28T08:00:07.218914Z"",""no_price_dollars"":""0.5000"",""taker_side"":""no"",""ticker"":""KXBTC15M-26APR280415-15"",""trade_id"":""28fc6c63-d429-6096-ef47-e73360858be3"",""yes_price_dollars"":""0.5000""}"
KXBTC15M-26APR280415-15,726d13b0-a300-5053-2a47-e6f7a07a2fc6,1777363208,0.52,5.48,yes,"{""count_fp"":""5.48"",""created_time"":""2026-04-28T08:00:08.961629Z"",""no_price_dollars"":""0.4800"",""taker_side"":""yes"",""ticker"":""KXBTC15M-26APR280415-15"",""trade_id"":""726d13b0-a300-5053-2a47-e6f7a07a2fc6"",""yes_price_dollars"":""0.5200""}"
KXBTC15M-26APR280415-15,e324334e-4b87-58f5-fe3f-1082b6034afe,1777363208,0.53,9.0,yes,"{""count_fp"":""9.00"",""created_time"":""2026-04-28T08:00:08.047017Z"",""no_price_dollars"":""0.4700"",""taker_side"":""yes"",""ticker"":""KXBTC15M-26APR280415-15"",""trade_id"":""e324334e-4b87-58f5-fe3f-1082b6034afe"",""yes_price_dollars"":""0.5300""}"
KXBTC15M-26APR280415-15,c089b1cc-0262-5a62-e437-95a77a129ad4,1777363208,0.53,38.25,yes,"{""count_fp"":""38.25"",""created_time"":""2026-04-28T08:00:08.047017Z"",""no_price_dollars"":""0.4700"",""taker_side"":""yes"",""ticker"":""KXBTC15M-26APR280415-15"",""trade_id"":""c089b1cc-0262-5a62-e437-95a77a129ad4"",""yes_price_dollars"":""0.5300""}"
KXBTC15M-26APR280415-15,429c3dfc-e010-5e0d-dd53-9bb0de428ce7,1777363208,0.54,42.48,yes,"{""count_fp"":""42.48"",""created_time"":""2026-04-28T08:00:08.047017Z"",""no_price_dollars"":""0.4600"",""taker_side"":""yes"",""ticker"":""KXBTC15M-26APR280415-15"",""trade_id"":""429c3dfc-e010-5e0d-dd53-9bb0de428ce7"",""yes_price_dollars"":""0.5400""}"
KXBTC15M-26APR280415-15,c27ab3c6-959b-7db4-11bb-70e02a55788e,1777363209,0.51,2.83,no,"{""count_fp"":""2.83"",""created_time"":""2026-04-28T08:00:09.661473Z"",""no_price_dollars"":""0.4900"",""taker_side"":""no"",""ticker"":""KXBTC15M-26APR280415-15"",""trade_id"":""c27ab3c6-959b-7db4-11bb-70e02a55788e"",""yes_price_dollars"":""0.5100""}"
KXBTC15M-26APR280415-15,3e852487-5c35-70fa-0870-e1c91be304bc,1777363209,0.51,20.81,no,"{""count_fp"":""20.81"",""created_time"":""2026-04-28T08:00:09.661473Z"",""no_price_dollars"":""0.4900"",""taker_side"":""no"",""ticker"":""KXBTC15M-26APR280415-15"",""trade_id"":""3e852487-5c35-70fa-0870-e1c91be304bc"",""yes_price_dollars"":""0.5100""}"
KXBTC15M-26APR280415-15,05e589f1-2c2b-5b08-eed6-8c4890f1dcc6,1777363209,0.51,52.17,no,"{""count_fp"":""52.17"",""created_time"":""2026-04-28T08:00:09.194446Z"",""no_price_dollars"":""0.4900"",""taker_side"":""no"",""ticker"":""KXBTC15M-26APR280415-15"",""trade_id"":""05e589f1-2c2b-5b08-eed6-8c4890f1dcc6"",""yes_price_dollars"":""0.5100""}"
KXBTC15M-26APR280415-15,fe17ddb1-c09c-69dd-a9db-ee570d461d56,1777363209,0.56,30.0,yes,"{""count_fp"":""30.00"",""created_time"":""2026-04-28T08:00:09.082137Z"",""no_price_dollars"":""0.4400"",""taker_side"":""yes"",""ticker"":""KXBTC15M-26APR280415-15"",""trade_id"":""fe17ddb1-c09c-69dd-a9db-ee570d461d56"",""yes_price_dollars"":""0.5600""}"
KXBTC15M-26APR280415-15,f6506616-e30a-61fe-b677-b8bcc3d855f0,1777363209,0.59,96.68,yes,"{""count_fp"":""96.68"",""created_time"":""2026-04-28T08:00:09.082137Z"",""no_price_dollars"":""0.4100"",""taker_side"":""yes"",""ticker"":""KXBTC15M-26APR280415-15"",""trade_id"":""f6506616-e30a-61fe-b677-b8bcc3d855f0"",""yes_price_dollars"":""0.5900""}"
KXBTC15M-26APR280415-15,efb61cdd-56b8-6a41-871e-da1a9baafbce,1777363209,0.56,400.0,yes,"{""count_fp"":""400.00"",""created_time"":""2026-04-28T08:00:09.082137Z"",""no_price_dollars"":""0.4400"",""taker_side"":""yes"",""ticker"":""KXBTC15M-26APR280415-15"",""trade_id"":""efb61cdd-56b8-6a41-871e-da1a9baafbce"",""yes_price_dollars"":""0.5600""}"
KXBTC15M-26APR280415-15,ec814828-3b11-6e61-b1e9-af177ff87319,1777363209,0.55,30.0,yes,"{""count_fp"":""30.00"",""created_time"":""2026-04-28T08:00:09.082137Z"",""no_price_dollars"":""0.4500"",""taker_side"":""yes"",""ticker"":""KXBTC15M-26APR280415-15"",""trade_id"":""ec814828-3b11-6e61-b1e9-af177ff87319"",""yes_price_dollars"":""0.5500""}"
KXBTC15M-26APR280415-15,e1504841-b870-6f2c-8adf-f6e1bd4cc8a4,1777363209,0.54,5.0,yes,"{""count_fp"":""5.00"",""created_time"":""2026-04-28T08:00:09.082137Z"",""no_price_dollars"":""0.4600"",""taker_side"":""yes"",""ticker"":""KXBTC15M-26APR280415-15"",""trade_id"":""e1504841-b870-6f2c-8adf-f6e1bd4cc8a4"",""yes_price_dollars"":""0.5400""}"
KXBTC15M-26APR280415-15,c3d583da-286c-66a3-942d-20658f890b42,1777363209,0.58,1.0,yes,"{""count_fp"":""1.00"",""created_time"":""2026-04-28T08:00:09.082137Z"",""no_price_dollars"":""0.4200"",""taker_side"":""yes"",""ticker"":""KXBTC15M-26APR280415-15"",""trade_id"":""c3d583da-286c-66a3-942d-20658f890b42"",""yes_price_dollars"":""0.5800""}"
KXBTC15M-26APR280415-15,a6ce38d6-0df9-69f0-87aa-b330bcafeafc,1777363209,0.55,1.0,yes,"{""count_fp"":""1.00"",""created_time"":""2026-04-28T08:00:09.082137Z"",""no_price_dollars"":""0.4500"",""taker_side"":""yes"",""ticker"":""KXBTC15M-26APR280415-15"",""trade_id"":""a6ce38d6-0df9-69f0-87aa-b330bcafeafc"",""yes_price_dollars"":""0.5500""}"
KXBTC15M-26APR280415-15,9a7a2f75-c273-6788-b7ee-6b730213072f,1777363209,0.57,1.0,yes,"{""count_fp"":""1.00"",""created_time"":""2026-04-28T08:00:09.082137Z"",""no_price_dollars"":""0.4300"",""taker_side"":""yes"",""ticker"":""KXBTC15M-26APR280415-15"",""trade_id"":""9a7a2f75-c273-6788-b7ee-6b730213072f"",""yes_price_dollars"":""0.5700""}"
KXBTC15M-26APR280415-15,916ec913-c41d-6c81-a82b-212f19e1078a,1777363209,0.57,20.0,yes,"{""count_fp"":""20.00"",""created_time"":""2026-04-28T08:00:09.082137Z"",""no_price_dollars"":""0.4300"",""taker_side"":""yes"",""ticker"":""KXBTC15M-26APR280415-15"",""trade_id"":""916ec913-c41d-6c81-a82b-212f19e1078a"",""yes_price_dollars"":""0.5700""}"
KXBTC15M-26APR280415-15,8e950116-a07b-628c-874b-e2231eb2d3a3,1777363209,0.56,1.0,yes,"{""count_fp"":""1.00"",""created_time"":""2026-04-28T08:00:09.082137Z"",""no_price_dollars"":""0.4400"",""taker_side"":""yes"",""ticker"":""KXBTC15M-26APR280415-15"",""trade_id"":""8e950116-a07b-628c-874b-e2231eb2d3a3"",""yes_price_dollars"":""0.5600""}"
KXBTC15M-26APR280415-15,79772ef1-cec9-6329-b4e6-107185e2e245,1777363209,0.56,20.0,yes,"{""count_fp"":""20.00"",""created_time"":""2026-04-28T08:00:09.082137Z"",""no_price_dollars"":""0.4400"",""taker_side"":""yes"",""ticker"":""KXBTC15M-26APR280415-15"",""trade_id"":""79772ef1-cec9-6329-b4e6-107185e2e245"",""yes_price_dollars"":""0.5600""}"
KXBTC15M-26APR280415-15,5a51a91e-eea2-6fdf-9dba-e6761785759f,1777363209,0.57,30.0,yes,"{""count_fp"":""30.00"",""created_time"":""2026-04-28T08:00:09.082137Z"",""no_price_dollars"":""0.4300"",""taker_side"":""yes"",""ticker"":""KXBTC15M-26APR280415-15"",""trade_id"":""5a51a91e-eea2-6fdf-9dba-e6761785759f"",""yes_price_dollars"":""0.5700""}"
KXBTC15M-26APR280415-15,55ed82a8-d0b8-6509-a814-7186f20dfc03,1777363209,0.54,77.52,yes,"{""count_fp"":""77.52"",""created_time"":""2026-04-28T08:00:09.082137Z"",""no_price_dollars"":""0.4600"",""taker_side"":""yes"",""ticker"":""KXBTC15M-26APR280415-15"",""trade_id"":""55ed82a8-d0b8-6509-a814-7186f20dfc03"",""yes_price_dollars"":""0.5400""}"
KXBTC15M-26APR280415-15,53517c79-4bbe-63a1-bd73-179644e3857c,1777363209,0.53,10.0,yes,"{""count_fp"":""10.00"",""created_time"":""2026-04-28T08:00:09.082137Z"",""no_price_dollars"":""0.4700"",""taker_side"":""yes"",""ticker"":""KXBTC15M-26APR280415-15"",""trade_id"":""53517c79-4bbe-63a1-bd73-179644e3857c"",""yes_price_dollars"":""0.5300""}"
KXBTC15M-26APR280415-15,533a56ea-8ec6-6769-bd2c-38635cf7a20b,1777363209,0.54,10.0,yes,"{""count_fp"":""10.00"",""created_time"":""2026-04-28T08:00:09.082137Z"",""no_price_dollars"":""0.4600"",""taker_side"":""yes"",""ticker"":""KXBTC15M-26APR280415-15"",""trade_id"":""533a56ea-8ec6-6769-bd2c-38635cf7a20b"",""yes_price_dollars"":""0.5400""}"
KXBTC15M-26APR280415-15,4e9b5f27-4d0c-6be7-bfff-e9a6e9d9c95e,1777363209,0.52,13.41,yes,"{""count_fp"":""13.41"",""created_time"":""2026-04-28T08:00:09.082137Z"",""no_price_dollars"":""0.4800"",""taker_side"":""yes"",""ticker"":""KXBTC15M-26APR280415-15"",""trade_id"":""4e9b5f27-4d0c-6be7-bfff-e9a6e9d9c95e"",""yes_price_dollars"":""0.5200""}"
KXBTC15M-26APR280415-15,0af46ca1-d18b-6708-8ef8-16cae671a26f,1777363209,0.58,1.0,yes,"{""count_fp"":""1.00"",""created_time"":""2026-04-28T08:00:09.082137Z"",""no_price_dollars"":""0.4200"",""taker_side"":""yes"",""ticker"":""KXBTC15M-26APR280415-15"",""trade_id"":""0af46ca1-d18b-6708-8ef8-16cae671a26f"",""yes_price_dollars"":""0.5800""}"
KXBTC15M-26APR280415-15,aaf07437-a2d8-6f3f-a386-44ec2cf6ee62,1777363209,0.52,1.11,yes,"{""count_fp"":""1.11"",""created_time"":""2026-04-28T08:00:09.019983Z"",""no_price_dollars"":""0.4800"",""taker_side"":""yes"",""ticker"":""KXBTC15M-26APR280415-15"",""trade_id"":""aaf07437-a2d8-6f3f-a386-44ec2cf6ee62"",""yes_price_dollars"":""0.5200""}"
KXBTC15M-26APR280415-15,c2e7cef1-598e-64ec-6ba1-525979118343,1777363210,0.56,3.0,yes,"{""count_fp"":""3.00"",""created_time"":""2026-04-28T08:00:10.446674Z"",""no_price_dollars"":""0.4400"",""taker_side"":""yes"",""ticker"":""KXBTC15M-26APR280415-15"",""trade_id"":""c2e7cef1-598e-64ec-6ba1-525979118343"",""yes_price_dollars"":""0.5600""}"
KXBTC15M-26APR280415-15,7cfadd0d-3447-668d-7f06-4322e48a170d,1777363210,0.56,20.0,yes,"{""count_fp"":""20.00"",""created_time"":""2026-04-28T08:00:10.446674Z"",""no_price_dollars"":""0.4400"",""taker_side"":""yes"",""ticker"":""KXBTC15M-26APR280415-15"",""trade_id"":""7cfadd0d-3447-668d-7f06-4322e48a170d"",""yes_price_dollars"":""0.5600""}"
KXBTC15M-26APR280415-15,744252cb-bb9f-673c-4636-92a8d375f165,1777363210,0.55,1.0,yes,"{""count_fp"":""1.00"",""created_time"":""2026-04-28T08:00:10.446674Z"",""no_price_dollars"":""0.4500"",""taker_side"":""yes"",""ticker"":""KXBTC15M-26APR280415-15"",""trade_id"":""744252cb-bb9f-673c-4636-92a8d375f165"",""yes_price_dollars"":""0.5500""}"
KXBTC15M-26APR280415-15,29c15227-1ca6-64eb-77c2-56a6f3025207,1777363210,0.58,27.04,yes,"{""count_fp"":""27.04"",""created_time"":""2026-04-28T08:00:10.446674Z"",""no_price_dollars"":""0.4200"",""taker_side"":""yes"",""ticker"":""KXBTC15M-26APR280415-15"",""trade_id"":""29c15227-1ca6-64eb-77c2-56a6f3025207"",""yes_price_dollars"":""0.5800""}"
KXBTC15M-26APR280415-15,8a3c7c88-36cf-6e73-1aa6-f0c31d93aa2e,1777363210,0.54,3.0,yes,"{""count_fp"":""3.00"",""created_time"":""2026-04-28T08:00:10.283047Z"",""no_price_dollars"":""0.4600"",""taker_side"":""yes"",""ticker"":""KXBTC15M-26APR280415-15"",""trade_id"":""8a3c7c88-36cf-6e73-1aa6-f0c31d93aa2e"",""yes_price_dollars"":""0.5400""}"
KXBTC15M-26APR280415-15,b2c43e85-41f7-48df-9971-b6e9a717b9a1,1777363210,0.51,9.0,no,"{""count_fp"":""9.00"",""created_time"":""2026-04-28T08:00:10.237542Z"",""no_price_dollars"":""0.4900"",""taker_side"":""no"",""ticker"":""KXBTC15M-26APR280415-15"",""trade_id"":""b2c43e85-41f7-48df-9971-b6e9a717b9a1"",""yes_price_dollars"":""0.5100""}"
KXBTC15M-26APR280415-15,1d1f521b-d926-4b22-9117-43ce1ffce160,1777363210,0.52,3.0,no,"{""count_fp"":""3.00"",""created_time"":""2026-04-28T08:00:10.237542Z"",""no_price_dollars"":""0.4800"",""taker_side"":""no"",""ticker"":""KXBTC15M-26APR280415-15"",""trade_id"":""1d1f521b-d926-4b22-9117-43ce1ffce160"",""yes_price_dollars"":""0.5200""}"
KXBTC15M-26APR280415-15,e398e3b7-9b68-684b-f208-6a755e93c847,1777363211,0.57,5.0,no,"{""count_fp"":""5.00"",""created_time"":""2026-04-28T08:00:11.995041Z"",""no_price_dollars"":""0.4300"",""taker_side"":""no"",""ticker"":""KXBTC15M-26APR280415-15"",""trade_id"":""e398e3b7-9b68-684b-f208-6a755e93c847"",""yes_price_dollars"":""0.5700""}"
KXBTC15M-26APR280415-15,2e72673b-49f4-5ac5-10f5-273d373e3d8e,1777363211,0.57,20.0,no,"{""count_fp"":""20.00"",""created_time"":""2026-04-28T08:00:11.322309Z"",""no_price_dollars"":""0.4300"",""taker_side"":""no"",""ticker"":""KXBTC15M-26APR280415-15"",""trade_id"":""2e72673b-49f4-5ac5-10f5-273d373e3d8e"",""yes_price_dollars"":""0.5700""}"
KXBTC15M-26APR280415-15,dcc57aaf-3547-4144-4fed-552d5280cecf,1777363212,0.59,5.0,yes,"{""count_fp"":""5.00"",""created_time"":""2026-04-28T08:00:12.324929Z"",""no_price_dollars"":""0.4100"",""taker_side"":""yes"",""ticker"":""KXBTC15M-26APR280415-15"",""trade_id"":""dcc57aaf-3547-4144-4fed-552d5280cecf"",""yes_price_dollars"":""0.5900""}"
KXBTC15M-26APR280415-15,d5fb5c62-658a-4746-7004-24e130bca7c5,1777363212,0.6,1.66,yes,"{""count_fp"":""1.66"",""created_time"":""2026-04-28T08:00:12.324929Z"",""no_price_dollars"":""0.4000"",""taker_side"":""yes"",""ticker"":""KXBTC15M-26APR280415-15"",""trade_id"":""d5fb5c62-658a-4746-7004-24e130bca7c5"",""yes_price_dollars"":""0.6000""}"
KXBTC15M-26APR280415-15,bb6175f6-e906-4ec7-6924-68eb61cfbd01,1777363212,0.58,10.0,yes,"{""count_fp"":""10.00"",""created_time"":""2026-04-28T08:00:12.324929Z"",""no_price_dollars"":""0.4200"",""taker_side"":""yes"",""ticker"":""KXBTC15M-26APR280415-15"",""trade_id"":""bb6175f6-e906-4ec7-6924-68eb61cfbd01"",""yes_price_dollars"":""0.5800""}"
KXBTC15M-26APR280415-15,92bbc36a-c4e2-46d8-7911-af7831733cf5,1777363212,0.59,5.0,yes,"{""count_fp"":""5.00"",""created_time"":""2026-04-28T08:00:12.324929Z"",""no_price_dollars"":""0.4100"",""taker_side"":""yes"",""ticker"":""KXBTC15M-26APR280415-15"",""trade_id"":""92bbc36a-c4e2-46d8-7911-af7831733cf5"",""yes_price_dollars"":""0.5900""}"
KXBTC15M-26APR280415-15,89063f47-08ce-467a-7124-07979ce79144,1777363212,0.59,22.32,yes,"{""count_fp"":""22.32"",""created_time"":""2026-04-28T08:00:12.324929Z"",""no_price_dollars"":""0.4100"",""taker_side"":""yes"",""ticker"":""KXBTC15M-26APR280415-15"",""trade_id"":""89063f47-08ce-467a-7124-07979ce79144"",""yes_price_dollars"":""0.5900""}"
KXBTC15M-26APR280415-15,742f91d1-9fd5-48e0-4bc8-baab57a969c6,1777363212,0.59,56.0,yes,"{""count_fp"":""56.00"",""created_time"":""2026-04-28T08:00:12.324929Z"",""no_price_dollars"":""0.4100"",""taker_side"":""yes"",""ticker"":""KXBTC15M-26APR280415-15"",""trade_id"":""742f91d1-9fd5-48e0-4bc8-baab57a969c6"",""yes_price_dollars"":""0.5900""}"
KXBTC15M-26APR280415-15,36e87f73-8cae-4fab-4704-27f6e6a9afaf,1777363212,0.58,47.96,yes,"{""count_fp"":""47.96"",""created_time"":""2026-04-28T08:00:12.324929Z"",""no_price_dollars"":""0.4200"",""taker_side"":""yes"",""ticker"":""KXBTC15M-26APR280415-15"",""trade_id"":""36e87f73-8cae-4fab-4704-27f6e6a9afaf"",""yes_price_dollars"":""0.5800""}"
KXBTC15M-26APR280415-15,1d9fb190-3b0c-58e7-d26f-3b4d79a8f867,1777363212,0.57,329.58,no,"{""count_fp"":""329.58"",""created_time"":""2026-04-28T08:00:12.157587Z"",""no_price_dollars"":""0.4300"",""taker_side"":""no"",""ticker"":""KXBTC15M-26APR280415-15"",""trade_id"":""1d9fb190-3b0c-58e7-d26f-3b4d79a8f867"",""yes_price_dollars"":""0.5700""}"
KXBTC15M-26APR280415-15,c1da02f2-2f34-7747-98e2-5f41058ec6cf,1777363212,0.57,60.0,no,"{""count_fp"":""60.00"",""created_time"":""2026-04-28T08:00:12.094639Z"",""no_price_dollars"":""0.4300"",""taker_side"":""no"",""ticker"":""KXBTC15M-26APR280415-15"",""trade_id"":""c1da02f2-2f34-7747-98e2-5f41058ec6cf"",""yes_price_dollars"":""0.5700""}"
KXBTC15M-26APR280415-15,6e351b14-2125-4c40-ff3f-d32c6b9bfc08,1777363213,0.59,1.64,yes,"{""count_fp"":""1.64"",""created_time"":""2026-04-28T08:00:13.863272Z"",""no_price_dollars"":""0.4100"",""taker_side"":""yes"",""ticker"":""KXBTC15M-26APR280415-15"",""trade_id"":""6e351b14-2125-4c40-ff3f-d32c6b9bfc08"",""yes_price_dollars"":""0.5900""}"
KXBTC15M-26APR280415-15,a623b81d-0f0e-4512-900b-3d05f06ff1fd,1777363214,0.6,16.21,yes,"{""count_fp"":""16.21"",""created_time"":""2026-04-28T08:00:14.748618Z"",""no_price_dollars"":""0.4000"",""taker_side"":""yes"",""ticker"":""KXBTC15M-26APR280415-15"",""trade_id"":""a623b81d-0f0e-4512-900b-3d05f06ff1fd"",""yes_price_dollars"":""0.6000""}"
KXBTC15M-26APR280415-15,c0098ae7-5598-5ea7-dbe0-bd2d4fc4d033,1777363214,0.57,186.0,no,"{""count_fp"":""186.00"",""created_time"":""2026-04-28T08:00:14.717792Z"",""no_price_dollars"":""0.4300"",""taker_side"":""no"",""ticker"":""KXBTC15M-26APR280415-15"",""trade_id"":""c0098ae7-5598-5ea7-dbe0-bd2d4fc4d033"",""yes_price_dollars"":""0.5700""}"
KXBTC15M-26APR280415-15,227db56c-d466-5802-d8a9-2a5c43fb3da0,1777363214,0.58,14.0,no,"{""count_fp"":""14.00"",""created_time"":""2026-04-28T08:00:14.717792Z"",""no_price_dollars"":""0.4200"",""taker_side"":""no"",""ticker"":""KXBTC15M-26APR280415-15"",""trade_id"":""227db56c-d466-5802-d8a9-2a5c43fb3da0"",""yes_price_dollars"":""0.5800""}"
KXBTC15M-26APR280415-15,fe8992f4-b3e2-67be-dafc-d5f85df4edcd,1777363214,0.6,13.21,yes,"{""count_fp"":""13.21"",""created_time"":""2026-04-28T08:00:14.651627Z"",""no_price_dollars"":""0.4000"",""taker_side"":""yes"",""ticker"":""KXBTC15M-26APR280415-15"",""trade_id"":""fe8992f4-b3e2-67be-dafc-d5f85df4edcd"",""yes_price_dollars"":""0.6000""}"
KXBTC15M-26APR280415-15,ea090411-cf2f-65cd-e495-f7642f19be97,1777363214,0.59,3.0,yes,"{""count_fp"":""3.00"",""created_time"":""2026-04-28T08:00:14.651627Z"",""no_price_dollars"":""0.4100"",""taker_side"":""yes"",""ticker"":""KXBTC15M-26APR280415-15"",""trade_id"":""ea090411-cf2f-65cd-e495-f7642f19be97"",""yes_price_dollars"":""0.5900""}"
KXBTC15M-26APR280415-15,9f88a876-ec0e-78be-2bf5-09945c213bb4,1777363214,0.58,3.0,no,"{""count_fp"":""3.00"",""created_time"":""2026-04-28T08:00:14.486906Z"",""no_price_dollars"":""0.4200"",""taker_side"":""no"",""ticker"":""KXBTC15M-26APR280415-15"",""trade_id"":""9f88a876-ec0e-78be-2bf5-09945c213bb4"",""yes_price_dollars"":""0.5800""}"
KXBTC15M-26APR280415-15,fe79adda-e3d2-5c52-7777-6958fbffd36d,1777363214,0.6,78.09,yes,"{""count_fp"":""78.09"",""created_time"":""2026-04-28T08:00:14.430403Z"",""no_price_dollars"":""0.4000"",""taker_side"":""yes"",""ticker"":""KXBTC15M-26APR280415-15"",""trade_id"":""fe79adda-e3d2-5c52-7777-6958fbffd36d"",""yes_price_dollars"":""0.6000""}"
KXBTC15M-26APR280415-15,a0ada633-64d1-56da-65c8-ff98b08b3951,1777363214,0.59,3.0,yes,"{""count_fp"":""3.00"",""created_time"":""2026-04-28T08:00:14.430403Z"",""no_price_dollars"":""0.4100"",""taker_side"":""yes"",""ticker"":""KXBTC15M-26APR280415-15"",""trade_id"":""a0ada633-64d1-56da-65c8-ff98b08b3951"",""yes_price_dollars"":""0.5900""}"
KXBTC15M-26APR280415-15,26493693-ed4a-6a42-a39b-10104e2a797b,1777363215,0.52,1.61,yes,"{""count_fp"":""1.61"",""created_time"":""2026-04-28T08:00:15.883608Z"",""no_price_dollars"":""0.4800"",""taker_side"":""yes"",""ticker"":""KXBTC15M-26APR280415-15"",""trade_id"":""26493693-ed4a-6a42-a39b-10104e2a797b"",""yes_price_dollars"":""0.5200""}"
KXBTC15M-26APR280415-15,8f192353-c7f8-5875-b62b-ec504263b7bc,1777363215,0.55,20.0,no,"{""count_fp"":""20.00"",""created_time"":""2026-04-28T08:00:15.348097Z"",""no_price_dollars"":""0.4500"",""taker_side"":""no"",""ticker"":""KXBTC15M-26APR280415-15"",""trade_id"":""8f192353-c7f8-5875-b62b-ec504263b7bc"",""yes_price_dollars"":""0.5500""}"
KXBTC15M-26APR280415-15,348ea8e5-f94a-6cc9-d5f4-fa24926df9ec,1777363215,0.57,3.0,no,"{""count_fp"":""3.00"",""created_time"":""2026-04-28T08:00:15.262721Z"",""no_price_dollars"":""0.4300"",""taker_side"":""no"",""ticker"":""KXBTC15M-26APR280415-15"",""trade_id"":""348ea8e5-f94a-6cc9-d5f4-fa24926df9ec"",""yes_price_dollars"":""0.5700""}"
KXBTC15M-26APR280415-15,2e9a50de-88aa-69c6-7212-055aa497d0b3,1777363216,0.52,83.31,yes,"{""count_fp"":""83.31"",""created_time"":""2026-04-28T08:00:16.806171Z"",""no_price_dollars"":""0.4800"",""taker_side"":""yes"",""ticker"":""KXBTC15M-26APR280415-15"",""trade_id"":""2e9a50de-88aa-69c6-7212-055aa497d0b3"",""yes_price_dollars"":""0.5200""}"
KXBTC15M-26APR280415-15,854cc4e4-c91a-4676-cf1c-a2051f155877,1777363216,0.52,16.21,yes,"{""count_fp"":""16.21"",""created_time"":""2026-04-28T08:00:16.545111Z"",""no_price_dollars"":""0.4800"",""taker_side"":""yes"",""ticker"":""KXBTC15M-26APR280415-15"",""trade_id"":""854cc4e4-c91a-4676-cf1c-a2051f155877"",""yes_price_dollars"":""0.5200""}"
KXBTC15M-26APR280415-15,9ed4b373-0316-777e-1b87-c4d83967ad93,1777363216,0.52,4.0,yes,"{""count_fp"":""4.00"",""created_time"":""2026-04-28T08:00:16.335834Z"",""no_price_dollars"":""0.4800"",""taker_side"":""yes"",""ticker"":""KXBTC15M-26APR280415-15"",""trade_id"":""9ed4b373-0316-777e-1b87-c4d83967ad93"",""yes_price_dollars"":""0.5200""}"
KXBTC15M-26APR280415-15,e156d73f-abce-47a6-6f86-ae5a89533873,1777363216,0.52,30.14,yes,"{""count_fp"":""30.14"",""created_time"":""2026-04-28T08:00:16.203966Z"",""no_price_dollars"":""0.4800"",""taker_side"":""yes"",""ticker"":""KXBTC15M-26APR280415-15"",""trade_id"":""e156d73f-abce-47a6-6f86-ae5a89533873"",""yes_price_dollars"":""0.5200""}"
KXBTC15M-26APR280415-15,b67ffb28-e8ca-6ae2-b632-d8fd8aa767ff,1777363216,0.52,7.08,yes,"{""count_fp"":""7.08"",""created_time"":""2026-04-28T08:00:16.008427Z"",""no_price_dollars"":""0.4800"",""taker_side"":""yes"",""ticker"":""KXBTC15M-26APR280415-15"",""trade_id"":""b67ffb28-e8ca-6ae2-b632-d8fd8aa767ff"",""yes_price_dollars"":""0.5200""}"
KXBTC15M-26APR280415-15,e01d2802-e626-61d9-8d1e-ec13a43e0b10,1777363217,0.48,90.02,yes,"{""count_fp"":""90.02"",""created_time"":""2026-04-28T08:00:17.447287Z"",""no_price_dollars"":""0.5200"",""taker_side"":""yes"",""ticker"":""KXBTC15M-26APR280415-15"",""trade_id"":""e01d2802-e626-61d9-8d1e-ec13a43e0b10"",""yes_price_dollars"":""0.4800""}"
KXBTC15M-26APR280415-15,01dffc68-b373-6f62-9434-60f9d1296907,1777363217,0.47,3.0,yes,"{""count_fp"":""3.00"",""created_time"":""2026-04-28T08:00:17.447287Z"",""no_price_dollars"":""0.5300"",""taker_side"":""yes"",""ticker"":""KXBTC15M-26APR280415-15"",""trade_id"":""01dffc68-b373-6f62-9434-60f9d1296907"",""yes_price_dollars"":""0.4700""}"
KXBTC15M-26APR280415-15,c4c649f8-d55e-6730-00c6-4376cbcd7182,1777363217,0.49,5.0,no,"{""count_fp"":""5.00"",""created_time"":""2026-04-28T08:00:17.332519Z"",""no_price_dollars"":""0.5100"",""taker_side"":""no"",""ticker"":""KXBTC15M-26APR280415-15"",""trade_id"":""c4c649f8-d55e-6730-00c6-4376cbcd7182"",""yes_price_dollars"":""0.4900""}"
KXBTC15M-26APR280415-15,41cfe1b1-d9b4-53ff-2d80-434b596d8af7,1777363217,0.5,1.0,no,"{""count_fp"":""1.00"",""created_time"":""2026-04-28T08:00:17.328127Z"",""no_price_dollars"":""0.5000"",""taker_side"":""no"",""ticker"":""KXBTC15M-26APR280415-15"",""trade_id"":""41cfe1b1-d9b4-53ff-2d80-434b596d8af7"",""yes_price_dollars"":""0.5000""}"
KXBTC15M-26APR280415-15,f9ef0fff-04b3-5508-b68c-9c193ff258a7,1777363217,0.51,5.0,no,"{""count_fp"":""5.00"",""created_time"":""2026-04-28T08:00:17.285819Z"",""no_price_dollars"":""0.4900"",""taker_side"":""no"",""ticker"":""KXBTC15M-26APR280415-15"",""trade_id"":""f9ef0fff-04b3-5508-b68c-9c193ff258a7"",""yes_price_dollars"":""0.5100""}"
KXBTC15M-26APR280415-15,37f979d0-18d7-53a1-9c0b-dabd98bcb252,1777363217,0.51,20.0,no,"{""count_fp"":""20.00"",""created_time"":""2026-04-28T08:00:17.285819Z"",""no_price_dollars"":""0.4900"",""taker_side"":""no"",""ticker"":""KXBTC15M-26APR280415-15"",""trade_id"":""37f979d0-18d7-53a1-9c0b-dabd98bcb252"",""yes_price_dollars"":""0.5100""}"
KXBTC15M-26APR280415-15,0f389f92-7e3b-781d-e8b5-ca1ddeec5533,1777363218,0.47,5.0,yes,"{""count_fp"":""5.00"",""created_time"":""2026-04-28T08:00:18.276032Z"",""no_price_dollars"":""0.5300"",""taker_side"":""yes"",""ticker"":""KXBTC15M-26APR280415-15"",""trade_id"":""0f389f92-7e3b-781d-e8b5-ca1ddeec5533"",""yes_price_dollars"":""0.4700""}"
KXBTC15M-26APR280415-15,82588578-79d8-59dd-d10d-75f2960c46fe,1777363219,0.48,1.96,yes,"{""count_fp"":""1.96"",""created_time"":""2026-04-28T08:00:19.611329Z"",""no_price_dollars"":""0.5200"",""taker_side"":""yes"",""ticker"":""KXBTC15M-26APR280415-15"",""trade_id"":""82588578-79d8-59dd-d10d-75f2960c46fe"",""yes_price_dollars"":""0.4800""}"
KXBTC15M-26APR280415-15,ccb5eca2-93dc-42f1-c278-9c59fcbcfcea,1777363219,0.48,1.0,yes,"{""count_fp"":""1.00"",""created_time"":""2026-04-28T08:00:19.440882Z"",""no_price_dollars"":""0.5200"",""taker_side"":""yes"",""ticker"":""KXBTC15M-26APR280415-15"",""trade_id"":""ccb5eca2-93dc-42f1-c278-9c59fcbcfcea"",""yes_price_dollars"":""0.4800""}"
KXBTC15M-26APR280415-15,806edc3d-5124-6375-226c-767c73b1282e,1777363219,0.48,27.5,yes,"{""count_fp"":""27.50"",""created_time"":""2026-04-28T08:00:19.060614Z"",""no_price_dollars"":""0.5200"",""taker_side"":""yes"",""ticker"":""KXBTC15M-26APR280415-15"",""trade_id"":""806edc3d-5124-6375-226c-767c73b1282e"",""yes_price_dollars"":""0.4800""}"
KXBTC15M-26APR280415-15,2d63dd0a-61b2-6ac2-3b3d-03ac58597893,1777363219,0.48,10.0,yes,"{""count_fp"":""10.00"",""created_time"":""2026-04-28T08:00:19.060614Z"",""no_price_dollars"":""0.5200"",""taker_side"":""yes"",""ticker"":""KXBTC15M-26APR280415-15"",""trade_id"":""2d63dd0a-61b2-6ac2-3b3d-03ac58597893"",""yes_price_dollars"":""0.4800""}"
KXBTC15M-26APR280415-15,26469508-a459-74da-ef03-babd658e1a05,1777363220,0.47,1.0,yes,"{""count_fp"":""1.00"",""created_time"":""2026-04-28T08:00:20.946908Z"",""no_price_dollars"":""0.5300"",""taker_side"":""yes"",""ticker"":""KXBTC15M-26APR280415-15"",""trade_id"":""26469508-a459-74da-ef03-babd658e1a05"",""yes_price_dollars"":""0.4700""}"
KXBTC15M-26APR280415-15,f05f3bf0-3193-6e74-a1a0-80444e1e1b58,1777363220,0.46,40.0,no,"{""count_fp"":""40.00"",""created_time"":""2026-04-28T08:00:20.460588Z"",""no_price_dollars"":""0.5400"",""taker_side"":""no"",""ticker"":""KXBTC15M-26APR280415-15"",""trade_id"":""f05f3bf0-3193-6e74-a1a0-80444e1e1b58"",""yes_price_dollars"":""0.4600""}"
KXBTC15M-26APR280415-15,a6f02e9e-62bf-60cd-a80a-dfd261f0461c,1777363220,0.46,1.0,no,"{""count_fp"":""1.00"",""created_time"":""2026-04-28T08:00:20.460588Z"",""no_price_dollars"":""0.5400"",""taker_side"":""no"",""ticker"":""KXBTC15M-26APR280415-15"",""trade_id"":""a6f02e9e-62bf-60cd-a80a-dfd261f0461c"",""yes_price_dollars"":""0.4600""}"
KXBTC15M-26APR280415-15,3f1a859b-53fe-7d83-8e70-2f329291cccc,1777363220,0.47,16.41,yes,"{""count_fp"":""16.41"",""created_time"":""2026-04-28T08:00:20.361044Z"",""no_price_dollars"":""0.5300"",""taker_side"":""yes"",""ticker"":""KXBTC15M-26APR280415-15"",""trade_id"":""3f1a859b-53fe-7d83-8e70-2f329291cccc"",""yes_price_dollars"":""0.4700""}"
KXBTC15M-26APR280415-15,fc0a8c72-6799-7362-6023-17b4dabe6136,1777363220,0.47,20.0,no,"{""count_fp"":""20.00"",""created_time"":""2026-04-28T08:00:20.145069Z"",""no_price_dollars"":""0.5300"",""taker_side"":""no"",""ticker"":""KXBTC15M-26APR280415-15"",""trade_id"":""fc0a8c72-6799-7362-6023-17b4dabe6136"",""yes_price_dollars"":""0.4700""}"
KXBTC15M-26APR280415-15,d24b2246-3072-7ca9-7f19-8c29a3f47023,1777363220,0.47,32.0,no,"{""count_fp"":""32.00"",""created_time"":""2026-04-28T08:00:20.145069Z"",""no_price_dollars"":""0.5300"",""taker_side"":""no"",""ticker"":""KXBTC15M-26APR280415-15"",""trade_id"":""d24b2246-3072-7ca9-7f19-8c29a3f47023"",""yes_price_dollars"":""0.4700""}"
KXBTC15M-26APR280415-15,371afde6-710e-66f9-da45-d1723499b613,1777363220,0.47,8.0,no,"{""count_fp"":""8.00"",""created_time"":""2026-04-28T08:00:20.043361Z"",""no_price_dollars"":""0.5300"",""taker_side"":""no"",""ticker"":""KXBTC15M-26APR280415-15"",""trade_id"":""371afde6-710e-66f9-da45-d1723499b613"",""yes_price_dollars"":""0.4700""}"
KXBTC15M-26APR280415-15,de922313-eb64-49ec-f512-0c495179485a,1777363221,0.44,10.0,no,"{""count_fp"":""10.00"",""created_time"":""2026-04-28T08:00:21.612996Z"",""no_price_dollars"":""0.5600"",""taker_side"":""no"",""ticker"":""KXBTC15M-26APR280415-15"",""trade_id"":""de922313-eb64-49ec-f512-0c495179485a"",""yes_price_dollars"":""0.4400""}"
KXBTC15M-26APR280415-15,76cf6a45-158b-4eac-e971-8339c1d26376,1777363221,0.44,3.0,no,"{""count_fp"":""3.00"",""created_time"":""2026-04-28T08:00:21.612996Z"",""no_price_dollars"":""0.5600"",""taker_side"":""no"",""ticker"":""KXBTC15M-26APR280415-15"",""trade_id"":""76cf6a45-158b-4eac-e971-8339c1d26376"",""yes_price_dollars"":""0.4400""}"
KXBTC15M-26APR280415-15,0039e0ae-9827-4ebb-d05a-66d149334e52,1777363221,0.44,12.0,no,"{""count_fp"":""12.00"",""created_time"":""2026-04-28T08:00:21.612996Z"",""no_price_dollars"":""0.5600"",""taker_side"":""no"",""ticker"":""KXBTC15M-26APR280415-15"",""trade_id"":""0039e0ae-9827-4ebb-d05a-66d149334e52"",""yes_price_dollars"":""0.4400""}"
KXBTC15M-26APR280415-15,fccf0817-8a47-68dd-bac4-c4fb5b892f54,1777363221,0.45,20.0,no,"{""count_fp"":""20.00"",""created_time"":""2026-04-28T08:00:21.603246Z"",""no_price_dollars"":""0.5500"",""taker_side"":""no"",""ticker"":""KXBTC15M-26APR280415-15"",""trade_id"":""fccf0817-8a47-68dd-bac4-c4fb5b892f54"",""yes_price_dollars"":""0.4500""}"
KXBTC15M-26APR280415-15,edef807d-620c-56c2-0412-4cb40580965b,1777363221,0.46,30.15,yes,"{""count_fp"":""30.15"",""created_time"":""2026-04-28T08:00:21.532168Z"",""no_price_dollars"":""0.5400"",""taker_side"":""yes"",""ticker"":""KXBTC15M-26APR280415-15"",""trade_id"":""edef807d-620c-56c2-0412-4cb40580965b"",""yes_price_dollars"":""0.4600""}"
KXBTC15M-26APR280415-15,eefa43e9-9f2c-6bb5-01eb-f68c0e2d418c,1777363221,0.44,3.0,no,"{""count_fp"":""3.00"",""created_time"":""2026-04-28T08:00:21.187324Z"",""no_price_dollars"":""0.5600"",""taker_side"":""no"",""ticker"":""KXBTC15M-26APR280415-15"",""trade_id"":""eefa43e9-9f2c-6bb5-01eb-f68c0e2d418c"",""yes_price_dollars"":""0.4400""}"
KXBTC15M-26APR280415-15,bbae3cc7-7538-6927-1b82-9e72919166fe,1777363221,0.45,40.0,no,"{""count_fp"":""40.00"",""created_time"":""2026-04-28T08:00:21.187324Z"",""no_price_dollars"":""0.5500"",""taker_side"":""no"",""ticker"":""KXBTC15M-26APR280415-15"",""trade_id"":""bbae3cc7-7538-6927-1b82-9e72919166fe"",""yes_price_dollars"":""0.4500""}"
KXBTC15M-26APR280415-15,a590cfd0-a4fc-65e0-0a8b-f3822f7686c7,1777363221,0.46,40.0,no,"{""count_fp"":""40.00"",""created_time"":""2026-04-28T08:00:21.187324Z"",""no_price_dollars"":""0.5400"",""taker_side"":""no"",""ticker"":""KXBTC15M-26APR280415-15"",""trade_id"":""a590cfd0-a4fc-65e0-0a8b-f3822f7686c7"",""yes_price_dollars"":""0.4600""}"
KXBTC15M-26APR280415-15,82c5ce21-e8fc-6a9b-0d67-4c7872365ba7,1777363221,0.46,20.0,no,"{""count_fp"":""20.00"",""created_time"":""2026-04-28T08:00:21.187324Z"",""no_price_dollars"":""0.5400"",""taker_side"":""no"",""ticker"":""KXBTC15M-26APR280415-15"",""trade_id"":""82c5ce21-e8fc-6a9b-0d67-4c7872365ba7"",""yes_price_dollars"":""0.4600""}"
KXBTC15M-26APR280415-15,6d8e7759-0aba-6668-1ecd-7b3a9627f061,1777363221,0.44,1.0,no,"{""count_fp"":""1.00"",""created_time"":""2026-04-28T08:00:21.187324Z"",""no_price_dollars"":""0.5600"",""taker_side"":""no"",""ticker"":""KXBTC15M-26APR280415-15"",""trade_id"":""6d8e7759-0aba-6668-1ecd-7b3a9627f061"",""yes_price_dollars"":""0.4400""}"
KXBTC15M-26APR280415-15,6a694460-3520-660d-1bb4-24c2d1855771,1777363221,0.44,25.74,no,"{""count_fp"":""25.74"",""created_time"":""2026-04-28T08:00:21.187324Z"",""no_price_dollars"":""0.5600"",""taker_side"":""no"",""ticker"":""KXBTC15M-26APR280415-15"",""trade_id"":""6a694460-3520-660d-1bb4-24c2d1855771"",""yes_price_dollars"":""0.4400""}"
KXBTC15M-26APR280415-15,60388477-d2e4-693e-3935-7eb60fbd0d2c,1777363221,0.45,400.0,no,"{""count_fp"":""400.00"",""created_time"":""2026-04-28T08:00:21.187324Z"",""no_price_dollars"":""0.5500"",""taker_side"":""no"",""ticker"":""KXBTC15M-26APR280415-15"",""trade_id"":""60388477-d2e4-693e-3935-7eb60fbd0d2c"",""yes_price_dollars"":""0.4500""}"
KXBTC15M-26APR280415-15,3a22575e-188b-6951-33b2-f511aeb13e06,1777363221,0.45,1.0,no,"{""count_fp"":""1.00"",""created_time"":""2026-04-28T08:00:21.187324Z"",""no_price_dollars"":""0.5500"",""taker_side"":""no"",""ticker"":""KXBTC15M-26APR280415-15"",""trade_id"":""3a22575e-188b-6951-33b2-f511aeb13e06"",""yes_price_dollars"":""0.4500""}"
KXBTC15M-26APR280415-15,02656367-182b-6953-30eb-c05eb5b947c1,1777363221,0.44,40.0,no,"{""count_fp"":""40.00"",""created_time"":""2026-04-28T08:00:21.187324Z"",""no_price_dollars"":""0.5600"",""taker_side"":""no"",""ticker"":""KXBTC15M-26APR280415-15"",""trade_id"":""02656367-182b-6953-30eb-c05eb5b947c1"",""yes_price_dollars"":""0.4400""}"
KXBTC15M-26APR280415-15,c99948c4-b556-57e1-52e5-acc76a709803,1777363223,0.45,3.0,yes,"{""count_fp"":""3.00"",""created_time"":""2026-04-28T08:00:23.862847Z"",""no_price_dollars"":""0.5500"",""taker_side"":""yes"",""ticker"":""KXBTC15M-26APR280415-15"",""trade_id"":""c99948c4-b556-57e1-52e5-acc76a709803"",""yes_price_dollars"":""0.4500""}"
KXBTC15M-26APR280415-15,85a9d831-6834-5e66-5580-8de415467ffd,1777363223,0.45,1.0,yes,"{""count_fp"":""1.00"",""created_time"":""2026-04-28T08:00:23.862847Z"",""no_price_dollars"":""0.5500"",""taker_side"":""yes"",""ticker"":""KXBTC15M-26APR280415-15"",""trade_id"":""85a9d831-6834-5e66-5580-8de415467ffd"",""yes_price_dollars"":""0.4500""}"
KXBTC15M-26APR280415-15,1672bab7-b2e2-50a6-5fe6-666a1fe5c2a0,1777363223,0.45,1.0,yes,"{""count_fp"":""1.00"",""created_time"":""2026-04-28T08:00:23.862847Z"",""no_price_dollars"":""0.5500"",""taker_side"":""yes"",""ticker"":""KXBTC15M-26APR280415-15"",""trade_id"":""1672bab7-b2e2-50a6-5fe6-666a1fe5c2a0"",""yes_price_dollars"":""0.4500""}"
KXBTC15M-26APR280415-15,096a8a54-452d-5236-724b-17bef9e83d81,1777363223,0.45,15.16,yes,"{""count_fp"":""15.16"",""created_time"":""2026-04-28T08:00:23.862847Z"",""no_price_dollars"":""0.5500"",""taker_side"":""yes"",""ticker"":""KXBTC15M-26APR280415-15"",""trade_id"":""096a8a54-452d-5236-724b-17bef9e83d81"",""yes_price_dollars"":""0.4500""}"
KXBTC15M-26APR280415-15,03c468d8-0c84-5e3f-4d47-14e821322d97,1777363223,0.45,20.34,yes,"{""count_fp"":""20.34"",""created_time"":""2026-04-28T08:00:23.862847Z"",""no_price_dollars"":""0.5500"",""taker_side"":""yes"",""ticker"":""KXBTC15M-26APR280415-15"",""trade_id"":""03c468d8-0c84-5e3f-4d47-14e821322d97"",""yes_price_dollars"":""0.4500""}"
KXBTC15M-26APR280415-15,d743180d-f502-61c9-799c-b9b56c642fa0,1777363223,0.44,12.0,yes,"{""count_fp"":""12.00"",""created_time"":""2026-04-28T08:00:23.418107Z"",""no_price_dollars"":""0.5600"",""taker_side"":""yes"",""ticker"":""KXBTC15M-26APR280415-15"",""trade_id"":""d743180d-f502-61c9-799c-b9b56c642fa0"",""yes_price_dollars"":""0.4400""}"
KXBTC15M-26APR280415-15,5e005d0d-c63c-667d-56a2-90a560d99e4c,1777363223,0.45,40.0,yes,"{""count_fp"":""40.00"",""created_time"":""2026-04-28T08:00:23.418107Z"",""no_price_dollars"":""0.5500"",""taker_side"":""yes"",""ticker"":""KXBTC15M-26APR280415-15"",""trade_id"":""5e005d0d-c63c-667d-56a2-90a560d99e4c"",""yes_price_dollars"":""0.4500""}"
KXBTC15M-26APR280415-15,3d92c61f-74f7-6a4f-4ed0-9801958969ba,1777363223,0.44,20.0,yes,"{""count_fp"":""20.00"",""created_time"":""2026-04-28T08:00:23.418107Z"",""no_price_dollars"":""0.5600"",""taker_side"":""yes"",""ticker"":""KXBTC15M-26APR280415-15"",""trade_id"":""3d92c61f-74f7-6a4f-4ed0-9801958969ba"",""yes_price_dollars"":""0.4400""}"
KXBTC15M-26APR280415-15,07134dad-7e78-6f17-53a9-61aec5fc596f,1777363223,0.45,35.66,yes,"{""count_fp"":""35.66"",""created_time"":""2026-04-28T08:00:23.418107Z"",""no_price_dollars"":""0.5500"",""taker_side"":""yes"",""ticker"":""KXBTC15M-26APR280415-15"",""trade_id"":""07134dad-7e78-6f17-53a9-61aec5fc596f"",""yes_price_dollars"":""0.4500""}"
KXBTC15M-26APR280415-15,3a2fff6a-ec9c-416c-549e-a8f3b88a3f30,1777363224,0.43,3.0,yes,"{""count_fp"":""3.00"",""created_time"":""2026-04-28T08:00:24.726304Z"",""no_price_dollars"":""0.5700"",""taker_side"":""yes"",""ticker"":""KXBTC15M-26APR280415-15"",""trade_id"":""3a2fff6a-ec9c-416c-549e-a8f3b88a3f30"",""yes_price_dollars"":""0.4300""}"
KXBTC15M-26APR280415-15,59a8a5e7-cf3a-583d-f0c2-7d5d2d1b6666,1777363224,0.42,10.0,yes,"{""count_fp"":""10.00"",""created_time"":""2026-04-28T08:00:24.676049Z"",""no_price_dollars"":""0.5800"",""taker_side"":""yes"",""ticker"":""KXBTC15M-26APR280415-15"",""trade_id"":""59a8a5e7-cf3a-583d-f0c2-7d5d2d1b6666"",""yes_price_dollars"":""0.4200""}"
KXBTC15M-26APR280415-15,0e300229-3b74-5a3f-fd57-8a88e18ba92f,1777363224,0.42,3.0,yes,"{""count_fp"":""3.00"",""created_time"":""2026-04-28T08:00:24.676049Z"",""no_price_dollars"":""0.5800"",""taker_side"":""yes"",""ticker"":""KXBTC15M-26APR280415-15"",""trade_id"":""0e300229-3b74-5a3f-fd57-8a88e18ba92f"",""yes_price_dollars"":""0.4200""}"
KXBTC15M-26APR280415-15,8f9841c0-5aa5-47bf-f95d-0ef76048b1d4,1777363224,0.41,3.0,no,"{""count_fp"":""3.00"",""created_time"":""2026-04-28T08:00:24.452931Z"",""no_price_dollars"":""0.5900"",""taker_side"":""no"",""ticker"":""KXBTC15M-26APR280415-15"",""trade_id"":""8f9841c0-5aa5-47bf-f95d-0ef76048b1d4"",""yes_price_dollars"":""0.4100""}"
KXBTC15M-26APR280415-15,b7c87a4b-5fdd-56e0-97cb-97668da7c29d,1777363224,0.41,111.0,no,"{""count_fp"":""111.00"",""created_time"":""2026-04-28T08:00:24.435659Z"",""no_price_dollars"":""0.5900"",""taker_side"":""no"",""ticker"":""KXBTC15M-26APR280415-15"",""trade_id"":""b7c87a4b-5fdd-56e0-97cb-97668da7c29d"",""yes_price_dollars"":""0.4100""}"
KXBTC15M-26APR280415-15,50bb8131-fa47-5f74-9c5b-8e3c3e1c6bd5,1777363224,0.41,5.0,no,"{""count_fp"":""5.00"",""created_time"":""2026-04-28T08:00:24.435659Z"",""no_price_dollars"":""0.5900"",""taker_side"":""no"",""ticker"":""KXBTC15M-26APR280415-15"",""trade_id"":""50bb8131-fa47-5f74-9c5b-8e3c3e1c6bd5"",""yes_price_dollars"":""0.4100""}"
KXBTC15M-26APR280415-15,27e14009-26d5-5d9f-b2a9-06a7a4a80c19,1777363224,0.41,5.0,no,"{""count_fp"":""5.00"",""created_time"":""2026-04-28T08:00:24.435659Z"",""no_price_dollars"":""0.5900"",""taker_side"":""no"",""ticker"":""KXBTC15M-26APR280415-15"",""trade_id"":""27e14009-26d5-5d9f-b2a9-06a7a4a80c19"",""yes_price_dollars"":""0.4100""}"
KXBTC15M-26APR280415-15,d6c295fb-c60d-79f0-ad9d-9ec867f43889,1777363224,0.41,8.0,no,"{""count_fp"":""8.00"",""created_time"":""2026-04-28T08:00:24.431Z"",""no_price_dollars"":""0.5900"",""taker_side"":""no"",""ticker"":""KXBTC15M-26APR280415-15"",""trade_id"":""d6c295fb-c60d-79f0-ad9d-9ec867f43889"",""yes_price_dollars"":""0.4100""}"
KXBTC15M-26APR280415-15,33e7ad4d-9f61-5c60-bf0d-0bb396f6d932,1777363224,0.42,3.0,no,"{""count_fp"":""3.00"",""created_time"":""2026-04-28T08:00:24.416253Z"",""no_price_dollars"":""0.5800"",""taker_side"":""no"",""ticker"":""KXBTC15M-26APR280415-15"",""trade_id"":""33e7ad4d-9f61-5c60-bf0d-0bb396f6d932"",""yes_price_dollars"":""0.4200""}"
KXBTC15M-26APR280415-15,8a1764e4-e23a-5601-23cf-0e5be4c25b81,1777363224,0.42,1.0,no,"{""count_fp"":""1.00"",""created_time"":""2026-04-28T08:00:24.407844Z"",""no_price_dollars"":""0.5800"",""taker_side"":""no"",""ticker"":""KXBTC15M-26APR280415-15"",""trade_id"":""8a1764e4-e23a-5601-23cf-0e5be4c25b81"",""yes_price_dollars"":""0.4200""}"
KXBTC15M-26APR280415-15,327a463c-5286-58af-3e82-b30b49ad9ce9,1777363224,0.42,1.0,no,"{""count_fp"":""1.00"",""created_time"":""2026-04-28T08:00:24.407844Z"",""no_price_dollars"":""0.5800"",""taker_side"":""no"",""ticker"":""KXBTC15M-26APR280415-15"",""trade_id"":""327a463c-5286-58af-3e82-b30b49ad9ce9"",""yes_price_dollars"":""0.4200""}"
KXBTC15M-26APR280415-15,0f4f36d1-2c24-513b-102b-a98f8b441f66,1777363224,0.42,6.0,no,"{""count_fp"":""6.00"",""created_time"":""2026-04-28T08:00:24.407844Z"",""no_price_dollars"":""0.5800"",""taker_side"":""no"",""ticker"":""KXBTC15M-26APR280415-15"",""trade_id"":""0f4f36d1-2c24-513b-102b-a98f8b441f66"",""yes_price_dollars"":""0.4200""}"
KXBTC15M-26APR280415-15,48345284-ba7d-7093-ed7b-7463fd054606,1777363224,0.43,1.0,no,"{""count_fp"":""1.00"",""created_time"":""2026-04-28T08:00:24.395531Z"",""no_price_dollars"":""0.5700"",""taker_side"":""no"",""ticker"":""KXBTC15M-26APR280415-15"",""trade_id"":""48345284-ba7d-7093-ed7b-7463fd054606"",""yes_price_dollars"":""0.4300""}"
KXBTC15M-26APR280415-15,128857eb-7248-7917-ea6c-6a9dd05c4c96,1777363224,0.43,1.0,no,"{""count_fp"":""1.00"",""created_time"":""2026-04-28T08:00:24.395531Z"",""no_price_dollars"":""0.5700"",""taker_side"":""no"",""ticker"":""KXBTC15M-26APR280415-15"",""trade_id"":""128857eb-7248-7917-ea6c-6a9dd05c4c96"",""yes_price_dollars"":""0.4300""}"
KXBTC15M-26APR280415-15,d5532c61-ef94-4f3d-e206-8e836ad51ea7,1777363224,0.44,2.0,no,"{""count_fp"":""2.00"",""created_time"":""2026-04-28T08:00:24.388891Z"",""no_price_dollars"":""0.5600"",""taker_side"":""no"",""ticker"":""KXBTC15M-26APR280415-15"",""trade_id"":""d5532c61-ef94-4f3d-e206-8e836ad51ea7"",""yes_price_dollars"":""0.4400""}"
KXBTC15M-26APR280415-15,7f143b4a-698a-460c-d0a5-a936643e1e5f,1777363224,0.44,16.93,no,"{""count_fp"":""16.93"",""created_time"":""2026-04-28T08:00:24.388891Z"",""no_price_dollars"":""0.5600"",""taker_side"":""no"",""ticker"":""KXBTC15M-26APR280415-15"",""trade_id"":""7f143b4a-698a-460c-d0a5-a936643e1e5f"",""yes_price_dollars"":""0.4400""}"
KXBTC15M-26APR280415-15,a2441045-32de-6118-7220-8ed26eaf6647,1777363224,0.44,3.07,no,"{""count_fp"":""3.07"",""created_time"":""2026-04-28T08:00:24.388401Z"",""no_price_dollars"":""0.5600"",""taker_side"":""no"",""ticker"":""KXBTC15M-26APR280415-15"",""trade_id"":""a2441045-32de-6118-7220-8ed26eaf6647"",""yes_price_dollars"":""0.4400""}"
KXBTC15M-26APR280415-15,45d10c8e-76d1-619a-65f4-9f402101dcc7,1777363224,0.44,20.0,no,"{""count_fp"":""20.00"",""created_time"":""2026-04-28T08:00:24.388401Z"",""no_price_dollars"":""0.5600"",""taker_side"":""no"",""ticker"":""KXBTC15M-26APR280415-15"",""trade_id"":""45d10c8e-76d1-619a-65f4-9f402101dcc7"",""yes_price_dollars"":""0.4400""}"
KXBTC15M-26APR280415-15,c04134b7-26cd-637e-58e7-e33f2a9c648d,1777363224,0.45,5.0,yes,"{""count_fp"":""5.00"",""created_time"":""2026-04-28T08:00:24.023158Z"",""no_price_dollars"":""0.5500"",""taker_side"":""yes"",""ticker"":""KXBTC15M-26APR280415-15"",""trade_id"":""c04134b7-26cd-637e-58e7-e33f2a9c648d"",""yes_price_dollars"":""0.4500""}"
KXBTC15M-26APR280415-15,3381fbce-b490-7b46-2094-48234ab07283,1777363225,0.46,31.0,no,"{""count_fp"":""31.00"",""created_time"":""2026-04-28T08:00:25.624308Z"",""no_price_dollars"":""0.5400"",""taker_side"":""no"",""ticker"":""KXBTC15M-26APR280415-15"",""trade_id"":""3381fbce-b490-7b46-2094-48234ab07283"",""yes_price_dollars"":""0.4600""}"
KXBTC15M-26APR280415-15,18d56cb5-0761-7be6-2d7d-5e2babed259b,1777363225,0.46,3.0,no,"{""count_fp"":""3.00"",""created_time"":""2026-04-28T08:00:25.624308Z"",""no_price_dollars"":""0.5400"",""taker_side"":""no"",""ticker"":""KXBTC15M-26APR280415-15"",""trade_id"":""18d56cb5-0761-7be6-2d7d-5e2babed259b"",""yes_price_dollars"":""0.4600""}"
KXBTC15M-26APR280415-15,398042e0-6cd8-6980-d391-69efa255104b,1777363225,0.46,31.0,yes,"{""count_fp"":""31.00"",""created_time"":""2026-04-28T08:00:25.546616Z"",""no_price_dollars"":""0.5400"",""taker_side"":""yes"",""ticker"":""KXBTC15M-26APR280415-15"",""trade_id"":""398042e0-6cd8-6980-d391-69efa255104b"",""yes_price_dollars"":""0.4600""}"
KXBTC15M-26APR280415-15,cace34fb-9bec-4403-6f7e-dcf50d20d9f1,1777363225,0.45,0.43,no,"{""count_fp"":""0.43"",""created_time"":""2026-04-28T08:00:25.457989Z"",""no_price_dollars"":""0.5500"",""taker_side"":""no"",""ticker"":""KXBTC15M-26APR280415-15"",""trade_id"":""cace34fb-9bec-4403-6f7e-dcf50d20d9f1"",""yes_price_dollars"":""0.4500""}"
KXBTC15M-26APR280415-15,474a042e-fb90-6627-c64b-4f16061383d1,1777363225,0.45,20.0,no,"{""count_fp"":""20.00"",""created_time"":""2026-04-28T08:00:25.344739Z"",""no_price_dollars"":""0.5500"",""taker_side"":""no"",""ticker"":""KXBTC15M-26APR280415-15"",""trade_id"":""474a042e-fb90-6627-c64b-4f16061383d1"",""yes_price_dollars"":""0.4500""}"
KXBTC15M-26APR280415-15,ef4535ab-5b71-686f-2318-ddcd523cddfd,1777363226,0.47,26.72,yes,"{""count_fp"":""26.72"",""created_time"":""2026-04-28T08:00:26.955666Z"",""no_price_dollars"":""0.5300"",""taker_side"":""yes"",""ticker"":""KXBTC15M-26APR280415-15"",""trade_id"":""ef4535ab-5b71-686f-2318-ddcd523cddfd"",""yes_price_dollars"":""0.4700""}"
KXBTC15M-26APR280415-15,57bc4a34-bb72-6c43-03dd-b7e4ee015827,1777363226,0.47,2.0,yes,"{""count_fp"":""2.00"",""created_time"":""2026-04-28T08:00:26.955666Z"",""no_price_dollars"":""0.5300"",""taker_side"":""yes"",""ticker"":""KXBTC15M-26APR280415-15"",""trade_id"":""57bc4a34-bb72-6c43-03dd-b7e4ee015827"",""yes_price_dollars"":""0.4700""}"
KXBTC15M-26APR280415-15,cd1de615-b774-7e3f-932e-ba4b58daaa30,1777363227,0.45,2.01,no,"{""count_fp"":""2.01"",""created_time"":""2026-04-28T08:00:27.823699Z"",""no_price_dollars"":""0.5500"",""taker_side"":""no"",""ticker"":""KXBTC15M-26APR280415-15"",""trade_id"":""cd1de615-b774-7e3f-932e-ba4b58daaa30"",""yes_price_dollars"":""0.4500""}"
KXBTC15M-26APR280415-15,85145bb8-e180-4bd7-a748-6c88e2268324,1777363227,0.45,17.48,no,"{""count_fp"":""17.48"",""created_time"":""2026-04-28T08:00:27.704934Z"",""no_price_dollars"":""0.5500"",""taker_side"":""no"",""ticker"":""KXBTC15M-26APR280415-15"",""trade_id"":""85145bb8-e180-4bd7-a748-6c88e2268324"",""yes_price_dollars"":""0.4500""}"
KXBTC15M-26APR280415-15,7ace84f0-927f-579e-a7d1-7c8862cae4b4,1777363227,0.46,10.0,no,"{""count_fp"":""10.00"",""created_time"":""2026-04-28T08:00:27.277673Z"",""no_price_dollars"":""0.5400"",""taker_side"":""no"",""ticker"":""KXBTC15M-26APR280415-15"",""trade_id"":""7ace84f0-927f-579e-a7d1-7c8862cae4b4"",""yes_price_dollars"":""0.4600""}"
KXBTC15M-26APR280415-15,0525a17b-bc01-755e-6251-96511dadc72d,1777363228,0.46,11.52,yes,"{""count_fp"":""11.52"",""created_time"":""2026-04-28T08:00:28.406323Z"",""no_price_dollars"":""0.5400"",""taker_side"":""yes"",""ticker"":""KXBTC15M-26APR280415-15"",""trade_id"":""0525a17b-bc01-755e-6251-96511dadc72d"",""yes_price_dollars"":""0.4600""}"
KXBTC15M-26APR280415-15,b5e67478-5b51-621e-99fd-eb189dd201d9,1777363228,0.46,2.27,yes,"{""count_fp"":""2.27"",""created_time"":""2026-04-28T08:00:28.209789Z"",""no_price_dollars"":""0.5400"",""taker_side"":""yes"",""ticker"":""KXBTC15M-26APR280415-15"",""trade_id"":""b5e67478-5b51-621e-99fd-eb189dd201d9"",""yes_price_dollars"":""0.4600""}"
KXBTC15M-26APR280415-15,51c100c3-a865-47c7-d2b0-c23170b1a2c0,1777363229,0.47,71.84,yes,"{""count_fp"":""71.84"",""created_time"":""2026-04-28T08:00:29.976155Z"",""no_price_dollars"":""0.5300"",""taker_side"":""yes"",""ticker"":""KXBTC15M-26APR280415-15"",""trade_id"":""51c100c3-a865-47c7-d2b0-c23170b1a2c0"",""yes_price_dollars"":""0.4700""}"
KXBTC15M-26APR280415-15,99d3a63b-698d-66d8-9dbb-fa7a47861999,1777363229,0.47,1.0,yes,"{""count_fp"":""1.00"",""created_time"":""2026-04-28T08:00:29.595876Z"",""no_price_dollars"":""0.5300"",""taker_side"":""yes"",""ticker"":""KXBTC15M-26APR280415-15"",""trade_id"":""99d3a63b-698d-66d8-9dbb-fa7a47861999"",""yes_price_dollars"":""0.4700""}"
KXBTC15M-26APR280415-15,8b890123-ae07-6665-848a-6e29107a5ca3,1777363229,0.47,2.0,yes,"{""count_fp"":""2.00"",""created_time"":""2026-04-28T08:00:29.595876Z"",""no_price_dollars"":""0.5300"",""taker_side"":""yes"",""ticker"":""KXBTC15M-26APR280415-15"",""trade_id"":""8b890123-ae07-6665-848a-6e29107a5ca3"",""yes_price_dollars"":""0.4700""}"
KXBTC15M-26APR280415-15,73a8f068-3a19-61a0-9ac3-1aa10c6800ab,1777363229,0.46,3.62,yes,"{""count_fp"":""3.62"",""created_time"":""2026-04-28T08:00:29.595876Z"",""no_price_dollars"":""0.5400"",""taker_side"":""yes"",""ticker"":""KXBTC15M-26APR280415-15"",""trade_id"":""73a8f068-3a19-61a0-9ac3-1aa10c6800ab"",""yes_price_dollars"":""0.4600""}"
KXBTC15M-26APR280415-15,44e515cb-70ef-6744-856b-79bf8d1da38c,1777363229,0.47,27.38,yes,"{""count_fp"":""27.38"",""created_time"":""2026-04-28T08:00:29.595876Z"",""no_price_dollars"":""0.5300"",""taker_side"":""yes"",""ticker"":""KXBTC15M-26APR280415-15"",""trade_id"":""44e515cb-70ef-6744-856b-79bf8d1da38c"",""yes_price_dollars"":""0.4700""}"
KXBTC15M-26APR280415-15,6d8b155c-4ea9-5a98-514d-edf1a0fde36b,1777363229,0.46,3.19,yes,"{""count_fp"":""3.19"",""created_time"":""2026-04-28T08:00:29.334018Z"",""no_price_dollars"":""0.5400"",""taker_side"":""yes"",""ticker"":""KXBTC15M-26APR280415-15"",""trade_id"":""6d8b155c-4ea9-5a98-514d-edf1a0fde36b"",""yes_price_dollars"":""0.4600""}"
KXBTC15M-26APR280415-15,3ab26309-9fb6-5c5c-5eb0-4889242526be,1777363229,0.46,21.0,yes,"{""count_fp"":""21.00"",""created_time"":""2026-04-28T08:00:29.334018Z"",""no_price_dollars"":""0.5400"",""taker_side"":""yes"",""ticker"":""KXBTC15M-26APR280415-15"",""trade_id"":""3ab26309-9fb6-5c5c-5eb0-4889242526be"",""yes_price_dollars"":""0.4600""}"
KXBTC15M-26APR280415-15,deb53d79-c3d7-7995-f7dd-3d0da02574ad,1777363230,0.48,0.29,yes,"{""count_fp"":""0.29"",""created_time"":""2026-04-28T08:00:30.982911Z"",""no_price_dollars"":""0.5200"",""taker_side"":""yes"",""ticker"":""KXBTC15M-26APR280415-15"",""trade_id"":""deb53d79-c3d7-7995-f7dd-3d0da02574ad"",""yes_price_dollars"":""0.4800""}"
KXBTC15M-26APR280415-15,d83eb922-0708-4131-6e7e-a44909b2eb7e,1777363230,0.48,9.54,yes,"{""count_fp"":""9.54"",""created_time"":""2026-04-28T08:00:30.970246Z"",""no_price_dollars"":""0.5200"",""taker_side"":""yes"",""ticker"":""KXBTC15M-26APR280415-15"",""trade_id"":""d83eb922-0708-4131-6e7e-a44909b2eb7e"",""yes_price_dollars"":""0.4800""}"
KXBTC15M-26APR280415-15,9d53dce0-8e93-4799-7acd-c841fbdbdc81,1777363230,0.48,19.71,yes,"{""count_fp"":""19.71"",""created_time"":""2026-04-28T08:00:30.970246Z"",""no_price_dollars"":""0.5200"",""taker_side"":""yes"",""ticker"":""KXBTC15M-26APR280415-15"",""trade_id"":""9d53dce0-8e93-4799-7acd-c841fbdbdc81"",""yes_price_dollars"":""0.4800""}"
KXBTC15M-26APR280415-15,39e3ee1c-b1d5-42cd-5687-365250fb3b09,1777363230,0.47,1.0,yes,"{""count_fp"":""1.00"",""created_time"":""2026-04-28T08:00:30.970246Z"",""no_price_dollars"":""0.5300"",""taker_side"":""yes"",""ticker"":""KXBTC15M-26APR280415-15"",""trade_id"":""39e3ee1c-b1d5-42cd-5687-365250fb3b09"",""yes_price_dollars"":""0.4700""}"
KXBTC15M-26APR280415-15,d4eb22b4-3b54-6622-bb81-068d4e0f164b,1777363230,0.46,9.0,no,"{""count_fp"":""9.00"",""created_time"":""2026-04-28T08:00:30.842907Z"",""no_price_dollars"":""0.5400"",""taker_side"":""no"",""ticker"":""KXBTC15M-26APR280415-15"",""trade_id"":""d4eb22b4-3b54-6622-bb81-068d4e0f164b"",""yes_price_dollars"":""0.4600""}"
KXBTC15M-26APR280415-15,a161bdbe-d3d0-6936-aafe-029f1d757cdb,1777363230,0.46,26.87,no,"{""count_fp"":""26.87"",""created_time"":""2026-04-28T08:00:30.842907Z"",""no_price_dollars"":""0.5400"",""taker_side"":""no"",""ticker"":""KXBTC15M-26APR280415-15"",""trade_id"":""a161bdbe-d3d0-6936-aafe-029f1d757cdb"",""yes_price_dollars"":""0.4600""}"
KXBTC15M-26APR280415-15,0167e2a2-7a50-647a-9140-3a8e2b9734db,1777363230,0.46,20.0,no,"{""count_fp"":""20.00"",""created_time"":""2026-04-28T08:00:30.493519Z"",""no_price_dollars"":""0.5400"",""taker_side"":""no"",""ticker"":""KXBTC15M-26APR280415-15"",""trade_id"":""0167e2a2-7a50-647a-9140-3a8e2b9734db"",""yes_price_dollars"":""0.4600""}"
KXBTC15M-26APR280415-15,51356724-adac-51d9-4014-c3bc4e038821,1777363231,0.48,89.89,no,"{""count_fp"":""89.89"",""created_time"":""2026-04-28T08:00:31.526587Z"",""no_price_dollars"":""0.5200"",""taker_side"":""no"",""ticker"":""KXBTC15M-26APR280415-15"",""trade_id"":""51356724-adac-51d9-4014-c3bc4e038821"",""yes_price_dollars"":""0.4800""}"
KXBTC15M-26APR280415-15,293b084c-5f84-4b81-ad3e-9cbe29f295ad,1777363231,0.48,10.0,no,"{""count_fp"":""10.00"",""created_time"":""2026-04-28T08:00:31.390493Z"",""no_price_dollars"":""0.5200"",""taker_side"":""no"",""ticker"":""KXBTC15M-26APR280415-15"",""trade_id"":""293b084c-5f84-4b81-ad3e-9cbe29f295ad"",""yes_price_dollars"":""0.4800""}"
KXBTC15M-26APR280415-15,350c090b-4a78-5ced-d33f-260b2c385a5d,1777363231,0.48,54.0,no,"{""count_fp"":""54.00"",""created_time"":""2026-04-28T08:00:31.304475Z"",""no_price_dollars"":""0.5200"",""taker_side"":""no"",""ticker"":""KXBTC15M-26APR280415-15"",""trade_id"":""350c090b-4a78-5ced-d33f-260b2c385a5d"",""yes_price_dollars"":""0.4800""}"
KXBTC15M-26APR280415-15,09ccda6c-ddf5-65d6-68c0-64d73add93fd,1777363231,0.48,40.0,no,"{""count_fp"":""40.00"",""created_time"":""2026-04-28T08:00:31.115598Z"",""no_price_dollars"":""0.5200"",""taker_side"":""no"",""ticker"":""KXBTC15M-26APR280415-15"",""trade_id"":""09ccda6c-ddf5-65d6-68c0-64d73add93fd"",""yes_price_dollars"":""0.4800""}"
KXBTC15M-26APR280415-15,448ce5ff-034b-5c1a-fb05-ced5b20ad6b9,1777363232,0.49,20.0,yes,"{""count_fp"":""20.00"",""created_time"":""2026-04-28T08:00:32.262391Z"",""no_price_dollars"":""0.5100"",""taker_side"":""yes"",""ticker"":""KXBTC15M-26APR280415-15"",""trade_id"":""448ce5ff-034b-5c1a-fb05-ced5b20ad6b9"",""yes_price_dollars"":""0.4900""}"
KXBTC15M-26APR280415-15,d60291bf-b5b0-7ec1-7d13-bd656ddf0851,1777363233,0.49,25.0,no,"{""count_fp"":""25.00"",""created_time"":""2026-04-28T08:00:33.388554Z"",""no_price_dollars"":""0.5100"",""taker_side"":""no"",""ticker"":""KXBTC15M-26APR280415-15"",""trade_id"":""d60291bf-b5b0-7ec1-7d13-bd656ddf0851"",""yes_price_dollars"":""0.4900""}"
KXBTC15M-26APR280415-15,a4db57bf-5677-4358-3574-5ac0110b9eb6,1777363233,0.49,7.12,no,"{""count_fp"":""7.12"",""created_time"":""2026-04-28T08:00:33.372599Z"",""no_price_dollars"":""0.5100"",""taker_side"":""no"",""ticker"":""KXBTC15M-26APR280415-15"",""trade_id"":""a4db57bf-5677-4358-3574-5ac0110b9eb6"",""yes_price_dollars"":""0.4900""}"
KXBTC15M-26APR280415-15,4408a942-de68-4025-3692-2b37c21c31e9,1777363233,0.49,2.88,no,"{""count_fp"":""2.88"",""created_time"":""2026-04-28T08:00:33.372599Z"",""no_price_dollars"":""0.5100"",""taker_side"":""no"",""ticker"":""KXBTC15M-26APR280415-15"",""trade_id"":""4408a942-de68-4025-3692-2b37c21c31e9"",""yes_price_dollars"":""0.4900""}"
KXBTC15M-26APR280415-15,a172d79f-b4ab-44c5-9d8c-ce14e1b735a5,1777363233,0.49,20.0,no,"{""count_fp"":""20.00"",""created_time"":""2026-04-28T08:00:33.359332Z"",""no_price_dollars"":""0.5100"",""taker_side"":""no"",""ticker"":""KXBTC15M-26APR280415-15"",""trade_id"":""a172d79f-b4ab-44c5-9d8c-ce14e1b735a5"",""yes_price_dollars"":""0.4900""}"
KXBTC15M-26APR280415-15,8e7a6e00-ec5f-46fb-a494-587ecb9e1da8,1777363233,0.49,3.0,no,"{""count_fp"":""3.00"",""created_time"":""2026-04-28T08:00:33.359332Z"",""no_price_dollars"":""0.5100"",""taker_side"":""no"",""ticker"":""KXBTC15M-26APR280415-15"",""trade_id"":""8e7a6e00-ec5f-46fb-a494-587ecb9e1da8"",""yes_price_dollars"":""0.4900""}"
KXBTC15M-26APR280415-15,1dd7d4b3-68eb-4408-a7e6-4396096f5d92,1777363233,0.49,12.88,no,"{""count_fp"":""12.88"",""created_time"":""2026-04-28T08:00:33.359332Z"",""no_price_dollars"":""0.5100"",""taker_side"":""no"",""ticker"":""KXBTC15M-26APR280415-15"",""trade_id"":""1dd7d4b3-68eb-4408-a7e6-4396096f5d92"",""yes_price_dollars"":""0.4900""}"
KXBTC15M-26APR280415-15,9df70355-6256-4665-5da6-da527da66593,1777363233,0.5,0.72,yes,"{""count_fp"":""0.72"",""created_time"":""2026-04-28T08:00:33.065855Z"",""no_price_dollars"":""0.5000"",""taker_side"":""yes"",""ticker"":""KXBTC15M-26APR280415-15"",""trade_id"":""9df70355-6256-4665-5da6-da527da66593"",""yes_price_dollars"":""0.5000""}"
KXBTC15M-26APR280415-15,69498b7d-8106-4eb7-440c-15dd3083f803,1777363233,0.5,8.0,yes,"{""count_fp"":""8.00"",""created_time"":""2026-04-28T08:00:33.065855Z"",""no_price_dollars"":""0.5000"",""taker_side"":""yes"",""ticker"":""KXBTC15M-26APR280415-15"",""trade_id"":""69498b7d-8106-4eb7-440c-15dd3083f803"",""yes_price_dollars"":""0.5000""}"
KXBTC15M-26APR280415-15,f38da59d-c3ce-53af-7572-df7ae7aee6fa,1777363234,0.49,40.0,yes,"{""count_fp"":""40.00"",""created_time"":""2026-04-28T08:00:34.973708Z"",""no_price_dollars"":""0.5100"",""taker_side"":""yes"",""ticker"":""KXBTC15M-26APR280415-15"",""trade_id"":""f38da59d-c3ce-53af-7572-df7ae7aee6fa"",""yes_price_dollars"":""0.4900""}"
KXBTC15M-26APR280415-15,d74ae4c7-7bed-5f4f-7a95-a3f86660fcbb,1777363234,0.49,4.44,yes,"{""count_fp"":""4.44"",""created_time"":""2026-04-28T08:00:34.973708Z"",""no_price_dollars"":""0.5100"",""taker_side"":""yes"",""ticker"":""KXBTC15M-26APR280415-15"",""trade_id"":""d74ae4c7-7bed-5f4f-7a95-a3f86660fcbb"",""yes_price_dollars"":""0.4900""}"
KXBTC15M-26APR280415-15,9f332cf3-ba59-6f48-d769-f63cb13cc47e,1777363234,0.48,3.0,no,"{""count_fp"":""3.00"",""created_time"":""2026-04-28T08:00:34.745786Z"",""no_price_dollars"":""0.5200"",""taker_side"":""no"",""ticker"":""KXBTC15M-26APR280415-15"",""trade_id"":""9f332cf3-ba59-6f48-d769-f63cb13cc47e"",""yes_price_dollars"":""0.4800""}"
KXBTC15M-26APR280415-15,606d77e9-26e5-6ee6-f191-b2e37f1e65ce,1777363234,0.48,5.97,no,"{""count_fp"":""5.97"",""created_time"":""2026-04-28T08:00:34.745786Z"",""no_price_dollars"":""0.5200"",""taker_side"":""no"",""ticker"":""KXBTC15M-26APR280415-15"",""trade_id"":""606d77e9-26e5-6ee6-f191-b2e37f1e65ce"",""yes_price_dollars"":""0.4800""}"
KXBTC15M-26APR280415-15,7cdb63f9-c8a1-7fd3-b6e8-5042d39db8a2,1777363234,0.49,20.0,no,"{""count_fp"":""20.00"",""created_time"":""2026-04-28T08:00:34.609452Z"",""no_price_dollars"":""0.5100"",""taker_side"":""no"",""ticker"":""KXBTC15M-26APR280415-15"",""trade_id"":""7cdb63f9-c8a1-7fd3-b6e8-5042d39db8a2"",""yes_price_dollars"":""0.4900""}"
KXBTC15M-26APR280415-15,1549510a-41cc-40d3-d7d3-6ee22551b877,1777363234,0.49,9.3,no,"{""count_fp"":""9.30"",""created_time"":""2026-04-28T08:00:34.169594Z"",""no_price_dollars"":""0.5100"",""taker_side"":""no"",""ticker"":""KXBTC15M-26APR280415-15"",""trade_id"":""1549510a-41cc-40d3-d7d3-6ee22551b877"",""yes_price_dollars"":""0.4900""}"
KXBTC15M-26APR280415-15,1db3aab9-b1e9-6553-14c7-0b6e532357f3,1777363235,0.49,2.0,yes,"{""count_fp"":""2.00"",""created_time"":""2026-04-28T08:00:35.450878Z"",""no_price_dollars"":""0.5100"",""taker_side"":""yes"",""ticker"":""KXBTC15M-26APR280415-15"",""trade_id"":""1db3aab9-b1e9-6553-14c7-0b6e532357f3"",""yes_price_dollars"":""0.4900""}"
KXBTC15M-26APR280415-15,4627961c-c819-7852-8777-ee7b3582b062,1777363235,0.48,5.56,no,"{""count_fp"":""5.56"",""created_time"":""2026-04-28T08:00:35.261094Z"",""no_price_dollars"":""0.5200"",""taker_side"":""no"",""ticker"":""KXBTC15M-26APR280415-15"",""trade_id"":""4627961c-c819-7852-8777-ee7b3582b062"",""yes_price_dollars"":""0.4800""}"
KXBTC15M-26APR280415-15,d7174f2a-c3fe-7e92-8a32-b550271bf505,1777363237,0.44,3.0,yes,"{""count_fp"":""3.00"",""created_time"":""2026-04-28T08:00:37.363312Z"",""no_price_dollars"":""0.5600"",""taker_side"":""yes"",""ticker"":""KXBTC15M-26APR280415-15"",""trade_id"":""d7174f2a-c3fe-7e92-8a32-b550271bf505"",""yes_price_dollars"":""0.4400""}"
KXBTC15M-26APR280415-15,bfb95ff6-0522-7280-b1d2-e7da077dda57,1777363237,0.45,40.0,yes,"{""count_fp"":""40.00"",""created_time"":""2026-04-28T08:00:37.363312Z"",""no_price_dollars"":""0.5500"",""taker_side"":""yes"",""ticker"":""KXBTC15M-26APR280415-15"",""trade_id"":""bfb95ff6-0522-7280-b1d2-e7da077dda57"",""yes_price_dollars"":""0.4500""}"
KXBTC15M-26APR280415-15,91dc72fc-c049-70a3-96a9-d7c9349b4c0b,1777363237,0.44,35.56,yes,"{""count_fp"":""35.56"",""created_time"":""2026-04-28T08:00:37.363312Z"",""no_price_dollars"":""0.5600"",""taker_side"":""yes"",""ticker"":""KXBTC15M-26APR280415-15"",""trade_id"":""91dc72fc-c049-70a3-96a9-d7c9349b4c0b"",""yes_price_dollars"":""0.4400""}"
KXBTC15M-26APR280415-15,6ae4073d-c20e-7790-9877-b5b365395f6e,1777363237,0.45,16.77,yes,"{""count_fp"":""16.77"",""created_time"":""2026-04-28T08:00:37.363312Z"",""no_price_dollars"":""0.5500"",""taker_side"":""yes"",""ticker"":""KXBTC15M-26APR280415-15"",""trade_id"":""6ae4073d-c20e-7790-9877-b5b365395f6e"",""yes_price_dollars"":""0.4500""}"
KXBTC15M-26APR280415-15,34be4c5d-aeb3-7417-9220-1ad7037b1ce9,1777363237,0.44,3.19,yes,"{""count_fp"":""3.19"",""created_time"":""2026-04-28T08:00:37.363312Z"",""no_price_dollars"":""0.5600"",""taker_side"":""yes"",""ticker"":""KXBTC15M-26APR280415-15"",""trade_id"":""34be4c5d-aeb3-7417-9220-1ad7037b1ce9"",""yes_price_dollars"":""0.4400""}"
KXBTC15M-26APR280415-15,5a4b319a-e928-6ab7-9cc3-8d01dfa2b81a,1777363237,0.43,54.3,no,"{""count_fp"":""54.30"",""created_time"":""2026-04-28T08:00:37.250897Z"",""no_price_dollars"":""0.5700"",""taker_side"":""no"",""ticker"":""KXBTC15M-26APR280415-15"",""trade_id"":""5a4b319a-e928-6ab7-9cc3-8d01dfa2b81a"",""yes_price_dollars"":""0.4300""}"
KXBTC15M-26APR280415-15,dcdbf3a8-da5a-7182-aacb-38fe4424df29,1777363237,0.42,0.09,no,"{""count_fp"":""0.09"",""created_time"":""2026-04-28T08:00:37.237399Z"",""no_price_dollars"":""0.5800"",""taker_side"":""no"",""ticker"":""KXBTC15M-26APR280415-15"",""trade_id"":""dcdbf3a8-da5a-7182-aacb-38fe4424df29"",""yes_price_dollars"":""0.4200""}"
KXBTC15M-26APR280415-15,abfde507-676a-7439-8975-c326ca577923,1777363237,0.43,3.0,no,"{""count_fp"":""3.00"",""created_time"":""2026-04-28T08:00:37.237399Z"",""no_price_dollars"":""0.5700"",""taker_side"":""no"",""ticker"":""KXBTC15M-26APR280415-15"",""trade_id"":""abfde507-676a-7439-8975-c326ca577923"",""yes_price_dollars"":""0.4300""}"
KXBTC15M-26APR280415-15,8330105c-7965-7cee-b4ef-881f36def772,1777363237,0.42,58.56,no,"{""count_fp"":""58.56"",""created_time"":""2026-04-28T08:00:37.237399Z"",""no_price_dollars"":""0.5800"",""taker_side"":""no"",""ticker"":""KXBTC15M-26APR280415-15"",""trade_id"":""8330105c-7965-7cee-b4ef-881f36def772"",""yes_price_dollars"":""0.4200""}"
KXBTC15M-26APR280415-15,4aedbddd-1367-7405-a4f0-a1a4c24c57b4,1777363237,0.42,3.0,no,"{""count_fp"":""3.00"",""created_time"":""2026-04-28T08:00:37.237399Z"",""no_price_dollars"":""0.5800"",""taker_side"":""no"",""ticker"":""KXBTC15M-26APR280415-15"",""trade_id"":""4aedbddd-1367-7405-a4f0-a1a4c24c57b4"",""yes_price_dollars"":""0.4200""}"
KXBTC15M-26APR280415-15,eb20185d-b8be-62c7-d4b2-7a329d036b99,1777363237,0.44,1.47,no,"{""count_fp"":""1.47"",""created_time"":""2026-04-28T08:00:37.226228Z"",""no_price_dollars"":""0.5600"",""taker_side"":""no"",""ticker"":""KXBTC15M-26APR280415-15"",""trade_id"":""eb20185d-b8be-62c7-d4b2-7a329d036b99"",""yes_price_dollars"":""0.4400""}"
KXBTC15M-26APR280415-15,963375a5-15ae-7303-80e2-500453fa88a1,1777363237,0.44,10.53,no,"{""count_fp"":""10.53"",""created_time"":""2026-04-28T08:00:37.217004Z"",""no_price_dollars"":""0.5600"",""taker_side"":""no"",""ticker"":""KXBTC15M-26APR280415-15"",""trade_id"":""963375a5-15ae-7303-80e2-500453fa88a1"",""yes_price_dollars"":""0.4400""}"
KXBTC15M-26APR280415-15,4de1ceb9-cff8-79f5-a2fb-bcdceaa75088,1777363237,0.44,3.0,no,"{""count_fp"":""3.00"",""created_time"":""2026-04-28T08:00:37.217004Z"",""no_price_dollars"":""0.5600"",""taker_side"":""no"",""ticker"":""KXBTC15M-26APR280415-15"",""trade_id"":""4de1ceb9-cff8-79f5-a2fb-bcdceaa75088"",""yes_price_dollars"":""0.4400""}"
KXBTC15M-26APR280415-15,2705887b-9bf1-7f2c-9028-89b31658b5e5,1777363237,0.44,20.0,no,"{""count_fp"":""20.00"",""created_time"":""2026-04-28T08:00:37.217004Z"",""no_price_dollars"":""0.5600"",""taker_side"":""no"",""ticker"":""KXBTC15M-26APR280415-15"",""trade_id"":""2705887b-9bf1-7f2c-9028-89b31658b5e5"",""yes_price_dollars"":""0.4400""}"
KXBTC15M-26APR280415-15,a2540d15-b04c-4295-b12b-9d2478a1749c,1777363237,0.45,1.0,no,"{""count_fp"":""1.00"",""created_time"":""2026-04-28T08:00:37.202574Z"",""no_price_dollars"":""0.5500"",""taker_side"":""no"",""ticker"":""KXBTC15M-26APR280415-15"",""trade_id"":""a2540d15-b04c-4295-b12b-9d2478a1749c"",""yes_price_dollars"":""0.4500""}"
KXBTC15M-26APR280415-15,8acc034a-3e9e-4c93-96ad-0fdf5bd958c8,1777363237,0.46,20.0,no,"{""count_fp"":""20.00"",""created_time"":""2026-04-28T08:00:37.202574Z"",""no_price_dollars"":""0.5400"",""taker_side"":""no"",""ticker"":""KXBTC15M-26APR280415-15"",""trade_id"":""8acc034a-3e9e-4c93-96ad-0fdf5bd958c8"",""yes_price_dollars"":""0.4600""}"
KXBTC15M-26APR280415-15,2bbdd21d-0bce-4cdc-b9d8-8c4f1ed2f941,1777363237,0.45,3.0,no,"{""count_fp"":""3.00"",""created_time"":""2026-04-28T08:00:37.202574Z"",""no_price_dollars"":""0.5500"",""taker_side"":""no"",""ticker"":""KXBTC15M-26APR280415-15"",""trade_id"":""2bbdd21d-0bce-4cdc-b9d8-8c4f1ed2f941"",""yes_price_dollars"":""0.4500""}"
KXBTC15M-26APR280415-15,26d4c176-6d81-45da-9540-2e4c9ccf4b9c,1777363237,0.45,3.0,no,"{""count_fp"":""3.00"",""created_time"":""2026-04-28T08:00:37.202574Z"",""no_price_dollars"":""0.5500"",""taker_side"":""no"",""ticker"":""KXBTC15M-26APR280415-15"",""trade_id"":""26d4c176-6d81-45da-9540-2e4c9ccf4b9c"",""yes_price_dollars"":""0.4500""}"
KXBTC15M-26APR280415-15,11faedb8-b4de-4a3e-a0bc-f41ee829ce07,1777363237,0.46,0.13,no,"{""count_fp"":""0.13"",""created_time"":""2026-04-28T08:00:37.202574Z"",""no_price_dollars"":""0.5400"",""taker_side"":""no"",""ticker"":""KXBTC15M-26APR280415-15"",""trade_id"":""11faedb8-b4de-4a3e-a0bc-f41ee829ce07"",""yes_price_dollars"":""0.4600""}"
KXBTC15M-26APR280415-15,0e66856d-032c-457a-87f9-3bdc3d145cb4,1777363237,0.45,40.0,no,"{""count_fp"":""40.00"",""created_time"":""2026-04-28T08:00:37.202574Z"",""no_price_dollars"":""0.5500"",""taker_side"":""no"",""ticker"":""KXBTC15M-26APR280415-15"",""trade_id"":""0e66856d-032c-457a-87f9-3bdc3d145cb4"",""yes_price_dollars"":""0.4500""}"
KXBTC15M-26APR280415-15,f5f5b2fe-858d-42e7-a58d-188424fa8364,1777363237,0.46,56.0,no,"{""count_fp"":""56.00"",""created_time"":""2026-04-28T08:00:37.200692Z"",""no_price_dollars"":""0.5400"",""taker_side"":""no"",""ticker"":""KXBTC15M-26APR280415-15"",""trade_id"":""f5f5b2fe-858d-42e7-a58d-188424fa8364"",""yes_price_dollars"":""0.4600""}"
KXBTC15M-26APR280415-15,f0e82f00-c816-4e0e-b231-7811a4e132dd,1777363237,0.46,1.0,no,"{""count_fp"":""1.00"",""created_time"":""2026-04-28T08:00:37.200692Z"",""no_price_dollars"":""0.5400"",""taker_side"":""no"",""ticker"":""KXBTC15M-26APR280415-15"",""trade_id"":""f0e82f00-c816-4e0e-b231-7811a4e132dd"",""yes_price_dollars"":""0.4600""}"
KXBTC15M-26APR280415-15,dd615236-ed7e-4bae-8931-6a57d63141e3,1777363237,0.46,499.87,no,"{""count_fp"":""499.87"",""created_time"":""2026-04-28T08:00:37.200692Z"",""no_price_dollars"":""0.5400"",""taker_side"":""no"",""ticker"":""KXBTC15M-26APR280415-15"",""trade_id"":""dd615236-ed7e-4bae-8931-6a57d63141e3"",""yes_price_dollars"":""0.4600""}"
KXBTC15M-26APR280415-15,c85982aa-ea04-4866-9804-223952a9e82f,1777363237,0.46,11.13,no,"{""count_fp"":""11.13"",""created_time"":""2026-04-28T08:00:37.200692Z"",""no_price_dollars"":""0.5400"",""taker_side"":""no"",""ticker"":""KXBTC15M-26APR280415-15"",""trade_id"":""c85982aa-ea04-4866-9804-223952a9e82f"",""yes_price_dollars"":""0.4600""}"
KXBTC15M-26APR280415-15,2ee9c775-3657-4eb6-bcc1-8995adab68b3,1777363237,0.46,3.0,no,"{""count_fp"":""3.00"",""created_time"":""2026-04-28T08:00:37.200692Z"",""no_price_dollars"":""0.5400"",""taker_side"":""no"",""ticker"":""KXBTC15M-26APR280415-15"",""trade_id"":""2ee9c775-3657-4eb6-bcc1-8995adab68b3"",""yes_price_dollars"":""0.4600""}"
KXBTC15M-26APR280415-15,0001750f-d8d0-64ae-9172-4bf57869b543,1777363237,0.46,2.0,no,"{""count_fp"":""2.00"",""created_time"":""2026-04-28T08:00:37.170669Z"",""no_price_dollars"":""0.5400"",""taker_side"":""no"",""ticker"":""KXBTC15M-26APR280415-15"",""trade_id"":""0001750f-d8d0-64ae-9172-4bf57869b543"",""yes_price_dollars"":""0.4600""}"
KXBTC15M-26APR280415-15,6b907690-d651-6cf0-9e23-ba7a6f562ddc,1777363237,0.47,20.0,no,"{""count_fp"":""20.00"",""created_time"":""2026-04-28T08:00:37.051175Z"",""no_price_dollars"":""0.5300"",""taker_side"":""no"",""ticker"":""KXBTC15M-26APR280415-15"",""trade_id"":""6b907690-d651-6cf0-9e23-ba7a6f562ddc"",""yes_price_dollars"":""0.4700""}"
KXBTC15M-26APR280415-15,37ab7921-625f-63a7-9ef9-5f149e8bff33,1777363237,0.47,40.0,no,"{""count_fp"":""40.00"",""created_time"":""2026-04-28T08:00:37.051175Z"",""no_price_dollars"":""0.5300"",""taker_side"":""no"",""ticker"":""KXBTC15M-26APR280415-15"",""trade_id"":""37ab7921-625f-63a7-9ef9-5f149e8bff33"",""yes_price_dollars"":""0.4700""}"
KXBTC15M-26APR280415-15,1622eea6-2e71-6302-9c58-9c81e17c9c7c,1777363237,0.47,3.0,no,"{""count_fp"":""3.00"",""created_time"":""2026-04-28T08:00:37.051175Z"",""no_price_dollars"":""0.5300"",""taker_side"":""no"",""ticker"":""KXBTC15M-26APR280415-15"",""trade_id"":""1622eea6-2e71-6302-9c58-9c81e17c9c7c"",""yes_price_dollars"":""0.4700""}"
KXBTC15M-26APR280415-15,1455b8dc-6ea6-6e92-82c2-293be8809523,1777363237,0.47,295.8,no,"{""count_fp"":""295.80"",""created_time"":""2026-04-28T08:00:37.051175Z"",""no_price_dollars"":""0.5300"",""taker_side"":""no"",""ticker"":""KXBTC15M-26APR280415-15"",""trade_id"":""1455b8dc-6ea6-6e92-82c2-293be8809523"",""yes_price_dollars"":""0.4700""}"
KXBTC15M-26APR280415-15,79d09ce2-dad4-4c1e-c95c-d65bf08db768,1777363238,0.48,3.0,yes,"{""count_fp"":""3.00"",""created_time"":""2026-04-28T08:00:38.501375Z"",""no_price_dollars"":""0.5200"",""taker_side"":""yes"",""ticker"":""KXBTC15M-26APR280415-15"",""trade_id"":""79d09ce2-dad4-4c1e-c95c-d65bf08db768"",""yes_price_dollars"":""0.4800""}"
KXBTC15M-26APR280415-15,161c54c8-b57a-41bf-d442-96a7e0a2c089,1777363238,0.48,6.85,yes,"{""count_fp"":""6.85"",""created_time"":""2026-04-28T08:00:38.501375Z"",""no_price_dollars"":""0.5200"",""taker_side"":""yes"",""ticker"":""KXBTC15M-26APR280415-15"",""trade_id"":""161c54c8-b57a-41bf-d442-96a7e0a2c089"",""yes_price_dollars"":""0.4800""}"
KXBTC15M-26APR280415-15,6b81f086-d419-5444-c082-268492b9e842,1777363238,0.46,8.94,no,"{""count_fp"":""8.94"",""created_time"":""2026-04-28T08:00:38.404114Z"",""no_price_dollars"":""0.5400"",""taker_side"":""no"",""ticker"":""KXBTC15M-26APR280415-15"",""trade_id"":""6b81f086-d419-5444-c082-268492b9e842"",""yes_price_dollars"":""0.4600""}"
KXBTC15M-26APR280415-15,dfe2d23e-f8ac-4117-6b20-ba21bbeb3db1,1777363238,0.45,0.06,yes,"{""count_fp"":""0.06"",""created_time"":""2026-04-28T08:00:38.290602Z"",""no_price_dollars"":""0.5500"",""taker_side"":""yes"",""ticker"":""KXBTC15M-26APR280415-15"",""trade_id"":""dfe2d23e-f8ac-4117-6b20-ba21bbeb3db1"",""yes_price_dollars"":""0.4500""}"
KXBTC15M-26APR280415-15,085f796b-4c8c-7edf-0c31-c57839689c11,1777363238,0.45,22.0,yes,"{""count_fp"":""22.00"",""created_time"":""2026-04-28T08:00:38.288865Z"",""no_price_dollars"":""0.5500"",""taker_side"":""yes"",""ticker"":""KXBTC15M-26APR280415-15"",""trade_id"":""085f796b-4c8c-7edf-0c31-c57839689c11"",""yes_price_dollars"":""0.4500""}"
KXBTC15M-26APR280415-15,d90cbaa8-c474-74af-2528-b00ecd87ef4d,1777363238,0.45,3.94,yes,"{""count_fp"":""3.94"",""created_time"":""2026-04-28T08:00:38.184279Z"",""no_price_dollars"":""0.5500"",""taker_side"":""yes"",""ticker"":""KXBTC15M-26APR280415-15"",""trade_id"":""d90cbaa8-c474-74af-2528-b00ecd87ef4d"",""yes_price_dollars"":""0.4500""}"
KXBTC15M-26APR280415-15,b5d5879b-ce34-439b-3742-bbd7b3173b5c,1777363239,0.47,6.44,no,"{""count_fp"":""6.44"",""created_time"":""2026-04-28T08:00:39.736655Z"",""no_price_dollars"":""0.5300"",""taker_side"":""no"",""ticker"":""KXBTC15M-26APR280415-15"",""trade_id"":""b5d5879b-ce34-439b-3742-bbd7b3173b5c"",""yes_price_dollars"":""0.4700""}"
KXBTC15M-26APR280415-15,d559a1ab-d240-689f-627a-881a120ec020,1777363239,0.47,3.65,no,"{""count_fp"":""3.65"",""created_time"":""2026-04-28T08:00:39.701451Z"",""no_price_dollars"":""0.5300"",""taker_side"":""no"",""ticker"":""KXBTC15M-26APR280415-15"",""trade_id"":""d559a1ab-d240-689f-627a-881a120ec020"",""yes_price_dollars"":""0.4700""}"
KXBTC15M-26APR280415-15,4009c75b-e745-4ff0-ef75-0163f88c62ae,1777363239,0.46,21.06,no,"{""count_fp"":""21.06"",""created_time"":""2026-04-28T08:00:39.292812Z"",""no_price_dollars"":""0.5400"",""taker_side"":""no"",""ticker"":""KXBTC15M-26APR280415-15"",""trade_id"":""4009c75b-e745-4ff0-ef75-0163f88c62ae"",""yes_price_dollars"":""0.4600""}"
KXBTC15M-26APR280415-15,347560ac-7577-49d9-d334-534980504096,1777363239,0.46,238.79,no,"{""count_fp"":""238.79"",""created_time"":""2026-04-28T08:00:39.292812Z"",""no_price_dollars"":""0.5400"",""taker_side"":""no"",""ticker"":""KXBTC15M-26APR280415-15"",""trade_id"":""347560ac-7577-49d9-d334-534980504096"",""yes_price_dollars"":""0.4600""}"
KXBTC15M-26APR280415-15,7e616188-d1f1-5168-9780-a66de4334bba,1777363239,0.46,10.0,no,"{""count_fp"":""10.00"",""created_time"":""2026-04-28T08:00:39.040216Z"",""no_price_dollars"":""0.5400"",""taker_side"":""no"",""ticker"":""KXBTC15M-26APR280415-15"",""trade_id"":""7e616188-d1f1-5168-9780-a66de4334bba"",""yes_price_dollars"":""0.4600""}"
KXBTC15M-26APR280415-15,5b3ea9d9-247a-4499-558a-9b3c2bbaa8a1,1777363240,0.47,20.0,no,"{""count_fp"":""20.00"",""created_time"":""2026-04-28T08:00:40.834146Z"",""no_price_dollars"":""0.5300"",""taker_side"":""no"",""ticker"":""KXBTC15M-26APR280415-15"",""trade_id"":""5b3ea9d9-247a-4499-558a-9b3c2bbaa8a1"",""yes_price_dollars"":""0.4700""}"
KXBTC15M-26APR280415-15,28d186f5-db37-4666-5668-5ca9911e0920,1777363240,0.46,6.9,no,"{""count_fp"":""6.90"",""created_time"":""2026-04-28T08:00:40.834146Z"",""no_price_dollars"":""0.5400"",""taker_side"":""no"",""ticker"":""KXBTC15M-26APR280415-15"",""trade_id"":""28d186f5-db37-4666-5668-5ca9911e0920"",""yes_price_dollars"":""0.4600""}"
KXBTC15M-26APR280415-15,0bbe17c5-3d5c-7dac-538f-7f66a21d7b5d,1777363240,0.48,0.19,yes,"{""count_fp"":""0.19"",""created_time"":""2026-04-28T08:00:40.001376Z"",""no_price_dollars"":""0.5200"",""taker_side"":""yes"",""ticker"":""KXBTC15M-26APR280415-15"",""trade_id"":""0bbe17c5-3d5c-7dac-538f-7f66a21d7b5d"",""yes_price_dollars"":""0.4800""}"
KXBTC15M-26APR280415-15,455dddca-539b-4742-f974-02e32b52ad14,1777363241,0.46,8.97,no,"{""count_fp"":""8.97"",""created_time"":""2026-04-28T08:00:41.222612Z"",""no_price_dollars"":""0.5400"",""taker_side"":""no"",""ticker"":""KXBTC15M-26APR280415-15"",""trade_id"":""455dddca-539b-4742-f974-02e32b52ad14"",""yes_price_dollars"":""0.4600""}"
KXBTC15M-26APR280415-15,34e74e5a-c65c-7ed1-2783-9e581d418498,1777363241,0.47,4.02,yes,"{""count_fp"":""4.02"",""created_time"":""2026-04-28T08:00:41.124614Z"",""no_price_dollars"":""0.5300"",""taker_side"":""yes"",""ticker"":""KXBTC15M-26APR280415-15"",""trade_id"":""34e74e5a-c65c-7ed1-2783-9e581d418498"",""yes_price_dollars"":""0.4700""}"
KXBTC15M-26APR280415-15,b33f2f9a-d1c4-5926-761f-709ff3090f57,1777363242,0.45,3.0,no,"{""count_fp"":""3.00"",""created_time"":""2026-04-28T08:00:42.470022Z"",""no_price_dollars"":""0.5500"",""taker_side"":""no"",""ticker"":""KXBTC15M-26APR280415-15"",""trade_id"":""b33f2f9a-d1c4-5926-761f-709ff3090f57"",""yes_price_dollars"":""0.4500""}"
KXBTC15M-26APR280415-15,7696100c-dc1d-5990-52ca-1309512ab0ab,1777363242,0.45,20.0,no,"{""count_fp"":""20.00"",""created_time"":""2026-04-28T08:00:42.470022Z"",""no_price_dollars"":""0.5500"",""taker_side"":""no"",""ticker"":""KXBTC15M-26APR280415-15"",""trade_id"":""7696100c-dc1d-5990-52ca-1309512ab0ab"",""yes_price_dollars"":""0.4500""}"
KXBTC15M-26APR280415-15,886a625d-89f4-7a49-9a8d-fd81df249365,1777363243,0.44,60.6,no,"{""count_fp"":""60.60"",""created_time"":""2026-04-28T08:00:43.647722Z"",""no_price_dollars"":""0.5600"",""taker_side"":""no"",""ticker"":""KXBTC15M-26APR280415-15"",""trade_id"":""886a625d-89f4-7a49-9a8d-fd81df249365"",""yes_price_dollars"":""0.4400""}"
KXBTC15M-26APR280415-15,263826c3-eef5-79f5-a9e9-9929d8a211d9,1777363243,0.45,40.0,no,"{""count_fp"":""40.00"",""created_time"":""2026-04-28T08:00:43.647722Z"",""no_price_dollars"":""0.5500"",""taker_side"":""no"",""ticker"":""KXBTC15M-26APR280415-15"",""trade_id"":""263826c3-eef5-79f5-a9e9-9929d8a211d9"",""yes_price_dollars"":""0.4500""}"
KXBTC15M-26APR280415-15,5222408b-9ae1-4c1a-bd80-3a23f2282e88,1777363243,0.46,6.08,yes,"{""count_fp"":""6.08"",""created_time"":""2026-04-28T08:00:43.425273Z"",""no_price_dollars"":""0.5400"",""taker_side"":""yes"",""ticker"":""KXBTC15M-26APR280415-15"",""trade_id"":""5222408b-9ae1-4c1a-bd80-3a23f2282e88"",""yes_price_dollars"":""0.4600""}"
KXBTC15M-26APR280415-15,0563d04e-00d2-480a-869e-494c0a68bc74,1777363243,0.46,40.0,yes,"{""count_fp"":""40.00"",""created_time"":""2026-04-28T08:00:43.425273Z"",""no_price_dollars"":""0.5400"",""taker_side"":""yes"",""ticker"":""KXBTC15M-26APR280415-15"",""trade_id"":""0563d04e-00d2-480a-869e-494c0a68bc74"",""yes_price_dollars"":""0.4600""}"
KXBTC15M-26APR280415-15,ffd179bf-5a58-5e3b-a897-ef542f0c537e,1777363243,0.45,5.0,yes,"{""count_fp"":""5.00"",""created_time"":""2026-04-28T08:00:43.253316Z"",""no_price_dollars"":""0.5500"",""taker_side"":""yes"",""ticker"":""KXBTC15M-26APR280415-15"",""trade_id"":""ffd179bf-5a58-5e3b-a897-ef542f0c537e"",""yes_price_dollars"":""0.4500""}"
KXBTC15M-26APR280415-15,effbfabd-5109-59d0-9a74-0fbf1074e017,1777363243,0.46,1.0,yes,"{""count_fp"":""1.00"",""created_time"":""2026-04-28T08:00:43.253316Z"",""no_price_dollars"":""0.5400"",""taker_side"":""yes"",""ticker"":""KXBTC15M-26APR280415-15"",""trade_id"":""effbfabd-5109-59d0-9a74-0fbf1074e017"",""yes_price_dollars"":""0.4600""}"
KXBTC15M-26APR280415-15,e414efcf-033e-54fd-9741-0b5436bf95ca,1777363243,0.47,364.41,yes,"{""count_fp"":""364.41"",""created_time"":""2026-04-28T08:00:43.253316Z"",""no_price_dollars"":""0.5300"",""taker_side"":""yes"",""ticker"":""KXBTC15M-26APR280415-15"",""trade_id"":""e414efcf-033e-54fd-9741-0b5436bf95ca"",""yes_price_dollars"":""0.4700""}"
KXBTC15M-26APR280415-15,de5df7e6-d3f2-555d-b2ff-f35d505a071f,1777363243,0.47,10.0,yes,"{""count_fp"":""10.00"",""created_time"":""2026-04-28T08:00:43.253316Z"",""no_price_dollars"":""0.5300"",""taker_side"":""yes"",""ticker"":""KXBTC15M-26APR280415-15"",""trade_id"":""de5df7e6-d3f2-555d-b2ff-f35d505a071f"",""yes_price_dollars"":""0.4700""}"
KXBTC15M-26APR280415-15,d620b841-9c25-5c6f-9e7f-d2ebacfae6a4,1777363243,0.46,400.0,yes,"{""count_fp"":""400.00"",""created_time"":""2026-04-28T08:00:43.253316Z"",""no_price_dollars"":""0.5400"",""taker_side"":""yes"",""ticker"":""KXBTC15M-26APR280415-15"",""trade_id"":""d620b841-9c25-5c6f-9e7f-d2ebacfae6a4"",""yes_price_dollars"":""0.4600""}"
KXBTC15M-26APR280415-15,cf9ba9bf-34cb-5335-9c15-eaed5259e36d,1777363243,0.45,40.0,yes,"{""count_fp"":""40.00"",""created_time"":""2026-04-28T08:00:43.253316Z"",""no_price_dollars"":""0.5500"",""taker_side"":""yes"",""ticker"":""KXBTC15M-26APR280415-15"",""trade_id"":""cf9ba9bf-34cb-5335-9c15-eaed5259e36d"",""yes_price_dollars"":""0.4500""}"
KXBTC15M-26APR280415-15,c04f3a7d-8759-56a7-a12a-dc6c7bde4b5f,1777363243,0.46,40.0,yes,"{""count_fp"":""40.00"",""created_time"":""2026-04-28T08:00:43.253316Z"",""no_price_dollars"":""0.5400"",""taker_side"":""yes"",""ticker"":""KXBTC15M-26APR280415-15"",""trade_id"":""c04f3a7d-8759-56a7-a12a-dc6c7bde4b5f"",""yes_price_dollars"":""0.4600""}"
KXBTC15M-26APR280415-15,bdbf3220-58d5-5b23-a25a-d3e4c19508a2,1777363243,0.45,10.0,yes,"{""count_fp"":""10.00"",""created_time"":""2026-04-28T08:00:43.253316Z"",""no_price_dollars"":""0.5500"",""taker_side"":""yes"",""ticker"":""KXBTC15M-26APR280415-15"",""trade_id"":""bdbf3220-58d5-5b23-a25a-d3e4c19508a2"",""yes_price_dollars"":""0.4500""}"
KXBTC15M-26APR280415-15,ad617e3d-ad6c-5c14-974f-a0d979247519,1777363243,0.45,20.0,yes,"{""count_fp"":""20.00"",""created_time"":""2026-04-28T08:00:43.253316Z"",""no_price_dollars"":""0.5500"",""taker_side"":""yes"",""ticker"":""KXBTC15M-26APR280415-15"",""trade_id"":""ad617e3d-ad6c-5c14-974f-a0d979247519"",""yes_price_dollars"":""0.4500""}"
KXBTC15M-26APR280415-15,a07a516a-8204-529a-b472-00fd2495ff90,1777363243,0.46,56.0,yes,"{""count_fp"":""56.00"",""created_time"":""2026-04-28T08:00:43.253316Z"",""no_price_dollars"":""0.5400"",""taker_side"":""yes"",""ticker"":""KXBTC15M-26APR280415-15"",""trade_id"":""a07a516a-8204-529a-b472-00fd2495ff90"",""yes_price_dollars"":""0.4600""}"
KXBTC15M-26APR280415-15,8b91068c-ac2a-58e0-87f8-ce29ef8f5c22,1777363243,0.45,10.0,yes,"{""count_fp"":""10.00"",""created_time"":""2026-04-28T08:00:43.253316Z"",""no_price_dollars"":""0.5500"",""taker_side"":""yes"",""ticker"":""KXBTC15M-26APR280415-15"",""trade_id"":""8b91068c-ac2a-58e0-87f8-ce29ef8f5c22"",""yes_price_dollars"":""0.4500""}"
KXBTC15M-26APR280415-15,51794923-25b8-5ac5-8dea-ca74954e1378,1777363243,0.47,35.98,yes,"{""count_fp"":""35.98"",""created_time"":""2026-04-28T08:00:43.253316Z"",""no_price_dollars"":""0.5300"",""taker_side"":""yes"",""ticker"":""KXBTC15M-26APR280415-15"",""trade_id"":""51794923-25b8-5ac5-8dea-ca74954e1378"",""yes_price_dollars"":""0.4700""}"
KXBTC15M-26APR280415-15,3e3beb94-673c-5c7c-801e-c5bd7ca475fc,1777363243,0.47,10.0,yes,"{""count_fp"":""10.00"",""created_time"":""2026-04-28T08:00:43.253316Z"",""no_price_dollars"":""0.5300"",""taker_side"":""yes"",""ticker"":""KXBTC15M-26APR280415-15"",""trade_id"":""3e3beb94-673c-5c7c-801e-c5bd7ca475fc"",""yes_price_dollars"":""0.4700""}"
KXBTC15M-26APR280415-15,0d243a94-c827-5356-9c4b-d2829d5762ff,1777363243,0.46,3.0,yes,"{""count_fp"":""3.00"",""created_time"":""2026-04-28T08:00:43.253316Z"",""no_price_dollars"":""0.5400"",""taker_side"":""yes"",""ticker"":""KXBTC15M-26APR280415-15"",""trade_id"":""0d243a94-c827-5356-9c4b-d2829d5762ff"",""yes_price_dollars"":""0.4600""}"
KXBTC15M-26APR280415-15,a1c11d93-4d74-59bd-71bf-bef2014fd949,1777363243,0.44,30.76,no,"{""count_fp"":""30.76"",""created_time"":""2026-04-28T08:00:43.013998Z"",""no_price_dollars"":""0.5600"",""taker_side"":""no"",""ticker"":""KXBTC15M-26APR280415-15"",""trade_id"":""a1c11d93-4d74-59bd-71bf-bef2014fd949"",""yes_price_dollars"":""0.4400""}"
KXBTC15M-26APR280415-15,dc13c539-8530-7ae8-a8f7-66d5c9e8a2b6,1777363244,0.46,3.92,yes,"{""count_fp"":""3.92"",""created_time"":""2026-04-28T08:00:44.830655Z"",""no_price_dollars"":""0.5400"",""taker_side"":""yes"",""ticker"":""KXBTC15M-26APR280415-15"",""trade_id"":""dc13c539-8530-7ae8-a8f7-66d5c9e8a2b6"",""yes_price_dollars"":""0.4600""}"
KXBTC15M-26APR280415-15,6c671de1-20bd-765b-9e30-018ae091364a,1777363244,0.46,3.3,yes,"{""count_fp"":""3.30"",""created_time"":""2026-04-28T08:00:44.830655Z"",""no_price_dollars"":""0.5400"",""taker_side"":""yes"",""ticker"":""KXBTC15M-26APR280415-15"",""trade_id"":""6c671de1-20bd-765b-9e30-018ae091364a"",""yes_price_dollars"":""0.4600""}"
KXBTC15M-26APR280415-15,34d60624-70e4-73f4-9173-312a9b221172,1777363244,0.46,3.25,yes,"{""count_fp"":""3.25"",""created_time"":""2026-04-28T08:00:44.830655Z"",""no_price_dollars"":""0.5400"",""taker_side"":""yes"",""ticker"":""KXBTC15M-26APR280415-15"",""trade_id"":""34d60624-70e4-73f4-9173-312a9b221172"",""yes_price_dollars"":""0.4600""}"
KXBTC15M-26APR280415-15,a39379b6-9da0-4421-b9e2-7929812cebd8,1777363244,0.45,5.99,no,"{""count_fp"":""5.99"",""created_time"":""2026-04-28T08:00:44.463316Z"",""no_price_dollars"":""0.5500"",""taker_side"":""no"",""ticker"":""KXBTC15M-26APR280415-15"",""trade_id"":""a39379b6-9da0-4421-b9e2-7929812cebd8"",""yes_price_dollars"":""0.4500""}"
KXBTC15M-26APR280415-15,1b14a24e-d2c5-4d42-bd70-b0ac55e0d366,1777363244,0.45,39.83,no,"{""count_fp"":""39.83"",""created_time"":""2026-04-28T08:00:44.463316Z"",""no_price_dollars"":""0.5500"",""taker_side"":""no"",""ticker"":""KXBTC15M-26APR280415-15"",""trade_id"":""1b14a24e-d2c5-4d42-bd70-b0ac55e0d366"",""yes_price_dollars"":""0.4500""}"
KXBTC15M-26APR280415-15,fe277102-8239-58ba-947c-9e7a7880af62,1777363244,0.45,0.17,no,"{""count_fp"":""0.17"",""created_time"":""2026-04-28T08:00:44.352794Z"",""no_price_dollars"":""0.5500"",""taker_side"":""no"",""ticker"":""KXBTC15M-26APR280415-15"",""trade_id"":""fe277102-8239-58ba-947c-9e7a7880af62"",""yes_price_dollars"":""0.4500""}"
KXBTC15M-26APR280415-15,09e84dab-1874-45b4-3aef-5034bfb597ca,1777363244,0.46,16.75,yes,"{""count_fp"":""16.75"",""created_time"":""2026-04-28T08:00:44.055487Z"",""no_price_dollars"":""0.5400"",""taker_side"":""yes"",""ticker"":""KXBTC15M-26APR280415-15"",""trade_id"":""09e84dab-1874-45b4-3aef-5034bfb597ca"",""yes_price_dollars"":""0.4600""}"
KXBTC15M-26APR280415-15,faf28ffb-61c4-4e72-5636-c45d3aba57ca,1777363245,0.45,4.69,no,"{""count_fp"":""4.69"",""created_time"":""2026-04-28T08:00:45.473195Z"",""no_price_dollars"":""0.5500"",""taker_side"":""no"",""ticker"":""KXBTC15M-26APR280415-15"",""trade_id"":""faf28ffb-61c4-4e72-5636-c45d3aba57ca"",""yes_price_dollars"":""0.4500""}"
KXBTC15M-26APR280415-15,a75937b8-f77c-43e1-725e-188044a726a0,1777363245,0.45,4.1,no,"{""count_fp"":""4.10"",""created_time"":""2026-04-28T08:00:45.473195Z"",""no_price_dollars"":""0.5500"",""taker_side"":""no"",""ticker"":""KXBTC15M-26APR280415-15"",""trade_id"":""a75937b8-f77c-43e1-725e-188044a726a0"",""yes_price_dollars"":""0.4500""}"
KXBTC15M-26APR280415-15,bf309f21-493b-431e-e2c7-f54741c56869,1777363246,0.45,20.0,yes,"{""count_fp"":""20.00"",""created_time"":""2026-04-28T08:00:46.964214Z"",""no_price_dollars"":""0.5500"",""taker_side"":""yes"",""ticker"":""KXBTC15M-26APR280415-15"",""trade_id"":""bf309f21-493b-431e-e2c7-f54741c56869"",""yes_price_dollars"":""0.4500""}"
KXBTC15M-26APR280415-15,da047e2a-7970-57e9-fa8d-dc12b7813f15,1777363246,0.44,34.54,no,"{""count_fp"":""34.54"",""created_time"":""2026-04-28T08:00:46.505062Z"",""no_price_dollars"":""0.5600"",""taker_side"":""no"",""ticker"":""KXBTC15M-26APR280415-15"",""trade_id"":""da047e2a-7970-57e9-fa8d-dc12b7813f15"",""yes_price_dollars"":""0.4400""}"
KXBTC15M-26APR280415-15,708527e9-6f0b-6a74-9860-ce5376195e4a,1777363246,0.45,10.0,no,"{""count_fp"":""10.00"",""created_time"":""2026-04-28T08:00:46.019863Z"",""no_price_dollars"":""0.5500"",""taker_side"":""no"",""ticker"":""KXBTC15M-26APR280415-15"",""trade_id"":""708527e9-6f0b-6a74-9860-ce5376195e4a"",""yes_price_dollars"":""0.4500""}"
KXBTC15M-26APR280415-15,53026bcf-9644-66bd-952c-fd09428b1f41,1777363246,0.44,83.53,no,"{""count_fp"":""83.53"",""created_time"":""2026-04-28T08:00:46.019863Z"",""no_price_dollars"":""0.5600"",""taker_side"":""no"",""ticker"":""KXBTC15M-26APR280415-15"",""trade_id"":""53026bcf-9644-66bd-952c-fd09428b1f41"",""yes_price_dollars"":""0.4400""}"
KXBTC15M-26APR280415-15,0fa91baa-add7-6c10-a3f4-b09ff511c432,1777363246,0.45,9.91,no,"{""count_fp"":""9.91"",""created_time"":""2026-04-28T08:00:46.019863Z"",""no_price_dollars"":""0.5500"",""taker_side"":""no"",""ticker"":""KXBTC15M-26APR280415-15"",""trade_id"":""0fa91baa-add7-6c10-a3f4-b09ff511c432"",""yes_price_dollars"":""0.4500""}"
KXBTC15M-26APR280415-15,0f34b596-6080-669a-95a2-78812f85b876,1777363246,0.45,35.31,no,"{""count_fp"":""35.31"",""created_time"":""2026-04-28T08:00:46.019863Z"",""no_price_dollars"":""0.5500"",""taker_side"":""no"",""ticker"":""KXBTC15M-26APR280415-15"",""trade_id"":""0f34b596-6080-669a-95a2-78812f85b876"",""yes_price_dollars"":""0.4500""}"
