ticker,trade_id,ts,yes_price,count,taker_side,raw_json
KXBTC15M-26APR280100-00,5e4dacab-a41d-5091-4ada-7a99da764f43,1777351501,0.52,14.0,yes,"{""count_fp"":""14.00"",""created_time"":""2026-04-28T04:45:01.280202Z"",""no_price_dollars"":""0.4800"",""taker_side"":""yes"",""ticker"":""KXBTC15M-26APR280100-00"",""trade_id"":""5e4dacab-a41d-5091-4ada-7a99da764f43"",""yes_price_dollars"":""0.5200""}"
KXBTC15M-26APR280100-00,58ae3c39-6db8-5b3f-7fdc-e684727ec929,1777351501,0.53,56.0,yes,"{""count_fp"":""56.00"",""created_time"":""2026-04-28T04:45:01.280202Z"",""no_price_dollars"":""0.4700"",""taker_side"":""yes"",""ticker"":""KXBTC15M-26APR280100-00"",""trade_id"":""58ae3c39-6db8-5b3f-7fdc-e684727ec929"",""yes_price_dollars"":""0.5300""}"
KXBTC15M-26APR280100-00,0298415f-88e4-5c45-3117-94b4a2d02d1e,1777351504,0.5,1.0,no,"{""count_fp"":""1.00"",""created_time"":""2026-04-28T04:45:04.986731Z"",""no_price_dollars"":""0.5000"",""taker_side"":""no"",""ticker"":""KXBTC15M-26APR280100-00"",""trade_id"":""0298415f-88e4-5c45-3117-94b4a2d02d1e"",""yes_price_dollars"":""0.5000""}"
KXBTC15M-26APR280100-00,399b8df9-293d-4c14-6f0c-6d0d0ba2d266,1777351505,0.53,12.78,yes,"{""count_fp"":""12.78"",""created_time"":""2026-04-28T04:45:05.893556Z"",""no_price_dollars"":""0.4700"",""taker_side"":""yes"",""ticker"":""KXBTC15M-26APR280100-00"",""trade_id"":""399b8df9-293d-4c14-6f0c-6d0d0ba2d266"",""yes_price_dollars"":""0.5300""}"
KXBTC15M-26APR280100-00,a8151d35-d8bc-4bb1-16c5-32f6aa66b2a2,1777351505,0.5,9.0,no,"{""count_fp"":""9.00"",""created_time"":""2026-04-28T04:45:05.081548Z"",""no_price_dollars"":""0.5000"",""taker_side"":""no"",""ticker"":""KXBTC15M-26APR280100-00"",""trade_id"":""a8151d35-d8bc-4bb1-16c5-32f6aa66b2a2"",""yes_price_dollars"":""0.5000""}"
KXBTC15M-26APR280100-00,8ec25588-ae4c-4a3e-3850-bbc60e70d956,1777351505,0.5,24.3,no,"{""count_fp"":""24.30"",""created_time"":""2026-04-28T04:45:05.081548Z"",""no_price_dollars"":""0.5000"",""taker_side"":""no"",""ticker"":""KXBTC15M-26APR280100-00"",""trade_id"":""8ec25588-ae4c-4a3e-3850-bbc60e70d956"",""yes_price_dollars"":""0.5000""}"
KXBTC15M-26APR280100-00,1f440231-8165-4d57-063c-e7c90481b84b,1777351505,0.5,1.0,no,"{""count_fp"":""1.00"",""created_time"":""2026-04-28T04:45:05.081548Z"",""no_price_dollars"":""0.5000"",""taker_side"":""no"",""ticker"":""KXBTC15M-26APR280100-00"",""trade_id"":""1f440231-8165-4d57-063c-e7c90481b84b"",""yes_price_dollars"":""0.5000""}"
KXBTC15M-26APR280100-00,078e577c-97b9-4def-046b-e4ce02cdc2f7,1777351505,0.5,14.0,no,"{""count_fp"":""14.00"",""created_time"":""2026-04-28T04:45:05.081548Z"",""no_price_dollars"":""0.5000"",""taker_side"":""no"",""ticker"":""KXBTC15M-26APR280100-00"",""trade_id"":""078e577c-97b9-4def-046b-e4ce02cdc2f7"",""yes_price_dollars"":""0.5000""}"
KXBTC15M-26APR280100-00,8c9f6464-5f2c-4bfc-08ef-0fb12ef87d16,1777351506,0.51,38.64,no,"{""count_fp"":""38.64"",""created_time"":""2026-04-28T04:45:06.354413Z"",""no_price_dollars"":""0.4900"",""taker_side"":""no"",""ticker"":""KXBTC15M-26APR280100-00"",""trade_id"":""8c9f6464-5f2c-4bfc-08ef-0fb12ef87d16"",""yes_price_dollars"":""0.5100""}"
KXBTC15M-26APR280100-00,dc01f68b-bd79-7cae-1a83-af72212d3844,1777351507,0.53,5.0,yes,"{""count_fp"":""5.00"",""created_time"":""2026-04-28T04:45:07.645888Z"",""no_price_dollars"":""0.4700"",""taker_side"":""yes"",""ticker"":""KXBTC15M-26APR280100-00"",""trade_id"":""dc01f68b-bd79-7cae-1a83-af72212d3844"",""yes_price_dollars"":""0.5300""}"
KXBTC15M-26APR280100-00,c8cdb3ab-ca22-7330-18b3-c22ebb07fe94,1777351507,0.54,1.0,yes,"{""count_fp"":""1.00"",""created_time"":""2026-04-28T04:45:07.645888Z"",""no_price_dollars"":""0.4600"",""taker_side"":""yes"",""ticker"":""KXBTC15M-26APR280100-00"",""trade_id"":""c8cdb3ab-ca22-7330-18b3-c22ebb07fe94"",""yes_price_dollars"":""0.5400""}"
KXBTC15M-26APR280100-00,a4cc0132-a5fd-74c1-0b1f-ef15797d05f4,1777351507,0.54,4.85,yes,"{""count_fp"":""4.85"",""created_time"":""2026-04-28T04:45:07.645888Z"",""no_price_dollars"":""0.4600"",""taker_side"":""yes"",""ticker"":""KXBTC15M-26APR280100-00"",""trade_id"":""a4cc0132-a5fd-74c1-0b1f-ef15797d05f4"",""yes_price_dollars"":""0.5400""}"
KXBTC15M-26APR280100-00,506072f2-8f4d-7b97-3f0a-b261f6c0b012,1777351507,0.53,10.0,yes,"{""count_fp"":""10.00"",""created_time"":""2026-04-28T04:45:07.645888Z"",""no_price_dollars"":""0.4700"",""taker_side"":""yes"",""ticker"":""KXBTC15M-26APR280100-00"",""trade_id"":""506072f2-8f4d-7b97-3f0a-b261f6c0b012"",""yes_price_dollars"":""0.5300""}"
KXBTC15M-26APR280100-00,2849d0fe-208a-7168-31fb-31808eff77e4,1777351507,0.54,6.0,yes,"{""count_fp"":""6.00"",""created_time"":""2026-04-28T04:45:07.645888Z"",""no_price_dollars"":""0.4600"",""taker_side"":""yes"",""ticker"":""KXBTC15M-26APR280100-00"",""trade_id"":""2849d0fe-208a-7168-31fb-31808eff77e4"",""yes_price_dollars"":""0.5400""}"
KXBTC15M-26APR280100-00,dc012103-73a9-5190-7750-1e7b0bbf162a,1777351508,0.52,9.85,no,"{""count_fp"":""9.85"",""created_time"":""2026-04-28T04:45:08.332712Z"",""no_price_dollars"":""0.4800"",""taker_side"":""no"",""ticker"":""KXBTC15M-26APR280100-00"",""trade_id"":""dc012103-73a9-5190-7750-1e7b0bbf162a"",""yes_price_dollars"":""0.5200""}"
KXBTC15M-26APR280100-00,df5fddcf-7d58-7102-65f8-8bae2761a152,1777351509,0.54,4.79,yes,"{""count_fp"":""4.79"",""created_time"":""2026-04-28T04:45:09.979115Z"",""no_price_dollars"":""0.4600"",""taker_side"":""yes"",""ticker"":""KXBTC15M-26APR280100-00"",""trade_id"":""df5fddcf-7d58-7102-65f8-8bae2761a152"",""yes_price_dollars"":""0.5400""}"
KXBTC15M-26APR280100-00,b5a0260c-ca8d-7945-6d36-843db09d6ff8,1777351509,0.54,1.15,yes,"{""count_fp"":""1.15"",""created_time"":""2026-04-28T04:45:09.979115Z"",""no_price_dollars"":""0.4600"",""taker_side"":""yes"",""ticker"":""KXBTC15M-26APR280100-00"",""trade_id"":""b5a0260c-ca8d-7945-6d36-843db09d6ff8"",""yes_price_dollars"":""0.5400""}"
KXBTC15M-26APR280100-00,6f492c5f-67d1-710f-432e-2d932ba5fc8a,1777351509,0.54,12.0,yes,"{""count_fp"":""12.00"",""created_time"":""2026-04-28T04:45:09.979115Z"",""no_price_dollars"":""0.4600"",""taker_side"":""yes"",""ticker"":""KXBTC15M-26APR280100-00"",""trade_id"":""6f492c5f-67d1-710f-432e-2d932ba5fc8a"",""yes_price_dollars"":""0.5400""}"
KXBTC15M-26APR280100-00,6dafb7b9-87ad-660c-58ae-e9caecf0d33a,1777351509,0.52,17.38,no,"{""count_fp"":""17.38"",""created_time"":""2026-04-28T04:45:09.130472Z"",""no_price_dollars"":""0.4800"",""taker_side"":""no"",""ticker"":""KXBTC15M-26APR280100-00"",""trade_id"":""6dafb7b9-87ad-660c-58ae-e9caecf0d33a"",""yes_price_dollars"":""0.5200""}"
KXBTC15M-26APR280100-00,f10cb319-6e08-65be-132a-b927ce9aae72,1777351510,0.54,5.42,yes,"{""count_fp"":""5.42"",""created_time"":""2026-04-28T04:45:10.921256Z"",""no_price_dollars"":""0.4600"",""taker_side"":""yes"",""ticker"":""KXBTC15M-26APR280100-00"",""trade_id"":""f10cb319-6e08-65be-132a-b927ce9aae72"",""yes_price_dollars"":""0.5400""}"
KXBTC15M-26APR280100-00,1d345c55-5c2e-68cc-3dc1-bb3a6f6bd852,1777351510,0.54,12.5,yes,"{""count_fp"":""12.50"",""created_time"":""2026-04-28T04:45:10.921256Z"",""no_price_dollars"":""0.4600"",""taker_side"":""yes"",""ticker"":""KXBTC15M-26APR280100-00"",""trade_id"":""1d345c55-5c2e-68cc-3dc1-bb3a6f6bd852"",""yes_price_dollars"":""0.5400""}"
KXBTC15M-26APR280100-00,fdf3f4e5-9bd0-6f26-a30f-d756e7035c76,1777351510,0.54,1.79,yes,"{""count_fp"":""1.79"",""created_time"":""2026-04-28T04:45:10.588525Z"",""no_price_dollars"":""0.4600"",""taker_side"":""yes"",""ticker"":""KXBTC15M-26APR280100-00"",""trade_id"":""fdf3f4e5-9bd0-6f26-a30f-d756e7035c76"",""yes_price_dollars"":""0.5400""}"
KXBTC15M-26APR280100-00,f34d3ab9-f015-4c54-5736-8b86d9300756,1777351511,0.53,11.0,no,"{""count_fp"":""11.00"",""created_time"":""2026-04-28T04:45:11.964132Z"",""no_price_dollars"":""0.4700"",""taker_side"":""no"",""ticker"":""KXBTC15M-26APR280100-00"",""trade_id"":""f34d3ab9-f015-4c54-5736-8b86d9300756"",""yes_price_dollars"":""0.5300""}"
KXBTC15M-26APR280100-00,670cdbe0-a3c1-42b5-6033-d59c37c1f955,1777351511,0.53,8.0,no,"{""count_fp"":""8.00"",""created_time"":""2026-04-28T04:45:11.964132Z"",""no_price_dollars"":""0.4700"",""taker_side"":""no"",""ticker"":""KXBTC15M-26APR280100-00"",""trade_id"":""670cdbe0-a3c1-42b5-6033-d59c37c1f955"",""yes_price_dollars"":""0.5300""}"
KXBTC15M-26APR280100-00,06afe955-62eb-4c50-4669-a64dba22ee6d,1777351511,0.53,1100.0,no,"{""count_fp"":""1100.00"",""created_time"":""2026-04-28T04:45:11.964132Z"",""no_price_dollars"":""0.4700"",""taker_side"":""no"",""ticker"":""KXBTC15M-26APR280100-00"",""trade_id"":""06afe955-62eb-4c50-4669-a64dba22ee6d"",""yes_price_dollars"":""0.5300""}"
KXBTC15M-26APR280100-00,04c92e71-db95-4b0f-7eec-b68ddc5126c0,1777351511,0.53,111.92,no,"{""count_fp"":""111.92"",""created_time"":""2026-04-28T04:45:11.964132Z"",""no_price_dollars"":""0.4700"",""taker_side"":""no"",""ticker"":""KXBTC15M-26APR280100-00"",""trade_id"":""04c92e71-db95-4b0f-7eec-b68ddc5126c0"",""yes_price_dollars"":""0.5300""}"
KXBTC15M-26APR280100-00,f2695627-9ea4-6200-1fb1-e1b50875be9a,1777351511,0.53,17.36,no,"{""count_fp"":""17.36"",""created_time"":""2026-04-28T04:45:11.654362Z"",""no_price_dollars"":""0.4700"",""taker_side"":""no"",""ticker"":""KXBTC15M-26APR280100-00"",""trade_id"":""f2695627-9ea4-6200-1fb1-e1b50875be9a"",""yes_price_dollars"":""0.5300""}"
KXBTC15M-26APR280100-00,21ad5898-1dcd-6a7f-08ea-3174fa7cad2c,1777351511,0.53,42.64,no,"{""count_fp"":""42.64"",""created_time"":""2026-04-28T04:45:11.654362Z"",""no_price_dollars"":""0.4700"",""taker_side"":""no"",""ticker"":""KXBTC15M-26APR280100-00"",""trade_id"":""21ad5898-1dcd-6a7f-08ea-3174fa7cad2c"",""yes_price_dollars"":""0.5300""}"
KXBTC15M-26APR280100-00,05483603-8025-7e34-c37c-e5c926fd8af3,1777351512,0.52,1.02,no,"{""count_fp"":""1.02"",""created_time"":""2026-04-28T04:45:12.021328Z"",""no_price_dollars"":""0.4800"",""taker_side"":""no"",""ticker"":""KXBTC15M-26APR280100-00"",""trade_id"":""05483603-8025-7e34-c37c-e5c926fd8af3"",""yes_price_dollars"":""0.5200""}"
KXBTC15M-26APR280100-00,01a30c66-e0ec-7100-f8da-db9195c015e1,1777351512,0.53,3.0,no,"{""count_fp"":""3.00"",""created_time"":""2026-04-28T04:45:12.021328Z"",""no_price_dollars"":""0.4700"",""taker_side"":""no"",""ticker"":""KXBTC15M-26APR280100-00"",""trade_id"":""01a30c66-e0ec-7100-f8da-db9195c015e1"",""yes_price_dollars"":""0.5300""}"
KXBTC15M-26APR280100-00,77d475cd-1fe3-64bb-7232-d06bcf7eb95d,1777351513,0.54,3.0,no,"{""count_fp"":""3.00"",""created_time"":""2026-04-28T04:45:13.963208Z"",""no_price_dollars"":""0.4600"",""taker_side"":""no"",""ticker"":""KXBTC15M-26APR280100-00"",""trade_id"":""77d475cd-1fe3-64bb-7232-d06bcf7eb95d"",""yes_price_dollars"":""0.5400""}"
KXBTC15M-26APR280100-00,578d6242-2114-6231-7f40-89cb7223f5ac,1777351513,0.53,620.86,no,"{""count_fp"":""620.86"",""created_time"":""2026-04-28T04:45:13.963208Z"",""no_price_dollars"":""0.4700"",""taker_side"":""no"",""ticker"":""KXBTC15M-26APR280100-00"",""trade_id"":""578d6242-2114-6231-7f40-89cb7223f5ac"",""yes_price_dollars"":""0.5300""}"
KXBTC15M-26APR280100-00,4783d8d6-42fd-6eb7-7783-ec0efaad4cf7,1777351513,0.54,25.0,no,"{""count_fp"":""25.00"",""created_time"":""2026-04-28T04:45:13.963208Z"",""no_price_dollars"":""0.4600"",""taker_side"":""no"",""ticker"":""KXBTC15M-26APR280100-00"",""trade_id"":""4783d8d6-42fd-6eb7-7783-ec0efaad4cf7"",""yes_price_dollars"":""0.5400""}"
KXBTC15M-26APR280100-00,2c96ca41-fb14-6d1c-6810-5fe1921e835b,1777351513,0.54,16.0,no,"{""count_fp"":""16.00"",""created_time"":""2026-04-28T04:45:13.963208Z"",""no_price_dollars"":""0.4600"",""taker_side"":""no"",""ticker"":""KXBTC15M-26APR280100-00"",""trade_id"":""2c96ca41-fb14-6d1c-6810-5fe1921e835b"",""yes_price_dollars"":""0.5400""}"
KXBTC15M-26APR280100-00,1c6c2b7d-d43d-6404-4393-95be10b6a493,1777351513,0.53,2.0,no,"{""count_fp"":""2.00"",""created_time"":""2026-04-28T04:45:13.963208Z"",""no_price_dollars"":""0.4700"",""taker_side"":""no"",""ticker"":""KXBTC15M-26APR280100-00"",""trade_id"":""1c6c2b7d-d43d-6404-4393-95be10b6a493"",""yes_price_dollars"":""0.5300""}"
KXBTC15M-26APR280100-00,0f975045-da6a-6619-7a92-43ce18bfc460,1777351513,0.54,120.0,no,"{""count_fp"":""120.00"",""created_time"":""2026-04-28T04:45:13.963208Z"",""no_price_dollars"":""0.4600"",""taker_side"":""no"",""ticker"":""KXBTC15M-26APR280100-00"",""trade_id"":""0f975045-da6a-6619-7a92-43ce18bfc460"",""yes_price_dollars"":""0.5400""}"
KXBTC15M-26APR280100-00,850684c0-1bad-4d5b-99c8-d2e84e70f210,1777351513,0.54,3.0,no,"{""count_fp"":""3.00"",""created_time"":""2026-04-28T04:45:13.416249Z"",""no_price_dollars"":""0.4600"",""taker_side"":""no"",""ticker"":""KXBTC15M-26APR280100-00"",""trade_id"":""850684c0-1bad-4d5b-99c8-d2e84e70f210"",""yes_price_dollars"":""0.5400""}"
KXBTC15M-26APR280100-00,6969152d-d7c2-60d8-ff11-7a82a7046bae,1777351513,0.54,3.5,yes,"{""count_fp"":""3.50"",""created_time"":""2026-04-28T04:45:13.199905Z"",""no_price_dollars"":""0.4600"",""taker_side"":""yes"",""ticker"":""KXBTC15M-26APR280100-00"",""trade_id"":""6969152d-d7c2-60d8-ff11-7a82a7046bae"",""yes_price_dollars"":""0.5400""}"
KXBTC15M-26APR280100-00,e69fb523-1c0a-7d85-1e82-39f4d985e928,1777351514,0.55,3.0,no,"{""count_fp"":""3.00"",""created_time"":""2026-04-28T04:45:14.978906Z"",""no_price_dollars"":""0.4500"",""taker_side"":""no"",""ticker"":""KXBTC15M-26APR280100-00"",""trade_id"":""e69fb523-1c0a-7d85-1e82-39f4d985e928"",""yes_price_dollars"":""0.5500""}"
KXBTC15M-26APR280100-00,c50fd247-d539-722f-36fa-0a11a0569b68,1777351514,0.54,21.5,no,"{""count_fp"":""21.50"",""created_time"":""2026-04-28T04:45:14.978906Z"",""no_price_dollars"":""0.4600"",""taker_side"":""no"",""ticker"":""KXBTC15M-26APR280100-00"",""trade_id"":""c50fd247-d539-722f-36fa-0a11a0569b68"",""yes_price_dollars"":""0.5400""}"
KXBTC15M-26APR280100-00,3ba292be-2b25-7792-3cbc-09de00956fcf,1777351514,0.55,13.99,no,"{""count_fp"":""13.99"",""created_time"":""2026-04-28T04:45:14.978906Z"",""no_price_dollars"":""0.4500"",""taker_side"":""no"",""ticker"":""KXBTC15M-26APR280100-00"",""trade_id"":""3ba292be-2b25-7792-3cbc-09de00956fcf"",""yes_price_dollars"":""0.5500""}"
KXBTC15M-26APR280100-00,34543fa9-a2e6-746f-31e5-e8df6f30d441,1777351514,0.55,2.0,no,"{""count_fp"":""2.00"",""created_time"":""2026-04-28T04:45:14.978906Z"",""no_price_dollars"":""0.4500"",""taker_side"":""no"",""ticker"":""KXBTC15M-26APR280100-00"",""trade_id"":""34543fa9-a2e6-746f-31e5-e8df6f30d441"",""yes_price_dollars"":""0.5500""}"
KXBTC15M-26APR280100-00,f8a5acc0-4605-6a4d-762f-4c2e38381cbb,1777351514,0.56,1.0,yes,"{""count_fp"":""1.00"",""created_time"":""2026-04-28T04:45:14.146484Z"",""no_price_dollars"":""0.4400"",""taker_side"":""yes"",""ticker"":""KXBTC15M-26APR280100-00"",""trade_id"":""f8a5acc0-4605-6a4d-762f-4c2e38381cbb"",""yes_price_dollars"":""0.5600""}"
KXBTC15M-26APR280100-00,f0dc63fc-a2c5-670a-7dda-7bde0e8849c2,1777351514,0.58,2.0,yes,"{""count_fp"":""2.00"",""created_time"":""2026-04-28T04:45:14.146484Z"",""no_price_dollars"":""0.4200"",""taker_side"":""yes"",""ticker"":""KXBTC15M-26APR280100-00"",""trade_id"":""f0dc63fc-a2c5-670a-7dda-7bde0e8849c2"",""yes_price_dollars"":""0.5800""}"
KXBTC15M-26APR280100-00,a2e5e9a8-0816-6b19-4ae3-7c7bf949a9c8,1777351514,0.55,105.04,yes,"{""count_fp"":""105.04"",""created_time"":""2026-04-28T04:45:14.146484Z"",""no_price_dollars"":""0.4500"",""taker_side"":""yes"",""ticker"":""KXBTC15M-26APR280100-00"",""trade_id"":""a2e5e9a8-0816-6b19-4ae3-7c7bf949a9c8"",""yes_price_dollars"":""0.5500""}"
KXBTC15M-26APR280100-00,a08e5723-892a-6f3d-5e78-ec7fb149a7f5,1777351514,0.57,1.0,yes,"{""count_fp"":""1.00"",""created_time"":""2026-04-28T04:45:14.146484Z"",""no_price_dollars"":""0.4300"",""taker_side"":""yes"",""ticker"":""KXBTC15M-26APR280100-00"",""trade_id"":""a08e5723-892a-6f3d-5e78-ec7fb149a7f5"",""yes_price_dollars"":""0.5700""}"
KXBTC15M-26APR280100-00,48c7945f-65a5-64a7-71a5-b5d983228f5c,1777351514,0.57,3.0,yes,"{""count_fp"":""3.00"",""created_time"":""2026-04-28T04:45:14.146484Z"",""no_price_dollars"":""0.4300"",""taker_side"":""yes"",""ticker"":""KXBTC15M-26APR280100-00"",""trade_id"":""48c7945f-65a5-64a7-71a5-b5d983228f5c"",""yes_price_dollars"":""0.5700""}"
KXBTC15M-26APR280100-00,0c50acad-baf0-6cc4-4d98-d3d53b4ad615,1777351514,0.58,18.02,yes,"{""count_fp"":""18.02"",""created_time"":""2026-04-28T04:45:14.146484Z"",""no_price_dollars"":""0.4200"",""taker_side"":""yes"",""ticker"":""KXBTC15M-26APR280100-00"",""trade_id"":""0c50acad-baf0-6cc4-4d98-d3d53b4ad615"",""yes_price_dollars"":""0.5800""}"
KXBTC15M-26APR280100-00,0959b461-34b2-6708-7499-92446ffa9c34,1777351514,0.55,41.45,yes,"{""count_fp"":""41.45"",""created_time"":""2026-04-28T04:45:14.146484Z"",""no_price_dollars"":""0.4500"",""taker_side"":""yes"",""ticker"":""KXBTC15M-26APR280100-00"",""trade_id"":""0959b461-34b2-6708-7499-92446ffa9c34"",""yes_price_dollars"":""0.5500""}"
KXBTC15M-26APR280100-00,08d14f1a-2d27-6fcf-4685-dc89a80ff7d1,1777351514,0.58,1.0,yes,"{""count_fp"":""1.00"",""created_time"":""2026-04-28T04:45:14.146484Z"",""no_price_dollars"":""0.4200"",""taker_side"":""yes"",""ticker"":""KXBTC15M-26APR280100-00"",""trade_id"":""08d14f1a-2d27-6fcf-4685-dc89a80ff7d1"",""yes_price_dollars"":""0.5800""}"
KXBTC15M-26APR280100-00,b345a72b-2c78-5550-cd37-cc757069baff,1777351514,0.55,1.0,yes,"{""count_fp"":""1.00"",""created_time"":""2026-04-28T04:45:14.134701Z"",""no_price_dollars"":""0.4500"",""taker_side"":""yes"",""ticker"":""KXBTC15M-26APR280100-00"",""trade_id"":""b345a72b-2c78-5550-cd37-cc757069baff"",""yes_price_dollars"":""0.5500""}"
KXBTC15M-26APR280100-00,8a799bff-54ae-5461-c657-a980fe93c6f8,1777351514,0.55,14.96,yes,"{""count_fp"":""14.96"",""created_time"":""2026-04-28T04:45:14.134701Z"",""no_price_dollars"":""0.4500"",""taker_side"":""yes"",""ticker"":""KXBTC15M-26APR280100-00"",""trade_id"":""8a799bff-54ae-5461-c657-a980fe93c6f8"",""yes_price_dollars"":""0.5500""}"
KXBTC15M-26APR280100-00,373c1671-81f5-51e6-fdb3-65f6debfac32,1777351514,0.55,1.0,yes,"{""count_fp"":""1.00"",""created_time"":""2026-04-28T04:45:14.134701Z"",""no_price_dollars"":""0.4500"",""taker_side"":""yes"",""ticker"":""KXBTC15M-26APR280100-00"",""trade_id"":""373c1671-81f5-51e6-fdb3-65f6debfac32"",""yes_price_dollars"":""0.5500""}"
KXBTC15M-26APR280100-00,1d1aecf8-f4ac-6b09-7635-b3d4bb151ca0,1777351514,0.53,80.7,no,"{""count_fp"":""80.70"",""created_time"":""2026-04-28T04:45:14.080487Z"",""no_price_dollars"":""0.4700"",""taker_side"":""no"",""ticker"":""KXBTC15M-26APR280100-00"",""trade_id"":""1d1aecf8-f4ac-6b09-7635-b3d4bb151ca0"",""yes_price_dollars"":""0.5300""}"
KXBTC15M-26APR280100-00,64c78671-d11e-4dc3-9b8a-20880cb8823a,1777351515,0.59,4.0,no,"{""count_fp"":""4.00"",""created_time"":""2026-04-28T04:45:15.720765Z"",""no_price_dollars"":""0.4100"",""taker_side"":""no"",""ticker"":""KXBTC15M-26APR280100-00"",""trade_id"":""64c78671-d11e-4dc3-9b8a-20880cb8823a"",""yes_price_dollars"":""0.5900""}"
KXBTC15M-26APR280100-00,7c786bc0-2099-6f95-1bc9-a3a207cd7157,1777351515,0.59,5.0,yes,"{""count_fp"":""5.00"",""created_time"":""2026-04-28T04:45:15.316828Z"",""no_price_dollars"":""0.4100"",""taker_side"":""yes"",""ticker"":""KXBTC15M-26APR280100-00"",""trade_id"":""7c786bc0-2099-6f95-1bc9-a3a207cd7157"",""yes_price_dollars"":""0.5900""}"
KXBTC15M-26APR280100-00,30fe7993-fcf6-68cb-3725-d332e52f1293,1777351515,0.59,20.84,yes,"{""count_fp"":""20.84"",""created_time"":""2026-04-28T04:45:15.316828Z"",""no_price_dollars"":""0.4100"",""taker_side"":""yes"",""ticker"":""KXBTC15M-26APR280100-00"",""trade_id"":""30fe7993-fcf6-68cb-3725-d332e52f1293"",""yes_price_dollars"":""0.5900""}"
KXBTC15M-26APR280100-00,44eb76ed-6d2a-7f13-51d6-f849eb5b1fa3,1777351515,0.59,48.87,yes,"{""count_fp"":""48.87"",""created_time"":""2026-04-28T04:45:15.263916Z"",""no_price_dollars"":""0.4100"",""taker_side"":""yes"",""ticker"":""KXBTC15M-26APR280100-00"",""trade_id"":""44eb76ed-6d2a-7f13-51d6-f849eb5b1fa3"",""yes_price_dollars"":""0.5900""}"
KXBTC15M-26APR280100-00,c8e01b43-7839-49f7-1c29-a08b211f37a9,1777351515,0.56,1.0,yes,"{""count_fp"":""1.00"",""created_time"":""2026-04-28T04:45:15.061829Z"",""no_price_dollars"":""0.4400"",""taker_side"":""yes"",""ticker"":""KXBTC15M-26APR280100-00"",""trade_id"":""c8e01b43-7839-49f7-1c29-a08b211f37a9"",""yes_price_dollars"":""0.5600""}"
KXBTC15M-26APR280100-00,a1307ebe-7f33-40d0-0a6d-e134cbee9424,1777351515,0.56,1.0,yes,"{""count_fp"":""1.00"",""created_time"":""2026-04-28T04:45:15.061829Z"",""no_price_dollars"":""0.4400"",""taker_side"":""yes"",""ticker"":""KXBTC15M-26APR280100-00"",""trade_id"":""a1307ebe-7f33-40d0-0a6d-e134cbee9424"",""yes_price_dollars"":""0.5600""}"
KXBTC15M-26APR280100-00,2539652a-5042-6257-68d2-560cf103c4aa,1777351516,0.59,3.0,no,"{""count_fp"":""3.00"",""created_time"":""2026-04-28T04:45:16.760987Z"",""no_price_dollars"":""0.4100"",""taker_side"":""no"",""ticker"":""KXBTC15M-26APR280100-00"",""trade_id"":""2539652a-5042-6257-68d2-560cf103c4aa"",""yes_price_dollars"":""0.5900""}"
KXBTC15M-26APR280100-00,6db394c8-669e-75dd-c2d8-53f8aede619e,1777351516,0.6,40.53,yes,"{""count_fp"":""40.53"",""created_time"":""2026-04-28T04:45:16.567569Z"",""no_price_dollars"":""0.4000"",""taker_side"":""yes"",""ticker"":""KXBTC15M-26APR280100-00"",""trade_id"":""6db394c8-669e-75dd-c2d8-53f8aede619e"",""yes_price_dollars"":""0.6000""}"
KXBTC15M-26APR280100-00,0e3f7793-25ae-4b77-41d6-9ff729897712,1777351516,0.59,0.39,no,"{""count_fp"":""0.39"",""created_time"":""2026-04-28T04:45:16.490985Z"",""no_price_dollars"":""0.4100"",""taker_side"":""no"",""ticker"":""KXBTC15M-26APR280100-00"",""trade_id"":""0e3f7793-25ae-4b77-41d6-9ff729897712"",""yes_price_dollars"":""0.5900""}"
KXBTC15M-26APR280100-00,dcb83594-fc88-582d-2c33-45e0575d3a48,1777351517,0.59,1.0,no,"{""count_fp"":""1.00"",""created_time"":""2026-04-28T04:45:17.855883Z"",""no_price_dollars"":""0.4100"",""taker_side"":""no"",""ticker"":""KXBTC15M-26APR280100-00"",""trade_id"":""dcb83594-fc88-582d-2c33-45e0575d3a48"",""yes_price_dollars"":""0.5900""}"
KXBTC15M-26APR280100-00,5d20b5b8-06a6-4c71-288d-58cb892125a2,1777351517,0.6,14.0,yes,"{""count_fp"":""14.00"",""created_time"":""2026-04-28T04:45:17.473763Z"",""no_price_dollars"":""0.4000"",""taker_side"":""yes"",""ticker"":""KXBTC15M-26APR280100-00"",""trade_id"":""5d20b5b8-06a6-4c71-288d-58cb892125a2"",""yes_price_dollars"":""0.6000""}"
KXBTC15M-26APR280100-00,edc816ae-46a0-735d-e9ee-9ad3ac6c1e40,1777351517,0.59,50.0,no,"{""count_fp"":""50.00"",""created_time"":""2026-04-28T04:45:17.413636Z"",""no_price_dollars"":""0.4100"",""taker_side"":""no"",""ticker"":""KXBTC15M-26APR280100-00"",""trade_id"":""edc816ae-46a0-735d-e9ee-9ad3ac6c1e40"",""yes_price_dollars"":""0.5900""}"
KXBTC15M-26APR280100-00,1f14a5e4-259c-7050-95db-fd7f9a8b7649,1777351518,0.6,18.52,yes,"{""count_fp"":""18.52"",""created_time"":""2026-04-28T04:45:18.253428Z"",""no_price_dollars"":""0.4000"",""taker_side"":""yes"",""ticker"":""KXBTC15M-26APR280100-00"",""trade_id"":""1f14a5e4-259c-7050-95db-fd7f9a8b7649"",""yes_price_dollars"":""0.6000""}"
KXBTC15M-26APR280100-00,038b5dc1-cc48-7907-a722-4931cae6732f,1777351518,0.61,2.55,yes,"{""count_fp"":""2.55"",""created_time"":""2026-04-28T04:45:18.253428Z"",""no_price_dollars"":""0.3900"",""taker_side"":""yes"",""ticker"":""KXBTC15M-26APR280100-00"",""trade_id"":""038b5dc1-cc48-7907-a722-4931cae6732f"",""yes_price_dollars"":""0.6100""}"
KXBTC15M-26APR280100-00,92199c27-def8-5979-86ed-685789334b34,1777351518,0.6,7.0,yes,"{""count_fp"":""7.00"",""created_time"":""2026-04-28T04:45:18.099029Z"",""no_price_dollars"":""0.4000"",""taker_side"":""yes"",""ticker"":""KXBTC15M-26APR280100-00"",""trade_id"":""92199c27-def8-5979-86ed-685789334b34"",""yes_price_dollars"":""0.6000""}"
KXBTC15M-26APR280100-00,87871903-be90-5378-9710-d81dce978d55,1777351518,0.6,1.48,yes,"{""count_fp"":""1.48"",""created_time"":""2026-04-28T04:45:18.099029Z"",""no_price_dollars"":""0.4000"",""taker_side"":""yes"",""ticker"":""KXBTC15M-26APR280100-00"",""trade_id"":""87871903-be90-5378-9710-d81dce978d55"",""yes_price_dollars"":""0.6000""}"
KXBTC15M-26APR280100-00,15a49e28-2e9a-5ecd-80ec-24968fe3c81e,1777351518,0.6,23.94,yes,"{""count_fp"":""23.94"",""created_time"":""2026-04-28T04:45:18.099029Z"",""no_price_dollars"":""0.4000"",""taker_side"":""yes"",""ticker"":""KXBTC15M-26APR280100-00"",""trade_id"":""15a49e28-2e9a-5ecd-80ec-24968fe3c81e"",""yes_price_dollars"":""0.6000""}"
KXBTC15M-26APR280100-00,d98ad20f-b312-5ee1-4ae1-2553060b78aa,1777351518,0.6,40.53,yes,"{""count_fp"":""40.53"",""created_time"":""2026-04-28T04:45:18.028199Z"",""no_price_dollars"":""0.4000"",""taker_side"":""yes"",""ticker"":""KXBTC15M-26APR280100-00"",""trade_id"":""d98ad20f-b312-5ee1-4ae1-2553060b78aa"",""yes_price_dollars"":""0.6000""}"
KXBTC15M-26APR280100-00,5ba7c0a4-d57c-43dc-5117-51105dd058ad,1777351519,0.6,15.95,yes,"{""count_fp"":""15.95"",""created_time"":""2026-04-28T04:45:19.844633Z"",""no_price_dollars"":""0.4000"",""taker_side"":""yes"",""ticker"":""KXBTC15M-26APR280100-00"",""trade_id"":""5ba7c0a4-d57c-43dc-5117-51105dd058ad"",""yes_price_dollars"":""0.6000""}"
KXBTC15M-26APR280100-00,2e9a7dad-ae2c-4b24-b81f-8da3de5f724d,1777351519,0.6,6.38,yes,"{""count_fp"":""6.38"",""created_time"":""2026-04-28T04:45:19.728178Z"",""no_price_dollars"":""0.4000"",""taker_side"":""yes"",""ticker"":""KXBTC15M-26APR280100-00"",""trade_id"":""2e9a7dad-ae2c-4b24-b81f-8da3de5f724d"",""yes_price_dollars"":""0.6000""}"
KXBTC15M-26APR280100-00,ed230d0b-1082-464e-31b5-383fe93baa04,1777351519,0.59,2.17,no,"{""count_fp"":""2.17"",""created_time"":""2026-04-28T04:45:19.716609Z"",""no_price_dollars"":""0.4100"",""taker_side"":""no"",""ticker"":""KXBTC15M-26APR280100-00"",""trade_id"":""ed230d0b-1082-464e-31b5-383fe93baa04"",""yes_price_dollars"":""0.5900""}"
KXBTC15M-26APR280100-00,b8d2ab44-be92-702e-abdd-c0117ed6fa84,1777351519,0.59,8.04,no,"{""count_fp"":""8.04"",""created_time"":""2026-04-28T04:45:19.653391Z"",""no_price_dollars"":""0.4100"",""taker_side"":""no"",""ticker"":""KXBTC15M-26APR280100-00"",""trade_id"":""b8d2ab44-be92-702e-abdd-c0117ed6fa84"",""yes_price_dollars"":""0.5900""}"
KXBTC15M-26APR280100-00,098d7eb4-a9ca-40f6-5713-c741c92aa080,1777351519,0.59,8.0,no,"{""count_fp"":""8.00"",""created_time"":""2026-04-28T04:45:19.349757Z"",""no_price_dollars"":""0.4100"",""taker_side"":""no"",""ticker"":""KXBTC15M-26APR280100-00"",""trade_id"":""098d7eb4-a9ca-40f6-5713-c741c92aa080"",""yes_price_dollars"":""0.5900""}"
KXBTC15M-26APR280100-00,e9da7f06-d0ef-5cde-c56d-cc2ebf23a9c1,1777351519,0.59,26.0,no,"{""count_fp"":""26.00"",""created_time"":""2026-04-28T04:45:19.275326Z"",""no_price_dollars"":""0.4100"",""taker_side"":""no"",""ticker"":""KXBTC15M-26APR280100-00"",""trade_id"":""e9da7f06-d0ef-5cde-c56d-cc2ebf23a9c1"",""yes_price_dollars"":""0.5900""}"
KXBTC15M-26APR280100-00,e280b8f2-da74-5b75-d60c-d3995567f388,1777351519,0.59,1026.73,no,"{""count_fp"":""1026.73"",""created_time"":""2026-04-28T04:45:19.275326Z"",""no_price_dollars"":""0.4100"",""taker_side"":""no"",""ticker"":""KXBTC15M-26APR280100-00"",""trade_id"":""e280b8f2-da74-5b75-d60c-d3995567f388"",""yes_price_dollars"":""0.5900""}"
KXBTC15M-26APR280100-00,b606d9db-39fa-5655-ee53-ca90fffd8783,1777351519,0.59,3.0,no,"{""count_fp"":""3.00"",""created_time"":""2026-04-28T04:45:19.275326Z"",""no_price_dollars"":""0.4100"",""taker_side"":""no"",""ticker"":""KXBTC15M-26APR280100-00"",""trade_id"":""b606d9db-39fa-5655-ee53-ca90fffd8783"",""yes_price_dollars"":""0.5900""}"
KXBTC15M-26APR280100-00,4003a7f3-78e6-5dc2-fc66-d974d38d7ebc,1777351519,0.59,75.41,no,"{""count_fp"":""75.41"",""created_time"":""2026-04-28T04:45:19.275326Z"",""no_price_dollars"":""0.4100"",""taker_side"":""no"",""ticker"":""KXBTC15M-26APR280100-00"",""trade_id"":""4003a7f3-78e6-5dc2-fc66-d974d38d7ebc"",""yes_price_dollars"":""0.5900""}"
KXBTC15M-26APR280100-00,05ec4226-9807-5bc7-c35e-5822e1de8b0f,1777351519,0.59,40.0,no,"{""count_fp"":""40.00"",""created_time"":""2026-04-28T04:45:19.275326Z"",""no_price_dollars"":""0.4100"",""taker_side"":""no"",""ticker"":""KXBTC15M-26APR280100-00"",""trade_id"":""05ec4226-9807-5bc7-c35e-5822e1de8b0f"",""yes_price_dollars"":""0.5900""}"
KXBTC15M-26APR280100-00,4d07eb14-fbd8-40d9-b222-812cde689dc0,1777351519,0.59,11.71,no,"{""count_fp"":""11.71"",""created_time"":""2026-04-28T04:45:19.232763Z"",""no_price_dollars"":""0.4100"",""taker_side"":""no"",""ticker"":""KXBTC15M-26APR280100-00"",""trade_id"":""4d07eb14-fbd8-40d9-b222-812cde689dc0"",""yes_price_dollars"":""0.5900""}"
KXBTC15M-26APR280100-00,0084fd03-9f5c-7b77-51cb-2d856bdd9617,1777351519,0.61,7.77,yes,"{""count_fp"":""7.77"",""created_time"":""2026-04-28T04:45:19.133409Z"",""no_price_dollars"":""0.3900"",""taker_side"":""yes"",""ticker"":""KXBTC15M-26APR280100-00"",""trade_id"":""0084fd03-9f5c-7b77-51cb-2d856bdd9617"",""yes_price_dollars"":""0.6100""}"
KXBTC15M-26APR280100-00,17e93684-2ccc-7749-a81a-1836b0581ae8,1777351519,0.59,10.0,no,"{""count_fp"":""10.00"",""created_time"":""2026-04-28T04:45:19.119556Z"",""no_price_dollars"":""0.4100"",""taker_side"":""no"",""ticker"":""KXBTC15M-26APR280100-00"",""trade_id"":""17e93684-2ccc-7749-a81a-1836b0581ae8"",""yes_price_dollars"":""0.5900""}"
KXBTC15M-26APR280100-00,843a6192-545c-6efb-0f5b-652f502f860b,1777351519,0.61,6.35,yes,"{""count_fp"":""6.35"",""created_time"":""2026-04-28T04:45:19.037288Z"",""no_price_dollars"":""0.3900"",""taker_side"":""yes"",""ticker"":""KXBTC15M-26APR280100-00"",""trade_id"":""843a6192-545c-6efb-0f5b-652f502f860b"",""yes_price_dollars"":""0.6100""}"
KXBTC15M-26APR280100-00,ce2cc3e7-a7cc-4105-ed8a-f79273e67250,1777351519,0.59,1.0,no,"{""count_fp"":""1.00"",""created_time"":""2026-04-28T04:45:19.032743Z"",""no_price_dollars"":""0.4100"",""taker_side"":""no"",""ticker"":""KXBTC15M-26APR280100-00"",""trade_id"":""ce2cc3e7-a7cc-4105-ed8a-f79273e67250"",""yes_price_dollars"":""0.5900""}"
KXBTC15M-26APR280100-00,a3fb95ee-9de5-6475-81bd-e28d999cc557,1777351520,0.58,42.03,yes,"{""count_fp"":""42.03"",""created_time"":""2026-04-28T04:45:20.710323Z"",""no_price_dollars"":""0.4200"",""taker_side"":""yes"",""ticker"":""KXBTC15M-26APR280100-00"",""trade_id"":""a3fb95ee-9de5-6475-81bd-e28d999cc557"",""yes_price_dollars"":""0.5800""}"
KXBTC15M-26APR280100-00,757d924d-4f8f-62c3-be53-d7c9fd30748c,1777351520,0.58,120.0,yes,"{""count_fp"":""120.00"",""created_time"":""2026-04-28T04:45:20.710323Z"",""no_price_dollars"":""0.4200"",""taker_side"":""yes"",""ticker"":""KXBTC15M-26APR280100-00"",""trade_id"":""757d924d-4f8f-62c3-be53-d7c9fd30748c"",""yes_price_dollars"":""0.5800""}"
KXBTC15M-26APR280100-00,3ce9313f-05dc-6040-8219-c229634c227e,1777351520,0.58,3.0,yes,"{""count_fp"":""3.00"",""created_time"":""2026-04-28T04:45:20.710323Z"",""no_price_dollars"":""0.4200"",""taker_side"":""yes"",""ticker"":""KXBTC15M-26APR280100-00"",""trade_id"":""3ce9313f-05dc-6040-8219-c229634c227e"",""yes_price_dollars"":""0.5800""}"
KXBTC15M-26APR280100-00,891e08b7-af17-6f51-9c49-423c98f70613,1777351520,0.59,40.0,yes,"{""count_fp"":""40.00"",""created_time"":""2026-04-28T04:45:20.135975Z"",""no_price_dollars"":""0.4100"",""taker_side"":""yes"",""ticker"":""KXBTC15M-26APR280100-00"",""trade_id"":""891e08b7-af17-6f51-9c49-423c98f70613"",""yes_price_dollars"":""0.5900""}"
KXBTC15M-26APR280100-00,7da977df-b5d5-60f3-8a74-5354cd1df847,1777351520,0.6,3.0,yes,"{""count_fp"":""3.00"",""created_time"":""2026-04-28T04:45:20.135975Z"",""no_price_dollars"":""0.4000"",""taker_side"":""yes"",""ticker"":""KXBTC15M-26APR280100-00"",""trade_id"":""7da977df-b5d5-60f3-8a74-5354cd1df847"",""yes_price_dollars"":""0.6000""}"
KXBTC15M-26APR280100-00,5f3a50cf-a8f8-6e90-bfea-9fa6b7370035,1777351520,0.6,17.67,yes,"{""count_fp"":""17.67"",""created_time"":""2026-04-28T04:45:20.135975Z"",""no_price_dollars"":""0.4000"",""taker_side"":""yes"",""ticker"":""KXBTC15M-26APR280100-00"",""trade_id"":""5f3a50cf-a8f8-6e90-bfea-9fa6b7370035"",""yes_price_dollars"":""0.6000""}"
KXBTC15M-26APR280100-00,3e0f37b6-aa55-68c9-9cc3-e13167a5b889,1777351520,0.6,11.0,yes,"{""count_fp"":""11.00"",""created_time"":""2026-04-28T04:45:20.135975Z"",""no_price_dollars"":""0.4000"",""taker_side"":""yes"",""ticker"":""KXBTC15M-26APR280100-00"",""trade_id"":""3e0f37b6-aa55-68c9-9cc3-e13167a5b889"",""yes_price_dollars"":""0.6000""}"
KXBTC15M-26APR280100-00,3ae791ef-9325-61dd-a311-7ff8a7c9c431,1777351520,0.6,326.99,yes,"{""count_fp"":""326.99"",""created_time"":""2026-04-28T04:45:20.135975Z"",""no_price_dollars"":""0.4000"",""taker_side"":""yes"",""ticker"":""KXBTC15M-26APR280100-00"",""trade_id"":""3ae791ef-9325-61dd-a311-7ff8a7c9c431"",""yes_price_dollars"":""0.6000""}"
KXBTC15M-26APR280100-00,aff4263f-5172-708a-26a8-f17c6309c44c,1777351520,0.59,101.72,no,"{""count_fp"":""101.72"",""created_time"":""2026-04-28T04:45:20.110649Z"",""no_price_dollars"":""0.4100"",""taker_side"":""no"",""ticker"":""KXBTC15M-26APR280100-00"",""trade_id"":""aff4263f-5172-708a-26a8-f17c6309c44c"",""yes_price_dollars"":""0.5900""}"
KXBTC15M-26APR280100-00,6d20699f-e122-5dca-1a61-88a09206b690,1777351520,0.59,65.92,no,"{""count_fp"":""65.92"",""created_time"":""2026-04-28T04:45:20.110156Z"",""no_price_dollars"":""0.4100"",""taker_side"":""no"",""ticker"":""KXBTC15M-26APR280100-00"",""trade_id"":""6d20699f-e122-5dca-1a61-88a09206b690"",""yes_price_dollars"":""0.5900""}"
KXBTC15M-26APR280100-00,45674520-c282-71aa-09bb-762a0a2b5814,1777351520,0.59,1.0,no,"{""count_fp"":""1.00"",""created_time"":""2026-04-28T04:45:20.041169Z"",""no_price_dollars"":""0.4100"",""taker_side"":""no"",""ticker"":""KXBTC15M-26APR280100-00"",""trade_id"":""45674520-c282-71aa-09bb-762a0a2b5814"",""yes_price_dollars"":""0.5900""}"
KXBTC15M-26APR280100-00,e5a2de19-c961-52b9-1ce8-e6b57a58b5a7,1777351521,0.58,10.0,yes,"{""count_fp"":""10.00"",""created_time"":""2026-04-28T04:45:21.759295Z"",""no_price_dollars"":""0.4200"",""taker_side"":""yes"",""ticker"":""KXBTC15M-26APR280100-00"",""trade_id"":""e5a2de19-c961-52b9-1ce8-e6b57a58b5a7"",""yes_price_dollars"":""0.5800""}"
KXBTC15M-26APR280100-00,58c60f60-3f91-70d9-8a26-f8f539ddb1b7,1777351521,0.58,22.41,yes,"{""count_fp"":""22.41"",""created_time"":""2026-04-28T04:45:21.659232Z"",""no_price_dollars"":""0.4200"",""taker_side"":""yes"",""ticker"":""KXBTC15M-26APR280100-00"",""trade_id"":""58c60f60-3f91-70d9-8a26-f8f539ddb1b7"",""yes_price_dollars"":""0.5800""}"
KXBTC15M-26APR280100-00,65e8b461-b275-5569-7364-0e0de1361b83,1777351521,0.58,27.33,yes,"{""count_fp"":""27.33"",""created_time"":""2026-04-28T04:45:21.594753Z"",""no_price_dollars"":""0.4200"",""taker_side"":""yes"",""ticker"":""KXBTC15M-26APR280100-00"",""trade_id"":""65e8b461-b275-5569-7364-0e0de1361b83"",""yes_price_dollars"":""0.5800""}"
KXBTC15M-26APR280100-00,f1547f1e-3211-5b75-b375-d9d67ab5d1db,1777351521,0.58,26.93,yes,"{""count_fp"":""26.93"",""created_time"":""2026-04-28T04:45:21.582084Z"",""no_price_dollars"":""0.4200"",""taker_side"":""yes"",""ticker"":""KXBTC15M-26APR280100-00"",""trade_id"":""f1547f1e-3211-5b75-b375-d9d67ab5d1db"",""yes_price_dollars"":""0.5800""}"
KXBTC15M-26APR280100-00,f8cb66dc-fbd1-7ec9-f69e-bc0998ce9571,1777351521,0.58,5.0,yes,"{""count_fp"":""5.00"",""created_time"":""2026-04-28T04:45:21.452529Z"",""no_price_dollars"":""0.4200"",""taker_side"":""yes"",""ticker"":""KXBTC15M-26APR280100-00"",""trade_id"":""f8cb66dc-fbd1-7ec9-f69e-bc0998ce9571"",""yes_price_dollars"":""0.5800""}"
KXBTC15M-26APR280100-00,c9bd6b9d-1e45-7a1d-5f2a-44a2143c5105,1777351521,0.58,10.0,yes,"{""count_fp"":""10.00"",""created_time"":""2026-04-28T04:45:21.281805Z"",""no_price_dollars"":""0.4200"",""taker_side"":""yes"",""ticker"":""KXBTC15M-26APR280100-00"",""trade_id"":""c9bd6b9d-1e45-7a1d-5f2a-44a2143c5105"",""yes_price_dollars"":""0.5800""}"
KXBTC15M-26APR280100-00,2135b459-b619-5645-dcec-186f194cc52d,1777351521,0.58,75.27,yes,"{""count_fp"":""75.27"",""created_time"":""2026-04-28T04:45:21.188865Z"",""no_price_dollars"":""0.4200"",""taker_side"":""yes"",""ticker"":""KXBTC15M-26APR280100-00"",""trade_id"":""2135b459-b619-5645-dcec-186f194cc52d"",""yes_price_dollars"":""0.5800""}"
KXBTC15M-26APR280100-00,d05f8f75-8b91-4c95-e5e1-451d17ef9cc5,1777351521,0.58,7.97,yes,"{""count_fp"":""7.97"",""created_time"":""2026-04-28T04:45:21.185924Z"",""no_price_dollars"":""0.4200"",""taker_side"":""yes"",""ticker"":""KXBTC15M-26APR280100-00"",""trade_id"":""d05f8f75-8b91-4c95-e5e1-451d17ef9cc5"",""yes_price_dollars"":""0.5800""}"
KXBTC15M-26APR280100-00,5b200ed3-14aa-6476-e541-313944a26b00,1777351522,0.57,46.96,no,"{""count_fp"":""46.96"",""created_time"":""2026-04-28T04:45:22.967107Z"",""no_price_dollars"":""0.4300"",""taker_side"":""no"",""ticker"":""KXBTC15M-26APR280100-00"",""trade_id"":""5b200ed3-14aa-6476-e541-313944a26b00"",""yes_price_dollars"":""0.5700""}"
KXBTC15M-26APR280100-00,51cfff45-f399-6da5-d7f3-2a3583b3802f,1777351522,0.58,25.0,yes,"{""count_fp"":""25.00"",""created_time"":""2026-04-28T04:45:22.926798Z"",""no_price_dollars"":""0.4200"",""taker_side"":""yes"",""ticker"":""KXBTC15M-26APR280100-00"",""trade_id"":""51cfff45-f399-6da5-d7f3-2a3583b3802f"",""yes_price_dollars"":""0.5800""}"
KXBTC15M-26APR280100-00,39afd392-7271-7125-9a5f-13e3b12fe0bb,1777351522,0.58,28.24,yes,"{""count_fp"":""28.24"",""created_time"":""2026-04-28T04:45:22.914055Z"",""no_price_dollars"":""0.4200"",""taker_side"":""yes"",""ticker"":""KXBTC15M-26APR280100-00"",""trade_id"":""39afd392-7271-7125-9a5f-13e3b12fe0bb"",""yes_price_dollars"":""0.5800""}"
KXBTC15M-26APR280100-00,8f2336b2-622d-4d2d-89f9-6721cac24be7,1777351522,0.58,83.74,yes,"{""count_fp"":""83.74"",""created_time"":""2026-04-28T04:45:22.390826Z"",""no_price_dollars"":""0.4200"",""taker_side"":""yes"",""ticker"":""KXBTC15M-26APR280100-00"",""trade_id"":""8f2336b2-622d-4d2d-89f9-6721cac24be7"",""yes_price_dollars"":""0.5800""}"
KXBTC15M-26APR280100-00,a096bea2-baee-4f8e-1ea4-0d06cdf7706c,1777351522,0.57,3.0,no,"{""count_fp"":""3.00"",""created_time"":""2026-04-28T04:45:22.252344Z"",""no_price_dollars"":""0.4300"",""taker_side"":""no"",""ticker"":""KXBTC15M-26APR280100-00"",""trade_id"":""a096bea2-baee-4f8e-1ea4-0d06cdf7706c"",""yes_price_dollars"":""0.5700""}"
KXBTC15M-26APR280100-00,83c37c73-cd03-4677-65b4-b02a3dd1e51e,1777351523,0.58,4.47,no,"{""count_fp"":""4.47"",""created_time"":""2026-04-28T04:45:23.996075Z"",""no_price_dollars"":""0.4200"",""taker_side"":""no"",""ticker"":""KXBTC15M-26APR280100-00"",""trade_id"":""83c37c73-cd03-4677-65b4-b02a3dd1e51e"",""yes_price_dollars"":""0.5800""}"
KXBTC15M-26APR280100-00,1db138aa-d31f-4527-0ad3-8bd0062cfd76,1777351523,0.58,33.54,no,"{""count_fp"":""33.54"",""created_time"":""2026-04-28T04:45:23.854442Z"",""no_price_dollars"":""0.4200"",""taker_side"":""no"",""ticker"":""KXBTC15M-26APR280100-00"",""trade_id"":""1db138aa-d31f-4527-0ad3-8bd0062cfd76"",""yes_price_dollars"":""0.5800""}"
KXBTC15M-26APR280100-00,d3ee07d8-eac9-4869-0c9e-03dd800195c7,1777351523,0.58,72.02,yes,"{""count_fp"":""72.02"",""created_time"":""2026-04-28T04:45:23.658903Z"",""no_price_dollars"":""0.4200"",""taker_side"":""yes"",""ticker"":""KXBTC15M-26APR280100-00"",""trade_id"":""d3ee07d8-eac9-4869-0c9e-03dd800195c7"",""yes_price_dollars"":""0.5800""}"
KXBTC15M-26APR280100-00,f6f03324-4136-6222-3acb-9520e6aac43c,1777351523,0.57,55.9,no,"{""count_fp"":""55.90"",""created_time"":""2026-04-28T04:45:23.295806Z"",""no_price_dollars"":""0.4300"",""taker_side"":""no"",""ticker"":""KXBTC15M-26APR280100-00"",""trade_id"":""f6f03324-4136-6222-3acb-9520e6aac43c"",""yes_price_dollars"":""0.5700""}"
KXBTC15M-26APR280100-00,8f52ec7b-ac42-4152-1339-03827cee0020,1777351523,0.57,44.72,no,"{""count_fp"":""44.72"",""created_time"":""2026-04-28T04:45:23.084265Z"",""no_price_dollars"":""0.4300"",""taker_side"":""no"",""ticker"":""KXBTC15M-26APR280100-00"",""trade_id"":""8f52ec7b-ac42-4152-1339-03827cee0020"",""yes_price_dollars"":""0.5700""}"
KXBTC15M-26APR280100-00,dfa07579-3b62-607e-75b0-f31860ea37e4,1777351523,0.57,0.5,no,"{""count_fp"":""0.50"",""created_time"":""2026-04-28T04:45:23.036777Z"",""no_price_dollars"":""0.4300"",""taker_side"":""no"",""ticker"":""KXBTC15M-26APR280100-00"",""trade_id"":""dfa07579-3b62-607e-75b0-f31860ea37e4"",""yes_price_dollars"":""0.5700""}"
KXBTC15M-26APR280100-00,a2e253a0-a26b-73b5-4edf-67d65c6f77ae,1777351524,0.59,0.6,yes,"{""count_fp"":""0.60"",""created_time"":""2026-04-28T04:45:24.729092Z"",""no_price_dollars"":""0.4100"",""taker_side"":""yes"",""ticker"":""KXBTC15M-26APR280100-00"",""trade_id"":""a2e253a0-a26b-73b5-4edf-67d65c6f77ae"",""yes_price_dollars"":""0.5900""}"
KXBTC15M-26APR280100-00,8ef7a2d0-332f-7f27-5dfe-70440a88978b,1777351524,0.59,1.0,yes,"{""count_fp"":""1.00"",""created_time"":""2026-04-28T04:45:24.729092Z"",""no_price_dollars"":""0.4100"",""taker_side"":""yes"",""ticker"":""KXBTC15M-26APR280100-00"",""trade_id"":""8ef7a2d0-332f-7f27-5dfe-70440a88978b"",""yes_price_dollars"":""0.5900""}"
KXBTC15M-26APR280100-00,b5828838-c437-4497-2181-d851d40d46da,1777351524,0.58,10.25,no,"{""count_fp"":""10.25"",""created_time"":""2026-04-28T04:45:24.626807Z"",""no_price_dollars"":""0.4200"",""taker_side"":""no"",""ticker"":""KXBTC15M-26APR280100-00"",""trade_id"":""b5828838-c437-4497-2181-d851d40d46da"",""yes_price_dollars"":""0.5800""}"
KXBTC15M-26APR280100-00,b1212107-b1f7-582b-68e6-ded03281e072,1777351524,0.58,10.63,no,"{""count_fp"":""10.63"",""created_time"":""2026-04-28T04:45:24.309571Z"",""no_price_dollars"":""0.4200"",""taker_side"":""no"",""ticker"":""KXBTC15M-26APR280100-00"",""trade_id"":""b1212107-b1f7-582b-68e6-ded03281e072"",""yes_price_dollars"":""0.5800""}"
KXBTC15M-26APR280100-00,1d3b7ad6-6d9e-575b-7490-326f01b03c4b,1777351525,0.6,78.63,yes,"{""count_fp"":""78.63"",""created_time"":""2026-04-28T04:45:25.899179Z"",""no_price_dollars"":""0.4000"",""taker_side"":""yes"",""ticker"":""KXBTC15M-26APR280100-00"",""trade_id"":""1d3b7ad6-6d9e-575b-7490-326f01b03c4b"",""yes_price_dollars"":""0.6000""}"
KXBTC15M-26APR280100-00,9397490e-5d55-6e07-a85e-6f7a4ef863c4,1777351525,0.6,38.4,yes,"{""count_fp"":""38.40"",""created_time"":""2026-04-28T04:45:25.864772Z"",""no_price_dollars"":""0.4000"",""taker_side"":""yes"",""ticker"":""KXBTC15M-26APR280100-00"",""trade_id"":""9397490e-5d55-6e07-a85e-6f7a4ef863c4"",""yes_price_dollars"":""0.6000""}"
KXBTC15M-26APR280100-00,70795b39-ba54-66ec-bc73-cb2680099d95,1777351525,0.6,359.61,yes,"{""count_fp"":""359.61"",""created_time"":""2026-04-28T04:45:25.864772Z"",""no_price_dollars"":""0.4000"",""taker_side"":""yes"",""ticker"":""KXBTC15M-26APR280100-00"",""trade_id"":""70795b39-ba54-66ec-bc73-cb2680099d95"",""yes_price_dollars"":""0.6000""}"
KXBTC15M-26APR280100-00,f3c6f2c3-fabb-7c83-3376-2985a2ef419a,1777351525,0.59,2.22,no,"{""count_fp"":""2.22"",""created_time"":""2026-04-28T04:45:25.360163Z"",""no_price_dollars"":""0.4100"",""taker_side"":""no"",""ticker"":""KXBTC15M-26APR280100-00"",""trade_id"":""f3c6f2c3-fabb-7c83-3376-2985a2ef419a"",""yes_price_dollars"":""0.5900""}"
KXBTC15M-26APR280100-00,2028568f-3a7e-7cba-12b0-9409dd9d9d58,1777351525,0.59,9.78,no,"{""count_fp"":""9.78"",""created_time"":""2026-04-28T04:45:25.360163Z"",""no_price_dollars"":""0.4100"",""taker_side"":""no"",""ticker"":""KXBTC15M-26APR280100-00"",""trade_id"":""2028568f-3a7e-7cba-12b0-9409dd9d9d58"",""yes_price_dollars"":""0.5900""}"
KXBTC15M-26APR280100-00,10a7f3be-8c85-654b-fcff-20a6a8f53f2c,1777351525,0.6,1.6,yes,"{""count_fp"":""1.60"",""created_time"":""2026-04-28T04:45:25.246037Z"",""no_price_dollars"":""0.4000"",""taker_side"":""yes"",""ticker"":""KXBTC15M-26APR280100-00"",""trade_id"":""10a7f3be-8c85-654b-fcff-20a6a8f53f2c"",""yes_price_dollars"":""0.6000""}"
KXBTC15M-26APR280100-00,e2dc94b3-4011-6a5e-6847-37fd16b6b709,1777351525,0.59,3.0,yes,"{""count_fp"":""3.00"",""created_time"":""2026-04-28T04:45:25.111089Z"",""no_price_dollars"":""0.4100"",""taker_side"":""yes"",""ticker"":""KXBTC15M-26APR280100-00"",""trade_id"":""e2dc94b3-4011-6a5e-6847-37fd16b6b709"",""yes_price_dollars"":""0.5900""}"
KXBTC15M-26APR280100-00,b8de3998-dce7-6281-6ebc-04a168543a1a,1777351525,0.59,39.4,yes,"{""count_fp"":""39.40"",""created_time"":""2026-04-28T04:45:25.111089Z"",""no_price_dollars"":""0.4100"",""taker_side"":""yes"",""ticker"":""KXBTC15M-26APR280100-00"",""trade_id"":""b8de3998-dce7-6281-6ebc-04a168543a1a"",""yes_price_dollars"":""0.5900""}"
KXBTC15M-26APR280100-00,7e8393b2-c11a-68ed-6b58-9342db3b2cd8,1777351525,0.59,7.6,yes,"{""count_fp"":""7.60"",""created_time"":""2026-04-28T04:45:25.111089Z"",""no_price_dollars"":""0.4100"",""taker_side"":""yes"",""ticker"":""KXBTC15M-26APR280100-00"",""trade_id"":""7e8393b2-c11a-68ed-6b58-9342db3b2cd8"",""yes_price_dollars"":""0.5900""}"
KXBTC15M-26APR280100-00,9eeae5fa-5176-65a7-b7c3-75d83393a287,1777351526,0.6,5.1,yes,"{""count_fp"":""5.10"",""created_time"":""2026-04-28T04:45:26.883775Z"",""no_price_dollars"":""0.4000"",""taker_side"":""yes"",""ticker"":""KXBTC15M-26APR280100-00"",""trade_id"":""9eeae5fa-5176-65a7-b7c3-75d83393a287"",""yes_price_dollars"":""0.6000""}"
KXBTC15M-26APR280100-00,596e97ab-ab0d-6d79-b961-729d8704e5cc,1777351526,0.59,3.0,yes,"{""count_fp"":""3.00"",""created_time"":""2026-04-28T04:45:26.883775Z"",""no_price_dollars"":""0.4100"",""taker_side"":""yes"",""ticker"":""KXBTC15M-26APR280100-00"",""trade_id"":""596e97ab-ab0d-6d79-b961-729d8704e5cc"",""yes_price_dollars"":""0.5900""}"
KXBTC15M-26APR280100-00,3822737d-ad8a-6351-5148-fbf9b139aab7,1777351526,0.58,3.2,no,"{""count_fp"":""3.20"",""created_time"":""2026-04-28T04:45:26.814122Z"",""no_price_dollars"":""0.4200"",""taker_side"":""no"",""ticker"":""KXBTC15M-26APR280100-00"",""trade_id"":""3822737d-ad8a-6351-5148-fbf9b139aab7"",""yes_price_dollars"":""0.5800""}"
KXBTC15M-26APR280100-00,f2da9c63-293c-53b2-2db0-c3eab4810882,1777351526,0.59,25.43,no,"{""count_fp"":""25.43"",""created_time"":""2026-04-28T04:45:26.473137Z"",""no_price_dollars"":""0.4100"",""taker_side"":""no"",""ticker"":""KXBTC15M-26APR280100-00"",""trade_id"":""f2da9c63-293c-53b2-2db0-c3eab4810882"",""yes_price_dollars"":""0.5900""}"
KXBTC15M-26APR280100-00,86849707-1d40-5233-339d-0efa5538a642,1777351526,0.59,29.47,no,"{""count_fp"":""29.47"",""created_time"":""2026-04-28T04:45:26.473137Z"",""no_price_dollars"":""0.4100"",""taker_side"":""no"",""ticker"":""KXBTC15M-26APR280100-00"",""trade_id"":""86849707-1d40-5233-339d-0efa5538a642"",""yes_price_dollars"":""0.5900""}"
KXBTC15M-26APR280100-00,0a96412f-623f-57eb-1bc8-e501e555922b,1777351526,0.59,1.0,no,"{""count_fp"":""1.00"",""created_time"":""2026-04-28T04:45:26.473137Z"",""no_price_dollars"":""0.4100"",""taker_side"":""no"",""ticker"":""KXBTC15M-26APR280100-00"",""trade_id"":""0a96412f-623f-57eb-1bc8-e501e555922b"",""yes_price_dollars"":""0.5900""}"
KXBTC15M-26APR280100-00,54f6fe05-a8dc-54b6-6bf1-46d4cbc10422,1777351526,0.59,4.57,no,"{""count_fp"":""4.57"",""created_time"":""2026-04-28T04:45:26.384921Z"",""no_price_dollars"":""0.4100"",""taker_side"":""no"",""ticker"":""KXBTC15M-26APR280100-00"",""trade_id"":""54f6fe05-a8dc-54b6-6bf1-46d4cbc10422"",""yes_price_dollars"":""0.5900""}"
KXBTC15M-26APR280100-00,fbdc715b-b402-591f-1da6-57c564efe353,1777351526,0.6,32.29,yes,"{""count_fp"":""32.29"",""created_time"":""2026-04-28T04:45:26.372649Z"",""no_price_dollars"":""0.4000"",""taker_side"":""yes"",""ticker"":""KXBTC15M-26APR280100-00"",""trade_id"":""fbdc715b-b402-591f-1da6-57c564efe353"",""yes_price_dollars"":""0.6000""}"
KXBTC15M-26APR280100-00,f5c31b3e-3a26-6f02-71cb-f00f260c7bd0,1777351526,0.59,177.33,no,"{""count_fp"":""177.33"",""created_time"":""2026-04-28T04:45:26.340872Z"",""no_price_dollars"":""0.4100"",""taker_side"":""no"",""ticker"":""KXBTC15M-26APR280100-00"",""trade_id"":""f5c31b3e-3a26-6f02-71cb-f00f260c7bd0"",""yes_price_dollars"":""0.5900""}"
KXBTC15M-26APR280100-00,836cbbe5-155b-61fc-5af5-f2bd0c79ceb3,1777351526,0.59,56.89,no,"{""count_fp"":""56.89"",""created_time"":""2026-04-28T04:45:26.340872Z"",""no_price_dollars"":""0.4100"",""taker_side"":""no"",""ticker"":""KXBTC15M-26APR280100-00"",""trade_id"":""836cbbe5-155b-61fc-5af5-f2bd0c79ceb3"",""yes_price_dollars"":""0.5900""}"
KXBTC15M-26APR280100-00,1adef46a-4d4f-5cc4-1dc1-55d7bf096857,1777351526,0.59,2.0,no,"{""count_fp"":""2.00"",""created_time"":""2026-04-28T04:45:26.103679Z"",""no_price_dollars"":""0.4100"",""taker_side"":""no"",""ticker"":""KXBTC15M-26APR280100-00"",""trade_id"":""1adef46a-4d4f-5cc4-1dc1-55d7bf096857"",""yes_price_dollars"":""0.5900""}"
KXBTC15M-26APR280100-00,cb3f5567-15a2-55c1-a530-aaf6d1a2d5c7,1777351527,0.58,30.95,no,"{""count_fp"":""30.95"",""created_time"":""2026-04-28T04:45:27.878444Z"",""no_price_dollars"":""0.4200"",""taker_side"":""no"",""ticker"":""KXBTC15M-26APR280100-00"",""trade_id"":""cb3f5567-15a2-55c1-a530-aaf6d1a2d5c7"",""yes_price_dollars"":""0.5800""}"
KXBTC15M-26APR280100-00,b3ddaba9-4398-573f-9fd5-1dedef6005aa,1777351527,0.58,189.85,no,"{""count_fp"":""189.85"",""created_time"":""2026-04-28T04:45:27.878444Z"",""no_price_dollars"":""0.4200"",""taker_side"":""no"",""ticker"":""KXBTC15M-26APR280100-00"",""trade_id"":""b3ddaba9-4398-573f-9fd5-1dedef6005aa"",""yes_price_dollars"":""0.5800""}"
KXBTC15M-26APR280100-00,26437ddf-9a70-543f-8db7-5af3cc44ffab,1777351527,0.58,8.0,no,"{""count_fp"":""8.00"",""created_time"":""2026-04-28T04:45:27.878444Z"",""no_price_dollars"":""0.4200"",""taker_side"":""no"",""ticker"":""KXBTC15M-26APR280100-00"",""trade_id"":""26437ddf-9a70-543f-8db7-5af3cc44ffab"",""yes_price_dollars"":""0.5800""}"
KXBTC15M-26APR280100-00,21843303-19b0-45c5-0505-a59dc670aca6,1777351527,0.59,2.0,yes,"{""count_fp"":""2.00"",""created_time"":""2026-04-28T04:45:27.869182Z"",""no_price_dollars"":""0.4100"",""taker_side"":""yes"",""ticker"":""KXBTC15M-26APR280100-00"",""trade_id"":""21843303-19b0-45c5-0505-a59dc670aca6"",""yes_price_dollars"":""0.5900""}"
KXBTC15M-26APR280100-00,7dabf6f5-5938-57d9-d91f-d78d4ffa2a9a,1777351527,0.59,2.0,yes,"{""count_fp"":""2.00"",""created_time"":""2026-04-28T04:45:27.844517Z"",""no_price_dollars"":""0.4100"",""taker_side"":""yes"",""ticker"":""KXBTC15M-26APR280100-00"",""trade_id"":""7dabf6f5-5938-57d9-d91f-d78d4ffa2a9a"",""yes_price_dollars"":""0.5900""}"
KXBTC15M-26APR280100-00,595bb6bf-96ea-46d1-0c47-a62ba1c09297,1777351527,0.58,5.85,no,"{""count_fp"":""5.85"",""created_time"":""2026-04-28T04:45:27.382377Z"",""no_price_dollars"":""0.4200"",""taker_side"":""no"",""ticker"":""KXBTC15M-26APR280100-00"",""trade_id"":""595bb6bf-96ea-46d1-0c47-a62ba1c09297"",""yes_price_dollars"":""0.5800""}"
KXBTC15M-26APR280100-00,c8c7732c-f718-4d95-645e-2c6d950f3a42,1777351527,0.59,1.61,yes,"{""count_fp"":""1.61"",""created_time"":""2026-04-28T04:45:27.158867Z"",""no_price_dollars"":""0.4100"",""taker_side"":""yes"",""ticker"":""KXBTC15M-26APR280100-00"",""trade_id"":""c8c7732c-f718-4d95-645e-2c6d950f3a42"",""yes_price_dollars"":""0.5900""}"
KXBTC15M-26APR280100-00,f10b7495-ee0b-657f-6615-2ffa54c02f17,1777351528,0.59,8.1,yes,"{""count_fp"":""8.10"",""created_time"":""2026-04-28T04:45:28.919075Z"",""no_price_dollars"":""0.4100"",""taker_side"":""yes"",""ticker"":""KXBTC15M-26APR280100-00"",""trade_id"":""f10b7495-ee0b-657f-6615-2ffa54c02f17"",""yes_price_dollars"":""0.5900""}"
KXBTC15M-26APR280100-00,6c39d666-c807-4d5f-7015-cebd601c202b,1777351528,0.59,17.99,yes,"{""count_fp"":""17.99"",""created_time"":""2026-04-28T04:45:28.757173Z"",""no_price_dollars"":""0.4100"",""taker_side"":""yes"",""ticker"":""KXBTC15M-26APR280100-00"",""trade_id"":""6c39d666-c807-4d5f-7015-cebd601c202b"",""yes_price_dollars"":""0.5900""}"
KXBTC15M-26APR280100-00,4e1ee89b-a936-7066-310f-705639abb07b,1777351528,0.59,1.0,yes,"{""count_fp"":""1.00"",""created_time"":""2026-04-28T04:45:28.715451Z"",""no_price_dollars"":""0.4100"",""taker_side"":""yes"",""ticker"":""KXBTC15M-26APR280100-00"",""trade_id"":""4e1ee89b-a936-7066-310f-705639abb07b"",""yes_price_dollars"":""0.5900""}"
KXBTC15M-26APR280100-00,b9cc967f-df6a-698e-31d6-5f1c5418fb8f,1777351528,0.58,30.0,no,"{""count_fp"":""30.00"",""created_time"":""2026-04-28T04:45:28.708596Z"",""no_price_dollars"":""0.4200"",""taker_side"":""no"",""ticker"":""KXBTC15M-26APR280100-00"",""trade_id"":""b9cc967f-df6a-698e-31d6-5f1c5418fb8f"",""yes_price_dollars"":""0.5800""}"
KXBTC15M-26APR280100-00,84ffb4a9-fc40-631b-26a7-c843b809eb72,1777351528,0.58,15.76,no,"{""count_fp"":""15.76"",""created_time"":""2026-04-28T04:45:28.708596Z"",""no_price_dollars"":""0.4200"",""taker_side"":""no"",""ticker"":""KXBTC15M-26APR280100-00"",""trade_id"":""84ffb4a9-fc40-631b-26a7-c843b809eb72"",""yes_price_dollars"":""0.5800""}"
KXBTC15M-26APR280100-00,fe5a37e2-66d2-56b2-0fcb-0c121be47977,1777351528,0.58,10.0,no,"{""count_fp"":""10.00"",""created_time"":""2026-04-28T04:45:28.571822Z"",""no_price_dollars"":""0.4200"",""taker_side"":""no"",""ticker"":""KXBTC15M-26APR280100-00"",""trade_id"":""fe5a37e2-66d2-56b2-0fcb-0c121be47977"",""yes_price_dollars"":""0.5800""}"
KXBTC15M-26APR280100-00,dd2acb55-33f2-5bee-29fd-81f4f57b80aa,1777351528,0.59,8.0,yes,"{""count_fp"":""8.00"",""created_time"":""2026-04-28T04:45:28.392429Z"",""no_price_dollars"":""0.4100"",""taker_side"":""yes"",""ticker"":""KXBTC15M-26APR280100-00"",""trade_id"":""dd2acb55-33f2-5bee-29fd-81f4f57b80aa"",""yes_price_dollars"":""0.5900""}"
KXBTC15M-26APR280100-00,a37948f0-483a-5cb2-0c49-887f967919d2,1777351528,0.59,5.28,yes,"{""count_fp"":""5.28"",""created_time"":""2026-04-28T04:45:28.392429Z"",""no_price_dollars"":""0.4100"",""taker_side"":""yes"",""ticker"":""KXBTC15M-26APR280100-00"",""trade_id"":""a37948f0-483a-5cb2-0c49-887f967919d2"",""yes_price_dollars"":""0.5900""}"
KXBTC15M-26APR280100-00,76abfb16-ae14-5765-2716-2d02a95f6c3e,1777351528,0.59,3.72,yes,"{""count_fp"":""3.72"",""created_time"":""2026-04-28T04:45:28.392429Z"",""no_price_dollars"":""0.4100"",""taker_side"":""yes"",""ticker"":""KXBTC15M-26APR280100-00"",""trade_id"":""76abfb16-ae14-5765-2716-2d02a95f6c3e"",""yes_price_dollars"":""0.5900""}"
KXBTC15M-26APR280100-00,085aae08-5b6d-54f1-1cee-911df3b9e201,1777351528,0.59,3.0,yes,"{""count_fp"":""3.00"",""created_time"":""2026-04-28T04:45:28.392429Z"",""no_price_dollars"":""0.4100"",""taker_side"":""yes"",""ticker"":""KXBTC15M-26APR280100-00"",""trade_id"":""085aae08-5b6d-54f1-1cee-911df3b9e201"",""yes_price_dollars"":""0.5900""}"
KXBTC15M-26APR280100-00,9c641126-3f05-508e-53ce-39614b1a9a17,1777351529,0.57,2.0,no,"{""count_fp"":""2.00"",""created_time"":""2026-04-28T04:45:29.979776Z"",""no_price_dollars"":""0.4300"",""taker_side"":""no"",""ticker"":""KXBTC15M-26APR280100-00"",""trade_id"":""9c641126-3f05-508e-53ce-39614b1a9a17"",""yes_price_dollars"":""0.5700""}"
KXBTC15M-26APR280100-00,818903ed-b171-5263-7c92-c797c57406a0,1777351529,0.57,22.75,no,"{""count_fp"":""22.75"",""created_time"":""2026-04-28T04:45:29.979776Z"",""no_price_dollars"":""0.4300"",""taker_side"":""no"",""ticker"":""KXBTC15M-26APR280100-00"",""trade_id"":""818903ed-b171-5263-7c92-c797c57406a0"",""yes_price_dollars"":""0.5700""}"
KXBTC15M-26APR280100-00,7411d852-be68-52d2-766d-a1fea4013374,1777351529,0.57,11.0,no,"{""count_fp"":""11.00"",""created_time"":""2026-04-28T04:45:29.979776Z"",""no_price_dollars"":""0.4300"",""taker_side"":""no"",""ticker"":""KXBTC15M-26APR280100-00"",""trade_id"":""7411d852-be68-52d2-766d-a1fea4013374"",""yes_price_dollars"":""0.5700""}"
KXBTC15M-26APR280100-00,7a7f9ea5-9e7e-503d-1c5e-eed3e2e02c70,1777351529,0.58,5.28,no,"{""count_fp"":""5.28"",""created_time"":""2026-04-28T04:45:29.929855Z"",""no_price_dollars"":""0.4200"",""taker_side"":""no"",""ticker"":""KXBTC15M-26APR280100-00"",""trade_id"":""7a7f9ea5-9e7e-503d-1c5e-eed3e2e02c70"",""yes_price_dollars"":""0.5800""}"
KXBTC15M-26APR280100-00,543c665d-77f4-4b97-3059-4b093f0e2eee,1777351529,0.58,27.2,no,"{""count_fp"":""27.20"",""created_time"":""2026-04-28T04:45:29.928513Z"",""no_price_dollars"":""0.4200"",""taker_side"":""no"",""ticker"":""KXBTC15M-26APR280100-00"",""trade_id"":""543c665d-77f4-4b97-3059-4b093f0e2eee"",""yes_price_dollars"":""0.5800""}"
KXBTC15M-26APR280100-00,9a6f4c0e-7747-5137-26ff-2c2851f830cb,1777351529,0.59,5.6,yes,"{""count_fp"":""5.60"",""created_time"":""2026-04-28T04:45:29.692483Z"",""no_price_dollars"":""0.4100"",""taker_side"":""yes"",""ticker"":""KXBTC15M-26APR280100-00"",""trade_id"":""9a6f4c0e-7747-5137-26ff-2c2851f830cb"",""yes_price_dollars"":""0.5900""}"
KXBTC15M-26APR280100-00,184b2ceb-f308-426f-105f-8be7c7c0aaa2,1777351529,0.58,114.4,no,"{""count_fp"":""114.40"",""created_time"":""2026-04-28T04:45:29.407742Z"",""no_price_dollars"":""0.4200"",""taker_side"":""no"",""ticker"":""KXBTC15M-26APR280100-00"",""trade_id"":""184b2ceb-f308-426f-105f-8be7c7c0aaa2"",""yes_price_dollars"":""0.5800""}"
KXBTC15M-26APR280100-00,a53a4bfa-065d-4289-c54d-348a6fd37851,1777351530,0.57,1.0,yes,"{""count_fp"":""1.00"",""created_time"":""2026-04-28T04:45:30.944752Z"",""no_price_dollars"":""0.4300"",""taker_side"":""yes"",""ticker"":""KXBTC15M-26APR280100-00"",""trade_id"":""a53a4bfa-065d-4289-c54d-348a6fd37851"",""yes_price_dollars"":""0.5700""}"
KXBTC15M-26APR280100-00,22084fe0-8bd5-5b59-8de6-669edcf2a525,1777351530,0.57,2.0,yes,"{""count_fp"":""2.00"",""created_time"":""2026-04-28T04:45:30.655344Z"",""no_price_dollars"":""0.4300"",""taker_side"":""yes"",""ticker"":""KXBTC15M-26APR280100-00"",""trade_id"":""22084fe0-8bd5-5b59-8de6-669edcf2a525"",""yes_price_dollars"":""0.5700""}"
KXBTC15M-26APR280100-00,ed2cefbf-88f1-4819-a862-503a8ea1ff11,1777351530,0.57,40.79,yes,"{""count_fp"":""40.79"",""created_time"":""2026-04-28T04:45:30.549298Z"",""no_price_dollars"":""0.4300"",""taker_side"":""yes"",""ticker"":""KXBTC15M-26APR280100-00"",""trade_id"":""ed2cefbf-88f1-4819-a862-503a8ea1ff11"",""yes_price_dollars"":""0.5700""}"
KXBTC15M-26APR280100-00,f6ba31ff-6e25-7c99-20c9-0bdcc5e2cfc9,1777351530,0.57,16.47,yes,"{""count_fp"":""16.47"",""created_time"":""2026-04-28T04:45:30.410435Z"",""no_price_dollars"":""0.4300"",""taker_side"":""yes"",""ticker"":""KXBTC15M-26APR280100-00"",""trade_id"":""f6ba31ff-6e25-7c99-20c9-0bdcc5e2cfc9"",""yes_price_dollars"":""0.5700""}"
KXBTC15M-26APR280100-00,47cf0a8f-fbbf-5d23-b4fe-b869ce611d17,1777351530,0.57,10.0,no,"{""count_fp"":""10.00"",""created_time"":""2026-04-28T04:45:30.095812Z"",""no_price_dollars"":""0.4300"",""taker_side"":""no"",""ticker"":""KXBTC15M-26APR280100-00"",""trade_id"":""47cf0a8f-fbbf-5d23-b4fe-b869ce611d17"",""yes_price_dollars"":""0.5700""}"
KXBTC15M-26APR280100-00,05c44c0c-47c5-52d9-1cf4-2de78d216755,1777351531,0.57,1.48,yes,"{""count_fp"":""1.48"",""created_time"":""2026-04-28T04:45:31.920396Z"",""no_price_dollars"":""0.4300"",""taker_side"":""yes"",""ticker"":""KXBTC15M-26APR280100-00"",""trade_id"":""05c44c0c-47c5-52d9-1cf4-2de78d216755"",""yes_price_dollars"":""0.5700""}"
KXBTC15M-26APR280100-00,a0a6eccb-f2c5-7d19-3b72-78054df41555,1777351531,0.57,110.7,yes,"{""count_fp"":""110.70"",""created_time"":""2026-04-28T04:45:31.809231Z"",""no_price_dollars"":""0.4300"",""taker_side"":""yes"",""ticker"":""KXBTC15M-26APR280100-00"",""trade_id"":""a0a6eccb-f2c5-7d19-3b72-78054df41555"",""yes_price_dollars"":""0.5700""}"
KXBTC15M-26APR280100-00,765bf36c-0611-6209-02a5-280a7bd7ed25,1777351531,0.57,58.0,yes,"{""count_fp"":""58.00"",""created_time"":""2026-04-28T04:45:31.527088Z"",""no_price_dollars"":""0.4300"",""taker_side"":""yes"",""ticker"":""KXBTC15M-26APR280100-00"",""trade_id"":""765bf36c-0611-6209-02a5-280a7bd7ed25"",""yes_price_dollars"":""0.5700""}"
KXBTC15M-26APR280100-00,e5224d11-294d-7b95-118e-89a68c504609,1777351532,0.57,13.18,yes,"{""count_fp"":""13.18"",""created_time"":""2026-04-28T04:45:32.853992Z"",""no_price_dollars"":""0.4300"",""taker_side"":""yes"",""ticker"":""KXBTC15M-26APR280100-00"",""trade_id"":""e5224d11-294d-7b95-118e-89a68c504609"",""yes_price_dollars"":""0.5700""}"
KXBTC15M-26APR280100-00,b41fae72-8aa0-79ff-8409-87b7745c038e,1777351532,0.56,109.34,no,"{""count_fp"":""109.34"",""created_time"":""2026-04-28T04:45:32.590575Z"",""no_price_dollars"":""0.4400"",""taker_side"":""no"",""ticker"":""KXBTC15M-26APR280100-00"",""trade_id"":""b41fae72-8aa0-79ff-8409-87b7745c038e"",""yes_price_dollars"":""0.5600""}"
KXBTC15M-26APR280100-00,fadbef29-6ff5-578d-a4bb-9f7a2fdb4411,1777351533,0.57,8.51,yes,"{""count_fp"":""8.51"",""created_time"":""2026-04-28T04:45:33.483661Z"",""no_price_dollars"":""0.4300"",""taker_side"":""yes"",""ticker"":""KXBTC15M-26APR280100-00"",""trade_id"":""fadbef29-6ff5-578d-a4bb-9f7a2fdb4411"",""yes_price_dollars"":""0.5700""}"
KXBTC15M-26APR280100-00,efe41d07-3091-4da9-028e-9cb908335f99,1777351533,0.57,40.53,yes,"{""count_fp"":""40.53"",""created_time"":""2026-04-28T04:45:33.202291Z"",""no_price_dollars"":""0.4300"",""taker_side"":""yes"",""ticker"":""KXBTC15M-26APR280100-00"",""trade_id"":""efe41d07-3091-4da9-028e-9cb908335f99"",""yes_price_dollars"":""0.5700""}"
KXBTC15M-26APR280100-00,8674bf48-46d8-6ae7-5f40-0fd05600941a,1777351533,0.56,10.93,no,"{""count_fp"":""10.93"",""created_time"":""2026-04-28T04:45:33.067586Z"",""no_price_dollars"":""0.4400"",""taker_side"":""no"",""ticker"":""KXBTC15M-26APR280100-00"",""trade_id"":""8674bf48-46d8-6ae7-5f40-0fd05600941a"",""yes_price_dollars"":""0.5600""}"
KXBTC15M-26APR280100-00,3d5d8670-1cb5-52e9-4deb-8387f43c1015,1777351533,0.57,33.49,yes,"{""count_fp"":""33.49"",""created_time"":""2026-04-28T04:45:33.037161Z"",""no_price_dollars"":""0.4300"",""taker_side"":""yes"",""ticker"":""KXBTC15M-26APR280100-00"",""trade_id"":""3d5d8670-1cb5-52e9-4deb-8387f43c1015"",""yes_price_dollars"":""0.5700""}"
KXBTC15M-26APR280100-00,08f46c0c-b929-4891-6203-44ea5aec8281,1777351534,0.57,1.7,yes,"{""count_fp"":""1.70"",""created_time"":""2026-04-28T04:45:34.986284Z"",""no_price_dollars"":""0.4300"",""taker_side"":""yes"",""ticker"":""KXBTC15M-26APR280100-00"",""trade_id"":""08f46c0c-b929-4891-6203-44ea5aec8281"",""yes_price_dollars"":""0.5700""}"
KXBTC15M-26APR280100-00,1a56141d-1e81-5d11-8982-e4d7d70f4a11,1777351534,0.57,240.47,yes,"{""count_fp"":""240.47"",""created_time"":""2026-04-28T04:45:34.942149Z"",""no_price_dollars"":""0.4300"",""taker_side"":""yes"",""ticker"":""KXBTC15M-26APR280100-00"",""trade_id"":""1a56141d-1e81-5d11-8982-e4d7d70f4a11"",""yes_price_dollars"":""0.5700""}"
KXBTC15M-26APR280100-00,edd049af-ad68-4ac8-59cf-90b8a576acd4,1777351534,0.56,10.93,no,"{""count_fp"":""10.93"",""created_time"":""2026-04-28T04:45:34.935082Z"",""no_price_dollars"":""0.4400"",""taker_side"":""no"",""ticker"":""KXBTC15M-26APR280100-00"",""trade_id"":""edd049af-ad68-4ac8-59cf-90b8a576acd4"",""yes_price_dollars"":""0.5600""}"
KXBTC15M-26APR280100-00,2491af8a-a8e1-6add-6ae8-b18c090b2ad1,1777351534,0.57,1.7,yes,"{""count_fp"":""1.70"",""created_time"":""2026-04-28T04:45:34.556162Z"",""no_price_dollars"":""0.4300"",""taker_side"":""yes"",""ticker"":""KXBTC15M-26APR280100-00"",""trade_id"":""2491af8a-a8e1-6add-6ae8-b18c090b2ad1"",""yes_price_dollars"":""0.5700""}"
KXBTC15M-26APR280100-00,8047a6fe-f805-5a95-54d1-66959cd5a055,1777351534,0.57,17.03,yes,"{""count_fp"":""17.03"",""created_time"":""2026-04-28T04:45:34.424004Z"",""no_price_dollars"":""0.4300"",""taker_side"":""yes"",""ticker"":""KXBTC15M-26APR280100-00"",""trade_id"":""8047a6fe-f805-5a95-54d1-66959cd5a055"",""yes_price_dollars"":""0.5700""}"
KXBTC15M-26APR280100-00,7eb229b1-2eb9-624d-4a0e-873cfae97635,1777351534,0.57,77.84,yes,"{""count_fp"":""77.84"",""created_time"":""2026-04-28T04:45:34.405208Z"",""no_price_dollars"":""0.4300"",""taker_side"":""yes"",""ticker"":""KXBTC15M-26APR280100-00"",""trade_id"":""7eb229b1-2eb9-624d-4a0e-873cfae97635"",""yes_price_dollars"":""0.5700""}"
KXBTC15M-26APR280100-00,51fdac0f-7a1c-5b18-4042-d52f426c85c0,1777351534,0.56,10.93,no,"{""count_fp"":""10.93"",""created_time"":""2026-04-28T04:45:34.388994Z"",""no_price_dollars"":""0.4400"",""taker_side"":""no"",""ticker"":""KXBTC15M-26APR280100-00"",""trade_id"":""51fdac0f-7a1c-5b18-4042-d52f426c85c0"",""yes_price_dollars"":""0.5600""}"
KXBTC15M-26APR280100-00,1ad0f02b-9545-6e55-422d-23ac0d4fc619,1777351535,0.57,42.57,yes,"{""count_fp"":""42.57"",""created_time"":""2026-04-28T04:45:35.725801Z"",""no_price_dollars"":""0.4300"",""taker_side"":""yes"",""ticker"":""KXBTC15M-26APR280100-00"",""trade_id"":""1ad0f02b-9545-6e55-422d-23ac0d4fc619"",""yes_price_dollars"":""0.5700""}"
KXBTC15M-26APR280100-00,008096d6-aded-4431-4673-c2c756934b8d,1777351535,0.57,166.0,yes,"{""count_fp"":""166.00"",""created_time"":""2026-04-28T04:45:35.520183Z"",""no_price_dollars"":""0.4300"",""taker_side"":""yes"",""ticker"":""KXBTC15M-26APR280100-00"",""trade_id"":""008096d6-aded-4431-4673-c2c756934b8d"",""yes_price_dollars"":""0.5700""}"
KXBTC15M-26APR280100-00,bedbd889-d351-4823-15d2-dfc94537fcbc,1777351535,0.56,207.76,no,"{""count_fp"":""207.76"",""created_time"":""2026-04-28T04:45:35.441327Z"",""no_price_dollars"":""0.4400"",""taker_side"":""no"",""ticker"":""KXBTC15M-26APR280100-00"",""trade_id"":""bedbd889-d351-4823-15d2-dfc94537fcbc"",""yes_price_dollars"":""0.5600""}"
KXBTC15M-26APR280100-00,140dea2f-1a59-7ebd-9ea7-2c82ee65f625,1777351535,0.57,0.16,yes,"{""count_fp"":""0.16"",""created_time"":""2026-04-28T04:45:35.095676Z"",""no_price_dollars"":""0.4300"",""taker_side"":""yes"",""ticker"":""KXBTC15M-26APR280100-00"",""trade_id"":""140dea2f-1a59-7ebd-9ea7-2c82ee65f625"",""yes_price_dollars"":""0.5700""}"
KXBTC15M-26APR280100-00,f7e49ab3-27c4-54dc-a4ea-5084649a75ec,1777351535,0.56,8.14,no,"{""count_fp"":""8.14"",""created_time"":""2026-04-28T04:45:35.030008Z"",""no_price_dollars"":""0.4400"",""taker_side"":""no"",""ticker"":""KXBTC15M-26APR280100-00"",""trade_id"":""f7e49ab3-27c4-54dc-a4ea-5084649a75ec"",""yes_price_dollars"":""0.5600""}"
KXBTC15M-26APR280100-00,5ca7c5ca-d70d-54cb-8958-1bcaabf88744,1777351535,0.56,74.96,no,"{""count_fp"":""74.96"",""created_time"":""2026-04-28T04:45:35.030008Z"",""no_price_dollars"":""0.4400"",""taker_side"":""no"",""ticker"":""KXBTC15M-26APR280100-00"",""trade_id"":""5ca7c5ca-d70d-54cb-8958-1bcaabf88744"",""yes_price_dollars"":""0.5600""}"
KXBTC15M-26APR280100-00,9aa9908f-0a5a-702e-8062-773c1733a199,1777351536,0.56,5.46,no,"{""count_fp"":""5.46"",""created_time"":""2026-04-28T04:45:36.461695Z"",""no_price_dollars"":""0.4400"",""taker_side"":""no"",""ticker"":""KXBTC15M-26APR280100-00"",""trade_id"":""9aa9908f-0a5a-702e-8062-773c1733a199"",""yes_price_dollars"":""0.5600""}"
KXBTC15M-26APR280100-00,d25fe7e5-9e67-6bde-8abe-712981771c39,1777351536,0.56,3.0,no,"{""count_fp"":""3.00"",""created_time"":""2026-04-28T04:45:36.245329Z"",""no_price_dollars"":""0.4400"",""taker_side"":""no"",""ticker"":""KXBTC15M-26APR280100-00"",""trade_id"":""d25fe7e5-9e67-6bde-8abe-712981771c39"",""yes_price_dollars"":""0.5600""}"
KXBTC15M-26APR280100-00,bc061e24-e40a-6472-ae96-80a56b129629,1777351536,0.56,13.86,no,"{""count_fp"":""13.86"",""created_time"":""2026-04-28T04:45:36.245329Z"",""no_price_dollars"":""0.4400"",""taker_side"":""no"",""ticker"":""KXBTC15M-26APR280100-00"",""trade_id"":""bc061e24-e40a-6472-ae96-80a56b129629"",""yes_price_dollars"":""0.5600""}"
KXBTC15M-26APR280100-00,41a8eaa6-3aee-6bec-8122-8168e4aa12ef,1777351536,0.56,5.0,no,"{""count_fp"":""5.00"",""created_time"":""2026-04-28T04:45:36.245329Z"",""no_price_dollars"":""0.4400"",""taker_side"":""no"",""ticker"":""KXBTC15M-26APR280100-00"",""trade_id"":""41a8eaa6-3aee-6bec-8122-8168e4aa12ef"",""yes_price_dollars"":""0.5600""}"
KXBTC15M-26APR280100-00,6ecdfbeb-ed84-4a6b-b17f-2768234554ba,1777351536,0.56,185.25,no,"{""count_fp"":""185.25"",""created_time"":""2026-04-28T04:45:36.000098Z"",""no_price_dollars"":""0.4400"",""taker_side"":""no"",""ticker"":""KXBTC15M-26APR280100-00"",""trade_id"":""6ecdfbeb-ed84-4a6b-b17f-2768234554ba"",""yes_price_dollars"":""0.5600""}"
KXBTC15M-26APR280100-00,4c5b23a7-f8e8-459d-8377-fbc5c9c805bb,1777351536,0.56,29.07,no,"{""count_fp"":""29.07"",""created_time"":""2026-04-28T04:45:36.000098Z"",""no_price_dollars"":""0.4400"",""taker_side"":""no"",""ticker"":""KXBTC15M-26APR280100-00"",""trade_id"":""4c5b23a7-f8e8-459d-8377-fbc5c9c805bb"",""yes_price_dollars"":""0.5600""}"
KXBTC15M-26APR280100-00,34c00133-489c-5fce-b6ee-7e1661e75ccd,1777351537,0.59,35.37,yes,"{""count_fp"":""35.37"",""created_time"":""2026-04-28T04:45:37.748253Z"",""no_price_dollars"":""0.4100"",""taker_side"":""yes"",""ticker"":""KXBTC15M-26APR280100-00"",""trade_id"":""34c00133-489c-5fce-b6ee-7e1661e75ccd"",""yes_price_dollars"":""0.5900""}"
KXBTC15M-26APR280100-00,b3b3da95-18fb-590f-271c-344b0d0c047b,1777351537,0.57,3.0,no,"{""count_fp"":""3.00"",""created_time"":""2026-04-28T04:45:37.327106Z"",""no_price_dollars"":""0.4300"",""taker_side"":""no"",""ticker"":""KXBTC15M-26APR280100-00"",""trade_id"":""b3b3da95-18fb-590f-271c-344b0d0c047b"",""yes_price_dollars"":""0.5700""}"
KXBTC15M-26APR280100-00,9b35584b-6fe5-52a9-337e-a4d6268ce7e8,1777351537,0.57,66.34,no,"{""count_fp"":""66.34"",""created_time"":""2026-04-28T04:45:37.327106Z"",""no_price_dollars"":""0.4300"",""taker_side"":""no"",""ticker"":""KXBTC15M-26APR280100-00"",""trade_id"":""9b35584b-6fe5-52a9-337e-a4d6268ce7e8"",""yes_price_dollars"":""0.5700""}"
KXBTC15M-26APR280100-00,8ef228d1-9889-5c21-1331-d7812f25a734,1777351537,0.57,40.0,no,"{""count_fp"":""40.00"",""created_time"":""2026-04-28T04:45:37.327106Z"",""no_price_dollars"":""0.4300"",""taker_side"":""no"",""ticker"":""KXBTC15M-26APR280100-00"",""trade_id"":""8ef228d1-9889-5c21-1331-d7812f25a734"",""yes_price_dollars"":""0.5700""}"
KXBTC15M-26APR280100-00,fd8fd1c7-9493-4ddf-d9d9-2e7e1394e7ca,1777351537,0.58,3.45,yes,"{""count_fp"":""3.45"",""created_time"":""2026-04-28T04:45:37.311894Z"",""no_price_dollars"":""0.4200"",""taker_side"":""yes"",""ticker"":""KXBTC15M-26APR280100-00"",""trade_id"":""fd8fd1c7-9493-4ddf-d9d9-2e7e1394e7ca"",""yes_price_dollars"":""0.5800""}"
KXBTC15M-26APR280100-00,a8f226e8-dddd-4773-f7a1-bf19f557a85e,1777351537,0.58,20.8,yes,"{""count_fp"":""20.80"",""created_time"":""2026-04-28T04:45:37.311894Z"",""no_price_dollars"":""0.4200"",""taker_side"":""yes"",""ticker"":""KXBTC15M-26APR280100-00"",""trade_id"":""a8f226e8-dddd-4773-f7a1-bf19f557a85e"",""yes_price_dollars"":""0.5800""}"
KXBTC15M-26APR280100-00,a5ba4a5b-728f-40ef-ca3e-bb4988592b4e,1777351537,0.58,22.67,yes,"{""count_fp"":""22.67"",""created_time"":""2026-04-28T04:45:37.297946Z"",""no_price_dollars"":""0.4200"",""taker_side"":""yes"",""ticker"":""KXBTC15M-26APR280100-00"",""trade_id"":""a5ba4a5b-728f-40ef-ca3e-bb4988592b4e"",""yes_price_dollars"":""0.5800""}"
KXBTC15M-26APR280100-00,8084cc59-2107-5e23-f8fc-d11aa4600162,1777351537,0.58,31.9,yes,"{""count_fp"":""31.90"",""created_time"":""2026-04-28T04:45:37.142526Z"",""no_price_dollars"":""0.4200"",""taker_side"":""yes"",""ticker"":""KXBTC15M-26APR280100-00"",""trade_id"":""8084cc59-2107-5e23-f8fc-d11aa4600162"",""yes_price_dollars"":""0.5800""}"
KXBTC15M-26APR280100-00,33ac8b52-18de-4830-eb8f-9096f0494dc5,1777351537,0.57,1.0,yes,"{""count_fp"":""1.00"",""created_time"":""2026-04-28T04:45:37.131349Z"",""no_price_dollars"":""0.4300"",""taker_side"":""yes"",""ticker"":""KXBTC15M-26APR280100-00"",""trade_id"":""33ac8b52-18de-4830-eb8f-9096f0494dc5"",""yes_price_dollars"":""0.5700""}"
KXBTC15M-26APR280100-00,0b7b11b6-dc5f-44af-c76a-e1cb27be166a,1777351537,0.58,20.98,yes,"{""count_fp"":""20.98"",""created_time"":""2026-04-28T04:45:37.131349Z"",""no_price_dollars"":""0.4200"",""taker_side"":""yes"",""ticker"":""KXBTC15M-26APR280100-00"",""trade_id"":""0b7b11b6-dc5f-44af-c76a-e1cb27be166a"",""yes_price_dollars"":""0.5800""}"
KXBTC15M-26APR280100-00,f420aff7-3499-6c01-272e-ca26ad62914c,1777351538,0.58,22.36,no,"{""count_fp"":""22.36"",""created_time"":""2026-04-28T04:45:38.937933Z"",""no_price_dollars"":""0.4200"",""taker_side"":""no"",""ticker"":""KXBTC15M-26APR280100-00"",""trade_id"":""f420aff7-3499-6c01-272e-ca26ad62914c"",""yes_price_dollars"":""0.5800""}"
KXBTC15M-26APR280100-00,2fcafa5d-d8e9-4819-249c-2636d0f72d98,1777351538,0.58,22.36,no,"{""count_fp"":""22.36"",""created_time"":""2026-04-28T04:45:38.692757Z"",""no_price_dollars"":""0.4200"",""taker_side"":""no"",""ticker"":""KXBTC15M-26APR280100-00"",""trade_id"":""2fcafa5d-d8e9-4819-249c-2636d0f72d98"",""yes_price_dollars"":""0.5800""}"
KXBTC15M-26APR280100-00,9163f655-08f5-5989-22b0-8a531715a2b4,1777351539,0.58,2.28,no,"{""count_fp"":""2.28"",""created_time"":""2026-04-28T04:45:39.972416Z"",""no_price_dollars"":""0.4200"",""taker_side"":""no"",""ticker"":""KXBTC15M-26APR280100-00"",""trade_id"":""9163f655-08f5-5989-22b0-8a531715a2b4"",""yes_price_dollars"":""0.5800""}"
KXBTC15M-26APR280100-00,04cfacae-a1c1-72b1-08e3-839ed31f481c,1777351539,0.58,11.44,no,"{""count_fp"":""11.44"",""created_time"":""2026-04-28T04:45:39.791588Z"",""no_price_dollars"":""0.4200"",""taker_side"":""no"",""ticker"":""KXBTC15M-26APR280100-00"",""trade_id"":""04cfacae-a1c1-72b1-08e3-839ed31f481c"",""yes_price_dollars"":""0.5800""}"
KXBTC15M-26APR280100-00,839ed11e-5101-4b9d-83ee-0187bbc55426,1777351539,0.59,1.0,yes,"{""count_fp"":""1.00"",""created_time"":""2026-04-28T04:45:39.592286Z"",""no_price_dollars"":""0.4100"",""taker_side"":""yes"",""ticker"":""KXBTC15M-26APR280100-00"",""trade_id"":""839ed11e-5101-4b9d-83ee-0187bbc55426"",""yes_price_dollars"":""0.5900""}"
KXBTC15M-26APR280100-00,6071888a-0139-5689-25a7-24554a68df98,1777351540,0.58,44.96,no,"{""count_fp"":""44.96"",""created_time"":""2026-04-28T04:45:40.245638Z"",""no_price_dollars"":""0.4200"",""taker_side"":""no"",""ticker"":""KXBTC15M-26APR280100-00"",""trade_id"":""6071888a-0139-5689-25a7-24554a68df98"",""yes_price_dollars"":""0.5800""}"
KXBTC15M-26APR280100-00,45694fe2-fc0d-5f6d-8847-84c7b909d4bc,1777351541,0.59,1.0,no,"{""count_fp"":""1.00"",""created_time"":""2026-04-28T04:45:41.539386Z"",""no_price_dollars"":""0.4100"",""taker_side"":""no"",""ticker"":""KXBTC15M-26APR280100-00"",""trade_id"":""45694fe2-fc0d-5f6d-8847-84c7b909d4bc"",""yes_price_dollars"":""0.5900""}"
KXBTC15M-26APR280100-00,2be6f510-cdd1-4ec1-4a33-e13552ffa864,1777351541,0.59,5.0,no,"{""count_fp"":""5.00"",""created_time"":""2026-04-28T04:45:41.095608Z"",""no_price_dollars"":""0.4100"",""taker_side"":""no"",""ticker"":""KXBTC15M-26APR280100-00"",""trade_id"":""2be6f510-cdd1-4ec1-4a33-e13552ffa864"",""yes_price_dollars"":""0.5900""}"
KXBTC15M-26APR280100-00,ee0c7a39-6569-4455-3e81-938c5bd2dcd8,1777351542,0.59,35.13,no,"{""count_fp"":""35.13"",""created_time"":""2026-04-28T04:45:42.896927Z"",""no_price_dollars"":""0.4100"",""taker_side"":""no"",""ticker"":""KXBTC15M-26APR280100-00"",""trade_id"":""ee0c7a39-6569-4455-3e81-938c5bd2dcd8"",""yes_price_dollars"":""0.5900""}"
KXBTC15M-26APR280100-00,d95967f3-d031-6e72-ab2b-5ad6f0a00494,1777351542,0.6,32.42,yes,"{""count_fp"":""32.42"",""created_time"":""2026-04-28T04:45:42.101704Z"",""no_price_dollars"":""0.4000"",""taker_side"":""yes"",""ticker"":""KXBTC15M-26APR280100-00"",""trade_id"":""d95967f3-d031-6e72-ab2b-5ad6f0a00494"",""yes_price_dollars"":""0.6000""}"
KXBTC15M-26APR280100-00,528c6aa0-57cd-77a1-81d8-328e4511c08d,1777351543,0.62,18.73,no,"{""count_fp"":""18.73"",""created_time"":""2026-04-28T04:45:43.392106Z"",""no_price_dollars"":""0.3800"",""taker_side"":""no"",""ticker"":""KXBTC15M-26APR280100-00"",""trade_id"":""528c6aa0-57cd-77a1-81d8-328e4511c08d"",""yes_price_dollars"":""0.6200""}"
KXBTC15M-26APR280100-00,5b3ab2f0-dd80-559f-f6f7-d3ce07f4e72a,1777351543,0.63,47.7,yes,"{""count_fp"":""47.70"",""created_time"":""2026-04-28T04:45:43.331338Z"",""no_price_dollars"":""0.3700"",""taker_side"":""yes"",""ticker"":""KXBTC15M-26APR280100-00"",""trade_id"":""5b3ab2f0-dd80-559f-f6f7-d3ce07f4e72a"",""yes_price_dollars"":""0.6300""}"
KXBTC15M-26APR280100-00,6f99c2ed-dddd-789d-01db-69c26f3080d3,1777351543,0.62,3.0,yes,"{""count_fp"":""3.00"",""created_time"":""2026-04-28T04:45:43.319154Z"",""no_price_dollars"":""0.3800"",""taker_side"":""yes"",""ticker"":""KXBTC15M-26APR280100-00"",""trade_id"":""6f99c2ed-dddd-789d-01db-69c26f3080d3"",""yes_price_dollars"":""0.6200""}"
KXBTC15M-26APR280100-00,5a696a3e-24b1-7885-f590-6bce26cb322a,1777351543,0.61,100.0,yes,"{""count_fp"":""100.00"",""created_time"":""2026-04-28T04:45:43.300586Z"",""no_price_dollars"":""0.3900"",""taker_side"":""yes"",""ticker"":""KXBTC15M-26APR280100-00"",""trade_id"":""5a696a3e-24b1-7885-f590-6bce26cb322a"",""yes_price_dollars"":""0.6100""}"
KXBTC15M-26APR280100-00,09b69c56-cabf-72ce-d82b-8a86217d685f,1777351543,0.61,30.0,yes,"{""count_fp"":""30.00"",""created_time"":""2026-04-28T04:45:43.300586Z"",""no_price_dollars"":""0.3900"",""taker_side"":""yes"",""ticker"":""KXBTC15M-26APR280100-00"",""trade_id"":""09b69c56-cabf-72ce-d82b-8a86217d685f"",""yes_price_dollars"":""0.6100""}"
KXBTC15M-26APR280100-00,87d3a762-af5a-5f3a-d853-ce97333bb08a,1777351543,0.6,11.71,no,"{""count_fp"":""11.71"",""created_time"":""2026-04-28T04:45:43.012511Z"",""no_price_dollars"":""0.4000"",""taker_side"":""no"",""ticker"":""KXBTC15M-26APR280100-00"",""trade_id"":""87d3a762-af5a-5f3a-d853-ce97333bb08a"",""yes_price_dollars"":""0.6000""}"
KXBTC15M-26APR280100-00,829eaf7f-b1ed-5c2d-a60b-8b8d47fba408,1777351545,0.62,7.56,no,"{""count_fp"":""7.56"",""created_time"":""2026-04-28T04:45:45.700727Z"",""no_price_dollars"":""0.3800"",""taker_side"":""no"",""ticker"":""KXBTC15M-26APR280100-00"",""trade_id"":""829eaf7f-b1ed-5c2d-a60b-8b8d47fba408"",""yes_price_dollars"":""0.6200""}"
KXBTC15M-26APR280100-00,62d42e7d-0c34-5857-e348-50b0db3a58ee,1777351546,0.63,30.94,yes,"{""count_fp"":""30.94"",""created_time"":""2026-04-28T04:45:46.935654Z"",""no_price_dollars"":""0.3700"",""taker_side"":""yes"",""ticker"":""KXBTC15M-26APR280100-00"",""trade_id"":""62d42e7d-0c34-5857-e348-50b0db3a58ee"",""yes_price_dollars"":""0.6300""}"
KXBTC15M-26APR280100-00,7a5adc2e-9674-5763-4617-4578de970802,1777351546,0.63,10.0,yes,"{""count_fp"":""10.00"",""created_time"":""2026-04-28T04:45:46.632684Z"",""no_price_dollars"":""0.3700"",""taker_side"":""yes"",""ticker"":""KXBTC15M-26APR280100-00"",""trade_id"":""7a5adc2e-9674-5763-4617-4578de970802"",""yes_price_dollars"":""0.6300""}"
KXBTC15M-26APR280100-00,ae24f40f-4bb0-4107-f433-f1ca7423a186,1777351546,0.63,10.0,yes,"{""count_fp"":""10.00"",""created_time"":""2026-04-28T04:45:46.631793Z"",""no_price_dollars"":""0.3700"",""taker_side"":""yes"",""ticker"":""KXBTC15M-26APR280100-00"",""trade_id"":""ae24f40f-4bb0-4107-f433-f1ca7423a186"",""yes_price_dollars"":""0.6300""}"
KXBTC15M-26APR280100-00,d7386cdc-4814-763f-9697-a40be3e1b172,1777351546,0.63,2.0,yes,"{""count_fp"":""2.00"",""created_time"":""2026-04-28T04:45:46.538409Z"",""no_price_dollars"":""0.3700"",""taker_side"":""yes"",""ticker"":""KXBTC15M-26APR280100-00"",""trade_id"":""d7386cdc-4814-763f-9697-a40be3e1b172"",""yes_price_dollars"":""0.6300""}"
KXBTC15M-26APR280100-00,5ac7e1d8-bbb0-4d77-f825-15d7d009d552,1777351547,0.63,14.0,yes,"{""count_fp"":""14.00"",""created_time"":""2026-04-28T04:45:47.974997Z"",""no_price_dollars"":""0.3700"",""taker_side"":""yes"",""ticker"":""KXBTC15M-26APR280100-00"",""trade_id"":""5ac7e1d8-bbb0-4d77-f825-15d7d009d552"",""yes_price_dollars"":""0.6300""}"
KXBTC15M-26APR280100-00,144c7339-93bd-43b1-8a6d-964de4290844,1777351547,0.62,25.22,no,"{""count_fp"":""25.22"",""created_time"":""2026-04-28T04:45:47.878634Z"",""no_price_dollars"":""0.3800"",""taker_side"":""no"",""ticker"":""KXBTC15M-26APR280100-00"",""trade_id"":""144c7339-93bd-43b1-8a6d-964de4290844"",""yes_price_dollars"":""0.6200""}"
KXBTC15M-26APR280100-00,dd581b9d-9f48-6903-7273-cf9edbd0b5ca,1777351547,0.63,21.0,yes,"{""count_fp"":""21.00"",""created_time"":""2026-04-28T04:45:47.830594Z"",""no_price_dollars"":""0.3700"",""taker_side"":""yes"",""ticker"":""KXBTC15M-26APR280100-00"",""trade_id"":""dd581b9d-9f48-6903-7273-cf9edbd0b5ca"",""yes_price_dollars"":""0.6300""}"
KXBTC15M-26APR280100-00,3ad04ead-9b1c-699f-3b20-a564db331912,1777351547,0.63,1.0,yes,"{""count_fp"":""1.00"",""created_time"":""2026-04-28T04:45:47.425984Z"",""no_price_dollars"":""0.3700"",""taker_side"":""yes"",""ticker"":""KXBTC15M-26APR280100-00"",""trade_id"":""3ad04ead-9b1c-699f-3b20-a564db331912"",""yes_price_dollars"":""0.6300""}"
KXBTC15M-26APR280100-00,652d8272-fe41-77fd-101a-c33802abad10,1777351547,0.62,7.02,no,"{""count_fp"":""7.02"",""created_time"":""2026-04-28T04:45:47.346361Z"",""no_price_dollars"":""0.3800"",""taker_side"":""no"",""ticker"":""KXBTC15M-26APR280100-00"",""trade_id"":""652d8272-fe41-77fd-101a-c33802abad10"",""yes_price_dollars"":""0.6200""}"
KXBTC15M-26APR280100-00,6221743f-fd58-64bb-fa4e-9973358af31e,1777351547,0.63,1.0,yes,"{""count_fp"":""1.00"",""created_time"":""2026-04-28T04:45:47.213466Z"",""no_price_dollars"":""0.3700"",""taker_side"":""yes"",""ticker"":""KXBTC15M-26APR280100-00"",""trade_id"":""6221743f-fd58-64bb-fa4e-9973358af31e"",""yes_price_dollars"":""0.6300""}"
KXBTC15M-26APR280100-00,44f78c73-162c-410f-1dfa-200ef5cac6da,1777351547,0.63,1.0,yes,"{""count_fp"":""1.00"",""created_time"":""2026-04-28T04:45:47.130936Z"",""no_price_dollars"":""0.3700"",""taker_side"":""yes"",""ticker"":""KXBTC15M-26APR280100-00"",""trade_id"":""44f78c73-162c-410f-1dfa-200ef5cac6da"",""yes_price_dollars"":""0.6300""}"
KXBTC15M-26APR280100-00,3478187c-0fa4-485d-56b3-c85afbac7d9f,1777351548,0.64,1.0,yes,"{""count_fp"":""1.00"",""created_time"":""2026-04-28T04:45:48.977781Z"",""no_price_dollars"":""0.3600"",""taker_side"":""yes"",""ticker"":""KXBTC15M-26APR280100-00"",""trade_id"":""3478187c-0fa4-485d-56b3-c85afbac7d9f"",""yes_price_dollars"":""0.6400""}"
KXBTC15M-26APR280100-00,28f6d90f-d4c4-7441-c5bf-df02218ef677,1777351548,0.63,1.0,no,"{""count_fp"":""1.00"",""created_time"":""2026-04-28T04:45:48.768166Z"",""no_price_dollars"":""0.3700"",""taker_side"":""no"",""ticker"":""KXBTC15M-26APR280100-00"",""trade_id"":""28f6d90f-d4c4-7441-c5bf-df02218ef677"",""yes_price_dollars"":""0.6300""}"
KXBTC15M-26APR280100-00,b0adb1d9-3298-4679-d0bf-b9fbb35f2893,1777351548,0.63,1.26,no,"{""count_fp"":""1.26"",""created_time"":""2026-04-28T04:45:48.432502Z"",""no_price_dollars"":""0.3700"",""taker_side"":""no"",""ticker"":""KXBTC15M-26APR280100-00"",""trade_id"":""b0adb1d9-3298-4679-d0bf-b9fbb35f2893"",""yes_price_dollars"":""0.6300""}"
KXBTC15M-26APR280100-00,6bf3ffb9-df74-5e8b-699a-9ec8a98bb9ee,1777351548,0.63,0.36,yes,"{""count_fp"":""0.36"",""created_time"":""2026-04-28T04:45:48.037669Z"",""no_price_dollars"":""0.3700"",""taker_side"":""yes"",""ticker"":""KXBTC15M-26APR280100-00"",""trade_id"":""6bf3ffb9-df74-5e8b-699a-9ec8a98bb9ee"",""yes_price_dollars"":""0.6300""}"
KXBTC15M-26APR280100-00,3adb02cc-190c-5bf1-728c-a883f25c30cb,1777351548,0.64,33.81,yes,"{""count_fp"":""33.81"",""created_time"":""2026-04-28T04:45:48.037669Z"",""no_price_dollars"":""0.3600"",""taker_side"":""yes"",""ticker"":""KXBTC15M-26APR280100-00"",""trade_id"":""3adb02cc-190c-5bf1-728c-a883f25c30cb"",""yes_price_dollars"":""0.6400""}"
KXBTC15M-26APR280100-00,81fb8bd4-1f30-4779-b6ba-1e70ec40f9c3,1777351549,0.63,1.26,no,"{""count_fp"":""1.26"",""created_time"":""2026-04-28T04:45:49.791439Z"",""no_price_dollars"":""0.3700"",""taker_side"":""no"",""ticker"":""KXBTC15M-26APR280100-00"",""trade_id"":""81fb8bd4-1f30-4779-b6ba-1e70ec40f9c3"",""yes_price_dollars"":""0.6300""}"
KXBTC15M-26APR280100-00,89a63df9-6b5c-4c61-8959-21322919b63b,1777351549,0.63,30.0,no,"{""count_fp"":""30.00"",""created_time"":""2026-04-28T04:45:49.545972Z"",""no_price_dollars"":""0.3700"",""taker_side"":""no"",""ticker"":""KXBTC15M-26APR280100-00"",""trade_id"":""89a63df9-6b5c-4c61-8959-21322919b63b"",""yes_price_dollars"":""0.6300""}"
KXBTC15M-26APR280100-00,0f7f9b43-cae8-5ed9-4c04-1dd899ec7a57,1777351550,0.64,1.0,yes,"{""count_fp"":""1.00"",""created_time"":""2026-04-28T04:45:50.893373Z"",""no_price_dollars"":""0.3600"",""taker_side"":""yes"",""ticker"":""KXBTC15M-26APR280100-00"",""trade_id"":""0f7f9b43-cae8-5ed9-4c04-1dd899ec7a57"",""yes_price_dollars"":""0.6400""}"
KXBTC15M-26APR280100-00,c1512e37-8498-4849-4288-e0d1288ba16f,1777351550,0.64,30.48,yes,"{""count_fp"":""30.48"",""created_time"":""2026-04-28T04:45:50.815234Z"",""no_price_dollars"":""0.3600"",""taker_side"":""yes"",""ticker"":""KXBTC15M-26APR280100-00"",""trade_id"":""c1512e37-8498-4849-4288-e0d1288ba16f"",""yes_price_dollars"":""0.6400""}"
KXBTC15M-26APR280100-00,a2f34f89-42e6-7051-b4b6-d88c2dfdcb23,1777351550,0.63,13.25,no,"{""count_fp"":""13.25"",""created_time"":""2026-04-28T04:45:50.171001Z"",""no_price_dollars"":""0.3700"",""taker_side"":""no"",""ticker"":""KXBTC15M-26APR280100-00"",""trade_id"":""a2f34f89-42e6-7051-b4b6-d88c2dfdcb23"",""yes_price_dollars"":""0.6300""}"
KXBTC15M-26APR280100-00,644a0752-36e5-7c21-acb1-d24846167d28,1777351550,0.63,25.57,no,"{""count_fp"":""25.57"",""created_time"":""2026-04-28T04:45:50.171001Z"",""no_price_dollars"":""0.3700"",""taker_side"":""no"",""ticker"":""KXBTC15M-26APR280100-00"",""trade_id"":""644a0752-36e5-7c21-acb1-d24846167d28"",""yes_price_dollars"":""0.6300""}"
KXBTC15M-26APR280100-00,5f3f8162-b92e-4b09-ceec-4d06f97e79ff,1777351550,0.63,29.75,no,"{""count_fp"":""29.75"",""created_time"":""2026-04-28T04:45:50.163253Z"",""no_price_dollars"":""0.3700"",""taker_side"":""no"",""ticker"":""KXBTC15M-26APR280100-00"",""trade_id"":""5f3f8162-b92e-4b09-ceec-4d06f97e79ff"",""yes_price_dollars"":""0.6300""}"
KXBTC15M-26APR280100-00,344c99c4-9128-412d-ea05-3661147cda8b,1777351550,0.63,6.48,no,"{""count_fp"":""6.48"",""created_time"":""2026-04-28T04:45:50.163253Z"",""no_price_dollars"":""0.3700"",""taker_side"":""no"",""ticker"":""KXBTC15M-26APR280100-00"",""trade_id"":""344c99c4-9128-412d-ea05-3661147cda8b"",""yes_price_dollars"":""0.6300""}"
KXBTC15M-26APR280100-00,8b5d174a-9a57-77cf-b4fd-112ce7ea4449,1777351551,0.63,1.0,no,"{""count_fp"":""1.00"",""created_time"":""2026-04-28T04:45:51.955506Z"",""no_price_dollars"":""0.3700"",""taker_side"":""no"",""ticker"":""KXBTC15M-26APR280100-00"",""trade_id"":""8b5d174a-9a57-77cf-b4fd-112ce7ea4449"",""yes_price_dollars"":""0.6300""}"
KXBTC15M-26APR280100-00,9d4e41ec-287f-49e3-d07b-7bdea8e24ce1,1777351551,0.63,1.11,no,"{""count_fp"":""1.11"",""created_time"":""2026-04-28T04:45:51.658458Z"",""no_price_dollars"":""0.3700"",""taker_side"":""no"",""ticker"":""KXBTC15M-26APR280100-00"",""trade_id"":""9d4e41ec-287f-49e3-d07b-7bdea8e24ce1"",""yes_price_dollars"":""0.6300""}"
KXBTC15M-26APR280100-00,9684100d-52f4-43a0-ce90-70421706eb30,1777351551,0.63,1.06,no,"{""count_fp"":""1.06"",""created_time"":""2026-04-28T04:45:51.658458Z"",""no_price_dollars"":""0.3700"",""taker_side"":""no"",""ticker"":""KXBTC15M-26APR280100-00"",""trade_id"":""9684100d-52f4-43a0-ce90-70421706eb30"",""yes_price_dollars"":""0.6300""}"
KXBTC15M-26APR280100-00,7666c1fb-741c-4edc-57c2-780f829fe340,1777351551,0.63,8.94,no,"{""count_fp"":""8.94"",""created_time"":""2026-04-28T04:45:51.243647Z"",""no_price_dollars"":""0.3700"",""taker_side"":""no"",""ticker"":""KXBTC15M-26APR280100-00"",""trade_id"":""7666c1fb-741c-4edc-57c2-780f829fe340"",""yes_price_dollars"":""0.6300""}"
KXBTC15M-26APR280100-00,72ff0d29-7d8c-4da7-6200-463b4662647b,1777351551,0.63,4.0,no,"{""count_fp"":""4.00"",""created_time"":""2026-04-28T04:45:51.243647Z"",""no_price_dollars"":""0.3700"",""taker_side"":""no"",""ticker"":""KXBTC15M-26APR280100-00"",""trade_id"":""72ff0d29-7d8c-4da7-6200-463b4662647b"",""yes_price_dollars"":""0.6300""}"
KXBTC15M-26APR280100-00,b66acf34-b858-754f-ef68-81bda5f79617,1777351551,0.63,8.0,no,"{""count_fp"":""8.00"",""created_time"":""2026-04-28T04:45:51.004657Z"",""no_price_dollars"":""0.3700"",""taker_side"":""no"",""ticker"":""KXBTC15M-26APR280100-00"",""trade_id"":""b66acf34-b858-754f-ef68-81bda5f79617"",""yes_price_dollars"":""0.6300""}"
KXBTC15M-26APR280100-00,7f244a4d-94aa-7709-d238-3eaefcee1ee4,1777351551,0.63,3.0,no,"{""count_fp"":""3.00"",""created_time"":""2026-04-28T04:45:51.004657Z"",""no_price_dollars"":""0.3700"",""taker_side"":""no"",""ticker"":""KXBTC15M-26APR280100-00"",""trade_id"":""7f244a4d-94aa-7709-d238-3eaefcee1ee4"",""yes_price_dollars"":""0.6300""}"
KXBTC15M-26APR280100-00,f73f120e-cdd7-444f-ff0b-d96463b232ad,1777351552,0.63,6.93,no,"{""count_fp"":""6.93"",""created_time"":""2026-04-28T04:45:52.828966Z"",""no_price_dollars"":""0.3700"",""taker_side"":""no"",""ticker"":""KXBTC15M-26APR280100-00"",""trade_id"":""f73f120e-cdd7-444f-ff0b-d96463b232ad"",""yes_price_dollars"":""0.6300""}"
KXBTC15M-26APR280100-00,3d0c4c32-9364-6cad-4692-f694d10bef1f,1777351552,0.64,6.56,yes,"{""count_fp"":""6.56"",""created_time"":""2026-04-28T04:45:52.611193Z"",""no_price_dollars"":""0.3600"",""taker_side"":""yes"",""ticker"":""KXBTC15M-26APR280100-00"",""trade_id"":""3d0c4c32-9364-6cad-4692-f694d10bef1f"",""yes_price_dollars"":""0.6400""}"
KXBTC15M-26APR280100-00,312cd82e-3bba-6ed7-7f6f-b862355121e0,1777351552,0.64,1.06,yes,"{""count_fp"":""1.06"",""created_time"":""2026-04-28T04:45:52.611193Z"",""no_price_dollars"":""0.3600"",""taker_side"":""yes"",""ticker"":""KXBTC15M-26APR280100-00"",""trade_id"":""312cd82e-3bba-6ed7-7f6f-b862355121e0"",""yes_price_dollars"":""0.6400""}"
KXBTC15M-26APR280100-00,3932cfc5-278f-636f-f9eb-bad8a60f5745,1777351552,0.63,0.25,no,"{""count_fp"":""0.25"",""created_time"":""2026-04-28T04:45:52.275391Z"",""no_price_dollars"":""0.3700"",""taker_side"":""no"",""ticker"":""KXBTC15M-26APR280100-00"",""trade_id"":""3932cfc5-278f-636f-f9eb-bad8a60f5745"",""yes_price_dollars"":""0.6300""}"
KXBTC15M-26APR280100-00,703bc565-137c-5769-4ab9-a428412c0cdf,1777351552,0.64,41.15,yes,"{""count_fp"":""41.15"",""created_time"":""2026-04-28T04:45:52.166216Z"",""no_price_dollars"":""0.3600"",""taker_side"":""yes"",""ticker"":""KXBTC15M-26APR280100-00"",""trade_id"":""703bc565-137c-5769-4ab9-a428412c0cdf"",""yes_price_dollars"":""0.6400""}"
KXBTC15M-26APR280100-00,5b293e14-9b38-5d21-480a-07b9d2bd8927,1777351552,0.64,25.0,yes,"{""count_fp"":""25.00"",""created_time"":""2026-04-28T04:45:52.084719Z"",""no_price_dollars"":""0.3600"",""taker_side"":""yes"",""ticker"":""KXBTC15M-26APR280100-00"",""trade_id"":""5b293e14-9b38-5d21-480a-07b9d2bd8927"",""yes_price_dollars"":""0.6400""}"
KXBTC15M-26APR280100-00,a84dd68d-ac13-681b-c361-b26c535d4ffd,1777351552,0.63,25.88,no,"{""count_fp"":""25.88"",""created_time"":""2026-04-28T04:45:52.034323Z"",""no_price_dollars"":""0.3700"",""taker_side"":""no"",""ticker"":""KXBTC15M-26APR280100-00"",""trade_id"":""a84dd68d-ac13-681b-c361-b26c535d4ffd"",""yes_price_dollars"":""0.6300""}"
KXBTC15M-26APR280100-00,5daed560-a6df-46b7-d2a4-51745535bdc9,1777351553,0.63,2.92,no,"{""count_fp"":""2.92"",""created_time"":""2026-04-28T04:45:53.573208Z"",""no_price_dollars"":""0.3700"",""taker_side"":""no"",""ticker"":""KXBTC15M-26APR280100-00"",""trade_id"":""5daed560-a6df-46b7-d2a4-51745535bdc9"",""yes_price_dollars"":""0.6300""}"
KXBTC15M-26APR280100-00,3ebf6bfd-3a9f-6277-b4dc-04cc8bc44405,1777351553,0.63,7.55,no,"{""count_fp"":""7.55"",""created_time"":""2026-04-28T04:45:53.445021Z"",""no_price_dollars"":""0.3700"",""taker_side"":""no"",""ticker"":""KXBTC15M-26APR280100-00"",""trade_id"":""3ebf6bfd-3a9f-6277-b4dc-04cc8bc44405"",""yes_price_dollars"":""0.6300""}"
KXBTC15M-26APR280100-00,4fb48d65-e366-6e93-9d4d-ae85c271dc60,1777351553,0.64,7.6,yes,"{""count_fp"":""7.60"",""created_time"":""2026-04-28T04:45:53.421785Z"",""no_price_dollars"":""0.3600"",""taker_side"":""yes"",""ticker"":""KXBTC15M-26APR280100-00"",""trade_id"":""4fb48d65-e366-6e93-9d4d-ae85c271dc60"",""yes_price_dollars"":""0.6400""}"
KXBTC15M-26APR280100-00,bdf13a45-52cf-45f3-8a1a-361a3a8ce8fd,1777351553,0.63,2.58,no,"{""count_fp"":""2.58"",""created_time"":""2026-04-28T04:45:53.378459Z"",""no_price_dollars"":""0.3700"",""taker_side"":""no"",""ticker"":""KXBTC15M-26APR280100-00"",""trade_id"":""bdf13a45-52cf-45f3-8a1a-361a3a8ce8fd"",""yes_price_dollars"":""0.6300""}"
KXBTC15M-26APR280100-00,234a2a34-13fb-6b8b-baa4-4a044bb63481,1777351553,0.63,10.0,no,"{""count_fp"":""10.00"",""created_time"":""2026-04-28T04:45:53.362076Z"",""no_price_dollars"":""0.3700"",""taker_side"":""no"",""ticker"":""KXBTC15M-26APR280100-00"",""trade_id"":""234a2a34-13fb-6b8b-baa4-4a044bb63481"",""yes_price_dollars"":""0.6300""}"
KXBTC15M-26APR280100-00,1cd0f406-c5eb-772f-d0c7-89def816cbe9,1777351553,0.63,517.7,no,"{""count_fp"":""517.70"",""created_time"":""2026-04-28T04:45:53.275028Z"",""no_price_dollars"":""0.3700"",""taker_side"":""no"",""ticker"":""KXBTC15M-26APR280100-00"",""trade_id"":""1cd0f406-c5eb-772f-d0c7-89def816cbe9"",""yes_price_dollars"":""0.6300""}"
KXBTC15M-26APR280100-00,1eb3fad8-86d7-7643-2079-5c921ea22731,1777351554,0.63,37.83,no,"{""count_fp"":""37.83"",""created_time"":""2026-04-28T04:45:54.603739Z"",""no_price_dollars"":""0.3700"",""taker_side"":""no"",""ticker"":""KXBTC15M-26APR280100-00"",""trade_id"":""1eb3fad8-86d7-7643-2079-5c921ea22731"",""yes_price_dollars"":""0.6300""}"
KXBTC15M-26APR280100-00,e2b9cdd0-348b-60cb-3b53-3472f29348e1,1777351555,0.63,3.0,no,"{""count_fp"":""3.00"",""created_time"":""2026-04-28T04:45:55.301095Z"",""no_price_dollars"":""0.3700"",""taker_side"":""no"",""ticker"":""KXBTC15M-26APR280100-00"",""trade_id"":""e2b9cdd0-348b-60cb-3b53-3472f29348e1"",""yes_price_dollars"":""0.6300""}"
KXBTC15M-26APR280100-00,79696b8c-3126-5477-fa1b-86d3aacf2378,1777351555,0.64,1.34,yes,"{""count_fp"":""1.34"",""created_time"":""2026-04-28T04:45:55.201275Z"",""no_price_dollars"":""0.3600"",""taker_side"":""yes"",""ticker"":""KXBTC15M-26APR280100-00"",""trade_id"":""79696b8c-3126-5477-fa1b-86d3aacf2378"",""yes_price_dollars"":""0.6400""}"
KXBTC15M-26APR280100-00,6e46838a-d9dc-5a07-ce70-7b6227398ecc,1777351555,0.64,0.66,yes,"{""count_fp"":""0.66"",""created_time"":""2026-04-28T04:45:55.201275Z"",""no_price_dollars"":""0.3600"",""taker_side"":""yes"",""ticker"":""KXBTC15M-26APR280100-00"",""trade_id"":""6e46838a-d9dc-5a07-ce70-7b6227398ecc"",""yes_price_dollars"":""0.6400""}"
KXBTC15M-26APR280100-00,0c95e724-91cd-59f0-ff80-bbaa82bd20af,1777351555,0.64,3.0,yes,"{""count_fp"":""3.00"",""created_time"":""2026-04-28T04:45:55.201275Z"",""no_price_dollars"":""0.3600"",""taker_side"":""yes"",""ticker"":""KXBTC15M-26APR280100-00"",""trade_id"":""0c95e724-91cd-59f0-ff80-bbaa82bd20af"",""yes_price_dollars"":""0.6400""}"
KXBTC15M-26APR280100-00,d47a4708-aad4-728b-5065-76e891098ded,1777351556,0.65,21.19,yes,"{""count_fp"":""21.19"",""created_time"":""2026-04-28T04:45:56.456338Z"",""no_price_dollars"":""0.3500"",""taker_side"":""yes"",""ticker"":""KXBTC15M-26APR280100-00"",""trade_id"":""d47a4708-aad4-728b-5065-76e891098ded"",""yes_price_dollars"":""0.6500""}"
KXBTC15M-26APR280100-00,06cc4e73-d03c-7bcf-5491-25f94380ab5c,1777351556,0.64,4.6,yes,"{""count_fp"":""4.60"",""created_time"":""2026-04-28T04:45:56.456338Z"",""no_price_dollars"":""0.3600"",""taker_side"":""yes"",""ticker"":""KXBTC15M-26APR280100-00"",""trade_id"":""06cc4e73-d03c-7bcf-5491-25f94380ab5c"",""yes_price_dollars"":""0.6400""}"
KXBTC15M-26APR280100-00,8eeeb841-e394-724f-339d-a12d0bf25501,1777351557,0.65,72.29,yes,"{""count_fp"":""72.29"",""created_time"":""2026-04-28T04:45:57.995784Z"",""no_price_dollars"":""0.3500"",""taker_side"":""yes"",""ticker"":""KXBTC15M-26APR280100-00"",""trade_id"":""8eeeb841-e394-724f-339d-a12d0bf25501"",""yes_price_dollars"":""0.6500""}"
KXBTC15M-26APR280100-00,2cd394ff-d4b6-4908-8e6c-0c9dff882fe3,1777351557,0.64,0.77,no,"{""count_fp"":""0.77"",""created_time"":""2026-04-28T04:45:57.596344Z"",""no_price_dollars"":""0.3600"",""taker_side"":""no"",""ticker"":""KXBTC15M-26APR280100-00"",""trade_id"":""2cd394ff-d4b6-4908-8e6c-0c9dff882fe3"",""yes_price_dollars"":""0.6400""}"
KXBTC15M-26APR280100-00,bdbd45c7-8310-7ef7-2e66-91e7df91305d,1777351557,0.65,18.02,yes,"{""count_fp"":""18.02"",""created_time"":""2026-04-28T04:45:57.582404Z"",""no_price_dollars"":""0.3500"",""taker_side"":""yes"",""ticker"":""KXBTC15M-26APR280100-00"",""trade_id"":""bdbd45c7-8310-7ef7-2e66-91e7df91305d"",""yes_price_dollars"":""0.6500""}"
KXBTC15M-26APR280100-00,37dbf354-71c6-4a6c-373a-45252555905b,1777351557,0.64,25.88,no,"{""count_fp"":""25.88"",""created_time"":""2026-04-28T04:45:57.507575Z"",""no_price_dollars"":""0.3600"",""taker_side"":""no"",""ticker"":""KXBTC15M-26APR280100-00"",""trade_id"":""37dbf354-71c6-4a6c-373a-45252555905b"",""yes_price_dollars"":""0.6400""}"
KXBTC15M-26APR280100-00,e1e26f65-da6e-4c20-d952-1bbd35249e3b,1777351557,0.64,2.58,no,"{""count_fp"":""2.58"",""created_time"":""2026-04-28T04:45:57.297572Z"",""no_price_dollars"":""0.3600"",""taker_side"":""no"",""ticker"":""KXBTC15M-26APR280100-00"",""trade_id"":""e1e26f65-da6e-4c20-d952-1bbd35249e3b"",""yes_price_dollars"":""0.6400""}"
KXBTC15M-26APR280100-00,8e04e7e3-3348-6340-8385-681d84bc33f4,1777351558,0.67,33.57,yes,"{""count_fp"":""33.57"",""created_time"":""2026-04-28T04:45:58.868849Z"",""no_price_dollars"":""0.3300"",""taker_side"":""yes"",""ticker"":""KXBTC15M-26APR280100-00"",""trade_id"":""8e04e7e3-3348-6340-8385-681d84bc33f4"",""yes_price_dollars"":""0.6700""}"
KXBTC15M-26APR280100-00,011515bf-01d7-6684-adcc-2a976e799406,1777351558,0.66,40.0,yes,"{""count_fp"":""40.00"",""created_time"":""2026-04-28T04:45:58.868849Z"",""no_price_dollars"":""0.3400"",""taker_side"":""yes"",""ticker"":""KXBTC15M-26APR280100-00"",""trade_id"":""011515bf-01d7-6684-adcc-2a976e799406"",""yes_price_dollars"":""0.6600""}"
KXBTC15M-26APR280100-00,e4b3631b-69bf-5434-863c-5ce5699b2535,1777351558,0.65,25.0,yes,"{""count_fp"":""25.00"",""created_time"":""2026-04-28T04:45:58.662119Z"",""no_price_dollars"":""0.3500"",""taker_side"":""yes"",""ticker"":""KXBTC15M-26APR280100-00"",""trade_id"":""e4b3631b-69bf-5434-863c-5ce5699b2535"",""yes_price_dollars"":""0.6500""}"
KXBTC15M-26APR280100-00,b0558c94-eb7d-5ed3-bb2d-7a998a8557eb,1777351558,0.66,20.0,yes,"{""count_fp"":""20.00"",""created_time"":""2026-04-28T04:45:58.662119Z"",""no_price_dollars"":""0.3400"",""taker_side"":""yes"",""ticker"":""KXBTC15M-26APR280100-00"",""trade_id"":""b0558c94-eb7d-5ed3-bb2d-7a998a8557eb"",""yes_price_dollars"":""0.6600""}"
KXBTC15M-26APR280100-00,99721d38-83db-5fef-8a3a-76611a455a3e,1777351558,0.65,3.7,yes,"{""count_fp"":""3.70"",""created_time"":""2026-04-28T04:45:58.662119Z"",""no_price_dollars"":""0.3500"",""taker_side"":""yes"",""ticker"":""KXBTC15M-26APR280100-00"",""trade_id"":""99721d38-83db-5fef-8a3a-76611a455a3e"",""yes_price_dollars"":""0.6500""}"
KXBTC15M-26APR280100-00,892b5830-6ce8-5fef-8820-52a8cdbdc3d9,1777351558,0.65,0.94,yes,"{""count_fp"":""0.94"",""created_time"":""2026-04-28T04:45:58.662119Z"",""no_price_dollars"":""0.3500"",""taker_side"":""yes"",""ticker"":""KXBTC15M-26APR280100-00"",""trade_id"":""892b5830-6ce8-5fef-8820-52a8cdbdc3d9"",""yes_price_dollars"":""0.6500""}"
KXBTC15M-26APR280100-00,7f60771d-55a4-53df-9b1d-af8210648c69,1777351558,0.65,3.0,yes,"{""count_fp"":""3.00"",""created_time"":""2026-04-28T04:45:58.662119Z"",""no_price_dollars"":""0.3500"",""taker_side"":""yes"",""ticker"":""KXBTC15M-26APR280100-00"",""trade_id"":""7f60771d-55a4-53df-9b1d-af8210648c69"",""yes_price_dollars"":""0.6500""}"
KXBTC15M-26APR280100-00,6de5be5d-a846-58e3-a0e6-5aa710998da8,1777351558,0.65,30.0,yes,"{""count_fp"":""30.00"",""created_time"":""2026-04-28T04:45:58.662119Z"",""no_price_dollars"":""0.3500"",""taker_side"":""yes"",""ticker"":""KXBTC15M-26APR280100-00"",""trade_id"":""6de5be5d-a846-58e3-a0e6-5aa710998da8"",""yes_price_dollars"":""0.6500""}"
KXBTC15M-26APR280100-00,4565451f-6552-57c6-9b02-07396d01c6a4,1777351558,0.66,58.0,yes,"{""count_fp"":""58.00"",""created_time"":""2026-04-28T04:45:58.662119Z"",""no_price_dollars"":""0.3400"",""taker_side"":""yes"",""ticker"":""KXBTC15M-26APR280100-00"",""trade_id"":""4565451f-6552-57c6-9b02-07396d01c6a4"",""yes_price_dollars"":""0.6600""}"
KXBTC15M-26APR280100-00,4290514e-31aa-5cfe-ae55-b5c4bd27f50a,1777351558,0.66,40.0,yes,"{""count_fp"":""40.00"",""created_time"":""2026-04-28T04:45:58.662119Z"",""no_price_dollars"":""0.3400"",""taker_side"":""yes"",""ticker"":""KXBTC15M-26APR280100-00"",""trade_id"":""4290514e-31aa-5cfe-ae55-b5c4bd27f50a"",""yes_price_dollars"":""0.6600""}"
KXBTC15M-26APR280100-00,2459e407-734b-5395-a2e9-d0942cf144ba,1777351558,0.65,1.0,yes,"{""count_fp"":""1.00"",""created_time"":""2026-04-28T04:45:58.662119Z"",""no_price_dollars"":""0.3500"",""taker_side"":""yes"",""ticker"":""KXBTC15M-26APR280100-00"",""trade_id"":""2459e407-734b-5395-a2e9-d0942cf144ba"",""yes_price_dollars"":""0.6500""}"
