ticker,trade_id,ts,yes_price,count,taker_side,raw_json
KXBTC15M-26APR272130-30,5ac448cd-10fc-599d-2dc2-a14e8f905cec,1777338900,0.5,1.0,no,"{""count_fp"":""1.00"",""created_time"":""2026-04-28T01:15:00.647384Z"",""no_price_dollars"":""0.5000"",""taker_side"":""no"",""ticker"":""KXBTC15M-26APR272130-30"",""trade_id"":""5ac448cd-10fc-599d-2dc2-a14e8f905cec"",""yes_price_dollars"":""0.5000""}"
KXBTC15M-26APR272130-30,5adb1f96-d6fb-7ad2-3df8-9921982640da,1777338900,0.5,1.0,yes,"{""count_fp"":""1.00"",""created_time"":""2026-04-28T01:15:00.639547Z"",""no_price_dollars"":""0.5000"",""taker_side"":""yes"",""ticker"":""KXBTC15M-26APR272130-30"",""trade_id"":""5adb1f96-d6fb-7ad2-3df8-9921982640da"",""yes_price_dollars"":""0.5000""}"
KXBTC15M-26APR272130-30,39b5347a-2a99-722a-2ba4-e8c207d7ebdc,1777338900,0.46,4.0,yes,"{""count_fp"":""4.00"",""created_time"":""2026-04-28T01:15:00.639547Z"",""no_price_dollars"":""0.5400"",""taker_side"":""yes"",""ticker"":""KXBTC15M-26APR272130-30"",""trade_id"":""39b5347a-2a99-722a-2ba4-e8c207d7ebdc"",""yes_price_dollars"":""0.4600""}"
KXBTC15M-26APR272130-30,1e9f9784-4069-7b70-1170-16c0769db0fe,1777338900,0.46,22.0,yes,"{""count_fp"":""22.00"",""created_time"":""2026-04-28T01:15:00.639547Z"",""no_price_dollars"":""0.5400"",""taker_side"":""yes"",""ticker"":""KXBTC15M-26APR272130-30"",""trade_id"":""1e9f9784-4069-7b70-1170-16c0769db0fe"",""yes_price_dollars"":""0.4600""}"
KXBTC15M-26APR272130-30,10305a8b-ec19-61c8-5e1d-0e5dbe0ee485,1777338900,0.46,1.0,no,"{""count_fp"":""1.00"",""created_time"":""2026-04-28T01:15:00.213752Z"",""no_price_dollars"":""0.5400"",""taker_side"":""no"",""ticker"":""KXBTC15M-26APR272130-30"",""trade_id"":""10305a8b-ec19-61c8-5e1d-0e5dbe0ee485"",""yes_price_dollars"":""0.4600""}"
KXBTC15M-26APR272130-30,b2a32447-7e36-75c4-c363-7a542c6aa41d,1777338901,0.5,10.0,yes,"{""count_fp"":""10.00"",""created_time"":""2026-04-28T01:15:01.638235Z"",""no_price_dollars"":""0.5000"",""taker_side"":""yes"",""ticker"":""KXBTC15M-26APR272130-30"",""trade_id"":""b2a32447-7e36-75c4-c363-7a542c6aa41d"",""yes_price_dollars"":""0.5000""}"
KXBTC15M-26APR272130-30,0c45920c-9c9c-7f65-13a5-bdbd863bfaec,1777338901,0.5,172.0,no,"{""count_fp"":""172.00"",""created_time"":""2026-04-28T01:15:01.153252Z"",""no_price_dollars"":""0.5000"",""taker_side"":""no"",""ticker"":""KXBTC15M-26APR272130-30"",""trade_id"":""0c45920c-9c9c-7f65-13a5-bdbd863bfaec"",""yes_price_dollars"":""0.5000""}"
KXBTC15M-26APR272130-30,f2ed4ebf-29bb-6f84-85fe-c5d353e8cfeb,1777338903,0.5,122.0,no,"{""count_fp"":""122.00"",""created_time"":""2026-04-28T01:15:03.297124Z"",""no_price_dollars"":""0.5000"",""taker_side"":""no"",""ticker"":""KXBTC15M-26APR272130-30"",""trade_id"":""f2ed4ebf-29bb-6f84-85fe-c5d353e8cfeb"",""yes_price_dollars"":""0.5000""}"
KXBTC15M-26APR272130-30,d8c87c27-9140-6e27-21c5-59fbb379d36b,1777338903,0.51,49.0,yes,"{""count_fp"":""49.00"",""created_time"":""2026-04-28T01:15:03.238856Z"",""no_price_dollars"":""0.4900"",""taker_side"":""yes"",""ticker"":""KXBTC15M-26APR272130-30"",""trade_id"":""d8c87c27-9140-6e27-21c5-59fbb379d36b"",""yes_price_dollars"":""0.5100""}"
KXBTC15M-26APR272130-30,fdce8e2a-e59d-6bdf-192e-0d098d8cd2c6,1777338903,0.5,65.0,yes,"{""count_fp"":""65.00"",""created_time"":""2026-04-28T01:15:03.227007Z"",""no_price_dollars"":""0.5000"",""taker_side"":""yes"",""ticker"":""KXBTC15M-26APR272130-30"",""trade_id"":""fdce8e2a-e59d-6bdf-192e-0d098d8cd2c6"",""yes_price_dollars"":""0.5000""}"
KXBTC15M-26APR272130-30,adff402e-3c74-6ef3-2556-1ed1bbf796bf,1777338903,0.51,7.0,yes,"{""count_fp"":""7.00"",""created_time"":""2026-04-28T01:15:03.227007Z"",""no_price_dollars"":""0.4900"",""taker_side"":""yes"",""ticker"":""KXBTC15M-26APR272130-30"",""trade_id"":""adff402e-3c74-6ef3-2556-1ed1bbf796bf"",""yes_price_dollars"":""0.5100""}"
KXBTC15M-26APR272130-30,77443700-0314-697e-04bb-d3d3b27a4531,1777338903,0.5,100.0,yes,"{""count_fp"":""100.00"",""created_time"":""2026-04-28T01:15:03.227007Z"",""no_price_dollars"":""0.5000"",""taker_side"":""yes"",""ticker"":""KXBTC15M-26APR272130-30"",""trade_id"":""77443700-0314-697e-04bb-d3d3b27a4531"",""yes_price_dollars"":""0.5000""}"
KXBTC15M-26APR272130-30,4eb66e3b-51db-6bc4-1b5e-eff9f5641ac1,1777338903,0.5,28.0,yes,"{""count_fp"":""28.00"",""created_time"":""2026-04-28T01:15:03.227007Z"",""no_price_dollars"":""0.5000"",""taker_side"":""yes"",""ticker"":""KXBTC15M-26APR272130-30"",""trade_id"":""4eb66e3b-51db-6bc4-1b5e-eff9f5641ac1"",""yes_price_dollars"":""0.5000""}"
KXBTC15M-26APR272130-30,bf435c57-e2d3-7f9e-10cd-b97c8a2dc30b,1777338904,0.54,41.62,yes,"{""count_fp"":""41.62"",""created_time"":""2026-04-28T01:15:04.580697Z"",""no_price_dollars"":""0.4600"",""taker_side"":""yes"",""ticker"":""KXBTC15M-26APR272130-30"",""trade_id"":""bf435c57-e2d3-7f9e-10cd-b97c8a2dc30b"",""yes_price_dollars"":""0.5400""}"
KXBTC15M-26APR272130-30,a9f060f4-f376-7e59-3a48-a545b272b356,1777338904,0.53,27.0,yes,"{""count_fp"":""27.00"",""created_time"":""2026-04-28T01:15:04.580697Z"",""no_price_dollars"":""0.4700"",""taker_side"":""yes"",""ticker"":""KXBTC15M-26APR272130-30"",""trade_id"":""a9f060f4-f376-7e59-3a48-a545b272b356"",""yes_price_dollars"":""0.5300""}"
KXBTC15M-26APR272130-30,436627b4-8abc-7fa0-0886-1c2db764483b,1777338904,0.5,51.0,yes,"{""count_fp"":""51.00"",""created_time"":""2026-04-28T01:15:04.580697Z"",""no_price_dollars"":""0.5000"",""taker_side"":""yes"",""ticker"":""KXBTC15M-26APR272130-30"",""trade_id"":""436627b4-8abc-7fa0-0886-1c2db764483b"",""yes_price_dollars"":""0.5000""}"
KXBTC15M-26APR272130-30,2ca09343-1c71-74d5-3c1d-75c49d6e0037,1777338904,0.54,1.0,yes,"{""count_fp"":""1.00"",""created_time"":""2026-04-28T01:15:04.580697Z"",""no_price_dollars"":""0.4600"",""taker_side"":""yes"",""ticker"":""KXBTC15M-26APR272130-30"",""trade_id"":""2ca09343-1c71-74d5-3c1d-75c49d6e0037"",""yes_price_dollars"":""0.5400""}"
KXBTC15M-26APR272130-30,0edcbfe6-0bfd-7b70-1fd5-4ba0d122c01d,1777338904,0.54,1.0,yes,"{""count_fp"":""1.00"",""created_time"":""2026-04-28T01:15:04.580697Z"",""no_price_dollars"":""0.4600"",""taker_side"":""yes"",""ticker"":""KXBTC15M-26APR272130-30"",""trade_id"":""0edcbfe6-0bfd-7b70-1fd5-4ba0d122c01d"",""yes_price_dollars"":""0.5400""}"
KXBTC15M-26APR272130-30,08f683ee-b858-7bb1-271a-ee64b5f89d6d,1777338904,0.5,28.0,yes,"{""count_fp"":""28.00"",""created_time"":""2026-04-28T01:15:04.580697Z"",""no_price_dollars"":""0.5000"",""taker_side"":""yes"",""ticker"":""KXBTC15M-26APR272130-30"",""trade_id"":""08f683ee-b858-7bb1-271a-ee64b5f89d6d"",""yes_price_dollars"":""0.5000""}"
KXBTC15M-26APR272130-30,a5ccf111-c624-5305-b5f6-e18218b82306,1777338906,0.47,18.0,yes,"{""count_fp"":""18.00"",""created_time"":""2026-04-28T01:15:06.846295Z"",""no_price_dollars"":""0.5300"",""taker_side"":""yes"",""ticker"":""KXBTC15M-26APR272130-30"",""trade_id"":""a5ccf111-c624-5305-b5f6-e18218b82306"",""yes_price_dollars"":""0.4700""}"
KXBTC15M-26APR272130-30,df93324b-61b0-5fd9-c6ee-1e742b64b016,1777338906,0.47,6.0,yes,"{""count_fp"":""6.00"",""created_time"":""2026-04-28T01:15:06.721255Z"",""no_price_dollars"":""0.5300"",""taker_side"":""yes"",""ticker"":""KXBTC15M-26APR272130-30"",""trade_id"":""df93324b-61b0-5fd9-c6ee-1e742b64b016"",""yes_price_dollars"":""0.4700""}"
KXBTC15M-26APR272130-30,ed257b80-ed14-6f15-91c0-9942633fffd2,1777338906,0.46,19.73,no,"{""count_fp"":""19.73"",""created_time"":""2026-04-28T01:15:06.548137Z"",""no_price_dollars"":""0.5400"",""taker_side"":""no"",""ticker"":""KXBTC15M-26APR272130-30"",""trade_id"":""ed257b80-ed14-6f15-91c0-9942633fffd2"",""yes_price_dollars"":""0.4600""}"
KXBTC15M-26APR272130-30,bbdaa7fe-6538-5c65-7634-ada22ed25e72,1777338906,0.47,1.0,yes,"{""count_fp"":""1.00"",""created_time"":""2026-04-28T01:15:06.038831Z"",""no_price_dollars"":""0.5300"",""taker_side"":""yes"",""ticker"":""KXBTC15M-26APR272130-30"",""trade_id"":""bbdaa7fe-6538-5c65-7634-ada22ed25e72"",""yes_price_dollars"":""0.4700""}"
KXBTC15M-26APR272130-30,bf1c1089-0758-5635-dd24-a54bf2cd4d1a,1777338907,0.47,24.0,yes,"{""count_fp"":""24.00"",""created_time"":""2026-04-28T01:15:07.602102Z"",""no_price_dollars"":""0.5300"",""taker_side"":""yes"",""ticker"":""KXBTC15M-26APR272130-30"",""trade_id"":""bf1c1089-0758-5635-dd24-a54bf2cd4d1a"",""yes_price_dollars"":""0.4700""}"
KXBTC15M-26APR272130-30,af0c29b1-112b-5ab6-f6af-2c60d5020440,1777338907,0.47,386.3,yes,"{""count_fp"":""386.30"",""created_time"":""2026-04-28T01:15:07.602102Z"",""no_price_dollars"":""0.5300"",""taker_side"":""yes"",""ticker"":""KXBTC15M-26APR272130-30"",""trade_id"":""af0c29b1-112b-5ab6-f6af-2c60d5020440"",""yes_price_dollars"":""0.4700""}"
KXBTC15M-26APR272130-30,c5bf3c01-f940-4c71-c06b-8bfccb534f96,1777338907,0.46,89.7,no,"{""count_fp"":""89.70"",""created_time"":""2026-04-28T01:15:07.599101Z"",""no_price_dollars"":""0.5400"",""taker_side"":""no"",""ticker"":""KXBTC15M-26APR272130-30"",""trade_id"":""c5bf3c01-f940-4c71-c06b-8bfccb534f96"",""yes_price_dollars"":""0.4600""}"
KXBTC15M-26APR272130-30,a3b6dbb6-16a5-53c6-5ebe-a814d5d7c8a9,1777338908,0.44,56.0,no,"{""count_fp"":""56.00"",""created_time"":""2026-04-28T01:15:08.748047Z"",""no_price_dollars"":""0.5600"",""taker_side"":""no"",""ticker"":""KXBTC15M-26APR272130-30"",""trade_id"":""a3b6dbb6-16a5-53c6-5ebe-a814d5d7c8a9"",""yes_price_dollars"":""0.4400""}"
KXBTC15M-26APR272130-30,5605c374-4493-5d01-67b3-7e25b957164b,1777338908,0.44,1.0,no,"{""count_fp"":""1.00"",""created_time"":""2026-04-28T01:15:08.748047Z"",""no_price_dollars"":""0.5600"",""taker_side"":""no"",""ticker"":""KXBTC15M-26APR272130-30"",""trade_id"":""5605c374-4493-5d01-67b3-7e25b957164b"",""yes_price_dollars"":""0.4400""}"
KXBTC15M-26APR272130-30,4c9a5bb7-42c2-4415-908e-7578a2287b13,1777338908,0.46,8.19,yes,"{""count_fp"":""8.19"",""created_time"":""2026-04-28T01:15:08.383936Z"",""no_price_dollars"":""0.5400"",""taker_side"":""yes"",""ticker"":""KXBTC15M-26APR272130-30"",""trade_id"":""4c9a5bb7-42c2-4415-908e-7578a2287b13"",""yes_price_dollars"":""0.4600""}"
KXBTC15M-26APR272130-30,b8bd7828-c474-500e-9164-3f68001dfa2d,1777338908,0.47,1.21,no,"{""count_fp"":""1.21"",""created_time"":""2026-04-28T01:15:08.227088Z"",""no_price_dollars"":""0.5300"",""taker_side"":""no"",""ticker"":""KXBTC15M-26APR272130-30"",""trade_id"":""b8bd7828-c474-500e-9164-3f68001dfa2d"",""yes_price_dollars"":""0.4700""}"
KXBTC15M-26APR272130-30,b4754eed-8456-553b-89eb-ab9e62f2944a,1777338908,0.47,100.0,no,"{""count_fp"":""100.00"",""created_time"":""2026-04-28T01:15:08.227088Z"",""no_price_dollars"":""0.5300"",""taker_side"":""no"",""ticker"":""KXBTC15M-26APR272130-30"",""trade_id"":""b4754eed-8456-553b-89eb-ab9e62f2944a"",""yes_price_dollars"":""0.4700""}"
KXBTC15M-26APR272130-30,72e4e941-a6e7-6d6c-3612-93b5ee6cd771,1777338908,0.48,1.0,yes,"{""count_fp"":""1.00"",""created_time"":""2026-04-28T01:15:08.220065Z"",""no_price_dollars"":""0.5200"",""taker_side"":""yes"",""ticker"":""KXBTC15M-26APR272130-30"",""trade_id"":""72e4e941-a6e7-6d6c-3612-93b5ee6cd771"",""yes_price_dollars"":""0.4800""}"
KXBTC15M-26APR272130-30,baff3724-dea4-6c76-9aff-cb0a6a54137d,1777338908,0.47,1.79,no,"{""count_fp"":""1.79"",""created_time"":""2026-04-28T01:15:08.154235Z"",""no_price_dollars"":""0.5300"",""taker_side"":""no"",""ticker"":""KXBTC15M-26APR272130-30"",""trade_id"":""baff3724-dea4-6c76-9aff-cb0a6a54137d"",""yes_price_dollars"":""0.4700""}"
KXBTC15M-26APR272130-30,a76f8d39-1ca9-75ad-1ada-ae14fac4079f,1777338909,0.44,41.89,yes,"{""count_fp"":""41.89"",""created_time"":""2026-04-28T01:15:09.396857Z"",""no_price_dollars"":""0.5600"",""taker_side"":""yes"",""ticker"":""KXBTC15M-26APR272130-30"",""trade_id"":""a76f8d39-1ca9-75ad-1ada-ae14fac4079f"",""yes_price_dollars"":""0.4400""}"
KXBTC15M-26APR272130-30,d0d2097c-f895-4523-64ff-01eef386e1fd,1777338909,0.42,2.0,no,"{""count_fp"":""2.00"",""created_time"":""2026-04-28T01:15:09.202035Z"",""no_price_dollars"":""0.5800"",""taker_side"":""no"",""ticker"":""KXBTC15M-26APR272130-30"",""trade_id"":""d0d2097c-f895-4523-64ff-01eef386e1fd"",""yes_price_dollars"":""0.4200""}"
KXBTC15M-26APR272130-30,9af1f100-5076-453a-625c-ffafa34bc28a,1777338909,0.42,1.0,no,"{""count_fp"":""1.00"",""created_time"":""2026-04-28T01:15:09.202035Z"",""no_price_dollars"":""0.5800"",""taker_side"":""no"",""ticker"":""KXBTC15M-26APR272130-30"",""trade_id"":""9af1f100-5076-453a-625c-ffafa34bc28a"",""yes_price_dollars"":""0.4200""}"
KXBTC15M-26APR272130-30,46c79554-5f94-41b2-50b0-03e137920688,1777338909,0.42,23.0,no,"{""count_fp"":""23.00"",""created_time"":""2026-04-28T01:15:09.202035Z"",""no_price_dollars"":""0.5800"",""taker_side"":""no"",""ticker"":""KXBTC15M-26APR272130-30"",""trade_id"":""46c79554-5f94-41b2-50b0-03e137920688"",""yes_price_dollars"":""0.4200""}"
KXBTC15M-26APR272130-30,007d8772-aecd-44ec-43a5-c0d9dae71543,1777338909,0.43,1.0,no,"{""count_fp"":""1.00"",""created_time"":""2026-04-28T01:15:09.202035Z"",""no_price_dollars"":""0.5700"",""taker_side"":""no"",""ticker"":""KXBTC15M-26APR272130-30"",""trade_id"":""007d8772-aecd-44ec-43a5-c0d9dae71543"",""yes_price_dollars"":""0.4300""}"
KXBTC15M-26APR272130-30,3d17b754-0061-4509-5ecf-74ba9c607497,1777338909,0.44,1.0,yes,"{""count_fp"":""1.00"",""created_time"":""2026-04-28T01:15:09.154173Z"",""no_price_dollars"":""0.5600"",""taker_side"":""yes"",""ticker"":""KXBTC15M-26APR272130-30"",""trade_id"":""3d17b754-0061-4509-5ecf-74ba9c607497"",""yes_price_dollars"":""0.4400""}"
KXBTC15M-26APR272130-30,e1158767-73a9-68a9-3e9c-e52c393fe12f,1777338909,0.44,8.2,yes,"{""count_fp"":""8.20"",""created_time"":""2026-04-28T01:15:09.077253Z"",""no_price_dollars"":""0.5600"",""taker_side"":""yes"",""ticker"":""KXBTC15M-26APR272130-30"",""trade_id"":""e1158767-73a9-68a9-3e9c-e52c393fe12f"",""yes_price_dollars"":""0.4400""}"
KXBTC15M-26APR272130-30,b3b0de84-63f5-45ff-a100-23309619b135,1777338910,0.44,10.93,yes,"{""count_fp"":""10.93"",""created_time"":""2026-04-28T01:15:10.043069Z"",""no_price_dollars"":""0.5600"",""taker_side"":""yes"",""ticker"":""KXBTC15M-26APR272130-30"",""trade_id"":""b3b0de84-63f5-45ff-a100-23309619b135"",""yes_price_dollars"":""0.4400""}"
KXBTC15M-26APR272130-30,4d5d1ba7-dae5-626a-e3be-fd4c2ed2afbb,1777338911,0.43,1.67,no,"{""count_fp"":""1.67"",""created_time"":""2026-04-28T01:15:11.888924Z"",""no_price_dollars"":""0.5700"",""taker_side"":""no"",""ticker"":""KXBTC15M-26APR272130-30"",""trade_id"":""4d5d1ba7-dae5-626a-e3be-fd4c2ed2afbb"",""yes_price_dollars"":""0.4300""}"
KXBTC15M-26APR272130-30,b433c3cd-3391-6e63-7611-43b504baf5f9,1777338911,0.44,2.0,yes,"{""count_fp"":""2.00"",""created_time"":""2026-04-28T01:15:11.825384Z"",""no_price_dollars"":""0.5600"",""taker_side"":""yes"",""ticker"":""KXBTC15M-26APR272130-30"",""trade_id"":""b433c3cd-3391-6e63-7611-43b504baf5f9"",""yes_price_dollars"":""0.4400""}"
KXBTC15M-26APR272130-30,21e3e892-94ab-7749-f7b0-cd7db1e9d0ff,1777338911,0.43,3.0,no,"{""count_fp"":""3.00"",""created_time"":""2026-04-28T01:15:11.800935Z"",""no_price_dollars"":""0.5700"",""taker_side"":""no"",""ticker"":""KXBTC15M-26APR272130-30"",""trade_id"":""21e3e892-94ab-7749-f7b0-cd7db1e9d0ff"",""yes_price_dollars"":""0.4300""}"
KXBTC15M-26APR272130-30,125e9604-a715-778e-fa15-19092788391b,1777338911,0.43,47.7,no,"{""count_fp"":""47.70"",""created_time"":""2026-04-28T01:15:11.800935Z"",""no_price_dollars"":""0.5700"",""taker_side"":""no"",""ticker"":""KXBTC15M-26APR272130-30"",""trade_id"":""125e9604-a715-778e-fa15-19092788391b"",""yes_price_dollars"":""0.4300""}"
KXBTC15M-26APR272130-30,f9946287-8bc1-7cf7-36b7-3f9a5a5691f5,1777338911,0.44,1.0,yes,"{""count_fp"":""1.00"",""created_time"":""2026-04-28T01:15:11.530281Z"",""no_price_dollars"":""0.5600"",""taker_side"":""yes"",""ticker"":""KXBTC15M-26APR272130-30"",""trade_id"":""f9946287-8bc1-7cf7-36b7-3f9a5a5691f5"",""yes_price_dollars"":""0.4400""}"
KXBTC15M-26APR272130-30,71794217-cc61-697f-e6e4-136174f9f4e3,1777338911,0.43,2.0,no,"{""count_fp"":""2.00"",""created_time"":""2026-04-28T01:15:11.392527Z"",""no_price_dollars"":""0.5700"",""taker_side"":""no"",""ticker"":""KXBTC15M-26APR272130-30"",""trade_id"":""71794217-cc61-697f-e6e4-136174f9f4e3"",""yes_price_dollars"":""0.4300""}"
KXBTC15M-26APR272130-30,a25bb135-cc25-7344-8f2b-5627dbb90f97,1777338912,0.44,30.0,yes,"{""count_fp"":""30.00"",""created_time"":""2026-04-28T01:15:12.680827Z"",""no_price_dollars"":""0.5600"",""taker_side"":""yes"",""ticker"":""KXBTC15M-26APR272130-30"",""trade_id"":""a25bb135-cc25-7344-8f2b-5627dbb90f97"",""yes_price_dollars"":""0.4400""}"
KXBTC15M-26APR272130-30,1ef4f3ba-e159-6080-edeb-1766f00be9f3,1777338912,0.44,21.86,yes,"{""count_fp"":""21.86"",""created_time"":""2026-04-28T01:15:12.516401Z"",""no_price_dollars"":""0.5600"",""taker_side"":""yes"",""ticker"":""KXBTC15M-26APR272130-30"",""trade_id"":""1ef4f3ba-e159-6080-edeb-1766f00be9f3"",""yes_price_dollars"":""0.4400""}"
KXBTC15M-26APR272130-30,c5962cbd-2965-7da0-f66c-d356dd34685f,1777338912,0.44,21.86,yes,"{""count_fp"":""21.86"",""created_time"":""2026-04-28T01:15:12.206559Z"",""no_price_dollars"":""0.5600"",""taker_side"":""yes"",""ticker"":""KXBTC15M-26APR272130-30"",""trade_id"":""c5962cbd-2965-7da0-f66c-d356dd34685f"",""yes_price_dollars"":""0.4400""}"
KXBTC15M-26APR272130-30,c2a2818f-f9a9-7a20-8509-16bafd88197b,1777338912,0.44,30.61,yes,"{""count_fp"":""30.61"",""created_time"":""2026-04-28T01:15:12.170799Z"",""no_price_dollars"":""0.5600"",""taker_side"":""yes"",""ticker"":""KXBTC15M-26APR272130-30"",""trade_id"":""c2a2818f-f9a9-7a20-8509-16bafd88197b"",""yes_price_dollars"":""0.4400""}"
KXBTC15M-26APR272130-30,43946ea3-d1d8-56aa-9bf8-49ae810de4d8,1777338913,0.43,85.15,no,"{""count_fp"":""85.15"",""created_time"":""2026-04-28T01:15:13.433037Z"",""no_price_dollars"":""0.5700"",""taker_side"":""no"",""ticker"":""KXBTC15M-26APR272130-30"",""trade_id"":""43946ea3-d1d8-56aa-9bf8-49ae810de4d8"",""yes_price_dollars"":""0.4300""}"
KXBTC15M-26APR272130-30,eb6c8a7a-9bc5-61e8-a30c-e0914fe9410f,1777338913,0.44,21.86,yes,"{""count_fp"":""21.86"",""created_time"":""2026-04-28T01:15:13.371196Z"",""no_price_dollars"":""0.5600"",""taker_side"":""yes"",""ticker"":""KXBTC15M-26APR272130-30"",""trade_id"":""eb6c8a7a-9bc5-61e8-a30c-e0914fe9410f"",""yes_price_dollars"":""0.4400""}"
KXBTC15M-26APR272130-30,f0a80b87-997c-61f2-b2df-21e28bb1d3e4,1777338913,0.43,13.0,no,"{""count_fp"":""13.00"",""created_time"":""2026-04-28T01:15:13.272105Z"",""no_price_dollars"":""0.5700"",""taker_side"":""no"",""ticker"":""KXBTC15M-26APR272130-30"",""trade_id"":""f0a80b87-997c-61f2-b2df-21e28bb1d3e4"",""yes_price_dollars"":""0.4300""}"
KXBTC15M-26APR272130-30,b8270a33-f468-68c0-a62e-788a3bb62cb5,1777338913,0.43,32.0,no,"{""count_fp"":""32.00"",""created_time"":""2026-04-28T01:15:13.272105Z"",""no_price_dollars"":""0.5700"",""taker_side"":""no"",""ticker"":""KXBTC15M-26APR272130-30"",""trade_id"":""b8270a33-f468-68c0-a62e-788a3bb62cb5"",""yes_price_dollars"":""0.4300""}"
KXBTC15M-26APR272130-30,9b5f2a0e-6dec-6e40-b74e-7be9df89d089,1777338913,0.43,1.0,no,"{""count_fp"":""1.00"",""created_time"":""2026-04-28T01:15:13.272105Z"",""no_price_dollars"":""0.5700"",""taker_side"":""no"",""ticker"":""KXBTC15M-26APR272130-30"",""trade_id"":""9b5f2a0e-6dec-6e40-b74e-7be9df89d089"",""yes_price_dollars"":""0.4300""}"
KXBTC15M-26APR272130-30,39766e7b-c17f-4ca5-2532-ed5c0211a61e,1777338913,0.43,0.84,no,"{""count_fp"":""0.84"",""created_time"":""2026-04-28T01:15:13.214373Z"",""no_price_dollars"":""0.5700"",""taker_side"":""no"",""ticker"":""KXBTC15M-26APR272130-30"",""trade_id"":""39766e7b-c17f-4ca5-2532-ed5c0211a61e"",""yes_price_dollars"":""0.4300""}"
KXBTC15M-26APR272130-30,6f0dbc91-5795-5c74-891a-383a06cf941f,1777338913,0.44,2.0,yes,"{""count_fp"":""2.00"",""created_time"":""2026-04-28T01:15:13.205308Z"",""no_price_dollars"":""0.5600"",""taker_side"":""yes"",""ticker"":""KXBTC15M-26APR272130-30"",""trade_id"":""6f0dbc91-5795-5c74-891a-383a06cf941f"",""yes_price_dollars"":""0.4400""}"
KXBTC15M-26APR272130-30,733f0a9e-1b19-5cb4-f2d4-a5a62f382f6f,1777338913,0.44,21.86,yes,"{""count_fp"":""21.86"",""created_time"":""2026-04-28T01:15:13.103191Z"",""no_price_dollars"":""0.5600"",""taker_side"":""yes"",""ticker"":""KXBTC15M-26APR272130-30"",""trade_id"":""733f0a9e-1b19-5cb4-f2d4-a5a62f382f6f"",""yes_price_dollars"":""0.4400""}"
KXBTC15M-26APR272130-30,f4599eb4-692a-57de-5870-3a068d7b8b59,1777338914,0.45,22.15,yes,"{""count_fp"":""22.15"",""created_time"":""2026-04-28T01:15:14.985604Z"",""no_price_dollars"":""0.5500"",""taker_side"":""yes"",""ticker"":""KXBTC15M-26APR272130-30"",""trade_id"":""f4599eb4-692a-57de-5870-3a068d7b8b59"",""yes_price_dollars"":""0.4500""}"
KXBTC15M-26APR272130-30,e5be619a-99b0-55e2-79c7-20b2e177a4fd,1777338914,0.45,3.0,yes,"{""count_fp"":""3.00"",""created_time"":""2026-04-28T01:15:14.985604Z"",""no_price_dollars"":""0.5500"",""taker_side"":""yes"",""ticker"":""KXBTC15M-26APR272130-30"",""trade_id"":""e5be619a-99b0-55e2-79c7-20b2e177a4fd"",""yes_price_dollars"":""0.4500""}"
KXBTC15M-26APR272130-30,baf2c6f1-917f-5905-79b7-888cb86b9618,1777338914,0.44,178.88,yes,"{""count_fp"":""178.88"",""created_time"":""2026-04-28T01:15:14.985604Z"",""no_price_dollars"":""0.5600"",""taker_side"":""yes"",""ticker"":""KXBTC15M-26APR272130-30"",""trade_id"":""baf2c6f1-917f-5905-79b7-888cb86b9618"",""yes_price_dollars"":""0.4400""}"
KXBTC15M-26APR272130-30,58b762d1-a818-5df2-6db7-e53d95dc6280,1777338914,0.45,118.0,yes,"{""count_fp"":""118.00"",""created_time"":""2026-04-28T01:15:14.985604Z"",""no_price_dollars"":""0.5500"",""taker_side"":""yes"",""ticker"":""KXBTC15M-26APR272130-30"",""trade_id"":""58b762d1-a818-5df2-6db7-e53d95dc6280"",""yes_price_dollars"":""0.4500""}"
KXBTC15M-26APR272130-30,e32b4ba4-767f-67c1-7d52-370a332be680,1777338914,0.44,118.75,yes,"{""count_fp"":""118.75"",""created_time"":""2026-04-28T01:15:14.976117Z"",""no_price_dollars"":""0.5600"",""taker_side"":""yes"",""ticker"":""KXBTC15M-26APR272130-30"",""trade_id"":""e32b4ba4-767f-67c1-7d52-370a332be680"",""yes_price_dollars"":""0.4400""}"
KXBTC15M-26APR272130-30,f354e028-694d-7f2e-945b-bcc747dee7af,1777338914,0.44,20.0,yes,"{""count_fp"":""20.00"",""created_time"":""2026-04-28T01:15:14.466658Z"",""no_price_dollars"":""0.5600"",""taker_side"":""yes"",""ticker"":""KXBTC15M-26APR272130-30"",""trade_id"":""f354e028-694d-7f2e-945b-bcc747dee7af"",""yes_price_dollars"":""0.4400""}"
KXBTC15M-26APR272130-30,f2dcd293-6fc2-7857-aa26-1788963a1627,1777338914,0.45,4.67,yes,"{""count_fp"":""4.67"",""created_time"":""2026-04-28T01:15:14.466658Z"",""no_price_dollars"":""0.5500"",""taker_side"":""yes"",""ticker"":""KXBTC15M-26APR272130-30"",""trade_id"":""f2dcd293-6fc2-7857-aa26-1788963a1627"",""yes_price_dollars"":""0.4500""}"
KXBTC15M-26APR272130-30,b8441f1e-f746-7c08-994c-7193cf5d9f66,1777338914,0.44,30.0,yes,"{""count_fp"":""30.00"",""created_time"":""2026-04-28T01:15:14.466658Z"",""no_price_dollars"":""0.5600"",""taker_side"":""yes"",""ticker"":""KXBTC15M-26APR272130-30"",""trade_id"":""b8441f1e-f746-7c08-994c-7193cf5d9f66"",""yes_price_dollars"":""0.4400""}"
KXBTC15M-26APR272130-30,8b4b5692-9bfe-7650-a1f5-379004726d61,1777338914,0.43,27.06,no,"{""count_fp"":""27.06"",""created_time"":""2026-04-28T01:15:14.440559Z"",""no_price_dollars"":""0.5700"",""taker_side"":""no"",""ticker"":""KXBTC15M-26APR272130-30"",""trade_id"":""8b4b5692-9bfe-7650-a1f5-379004726d61"",""yes_price_dollars"":""0.4300""}"
KXBTC15M-26APR272130-30,240c6122-7c24-7b37-b737-eaa1a9b45e0d,1777338914,0.43,3.0,no,"{""count_fp"":""3.00"",""created_time"":""2026-04-28T01:15:14.440559Z"",""no_price_dollars"":""0.5700"",""taker_side"":""no"",""ticker"":""KXBTC15M-26APR272130-30"",""trade_id"":""240c6122-7c24-7b37-b737-eaa1a9b45e0d"",""yes_price_dollars"":""0.4300""}"
KXBTC15M-26APR272130-30,0e7e95fd-c16d-79ee-ab54-5cc28f0fbf3b,1777338914,0.43,55.09,no,"{""count_fp"":""55.09"",""created_time"":""2026-04-28T01:15:14.440559Z"",""no_price_dollars"":""0.5700"",""taker_side"":""no"",""ticker"":""KXBTC15M-26APR272130-30"",""trade_id"":""0e7e95fd-c16d-79ee-ab54-5cc28f0fbf3b"",""yes_price_dollars"":""0.4300""}"
KXBTC15M-26APR272130-30,7585f32c-99a2-413c-8b9c-577c0c64b481,1777338914,0.43,25.54,no,"{""count_fp"":""25.54"",""created_time"":""2026-04-28T01:15:14.308672Z"",""no_price_dollars"":""0.5700"",""taker_side"":""no"",""ticker"":""KXBTC15M-26APR272130-30"",""trade_id"":""7585f32c-99a2-413c-8b9c-577c0c64b481"",""yes_price_dollars"":""0.4300""}"
KXBTC15M-26APR272130-30,41282203-1b92-5444-aec5-5f1f0d839c45,1777338914,0.43,3.4,no,"{""count_fp"":""3.40"",""created_time"":""2026-04-28T01:15:14.295843Z"",""no_price_dollars"":""0.5700"",""taker_side"":""no"",""ticker"":""KXBTC15M-26APR272130-30"",""trade_id"":""41282203-1b92-5444-aec5-5f1f0d839c45"",""yes_price_dollars"":""0.4300""}"
KXBTC15M-26APR272130-30,24e66ecb-3ad6-412a-c905-e1d101c7c6b5,1777338915,0.44,32.8,yes,"{""count_fp"":""32.80"",""created_time"":""2026-04-28T01:15:15.484477Z"",""no_price_dollars"":""0.5600"",""taker_side"":""yes"",""ticker"":""KXBTC15M-26APR272130-30"",""trade_id"":""24e66ecb-3ad6-412a-c905-e1d101c7c6b5"",""yes_price_dollars"":""0.4400""}"
KXBTC15M-26APR272130-30,5b2946c7-5366-535e-9acd-25da8164dc25,1777338915,0.44,10.93,yes,"{""count_fp"":""10.93"",""created_time"":""2026-04-28T01:15:15.020841Z"",""no_price_dollars"":""0.5600"",""taker_side"":""yes"",""ticker"":""KXBTC15M-26APR272130-30"",""trade_id"":""5b2946c7-5366-535e-9acd-25da8164dc25"",""yes_price_dollars"":""0.4400""}"
KXBTC15M-26APR272130-30,1dde9615-4d29-53db-34a6-3a5bb2737c74,1777338916,0.43,20.0,yes,"{""count_fp"":""20.00"",""created_time"":""2026-04-28T01:15:16.774764Z"",""no_price_dollars"":""0.5700"",""taker_side"":""yes"",""ticker"":""KXBTC15M-26APR272130-30"",""trade_id"":""1dde9615-4d29-53db-34a6-3a5bb2737c74"",""yes_price_dollars"":""0.4300""}"
KXBTC15M-26APR272130-30,23d8a145-bfd1-579c-41ae-4f95a9a104f4,1777338916,0.42,83.74,no,"{""count_fp"":""83.74"",""created_time"":""2026-04-28T01:15:16.763573Z"",""no_price_dollars"":""0.5800"",""taker_side"":""no"",""ticker"":""KXBTC15M-26APR272130-30"",""trade_id"":""23d8a145-bfd1-579c-41ae-4f95a9a104f4"",""yes_price_dollars"":""0.4200""}"
KXBTC15M-26APR272130-30,dc043408-82c2-5222-cb59-1d89d811b561,1777338916,0.44,36.17,yes,"{""count_fp"":""36.17"",""created_time"":""2026-04-28T01:15:16.577258Z"",""no_price_dollars"":""0.5600"",""taker_side"":""yes"",""ticker"":""KXBTC15M-26APR272130-30"",""trade_id"":""dc043408-82c2-5222-cb59-1d89d811b561"",""yes_price_dollars"":""0.4400""}"
KXBTC15M-26APR272130-30,1d19530b-3028-5362-f4e7-9d8723399641,1777338916,0.43,1.0,yes,"{""count_fp"":""1.00"",""created_time"":""2026-04-28T01:15:16.577258Z"",""no_price_dollars"":""0.5700"",""taker_side"":""yes"",""ticker"":""KXBTC15M-26APR272130-30"",""trade_id"":""1d19530b-3028-5362-f4e7-9d8723399641"",""yes_price_dollars"":""0.4300""}"
KXBTC15M-26APR272130-30,f279016f-6dba-43ee-b758-c1613a19a021,1777338916,0.44,190.44,yes,"{""count_fp"":""190.44"",""created_time"":""2026-04-28T01:15:16.411562Z"",""no_price_dollars"":""0.5600"",""taker_side"":""yes"",""ticker"":""KXBTC15M-26APR272130-30"",""trade_id"":""f279016f-6dba-43ee-b758-c1613a19a021"",""yes_price_dollars"":""0.4400""}"
KXBTC15M-26APR272130-30,df3fdd17-0c6a-470e-2d8b-c7ffc2561add,1777338916,0.44,5.22,yes,"{""count_fp"":""5.22"",""created_time"":""2026-04-28T01:15:16.048116Z"",""no_price_dollars"":""0.5600"",""taker_side"":""yes"",""ticker"":""KXBTC15M-26APR272130-30"",""trade_id"":""df3fdd17-0c6a-470e-2d8b-c7ffc2561add"",""yes_price_dollars"":""0.4400""}"
KXBTC15M-26APR272130-30,4fa90dad-b4f6-4ef4-0910-76d9ea3623cc,1777338916,0.43,21.0,yes,"{""count_fp"":""21.00"",""created_time"":""2026-04-28T01:15:16.048116Z"",""no_price_dollars"":""0.5700"",""taker_side"":""yes"",""ticker"":""KXBTC15M-26APR272130-30"",""trade_id"":""4fa90dad-b4f6-4ef4-0910-76d9ea3623cc"",""yes_price_dollars"":""0.4300""}"
KXBTC15M-26APR272130-30,64809913-8636-5bf4-2a5c-6520f53ad65c,1777338917,0.42,30.0,no,"{""count_fp"":""30.00"",""created_time"":""2026-04-28T01:15:17.969232Z"",""no_price_dollars"":""0.5800"",""taker_side"":""no"",""ticker"":""KXBTC15M-26APR272130-30"",""trade_id"":""64809913-8636-5bf4-2a5c-6520f53ad65c"",""yes_price_dollars"":""0.4200""}"
KXBTC15M-26APR272130-30,3d968701-0795-553e-0cf9-5caa82d051ee,1777338917,0.41,50.39,no,"{""count_fp"":""50.39"",""created_time"":""2026-04-28T01:15:17.969232Z"",""no_price_dollars"":""0.5900"",""taker_side"":""no"",""ticker"":""KXBTC15M-26APR272130-30"",""trade_id"":""3d968701-0795-553e-0cf9-5caa82d051ee"",""yes_price_dollars"":""0.4100""}"
KXBTC15M-26APR272130-30,81cffbed-a026-7e5a-b3f8-b95e34f4fc45,1777338917,0.43,10.0,yes,"{""count_fp"":""10.00"",""created_time"":""2026-04-28T01:15:17.775233Z"",""no_price_dollars"":""0.5700"",""taker_side"":""yes"",""ticker"":""KXBTC15M-26APR272130-30"",""trade_id"":""81cffbed-a026-7e5a-b3f8-b95e34f4fc45"",""yes_price_dollars"":""0.4300""}"
KXBTC15M-26APR272130-30,0131fc35-5453-6d88-853f-89528e4fefb2,1777338917,0.42,1.67,no,"{""count_fp"":""1.67"",""created_time"":""2026-04-28T01:15:17.729352Z"",""no_price_dollars"":""0.5800"",""taker_side"":""no"",""ticker"":""KXBTC15M-26APR272130-30"",""trade_id"":""0131fc35-5453-6d88-853f-89528e4fefb2"",""yes_price_dollars"":""0.4200""}"
KXBTC15M-26APR272130-30,5685c9ca-55cf-6614-43c7-45e5aea4df72,1777338917,0.42,3.0,no,"{""count_fp"":""3.00"",""created_time"":""2026-04-28T01:15:17.605645Z"",""no_price_dollars"":""0.5800"",""taker_side"":""no"",""ticker"":""KXBTC15M-26APR272130-30"",""trade_id"":""5685c9ca-55cf-6614-43c7-45e5aea4df72"",""yes_price_dollars"":""0.4200""}"
KXBTC15M-26APR272130-30,db89a237-d259-7267-d6ef-a9a9c769ecec,1777338917,0.43,6.91,yes,"{""count_fp"":""6.91"",""created_time"":""2026-04-28T01:15:17.556956Z"",""no_price_dollars"":""0.5700"",""taker_side"":""yes"",""ticker"":""KXBTC15M-26APR272130-30"",""trade_id"":""db89a237-d259-7267-d6ef-a9a9c769ecec"",""yes_price_dollars"":""0.4300""}"
KXBTC15M-26APR272130-30,ca434b54-ba0d-704c-e9f1-9827f0e24ffc,1777338917,0.42,34.26,no,"{""count_fp"":""34.26"",""created_time"":""2026-04-28T01:15:17.459851Z"",""no_price_dollars"":""0.5800"",""taker_side"":""no"",""ticker"":""KXBTC15M-26APR272130-30"",""trade_id"":""ca434b54-ba0d-704c-e9f1-9827f0e24ffc"",""yes_price_dollars"":""0.4200""}"
KXBTC15M-26APR272130-30,5d2a52ca-d103-79e4-f7c4-903beb6cdfd6,1777338917,0.42,2.58,no,"{""count_fp"":""2.58"",""created_time"":""2026-04-28T01:15:17.459851Z"",""no_price_dollars"":""0.5800"",""taker_side"":""no"",""ticker"":""KXBTC15M-26APR272130-30"",""trade_id"":""5d2a52ca-d103-79e4-f7c4-903beb6cdfd6"",""yes_price_dollars"":""0.4200""}"
KXBTC15M-26APR272130-30,81b6b7a8-a921-7313-b095-f29d6119aea4,1777338917,0.43,131.21,yes,"{""count_fp"":""131.21"",""created_time"":""2026-04-28T01:15:17.215257Z"",""no_price_dollars"":""0.5700"",""taker_side"":""yes"",""ticker"":""KXBTC15M-26APR272130-30"",""trade_id"":""81b6b7a8-a921-7313-b095-f29d6119aea4"",""yes_price_dollars"":""0.4300""}"
KXBTC15M-26APR272130-30,79f213e8-c29d-6a13-7c92-ae5632d6d920,1777338917,0.43,207.76,yes,"{""count_fp"":""207.76"",""created_time"":""2026-04-28T01:15:17.050289Z"",""no_price_dollars"":""0.5700"",""taker_side"":""yes"",""ticker"":""KXBTC15M-26APR272130-30"",""trade_id"":""79f213e8-c29d-6a13-7c92-ae5632d6d920"",""yes_price_dollars"":""0.4300""}"
KXBTC15M-26APR272130-30,329e2c26-81b2-68a2-6bf8-60cee227d11d,1777338918,0.43,1118.17,yes,"{""count_fp"":""1118.17"",""created_time"":""2026-04-28T01:15:18.137401Z"",""no_price_dollars"":""0.5700"",""taker_side"":""yes"",""ticker"":""KXBTC15M-26APR272130-30"",""trade_id"":""329e2c26-81b2-68a2-6bf8-60cee227d11d"",""yes_price_dollars"":""0.4300""}"
KXBTC15M-26APR272130-30,517e312c-d149-6db7-2934-c327360520f4,1777338919,0.42,11.18,yes,"{""count_fp"":""11.18"",""created_time"":""2026-04-28T01:15:19.703695Z"",""no_price_dollars"":""0.5800"",""taker_side"":""yes"",""ticker"":""KXBTC15M-26APR272130-30"",""trade_id"":""517e312c-d149-6db7-2934-c327360520f4"",""yes_price_dollars"":""0.4200""}"
KXBTC15M-26APR272130-30,c827e101-1c41-75fb-da2d-76ae9690ebf4,1777338919,0.42,13.41,yes,"{""count_fp"":""13.41"",""created_time"":""2026-04-28T01:15:19.510227Z"",""no_price_dollars"":""0.5800"",""taker_side"":""yes"",""ticker"":""KXBTC15M-26APR272130-30"",""trade_id"":""c827e101-1c41-75fb-da2d-76ae9690ebf4"",""yes_price_dollars"":""0.4200""}"
KXBTC15M-26APR272130-30,5b033af4-a0d5-4acb-5b88-6b76b538a514,1777338920,0.42,57.0,yes,"{""count_fp"":""57.00"",""created_time"":""2026-04-28T01:15:20.962687Z"",""no_price_dollars"":""0.5800"",""taker_side"":""yes"",""ticker"":""KXBTC15M-26APR272130-30"",""trade_id"":""5b033af4-a0d5-4acb-5b88-6b76b538a514"",""yes_price_dollars"":""0.4200""}"
KXBTC15M-26APR272130-30,edafd695-acf9-6e6a-f55b-c40d6bc9c4c2,1777338920,0.41,19.0,no,"{""count_fp"":""19.00"",""created_time"":""2026-04-28T01:15:20.454811Z"",""no_price_dollars"":""0.5900"",""taker_side"":""no"",""ticker"":""KXBTC15M-26APR272130-30"",""trade_id"":""edafd695-acf9-6e6a-f55b-c40d6bc9c4c2"",""yes_price_dollars"":""0.4100""}"
KXBTC15M-26APR272130-30,c6c9b5ec-0975-580a-c03f-8b72c8458bb6,1777338920,0.41,11.0,no,"{""count_fp"":""11.00"",""created_time"":""2026-04-28T01:15:20.438542Z"",""no_price_dollars"":""0.5900"",""taker_side"":""no"",""ticker"":""KXBTC15M-26APR272130-30"",""trade_id"":""c6c9b5ec-0975-580a-c03f-8b72c8458bb6"",""yes_price_dollars"":""0.4100""}"
KXBTC15M-26APR272130-30,7ffa51e7-4059-7057-1534-09f91bc9d100,1777338920,0.42,2.0,yes,"{""count_fp"":""2.00"",""created_time"":""2026-04-28T01:15:20.156825Z"",""no_price_dollars"":""0.5800"",""taker_side"":""yes"",""ticker"":""KXBTC15M-26APR272130-30"",""trade_id"":""7ffa51e7-4059-7057-1534-09f91bc9d100"",""yes_price_dollars"":""0.4200""}"
KXBTC15M-26APR272130-30,947f5f9f-e79d-433b-fc29-79debd29e9b4,1777338920,0.42,111.81,yes,"{""count_fp"":""111.81"",""created_time"":""2026-04-28T01:15:20.156448Z"",""no_price_dollars"":""0.5800"",""taker_side"":""yes"",""ticker"":""KXBTC15M-26APR272130-30"",""trade_id"":""947f5f9f-e79d-433b-fc29-79debd29e9b4"",""yes_price_dollars"":""0.4200""}"
KXBTC15M-26APR272130-30,92aa9a0a-0185-517e-7102-373c6cefa5d6,1777338921,0.41,1.64,no,"{""count_fp"":""1.64"",""created_time"":""2026-04-28T01:15:21.844898Z"",""no_price_dollars"":""0.5900"",""taker_side"":""no"",""ticker"":""KXBTC15M-26APR272130-30"",""trade_id"":""92aa9a0a-0185-517e-7102-373c6cefa5d6"",""yes_price_dollars"":""0.4100""}"
KXBTC15M-26APR272130-30,acf40137-0982-6e63-69a0-df7837678eb1,1777338921,0.42,50.0,yes,"{""count_fp"":""50.00"",""created_time"":""2026-04-28T01:15:21.779615Z"",""no_price_dollars"":""0.5800"",""taker_side"":""yes"",""ticker"":""KXBTC15M-26APR272130-30"",""trade_id"":""acf40137-0982-6e63-69a0-df7837678eb1"",""yes_price_dollars"":""0.4200""}"
KXBTC15M-26APR272130-30,c132704b-eb5a-47e3-a3f3-c8089a4bc61d,1777338921,0.42,4.0,yes,"{""count_fp"":""4.00"",""created_time"":""2026-04-28T01:15:21.398938Z"",""no_price_dollars"":""0.5800"",""taker_side"":""yes"",""ticker"":""KXBTC15M-26APR272130-30"",""trade_id"":""c132704b-eb5a-47e3-a3f3-c8089a4bc61d"",""yes_price_dollars"":""0.4200""}"
KXBTC15M-26APR272130-30,b994d9f1-5ed9-67a7-8f47-438ebbb16b86,1777338921,0.42,30.0,yes,"{""count_fp"":""30.00"",""created_time"":""2026-04-28T01:15:21.220029Z"",""no_price_dollars"":""0.5800"",""taker_side"":""yes"",""ticker"":""KXBTC15M-26APR272130-30"",""trade_id"":""b994d9f1-5ed9-67a7-8f47-438ebbb16b86"",""yes_price_dollars"":""0.4200""}"
KXBTC15M-26APR272130-30,b1c19e39-621e-655a-84df-ae93eba9cebf,1777338921,0.42,100.0,yes,"{""count_fp"":""100.00"",""created_time"":""2026-04-28T01:15:21.220029Z"",""no_price_dollars"":""0.5800"",""taker_side"":""yes"",""ticker"":""KXBTC15M-26APR272130-30"",""trade_id"":""b1c19e39-621e-655a-84df-ae93eba9cebf"",""yes_price_dollars"":""0.4200""}"
KXBTC15M-26APR272130-30,adc8ec32-30fd-699f-a11a-693692b8d28b,1777338921,0.42,3.0,yes,"{""count_fp"":""3.00"",""created_time"":""2026-04-28T01:15:21.220029Z"",""no_price_dollars"":""0.5800"",""taker_side"":""yes"",""ticker"":""KXBTC15M-26APR272130-30"",""trade_id"":""adc8ec32-30fd-699f-a11a-693692b8d28b"",""yes_price_dollars"":""0.4200""}"
KXBTC15M-26APR272130-30,9e1e6da2-bf1c-65dc-8a06-1a718748f4b0,1777338921,0.42,11.0,yes,"{""count_fp"":""11.00"",""created_time"":""2026-04-28T01:15:21.220029Z"",""no_price_dollars"":""0.5800"",""taker_side"":""yes"",""ticker"":""KXBTC15M-26APR272130-30"",""trade_id"":""9e1e6da2-bf1c-65dc-8a06-1a718748f4b0"",""yes_price_dollars"":""0.4200""}"
KXBTC15M-26APR272130-30,28822de5-e025-62eb-98cd-f52c1ace7e04,1777338921,0.42,304.6,yes,"{""count_fp"":""304.60"",""created_time"":""2026-04-28T01:15:21.220029Z"",""no_price_dollars"":""0.5800"",""taker_side"":""yes"",""ticker"":""KXBTC15M-26APR272130-30"",""trade_id"":""28822de5-e025-62eb-98cd-f52c1ace7e04"",""yes_price_dollars"":""0.4200""}"
KXBTC15M-26APR272130-30,14b0e2c4-d70e-6b93-9bfe-b8fe17f433e5,1777338921,0.42,123.41,yes,"{""count_fp"":""123.41"",""created_time"":""2026-04-28T01:15:21.220029Z"",""no_price_dollars"":""0.5800"",""taker_side"":""yes"",""ticker"":""KXBTC15M-26APR272130-30"",""trade_id"":""14b0e2c4-d70e-6b93-9bfe-b8fe17f433e5"",""yes_price_dollars"":""0.4200""}"
KXBTC15M-26APR272130-30,ed6be484-1736-464f-a3a7-e24372e5fb79,1777338922,0.42,5.0,yes,"{""count_fp"":""5.00"",""created_time"":""2026-04-28T01:15:22.102366Z"",""no_price_dollars"":""0.5800"",""taker_side"":""yes"",""ticker"":""KXBTC15M-26APR272130-30"",""trade_id"":""ed6be484-1736-464f-a3a7-e24372e5fb79"",""yes_price_dollars"":""0.4200""}"
KXBTC15M-26APR272130-30,6bb99827-c8cd-7c7e-e2a4-9d2b61aa5792,1777338923,0.41,24.71,no,"{""count_fp"":""24.71"",""created_time"":""2026-04-28T01:15:23.434178Z"",""no_price_dollars"":""0.5900"",""taker_side"":""no"",""ticker"":""KXBTC15M-26APR272130-30"",""trade_id"":""6bb99827-c8cd-7c7e-e2a4-9d2b61aa5792"",""yes_price_dollars"":""0.4100""}"
KXBTC15M-26APR272130-30,74a00bac-7342-642f-5482-0e25e7a774cd,1777338923,0.42,1.79,yes,"{""count_fp"":""1.79"",""created_time"":""2026-04-28T01:15:23.430952Z"",""no_price_dollars"":""0.5800"",""taker_side"":""yes"",""ticker"":""KXBTC15M-26APR272130-30"",""trade_id"":""74a00bac-7342-642f-5482-0e25e7a774cd"",""yes_price_dollars"":""0.4200""}"
KXBTC15M-26APR272130-30,93c7d108-f072-761b-9c0f-ffbaf5c3b861,1777338923,0.42,80.08,yes,"{""count_fp"":""80.08"",""created_time"":""2026-04-28T01:15:23.275809Z"",""no_price_dollars"":""0.5800"",""taker_side"":""yes"",""ticker"":""KXBTC15M-26APR272130-30"",""trade_id"":""93c7d108-f072-761b-9c0f-ffbaf5c3b861"",""yes_price_dollars"":""0.4200""}"
KXBTC15M-26APR272130-30,c80ff619-cce4-74a3-c208-59f771465efb,1777338924,0.41,5.0,no,"{""count_fp"":""5.00"",""created_time"":""2026-04-28T01:15:24.526453Z"",""no_price_dollars"":""0.5900"",""taker_side"":""no"",""ticker"":""KXBTC15M-26APR272130-30"",""trade_id"":""c80ff619-cce4-74a3-c208-59f771465efb"",""yes_price_dollars"":""0.4100""}"
KXBTC15M-26APR272130-30,b0fa5788-6b47-7798-ee22-84008e07b368,1777338924,0.41,25.0,no,"{""count_fp"":""25.00"",""created_time"":""2026-04-28T01:15:24.526453Z"",""no_price_dollars"":""0.5900"",""taker_side"":""no"",""ticker"":""KXBTC15M-26APR272130-30"",""trade_id"":""b0fa5788-6b47-7798-ee22-84008e07b368"",""yes_price_dollars"":""0.4100""}"
KXBTC15M-26APR272130-30,6ffdfd9c-63b2-751e-e982-274de62ba80e,1777338924,0.41,20.0,no,"{""count_fp"":""20.00"",""created_time"":""2026-04-28T01:15:24.526453Z"",""no_price_dollars"":""0.5900"",""taker_side"":""no"",""ticker"":""KXBTC15M-26APR272130-30"",""trade_id"":""6ffdfd9c-63b2-751e-e982-274de62ba80e"",""yes_price_dollars"":""0.4100""}"
KXBTC15M-26APR272130-30,39b392f7-f08d-7ad6-e05f-fd795ae95226,1777338924,0.41,1.26,no,"{""count_fp"":""1.26"",""created_time"":""2026-04-28T01:15:24.526453Z"",""no_price_dollars"":""0.5900"",""taker_side"":""no"",""ticker"":""KXBTC15M-26APR272130-30"",""trade_id"":""39b392f7-f08d-7ad6-e05f-fd795ae95226"",""yes_price_dollars"":""0.4100""}"
KXBTC15M-26APR272130-30,911d9eed-643a-5d4f-e924-780fc030398d,1777338924,0.42,4.57,yes,"{""count_fp"":""4.57"",""created_time"":""2026-04-28T01:15:24.218687Z"",""no_price_dollars"":""0.5800"",""taker_side"":""yes"",""ticker"":""KXBTC15M-26APR272130-30"",""trade_id"":""911d9eed-643a-5d4f-e924-780fc030398d"",""yes_price_dollars"":""0.4200""}"
KXBTC15M-26APR272130-30,c6e4c69a-086a-527b-420d-3bc611e57265,1777338924,0.42,22.88,yes,"{""count_fp"":""22.88"",""created_time"":""2026-04-28T01:15:24.217583Z"",""no_price_dollars"":""0.5800"",""taker_side"":""yes"",""ticker"":""KXBTC15M-26APR272130-30"",""trade_id"":""c6e4c69a-086a-527b-420d-3bc611e57265"",""yes_price_dollars"":""0.4200""}"
KXBTC15M-26APR272130-30,b24ffa91-5e9e-6602-2b7b-8a6ce1af9ea9,1777338925,0.41,0.72,yes,"{""count_fp"":""0.72"",""created_time"":""2026-04-28T01:15:25.621193Z"",""no_price_dollars"":""0.5900"",""taker_side"":""yes"",""ticker"":""KXBTC15M-26APR272130-30"",""trade_id"":""b24ffa91-5e9e-6602-2b7b-8a6ce1af9ea9"",""yes_price_dollars"":""0.4100""}"
KXBTC15M-26APR272130-30,7eac5f70-3d36-49e6-dd17-5a2815b28531,1777338925,0.41,20.28,yes,"{""count_fp"":""20.28"",""created_time"":""2026-04-28T01:15:25.596997Z"",""no_price_dollars"":""0.5900"",""taker_side"":""yes"",""ticker"":""KXBTC15M-26APR272130-30"",""trade_id"":""7eac5f70-3d36-49e6-dd17-5a2815b28531"",""yes_price_dollars"":""0.4100""}"
KXBTC15M-26APR272130-30,42d2ed00-afa5-4a5a-d4bd-401802e5a046,1777338925,0.41,30.0,yes,"{""count_fp"":""30.00"",""created_time"":""2026-04-28T01:15:25.596997Z"",""no_price_dollars"":""0.5900"",""taker_side"":""yes"",""ticker"":""KXBTC15M-26APR272130-30"",""trade_id"":""42d2ed00-afa5-4a5a-d4bd-401802e5a046"",""yes_price_dollars"":""0.4100""}"
KXBTC15M-26APR272130-30,137c8de5-2158-4d8d-e9af-704e4782d4ba,1777338925,0.41,481.72,yes,"{""count_fp"":""481.72"",""created_time"":""2026-04-28T01:15:25.596997Z"",""no_price_dollars"":""0.5900"",""taker_side"":""yes"",""ticker"":""KXBTC15M-26APR272130-30"",""trade_id"":""137c8de5-2158-4d8d-e9af-704e4782d4ba"",""yes_price_dollars"":""0.4100""}"
KXBTC15M-26APR272130-30,03564bd2-dbbc-7c95-2524-41e6e497d0ba,1777338925,0.41,18.28,yes,"{""count_fp"":""18.28"",""created_time"":""2026-04-28T01:15:25.255533Z"",""no_price_dollars"":""0.5900"",""taker_side"":""yes"",""ticker"":""KXBTC15M-26APR272130-30"",""trade_id"":""03564bd2-dbbc-7c95-2524-41e6e497d0ba"",""yes_price_dollars"":""0.4100""}"
KXBTC15M-26APR272130-30,ac309427-9411-5d6a-c783-d02da2883ab2,1777338926,0.42,3.71,yes,"{""count_fp"":""3.71"",""created_time"":""2026-04-28T01:15:26.887961Z"",""no_price_dollars"":""0.5800"",""taker_side"":""yes"",""ticker"":""KXBTC15M-26APR272130-30"",""trade_id"":""ac309427-9411-5d6a-c783-d02da2883ab2"",""yes_price_dollars"":""0.4200""}"
KXBTC15M-26APR272130-30,6b333f22-1ec5-504f-cbb6-10c5a983630a,1777338926,0.42,10.0,yes,"{""count_fp"":""10.00"",""created_time"":""2026-04-28T01:15:26.887961Z"",""no_price_dollars"":""0.5800"",""taker_side"":""yes"",""ticker"":""KXBTC15M-26APR272130-30"",""trade_id"":""6b333f22-1ec5-504f-cbb6-10c5a983630a"",""yes_price_dollars"":""0.4200""}"
KXBTC15M-26APR272130-30,1f2c3b09-5e5f-5b16-f647-b1b03c87f14c,1777338926,0.42,0.01,yes,"{""count_fp"":""0.01"",""created_time"":""2026-04-28T01:15:26.887961Z"",""no_price_dollars"":""0.5800"",""taker_side"":""yes"",""ticker"":""KXBTC15M-26APR272130-30"",""trade_id"":""1f2c3b09-5e5f-5b16-f647-b1b03c87f14c"",""yes_price_dollars"":""0.4200""}"
KXBTC15M-26APR272130-30,23da98d2-c768-4d4e-a828-a5912bd84d00,1777338927,0.41,8.11,no,"{""count_fp"":""8.11"",""created_time"":""2026-04-28T01:15:27.568553Z"",""no_price_dollars"":""0.5900"",""taker_side"":""no"",""ticker"":""KXBTC15M-26APR272130-30"",""trade_id"":""23da98d2-c768-4d4e-a828-a5912bd84d00"",""yes_price_dollars"":""0.4100""}"
KXBTC15M-26APR272130-30,bda1ffa1-a165-5da8-c298-a49b1d7eec71,1777338927,0.41,19.94,no,"{""count_fp"":""19.94"",""created_time"":""2026-04-28T01:15:27.542177Z"",""no_price_dollars"":""0.5900"",""taker_side"":""no"",""ticker"":""KXBTC15M-26APR272130-30"",""trade_id"":""bda1ffa1-a165-5da8-c298-a49b1d7eec71"",""yes_price_dollars"":""0.4100""}"
KXBTC15M-26APR272130-30,90b205a3-8930-5fc2-e46f-6cfd2d9769f4,1777338927,0.41,12.48,no,"{""count_fp"":""12.48"",""created_time"":""2026-04-28T01:15:27.542177Z"",""no_price_dollars"":""0.5900"",""taker_side"":""no"",""ticker"":""KXBTC15M-26APR272130-30"",""trade_id"":""90b205a3-8930-5fc2-e46f-6cfd2d9769f4"",""yes_price_dollars"":""0.4100""}"
KXBTC15M-26APR272130-30,1f27b1b5-bcbd-472c-f674-1b313f07526d,1777338927,0.41,32.06,no,"{""count_fp"":""32.06"",""created_time"":""2026-04-28T01:15:27.123696Z"",""no_price_dollars"":""0.5900"",""taker_side"":""no"",""ticker"":""KXBTC15M-26APR272130-30"",""trade_id"":""1f27b1b5-bcbd-472c-f674-1b313f07526d"",""yes_price_dollars"":""0.4100""}"
KXBTC15M-26APR272130-30,77730c66-2b72-68d1-cc9a-017875641c32,1777338928,0.41,6.0,yes,"{""count_fp"":""6.00"",""created_time"":""2026-04-28T01:15:28.911158Z"",""no_price_dollars"":""0.5900"",""taker_side"":""yes"",""ticker"":""KXBTC15M-26APR272130-30"",""trade_id"":""77730c66-2b72-68d1-cc9a-017875641c32"",""yes_price_dollars"":""0.4100""}"
KXBTC15M-26APR272130-30,3762e277-686d-6538-d029-ec8e85697d00,1777338928,0.41,3.0,yes,"{""count_fp"":""3.00"",""created_time"":""2026-04-28T01:15:28.911158Z"",""no_price_dollars"":""0.5900"",""taker_side"":""yes"",""ticker"":""KXBTC15M-26APR272130-30"",""trade_id"":""3762e277-686d-6538-d029-ec8e85697d00"",""yes_price_dollars"":""0.4100""}"
KXBTC15M-26APR272130-30,9f14ea90-0188-66da-1570-58a0c06fddf4,1777338928,0.41,329.52,no,"{""count_fp"":""329.52"",""created_time"":""2026-04-28T01:15:28.319625Z"",""no_price_dollars"":""0.5900"",""taker_side"":""no"",""ticker"":""KXBTC15M-26APR272130-30"",""trade_id"":""9f14ea90-0188-66da-1570-58a0c06fddf4"",""yes_price_dollars"":""0.4100""}"
KXBTC15M-26APR272130-30,db0f1c84-5b8f-698e-9b77-39d22966b498,1777338928,0.42,4.01,yes,"{""count_fp"":""4.01"",""created_time"":""2026-04-28T01:15:28.030676Z"",""no_price_dollars"":""0.5800"",""taker_side"":""yes"",""ticker"":""KXBTC15M-26APR272130-30"",""trade_id"":""db0f1c84-5b8f-698e-9b77-39d22966b498"",""yes_price_dollars"":""0.4200""}"
KXBTC15M-26APR272130-30,bb2e1b45-166d-61ae-ad7b-1dfc434150ce,1777338928,0.42,14.29,yes,"{""count_fp"":""14.29"",""created_time"":""2026-04-28T01:15:28.030676Z"",""no_price_dollars"":""0.5800"",""taker_side"":""yes"",""ticker"":""KXBTC15M-26APR272130-30"",""trade_id"":""bb2e1b45-166d-61ae-ad7b-1dfc434150ce"",""yes_price_dollars"":""0.4200""}"
KXBTC15M-26APR272130-30,fe89c90f-e985-67e1-58db-3a0b8aff7345,1777338929,0.41,3.0,yes,"{""count_fp"":""3.00"",""created_time"":""2026-04-28T01:15:29.783205Z"",""no_price_dollars"":""0.5900"",""taker_side"":""yes"",""ticker"":""KXBTC15M-26APR272130-30"",""trade_id"":""fe89c90f-e985-67e1-58db-3a0b8aff7345"",""yes_price_dollars"":""0.4100""}"
KXBTC15M-26APR272130-30,9c7f8f41-3cc6-61c4-599d-f9a349984d8c,1777338929,0.41,10.0,yes,"{""count_fp"":""10.00"",""created_time"":""2026-04-28T01:15:29.783205Z"",""no_price_dollars"":""0.5900"",""taker_side"":""yes"",""ticker"":""KXBTC15M-26APR272130-30"",""trade_id"":""9c7f8f41-3cc6-61c4-599d-f9a349984d8c"",""yes_price_dollars"":""0.4100""}"
KXBTC15M-26APR272130-30,848d115a-0dda-688c-606a-a5700d86416a,1777338929,0.41,50.0,yes,"{""count_fp"":""50.00"",""created_time"":""2026-04-28T01:15:29.783205Z"",""no_price_dollars"":""0.5900"",""taker_side"":""yes"",""ticker"":""KXBTC15M-26APR272130-30"",""trade_id"":""848d115a-0dda-688c-606a-a5700d86416a"",""yes_price_dollars"":""0.4100""}"
KXBTC15M-26APR272130-30,7c0c007e-6943-640c-7b2b-942d9dea9e0e,1777338929,0.41,32.0,yes,"{""count_fp"":""32.00"",""created_time"":""2026-04-28T01:15:29.783205Z"",""no_price_dollars"":""0.5900"",""taker_side"":""yes"",""ticker"":""KXBTC15M-26APR272130-30"",""trade_id"":""7c0c007e-6943-640c-7b2b-942d9dea9e0e"",""yes_price_dollars"":""0.4100""}"
KXBTC15M-26APR272130-30,6bb67580-8166-6ab3-6f1e-52cf9cc16e9d,1777338929,0.42,238.01,yes,"{""count_fp"":""238.01"",""created_time"":""2026-04-28T01:15:29.783205Z"",""no_price_dollars"":""0.5800"",""taker_side"":""yes"",""ticker"":""KXBTC15M-26APR272130-30"",""trade_id"":""6bb67580-8166-6ab3-6f1e-52cf9cc16e9d"",""yes_price_dollars"":""0.4200""}"
KXBTC15M-26APR272130-30,2720a576-d1ea-6003-6694-49faf8c98597,1777338929,0.41,21.0,yes,"{""count_fp"":""21.00"",""created_time"":""2026-04-28T01:15:29.783205Z"",""no_price_dollars"":""0.5900"",""taker_side"":""yes"",""ticker"":""KXBTC15M-26APR272130-30"",""trade_id"":""2720a576-d1ea-6003-6694-49faf8c98597"",""yes_price_dollars"":""0.4100""}"
KXBTC15M-26APR272130-30,2470e64a-82da-6b91-6140-066554f5d55a,1777338929,0.41,494.0,yes,"{""count_fp"":""494.00"",""created_time"":""2026-04-28T01:15:29.783205Z"",""no_price_dollars"":""0.5900"",""taker_side"":""yes"",""ticker"":""KXBTC15M-26APR272130-30"",""trade_id"":""2470e64a-82da-6b91-6140-066554f5d55a"",""yes_price_dollars"":""0.4100""}"
KXBTC15M-26APR272130-30,0f0c2c9b-e116-6ce1-5e1c-f58f775d27eb,1777338929,0.41,118.0,yes,"{""count_fp"":""118.00"",""created_time"":""2026-04-28T01:15:29.783205Z"",""no_price_dollars"":""0.5900"",""taker_side"":""yes"",""ticker"":""KXBTC15M-26APR272130-30"",""trade_id"":""0f0c2c9b-e116-6ce1-5e1c-f58f775d27eb"",""yes_price_dollars"":""0.4100""}"
KXBTC15M-26APR272130-30,6d4cd4e5-6821-5a33-78fe-5e1b86b8daf7,1777338929,0.4,3.22,no,"{""count_fp"":""3.22"",""created_time"":""2026-04-28T01:15:29.002981Z"",""no_price_dollars"":""0.6000"",""taker_side"":""no"",""ticker"":""KXBTC15M-26APR272130-30"",""trade_id"":""6d4cd4e5-6821-5a33-78fe-5e1b86b8daf7"",""yes_price_dollars"":""0.4000""}"
KXBTC15M-26APR272130-30,793c289e-fd6c-5341-28d9-7b9de5c2a307,1777338930,0.41,77.29,yes,"{""count_fp"":""77.29"",""created_time"":""2026-04-28T01:15:30.920103Z"",""no_price_dollars"":""0.5900"",""taker_side"":""yes"",""ticker"":""KXBTC15M-26APR272130-30"",""trade_id"":""793c289e-fd6c-5341-28d9-7b9de5c2a307"",""yes_price_dollars"":""0.4100""}"
KXBTC15M-26APR272130-30,6c5c271d-4924-6b49-7ed6-5c4f89dc25f3,1777338930,0.41,4.0,yes,"{""count_fp"":""4.00"",""created_time"":""2026-04-28T01:15:30.709184Z"",""no_price_dollars"":""0.5900"",""taker_side"":""yes"",""ticker"":""KXBTC15M-26APR272130-30"",""trade_id"":""6c5c271d-4924-6b49-7ed6-5c4f89dc25f3"",""yes_price_dollars"":""0.4100""}"
KXBTC15M-26APR272130-30,23811794-cb0d-6c07-ea59-39bc10ae4337,1777338930,0.4,40.51,no,"{""count_fp"":""40.51"",""created_time"":""2026-04-28T01:15:30.073056Z"",""no_price_dollars"":""0.6000"",""taker_side"":""no"",""ticker"":""KXBTC15M-26APR272130-30"",""trade_id"":""23811794-cb0d-6c07-ea59-39bc10ae4337"",""yes_price_dollars"":""0.4000""}"
KXBTC15M-26APR272130-30,f17fd374-1c39-6f1f-f9bd-84d430c3e8ab,1777338931,0.4,34.04,no,"{""count_fp"":""34.04"",""created_time"":""2026-04-28T01:15:31.851334Z"",""no_price_dollars"":""0.6000"",""taker_side"":""no"",""ticker"":""KXBTC15M-26APR272130-30"",""trade_id"":""f17fd374-1c39-6f1f-f9bd-84d430c3e8ab"",""yes_price_dollars"":""0.4000""}"
KXBTC15M-26APR272130-30,54429487-b954-4651-0039-e9bd68042c4b,1777338931,0.41,234.22,yes,"{""count_fp"":""234.22"",""created_time"":""2026-04-28T01:15:31.635027Z"",""no_price_dollars"":""0.5900"",""taker_side"":""yes"",""ticker"":""KXBTC15M-26APR272130-30"",""trade_id"":""54429487-b954-4651-0039-e9bd68042c4b"",""yes_price_dollars"":""0.4100""}"
KXBTC15M-26APR272130-30,2d46eec4-f71d-768f-6b04-72b06ff84d57,1777338931,0.4,16.2,no,"{""count_fp"":""16.20"",""created_time"":""2026-04-28T01:15:31.509582Z"",""no_price_dollars"":""0.6000"",""taker_side"":""no"",""ticker"":""KXBTC15M-26APR272130-30"",""trade_id"":""2d46eec4-f71d-768f-6b04-72b06ff84d57"",""yes_price_dollars"":""0.4000""}"
KXBTC15M-26APR272130-30,f837fa3b-3cec-606e-dced-481a4ab0a21e,1777338932,0.41,19.0,yes,"{""count_fp"":""19.00"",""created_time"":""2026-04-28T01:15:32.897776Z"",""no_price_dollars"":""0.5900"",""taker_side"":""yes"",""ticker"":""KXBTC15M-26APR272130-30"",""trade_id"":""f837fa3b-3cec-606e-dced-481a4ab0a21e"",""yes_price_dollars"":""0.4100""}"
KXBTC15M-26APR272130-30,8ccdc151-0128-6fe8-fdb9-6c507a41ad6c,1777338932,0.41,0.43,yes,"{""count_fp"":""0.43"",""created_time"":""2026-04-28T01:15:32.897776Z"",""no_price_dollars"":""0.5900"",""taker_side"":""yes"",""ticker"":""KXBTC15M-26APR272130-30"",""trade_id"":""8ccdc151-0128-6fe8-fdb9-6c507a41ad6c"",""yes_price_dollars"":""0.4100""}"
KXBTC15M-26APR272130-30,7c3b32bf-e666-643f-ecc9-56cb57f26500,1777338932,0.41,30.0,yes,"{""count_fp"":""30.00"",""created_time"":""2026-04-28T01:15:32.897776Z"",""no_price_dollars"":""0.5900"",""taker_side"":""yes"",""ticker"":""KXBTC15M-26APR272130-30"",""trade_id"":""7c3b32bf-e666-643f-ecc9-56cb57f26500"",""yes_price_dollars"":""0.4100""}"
KXBTC15M-26APR272130-30,73c55836-c616-65a2-f0ae-d1141dc62e19,1777338932,0.41,10.0,yes,"{""count_fp"":""10.00"",""created_time"":""2026-04-28T01:15:32.897776Z"",""no_price_dollars"":""0.5900"",""taker_side"":""yes"",""ticker"":""KXBTC15M-26APR272130-30"",""trade_id"":""73c55836-c616-65a2-f0ae-d1141dc62e19"",""yes_price_dollars"":""0.4100""}"
KXBTC15M-26APR272130-30,4da59f97-a134-6325-f894-1564949e99b3,1777338932,0.41,2.37,yes,"{""count_fp"":""2.37"",""created_time"":""2026-04-28T01:15:32.897776Z"",""no_price_dollars"":""0.5900"",""taker_side"":""yes"",""ticker"":""KXBTC15M-26APR272130-30"",""trade_id"":""4da59f97-a134-6325-f894-1564949e99b3"",""yes_price_dollars"":""0.4100""}"
KXBTC15M-26APR272130-30,033034c8-c5c8-6552-d9a4-c5f6701529c0,1777338932,0.41,21.0,yes,"{""count_fp"":""21.00"",""created_time"":""2026-04-28T01:15:32.897776Z"",""no_price_dollars"":""0.5900"",""taker_side"":""yes"",""ticker"":""KXBTC15M-26APR272130-30"",""trade_id"":""033034c8-c5c8-6552-d9a4-c5f6701529c0"",""yes_price_dollars"":""0.4100""}"
KXBTC15M-26APR272130-30,679d1969-6634-5af5-19fd-d4f056b4db93,1777338932,0.41,76.72,yes,"{""count_fp"":""76.72"",""created_time"":""2026-04-28T01:15:32.688664Z"",""no_price_dollars"":""0.5900"",""taker_side"":""yes"",""ticker"":""KXBTC15M-26APR272130-30"",""trade_id"":""679d1969-6634-5af5-19fd-d4f056b4db93"",""yes_price_dollars"":""0.4100""}"
KXBTC15M-26APR272130-30,b66c38e4-841c-40a5-9490-18b993d196b7,1777338932,0.41,105.4,yes,"{""count_fp"":""105.40"",""created_time"":""2026-04-28T01:15:32.489954Z"",""no_price_dollars"":""0.5900"",""taker_side"":""yes"",""ticker"":""KXBTC15M-26APR272130-30"",""trade_id"":""b66c38e4-841c-40a5-9490-18b993d196b7"",""yes_price_dollars"":""0.4100""}"
KXBTC15M-26APR272130-30,c009b8d3-ad6e-4b94-9797-44aba90e2a26,1777338932,0.4,8.0,no,"{""count_fp"":""8.00"",""created_time"":""2026-04-28T01:15:32.199181Z"",""no_price_dollars"":""0.6000"",""taker_side"":""no"",""ticker"":""KXBTC15M-26APR272130-30"",""trade_id"":""c009b8d3-ad6e-4b94-9797-44aba90e2a26"",""yes_price_dollars"":""0.4000""}"
KXBTC15M-26APR272130-30,9090e617-ca75-411b-8070-e5531a26a44f,1777338932,0.4,25.03,no,"{""count_fp"":""25.03"",""created_time"":""2026-04-28T01:15:32.199181Z"",""no_price_dollars"":""0.6000"",""taker_side"":""no"",""ticker"":""KXBTC15M-26APR272130-30"",""trade_id"":""9090e617-ca75-411b-8070-e5531a26a44f"",""yes_price_dollars"":""0.4000""}"
KXBTC15M-26APR272130-30,0364c5ba-8fcc-4a2f-a516-be9a6a0e1e0d,1777338932,0.4,1.01,no,"{""count_fp"":""1.01"",""created_time"":""2026-04-28T01:15:32.199181Z"",""no_price_dollars"":""0.6000"",""taker_side"":""no"",""ticker"":""KXBTC15M-26APR272130-30"",""trade_id"":""0364c5ba-8fcc-4a2f-a516-be9a6a0e1e0d"",""yes_price_dollars"":""0.4000""}"
KXBTC15M-26APR272130-30,4e4c33d8-0b23-6a08-9b1a-f8f9790fe991,1777338933,0.41,0.72,no,"{""count_fp"":""0.72"",""created_time"":""2026-04-28T01:15:33.967302Z"",""no_price_dollars"":""0.5900"",""taker_side"":""no"",""ticker"":""KXBTC15M-26APR272130-30"",""trade_id"":""4e4c33d8-0b23-6a08-9b1a-f8f9790fe991"",""yes_price_dollars"":""0.4100""}"
KXBTC15M-26APR272130-30,eceb1c4d-17c7-4270-a58f-e673e09911f1,1777338933,0.41,117.28,no,"{""count_fp"":""117.28"",""created_time"":""2026-04-28T01:15:33.965665Z"",""no_price_dollars"":""0.5900"",""taker_side"":""no"",""ticker"":""KXBTC15M-26APR272130-30"",""trade_id"":""eceb1c4d-17c7-4270-a58f-e673e09911f1"",""yes_price_dollars"":""0.4100""}"
KXBTC15M-26APR272130-30,9a315018-5007-4a99-afe7-86a6f33df5c4,1777338933,0.41,103.72,no,"{""count_fp"":""103.72"",""created_time"":""2026-04-28T01:15:33.965665Z"",""no_price_dollars"":""0.5900"",""taker_side"":""no"",""ticker"":""KXBTC15M-26APR272130-30"",""trade_id"":""9a315018-5007-4a99-afe7-86a6f33df5c4"",""yes_price_dollars"":""0.4100""}"
KXBTC15M-26APR272130-30,62131346-3bb9-48fd-b08a-969a1d2520c4,1777338933,0.41,2.0,no,"{""count_fp"":""2.00"",""created_time"":""2026-04-28T01:15:33.965665Z"",""no_price_dollars"":""0.5900"",""taker_side"":""no"",""ticker"":""KXBTC15M-26APR272130-30"",""trade_id"":""62131346-3bb9-48fd-b08a-969a1d2520c4"",""yes_price_dollars"":""0.4100""}"
KXBTC15M-26APR272130-30,ce9b303c-c577-7db0-c9d3-746e4dc1278c,1777338934,0.4,8.0,no,"{""count_fp"":""8.00"",""created_time"":""2026-04-28T01:15:34.818437Z"",""no_price_dollars"":""0.6000"",""taker_side"":""no"",""ticker"":""KXBTC15M-26APR272130-30"",""trade_id"":""ce9b303c-c577-7db0-c9d3-746e4dc1278c"",""yes_price_dollars"":""0.4000""}"
KXBTC15M-26APR272130-30,f6ca1577-7a81-7342-6af3-1180ce8c67dc,1777338934,0.41,16.39,yes,"{""count_fp"":""16.39"",""created_time"":""2026-04-28T01:15:34.605426Z"",""no_price_dollars"":""0.5900"",""taker_side"":""yes"",""ticker"":""KXBTC15M-26APR272130-30"",""trade_id"":""f6ca1577-7a81-7342-6af3-1180ce8c67dc"",""yes_price_dollars"":""0.4100""}"
KXBTC15M-26APR272130-30,cb59a754-b9e5-66da-a47c-1e678565f604,1777338934,0.41,42.16,yes,"{""count_fp"":""42.16"",""created_time"":""2026-04-28T01:15:34.524113Z"",""no_price_dollars"":""0.5900"",""taker_side"":""yes"",""ticker"":""KXBTC15M-26APR272130-30"",""trade_id"":""cb59a754-b9e5-66da-a47c-1e678565f604"",""yes_price_dollars"":""0.4100""}"
KXBTC15M-26APR272130-30,079e0f3b-9645-7c32-4ec6-0bf43e60cc7c,1777338934,0.41,2.1,yes,"{""count_fp"":""2.10"",""created_time"":""2026-04-28T01:15:34.386532Z"",""no_price_dollars"":""0.5900"",""taker_side"":""yes"",""ticker"":""KXBTC15M-26APR272130-30"",""trade_id"":""079e0f3b-9645-7c32-4ec6-0bf43e60cc7c"",""yes_price_dollars"":""0.4100""}"
KXBTC15M-26APR272130-30,1b14dcb5-7f85-6d16-0c19-bdc9eca8ede8,1777338934,0.41,7.02,yes,"{""count_fp"":""7.02"",""created_time"":""2026-04-28T01:15:34.252285Z"",""no_price_dollars"":""0.5900"",""taker_side"":""yes"",""ticker"":""KXBTC15M-26APR272130-30"",""trade_id"":""1b14dcb5-7f85-6d16-0c19-bdc9eca8ede8"",""yes_price_dollars"":""0.4100""}"
KXBTC15M-26APR272130-30,8c65b259-0265-763e-b7b2-9951c6159b28,1777338934,0.41,11.13,yes,"{""count_fp"":""11.13"",""created_time"":""2026-04-28T01:15:34.170522Z"",""no_price_dollars"":""0.5900"",""taker_side"":""yes"",""ticker"":""KXBTC15M-26APR272130-30"",""trade_id"":""8c65b259-0265-763e-b7b2-9951c6159b28"",""yes_price_dollars"":""0.4100""}"
KXBTC15M-26APR272130-30,5d5a95f2-9fb6-725b-904d-7d144bdf3c94,1777338934,0.41,12.29,yes,"{""count_fp"":""12.29"",""created_time"":""2026-04-28T01:15:34.170522Z"",""no_price_dollars"":""0.5900"",""taker_side"":""yes"",""ticker"":""KXBTC15M-26APR272130-30"",""trade_id"":""5d5a95f2-9fb6-725b-904d-7d144bdf3c94"",""yes_price_dollars"":""0.4100""}"
KXBTC15M-26APR272130-30,4386d654-a6cc-666a-ddd5-aa48c80b87db,1777338934,0.41,3.0,yes,"{""count_fp"":""3.00"",""created_time"":""2026-04-28T01:15:34.127642Z"",""no_price_dollars"":""0.5900"",""taker_side"":""yes"",""ticker"":""KXBTC15M-26APR272130-30"",""trade_id"":""4386d654-a6cc-666a-ddd5-aa48c80b87db"",""yes_price_dollars"":""0.4100""}"
KXBTC15M-26APR272130-30,0bfff5bb-183e-6cfb-eb4f-f56e39a42510,1777338934,0.41,8.71,yes,"{""count_fp"":""8.71"",""created_time"":""2026-04-28T01:15:34.127642Z"",""no_price_dollars"":""0.5900"",""taker_side"":""yes"",""ticker"":""KXBTC15M-26APR272130-30"",""trade_id"":""0bfff5bb-183e-6cfb-eb4f-f56e39a42510"",""yes_price_dollars"":""0.4100""}"
KXBTC15M-26APR272130-30,ac24f790-f50f-7b10-f368-6fbf8b1b4484,1777338935,0.4,0.23,no,"{""count_fp"":""0.23"",""created_time"":""2026-04-28T01:15:35.970065Z"",""no_price_dollars"":""0.6000"",""taker_side"":""no"",""ticker"":""KXBTC15M-26APR272130-30"",""trade_id"":""ac24f790-f50f-7b10-f368-6fbf8b1b4484"",""yes_price_dollars"":""0.4000""}"
KXBTC15M-26APR272130-30,ce772c42-678d-7f72-20f8-8f278a81498c,1777338935,0.41,5.0,yes,"{""count_fp"":""5.00"",""created_time"":""2026-04-28T01:15:35.775846Z"",""no_price_dollars"":""0.5900"",""taker_side"":""yes"",""ticker"":""KXBTC15M-26APR272130-30"",""trade_id"":""ce772c42-678d-7f72-20f8-8f278a81498c"",""yes_price_dollars"":""0.4100""}"
KXBTC15M-26APR272130-30,3a41679c-70e1-779e-3c65-4738664068a0,1777338935,0.41,23.42,yes,"{""count_fp"":""23.42"",""created_time"":""2026-04-28T01:15:35.614988Z"",""no_price_dollars"":""0.5900"",""taker_side"":""yes"",""ticker"":""KXBTC15M-26APR272130-30"",""trade_id"":""3a41679c-70e1-779e-3c65-4738664068a0"",""yes_price_dollars"":""0.4100""}"
KXBTC15M-26APR272130-30,a8c9536a-0a11-40d2-b240-448bbd61daa0,1777338935,0.41,21.08,yes,"{""count_fp"":""21.08"",""created_time"":""2026-04-28T01:15:35.572539Z"",""no_price_dollars"":""0.5900"",""taker_side"":""yes"",""ticker"":""KXBTC15M-26APR272130-30"",""trade_id"":""a8c9536a-0a11-40d2-b240-448bbd61daa0"",""yes_price_dollars"":""0.4100""}"
KXBTC15M-26APR272130-30,7af38702-0311-730a-b67a-191f142bc68c,1777338935,0.41,60.89,yes,"{""count_fp"":""60.89"",""created_time"":""2026-04-28T01:15:35.347661Z"",""no_price_dollars"":""0.5900"",""taker_side"":""yes"",""ticker"":""KXBTC15M-26APR272130-30"",""trade_id"":""7af38702-0311-730a-b67a-191f142bc68c"",""yes_price_dollars"":""0.4100""}"
KXBTC15M-26APR272130-30,2a668d81-5d35-7c4e-35c5-6c96c3b36bec,1777338935,0.41,42.16,yes,"{""count_fp"":""42.16"",""created_time"":""2026-04-28T01:15:35.058948Z"",""no_price_dollars"":""0.5900"",""taker_side"":""yes"",""ticker"":""KXBTC15M-26APR272130-30"",""trade_id"":""2a668d81-5d35-7c4e-35c5-6c96c3b36bec"",""yes_price_dollars"":""0.4100""}"
KXBTC15M-26APR272130-30,001b42a9-6952-4aba-d36a-362ad4631354,1777338936,0.39,15.94,no,"{""count_fp"":""15.94"",""created_time"":""2026-04-28T01:15:36.939086Z"",""no_price_dollars"":""0.6100"",""taker_side"":""no"",""ticker"":""KXBTC15M-26APR272130-30"",""trade_id"":""001b42a9-6952-4aba-d36a-362ad4631354"",""yes_price_dollars"":""0.3900""}"
KXBTC15M-26APR272130-30,26c4267a-d602-4ba2-88fd-92a1356b968c,1777338936,0.39,15.94,no,"{""count_fp"":""15.94"",""created_time"":""2026-04-28T01:15:36.898304Z"",""no_price_dollars"":""0.6100"",""taker_side"":""no"",""ticker"":""KXBTC15M-26APR272130-30"",""trade_id"":""26c4267a-d602-4ba2-88fd-92a1356b968c"",""yes_price_dollars"":""0.3900""}"
KXBTC15M-26APR272130-30,bdeaa467-2a10-6f44-f655-78c32772c0cf,1777338936,0.4,100.0,yes,"{""count_fp"":""100.00"",""created_time"":""2026-04-28T01:15:36.724545Z"",""no_price_dollars"":""0.6000"",""taker_side"":""yes"",""ticker"":""KXBTC15M-26APR272130-30"",""trade_id"":""bdeaa467-2a10-6f44-f655-78c32772c0cf"",""yes_price_dollars"":""0.4000""}"
KXBTC15M-26APR272130-30,9e0cf4c2-9467-6eb8-da58-75ccd80826fd,1777338936,0.4,21.0,yes,"{""count_fp"":""21.00"",""created_time"":""2026-04-28T01:15:36.724545Z"",""no_price_dollars"":""0.6000"",""taker_side"":""yes"",""ticker"":""KXBTC15M-26APR272130-30"",""trade_id"":""9e0cf4c2-9467-6eb8-da58-75ccd80826fd"",""yes_price_dollars"":""0.4000""}"
KXBTC15M-26APR272130-30,5d7c4933-7722-62fc-e96c-7b303cea77be,1777338936,0.4,42.0,yes,"{""count_fp"":""42.00"",""created_time"":""2026-04-28T01:15:36.724545Z"",""no_price_dollars"":""0.6000"",""taker_side"":""yes"",""ticker"":""KXBTC15M-26APR272130-30"",""trade_id"":""5d7c4933-7722-62fc-e96c-7b303cea77be"",""yes_price_dollars"":""0.4000""}"
KXBTC15M-26APR272130-30,52902778-f17e-66d7-ce44-baa83f4f9411,1777338936,0.4,516.15,yes,"{""count_fp"":""516.15"",""created_time"":""2026-04-28T01:15:36.724545Z"",""no_price_dollars"":""0.6000"",""taker_side"":""yes"",""ticker"":""KXBTC15M-26APR272130-30"",""trade_id"":""52902778-f17e-66d7-ce44-baa83f4f9411"",""yes_price_dollars"":""0.4000""}"
KXBTC15M-26APR272130-30,2ba90833-746b-6af4-e632-fbaad08e2c51,1777338936,0.4,56.0,yes,"{""count_fp"":""56.00"",""created_time"":""2026-04-28T01:15:36.724545Z"",""no_price_dollars"":""0.6000"",""taker_side"":""yes"",""ticker"":""KXBTC15M-26APR272130-30"",""trade_id"":""2ba90833-746b-6af4-e632-fbaad08e2c51"",""yes_price_dollars"":""0.4000""}"
KXBTC15M-26APR272130-30,08e3df22-8a4d-6d82-d832-0b896ef282c4,1777338936,0.4,456.16,yes,"{""count_fp"":""456.16"",""created_time"":""2026-04-28T01:15:36.724545Z"",""no_price_dollars"":""0.6000"",""taker_side"":""yes"",""ticker"":""KXBTC15M-26APR272130-30"",""trade_id"":""08e3df22-8a4d-6d82-d832-0b896ef282c4"",""yes_price_dollars"":""0.4000""}"
KXBTC15M-26APR272130-30,cc57c46c-8e86-7102-b080-315df96d07f4,1777338936,0.4,3.0,yes,"{""count_fp"":""3.00"",""created_time"":""2026-04-28T01:15:36.401699Z"",""no_price_dollars"":""0.6000"",""taker_side"":""yes"",""ticker"":""KXBTC15M-26APR272130-30"",""trade_id"":""cc57c46c-8e86-7102-b080-315df96d07f4"",""yes_price_dollars"":""0.4000""}"
KXBTC15M-26APR272130-30,5fc05aaf-3f85-731a-bea7-a17f348b7080,1777338936,0.4,43.84,yes,"{""count_fp"":""43.84"",""created_time"":""2026-04-28T01:15:36.401699Z"",""no_price_dollars"":""0.6000"",""taker_side"":""yes"",""ticker"":""KXBTC15M-26APR272130-30"",""trade_id"":""5fc05aaf-3f85-731a-bea7-a17f348b7080"",""yes_price_dollars"":""0.4000""}"
KXBTC15M-26APR272130-30,27041bf7-ae82-6f8e-7bcd-9a263e205974,1777338936,0.39,1.58,no,"{""count_fp"":""1.58"",""created_time"":""2026-04-28T01:15:36.242523Z"",""no_price_dollars"":""0.6100"",""taker_side"":""no"",""ticker"":""KXBTC15M-26APR272130-30"",""trade_id"":""27041bf7-ae82-6f8e-7bcd-9a263e205974"",""yes_price_dollars"":""0.3900""}"
KXBTC15M-26APR272130-30,c3cee609-5c4d-59bc-c8d5-9da4c7d4fdb9,1777338936,0.4,10.77,yes,"{""count_fp"":""10.77"",""created_time"":""2026-04-28T01:15:36.236106Z"",""no_price_dollars"":""0.6000"",""taker_side"":""yes"",""ticker"":""KXBTC15M-26APR272130-30"",""trade_id"":""c3cee609-5c4d-59bc-c8d5-9da4c7d4fdb9"",""yes_price_dollars"":""0.4000""}"
KXBTC15M-26APR272130-30,6ab81d82-0765-569f-f4dd-3e4c891a049a,1777338936,0.4,12.65,yes,"{""count_fp"":""12.65"",""created_time"":""2026-04-28T01:15:36.236106Z"",""no_price_dollars"":""0.6000"",""taker_side"":""yes"",""ticker"":""KXBTC15M-26APR272130-30"",""trade_id"":""6ab81d82-0765-569f-f4dd-3e4c891a049a"",""yes_price_dollars"":""0.4000""}"
KXBTC15M-26APR272130-30,45f5aa3e-b9ae-65a6-18f3-76494fe261c4,1777338936,0.39,16.0,no,"{""count_fp"":""16.00"",""created_time"":""2026-04-28T01:15:36.151689Z"",""no_price_dollars"":""0.6100"",""taker_side"":""no"",""ticker"":""KXBTC15M-26APR272130-30"",""trade_id"":""45f5aa3e-b9ae-65a6-18f3-76494fe261c4"",""yes_price_dollars"":""0.3900""}"
KXBTC15M-26APR272130-30,9b1579a6-c96b-474f-c7eb-d0dfa1fe1815,1777338937,0.39,95.96,yes,"{""count_fp"":""95.96"",""created_time"":""2026-04-28T01:15:37.296758Z"",""no_price_dollars"":""0.6100"",""taker_side"":""yes"",""ticker"":""KXBTC15M-26APR272130-30"",""trade_id"":""9b1579a6-c96b-474f-c7eb-d0dfa1fe1815"",""yes_price_dollars"":""0.3900""}"
KXBTC15M-26APR272130-30,db4b5327-0d7e-7ac2-1ba4-c355cccd1b40,1777338937,0.39,26.54,no,"{""count_fp"":""26.54"",""created_time"":""2026-04-28T01:15:37.231601Z"",""no_price_dollars"":""0.6100"",""taker_side"":""no"",""ticker"":""KXBTC15M-26APR272130-30"",""trade_id"":""db4b5327-0d7e-7ac2-1ba4-c355cccd1b40"",""yes_price_dollars"":""0.3900""}"
KXBTC15M-26APR272130-30,88acb176-c782-7cc9-0944-28f4d16a72e1,1777338937,0.39,10.0,no,"{""count_fp"":""10.00"",""created_time"":""2026-04-28T01:15:37.231601Z"",""no_price_dollars"":""0.6100"",""taker_side"":""no"",""ticker"":""KXBTC15M-26APR272130-30"",""trade_id"":""88acb176-c782-7cc9-0944-28f4d16a72e1"",""yes_price_dollars"":""0.3900""}"
KXBTC15M-26APR272130-30,312c4ce4-756b-79eb-3512-75dc1c7124b2,1777338937,0.39,3.0,no,"{""count_fp"":""3.00"",""created_time"":""2026-04-28T01:15:37.231601Z"",""no_price_dollars"":""0.6100"",""taker_side"":""no"",""ticker"":""KXBTC15M-26APR272130-30"",""trade_id"":""312c4ce4-756b-79eb-3512-75dc1c7124b2"",""yes_price_dollars"":""0.3900""}"
KXBTC15M-26APR272130-30,09d6c05b-533b-7b65-1352-8e7b65e98775,1777338937,0.39,12.65,no,"{""count_fp"":""12.65"",""created_time"":""2026-04-28T01:15:37.231601Z"",""no_price_dollars"":""0.6100"",""taker_side"":""no"",""ticker"":""KXBTC15M-26APR272130-30"",""trade_id"":""09d6c05b-533b-7b65-1352-8e7b65e98775"",""yes_price_dollars"":""0.3900""}"
KXBTC15M-26APR272130-30,7bb0215e-6bd6-7246-e62e-cca12d07359c,1777338937,0.39,56.0,no,"{""count_fp"":""56.00"",""created_time"":""2026-04-28T01:15:37.212682Z"",""no_price_dollars"":""0.6100"",""taker_side"":""no"",""ticker"":""KXBTC15M-26APR272130-30"",""trade_id"":""7bb0215e-6bd6-7246-e62e-cca12d07359c"",""yes_price_dollars"":""0.3900""}"
KXBTC15M-26APR272130-30,d77c9407-0452-7c73-9f0e-fff280908e19,1777338937,0.4,2.1,yes,"{""count_fp"":""2.10"",""created_time"":""2026-04-28T01:15:37.139696Z"",""no_price_dollars"":""0.6000"",""taker_side"":""yes"",""ticker"":""KXBTC15M-26APR272130-30"",""trade_id"":""d77c9407-0452-7c73-9f0e-fff280908e19"",""yes_price_dollars"":""0.4000""}"
KXBTC15M-26APR272130-30,ce9283ef-75b7-5e53-c010-6f3a8c024cad,1777338938,0.36,27.05,yes,"{""count_fp"":""27.05"",""created_time"":""2026-04-28T01:15:38.884395Z"",""no_price_dollars"":""0.6400"",""taker_side"":""yes"",""ticker"":""KXBTC15M-26APR272130-30"",""trade_id"":""ce9283ef-75b7-5e53-c010-6f3a8c024cad"",""yes_price_dollars"":""0.3600""}"
KXBTC15M-26APR272130-30,ab2944dd-a444-64ee-c2a3-8410c1482e3c,1777338938,0.36,2.0,no,"{""count_fp"":""2.00"",""created_time"":""2026-04-28T01:15:38.781627Z"",""no_price_dollars"":""0.6400"",""taker_side"":""no"",""ticker"":""KXBTC15M-26APR272130-30"",""trade_id"":""ab2944dd-a444-64ee-c2a3-8410c1482e3c"",""yes_price_dollars"":""0.3600""}"
KXBTC15M-26APR272130-30,840afd9c-f60b-6cf0-d8de-24a68f7066b0,1777338938,0.36,20.0,no,"{""count_fp"":""20.00"",""created_time"":""2026-04-28T01:15:38.781627Z"",""no_price_dollars"":""0.6400"",""taker_side"":""no"",""ticker"":""KXBTC15M-26APR272130-30"",""trade_id"":""840afd9c-f60b-6cf0-d8de-24a68f7066b0"",""yes_price_dollars"":""0.3600""}"
KXBTC15M-26APR272130-30,4c7e3ade-50ff-6080-d049-7587a810acfb,1777338938,0.36,10.0,no,"{""count_fp"":""10.00"",""created_time"":""2026-04-28T01:15:38.781627Z"",""no_price_dollars"":""0.6400"",""taker_side"":""no"",""ticker"":""KXBTC15M-26APR272130-30"",""trade_id"":""4c7e3ade-50ff-6080-d049-7587a810acfb"",""yes_price_dollars"":""0.3600""}"
KXBTC15M-26APR272130-30,493e1c5a-7f70-6277-ebdc-f94e12e18ef9,1777338938,0.36,3.0,no,"{""count_fp"":""3.00"",""created_time"":""2026-04-28T01:15:38.781627Z"",""no_price_dollars"":""0.6400"",""taker_side"":""no"",""ticker"":""KXBTC15M-26APR272130-30"",""trade_id"":""493e1c5a-7f70-6277-ebdc-f94e12e18ef9"",""yes_price_dollars"":""0.3600""}"
KXBTC15M-26APR272130-30,cd9df351-4a60-7af8-d75c-709524819394,1777338938,0.37,3.0,yes,"{""count_fp"":""3.00"",""created_time"":""2026-04-28T01:15:38.563613Z"",""no_price_dollars"":""0.6300"",""taker_side"":""yes"",""ticker"":""KXBTC15M-26APR272130-30"",""trade_id"":""cd9df351-4a60-7af8-d75c-709524819394"",""yes_price_dollars"":""0.3700""}"
KXBTC15M-26APR272130-30,6f117262-30e9-7fdf-cdde-a5e822568f46,1777338938,0.37,20.0,yes,"{""count_fp"":""20.00"",""created_time"":""2026-04-28T01:15:38.563613Z"",""no_price_dollars"":""0.6300"",""taker_side"":""yes"",""ticker"":""KXBTC15M-26APR272130-30"",""trade_id"":""6f117262-30e9-7fdf-cdde-a5e822568f46"",""yes_price_dollars"":""0.3700""}"
KXBTC15M-26APR272130-30,55ea46b8-fd60-76b6-e115-270760b01613,1777338938,0.37,100.0,yes,"{""count_fp"":""100.00"",""created_time"":""2026-04-28T01:15:38.563613Z"",""no_price_dollars"":""0.6300"",""taker_side"":""yes"",""ticker"":""KXBTC15M-26APR272130-30"",""trade_id"":""55ea46b8-fd60-76b6-e115-270760b01613"",""yes_price_dollars"":""0.3700""}"
KXBTC15M-26APR272130-30,33044c7c-b6af-77c6-ef26-0c7089f131bc,1777338938,0.37,207.34,yes,"{""count_fp"":""207.34"",""created_time"":""2026-04-28T01:15:38.563613Z"",""no_price_dollars"":""0.6300"",""taker_side"":""yes"",""ticker"":""KXBTC15M-26APR272130-30"",""trade_id"":""33044c7c-b6af-77c6-ef26-0c7089f131bc"",""yes_price_dollars"":""0.3700""}"
KXBTC15M-26APR272130-30,08f2b7e5-c89e-7ff8-ec90-4ad7684b7ac6,1777338938,0.37,21.0,yes,"{""count_fp"":""21.00"",""created_time"":""2026-04-28T01:15:38.563613Z"",""no_price_dollars"":""0.6300"",""taker_side"":""yes"",""ticker"":""KXBTC15M-26APR272130-30"",""trade_id"":""08f2b7e5-c89e-7ff8-ec90-4ad7684b7ac6"",""yes_price_dollars"":""0.3700""}"
KXBTC15M-26APR272130-30,a6962eff-8a58-69ee-f7aa-9135ce406aa8,1777338938,0.36,137.0,no,"{""count_fp"":""137.00"",""created_time"":""2026-04-28T01:15:38.389542Z"",""no_price_dollars"":""0.6400"",""taker_side"":""no"",""ticker"":""KXBTC15M-26APR272130-30"",""trade_id"":""a6962eff-8a58-69ee-f7aa-9135ce406aa8"",""yes_price_dollars"":""0.3600""}"
KXBTC15M-26APR272130-30,81075fc1-8798-6d21-da51-9d25212a56e8,1777338938,0.37,3.0,no,"{""count_fp"":""3.00"",""created_time"":""2026-04-28T01:15:38.389542Z"",""no_price_dollars"":""0.6300"",""taker_side"":""no"",""ticker"":""KXBTC15M-26APR272130-30"",""trade_id"":""81075fc1-8798-6d21-da51-9d25212a56e8"",""yes_price_dollars"":""0.3700""}"
KXBTC15M-26APR272130-30,52db4e71-d66a-6c51-e1a4-dc8195b7b1e1,1777338938,0.37,3.0,no,"{""count_fp"":""3.00"",""created_time"":""2026-04-28T01:15:38.389542Z"",""no_price_dollars"":""0.6300"",""taker_side"":""no"",""ticker"":""KXBTC15M-26APR272130-30"",""trade_id"":""52db4e71-d66a-6c51-e1a4-dc8195b7b1e1"",""yes_price_dollars"":""0.3700""}"
KXBTC15M-26APR272130-30,47383018-172d-690a-f428-f1c2568a1f86,1777338938,0.37,139.0,no,"{""count_fp"":""139.00"",""created_time"":""2026-04-28T01:15:38.389542Z"",""no_price_dollars"":""0.6300"",""taker_side"":""no"",""ticker"":""KXBTC15M-26APR272130-30"",""trade_id"":""47383018-172d-690a-f428-f1c2568a1f86"",""yes_price_dollars"":""0.3700""}"
KXBTC15M-26APR272130-30,8833640f-cdde-555c-0e61-990ac01c6f35,1777338938,0.38,2.0,no,"{""count_fp"":""2.00"",""created_time"":""2026-04-28T01:15:38.367259Z"",""no_price_dollars"":""0.6200"",""taker_side"":""no"",""ticker"":""KXBTC15M-26APR272130-30"",""trade_id"":""8833640f-cdde-555c-0e61-990ac01c6f35"",""yes_price_dollars"":""0.3800""}"
KXBTC15M-26APR272130-30,7e350c40-0bec-5ca6-3449-b38ea89eef37,1777338938,0.38,132.0,no,"{""count_fp"":""132.00"",""created_time"":""2026-04-28T01:15:38.367259Z"",""no_price_dollars"":""0.6200"",""taker_side"":""no"",""ticker"":""KXBTC15M-26APR272130-30"",""trade_id"":""7e350c40-0bec-5ca6-3449-b38ea89eef37"",""yes_price_dollars"":""0.3800""}"
KXBTC15M-26APR272130-30,1d0e5d0a-7689-5d33-3521-75be89a38a87,1777338938,0.38,3.0,no,"{""count_fp"":""3.00"",""created_time"":""2026-04-28T01:15:38.367259Z"",""no_price_dollars"":""0.6200"",""taker_side"":""no"",""ticker"":""KXBTC15M-26APR272130-30"",""trade_id"":""1d0e5d0a-7689-5d33-3521-75be89a38a87"",""yes_price_dollars"":""0.3800""}"
KXBTC15M-26APR272130-30,12459d8a-a793-7f2f-6fb5-9c71a694e01d,1777338938,0.39,11.97,yes,"{""count_fp"":""11.97"",""created_time"":""2026-04-28T01:15:38.168427Z"",""no_price_dollars"":""0.6100"",""taker_side"":""yes"",""ticker"":""KXBTC15M-26APR272130-30"",""trade_id"":""12459d8a-a793-7f2f-6fb5-9c71a694e01d"",""yes_price_dollars"":""0.3900""}"
KXBTC15M-26APR272130-30,adb208f4-93fb-7ecf-fe8d-24cec0da48d5,1777338939,0.36,4.79,yes,"{""count_fp"":""4.79"",""created_time"":""2026-04-28T01:15:39.689732Z"",""no_price_dollars"":""0.6400"",""taker_side"":""yes"",""ticker"":""KXBTC15M-26APR272130-30"",""trade_id"":""adb208f4-93fb-7ecf-fe8d-24cec0da48d5"",""yes_price_dollars"":""0.3600""}"
KXBTC15M-26APR272130-30,810528f6-2f16-741d-e8c4-a1c45f934c2e,1777338940,0.35,4.0,no,"{""count_fp"":""4.00"",""created_time"":""2026-04-28T01:15:40.959034Z"",""no_price_dollars"":""0.6500"",""taker_side"":""no"",""ticker"":""KXBTC15M-26APR272130-30"",""trade_id"":""810528f6-2f16-741d-e8c4-a1c45f934c2e"",""yes_price_dollars"":""0.3500""}"
KXBTC15M-26APR272130-30,69168700-4215-7741-ee98-48f5e8635546,1777338940,0.35,55.57,no,"{""count_fp"":""55.57"",""created_time"":""2026-04-28T01:15:40.959034Z"",""no_price_dollars"":""0.6500"",""taker_side"":""no"",""ticker"":""KXBTC15M-26APR272130-30"",""trade_id"":""69168700-4215-7741-ee98-48f5e8635546"",""yes_price_dollars"":""0.3500""}"
KXBTC15M-26APR272130-30,4cc4fc0e-4604-7c64-d168-45ea611d17f0,1777338940,0.35,100.0,no,"{""count_fp"":""100.00"",""created_time"":""2026-04-28T01:15:40.959034Z"",""no_price_dollars"":""0.6500"",""taker_side"":""no"",""ticker"":""KXBTC15M-26APR272130-30"",""trade_id"":""4cc4fc0e-4604-7c64-d168-45ea611d17f0"",""yes_price_dollars"":""0.3500""}"
KXBTC15M-26APR272130-30,1c03dcc2-38d9-7c39-fb6b-36bd6047b18f,1777338940,0.35,137.0,no,"{""count_fp"":""137.00"",""created_time"":""2026-04-28T01:15:40.959034Z"",""no_price_dollars"":""0.6500"",""taker_side"":""no"",""ticker"":""KXBTC15M-26APR272130-30"",""trade_id"":""1c03dcc2-38d9-7c39-fb6b-36bd6047b18f"",""yes_price_dollars"":""0.3500""}"
KXBTC15M-26APR272130-30,01d531fd-413f-76c5-f552-ca15138eb97c,1777338940,0.35,3.0,no,"{""count_fp"":""3.00"",""created_time"":""2026-04-28T01:15:40.959034Z"",""no_price_dollars"":""0.6500"",""taker_side"":""no"",""ticker"":""KXBTC15M-26APR272130-30"",""trade_id"":""01d531fd-413f-76c5-f552-ca15138eb97c"",""yes_price_dollars"":""0.3500""}"
KXBTC15M-26APR272130-30,292d76d2-21b3-6b2f-a063-837efd268a79,1777338940,0.36,7.19,yes,"{""count_fp"":""7.19"",""created_time"":""2026-04-28T01:15:40.834394Z"",""no_price_dollars"":""0.6400"",""taker_side"":""yes"",""ticker"":""KXBTC15M-26APR272130-30"",""trade_id"":""292d76d2-21b3-6b2f-a063-837efd268a79"",""yes_price_dollars"":""0.3600""}"
KXBTC15M-26APR272130-30,060e0483-e9bf-482b-3b87-5ce599e775f9,1777338940,0.36,5.0,yes,"{""count_fp"":""5.00"",""created_time"":""2026-04-28T01:15:40.660058Z"",""no_price_dollars"":""0.6400"",""taker_side"":""yes"",""ticker"":""KXBTC15M-26APR272130-30"",""trade_id"":""060e0483-e9bf-482b-3b87-5ce599e775f9"",""yes_price_dollars"":""0.3600""}"
KXBTC15M-26APR272130-30,dcbf32d2-ede9-75b1-dffc-1859b5831d4b,1777338940,0.35,1.0,no,"{""count_fp"":""1.00"",""created_time"":""2026-04-28T01:15:40.474985Z"",""no_price_dollars"":""0.6500"",""taker_side"":""no"",""ticker"":""KXBTC15M-26APR272130-30"",""trade_id"":""dcbf32d2-ede9-75b1-dffc-1859b5831d4b"",""yes_price_dollars"":""0.3500""}"
KXBTC15M-26APR272130-30,5c9b71e3-6d1b-6b83-1af8-10dcfcee24b5,1777338941,0.36,0.43,yes,"{""count_fp"":""0.43"",""created_time"":""2026-04-28T01:15:41.889544Z"",""no_price_dollars"":""0.6400"",""taker_side"":""yes"",""ticker"":""KXBTC15M-26APR272130-30"",""trade_id"":""5c9b71e3-6d1b-6b83-1af8-10dcfcee24b5"",""yes_price_dollars"":""0.3600""}"
KXBTC15M-26APR272130-30,5b6550c6-d60b-64d3-daf0-6833392e1609,1777338941,0.36,0.26,yes,"{""count_fp"":""0.26"",""created_time"":""2026-04-28T01:15:41.608058Z"",""no_price_dollars"":""0.6400"",""taker_side"":""yes"",""ticker"":""KXBTC15M-26APR272130-30"",""trade_id"":""5b6550c6-d60b-64d3-daf0-6833392e1609"",""yes_price_dollars"":""0.3600""}"
KXBTC15M-26APR272130-30,ebf1822b-c6d7-47cb-f77c-92173860edfd,1777338941,0.36,15.53,yes,"{""count_fp"":""15.53"",""created_time"":""2026-04-28T01:15:41.246507Z"",""no_price_dollars"":""0.6400"",""taker_side"":""yes"",""ticker"":""KXBTC15M-26APR272130-30"",""trade_id"":""ebf1822b-c6d7-47cb-f77c-92173860edfd"",""yes_price_dollars"":""0.3600""}"
KXBTC15M-26APR272130-30,3287e6ab-3b6d-6355-baa3-4068c6ca1eaa,1777338941,0.35,1.0,no,"{""count_fp"":""1.00"",""created_time"":""2026-04-28T01:15:41.225764Z"",""no_price_dollars"":""0.6500"",""taker_side"":""no"",""ticker"":""KXBTC15M-26APR272130-30"",""trade_id"":""3287e6ab-3b6d-6355-baa3-4068c6ca1eaa"",""yes_price_dollars"":""0.3500""}"
KXBTC15M-26APR272130-30,f42a22fa-2d49-7162-23d1-67b949d15e08,1777338942,0.35,26.58,yes,"{""count_fp"":""26.58"",""created_time"":""2026-04-28T01:15:42.747405Z"",""no_price_dollars"":""0.6500"",""taker_side"":""yes"",""ticker"":""KXBTC15M-26APR272130-30"",""trade_id"":""f42a22fa-2d49-7162-23d1-67b949d15e08"",""yes_price_dollars"":""0.3500""}"
KXBTC15M-26APR272130-30,92b3e775-efcf-5a3b-f5bb-74cda6c1c525,1777338942,0.35,9.36,yes,"{""count_fp"":""9.36"",""created_time"":""2026-04-28T01:15:42.345482Z"",""no_price_dollars"":""0.6500"",""taker_side"":""yes"",""ticker"":""KXBTC15M-26APR272130-30"",""trade_id"":""92b3e775-efcf-5a3b-f5bb-74cda6c1c525"",""yes_price_dollars"":""0.3500""}"
KXBTC15M-26APR272130-30,f6e43f60-d9df-454b-4c6d-9400e666c6c9,1777338942,0.35,372.21,yes,"{""count_fp"":""372.21"",""created_time"":""2026-04-28T01:15:42.337653Z"",""no_price_dollars"":""0.6500"",""taker_side"":""yes"",""ticker"":""KXBTC15M-26APR272130-30"",""trade_id"":""f6e43f60-d9df-454b-4c6d-9400e666c6c9"",""yes_price_dollars"":""0.3500""}"
KXBTC15M-26APR272130-30,64e57105-66f4-6beb-d131-84a0f37291b4,1777338942,0.34,0.69,no,"{""count_fp"":""0.69"",""created_time"":""2026-04-28T01:15:42.224242Z"",""no_price_dollars"":""0.6600"",""taker_side"":""no"",""ticker"":""KXBTC15M-26APR272130-30"",""trade_id"":""64e57105-66f4-6beb-d131-84a0f37291b4"",""yes_price_dollars"":""0.3400""}"
KXBTC15M-26APR272130-30,38b9cb57-d78a-6d80-8f03-b018bd537b1d,1777338942,0.35,3.0,no,"{""count_fp"":""3.00"",""created_time"":""2026-04-28T01:15:42.041841Z"",""no_price_dollars"":""0.6500"",""taker_side"":""no"",""ticker"":""KXBTC15M-26APR272130-30"",""trade_id"":""38b9cb57-d78a-6d80-8f03-b018bd537b1d"",""yes_price_dollars"":""0.3500""}"
KXBTC15M-26APR272130-30,1ce8745d-50f0-6d5e-a17f-125964d6e304,1777338942,0.35,12.01,no,"{""count_fp"":""12.01"",""created_time"":""2026-04-28T01:15:42.041841Z"",""no_price_dollars"":""0.6500"",""taker_side"":""no"",""ticker"":""KXBTC15M-26APR272130-30"",""trade_id"":""1ce8745d-50f0-6d5e-a17f-125964d6e304"",""yes_price_dollars"":""0.3500""}"
KXBTC15M-26APR272130-30,b36e90fb-c2e7-508a-12b8-8ae74a6420a0,1777338943,0.35,5.31,yes,"{""count_fp"":""5.31"",""created_time"":""2026-04-28T01:15:43.498986Z"",""no_price_dollars"":""0.6500"",""taker_side"":""yes"",""ticker"":""KXBTC15M-26APR272130-30"",""trade_id"":""b36e90fb-c2e7-508a-12b8-8ae74a6420a0"",""yes_price_dollars"":""0.3500""}"
KXBTC15M-26APR272130-30,742131c9-fea7-4f3e-871c-0f64d9a5a488,1777338943,0.35,8.35,yes,"{""count_fp"":""8.35"",""created_time"":""2026-04-28T01:15:43.476394Z"",""no_price_dollars"":""0.6500"",""taker_side"":""yes"",""ticker"":""KXBTC15M-26APR272130-30"",""trade_id"":""742131c9-fea7-4f3e-871c-0f64d9a5a488"",""yes_price_dollars"":""0.3500""}"
KXBTC15M-26APR272130-30,6f545a70-eb01-4846-8e65-8a7241e5115c,1777338943,0.35,2.42,yes,"{""count_fp"":""2.42"",""created_time"":""2026-04-28T01:15:43.476394Z"",""no_price_dollars"":""0.6500"",""taker_side"":""yes"",""ticker"":""KXBTC15M-26APR272130-30"",""trade_id"":""6f545a70-eb01-4846-8e65-8a7241e5115c"",""yes_price_dollars"":""0.3500""}"
KXBTC15M-26APR272130-30,5ec5e2bc-6013-460d-9ddb-dd6ef4ce5f8b,1777338943,0.35,22.0,yes,"{""count_fp"":""22.00"",""created_time"":""2026-04-28T01:15:43.476394Z"",""no_price_dollars"":""0.6500"",""taker_side"":""yes"",""ticker"":""KXBTC15M-26APR272130-30"",""trade_id"":""5ec5e2bc-6013-460d-9ddb-dd6ef4ce5f8b"",""yes_price_dollars"":""0.3500""}"
KXBTC15M-26APR272130-30,2927754c-36d9-4f8e-50ed-5c56a4dbf628,1777338943,0.35,1.0,yes,"{""count_fp"":""1.00"",""created_time"":""2026-04-28T01:15:43.473474Z"",""no_price_dollars"":""0.6500"",""taker_side"":""yes"",""ticker"":""KXBTC15M-26APR272130-30"",""trade_id"":""2927754c-36d9-4f8e-50ed-5c56a4dbf628"",""yes_price_dollars"":""0.3500""}"
KXBTC15M-26APR272130-30,23bc339c-116b-7634-43d1-764c85c5f8b5,1777338944,0.35,7.0,yes,"{""count_fp"":""7.00"",""created_time"":""2026-04-28T01:15:44.932229Z"",""no_price_dollars"":""0.6500"",""taker_side"":""yes"",""ticker"":""KXBTC15M-26APR272130-30"",""trade_id"":""23bc339c-116b-7634-43d1-764c85c5f8b5"",""yes_price_dollars"":""0.3500""}"
KXBTC15M-26APR272130-30,e580869e-358c-63eb-48cd-789905f887d8,1777338944,0.34,1.47,no,"{""count_fp"":""1.47"",""created_time"":""2026-04-28T01:15:44.930127Z"",""no_price_dollars"":""0.6600"",""taker_side"":""no"",""ticker"":""KXBTC15M-26APR272130-30"",""trade_id"":""e580869e-358c-63eb-48cd-789905f887d8"",""yes_price_dollars"":""0.3400""}"
KXBTC15M-26APR272130-30,f4b3761a-3817-5338-c8e9-7754e7f76d79,1777338944,0.35,50.0,yes,"{""count_fp"":""50.00"",""created_time"":""2026-04-28T01:15:44.653144Z"",""no_price_dollars"":""0.6500"",""taker_side"":""yes"",""ticker"":""KXBTC15M-26APR272130-30"",""trade_id"":""f4b3761a-3817-5338-c8e9-7754e7f76d79"",""yes_price_dollars"":""0.3500""}"
KXBTC15M-26APR272130-30,1faec448-0bcb-6748-03ca-0a259b539e29,1777338944,0.35,10.0,yes,"{""count_fp"":""10.00"",""created_time"":""2026-04-28T01:15:44.506746Z"",""no_price_dollars"":""0.6500"",""taker_side"":""yes"",""ticker"":""KXBTC15M-26APR272130-30"",""trade_id"":""1faec448-0bcb-6748-03ca-0a259b539e29"",""yes_price_dollars"":""0.3500""}"
KXBTC15M-26APR272130-30,299b833f-c047-7f3c-1dd7-f669201d393d,1777338944,0.35,22.88,yes,"{""count_fp"":""22.88"",""created_time"":""2026-04-28T01:15:44.166078Z"",""no_price_dollars"":""0.6500"",""taker_side"":""yes"",""ticker"":""KXBTC15M-26APR272130-30"",""trade_id"":""299b833f-c047-7f3c-1dd7-f669201d393d"",""yes_price_dollars"":""0.3500""}"
KXBTC15M-26APR272130-30,fddb39f3-8ca0-6fff-5df3-4ac7733857dc,1777338944,0.34,0.14,no,"{""count_fp"":""0.14"",""created_time"":""2026-04-28T01:15:44.164386Z"",""no_price_dollars"":""0.6600"",""taker_side"":""no"",""ticker"":""KXBTC15M-26APR272130-30"",""trade_id"":""fddb39f3-8ca0-6fff-5df3-4ac7733857dc"",""yes_price_dollars"":""0.3400""}"
KXBTC15M-26APR272130-30,7ee8d5c6-c7fb-7184-a693-2ccc21974241,1777338944,0.35,13.29,yes,"{""count_fp"":""13.29"",""created_time"":""2026-04-28T01:15:44.124555Z"",""no_price_dollars"":""0.6500"",""taker_side"":""yes"",""ticker"":""KXBTC15M-26APR272130-30"",""trade_id"":""7ee8d5c6-c7fb-7184-a693-2ccc21974241"",""yes_price_dollars"":""0.3500""}"
KXBTC15M-26APR272130-30,a512af4f-dd3b-4000-dcfa-6f6052cfec75,1777338944,0.35,5.31,yes,"{""count_fp"":""5.31"",""created_time"":""2026-04-28T01:15:44.008174Z"",""no_price_dollars"":""0.6500"",""taker_side"":""yes"",""ticker"":""KXBTC15M-26APR272130-30"",""trade_id"":""a512af4f-dd3b-4000-dcfa-6f6052cfec75"",""yes_price_dollars"":""0.3500""}"
KXBTC15M-26APR272130-30,f47b9ef7-fcfd-5da7-0333-4cbba1a64a2c,1777338945,0.35,17.0,yes,"{""count_fp"":""17.00"",""created_time"":""2026-04-28T01:15:45.976525Z"",""no_price_dollars"":""0.6500"",""taker_side"":""yes"",""ticker"":""KXBTC15M-26APR272130-30"",""trade_id"":""f47b9ef7-fcfd-5da7-0333-4cbba1a64a2c"",""yes_price_dollars"":""0.3500""}"
KXBTC15M-26APR272130-30,b3e11cd6-db44-5e45-196a-2bdb353026fd,1777338945,0.35,22.0,yes,"{""count_fp"":""22.00"",""created_time"":""2026-04-28T01:15:45.976525Z"",""no_price_dollars"":""0.6500"",""taker_side"":""yes"",""ticker"":""KXBTC15M-26APR272130-30"",""trade_id"":""b3e11cd6-db44-5e45-196a-2bdb353026fd"",""yes_price_dollars"":""0.3500""}"
KXBTC15M-26APR272130-30,b3d8b061-e265-556f-18a4-0e3981b02441,1777338945,0.35,5.0,yes,"{""count_fp"":""5.00"",""created_time"":""2026-04-28T01:15:45.976525Z"",""no_price_dollars"":""0.6500"",""taker_side"":""yes"",""ticker"":""KXBTC15M-26APR272130-30"",""trade_id"":""b3d8b061-e265-556f-18a4-0e3981b02441"",""yes_price_dollars"":""0.3500""}"
KXBTC15M-26APR272130-30,a68c2baa-2bfa-55b6-0241-936ede31d379,1777338945,0.37,44.85,yes,"{""count_fp"":""44.85"",""created_time"":""2026-04-28T01:15:45.976525Z"",""no_price_dollars"":""0.6300"",""taker_side"":""yes"",""ticker"":""KXBTC15M-26APR272130-30"",""trade_id"":""a68c2baa-2bfa-55b6-0241-936ede31d379"",""yes_price_dollars"":""0.3700""}"
KXBTC15M-26APR272130-30,8415bcf0-e1d2-55b8-2f02-9236e55344d6,1777338945,0.36,30.0,yes,"{""count_fp"":""30.00"",""created_time"":""2026-04-28T01:15:45.976525Z"",""no_price_dollars"":""0.6400"",""taker_side"":""yes"",""ticker"":""KXBTC15M-26APR272130-30"",""trade_id"":""8415bcf0-e1d2-55b8-2f02-9236e55344d6"",""yes_price_dollars"":""0.3600""}"
KXBTC15M-26APR272130-30,38e7231c-b1d3-513a-3f5f-2fd99fd524b7,1777338945,0.36,58.0,yes,"{""count_fp"":""58.00"",""created_time"":""2026-04-28T01:15:45.976525Z"",""no_price_dollars"":""0.6400"",""taker_side"":""yes"",""ticker"":""KXBTC15M-26APR272130-30"",""trade_id"":""38e7231c-b1d3-513a-3f5f-2fd99fd524b7"",""yes_price_dollars"":""0.3600""}"
KXBTC15M-26APR272130-30,3885bca6-0c96-565e-2553-2c9c1fccd96c,1777338945,0.35,100.0,yes,"{""count_fp"":""100.00"",""created_time"":""2026-04-28T01:15:45.976525Z"",""no_price_dollars"":""0.6500"",""taker_side"":""yes"",""ticker"":""KXBTC15M-26APR272130-30"",""trade_id"":""3885bca6-0c96-565e-2553-2c9c1fccd96c"",""yes_price_dollars"":""0.3500""}"
KXBTC15M-26APR272130-30,0ee622e3-9693-5f88-363f-da681e7f5b09,1777338945,0.35,357.81,yes,"{""count_fp"":""357.81"",""created_time"":""2026-04-28T01:15:45.976525Z"",""no_price_dollars"":""0.6500"",""taker_side"":""yes"",""ticker"":""KXBTC15M-26APR272130-30"",""trade_id"":""0ee622e3-9693-5f88-363f-da681e7f5b09"",""yes_price_dollars"":""0.3500""}"
KXBTC15M-26APR272130-30,0a1db844-149c-5b18-37bb-193849f15fdc,1777338945,0.35,30.0,yes,"{""count_fp"":""30.00"",""created_time"":""2026-04-28T01:15:45.976525Z"",""no_price_dollars"":""0.6500"",""taker_side"":""yes"",""ticker"":""KXBTC15M-26APR272130-30"",""trade_id"":""0a1db844-149c-5b18-37bb-193849f15fdc"",""yes_price_dollars"":""0.3500""}"
KXBTC15M-26APR272130-30,f33cee74-095f-7750-6716-dd6043cdfbc5,1777338945,0.35,2.73,yes,"{""count_fp"":""2.73"",""created_time"":""2026-04-28T01:15:45.479895Z"",""no_price_dollars"":""0.6500"",""taker_side"":""yes"",""ticker"":""KXBTC15M-26APR272130-30"",""trade_id"":""f33cee74-095f-7750-6716-dd6043cdfbc5"",""yes_price_dollars"":""0.3500""}"
KXBTC15M-26APR272130-30,d9091193-75e7-4720-8c40-9281647294b9,1777338945,0.35,1.0,yes,"{""count_fp"":""1.00"",""created_time"":""2026-04-28T01:15:45.215989Z"",""no_price_dollars"":""0.6500"",""taker_side"":""yes"",""ticker"":""KXBTC15M-26APR272130-30"",""trade_id"":""d9091193-75e7-4720-8c40-9281647294b9"",""yes_price_dollars"":""0.3500""}"
KXBTC15M-26APR272130-30,bf69449f-9470-66af-aa55-73d1f5f74618,1777338945,0.34,0.7,no,"{""count_fp"":""0.70"",""created_time"":""2026-04-28T01:15:45.082135Z"",""no_price_dollars"":""0.6600"",""taker_side"":""no"",""ticker"":""KXBTC15M-26APR272130-30"",""trade_id"":""bf69449f-9470-66af-aa55-73d1f5f74618"",""yes_price_dollars"":""0.3400""}"
KXBTC15M-26APR272130-30,84da799a-af71-60ae-ae77-cfa49636f92a,1777338945,0.34,3.3,no,"{""count_fp"":""3.30"",""created_time"":""2026-04-28T01:15:45.082135Z"",""no_price_dollars"":""0.6600"",""taker_side"":""no"",""ticker"":""KXBTC15M-26APR272130-30"",""trade_id"":""84da799a-af71-60ae-ae77-cfa49636f92a"",""yes_price_dollars"":""0.3400""}"
KXBTC15M-26APR272130-30,48684533-f777-4368-619b-f14bdedfc540,1777338946,0.35,1.5,no,"{""count_fp"":""1.50"",""created_time"":""2026-04-28T01:15:46.754232Z"",""no_price_dollars"":""0.6500"",""taker_side"":""no"",""ticker"":""KXBTC15M-26APR272130-30"",""trade_id"":""48684533-f777-4368-619b-f14bdedfc540"",""yes_price_dollars"":""0.3500""}"
KXBTC15M-26APR272130-30,de054185-713c-75da-6b83-5d5eb17c1c96,1777338946,0.35,500.0,yes,"{""count_fp"":""500.00"",""created_time"":""2026-04-28T01:15:46.701456Z"",""no_price_dollars"":""0.6500"",""taker_side"":""yes"",""ticker"":""KXBTC15M-26APR272130-30"",""trade_id"":""de054185-713c-75da-6b83-5d5eb17c1c96"",""yes_price_dollars"":""0.3500""}"
KXBTC15M-26APR272130-30,5aceffb7-e0dc-7b00-6d4e-170d9f826b97,1777338946,0.35,30.0,yes,"{""count_fp"":""30.00"",""created_time"":""2026-04-28T01:15:46.701456Z"",""no_price_dollars"":""0.6500"",""taker_side"":""yes"",""ticker"":""KXBTC15M-26APR272130-30"",""trade_id"":""5aceffb7-e0dc-7b00-6d4e-170d9f826b97"",""yes_price_dollars"":""0.3500""}"
KXBTC15M-26APR272130-30,1095a6af-d2fe-7fc6-7404-1b0d0489ca6e,1777338946,0.35,86.34,yes,"{""count_fp"":""86.34"",""created_time"":""2026-04-28T01:15:46.701456Z"",""no_price_dollars"":""0.6500"",""taker_side"":""yes"",""ticker"":""KXBTC15M-26APR272130-30"",""trade_id"":""1095a6af-d2fe-7fc6-7404-1b0d0489ca6e"",""yes_price_dollars"":""0.3500""}"
KXBTC15M-26APR272130-30,6479e49a-454a-7816-096f-8b068833f316,1777338946,0.35,13.66,yes,"{""count_fp"":""13.66"",""created_time"":""2026-04-28T01:15:46.648677Z"",""no_price_dollars"":""0.6500"",""taker_side"":""yes"",""ticker"":""KXBTC15M-26APR272130-30"",""trade_id"":""6479e49a-454a-7816-096f-8b068833f316"",""yes_price_dollars"":""0.3500""}"
KXBTC15M-26APR272130-30,24972024-c1cf-7cbe-f071-6935f4b3ee85,1777338947,0.37,4.43,no,"{""count_fp"":""4.43"",""created_time"":""2026-04-28T01:15:47.240611Z"",""no_price_dollars"":""0.6300"",""taker_side"":""no"",""ticker"":""KXBTC15M-26APR272130-30"",""trade_id"":""24972024-c1cf-7cbe-f071-6935f4b3ee85"",""yes_price_dollars"":""0.3700""}"
KXBTC15M-26APR272130-30,ac240430-14d7-6eb4-ac8d-b91390aa0153,1777338948,0.38,24.97,yes,"{""count_fp"":""24.97"",""created_time"":""2026-04-28T01:15:48.861612Z"",""no_price_dollars"":""0.6200"",""taker_side"":""yes"",""ticker"":""KXBTC15M-26APR272130-30"",""trade_id"":""ac240430-14d7-6eb4-ac8d-b91390aa0153"",""yes_price_dollars"":""0.3800""}"
KXBTC15M-26APR272130-30,f8741102-e89f-4042-a62f-8d421dd16eb9,1777338948,0.37,5.0,no,"{""count_fp"":""5.00"",""created_time"":""2026-04-28T01:15:48.755497Z"",""no_price_dollars"":""0.6300"",""taker_side"":""no"",""ticker"":""KXBTC15M-26APR272130-30"",""trade_id"":""f8741102-e89f-4042-a62f-8d421dd16eb9"",""yes_price_dollars"":""0.3700""}"
KXBTC15M-26APR272130-30,64128fbb-f5ff-4df4-654d-d3bab1172327,1777338948,0.38,93.31,yes,"{""count_fp"":""93.31"",""created_time"":""2026-04-28T01:15:48.594469Z"",""no_price_dollars"":""0.6200"",""taker_side"":""yes"",""ticker"":""KXBTC15M-26APR272130-30"",""trade_id"":""64128fbb-f5ff-4df4-654d-d3bab1172327"",""yes_price_dollars"":""0.3800""}"
KXBTC15M-26APR272130-30,78bf7349-978f-4192-4389-73df6bec63a1,1777338948,0.37,10.0,no,"{""count_fp"":""10.00"",""created_time"":""2026-04-28T01:15:48.572268Z"",""no_price_dollars"":""0.6300"",""taker_side"":""no"",""ticker"":""KXBTC15M-26APR272130-30"",""trade_id"":""78bf7349-978f-4192-4389-73df6bec63a1"",""yes_price_dollars"":""0.3700""}"
KXBTC15M-26APR272130-30,04ff8d2e-39af-70a2-ede6-ad9aba03d7d5,1777338948,0.37,2.31,no,"{""count_fp"":""2.31"",""created_time"":""2026-04-28T01:15:48.350599Z"",""no_price_dollars"":""0.6300"",""taker_side"":""no"",""ticker"":""KXBTC15M-26APR272130-30"",""trade_id"":""04ff8d2e-39af-70a2-ede6-ad9aba03d7d5"",""yes_price_dollars"":""0.3700""}"
KXBTC15M-26APR272130-30,18b2242a-7805-58b6-1279-c3837e76830f,1777338949,0.37,1.18,no,"{""count_fp"":""1.18"",""created_time"":""2026-04-28T01:15:49.586051Z"",""no_price_dollars"":""0.6300"",""taker_side"":""no"",""ticker"":""KXBTC15M-26APR272130-30"",""trade_id"":""18b2242a-7805-58b6-1279-c3837e76830f"",""yes_price_dollars"":""0.3700""}"
KXBTC15M-26APR272130-30,7b93b2ca-3951-46ae-9787-66977a32f423,1777338949,0.37,15.47,no,"{""count_fp"":""15.47"",""created_time"":""2026-04-28T01:15:49.565453Z"",""no_price_dollars"":""0.6300"",""taker_side"":""no"",""ticker"":""KXBTC15M-26APR272130-30"",""trade_id"":""7b93b2ca-3951-46ae-9787-66977a32f423"",""yes_price_dollars"":""0.3700""}"
KXBTC15M-26APR272130-30,2c51cf53-a937-5baa-344e-46966f3c0415,1777338949,0.37,18.37,no,"{""count_fp"":""18.37"",""created_time"":""2026-04-28T01:15:49.372594Z"",""no_price_dollars"":""0.6300"",""taker_side"":""no"",""ticker"":""KXBTC15M-26APR272130-30"",""trade_id"":""2c51cf53-a937-5baa-344e-46966f3c0415"",""yes_price_dollars"":""0.3700""}"
KXBTC15M-26APR272130-30,1323295c-0c3b-5449-2237-84a9857d76f8,1777338949,0.37,4.83,no,"{""count_fp"":""4.83"",""created_time"":""2026-04-28T01:15:49.372594Z"",""no_price_dollars"":""0.6300"",""taker_side"":""no"",""ticker"":""KXBTC15M-26APR272130-30"",""trade_id"":""1323295c-0c3b-5449-2237-84a9857d76f8"",""yes_price_dollars"":""0.3700""}"
KXBTC15M-26APR272130-30,e80ed7dc-f983-5eed-d49f-15d31db3db50,1777338949,0.38,17.0,yes,"{""count_fp"":""17.00"",""created_time"":""2026-04-28T01:15:49.245914Z"",""no_price_dollars"":""0.6200"",""taker_side"":""yes"",""ticker"":""KXBTC15M-26APR272130-30"",""trade_id"":""e80ed7dc-f983-5eed-d49f-15d31db3db50"",""yes_price_dollars"":""0.3800""}"
KXBTC15M-26APR272130-30,91b7439c-b57c-5a30-eda8-af7ee8e19877,1777338949,0.38,18.61,yes,"{""count_fp"":""18.61"",""created_time"":""2026-04-28T01:15:49.245914Z"",""no_price_dollars"":""0.6200"",""taker_side"":""yes"",""ticker"":""KXBTC15M-26APR272130-30"",""trade_id"":""91b7439c-b57c-5a30-eda8-af7ee8e19877"",""yes_price_dollars"":""0.3800""}"
KXBTC15M-26APR272130-30,5f5835fb-24db-5bb0-c873-5e7db7943bcf,1777338949,0.38,172.39,yes,"{""count_fp"":""172.39"",""created_time"":""2026-04-28T01:15:49.245914Z"",""no_price_dollars"":""0.6200"",""taker_side"":""yes"",""ticker"":""KXBTC15M-26APR272130-30"",""trade_id"":""5f5835fb-24db-5bb0-c873-5e7db7943bcf"",""yes_price_dollars"":""0.3800""}"
KXBTC15M-26APR272130-30,1f49387c-9687-7138-551f-a6ef3b2a9427,1777338949,0.38,209.33,yes,"{""count_fp"":""209.33"",""created_time"":""2026-04-28T01:15:49.020609Z"",""no_price_dollars"":""0.6200"",""taker_side"":""yes"",""ticker"":""KXBTC15M-26APR272130-30"",""trade_id"":""1f49387c-9687-7138-551f-a6ef3b2a9427"",""yes_price_dollars"":""0.3800""}"
KXBTC15M-26APR272130-30,17dc97f0-4fff-539a-410a-bc3f1c8cac59,1777338949,0.37,0.3,no,"{""count_fp"":""0.30"",""created_time"":""2026-04-28T01:15:49.014603Z"",""no_price_dollars"":""0.6300"",""taker_side"":""no"",""ticker"":""KXBTC15M-26APR272130-30"",""trade_id"":""17dc97f0-4fff-539a-410a-bc3f1c8cac59"",""yes_price_dollars"":""0.3700""}"
KXBTC15M-26APR272130-30,22d223fb-46e7-5f5e-e3a8-ef2e0731218f,1777338950,0.39,499.37,yes,"{""count_fp"":""499.37"",""created_time"":""2026-04-28T01:15:50.458252Z"",""no_price_dollars"":""0.6100"",""taker_side"":""yes"",""ticker"":""KXBTC15M-26APR272130-30"",""trade_id"":""22d223fb-46e7-5f5e-e3a8-ef2e0731218f"",""yes_price_dollars"":""0.3900""}"
KXBTC15M-26APR272130-30,1997320a-51fd-52e3-c22a-8c835637b1ba,1777338950,0.38,3.63,yes,"{""count_fp"":""3.63"",""created_time"":""2026-04-28T01:15:50.458252Z"",""no_price_dollars"":""0.6200"",""taker_side"":""yes"",""ticker"":""KXBTC15M-26APR272130-30"",""trade_id"":""1997320a-51fd-52e3-c22a-8c835637b1ba"",""yes_price_dollars"":""0.3800""}"
KXBTC15M-26APR272130-30,360ca9a3-d81d-5807-7bb1-1a1e761957c2,1777338950,0.38,0.84,yes,"{""count_fp"":""0.84"",""created_time"":""2026-04-28T01:15:50.382296Z"",""no_price_dollars"":""0.6200"",""taker_side"":""yes"",""ticker"":""KXBTC15M-26APR272130-30"",""trade_id"":""360ca9a3-d81d-5807-7bb1-1a1e761957c2"",""yes_price_dollars"":""0.3800""}"
KXBTC15M-26APR272130-30,db9ad6ef-33cc-4195-ae93-44525e02a38f,1777338950,0.38,0.14,yes,"{""count_fp"":""0.14"",""created_time"":""2026-04-28T01:15:50.213268Z"",""no_price_dollars"":""0.6200"",""taker_side"":""yes"",""ticker"":""KXBTC15M-26APR272130-30"",""trade_id"":""db9ad6ef-33cc-4195-ae93-44525e02a38f"",""yes_price_dollars"":""0.3800""}"
KXBTC15M-26APR272130-30,8b295e51-b055-4eeb-a0e0-ea91b69f8456,1777338950,0.38,0.36,yes,"{""count_fp"":""0.36"",""created_time"":""2026-04-28T01:15:50.213268Z"",""no_price_dollars"":""0.6200"",""taker_side"":""yes"",""ticker"":""KXBTC15M-26APR272130-30"",""trade_id"":""8b295e51-b055-4eeb-a0e0-ea91b69f8456"",""yes_price_dollars"":""0.3800""}"
KXBTC15M-26APR272130-30,4e18ee36-ab48-797d-6282-632d2670d1d7,1777338950,0.38,0.45,yes,"{""count_fp"":""0.45"",""created_time"":""2026-04-28T01:15:50.178243Z"",""no_price_dollars"":""0.6200"",""taker_side"":""yes"",""ticker"":""KXBTC15M-26APR272130-30"",""trade_id"":""4e18ee36-ab48-797d-6282-632d2670d1d7"",""yes_price_dollars"":""0.3800""}"
KXBTC15M-26APR272130-30,b7b28a89-44c9-69ea-2016-4a78d0f8d287,1777338950,0.37,37.0,no,"{""count_fp"":""37.00"",""created_time"":""2026-04-28T01:15:50.176259Z"",""no_price_dollars"":""0.6300"",""taker_side"":""no"",""ticker"":""KXBTC15M-26APR272130-30"",""trade_id"":""b7b28a89-44c9-69ea-2016-4a78d0f8d287"",""yes_price_dollars"":""0.3700""}"
KXBTC15M-26APR272130-30,e57688e6-f9a9-74ea-9e4f-346bcf60b63b,1777338950,0.37,77.36,no,"{""count_fp"":""77.36"",""created_time"":""2026-04-28T01:15:50.096429Z"",""no_price_dollars"":""0.6300"",""taker_side"":""no"",""ticker"":""KXBTC15M-26APR272130-30"",""trade_id"":""e57688e6-f9a9-74ea-9e4f-346bcf60b63b"",""yes_price_dollars"":""0.3700""}"
