ticker,trade_id,ts,yes_price,count,taker_side,raw_json
KXBTC15M-26APR271800-00,d8e7230f-ac6c-6ae4-0612-d2dbcd8c285a,1777326302,0.45,16.0,no,"{""count_fp"":""16.00"",""created_time"":""2026-04-27T21:45:02.938932Z"",""no_price_dollars"":""0.5500"",""taker_side"":""no"",""ticker"":""KXBTC15M-26APR271800-00"",""trade_id"":""d8e7230f-ac6c-6ae4-0612-d2dbcd8c285a"",""yes_price_dollars"":""0.4500""}"
KXBTC15M-26APR271800-00,cfe29e32-0f81-628e-3dba-f6e2224e0553,1777326302,0.45,6.0,no,"{""count_fp"":""6.00"",""created_time"":""2026-04-27T21:45:02.938932Z"",""no_price_dollars"":""0.5500"",""taker_side"":""no"",""ticker"":""KXBTC15M-26APR271800-00"",""trade_id"":""cfe29e32-0f81-628e-3dba-f6e2224e0553"",""yes_price_dollars"":""0.4500""}"
KXBTC15M-26APR271800-00,ba14c570-0996-61af-08fd-95c133a06d9e,1777326302,0.44,140.0,no,"{""count_fp"":""140.00"",""created_time"":""2026-04-27T21:45:02.938932Z"",""no_price_dollars"":""0.5600"",""taker_side"":""no"",""ticker"":""KXBTC15M-26APR271800-00"",""trade_id"":""ba14c570-0996-61af-08fd-95c133a06d9e"",""yes_price_dollars"":""0.4400""}"
KXBTC15M-26APR271800-00,a544e42d-66ba-65b6-2786-8af3e1b17d8e,1777326302,0.45,12.0,no,"{""count_fp"":""12.00"",""created_time"":""2026-04-27T21:45:02.938932Z"",""no_price_dollars"":""0.5500"",""taker_side"":""no"",""ticker"":""KXBTC15M-26APR271800-00"",""trade_id"":""a544e42d-66ba-65b6-2786-8af3e1b17d8e"",""yes_price_dollars"":""0.4500""}"
KXBTC15M-26APR271800-00,892ff26c-ff1c-6755-2cc3-d7c6e7cc39a6,1777326302,0.44,7.0,no,"{""count_fp"":""7.00"",""created_time"":""2026-04-27T21:45:02.938932Z"",""no_price_dollars"":""0.5600"",""taker_side"":""no"",""ticker"":""KXBTC15M-26APR271800-00"",""trade_id"":""892ff26c-ff1c-6755-2cc3-d7c6e7cc39a6"",""yes_price_dollars"":""0.4400""}"
KXBTC15M-26APR271800-00,7829666d-2080-6884-1e0d-b8cf06034fe8,1777326302,0.46,6.0,no,"{""count_fp"":""6.00"",""created_time"":""2026-04-27T21:45:02.938932Z"",""no_price_dollars"":""0.5400"",""taker_side"":""no"",""ticker"":""KXBTC15M-26APR271800-00"",""trade_id"":""7829666d-2080-6884-1e0d-b8cf06034fe8"",""yes_price_dollars"":""0.4600""}"
KXBTC15M-26APR271800-00,5d40f285-bdb3-60f2-3613-679ad73a21c7,1777326302,0.45,1.0,no,"{""count_fp"":""1.00"",""created_time"":""2026-04-27T21:45:02.938932Z"",""no_price_dollars"":""0.5500"",""taker_side"":""no"",""ticker"":""KXBTC15M-26APR271800-00"",""trade_id"":""5d40f285-bdb3-60f2-3613-679ad73a21c7"",""yes_price_dollars"":""0.4500""}"
KXBTC15M-26APR271800-00,21061ae7-c432-6344-3512-cd433a8c3c45,1777326302,0.45,12.0,no,"{""count_fp"":""12.00"",""created_time"":""2026-04-27T21:45:02.938932Z"",""no_price_dollars"":""0.5500"",""taker_side"":""no"",""ticker"":""KXBTC15M-26APR271800-00"",""trade_id"":""21061ae7-c432-6344-3512-cd433a8c3c45"",""yes_price_dollars"":""0.4500""}"
KXBTC15M-26APR271800-00,51272479-b106-5e67-ae1c-29a883dca5bf,1777326305,0.4,7.0,no,"{""count_fp"":""7.00"",""created_time"":""2026-04-27T21:45:05.681117Z"",""no_price_dollars"":""0.6000"",""taker_side"":""no"",""ticker"":""KXBTC15M-26APR271800-00"",""trade_id"":""51272479-b106-5e67-ae1c-29a883dca5bf"",""yes_price_dollars"":""0.4000""}"
KXBTC15M-26APR271800-00,aa938616-8192-7c17-d376-6d6c490c053f,1777326305,0.41,5.0,no,"{""count_fp"":""5.00"",""created_time"":""2026-04-27T21:45:05.675434Z"",""no_price_dollars"":""0.5900"",""taker_side"":""no"",""ticker"":""KXBTC15M-26APR271800-00"",""trade_id"":""aa938616-8192-7c17-d376-6d6c490c053f"",""yes_price_dollars"":""0.4100""}"
KXBTC15M-26APR271800-00,898bb604-1050-70c4-d057-88833b76a3a0,1777326305,0.41,25.0,no,"{""count_fp"":""25.00"",""created_time"":""2026-04-27T21:45:05.675434Z"",""no_price_dollars"":""0.5900"",""taker_side"":""no"",""ticker"":""KXBTC15M-26APR271800-00"",""trade_id"":""898bb604-1050-70c4-d057-88833b76a3a0"",""yes_price_dollars"":""0.4100""}"
KXBTC15M-26APR271800-00,ff08f055-8c7a-7fe4-f1f7-56623aa4c043,1777326305,0.42,1.0,no,"{""count_fp"":""1.00"",""created_time"":""2026-04-27T21:45:05.579876Z"",""no_price_dollars"":""0.5800"",""taker_side"":""no"",""ticker"":""KXBTC15M-26APR271800-00"",""trade_id"":""ff08f055-8c7a-7fe4-f1f7-56623aa4c043"",""yes_price_dollars"":""0.4200""}"
KXBTC15M-26APR271800-00,6e281453-e145-7482-d304-a2997d865f1c,1777326305,0.42,10.0,no,"{""count_fp"":""10.00"",""created_time"":""2026-04-27T21:45:05.579876Z"",""no_price_dollars"":""0.5800"",""taker_side"":""no"",""ticker"":""KXBTC15M-26APR271800-00"",""trade_id"":""6e281453-e145-7482-d304-a2997d865f1c"",""yes_price_dollars"":""0.4200""}"
KXBTC15M-26APR271800-00,462358bd-d42a-7a6e-e747-922a9191abbb,1777326305,0.42,10.0,no,"{""count_fp"":""10.00"",""created_time"":""2026-04-27T21:45:05.579876Z"",""no_price_dollars"":""0.5800"",""taker_side"":""no"",""ticker"":""KXBTC15M-26APR271800-00"",""trade_id"":""462358bd-d42a-7a6e-e747-922a9191abbb"",""yes_price_dollars"":""0.4200""}"
KXBTC15M-26APR271800-00,9543671f-12b2-5861-23fa-abbb9dfa788b,1777326305,0.42,1.0,no,"{""count_fp"":""1.00"",""created_time"":""2026-04-27T21:45:05.057317Z"",""no_price_dollars"":""0.5800"",""taker_side"":""no"",""ticker"":""KXBTC15M-26APR271800-00"",""trade_id"":""9543671f-12b2-5861-23fa-abbb9dfa788b"",""yes_price_dollars"":""0.4200""}"
KXBTC15M-26APR271800-00,2d20e012-1119-68c1-d7f1-eba2fba0aebe,1777326308,0.39,2.39,yes,"{""count_fp"":""2.39"",""created_time"":""2026-04-27T21:45:08.681601Z"",""no_price_dollars"":""0.6100"",""taker_side"":""yes"",""ticker"":""KXBTC15M-26APR271800-00"",""trade_id"":""2d20e012-1119-68c1-d7f1-eba2fba0aebe"",""yes_price_dollars"":""0.3900""}"
KXBTC15M-26APR271800-00,4f17a53f-8f25-5989-4118-81f9bc7fe977,1777326308,0.39,35.98,yes,"{""count_fp"":""35.98"",""created_time"":""2026-04-27T21:45:08.625546Z"",""no_price_dollars"":""0.6100"",""taker_side"":""yes"",""ticker"":""KXBTC15M-26APR271800-00"",""trade_id"":""4f17a53f-8f25-5989-4118-81f9bc7fe977"",""yes_price_dollars"":""0.3900""}"
KXBTC15M-26APR271800-00,a7a5c6d6-fab1-68f1-fb7e-7c0b3e71da6f,1777326308,0.39,10.0,yes,"{""count_fp"":""10.00"",""created_time"":""2026-04-27T21:45:08.621715Z"",""no_price_dollars"":""0.6100"",""taker_side"":""yes"",""ticker"":""KXBTC15M-26APR271800-00"",""trade_id"":""a7a5c6d6-fab1-68f1-fb7e-7c0b3e71da6f"",""yes_price_dollars"":""0.3900""}"
KXBTC15M-26APR271800-00,ad303dde-a6f6-7216-f2b5-073a01bbfb5f,1777326309,0.4,21.57,yes,"{""count_fp"":""21.57"",""created_time"":""2026-04-27T21:45:09.865809Z"",""no_price_dollars"":""0.6000"",""taker_side"":""yes"",""ticker"":""KXBTC15M-26APR271800-00"",""trade_id"":""ad303dde-a6f6-7216-f2b5-073a01bbfb5f"",""yes_price_dollars"":""0.4000""}"
KXBTC15M-26APR271800-00,79fb3ab7-2fc6-680a-852f-0d5d6371ccb7,1777326309,0.4,82.35,yes,"{""count_fp"":""82.35"",""created_time"":""2026-04-27T21:45:09.864711Z"",""no_price_dollars"":""0.6000"",""taker_side"":""yes"",""ticker"":""KXBTC15M-26APR271800-00"",""trade_id"":""79fb3ab7-2fc6-680a-852f-0d5d6371ccb7"",""yes_price_dollars"":""0.4000""}"
KXBTC15M-26APR271800-00,6e1dff3c-812e-584a-f847-8264e909a4cb,1777326309,0.4,10.0,yes,"{""count_fp"":""10.00"",""created_time"":""2026-04-27T21:45:09.562351Z"",""no_price_dollars"":""0.6000"",""taker_side"":""yes"",""ticker"":""KXBTC15M-26APR271800-00"",""trade_id"":""6e1dff3c-812e-584a-f847-8264e909a4cb"",""yes_price_dollars"":""0.4000""}"
KXBTC15M-26APR271800-00,e52e3afb-7b91-4f4f-399e-20724b21a9e7,1777326310,0.4,10.0,yes,"{""count_fp"":""10.00"",""created_time"":""2026-04-27T21:45:10.870905Z"",""no_price_dollars"":""0.6000"",""taker_side"":""yes"",""ticker"":""KXBTC15M-26APR271800-00"",""trade_id"":""e52e3afb-7b91-4f4f-399e-20724b21a9e7"",""yes_price_dollars"":""0.4000""}"
KXBTC15M-26APR271800-00,d9a3ecd5-d892-49de-280a-e24ad54408e1,1777326310,0.4,2.0,yes,"{""count_fp"":""2.00"",""created_time"":""2026-04-27T21:45:10.870905Z"",""no_price_dollars"":""0.6000"",""taker_side"":""yes"",""ticker"":""KXBTC15M-26APR271800-00"",""trade_id"":""d9a3ecd5-d892-49de-280a-e24ad54408e1"",""yes_price_dollars"":""0.4000""}"
KXBTC15M-26APR271800-00,c3a7486f-11be-4c04-16ca-01a4bddaaa6d,1777326310,0.4,3.0,yes,"{""count_fp"":""3.00"",""created_time"":""2026-04-27T21:45:10.870905Z"",""no_price_dollars"":""0.6000"",""taker_side"":""yes"",""ticker"":""KXBTC15M-26APR271800-00"",""trade_id"":""c3a7486f-11be-4c04-16ca-01a4bddaaa6d"",""yes_price_dollars"":""0.4000""}"
KXBTC15M-26APR271800-00,c64fac2d-afa8-76aa-a55b-8171a00ab703,1777326310,0.38,2.0,no,"{""count_fp"":""2.00"",""created_time"":""2026-04-27T21:45:10.627477Z"",""no_price_dollars"":""0.6200"",""taker_side"":""no"",""ticker"":""KXBTC15M-26APR271800-00"",""trade_id"":""c64fac2d-afa8-76aa-a55b-8171a00ab703"",""yes_price_dollars"":""0.3800""}"
KXBTC15M-26APR271800-00,01f7dde0-ac4c-43da-5946-fc6a41437b9b,1777326310,0.38,15.71,no,"{""count_fp"":""15.71"",""created_time"":""2026-04-27T21:45:10.344575Z"",""no_price_dollars"":""0.6200"",""taker_side"":""no"",""ticker"":""KXBTC15M-26APR271800-00"",""trade_id"":""01f7dde0-ac4c-43da-5946-fc6a41437b9b"",""yes_price_dollars"":""0.3800""}"
KXBTC15M-26APR271800-00,ac9908a2-5b0c-6582-76ba-187020a7317b,1777326310,0.38,15.71,no,"{""count_fp"":""15.71"",""created_time"":""2026-04-27T21:45:10.196145Z"",""no_price_dollars"":""0.6200"",""taker_side"":""no"",""ticker"":""KXBTC15M-26APR271800-00"",""trade_id"":""ac9908a2-5b0c-6582-76ba-187020a7317b"",""yes_price_dollars"":""0.3800""}"
KXBTC15M-26APR271800-00,dce47fd2-fbbf-40d8-09e0-7028d75d7b3d,1777326311,0.41,18.0,yes,"{""count_fp"":""18.00"",""created_time"":""2026-04-27T21:45:11.277925Z"",""no_price_dollars"":""0.5900"",""taker_side"":""yes"",""ticker"":""KXBTC15M-26APR271800-00"",""trade_id"":""dce47fd2-fbbf-40d8-09e0-7028d75d7b3d"",""yes_price_dollars"":""0.4100""}"
KXBTC15M-26APR271800-00,cf07a140-cba8-506f-db41-70e5d8f8e4a3,1777326311,0.38,13.85,no,"{""count_fp"":""13.85"",""created_time"":""2026-04-27T21:45:11.010377Z"",""no_price_dollars"":""0.6200"",""taker_side"":""no"",""ticker"":""KXBTC15M-26APR271800-00"",""trade_id"":""cf07a140-cba8-506f-db41-70e5d8f8e4a3"",""yes_price_dollars"":""0.3800""}"
KXBTC15M-26APR271800-00,8e12fd66-5fc0-53e6-f4a0-f6249a064f33,1777326311,0.38,22.58,no,"{""count_fp"":""22.58"",""created_time"":""2026-04-27T21:45:11.010377Z"",""no_price_dollars"":""0.6200"",""taker_side"":""no"",""ticker"":""KXBTC15M-26APR271800-00"",""trade_id"":""8e12fd66-5fc0-53e6-f4a0-f6249a064f33"",""yes_price_dollars"":""0.3800""}"
KXBTC15M-26APR271800-00,263786eb-c3bb-53af-f13c-713560af47f2,1777326311,0.4,85.0,no,"{""count_fp"":""85.00"",""created_time"":""2026-04-27T21:45:11.010377Z"",""no_price_dollars"":""0.6000"",""taker_side"":""no"",""ticker"":""KXBTC15M-26APR271800-00"",""trade_id"":""263786eb-c3bb-53af-f13c-713560af47f2"",""yes_price_dollars"":""0.4000""}"
KXBTC15M-26APR271800-00,4b44dbbe-55a7-5694-42f9-33fd7f948101,1777326312,0.38,2.19,no,"{""count_fp"":""2.19"",""created_time"":""2026-04-27T21:45:12.976164Z"",""no_price_dollars"":""0.6200"",""taker_side"":""no"",""ticker"":""KXBTC15M-26APR271800-00"",""trade_id"":""4b44dbbe-55a7-5694-42f9-33fd7f948101"",""yes_price_dollars"":""0.3800""}"
KXBTC15M-26APR271800-00,f266784b-4cf3-49d8-c023-62efcb753091,1777326312,0.41,22.0,yes,"{""count_fp"":""22.00"",""created_time"":""2026-04-27T21:45:12.614939Z"",""no_price_dollars"":""0.5900"",""taker_side"":""yes"",""ticker"":""KXBTC15M-26APR271800-00"",""trade_id"":""f266784b-4cf3-49d8-c023-62efcb753091"",""yes_price_dollars"":""0.4100""}"
KXBTC15M-26APR271800-00,bdbf7bd8-d742-48e1-f06a-d74f55c2b245,1777326312,0.4,40.0,yes,"{""count_fp"":""40.00"",""created_time"":""2026-04-27T21:45:12.614939Z"",""no_price_dollars"":""0.6000"",""taker_side"":""yes"",""ticker"":""KXBTC15M-26APR271800-00"",""trade_id"":""bdbf7bd8-d742-48e1-f06a-d74f55c2b245"",""yes_price_dollars"":""0.4000""}"
KXBTC15M-26APR271800-00,a7a0d6bd-3c2e-45af-f9a0-1f3d4dbc9524,1777326312,0.41,2.0,yes,"{""count_fp"":""2.00"",""created_time"":""2026-04-27T21:45:12.614939Z"",""no_price_dollars"":""0.5900"",""taker_side"":""yes"",""ticker"":""KXBTC15M-26APR271800-00"",""trade_id"":""a7a0d6bd-3c2e-45af-f9a0-1f3d4dbc9524"",""yes_price_dollars"":""0.4100""}"
KXBTC15M-26APR271800-00,9ee8d11d-102b-4ca3-d30c-4be7ae2ecd2c,1777326312,0.4,2.0,yes,"{""count_fp"":""2.00"",""created_time"":""2026-04-27T21:45:12.614939Z"",""no_price_dollars"":""0.6000"",""taker_side"":""yes"",""ticker"":""KXBTC15M-26APR271800-00"",""trade_id"":""9ee8d11d-102b-4ca3-d30c-4be7ae2ecd2c"",""yes_price_dollars"":""0.4000""}"
KXBTC15M-26APR271800-00,9ecfc3bb-ff82-45ba-d3d5-76f9fdefdbda,1777326312,0.39,29.76,yes,"{""count_fp"":""29.76"",""created_time"":""2026-04-27T21:45:12.614939Z"",""no_price_dollars"":""0.6100"",""taker_side"":""yes"",""ticker"":""KXBTC15M-26APR271800-00"",""trade_id"":""9ecfc3bb-ff82-45ba-d3d5-76f9fdefdbda"",""yes_price_dollars"":""0.3900""}"
KXBTC15M-26APR271800-00,99f717b5-813c-4bda-e718-8bf49e0695e4,1777326312,0.41,39.24,yes,"{""count_fp"":""39.24"",""created_time"":""2026-04-27T21:45:12.614939Z"",""no_price_dollars"":""0.5900"",""taker_side"":""yes"",""ticker"":""KXBTC15M-26APR271800-00"",""trade_id"":""99f717b5-813c-4bda-e718-8bf49e0695e4"",""yes_price_dollars"":""0.4100""}"
KXBTC15M-26APR271800-00,64d42dd4-b8c0-4e27-ea70-9867f5375e0d,1777326312,0.41,11.0,yes,"{""count_fp"":""11.00"",""created_time"":""2026-04-27T21:45:12.614939Z"",""no_price_dollars"":""0.5900"",""taker_side"":""yes"",""ticker"":""KXBTC15M-26APR271800-00"",""trade_id"":""64d42dd4-b8c0-4e27-ea70-9867f5375e0d"",""yes_price_dollars"":""0.4100""}"
KXBTC15M-26APR271800-00,4d976437-9643-42b6-f48e-fe6c78cee1b1,1777326312,0.39,3.0,yes,"{""count_fp"":""3.00"",""created_time"":""2026-04-27T21:45:12.614939Z"",""no_price_dollars"":""0.6100"",""taker_side"":""yes"",""ticker"":""KXBTC15M-26APR271800-00"",""trade_id"":""4d976437-9643-42b6-f48e-fe6c78cee1b1"",""yes_price_dollars"":""0.3900""}"
KXBTC15M-26APR271800-00,15cb8d7a-b8f5-420d-f63a-dd5a4690ff3d,1777326312,0.41,1.0,yes,"{""count_fp"":""1.00"",""created_time"":""2026-04-27T21:45:12.614939Z"",""no_price_dollars"":""0.5900"",""taker_side"":""yes"",""ticker"":""KXBTC15M-26APR271800-00"",""trade_id"":""15cb8d7a-b8f5-420d-f63a-dd5a4690ff3d"",""yes_price_dollars"":""0.4100""}"
KXBTC15M-26APR271800-00,9714df33-f7d6-5bea-e1a0-bd19b032f406,1777326312,0.39,0.24,yes,"{""count_fp"":""0.24"",""created_time"":""2026-04-27T21:45:12.218431Z"",""no_price_dollars"":""0.6100"",""taker_side"":""yes"",""ticker"":""KXBTC15M-26APR271800-00"",""trade_id"":""9714df33-f7d6-5bea-e1a0-bd19b032f406"",""yes_price_dollars"":""0.3900""}"
KXBTC15M-26APR271800-00,fa2d80b9-54e1-4e0b-4963-e99672b3f9d1,1777326312,0.38,40.0,yes,"{""count_fp"":""40.00"",""created_time"":""2026-04-27T21:45:12.117862Z"",""no_price_dollars"":""0.6200"",""taker_side"":""yes"",""ticker"":""KXBTC15M-26APR271800-00"",""trade_id"":""fa2d80b9-54e1-4e0b-4963-e99672b3f9d1"",""yes_price_dollars"":""0.3800""}"
KXBTC15M-26APR271800-00,0207de8e-d34e-4e8e-4831-7ee742acdaf6,1777326312,0.39,10.0,yes,"{""count_fp"":""10.00"",""created_time"":""2026-04-27T21:45:12.117862Z"",""no_price_dollars"":""0.6100"",""taker_side"":""yes"",""ticker"":""KXBTC15M-26APR271800-00"",""trade_id"":""0207de8e-d34e-4e8e-4831-7ee742acdaf6"",""yes_price_dollars"":""0.3900""}"
KXBTC15M-26APR271800-00,c756cf2b-99ac-4f9f-6bb5-60895f2c3893,1777326312,0.4,32.13,no,"{""count_fp"":""32.13"",""created_time"":""2026-04-27T21:45:12.027025Z"",""no_price_dollars"":""0.6000"",""taker_side"":""no"",""ticker"":""KXBTC15M-26APR271800-00"",""trade_id"":""c756cf2b-99ac-4f9f-6bb5-60895f2c3893"",""yes_price_dollars"":""0.4000""}"
KXBTC15M-26APR271800-00,f3c7deec-84a2-5a71-50e7-b5051d6cf318,1777326313,0.41,40.0,yes,"{""count_fp"":""40.00"",""created_time"":""2026-04-27T21:45:13.876775Z"",""no_price_dollars"":""0.5900"",""taker_side"":""yes"",""ticker"":""KXBTC15M-26APR271800-00"",""trade_id"":""f3c7deec-84a2-5a71-50e7-b5051d6cf318"",""yes_price_dollars"":""0.4100""}"
KXBTC15M-26APR271800-00,f3a0d73c-9085-57c8-4fce-28205c7cd8fd,1777326313,0.41,400.0,yes,"{""count_fp"":""400.00"",""created_time"":""2026-04-27T21:45:13.876775Z"",""no_price_dollars"":""0.5900"",""taker_side"":""yes"",""ticker"":""KXBTC15M-26APR271800-00"",""trade_id"":""f3a0d73c-9085-57c8-4fce-28205c7cd8fd"",""yes_price_dollars"":""0.4100""}"
KXBTC15M-26APR271800-00,b44a7486-d4b9-520b-7679-3c1c44137e3d,1777326313,0.41,2.37,yes,"{""count_fp"":""2.37"",""created_time"":""2026-04-27T21:45:13.876775Z"",""no_price_dollars"":""0.5900"",""taker_side"":""yes"",""ticker"":""KXBTC15M-26APR271800-00"",""trade_id"":""b44a7486-d4b9-520b-7679-3c1c44137e3d"",""yes_price_dollars"":""0.4100""}"
KXBTC15M-26APR271800-00,90432c5e-0d75-536d-77f8-5d1c641321df,1777326313,0.4,57.63,yes,"{""count_fp"":""57.63"",""created_time"":""2026-04-27T21:45:13.876775Z"",""no_price_dollars"":""0.6000"",""taker_side"":""yes"",""ticker"":""KXBTC15M-26APR271800-00"",""trade_id"":""90432c5e-0d75-536d-77f8-5d1c641321df"",""yes_price_dollars"":""0.4000""}"
KXBTC15M-26APR271800-00,fba32435-49ad-7799-fbb5-ef97ec7fd4af,1777326313,0.4,53.37,yes,"{""count_fp"":""53.37"",""created_time"":""2026-04-27T21:45:13.863027Z"",""no_price_dollars"":""0.6000"",""taker_side"":""yes"",""ticker"":""KXBTC15M-26APR271800-00"",""trade_id"":""fba32435-49ad-7799-fbb5-ef97ec7fd4af"",""yes_price_dollars"":""0.4000""}"
KXBTC15M-26APR271800-00,b7b65040-94ac-783a-efba-e58a2b7110f9,1777326313,0.39,16.59,yes,"{""count_fp"":""16.59"",""created_time"":""2026-04-27T21:45:13.863027Z"",""no_price_dollars"":""0.6100"",""taker_side"":""yes"",""ticker"":""KXBTC15M-26APR271800-00"",""trade_id"":""b7b65040-94ac-783a-efba-e58a2b7110f9"",""yes_price_dollars"":""0.3900""}"
KXBTC15M-26APR271800-00,7d70b023-8197-7e24-eec5-eb014708ea57,1777326313,0.4,2.0,yes,"{""count_fp"":""2.00"",""created_time"":""2026-04-27T21:45:13.863027Z"",""no_price_dollars"":""0.6000"",""taker_side"":""yes"",""ticker"":""KXBTC15M-26APR271800-00"",""trade_id"":""7d70b023-8197-7e24-eec5-eb014708ea57"",""yes_price_dollars"":""0.4000""}"
KXBTC15M-26APR271800-00,4c0a8fed-8aa1-78c8-c606-2a2d5a338480,1777326313,0.39,3.0,yes,"{""count_fp"":""3.00"",""created_time"":""2026-04-27T21:45:13.863027Z"",""no_price_dollars"":""0.6100"",""taker_side"":""yes"",""ticker"":""KXBTC15M-26APR271800-00"",""trade_id"":""4c0a8fed-8aa1-78c8-c606-2a2d5a338480"",""yes_price_dollars"":""0.3900""}"
KXBTC15M-26APR271800-00,0b0809ac-c5d5-7a21-fd3f-f4718a279757,1777326313,0.4,40.0,yes,"{""count_fp"":""40.00"",""created_time"":""2026-04-27T21:45:13.863027Z"",""no_price_dollars"":""0.6000"",""taker_side"":""yes"",""ticker"":""KXBTC15M-26APR271800-00"",""trade_id"":""0b0809ac-c5d5-7a21-fd3f-f4718a279757"",""yes_price_dollars"":""0.4000""}"
KXBTC15M-26APR271800-00,c55fbc7a-dbc0-6bf4-ba1a-8695d40dbf4a,1777326313,0.37,8.95,no,"{""count_fp"":""8.95"",""created_time"":""2026-04-27T21:45:13.485358Z"",""no_price_dollars"":""0.6300"",""taker_side"":""no"",""ticker"":""KXBTC15M-26APR271800-00"",""trade_id"":""c55fbc7a-dbc0-6bf4-ba1a-8695d40dbf4a"",""yes_price_dollars"":""0.3700""}"
KXBTC15M-26APR271800-00,8401e538-879f-6778-a972-42a42f2995b5,1777326313,0.38,22.1,no,"{""count_fp"":""22.10"",""created_time"":""2026-04-27T21:45:13.485358Z"",""no_price_dollars"":""0.6200"",""taker_side"":""no"",""ticker"":""KXBTC15M-26APR271800-00"",""trade_id"":""8401e538-879f-6778-a972-42a42f2995b5"",""yes_price_dollars"":""0.3800""}"
KXBTC15M-26APR271800-00,d7df9aa0-11b7-768c-79e2-2cc9bcd95491,1777326313,0.38,15.71,no,"{""count_fp"":""15.71"",""created_time"":""2026-04-27T21:45:13.121528Z"",""no_price_dollars"":""0.6200"",""taker_side"":""no"",""ticker"":""KXBTC15M-26APR271800-00"",""trade_id"":""d7df9aa0-11b7-768c-79e2-2cc9bcd95491"",""yes_price_dollars"":""0.3800""}"
KXBTC15M-26APR271800-00,72089c40-f4f8-4ce6-aee0-c654a64b898d,1777326313,0.39,23.41,yes,"{""count_fp"":""23.41"",""created_time"":""2026-04-27T21:45:13.069035Z"",""no_price_dollars"":""0.6100"",""taker_side"":""yes"",""ticker"":""KXBTC15M-26APR271800-00"",""trade_id"":""72089c40-f4f8-4ce6-aee0-c654a64b898d"",""yes_price_dollars"":""0.3900""}"
KXBTC15M-26APR271800-00,f1d099dd-b310-4496-bb1a-a8025e9599c2,1777326314,0.39,3.14,no,"{""count_fp"":""3.14"",""created_time"":""2026-04-27T21:45:14.837364Z"",""no_price_dollars"":""0.6100"",""taker_side"":""no"",""ticker"":""KXBTC15M-26APR271800-00"",""trade_id"":""f1d099dd-b310-4496-bb1a-a8025e9599c2"",""yes_price_dollars"":""0.3900""}"
KXBTC15M-26APR271800-00,fcf17cc8-38e6-4835-a777-295df242d3a6,1777326314,0.4,2.0,yes,"{""count_fp"":""2.00"",""created_time"":""2026-04-27T21:45:14.055017Z"",""no_price_dollars"":""0.6000"",""taker_side"":""yes"",""ticker"":""KXBTC15M-26APR271800-00"",""trade_id"":""fcf17cc8-38e6-4835-a777-295df242d3a6"",""yes_price_dollars"":""0.4000""}"
KXBTC15M-26APR271800-00,4208a159-4398-47f2-82bd-6d618882cf11,1777326315,0.39,14.14,no,"{""count_fp"":""14.14"",""created_time"":""2026-04-27T21:45:15.845873Z"",""no_price_dollars"":""0.6100"",""taker_side"":""no"",""ticker"":""KXBTC15M-26APR271800-00"",""trade_id"":""4208a159-4398-47f2-82bd-6d618882cf11"",""yes_price_dollars"":""0.3900""}"
KXBTC15M-26APR271800-00,a52d40b0-d7b7-41a1-c406-2359a0c248de,1777326315,0.4,10.0,yes,"{""count_fp"":""10.00"",""created_time"":""2026-04-27T21:45:15.665385Z"",""no_price_dollars"":""0.6000"",""taker_side"":""yes"",""ticker"":""KXBTC15M-26APR271800-00"",""trade_id"":""a52d40b0-d7b7-41a1-c406-2359a0c248de"",""yes_price_dollars"":""0.4000""}"
KXBTC15M-26APR271800-00,7ea3d6bc-14f2-4d59-e069-9102e9dc0f4a,1777326315,0.4,37.0,yes,"{""count_fp"":""37.00"",""created_time"":""2026-04-27T21:45:15.665385Z"",""no_price_dollars"":""0.6000"",""taker_side"":""yes"",""ticker"":""KXBTC15M-26APR271800-00"",""trade_id"":""7ea3d6bc-14f2-4d59-e069-9102e9dc0f4a"",""yes_price_dollars"":""0.4000""}"
KXBTC15M-26APR271800-00,72d4dc25-7e75-455c-f6c2-0e4f7c5906ff,1777326315,0.4,87.08,yes,"{""count_fp"":""87.08"",""created_time"":""2026-04-27T21:45:15.665385Z"",""no_price_dollars"":""0.6000"",""taker_side"":""yes"",""ticker"":""KXBTC15M-26APR271800-00"",""trade_id"":""72d4dc25-7e75-455c-f6c2-0e4f7c5906ff"",""yes_price_dollars"":""0.4000""}"
KXBTC15M-26APR271800-00,525d9563-a7ab-404a-cfa1-ed3e1a7bd071,1777326315,0.4,3.0,yes,"{""count_fp"":""3.00"",""created_time"":""2026-04-27T21:45:15.665385Z"",""no_price_dollars"":""0.6000"",""taker_side"":""yes"",""ticker"":""KXBTC15M-26APR271800-00"",""trade_id"":""525d9563-a7ab-404a-cfa1-ed3e1a7bd071"",""yes_price_dollars"":""0.4000""}"
KXBTC15M-26APR271800-00,b78b95fc-caae-7551-ac4f-208daa825c7e,1777326315,0.4,1.0,yes,"{""count_fp"":""1.00"",""created_time"":""2026-04-27T21:45:15.453083Z"",""no_price_dollars"":""0.6000"",""taker_side"":""yes"",""ticker"":""KXBTC15M-26APR271800-00"",""trade_id"":""b78b95fc-caae-7551-ac4f-208daa825c7e"",""yes_price_dollars"":""0.4000""}"
KXBTC15M-26APR271800-00,e33bf6a9-ffe0-5e4e-863b-84bcfdf3a89e,1777326315,0.39,7.97,no,"{""count_fp"":""7.97"",""created_time"":""2026-04-27T21:45:15.309753Z"",""no_price_dollars"":""0.6100"",""taker_side"":""no"",""ticker"":""KXBTC15M-26APR271800-00"",""trade_id"":""e33bf6a9-ffe0-5e4e-863b-84bcfdf3a89e"",""yes_price_dollars"":""0.3900""}"
KXBTC15M-26APR271800-00,29760d35-a6c0-4b8e-265b-98a2e2165bda,1777326315,0.39,18.37,no,"{""count_fp"":""18.37"",""created_time"":""2026-04-27T21:45:15.052775Z"",""no_price_dollars"":""0.6100"",""taker_side"":""no"",""ticker"":""KXBTC15M-26APR271800-00"",""trade_id"":""29760d35-a6c0-4b8e-265b-98a2e2165bda"",""yes_price_dollars"":""0.3900""}"
KXBTC15M-26APR271800-00,7a137540-f1e0-6de6-ddf9-368d781494d1,1777326316,0.39,7.97,no,"{""count_fp"":""7.97"",""created_time"":""2026-04-27T21:45:16.975464Z"",""no_price_dollars"":""0.6100"",""taker_side"":""no"",""ticker"":""KXBTC15M-26APR271800-00"",""trade_id"":""7a137540-f1e0-6de6-ddf9-368d781494d1"",""yes_price_dollars"":""0.3900""}"
KXBTC15M-26APR271800-00,dceea586-7984-41be-fdeb-22a5bf70fd11,1777326316,0.39,39.89,no,"{""count_fp"":""39.89"",""created_time"":""2026-04-27T21:45:16.224425Z"",""no_price_dollars"":""0.6100"",""taker_side"":""no"",""ticker"":""KXBTC15M-26APR271800-00"",""trade_id"":""dceea586-7984-41be-fdeb-22a5bf70fd11"",""yes_price_dollars"":""0.3900""}"
KXBTC15M-26APR271800-00,30440e83-d249-67b4-9ca1-4d1f7428b107,1777326316,0.4,35.98,yes,"{""count_fp"":""35.98"",""created_time"":""2026-04-27T21:45:16.019953Z"",""no_price_dollars"":""0.6000"",""taker_side"":""yes"",""ticker"":""KXBTC15M-26APR271800-00"",""trade_id"":""30440e83-d249-67b4-9ca1-4d1f7428b107"",""yes_price_dollars"":""0.4000""}"
KXBTC15M-26APR271800-00,bf12f917-6e6d-752c-da0c-810bfd11abbb,1777326317,0.4,35.98,yes,"{""count_fp"":""35.98"",""created_time"":""2026-04-27T21:45:17.835248Z"",""no_price_dollars"":""0.6000"",""taker_side"":""yes"",""ticker"":""KXBTC15M-26APR271800-00"",""trade_id"":""bf12f917-6e6d-752c-da0c-810bfd11abbb"",""yes_price_dollars"":""0.4000""}"
KXBTC15M-26APR271800-00,249ee147-0721-6a64-391d-5c765ee81b47,1777326317,0.4,47.98,yes,"{""count_fp"":""47.98"",""created_time"":""2026-04-27T21:45:17.660895Z"",""no_price_dollars"":""0.6000"",""taker_side"":""yes"",""ticker"":""KXBTC15M-26APR271800-00"",""trade_id"":""249ee147-0721-6a64-391d-5c765ee81b47"",""yes_price_dollars"":""0.4000""}"
KXBTC15M-26APR271800-00,27ee78a4-3184-50d2-782c-7d885e328451,1777326317,0.39,6.37,no,"{""count_fp"":""6.37"",""created_time"":""2026-04-27T21:45:17.297502Z"",""no_price_dollars"":""0.6100"",""taker_side"":""no"",""ticker"":""KXBTC15M-26APR271800-00"",""trade_id"":""27ee78a4-3184-50d2-782c-7d885e328451"",""yes_price_dollars"":""0.3900""}"
KXBTC15M-26APR271800-00,300fc73f-662d-5cc4-2271-7aa74a076e87,1777326317,0.4,236.52,yes,"{""count_fp"":""236.52"",""created_time"":""2026-04-27T21:45:17.225825Z"",""no_price_dollars"":""0.6000"",""taker_side"":""yes"",""ticker"":""KXBTC15M-26APR271800-00"",""trade_id"":""300fc73f-662d-5cc4-2271-7aa74a076e87"",""yes_price_dollars"":""0.4000""}"
KXBTC15M-26APR271800-00,7cc12a15-c0cc-561b-2ed1-0d5a6fd8055b,1777326318,0.39,8.28,no,"{""count_fp"":""8.28"",""created_time"":""2026-04-27T21:45:18.266729Z"",""no_price_dollars"":""0.6100"",""taker_side"":""no"",""ticker"":""KXBTC15M-26APR271800-00"",""trade_id"":""7cc12a15-c0cc-561b-2ed1-0d5a6fd8055b"",""yes_price_dollars"":""0.3900""}"
KXBTC15M-26APR271800-00,2dd6ed19-fe69-5976-3c7b-ec331fde29ed,1777326318,0.39,7.67,no,"{""count_fp"":""7.67"",""created_time"":""2026-04-27T21:45:18.266729Z"",""no_price_dollars"":""0.6100"",""taker_side"":""no"",""ticker"":""KXBTC15M-26APR271800-00"",""trade_id"":""2dd6ed19-fe69-5976-3c7b-ec331fde29ed"",""yes_price_dollars"":""0.3900""}"
KXBTC15M-26APR271800-00,36dd02fe-3ab1-7080-3fcd-059ec0104f6b,1777326318,0.4,1.19,yes,"{""count_fp"":""1.19"",""created_time"":""2026-04-27T21:45:18.195296Z"",""no_price_dollars"":""0.6000"",""taker_side"":""yes"",""ticker"":""KXBTC15M-26APR271800-00"",""trade_id"":""36dd02fe-3ab1-7080-3fcd-059ec0104f6b"",""yes_price_dollars"":""0.4000""}"
KXBTC15M-26APR271800-00,aba66e8b-4971-6f54-ebae-7e174d519493,1777326318,0.4,38.38,yes,"{""count_fp"":""38.38"",""created_time"":""2026-04-27T21:45:18.090046Z"",""no_price_dollars"":""0.6000"",""taker_side"":""yes"",""ticker"":""KXBTC15M-26APR271800-00"",""trade_id"":""aba66e8b-4971-6f54-ebae-7e174d519493"",""yes_price_dollars"":""0.4000""}"
KXBTC15M-26APR271800-00,b8ad0583-7359-666a-fa14-31bd0c663271,1777326318,0.39,7.97,no,"{""count_fp"":""7.97"",""created_time"":""2026-04-27T21:45:18.089011Z"",""no_price_dollars"":""0.6100"",""taker_side"":""no"",""ticker"":""KXBTC15M-26APR271800-00"",""trade_id"":""b8ad0583-7359-666a-fa14-31bd0c663271"",""yes_price_dollars"":""0.3900""}"
KXBTC15M-26APR271800-00,365d3f8c-6ed5-59ce-7824-6512193d0cdd,1777326318,0.39,7.96,no,"{""count_fp"":""7.96"",""created_time"":""2026-04-27T21:45:18.051887Z"",""no_price_dollars"":""0.6100"",""taker_side"":""no"",""ticker"":""KXBTC15M-26APR271800-00"",""trade_id"":""365d3f8c-6ed5-59ce-7824-6512193d0cdd"",""yes_price_dollars"":""0.3900""}"
KXBTC15M-26APR271800-00,e0082b62-d691-4506-60e2-aee1fabf2f55,1777326318,0.39,16.4,no,"{""count_fp"":""16.40"",""created_time"":""2026-04-27T21:45:18.009497Z"",""no_price_dollars"":""0.6100"",""taker_side"":""no"",""ticker"":""KXBTC15M-26APR271800-00"",""trade_id"":""e0082b62-d691-4506-60e2-aee1fabf2f55"",""yes_price_dollars"":""0.3900""}"
KXBTC15M-26APR271800-00,4f6c4802-ea1c-4dee-7903-b4abfb9db90d,1777326318,0.39,15.51,no,"{""count_fp"":""15.51"",""created_time"":""2026-04-27T21:45:18.009497Z"",""no_price_dollars"":""0.6100"",""taker_side"":""no"",""ticker"":""KXBTC15M-26APR271800-00"",""trade_id"":""4f6c4802-ea1c-4dee-7903-b4abfb9db90d"",""yes_price_dollars"":""0.3900""}"
KXBTC15M-26APR271800-00,2be226c1-54df-5daf-86cb-8fd8875aa276,1777326319,0.38,2.0,yes,"{""count_fp"":""2.00"",""created_time"":""2026-04-27T21:45:19.952487Z"",""no_price_dollars"":""0.6200"",""taker_side"":""yes"",""ticker"":""KXBTC15M-26APR271800-00"",""trade_id"":""2be226c1-54df-5daf-86cb-8fd8875aa276"",""yes_price_dollars"":""0.3800""}"
KXBTC15M-26APR271800-00,8941a30c-d4db-4fab-cf86-fb127733248e,1777326319,0.38,19.17,yes,"{""count_fp"":""19.17"",""created_time"":""2026-04-27T21:45:19.466498Z"",""no_price_dollars"":""0.6200"",""taker_side"":""yes"",""ticker"":""KXBTC15M-26APR271800-00"",""trade_id"":""8941a30c-d4db-4fab-cf86-fb127733248e"",""yes_price_dollars"":""0.3800""}"
KXBTC15M-26APR271800-00,5dd50395-4117-71eb-dc8d-44fa3bac61be,1777326319,0.38,2.0,yes,"{""count_fp"":""2.00"",""created_time"":""2026-04-27T21:45:19.248976Z"",""no_price_dollars"":""0.6200"",""taker_side"":""yes"",""ticker"":""KXBTC15M-26APR271800-00"",""trade_id"":""5dd50395-4117-71eb-dc8d-44fa3bac61be"",""yes_price_dollars"":""0.3800""}"
KXBTC15M-26APR271800-00,4fb9a764-089a-7f43-21a7-2acd42cf7503,1777326319,0.39,2.0,yes,"{""count_fp"":""2.00"",""created_time"":""2026-04-27T21:45:19.204366Z"",""no_price_dollars"":""0.6100"",""taker_side"":""yes"",""ticker"":""KXBTC15M-26APR271800-00"",""trade_id"":""4fb9a764-089a-7f43-21a7-2acd42cf7503"",""yes_price_dollars"":""0.3900""}"
KXBTC15M-26APR271800-00,bebe66b2-8cde-582b-c113-e41303045227,1777326319,0.39,13.93,yes,"{""count_fp"":""13.93"",""created_time"":""2026-04-27T21:45:19.155576Z"",""no_price_dollars"":""0.6100"",""taker_side"":""yes"",""ticker"":""KXBTC15M-26APR271800-00"",""trade_id"":""bebe66b2-8cde-582b-c113-e41303045227"",""yes_price_dollars"":""0.3900""}"
KXBTC15M-26APR271800-00,805a223e-27c9-6ae6-21c5-b5080ce9a946,1777326319,0.37,10.91,no,"{""count_fp"":""10.91"",""created_time"":""2026-04-27T21:45:19.142384Z"",""no_price_dollars"":""0.6300"",""taker_side"":""no"",""ticker"":""KXBTC15M-26APR271800-00"",""trade_id"":""805a223e-27c9-6ae6-21c5-b5080ce9a946"",""yes_price_dollars"":""0.3700""}"
KXBTC15M-26APR271800-00,7806d9a7-0796-67e7-078d-a8f37365f274,1777326319,0.37,10.07,no,"{""count_fp"":""10.07"",""created_time"":""2026-04-27T21:45:19.142384Z"",""no_price_dollars"":""0.6300"",""taker_side"":""no"",""ticker"":""KXBTC15M-26APR271800-00"",""trade_id"":""7806d9a7-0796-67e7-078d-a8f37365f274"",""yes_price_dollars"":""0.3700""}"
KXBTC15M-26APR271800-00,053774d1-4809-687e-07b9-c8a30423989b,1777326319,0.38,40.0,no,"{""count_fp"":""40.00"",""created_time"":""2026-04-27T21:45:19.142384Z"",""no_price_dollars"":""0.6200"",""taker_side"":""no"",""ticker"":""KXBTC15M-26APR271800-00"",""trade_id"":""053774d1-4809-687e-07b9-c8a30423989b"",""yes_price_dollars"":""0.3800""}"
KXBTC15M-26APR271800-00,daba404e-db6d-73a6-1a33-511fa348f02a,1777326319,0.37,29.09,no,"{""count_fp"":""29.09"",""created_time"":""2026-04-27T21:45:19.092827Z"",""no_price_dollars"":""0.6300"",""taker_side"":""no"",""ticker"":""KXBTC15M-26APR271800-00"",""trade_id"":""daba404e-db6d-73a6-1a33-511fa348f02a"",""yes_price_dollars"":""0.3700""}"
KXBTC15M-26APR271800-00,6bd64bf8-a008-7541-3ee3-fd3a81a543c7,1777326319,0.38,40.0,no,"{""count_fp"":""40.00"",""created_time"":""2026-04-27T21:45:19.092827Z"",""no_price_dollars"":""0.6200"",""taker_side"":""no"",""ticker"":""KXBTC15M-26APR271800-00"",""trade_id"":""6bd64bf8-a008-7541-3ee3-fd3a81a543c7"",""yes_price_dollars"":""0.3800""}"
KXBTC15M-26APR271800-00,55654886-feb8-7f47-093e-14ebd95a2083,1777326319,0.39,2.72,no,"{""count_fp"":""2.72"",""created_time"":""2026-04-27T21:45:19.092827Z"",""no_price_dollars"":""0.6100"",""taker_side"":""no"",""ticker"":""KXBTC15M-26APR271800-00"",""trade_id"":""55654886-feb8-7f47-093e-14ebd95a2083"",""yes_price_dollars"":""0.3900""}"
KXBTC15M-26APR271800-00,3834642e-0d63-72a0-260a-26a48cf3ed65,1777326319,0.38,3.0,no,"{""count_fp"":""3.00"",""created_time"":""2026-04-27T21:45:19.092827Z"",""no_price_dollars"":""0.6200"",""taker_side"":""no"",""ticker"":""KXBTC15M-26APR271800-00"",""trade_id"":""3834642e-0d63-72a0-260a-26a48cf3ed65"",""yes_price_dollars"":""0.3800""}"
KXBTC15M-26APR271800-00,27cc1f0b-aeaa-79ca-1be0-4b3c247180f0,1777326319,0.38,3.0,no,"{""count_fp"":""3.00"",""created_time"":""2026-04-27T21:45:19.092827Z"",""no_price_dollars"":""0.6200"",""taker_side"":""no"",""ticker"":""KXBTC15M-26APR271800-00"",""trade_id"":""27cc1f0b-aeaa-79ca-1be0-4b3c247180f0"",""yes_price_dollars"":""0.3800""}"
KXBTC15M-26APR271800-00,807f040f-b047-7f0b-f8b4-4f6a0ec6372e,1777326320,0.38,8.0,yes,"{""count_fp"":""8.00"",""created_time"":""2026-04-27T21:45:20.980358Z"",""no_price_dollars"":""0.6200"",""taker_side"":""yes"",""ticker"":""KXBTC15M-26APR271800-00"",""trade_id"":""807f040f-b047-7f0b-f8b4-4f6a0ec6372e"",""yes_price_dollars"":""0.3800""}"
KXBTC15M-26APR271800-00,367a1d4a-154f-7717-cea7-450e5065ce22,1777326320,0.38,11.99,yes,"{""count_fp"":""11.99"",""created_time"":""2026-04-27T21:45:20.772526Z"",""no_price_dollars"":""0.6200"",""taker_side"":""yes"",""ticker"":""KXBTC15M-26APR271800-00"",""trade_id"":""367a1d4a-154f-7717-cea7-450e5065ce22"",""yes_price_dollars"":""0.3800""}"
KXBTC15M-26APR271800-00,980968aa-edeb-424f-bbe9-7e91ec0835ea,1777326320,0.38,8.0,yes,"{""count_fp"":""8.00"",""created_time"":""2026-04-27T21:45:20.733815Z"",""no_price_dollars"":""0.6200"",""taker_side"":""yes"",""ticker"":""KXBTC15M-26APR271800-00"",""trade_id"":""980968aa-edeb-424f-bbe9-7e91ec0835ea"",""yes_price_dollars"":""0.3800""}"
KXBTC15M-26APR271800-00,13bb9e5f-f87f-79ab-fbc2-23f4e78fb9ba,1777326320,0.38,9.09,yes,"{""count_fp"":""9.09"",""created_time"":""2026-04-27T21:45:20.633171Z"",""no_price_dollars"":""0.6200"",""taker_side"":""yes"",""ticker"":""KXBTC15M-26APR271800-00"",""trade_id"":""13bb9e5f-f87f-79ab-fbc2-23f4e78fb9ba"",""yes_price_dollars"":""0.3800""}"
KXBTC15M-26APR271800-00,a6727db4-38c7-581f-15ce-a1fc7c5470ae,1777326320,0.38,11.99,yes,"{""count_fp"":""11.99"",""created_time"":""2026-04-27T21:45:20.388101Z"",""no_price_dollars"":""0.6200"",""taker_side"":""yes"",""ticker"":""KXBTC15M-26APR271800-00"",""trade_id"":""a6727db4-38c7-581f-15ce-a1fc7c5470ae"",""yes_price_dollars"":""0.3800""}"
KXBTC15M-26APR271800-00,847d0bf2-e2cf-7a77-5e3b-11dc52bcedce,1777326320,0.38,12.0,yes,"{""count_fp"":""12.00"",""created_time"":""2026-04-27T21:45:20.125116Z"",""no_price_dollars"":""0.6200"",""taker_side"":""yes"",""ticker"":""KXBTC15M-26APR271800-00"",""trade_id"":""847d0bf2-e2cf-7a77-5e3b-11dc52bcedce"",""yes_price_dollars"":""0.3800""}"
KXBTC15M-26APR271800-00,bfbd3ec0-ec73-6dcf-5cb0-5923737535e2,1777326321,0.38,50.44,yes,"{""count_fp"":""50.44"",""created_time"":""2026-04-27T21:45:21.673271Z"",""no_price_dollars"":""0.6200"",""taker_side"":""yes"",""ticker"":""KXBTC15M-26APR271800-00"",""trade_id"":""bfbd3ec0-ec73-6dcf-5cb0-5923737535e2"",""yes_price_dollars"":""0.3800""}"
KXBTC15M-26APR271800-00,68705315-9d8b-427b-b656-532cbf6fcf3a,1777326321,0.38,0.47,yes,"{""count_fp"":""0.47"",""created_time"":""2026-04-27T21:45:21.251844Z"",""no_price_dollars"":""0.6200"",""taker_side"":""yes"",""ticker"":""KXBTC15M-26APR271800-00"",""trade_id"":""68705315-9d8b-427b-b656-532cbf6fcf3a"",""yes_price_dollars"":""0.3800""}"
KXBTC15M-26APR271800-00,67bac881-83e9-6e19-f811-56aaa0c6bc40,1777326321,0.37,10.0,no,"{""count_fp"":""10.00"",""created_time"":""2026-04-27T21:45:21.249252Z"",""no_price_dollars"":""0.6300"",""taker_side"":""no"",""ticker"":""KXBTC15M-26APR271800-00"",""trade_id"":""67bac881-83e9-6e19-f811-56aaa0c6bc40"",""yes_price_dollars"":""0.3700""}"
KXBTC15M-26APR271800-00,e2000b08-5ebb-5fac-9569-e135a86167ce,1777326321,0.37,3.0,no,"{""count_fp"":""3.00"",""created_time"":""2026-04-27T21:45:21.137105Z"",""no_price_dollars"":""0.6300"",""taker_side"":""no"",""ticker"":""KXBTC15M-26APR271800-00"",""trade_id"":""e2000b08-5ebb-5fac-9569-e135a86167ce"",""yes_price_dollars"":""0.3700""}"
KXBTC15M-26APR271800-00,95f43a6c-775e-5363-a337-30e2cd1445cc,1777326321,0.37,11.9,no,"{""count_fp"":""11.90"",""created_time"":""2026-04-27T21:45:21.137105Z"",""no_price_dollars"":""0.6300"",""taker_side"":""no"",""ticker"":""KXBTC15M-26APR271800-00"",""trade_id"":""95f43a6c-775e-5363-a337-30e2cd1445cc"",""yes_price_dollars"":""0.3700""}"
KXBTC15M-26APR271800-00,370c486b-39e1-57ad-8d5e-1a4958f47050,1777326321,0.37,11.86,no,"{""count_fp"":""11.86"",""created_time"":""2026-04-27T21:45:21.137105Z"",""no_price_dollars"":""0.6300"",""taker_side"":""no"",""ticker"":""KXBTC15M-26APR271800-00"",""trade_id"":""370c486b-39e1-57ad-8d5e-1a4958f47050"",""yes_price_dollars"":""0.3700""}"
KXBTC15M-26APR271800-00,ce05a479-231f-6728-50e9-5e480cc5547e,1777326322,0.37,23.2,no,"{""count_fp"":""23.20"",""created_time"":""2026-04-27T21:45:22.752088Z"",""no_price_dollars"":""0.6300"",""taker_side"":""no"",""ticker"":""KXBTC15M-26APR271800-00"",""trade_id"":""ce05a479-231f-6728-50e9-5e480cc5547e"",""yes_price_dollars"":""0.3700""}"
KXBTC15M-26APR271800-00,2634f2e4-ebfb-4414-f8ca-8d844477db9a,1777326322,0.37,1.54,no,"{""count_fp"":""1.54"",""created_time"":""2026-04-27T21:45:22.744206Z"",""no_price_dollars"":""0.6300"",""taker_side"":""no"",""ticker"":""KXBTC15M-26APR271800-00"",""trade_id"":""2634f2e4-ebfb-4414-f8ca-8d844477db9a"",""yes_price_dollars"":""0.3700""}"
KXBTC15M-26APR271800-00,4766e89d-0e67-481b-fd68-e8b2a642cdd6,1777326322,0.38,200.0,yes,"{""count_fp"":""200.00"",""created_time"":""2026-04-27T21:45:22.648834Z"",""no_price_dollars"":""0.6200"",""taker_side"":""yes"",""ticker"":""KXBTC15M-26APR271800-00"",""trade_id"":""4766e89d-0e67-481b-fd68-e8b2a642cdd6"",""yes_price_dollars"":""0.3800""}"
KXBTC15M-26APR271800-00,565742eb-9173-595b-b630-ae47f301ee66,1777326322,0.38,75.66,yes,"{""count_fp"":""75.66"",""created_time"":""2026-04-27T21:45:22.643672Z"",""no_price_dollars"":""0.6200"",""taker_side"":""yes"",""ticker"":""KXBTC15M-26APR271800-00"",""trade_id"":""565742eb-9173-595b-b630-ae47f301ee66"",""yes_price_dollars"":""0.3800""}"
KXBTC15M-26APR271800-00,61a158cd-a2d7-4c17-acaf-8a472aa89d16,1777326322,0.38,1.0,yes,"{""count_fp"":""1.00"",""created_time"":""2026-04-27T21:45:22.447345Z"",""no_price_dollars"":""0.6200"",""taker_side"":""yes"",""ticker"":""KXBTC15M-26APR271800-00"",""trade_id"":""61a158cd-a2d7-4c17-acaf-8a472aa89d16"",""yes_price_dollars"":""0.3800""}"
KXBTC15M-26APR271800-00,e92abfa0-a89d-7448-523a-b18a5af6ba2b,1777326323,0.38,3.0,yes,"{""count_fp"":""3.00"",""created_time"":""2026-04-27T21:45:23.663329Z"",""no_price_dollars"":""0.6200"",""taker_side"":""yes"",""ticker"":""KXBTC15M-26APR271800-00"",""trade_id"":""e92abfa0-a89d-7448-523a-b18a5af6ba2b"",""yes_price_dollars"":""0.3800""}"
KXBTC15M-26APR271800-00,dd0d778a-d539-7441-7962-d155563e3e1c,1777326323,0.38,30.0,yes,"{""count_fp"":""30.00"",""created_time"":""2026-04-27T21:45:23.663329Z"",""no_price_dollars"":""0.6200"",""taker_side"":""yes"",""ticker"":""KXBTC15M-26APR271800-00"",""trade_id"":""dd0d778a-d539-7441-7962-d155563e3e1c"",""yes_price_dollars"":""0.3800""}"
KXBTC15M-26APR271800-00,a2f5e476-b3cf-7892-78c9-6260c420fe4c,1777326323,0.38,4.0,yes,"{""count_fp"":""4.00"",""created_time"":""2026-04-27T21:45:23.663329Z"",""no_price_dollars"":""0.6200"",""taker_side"":""yes"",""ticker"":""KXBTC15M-26APR271800-00"",""trade_id"":""a2f5e476-b3cf-7892-78c9-6260c420fe4c"",""yes_price_dollars"":""0.3800""}"
KXBTC15M-26APR271800-00,7f2ae886-9a57-72aa-4511-09c818d9c835,1777326323,0.38,40.0,yes,"{""count_fp"":""40.00"",""created_time"":""2026-04-27T21:45:23.663329Z"",""no_price_dollars"":""0.6200"",""taker_side"":""yes"",""ticker"":""KXBTC15M-26APR271800-00"",""trade_id"":""7f2ae886-9a57-72aa-4511-09c818d9c835"",""yes_price_dollars"":""0.3800""}"
KXBTC15M-26APR271800-00,7a3dea2c-b647-7ec3-6ead-c1bfd20610f6,1777326323,0.38,59.4,yes,"{""count_fp"":""59.40"",""created_time"":""2026-04-27T21:45:23.663329Z"",""no_price_dollars"":""0.6200"",""taker_side"":""yes"",""ticker"":""KXBTC15M-26APR271800-00"",""trade_id"":""7a3dea2c-b647-7ec3-6ead-c1bfd20610f6"",""yes_price_dollars"":""0.3800""}"
KXBTC15M-26APR271800-00,390a1569-5537-4ca7-93bc-e9c21ec636aa,1777326323,0.38,10.0,yes,"{""count_fp"":""10.00"",""created_time"":""2026-04-27T21:45:23.317665Z"",""no_price_dollars"":""0.6200"",""taker_side"":""yes"",""ticker"":""KXBTC15M-26APR271800-00"",""trade_id"":""390a1569-5537-4ca7-93bc-e9c21ec636aa"",""yes_price_dollars"":""0.3800""}"
KXBTC15M-26APR271800-00,12b85119-3263-4fe4-d6bd-08085b954766,1777326323,0.37,7.73,no,"{""count_fp"":""7.73"",""created_time"":""2026-04-27T21:45:23.128266Z"",""no_price_dollars"":""0.6300"",""taker_side"":""no"",""ticker"":""KXBTC15M-26APR271800-00"",""trade_id"":""12b85119-3263-4fe4-d6bd-08085b954766"",""yes_price_dollars"":""0.3700""}"
KXBTC15M-26APR271800-00,c1bd7cd1-9447-549f-1149-cfbe2b17405a,1777326323,0.38,2.0,yes,"{""count_fp"":""2.00"",""created_time"":""2026-04-27T21:45:23.126055Z"",""no_price_dollars"":""0.6200"",""taker_side"":""yes"",""ticker"":""KXBTC15M-26APR271800-00"",""trade_id"":""c1bd7cd1-9447-549f-1149-cfbe2b17405a"",""yes_price_dollars"":""0.3800""}"
KXBTC15M-26APR271800-00,d57a6d68-dec3-57a8-9c19-9a32dca0b812,1777326323,0.37,0.43,no,"{""count_fp"":""0.43"",""created_time"":""2026-04-27T21:45:23.089165Z"",""no_price_dollars"":""0.6300"",""taker_side"":""no"",""ticker"":""KXBTC15M-26APR271800-00"",""trade_id"":""d57a6d68-dec3-57a8-9c19-9a32dca0b812"",""yes_price_dollars"":""0.3700""}"
KXBTC15M-26APR271800-00,d9c9e7e3-45fb-53a8-dde8-28070de168ce,1777326323,0.37,4.64,no,"{""count_fp"":""4.64"",""created_time"":""2026-04-27T21:45:23.046311Z"",""no_price_dollars"":""0.6300"",""taker_side"":""no"",""ticker"":""KXBTC15M-26APR271800-00"",""trade_id"":""d9c9e7e3-45fb-53a8-dde8-28070de168ce"",""yes_price_dollars"":""0.3700""}"
KXBTC15M-26APR271800-00,6c2e9f25-bc8a-6f09-7156-8bc8bdc00568,1777326324,0.38,1.54,no,"{""count_fp"":""1.54"",""created_time"":""2026-04-27T21:45:24.945787Z"",""no_price_dollars"":""0.6200"",""taker_side"":""no"",""ticker"":""KXBTC15M-26APR271800-00"",""trade_id"":""6c2e9f25-bc8a-6f09-7156-8bc8bdc00568"",""yes_price_dollars"":""0.3800""}"
KXBTC15M-26APR271800-00,24a302e7-d856-5279-c6bf-afba33f61e8c,1777326324,0.38,25.0,no,"{""count_fp"":""25.00"",""created_time"":""2026-04-27T21:45:24.906094Z"",""no_price_dollars"":""0.6200"",""taker_side"":""no"",""ticker"":""KXBTC15M-26APR271800-00"",""trade_id"":""24a302e7-d856-5279-c6bf-afba33f61e8c"",""yes_price_dollars"":""0.3800""}"
KXBTC15M-26APR271800-00,1df1d5ef-4a8e-7c59-cd38-b7e10d8e3108,1777326324,0.38,1.0,no,"{""count_fp"":""1.00"",""created_time"":""2026-04-27T21:45:24.639857Z"",""no_price_dollars"":""0.6200"",""taker_side"":""no"",""ticker"":""KXBTC15M-26APR271800-00"",""trade_id"":""1df1d5ef-4a8e-7c59-cd38-b7e10d8e3108"",""yes_price_dollars"":""0.3800""}"
KXBTC15M-26APR271800-00,1421c299-9d6c-4287-175a-6b1c9c6b7e65,1777326324,0.39,7.4,yes,"{""count_fp"":""7.40"",""created_time"":""2026-04-27T21:45:24.218646Z"",""no_price_dollars"":""0.6100"",""taker_side"":""yes"",""ticker"":""KXBTC15M-26APR271800-00"",""trade_id"":""1421c299-9d6c-4287-175a-6b1c9c6b7e65"",""yes_price_dollars"":""0.3900""}"
KXBTC15M-26APR271800-00,fa17a980-82e7-76e2-4870-2defb3da2601,1777326324,0.4,40.0,yes,"{""count_fp"":""40.00"",""created_time"":""2026-04-27T21:45:24.095429Z"",""no_price_dollars"":""0.6000"",""taker_side"":""yes"",""ticker"":""KXBTC15M-26APR271800-00"",""trade_id"":""fa17a980-82e7-76e2-4870-2defb3da2601"",""yes_price_dollars"":""0.4000""}"
KXBTC15M-26APR271800-00,9d793d46-e46c-7b16-65c3-cb05a8af092e,1777326324,0.39,111.0,yes,"{""count_fp"":""111.00"",""created_time"":""2026-04-27T21:45:24.095429Z"",""no_price_dollars"":""0.6100"",""taker_side"":""yes"",""ticker"":""KXBTC15M-26APR271800-00"",""trade_id"":""9d793d46-e46c-7b16-65c3-cb05a8af092e"",""yes_price_dollars"":""0.3900""}"
KXBTC15M-26APR271800-00,9d5c4c8c-cba4-777f-5e38-c3f118716d95,1777326324,0.39,2.0,yes,"{""count_fp"":""2.00"",""created_time"":""2026-04-27T21:45:24.095429Z"",""no_price_dollars"":""0.6100"",""taker_side"":""yes"",""ticker"":""KXBTC15M-26APR271800-00"",""trade_id"":""9d5c4c8c-cba4-777f-5e38-c3f118716d95"",""yes_price_dollars"":""0.3900""}"
KXBTC15M-26APR271800-00,9bd98cc4-2f0b-723b-77aa-526cdf5b6e14,1777326324,0.39,3.0,yes,"{""count_fp"":""3.00"",""created_time"":""2026-04-27T21:45:24.095429Z"",""no_price_dollars"":""0.6100"",""taker_side"":""yes"",""ticker"":""KXBTC15M-26APR271800-00"",""trade_id"":""9bd98cc4-2f0b-723b-77aa-526cdf5b6e14"",""yes_price_dollars"":""0.3900""}"
KXBTC15M-26APR271800-00,8fab6233-7195-73f7-7f3f-ed7a59dbbdfd,1777326324,0.39,53.63,yes,"{""count_fp"":""53.63"",""created_time"":""2026-04-27T21:45:24.095429Z"",""no_price_dollars"":""0.6100"",""taker_side"":""yes"",""ticker"":""KXBTC15M-26APR271800-00"",""trade_id"":""8fab6233-7195-73f7-7f3f-ed7a59dbbdfd"",""yes_price_dollars"":""0.3900""}"
KXBTC15M-26APR271800-00,85deefb4-796a-70ef-4eae-f96f88be7f7f,1777326324,0.39,24.07,yes,"{""count_fp"":""24.07"",""created_time"":""2026-04-27T21:45:24.095429Z"",""no_price_dollars"":""0.6100"",""taker_side"":""yes"",""ticker"":""KXBTC15M-26APR271800-00"",""trade_id"":""85deefb4-796a-70ef-4eae-f96f88be7f7f"",""yes_price_dollars"":""0.3900""}"
KXBTC15M-26APR271800-00,7bd8af24-c09e-7f4c-545a-09cb81edcfdb,1777326324,0.39,19.0,yes,"{""count_fp"":""19.00"",""created_time"":""2026-04-27T21:45:24.095429Z"",""no_price_dollars"":""0.6100"",""taker_side"":""yes"",""ticker"":""KXBTC15M-26APR271800-00"",""trade_id"":""7bd8af24-c09e-7f4c-545a-09cb81edcfdb"",""yes_price_dollars"":""0.3900""}"
KXBTC15M-26APR271800-00,72c5dd25-f1d5-7284-636b-cee4038f5ad7,1777326324,0.4,2.0,yes,"{""count_fp"":""2.00"",""created_time"":""2026-04-27T21:45:24.095429Z"",""no_price_dollars"":""0.6000"",""taker_side"":""yes"",""ticker"":""KXBTC15M-26APR271800-00"",""trade_id"":""72c5dd25-f1d5-7284-636b-cee4038f5ad7"",""yes_price_dollars"":""0.4000""}"
KXBTC15M-26APR271800-00,68b79bdb-bd51-73ac-6af3-53b3bfe266c7,1777326324,0.4,202.21,yes,"{""count_fp"":""202.21"",""created_time"":""2026-04-27T21:45:24.095429Z"",""no_price_dollars"":""0.6000"",""taker_side"":""yes"",""ticker"":""KXBTC15M-26APR271800-00"",""trade_id"":""68b79bdb-bd51-73ac-6af3-53b3bfe266c7"",""yes_price_dollars"":""0.4000""}"
KXBTC15M-26APR271800-00,5fa39411-92e2-76ba-6856-db1b88c1266e,1777326324,0.4,12.0,yes,"{""count_fp"":""12.00"",""created_time"":""2026-04-27T21:45:24.095429Z"",""no_price_dollars"":""0.6000"",""taker_side"":""yes"",""ticker"":""KXBTC15M-26APR271800-00"",""trade_id"":""5fa39411-92e2-76ba-6856-db1b88c1266e"",""yes_price_dollars"":""0.4000""}"
KXBTC15M-26APR271800-00,36db8485-fbbe-79d9-5a43-afe9e24aceeb,1777326324,0.39,500.0,yes,"{""count_fp"":""500.00"",""created_time"":""2026-04-27T21:45:24.095429Z"",""no_price_dollars"":""0.6100"",""taker_side"":""yes"",""ticker"":""KXBTC15M-26APR271800-00"",""trade_id"":""36db8485-fbbe-79d9-5a43-afe9e24aceeb"",""yes_price_dollars"":""0.3900""}"
KXBTC15M-26APR271800-00,bea0dc27-d030-4787-4867-2705cbf4be99,1777326325,0.39,1.0,yes,"{""count_fp"":""1.00"",""created_time"":""2026-04-27T21:45:25.863542Z"",""no_price_dollars"":""0.6100"",""taker_side"":""yes"",""ticker"":""KXBTC15M-26APR271800-00"",""trade_id"":""bea0dc27-d030-4787-4867-2705cbf4be99"",""yes_price_dollars"":""0.3900""}"
KXBTC15M-26APR271800-00,89751c1b-4406-4bd1-2771-e4b88b4e2f9c,1777326325,0.38,23.56,no,"{""count_fp"":""23.56"",""created_time"":""2026-04-27T21:45:25.667619Z"",""no_price_dollars"":""0.6200"",""taker_side"":""no"",""ticker"":""KXBTC15M-26APR271800-00"",""trade_id"":""89751c1b-4406-4bd1-2771-e4b88b4e2f9c"",""yes_price_dollars"":""0.3800""}"
KXBTC15M-26APR271800-00,c446ddb2-e50a-7345-8321-a7fa79a2607c,1777326325,0.38,31.42,no,"{""count_fp"":""31.42"",""created_time"":""2026-04-27T21:45:25.584939Z"",""no_price_dollars"":""0.6200"",""taker_side"":""no"",""ticker"":""KXBTC15M-26APR271800-00"",""trade_id"":""c446ddb2-e50a-7345-8321-a7fa79a2607c"",""yes_price_dollars"":""0.3800""}"
KXBTC15M-26APR271800-00,7e1a7f1f-ff76-5e81-c3da-c5502b33e134,1777326325,0.38,15.71,no,"{""count_fp"":""15.71"",""created_time"":""2026-04-27T21:45:25.386226Z"",""no_price_dollars"":""0.6200"",""taker_side"":""no"",""ticker"":""KXBTC15M-26APR271800-00"",""trade_id"":""7e1a7f1f-ff76-5e81-c3da-c5502b33e134"",""yes_price_dollars"":""0.3800""}"
KXBTC15M-26APR271800-00,f380b863-8fe2-7701-9539-ba2f1d480c28,1777326326,0.38,10.54,no,"{""count_fp"":""10.54"",""created_time"":""2026-04-27T21:45:26.977078Z"",""no_price_dollars"":""0.6200"",""taker_side"":""no"",""ticker"":""KXBTC15M-26APR271800-00"",""trade_id"":""f380b863-8fe2-7701-9539-ba2f1d480c28"",""yes_price_dollars"":""0.3800""}"
KXBTC15M-26APR271800-00,6ce47f9d-f02a-7f5d-86c7-d9ed0fb74c89,1777326326,0.38,36.59,no,"{""count_fp"":""36.59"",""created_time"":""2026-04-27T21:45:26.977078Z"",""no_price_dollars"":""0.6200"",""taker_side"":""no"",""ticker"":""KXBTC15M-26APR271800-00"",""trade_id"":""6ce47f9d-f02a-7f5d-86c7-d9ed0fb74c89"",""yes_price_dollars"":""0.3800""}"
KXBTC15M-26APR271800-00,b3743ad5-4faa-791d-656f-c91540376e60,1777326326,0.38,3.14,no,"{""count_fp"":""3.14"",""created_time"":""2026-04-27T21:45:26.464446Z"",""no_price_dollars"":""0.6200"",""taker_side"":""no"",""ticker"":""KXBTC15M-26APR271800-00"",""trade_id"":""b3743ad5-4faa-791d-656f-c91540376e60"",""yes_price_dollars"":""0.3800""}"
KXBTC15M-26APR271800-00,623010ba-b91d-4b31-4578-c58798757a03,1777326326,0.39,100.0,yes,"{""count_fp"":""100.00"",""created_time"":""2026-04-27T21:45:26.407977Z"",""no_price_dollars"":""0.6100"",""taker_side"":""yes"",""ticker"":""KXBTC15M-26APR271800-00"",""trade_id"":""623010ba-b91d-4b31-4578-c58798757a03"",""yes_price_dollars"":""0.3900""}"
KXBTC15M-26APR271800-00,9b372dde-1e4d-6af1-9e98-1c3d8188cb07,1777326326,0.39,50.0,yes,"{""count_fp"":""50.00"",""created_time"":""2026-04-27T21:45:26.354833Z"",""no_price_dollars"":""0.6100"",""taker_side"":""yes"",""ticker"":""KXBTC15M-26APR271800-00"",""trade_id"":""9b372dde-1e4d-6af1-9e98-1c3d8188cb07"",""yes_price_dollars"":""0.3900""}"
KXBTC15M-26APR271800-00,14cb47db-847a-4945-2f1f-339d07cf38d0,1777326326,0.38,23.84,no,"{""count_fp"":""23.84"",""created_time"":""2026-04-27T21:45:26.208864Z"",""no_price_dollars"":""0.6200"",""taker_side"":""no"",""ticker"":""KXBTC15M-26APR271800-00"",""trade_id"":""14cb47db-847a-4945-2f1f-339d07cf38d0"",""yes_price_dollars"":""0.3800""}"
KXBTC15M-26APR271800-00,c2eae07b-ca24-58af-b8ca-7d47bc5debdd,1777326326,0.39,31.6,yes,"{""count_fp"":""31.60"",""created_time"":""2026-04-27T21:45:26.031501Z"",""no_price_dollars"":""0.6100"",""taker_side"":""yes"",""ticker"":""KXBTC15M-26APR271800-00"",""trade_id"":""c2eae07b-ca24-58af-b8ca-7d47bc5debdd"",""yes_price_dollars"":""0.3900""}"
KXBTC15M-26APR271800-00,114dab32-dae5-5a3d-9d25-5478a8e00a73,1777326326,0.39,214.3,yes,"{""count_fp"":""214.30"",""created_time"":""2026-04-27T21:45:26.031501Z"",""no_price_dollars"":""0.6100"",""taker_side"":""yes"",""ticker"":""KXBTC15M-26APR271800-00"",""trade_id"":""114dab32-dae5-5a3d-9d25-5478a8e00a73"",""yes_price_dollars"":""0.3900""}"
KXBTC15M-26APR271800-00,f707fffc-c8a6-4bb5-a7e1-badd983d77bc,1777326326,0.38,7.85,no,"{""count_fp"":""7.85"",""created_time"":""2026-04-27T21:45:26.027023Z"",""no_price_dollars"":""0.6200"",""taker_side"":""no"",""ticker"":""KXBTC15M-26APR271800-00"",""trade_id"":""f707fffc-c8a6-4bb5-a7e1-badd983d77bc"",""yes_price_dollars"":""0.3800""}"
KXBTC15M-26APR271800-00,db9ef012-a341-4759-fc37-aa02c3d33a3b,1777326327,0.37,14.0,yes,"{""count_fp"":""14.00"",""created_time"":""2026-04-27T21:45:27.645499Z"",""no_price_dollars"":""0.6300"",""taker_side"":""yes"",""ticker"":""KXBTC15M-26APR271800-00"",""trade_id"":""db9ef012-a341-4759-fc37-aa02c3d33a3b"",""yes_price_dollars"":""0.3700""}"
KXBTC15M-26APR271800-00,82b36048-b9e3-5e20-220f-a9071ef01d40,1777326327,0.38,40.0,yes,"{""count_fp"":""40.00"",""created_time"":""2026-04-27T21:45:27.562825Z"",""no_price_dollars"":""0.6200"",""taker_side"":""yes"",""ticker"":""KXBTC15M-26APR271800-00"",""trade_id"":""82b36048-b9e3-5e20-220f-a9071ef01d40"",""yes_price_dollars"":""0.3800""}"
KXBTC15M-26APR271800-00,768ec746-fa75-5055-0b0b-92e36520c643,1777326327,0.38,42.95,yes,"{""count_fp"":""42.95"",""created_time"":""2026-04-27T21:45:27.562825Z"",""no_price_dollars"":""0.6200"",""taker_side"":""yes"",""ticker"":""KXBTC15M-26APR271800-00"",""trade_id"":""768ec746-fa75-5055-0b0b-92e36520c643"",""yes_price_dollars"":""0.3800""}"
KXBTC15M-26APR271800-00,42311c6e-b44b-53d3-1fac-473606dbf50d,1777326327,0.37,40.0,yes,"{""count_fp"":""40.00"",""created_time"":""2026-04-27T21:45:27.562825Z"",""no_price_dollars"":""0.6300"",""taker_side"":""yes"",""ticker"":""KXBTC15M-26APR271800-00"",""trade_id"":""42311c6e-b44b-53d3-1fac-473606dbf50d"",""yes_price_dollars"":""0.3700""}"
KXBTC15M-26APR271800-00,75ed1333-c149-4261-13a2-bc7bf669e19b,1777326327,0.39,12.56,yes,"{""count_fp"":""12.56"",""created_time"":""2026-04-27T21:45:27.479197Z"",""no_price_dollars"":""0.6100"",""taker_side"":""yes"",""ticker"":""KXBTC15M-26APR271800-00"",""trade_id"":""75ed1333-c149-4261-13a2-bc7bf669e19b"",""yes_price_dollars"":""0.3900""}"
KXBTC15M-26APR271800-00,f5ecfe5e-a2af-430e-99b4-9591d6954146,1777326327,0.38,2.87,no,"{""count_fp"":""2.87"",""created_time"":""2026-04-27T21:45:27.239113Z"",""no_price_dollars"":""0.6200"",""taker_side"":""no"",""ticker"":""KXBTC15M-26APR271800-00"",""trade_id"":""f5ecfe5e-a2af-430e-99b4-9591d6954146"",""yes_price_dollars"":""0.3800""}"
KXBTC15M-26APR271800-00,53f44aeb-d57e-4779-b02d-ca76a1d5d23d,1777326327,0.38,0.27,no,"{""count_fp"":""0.27"",""created_time"":""2026-04-27T21:45:27.239113Z"",""no_price_dollars"":""0.6200"",""taker_side"":""no"",""ticker"":""KXBTC15M-26APR271800-00"",""trade_id"":""53f44aeb-d57e-4779-b02d-ca76a1d5d23d"",""yes_price_dollars"":""0.3800""}"
KXBTC15M-26APR271800-00,1ea8d112-1cde-5e11-1a6b-63a6389202e5,1777326327,0.38,3.14,no,"{""count_fp"":""3.14"",""created_time"":""2026-04-27T21:45:27.209256Z"",""no_price_dollars"":""0.6200"",""taker_side"":""no"",""ticker"":""KXBTC15M-26APR271800-00"",""trade_id"":""1ea8d112-1cde-5e11-1a6b-63a6389202e5"",""yes_price_dollars"":""0.3800""}"
KXBTC15M-26APR271800-00,05b212d7-ef39-6529-0a7b-bed039d68837,1777326328,0.37,1.22,yes,"{""count_fp"":""1.22"",""created_time"":""2026-04-27T21:45:28.585103Z"",""no_price_dollars"":""0.6300"",""taker_side"":""yes"",""ticker"":""KXBTC15M-26APR271800-00"",""trade_id"":""05b212d7-ef39-6529-0a7b-bed039d68837"",""yes_price_dollars"":""0.3700""}"
KXBTC15M-26APR271800-00,107b22a0-a9e1-6cd9-4e46-764b7d03fd5f,1777326328,0.37,15.13,yes,"{""count_fp"":""15.13"",""created_time"":""2026-04-27T21:45:28.413289Z"",""no_price_dollars"":""0.6300"",""taker_side"":""yes"",""ticker"":""KXBTC15M-26APR271800-00"",""trade_id"":""107b22a0-a9e1-6cd9-4e46-764b7d03fd5f"",""yes_price_dollars"":""0.3700""}"
KXBTC15M-26APR271800-00,a66dcded-7d55-64ad-f6fa-ef4c64521b63,1777326328,0.37,12.29,yes,"{""count_fp"":""12.29"",""created_time"":""2026-04-27T21:45:28.265688Z"",""no_price_dollars"":""0.6300"",""taker_side"":""yes"",""ticker"":""KXBTC15M-26APR271800-00"",""trade_id"":""a66dcded-7d55-64ad-f6fa-ef4c64521b63"",""yes_price_dollars"":""0.3700""}"
KXBTC15M-26APR271800-00,dc2608a8-f119-6ebc-d902-f03b42e152c0,1777326329,0.37,4.94,yes,"{""count_fp"":""4.94"",""created_time"":""2026-04-27T21:45:29.715302Z"",""no_price_dollars"":""0.6300"",""taker_side"":""yes"",""ticker"":""KXBTC15M-26APR271800-00"",""trade_id"":""dc2608a8-f119-6ebc-d902-f03b42e152c0"",""yes_price_dollars"":""0.3700""}"
KXBTC15M-26APR271800-00,4d561dcb-119e-6966-d419-6d3debacedf5,1777326329,0.37,56.53,yes,"{""count_fp"":""56.53"",""created_time"":""2026-04-27T21:45:29.715302Z"",""no_price_dollars"":""0.6300"",""taker_side"":""yes"",""ticker"":""KXBTC15M-26APR271800-00"",""trade_id"":""4d561dcb-119e-6966-d419-6d3debacedf5"",""yes_price_dollars"":""0.3700""}"
KXBTC15M-26APR271800-00,37c3c5ce-bcbd-4f5d-8a34-e3af50d00c2b,1777326329,0.37,83.22,yes,"{""count_fp"":""83.22"",""created_time"":""2026-04-27T21:45:29.604318Z"",""no_price_dollars"":""0.6300"",""taker_side"":""yes"",""ticker"":""KXBTC15M-26APR271800-00"",""trade_id"":""37c3c5ce-bcbd-4f5d-8a34-e3af50d00c2b"",""yes_price_dollars"":""0.3700""}"
KXBTC15M-26APR271800-00,c09fd600-8241-5f99-2ac8-a6bfeeb9eaff,1777326329,0.37,40.07,yes,"{""count_fp"":""40.07"",""created_time"":""2026-04-27T21:45:29.597603Z"",""no_price_dollars"":""0.6300"",""taker_side"":""yes"",""ticker"":""KXBTC15M-26APR271800-00"",""trade_id"":""c09fd600-8241-5f99-2ac8-a6bfeeb9eaff"",""yes_price_dollars"":""0.3700""}"
KXBTC15M-26APR271800-00,6b3ef469-0e81-6df1-9932-45a8f4d512f3,1777326329,0.37,2.52,yes,"{""count_fp"":""2.52"",""created_time"":""2026-04-27T21:45:29.542507Z"",""no_price_dollars"":""0.6300"",""taker_side"":""yes"",""ticker"":""KXBTC15M-26APR271800-00"",""trade_id"":""6b3ef469-0e81-6df1-9932-45a8f4d512f3"",""yes_price_dollars"":""0.3700""}"
KXBTC15M-26APR271800-00,505aea5d-26a5-5545-ff3c-5f3356f3a12b,1777326329,0.37,9.22,yes,"{""count_fp"":""9.22"",""created_time"":""2026-04-27T21:45:29.452689Z"",""no_price_dollars"":""0.6300"",""taker_side"":""yes"",""ticker"":""KXBTC15M-26APR271800-00"",""trade_id"":""505aea5d-26a5-5545-ff3c-5f3356f3a12b"",""yes_price_dollars"":""0.3700""}"
KXBTC15M-26APR271800-00,dfd4a2d8-64c6-4753-4807-f1341e5fa370,1777326330,0.36,2.9,no,"{""count_fp"":""2.90"",""created_time"":""2026-04-27T21:45:30.943606Z"",""no_price_dollars"":""0.6400"",""taker_side"":""no"",""ticker"":""KXBTC15M-26APR271800-00"",""trade_id"":""dfd4a2d8-64c6-4753-4807-f1341e5fa370"",""yes_price_dollars"":""0.3600""}"
KXBTC15M-26APR271800-00,acd5e1c6-a29d-44bb-4f18-a7dcd28d7865,1777326330,0.36,3.0,no,"{""count_fp"":""3.00"",""created_time"":""2026-04-27T21:45:30.943606Z"",""no_price_dollars"":""0.6400"",""taker_side"":""no"",""ticker"":""KXBTC15M-26APR271800-00"",""trade_id"":""acd5e1c6-a29d-44bb-4f18-a7dcd28d7865"",""yes_price_dollars"":""0.3600""}"
KXBTC15M-26APR271800-00,5e21377f-a444-4a36-6dc5-2fb24f5ab63f,1777326330,0.36,0.1,no,"{""count_fp"":""0.10"",""created_time"":""2026-04-27T21:45:30.943606Z"",""no_price_dollars"":""0.6400"",""taker_side"":""no"",""ticker"":""KXBTC15M-26APR271800-00"",""trade_id"":""5e21377f-a444-4a36-6dc5-2fb24f5ab63f"",""yes_price_dollars"":""0.3600""}"
KXBTC15M-26APR271800-00,b024af8a-b9b2-6a1a-e24e-d2bcd0144681,1777326330,0.37,1.03,yes,"{""count_fp"":""1.03"",""created_time"":""2026-04-27T21:45:30.671428Z"",""no_price_dollars"":""0.6300"",""taker_side"":""yes"",""ticker"":""KXBTC15M-26APR271800-00"",""trade_id"":""b024af8a-b9b2-6a1a-e24e-d2bcd0144681"",""yes_price_dollars"":""0.3700""}"
KXBTC15M-26APR271800-00,2bedec90-8c1e-724b-ec2c-f23591ae6674,1777326330,0.36,37.1,no,"{""count_fp"":""37.10"",""created_time"":""2026-04-27T21:45:30.423073Z"",""no_price_dollars"":""0.6400"",""taker_side"":""no"",""ticker"":""KXBTC15M-26APR271800-00"",""trade_id"":""2bedec90-8c1e-724b-ec2c-f23591ae6674"",""yes_price_dollars"":""0.3600""}"
KXBTC15M-26APR271800-00,257153fd-b35e-7b83-e346-4c9e82dd351b,1777326330,0.36,1.0,no,"{""count_fp"":""1.00"",""created_time"":""2026-04-27T21:45:30.423073Z"",""no_price_dollars"":""0.6400"",""taker_side"":""no"",""ticker"":""KXBTC15M-26APR271800-00"",""trade_id"":""257153fd-b35e-7b83-e346-4c9e82dd351b"",""yes_price_dollars"":""0.3600""}"
KXBTC15M-26APR271800-00,da26edf8-3306-5d7f-0812-55c3265d60a7,1777326330,0.36,2.0,no,"{""count_fp"":""2.00"",""created_time"":""2026-04-27T21:45:30.354665Z"",""no_price_dollars"":""0.6400"",""taker_side"":""no"",""ticker"":""KXBTC15M-26APR271800-00"",""trade_id"":""da26edf8-3306-5d7f-0812-55c3265d60a7"",""yes_price_dollars"":""0.3600""}"
KXBTC15M-26APR271800-00,e1933ffb-dcd6-4e1e-0300-d48f58c9ed65,1777326330,0.37,51.77,yes,"{""count_fp"":""51.77"",""created_time"":""2026-04-27T21:45:30.266726Z"",""no_price_dollars"":""0.6300"",""taker_side"":""yes"",""ticker"":""KXBTC15M-26APR271800-00"",""trade_id"":""e1933ffb-dcd6-4e1e-0300-d48f58c9ed65"",""yes_price_dollars"":""0.3700""}"
KXBTC15M-26APR271800-00,f226a72c-d7f2-555a-5c14-582306353ad5,1777326331,0.36,44.0,yes,"{""count_fp"":""44.00"",""created_time"":""2026-04-27T21:45:31.916204Z"",""no_price_dollars"":""0.6400"",""taker_side"":""yes"",""ticker"":""KXBTC15M-26APR271800-00"",""trade_id"":""f226a72c-d7f2-555a-5c14-582306353ad5"",""yes_price_dollars"":""0.3600""}"
KXBTC15M-26APR271800-00,9a63eba7-9a62-4c22-9d43-43b366ad47ad,1777326331,0.36,10.0,yes,"{""count_fp"":""10.00"",""created_time"":""2026-04-27T21:45:31.791124Z"",""no_price_dollars"":""0.6400"",""taker_side"":""yes"",""ticker"":""KXBTC15M-26APR271800-00"",""trade_id"":""9a63eba7-9a62-4c22-9d43-43b366ad47ad"",""yes_price_dollars"":""0.3600""}"
KXBTC15M-26APR271800-00,6cc5d21f-e9ee-4476-cce7-378cb8f34001,1777326331,0.36,7.24,yes,"{""count_fp"":""7.24"",""created_time"":""2026-04-27T21:45:31.450064Z"",""no_price_dollars"":""0.6400"",""taker_side"":""yes"",""ticker"":""KXBTC15M-26APR271800-00"",""trade_id"":""6cc5d21f-e9ee-4476-cce7-378cb8f34001"",""yes_price_dollars"":""0.3600""}"
KXBTC15M-26APR271800-00,cb0510ed-7a4a-6132-5ac4-e874a7630ba9,1777326331,0.36,7.76,yes,"{""count_fp"":""7.76"",""created_time"":""2026-04-27T21:45:31.327674Z"",""no_price_dollars"":""0.6400"",""taker_side"":""yes"",""ticker"":""KXBTC15M-26APR271800-00"",""trade_id"":""cb0510ed-7a4a-6132-5ac4-e874a7630ba9"",""yes_price_dollars"":""0.3600""}"
KXBTC15M-26APR271800-00,eedb0510-108a-6fca-c440-f4f6c54206fd,1777326331,0.36,51.77,yes,"{""count_fp"":""51.77"",""created_time"":""2026-04-27T21:45:31.244381Z"",""no_price_dollars"":""0.6400"",""taker_side"":""yes"",""ticker"":""KXBTC15M-26APR271800-00"",""trade_id"":""eedb0510-108a-6fca-c440-f4f6c54206fd"",""yes_price_dollars"":""0.3600""}"
KXBTC15M-26APR271800-00,0acd8f54-ade2-56aa-78a4-caa11d3588a1,1777326332,0.36,26.58,yes,"{""count_fp"":""26.58"",""created_time"":""2026-04-27T21:45:32.992295Z"",""no_price_dollars"":""0.6400"",""taker_side"":""yes"",""ticker"":""KXBTC15M-26APR271800-00"",""trade_id"":""0acd8f54-ade2-56aa-78a4-caa11d3588a1"",""yes_price_dollars"":""0.3600""}"
KXBTC15M-26APR271800-00,6f2ecb53-b5b2-642e-e36c-88d67033fe91,1777326332,0.36,26.58,yes,"{""count_fp"":""26.58"",""created_time"":""2026-04-27T21:45:32.984177Z"",""no_price_dollars"":""0.6400"",""taker_side"":""yes"",""ticker"":""KXBTC15M-26APR271800-00"",""trade_id"":""6f2ecb53-b5b2-642e-e36c-88d67033fe91"",""yes_price_dollars"":""0.3600""}"
KXBTC15M-26APR271800-00,fbccdb0e-6e12-585a-838f-d9ada0f8979d,1777326332,0.36,37.17,yes,"{""count_fp"":""37.17"",""created_time"":""2026-04-27T21:45:32.860469Z"",""no_price_dollars"":""0.6400"",""taker_side"":""yes"",""ticker"":""KXBTC15M-26APR271800-00"",""trade_id"":""fbccdb0e-6e12-585a-838f-d9ada0f8979d"",""yes_price_dollars"":""0.3600""}"
KXBTC15M-26APR271800-00,69ddb992-b7be-64c2-68a5-58ab9ee91885,1777326332,0.36,7.76,yes,"{""count_fp"":""7.76"",""created_time"":""2026-04-27T21:45:32.318616Z"",""no_price_dollars"":""0.6400"",""taker_side"":""yes"",""ticker"":""KXBTC15M-26APR271800-00"",""trade_id"":""69ddb992-b7be-64c2-68a5-58ab9ee91885"",""yes_price_dollars"":""0.3600""}"
KXBTC15M-26APR271800-00,7aee6b42-40e6-41d6-9ecd-ba0c32a1b189,1777326332,0.36,8.0,yes,"{""count_fp"":""8.00"",""created_time"":""2026-04-27T21:45:32.246062Z"",""no_price_dollars"":""0.6400"",""taker_side"":""yes"",""ticker"":""KXBTC15M-26APR271800-00"",""trade_id"":""7aee6b42-40e6-41d6-9ecd-ba0c32a1b189"",""yes_price_dollars"":""0.3600""}"
KXBTC15M-26APR271800-00,e4aa5b07-1aa4-5e01-b605-c9bb4dca3be3,1777326332,0.35,1.0,no,"{""count_fp"":""1.00"",""created_time"":""2026-04-27T21:45:32.200453Z"",""no_price_dollars"":""0.6500"",""taker_side"":""no"",""ticker"":""KXBTC15M-26APR271800-00"",""trade_id"":""e4aa5b07-1aa4-5e01-b605-c9bb4dca3be3"",""yes_price_dollars"":""0.3500""}"
KXBTC15M-26APR271800-00,12fea554-8996-61fe-c4ea-6c4174958b49,1777326333,0.36,6.0,yes,"{""count_fp"":""6.00"",""created_time"":""2026-04-27T21:45:33.877644Z"",""no_price_dollars"":""0.6400"",""taker_side"":""yes"",""ticker"":""KXBTC15M-26APR271800-00"",""trade_id"":""12fea554-8996-61fe-c4ea-6c4174958b49"",""yes_price_dollars"":""0.3600""}"
KXBTC15M-26APR271800-00,ed17342a-35b6-42ba-c1a5-8c0091bd1bed,1777326333,0.36,26.28,yes,"{""count_fp"":""26.28"",""created_time"":""2026-04-27T21:45:33.768987Z"",""no_price_dollars"":""0.6400"",""taker_side"":""yes"",""ticker"":""KXBTC15M-26APR271800-00"",""trade_id"":""ed17342a-35b6-42ba-c1a5-8c0091bd1bed"",""yes_price_dollars"":""0.3600""}"
KXBTC15M-26APR271800-00,d896d7d1-133e-410a-bce7-c25f67c96f79,1777326333,0.36,64.71,yes,"{""count_fp"":""64.71"",""created_time"":""2026-04-27T21:45:33.541238Z"",""no_price_dollars"":""0.6400"",""taker_side"":""yes"",""ticker"":""KXBTC15M-26APR271800-00"",""trade_id"":""d896d7d1-133e-410a-bce7-c25f67c96f79"",""yes_price_dollars"":""0.3600""}"
KXBTC15M-26APR271800-00,c49680bd-2c51-5466-bfb1-623f43daff1a,1777326333,0.35,40.0,no,"{""count_fp"":""40.00"",""created_time"":""2026-04-27T21:45:33.510587Z"",""no_price_dollars"":""0.6500"",""taker_side"":""no"",""ticker"":""KXBTC15M-26APR271800-00"",""trade_id"":""c49680bd-2c51-5466-bfb1-623f43daff1a"",""yes_price_dollars"":""0.3500""}"
KXBTC15M-26APR271800-00,b4298e91-0c32-56b0-9e0b-24b1020d44fa,1777326333,0.35,3.0,no,"{""count_fp"":""3.00"",""created_time"":""2026-04-27T21:45:33.510587Z"",""no_price_dollars"":""0.6500"",""taker_side"":""no"",""ticker"":""KXBTC15M-26APR271800-00"",""trade_id"":""b4298e91-0c32-56b0-9e0b-24b1020d44fa"",""yes_price_dollars"":""0.3500""}"
KXBTC15M-26APR271800-00,34a0c4dd-376b-5896-b879-b6100d756a39,1777326333,0.35,17.06,no,"{""count_fp"":""17.06"",""created_time"":""2026-04-27T21:45:33.510587Z"",""no_price_dollars"":""0.6500"",""taker_side"":""no"",""ticker"":""KXBTC15M-26APR271800-00"",""trade_id"":""34a0c4dd-376b-5896-b879-b6100d756a39"",""yes_price_dollars"":""0.3500""}"
KXBTC15M-26APR271800-00,1efb6985-0806-7026-ff34-e443e84facf5,1777326333,0.36,12.94,yes,"{""count_fp"":""12.94"",""created_time"":""2026-04-27T21:45:33.432053Z"",""no_price_dollars"":""0.6400"",""taker_side"":""yes"",""ticker"":""KXBTC15M-26APR271800-00"",""trade_id"":""1efb6985-0806-7026-ff34-e443e84facf5"",""yes_price_dollars"":""0.3600""}"
KXBTC15M-26APR271800-00,4b4a061e-2728-7709-450e-f0eb153ee467,1777326333,0.35,3.0,no,"{""count_fp"":""3.00"",""created_time"":""2026-04-27T21:45:33.338441Z"",""no_price_dollars"":""0.6500"",""taker_side"":""no"",""ticker"":""KXBTC15M-26APR271800-00"",""trade_id"":""4b4a061e-2728-7709-450e-f0eb153ee467"",""yes_price_dollars"":""0.3500""}"
KXBTC15M-26APR271800-00,25af5308-4ac8-79c6-e691-8d54421d2c30,1777326334,0.36,5.0,yes,"{""count_fp"":""5.00"",""created_time"":""2026-04-27T21:45:34.858123Z"",""no_price_dollars"":""0.6400"",""taker_side"":""yes"",""ticker"":""KXBTC15M-26APR271800-00"",""trade_id"":""25af5308-4ac8-79c6-e691-8d54421d2c30"",""yes_price_dollars"":""0.3600""}"
KXBTC15M-26APR271800-00,323a7d21-36d2-490a-a3da-a286d07e4515,1777326334,0.36,34.03,yes,"{""count_fp"":""34.03"",""created_time"":""2026-04-27T21:45:34.764377Z"",""no_price_dollars"":""0.6400"",""taker_side"":""yes"",""ticker"":""KXBTC15M-26APR271800-00"",""trade_id"":""323a7d21-36d2-490a-a3da-a286d07e4515"",""yes_price_dollars"":""0.3600""}"
KXBTC15M-26APR271800-00,92ade77a-0526-6ae2-b0b4-f8de906ce8f9,1777326334,0.36,1.0,yes,"{""count_fp"":""1.00"",""created_time"":""2026-04-27T21:45:34.664729Z"",""no_price_dollars"":""0.6400"",""taker_side"":""yes"",""ticker"":""KXBTC15M-26APR271800-00"",""trade_id"":""92ade77a-0526-6ae2-b0b4-f8de906ce8f9"",""yes_price_dollars"":""0.3600""}"
KXBTC15M-26APR271800-00,036f4a97-977b-4d62-70d1-768035c803e9,1777326334,0.35,6.0,no,"{""count_fp"":""6.00"",""created_time"":""2026-04-27T21:45:34.628222Z"",""no_price_dollars"":""0.6500"",""taker_side"":""no"",""ticker"":""KXBTC15M-26APR271800-00"",""trade_id"":""036f4a97-977b-4d62-70d1-768035c803e9"",""yes_price_dollars"":""0.3500""}"
KXBTC15M-26APR271800-00,92804b3e-0f13-707e-be55-364c476b3ead,1777326334,0.35,7.5,no,"{""count_fp"":""7.50"",""created_time"":""2026-04-27T21:45:34.111962Z"",""no_price_dollars"":""0.6500"",""taker_side"":""no"",""ticker"":""KXBTC15M-26APR271800-00"",""trade_id"":""92804b3e-0f13-707e-be55-364c476b3ead"",""yes_price_dollars"":""0.3500""}"
KXBTC15M-26APR271800-00,f68bb5ed-c84d-5c51-6197-6daec7c2cf2b,1777326335,0.35,1.05,no,"{""count_fp"":""1.05"",""created_time"":""2026-04-27T21:45:35.515727Z"",""no_price_dollars"":""0.6500"",""taker_side"":""no"",""ticker"":""KXBTC15M-26APR271800-00"",""trade_id"":""f68bb5ed-c84d-5c51-6197-6daec7c2cf2b"",""yes_price_dollars"":""0.3500""}"
KXBTC15M-26APR271800-00,9a35efa6-735b-7f6d-b7da-5d160b70dd2c,1777326335,0.35,10.07,no,"{""count_fp"":""10.07"",""created_time"":""2026-04-27T21:45:35.440873Z"",""no_price_dollars"":""0.6500"",""taker_side"":""no"",""ticker"":""KXBTC15M-26APR271800-00"",""trade_id"":""9a35efa6-735b-7f6d-b7da-5d160b70dd2c"",""yes_price_dollars"":""0.3500""}"
KXBTC15M-26APR271800-00,007b9f81-be26-7d33-8099-48cb06cd18cc,1777326335,0.35,6.44,no,"{""count_fp"":""6.44"",""created_time"":""2026-04-27T21:45:35.440873Z"",""no_price_dollars"":""0.6500"",""taker_side"":""no"",""ticker"":""KXBTC15M-26APR271800-00"",""trade_id"":""007b9f81-be26-7d33-8099-48cb06cd18cc"",""yes_price_dollars"":""0.3500""}"
KXBTC15M-26APR271800-00,f26a3ca7-2470-617e-dbec-04b74af0dd6e,1777326335,0.35,3.0,no,"{""count_fp"":""3.00"",""created_time"":""2026-04-27T21:45:35.393531Z"",""no_price_dollars"":""0.6500"",""taker_side"":""no"",""ticker"":""KXBTC15M-26APR271800-00"",""trade_id"":""f26a3ca7-2470-617e-dbec-04b74af0dd6e"",""yes_price_dollars"":""0.3500""}"
KXBTC15M-26APR271800-00,7c44b931-5e77-60f2-e2a8-aee4e0677ff9,1777326335,0.35,25.44,no,"{""count_fp"":""25.44"",""created_time"":""2026-04-27T21:45:35.393531Z"",""no_price_dollars"":""0.6500"",""taker_side"":""no"",""ticker"":""KXBTC15M-26APR271800-00"",""trade_id"":""7c44b931-5e77-60f2-e2a8-aee4e0677ff9"",""yes_price_dollars"":""0.3500""}"
KXBTC15M-26APR271800-00,680d444f-87d6-668b-da75-c2fe11ae5a34,1777326335,0.35,14.56,no,"{""count_fp"":""14.56"",""created_time"":""2026-04-27T21:45:35.393531Z"",""no_price_dollars"":""0.6500"",""taker_side"":""no"",""ticker"":""KXBTC15M-26APR271800-00"",""trade_id"":""680d444f-87d6-668b-da75-c2fe11ae5a34"",""yes_price_dollars"":""0.3500""}"
KXBTC15M-26APR271800-00,55aa64fa-2c4e-6899-c357-2f08168fc2c5,1777326335,0.35,10.0,no,"{""count_fp"":""10.00"",""created_time"":""2026-04-27T21:45:35.393531Z"",""no_price_dollars"":""0.6500"",""taker_side"":""no"",""ticker"":""KXBTC15M-26APR271800-00"",""trade_id"":""55aa64fa-2c4e-6899-c357-2f08168fc2c5"",""yes_price_dollars"":""0.3500""}"
KXBTC15M-26APR271800-00,f0942c6e-83c4-6176-3b0b-e204cf71086b,1777326335,0.36,30.0,yes,"{""count_fp"":""30.00"",""created_time"":""2026-04-27T21:45:35.185458Z"",""no_price_dollars"":""0.6400"",""taker_side"":""yes"",""ticker"":""KXBTC15M-26APR271800-00"",""trade_id"":""f0942c6e-83c4-6176-3b0b-e204cf71086b"",""yes_price_dollars"":""0.3600""}"
KXBTC15M-26APR271800-00,b55c1cd6-6275-6ca7-1075-1b56d1c68c87,1777326335,0.36,158.71,yes,"{""count_fp"":""158.71"",""created_time"":""2026-04-27T21:45:35.185458Z"",""no_price_dollars"":""0.6400"",""taker_side"":""yes"",""ticker"":""KXBTC15M-26APR271800-00"",""trade_id"":""b55c1cd6-6275-6ca7-1075-1b56d1c68c87"",""yes_price_dollars"":""0.3600""}"
KXBTC15M-26APR271800-00,38481143-0ee8-6b0e-2b39-f23a9065cc40,1777326335,0.36,16.0,yes,"{""count_fp"":""16.00"",""created_time"":""2026-04-27T21:45:35.185458Z"",""no_price_dollars"":""0.6400"",""taker_side"":""yes"",""ticker"":""KXBTC15M-26APR271800-00"",""trade_id"":""38481143-0ee8-6b0e-2b39-f23a9065cc40"",""yes_price_dollars"":""0.3600""}"
KXBTC15M-26APR271800-00,5fe5daca-98a0-6581-0f43-8327466302ee,1777326336,0.36,5.31,yes,"{""count_fp"":""5.31"",""created_time"":""2026-04-27T21:45:36.825363Z"",""no_price_dollars"":""0.6400"",""taker_side"":""yes"",""ticker"":""KXBTC15M-26APR271800-00"",""trade_id"":""5fe5daca-98a0-6581-0f43-8327466302ee"",""yes_price_dollars"":""0.3600""}"
KXBTC15M-26APR271800-00,c9ff77e5-20a4-7a69-3238-af6e87da39f6,1777326336,0.36,132.93,yes,"{""count_fp"":""132.93"",""created_time"":""2026-04-27T21:45:36.785079Z"",""no_price_dollars"":""0.6400"",""taker_side"":""yes"",""ticker"":""KXBTC15M-26APR271800-00"",""trade_id"":""c9ff77e5-20a4-7a69-3238-af6e87da39f6"",""yes_price_dollars"":""0.3600""}"
KXBTC15M-26APR271800-00,71e0b55f-a1af-4535-e0b5-3f4b160a10d4,1777326336,0.36,4.61,yes,"{""count_fp"":""4.61"",""created_time"":""2026-04-27T21:45:36.773779Z"",""no_price_dollars"":""0.6400"",""taker_side"":""yes"",""ticker"":""KXBTC15M-26APR271800-00"",""trade_id"":""71e0b55f-a1af-4535-e0b5-3f4b160a10d4"",""yes_price_dollars"":""0.3600""}"
KXBTC15M-26APR271800-00,480b3a5e-c954-4d4d-f137-de7fc3e66fce,1777326336,0.36,34.72,yes,"{""count_fp"":""34.72"",""created_time"":""2026-04-27T21:45:36.773779Z"",""no_price_dollars"":""0.6400"",""taker_side"":""yes"",""ticker"":""KXBTC15M-26APR271800-00"",""trade_id"":""480b3a5e-c954-4d4d-f137-de7fc3e66fce"",""yes_price_dollars"":""0.3600""}"
KXBTC15M-26APR271800-00,8227169d-5c14-6e1f-c930-a14eef3c237b,1777326336,0.35,19.1,no,"{""count_fp"":""19.10"",""created_time"":""2026-04-27T21:45:36.649322Z"",""no_price_dollars"":""0.6500"",""taker_side"":""no"",""ticker"":""KXBTC15M-26APR271800-00"",""trade_id"":""8227169d-5c14-6e1f-c930-a14eef3c237b"",""yes_price_dollars"":""0.3500""}"
KXBTC15M-26APR271800-00,1da67ba6-c187-6408-f844-c2542a61cb98,1777326336,0.35,0.9,no,"{""count_fp"":""0.90"",""created_time"":""2026-04-27T21:45:36.649322Z"",""no_price_dollars"":""0.6500"",""taker_side"":""no"",""ticker"":""KXBTC15M-26APR271800-00"",""trade_id"":""1da67ba6-c187-6408-f844-c2542a61cb98"",""yes_price_dollars"":""0.3500""}"
KXBTC15M-26APR271800-00,08992bd4-5cf8-7ecb-1cd2-4d915b19525f,1777326336,0.35,20.9,no,"{""count_fp"":""20.90"",""created_time"":""2026-04-27T21:45:36.622275Z"",""no_price_dollars"":""0.6500"",""taker_side"":""no"",""ticker"":""KXBTC15M-26APR271800-00"",""trade_id"":""08992bd4-5cf8-7ecb-1cd2-4d915b19525f"",""yes_price_dollars"":""0.3500""}"
KXBTC15M-26APR271800-00,f2b97936-9f1b-5b9d-c0e8-6579bb9d2c60,1777326336,0.36,35.39,yes,"{""count_fp"":""35.39"",""created_time"":""2026-04-27T21:45:36.518078Z"",""no_price_dollars"":""0.6400"",""taker_side"":""yes"",""ticker"":""KXBTC15M-26APR271800-00"",""trade_id"":""f2b97936-9f1b-5b9d-c0e8-6579bb9d2c60"",""yes_price_dollars"":""0.3600""}"
KXBTC15M-26APR271800-00,cb965cfa-be20-530d-c4c2-e7a2a1a232ae,1777326336,0.36,10.07,yes,"{""count_fp"":""10.07"",""created_time"":""2026-04-27T21:45:36.518078Z"",""no_price_dollars"":""0.6400"",""taker_side"":""yes"",""ticker"":""KXBTC15M-26APR271800-00"",""trade_id"":""cb965cfa-be20-530d-c4c2-e7a2a1a232ae"",""yes_price_dollars"":""0.3600""}"
KXBTC15M-26APR271800-00,866ed98e-e730-5638-eff6-976104974d30,1777326336,0.36,16.0,yes,"{""count_fp"":""16.00"",""created_time"":""2026-04-27T21:45:36.518078Z"",""no_price_dollars"":""0.6400"",""taker_side"":""yes"",""ticker"":""KXBTC15M-26APR271800-00"",""trade_id"":""866ed98e-e730-5638-eff6-976104974d30"",""yes_price_dollars"":""0.3600""}"
KXBTC15M-26APR271800-00,5f86ec08-7389-5899-d37c-5d8ac64b8ae2,1777326336,0.36,5.0,yes,"{""count_fp"":""5.00"",""created_time"":""2026-04-27T21:45:36.518078Z"",""no_price_dollars"":""0.6400"",""taker_side"":""yes"",""ticker"":""KXBTC15M-26APR271800-00"",""trade_id"":""5f86ec08-7389-5899-d37c-5d8ac64b8ae2"",""yes_price_dollars"":""0.3600""}"
KXBTC15M-26APR271800-00,baffd1af-8e0a-7ceb-e24b-dd03179dfd34,1777326336,0.34,40.0,no,"{""count_fp"":""40.00"",""created_time"":""2026-04-27T21:45:36.395113Z"",""no_price_dollars"":""0.6600"",""taker_side"":""no"",""ticker"":""KXBTC15M-26APR271800-00"",""trade_id"":""baffd1af-8e0a-7ceb-e24b-dd03179dfd34"",""yes_price_dollars"":""0.3400""}"
KXBTC15M-26APR271800-00,a7a6afcb-6cbf-78cf-c616-da9ca4803a81,1777326336,0.35,3.0,no,"{""count_fp"":""3.00"",""created_time"":""2026-04-27T21:45:36.395113Z"",""no_price_dollars"":""0.6500"",""taker_side"":""no"",""ticker"":""KXBTC15M-26APR271800-00"",""trade_id"":""a7a6afcb-6cbf-78cf-c616-da9ca4803a81"",""yes_price_dollars"":""0.3500""}"
KXBTC15M-26APR271800-00,689180b9-ed29-721c-c47e-29e18cf55170,1777326336,0.35,200.0,no,"{""count_fp"":""200.00"",""created_time"":""2026-04-27T21:45:36.395113Z"",""no_price_dollars"":""0.6500"",""taker_side"":""no"",""ticker"":""KXBTC15M-26APR271800-00"",""trade_id"":""689180b9-ed29-721c-c47e-29e18cf55170"",""yes_price_dollars"":""0.3500""}"
KXBTC15M-26APR271800-00,6583af4f-0600-797e-d2f6-260d91917821,1777326336,0.34,88.49,no,"{""count_fp"":""88.49"",""created_time"":""2026-04-27T21:45:36.395113Z"",""no_price_dollars"":""0.6600"",""taker_side"":""no"",""ticker"":""KXBTC15M-26APR271800-00"",""trade_id"":""6583af4f-0600-797e-d2f6-260d91917821"",""yes_price_dollars"":""0.3400""}"
KXBTC15M-26APR271800-00,4de7e629-03bb-7623-e3b5-22558eda90e3,1777326336,0.34,3.0,no,"{""count_fp"":""3.00"",""created_time"":""2026-04-27T21:45:36.395113Z"",""no_price_dollars"":""0.6600"",""taker_side"":""no"",""ticker"":""KXBTC15M-26APR271800-00"",""trade_id"":""4de7e629-03bb-7623-e3b5-22558eda90e3"",""yes_price_dollars"":""0.3400""}"
KXBTC15M-26APR271800-00,2e48ad4d-7f6d-7b31-dd40-3880cb02e48f,1777326336,0.35,38.95,no,"{""count_fp"":""38.95"",""created_time"":""2026-04-27T21:45:36.395113Z"",""no_price_dollars"":""0.6500"",""taker_side"":""no"",""ticker"":""KXBTC15M-26APR271800-00"",""trade_id"":""2e48ad4d-7f6d-7b31-dd40-3880cb02e48f"",""yes_price_dollars"":""0.3500""}"
KXBTC15M-26APR271800-00,17280312-c485-75d7-1688-fb94b54b9bb3,1777326336,0.36,100.0,yes,"{""count_fp"":""100.00"",""created_time"":""2026-04-27T21:45:36.308254Z"",""no_price_dollars"":""0.6400"",""taker_side"":""yes"",""ticker"":""KXBTC15M-26APR271800-00"",""trade_id"":""17280312-c485-75d7-1688-fb94b54b9bb3"",""yes_price_dollars"":""0.3600""}"
KXBTC15M-26APR271800-00,72762f8d-ab49-7c23-48fa-e0b39606ca4f,1777326336,0.36,6.0,yes,"{""count_fp"":""6.00"",""created_time"":""2026-04-27T21:45:36.043862Z"",""no_price_dollars"":""0.6400"",""taker_side"":""yes"",""ticker"":""KXBTC15M-26APR271800-00"",""trade_id"":""72762f8d-ab49-7c23-48fa-e0b39606ca4f"",""yes_price_dollars"":""0.3600""}"
KXBTC15M-26APR271800-00,70c0a214-f550-726e-f711-f576087a79ab,1777326337,0.36,21.0,yes,"{""count_fp"":""21.00"",""created_time"":""2026-04-27T21:45:37.750954Z"",""no_price_dollars"":""0.6400"",""taker_side"":""yes"",""ticker"":""KXBTC15M-26APR271800-00"",""trade_id"":""70c0a214-f550-726e-f711-f576087a79ab"",""yes_price_dollars"":""0.3600""}"
KXBTC15M-26APR271800-00,0d05c3d8-eaf5-7ece-d581-722302e7401c,1777326337,0.36,32.17,yes,"{""count_fp"":""32.17"",""created_time"":""2026-04-27T21:45:37.750954Z"",""no_price_dollars"":""0.6400"",""taker_side"":""yes"",""ticker"":""KXBTC15M-26APR271800-00"",""trade_id"":""0d05c3d8-eaf5-7ece-d581-722302e7401c"",""yes_price_dollars"":""0.3600""}"
KXBTC15M-26APR271800-00,21fe44cc-f96f-4adb-3dc8-99f0ba665e48,1777326337,0.35,1.5,no,"{""count_fp"":""1.50"",""created_time"":""2026-04-27T21:45:37.570117Z"",""no_price_dollars"":""0.6500"",""taker_side"":""no"",""ticker"":""KXBTC15M-26APR271800-00"",""trade_id"":""21fe44cc-f96f-4adb-3dc8-99f0ba665e48"",""yes_price_dollars"":""0.3500""}"
KXBTC15M-26APR271800-00,9027c53d-c9a8-7709-d604-31b40c708aae,1777326337,0.36,39.88,yes,"{""count_fp"":""39.88"",""created_time"":""2026-04-27T21:45:37.432516Z"",""no_price_dollars"":""0.6400"",""taker_side"":""yes"",""ticker"":""KXBTC15M-26APR271800-00"",""trade_id"":""9027c53d-c9a8-7709-d604-31b40c708aae"",""yes_price_dollars"":""0.3600""}"
KXBTC15M-26APR271800-00,e03737c4-96a4-7d71-7507-d7c9ef05b0aa,1777326337,0.36,1.06,yes,"{""count_fp"":""1.06"",""created_time"":""2026-04-27T21:45:37.220132Z"",""no_price_dollars"":""0.6400"",""taker_side"":""yes"",""ticker"":""KXBTC15M-26APR271800-00"",""trade_id"":""e03737c4-96a4-7d71-7507-d7c9ef05b0aa"",""yes_price_dollars"":""0.3600""}"
KXBTC15M-26APR271800-00,236bb753-2903-7d35-a944-2a5960744fe4,1777326337,0.35,7.5,no,"{""count_fp"":""7.50"",""created_time"":""2026-04-27T21:45:37.032289Z"",""no_price_dollars"":""0.6500"",""taker_side"":""no"",""ticker"":""KXBTC15M-26APR271800-00"",""trade_id"":""236bb753-2903-7d35-a944-2a5960744fe4"",""yes_price_dollars"":""0.3500""}"
KXBTC15M-26APR271800-00,62e241ab-5949-7a03-4a16-02dcfbefbcf8,1777326338,0.36,386.81,yes,"{""count_fp"":""386.81"",""created_time"":""2026-04-27T21:45:38.854007Z"",""no_price_dollars"":""0.6400"",""taker_side"":""yes"",""ticker"":""KXBTC15M-26APR271800-00"",""trade_id"":""62e241ab-5949-7a03-4a16-02dcfbefbcf8"",""yes_price_dollars"":""0.3600""}"
KXBTC15M-26APR271800-00,68a7014f-75b1-5363-8345-cb5d77ba7c5c,1777326338,0.36,26.58,yes,"{""count_fp"":""26.58"",""created_time"":""2026-04-27T21:45:38.653087Z"",""no_price_dollars"":""0.6400"",""taker_side"":""yes"",""ticker"":""KXBTC15M-26APR271800-00"",""trade_id"":""68a7014f-75b1-5363-8345-cb5d77ba7c5c"",""yes_price_dollars"":""0.3600""}"
KXBTC15M-26APR271800-00,f699f220-ad8d-4a13-cfb2-da23a87c7b30,1777326338,0.36,5.93,yes,"{""count_fp"":""5.93"",""created_time"":""2026-04-27T21:45:38.441557Z"",""no_price_dollars"":""0.6400"",""taker_side"":""yes"",""ticker"":""KXBTC15M-26APR271800-00"",""trade_id"":""f699f220-ad8d-4a13-cfb2-da23a87c7b30"",""yes_price_dollars"":""0.3600""}"
KXBTC15M-26APR271800-00,38deefa2-6479-461a-e60a-6d370cef7c80,1777326338,0.36,2.04,yes,"{""count_fp"":""2.04"",""created_time"":""2026-04-27T21:45:38.441557Z"",""no_price_dollars"":""0.6400"",""taker_side"":""yes"",""ticker"":""KXBTC15M-26APR271800-00"",""trade_id"":""38deefa2-6479-461a-e60a-6d370cef7c80"",""yes_price_dollars"":""0.3600""}"
KXBTC15M-26APR271800-00,daebd4ff-8dfd-6f2a-2c5f-d69148b8e05c,1777326338,0.36,7.83,yes,"{""count_fp"":""7.83"",""created_time"":""2026-04-27T21:45:38.348064Z"",""no_price_dollars"":""0.6400"",""taker_side"":""yes"",""ticker"":""KXBTC15M-26APR271800-00"",""trade_id"":""daebd4ff-8dfd-6f2a-2c5f-d69148b8e05c"",""yes_price_dollars"":""0.3600""}"
KXBTC15M-26APR271800-00,d984fa0d-7501-6546-1629-b92b9f0d0114,1777326338,0.36,5.46,yes,"{""count_fp"":""5.46"",""created_time"":""2026-04-27T21:45:38.348064Z"",""no_price_dollars"":""0.6400"",""taker_side"":""yes"",""ticker"":""KXBTC15M-26APR271800-00"",""trade_id"":""d984fa0d-7501-6546-1629-b92b9f0d0114"",""yes_price_dollars"":""0.3600""}"
KXBTC15M-26APR271800-00,a9aed0c5-833f-431b-4255-27bfa5b2e53e,1777326338,0.35,7.5,no,"{""count_fp"":""7.50"",""created_time"":""2026-04-27T21:45:38.102029Z"",""no_price_dollars"":""0.6500"",""taker_side"":""no"",""ticker"":""KXBTC15M-26APR271800-00"",""trade_id"":""a9aed0c5-833f-431b-4255-27bfa5b2e53e"",""yes_price_dollars"":""0.3500""}"
KXBTC15M-26APR271800-00,8658fd18-de81-63c6-081a-782c5377bdf7,1777326340,0.35,22.0,yes,"{""count_fp"":""22.00"",""created_time"":""2026-04-27T21:45:40.697158Z"",""no_price_dollars"":""0.6500"",""taker_side"":""yes"",""ticker"":""KXBTC15M-26APR271800-00"",""trade_id"":""8658fd18-de81-63c6-081a-782c5377bdf7"",""yes_price_dollars"":""0.3500""}"
KXBTC15M-26APR271800-00,787f6730-aeda-69da-22f1-3541f6401c79,1777326340,0.36,40.0,yes,"{""count_fp"":""40.00"",""created_time"":""2026-04-27T21:45:40.697158Z"",""no_price_dollars"":""0.6400"",""taker_side"":""yes"",""ticker"":""KXBTC15M-26APR271800-00"",""trade_id"":""787f6730-aeda-69da-22f1-3541f6401c79"",""yes_price_dollars"":""0.3600""}"
KXBTC15M-26APR271800-00,627763f0-dc5f-6861-25d7-0d30773dec03,1777326340,0.35,412.81,yes,"{""count_fp"":""412.81"",""created_time"":""2026-04-27T21:45:40.697158Z"",""no_price_dollars"":""0.6500"",""taker_side"":""yes"",""ticker"":""KXBTC15M-26APR271800-00"",""trade_id"":""627763f0-dc5f-6861-25d7-0d30773dec03"",""yes_price_dollars"":""0.3500""}"
KXBTC15M-26APR271800-00,5eeee702-37f4-6138-267b-e797ee2a9085,1777326340,0.36,5.4,yes,"{""count_fp"":""5.40"",""created_time"":""2026-04-27T21:45:40.697158Z"",""no_price_dollars"":""0.6400"",""taker_side"":""yes"",""ticker"":""KXBTC15M-26APR271800-00"",""trade_id"":""5eeee702-37f4-6138-267b-e797ee2a9085"",""yes_price_dollars"":""0.3600""}"
KXBTC15M-26APR271800-00,3c651a40-a849-6ed8-2205-5491bd08ac3b,1777326340,0.36,255.68,yes,"{""count_fp"":""255.68"",""created_time"":""2026-04-27T21:45:40.697158Z"",""no_price_dollars"":""0.6400"",""taker_side"":""yes"",""ticker"":""KXBTC15M-26APR271800-00"",""trade_id"":""3c651a40-a849-6ed8-2205-5491bd08ac3b"",""yes_price_dollars"":""0.3600""}"
KXBTC15M-26APR271800-00,126bfb29-3061-6b1e-2eb9-b36e832f2768,1777326340,0.36,3.0,yes,"{""count_fp"":""3.00"",""created_time"":""2026-04-27T21:45:40.697158Z"",""no_price_dollars"":""0.6400"",""taker_side"":""yes"",""ticker"":""KXBTC15M-26APR271800-00"",""trade_id"":""126bfb29-3061-6b1e-2eb9-b36e832f2768"",""yes_price_dollars"":""0.3600""}"
KXBTC15M-26APR271800-00,11828d0e-d088-6988-158c-7678fd164c1d,1777326340,0.35,30.0,yes,"{""count_fp"":""30.00"",""created_time"":""2026-04-27T21:45:40.697158Z"",""no_price_dollars"":""0.6500"",""taker_side"":""yes"",""ticker"":""KXBTC15M-26APR271800-00"",""trade_id"":""11828d0e-d088-6988-158c-7678fd164c1d"",""yes_price_dollars"":""0.3500""}"
KXBTC15M-26APR271800-00,ed257721-1347-51e1-7125-7f1193a369eb,1777326340,0.35,13.29,yes,"{""count_fp"":""13.29"",""created_time"":""2026-04-27T21:45:40.628475Z"",""no_price_dollars"":""0.6500"",""taker_side"":""yes"",""ticker"":""KXBTC15M-26APR271800-00"",""trade_id"":""ed257721-1347-51e1-7125-7f1193a369eb"",""yes_price_dollars"":""0.3500""}"
KXBTC15M-26APR271800-00,b3ba66a6-9b63-64a1-21d9-b26f16fc33e7,1777326340,0.35,26.05,yes,"{""count_fp"":""26.05"",""created_time"":""2026-04-27T21:45:40.550123Z"",""no_price_dollars"":""0.6500"",""taker_side"":""yes"",""ticker"":""KXBTC15M-26APR271800-00"",""trade_id"":""b3ba66a6-9b63-64a1-21d9-b26f16fc33e7"",""yes_price_dollars"":""0.3500""}"
KXBTC15M-26APR271800-00,daf49432-7ff7-5775-b90e-b21f3980570b,1777326340,0.35,47.85,yes,"{""count_fp"":""47.85"",""created_time"":""2026-04-27T21:45:40.327056Z"",""no_price_dollars"":""0.6500"",""taker_side"":""yes"",""ticker"":""KXBTC15M-26APR271800-00"",""trade_id"":""daf49432-7ff7-5775-b90e-b21f3980570b"",""yes_price_dollars"":""0.3500""}"
KXBTC15M-26APR271800-00,416973d4-86ff-5345-fd0c-f08216783340,1777326340,0.35,5.4,no,"{""count_fp"":""5.40"",""created_time"":""2026-04-27T21:45:40.154381Z"",""no_price_dollars"":""0.6500"",""taker_side"":""no"",""ticker"":""KXBTC15M-26APR271800-00"",""trade_id"":""416973d4-86ff-5345-fd0c-f08216783340"",""yes_price_dollars"":""0.3500""}"
KXBTC15M-26APR271800-00,da199c19-9c5c-643a-50dd-9b869cf0b271,1777326340,0.34,814.84,no,"{""count_fp"":""814.84"",""created_time"":""2026-04-27T21:45:40.115855Z"",""no_price_dollars"":""0.6600"",""taker_side"":""no"",""ticker"":""KXBTC15M-26APR271800-00"",""trade_id"":""da199c19-9c5c-643a-50dd-9b869cf0b271"",""yes_price_dollars"":""0.3400""}"
KXBTC15M-26APR271800-00,b2388e83-b563-6593-5194-887b0bf93099,1777326340,0.35,6.0,no,"{""count_fp"":""6.00"",""created_time"":""2026-04-27T21:45:40.115855Z"",""no_price_dollars"":""0.6500"",""taker_side"":""no"",""ticker"":""KXBTC15M-26APR271800-00"",""trade_id"":""b2388e83-b563-6593-5194-887b0bf93099"",""yes_price_dollars"":""0.3500""}"
KXBTC15M-26APR271800-00,67fcb4a7-929d-61d6-58dc-bf1b43196f8c,1777326340,0.35,10.0,no,"{""count_fp"":""10.00"",""created_time"":""2026-04-27T21:45:40.115855Z"",""no_price_dollars"":""0.6500"",""taker_side"":""no"",""ticker"":""KXBTC15M-26APR271800-00"",""trade_id"":""67fcb4a7-929d-61d6-58dc-bf1b43196f8c"",""yes_price_dollars"":""0.3500""}"
KXBTC15M-26APR271800-00,4936aa87-bcc3-6207-7f1b-71ca0a3369d2,1777326340,0.35,32.5,no,"{""count_fp"":""32.50"",""created_time"":""2026-04-27T21:45:40.115855Z"",""no_price_dollars"":""0.6500"",""taker_side"":""no"",""ticker"":""KXBTC15M-26APR271800-00"",""trade_id"":""4936aa87-bcc3-6207-7f1b-71ca0a3369d2"",""yes_price_dollars"":""0.3500""}"
KXBTC15M-26APR271800-00,467bf82f-4c64-6f7b-4239-4cf0c0dfd73a,1777326340,0.35,20.0,no,"{""count_fp"":""20.00"",""created_time"":""2026-04-27T21:45:40.115855Z"",""no_price_dollars"":""0.6500"",""taker_side"":""no"",""ticker"":""KXBTC15M-26APR271800-00"",""trade_id"":""467bf82f-4c64-6f7b-4239-4cf0c0dfd73a"",""yes_price_dollars"":""0.3500""}"
KXBTC15M-26APR271800-00,e12c896a-6e5d-54d4-cba2-f02d8ce0c727,1777326341,0.36,7.97,yes,"{""count_fp"":""7.97"",""created_time"":""2026-04-27T21:45:41.746447Z"",""no_price_dollars"":""0.6400"",""taker_side"":""yes"",""ticker"":""KXBTC15M-26APR271800-00"",""trade_id"":""e12c896a-6e5d-54d4-cba2-f02d8ce0c727"",""yes_price_dollars"":""0.3600""}"
KXBTC15M-26APR271800-00,c8a4ff06-b0d5-5014-a1ca-a5cd875b804f,1777326341,0.36,10.0,yes,"{""count_fp"":""10.00"",""created_time"":""2026-04-27T21:45:41.500804Z"",""no_price_dollars"":""0.6400"",""taker_side"":""yes"",""ticker"":""KXBTC15M-26APR271800-00"",""trade_id"":""c8a4ff06-b0d5-5014-a1ca-a5cd875b804f"",""yes_price_dollars"":""0.3600""}"
KXBTC15M-26APR271800-00,4691d5ef-3003-4898-5dd4-b7a5d88c89c3,1777326341,0.35,22.52,no,"{""count_fp"":""22.52"",""created_time"":""2026-04-27T21:45:41.153696Z"",""no_price_dollars"":""0.6500"",""taker_side"":""no"",""ticker"":""KXBTC15M-26APR271800-00"",""trade_id"":""4691d5ef-3003-4898-5dd4-b7a5d88c89c3"",""yes_price_dollars"":""0.3500""}"
KXBTC15M-26APR271800-00,1144e99c-2615-7fc4-d4a9-57e5125ef733,1777326341,0.36,26.58,yes,"{""count_fp"":""26.58"",""created_time"":""2026-04-27T21:45:41.027065Z"",""no_price_dollars"":""0.6400"",""taker_side"":""yes"",""ticker"":""KXBTC15M-26APR271800-00"",""trade_id"":""1144e99c-2615-7fc4-d4a9-57e5125ef733"",""yes_price_dollars"":""0.3600""}"
KXBTC15M-26APR271800-00,57cf7945-7279-4070-c382-10e0a044f88e,1777326342,0.35,1.0,yes,"{""count_fp"":""1.00"",""created_time"":""2026-04-27T21:45:42.699894Z"",""no_price_dollars"":""0.6500"",""taker_side"":""yes"",""ticker"":""KXBTC15M-26APR271800-00"",""trade_id"":""57cf7945-7279-4070-c382-10e0a044f88e"",""yes_price_dollars"":""0.3500""}"
KXBTC15M-26APR271800-00,52232d4c-2463-407d-f141-46a28539c403,1777326342,0.35,15.95,yes,"{""count_fp"":""15.95"",""created_time"":""2026-04-27T21:45:42.363291Z"",""no_price_dollars"":""0.6500"",""taker_side"":""yes"",""ticker"":""KXBTC15M-26APR271800-00"",""trade_id"":""52232d4c-2463-407d-f141-46a28539c403"",""yes_price_dollars"":""0.3500""}"
KXBTC15M-26APR271800-00,cc0219ae-c501-63c8-9866-fd13b5a0d303,1777326342,0.36,28.73,yes,"{""count_fp"":""28.73"",""created_time"":""2026-04-27T21:45:42.271014Z"",""no_price_dollars"":""0.6400"",""taker_side"":""yes"",""ticker"":""KXBTC15M-26APR271800-00"",""trade_id"":""cc0219ae-c501-63c8-9866-fd13b5a0d303"",""yes_price_dollars"":""0.3600""}"
KXBTC15M-26APR271800-00,350b341a-e883-6faf-8a93-4a2fa045f494,1777326342,0.35,3.0,yes,"{""count_fp"":""3.00"",""created_time"":""2026-04-27T21:45:42.271014Z"",""no_price_dollars"":""0.6500"",""taker_side"":""yes"",""ticker"":""KXBTC15M-26APR271800-00"",""trade_id"":""350b341a-e883-6faf-8a93-4a2fa045f494"",""yes_price_dollars"":""0.3500""}"
KXBTC15M-26APR271800-00,04c7fb20-e2fe-6133-b1ec-cac862b47d4c,1777326342,0.35,500.0,yes,"{""count_fp"":""500.00"",""created_time"":""2026-04-27T21:45:42.271014Z"",""no_price_dollars"":""0.6500"",""taker_side"":""yes"",""ticker"":""KXBTC15M-26APR271800-00"",""trade_id"":""04c7fb20-e2fe-6133-b1ec-cac862b47d4c"",""yes_price_dollars"":""0.3500""}"
KXBTC15M-26APR271800-00,f692fb90-68c1-6828-8843-71c22259f42e,1777326343,0.34,15.0,yes,"{""count_fp"":""15.00"",""created_time"":""2026-04-27T21:45:43.657031Z"",""no_price_dollars"":""0.6600"",""taker_side"":""yes"",""ticker"":""KXBTC15M-26APR271800-00"",""trade_id"":""f692fb90-68c1-6828-8843-71c22259f42e"",""yes_price_dollars"":""0.3400""}"
KXBTC15M-26APR271800-00,4b360dfe-a2e1-6564-6ca8-4450112eca26,1777326343,0.34,23.92,yes,"{""count_fp"":""23.92"",""created_time"":""2026-04-27T21:45:43.395543Z"",""no_price_dollars"":""0.6600"",""taker_side"":""yes"",""ticker"":""KXBTC15M-26APR271800-00"",""trade_id"":""4b360dfe-a2e1-6564-6ca8-4450112eca26"",""yes_price_dollars"":""0.3400""}"
KXBTC15M-26APR271800-00,75e853ac-b0fe-680c-7f85-2f2f3df2b469,1777326343,0.34,40.0,yes,"{""count_fp"":""40.00"",""created_time"":""2026-04-27T21:45:43.284398Z"",""no_price_dollars"":""0.6600"",""taker_side"":""yes"",""ticker"":""KXBTC15M-26APR271800-00"",""trade_id"":""75e853ac-b0fe-680c-7f85-2f2f3df2b469"",""yes_price_dollars"":""0.3400""}"
KXBTC15M-26APR271800-00,3b8099b8-97a9-6098-673f-57c180181fe6,1777326343,0.34,60.0,yes,"{""count_fp"":""60.00"",""created_time"":""2026-04-27T21:45:43.284398Z"",""no_price_dollars"":""0.6600"",""taker_side"":""yes"",""ticker"":""KXBTC15M-26APR271800-00"",""trade_id"":""3b8099b8-97a9-6098-673f-57c180181fe6"",""yes_price_dollars"":""0.3400""}"
KXBTC15M-26APR271800-00,b41dc177-9ffe-653f-d452-97738e962c4c,1777326343,0.34,10.0,no,"{""count_fp"":""10.00"",""created_time"":""2026-04-27T21:45:43.087413Z"",""no_price_dollars"":""0.6600"",""taker_side"":""no"",""ticker"":""KXBTC15M-26APR271800-00"",""trade_id"":""b41dc177-9ffe-653f-d452-97738e962c4c"",""yes_price_dollars"":""0.3400""}"
KXBTC15M-26APR271800-00,76663f63-802d-4050-5e75-d5aebf3bc4ee,1777326345,0.34,95.64,yes,"{""count_fp"":""95.64"",""created_time"":""2026-04-27T21:45:45.039824Z"",""no_price_dollars"":""0.6600"",""taker_side"":""yes"",""ticker"":""KXBTC15M-26APR271800-00"",""trade_id"":""76663f63-802d-4050-5e75-d5aebf3bc4ee"",""yes_price_dollars"":""0.3400""}"
KXBTC15M-26APR271800-00,5ca159c7-9279-7f98-b050-cb23621a0d96,1777326346,0.34,4.21,yes,"{""count_fp"":""4.21"",""created_time"":""2026-04-27T21:45:46.236914Z"",""no_price_dollars"":""0.6600"",""taker_side"":""yes"",""ticker"":""KXBTC15M-26APR271800-00"",""trade_id"":""5ca159c7-9279-7f98-b050-cb23621a0d96"",""yes_price_dollars"":""0.3400""}"
KXBTC15M-26APR271800-00,ffd9ab0f-d93d-5c10-b2c6-1965cbf995b6,1777326347,0.34,222.19,yes,"{""count_fp"":""222.19"",""created_time"":""2026-04-27T21:45:47.812094Z"",""no_price_dollars"":""0.6600"",""taker_side"":""yes"",""ticker"":""KXBTC15M-26APR271800-00"",""trade_id"":""ffd9ab0f-d93d-5c10-b2c6-1965cbf995b6"",""yes_price_dollars"":""0.3400""}"
KXBTC15M-26APR271800-00,cc36e2c1-127e-7cee-3a44-365ebe7554ce,1777326347,0.33,72.94,no,"{""count_fp"":""72.94"",""created_time"":""2026-04-27T21:45:47.720808Z"",""no_price_dollars"":""0.6700"",""taker_side"":""no"",""ticker"":""KXBTC15M-26APR271800-00"",""trade_id"":""cc36e2c1-127e-7cee-3a44-365ebe7554ce"",""yes_price_dollars"":""0.3300""}"
KXBTC15M-26APR271800-00,f7e68509-bb85-4680-b85b-cc5970acdfc6,1777326347,0.34,7.0,yes,"{""count_fp"":""7.00"",""created_time"":""2026-04-27T21:45:47.416978Z"",""no_price_dollars"":""0.6600"",""taker_side"":""yes"",""ticker"":""KXBTC15M-26APR271800-00"",""trade_id"":""f7e68509-bb85-4680-b85b-cc5970acdfc6"",""yes_price_dollars"":""0.3400""}"
KXBTC15M-26APR271800-00,c085acd6-2731-7020-5bc8-5307ad8e3b5e,1777326347,0.34,15.0,yes,"{""count_fp"":""15.00"",""created_time"":""2026-04-27T21:45:47.322468Z"",""no_price_dollars"":""0.6600"",""taker_side"":""yes"",""ticker"":""KXBTC15M-26APR271800-00"",""trade_id"":""c085acd6-2731-7020-5bc8-5307ad8e3b5e"",""yes_price_dollars"":""0.3400""}"
KXBTC15M-26APR271800-00,16dcf8ae-1af9-5d08-4ea5-73cdd722f653,1777326347,0.33,18.72,no,"{""count_fp"":""18.72"",""created_time"":""2026-04-27T21:45:47.129452Z"",""no_price_dollars"":""0.6700"",""taker_side"":""no"",""ticker"":""KXBTC15M-26APR271800-00"",""trade_id"":""16dcf8ae-1af9-5d08-4ea5-73cdd722f653"",""yes_price_dollars"":""0.3300""}"
KXBTC15M-26APR271800-00,10fce425-fd95-5d28-797c-4b5879b33de7,1777326347,0.33,3.0,no,"{""count_fp"":""3.00"",""created_time"":""2026-04-27T21:45:47.129452Z"",""no_price_dollars"":""0.6700"",""taker_side"":""no"",""ticker"":""KXBTC15M-26APR271800-00"",""trade_id"":""10fce425-fd95-5d28-797c-4b5879b33de7"",""yes_price_dollars"":""0.3300""}"
KXBTC15M-26APR271800-00,bf470e17-a6dd-6d3c-4c42-8dbcea23baba,1777326347,0.34,7.02,yes,"{""count_fp"":""7.02"",""created_time"":""2026-04-27T21:45:47.086763Z"",""no_price_dollars"":""0.6600"",""taker_side"":""yes"",""ticker"":""KXBTC15M-26APR271800-00"",""trade_id"":""bf470e17-a6dd-6d3c-4c42-8dbcea23baba"",""yes_price_dollars"":""0.3400""}"
KXBTC15M-26APR271800-00,acb5f8f0-e239-6eb0-b82a-929353fc375a,1777326348,0.34,1.0,yes,"{""count_fp"":""1.00"",""created_time"":""2026-04-27T21:45:48.399052Z"",""no_price_dollars"":""0.6600"",""taker_side"":""yes"",""ticker"":""KXBTC15M-26APR271800-00"",""trade_id"":""acb5f8f0-e239-6eb0-b82a-929353fc375a"",""yes_price_dollars"":""0.3400""}"
KXBTC15M-26APR271800-00,ebc60327-0122-4401-faf2-4285d56a62d5,1777326349,0.34,20.49,yes,"{""count_fp"":""20.49"",""created_time"":""2026-04-27T21:45:49.590896Z"",""no_price_dollars"":""0.6600"",""taker_side"":""yes"",""ticker"":""KXBTC15M-26APR271800-00"",""trade_id"":""ebc60327-0122-4401-faf2-4285d56a62d5"",""yes_price_dollars"":""0.3400""}"
KXBTC15M-26APR271800-00,048a0768-4f91-4f90-d1ed-cfa370b1695a,1777326349,0.34,35.73,yes,"{""count_fp"":""35.73"",""created_time"":""2026-04-27T21:45:49.590896Z"",""no_price_dollars"":""0.6600"",""taker_side"":""yes"",""ticker"":""KXBTC15M-26APR271800-00"",""trade_id"":""048a0768-4f91-4f90-d1ed-cfa370b1695a"",""yes_price_dollars"":""0.3400""}"
KXBTC15M-26APR271800-00,aca7b30c-4240-70d6-7e5c-ec04b2af0ed8,1777326349,0.33,3.0,no,"{""count_fp"":""3.00"",""created_time"":""2026-04-27T21:45:49.446224Z"",""no_price_dollars"":""0.6700"",""taker_side"":""no"",""ticker"":""KXBTC15M-26APR271800-00"",""trade_id"":""aca7b30c-4240-70d6-7e5c-ec04b2af0ed8"",""yes_price_dollars"":""0.3300""}"
KXBTC15M-26APR271800-00,64f4e959-6e46-7fc4-51f0-8640a12b4cb9,1777326349,0.33,65.1,no,"{""count_fp"":""65.10"",""created_time"":""2026-04-27T21:45:49.446224Z"",""no_price_dollars"":""0.6700"",""taker_side"":""no"",""ticker"":""KXBTC15M-26APR271800-00"",""trade_id"":""64f4e959-6e46-7fc4-51f0-8640a12b4cb9"",""yes_price_dollars"":""0.3300""}"
KXBTC15M-26APR271800-00,ac76e4c4-aa79-6ec1-870f-3716017c72a8,1777326350,0.34,2.0,yes,"{""count_fp"":""2.00"",""created_time"":""2026-04-27T21:45:50.544055Z"",""no_price_dollars"":""0.6600"",""taker_side"":""yes"",""ticker"":""KXBTC15M-26APR271800-00"",""trade_id"":""ac76e4c4-aa79-6ec1-870f-3716017c72a8"",""yes_price_dollars"":""0.3400""}"
KXBTC15M-26APR271800-00,ec8178f6-b052-7cf2-f456-488534f5739d,1777326350,0.34,49.74,yes,"{""count_fp"":""49.74"",""created_time"":""2026-04-27T21:45:50.523987Z"",""no_price_dollars"":""0.6600"",""taker_side"":""yes"",""ticker"":""KXBTC15M-26APR271800-00"",""trade_id"":""ec8178f6-b052-7cf2-f456-488534f5739d"",""yes_price_dollars"":""0.3400""}"
KXBTC15M-26APR271800-00,139c421a-ccae-417a-6379-0944bcbcf73d,1777326350,0.34,5.0,yes,"{""count_fp"":""5.00"",""created_time"":""2026-04-27T21:45:50.151805Z"",""no_price_dollars"":""0.6600"",""taker_side"":""yes"",""ticker"":""KXBTC15M-26APR271800-00"",""trade_id"":""139c421a-ccae-417a-6379-0944bcbcf73d"",""yes_price_dollars"":""0.3400""}"
KXBTC15M-26APR271800-00,b792c608-ced6-6ad2-4c66-938d0b04ed16,1777326350,0.34,15.1,yes,"{""count_fp"":""15.10"",""created_time"":""2026-04-27T21:45:50.099584Z"",""no_price_dollars"":""0.6600"",""taker_side"":""yes"",""ticker"":""KXBTC15M-26APR271800-00"",""trade_id"":""b792c608-ced6-6ad2-4c66-938d0b04ed16"",""yes_price_dollars"":""0.3400""}"
KXBTC15M-26APR271800-00,3de843e0-f042-6342-4639-52c6dae650ad,1777326350,0.34,397.8,yes,"{""count_fp"":""397.80"",""created_time"":""2026-04-27T21:45:50.099584Z"",""no_price_dollars"":""0.6600"",""taker_side"":""yes"",""ticker"":""KXBTC15M-26APR271800-00"",""trade_id"":""3de843e0-f042-6342-4639-52c6dae650ad"",""yes_price_dollars"":""0.3400""}"
KXBTC15M-26APR271800-00,f8a345e4-7446-490d-99c0-22a74f397fd5,1777326350,0.34,1.51,yes,"{""count_fp"":""1.51"",""created_time"":""2026-04-27T21:45:50.061826Z"",""no_price_dollars"":""0.6600"",""taker_side"":""yes"",""ticker"":""KXBTC15M-26APR271800-00"",""trade_id"":""f8a345e4-7446-490d-99c0-22a74f397fd5"",""yes_price_dollars"":""0.3400""}"
