ticker,trade_id,ts,yes_price,count,taker_side,raw_json
KXBTC15M-26APR280715-15,f987c504-70d9-5754-5850-8d19055c690e,1777374002,0.54,1.0,yes,"{""count_fp"":""1.00"",""created_time"":""2026-04-28T11:00:02.605126Z"",""no_price_dollars"":""0.4600"",""taker_side"":""yes"",""ticker"":""KXBTC15M-26APR280715-15"",""trade_id"":""f987c504-70d9-5754-5850-8d19055c690e"",""yes_price_dollars"":""0.5400""}"
KXBTC15M-26APR280715-15,b5fd6488-9667-43b6-2dc0-c35b15abc234,1777374003,0.62,132.0,yes,"{""count_fp"":""132.00"",""created_time"":""2026-04-28T11:00:03.878067Z"",""no_price_dollars"":""0.3800"",""taker_side"":""yes"",""ticker"":""KXBTC15M-26APR280715-15"",""trade_id"":""b5fd6488-9667-43b6-2dc0-c35b15abc234"",""yes_price_dollars"":""0.6200""}"
KXBTC15M-26APR280715-15,8ae18628-e32c-4016-1985-7ebaf7a34c27,1777374003,0.62,33.0,yes,"{""count_fp"":""33.00"",""created_time"":""2026-04-28T11:00:03.878067Z"",""no_price_dollars"":""0.3800"",""taker_side"":""yes"",""ticker"":""KXBTC15M-26APR280715-15"",""trade_id"":""8ae18628-e32c-4016-1985-7ebaf7a34c27"",""yes_price_dollars"":""0.6200""}"
KXBTC15M-26APR280715-15,309e5631-f79e-4709-2df3-7b3ede6d0d83,1777374003,0.61,1.0,yes,"{""count_fp"":""1.00"",""created_time"":""2026-04-28T11:00:03.878067Z"",""no_price_dollars"":""0.3900"",""taker_side"":""yes"",""ticker"":""KXBTC15M-26APR280715-15"",""trade_id"":""309e5631-f79e-4709-2df3-7b3ede6d0d83"",""yes_price_dollars"":""0.6100""}"
KXBTC15M-26APR280715-15,b8579433-2f1f-48cb-d1cd-92d1783a8ef2,1777374003,0.6,35.0,yes,"{""count_fp"":""35.00"",""created_time"":""2026-04-28T11:00:03.869362Z"",""no_price_dollars"":""0.4000"",""taker_side"":""yes"",""ticker"":""KXBTC15M-26APR280715-15"",""trade_id"":""b8579433-2f1f-48cb-d1cd-92d1783a8ef2"",""yes_price_dollars"":""0.6000""}"
KXBTC15M-26APR280715-15,3325ac39-1cfe-4355-f722-043fc8d6c1eb,1777374003,0.61,131.0,yes,"{""count_fp"":""131.00"",""created_time"":""2026-04-28T11:00:03.869362Z"",""no_price_dollars"":""0.3900"",""taker_side"":""yes"",""ticker"":""KXBTC15M-26APR280715-15"",""trade_id"":""3325ac39-1cfe-4355-f722-043fc8d6c1eb"",""yes_price_dollars"":""0.6100""}"
KXBTC15M-26APR280715-15,9928b9c9-732b-6e4f-9c5e-8bb74449fc1a,1777374003,0.6,78.0,yes,"{""count_fp"":""78.00"",""created_time"":""2026-04-28T11:00:03.298907Z"",""no_price_dollars"":""0.4000"",""taker_side"":""yes"",""ticker"":""KXBTC15M-26APR280715-15"",""trade_id"":""9928b9c9-732b-6e4f-9c5e-8bb74449fc1a"",""yes_price_dollars"":""0.6000""}"
KXBTC15M-26APR280715-15,41d85642-e053-61d0-976b-d9f24c4b8ac5,1777374003,0.55,14.0,yes,"{""count_fp"":""14.00"",""created_time"":""2026-04-28T11:00:03.298907Z"",""no_price_dollars"":""0.4500"",""taker_side"":""yes"",""ticker"":""KXBTC15M-26APR280715-15"",""trade_id"":""41d85642-e053-61d0-976b-d9f24c4b8ac5"",""yes_price_dollars"":""0.5500""}"
KXBTC15M-26APR280715-15,2dee8cf1-af72-61fa-b14f-0ae6c0343271,1777374003,0.55,14.0,yes,"{""count_fp"":""14.00"",""created_time"":""2026-04-28T11:00:03.298907Z"",""no_price_dollars"":""0.4500"",""taker_side"":""yes"",""ticker"":""KXBTC15M-26APR280715-15"",""trade_id"":""2dee8cf1-af72-61fa-b14f-0ae6c0343271"",""yes_price_dollars"":""0.5500""}"
KXBTC15M-26APR280715-15,e68d97c9-bb7a-7c76-d506-c8b3bb1609b2,1777374003,0.58,1.0,yes,"{""count_fp"":""1.00"",""created_time"":""2026-04-28T11:00:03.092652Z"",""no_price_dollars"":""0.4200"",""taker_side"":""yes"",""ticker"":""KXBTC15M-26APR280715-15"",""trade_id"":""e68d97c9-bb7a-7c76-d506-c8b3bb1609b2"",""yes_price_dollars"":""0.5800""}"
KXBTC15M-26APR280715-15,e1ef5b15-2bc4-7826-de5b-d1e520e38001,1777374003,0.55,1.0,yes,"{""count_fp"":""1.00"",""created_time"":""2026-04-28T11:00:03.092652Z"",""no_price_dollars"":""0.4500"",""taker_side"":""yes"",""ticker"":""KXBTC15M-26APR280715-15"",""trade_id"":""e1ef5b15-2bc4-7826-de5b-d1e520e38001"",""yes_price_dollars"":""0.5500""}"
KXBTC15M-26APR280715-15,cbe68ed1-d5ed-735b-c331-71e2c0b11592,1777374003,0.55,18.0,yes,"{""count_fp"":""18.00"",""created_time"":""2026-04-28T11:00:03.092652Z"",""no_price_dollars"":""0.4500"",""taker_side"":""yes"",""ticker"":""KXBTC15M-26APR280715-15"",""trade_id"":""cbe68ed1-d5ed-735b-c331-71e2c0b11592"",""yes_price_dollars"":""0.5500""}"
KXBTC15M-26APR280715-15,c5b35905-7be8-7a9c-d9d2-8d2ee25f5194,1777374003,0.55,1.0,yes,"{""count_fp"":""1.00"",""created_time"":""2026-04-28T11:00:03.092652Z"",""no_price_dollars"":""0.4500"",""taker_side"":""yes"",""ticker"":""KXBTC15M-26APR280715-15"",""trade_id"":""c5b35905-7be8-7a9c-d9d2-8d2ee25f5194"",""yes_price_dollars"":""0.5500""}"
KXBTC15M-26APR280715-15,c55fcc4f-d856-7479-e867-56abae3b9bec,1777374003,0.58,1.0,yes,"{""count_fp"":""1.00"",""created_time"":""2026-04-28T11:00:03.092652Z"",""no_price_dollars"":""0.4200"",""taker_side"":""yes"",""ticker"":""KXBTC15M-26APR280715-15"",""trade_id"":""c55fcc4f-d856-7479-e867-56abae3b9bec"",""yes_price_dollars"":""0.5800""}"
KXBTC15M-26APR280715-15,b02dc057-a54b-7257-cca8-5a1fb9c45bf8,1777374003,0.55,8.0,yes,"{""count_fp"":""8.00"",""created_time"":""2026-04-28T11:00:03.092652Z"",""no_price_dollars"":""0.4500"",""taker_side"":""yes"",""ticker"":""KXBTC15M-26APR280715-15"",""trade_id"":""b02dc057-a54b-7257-cca8-5a1fb9c45bf8"",""yes_price_dollars"":""0.5500""}"
KXBTC15M-26APR280715-15,ab1b97e2-3c07-7613-e950-0aba56a2b4b5,1777374003,0.59,5.0,yes,"{""count_fp"":""5.00"",""created_time"":""2026-04-28T11:00:03.092652Z"",""no_price_dollars"":""0.4100"",""taker_side"":""yes"",""ticker"":""KXBTC15M-26APR280715-15"",""trade_id"":""ab1b97e2-3c07-7613-e950-0aba56a2b4b5"",""yes_price_dollars"":""0.5900""}"
KXBTC15M-26APR280715-15,7fd84c89-3cfe-7bdb-d054-a1e09d039a79,1777374003,0.59,5.0,yes,"{""count_fp"":""5.00"",""created_time"":""2026-04-28T11:00:03.092652Z"",""no_price_dollars"":""0.4100"",""taker_side"":""yes"",""ticker"":""KXBTC15M-26APR280715-15"",""trade_id"":""7fd84c89-3cfe-7bdb-d054-a1e09d039a79"",""yes_price_dollars"":""0.5900""}"
KXBTC15M-26APR280715-15,6a10bf4c-77e6-7029-c982-62c1428d2660,1777374003,0.55,8.0,yes,"{""count_fp"":""8.00"",""created_time"":""2026-04-28T11:00:03.092652Z"",""no_price_dollars"":""0.4500"",""taker_side"":""yes"",""ticker"":""KXBTC15M-26APR280715-15"",""trade_id"":""6a10bf4c-77e6-7029-c982-62c1428d2660"",""yes_price_dollars"":""0.5500""}"
KXBTC15M-26APR280715-15,5dbfd8f3-7c70-705e-e4fb-37d28313257f,1777374003,0.59,25.0,yes,"{""count_fp"":""25.00"",""created_time"":""2026-04-28T11:00:03.092652Z"",""no_price_dollars"":""0.4100"",""taker_side"":""yes"",""ticker"":""KXBTC15M-26APR280715-15"",""trade_id"":""5dbfd8f3-7c70-705e-e4fb-37d28313257f"",""yes_price_dollars"":""0.5900""}"
KXBTC15M-26APR280715-15,5744a977-6383-7dd3-ffd3-1b7c97a51d63,1777374003,0.57,1.0,yes,"{""count_fp"":""1.00"",""created_time"":""2026-04-28T11:00:03.092652Z"",""no_price_dollars"":""0.4300"",""taker_side"":""yes"",""ticker"":""KXBTC15M-26APR280715-15"",""trade_id"":""5744a977-6383-7dd3-ffd3-1b7c97a51d63"",""yes_price_dollars"":""0.5700""}"
KXBTC15M-26APR280715-15,4f20b7ee-ef7f-74f9-d6f5-9f4117ce8042,1777374003,0.56,1.0,yes,"{""count_fp"":""1.00"",""created_time"":""2026-04-28T11:00:03.092652Z"",""no_price_dollars"":""0.4400"",""taker_side"":""yes"",""ticker"":""KXBTC15M-26APR280715-15"",""trade_id"":""4f20b7ee-ef7f-74f9-d6f5-9f4117ce8042"",""yes_price_dollars"":""0.5600""}"
KXBTC15M-26APR280715-15,13822c5d-6aed-7669-f1e9-e3f301b53658,1777374003,0.59,119.0,yes,"{""count_fp"":""119.00"",""created_time"":""2026-04-28T11:00:03.092652Z"",""no_price_dollars"":""0.4100"",""taker_side"":""yes"",""ticker"":""KXBTC15M-26APR280715-15"",""trade_id"":""13822c5d-6aed-7669-f1e9-e3f301b53658"",""yes_price_dollars"":""0.5900""}"
KXBTC15M-26APR280715-15,06745f69-150f-72c7-d293-bda02214e9c2,1777374003,0.6,6.0,yes,"{""count_fp"":""6.00"",""created_time"":""2026-04-28T11:00:03.092652Z"",""no_price_dollars"":""0.4000"",""taker_side"":""yes"",""ticker"":""KXBTC15M-26APR280715-15"",""trade_id"":""06745f69-150f-72c7-d293-bda02214e9c2"",""yes_price_dollars"":""0.6000""}"
KXBTC15M-26APR280715-15,458980ee-daa7-7631-5236-0d13fbec6d62,1777374005,0.56,19.0,no,"{""count_fp"":""19.00"",""created_time"":""2026-04-28T11:00:05.568445Z"",""no_price_dollars"":""0.4400"",""taker_side"":""no"",""ticker"":""KXBTC15M-26APR280715-15"",""trade_id"":""458980ee-daa7-7631-5236-0d13fbec6d62"",""yes_price_dollars"":""0.5600""}"
KXBTC15M-26APR280715-15,91cc22f2-db9f-7004-ff43-76d34a0f353f,1777374006,0.62,24.58,yes,"{""count_fp"":""24.58"",""created_time"":""2026-04-28T11:00:06.769118Z"",""no_price_dollars"":""0.3800"",""taker_side"":""yes"",""ticker"":""KXBTC15M-26APR280715-15"",""trade_id"":""91cc22f2-db9f-7004-ff43-76d34a0f353f"",""yes_price_dollars"":""0.6200""}"
KXBTC15M-26APR280715-15,52eb12da-2e1f-7b48-cc85-3f3ac59f53dd,1777374006,0.62,0.21,yes,"{""count_fp"":""0.21"",""created_time"":""2026-04-28T11:00:06.769118Z"",""no_price_dollars"":""0.3800"",""taker_side"":""yes"",""ticker"":""KXBTC15M-26APR280715-15"",""trade_id"":""52eb12da-2e1f-7b48-cc85-3f3ac59f53dd"",""yes_price_dollars"":""0.6200""}"
KXBTC15M-26APR280715-15,9842be00-d24f-6e70-87cb-752469ed70c7,1777374006,0.62,31.42,yes,"{""count_fp"":""31.42"",""created_time"":""2026-04-28T11:00:06.240654Z"",""no_price_dollars"":""0.3800"",""taker_side"":""yes"",""ticker"":""KXBTC15M-26APR280715-15"",""trade_id"":""9842be00-d24f-6e70-87cb-752469ed70c7"",""yes_price_dollars"":""0.6200""}"
KXBTC15M-26APR280715-15,3c4d0615-34b7-438c-a50c-2157baef6c91,1777374007,0.62,7.08,yes,"{""count_fp"":""7.08"",""created_time"":""2026-04-28T11:00:07.982243Z"",""no_price_dollars"":""0.3800"",""taker_side"":""yes"",""ticker"":""KXBTC15M-26APR280715-15"",""trade_id"":""3c4d0615-34b7-438c-a50c-2157baef6c91"",""yes_price_dollars"":""0.6200""}"
KXBTC15M-26APR280715-15,0361fcfb-16bf-58f0-c51a-c9084ba42dcd,1777374007,0.62,3.0,yes,"{""count_fp"":""3.00"",""created_time"":""2026-04-28T11:00:07.024807Z"",""no_price_dollars"":""0.3800"",""taker_side"":""yes"",""ticker"":""KXBTC15M-26APR280715-15"",""trade_id"":""0361fcfb-16bf-58f0-c51a-c9084ba42dcd"",""yes_price_dollars"":""0.6200""}"
KXBTC15M-26APR280715-15,92fa9083-ba42-5354-32bd-8ce5d2a407d1,1777374008,0.63,7.0,yes,"{""count_fp"":""7.00"",""created_time"":""2026-04-28T11:00:08.639581Z"",""no_price_dollars"":""0.3700"",""taker_side"":""yes"",""ticker"":""KXBTC15M-26APR280715-15"",""trade_id"":""92fa9083-ba42-5354-32bd-8ce5d2a407d1"",""yes_price_dollars"":""0.6300""}"
KXBTC15M-26APR280715-15,05899b45-2cd6-7d1c-7c63-53622c391449,1777374008,0.63,6.0,yes,"{""count_fp"":""6.00"",""created_time"":""2026-04-28T11:00:08.418314Z"",""no_price_dollars"":""0.3700"",""taker_side"":""yes"",""ticker"":""KXBTC15M-26APR280715-15"",""trade_id"":""05899b45-2cd6-7d1c-7c63-53622c391449"",""yes_price_dollars"":""0.6300""}"
KXBTC15M-26APR280715-15,2deef340-474a-6964-2751-b5f0fa3dbb55,1777374008,0.63,14.0,yes,"{""count_fp"":""14.00"",""created_time"":""2026-04-28T11:00:08.210202Z"",""no_price_dollars"":""0.3700"",""taker_side"":""yes"",""ticker"":""KXBTC15M-26APR280715-15"",""trade_id"":""2deef340-474a-6964-2751-b5f0fa3dbb55"",""yes_price_dollars"":""0.6300""}"
KXBTC15M-26APR280715-15,5dde166a-918a-72fc-ff30-b09b649a5591,1777374009,0.63,7.0,yes,"{""count_fp"":""7.00"",""created_time"":""2026-04-28T11:00:09.936442Z"",""no_price_dollars"":""0.3700"",""taker_side"":""yes"",""ticker"":""KXBTC15M-26APR280715-15"",""trade_id"":""5dde166a-918a-72fc-ff30-b09b649a5591"",""yes_price_dollars"":""0.6300""}"
KXBTC15M-26APR280715-15,3ccef3fe-555e-52f0-fc07-a4eaea76b309,1777374009,0.63,6.0,yes,"{""count_fp"":""6.00"",""created_time"":""2026-04-28T11:00:09.695893Z"",""no_price_dollars"":""0.3700"",""taker_side"":""yes"",""ticker"":""KXBTC15M-26APR280715-15"",""trade_id"":""3ccef3fe-555e-52f0-fc07-a4eaea76b309"",""yes_price_dollars"":""0.6300""}"
KXBTC15M-26APR280715-15,8572f7e4-961a-7ac8-5d7b-ba6b88e3771d,1777374009,0.63,2.39,yes,"{""count_fp"":""2.39"",""created_time"":""2026-04-28T11:00:09.674061Z"",""no_price_dollars"":""0.3700"",""taker_side"":""yes"",""ticker"":""KXBTC15M-26APR280715-15"",""trade_id"":""8572f7e4-961a-7ac8-5d7b-ba6b88e3771d"",""yes_price_dollars"":""0.6300""}"
KXBTC15M-26APR280715-15,25d4064f-1f7a-6b64-6c97-7d1409868849,1777374009,0.63,7.0,yes,"{""count_fp"":""7.00"",""created_time"":""2026-04-28T11:00:09.493044Z"",""no_price_dollars"":""0.3700"",""taker_side"":""yes"",""ticker"":""KXBTC15M-26APR280715-15"",""trade_id"":""25d4064f-1f7a-6b64-6c97-7d1409868849"",""yes_price_dollars"":""0.6300""}"
KXBTC15M-26APR280715-15,88589a7c-c76a-7670-e961-26efbc1a7f35,1777374009,0.63,6.0,yes,"{""count_fp"":""6.00"",""created_time"":""2026-04-28T11:00:09.284466Z"",""no_price_dollars"":""0.3700"",""taker_side"":""yes"",""ticker"":""KXBTC15M-26APR280715-15"",""trade_id"":""88589a7c-c76a-7670-e961-26efbc1a7f35"",""yes_price_dollars"":""0.6300""}"
KXBTC15M-26APR280715-15,7bee7776-512a-5004-4342-bb54fa978ce9,1777374009,0.63,6.0,yes,"{""count_fp"":""6.00"",""created_time"":""2026-04-28T11:00:09.077083Z"",""no_price_dollars"":""0.3700"",""taker_side"":""yes"",""ticker"":""KXBTC15M-26APR280715-15"",""trade_id"":""7bee7776-512a-5004-4342-bb54fa978ce9"",""yes_price_dollars"":""0.6300""}"
KXBTC15M-26APR280715-15,4541ed74-f7eb-5f71-4d77-0468aac200de,1777374010,0.66,1.0,no,"{""count_fp"":""1.00"",""created_time"":""2026-04-28T11:00:10.708404Z"",""no_price_dollars"":""0.3400"",""taker_side"":""no"",""ticker"":""KXBTC15M-26APR280715-15"",""trade_id"":""4541ed74-f7eb-5f71-4d77-0468aac200de"",""yes_price_dollars"":""0.6600""}"
KXBTC15M-26APR280715-15,29856a42-5bc3-5edd-a124-f6eabe5d52f2,1777374010,0.66,1.0,no,"{""count_fp"":""1.00"",""created_time"":""2026-04-28T11:00:10.707475Z"",""no_price_dollars"":""0.3400"",""taker_side"":""no"",""ticker"":""KXBTC15M-26APR280715-15"",""trade_id"":""29856a42-5bc3-5edd-a124-f6eabe5d52f2"",""yes_price_dollars"":""0.6600""}"
KXBTC15M-26APR280715-15,48562c54-cef7-59f1-6404-069487fdd6e2,1777374010,0.66,1.0,no,"{""count_fp"":""1.00"",""created_time"":""2026-04-28T11:00:10.706536Z"",""no_price_dollars"":""0.3400"",""taker_side"":""no"",""ticker"":""KXBTC15M-26APR280715-15"",""trade_id"":""48562c54-cef7-59f1-6404-069487fdd6e2"",""yes_price_dollars"":""0.6600""}"
KXBTC15M-26APR280715-15,eb667cc4-1257-43c1-f80f-7883ae7d9366,1777374010,0.66,1.0,no,"{""count_fp"":""1.00"",""created_time"":""2026-04-28T11:00:10.705668Z"",""no_price_dollars"":""0.3400"",""taker_side"":""no"",""ticker"":""KXBTC15M-26APR280715-15"",""trade_id"":""eb667cc4-1257-43c1-f80f-7883ae7d9366"",""yes_price_dollars"":""0.6600""}"
KXBTC15M-26APR280715-15,9ce87e9d-ab9b-6ae9-5267-8043d094092a,1777374010,0.66,1.0,no,"{""count_fp"":""1.00"",""created_time"":""2026-04-28T11:00:10.703782Z"",""no_price_dollars"":""0.3400"",""taker_side"":""no"",""ticker"":""KXBTC15M-26APR280715-15"",""trade_id"":""9ce87e9d-ab9b-6ae9-5267-8043d094092a"",""yes_price_dollars"":""0.6600""}"
KXBTC15M-26APR280715-15,2434c6a0-7d6f-78c5-0176-829c8cbd59ce,1777374010,0.66,1.0,no,"{""count_fp"":""1.00"",""created_time"":""2026-04-28T11:00:10.702464Z"",""no_price_dollars"":""0.3400"",""taker_side"":""no"",""ticker"":""KXBTC15M-26APR280715-15"",""trade_id"":""2434c6a0-7d6f-78c5-0176-829c8cbd59ce"",""yes_price_dollars"":""0.6600""}"
KXBTC15M-26APR280715-15,f4e36b8a-1793-46b9-6a3c-915b28d80e06,1777374010,0.66,1.0,no,"{""count_fp"":""1.00"",""created_time"":""2026-04-28T11:00:10.701404Z"",""no_price_dollars"":""0.3400"",""taker_side"":""no"",""ticker"":""KXBTC15M-26APR280715-15"",""trade_id"":""f4e36b8a-1793-46b9-6a3c-915b28d80e06"",""yes_price_dollars"":""0.6600""}"
KXBTC15M-26APR280715-15,4f78b649-6faf-4ca9-c408-7cfdfdec9bfe,1777374010,0.66,1.0,no,"{""count_fp"":""1.00"",""created_time"":""2026-04-28T11:00:10.700506Z"",""no_price_dollars"":""0.3400"",""taker_side"":""no"",""ticker"":""KXBTC15M-26APR280715-15"",""trade_id"":""4f78b649-6faf-4ca9-c408-7cfdfdec9bfe"",""yes_price_dollars"":""0.6600""}"
KXBTC15M-26APR280715-15,5a6429ef-724f-44a5-33f6-114ad647831e,1777374010,0.66,1.0,no,"{""count_fp"":""1.00"",""created_time"":""2026-04-28T11:00:10.699526Z"",""no_price_dollars"":""0.3400"",""taker_side"":""no"",""ticker"":""KXBTC15M-26APR280715-15"",""trade_id"":""5a6429ef-724f-44a5-33f6-114ad647831e"",""yes_price_dollars"":""0.6600""}"
KXBTC15M-26APR280715-15,ce9dd4e7-944d-7b1e-f93a-d23d77c18500,1777374010,0.65,76.98,yes,"{""count_fp"":""76.98"",""created_time"":""2026-04-28T11:00:10.025223Z"",""no_price_dollars"":""0.3500"",""taker_side"":""yes"",""ticker"":""KXBTC15M-26APR280715-15"",""trade_id"":""ce9dd4e7-944d-7b1e-f93a-d23d77c18500"",""yes_price_dollars"":""0.6500""}"
KXBTC15M-26APR280715-15,102c1952-6f28-7ae2-ec9e-dffcae9dbffb,1777374010,0.65,4.0,yes,"{""count_fp"":""4.00"",""created_time"":""2026-04-28T11:00:10.025223Z"",""no_price_dollars"":""0.3500"",""taker_side"":""yes"",""ticker"":""KXBTC15M-26APR280715-15"",""trade_id"":""102c1952-6f28-7ae2-ec9e-dffcae9dbffb"",""yes_price_dollars"":""0.6500""}"
KXBTC15M-26APR280715-15,d29b94b2-63f5-641a-ccab-1ea37c22cc77,1777374010,0.64,139.0,yes,"{""count_fp"":""139.00"",""created_time"":""2026-04-28T11:00:10.010766Z"",""no_price_dollars"":""0.3600"",""taker_side"":""yes"",""ticker"":""KXBTC15M-26APR280715-15"",""trade_id"":""d29b94b2-63f5-641a-ccab-1ea37c22cc77"",""yes_price_dollars"":""0.6400""}"
KXBTC15M-26APR280715-15,a67ac184-f861-6472-ea93-9b1b71cc7938,1777374010,0.65,61.02,yes,"{""count_fp"":""61.02"",""created_time"":""2026-04-28T11:00:10.010766Z"",""no_price_dollars"":""0.3500"",""taker_side"":""yes"",""ticker"":""KXBTC15M-26APR280715-15"",""trade_id"":""a67ac184-f861-6472-ea93-9b1b71cc7938"",""yes_price_dollars"":""0.6500""}"
KXBTC15M-26APR280715-15,8caffb06-f845-65f5-d366-da22ea88dc72,1777374010,0.63,20.0,yes,"{""count_fp"":""20.00"",""created_time"":""2026-04-28T11:00:10.010766Z"",""no_price_dollars"":""0.3700"",""taker_side"":""yes"",""ticker"":""KXBTC15M-26APR280715-15"",""trade_id"":""8caffb06-f845-65f5-d366-da22ea88dc72"",""yes_price_dollars"":""0.6300""}"
KXBTC15M-26APR280715-15,83efbffd-b346-6bb8-e9bc-49742618d425,1777374010,0.63,70.61,yes,"{""count_fp"":""70.61"",""created_time"":""2026-04-28T11:00:10.010766Z"",""no_price_dollars"":""0.3700"",""taker_side"":""yes"",""ticker"":""KXBTC15M-26APR280715-15"",""trade_id"":""83efbffd-b346-6bb8-e9bc-49742618d425"",""yes_price_dollars"":""0.6300""}"
KXBTC15M-26APR280715-15,838e7047-c21f-4ffd-9f95-54f4bd58b752,1777374011,0.66,1.0,no,"{""count_fp"":""1.00"",""created_time"":""2026-04-28T11:00:11.607762Z"",""no_price_dollars"":""0.3400"",""taker_side"":""no"",""ticker"":""KXBTC15M-26APR280715-15"",""trade_id"":""838e7047-c21f-4ffd-9f95-54f4bd58b752"",""yes_price_dollars"":""0.6600""}"
KXBTC15M-26APR280715-15,7c51e054-8365-4a71-e794-182163bd9bd6,1777374012,0.67,8.05,yes,"{""count_fp"":""8.05"",""created_time"":""2026-04-28T11:00:12.404713Z"",""no_price_dollars"":""0.3300"",""taker_side"":""yes"",""ticker"":""KXBTC15M-26APR280715-15"",""trade_id"":""7c51e054-8365-4a71-e794-182163bd9bd6"",""yes_price_dollars"":""0.6700""}"
KXBTC15M-26APR280715-15,5b5d202b-85c5-4797-e646-0aa8dc7c7fb5,1777374012,0.67,20.0,yes,"{""count_fp"":""20.00"",""created_time"":""2026-04-28T11:00:12.404713Z"",""no_price_dollars"":""0.3300"",""taker_side"":""yes"",""ticker"":""KXBTC15M-26APR280715-15"",""trade_id"":""5b5d202b-85c5-4797-e646-0aa8dc7c7fb5"",""yes_price_dollars"":""0.6700""}"
KXBTC15M-26APR280715-15,1761964d-2157-4d32-d26a-413abb0acd2c,1777374012,0.67,1.0,yes,"{""count_fp"":""1.00"",""created_time"":""2026-04-28T11:00:12.404713Z"",""no_price_dollars"":""0.3300"",""taker_side"":""yes"",""ticker"":""KXBTC15M-26APR280715-15"",""trade_id"":""1761964d-2157-4d32-d26a-413abb0acd2c"",""yes_price_dollars"":""0.6700""}"
KXBTC15M-26APR280715-15,fbcc96f4-29d4-4695-f9cf-a388fb2c503e,1777374013,0.66,14.05,no,"{""count_fp"":""14.05"",""created_time"":""2026-04-28T11:00:13.993275Z"",""no_price_dollars"":""0.3400"",""taker_side"":""no"",""ticker"":""KXBTC15M-26APR280715-15"",""trade_id"":""fbcc96f4-29d4-4695-f9cf-a388fb2c503e"",""yes_price_dollars"":""0.6600""}"
KXBTC15M-26APR280715-15,c788b0af-13f4-4782-f393-ad53192dbc32,1777374013,0.66,3.0,no,"{""count_fp"":""3.00"",""created_time"":""2026-04-28T11:00:13.993275Z"",""no_price_dollars"":""0.3400"",""taker_side"":""no"",""ticker"":""KXBTC15M-26APR280715-15"",""trade_id"":""c788b0af-13f4-4782-f393-ad53192dbc32"",""yes_price_dollars"":""0.6600""}"
KXBTC15M-26APR280715-15,39640c5e-5dcf-4c49-dbfd-85a2a7d02b9b,1777374013,0.66,11.06,no,"{""count_fp"":""11.06"",""created_time"":""2026-04-28T11:00:13.993275Z"",""no_price_dollars"":""0.3400"",""taker_side"":""no"",""ticker"":""KXBTC15M-26APR280715-15"",""trade_id"":""39640c5e-5dcf-4c49-dbfd-85a2a7d02b9b"",""yes_price_dollars"":""0.6600""}"
KXBTC15M-26APR280715-15,622b4402-e615-4529-5072-3ae9b87fd52e,1777374013,0.67,1.0,yes,"{""count_fp"":""1.00"",""created_time"":""2026-04-28T11:00:13.965034Z"",""no_price_dollars"":""0.3300"",""taker_side"":""yes"",""ticker"":""KXBTC15M-26APR280715-15"",""trade_id"":""622b4402-e615-4529-5072-3ae9b87fd52e"",""yes_price_dollars"":""0.6700""}"
KXBTC15M-26APR280715-15,1a339733-b833-598d-dc43-e40bde73a5e3,1777374013,0.66,30.92,no,"{""count_fp"":""30.92"",""created_time"":""2026-04-28T11:00:13.771099Z"",""no_price_dollars"":""0.3400"",""taker_side"":""no"",""ticker"":""KXBTC15M-26APR280715-15"",""trade_id"":""1a339733-b833-598d-dc43-e40bde73a5e3"",""yes_price_dollars"":""0.6600""}"
KXBTC15M-26APR280715-15,5ea5b40e-3ffa-652c-03f9-6105bb3fb8cf,1777374013,0.66,20.83,no,"{""count_fp"":""20.83"",""created_time"":""2026-04-28T11:00:13.259687Z"",""no_price_dollars"":""0.3400"",""taker_side"":""no"",""ticker"":""KXBTC15M-26APR280715-15"",""trade_id"":""5ea5b40e-3ffa-652c-03f9-6105bb3fb8cf"",""yes_price_dollars"":""0.6600""}"
KXBTC15M-26APR280715-15,8a9be886-cb56-609c-cc13-0df52beee65b,1777374013,0.66,31.68,no,"{""count_fp"":""31.68"",""created_time"":""2026-04-28T11:00:13.247856Z"",""no_price_dollars"":""0.3400"",""taker_side"":""no"",""ticker"":""KXBTC15M-26APR280715-15"",""trade_id"":""8a9be886-cb56-609c-cc13-0df52beee65b"",""yes_price_dollars"":""0.6600""}"
KXBTC15M-26APR280715-15,737ba612-d36e-6c39-c8e4-6b7438a2c49a,1777374013,0.66,1.0,no,"{""count_fp"":""1.00"",""created_time"":""2026-04-28T11:00:13.247856Z"",""no_price_dollars"":""0.3400"",""taker_side"":""no"",""ticker"":""KXBTC15M-26APR280715-15"",""trade_id"":""737ba612-d36e-6c39-c8e4-6b7438a2c49a"",""yes_price_dollars"":""0.6600""}"
KXBTC15M-26APR280715-15,181341d8-a6e2-6e90-cd83-29dc3da88c08,1777374013,0.66,10.0,no,"{""count_fp"":""10.00"",""created_time"":""2026-04-28T11:00:13.247856Z"",""no_price_dollars"":""0.3400"",""taker_side"":""no"",""ticker"":""KXBTC15M-26APR280715-15"",""trade_id"":""181341d8-a6e2-6e90-cd83-29dc3da88c08"",""yes_price_dollars"":""0.6600""}"
KXBTC15M-26APR280715-15,16eb4d8d-d4e2-6b4f-fc7c-3a6a94f5ab9d,1777374013,0.66,3.0,no,"{""count_fp"":""3.00"",""created_time"":""2026-04-28T11:00:13.247856Z"",""no_price_dollars"":""0.3400"",""taker_side"":""no"",""ticker"":""KXBTC15M-26APR280715-15"",""trade_id"":""16eb4d8d-d4e2-6b4f-fc7c-3a6a94f5ab9d"",""yes_price_dollars"":""0.6600""}"
KXBTC15M-26APR280715-15,c8afb086-283b-67ab-2021-e70ab9f9bea8,1777374013,0.66,29.81,no,"{""count_fp"":""29.81"",""created_time"":""2026-04-28T11:00:13.157209Z"",""no_price_dollars"":""0.3400"",""taker_side"":""no"",""ticker"":""KXBTC15M-26APR280715-15"",""trade_id"":""c8afb086-283b-67ab-2021-e70ab9f9bea8"",""yes_price_dollars"":""0.6600""}"
KXBTC15M-26APR280715-15,5d86b284-00d3-4307-7e13-43782d58f504,1777374013,0.66,40.18,no,"{""count_fp"":""40.18"",""created_time"":""2026-04-28T11:00:13.146401Z"",""no_price_dollars"":""0.3400"",""taker_side"":""no"",""ticker"":""KXBTC15M-26APR280715-15"",""trade_id"":""5d86b284-00d3-4307-7e13-43782d58f504"",""yes_price_dollars"":""0.6600""}"
KXBTC15M-26APR280715-15,7b4203c2-59fb-45fb-3344-d43b0923f994,1777374013,0.66,5.04,no,"{""count_fp"":""5.04"",""created_time"":""2026-04-28T11:00:13.145761Z"",""no_price_dollars"":""0.3400"",""taker_side"":""no"",""ticker"":""KXBTC15M-26APR280715-15"",""trade_id"":""7b4203c2-59fb-45fb-3344-d43b0923f994"",""yes_price_dollars"":""0.6600""}"
KXBTC15M-26APR280715-15,61fd86ec-cccf-440d-13db-0f8ab4e729be,1777374013,0.66,17.0,no,"{""count_fp"":""17.00"",""created_time"":""2026-04-28T11:00:13.145761Z"",""no_price_dollars"":""0.3400"",""taker_side"":""no"",""ticker"":""KXBTC15M-26APR280715-15"",""trade_id"":""61fd86ec-cccf-440d-13db-0f8ab4e729be"",""yes_price_dollars"":""0.6600""}"
KXBTC15M-26APR280715-15,3158b316-0add-46fa-0f6f-cc50d1514b8e,1777374014,0.64,20.42,yes,"{""count_fp"":""20.42"",""created_time"":""2026-04-28T11:00:14.863017Z"",""no_price_dollars"":""0.3600"",""taker_side"":""yes"",""ticker"":""KXBTC15M-26APR280715-15"",""trade_id"":""3158b316-0add-46fa-0f6f-cc50d1514b8e"",""yes_price_dollars"":""0.6400""}"
KXBTC15M-26APR280715-15,dd20cfac-9b31-585a-0f14-8624a8885405,1777374014,0.64,1.0,no,"{""count_fp"":""1.00"",""created_time"":""2026-04-28T11:00:14.329747Z"",""no_price_dollars"":""0.3600"",""taker_side"":""no"",""ticker"":""KXBTC15M-26APR280715-15"",""trade_id"":""dd20cfac-9b31-585a-0f14-8624a8885405"",""yes_price_dollars"":""0.6400""}"
KXBTC15M-26APR280715-15,8fbf86f0-392e-5c6e-320d-f807155743c0,1777374014,0.64,23.38,no,"{""count_fp"":""23.38"",""created_time"":""2026-04-28T11:00:14.329747Z"",""no_price_dollars"":""0.3600"",""taker_side"":""no"",""ticker"":""KXBTC15M-26APR280715-15"",""trade_id"":""8fbf86f0-392e-5c6e-320d-f807155743c0"",""yes_price_dollars"":""0.6400""}"
KXBTC15M-26APR280715-15,879d75a0-af37-594d-a972-9b33fbc514ff,1777374014,0.66,0.28,no,"{""count_fp"":""0.28"",""created_time"":""2026-04-28T11:00:14.270323Z"",""no_price_dollars"":""0.3400"",""taker_side"":""no"",""ticker"":""KXBTC15M-26APR280715-15"",""trade_id"":""879d75a0-af37-594d-a972-9b33fbc514ff"",""yes_price_dollars"":""0.6600""}"
KXBTC15M-26APR280715-15,d9b166ae-6d57-4745-e610-9c6d854b89c3,1777374014,0.66,99.0,no,"{""count_fp"":""99.00"",""created_time"":""2026-04-28T11:00:14.269988Z"",""no_price_dollars"":""0.3400"",""taker_side"":""no"",""ticker"":""KXBTC15M-26APR280715-15"",""trade_id"":""d9b166ae-6d57-4745-e610-9c6d854b89c3"",""yes_price_dollars"":""0.6600""}"
KXBTC15M-26APR280715-15,95d8cf4f-bdfb-7e79-b473-a7523617bf5b,1777374014,0.66,32.6,no,"{""count_fp"":""32.60"",""created_time"":""2026-04-28T11:00:14.189854Z"",""no_price_dollars"":""0.3400"",""taker_side"":""no"",""ticker"":""KXBTC15M-26APR280715-15"",""trade_id"":""95d8cf4f-bdfb-7e79-b473-a7523617bf5b"",""yes_price_dollars"":""0.6600""}"
KXBTC15M-26APR280715-15,479a0548-4f87-40f1-a89d-163217778faf,1777374014,0.66,37.14,no,"{""count_fp"":""37.14"",""created_time"":""2026-04-28T11:00:14.103836Z"",""no_price_dollars"":""0.3400"",""taker_side"":""no"",""ticker"":""KXBTC15M-26APR280715-15"",""trade_id"":""479a0548-4f87-40f1-a89d-163217778faf"",""yes_price_dollars"":""0.6600""}"
KXBTC15M-26APR280715-15,ed833c18-e3e7-6aa8-8b7f-ca50b0e1f03a,1777374014,0.67,2.91,yes,"{""count_fp"":""2.91"",""created_time"":""2026-04-28T11:00:14.081106Z"",""no_price_dollars"":""0.3300"",""taker_side"":""yes"",""ticker"":""KXBTC15M-26APR280715-15"",""trade_id"":""ed833c18-e3e7-6aa8-8b7f-ca50b0e1f03a"",""yes_price_dollars"":""0.6700""}"
KXBTC15M-26APR280715-15,c0b161c9-ca1b-4244-a5ca-9093f4f36e7a,1777374014,0.69,40.0,yes,"{""count_fp"":""40.00"",""created_time"":""2026-04-28T11:00:14.043504Z"",""no_price_dollars"":""0.3100"",""taker_side"":""yes"",""ticker"":""KXBTC15M-26APR280715-15"",""trade_id"":""c0b161c9-ca1b-4244-a5ca-9093f4f36e7a"",""yes_price_dollars"":""0.6900""}"
KXBTC15M-26APR280715-15,ada95a92-c950-4ace-9af0-7a5dcd18ee07,1777374014,0.69,20.0,yes,"{""count_fp"":""20.00"",""created_time"":""2026-04-28T11:00:14.043504Z"",""no_price_dollars"":""0.3100"",""taker_side"":""yes"",""ticker"":""KXBTC15M-26APR280715-15"",""trade_id"":""ada95a92-c950-4ace-9af0-7a5dcd18ee07"",""yes_price_dollars"":""0.6900""}"
KXBTC15M-26APR280715-15,95fe879f-9f8f-418c-891c-32cc7568127b,1777374014,0.68,40.0,yes,"{""count_fp"":""40.00"",""created_time"":""2026-04-28T11:00:14.043504Z"",""no_price_dollars"":""0.3200"",""taker_side"":""yes"",""ticker"":""KXBTC15M-26APR280715-15"",""trade_id"":""95fe879f-9f8f-418c-891c-32cc7568127b"",""yes_price_dollars"":""0.6800""}"
KXBTC15M-26APR280715-15,85f88780-b974-49e6-ac35-dfd57bc57605,1777374014,0.68,3.0,yes,"{""count_fp"":""3.00"",""created_time"":""2026-04-28T11:00:14.043504Z"",""no_price_dollars"":""0.3200"",""taker_side"":""yes"",""ticker"":""KXBTC15M-26APR280715-15"",""trade_id"":""85f88780-b974-49e6-ac35-dfd57bc57605"",""yes_price_dollars"":""0.6800""}"
KXBTC15M-26APR280715-15,7e1ec23e-580b-42ea-b536-e1a78dd7c343,1777374014,0.69,2.0,yes,"{""count_fp"":""2.00"",""created_time"":""2026-04-28T11:00:14.043504Z"",""no_price_dollars"":""0.3100"",""taker_side"":""yes"",""ticker"":""KXBTC15M-26APR280715-15"",""trade_id"":""7e1ec23e-580b-42ea-b536-e1a78dd7c343"",""yes_price_dollars"":""0.6900""}"
KXBTC15M-26APR280715-15,62c218fb-e559-4623-ab53-4b7590700757,1777374014,0.67,20.0,yes,"{""count_fp"":""20.00"",""created_time"":""2026-04-28T11:00:14.043504Z"",""no_price_dollars"":""0.3300"",""taker_side"":""yes"",""ticker"":""KXBTC15M-26APR280715-15"",""trade_id"":""62c218fb-e559-4623-ab53-4b7590700757"",""yes_price_dollars"":""0.6700""}"
KXBTC15M-26APR280715-15,4f4ca139-04d2-4bd6-bd5f-2a40d0b48daa,1777374014,0.69,262.4,yes,"{""count_fp"":""262.40"",""created_time"":""2026-04-28T11:00:14.043504Z"",""no_price_dollars"":""0.3100"",""taker_side"":""yes"",""ticker"":""KXBTC15M-26APR280715-15"",""trade_id"":""4f4ca139-04d2-4bd6-bd5f-2a40d0b48daa"",""yes_price_dollars"":""0.6900""}"
KXBTC15M-26APR280715-15,4cdc02a7-8c22-4c8a-ae2b-cf0db3b8479a,1777374014,0.68,1.0,yes,"{""count_fp"":""1.00"",""created_time"":""2026-04-28T11:00:14.043504Z"",""no_price_dollars"":""0.3200"",""taker_side"":""yes"",""ticker"":""KXBTC15M-26APR280715-15"",""trade_id"":""4cdc02a7-8c22-4c8a-ae2b-cf0db3b8479a"",""yes_price_dollars"":""0.6800""}"
KXBTC15M-26APR280715-15,15f83bf8-6879-4f81-aea7-8c3fd8ad15d6,1777374014,0.67,30.95,yes,"{""count_fp"":""30.95"",""created_time"":""2026-04-28T11:00:14.043504Z"",""no_price_dollars"":""0.3300"",""taker_side"":""yes"",""ticker"":""KXBTC15M-26APR280715-15"",""trade_id"":""15f83bf8-6879-4f81-aea7-8c3fd8ad15d6"",""yes_price_dollars"":""0.6700""}"
KXBTC15M-26APR280715-15,74012da4-a887-42ee-7488-20f60bca56d1,1777374015,0.63,27.73,no,"{""count_fp"":""27.73"",""created_time"":""2026-04-28T11:00:15.805617Z"",""no_price_dollars"":""0.3700"",""taker_side"":""no"",""ticker"":""KXBTC15M-26APR280715-15"",""trade_id"":""74012da4-a887-42ee-7488-20f60bca56d1"",""yes_price_dollars"":""0.6300""}"
KXBTC15M-26APR280715-15,2309efc0-cea7-4bb3-55fa-e2869afb07d5,1777374015,0.63,100.0,no,"{""count_fp"":""100.00"",""created_time"":""2026-04-28T11:00:15.805617Z"",""no_price_dollars"":""0.3700"",""taker_side"":""no"",""ticker"":""KXBTC15M-26APR280715-15"",""trade_id"":""2309efc0-cea7-4bb3-55fa-e2869afb07d5"",""yes_price_dollars"":""0.6300""}"
KXBTC15M-26APR280715-15,a5319beb-6dd3-5a21-3f7e-aad649743bfc,1777374015,0.64,10.74,yes,"{""count_fp"":""10.74"",""created_time"":""2026-04-28T11:00:15.783615Z"",""no_price_dollars"":""0.3600"",""taker_side"":""yes"",""ticker"":""KXBTC15M-26APR280715-15"",""trade_id"":""a5319beb-6dd3-5a21-3f7e-aad649743bfc"",""yes_price_dollars"":""0.6400""}"
KXBTC15M-26APR280715-15,4a7c67a8-baed-56ee-188c-d96233dfc146,1777374015,0.64,19.58,yes,"{""count_fp"":""19.58"",""created_time"":""2026-04-28T11:00:15.783615Z"",""no_price_dollars"":""0.3600"",""taker_side"":""yes"",""ticker"":""KXBTC15M-26APR280715-15"",""trade_id"":""4a7c67a8-baed-56ee-188c-d96233dfc146"",""yes_price_dollars"":""0.6400""}"
KXBTC15M-26APR280715-15,65ee8d84-2867-587e-739e-bb38beac4e49,1777374015,0.63,2.0,no,"{""count_fp"":""2.00"",""created_time"":""2026-04-28T11:00:15.540221Z"",""no_price_dollars"":""0.3700"",""taker_side"":""no"",""ticker"":""KXBTC15M-26APR280715-15"",""trade_id"":""65ee8d84-2867-587e-739e-bb38beac4e49"",""yes_price_dollars"":""0.6300""}"
KXBTC15M-26APR280715-15,55615576-dc6f-40e5-a8ab-5270c44adaf0,1777374016,0.63,1.0,yes,"{""count_fp"":""1.00"",""created_time"":""2026-04-28T11:00:16.880935Z"",""no_price_dollars"":""0.3700"",""taker_side"":""yes"",""ticker"":""KXBTC15M-26APR280715-15"",""trade_id"":""55615576-dc6f-40e5-a8ab-5270c44adaf0"",""yes_price_dollars"":""0.6300""}"
KXBTC15M-26APR280715-15,88707d49-2237-6115-54fa-9820fb4f76fc,1777374016,0.63,10.21,yes,"{""count_fp"":""10.21"",""created_time"":""2026-04-28T11:00:16.458209Z"",""no_price_dollars"":""0.3700"",""taker_side"":""yes"",""ticker"":""KXBTC15M-26APR280715-15"",""trade_id"":""88707d49-2237-6115-54fa-9820fb4f76fc"",""yes_price_dollars"":""0.6300""}"
KXBTC15M-26APR280715-15,2c32c97c-7633-57b5-4403-e8153bf6b36c,1777374016,0.63,23.06,yes,"{""count_fp"":""23.06"",""created_time"":""2026-04-28T11:00:16.304167Z"",""no_price_dollars"":""0.3700"",""taker_side"":""yes"",""ticker"":""KXBTC15M-26APR280715-15"",""trade_id"":""2c32c97c-7633-57b5-4403-e8153bf6b36c"",""yes_price_dollars"":""0.6300""}"
KXBTC15M-26APR280715-15,5154dbee-e3e7-6959-9937-af9e396712e8,1777374016,0.63,1.0,yes,"{""count_fp"":""1.00"",""created_time"":""2026-04-28T11:00:16.297956Z"",""no_price_dollars"":""0.3700"",""taker_side"":""yes"",""ticker"":""KXBTC15M-26APR280715-15"",""trade_id"":""5154dbee-e3e7-6959-9937-af9e396712e8"",""yes_price_dollars"":""0.6300""}"
KXBTC15M-26APR280715-15,ea56eb5f-d4f5-413c-1bc5-f3c1cc453534,1777374016,0.63,3.0,yes,"{""count_fp"":""3.00"",""created_time"":""2026-04-28T11:00:16.220425Z"",""no_price_dollars"":""0.3700"",""taker_side"":""yes"",""ticker"":""KXBTC15M-26APR280715-15"",""trade_id"":""ea56eb5f-d4f5-413c-1bc5-f3c1cc453534"",""yes_price_dollars"":""0.6300""}"
KXBTC15M-26APR280715-15,1eed556a-a3fe-4ca3-2c69-d2ed89b28d15,1777374016,0.63,25.42,yes,"{""count_fp"":""25.42"",""created_time"":""2026-04-28T11:00:16.220425Z"",""no_price_dollars"":""0.3700"",""taker_side"":""yes"",""ticker"":""KXBTC15M-26APR280715-15"",""trade_id"":""1eed556a-a3fe-4ca3-2c69-d2ed89b28d15"",""yes_price_dollars"":""0.6300""}"
KXBTC15M-26APR280715-15,04690f36-8b9f-4411-36c6-92b5ed6eb1c8,1777374016,0.63,24.92,yes,"{""count_fp"":""24.92"",""created_time"":""2026-04-28T11:00:16.220425Z"",""no_price_dollars"":""0.3700"",""taker_side"":""yes"",""ticker"":""KXBTC15M-26APR280715-15"",""trade_id"":""04690f36-8b9f-4411-36c6-92b5ed6eb1c8"",""yes_price_dollars"":""0.6300""}"
KXBTC15M-26APR280715-15,e400cdaa-3a8e-4567-50ac-89bb074fc8bd,1777374016,0.63,14.58,yes,"{""count_fp"":""14.58"",""created_time"":""2026-04-28T11:00:16.199235Z"",""no_price_dollars"":""0.3700"",""taker_side"":""yes"",""ticker"":""KXBTC15M-26APR280715-15"",""trade_id"":""e400cdaa-3a8e-4567-50ac-89bb074fc8bd"",""yes_price_dollars"":""0.6300""}"
KXBTC15M-26APR280715-15,bd795841-8afa-41d0-873f-9ab89845cb18,1777374017,0.62,1.0,no,"{""count_fp"":""1.00"",""created_time"":""2026-04-28T11:00:17.746047Z"",""no_price_dollars"":""0.3800"",""taker_side"":""no"",""ticker"":""KXBTC15M-26APR280715-15"",""trade_id"":""bd795841-8afa-41d0-873f-9ab89845cb18"",""yes_price_dollars"":""0.6200""}"
KXBTC15M-26APR280715-15,0af9cc82-5763-41a9-d9cb-263c47b564e4,1777374017,0.63,10.0,yes,"{""count_fp"":""10.00"",""created_time"":""2026-04-28T11:00:17.588253Z"",""no_price_dollars"":""0.3700"",""taker_side"":""yes"",""ticker"":""KXBTC15M-26APR280715-15"",""trade_id"":""0af9cc82-5763-41a9-d9cb-263c47b564e4"",""yes_price_dollars"":""0.6300""}"
KXBTC15M-26APR280715-15,5ae978ae-b0c7-73c1-592f-c2b17e61bf24,1777374017,0.63,10.0,yes,"{""count_fp"":""10.00"",""created_time"":""2026-04-28T11:00:17.583417Z"",""no_price_dollars"":""0.3700"",""taker_side"":""yes"",""ticker"":""KXBTC15M-26APR280715-15"",""trade_id"":""5ae978ae-b0c7-73c1-592f-c2b17e61bf24"",""yes_price_dollars"":""0.6300""}"
KXBTC15M-26APR280715-15,39a2f172-7d47-5b4d-43c5-09b2e6f42af8,1777374017,0.63,1.0,yes,"{""count_fp"":""1.00"",""created_time"":""2026-04-28T11:00:17.402773Z"",""no_price_dollars"":""0.3700"",""taker_side"":""yes"",""ticker"":""KXBTC15M-26APR280715-15"",""trade_id"":""39a2f172-7d47-5b4d-43c5-09b2e6f42af8"",""yes_price_dollars"":""0.6300""}"
KXBTC15M-26APR280715-15,008e8823-879f-76e9-3731-b4364f9e1680,1777374017,0.63,386.8,yes,"{""count_fp"":""386.80"",""created_time"":""2026-04-28T11:00:17.302745Z"",""no_price_dollars"":""0.3700"",""taker_side"":""yes"",""ticker"":""KXBTC15M-26APR280715-15"",""trade_id"":""008e8823-879f-76e9-3731-b4364f9e1680"",""yes_price_dollars"":""0.6300""}"
KXBTC15M-26APR280715-15,eb3f68a2-7cf7-6edd-8dda-e1798993b600,1777374017,0.63,2.0,yes,"{""count_fp"":""2.00"",""created_time"":""2026-04-28T11:00:17.230853Z"",""no_price_dollars"":""0.3700"",""taker_side"":""yes"",""ticker"":""KXBTC15M-26APR280715-15"",""trade_id"":""eb3f68a2-7cf7-6edd-8dda-e1798993b600"",""yes_price_dollars"":""0.6300""}"
KXBTC15M-26APR280715-15,85e76f9d-55e4-6e91-909e-00d26e2d1cfa,1777374018,0.63,1.0,yes,"{""count_fp"":""1.00"",""created_time"":""2026-04-28T11:00:18.399659Z"",""no_price_dollars"":""0.3700"",""taker_side"":""yes"",""ticker"":""KXBTC15M-26APR280715-15"",""trade_id"":""85e76f9d-55e4-6e91-909e-00d26e2d1cfa"",""yes_price_dollars"":""0.6300""}"
KXBTC15M-26APR280715-15,edb2edf1-5894-7b15-1b40-7261f6058f56,1777374018,0.63,15.47,yes,"{""count_fp"":""15.47"",""created_time"":""2026-04-28T11:00:18.350054Z"",""no_price_dollars"":""0.3700"",""taker_side"":""yes"",""ticker"":""KXBTC15M-26APR280715-15"",""trade_id"":""edb2edf1-5894-7b15-1b40-7261f6058f56"",""yes_price_dollars"":""0.6300""}"
KXBTC15M-26APR280715-15,6132fdad-6ead-7da5-9b27-627bea2ef520,1777374018,0.63,4.0,yes,"{""count_fp"":""4.00"",""created_time"":""2026-04-28T11:00:18.122266Z"",""no_price_dollars"":""0.3700"",""taker_side"":""yes"",""ticker"":""KXBTC15M-26APR280715-15"",""trade_id"":""6132fdad-6ead-7da5-9b27-627bea2ef520"",""yes_price_dollars"":""0.6300""}"
KXBTC15M-26APR280715-15,86d7a1b0-f47e-5a40-81f2-c8ad5469fb94,1777374020,0.63,20.0,no,"{""count_fp"":""20.00"",""created_time"":""2026-04-28T11:00:20.602747Z"",""no_price_dollars"":""0.3700"",""taker_side"":""no"",""ticker"":""KXBTC15M-26APR280715-15"",""trade_id"":""86d7a1b0-f47e-5a40-81f2-c8ad5469fb94"",""yes_price_dollars"":""0.6300""}"
KXBTC15M-26APR280715-15,122a46e4-f8e2-51d3-a614-bb07c7e0b849,1777374020,0.63,500.0,no,"{""count_fp"":""500.00"",""created_time"":""2026-04-28T11:00:20.602747Z"",""no_price_dollars"":""0.3700"",""taker_side"":""no"",""ticker"":""KXBTC15M-26APR280715-15"",""trade_id"":""122a46e4-f8e2-51d3-a614-bb07c7e0b849"",""yes_price_dollars"":""0.6300""}"
KXBTC15M-26APR280715-15,4a34e757-6c4f-6f21-4396-3724b2789f70,1777374020,0.64,7.57,yes,"{""count_fp"":""7.57"",""created_time"":""2026-04-28T11:00:20.527061Z"",""no_price_dollars"":""0.3600"",""taker_side"":""yes"",""ticker"":""KXBTC15M-26APR280715-15"",""trade_id"":""4a34e757-6c4f-6f21-4396-3724b2789f70"",""yes_price_dollars"":""0.6400""}"
KXBTC15M-26APR280715-15,fc8b149e-dbf7-6e15-242b-bed84038b674,1777374020,0.64,54.12,yes,"{""count_fp"":""54.12"",""created_time"":""2026-04-28T11:00:20.477664Z"",""no_price_dollars"":""0.3600"",""taker_side"":""yes"",""ticker"":""KXBTC15M-26APR280715-15"",""trade_id"":""fc8b149e-dbf7-6e15-242b-bed84038b674"",""yes_price_dollars"":""0.6400""}"
KXBTC15M-26APR280715-15,d5449852-251f-648a-3137-a94acf3118d8,1777374020,0.64,56.0,yes,"{""count_fp"":""56.00"",""created_time"":""2026-04-28T11:00:20.477664Z"",""no_price_dollars"":""0.3600"",""taker_side"":""yes"",""ticker"":""KXBTC15M-26APR280715-15"",""trade_id"":""d5449852-251f-648a-3137-a94acf3118d8"",""yes_price_dollars"":""0.6400""}"
KXBTC15M-26APR280715-15,a57cd891-9fa3-6dd9-093a-955e79765aef,1777374020,0.64,14.38,yes,"{""count_fp"":""14.38"",""created_time"":""2026-04-28T11:00:20.477664Z"",""no_price_dollars"":""0.3600"",""taker_side"":""yes"",""ticker"":""KXBTC15M-26APR280715-15"",""trade_id"":""a57cd891-9fa3-6dd9-093a-955e79765aef"",""yes_price_dollars"":""0.6400""}"
KXBTC15M-26APR280715-15,a38eaf7b-9981-6779-17f1-ee6dd6c6d947,1777374020,0.64,9.0,yes,"{""count_fp"":""9.00"",""created_time"":""2026-04-28T11:00:20.477664Z"",""no_price_dollars"":""0.3600"",""taker_side"":""yes"",""ticker"":""KXBTC15M-26APR280715-15"",""trade_id"":""a38eaf7b-9981-6779-17f1-ee6dd6c6d947"",""yes_price_dollars"":""0.6400""}"
KXBTC15M-26APR280715-15,7502f28b-2da1-6cd2-2771-0f27c1bccc98,1777374020,0.64,3.0,yes,"{""count_fp"":""3.00"",""created_time"":""2026-04-28T11:00:20.477664Z"",""no_price_dollars"":""0.3600"",""taker_side"":""yes"",""ticker"":""KXBTC15M-26APR280715-15"",""trade_id"":""7502f28b-2da1-6cd2-2771-0f27c1bccc98"",""yes_price_dollars"":""0.6400""}"
KXBTC15M-26APR280715-15,7dbedd06-03e5-7d51-f28c-9db50aa70387,1777374020,0.64,1.0,yes,"{""count_fp"":""1.00"",""created_time"":""2026-04-28T11:00:20.172348Z"",""no_price_dollars"":""0.3600"",""taker_side"":""yes"",""ticker"":""KXBTC15M-26APR280715-15"",""trade_id"":""7dbedd06-03e5-7d51-f28c-9db50aa70387"",""yes_price_dollars"":""0.6400""}"
KXBTC15M-26APR280715-15,e9e412ae-9ae7-6125-f0a7-fca730ade474,1777374021,0.62,154.72,yes,"{""count_fp"":""154.72"",""created_time"":""2026-04-28T11:00:21.970172Z"",""no_price_dollars"":""0.3800"",""taker_side"":""yes"",""ticker"":""KXBTC15M-26APR280715-15"",""trade_id"":""e9e412ae-9ae7-6125-f0a7-fca730ade474"",""yes_price_dollars"":""0.6200""}"
KXBTC15M-26APR280715-15,f89a9007-b748-4167-df10-b346d56993f5,1777374021,0.61,3.0,yes,"{""count_fp"":""3.00"",""created_time"":""2026-04-28T11:00:21.934523Z"",""no_price_dollars"":""0.3900"",""taker_side"":""yes"",""ticker"":""KXBTC15M-26APR280715-15"",""trade_id"":""f89a9007-b748-4167-df10-b346d56993f5"",""yes_price_dollars"":""0.6100""}"
KXBTC15M-26APR280715-15,00b9b4f9-5423-4775-dcc2-766c91d9354c,1777374021,0.62,148.39,yes,"{""count_fp"":""148.39"",""created_time"":""2026-04-28T11:00:21.934523Z"",""no_price_dollars"":""0.3800"",""taker_side"":""yes"",""ticker"":""KXBTC15M-26APR280715-15"",""trade_id"":""00b9b4f9-5423-4775-dcc2-766c91d9354c"",""yes_price_dollars"":""0.6200""}"
KXBTC15M-26APR280715-15,d2b0aac8-0da0-56a4-5452-c510a75058c9,1777374021,0.62,40.0,yes,"{""count_fp"":""40.00"",""created_time"":""2026-04-28T11:00:21.841587Z"",""no_price_dollars"":""0.3800"",""taker_side"":""yes"",""ticker"":""KXBTC15M-26APR280715-15"",""trade_id"":""d2b0aac8-0da0-56a4-5452-c510a75058c9"",""yes_price_dollars"":""0.6200""}"
KXBTC15M-26APR280715-15,a26019ef-2b58-5ec3-4994-8e5aa83dd660,1777374021,0.6,47.0,yes,"{""count_fp"":""47.00"",""created_time"":""2026-04-28T11:00:21.841587Z"",""no_price_dollars"":""0.4000"",""taker_side"":""yes"",""ticker"":""KXBTC15M-26APR280715-15"",""trade_id"":""a26019ef-2b58-5ec3-4994-8e5aa83dd660"",""yes_price_dollars"":""0.6000""}"
KXBTC15M-26APR280715-15,76b8261f-c5ef-5fe9-7c3f-0c542a94776c,1777374021,0.62,98.98,yes,"{""count_fp"":""98.98"",""created_time"":""2026-04-28T11:00:21.841587Z"",""no_price_dollars"":""0.3800"",""taker_side"":""yes"",""ticker"":""KXBTC15M-26APR280715-15"",""trade_id"":""76b8261f-c5ef-5fe9-7c3f-0c542a94776c"",""yes_price_dollars"":""0.6200""}"
KXBTC15M-26APR280715-15,48c8ea8b-4906-501b-7388-71f647c35427,1777374021,0.6,3.0,yes,"{""count_fp"":""3.00"",""created_time"":""2026-04-28T11:00:21.841587Z"",""no_price_dollars"":""0.4000"",""taker_side"":""yes"",""ticker"":""KXBTC15M-26APR280715-15"",""trade_id"":""48c8ea8b-4906-501b-7388-71f647c35427"",""yes_price_dollars"":""0.6000""}"
KXBTC15M-26APR280715-15,2eae9973-5d0a-504a-6e02-36a314aa22e7,1777374021,0.61,40.0,yes,"{""count_fp"":""40.00"",""created_time"":""2026-04-28T11:00:21.841587Z"",""no_price_dollars"":""0.3900"",""taker_side"":""yes"",""ticker"":""KXBTC15M-26APR280715-15"",""trade_id"":""2eae9973-5d0a-504a-6e02-36a314aa22e7"",""yes_price_dollars"":""0.6100""}"
KXBTC15M-26APR280715-15,f105a02b-8e80-6905-0d97-72ff2af54de0,1777374021,0.6,9.0,yes,"{""count_fp"":""9.00"",""created_time"":""2026-04-28T11:00:21.750249Z"",""no_price_dollars"":""0.4000"",""taker_side"":""yes"",""ticker"":""KXBTC15M-26APR280715-15"",""trade_id"":""f105a02b-8e80-6905-0d97-72ff2af54de0"",""yes_price_dollars"":""0.6000""}"
KXBTC15M-26APR280715-15,f63d024b-a362-5282-69bc-d7db24170437,1777374021,0.6,10.0,no,"{""count_fp"":""10.00"",""created_time"":""2026-04-28T11:00:21.596894Z"",""no_price_dollars"":""0.4000"",""taker_side"":""no"",""ticker"":""KXBTC15M-26APR280715-15"",""trade_id"":""f63d024b-a362-5282-69bc-d7db24170437"",""yes_price_dollars"":""0.6000""}"
KXBTC15M-26APR280715-15,cedca949-ce73-68d4-3168-97f1f57ded6d,1777374021,0.61,1.0,no,"{""count_fp"":""1.00"",""created_time"":""2026-04-28T11:00:21.592542Z"",""no_price_dollars"":""0.3900"",""taker_side"":""no"",""ticker"":""KXBTC15M-26APR280715-15"",""trade_id"":""cedca949-ce73-68d4-3168-97f1f57ded6d"",""yes_price_dollars"":""0.6100""}"
KXBTC15M-26APR280715-15,891783e7-bb66-60ae-34a5-f341d28c3c23,1777374021,0.6,5.0,no,"{""count_fp"":""5.00"",""created_time"":""2026-04-28T11:00:21.592542Z"",""no_price_dollars"":""0.4000"",""taker_side"":""no"",""ticker"":""KXBTC15M-26APR280715-15"",""trade_id"":""891783e7-bb66-60ae-34a5-f341d28c3c23"",""yes_price_dollars"":""0.6000""}"
KXBTC15M-26APR280715-15,861e7a15-fc31-6423-0a20-d05263e6da4a,1777374021,0.6,1.0,no,"{""count_fp"":""1.00"",""created_time"":""2026-04-28T11:00:21.592542Z"",""no_price_dollars"":""0.4000"",""taker_side"":""no"",""ticker"":""KXBTC15M-26APR280715-15"",""trade_id"":""861e7a15-fc31-6423-0a20-d05263e6da4a"",""yes_price_dollars"":""0.6000""}"
KXBTC15M-26APR280715-15,7fa3a1d1-a8aa-6563-3032-9caa6b396cdc,1777374021,0.6,3.0,no,"{""count_fp"":""3.00"",""created_time"":""2026-04-28T11:00:21.592542Z"",""no_price_dollars"":""0.4000"",""taker_side"":""no"",""ticker"":""KXBTC15M-26APR280715-15"",""trade_id"":""7fa3a1d1-a8aa-6563-3032-9caa6b396cdc"",""yes_price_dollars"":""0.6000""}"
KXBTC15M-26APR280715-15,89f4814a-e7c3-51b9-dc1a-a57b0786c30c,1777374021,0.62,74.54,no,"{""count_fp"":""74.54"",""created_time"":""2026-04-28T11:00:21.495658Z"",""no_price_dollars"":""0.3800"",""taker_side"":""no"",""ticker"":""KXBTC15M-26APR280715-15"",""trade_id"":""89f4814a-e7c3-51b9-dc1a-a57b0786c30c"",""yes_price_dollars"":""0.6200""}"
KXBTC15M-26APR280715-15,c93539af-af23-4ab1-7e6e-4dbbb51b25c0,1777374021,0.62,25.46,no,"{""count_fp"":""25.46"",""created_time"":""2026-04-28T11:00:21.488962Z"",""no_price_dollars"":""0.3800"",""taker_side"":""no"",""ticker"":""KXBTC15M-26APR280715-15"",""trade_id"":""c93539af-af23-4ab1-7e6e-4dbbb51b25c0"",""yes_price_dollars"":""0.6200""}"
KXBTC15M-26APR280715-15,ef5890db-dfca-6ef8-0436-4a2aad6f17fe,1777374021,0.62,500.0,no,"{""count_fp"":""500.00"",""created_time"":""2026-04-28T11:00:21.483017Z"",""no_price_dollars"":""0.3800"",""taker_side"":""no"",""ticker"":""KXBTC15M-26APR280715-15"",""trade_id"":""ef5890db-dfca-6ef8-0436-4a2aad6f17fe"",""yes_price_dollars"":""0.6200""}"
KXBTC15M-26APR280715-15,b6486aba-a92f-665a-0304-4a8d2b2f3fd0,1777374021,0.62,30.0,no,"{""count_fp"":""30.00"",""created_time"":""2026-04-28T11:00:21.483017Z"",""no_price_dollars"":""0.3800"",""taker_side"":""no"",""ticker"":""KXBTC15M-26APR280715-15"",""trade_id"":""b6486aba-a92f-665a-0304-4a8d2b2f3fd0"",""yes_price_dollars"":""0.6200""}"
KXBTC15M-26APR280715-15,8bd11337-c105-6011-2bcc-c881aed268a2,1777374021,0.62,13.0,no,"{""count_fp"":""13.00"",""created_time"":""2026-04-28T11:00:21.483017Z"",""no_price_dollars"":""0.3800"",""taker_side"":""no"",""ticker"":""KXBTC15M-26APR280715-15"",""trade_id"":""8bd11337-c105-6011-2bcc-c881aed268a2"",""yes_price_dollars"":""0.6200""}"
KXBTC15M-26APR280715-15,20b29722-70dc-4ccd-1431-2f9b69c17fbd,1777374021,0.63,15.0,yes,"{""count_fp"":""15.00"",""created_time"":""2026-04-28T11:00:21.228629Z"",""no_price_dollars"":""0.3700"",""taker_side"":""yes"",""ticker"":""KXBTC15M-26APR280715-15"",""trade_id"":""20b29722-70dc-4ccd-1431-2f9b69c17fbd"",""yes_price_dollars"":""0.6300""}"
KXBTC15M-26APR280715-15,7c6728a2-37ed-4a6d-b5ac-0150e6f13ae2,1777374021,0.62,6.0,no,"{""count_fp"":""6.00"",""created_time"":""2026-04-28T11:00:21.144637Z"",""no_price_dollars"":""0.3800"",""taker_side"":""no"",""ticker"":""KXBTC15M-26APR280715-15"",""trade_id"":""7c6728a2-37ed-4a6d-b5ac-0150e6f13ae2"",""yes_price_dollars"":""0.6200""}"
KXBTC15M-26APR280715-15,8892b446-26f2-572a-608c-cf05b6e16426,1777374022,0.61,1.0,yes,"{""count_fp"":""1.00"",""created_time"":""2026-04-28T11:00:22.847464Z"",""no_price_dollars"":""0.3900"",""taker_side"":""yes"",""ticker"":""KXBTC15M-26APR280715-15"",""trade_id"":""8892b446-26f2-572a-608c-cf05b6e16426"",""yes_price_dollars"":""0.6100""}"
KXBTC15M-26APR280715-15,4a794c7f-3a6a-50ae-5e5e-12604b5e5370,1777374022,0.61,10.99,yes,"{""count_fp"":""10.99"",""created_time"":""2026-04-28T11:00:22.847464Z"",""no_price_dollars"":""0.3900"",""taker_side"":""yes"",""ticker"":""KXBTC15M-26APR280715-15"",""trade_id"":""4a794c7f-3a6a-50ae-5e5e-12604b5e5370"",""yes_price_dollars"":""0.6100""}"
KXBTC15M-26APR280715-15,310e50b0-a57b-5d00-690e-69e9826e63a4,1777374022,0.61,3.0,yes,"{""count_fp"":""3.00"",""created_time"":""2026-04-28T11:00:22.847464Z"",""no_price_dollars"":""0.3900"",""taker_side"":""yes"",""ticker"":""KXBTC15M-26APR280715-15"",""trade_id"":""310e50b0-a57b-5d00-690e-69e9826e63a4"",""yes_price_dollars"":""0.6100""}"
KXBTC15M-26APR280715-15,166b52d4-2c1f-5ef1-6af0-18326aa7aefc,1777374022,0.62,0.25,yes,"{""count_fp"":""0.25"",""created_time"":""2026-04-28T11:00:22.847464Z"",""no_price_dollars"":""0.3800"",""taker_side"":""yes"",""ticker"":""KXBTC15M-26APR280715-15"",""trade_id"":""166b52d4-2c1f-5ef1-6af0-18326aa7aefc"",""yes_price_dollars"":""0.6200""}"
KXBTC15M-26APR280715-15,a6d707e1-82c1-585e-9a9e-5a9b8661d5b2,1777374022,0.6,10.0,no,"{""count_fp"":""10.00"",""created_time"":""2026-04-28T11:00:22.514363Z"",""no_price_dollars"":""0.4000"",""taker_side"":""no"",""ticker"":""KXBTC15M-26APR280715-15"",""trade_id"":""a6d707e1-82c1-585e-9a9e-5a9b8661d5b2"",""yes_price_dollars"":""0.6000""}"
KXBTC15M-26APR280715-15,fc38fa46-07ca-6e45-5dec-ef86c9278917,1777374022,0.61,2.0,yes,"{""count_fp"":""2.00"",""created_time"":""2026-04-28T11:00:22.266076Z"",""no_price_dollars"":""0.3900"",""taker_side"":""yes"",""ticker"":""KXBTC15M-26APR280715-15"",""trade_id"":""fc38fa46-07ca-6e45-5dec-ef86c9278917"",""yes_price_dollars"":""0.6100""}"
KXBTC15M-26APR280715-15,fbbfe65e-d6bf-6e25-4fc0-c9f07bbe7892,1777374022,0.61,3.0,yes,"{""count_fp"":""3.00"",""created_time"":""2026-04-28T11:00:22.266076Z"",""no_price_dollars"":""0.3900"",""taker_side"":""yes"",""ticker"":""KXBTC15M-26APR280715-15"",""trade_id"":""fbbfe65e-d6bf-6e25-4fc0-c9f07bbe7892"",""yes_price_dollars"":""0.6100""}"
KXBTC15M-26APR280715-15,a5003e08-34fb-5ab5-0ae0-905d2a9285f4,1777374023,0.62,5.0,yes,"{""count_fp"":""5.00"",""created_time"":""2026-04-28T11:00:23.960675Z"",""no_price_dollars"":""0.3800"",""taker_side"":""yes"",""ticker"":""KXBTC15M-26APR280715-15"",""trade_id"":""a5003e08-34fb-5ab5-0ae0-905d2a9285f4"",""yes_price_dollars"":""0.6200""}"
KXBTC15M-26APR280715-15,c7e736d0-7487-6509-4cc5-cf0b2b26c48c,1777374023,0.62,5.0,yes,"{""count_fp"":""5.00"",""created_time"":""2026-04-28T11:00:23.785681Z"",""no_price_dollars"":""0.3800"",""taker_side"":""yes"",""ticker"":""KXBTC15M-26APR280715-15"",""trade_id"":""c7e736d0-7487-6509-4cc5-cf0b2b26c48c"",""yes_price_dollars"":""0.6200""}"
KXBTC15M-26APR280715-15,c148d0e8-185a-735c-e84a-0b4b7d6bddc0,1777374023,0.61,1.0,no,"{""count_fp"":""1.00"",""created_time"":""2026-04-28T11:00:23.151293Z"",""no_price_dollars"":""0.3900"",""taker_side"":""no"",""ticker"":""KXBTC15M-26APR280715-15"",""trade_id"":""c148d0e8-185a-735c-e84a-0b4b7d6bddc0"",""yes_price_dollars"":""0.6100""}"
KXBTC15M-26APR280715-15,d65f03d9-439b-7f75-eb46-4da0efc9d4a0,1777374024,0.62,1.57,yes,"{""count_fp"":""1.57"",""created_time"":""2026-04-28T11:00:24.849842Z"",""no_price_dollars"":""0.3800"",""taker_side"":""yes"",""ticker"":""KXBTC15M-26APR280715-15"",""trade_id"":""d65f03d9-439b-7f75-eb46-4da0efc9d4a0"",""yes_price_dollars"":""0.6200""}"
KXBTC15M-26APR280715-15,1686c2f5-c3ca-6a3c-9b8f-0dfde9e10a0e,1777374024,0.61,6.0,no,"{""count_fp"":""6.00"",""created_time"":""2026-04-28T11:00:24.809703Z"",""no_price_dollars"":""0.3900"",""taker_side"":""no"",""ticker"":""KXBTC15M-26APR280715-15"",""trade_id"":""1686c2f5-c3ca-6a3c-9b8f-0dfde9e10a0e"",""yes_price_dollars"":""0.6100""}"
KXBTC15M-26APR280715-15,1f968b55-fbe6-427c-73b6-6ce7228d5b8a,1777374024,0.61,31.96,no,"{""count_fp"":""31.96"",""created_time"":""2026-04-28T11:00:24.555455Z"",""no_price_dollars"":""0.3900"",""taker_side"":""no"",""ticker"":""KXBTC15M-26APR280715-15"",""trade_id"":""1f968b55-fbe6-427c-73b6-6ce7228d5b8a"",""yes_price_dollars"":""0.6100""}"
KXBTC15M-26APR280715-15,5a83e27a-e3b0-588f-df38-e1d9869e238e,1777374024,0.61,10.0,no,"{""count_fp"":""10.00"",""created_time"":""2026-04-28T11:00:24.263869Z"",""no_price_dollars"":""0.3900"",""taker_side"":""no"",""ticker"":""KXBTC15M-26APR280715-15"",""trade_id"":""5a83e27a-e3b0-588f-df38-e1d9869e238e"",""yes_price_dollars"":""0.6100""}"
KXBTC15M-26APR280715-15,503ea9f7-f62e-5944-c750-9bfc657499a0,1777374024,0.61,21.48,no,"{""count_fp"":""21.48"",""created_time"":""2026-04-28T11:00:24.263869Z"",""no_price_dollars"":""0.3900"",""taker_side"":""no"",""ticker"":""KXBTC15M-26APR280715-15"",""trade_id"":""503ea9f7-f62e-5944-c750-9bfc657499a0"",""yes_price_dollars"":""0.6100""}"
KXBTC15M-26APR280715-15,36e9b1e8-e434-5ecf-d500-ad301d12ad47,1777374024,0.61,62.21,no,"{""count_fp"":""62.21"",""created_time"":""2026-04-28T11:00:24.263869Z"",""no_price_dollars"":""0.3900"",""taker_side"":""no"",""ticker"":""KXBTC15M-26APR280715-15"",""trade_id"":""36e9b1e8-e434-5ecf-d500-ad301d12ad47"",""yes_price_dollars"":""0.6100""}"
KXBTC15M-26APR280715-15,cfec6010-261a-5fac-4bd5-f144bb03ddac,1777374024,0.61,17.52,no,"{""count_fp"":""17.52"",""created_time"":""2026-04-28T11:00:24.013326Z"",""no_price_dollars"":""0.3900"",""taker_side"":""no"",""ticker"":""KXBTC15M-26APR280715-15"",""trade_id"":""cfec6010-261a-5fac-4bd5-f144bb03ddac"",""yes_price_dollars"":""0.6100""}"
KXBTC15M-26APR280715-15,2714ca4b-18ba-789c-6997-9d06b6c691c8,1777374025,0.61,30.0,no,"{""count_fp"":""30.00"",""created_time"":""2026-04-28T11:00:25.975756Z"",""no_price_dollars"":""0.3900"",""taker_side"":""no"",""ticker"":""KXBTC15M-26APR280715-15"",""trade_id"":""2714ca4b-18ba-789c-6997-9d06b6c691c8"",""yes_price_dollars"":""0.6100""}"
KXBTC15M-26APR280715-15,dd0f381c-50b3-44dd-d588-4bdab86f95ec,1777374026,0.62,28.11,yes,"{""count_fp"":""28.11"",""created_time"":""2026-04-28T11:00:26.740729Z"",""no_price_dollars"":""0.3800"",""taker_side"":""yes"",""ticker"":""KXBTC15M-26APR280715-15"",""trade_id"":""dd0f381c-50b3-44dd-d588-4bdab86f95ec"",""yes_price_dollars"":""0.6200""}"
KXBTC15M-26APR280715-15,4e0577d2-95d3-5f55-0e6b-cca7a9a243b4,1777374026,0.62,1.57,yes,"{""count_fp"":""1.57"",""created_time"":""2026-04-28T11:00:26.197595Z"",""no_price_dollars"":""0.3800"",""taker_side"":""yes"",""ticker"":""KXBTC15M-26APR280715-15"",""trade_id"":""4e0577d2-95d3-5f55-0e6b-cca7a9a243b4"",""yes_price_dollars"":""0.6200""}"
KXBTC15M-26APR280715-15,e5f5d689-983e-6b4e-bc76-745aecba3a6c,1777374027,0.62,8.41,no,"{""count_fp"":""8.41"",""created_time"":""2026-04-28T11:00:27.998891Z"",""no_price_dollars"":""0.3800"",""taker_side"":""no"",""ticker"":""KXBTC15M-26APR280715-15"",""trade_id"":""e5f5d689-983e-6b4e-bc76-745aecba3a6c"",""yes_price_dollars"":""0.6200""}"
KXBTC15M-26APR280715-15,85d51615-698f-6ca7-1ce4-75221b44e9b7,1777374027,0.62,3.0,yes,"{""count_fp"":""3.00"",""created_time"":""2026-04-28T11:00:27.552658Z"",""no_price_dollars"":""0.3800"",""taker_side"":""yes"",""ticker"":""KXBTC15M-26APR280715-15"",""trade_id"":""85d51615-698f-6ca7-1ce4-75221b44e9b7"",""yes_price_dollars"":""0.6200""}"
KXBTC15M-26APR280715-15,7dcccbcf-e50a-6ee4-18c6-e7b68db380fa,1777374027,0.62,2.0,yes,"{""count_fp"":""2.00"",""created_time"":""2026-04-28T11:00:27.552658Z"",""no_price_dollars"":""0.3800"",""taker_side"":""yes"",""ticker"":""KXBTC15M-26APR280715-15"",""trade_id"":""7dcccbcf-e50a-6ee4-18c6-e7b68db380fa"",""yes_price_dollars"":""0.6200""}"
KXBTC15M-26APR280715-15,c2572e48-7b38-6ae1-03d8-1cf02c5331f6,1777374028,0.63,2.0,no,"{""count_fp"":""2.00"",""created_time"":""2026-04-28T11:00:28.917212Z"",""no_price_dollars"":""0.3700"",""taker_side"":""no"",""ticker"":""KXBTC15M-26APR280715-15"",""trade_id"":""c2572e48-7b38-6ae1-03d8-1cf02c5331f6"",""yes_price_dollars"":""0.6300""}"
KXBTC15M-26APR280715-15,df486efa-fd17-769c-6cd4-9c7525af3e27,1777374028,0.63,3.0,yes,"{""count_fp"":""3.00"",""created_time"":""2026-04-28T11:00:28.597258Z"",""no_price_dollars"":""0.3700"",""taker_side"":""yes"",""ticker"":""KXBTC15M-26APR280715-15"",""trade_id"":""df486efa-fd17-769c-6cd4-9c7525af3e27"",""yes_price_dollars"":""0.6300""}"
KXBTC15M-26APR280715-15,9a915986-c276-71e0-7e4d-ad58c48c805d,1777374028,0.64,3.0,yes,"{""count_fp"":""3.00"",""created_time"":""2026-04-28T11:00:28.597258Z"",""no_price_dollars"":""0.3600"",""taker_side"":""yes"",""ticker"":""KXBTC15M-26APR280715-15"",""trade_id"":""9a915986-c276-71e0-7e4d-ad58c48c805d"",""yes_price_dollars"":""0.6400""}"
KXBTC15M-26APR280715-15,84e3d551-d34e-76e7-6a83-6b0dc29354db,1777374028,0.64,1.0,yes,"{""count_fp"":""1.00"",""created_time"":""2026-04-28T11:00:28.597258Z"",""no_price_dollars"":""0.3600"",""taker_side"":""yes"",""ticker"":""KXBTC15M-26APR280715-15"",""trade_id"":""84e3d551-d34e-76e7-6a83-6b0dc29354db"",""yes_price_dollars"":""0.6400""}"
KXBTC15M-26APR280715-15,127d02e9-a544-797d-45d3-4fb2be50ee02,1777374028,0.65,8.15,yes,"{""count_fp"":""8.15"",""created_time"":""2026-04-28T11:00:28.597258Z"",""no_price_dollars"":""0.3500"",""taker_side"":""yes"",""ticker"":""KXBTC15M-26APR280715-15"",""trade_id"":""127d02e9-a544-797d-45d3-4fb2be50ee02"",""yes_price_dollars"":""0.6500""}"
KXBTC15M-26APR280715-15,49052546-f5c4-4ba0-a15e-7ac18df0bb7f,1777374028,0.62,500.0,no,"{""count_fp"":""500.00"",""created_time"":""2026-04-28T11:00:28.371339Z"",""no_price_dollars"":""0.3800"",""taker_side"":""no"",""ticker"":""KXBTC15M-26APR280715-15"",""trade_id"":""49052546-f5c4-4ba0-a15e-7ac18df0bb7f"",""yes_price_dollars"":""0.6200""}"
KXBTC15M-26APR280715-15,46c649ff-bdf3-497b-a580-e854f9f26923,1777374028,0.62,3.0,no,"{""count_fp"":""3.00"",""created_time"":""2026-04-28T11:00:28.371339Z"",""no_price_dollars"":""0.3800"",""taker_side"":""no"",""ticker"":""KXBTC15M-26APR280715-15"",""trade_id"":""46c649ff-bdf3-497b-a580-e854f9f26923"",""yes_price_dollars"":""0.6200""}"
KXBTC15M-26APR280715-15,1898944a-6720-413c-a916-eb996ad62cff,1777374028,0.62,63.58,no,"{""count_fp"":""63.58"",""created_time"":""2026-04-28T11:00:28.371339Z"",""no_price_dollars"":""0.3800"",""taker_side"":""no"",""ticker"":""KXBTC15M-26APR280715-15"",""trade_id"":""1898944a-6720-413c-a916-eb996ad62cff"",""yes_price_dollars"":""0.6200""}"
KXBTC15M-26APR280715-15,05b3b558-1482-4f3a-b7d4-a03095134c1c,1777374028,0.62,31.59,no,"{""count_fp"":""31.59"",""created_time"":""2026-04-28T11:00:28.371339Z"",""no_price_dollars"":""0.3800"",""taker_side"":""no"",""ticker"":""KXBTC15M-26APR280715-15"",""trade_id"":""05b3b558-1482-4f3a-b7d4-a03095134c1c"",""yes_price_dollars"":""0.6200""}"
KXBTC15M-26APR280715-15,a241d5fe-a936-7ffb-8028-316e78641341,1777374029,0.65,1.68,yes,"{""count_fp"":""1.68"",""created_time"":""2026-04-28T11:00:29.956973Z"",""no_price_dollars"":""0.3500"",""taker_side"":""yes"",""ticker"":""KXBTC15M-26APR280715-15"",""trade_id"":""a241d5fe-a936-7ffb-8028-316e78641341"",""yes_price_dollars"":""0.6500""}"
KXBTC15M-26APR280715-15,76b08488-4d40-72b5-af2d-1c03b32d444a,1777374029,0.65,4.0,yes,"{""count_fp"":""4.00"",""created_time"":""2026-04-28T11:00:29.956973Z"",""no_price_dollars"":""0.3500"",""taker_side"":""yes"",""ticker"":""KXBTC15M-26APR280715-15"",""trade_id"":""76b08488-4d40-72b5-af2d-1c03b32d444a"",""yes_price_dollars"":""0.6500""}"
KXBTC15M-26APR280715-15,29054c95-2dd0-7719-a536-4b6e04c3725e,1777374029,0.65,31.85,yes,"{""count_fp"":""31.85"",""created_time"":""2026-04-28T11:00:29.956973Z"",""no_price_dollars"":""0.3500"",""taker_side"":""yes"",""ticker"":""KXBTC15M-26APR280715-15"",""trade_id"":""29054c95-2dd0-7719-a536-4b6e04c3725e"",""yes_price_dollars"":""0.6500""}"
KXBTC15M-26APR280715-15,627dc7b7-8e5a-61ae-99e4-49dab1804eaa,1777374029,0.63,61.36,no,"{""count_fp"":""61.36"",""created_time"":""2026-04-28T11:00:29.064756Z"",""no_price_dollars"":""0.3700"",""taker_side"":""no"",""ticker"":""KXBTC15M-26APR280715-15"",""trade_id"":""627dc7b7-8e5a-61ae-99e4-49dab1804eaa"",""yes_price_dollars"":""0.6300""}"
KXBTC15M-26APR280715-15,0270988a-8224-672d-9fb5-39498b1bc62a,1777374029,0.63,37.0,no,"{""count_fp"":""37.00"",""created_time"":""2026-04-28T11:00:29.064756Z"",""no_price_dollars"":""0.3700"",""taker_side"":""no"",""ticker"":""KXBTC15M-26APR280715-15"",""trade_id"":""0270988a-8224-672d-9fb5-39498b1bc62a"",""yes_price_dollars"":""0.6300""}"
KXBTC15M-26APR280715-15,dc9d06b9-aa6e-6a7a-90e5-380ff1cee7d2,1777374030,0.64,101.56,no,"{""count_fp"":""101.56"",""created_time"":""2026-04-28T11:00:30.849482Z"",""no_price_dollars"":""0.3600"",""taker_side"":""no"",""ticker"":""KXBTC15M-26APR280715-15"",""trade_id"":""dc9d06b9-aa6e-6a7a-90e5-380ff1cee7d2"",""yes_price_dollars"":""0.6400""}"
KXBTC15M-26APR280715-15,a295f46e-64fc-6660-9fd0-2b81e5e594d2,1777374030,0.64,24.54,no,"{""count_fp"":""24.54"",""created_time"":""2026-04-28T11:00:30.849482Z"",""no_price_dollars"":""0.3600"",""taker_side"":""no"",""ticker"":""KXBTC15M-26APR280715-15"",""trade_id"":""a295f46e-64fc-6660-9fd0-2b81e5e594d2"",""yes_price_dollars"":""0.6400""}"
KXBTC15M-26APR280715-15,eeddfe91-f3a4-57ac-8d2f-a5a12ea9e232,1777374030,0.64,2.52,no,"{""count_fp"":""2.52"",""created_time"":""2026-04-28T11:00:30.730869Z"",""no_price_dollars"":""0.3600"",""taker_side"":""no"",""ticker"":""KXBTC15M-26APR280715-15"",""trade_id"":""eeddfe91-f3a4-57ac-8d2f-a5a12ea9e232"",""yes_price_dollars"":""0.6400""}"
KXBTC15M-26APR280715-15,6006cc5d-4bb0-5924-d65e-5e2a2285e612,1777374030,0.64,12.94,no,"{""count_fp"":""12.94"",""created_time"":""2026-04-28T11:00:30.543199Z"",""no_price_dollars"":""0.3600"",""taker_side"":""no"",""ticker"":""KXBTC15M-26APR280715-15"",""trade_id"":""6006cc5d-4bb0-5924-d65e-5e2a2285e612"",""yes_price_dollars"":""0.6400""}"
KXBTC15M-26APR280715-15,6c046051-a5ea-4e0e-1e73-77d26792aaaa,1777374030,0.63,258.85,no,"{""count_fp"":""258.85"",""created_time"":""2026-04-28T11:00:30.297495Z"",""no_price_dollars"":""0.3700"",""taker_side"":""no"",""ticker"":""KXBTC15M-26APR280715-15"",""trade_id"":""6c046051-a5ea-4e0e-1e73-77d26792aaaa"",""yes_price_dollars"":""0.6300""}"
KXBTC15M-26APR280715-15,5961ff6f-1cbe-73eb-40c4-c880fc464da9,1777374030,0.65,1.0,yes,"{""count_fp"":""1.00"",""created_time"":""2026-04-28T11:00:30.226271Z"",""no_price_dollars"":""0.3500"",""taker_side"":""yes"",""ticker"":""KXBTC15M-26APR280715-15"",""trade_id"":""5961ff6f-1cbe-73eb-40c4-c880fc464da9"",""yes_price_dollars"":""0.6500""}"
KXBTC15M-26APR280715-15,1d5f8984-0b86-4f4e-10f8-341a7b7f761e,1777374030,0.63,7.65,no,"{""count_fp"":""7.65"",""created_time"":""2026-04-28T11:00:30.168662Z"",""no_price_dollars"":""0.3700"",""taker_side"":""no"",""ticker"":""KXBTC15M-26APR280715-15"",""trade_id"":""1d5f8984-0b86-4f4e-10f8-341a7b7f761e"",""yes_price_dollars"":""0.6300""}"
KXBTC15M-26APR280715-15,d6157227-f1da-7a3a-1f96-5c6c469c760e,1777374030,0.63,12.94,no,"{""count_fp"":""12.94"",""created_time"":""2026-04-28T11:00:30.095567Z"",""no_price_dollars"":""0.3700"",""taker_side"":""no"",""ticker"":""KXBTC15M-26APR280715-15"",""trade_id"":""d6157227-f1da-7a3a-1f96-5c6c469c760e"",""yes_price_dollars"":""0.6300""}"
KXBTC15M-26APR280715-15,91a966e9-d4d8-560b-d37a-8e92308a385b,1777374031,0.66,40.0,yes,"{""count_fp"":""40.00"",""created_time"":""2026-04-28T11:00:31.827182Z"",""no_price_dollars"":""0.3400"",""taker_side"":""yes"",""ticker"":""KXBTC15M-26APR280715-15"",""trade_id"":""91a966e9-d4d8-560b-d37a-8e92308a385b"",""yes_price_dollars"":""0.6600""}"
KXBTC15M-26APR280715-15,90830dd6-feab-5b81-d9f0-1d41e53e5900,1777374031,0.66,3.0,yes,"{""count_fp"":""3.00"",""created_time"":""2026-04-28T11:00:31.827182Z"",""no_price_dollars"":""0.3400"",""taker_side"":""yes"",""ticker"":""KXBTC15M-26APR280715-15"",""trade_id"":""90830dd6-feab-5b81-d9f0-1d41e53e5900"",""yes_price_dollars"":""0.6600""}"
KXBTC15M-26APR280715-15,7edbd2da-cdd5-5206-e2c7-09a6f2ef0845,1777374031,0.66,0.37,yes,"{""count_fp"":""0.37"",""created_time"":""2026-04-28T11:00:31.827182Z"",""no_price_dollars"":""0.3400"",""taker_side"":""yes"",""ticker"":""KXBTC15M-26APR280715-15"",""trade_id"":""7edbd2da-cdd5-5206-e2c7-09a6f2ef0845"",""yes_price_dollars"":""0.6600""}"
KXBTC15M-26APR280715-15,71224379-e64e-48b8-1093-87714ca0fc29,1777374031,0.65,1.0,yes,"{""count_fp"":""1.00"",""created_time"":""2026-04-28T11:00:31.357175Z"",""no_price_dollars"":""0.3500"",""taker_side"":""yes"",""ticker"":""KXBTC15M-26APR280715-15"",""trade_id"":""71224379-e64e-48b8-1093-87714ca0fc29"",""yes_price_dollars"":""0.6500""}"
KXBTC15M-26APR280715-15,2f562af7-0016-4d03-2484-1af08b5079e9,1777374031,0.65,0.32,yes,"{""count_fp"":""0.32"",""created_time"":""2026-04-28T11:00:31.357175Z"",""no_price_dollars"":""0.3500"",""taker_side"":""yes"",""ticker"":""KXBTC15M-26APR280715-15"",""trade_id"":""2f562af7-0016-4d03-2484-1af08b5079e9"",""yes_price_dollars"":""0.6500""}"
KXBTC15M-26APR280715-15,1e304c4d-a405-4bf1-2e82-213d1a2a6292,1777374031,0.65,0.18,yes,"{""count_fp"":""0.18"",""created_time"":""2026-04-28T11:00:31.357175Z"",""no_price_dollars"":""0.3500"",""taker_side"":""yes"",""ticker"":""KXBTC15M-26APR280715-15"",""trade_id"":""1e304c4d-a405-4bf1-2e82-213d1a2a6292"",""yes_price_dollars"":""0.6500""}"
KXBTC15M-26APR280715-15,24c2a513-6c70-4277-d252-d07b7db083c1,1777374032,0.69,1.0,yes,"{""count_fp"":""1.00"",""created_time"":""2026-04-28T11:00:32.952929Z"",""no_price_dollars"":""0.3100"",""taker_side"":""yes"",""ticker"":""KXBTC15M-26APR280715-15"",""trade_id"":""24c2a513-6c70-4277-d252-d07b7db083c1"",""yes_price_dollars"":""0.6900""}"
KXBTC15M-26APR280715-15,ce777e5a-1246-4041-74fd-d2fae922172e,1777374032,0.67,1.0,yes,"{""count_fp"":""1.00"",""created_time"":""2026-04-28T11:00:32.866541Z"",""no_price_dollars"":""0.3300"",""taker_side"":""yes"",""ticker"":""KXBTC15M-26APR280715-15"",""trade_id"":""ce777e5a-1246-4041-74fd-d2fae922172e"",""yes_price_dollars"":""0.6700""}"
KXBTC15M-26APR280715-15,8b1ae937-a198-4769-6c68-d038d4abb21a,1777374032,0.67,3.0,yes,"{""count_fp"":""3.00"",""created_time"":""2026-04-28T11:00:32.866541Z"",""no_price_dollars"":""0.3300"",""taker_side"":""yes"",""ticker"":""KXBTC15M-26APR280715-15"",""trade_id"":""8b1ae937-a198-4769-6c68-d038d4abb21a"",""yes_price_dollars"":""0.6700""}"
KXBTC15M-26APR280715-15,7f3d893a-958f-4648-7035-31be07d49705,1777374032,0.68,1.0,yes,"{""count_fp"":""1.00"",""created_time"":""2026-04-28T11:00:32.866541Z"",""no_price_dollars"":""0.3200"",""taker_side"":""yes"",""ticker"":""KXBTC15M-26APR280715-15"",""trade_id"":""7f3d893a-958f-4648-7035-31be07d49705"",""yes_price_dollars"":""0.6800""}"
KXBTC15M-26APR280715-15,0cea36ba-587f-4d3f-7013-549868fe3151,1777374032,0.68,3.0,yes,"{""count_fp"":""3.00"",""created_time"":""2026-04-28T11:00:32.866541Z"",""no_price_dollars"":""0.3200"",""taker_side"":""yes"",""ticker"":""KXBTC15M-26APR280715-15"",""trade_id"":""0cea36ba-587f-4d3f-7013-549868fe3151"",""yes_price_dollars"":""0.6800""}"
KXBTC15M-26APR280715-15,d95d1ce0-8d57-6bbc-05d9-7abfa722916c,1777374032,0.66,8.0,no,"{""count_fp"":""8.00"",""created_time"":""2026-04-28T11:00:32.862741Z"",""no_price_dollars"":""0.3400"",""taker_side"":""no"",""ticker"":""KXBTC15M-26APR280715-15"",""trade_id"":""d95d1ce0-8d57-6bbc-05d9-7abfa722916c"",""yes_price_dollars"":""0.6600""}"
KXBTC15M-26APR280715-15,fab436de-03f1-4a32-83e8-2d28aaccd43d,1777374032,0.66,0.63,yes,"{""count_fp"":""0.63"",""created_time"":""2026-04-28T11:00:32.412738Z"",""no_price_dollars"":""0.3400"",""taker_side"":""yes"",""ticker"":""KXBTC15M-26APR280715-15"",""trade_id"":""fab436de-03f1-4a32-83e8-2d28aaccd43d"",""yes_price_dollars"":""0.6600""}"
KXBTC15M-26APR280715-15,bbe5fbf4-bc0a-4085-a428-fc3f3b45b170,1777374032,0.66,27.69,yes,"{""count_fp"":""27.69"",""created_time"":""2026-04-28T11:00:32.412738Z"",""no_price_dollars"":""0.3400"",""taker_side"":""yes"",""ticker"":""KXBTC15M-26APR280715-15"",""trade_id"":""bbe5fbf4-bc0a-4085-a428-fc3f3b45b170"",""yes_price_dollars"":""0.6600""}"
KXBTC15M-26APR280715-15,10003362-8362-662f-d9f9-708b6051f363,1777374032,0.65,1.0,no,"{""count_fp"":""1.00"",""created_time"":""2026-04-28T11:00:32.082148Z"",""no_price_dollars"":""0.3500"",""taker_side"":""no"",""ticker"":""KXBTC15M-26APR280715-15"",""trade_id"":""10003362-8362-662f-d9f9-708b6051f363"",""yes_price_dollars"":""0.6500""}"
KXBTC15M-26APR280715-15,de3b8092-d4fb-4147-67c2-26e9710f6a07,1777374033,0.68,8.0,no,"{""count_fp"":""8.00"",""created_time"":""2026-04-28T11:00:33.925012Z"",""no_price_dollars"":""0.3200"",""taker_side"":""no"",""ticker"":""KXBTC15M-26APR280715-15"",""trade_id"":""de3b8092-d4fb-4147-67c2-26e9710f6a07"",""yes_price_dollars"":""0.6800""}"
KXBTC15M-26APR280715-15,39fc7baa-8f32-4f76-4202-a98a0bcc922a,1777374033,0.68,61.11,no,"{""count_fp"":""61.11"",""created_time"":""2026-04-28T11:00:33.868364Z"",""no_price_dollars"":""0.3200"",""taker_side"":""no"",""ticker"":""KXBTC15M-26APR280715-15"",""trade_id"":""39fc7baa-8f32-4f76-4202-a98a0bcc922a"",""yes_price_dollars"":""0.6800""}"
KXBTC15M-26APR280715-15,365c15e1-dcc7-4999-5d9a-c2104090f4fe,1777374033,0.68,9.17,no,"{""count_fp"":""9.17"",""created_time"":""2026-04-28T11:00:33.868364Z"",""no_price_dollars"":""0.3200"",""taker_side"":""no"",""ticker"":""KXBTC15M-26APR280715-15"",""trade_id"":""365c15e1-dcc7-4999-5d9a-c2104090f4fe"",""yes_price_dollars"":""0.6800""}"
KXBTC15M-26APR280715-15,5104ea2a-4e6b-6c45-6207-acdfc3494616,1777374033,0.68,29.38,no,"{""count_fp"":""29.38"",""created_time"":""2026-04-28T11:00:33.372592Z"",""no_price_dollars"":""0.3200"",""taker_side"":""no"",""ticker"":""KXBTC15M-26APR280715-15"",""trade_id"":""5104ea2a-4e6b-6c45-6207-acdfc3494616"",""yes_price_dollars"":""0.6800""}"
KXBTC15M-26APR280715-15,727ca890-28c7-4dc5-a9f6-669babad723a,1777374033,0.68,1.45,no,"{""count_fp"":""1.45"",""created_time"":""2026-04-28T11:00:33.273684Z"",""no_price_dollars"":""0.3200"",""taker_side"":""no"",""ticker"":""KXBTC15M-26APR280715-15"",""trade_id"":""727ca890-28c7-4dc5-a9f6-669babad723a"",""yes_price_dollars"":""0.6800""}"
KXBTC15M-26APR280715-15,2db752b3-f6f1-5159-1265-e8d1a389ebb3,1777374034,0.68,8.0,no,"{""count_fp"":""8.00"",""created_time"":""2026-04-28T11:00:34.923983Z"",""no_price_dollars"":""0.3200"",""taker_side"":""no"",""ticker"":""KXBTC15M-26APR280715-15"",""trade_id"":""2db752b3-f6f1-5159-1265-e8d1a389ebb3"",""yes_price_dollars"":""0.6800""}"
KXBTC15M-26APR280715-15,e0311f62-a87d-41e9-e749-03259955a26f,1777374034,0.68,164.64,no,"{""count_fp"":""164.64"",""created_time"":""2026-04-28T11:00:34.843358Z"",""no_price_dollars"":""0.3200"",""taker_side"":""no"",""ticker"":""KXBTC15M-26APR280715-15"",""trade_id"":""e0311f62-a87d-41e9-e749-03259955a26f"",""yes_price_dollars"":""0.6800""}"
KXBTC15M-26APR280715-15,6239358c-0a38-4a7c-cf6b-e6411afe00e4,1777374034,0.68,32.15,no,"{""count_fp"":""32.15"",""created_time"":""2026-04-28T11:00:34.843358Z"",""no_price_dollars"":""0.3200"",""taker_side"":""no"",""ticker"":""KXBTC15M-26APR280715-15"",""trade_id"":""6239358c-0a38-4a7c-cf6b-e6411afe00e4"",""yes_price_dollars"":""0.6800""}"
KXBTC15M-26APR280715-15,e896c7da-e1f2-5328-fe43-b3c0c52fc139,1777374034,0.68,15.91,no,"{""count_fp"":""15.91"",""created_time"":""2026-04-28T11:00:34.677334Z"",""no_price_dollars"":""0.3200"",""taker_side"":""no"",""ticker"":""KXBTC15M-26APR280715-15"",""trade_id"":""e896c7da-e1f2-5328-fe43-b3c0c52fc139"",""yes_price_dollars"":""0.6800""}"
KXBTC15M-26APR280715-15,e0e27e80-9824-5e48-ed4d-0e8590b36158,1777374034,0.68,7.85,no,"{""count_fp"":""7.85"",""created_time"":""2026-04-28T11:00:34.677334Z"",""no_price_dollars"":""0.3200"",""taker_side"":""no"",""ticker"":""KXBTC15M-26APR280715-15"",""trade_id"":""e0e27e80-9824-5e48-ed4d-0e8590b36158"",""yes_price_dollars"":""0.6800""}"
KXBTC15M-26APR280715-15,92ee7575-c19f-530b-f798-2b6531dda5e7,1777374034,0.68,1.46,no,"{""count_fp"":""1.46"",""created_time"":""2026-04-28T11:00:34.677334Z"",""no_price_dollars"":""0.3200"",""taker_side"":""no"",""ticker"":""KXBTC15M-26APR280715-15"",""trade_id"":""92ee7575-c19f-530b-f798-2b6531dda5e7"",""yes_price_dollars"":""0.6800""}"
KXBTC15M-26APR280715-15,b7efaed6-a057-426f-96e0-49c88909396b,1777374034,0.68,0.54,no,"{""count_fp"":""0.54"",""created_time"":""2026-04-28T11:00:34.409388Z"",""no_price_dollars"":""0.3200"",""taker_side"":""no"",""ticker"":""KXBTC15M-26APR280715-15"",""trade_id"":""b7efaed6-a057-426f-96e0-49c88909396b"",""yes_price_dollars"":""0.6800""}"
KXBTC15M-26APR280715-15,4d520159-3215-4355-5f75-4f1ffe7a3113,1777374035,0.68,20.88,no,"{""count_fp"":""20.88"",""created_time"":""2026-04-28T11:00:35.945299Z"",""no_price_dollars"":""0.3200"",""taker_side"":""no"",""ticker"":""KXBTC15M-26APR280715-15"",""trade_id"":""4d520159-3215-4355-5f75-4f1ffe7a3113"",""yes_price_dollars"":""0.6800""}"
KXBTC15M-26APR280715-15,723c4a8e-0389-5b55-fb0f-e7e80203edeb,1777374035,0.68,3.0,no,"{""count_fp"":""3.00"",""created_time"":""2026-04-28T11:00:35.661209Z"",""no_price_dollars"":""0.3200"",""taker_side"":""no"",""ticker"":""KXBTC15M-26APR280715-15"",""trade_id"":""723c4a8e-0389-5b55-fb0f-e7e80203edeb"",""yes_price_dollars"":""0.6800""}"
KXBTC15M-26APR280715-15,22c77d7a-ae31-66bd-52a2-18e919975893,1777374035,0.68,149.15,no,"{""count_fp"":""149.15"",""created_time"":""2026-04-28T11:00:35.459667Z"",""no_price_dollars"":""0.3200"",""taker_side"":""no"",""ticker"":""KXBTC15M-26APR280715-15"",""trade_id"":""22c77d7a-ae31-66bd-52a2-18e919975893"",""yes_price_dollars"":""0.6800""}"
KXBTC15M-26APR280715-15,3c50d102-e8ed-53c5-2632-04f959cf590f,1777374035,0.68,7.62,no,"{""count_fp"":""7.62"",""created_time"":""2026-04-28T11:00:35.144791Z"",""no_price_dollars"":""0.3200"",""taker_side"":""no"",""ticker"":""KXBTC15M-26APR280715-15"",""trade_id"":""3c50d102-e8ed-53c5-2632-04f959cf590f"",""yes_price_dollars"":""0.6800""}"
KXBTC15M-26APR280715-15,69f90265-da49-7f21-86ad-61f8c94259af,1777374036,0.68,20.0,no,"{""count_fp"":""20.00"",""created_time"":""2026-04-28T11:00:36.488542Z"",""no_price_dollars"":""0.3200"",""taker_side"":""no"",""ticker"":""KXBTC15M-26APR280715-15"",""trade_id"":""69f90265-da49-7f21-86ad-61f8c94259af"",""yes_price_dollars"":""0.6800""}"
KXBTC15M-26APR280715-15,f7e7cbcf-022c-5df2-0827-c41458b4e2ea,1777374036,0.69,1.0,yes,"{""count_fp"":""1.00"",""created_time"":""2026-04-28T11:00:36.080974Z"",""no_price_dollars"":""0.3100"",""taker_side"":""yes"",""ticker"":""KXBTC15M-26APR280715-15"",""trade_id"":""f7e7cbcf-022c-5df2-0827-c41458b4e2ea"",""yes_price_dollars"":""0.6900""}"
KXBTC15M-26APR280715-15,5199b0a4-1c16-4d85-1157-951ae98ea04e,1777374037,0.68,14.89,no,"{""count_fp"":""14.89"",""created_time"":""2026-04-28T11:00:37.783761Z"",""no_price_dollars"":""0.3200"",""taker_side"":""no"",""ticker"":""KXBTC15M-26APR280715-15"",""trade_id"":""5199b0a4-1c16-4d85-1157-951ae98ea04e"",""yes_price_dollars"":""0.6800""}"
KXBTC15M-26APR280715-15,4bb9d625-09a8-4b1c-0c78-f763956a1c51,1777374037,0.68,14.34,no,"{""count_fp"":""14.34"",""created_time"":""2026-04-28T11:00:37.783761Z"",""no_price_dollars"":""0.3200"",""taker_side"":""no"",""ticker"":""KXBTC15M-26APR280715-15"",""trade_id"":""4bb9d625-09a8-4b1c-0c78-f763956a1c51"",""yes_price_dollars"":""0.6800""}"
KXBTC15M-26APR280715-15,eb8bbe73-2071-62dd-e497-0ac4a8039ad3,1777374037,0.68,72.98,no,"{""count_fp"":""72.98"",""created_time"":""2026-04-28T11:00:37.336769Z"",""no_price_dollars"":""0.3200"",""taker_side"":""no"",""ticker"":""KXBTC15M-26APR280715-15"",""trade_id"":""eb8bbe73-2071-62dd-e497-0ac4a8039ad3"",""yes_price_dollars"":""0.6800""}"
KXBTC15M-26APR280715-15,af13d854-f744-6750-d1da-f9677b1f8835,1777374037,0.68,1.57,no,"{""count_fp"":""1.57"",""created_time"":""2026-04-28T11:00:37.336769Z"",""no_price_dollars"":""0.3200"",""taker_side"":""no"",""ticker"":""KXBTC15M-26APR280715-15"",""trade_id"":""af13d854-f744-6750-d1da-f9677b1f8835"",""yes_price_dollars"":""0.6800""}"
KXBTC15M-26APR280715-15,02b9e721-dc3c-6431-e703-37f433dd5f0c,1777374037,0.68,3.0,no,"{""count_fp"":""3.00"",""created_time"":""2026-04-28T11:00:37.336769Z"",""no_price_dollars"":""0.3200"",""taker_side"":""no"",""ticker"":""KXBTC15M-26APR280715-15"",""trade_id"":""02b9e721-dc3c-6431-e703-37f433dd5f0c"",""yes_price_dollars"":""0.6800""}"
KXBTC15M-26APR280715-15,c4c75f17-cd89-4d51-7dc2-78f5faaa9363,1777374037,0.68,38.82,no,"{""count_fp"":""38.82"",""created_time"":""2026-04-28T11:00:37.257698Z"",""no_price_dollars"":""0.3200"",""taker_side"":""no"",""ticker"":""KXBTC15M-26APR280715-15"",""trade_id"":""c4c75f17-cd89-4d51-7dc2-78f5faaa9363"",""yes_price_dollars"":""0.6800""}"
KXBTC15M-26APR280715-15,beb055fb-c28d-67a5-3849-54bcf2657ce7,1777374037,0.68,14.91,no,"{""count_fp"":""14.91"",""created_time"":""2026-04-28T11:00:37.181718Z"",""no_price_dollars"":""0.3200"",""taker_side"":""no"",""ticker"":""KXBTC15M-26APR280715-15"",""trade_id"":""beb055fb-c28d-67a5-3849-54bcf2657ce7"",""yes_price_dollars"":""0.6800""}"
KXBTC15M-26APR280715-15,913cec7d-0a3a-6c09-e9cc-069a4f2e34da,1777374039,0.68,10.0,no,"{""count_fp"":""10.00"",""created_time"":""2026-04-28T11:00:39.343985Z"",""no_price_dollars"":""0.3200"",""taker_side"":""no"",""ticker"":""KXBTC15M-26APR280715-15"",""trade_id"":""913cec7d-0a3a-6c09-e9cc-069a4f2e34da"",""yes_price_dollars"":""0.6800""}"
KXBTC15M-26APR280715-15,9a9e1bfa-cd2e-733d-f5c9-0be96eadc3ce,1777374040,0.68,13.29,no,"{""count_fp"":""13.29"",""created_time"":""2026-04-28T11:00:40.943319Z"",""no_price_dollars"":""0.3200"",""taker_side"":""no"",""ticker"":""KXBTC15M-26APR280715-15"",""trade_id"":""9a9e1bfa-cd2e-733d-f5c9-0be96eadc3ce"",""yes_price_dollars"":""0.6800""}"
KXBTC15M-26APR280715-15,34ca624c-1362-6f65-ec59-24b244f002ee,1777374040,0.68,30.29,no,"{""count_fp"":""30.29"",""created_time"":""2026-04-28T11:00:40.840692Z"",""no_price_dollars"":""0.3200"",""taker_side"":""no"",""ticker"":""KXBTC15M-26APR280715-15"",""trade_id"":""34ca624c-1362-6f65-ec59-24b244f002ee"",""yes_price_dollars"":""0.6800""}"
KXBTC15M-26APR280715-15,4ed3159d-8adb-6237-8b3b-dff0e94df6b7,1777374041,0.69,4.25,yes,"{""count_fp"":""4.25"",""created_time"":""2026-04-28T11:00:41.904234Z"",""no_price_dollars"":""0.3100"",""taker_side"":""yes"",""ticker"":""KXBTC15M-26APR280715-15"",""trade_id"":""4ed3159d-8adb-6237-8b3b-dff0e94df6b7"",""yes_price_dollars"":""0.6900""}"
KXBTC15M-26APR280715-15,8d26675b-1c2f-5ee7-0f26-33b746b1ae07,1777374041,0.69,0.25,yes,"{""count_fp"":""0.25"",""created_time"":""2026-04-28T11:00:41.510974Z"",""no_price_dollars"":""0.3100"",""taker_side"":""yes"",""ticker"":""KXBTC15M-26APR280715-15"",""trade_id"":""8d26675b-1c2f-5ee7-0f26-33b746b1ae07"",""yes_price_dollars"":""0.6900""}"
KXBTC15M-26APR280715-15,eb45a475-9660-696f-3f5c-ae0385364356,1777374041,0.7,5.0,yes,"{""count_fp"":""5.00"",""created_time"":""2026-04-28T11:00:41.405055Z"",""no_price_dollars"":""0.3000"",""taker_side"":""yes"",""ticker"":""KXBTC15M-26APR280715-15"",""trade_id"":""eb45a475-9660-696f-3f5c-ae0385364356"",""yes_price_dollars"":""0.7000""}"
KXBTC15M-26APR280715-15,c85347a0-0a73-63a4-1499-87f5591e6ebc,1777374041,0.7,3.22,yes,"{""count_fp"":""3.22"",""created_time"":""2026-04-28T11:00:41.405055Z"",""no_price_dollars"":""0.3000"",""taker_side"":""yes"",""ticker"":""KXBTC15M-26APR280715-15"",""trade_id"":""c85347a0-0a73-63a4-1499-87f5591e6ebc"",""yes_price_dollars"":""0.7000""}"
KXBTC15M-26APR280715-15,9b50095d-f266-6f98-17f6-ef7479289d9d,1777374041,0.7,1.0,yes,"{""count_fp"":""1.00"",""created_time"":""2026-04-28T11:00:41.405055Z"",""no_price_dollars"":""0.3000"",""taker_side"":""yes"",""ticker"":""KXBTC15M-26APR280715-15"",""trade_id"":""9b50095d-f266-6f98-17f6-ef7479289d9d"",""yes_price_dollars"":""0.7000""}"
KXBTC15M-26APR280715-15,914399c4-9a52-6544-0446-7b51a355c24a,1777374041,0.7,40.0,yes,"{""count_fp"":""40.00"",""created_time"":""2026-04-28T11:00:41.405055Z"",""no_price_dollars"":""0.3000"",""taker_side"":""yes"",""ticker"":""KXBTC15M-26APR280715-15"",""trade_id"":""914399c4-9a52-6544-0446-7b51a355c24a"",""yes_price_dollars"":""0.7000""}"
KXBTC15M-26APR280715-15,801a53a6-61e4-6cd1-0f18-779060f2011e,1777374041,0.7,2.0,yes,"{""count_fp"":""2.00"",""created_time"":""2026-04-28T11:00:41.405055Z"",""no_price_dollars"":""0.3000"",""taker_side"":""yes"",""ticker"":""KXBTC15M-26APR280715-15"",""trade_id"":""801a53a6-61e4-6cd1-0f18-779060f2011e"",""yes_price_dollars"":""0.7000""}"
KXBTC15M-26APR280715-15,78f43e0e-8f7a-6241-3f62-8c1ba81e404d,1777374041,0.7,1.0,yes,"{""count_fp"":""1.00"",""created_time"":""2026-04-28T11:00:41.405055Z"",""no_price_dollars"":""0.3000"",""taker_side"":""yes"",""ticker"":""KXBTC15M-26APR280715-15"",""trade_id"":""78f43e0e-8f7a-6241-3f62-8c1ba81e404d"",""yes_price_dollars"":""0.7000""}"
KXBTC15M-26APR280715-15,75d14929-f2a4-6166-3584-0e5ad05e85ce,1777374041,0.69,20.73,yes,"{""count_fp"":""20.73"",""created_time"":""2026-04-28T11:00:41.405055Z"",""no_price_dollars"":""0.3100"",""taker_side"":""yes"",""ticker"":""KXBTC15M-26APR280715-15"",""trade_id"":""75d14929-f2a4-6166-3584-0e5ad05e85ce"",""yes_price_dollars"":""0.6900""}"
KXBTC15M-26APR280715-15,5b035826-d099-6941-3d72-a9751d8f88ca,1777374041,0.7,4.0,yes,"{""count_fp"":""4.00"",""created_time"":""2026-04-28T11:00:41.405055Z"",""no_price_dollars"":""0.3000"",""taker_side"":""yes"",""ticker"":""KXBTC15M-26APR280715-15"",""trade_id"":""5b035826-d099-6941-3d72-a9751d8f88ca"",""yes_price_dollars"":""0.7000""}"
KXBTC15M-26APR280715-15,3f528cba-544e-632c-19b8-f7e4b5bdbd99,1777374041,0.7,3.0,yes,"{""count_fp"":""3.00"",""created_time"":""2026-04-28T11:00:41.405055Z"",""no_price_dollars"":""0.3000"",""taker_side"":""yes"",""ticker"":""KXBTC15M-26APR280715-15"",""trade_id"":""3f528cba-544e-632c-19b8-f7e4b5bdbd99"",""yes_price_dollars"":""0.7000""}"
KXBTC15M-26APR280715-15,33c65653-83b0-69c5-2ee3-e61d7a33c9a0,1777374041,0.69,10.0,yes,"{""count_fp"":""10.00"",""created_time"":""2026-04-28T11:00:41.405055Z"",""no_price_dollars"":""0.3100"",""taker_side"":""yes"",""ticker"":""KXBTC15M-26APR280715-15"",""trade_id"":""33c65653-83b0-69c5-2ee3-e61d7a33c9a0"",""yes_price_dollars"":""0.6900""}"
KXBTC15M-26APR280715-15,e4161cf6-64c2-7d81-01ac-9eedbfefd34a,1777374041,0.68,30.0,no,"{""count_fp"":""30.00"",""created_time"":""2026-04-28T11:00:41.307503Z"",""no_price_dollars"":""0.3200"",""taker_side"":""no"",""ticker"":""KXBTC15M-26APR280715-15"",""trade_id"":""e4161cf6-64c2-7d81-01ac-9eedbfefd34a"",""yes_price_dollars"":""0.6800""}"
KXBTC15M-26APR280715-15,5e23e1ae-000a-6151-1a88-3bfa1e71b82e,1777374041,0.68,15.0,no,"{""count_fp"":""15.00"",""created_time"":""2026-04-28T11:00:41.078452Z"",""no_price_dollars"":""0.3200"",""taker_side"":""no"",""ticker"":""KXBTC15M-26APR280715-15"",""trade_id"":""5e23e1ae-000a-6151-1a88-3bfa1e71b82e"",""yes_price_dollars"":""0.6800""}"
KXBTC15M-26APR280715-15,c521b967-b26b-4feb-057c-176b8db2cb53,1777374042,0.69,10.0,yes,"{""count_fp"":""10.00"",""created_time"":""2026-04-28T11:00:42.498324Z"",""no_price_dollars"":""0.3100"",""taker_side"":""yes"",""ticker"":""KXBTC15M-26APR280715-15"",""trade_id"":""c521b967-b26b-4feb-057c-176b8db2cb53"",""yes_price_dollars"":""0.6900""}"
KXBTC15M-26APR280715-15,4b6e6e2e-8293-77dd-78b3-1a7e0604bc1a,1777374043,0.68,14.91,no,"{""count_fp"":""14.91"",""created_time"":""2026-04-28T11:00:43.603602Z"",""no_price_dollars"":""0.3200"",""taker_side"":""no"",""ticker"":""KXBTC15M-26APR280715-15"",""trade_id"":""4b6e6e2e-8293-77dd-78b3-1a7e0604bc1a"",""yes_price_dollars"":""0.6800""}"
KXBTC15M-26APR280715-15,c844741c-f86b-5912-2ea1-654cb75a908c,1777374044,0.69,37.67,yes,"{""count_fp"":""37.67"",""created_time"":""2026-04-28T11:00:44.993703Z"",""no_price_dollars"":""0.3100"",""taker_side"":""yes"",""ticker"":""KXBTC15M-26APR280715-15"",""trade_id"":""c844741c-f86b-5912-2ea1-654cb75a908c"",""yes_price_dollars"":""0.6900""}"
KXBTC15M-26APR280715-15,a03f1db8-0d73-5964-1e64-6efa83df06fc,1777374044,0.7,31.2,yes,"{""count_fp"":""31.20"",""created_time"":""2026-04-28T11:00:44.993703Z"",""no_price_dollars"":""0.3000"",""taker_side"":""yes"",""ticker"":""KXBTC15M-26APR280715-15"",""trade_id"":""a03f1db8-0d73-5964-1e64-6efa83df06fc"",""yes_price_dollars"":""0.7000""}"
KXBTC15M-26APR280715-15,71759eeb-984f-5efe-9924-8f576717d710,1777374044,0.69,1.0,yes,"{""count_fp"":""1.00"",""created_time"":""2026-04-28T11:00:44.943929Z"",""no_price_dollars"":""0.3100"",""taker_side"":""yes"",""ticker"":""KXBTC15M-26APR280715-15"",""trade_id"":""71759eeb-984f-5efe-9924-8f576717d710"",""yes_price_dollars"":""0.6900""}"
KXBTC15M-26APR280715-15,fbae4e9b-2854-5415-d399-a8d3f18af692,1777374044,0.69,2.5,yes,"{""count_fp"":""2.50"",""created_time"":""2026-04-28T11:00:44.388523Z"",""no_price_dollars"":""0.3100"",""taker_side"":""yes"",""ticker"":""KXBTC15M-26APR280715-15"",""trade_id"":""fbae4e9b-2854-5415-d399-a8d3f18af692"",""yes_price_dollars"":""0.6900""}"
KXBTC15M-26APR280715-15,a6387278-041b-5cda-fa6d-b4e216569690,1777374044,0.69,0.33,yes,"{""count_fp"":""0.33"",""created_time"":""2026-04-28T11:00:44.388523Z"",""no_price_dollars"":""0.3100"",""taker_side"":""yes"",""ticker"":""KXBTC15M-26APR280715-15"",""trade_id"":""a6387278-041b-5cda-fa6d-b4e216569690"",""yes_price_dollars"":""0.6900""}"
KXBTC15M-26APR280715-15,1f99dd7d-d8ab-45ed-52e1-8ce195bcb206,1777374044,0.68,26.84,no,"{""count_fp"":""26.84"",""created_time"":""2026-04-28T11:00:44.264889Z"",""no_price_dollars"":""0.3200"",""taker_side"":""no"",""ticker"":""KXBTC15M-26APR280715-15"",""trade_id"":""1f99dd7d-d8ab-45ed-52e1-8ce195bcb206"",""yes_price_dollars"":""0.6800""}"
KXBTC15M-26APR280715-15,ec2f51c3-2e37-6107-3d8d-6722fd18e857,1777374044,0.69,25.5,yes,"{""count_fp"":""25.50"",""created_time"":""2026-04-28T11:00:44.104369Z"",""no_price_dollars"":""0.3100"",""taker_side"":""yes"",""ticker"":""KXBTC15M-26APR280715-15"",""trade_id"":""ec2f51c3-2e37-6107-3d8d-6722fd18e857"",""yes_price_dollars"":""0.6900""}"
KXBTC15M-26APR280715-15,bd5f95c2-bf48-6b31-1833-8626c178376a,1777374044,0.69,10.5,yes,"{""count_fp"":""10.50"",""created_time"":""2026-04-28T11:00:44.104369Z"",""no_price_dollars"":""0.3100"",""taker_side"":""yes"",""ticker"":""KXBTC15M-26APR280715-15"",""trade_id"":""bd5f95c2-bf48-6b31-1833-8626c178376a"",""yes_price_dollars"":""0.6900""}"
KXBTC15M-26APR280715-15,c16ee01b-dc23-5475-c95b-4e84e06e850a,1777374044,0.68,38.0,no,"{""count_fp"":""38.00"",""created_time"":""2026-04-28T11:00:44.028343Z"",""no_price_dollars"":""0.3200"",""taker_side"":""no"",""ticker"":""KXBTC15M-26APR280715-15"",""trade_id"":""c16ee01b-dc23-5475-c95b-4e84e06e850a"",""yes_price_dollars"":""0.6800""}"
KXBTC15M-26APR280715-15,54a247e0-cd73-5dcd-69b3-f3449df526aa,1777374045,0.68,1.0,no,"{""count_fp"":""1.00"",""created_time"":""2026-04-28T11:00:45.747869Z"",""no_price_dollars"":""0.3200"",""taker_side"":""no"",""ticker"":""KXBTC15M-26APR280715-15"",""trade_id"":""54a247e0-cd73-5dcd-69b3-f3449df526aa"",""yes_price_dollars"":""0.6800""}"
KXBTC15M-26APR280715-15,606c11f3-7bd7-6e31-104d-2fd3b1a57422,1777374046,0.68,10.0,no,"{""count_fp"":""10.00"",""created_time"":""2026-04-28T11:00:46.963589Z"",""no_price_dollars"":""0.3200"",""taker_side"":""no"",""ticker"":""KXBTC15M-26APR280715-15"",""trade_id"":""606c11f3-7bd7-6e31-104d-2fd3b1a57422"",""yes_price_dollars"":""0.6800""}"
KXBTC15M-26APR280715-15,6dcc3f89-154f-571f-b1e3-f72737826f4a,1777374046,0.69,3.77,yes,"{""count_fp"":""3.77"",""created_time"":""2026-04-28T11:00:46.908796Z"",""no_price_dollars"":""0.3100"",""taker_side"":""yes"",""ticker"":""KXBTC15M-26APR280715-15"",""trade_id"":""6dcc3f89-154f-571f-b1e3-f72737826f4a"",""yes_price_dollars"":""0.6900""}"
KXBTC15M-26APR280715-15,05a7f79a-68f7-6285-9f7f-51156e5e2a6a,1777374046,0.68,16.46,no,"{""count_fp"":""16.46"",""created_time"":""2026-04-28T11:00:46.610721Z"",""no_price_dollars"":""0.3200"",""taker_side"":""no"",""ticker"":""KXBTC15M-26APR280715-15"",""trade_id"":""05a7f79a-68f7-6285-9f7f-51156e5e2a6a"",""yes_price_dollars"":""0.6800""}"
KXBTC15M-26APR280715-15,4a5669ba-ad8c-61b5-8a4f-a71480bd7db9,1777374048,0.7,5.0,yes,"{""count_fp"":""5.00"",""created_time"":""2026-04-28T11:00:48.006363Z"",""no_price_dollars"":""0.3000"",""taker_side"":""yes"",""ticker"":""KXBTC15M-26APR280715-15"",""trade_id"":""4a5669ba-ad8c-61b5-8a4f-a71480bd7db9"",""yes_price_dollars"":""0.7000""}"
KXBTC15M-26APR280715-15,05d13188-4443-61f2-911c-49419e0f8583,1777374048,0.7,5.0,yes,"{""count_fp"":""5.00"",""created_time"":""2026-04-28T11:00:48.006363Z"",""no_price_dollars"":""0.3000"",""taker_side"":""yes"",""ticker"":""KXBTC15M-26APR280715-15"",""trade_id"":""05d13188-4443-61f2-911c-49419e0f8583"",""yes_price_dollars"":""0.7000""}"
KXBTC15M-26APR280715-15,cebb99a7-562c-6561-6729-b5ac694c0869,1777374048,0.7,10.0,yes,"{""count_fp"":""10.00"",""created_time"":""2026-04-28T11:00:48.004858Z"",""no_price_dollars"":""0.3000"",""taker_side"":""yes"",""ticker"":""KXBTC15M-26APR280715-15"",""trade_id"":""cebb99a7-562c-6561-6729-b5ac694c0869"",""yes_price_dollars"":""0.7000""}"
KXBTC15M-26APR280715-15,69dbae8a-2008-78a8-0b73-46fcc6194d6b,1777374050,0.69,12.3,no,"{""count_fp"":""12.30"",""created_time"":""2026-04-28T11:00:50.863078Z"",""no_price_dollars"":""0.3100"",""taker_side"":""no"",""ticker"":""KXBTC15M-26APR280715-15"",""trade_id"":""69dbae8a-2008-78a8-0b73-46fcc6194d6b"",""yes_price_dollars"":""0.6900""}"
KXBTC15M-26APR280715-15,a69f5f0c-0004-476c-2d26-4c440875368f,1777374050,0.69,2.98,no,"{""count_fp"":""2.98"",""created_time"":""2026-04-28T11:00:50.786284Z"",""no_price_dollars"":""0.3100"",""taker_side"":""no"",""ticker"":""KXBTC15M-26APR280715-15"",""trade_id"":""a69f5f0c-0004-476c-2d26-4c440875368f"",""yes_price_dollars"":""0.6900""}"
KXBTC15M-26APR280715-15,119875cb-fd34-642a-1dd2-a2934c64e76b,1777374051,0.69,1.0,no,"{""count_fp"":""1.00"",""created_time"":""2026-04-28T11:00:51.339884Z"",""no_price_dollars"":""0.3100"",""taker_side"":""no"",""ticker"":""KXBTC15M-26APR280715-15"",""trade_id"":""119875cb-fd34-642a-1dd2-a2934c64e76b"",""yes_price_dollars"":""0.6900""}"
KXBTC15M-26APR280715-15,f0496a7d-38e8-7ea4-f73d-3b33f73f0f1f,1777374051,0.69,3.07,no,"{""count_fp"":""3.07"",""created_time"":""2026-04-28T11:00:51.010898Z"",""no_price_dollars"":""0.3100"",""taker_side"":""no"",""ticker"":""KXBTC15M-26APR280715-15"",""trade_id"":""f0496a7d-38e8-7ea4-f73d-3b33f73f0f1f"",""yes_price_dollars"":""0.6900""}"
KXBTC15M-26APR280715-15,a5d66402-9030-79a2-1f8c-9d91038bf6d7,1777374052,0.69,15.38,no,"{""count_fp"":""15.38"",""created_time"":""2026-04-28T11:00:52.765401Z"",""no_price_dollars"":""0.3100"",""taker_side"":""no"",""ticker"":""KXBTC15M-26APR280715-15"",""trade_id"":""a5d66402-9030-79a2-1f8c-9d91038bf6d7"",""yes_price_dollars"":""0.6900""}"
KXBTC15M-26APR280715-15,39beb284-4d63-7209-cae6-e119be055396,1777374053,0.7,10.0,no,"{""count_fp"":""10.00"",""created_time"":""2026-04-28T11:00:53.539588Z"",""no_price_dollars"":""0.3000"",""taker_side"":""no"",""ticker"":""KXBTC15M-26APR280715-15"",""trade_id"":""39beb284-4d63-7209-cae6-e119be055396"",""yes_price_dollars"":""0.7000""}"
KXBTC15M-26APR280715-15,16cc27f1-5253-4699-984c-008793437042,1777374053,0.7,5.0,no,"{""count_fp"":""5.00"",""created_time"":""2026-04-28T11:00:53.315051Z"",""no_price_dollars"":""0.3000"",""taker_side"":""no"",""ticker"":""KXBTC15M-26APR280715-15"",""trade_id"":""16cc27f1-5253-4699-984c-008793437042"",""yes_price_dollars"":""0.7000""}"
KXBTC15M-26APR280715-15,3a359a93-426f-74e5-27cb-7d2a81147d4e,1777374053,0.7,1.0,no,"{""count_fp"":""1.00"",""created_time"":""2026-04-28T11:00:53.289508Z"",""no_price_dollars"":""0.3000"",""taker_side"":""no"",""ticker"":""KXBTC15M-26APR280715-15"",""trade_id"":""3a359a93-426f-74e5-27cb-7d2a81147d4e"",""yes_price_dollars"":""0.7000""}"
KXBTC15M-26APR280715-15,c4bb297a-062a-6811-9e13-cdb35f310e50,1777374053,0.7,1.0,yes,"{""count_fp"":""1.00"",""created_time"":""2026-04-28T11:00:53.064369Z"",""no_price_dollars"":""0.3000"",""taker_side"":""yes"",""ticker"":""KXBTC15M-26APR280715-15"",""trade_id"":""c4bb297a-062a-6811-9e13-cdb35f310e50"",""yes_price_dollars"":""0.7000""}"
KXBTC15M-26APR280715-15,1b77bcca-d7db-6772-958e-41f244ba7337,1777374053,0.7,6.35,yes,"{""count_fp"":""6.35"",""created_time"":""2026-04-28T11:00:53.064369Z"",""no_price_dollars"":""0.3000"",""taker_side"":""yes"",""ticker"":""KXBTC15M-26APR280715-15"",""trade_id"":""1b77bcca-d7db-6772-958e-41f244ba7337"",""yes_price_dollars"":""0.7000""}"
KXBTC15M-26APR280715-15,15c88e72-5fb6-6801-834a-a373e1bee032,1777374053,0.7,1.0,yes,"{""count_fp"":""1.00"",""created_time"":""2026-04-28T11:00:53.064369Z"",""no_price_dollars"":""0.3000"",""taker_side"":""yes"",""ticker"":""KXBTC15M-26APR280715-15"",""trade_id"":""15c88e72-5fb6-6801-834a-a373e1bee032"",""yes_price_dollars"":""0.7000""}"
KXBTC15M-26APR280715-15,8502da07-e393-614d-5e5b-65a37b72b446,1777374054,0.7,10.0,no,"{""count_fp"":""10.00"",""created_time"":""2026-04-28T11:00:54.613028Z"",""no_price_dollars"":""0.3000"",""taker_side"":""no"",""ticker"":""KXBTC15M-26APR280715-15"",""trade_id"":""8502da07-e393-614d-5e5b-65a37b72b446"",""yes_price_dollars"":""0.7000""}"
KXBTC15M-26APR280715-15,d6cef232-b01e-5072-c26f-c352450efb45,1777374054,0.71,13.58,yes,"{""count_fp"":""13.58"",""created_time"":""2026-04-28T11:00:54.518762Z"",""no_price_dollars"":""0.2900"",""taker_side"":""yes"",""ticker"":""KXBTC15M-26APR280715-15"",""trade_id"":""d6cef232-b01e-5072-c26f-c352450efb45"",""yes_price_dollars"":""0.7100""}"
KXBTC15M-26APR280715-15,fdf1acbf-d121-4b8f-61a4-daa6ca5f4c3b,1777374054,0.71,3.0,yes,"{""count_fp"":""3.00"",""created_time"":""2026-04-28T11:00:54.034577Z"",""no_price_dollars"":""0.2900"",""taker_side"":""yes"",""ticker"":""KXBTC15M-26APR280715-15"",""trade_id"":""fdf1acbf-d121-4b8f-61a4-daa6ca5f4c3b"",""yes_price_dollars"":""0.7100""}"
KXBTC15M-26APR280715-15,980257a1-6dde-454e-4229-24de2b80f805,1777374054,0.71,22.78,yes,"{""count_fp"":""22.78"",""created_time"":""2026-04-28T11:00:54.034577Z"",""no_price_dollars"":""0.2900"",""taker_side"":""yes"",""ticker"":""KXBTC15M-26APR280715-15"",""trade_id"":""980257a1-6dde-454e-4229-24de2b80f805"",""yes_price_dollars"":""0.7100""}"
KXBTC15M-26APR280715-15,2f57d32f-637e-4548-4fd3-de0020283fb3,1777374054,0.71,20.0,yes,"{""count_fp"":""20.00"",""created_time"":""2026-04-28T11:00:54.034577Z"",""no_price_dollars"":""0.2900"",""taker_side"":""yes"",""ticker"":""KXBTC15M-26APR280715-15"",""trade_id"":""2f57d32f-637e-4548-4fd3-de0020283fb3"",""yes_price_dollars"":""0.7100""}"
KXBTC15M-26APR280715-15,1babb7b3-9229-42c3-57fe-d1fcfc89393b,1777374054,0.71,2.0,yes,"{""count_fp"":""2.00"",""created_time"":""2026-04-28T11:00:54.034577Z"",""no_price_dollars"":""0.2900"",""taker_side"":""yes"",""ticker"":""KXBTC15M-26APR280715-15"",""trade_id"":""1babb7b3-9229-42c3-57fe-d1fcfc89393b"",""yes_price_dollars"":""0.7100""}"
KXBTC15M-26APR280715-15,b6d16099-83cb-7541-3884-52a00fe9ac3e,1777374055,0.71,5.34,no,"{""count_fp"":""5.34"",""created_time"":""2026-04-28T11:00:55.999787Z"",""no_price_dollars"":""0.2900"",""taker_side"":""no"",""ticker"":""KXBTC15M-26APR280715-15"",""trade_id"":""b6d16099-83cb-7541-3884-52a00fe9ac3e"",""yes_price_dollars"":""0.7100""}"
KXBTC15M-26APR280715-15,002989a1-3eed-7a7d-29ab-94df84863f3f,1777374055,0.71,15.0,no,"{""count_fp"":""15.00"",""created_time"":""2026-04-28T11:00:55.999787Z"",""no_price_dollars"":""0.2900"",""taker_side"":""no"",""ticker"":""KXBTC15M-26APR280715-15"",""trade_id"":""002989a1-3eed-7a7d-29ab-94df84863f3f"",""yes_price_dollars"":""0.7100""}"
KXBTC15M-26APR280715-15,f8e9db59-c273-7e5d-06d5-974c471f4b2e,1777374055,0.7,7.94,no,"{""count_fp"":""7.94"",""created_time"":""2026-04-28T11:00:55.040632Z"",""no_price_dollars"":""0.3000"",""taker_side"":""no"",""ticker"":""KXBTC15M-26APR280715-15"",""trade_id"":""f8e9db59-c273-7e5d-06d5-974c471f4b2e"",""yes_price_dollars"":""0.7000""}"
KXBTC15M-26APR280715-15,96cb3597-ce38-5f81-1816-138352c3d55b,1777374056,0.69,1.0,no,"{""count_fp"":""1.00"",""created_time"":""2026-04-28T11:00:56.978893Z"",""no_price_dollars"":""0.3100"",""taker_side"":""no"",""ticker"":""KXBTC15M-26APR280715-15"",""trade_id"":""96cb3597-ce38-5f81-1816-138352c3d55b"",""yes_price_dollars"":""0.6900""}"
KXBTC15M-26APR280715-15,67f59acf-4977-56ce-3e8f-752d2e1dca82,1777374056,0.69,3.0,no,"{""count_fp"":""3.00"",""created_time"":""2026-04-28T11:00:56.978893Z"",""no_price_dollars"":""0.3100"",""taker_side"":""no"",""ticker"":""KXBTC15M-26APR280715-15"",""trade_id"":""67f59acf-4977-56ce-3e8f-752d2e1dca82"",""yes_price_dollars"":""0.6900""}"
KXBTC15M-26APR280715-15,61a5c286-dbd0-548e-239e-e0b5d71fdaa2,1777374056,0.69,10.0,no,"{""count_fp"":""10.00"",""created_time"":""2026-04-28T11:00:56.978893Z"",""no_price_dollars"":""0.3100"",""taker_side"":""no"",""ticker"":""KXBTC15M-26APR280715-15"",""trade_id"":""61a5c286-dbd0-548e-239e-e0b5d71fdaa2"",""yes_price_dollars"":""0.6900""}"
KXBTC15M-26APR280715-15,d0773a51-729d-6ac6-3c07-95cab594ddae,1777374056,0.7,0.91,no,"{""count_fp"":""0.91"",""created_time"":""2026-04-28T11:00:56.962332Z"",""no_price_dollars"":""0.3000"",""taker_side"":""no"",""ticker"":""KXBTC15M-26APR280715-15"",""trade_id"":""d0773a51-729d-6ac6-3c07-95cab594ddae"",""yes_price_dollars"":""0.7000""}"
KXBTC15M-26APR280715-15,cf07e152-7335-5582-89dd-309e47bb5692,1777374056,0.7,9.09,no,"{""count_fp"":""9.09"",""created_time"":""2026-04-28T11:00:56.954354Z"",""no_price_dollars"":""0.3000"",""taker_side"":""no"",""ticker"":""KXBTC15M-26APR280715-15"",""trade_id"":""cf07e152-7335-5582-89dd-309e47bb5692"",""yes_price_dollars"":""0.7000""}"
KXBTC15M-26APR280715-15,9bd76d2d-f6a7-5fa2-afc4-92882bb97e24,1777374056,0.7,16.0,no,"{""count_fp"":""16.00"",""created_time"":""2026-04-28T11:00:56.954354Z"",""no_price_dollars"":""0.3000"",""taker_side"":""no"",""ticker"":""KXBTC15M-26APR280715-15"",""trade_id"":""9bd76d2d-f6a7-5fa2-afc4-92882bb97e24"",""yes_price_dollars"":""0.7000""}"
KXBTC15M-26APR280715-15,25ab3f0f-a377-5265-8be6-19f46829f4ce,1777374056,0.7,309.91,no,"{""count_fp"":""309.91"",""created_time"":""2026-04-28T11:00:56.954354Z"",""no_price_dollars"":""0.3000"",""taker_side"":""no"",""ticker"":""KXBTC15M-26APR280715-15"",""trade_id"":""25ab3f0f-a377-5265-8be6-19f46829f4ce"",""yes_price_dollars"":""0.7000""}"
KXBTC15M-26APR280715-15,826e4158-ef6f-69e1-f0a1-ccc73262a79e,1777374056,0.7,155.7,no,"{""count_fp"":""155.70"",""created_time"":""2026-04-28T11:00:56.866298Z"",""no_price_dollars"":""0.3000"",""taker_side"":""no"",""ticker"":""KXBTC15M-26APR280715-15"",""trade_id"":""826e4158-ef6f-69e1-f0a1-ccc73262a79e"",""yes_price_dollars"":""0.7000""}"
KXBTC15M-26APR280715-15,a603fd6c-b177-59a9-a8b9-3584ce94af62,1777374056,0.7,2.71,no,"{""count_fp"":""2.71"",""created_time"":""2026-04-28T11:00:56.781018Z"",""no_price_dollars"":""0.3000"",""taker_side"":""no"",""ticker"":""KXBTC15M-26APR280715-15"",""trade_id"":""a603fd6c-b177-59a9-a8b9-3584ce94af62"",""yes_price_dollars"":""0.7000""}"
KXBTC15M-26APR280715-15,89c89ba5-15ff-557d-af70-ad8b53cf0f3a,1777374056,0.7,29.05,no,"{""count_fp"":""29.05"",""created_time"":""2026-04-28T11:00:56.781018Z"",""no_price_dollars"":""0.3000"",""taker_side"":""no"",""ticker"":""KXBTC15M-26APR280715-15"",""trade_id"":""89c89ba5-15ff-557d-af70-ad8b53cf0f3a"",""yes_price_dollars"":""0.7000""}"
KXBTC15M-26APR280715-15,08565f48-bf86-4f1a-a9a0-471fd826e3f9,1777374056,0.71,10.0,no,"{""count_fp"":""10.00"",""created_time"":""2026-04-28T11:00:56.050523Z"",""no_price_dollars"":""0.2900"",""taker_side"":""no"",""ticker"":""KXBTC15M-26APR280715-15"",""trade_id"":""08565f48-bf86-4f1a-a9a0-471fd826e3f9"",""yes_price_dollars"":""0.7100""}"
KXBTC15M-26APR280715-15,f80d07cb-2b54-46fc-ea91-e2b80df4e2b3,1777374056,0.72,3.0,yes,"{""count_fp"":""3.00"",""created_time"":""2026-04-28T11:00:56.038478Z"",""no_price_dollars"":""0.2800"",""taker_side"":""yes"",""ticker"":""KXBTC15M-26APR280715-15"",""trade_id"":""f80d07cb-2b54-46fc-ea91-e2b80df4e2b3"",""yes_price_dollars"":""0.7200""}"
