ticker,trade_id,ts,yes_price,count,taker_side,raw_json
KXBTC15M-26APR281430-30,5f523238-63d5-65e3-3b3e-264f4fccdb0a,1777400101,0.49,11.0,yes,"{""count_fp"":""11.00"",""created_time"":""2026-04-28T18:15:01.602011Z"",""no_price_dollars"":""0.5100"",""taker_side"":""yes"",""ticker"":""KXBTC15M-26APR281430-30"",""trade_id"":""5f523238-63d5-65e3-3b3e-264f4fccdb0a"",""yes_price_dollars"":""0.4900""}"
KXBTC15M-26APR281430-30,9af602da-970f-7ab4-8d98-0d3065e962e1,1777400101,0.46,5.0,no,"{""count_fp"":""5.00"",""created_time"":""2026-04-28T18:15:01.175812Z"",""no_price_dollars"":""0.5400"",""taker_side"":""no"",""ticker"":""KXBTC15M-26APR281430-30"",""trade_id"":""9af602da-970f-7ab4-8d98-0d3065e962e1"",""yes_price_dollars"":""0.4600""}"
KXBTC15M-26APR281430-30,95489981-46eb-7fbc-b191-54a6f834ea4a,1777400101,0.46,15.0,no,"{""count_fp"":""15.00"",""created_time"":""2026-04-28T18:15:01.175812Z"",""no_price_dollars"":""0.5400"",""taker_side"":""no"",""ticker"":""KXBTC15M-26APR281430-30"",""trade_id"":""95489981-46eb-7fbc-b191-54a6f834ea4a"",""yes_price_dollars"":""0.4600""}"
KXBTC15M-26APR281430-30,1e2e2083-c6a5-7946-bd94-2726aa272014,1777400101,0.46,1.0,no,"{""count_fp"":""1.00"",""created_time"":""2026-04-28T18:15:01.175812Z"",""no_price_dollars"":""0.5400"",""taker_side"":""no"",""ticker"":""KXBTC15M-26APR281430-30"",""trade_id"":""1e2e2083-c6a5-7946-bd94-2726aa272014"",""yes_price_dollars"":""0.4600""}"
KXBTC15M-26APR281430-30,fe453222-7324-63be-ac1c-76d399a224a7,1777400104,0.48,5.0,yes,"{""count_fp"":""5.00"",""created_time"":""2026-04-28T18:15:04.830875Z"",""no_price_dollars"":""0.5200"",""taker_side"":""yes"",""ticker"":""KXBTC15M-26APR281430-30"",""trade_id"":""fe453222-7324-63be-ac1c-76d399a224a7"",""yes_price_dollars"":""0.4800""}"
KXBTC15M-26APR281430-30,da2b3917-edcd-64b1-ab7b-c3d8136c293c,1777400104,0.48,3.0,yes,"{""count_fp"":""3.00"",""created_time"":""2026-04-28T18:15:04.830875Z"",""no_price_dollars"":""0.5200"",""taker_side"":""yes"",""ticker"":""KXBTC15M-26APR281430-30"",""trade_id"":""da2b3917-edcd-64b1-ab7b-c3d8136c293c"",""yes_price_dollars"":""0.4800""}"
KXBTC15M-26APR281430-30,d1e227e4-267e-6032-9ffd-145f7b6e0d03,1777400104,0.5,2.0,yes,"{""count_fp"":""2.00"",""created_time"":""2026-04-28T18:15:04.830875Z"",""no_price_dollars"":""0.5000"",""taker_side"":""yes"",""ticker"":""KXBTC15M-26APR281430-30"",""trade_id"":""d1e227e4-267e-6032-9ffd-145f7b6e0d03"",""yes_price_dollars"":""0.5000""}"
KXBTC15M-26APR281430-30,b9ce39ee-acc2-687a-8e37-ec57f2612668,1777400104,0.48,5.0,yes,"{""count_fp"":""5.00"",""created_time"":""2026-04-28T18:15:04.830875Z"",""no_price_dollars"":""0.5200"",""taker_side"":""yes"",""ticker"":""KXBTC15M-26APR281430-30"",""trade_id"":""b9ce39ee-acc2-687a-8e37-ec57f2612668"",""yes_price_dollars"":""0.4800""}"
KXBTC15M-26APR281430-30,82129a94-61e8-6386-92b8-f85e734dabe3,1777400104,0.48,9.0,yes,"{""count_fp"":""9.00"",""created_time"":""2026-04-28T18:15:04.830875Z"",""no_price_dollars"":""0.5200"",""taker_side"":""yes"",""ticker"":""KXBTC15M-26APR281430-30"",""trade_id"":""82129a94-61e8-6386-92b8-f85e734dabe3"",""yes_price_dollars"":""0.4800""}"
KXBTC15M-26APR281430-30,77c6a53a-bebf-659a-bb20-1b1d8fba4327,1777400104,0.5,1.0,yes,"{""count_fp"":""1.00"",""created_time"":""2026-04-28T18:15:04.830875Z"",""no_price_dollars"":""0.5000"",""taker_side"":""yes"",""ticker"":""KXBTC15M-26APR281430-30"",""trade_id"":""77c6a53a-bebf-659a-bb20-1b1d8fba4327"",""yes_price_dollars"":""0.5000""}"
KXBTC15M-26APR281430-30,71511407-b18d-6267-b33a-30c2090f0481,1777400104,0.48,3.0,yes,"{""count_fp"":""3.00"",""created_time"":""2026-04-28T18:15:04.830875Z"",""no_price_dollars"":""0.5200"",""taker_side"":""yes"",""ticker"":""KXBTC15M-26APR281430-30"",""trade_id"":""71511407-b18d-6267-b33a-30c2090f0481"",""yes_price_dollars"":""0.4800""}"
KXBTC15M-26APR281430-30,0adfe81c-fa6a-652d-9fc9-bae722479952,1777400104,0.5,15.0,yes,"{""count_fp"":""15.00"",""created_time"":""2026-04-28T18:15:04.830875Z"",""no_price_dollars"":""0.5000"",""taker_side"":""yes"",""ticker"":""KXBTC15M-26APR281430-30"",""trade_id"":""0adfe81c-fa6a-652d-9fc9-bae722479952"",""yes_price_dollars"":""0.5000""}"
KXBTC15M-26APR281430-30,0649daa4-d76c-6338-a6be-b274ba0ecd78,1777400104,0.5,0.19,yes,"{""count_fp"":""0.19"",""created_time"":""2026-04-28T18:15:04.830875Z"",""no_price_dollars"":""0.5000"",""taker_side"":""yes"",""ticker"":""KXBTC15M-26APR281430-30"",""trade_id"":""0649daa4-d76c-6338-a6be-b274ba0ecd78"",""yes_price_dollars"":""0.5000""}"
KXBTC15M-26APR281430-30,f8786c44-3b83-6ef3-800d-a89045dd57ab,1777400105,0.47,17.0,no,"{""count_fp"":""17.00"",""created_time"":""2026-04-28T18:15:05.061939Z"",""no_price_dollars"":""0.5300"",""taker_side"":""no"",""ticker"":""KXBTC15M-26APR281430-30"",""trade_id"":""f8786c44-3b83-6ef3-800d-a89045dd57ab"",""yes_price_dollars"":""0.4700""}"
KXBTC15M-26APR281430-30,d8f3e737-72a9-6e67-b27d-3dcdab548f84,1777400105,0.47,5.0,no,"{""count_fp"":""5.00"",""created_time"":""2026-04-28T18:15:05.061939Z"",""no_price_dollars"":""0.5300"",""taker_side"":""no"",""ticker"":""KXBTC15M-26APR281430-30"",""trade_id"":""d8f3e737-72a9-6e67-b27d-3dcdab548f84"",""yes_price_dollars"":""0.4700""}"
KXBTC15M-26APR281430-30,5f0dbf76-7233-6c0e-91e3-f3fa9da9e52e,1777400105,0.47,11.0,no,"{""count_fp"":""11.00"",""created_time"":""2026-04-28T18:15:05.061939Z"",""no_price_dollars"":""0.5300"",""taker_side"":""no"",""ticker"":""KXBTC15M-26APR281430-30"",""trade_id"":""5f0dbf76-7233-6c0e-91e3-f3fa9da9e52e"",""yes_price_dollars"":""0.4700""}"
KXBTC15M-26APR281430-30,413e8535-4778-4278-e5ea-a81b61a869c4,1777400106,0.5,4.81,yes,"{""count_fp"":""4.81"",""created_time"":""2026-04-28T18:15:06.606516Z"",""no_price_dollars"":""0.5000"",""taker_side"":""yes"",""ticker"":""KXBTC15M-26APR281430-30"",""trade_id"":""413e8535-4778-4278-e5ea-a81b61a869c4"",""yes_price_dollars"":""0.5000""}"
KXBTC15M-26APR281430-30,3e07df27-4a3b-4192-eae6-e460f7399596,1777400106,0.5,1.0,yes,"{""count_fp"":""1.00"",""created_time"":""2026-04-28T18:15:06.606516Z"",""no_price_dollars"":""0.5000"",""taker_side"":""yes"",""ticker"":""KXBTC15M-26APR281430-30"",""trade_id"":""3e07df27-4a3b-4192-eae6-e460f7399596"",""yes_price_dollars"":""0.5000""}"
KXBTC15M-26APR281430-30,339d3b74-29b0-4a0d-e713-f08408eb769c,1777400106,0.5,12.91,yes,"{""count_fp"":""12.91"",""created_time"":""2026-04-28T18:15:06.606516Z"",""no_price_dollars"":""0.5000"",""taker_side"":""yes"",""ticker"":""KXBTC15M-26APR281430-30"",""trade_id"":""339d3b74-29b0-4a0d-e713-f08408eb769c"",""yes_price_dollars"":""0.5000""}"
KXBTC15M-26APR281430-30,e73620c8-d893-5e48-294c-6517e014a27c,1777400106,0.46,1.0,no,"{""count_fp"":""1.00"",""created_time"":""2026-04-28T18:15:06.256763Z"",""no_price_dollars"":""0.5400"",""taker_side"":""no"",""ticker"":""KXBTC15M-26APR281430-30"",""trade_id"":""e73620c8-d893-5e48-294c-6517e014a27c"",""yes_price_dollars"":""0.4600""}"
KXBTC15M-26APR281430-30,06035224-1824-50a0-2150-3ab36ebb1370,1777400106,0.46,16.94,no,"{""count_fp"":""16.94"",""created_time"":""2026-04-28T18:15:06.256763Z"",""no_price_dollars"":""0.5400"",""taker_side"":""no"",""ticker"":""KXBTC15M-26APR281430-30"",""trade_id"":""06035224-1824-50a0-2150-3ab36ebb1370"",""yes_price_dollars"":""0.4600""}"
KXBTC15M-26APR281430-30,99fd871f-8fe4-5a63-a743-670931c6f0d3,1777400107,0.5,18.26,no,"{""count_fp"":""18.26"",""created_time"":""2026-04-28T18:15:07.932489Z"",""no_price_dollars"":""0.5000"",""taker_side"":""no"",""ticker"":""KXBTC15M-26APR281430-30"",""trade_id"":""99fd871f-8fe4-5a63-a743-670931c6f0d3"",""yes_price_dollars"":""0.5000""}"
KXBTC15M-26APR281430-30,3a226614-9160-490f-30b1-65d4adac247f,1777400107,0.5,30.0,no,"{""count_fp"":""30.00"",""created_time"":""2026-04-28T18:15:07.889258Z"",""no_price_dollars"":""0.5000"",""taker_side"":""no"",""ticker"":""KXBTC15M-26APR281430-30"",""trade_id"":""3a226614-9160-490f-30b1-65d4adac247f"",""yes_price_dollars"":""0.5000""}"
KXBTC15M-26APR281430-30,6bf429be-25b3-5348-dc77-20d154d5eaf6,1777400107,0.5,10.0,yes,"{""count_fp"":""10.00"",""created_time"":""2026-04-28T18:15:07.256404Z"",""no_price_dollars"":""0.5000"",""taker_side"":""yes"",""ticker"":""KXBTC15M-26APR281430-30"",""trade_id"":""6bf429be-25b3-5348-dc77-20d154d5eaf6"",""yes_price_dollars"":""0.5000""}"
KXBTC15M-26APR281430-30,656d784e-bb2e-557a-f1ef-b1f8a3bb0747,1777400107,0.48,6.22,yes,"{""count_fp"":""6.22"",""created_time"":""2026-04-28T18:15:07.256404Z"",""no_price_dollars"":""0.5200"",""taker_side"":""yes"",""ticker"":""KXBTC15M-26APR281430-30"",""trade_id"":""656d784e-bb2e-557a-f1ef-b1f8a3bb0747"",""yes_price_dollars"":""0.4800""}"
KXBTC15M-26APR281430-30,29def6f7-c290-576b-ef2c-7df8d9bffcfa,1777400107,0.5,13.0,yes,"{""count_fp"":""13.00"",""created_time"":""2026-04-28T18:15:07.256404Z"",""no_price_dollars"":""0.5000"",""taker_side"":""yes"",""ticker"":""KXBTC15M-26APR281430-30"",""trade_id"":""29def6f7-c290-576b-ef2c-7df8d9bffcfa"",""yes_price_dollars"":""0.5000""}"
KXBTC15M-26APR281430-30,05167fa9-b68c-574d-e07f-0cf51ec3aee8,1777400107,0.5,107.09,yes,"{""count_fp"":""107.09"",""created_time"":""2026-04-28T18:15:07.256404Z"",""no_price_dollars"":""0.5000"",""taker_side"":""yes"",""ticker"":""KXBTC15M-26APR281430-30"",""trade_id"":""05167fa9-b68c-574d-e07f-0cf51ec3aee8"",""yes_price_dollars"":""0.5000""}"
KXBTC15M-26APR281430-30,33047225-e162-673a-f7b0-8687ed02fec7,1777400107,0.48,13.78,yes,"{""count_fp"":""13.78"",""created_time"":""2026-04-28T18:15:07.200397Z"",""no_price_dollars"":""0.5200"",""taker_side"":""yes"",""ticker"":""KXBTC15M-26APR281430-30"",""trade_id"":""33047225-e162-673a-f7b0-8687ed02fec7"",""yes_price_dollars"":""0.4800""}"
KXBTC15M-26APR281430-30,598a12db-1ca0-5101-b3f1-238d14b4c5e6,1777400108,0.52,4.0,yes,"{""count_fp"":""4.00"",""created_time"":""2026-04-28T18:15:08.880438Z"",""no_price_dollars"":""0.4800"",""taker_side"":""yes"",""ticker"":""KXBTC15M-26APR281430-30"",""trade_id"":""598a12db-1ca0-5101-b3f1-238d14b4c5e6"",""yes_price_dollars"":""0.5200""}"
KXBTC15M-26APR281430-30,0921b97c-deaf-55f8-bd2a-331ca512c142,1777400108,0.51,14.0,yes,"{""count_fp"":""14.00"",""created_time"":""2026-04-28T18:15:08.880438Z"",""no_price_dollars"":""0.4900"",""taker_side"":""yes"",""ticker"":""KXBTC15M-26APR281430-30"",""trade_id"":""0921b97c-deaf-55f8-bd2a-331ca512c142"",""yes_price_dollars"":""0.5100""}"
KXBTC15M-26APR281430-30,f3b16b21-bb1f-50f3-0148-26df7749ea83,1777400108,0.48,108.91,no,"{""count_fp"":""108.91"",""created_time"":""2026-04-28T18:15:08.873187Z"",""no_price_dollars"":""0.5200"",""taker_side"":""no"",""ticker"":""KXBTC15M-26APR281430-30"",""trade_id"":""f3b16b21-bb1f-50f3-0148-26df7749ea83"",""yes_price_dollars"":""0.4800""}"
KXBTC15M-26APR281430-30,77c037dc-985c-5203-3cf8-66355785f0ab,1777400108,0.5,63.64,no,"{""count_fp"":""63.64"",""created_time"":""2026-04-28T18:15:08.873187Z"",""no_price_dollars"":""0.5000"",""taker_side"":""no"",""ticker"":""KXBTC15M-26APR281430-30"",""trade_id"":""77c037dc-985c-5203-3cf8-66355785f0ab"",""yes_price_dollars"":""0.5000""}"
KXBTC15M-26APR281430-30,1c59126c-0a60-5fb9-0de2-d6af96944860,1777400108,0.5,13.0,no,"{""count_fp"":""13.00"",""created_time"":""2026-04-28T18:15:08.873187Z"",""no_price_dollars"":""0.5000"",""taker_side"":""no"",""ticker"":""KXBTC15M-26APR281430-30"",""trade_id"":""1c59126c-0a60-5fb9-0de2-d6af96944860"",""yes_price_dollars"":""0.5000""}"
KXBTC15M-26APR281430-30,db711e59-277e-6890-41a6-9c37fd074b87,1777400109,0.52,14.0,yes,"{""count_fp"":""14.00"",""created_time"":""2026-04-28T18:15:09.573734Z"",""no_price_dollars"":""0.4800"",""taker_side"":""yes"",""ticker"":""KXBTC15M-26APR281430-30"",""trade_id"":""db711e59-277e-6890-41a6-9c37fd074b87"",""yes_price_dollars"":""0.5200""}"
KXBTC15M-26APR281430-30,cf49aa39-ac50-643c-49c3-6d4e6172c35d,1777400109,0.52,49.72,yes,"{""count_fp"":""49.72"",""created_time"":""2026-04-28T18:15:09.573734Z"",""no_price_dollars"":""0.4800"",""taker_side"":""yes"",""ticker"":""KXBTC15M-26APR281430-30"",""trade_id"":""cf49aa39-ac50-643c-49c3-6d4e6172c35d"",""yes_price_dollars"":""0.5200""}"
KXBTC15M-26APR281430-30,a75172c7-e1a7-6778-3eba-d3e3e28b2a0d,1777400110,0.47,10.0,no,"{""count_fp"":""10.00"",""created_time"":""2026-04-28T18:15:10.960912Z"",""no_price_dollars"":""0.5300"",""taker_side"":""no"",""ticker"":""KXBTC15M-26APR281430-30"",""trade_id"":""a75172c7-e1a7-6778-3eba-d3e3e28b2a0d"",""yes_price_dollars"":""0.4700""}"
KXBTC15M-26APR281430-30,e1544057-3cb4-4028-05fd-9503c2bd9809,1777400110,0.49,39.07,yes,"{""count_fp"":""39.07"",""created_time"":""2026-04-28T18:15:10.840383Z"",""no_price_dollars"":""0.5100"",""taker_side"":""yes"",""ticker"":""KXBTC15M-26APR281430-30"",""trade_id"":""e1544057-3cb4-4028-05fd-9503c2bd9809"",""yes_price_dollars"":""0.4900""}"
KXBTC15M-26APR281430-30,d8f61913-7a51-7e2d-d266-2419018f2880,1777400110,0.48,1.0,no,"{""count_fp"":""1.00"",""created_time"":""2026-04-28T18:15:10.258604Z"",""no_price_dollars"":""0.5200"",""taker_side"":""no"",""ticker"":""KXBTC15M-26APR281430-30"",""trade_id"":""d8f61913-7a51-7e2d-d266-2419018f2880"",""yes_price_dollars"":""0.4800""}"
KXBTC15M-26APR281430-30,c9916f9a-35b4-5e94-975b-c3dd88c49319,1777400110,0.5,7.44,yes,"{""count_fp"":""7.44"",""created_time"":""2026-04-28T18:15:10.231587Z"",""no_price_dollars"":""0.5000"",""taker_side"":""yes"",""ticker"":""KXBTC15M-26APR281430-30"",""trade_id"":""c9916f9a-35b4-5e94-975b-c3dd88c49319"",""yes_price_dollars"":""0.5000""}"
KXBTC15M-26APR281430-30,12532589-3e90-78e4-1e2a-434b389a3775,1777400110,0.5,13.02,yes,"{""count_fp"":""13.02"",""created_time"":""2026-04-28T18:15:10.231527Z"",""no_price_dollars"":""0.5000"",""taker_side"":""yes"",""ticker"":""KXBTC15M-26APR281430-30"",""trade_id"":""12532589-3e90-78e4-1e2a-434b389a3775"",""yes_price_dollars"":""0.5000""}"
KXBTC15M-26APR281430-30,e4d8548f-d767-77f4-299f-eccea97dfb3b,1777400111,0.47,16.08,yes,"{""count_fp"":""16.08"",""created_time"":""2026-04-28T18:15:11.960762Z"",""no_price_dollars"":""0.5300"",""taker_side"":""yes"",""ticker"":""KXBTC15M-26APR281430-30"",""trade_id"":""e4d8548f-d767-77f4-299f-eccea97dfb3b"",""yes_price_dollars"":""0.4700""}"
KXBTC15M-26APR281430-30,b1cbff0a-e4db-71eb-1c34-afaaaed6c1a9,1777400111,0.47,0.24,yes,"{""count_fp"":""0.24"",""created_time"":""2026-04-28T18:15:11.960762Z"",""no_price_dollars"":""0.5300"",""taker_side"":""yes"",""ticker"":""KXBTC15M-26APR281430-30"",""trade_id"":""b1cbff0a-e4db-71eb-1c34-afaaaed6c1a9"",""yes_price_dollars"":""0.4700""}"
KXBTC15M-26APR281430-30,38d470ea-b451-7153-31db-c515fbdb4a4b,1777400111,0.47,3.0,yes,"{""count_fp"":""3.00"",""created_time"":""2026-04-28T18:15:11.960762Z"",""no_price_dollars"":""0.5300"",""taker_side"":""yes"",""ticker"":""KXBTC15M-26APR281430-30"",""trade_id"":""38d470ea-b451-7153-31db-c515fbdb4a4b"",""yes_price_dollars"":""0.4700""}"
KXBTC15M-26APR281430-30,c18ba5fd-2737-6ea3-5ae5-e5b0b651b5ad,1777400111,0.47,6.76,yes,"{""count_fp"":""6.76"",""created_time"":""2026-04-28T18:15:11.689944Z"",""no_price_dollars"":""0.5300"",""taker_side"":""yes"",""ticker"":""KXBTC15M-26APR281430-30"",""trade_id"":""c18ba5fd-2737-6ea3-5ae5-e5b0b651b5ad"",""yes_price_dollars"":""0.4700""}"
KXBTC15M-26APR281430-30,cce20f80-0ad8-68a8-f5c8-4820f0cb98d1,1777400111,0.47,19.32,yes,"{""count_fp"":""19.32"",""created_time"":""2026-04-28T18:15:11.613937Z"",""no_price_dollars"":""0.5300"",""taker_side"":""yes"",""ticker"":""KXBTC15M-26APR281430-30"",""trade_id"":""cce20f80-0ad8-68a8-f5c8-4820f0cb98d1"",""yes_price_dollars"":""0.4700""}"
KXBTC15M-26APR281430-30,acb7d0ee-e2a4-467c-52f1-2bd675804c25,1777400111,0.47,1.0,yes,"{""count_fp"":""1.00"",""created_time"":""2026-04-28T18:15:11.525706Z"",""no_price_dollars"":""0.5300"",""taker_side"":""yes"",""ticker"":""KXBTC15M-26APR281430-30"",""trade_id"":""acb7d0ee-e2a4-467c-52f1-2bd675804c25"",""yes_price_dollars"":""0.4700""}"
KXBTC15M-26APR281430-30,39d87bef-8ed9-5261-617a-2d9d3bc739f4,1777400112,0.47,3.0,yes,"{""count_fp"":""3.00"",""created_time"":""2026-04-28T18:15:12.959765Z"",""no_price_dollars"":""0.5300"",""taker_side"":""yes"",""ticker"":""KXBTC15M-26APR281430-30"",""trade_id"":""39d87bef-8ed9-5261-617a-2d9d3bc739f4"",""yes_price_dollars"":""0.4700""}"
KXBTC15M-26APR281430-30,0a84d45a-0f71-5a29-47c0-be325c79c7f0,1777400112,0.48,197.0,yes,"{""count_fp"":""197.00"",""created_time"":""2026-04-28T18:15:12.959765Z"",""no_price_dollars"":""0.5200"",""taker_side"":""yes"",""ticker"":""KXBTC15M-26APR281430-30"",""trade_id"":""0a84d45a-0f71-5a29-47c0-be325c79c7f0"",""yes_price_dollars"":""0.4800""}"
KXBTC15M-26APR281430-30,cd33c392-acb1-6e3f-3995-ac6d2e06551f,1777400112,0.47,2.12,yes,"{""count_fp"":""2.12"",""created_time"":""2026-04-28T18:15:12.815235Z"",""no_price_dollars"":""0.5300"",""taker_side"":""yes"",""ticker"":""KXBTC15M-26APR281430-30"",""trade_id"":""cd33c392-acb1-6e3f-3995-ac6d2e06551f"",""yes_price_dollars"":""0.4700""}"
KXBTC15M-26APR281430-30,79e147f6-19c5-64b2-0344-34f58148484c,1777400112,0.47,5.0,yes,"{""count_fp"":""5.00"",""created_time"":""2026-04-28T18:15:12.815235Z"",""no_price_dollars"":""0.5300"",""taker_side"":""yes"",""ticker"":""KXBTC15M-26APR281430-30"",""trade_id"":""79e147f6-19c5-64b2-0344-34f58148484c"",""yes_price_dollars"":""0.4700""}"
KXBTC15M-26APR281430-30,225f565a-9dc9-6459-3e10-d2abd240c4c0,1777400112,0.48,12.2,yes,"{""count_fp"":""12.20"",""created_time"":""2026-04-28T18:15:12.815235Z"",""no_price_dollars"":""0.5200"",""taker_side"":""yes"",""ticker"":""KXBTC15M-26APR281430-30"",""trade_id"":""225f565a-9dc9-6459-3e10-d2abd240c4c0"",""yes_price_dollars"":""0.4800""}"
KXBTC15M-26APR281430-30,fbf64535-9e1d-6ed7-1514-75dccaeecc5b,1777400112,0.47,3.0,yes,"{""count_fp"":""3.00"",""created_time"":""2026-04-28T18:15:12.713199Z"",""no_price_dollars"":""0.5300"",""taker_side"":""yes"",""ticker"":""KXBTC15M-26APR281430-30"",""trade_id"":""fbf64535-9e1d-6ed7-1514-75dccaeecc5b"",""yes_price_dollars"":""0.4700""}"
KXBTC15M-26APR281430-30,dd9146f7-3651-697b-29ca-88b6cf95d5bf,1777400112,0.47,11.88,yes,"{""count_fp"":""11.88"",""created_time"":""2026-04-28T18:15:12.713199Z"",""no_price_dollars"":""0.5300"",""taker_side"":""yes"",""ticker"":""KXBTC15M-26APR281430-30"",""trade_id"":""dd9146f7-3651-697b-29ca-88b6cf95d5bf"",""yes_price_dollars"":""0.4700""}"
KXBTC15M-26APR281430-30,95fa198c-14d3-5d64-e0e3-a27010db7293,1777400112,0.47,39.92,yes,"{""count_fp"":""39.92"",""created_time"":""2026-04-28T18:15:12.165853Z"",""no_price_dollars"":""0.5300"",""taker_side"":""yes"",""ticker"":""KXBTC15M-26APR281430-30"",""trade_id"":""95fa198c-14d3-5d64-e0e3-a27010db7293"",""yes_price_dollars"":""0.4700""}"
KXBTC15M-26APR281430-30,88683315-d446-5800-d964-b3a1a1464ff5,1777400112,0.47,30.0,yes,"{""count_fp"":""30.00"",""created_time"":""2026-04-28T18:15:12.165853Z"",""no_price_dollars"":""0.5300"",""taker_side"":""yes"",""ticker"":""KXBTC15M-26APR281430-30"",""trade_id"":""88683315-d446-5800-d964-b3a1a1464ff5"",""yes_price_dollars"":""0.4700""}"
KXBTC15M-26APR281430-30,7fe491db-7739-5e6d-f8f5-31998f2e783c,1777400112,0.48,2.08,yes,"{""count_fp"":""2.08"",""created_time"":""2026-04-28T18:15:12.165853Z"",""no_price_dollars"":""0.5200"",""taker_side"":""yes"",""ticker"":""KXBTC15M-26APR281430-30"",""trade_id"":""7fe491db-7739-5e6d-f8f5-31998f2e783c"",""yes_price_dollars"":""0.4800""}"
KXBTC15M-26APR281430-30,298a9380-46e3-5f52-cee2-16af62509c90,1777400112,0.46,3.0,yes,"{""count_fp"":""3.00"",""created_time"":""2026-04-28T18:15:12.165853Z"",""no_price_dollars"":""0.5400"",""taker_side"":""yes"",""ticker"":""KXBTC15M-26APR281430-30"",""trade_id"":""298a9380-46e3-5f52-cee2-16af62509c90"",""yes_price_dollars"":""0.4600""}"
KXBTC15M-26APR281430-30,f292ba88-0634-4ebb-37ac-5c6ab62543bd,1777400112,0.45,21.0,no,"{""count_fp"":""21.00"",""created_time"":""2026-04-28T18:15:12.092648Z"",""no_price_dollars"":""0.5500"",""taker_side"":""no"",""ticker"":""KXBTC15M-26APR281430-30"",""trade_id"":""f292ba88-0634-4ebb-37ac-5c6ab62543bd"",""yes_price_dollars"":""0.4500""}"
KXBTC15M-26APR281430-30,f1979067-4d78-4d87-3db7-f55044a115fe,1777400112,0.44,3.0,no,"{""count_fp"":""3.00"",""created_time"":""2026-04-28T18:15:12.092648Z"",""no_price_dollars"":""0.5600"",""taker_side"":""no"",""ticker"":""KXBTC15M-26APR281430-30"",""trade_id"":""f1979067-4d78-4d87-3db7-f55044a115fe"",""yes_price_dollars"":""0.4400""}"
KXBTC15M-26APR281430-30,c243c70f-03e8-45da-26a7-7be3c120c5b1,1777400112,0.45,4.0,no,"{""count_fp"":""4.00"",""created_time"":""2026-04-28T18:15:12.092648Z"",""no_price_dollars"":""0.5500"",""taker_side"":""no"",""ticker"":""KXBTC15M-26APR281430-30"",""trade_id"":""c243c70f-03e8-45da-26a7-7be3c120c5b1"",""yes_price_dollars"":""0.4500""}"
KXBTC15M-26APR281430-30,c158db3e-5937-4421-0b3d-5eaf2d433bd9,1777400112,0.43,56.0,no,"{""count_fp"":""56.00"",""created_time"":""2026-04-28T18:15:12.092648Z"",""no_price_dollars"":""0.5700"",""taker_side"":""no"",""ticker"":""KXBTC15M-26APR281430-30"",""trade_id"":""c158db3e-5937-4421-0b3d-5eaf2d433bd9"",""yes_price_dollars"":""0.4300""}"
KXBTC15M-26APR281430-30,8a830ce5-5f5c-4867-3444-c4d85b940c6c,1777400112,0.43,5.0,no,"{""count_fp"":""5.00"",""created_time"":""2026-04-28T18:15:12.092648Z"",""no_price_dollars"":""0.5700"",""taker_side"":""no"",""ticker"":""KXBTC15M-26APR281430-30"",""trade_id"":""8a830ce5-5f5c-4867-3444-c4d85b940c6c"",""yes_price_dollars"":""0.4300""}"
KXBTC15M-26APR281430-30,6e034492-16a3-4140-0817-15e3b325c9d2,1777400112,0.46,10.0,no,"{""count_fp"":""10.00"",""created_time"":""2026-04-28T18:15:12.092648Z"",""no_price_dollars"":""0.5400"",""taker_side"":""no"",""ticker"":""KXBTC15M-26APR281430-30"",""trade_id"":""6e034492-16a3-4140-0817-15e3b325c9d2"",""yes_price_dollars"":""0.4600""}"
KXBTC15M-26APR281430-30,6c418b62-653c-46c6-0a80-f7ea6ed5997a,1777400112,0.43,1100.0,no,"{""count_fp"":""1100.00"",""created_time"":""2026-04-28T18:15:12.092648Z"",""no_price_dollars"":""0.5700"",""taker_side"":""no"",""ticker"":""KXBTC15M-26APR281430-30"",""trade_id"":""6c418b62-653c-46c6-0a80-f7ea6ed5997a"",""yes_price_dollars"":""0.4300""}"
KXBTC15M-26APR281430-30,6c264d34-a5ee-4ea0-0f4a-b75d01f21441,1777400112,0.43,2.0,no,"{""count_fp"":""2.00"",""created_time"":""2026-04-28T18:15:12.092648Z"",""no_price_dollars"":""0.5700"",""taker_side"":""no"",""ticker"":""KXBTC15M-26APR281430-30"",""trade_id"":""6c264d34-a5ee-4ea0-0f4a-b75d01f21441"",""yes_price_dollars"":""0.4300""}"
KXBTC15M-26APR281430-30,3e502706-d838-4d76-1796-ea994ea6f0c8,1777400112,0.43,350.61,no,"{""count_fp"":""350.61"",""created_time"":""2026-04-28T18:15:12.092648Z"",""no_price_dollars"":""0.5700"",""taker_side"":""no"",""ticker"":""KXBTC15M-26APR281430-30"",""trade_id"":""3e502706-d838-4d76-1796-ea994ea6f0c8"",""yes_price_dollars"":""0.4300""}"
KXBTC15M-26APR281430-30,3ca4be7b-b2fb-4e93-10b1-eed7da2b5f3a,1777400112,0.43,1.0,no,"{""count_fp"":""1.00"",""created_time"":""2026-04-28T18:15:12.092648Z"",""no_price_dollars"":""0.5700"",""taker_side"":""no"",""ticker"":""KXBTC15M-26APR281430-30"",""trade_id"":""3ca4be7b-b2fb-4e93-10b1-eed7da2b5f3a"",""yes_price_dollars"":""0.4300""}"
KXBTC15M-26APR281430-30,1fde49be-afd4-440e-1670-8a3856af3164,1777400112,0.44,1.0,no,"{""count_fp"":""1.00"",""created_time"":""2026-04-28T18:15:12.092648Z"",""no_price_dollars"":""0.5600"",""taker_side"":""no"",""ticker"":""KXBTC15M-26APR281430-30"",""trade_id"":""1fde49be-afd4-440e-1670-8a3856af3164"",""yes_price_dollars"":""0.4400""}"
KXBTC15M-26APR281430-30,06301ee0-b7a4-41ed-247c-5b6ab1236b42,1777400112,0.45,8.0,no,"{""count_fp"":""8.00"",""created_time"":""2026-04-28T18:15:12.092648Z"",""no_price_dollars"":""0.5500"",""taker_side"":""no"",""ticker"":""KXBTC15M-26APR281430-30"",""trade_id"":""06301ee0-b7a4-41ed-247c-5b6ab1236b42"",""yes_price_dollars"":""0.4500""}"
KXBTC15M-26APR281430-30,00701ed7-765e-488f-076f-a587a7a3df42,1777400112,0.45,1.0,no,"{""count_fp"":""1.00"",""created_time"":""2026-04-28T18:15:12.092648Z"",""no_price_dollars"":""0.5500"",""taker_side"":""no"",""ticker"":""KXBTC15M-26APR281430-30"",""trade_id"":""00701ed7-765e-488f-076f-a587a7a3df42"",""yes_price_dollars"":""0.4500""}"
KXBTC15M-26APR281430-30,574777ce-1fa9-5b81-1f0c-eb1409b47750,1777400113,0.47,40.53,yes,"{""count_fp"":""40.53"",""created_time"":""2026-04-28T18:15:13.793059Z"",""no_price_dollars"":""0.5300"",""taker_side"":""yes"",""ticker"":""KXBTC15M-26APR281430-30"",""trade_id"":""574777ce-1fa9-5b81-1f0c-eb1409b47750"",""yes_price_dollars"":""0.4700""}"
KXBTC15M-26APR281430-30,ceccddf7-8141-5b01-1e8c-9c29576c9bc0,1777400114,0.47,22.11,yes,"{""count_fp"":""22.11"",""created_time"":""2026-04-28T18:15:14.265066Z"",""no_price_dollars"":""0.5300"",""taker_side"":""yes"",""ticker"":""KXBTC15M-26APR281430-30"",""trade_id"":""ceccddf7-8141-5b01-1e8c-9c29576c9bc0"",""yes_price_dollars"":""0.4700""}"
KXBTC15M-26APR281430-30,adf40e60-4f19-782d-1f1c-a1703c356688,1777400114,0.47,10.05,yes,"{""count_fp"":""10.05"",""created_time"":""2026-04-28T18:15:14.258944Z"",""no_price_dollars"":""0.5300"",""taker_side"":""yes"",""ticker"":""KXBTC15M-26APR281430-30"",""trade_id"":""adf40e60-4f19-782d-1f1c-a1703c356688"",""yes_price_dollars"":""0.4700""}"
KXBTC15M-26APR281430-30,cc340025-40f1-5991-10aa-9a1623b47158,1777400114,0.47,1.93,yes,"{""count_fp"":""1.93"",""created_time"":""2026-04-28T18:15:14.217909Z"",""no_price_dollars"":""0.5300"",""taker_side"":""yes"",""ticker"":""KXBTC15M-26APR281430-30"",""trade_id"":""cc340025-40f1-5991-10aa-9a1623b47158"",""yes_price_dollars"":""0.4700""}"
KXBTC15M-26APR281430-30,f05faae3-fcd3-7226-ad85-1d05c87c0574,1777400115,0.45,16.46,no,"{""count_fp"":""16.46"",""created_time"":""2026-04-28T18:15:15.426879Z"",""no_price_dollars"":""0.5500"",""taker_side"":""no"",""ticker"":""KXBTC15M-26APR281430-30"",""trade_id"":""f05faae3-fcd3-7226-ad85-1d05c87c0574"",""yes_price_dollars"":""0.4500""}"
KXBTC15M-26APR281430-30,f43e5e31-2cb6-7062-8465-12983c23f08c,1777400115,0.46,1.79,no,"{""count_fp"":""1.79"",""created_time"":""2026-04-28T18:15:15.080424Z"",""no_price_dollars"":""0.5400"",""taker_side"":""no"",""ticker"":""KXBTC15M-26APR281430-30"",""trade_id"":""f43e5e31-2cb6-7062-8465-12983c23f08c"",""yes_price_dollars"":""0.4600""}"
KXBTC15M-26APR281430-30,27e5e38c-d730-4651-d379-190471af5543,1777400115,0.47,2.0,yes,"{""count_fp"":""2.00"",""created_time"":""2026-04-28T18:15:15.042657Z"",""no_price_dollars"":""0.5300"",""taker_side"":""yes"",""ticker"":""KXBTC15M-26APR281430-30"",""trade_id"":""27e5e38c-d730-4651-d379-190471af5543"",""yes_price_dollars"":""0.4700""}"
KXBTC15M-26APR281430-30,b340f969-3f47-7666-a038-420132bdfa5f,1777400116,0.44,16.0,yes,"{""count_fp"":""16.00"",""created_time"":""2026-04-28T18:15:16.728912Z"",""no_price_dollars"":""0.5600"",""taker_side"":""yes"",""ticker"":""KXBTC15M-26APR281430-30"",""trade_id"":""b340f969-3f47-7666-a038-420132bdfa5f"",""yes_price_dollars"":""0.4400""}"
KXBTC15M-26APR281430-30,ff9595db-3e1b-545c-10d5-989646bc3f56,1777400116,0.45,40.0,yes,"{""count_fp"":""40.00"",""created_time"":""2026-04-28T18:15:16.267745Z"",""no_price_dollars"":""0.5500"",""taker_side"":""yes"",""ticker"":""KXBTC15M-26APR281430-30"",""trade_id"":""ff9595db-3e1b-545c-10d5-989646bc3f56"",""yes_price_dollars"":""0.4500""}"
KXBTC15M-26APR281430-30,8ac1b273-7457-7268-f13e-4c3181cd6e02,1777400116,0.45,25.28,yes,"{""count_fp"":""25.28"",""created_time"":""2026-04-28T18:15:16.253276Z"",""no_price_dollars"":""0.5500"",""taker_side"":""yes"",""ticker"":""KXBTC15M-26APR281430-30"",""trade_id"":""8ac1b273-7457-7268-f13e-4c3181cd6e02"",""yes_price_dollars"":""0.4500""}"
KXBTC15M-26APR281430-30,1bd303ce-54c6-793a-d583-4fcf1280a1ad,1777400116,0.45,26.0,yes,"{""count_fp"":""26.00"",""created_time"":""2026-04-28T18:15:16.253276Z"",""no_price_dollars"":""0.5500"",""taker_side"":""yes"",""ticker"":""KXBTC15M-26APR281430-30"",""trade_id"":""1bd303ce-54c6-793a-d583-4fcf1280a1ad"",""yes_price_dollars"":""0.4500""}"
KXBTC15M-26APR281430-30,73504ef1-938f-50aa-c4ec-d781b205c873,1777400117,0.44,106.99,yes,"{""count_fp"":""106.99"",""created_time"":""2026-04-28T18:15:17.626899Z"",""no_price_dollars"":""0.5600"",""taker_side"":""yes"",""ticker"":""KXBTC15M-26APR281430-30"",""trade_id"":""73504ef1-938f-50aa-c4ec-d781b205c873"",""yes_price_dollars"":""0.4400""}"
KXBTC15M-26APR281430-30,56a0eafd-566b-55ce-29e7-6c82086bdbeb,1777400117,0.45,117.69,yes,"{""count_fp"":""117.69"",""created_time"":""2026-04-28T18:15:17.572471Z"",""no_price_dollars"":""0.5500"",""taker_side"":""yes"",""ticker"":""KXBTC15M-26APR281430-30"",""trade_id"":""56a0eafd-566b-55ce-29e7-6c82086bdbeb"",""yes_price_dollars"":""0.4500""}"
KXBTC15M-26APR281430-30,1f1dffa0-d184-6551-3516-82eb54a80200,1777400117,0.43,16.78,no,"{""count_fp"":""16.78"",""created_time"":""2026-04-28T18:15:17.363903Z"",""no_price_dollars"":""0.5700"",""taker_side"":""no"",""ticker"":""KXBTC15M-26APR281430-30"",""trade_id"":""1f1dffa0-d184-6551-3516-82eb54a80200"",""yes_price_dollars"":""0.4300""}"
KXBTC15M-26APR281430-30,f672b07a-8043-7c68-15ea-ef2f36d11bd8,1777400117,0.43,1.16,no,"{""count_fp"":""1.16"",""created_time"":""2026-04-28T18:15:17.118995Z"",""no_price_dollars"":""0.5700"",""taker_side"":""no"",""ticker"":""KXBTC15M-26APR281430-30"",""trade_id"":""f672b07a-8043-7c68-15ea-ef2f36d11bd8"",""yes_price_dollars"":""0.4300""}"
KXBTC15M-26APR281430-30,56742316-ca4a-7a1f-824f-20575c2aebd9,1777400118,0.45,8.0,yes,"{""count_fp"":""8.00"",""created_time"":""2026-04-28T18:15:18.891606Z"",""no_price_dollars"":""0.5500"",""taker_side"":""yes"",""ticker"":""KXBTC15M-26APR281430-30"",""trade_id"":""56742316-ca4a-7a1f-824f-20575c2aebd9"",""yes_price_dollars"":""0.4500""}"
KXBTC15M-26APR281430-30,4624b180-5679-6c0a-ad2a-a1107a9026f4,1777400119,0.45,18.59,yes,"{""count_fp"":""18.59"",""created_time"":""2026-04-28T18:15:19.849663Z"",""no_price_dollars"":""0.5500"",""taker_side"":""yes"",""ticker"":""KXBTC15M-26APR281430-30"",""trade_id"":""4624b180-5679-6c0a-ad2a-a1107a9026f4"",""yes_price_dollars"":""0.4500""}"
KXBTC15M-26APR281430-30,3671f17e-8485-78b6-016e-474a01f32264,1777400119,0.45,24.55,yes,"{""count_fp"":""24.55"",""created_time"":""2026-04-28T18:15:19.708204Z"",""no_price_dollars"":""0.5500"",""taker_side"":""yes"",""ticker"":""KXBTC15M-26APR281430-30"",""trade_id"":""3671f17e-8485-78b6-016e-474a01f32264"",""yes_price_dollars"":""0.4500""}"
KXBTC15M-26APR281430-30,10f887ac-3376-7abb-2baa-d160c0ee606d,1777400119,0.45,18.24,yes,"{""count_fp"":""18.24"",""created_time"":""2026-04-28T18:15:19.708204Z"",""no_price_dollars"":""0.5500"",""taker_side"":""yes"",""ticker"":""KXBTC15M-26APR281430-30"",""trade_id"":""10f887ac-3376-7abb-2baa-d160c0ee606d"",""yes_price_dollars"":""0.4500""}"
KXBTC15M-26APR281430-30,1b9f8198-bc92-7d17-6f4c-c516d4aa94b9,1777400119,0.45,42.79,yes,"{""count_fp"":""42.79"",""created_time"":""2026-04-28T18:15:19.648674Z"",""no_price_dollars"":""0.5500"",""taker_side"":""yes"",""ticker"":""KXBTC15M-26APR281430-30"",""trade_id"":""1b9f8198-bc92-7d17-6f4c-c516d4aa94b9"",""yes_price_dollars"":""0.4500""}"
KXBTC15M-26APR281430-30,c4f3c65d-f59a-4e4f-acda-f2840438ac2d,1777400119,0.45,10.97,yes,"{""count_fp"":""10.97"",""created_time"":""2026-04-28T18:15:19.082776Z"",""no_price_dollars"":""0.5500"",""taker_side"":""yes"",""ticker"":""KXBTC15M-26APR281430-30"",""trade_id"":""c4f3c65d-f59a-4e4f-acda-f2840438ac2d"",""yes_price_dollars"":""0.4500""}"
KXBTC15M-26APR281430-30,d8309e36-aee9-729a-e9d7-454b43ffd858,1777400120,0.45,4.27,yes,"{""count_fp"":""4.27"",""created_time"":""2026-04-28T18:15:20.778777Z"",""no_price_dollars"":""0.5500"",""taker_side"":""yes"",""ticker"":""KXBTC15M-26APR281430-30"",""trade_id"":""d8309e36-aee9-729a-e9d7-454b43ffd858"",""yes_price_dollars"":""0.4500""}"
KXBTC15M-26APR281430-30,f91022de-0515-6d76-869b-fefe90d42740,1777400120,0.45,40.65,yes,"{""count_fp"":""40.65"",""created_time"":""2026-04-28T18:15:20.580778Z"",""no_price_dollars"":""0.5500"",""taker_side"":""yes"",""ticker"":""KXBTC15M-26APR281430-30"",""trade_id"":""f91022de-0515-6d76-869b-fefe90d42740"",""yes_price_dollars"":""0.4500""}"
KXBTC15M-26APR281430-30,fd2ca076-043c-77fd-3854-1bdcd42c4ab8,1777400120,0.43,65.58,no,"{""count_fp"":""65.58"",""created_time"":""2026-04-28T18:15:20.375204Z"",""no_price_dollars"":""0.5700"",""taker_side"":""no"",""ticker"":""KXBTC15M-26APR281430-30"",""trade_id"":""fd2ca076-043c-77fd-3854-1bdcd42c4ab8"",""yes_price_dollars"":""0.4300""}"
KXBTC15M-26APR281430-30,18644e33-a4de-77c7-36f6-04c9ccf2be90,1777400120,0.44,3.0,no,"{""count_fp"":""3.00"",""created_time"":""2026-04-28T18:15:20.375204Z"",""no_price_dollars"":""0.5600"",""taker_side"":""no"",""ticker"":""KXBTC15M-26APR281430-30"",""trade_id"":""18644e33-a4de-77c7-36f6-04c9ccf2be90"",""yes_price_dollars"":""0.4400""}"
KXBTC15M-26APR281430-30,13c9a042-391b-72c0-2662-23617a6244b0,1777400120,0.44,26.0,no,"{""count_fp"":""26.00"",""created_time"":""2026-04-28T18:15:20.375204Z"",""no_price_dollars"":""0.5600"",""taker_side"":""no"",""ticker"":""KXBTC15M-26APR281430-30"",""trade_id"":""13c9a042-391b-72c0-2662-23617a6244b0"",""yes_price_dollars"":""0.4400""}"
KXBTC15M-26APR281430-30,9d72b845-d92d-73a6-0798-9077734cc938,1777400121,0.45,14.97,yes,"{""count_fp"":""14.97"",""created_time"":""2026-04-28T18:15:21.271609Z"",""no_price_dollars"":""0.5500"",""taker_side"":""yes"",""ticker"":""KXBTC15M-26APR281430-30"",""trade_id"":""9d72b845-d92d-73a6-0798-9077734cc938"",""yes_price_dollars"":""0.4500""}"
KXBTC15M-26APR281430-30,c9e12f2a-e934-46e5-b1aa-292882c1bf50,1777400122,0.43,43.0,no,"{""count_fp"":""43.00"",""created_time"":""2026-04-28T18:15:22.610323Z"",""no_price_dollars"":""0.5700"",""taker_side"":""no"",""ticker"":""KXBTC15M-26APR281430-30"",""trade_id"":""c9e12f2a-e934-46e5-b1aa-292882c1bf50"",""yes_price_dollars"":""0.4300""}"
KXBTC15M-26APR281430-30,de94580e-f0ec-402d-571d-9ddd8a310d10,1777400122,0.43,3.0,no,"{""count_fp"":""3.00"",""created_time"":""2026-04-28T18:15:22.555961Z"",""no_price_dollars"":""0.5700"",""taker_side"":""no"",""ticker"":""KXBTC15M-26APR281430-30"",""trade_id"":""de94580e-f0ec-402d-571d-9ddd8a310d10"",""yes_price_dollars"":""0.4300""}"
KXBTC15M-26APR281430-30,189f509f-9b85-46fe-e448-600b1ae584bc,1777400122,0.45,10.69,yes,"{""count_fp"":""10.69"",""created_time"":""2026-04-28T18:15:22.505477Z"",""no_price_dollars"":""0.5500"",""taker_side"":""yes"",""ticker"":""KXBTC15M-26APR281430-30"",""trade_id"":""189f509f-9b85-46fe-e448-600b1ae584bc"",""yes_price_dollars"":""0.4500""}"
KXBTC15M-26APR281430-30,c8cad3f0-3c64-64dd-eb8c-6ba4101191a8,1777400122,0.43,28.95,no,"{""count_fp"":""28.95"",""created_time"":""2026-04-28T18:15:22.244339Z"",""no_price_dollars"":""0.5700"",""taker_side"":""no"",""ticker"":""KXBTC15M-26APR281430-30"",""trade_id"":""c8cad3f0-3c64-64dd-eb8c-6ba4101191a8"",""yes_price_dollars"":""0.4300""}"
KXBTC15M-26APR281430-30,e29055ed-68a1-4ed2-35d2-408dff252c98,1777400122,0.45,8.0,yes,"{""count_fp"":""8.00"",""created_time"":""2026-04-28T18:15:22.209401Z"",""no_price_dollars"":""0.5500"",""taker_side"":""yes"",""ticker"":""KXBTC15M-26APR281430-30"",""trade_id"":""e29055ed-68a1-4ed2-35d2-408dff252c98"",""yes_price_dollars"":""0.4500""}"
KXBTC15M-26APR281430-30,0d3b826c-7a84-7c6d-8b04-2079a93a2430,1777400123,0.44,51.09,no,"{""count_fp"":""51.09"",""created_time"":""2026-04-28T18:15:23.758208Z"",""no_price_dollars"":""0.5600"",""taker_side"":""no"",""ticker"":""KXBTC15M-26APR281430-30"",""trade_id"":""0d3b826c-7a84-7c6d-8b04-2079a93a2430"",""yes_price_dollars"":""0.4400""}"
KXBTC15M-26APR281430-30,f711a9d0-da18-5d25-3932-d34635c0fff4,1777400123,0.43,17.03,no,"{""count_fp"":""17.03"",""created_time"":""2026-04-28T18:15:23.739467Z"",""no_price_dollars"":""0.5700"",""taker_side"":""no"",""ticker"":""KXBTC15M-26APR281430-30"",""trade_id"":""f711a9d0-da18-5d25-3932-d34635c0fff4"",""yes_price_dollars"":""0.4300""}"
KXBTC15M-26APR281430-30,7ef36b49-9c8d-613e-15d0-c38c574e4718,1777400123,0.45,0.64,yes,"{""count_fp"":""0.64"",""created_time"":""2026-04-28T18:15:23.532068Z"",""no_price_dollars"":""0.5500"",""taker_side"":""yes"",""ticker"":""KXBTC15M-26APR281430-30"",""trade_id"":""7ef36b49-9c8d-613e-15d0-c38c574e4718"",""yes_price_dollars"":""0.4500""}"
KXBTC15M-26APR281430-30,f9fb31e4-ddd4-5efd-e7e2-111cac358590,1777400123,0.43,42.57,no,"{""count_fp"":""42.57"",""created_time"":""2026-04-28T18:15:23.442407Z"",""no_price_dollars"":""0.5700"",""taker_side"":""no"",""ticker"":""KXBTC15M-26APR281430-30"",""trade_id"":""f9fb31e4-ddd4-5efd-e7e2-111cac358590"",""yes_price_dollars"":""0.4300""}"
KXBTC15M-26APR281430-30,f4561222-be8d-4942-e356-2fd66568d430,1777400123,0.45,303.39,yes,"{""count_fp"":""303.39"",""created_time"":""2026-04-28T18:15:23.171674Z"",""no_price_dollars"":""0.5500"",""taker_side"":""yes"",""ticker"":""KXBTC15M-26APR281430-30"",""trade_id"":""f4561222-be8d-4942-e356-2fd66568d430"",""yes_price_dollars"":""0.4500""}"
KXBTC15M-26APR281430-30,c82e4bb2-fbef-4620-f208-12232aef27f9,1777400123,0.44,1.0,yes,"{""count_fp"":""1.00"",""created_time"":""2026-04-28T18:15:23.171674Z"",""no_price_dollars"":""0.5600"",""taker_side"":""yes"",""ticker"":""KXBTC15M-26APR281430-30"",""trade_id"":""c82e4bb2-fbef-4620-f208-12232aef27f9"",""yes_price_dollars"":""0.4400""}"
KXBTC15M-26APR281430-30,8e63e5f6-f9af-47e2-ed1a-c2522d09f2d5,1777400123,0.45,166.37,yes,"{""count_fp"":""166.37"",""created_time"":""2026-04-28T18:15:23.171674Z"",""no_price_dollars"":""0.5500"",""taker_side"":""yes"",""ticker"":""KXBTC15M-26APR281430-30"",""trade_id"":""8e63e5f6-f9af-47e2-ed1a-c2522d09f2d5"",""yes_price_dollars"":""0.4500""}"
KXBTC15M-26APR281430-30,f6a1dee8-3c8a-56ba-eed5-75069aba4b82,1777400124,0.45,6.74,yes,"{""count_fp"":""6.74"",""created_time"":""2026-04-28T18:15:24.807152Z"",""no_price_dollars"":""0.5500"",""taker_side"":""yes"",""ticker"":""KXBTC15M-26APR281430-30"",""trade_id"":""f6a1dee8-3c8a-56ba-eed5-75069aba4b82"",""yes_price_dollars"":""0.4500""}"
KXBTC15M-26APR281430-30,794cad95-af63-5dc4-d239-1536b3d8d204,1777400124,0.45,24.91,yes,"{""count_fp"":""24.91"",""created_time"":""2026-04-28T18:15:24.807152Z"",""no_price_dollars"":""0.5500"",""taker_side"":""yes"",""ticker"":""KXBTC15M-26APR281430-30"",""trade_id"":""794cad95-af63-5dc4-d239-1536b3d8d204"",""yes_price_dollars"":""0.4500""}"
KXBTC15M-26APR281430-30,31a163b5-6dc5-551f-e966-05c289076e09,1777400124,0.45,9.0,yes,"{""count_fp"":""9.00"",""created_time"":""2026-04-28T18:15:24.807152Z"",""no_price_dollars"":""0.5500"",""taker_side"":""yes"",""ticker"":""KXBTC15M-26APR281430-30"",""trade_id"":""31a163b5-6dc5-551f-e966-05c289076e09"",""yes_price_dollars"":""0.4500""}"
KXBTC15M-26APR281430-30,1dc6cf29-123b-6a7c-360c-a2c4f4a9d190,1777400124,0.45,2.0,yes,"{""count_fp"":""2.00"",""created_time"":""2026-04-28T18:15:24.720278Z"",""no_price_dollars"":""0.5500"",""taker_side"":""yes"",""ticker"":""KXBTC15M-26APR281430-30"",""trade_id"":""1dc6cf29-123b-6a7c-360c-a2c4f4a9d190"",""yes_price_dollars"":""0.4500""}"
KXBTC15M-26APR281430-30,b3f08e2d-b757-4228-59f6-708e27138838,1777400124,0.45,3.09,yes,"{""count_fp"":""3.09"",""created_time"":""2026-04-28T18:15:24.605952Z"",""no_price_dollars"":""0.5500"",""taker_side"":""yes"",""ticker"":""KXBTC15M-26APR281430-30"",""trade_id"":""b3f08e2d-b757-4228-59f6-708e27138838"",""yes_price_dollars"":""0.4500""}"
KXBTC15M-26APR281430-30,1766f3a0-8ac7-4648-133a-508c9fb49f36,1777400125,0.45,3.46,no,"{""count_fp"":""3.46"",""created_time"":""2026-04-28T18:15:25.722142Z"",""no_price_dollars"":""0.5500"",""taker_side"":""no"",""ticker"":""KXBTC15M-26APR281430-30"",""trade_id"":""1766f3a0-8ac7-4648-133a-508c9fb49f36"",""yes_price_dollars"":""0.4500""}"
KXBTC15M-26APR281430-30,b4961db0-3e0f-5bec-5410-1d5ebd10e202,1777400125,0.45,0.86,no,"{""count_fp"":""0.86"",""created_time"":""2026-04-28T18:15:25.432082Z"",""no_price_dollars"":""0.5500"",""taker_side"":""no"",""ticker"":""KXBTC15M-26APR281430-30"",""trade_id"":""b4961db0-3e0f-5bec-5410-1d5ebd10e202"",""yes_price_dollars"":""0.4500""}"
KXBTC15M-26APR281430-30,e80d9c85-2c36-4995-1efa-6f2effd17ffe,1777400125,0.45,3.0,no,"{""count_fp"":""3.00"",""created_time"":""2026-04-28T18:15:25.256618Z"",""no_price_dollars"":""0.5500"",""taker_side"":""no"",""ticker"":""KXBTC15M-26APR281430-30"",""trade_id"":""e80d9c85-2c36-4995-1efa-6f2effd17ffe"",""yes_price_dollars"":""0.4500""}"
KXBTC15M-26APR281430-30,87c291cb-62e3-4874-0740-1b09689bb12a,1777400125,0.45,7.21,no,"{""count_fp"":""7.21"",""created_time"":""2026-04-28T18:15:25.256618Z"",""no_price_dollars"":""0.5500"",""taker_side"":""no"",""ticker"":""KXBTC15M-26APR281430-30"",""trade_id"":""87c291cb-62e3-4874-0740-1b09689bb12a"",""yes_price_dollars"":""0.4500""}"
KXBTC15M-26APR281430-30,29cc4595-9e62-4901-83be-d113975d2f9b,1777400126,0.46,1.04,yes,"{""count_fp"":""1.04"",""created_time"":""2026-04-28T18:15:26.661912Z"",""no_price_dollars"":""0.5400"",""taker_side"":""yes"",""ticker"":""KXBTC15M-26APR281430-30"",""trade_id"":""29cc4595-9e62-4901-83be-d113975d2f9b"",""yes_price_dollars"":""0.4600""}"
KXBTC15M-26APR281430-30,147441d1-3d10-4fb1-ebd5-6bff8a844bf8,1777400126,0.45,38.07,no,"{""count_fp"":""38.07"",""created_time"":""2026-04-28T18:15:26.216222Z"",""no_price_dollars"":""0.5500"",""taker_side"":""no"",""ticker"":""KXBTC15M-26APR281430-30"",""trade_id"":""147441d1-3d10-4fb1-ebd5-6bff8a844bf8"",""yes_price_dollars"":""0.4500""}"
KXBTC15M-26APR281430-30,0bfba70d-152b-47d8-fbee-4b1cecd35d46,1777400126,0.45,2.47,no,"{""count_fp"":""2.47"",""created_time"":""2026-04-28T18:15:26.216222Z"",""no_price_dollars"":""0.5500"",""taker_side"":""no"",""ticker"":""KXBTC15M-26APR281430-30"",""trade_id"":""0bfba70d-152b-47d8-fbee-4b1cecd35d46"",""yes_price_dollars"":""0.4500""}"
KXBTC15M-26APR281430-30,24d8d966-7cfa-5ab4-5cab-de6080c106f5,1777400127,0.44,4.32,no,"{""count_fp"":""4.32"",""created_time"":""2026-04-28T18:15:27.492567Z"",""no_price_dollars"":""0.5600"",""taker_side"":""no"",""ticker"":""KXBTC15M-26APR281430-30"",""trade_id"":""24d8d966-7cfa-5ab4-5cab-de6080c106f5"",""yes_price_dollars"":""0.4400""}"
KXBTC15M-26APR281430-30,dbb95a58-c45a-4934-fd7d-dc236098e28d,1777400127,0.44,102.79,no,"{""count_fp"":""102.79"",""created_time"":""2026-04-28T18:15:27.208354Z"",""no_price_dollars"":""0.5600"",""taker_side"":""no"",""ticker"":""KXBTC15M-26APR281430-30"",""trade_id"":""dbb95a58-c45a-4934-fd7d-dc236098e28d"",""yes_price_dollars"":""0.4400""}"
KXBTC15M-26APR281430-30,8f51b1d3-eba3-4048-d970-eea3954cf94e,1777400127,0.45,95.02,no,"{""count_fp"":""95.02"",""created_time"":""2026-04-28T18:15:27.208354Z"",""no_price_dollars"":""0.5500"",""taker_side"":""no"",""ticker"":""KXBTC15M-26APR281430-30"",""trade_id"":""8f51b1d3-eba3-4048-d970-eea3954cf94e"",""yes_price_dollars"":""0.4500""}"
KXBTC15M-26APR281430-30,397f5e2b-47ca-4b34-d57e-c69d68079072,1777400127,0.44,56.0,no,"{""count_fp"":""56.00"",""created_time"":""2026-04-28T18:15:27.208354Z"",""no_price_dollars"":""0.5600"",""taker_side"":""no"",""ticker"":""KXBTC15M-26APR281430-30"",""trade_id"":""397f5e2b-47ca-4b34-d57e-c69d68079072"",""yes_price_dollars"":""0.4400""}"
KXBTC15M-26APR281430-30,9bb5a136-04a3-6248-fa5a-72bed7104086,1777400127,0.45,18.98,no,"{""count_fp"":""18.98"",""created_time"":""2026-04-28T18:15:27.077921Z"",""no_price_dollars"":""0.5500"",""taker_side"":""no"",""ticker"":""KXBTC15M-26APR281430-30"",""trade_id"":""9bb5a136-04a3-6248-fa5a-72bed7104086"",""yes_price_dollars"":""0.4500""}"
KXBTC15M-26APR281430-30,431033d7-ad04-6310-cf73-0aff134d2219,1777400127,0.45,7.0,no,"{""count_fp"":""7.00"",""created_time"":""2026-04-28T18:15:27.077921Z"",""no_price_dollars"":""0.5500"",""taker_side"":""no"",""ticker"":""KXBTC15M-26APR281430-30"",""trade_id"":""431033d7-ad04-6310-cf73-0aff134d2219"",""yes_price_dollars"":""0.4500""}"
KXBTC15M-26APR281430-30,adbbcaa6-3024-68a4-6e2f-0bd2ea0bc8ab,1777400128,0.44,10.0,no,"{""count_fp"":""10.00"",""created_time"":""2026-04-28T18:15:28.672226Z"",""no_price_dollars"":""0.5600"",""taker_side"":""no"",""ticker"":""KXBTC15M-26APR281430-30"",""trade_id"":""adbbcaa6-3024-68a4-6e2f-0bd2ea0bc8ab"",""yes_price_dollars"":""0.4400""}"
KXBTC15M-26APR281430-30,81892782-200c-6d5a-59ba-9aae8e30ef2e,1777400128,0.44,168.64,no,"{""count_fp"":""168.64"",""created_time"":""2026-04-28T18:15:28.672226Z"",""no_price_dollars"":""0.5600"",""taker_side"":""no"",""ticker"":""KXBTC15M-26APR281430-30"",""trade_id"":""81892782-200c-6d5a-59ba-9aae8e30ef2e"",""yes_price_dollars"":""0.4400""}"
KXBTC15M-26APR281430-30,59c7add0-3ffe-61c8-76e3-6baf86ae46a5,1777400128,0.44,87.83,no,"{""count_fp"":""87.83"",""created_time"":""2026-04-28T18:15:28.672226Z"",""no_price_dollars"":""0.5600"",""taker_side"":""no"",""ticker"":""KXBTC15M-26APR281430-30"",""trade_id"":""59c7add0-3ffe-61c8-76e3-6baf86ae46a5"",""yes_price_dollars"":""0.4400""}"
KXBTC15M-26APR281430-30,0c529f2a-0050-6cb2-59da-5e90ad66c43c,1777400128,0.44,80.0,no,"{""count_fp"":""80.00"",""created_time"":""2026-04-28T18:15:28.672226Z"",""no_price_dollars"":""0.5600"",""taker_side"":""no"",""ticker"":""KXBTC15M-26APR281430-30"",""trade_id"":""0c529f2a-0050-6cb2-59da-5e90ad66c43c"",""yes_price_dollars"":""0.4400""}"
KXBTC15M-26APR281430-30,483b3534-96d2-568c-c00c-e056718df0f5,1777400128,0.44,5.06,no,"{""count_fp"":""5.06"",""created_time"":""2026-04-28T18:15:28.230202Z"",""no_price_dollars"":""0.5600"",""taker_side"":""no"",""ticker"":""KXBTC15M-26APR281430-30"",""trade_id"":""483b3534-96d2-568c-c00c-e056718df0f5"",""yes_price_dollars"":""0.4400""}"
KXBTC15M-26APR281430-30,ba9b35a9-65fc-4098-082e-d52939d3e821,1777400128,0.47,10.05,yes,"{""count_fp"":""10.05"",""created_time"":""2026-04-28T18:15:28.146177Z"",""no_price_dollars"":""0.5300"",""taker_side"":""yes"",""ticker"":""KXBTC15M-26APR281430-30"",""trade_id"":""ba9b35a9-65fc-4098-082e-d52939d3e821"",""yes_price_dollars"":""0.4700""}"
KXBTC15M-26APR281430-30,ffd50320-8a7d-715f-e602-7d25eb2e16cc,1777400129,0.46,9.35,yes,"{""count_fp"":""9.35"",""created_time"":""2026-04-28T18:15:29.913787Z"",""no_price_dollars"":""0.5400"",""taker_side"":""yes"",""ticker"":""KXBTC15M-26APR281430-30"",""trade_id"":""ffd50320-8a7d-715f-e602-7d25eb2e16cc"",""yes_price_dollars"":""0.4600""}"
KXBTC15M-26APR281430-30,e92f3035-0eba-7f4b-f7b6-5f59c856aea0,1777400129,0.46,0.65,yes,"{""count_fp"":""0.65"",""created_time"":""2026-04-28T18:15:29.913787Z"",""no_price_dollars"":""0.5400"",""taker_side"":""yes"",""ticker"":""KXBTC15M-26APR281430-30"",""trade_id"":""e92f3035-0eba-7f4b-f7b6-5f59c856aea0"",""yes_price_dollars"":""0.4600""}"
KXBTC15M-26APR281430-30,eefbe9a5-9444-695d-d46e-f2b3d9dd5998,1777400129,0.45,66.29,no,"{""count_fp"":""66.29"",""created_time"":""2026-04-28T18:15:29.617966Z"",""no_price_dollars"":""0.5500"",""taker_side"":""no"",""ticker"":""KXBTC15M-26APR281430-30"",""trade_id"":""eefbe9a5-9444-695d-d46e-f2b3d9dd5998"",""yes_price_dollars"":""0.4500""}"
KXBTC15M-26APR281430-30,06a62577-0983-632e-da7e-44bfeb220b07,1777400129,0.45,3.0,no,"{""count_fp"":""3.00"",""created_time"":""2026-04-28T18:15:29.617966Z"",""no_price_dollars"":""0.5500"",""taker_side"":""no"",""ticker"":""KXBTC15M-26APR281430-30"",""trade_id"":""06a62577-0983-632e-da7e-44bfeb220b07"",""yes_price_dollars"":""0.4500""}"
KXBTC15M-26APR281430-30,e52fcec7-d019-49ff-c7ae-dc0e85cda91c,1777400129,0.46,61.54,yes,"{""count_fp"":""61.54"",""created_time"":""2026-04-28T18:15:29.195481Z"",""no_price_dollars"":""0.5400"",""taker_side"":""yes"",""ticker"":""KXBTC15M-26APR281430-30"",""trade_id"":""e52fcec7-d019-49ff-c7ae-dc0e85cda91c"",""yes_price_dollars"":""0.4600""}"
KXBTC15M-26APR281430-30,6395fcb8-f304-7232-688d-f52f4c691516,1777400129,0.44,20.12,no,"{""count_fp"":""20.12"",""created_time"":""2026-04-28T18:15:29.185338Z"",""no_price_dollars"":""0.5600"",""taker_side"":""no"",""ticker"":""KXBTC15M-26APR281430-30"",""trade_id"":""6395fcb8-f304-7232-688d-f52f4c691516"",""yes_price_dollars"":""0.4400""}"
KXBTC15M-26APR281430-30,55be7aea-727d-5b0f-8672-d2b3ad381f6a,1777400129,0.45,3.0,no,"{""count_fp"":""3.00"",""created_time"":""2026-04-28T18:15:29.166685Z"",""no_price_dollars"":""0.5500"",""taker_side"":""no"",""ticker"":""KXBTC15M-26APR281430-30"",""trade_id"":""55be7aea-727d-5b0f-8672-d2b3ad381f6a"",""yes_price_dollars"":""0.4500""}"
KXBTC15M-26APR281430-30,25dacaab-f818-5b3e-986b-20996c25595a,1777400129,0.44,76.61,no,"{""count_fp"":""76.61"",""created_time"":""2026-04-28T18:15:29.166685Z"",""no_price_dollars"":""0.5600"",""taker_side"":""no"",""ticker"":""KXBTC15M-26APR281430-30"",""trade_id"":""25dacaab-f818-5b3e-986b-20996c25595a"",""yes_price_dollars"":""0.4400""}"
KXBTC15M-26APR281430-30,1e79d241-bc78-5817-85ed-217254631d8b,1777400129,0.45,7.0,no,"{""count_fp"":""7.00"",""created_time"":""2026-04-28T18:15:29.166685Z"",""no_price_dollars"":""0.5500"",""taker_side"":""no"",""ticker"":""KXBTC15M-26APR281430-30"",""trade_id"":""1e79d241-bc78-5817-85ed-217254631d8b"",""yes_price_dollars"":""0.4500""}"
KXBTC15M-26APR281430-30,71b14d7d-383c-4c7c-c8ff-34c2be35fe91,1777400130,0.48,2.0,yes,"{""count_fp"":""2.00"",""created_time"":""2026-04-28T18:15:30.880325Z"",""no_price_dollars"":""0.5200"",""taker_side"":""yes"",""ticker"":""KXBTC15M-26APR281430-30"",""trade_id"":""71b14d7d-383c-4c7c-c8ff-34c2be35fe91"",""yes_price_dollars"":""0.4800""}"
KXBTC15M-26APR281430-30,a3089dd0-e094-73e7-417e-24de391c5e9a,1777400130,0.47,3.0,yes,"{""count_fp"":""3.00"",""created_time"":""2026-04-28T18:15:30.737351Z"",""no_price_dollars"":""0.5300"",""taker_side"":""yes"",""ticker"":""KXBTC15M-26APR281430-30"",""trade_id"":""a3089dd0-e094-73e7-417e-24de391c5e9a"",""yes_price_dollars"":""0.4700""}"
KXBTC15M-26APR281430-30,272bf44b-4d0c-72b0-7b13-b0afed51d549,1777400130,0.48,36.98,yes,"{""count_fp"":""36.98"",""created_time"":""2026-04-28T18:15:30.737351Z"",""no_price_dollars"":""0.5200"",""taker_side"":""yes"",""ticker"":""KXBTC15M-26APR281430-30"",""trade_id"":""272bf44b-4d0c-72b0-7b13-b0afed51d549"",""yes_price_dollars"":""0.4800""}"
KXBTC15M-26APR281430-30,ab6655f0-3ff6-7fda-947e-c7e9e8c871be,1777400130,0.47,15.0,yes,"{""count_fp"":""15.00"",""created_time"":""2026-04-28T18:15:30.350076Z"",""no_price_dollars"":""0.5300"",""taker_side"":""yes"",""ticker"":""KXBTC15M-26APR281430-30"",""trade_id"":""ab6655f0-3ff6-7fda-947e-c7e9e8c871be"",""yes_price_dollars"":""0.4700""}"
KXBTC15M-26APR281430-30,ab51a695-4ee6-7215-b723-290da7cc581a,1777400130,0.47,80.0,yes,"{""count_fp"":""80.00"",""created_time"":""2026-04-28T18:15:30.350076Z"",""no_price_dollars"":""0.5300"",""taker_side"":""yes"",""ticker"":""KXBTC15M-26APR281430-30"",""trade_id"":""ab51a695-4ee6-7215-b723-290da7cc581a"",""yes_price_dollars"":""0.4700""}"
KXBTC15M-26APR281430-30,7897604f-b0e8-74b3-8715-f0e436263a06,1777400130,0.47,3.0,yes,"{""count_fp"":""3.00"",""created_time"":""2026-04-28T18:15:30.350076Z"",""no_price_dollars"":""0.5300"",""taker_side"":""yes"",""ticker"":""KXBTC15M-26APR281430-30"",""trade_id"":""7897604f-b0e8-74b3-8715-f0e436263a06"",""yes_price_dollars"":""0.4700""}"
KXBTC15M-26APR281430-30,16cf2886-06cc-7278-9b73-ce939be40fc5,1777400130,0.48,106.94,yes,"{""count_fp"":""106.94"",""created_time"":""2026-04-28T18:15:30.350076Z"",""no_price_dollars"":""0.5200"",""taker_side"":""yes"",""ticker"":""KXBTC15M-26APR281430-30"",""trade_id"":""16cf2886-06cc-7278-9b73-ce939be40fc5"",""yes_price_dollars"":""0.4800""}"
KXBTC15M-26APR281430-30,2bdf8291-f783-770f-1ab5-61a54762162b,1777400131,0.47,10.04,yes,"{""count_fp"":""10.04"",""created_time"":""2026-04-28T18:15:31.793402Z"",""no_price_dollars"":""0.5300"",""taker_side"":""yes"",""ticker"":""KXBTC15M-26APR281430-30"",""trade_id"":""2bdf8291-f783-770f-1ab5-61a54762162b"",""yes_price_dollars"":""0.4700""}"
KXBTC15M-26APR281430-30,dca2c5ba-bc1a-4664-6b29-281e42e7f880,1777400131,0.46,1.0,no,"{""count_fp"":""1.00"",""created_time"":""2026-04-28T18:15:31.685177Z"",""no_price_dollars"":""0.5400"",""taker_side"":""no"",""ticker"":""KXBTC15M-26APR281430-30"",""trade_id"":""dca2c5ba-bc1a-4664-6b29-281e42e7f880"",""yes_price_dollars"":""0.4600""}"
KXBTC15M-26APR281430-30,aa70597a-bb6a-4f52-7cb9-4f3672b91529,1777400131,0.45,9.98,no,"{""count_fp"":""9.98"",""created_time"":""2026-04-28T18:15:31.685177Z"",""no_price_dollars"":""0.5500"",""taker_side"":""no"",""ticker"":""KXBTC15M-26APR281430-30"",""trade_id"":""aa70597a-bb6a-4f52-7cb9-4f3672b91529"",""yes_price_dollars"":""0.4500""}"
KXBTC15M-26APR281430-30,198d305c-c7d8-49d6-6701-ccbeb75de0cb,1777400131,0.46,15.0,no,"{""count_fp"":""15.00"",""created_time"":""2026-04-28T18:15:31.685177Z"",""no_price_dollars"":""0.5400"",""taker_side"":""no"",""ticker"":""KXBTC15M-26APR281430-30"",""trade_id"":""198d305c-c7d8-49d6-6701-ccbeb75de0cb"",""yes_price_dollars"":""0.4600""}"
KXBTC15M-26APR281430-30,270df49a-3967-5e63-5d5d-3939a2d33327,1777400131,0.47,14.29,yes,"{""count_fp"":""14.29"",""created_time"":""2026-04-28T18:15:31.464306Z"",""no_price_dollars"":""0.5300"",""taker_side"":""yes"",""ticker"":""KXBTC15M-26APR281430-30"",""trade_id"":""270df49a-3967-5e63-5d5d-3939a2d33327"",""yes_price_dollars"":""0.4700""}"
KXBTC15M-26APR281430-30,c6d30994-158f-6a2b-a5f8-38035f7809bb,1777400132,0.47,150.76,yes,"{""count_fp"":""150.76"",""created_time"":""2026-04-28T18:15:32.425386Z"",""no_price_dollars"":""0.5300"",""taker_side"":""yes"",""ticker"":""KXBTC15M-26APR281430-30"",""trade_id"":""c6d30994-158f-6a2b-a5f8-38035f7809bb"",""yes_price_dollars"":""0.4700""}"
KXBTC15M-26APR281430-30,b52ad251-e025-58d6-35de-78a3f5186b82,1777400132,0.46,3.38,no,"{""count_fp"":""3.38"",""created_time"":""2026-04-28T18:15:32.298986Z"",""no_price_dollars"":""0.5400"",""taker_side"":""no"",""ticker"":""KXBTC15M-26APR281430-30"",""trade_id"":""b52ad251-e025-58d6-35de-78a3f5186b82"",""yes_price_dollars"":""0.4600""}"
KXBTC15M-26APR281430-30,a8c59d96-9813-5bce-38e6-35e81d8c1665,1777400132,0.46,0.32,no,"{""count_fp"":""0.32"",""created_time"":""2026-04-28T18:15:32.298986Z"",""no_price_dollars"":""0.5400"",""taker_side"":""no"",""ticker"":""KXBTC15M-26APR281430-30"",""trade_id"":""a8c59d96-9813-5bce-38e6-35e81d8c1665"",""yes_price_dollars"":""0.4600""}"
KXBTC15M-26APR281430-30,b3064ccf-2e35-424e-2e5f-dd855a0145b6,1777400132,0.46,17.62,no,"{""count_fp"":""17.62"",""created_time"":""2026-04-28T18:15:32.280716Z"",""no_price_dollars"":""0.5400"",""taker_side"":""no"",""ticker"":""KXBTC15M-26APR281430-30"",""trade_id"":""b3064ccf-2e35-424e-2e5f-dd855a0145b6"",""yes_price_dollars"":""0.4600""}"
KXBTC15M-26APR281430-30,355b2fdc-f593-4a3e-d3f7-1a5e3bf0b23e,1777400133,0.45,5.0,no,"{""count_fp"":""5.00"",""created_time"":""2026-04-28T18:15:33.989897Z"",""no_price_dollars"":""0.5500"",""taker_side"":""no"",""ticker"":""KXBTC15M-26APR281430-30"",""trade_id"":""355b2fdc-f593-4a3e-d3f7-1a5e3bf0b23e"",""yes_price_dollars"":""0.4500""}"
KXBTC15M-26APR281430-30,4445c067-d56c-5ee9-e73d-b9b54b111e3a,1777400133,0.46,51.28,yes,"{""count_fp"":""51.28"",""created_time"":""2026-04-28T18:15:33.853281Z"",""no_price_dollars"":""0.5400"",""taker_side"":""yes"",""ticker"":""KXBTC15M-26APR281430-30"",""trade_id"":""4445c067-d56c-5ee9-e73d-b9b54b111e3a"",""yes_price_dollars"":""0.4600""}"
KXBTC15M-26APR281430-30,68aa0c32-055e-63f6-06d4-d2d5d5da7f15,1777400133,0.45,10.02,no,"{""count_fp"":""10.02"",""created_time"":""2026-04-28T18:15:33.605841Z"",""no_price_dollars"":""0.5500"",""taker_side"":""no"",""ticker"":""KXBTC15M-26APR281430-30"",""trade_id"":""68aa0c32-055e-63f6-06d4-d2d5d5da7f15"",""yes_price_dollars"":""0.4500""}"
KXBTC15M-26APR281430-30,53548666-af5f-602a-20fd-c177519fdcfa,1777400133,0.45,71.84,no,"{""count_fp"":""71.84"",""created_time"":""2026-04-28T18:15:33.605841Z"",""no_price_dollars"":""0.5500"",""taker_side"":""no"",""ticker"":""KXBTC15M-26APR281430-30"",""trade_id"":""53548666-af5f-602a-20fd-c177519fdcfa"",""yes_price_dollars"":""0.4500""}"
KXBTC15M-26APR281430-30,37b90f6a-86e7-6a36-05a4-1efd34d93b7d,1777400133,0.46,85.13,no,"{""count_fp"":""85.13"",""created_time"":""2026-04-28T18:15:33.605841Z"",""no_price_dollars"":""0.5400"",""taker_side"":""no"",""ticker"":""KXBTC15M-26APR281430-30"",""trade_id"":""37b90f6a-86e7-6a36-05a4-1efd34d93b7d"",""yes_price_dollars"":""0.4600""}"
KXBTC15M-26APR281430-30,1ee2b8a4-ec23-6c8d-21d7-7eacc35a6391,1777400133,0.46,11.0,no,"{""count_fp"":""11.00"",""created_time"":""2026-04-28T18:15:33.605841Z"",""no_price_dollars"":""0.5400"",""taker_side"":""no"",""ticker"":""KXBTC15M-26APR281430-30"",""trade_id"":""1ee2b8a4-ec23-6c8d-21d7-7eacc35a6391"",""yes_price_dollars"":""0.4600""}"
KXBTC15M-26APR281430-30,e493ad83-6e67-7523-0ab0-6d7dfcec3c17,1777400133,0.47,4.0,yes,"{""count_fp"":""4.00"",""created_time"":""2026-04-28T18:15:33.176247Z"",""no_price_dollars"":""0.5300"",""taker_side"":""yes"",""ticker"":""KXBTC15M-26APR281430-30"",""trade_id"":""e493ad83-6e67-7523-0ab0-6d7dfcec3c17"",""yes_price_dollars"":""0.4700""}"
KXBTC15M-26APR281430-30,cb549103-0b9b-713a-86f2-61eff729a129,1777400133,0.46,14.55,no,"{""count_fp"":""14.55"",""created_time"":""2026-04-28T18:15:33.163422Z"",""no_price_dollars"":""0.5400"",""taker_side"":""no"",""ticker"":""KXBTC15M-26APR281430-30"",""trade_id"":""cb549103-0b9b-713a-86f2-61eff729a129"",""yes_price_dollars"":""0.4600""}"
KXBTC15M-26APR281430-30,62a0808a-b9f0-7778-4f3e-3c98bd188b55,1777400134,0.46,61.54,yes,"{""count_fp"":""61.54"",""created_time"":""2026-04-28T18:15:34.896549Z"",""no_price_dollars"":""0.5400"",""taker_side"":""yes"",""ticker"":""KXBTC15M-26APR281430-30"",""trade_id"":""62a0808a-b9f0-7778-4f3e-3c98bd188b55"",""yes_price_dollars"":""0.4600""}"
KXBTC15M-26APR281430-30,a877111c-77a8-7810-8d49-f975c8277cb5,1777400134,0.46,205.15,yes,"{""count_fp"":""205.15"",""created_time"":""2026-04-28T18:15:34.867263Z"",""no_price_dollars"":""0.5400"",""taker_side"":""yes"",""ticker"":""KXBTC15M-26APR281430-30"",""trade_id"":""a877111c-77a8-7810-8d49-f975c8277cb5"",""yes_price_dollars"":""0.4600""}"
KXBTC15M-26APR281430-30,d13c65de-060c-4a18-2cd2-d5cbb0c3c4a1,1777400134,0.46,41.03,yes,"{""count_fp"":""41.03"",""created_time"":""2026-04-28T18:15:34.728552Z"",""no_price_dollars"":""0.5400"",""taker_side"":""yes"",""ticker"":""KXBTC15M-26APR281430-30"",""trade_id"":""d13c65de-060c-4a18-2cd2-d5cbb0c3c4a1"",""yes_price_dollars"":""0.4600""}"
KXBTC15M-26APR281430-30,471cc51f-1970-4099-79fe-fe72574b7b9a,1777400134,0.46,22.56,yes,"{""count_fp"":""22.56"",""created_time"":""2026-04-28T18:15:34.543688Z"",""no_price_dollars"":""0.5400"",""taker_side"":""yes"",""ticker"":""KXBTC15M-26APR281430-30"",""trade_id"":""471cc51f-1970-4099-79fe-fe72574b7b9a"",""yes_price_dollars"":""0.4600""}"
KXBTC15M-26APR281430-30,76d8e06c-ecc8-6de5-11ca-5d0805601372,1777400134,0.46,1.88,yes,"{""count_fp"":""1.88"",""created_time"":""2026-04-28T18:15:34.481653Z"",""no_price_dollars"":""0.5400"",""taker_side"":""yes"",""ticker"":""KXBTC15M-26APR281430-30"",""trade_id"":""76d8e06c-ecc8-6de5-11ca-5d0805601372"",""yes_price_dollars"":""0.4600""}"
KXBTC15M-26APR281430-30,c4dbdfb7-f912-5c38-4e3f-6c46ca0c707d,1777400135,0.46,80.0,yes,"{""count_fp"":""80.00"",""created_time"":""2026-04-28T18:15:35.853113Z"",""no_price_dollars"":""0.5400"",""taker_side"":""yes"",""ticker"":""KXBTC15M-26APR281430-30"",""trade_id"":""c4dbdfb7-f912-5c38-4e3f-6c46ca0c707d"",""yes_price_dollars"":""0.4600""}"
KXBTC15M-26APR281430-30,86f7fa2c-dd9b-51af-4ef2-03b391bed907,1777400135,0.46,200.0,yes,"{""count_fp"":""200.00"",""created_time"":""2026-04-28T18:15:35.853113Z"",""no_price_dollars"":""0.5400"",""taker_side"":""yes"",""ticker"":""KXBTC15M-26APR281430-30"",""trade_id"":""86f7fa2c-dd9b-51af-4ef2-03b391bed907"",""yes_price_dollars"":""0.4600""}"
KXBTC15M-26APR281430-30,82a24134-b718-5618-4edf-040242149609,1777400135,0.46,123.99,yes,"{""count_fp"":""123.99"",""created_time"":""2026-04-28T18:15:35.853113Z"",""no_price_dollars"":""0.5400"",""taker_side"":""yes"",""ticker"":""KXBTC15M-26APR281430-30"",""trade_id"":""82a24134-b718-5618-4edf-040242149609"",""yes_price_dollars"":""0.4600""}"
KXBTC15M-26APR281430-30,2dde9286-f9c9-5115-471a-76a4524b2d0c,1777400135,0.46,14.95,yes,"{""count_fp"":""14.95"",""created_time"":""2026-04-28T18:15:35.853113Z"",""no_price_dollars"":""0.5400"",""taker_side"":""yes"",""ticker"":""KXBTC15M-26APR281430-30"",""trade_id"":""2dde9286-f9c9-5115-471a-76a4524b2d0c"",""yes_price_dollars"":""0.4600""}"
KXBTC15M-26APR281430-30,2e39f016-3614-7850-f3b9-85e3af137edd,1777400135,0.46,58.66,yes,"{""count_fp"":""58.66"",""created_time"":""2026-04-28T18:15:35.735833Z"",""no_price_dollars"":""0.5400"",""taker_side"":""yes"",""ticker"":""KXBTC15M-26APR281430-30"",""trade_id"":""2e39f016-3614-7850-f3b9-85e3af137edd"",""yes_price_dollars"":""0.4600""}"
KXBTC15M-26APR281430-30,ed75a8a7-90e0-50d0-a095-d075656251ad,1777400135,0.46,17.35,yes,"{""count_fp"":""17.35"",""created_time"":""2026-04-28T18:15:35.679579Z"",""no_price_dollars"":""0.5400"",""taker_side"":""yes"",""ticker"":""KXBTC15M-26APR281430-30"",""trade_id"":""ed75a8a7-90e0-50d0-a095-d075656251ad"",""yes_price_dollars"":""0.4600""}"
KXBTC15M-26APR281430-30,b94cfbb9-6775-5963-aa23-247367c64dd7,1777400135,0.46,13.65,yes,"{""count_fp"":""13.65"",""created_time"":""2026-04-28T18:15:35.679579Z"",""no_price_dollars"":""0.5400"",""taker_side"":""yes"",""ticker"":""KXBTC15M-26APR281430-30"",""trade_id"":""b94cfbb9-6775-5963-aa23-247367c64dd7"",""yes_price_dollars"":""0.4600""}"
KXBTC15M-26APR281430-30,1729edd0-c171-4daf-5b6c-b09f9113fd1b,1777400135,0.46,83.78,yes,"{""count_fp"":""83.78"",""created_time"":""2026-04-28T18:15:35.449325Z"",""no_price_dollars"":""0.5400"",""taker_side"":""yes"",""ticker"":""KXBTC15M-26APR281430-30"",""trade_id"":""1729edd0-c171-4daf-5b6c-b09f9113fd1b"",""yes_price_dollars"":""0.4600""}"
KXBTC15M-26APR281430-30,591e9171-a565-70e3-e525-a765b9af3197,1777400135,0.46,102.57,yes,"{""count_fp"":""102.57"",""created_time"":""2026-04-28T18:15:35.390191Z"",""no_price_dollars"":""0.5400"",""taker_side"":""yes"",""ticker"":""KXBTC15M-26APR281430-30"",""trade_id"":""591e9171-a565-70e3-e525-a765b9af3197"",""yes_price_dollars"":""0.4600""}"
KXBTC15M-26APR281430-30,2073c0e6-401e-7933-1372-1b345633563a,1777400135,0.46,2.05,yes,"{""count_fp"":""2.05"",""created_time"":""2026-04-28T18:15:35.055045Z"",""no_price_dollars"":""0.5400"",""taker_side"":""yes"",""ticker"":""KXBTC15M-26APR281430-30"",""trade_id"":""2073c0e6-401e-7933-1372-1b345633563a"",""yes_price_dollars"":""0.4600""}"
KXBTC15M-26APR281430-30,bff85740-b79e-5957-1c93-7c035cea2e5e,1777400135,0.46,2.09,yes,"{""count_fp"":""2.09"",""created_time"":""2026-04-28T18:15:35.046245Z"",""no_price_dollars"":""0.5400"",""taker_side"":""yes"",""ticker"":""KXBTC15M-26APR281430-30"",""trade_id"":""bff85740-b79e-5957-1c93-7c035cea2e5e"",""yes_price_dollars"":""0.4600""}"
KXBTC15M-26APR281430-30,f659ac25-2bee-4343-ad25-13cac6f3ef8e,1777400135,0.46,4.1,yes,"{""count_fp"":""4.10"",""created_time"":""2026-04-28T18:15:35.032135Z"",""no_price_dollars"":""0.5400"",""taker_side"":""yes"",""ticker"":""KXBTC15M-26APR281430-30"",""trade_id"":""f659ac25-2bee-4343-ad25-13cac6f3ef8e"",""yes_price_dollars"":""0.4600""}"
KXBTC15M-26APR281430-30,c68b88bf-ddc2-60a7-2726-5354d6bf5e0a,1777400136,0.46,52.36,yes,"{""count_fp"":""52.36"",""created_time"":""2026-04-28T18:15:36.935045Z"",""no_price_dollars"":""0.5400"",""taker_side"":""yes"",""ticker"":""KXBTC15M-26APR281430-30"",""trade_id"":""c68b88bf-ddc2-60a7-2726-5354d6bf5e0a"",""yes_price_dollars"":""0.4600""}"
KXBTC15M-26APR281430-30,2399a4a7-c162-65eb-7083-e2f55c142f26,1777400136,0.46,50.0,yes,"{""count_fp"":""50.00"",""created_time"":""2026-04-28T18:15:36.910766Z"",""no_price_dollars"":""0.5400"",""taker_side"":""yes"",""ticker"":""KXBTC15M-26APR281430-30"",""trade_id"":""2399a4a7-c162-65eb-7083-e2f55c142f26"",""yes_price_dollars"":""0.4600""}"
KXBTC15M-26APR281430-30,cdf77aa2-a79a-6e13-6620-81657abce8d2,1777400136,0.46,75.41,yes,"{""count_fp"":""75.41"",""created_time"":""2026-04-28T18:15:36.859043Z"",""no_price_dollars"":""0.5400"",""taker_side"":""yes"",""ticker"":""KXBTC15M-26APR281430-30"",""trade_id"":""cdf77aa2-a79a-6e13-6620-81657abce8d2"",""yes_price_dollars"":""0.4600""}"
KXBTC15M-26APR281430-30,6e65fedc-c3c4-56e4-f731-7a39b6aebb4a,1777400136,0.45,1.0,no,"{""count_fp"":""1.00"",""created_time"":""2026-04-28T18:15:36.509735Z"",""no_price_dollars"":""0.5500"",""taker_side"":""no"",""ticker"":""KXBTC15M-26APR281430-30"",""trade_id"":""6e65fedc-c3c4-56e4-f731-7a39b6aebb4a"",""yes_price_dollars"":""0.4500""}"
KXBTC15M-26APR281430-30,ffbab4f7-8a1f-4d46-4d3e-20dc8ccc8c1e,1777400136,0.45,233.27,no,"{""count_fp"":""233.27"",""created_time"":""2026-04-28T18:15:36.469024Z"",""no_price_dollars"":""0.5500"",""taker_side"":""no"",""ticker"":""KXBTC15M-26APR281430-30"",""trade_id"":""ffbab4f7-8a1f-4d46-4d3e-20dc8ccc8c1e"",""yes_price_dollars"":""0.4500""}"
KXBTC15M-26APR281430-30,fc66c5a0-ecf8-4b20-7ae8-0fb031edaeee,1777400136,0.45,2.4,no,"{""count_fp"":""2.40"",""created_time"":""2026-04-28T18:15:36.469024Z"",""no_price_dollars"":""0.5500"",""taker_side"":""no"",""ticker"":""KXBTC15M-26APR281430-30"",""trade_id"":""fc66c5a0-ecf8-4b20-7ae8-0fb031edaeee"",""yes_price_dollars"":""0.4500""}"
KXBTC15M-26APR281430-30,af10c376-aa46-4683-443a-dc6d920cc2f1,1777400136,0.45,2.0,no,"{""count_fp"":""2.00"",""created_time"":""2026-04-28T18:15:36.469024Z"",""no_price_dollars"":""0.5500"",""taker_side"":""no"",""ticker"":""KXBTC15M-26APR281430-30"",""trade_id"":""af10c376-aa46-4683-443a-dc6d920cc2f1"",""yes_price_dollars"":""0.4500""}"
KXBTC15M-26APR281430-30,a94f4a96-fae1-4e2c-516e-89279fd52ad7,1777400136,0.45,4.0,no,"{""count_fp"":""4.00"",""created_time"":""2026-04-28T18:15:36.469024Z"",""no_price_dollars"":""0.5500"",""taker_side"":""no"",""ticker"":""KXBTC15M-26APR281430-30"",""trade_id"":""a94f4a96-fae1-4e2c-516e-89279fd52ad7"",""yes_price_dollars"":""0.4500""}"
KXBTC15M-26APR281430-30,85d6fba0-bf7e-471e-54a2-d2268a0dd73b,1777400136,0.45,4.1,no,"{""count_fp"":""4.10"",""created_time"":""2026-04-28T18:15:36.469024Z"",""no_price_dollars"":""0.5500"",""taker_side"":""no"",""ticker"":""KXBTC15M-26APR281430-30"",""trade_id"":""85d6fba0-bf7e-471e-54a2-d2268a0dd73b"",""yes_price_dollars"":""0.4500""}"
KXBTC15M-26APR281430-30,4d1d689f-ff14-463e-58ce-919b4737eea5,1777400136,0.45,1.0,no,"{""count_fp"":""1.00"",""created_time"":""2026-04-28T18:15:36.469024Z"",""no_price_dollars"":""0.5500"",""taker_side"":""no"",""ticker"":""KXBTC15M-26APR281430-30"",""trade_id"":""4d1d689f-ff14-463e-58ce-919b4737eea5"",""yes_price_dollars"":""0.4500""}"
KXBTC15M-26APR281430-30,0121fa7e-8e76-648b-7715-924f4c6228ee,1777400136,0.46,10.25,yes,"{""count_fp"":""10.25"",""created_time"":""2026-04-28T18:15:36.320282Z"",""no_price_dollars"":""0.5400"",""taker_side"":""yes"",""ticker"":""KXBTC15M-26APR281430-30"",""trade_id"":""0121fa7e-8e76-648b-7715-924f4c6228ee"",""yes_price_dollars"":""0.4600""}"
KXBTC15M-26APR281430-30,ebade230-173b-45e6-0cc8-3e64b07b0616,1777400136,0.45,89.89,no,"{""count_fp"":""89.89"",""created_time"":""2026-04-28T18:15:36.243556Z"",""no_price_dollars"":""0.5500"",""taker_side"":""no"",""ticker"":""KXBTC15M-26APR281430-30"",""trade_id"":""ebade230-173b-45e6-0cc8-3e64b07b0616"",""yes_price_dollars"":""0.4500""}"
KXBTC15M-26APR281430-30,63178569-9419-4d95-8264-8b333f624954,1777400136,0.46,20.94,yes,"{""count_fp"":""20.94"",""created_time"":""2026-04-28T18:15:36.038914Z"",""no_price_dollars"":""0.5400"",""taker_side"":""yes"",""ticker"":""KXBTC15M-26APR281430-30"",""trade_id"":""63178569-9419-4d95-8264-8b333f624954"",""yes_price_dollars"":""0.4600""}"
KXBTC15M-26APR281430-30,4e34921b-284a-42af-7b68-cdf50e979fce,1777400137,0.46,62.84,yes,"{""count_fp"":""62.84"",""created_time"":""2026-04-28T18:15:37.988307Z"",""no_price_dollars"":""0.5400"",""taker_side"":""yes"",""ticker"":""KXBTC15M-26APR281430-30"",""trade_id"":""4e34921b-284a-42af-7b68-cdf50e979fce"",""yes_price_dollars"":""0.4600""}"
KXBTC15M-26APR281430-30,8256673d-4c4a-549b-8da1-3cf76233090e,1777400137,0.46,9.86,yes,"{""count_fp"":""9.86"",""created_time"":""2026-04-28T18:15:37.150193Z"",""no_price_dollars"":""0.5400"",""taker_side"":""yes"",""ticker"":""KXBTC15M-26APR281430-30"",""trade_id"":""8256673d-4c4a-549b-8da1-3cf76233090e"",""yes_price_dollars"":""0.4600""}"
KXBTC15M-26APR281430-30,b2d4a8bf-8512-6034-0343-a88f0f028e99,1777400138,0.46,5.81,yes,"{""count_fp"":""5.81"",""created_time"":""2026-04-28T18:15:38.620245Z"",""no_price_dollars"":""0.5400"",""taker_side"":""yes"",""ticker"":""KXBTC15M-26APR281430-30"",""trade_id"":""b2d4a8bf-8512-6034-0343-a88f0f028e99"",""yes_price_dollars"":""0.4600""}"
KXBTC15M-26APR281430-30,423f9369-b00c-6451-0c3f-af7c3d7edb36,1777400138,0.46,4.66,yes,"{""count_fp"":""4.66"",""created_time"":""2026-04-28T18:15:38.620245Z"",""no_price_dollars"":""0.5400"",""taker_side"":""yes"",""ticker"":""KXBTC15M-26APR281430-30"",""trade_id"":""423f9369-b00c-6451-0c3f-af7c3d7edb36"",""yes_price_dollars"":""0.4600""}"
KXBTC15M-26APR281430-30,027a7532-ef3a-6684-d586-8cf3f8750c31,1777400138,0.46,10.47,yes,"{""count_fp"":""10.47"",""created_time"":""2026-04-28T18:15:38.357219Z"",""no_price_dollars"":""0.5400"",""taker_side"":""yes"",""ticker"":""KXBTC15M-26APR281430-30"",""trade_id"":""027a7532-ef3a-6684-d586-8cf3f8750c31"",""yes_price_dollars"":""0.4600""}"
KXBTC15M-26APR281430-30,cef3d062-af7a-58a8-1f3e-01c690b655ed,1777400138,0.46,23.04,yes,"{""count_fp"":""23.04"",""created_time"":""2026-04-28T18:15:38.279646Z"",""no_price_dollars"":""0.5400"",""taker_side"":""yes"",""ticker"":""KXBTC15M-26APR281430-30"",""trade_id"":""cef3d062-af7a-58a8-1f3e-01c690b655ed"",""yes_price_dollars"":""0.4600""}"
KXBTC15M-26APR281430-30,2efe9fdc-4186-76b4-7ef1-e72ed5875a79,1777400138,0.46,3.58,yes,"{""count_fp"":""3.58"",""created_time"":""2026-04-28T18:15:38.229707Z"",""no_price_dollars"":""0.5400"",""taker_side"":""yes"",""ticker"":""KXBTC15M-26APR281430-30"",""trade_id"":""2efe9fdc-4186-76b4-7ef1-e72ed5875a79"",""yes_price_dollars"":""0.4600""}"
KXBTC15M-26APR281430-30,fc040d81-aa96-6f98-6d41-0b1e0c92ad05,1777400138,0.46,157.1,yes,"{""count_fp"":""157.10"",""created_time"":""2026-04-28T18:15:38.212183Z"",""no_price_dollars"":""0.5400"",""taker_side"":""yes"",""ticker"":""KXBTC15M-26APR281430-30"",""trade_id"":""fc040d81-aa96-6f98-6d41-0b1e0c92ad05"",""yes_price_dollars"":""0.4600""}"
KXBTC15M-26APR281430-30,ed911820-7264-41f9-abb0-3ab71c41a706,1777400139,0.46,2.11,yes,"{""count_fp"":""2.11"",""created_time"":""2026-04-28T18:15:39.516105Z"",""no_price_dollars"":""0.5400"",""taker_side"":""yes"",""ticker"":""KXBTC15M-26APR281430-30"",""trade_id"":""ed911820-7264-41f9-abb0-3ab71c41a706"",""yes_price_dollars"":""0.4600""}"
KXBTC15M-26APR281430-30,89ed984a-d5e4-4af1-faad-976bce6a12d6,1777400139,0.46,52.06,yes,"{""count_fp"":""52.06"",""created_time"":""2026-04-28T18:15:39.150207Z"",""no_price_dollars"":""0.5400"",""taker_side"":""yes"",""ticker"":""KXBTC15M-26APR281430-30"",""trade_id"":""89ed984a-d5e4-4af1-faad-976bce6a12d6"",""yes_price_dollars"":""0.4600""}"
KXBTC15M-26APR281430-30,014a9ad4-e748-53c0-bbd3-63c01627a4fa,1777400139,0.45,3.0,no,"{""count_fp"":""3.00"",""created_time"":""2026-04-28T18:15:39.128278Z"",""no_price_dollars"":""0.5500"",""taker_side"":""no"",""ticker"":""KXBTC15M-26APR281430-30"",""trade_id"":""014a9ad4-e748-53c0-bbd3-63c01627a4fa"",""yes_price_dollars"":""0.4500""}"
KXBTC15M-26APR281430-30,e3e57328-5a58-72fd-5bf8-7b3fe81be786,1777400139,0.46,1.67,yes,"{""count_fp"":""1.67"",""created_time"":""2026-04-28T18:15:39.006004Z"",""no_price_dollars"":""0.5400"",""taker_side"":""yes"",""ticker"":""KXBTC15M-26APR281430-30"",""trade_id"":""e3e57328-5a58-72fd-5bf8-7b3fe81be786"",""yes_price_dollars"":""0.4600""}"
KXBTC15M-26APR281430-30,2d3b5b6d-7cd4-7d99-eb5c-d4b1c4b733b0,1777400140,0.48,26.43,no,"{""count_fp"":""26.43"",""created_time"":""2026-04-28T18:15:40.927034Z"",""no_price_dollars"":""0.5200"",""taker_side"":""no"",""ticker"":""KXBTC15M-26APR281430-30"",""trade_id"":""2d3b5b6d-7cd4-7d99-eb5c-d4b1c4b733b0"",""yes_price_dollars"":""0.4800""}"
KXBTC15M-26APR281430-30,690eb861-e337-7cb7-33c3-81690faf0867,1777400140,0.49,104.0,yes,"{""count_fp"":""104.00"",""created_time"":""2026-04-28T18:15:40.887134Z"",""no_price_dollars"":""0.5100"",""taker_side"":""yes"",""ticker"":""KXBTC15M-26APR281430-30"",""trade_id"":""690eb861-e337-7cb7-33c3-81690faf0867"",""yes_price_dollars"":""0.4900""}"
KXBTC15M-26APR281430-30,8782ec69-bcbb-6f27-da05-fc0e46cb7ed7,1777400140,0.49,5.0,yes,"{""count_fp"":""5.00"",""created_time"":""2026-04-28T18:15:40.881456Z"",""no_price_dollars"":""0.5100"",""taker_side"":""yes"",""ticker"":""KXBTC15M-26APR281430-30"",""trade_id"":""8782ec69-bcbb-6f27-da05-fc0e46cb7ed7"",""yes_price_dollars"":""0.4900""}"
KXBTC15M-26APR281430-30,a69bf742-adf4-7b4f-c6bb-e3205460b1b3,1777400140,0.48,100.0,yes,"{""count_fp"":""100.00"",""created_time"":""2026-04-28T18:15:40.879649Z"",""no_price_dollars"":""0.5200"",""taker_side"":""yes"",""ticker"":""KXBTC15M-26APR281430-30"",""trade_id"":""a69bf742-adf4-7b4f-c6bb-e3205460b1b3"",""yes_price_dollars"":""0.4800""}"
KXBTC15M-26APR281430-30,f0c4ff38-9d27-5743-9f7a-316be50026a3,1777400140,0.5,10.0,yes,"{""count_fp"":""10.00"",""created_time"":""2026-04-28T18:15:40.866595Z"",""no_price_dollars"":""0.5000"",""taker_side"":""yes"",""ticker"":""KXBTC15M-26APR281430-30"",""trade_id"":""f0c4ff38-9d27-5743-9f7a-316be50026a3"",""yes_price_dollars"":""0.5000""}"
KXBTC15M-26APR281430-30,d24d47c6-5ac7-5582-9d6e-a4ab50462850,1777400140,0.5,71.0,yes,"{""count_fp"":""71.00"",""created_time"":""2026-04-28T18:15:40.866595Z"",""no_price_dollars"":""0.5000"",""taker_side"":""yes"",""ticker"":""KXBTC15M-26APR281430-30"",""trade_id"":""d24d47c6-5ac7-5582-9d6e-a4ab50462850"",""yes_price_dollars"":""0.5000""}"
KXBTC15M-26APR281430-30,b72d6094-e315-5b62-92f0-d0f56019c4b4,1777400140,0.49,3.0,yes,"{""count_fp"":""3.00"",""created_time"":""2026-04-28T18:15:40.866595Z"",""no_price_dollars"":""0.5100"",""taker_side"":""yes"",""ticker"":""KXBTC15M-26APR281430-30"",""trade_id"":""b72d6094-e315-5b62-92f0-d0f56019c4b4"",""yes_price_dollars"":""0.4900""}"
KXBTC15M-26APR281430-30,58d95e3e-a5a9-51be-9296-3fcf6758f601,1777400140,0.5,2.0,yes,"{""count_fp"":""2.00"",""created_time"":""2026-04-28T18:15:40.866595Z"",""no_price_dollars"":""0.5000"",""taker_side"":""yes"",""ticker"":""KXBTC15M-26APR281430-30"",""trade_id"":""58d95e3e-a5a9-51be-9296-3fcf6758f601"",""yes_price_dollars"":""0.5000""}"
KXBTC15M-26APR281430-30,0a5d69e0-f7b6-580a-960a-e79fd0560fbd,1777400140,0.5,20.0,yes,"{""count_fp"":""20.00"",""created_time"":""2026-04-28T18:15:40.866595Z"",""no_price_dollars"":""0.5000"",""taker_side"":""yes"",""ticker"":""KXBTC15M-26APR281430-30"",""trade_id"":""0a5d69e0-f7b6-580a-960a-e79fd0560fbd"",""yes_price_dollars"":""0.5000""}"
KXBTC15M-26APR281430-30,07c5a6ee-f594-5d5b-8cae-a1c70e3557ac,1777400140,0.5,2.0,yes,"{""count_fp"":""2.00"",""created_time"":""2026-04-28T18:15:40.866595Z"",""no_price_dollars"":""0.5000"",""taker_side"":""yes"",""ticker"":""KXBTC15M-26APR281430-30"",""trade_id"":""07c5a6ee-f594-5d5b-8cae-a1c70e3557ac"",""yes_price_dollars"":""0.5000""}"
KXBTC15M-26APR281430-30,d47feb44-c8e5-77b5-8ca8-b8d66be1ca12,1777400140,0.49,5.0,yes,"{""count_fp"":""5.00"",""created_time"":""2026-04-28T18:15:40.850392Z"",""no_price_dollars"":""0.5100"",""taker_side"":""yes"",""ticker"":""KXBTC15M-26APR281430-30"",""trade_id"":""d47feb44-c8e5-77b5-8ca8-b8d66be1ca12"",""yes_price_dollars"":""0.4900""}"
KXBTC15M-26APR281430-30,8e5b9c86-eb5e-7c31-b920-6b86eda048f6,1777400140,0.49,103.0,yes,"{""count_fp"":""103.00"",""created_time"":""2026-04-28T18:15:40.850392Z"",""no_price_dollars"":""0.5100"",""taker_side"":""yes"",""ticker"":""KXBTC15M-26APR281430-30"",""trade_id"":""8e5b9c86-eb5e-7c31-b920-6b86eda048f6"",""yes_price_dollars"":""0.4900""}"
KXBTC15M-26APR281430-30,85dad7ed-faba-6c4c-e8c4-20204502e20f,1777400140,0.48,12.0,yes,"{""count_fp"":""12.00"",""created_time"":""2026-04-28T18:15:40.850148Z"",""no_price_dollars"":""0.5200"",""taker_side"":""yes"",""ticker"":""KXBTC15M-26APR281430-30"",""trade_id"":""85dad7ed-faba-6c4c-e8c4-20204502e20f"",""yes_price_dollars"":""0.4800""}"
KXBTC15M-26APR281430-30,22ef383c-6631-6640-f9a7-5c57903b074a,1777400140,0.48,10.0,yes,"{""count_fp"":""10.00"",""created_time"":""2026-04-28T18:15:40.850148Z"",""no_price_dollars"":""0.5200"",""taker_side"":""yes"",""ticker"":""KXBTC15M-26APR281430-30"",""trade_id"":""22ef383c-6631-6640-f9a7-5c57903b074a"",""yes_price_dollars"":""0.4800""}"
KXBTC15M-26APR281430-30,0cfa67ef-693f-64c1-d001-068a2fcba917,1777400140,0.48,80.0,yes,"{""count_fp"":""80.00"",""created_time"":""2026-04-28T18:15:40.850148Z"",""no_price_dollars"":""0.5200"",""taker_side"":""yes"",""ticker"":""KXBTC15M-26APR281430-30"",""trade_id"":""0cfa67ef-693f-64c1-d001-068a2fcba917"",""yes_price_dollars"":""0.4800""}"
KXBTC15M-26APR281430-30,a6587167-0673-782c-e2bc-aec46c2439e2,1777400140,0.47,2.0,yes,"{""count_fp"":""2.00"",""created_time"":""2026-04-28T18:15:40.832914Z"",""no_price_dollars"":""0.5300"",""taker_side"":""yes"",""ticker"":""KXBTC15M-26APR281430-30"",""trade_id"":""a6587167-0673-782c-e2bc-aec46c2439e2"",""yes_price_dollars"":""0.4700""}"
KXBTC15M-26APR281430-30,1d57e772-cf68-770c-def5-71cab052170e,1777400140,0.47,2.0,yes,"{""count_fp"":""2.00"",""created_time"":""2026-04-28T18:15:40.832914Z"",""no_price_dollars"":""0.5300"",""taker_side"":""yes"",""ticker"":""KXBTC15M-26APR281430-30"",""trade_id"":""1d57e772-cf68-770c-def5-71cab052170e"",""yes_price_dollars"":""0.4700""}"
KXBTC15M-26APR281430-30,c5908ede-fb66-6057-9bc4-ad1a875fe081,1777400140,0.46,1.0,yes,"{""count_fp"":""1.00"",""created_time"":""2026-04-28T18:15:40.811374Z"",""no_price_dollars"":""0.5400"",""taker_side"":""yes"",""ticker"":""KXBTC15M-26APR281430-30"",""trade_id"":""c5908ede-fb66-6057-9bc4-ad1a875fe081"",""yes_price_dollars"":""0.4600""}"
KXBTC15M-26APR281430-30,bf6e843f-4890-64a5-a037-a1054935b89e,1777400140,0.46,19.5,yes,"{""count_fp"":""19.50"",""created_time"":""2026-04-28T18:15:40.811374Z"",""no_price_dollars"":""0.5400"",""taker_side"":""yes"",""ticker"":""KXBTC15M-26APR281430-30"",""trade_id"":""bf6e843f-4890-64a5-a037-a1054935b89e"",""yes_price_dollars"":""0.4600""}"
KXBTC15M-26APR281430-30,13f31912-8750-605d-b49b-857d28b97112,1777400140,0.46,1.0,yes,"{""count_fp"":""1.00"",""created_time"":""2026-04-28T18:15:40.811374Z"",""no_price_dollars"":""0.5400"",""taker_side"":""yes"",""ticker"":""KXBTC15M-26APR281430-30"",""trade_id"":""13f31912-8750-605d-b49b-857d28b97112"",""yes_price_dollars"":""0.4600""}"
KXBTC15M-26APR281430-30,fc3d4632-1e6b-5155-aa93-ecf6e816f0fb,1777400140,0.45,4.14,no,"{""count_fp"":""4.14"",""created_time"":""2026-04-28T18:15:40.759497Z"",""no_price_dollars"":""0.5500"",""taker_side"":""no"",""ticker"":""KXBTC15M-26APR281430-30"",""trade_id"":""fc3d4632-1e6b-5155-aa93-ecf6e816f0fb"",""yes_price_dollars"":""0.4500""}"
KXBTC15M-26APR281430-30,e8bf33d2-7e38-59ec-86b1-0f0370836122,1777400140,0.45,1.6,no,"{""count_fp"":""1.60"",""created_time"":""2026-04-28T18:15:40.759497Z"",""no_price_dollars"":""0.5500"",""taker_side"":""no"",""ticker"":""KXBTC15M-26APR281430-30"",""trade_id"":""e8bf33d2-7e38-59ec-86b1-0f0370836122"",""yes_price_dollars"":""0.4500""}"
KXBTC15M-26APR281430-30,bafdff07-ce90-5071-81c9-014dc9149604,1777400140,0.45,8.88,no,"{""count_fp"":""8.88"",""created_time"":""2026-04-28T18:15:40.759497Z"",""no_price_dollars"":""0.5500"",""taker_side"":""no"",""ticker"":""KXBTC15M-26APR281430-30"",""trade_id"":""bafdff07-ce90-5071-81c9-014dc9149604"",""yes_price_dollars"":""0.4500""}"
KXBTC15M-26APR281430-30,451344ff-d106-559e-9564-2de604003d66,1777400140,0.45,3.0,no,"{""count_fp"":""3.00"",""created_time"":""2026-04-28T18:15:40.759497Z"",""no_price_dollars"":""0.5500"",""taker_side"":""no"",""ticker"":""KXBTC15M-26APR281430-30"",""trade_id"":""451344ff-d106-559e-9564-2de604003d66"",""yes_price_dollars"":""0.4500""}"
KXBTC15M-26APR281430-30,f9f187a0-7edc-6d92-3f83-54cc67f6acb3,1777400141,0.53,0.26,yes,"{""count_fp"":""0.26"",""created_time"":""2026-04-28T18:15:41.930839Z"",""no_price_dollars"":""0.4700"",""taker_side"":""yes"",""ticker"":""KXBTC15M-26APR281430-30"",""trade_id"":""f9f187a0-7edc-6d92-3f83-54cc67f6acb3"",""yes_price_dollars"":""0.5300""}"
KXBTC15M-26APR281430-30,b066d11b-5e92-695b-3d11-f1ba2cd297fa,1777400141,0.53,3.0,yes,"{""count_fp"":""3.00"",""created_time"":""2026-04-28T18:15:41.930839Z"",""no_price_dollars"":""0.4700"",""taker_side"":""yes"",""ticker"":""KXBTC15M-26APR281430-30"",""trade_id"":""b066d11b-5e92-695b-3d11-f1ba2cd297fa"",""yes_price_dollars"":""0.5300""}"
KXBTC15M-26APR281430-30,4c2b40e7-ee6d-61cf-3c3e-d3f8b63d0599,1777400141,0.51,3.0,yes,"{""count_fp"":""3.00"",""created_time"":""2026-04-28T18:15:41.930839Z"",""no_price_dollars"":""0.4900"",""taker_side"":""yes"",""ticker"":""KXBTC15M-26APR281430-30"",""trade_id"":""4c2b40e7-ee6d-61cf-3c3e-d3f8b63d0599"",""yes_price_dollars"":""0.5100""}"
KXBTC15M-26APR281430-30,44b3be1f-6bd0-63a8-1883-b22f86b43a10,1777400141,0.52,3.0,yes,"{""count_fp"":""3.00"",""created_time"":""2026-04-28T18:15:41.930839Z"",""no_price_dollars"":""0.4800"",""taker_side"":""yes"",""ticker"":""KXBTC15M-26APR281430-30"",""trade_id"":""44b3be1f-6bd0-63a8-1883-b22f86b43a10"",""yes_price_dollars"":""0.5200""}"
KXBTC15M-26APR281430-30,b006f936-3da4-4786-f2fa-4ffb832cc5d6,1777400141,0.5,17.62,no,"{""count_fp"":""17.62"",""created_time"":""2026-04-28T18:15:41.866558Z"",""no_price_dollars"":""0.5000"",""taker_side"":""no"",""ticker"":""KXBTC15M-26APR281430-30"",""trade_id"":""b006f936-3da4-4786-f2fa-4ffb832cc5d6"",""yes_price_dollars"":""0.5000""}"
KXBTC15M-26APR281430-30,1dbd8197-6274-785e-9440-a8866be22002,1777400141,0.5,36.71,no,"{""count_fp"":""36.71"",""created_time"":""2026-04-28T18:15:41.697051Z"",""no_price_dollars"":""0.5000"",""taker_side"":""no"",""ticker"":""KXBTC15M-26APR281430-30"",""trade_id"":""1dbd8197-6274-785e-9440-a8866be22002"",""yes_price_dollars"":""0.5000""}"
KXBTC15M-26APR281430-30,d51efa4e-a050-4651-e074-01946c499240,1777400141,0.5,789.2,no,"{""count_fp"":""789.20"",""created_time"":""2026-04-28T18:15:41.575791Z"",""no_price_dollars"":""0.5000"",""taker_side"":""no"",""ticker"":""KXBTC15M-26APR281430-30"",""trade_id"":""d51efa4e-a050-4651-e074-01946c499240"",""yes_price_dollars"":""0.5000""}"
KXBTC15M-26APR281430-30,42574aee-c128-4432-c31a-89cfcffba72e,1777400141,0.5,92.12,no,"{""count_fp"":""92.12"",""created_time"":""2026-04-28T18:15:41.575791Z"",""no_price_dollars"":""0.5000"",""taker_side"":""no"",""ticker"":""KXBTC15M-26APR281430-30"",""trade_id"":""42574aee-c128-4432-c31a-89cfcffba72e"",""yes_price_dollars"":""0.5000""}"
KXBTC15M-26APR281430-30,49d8b936-73c4-4ad1-f956-a007d4bcc158,1777400141,0.5,4.0,no,"{""count_fp"":""4.00"",""created_time"":""2026-04-28T18:15:41.342989Z"",""no_price_dollars"":""0.5000"",""taker_side"":""no"",""ticker"":""KXBTC15M-26APR281430-30"",""trade_id"":""49d8b936-73c4-4ad1-f956-a007d4bcc158"",""yes_price_dollars"":""0.5000""}"
KXBTC15M-26APR281430-30,0e3fd65c-42eb-6efc-2a76-27c1667043f2,1777400142,0.53,2.0,yes,"{""count_fp"":""2.00"",""created_time"":""2026-04-28T18:15:42.947209Z"",""no_price_dollars"":""0.4700"",""taker_side"":""yes"",""ticker"":""KXBTC15M-26APR281430-30"",""trade_id"":""0e3fd65c-42eb-6efc-2a76-27c1667043f2"",""yes_price_dollars"":""0.5300""}"
KXBTC15M-26APR281430-30,34629217-ec47-5091-4c58-293f27e1c996,1777400142,0.52,3.0,no,"{""count_fp"":""3.00"",""created_time"":""2026-04-28T18:15:42.887475Z"",""no_price_dollars"":""0.4800"",""taker_side"":""no"",""ticker"":""KXBTC15M-26APR281430-30"",""trade_id"":""34629217-ec47-5091-4c58-293f27e1c996"",""yes_price_dollars"":""0.5200""}"
KXBTC15M-26APR281430-30,f556bd5d-2d47-5ab9-ab71-9c722eb667b2,1777400142,0.52,4.0,no,"{""count_fp"":""4.00"",""created_time"":""2026-04-28T18:15:42.789304Z"",""no_price_dollars"":""0.4800"",""taker_side"":""no"",""ticker"":""KXBTC15M-26APR281430-30"",""trade_id"":""f556bd5d-2d47-5ab9-ab71-9c722eb667b2"",""yes_price_dollars"":""0.5200""}"
KXBTC15M-26APR281430-30,f70b4017-15bb-6ed2-a3a1-cd67fc662ada,1777400143,0.53,3.0,yes,"{""count_fp"":""3.00"",""created_time"":""2026-04-28T18:15:43.881324Z"",""no_price_dollars"":""0.4700"",""taker_side"":""yes"",""ticker"":""KXBTC15M-26APR281430-30"",""trade_id"":""f70b4017-15bb-6ed2-a3a1-cd67fc662ada"",""yes_price_dollars"":""0.5300""}"
KXBTC15M-26APR281430-30,ed1a1399-8cfd-63f4-8595-27cf4e2c3479,1777400143,0.54,200.0,yes,"{""count_fp"":""200.00"",""created_time"":""2026-04-28T18:15:43.881324Z"",""no_price_dollars"":""0.4600"",""taker_side"":""yes"",""ticker"":""KXBTC15M-26APR281430-30"",""trade_id"":""ed1a1399-8cfd-63f4-8595-27cf4e2c3479"",""yes_price_dollars"":""0.5400""}"
KXBTC15M-26APR281430-30,e3067a65-5e84-6170-a6b5-754c6940d5f4,1777400143,0.55,3.0,yes,"{""count_fp"":""3.00"",""created_time"":""2026-04-28T18:15:43.881324Z"",""no_price_dollars"":""0.4500"",""taker_side"":""yes"",""ticker"":""KXBTC15M-26APR281430-30"",""trade_id"":""e3067a65-5e84-6170-a6b5-754c6940d5f4"",""yes_price_dollars"":""0.5500""}"
KXBTC15M-26APR281430-30,cba99b9f-4554-6f91-81e8-7765d3210a1a,1777400143,0.53,200.0,yes,"{""count_fp"":""200.00"",""created_time"":""2026-04-28T18:15:43.881324Z"",""no_price_dollars"":""0.4700"",""taker_side"":""yes"",""ticker"":""KXBTC15M-26APR281430-30"",""trade_id"":""cba99b9f-4554-6f91-81e8-7765d3210a1a"",""yes_price_dollars"":""0.5300""}"
KXBTC15M-26APR281430-30,c4bca9a7-876d-654c-83d8-df9d52e55eb0,1777400143,0.53,200.0,yes,"{""count_fp"":""200.00"",""created_time"":""2026-04-28T18:15:43.881324Z"",""no_price_dollars"":""0.4700"",""taker_side"":""yes"",""ticker"":""KXBTC15M-26APR281430-30"",""trade_id"":""c4bca9a7-876d-654c-83d8-df9d52e55eb0"",""yes_price_dollars"":""0.5300""}"
KXBTC15M-26APR281430-30,7a2d4aff-9ca3-6f8c-a142-fc7093b4b04a,1777400143,0.55,1.0,yes,"{""count_fp"":""1.00"",""created_time"":""2026-04-28T18:15:43.881324Z"",""no_price_dollars"":""0.4500"",""taker_side"":""yes"",""ticker"":""KXBTC15M-26APR281430-30"",""trade_id"":""7a2d4aff-9ca3-6f8c-a142-fc7093b4b04a"",""yes_price_dollars"":""0.5500""}"
KXBTC15M-26APR281430-30,78df974c-780c-64b9-9300-e5fa5c732379,1777400143,0.55,1.0,yes,"{""count_fp"":""1.00"",""created_time"":""2026-04-28T18:15:43.881324Z"",""no_price_dollars"":""0.4500"",""taker_side"":""yes"",""ticker"":""KXBTC15M-26APR281430-30"",""trade_id"":""78df974c-780c-64b9-9300-e5fa5c732379"",""yes_price_dollars"":""0.5500""}"
KXBTC15M-26APR281430-30,5fa60bb2-8d45-6115-9528-1db38ae0ebc0,1777400143,0.55,252.72,yes,"{""count_fp"":""252.72"",""created_time"":""2026-04-28T18:15:43.881324Z"",""no_price_dollars"":""0.4500"",""taker_side"":""yes"",""ticker"":""KXBTC15M-26APR281430-30"",""trade_id"":""5fa60bb2-8d45-6115-9528-1db38ae0ebc0"",""yes_price_dollars"":""0.5500""}"
KXBTC15M-26APR281430-30,5b49d07b-8d7f-66a1-aff8-ead2baf6eff9,1777400143,0.54,1.0,yes,"{""count_fp"":""1.00"",""created_time"":""2026-04-28T18:15:43.881324Z"",""no_price_dollars"":""0.4600"",""taker_side"":""yes"",""ticker"":""KXBTC15M-26APR281430-30"",""trade_id"":""5b49d07b-8d7f-66a1-aff8-ead2baf6eff9"",""yes_price_dollars"":""0.5400""}"
KXBTC15M-26APR281430-30,54d31c92-c859-63c4-98de-1a1c44bf5be1,1777400143,0.54,3.0,yes,"{""count_fp"":""3.00"",""created_time"":""2026-04-28T18:15:43.881324Z"",""no_price_dollars"":""0.4600"",""taker_side"":""yes"",""ticker"":""KXBTC15M-26APR281430-30"",""trade_id"":""54d31c92-c859-63c4-98de-1a1c44bf5be1"",""yes_price_dollars"":""0.5400""}"
KXBTC15M-26APR281430-30,52d29646-7f47-62f4-b5c7-18dc90219a1e,1777400143,0.53,78.0,yes,"{""count_fp"":""78.00"",""created_time"":""2026-04-28T18:15:43.881324Z"",""no_price_dollars"":""0.4700"",""taker_side"":""yes"",""ticker"":""KXBTC15M-26APR281430-30"",""trade_id"":""52d29646-7f47-62f4-b5c7-18dc90219a1e"",""yes_price_dollars"":""0.5300""}"
KXBTC15M-26APR281430-30,4c6f24b0-c323-660f-a25a-da949cebe053,1777400143,0.54,800.9,yes,"{""count_fp"":""800.90"",""created_time"":""2026-04-28T18:15:43.881324Z"",""no_price_dollars"":""0.4600"",""taker_side"":""yes"",""ticker"":""KXBTC15M-26APR281430-30"",""trade_id"":""4c6f24b0-c323-660f-a25a-da949cebe053"",""yes_price_dollars"":""0.5400""}"
KXBTC15M-26APR281430-30,4395ebfd-b5d1-6ada-87a1-b0101ce2a6bc,1777400143,0.54,1.0,yes,"{""count_fp"":""1.00"",""created_time"":""2026-04-28T18:15:43.881324Z"",""no_price_dollars"":""0.4600"",""taker_side"":""yes"",""ticker"":""KXBTC15M-26APR281430-30"",""trade_id"":""4395ebfd-b5d1-6ada-87a1-b0101ce2a6bc"",""yes_price_dollars"":""0.5400""}"
KXBTC15M-26APR281430-30,2f5b5d7a-9d2b-6a51-adbd-d9b6397d03ac,1777400143,0.53,200.0,yes,"{""count_fp"":""200.00"",""created_time"":""2026-04-28T18:15:43.881324Z"",""no_price_dollars"":""0.4700"",""taker_side"":""yes"",""ticker"":""KXBTC15M-26APR281430-30"",""trade_id"":""2f5b5d7a-9d2b-6a51-adbd-d9b6397d03ac"",""yes_price_dollars"":""0.5300""}"
KXBTC15M-26APR281430-30,230ee031-a57f-6e05-bf7a-23827c055434,1777400143,0.54,200.0,yes,"{""count_fp"":""200.00"",""created_time"":""2026-04-28T18:15:43.881324Z"",""no_price_dollars"":""0.4600"",""taker_side"":""yes"",""ticker"":""KXBTC15M-26APR281430-30"",""trade_id"":""230ee031-a57f-6e05-bf7a-23827c055434"",""yes_price_dollars"":""0.5400""}"
KXBTC15M-26APR281430-30,1448c185-5c93-6698-9a6f-e9d82f45b8b6,1777400143,0.54,120.0,yes,"{""count_fp"":""120.00"",""created_time"":""2026-04-28T18:15:43.881324Z"",""no_price_dollars"":""0.4600"",""taker_side"":""yes"",""ticker"":""KXBTC15M-26APR281430-30"",""trade_id"":""1448c185-5c93-6698-9a6f-e9d82f45b8b6"",""yes_price_dollars"":""0.5400""}"
KXBTC15M-26APR281430-30,17f1bcb0-e597-5b69-2bba-c2fc0a2928f2,1777400143,0.52,1.76,no,"{""count_fp"":""1.76"",""created_time"":""2026-04-28T18:15:43.100323Z"",""no_price_dollars"":""0.4800"",""taker_side"":""no"",""ticker"":""KXBTC15M-26APR281430-30"",""trade_id"":""17f1bcb0-e597-5b69-2bba-c2fc0a2928f2"",""yes_price_dollars"":""0.5200""}"
KXBTC15M-26APR281430-30,f3d5e60d-8abd-5672-7988-8eb7d39e3876,1777400144,0.52,2.16,no,"{""count_fp"":""2.16"",""created_time"":""2026-04-28T18:15:44.826868Z"",""no_price_dollars"":""0.4800"",""taker_side"":""no"",""ticker"":""KXBTC15M-26APR281430-30"",""trade_id"":""f3d5e60d-8abd-5672-7988-8eb7d39e3876"",""yes_price_dollars"":""0.5200""}"
KXBTC15M-26APR281430-30,32fad87c-966b-5391-42b2-7e8e7711a396,1777400144,0.52,12.72,no,"{""count_fp"":""12.72"",""created_time"":""2026-04-28T18:15:44.826868Z"",""no_price_dollars"":""0.4800"",""taker_side"":""no"",""ticker"":""KXBTC15M-26APR281430-30"",""trade_id"":""32fad87c-966b-5391-42b2-7e8e7711a396"",""yes_price_dollars"":""0.5200""}"
KXBTC15M-26APR281430-30,176531a5-14d1-6462-2db4-a94d68979a22,1777400145,0.52,20.1,no,"{""count_fp"":""20.10"",""created_time"":""2026-04-28T18:15:45.322351Z"",""no_price_dollars"":""0.4800"",""taker_side"":""no"",""ticker"":""KXBTC15M-26APR281430-30"",""trade_id"":""176531a5-14d1-6462-2db4-a94d68979a22"",""yes_price_dollars"":""0.5200""}"
KXBTC15M-26APR281430-30,1a5b57a1-16ec-46c8-919d-aac428e4f7c0,1777400145,0.53,45.66,yes,"{""count_fp"":""45.66"",""created_time"":""2026-04-28T18:15:45.226359Z"",""no_price_dollars"":""0.4700"",""taker_side"":""yes"",""ticker"":""KXBTC15M-26APR281430-30"",""trade_id"":""1a5b57a1-16ec-46c8-919d-aac428e4f7c0"",""yes_price_dollars"":""0.5300""}"
KXBTC15M-26APR281430-30,ea472590-a80d-7110-ecfb-526b4110d3f3,1777400145,0.53,3.0,yes,"{""count_fp"":""3.00"",""created_time"":""2026-04-28T18:15:45.221064Z"",""no_price_dollars"":""0.4700"",""taker_side"":""yes"",""ticker"":""KXBTC15M-26APR281430-30"",""trade_id"":""ea472590-a80d-7110-ecfb-526b4110d3f3"",""yes_price_dollars"":""0.5300""}"
KXBTC15M-26APR281430-30,99bb41d2-cbe8-7128-d902-8e196ca581b0,1777400145,0.53,82.33,yes,"{""count_fp"":""82.33"",""created_time"":""2026-04-28T18:15:45.221064Z"",""no_price_dollars"":""0.4700"",""taker_side"":""yes"",""ticker"":""KXBTC15M-26APR281430-30"",""trade_id"":""99bb41d2-cbe8-7128-d902-8e196ca581b0"",""yes_price_dollars"":""0.5300""}"
KXBTC15M-26APR281430-30,87ff7bfe-f7a0-7090-de78-41605df57fcd,1777400145,0.53,80.0,yes,"{""count_fp"":""80.00"",""created_time"":""2026-04-28T18:15:45.221064Z"",""no_price_dollars"":""0.4700"",""taker_side"":""yes"",""ticker"":""KXBTC15M-26APR281430-30"",""trade_id"":""87ff7bfe-f7a0-7090-de78-41605df57fcd"",""yes_price_dollars"":""0.5300""}"
KXBTC15M-26APR281430-30,43276560-6f88-78e7-f1af-bffe8f142060,1777400145,0.53,200.0,yes,"{""count_fp"":""200.00"",""created_time"":""2026-04-28T18:15:45.221064Z"",""no_price_dollars"":""0.4700"",""taker_side"":""yes"",""ticker"":""KXBTC15M-26APR281430-30"",""trade_id"":""43276560-6f88-78e7-f1af-bffe8f142060"",""yes_price_dollars"":""0.5300""}"
KXBTC15M-26APR281430-30,86628c54-6b2d-4cf6-03b1-2fe702d15092,1777400145,0.52,10.0,no,"{""count_fp"":""10.00"",""created_time"":""2026-04-28T18:15:45.089669Z"",""no_price_dollars"":""0.4800"",""taker_side"":""no"",""ticker"":""KXBTC15M-26APR281430-30"",""trade_id"":""86628c54-6b2d-4cf6-03b1-2fe702d15092"",""yes_price_dollars"":""0.5200""}"
KXBTC15M-26APR281430-30,6bf59c9a-c7d9-5972-a9f9-1b6e4f0aa65a,1777400145,0.52,110.54,no,"{""count_fp"":""110.54"",""created_time"":""2026-04-28T18:15:45.043112Z"",""no_price_dollars"":""0.4800"",""taker_side"":""no"",""ticker"":""KXBTC15M-26APR281430-30"",""trade_id"":""6bf59c9a-c7d9-5972-a9f9-1b6e4f0aa65a"",""yes_price_dollars"":""0.5200""}"
KXBTC15M-26APR281430-30,82e87f4a-e9c4-7136-d503-8abda0d03fe9,1777400146,0.53,36.53,yes,"{""count_fp"":""36.53"",""created_time"":""2026-04-28T18:15:46.826213Z"",""no_price_dollars"":""0.4700"",""taker_side"":""yes"",""ticker"":""KXBTC15M-26APR281430-30"",""trade_id"":""82e87f4a-e9c4-7136-d503-8abda0d03fe9"",""yes_price_dollars"":""0.5300""}"
KXBTC15M-26APR281430-30,9b99aae5-b6dd-44be-968d-0cd1d9e23dfa,1777400146,0.52,23.04,no,"{""count_fp"":""23.04"",""created_time"":""2026-04-28T18:15:46.791412Z"",""no_price_dollars"":""0.4800"",""taker_side"":""no"",""ticker"":""KXBTC15M-26APR281430-30"",""trade_id"":""9b99aae5-b6dd-44be-968d-0cd1d9e23dfa"",""yes_price_dollars"":""0.5200""}"
KXBTC15M-26APR281430-30,e363956b-2381-6d06-8b3d-3b9971495d3e,1777400146,0.52,20.1,no,"{""count_fp"":""20.10"",""created_time"":""2026-04-28T18:15:46.740856Z"",""no_price_dollars"":""0.4800"",""taker_side"":""no"",""ticker"":""KXBTC15M-26APR281430-30"",""trade_id"":""e363956b-2381-6d06-8b3d-3b9971495d3e"",""yes_price_dollars"":""0.5200""}"
KXBTC15M-26APR281430-30,2880814c-795d-4ffe-125f-73734bd92686,1777400146,0.52,1.0,no,"{""count_fp"":""1.00"",""created_time"":""2026-04-28T18:15:46.445569Z"",""no_price_dollars"":""0.4800"",""taker_side"":""no"",""ticker"":""KXBTC15M-26APR281430-30"",""trade_id"":""2880814c-795d-4ffe-125f-73734bd92686"",""yes_price_dollars"":""0.5200""}"
KXBTC15M-26APR281430-30,1b94ccaa-8dcc-766a-941b-97c583b460bd,1777400146,0.53,105.0,yes,"{""count_fp"":""105.00"",""created_time"":""2026-04-28T18:15:46.034933Z"",""no_price_dollars"":""0.4700"",""taker_side"":""yes"",""ticker"":""KXBTC15M-26APR281430-30"",""trade_id"":""1b94ccaa-8dcc-766a-941b-97c583b460bd"",""yes_price_dollars"":""0.5300""}"
KXBTC15M-26APR281430-30,b9a78416-14a1-6fd6-d38f-cf03f3124e0a,1777400147,0.52,51.28,no,"{""count_fp"":""51.28"",""created_time"":""2026-04-28T18:15:47.687302Z"",""no_price_dollars"":""0.4800"",""taker_side"":""no"",""ticker"":""KXBTC15M-26APR281430-30"",""trade_id"":""b9a78416-14a1-6fd6-d38f-cf03f3124e0a"",""yes_price_dollars"":""0.5200""}"
KXBTC15M-26APR281430-30,d8a2d515-8724-656e-ee37-d9e455f12c51,1777400147,0.53,1.82,yes,"{""count_fp"":""1.82"",""created_time"":""2026-04-28T18:15:47.159182Z"",""no_price_dollars"":""0.4700"",""taker_side"":""yes"",""ticker"":""KXBTC15M-26APR281430-30"",""trade_id"":""d8a2d515-8724-656e-ee37-d9e455f12c51"",""yes_price_dollars"":""0.5300""}"
KXBTC15M-26APR281430-30,ff4613d3-f5c1-7105-c55f-2ac6f0a2221c,1777400148,0.55,3.0,yes,"{""count_fp"":""3.00"",""created_time"":""2026-04-28T18:15:48.646112Z"",""no_price_dollars"":""0.4500"",""taker_side"":""yes"",""ticker"":""KXBTC15M-26APR281430-30"",""trade_id"":""ff4613d3-f5c1-7105-c55f-2ac6f0a2221c"",""yes_price_dollars"":""0.5500""}"
KXBTC15M-26APR281430-30,41f59583-70be-7cf0-235a-c9d19b36c36c,1777400148,0.54,30.0,yes,"{""count_fp"":""30.00"",""created_time"":""2026-04-28T18:15:48.610559Z"",""no_price_dollars"":""0.4600"",""taker_side"":""yes"",""ticker"":""KXBTC15M-26APR281430-30"",""trade_id"":""41f59583-70be-7cf0-235a-c9d19b36c36c"",""yes_price_dollars"":""0.5400""}"
KXBTC15M-26APR281430-30,17fbc101-cd24-7a85-3a8a-15c9e1010457,1777400148,0.54,53.0,yes,"{""count_fp"":""53.00"",""created_time"":""2026-04-28T18:15:48.610559Z"",""no_price_dollars"":""0.4600"",""taker_side"":""yes"",""ticker"":""KXBTC15M-26APR281430-30"",""trade_id"":""17fbc101-cd24-7a85-3a8a-15c9e1010457"",""yes_price_dollars"":""0.5400""}"
KXBTC15M-26APR281430-30,bd3280f0-5148-4701-6fdb-a5eea68bbdbf,1777400148,0.54,2.0,yes,"{""count_fp"":""2.00"",""created_time"":""2026-04-28T18:15:48.589173Z"",""no_price_dollars"":""0.4600"",""taker_side"":""yes"",""ticker"":""KXBTC15M-26APR281430-30"",""trade_id"":""bd3280f0-5148-4701-6fdb-a5eea68bbdbf"",""yes_price_dollars"":""0.5400""}"
KXBTC15M-26APR281430-30,ada13888-f3a8-620d-869a-7fab5fab6ea7,1777400148,0.54,1.0,yes,"{""count_fp"":""1.00"",""created_time"":""2026-04-28T18:15:48.113812Z"",""no_price_dollars"":""0.4600"",""taker_side"":""yes"",""ticker"":""KXBTC15M-26APR281430-30"",""trade_id"":""ada13888-f3a8-620d-869a-7fab5fab6ea7"",""yes_price_dollars"":""0.5400""}"
KXBTC15M-26APR281430-30,8f46b9fa-02ce-42d8-7f15-2559f7e1b7b4,1777400149,0.55,10.0,no,"{""count_fp"":""10.00"",""created_time"":""2026-04-28T18:15:49.720709Z"",""no_price_dollars"":""0.4500"",""taker_side"":""no"",""ticker"":""KXBTC15M-26APR281430-30"",""trade_id"":""8f46b9fa-02ce-42d8-7f15-2559f7e1b7b4"",""yes_price_dollars"":""0.5500""}"
KXBTC15M-26APR281430-30,ce1ae815-9ca2-7e24-9e89-e433687dd084,1777400149,0.55,53.0,no,"{""count_fp"":""53.00"",""created_time"":""2026-04-28T18:15:49.271959Z"",""no_price_dollars"":""0.4500"",""taker_side"":""no"",""ticker"":""KXBTC15M-26APR281430-30"",""trade_id"":""ce1ae815-9ca2-7e24-9e89-e433687dd084"",""yes_price_dollars"":""0.5500""}"
KXBTC15M-26APR281430-30,e4b0ef69-2610-5fac-fba3-c5c20b6c5ba3,1777400150,0.56,4.66,yes,"{""count_fp"":""4.66"",""created_time"":""2026-04-28T18:15:50.248118Z"",""no_price_dollars"":""0.4400"",""taker_side"":""yes"",""ticker"":""KXBTC15M-26APR281430-30"",""trade_id"":""e4b0ef69-2610-5fac-fba3-c5c20b6c5ba3"",""yes_price_dollars"":""0.5600""}"
KXBTC15M-26APR281430-30,ddd3c847-c7f6-5028-dfbe-a8ffd1b98708,1777400150,0.56,3.0,yes,"{""count_fp"":""3.00"",""created_time"":""2026-04-28T18:15:50.248118Z"",""no_price_dollars"":""0.4400"",""taker_side"":""yes"",""ticker"":""KXBTC15M-26APR281430-30"",""trade_id"":""ddd3c847-c7f6-5028-dfbe-a8ffd1b98708"",""yes_price_dollars"":""0.5600""}"
KXBTC15M-26APR281430-30,293688b0-dd5a-5da8-c875-1cb9fad8c205,1777400150,0.56,1.0,yes,"{""count_fp"":""1.00"",""created_time"":""2026-04-28T18:15:50.248118Z"",""no_price_dollars"":""0.4400"",""taker_side"":""yes"",""ticker"":""KXBTC15M-26APR281430-30"",""trade_id"":""293688b0-dd5a-5da8-c875-1cb9fad8c205"",""yes_price_dollars"":""0.5600""}"
KXBTC15M-26APR281430-30,74e5ec1f-74fd-7d37-d33b-15aed7178aff,1777400150,0.56,1.0,yes,"{""count_fp"":""1.00"",""created_time"":""2026-04-28T18:15:50.220711Z"",""no_price_dollars"":""0.4400"",""taker_side"":""yes"",""ticker"":""KXBTC15M-26APR281430-30"",""trade_id"":""74e5ec1f-74fd-7d37-d33b-15aed7178aff"",""yes_price_dollars"":""0.5600""}"
KXBTC15M-26APR281430-30,2d2c90a9-38e9-4406-b813-23a47affbe92,1777400150,0.55,60.3,no,"{""count_fp"":""60.30"",""created_time"":""2026-04-28T18:15:50.031984Z"",""no_price_dollars"":""0.4500"",""taker_side"":""no"",""ticker"":""KXBTC15M-26APR281430-30"",""trade_id"":""2d2c90a9-38e9-4406-b813-23a47affbe92"",""yes_price_dollars"":""0.5500""}"
KXBTC15M-26APR281430-30,8dcb2f72-1bcc-6b50-5770-e740c633b68f,1777400151,0.56,17.32,yes,"{""count_fp"":""17.32"",""created_time"":""2026-04-28T18:15:51.822147Z"",""no_price_dollars"":""0.4400"",""taker_side"":""yes"",""ticker"":""KXBTC15M-26APR281430-30"",""trade_id"":""8dcb2f72-1bcc-6b50-5770-e740c633b68f"",""yes_price_dollars"":""0.5600""}"
KXBTC15M-26APR281430-30,cfa3d429-0556-6338-2035-6cdcf1e44224,1777400151,0.55,0.54,no,"{""count_fp"":""0.54"",""created_time"":""2026-04-28T18:15:51.574407Z"",""no_price_dollars"":""0.4500"",""taker_side"":""no"",""ticker"":""KXBTC15M-26APR281430-30"",""trade_id"":""cfa3d429-0556-6338-2035-6cdcf1e44224"",""yes_price_dollars"":""0.5500""}"
