ticker,trade_id,ts,yes_price,count,taker_side,raw_json
KXBTC15M-26APR272030-30,b1342ec0-b864-7a72-7dae-a95fc8673ef8,1777335300,0.51,100.0,no,"{""count_fp"":""100.00"",""created_time"":""2026-04-28T00:15:00.725424Z"",""no_price_dollars"":""0.4900"",""taker_side"":""no"",""ticker"":""KXBTC15M-26APR272030-30"",""trade_id"":""b1342ec0-b864-7a72-7dae-a95fc8673ef8"",""yes_price_dollars"":""0.5100""}"
KXBTC15M-26APR272030-30,73712f52-c9aa-7d48-4be6-abf8c0ddd157,1777335300,0.52,70.0,no,"{""count_fp"":""70.00"",""created_time"":""2026-04-28T00:15:00.725424Z"",""no_price_dollars"":""0.4800"",""taker_side"":""no"",""ticker"":""KXBTC15M-26APR272030-30"",""trade_id"":""73712f52-c9aa-7d48-4be6-abf8c0ddd157"",""yes_price_dollars"":""0.5200""}"
KXBTC15M-26APR272030-30,80256afd-c9c2-4824-0733-21fba4081067,1777335300,0.52,30.0,no,"{""count_fp"":""30.00"",""created_time"":""2026-04-28T00:15:00.126355Z"",""no_price_dollars"":""0.4800"",""taker_side"":""no"",""ticker"":""KXBTC15M-26APR272030-30"",""trade_id"":""80256afd-c9c2-4824-0733-21fba4081067"",""yes_price_dollars"":""0.5200""}"
KXBTC15M-26APR272030-30,f17b29f9-ce16-63a5-c219-7d2f91a3fc28,1777335303,0.48,9.0,no,"{""count_fp"":""9.00"",""created_time"":""2026-04-28T00:15:03.716768Z"",""no_price_dollars"":""0.5200"",""taker_side"":""no"",""ticker"":""KXBTC15M-26APR272030-30"",""trade_id"":""f17b29f9-ce16-63a5-c219-7d2f91a3fc28"",""yes_price_dollars"":""0.4800""}"
KXBTC15M-26APR272030-30,d77adb14-6539-6e0a-ec93-4a906b6cf580,1777335303,0.48,0.3,no,"{""count_fp"":""0.30"",""created_time"":""2026-04-28T00:15:03.716768Z"",""no_price_dollars"":""0.5200"",""taker_side"":""no"",""ticker"":""KXBTC15M-26APR272030-30"",""trade_id"":""d77adb14-6539-6e0a-ec93-4a906b6cf580"",""yes_price_dollars"":""0.4800""}"
KXBTC15M-26APR272030-30,38ed5182-5bbb-4d78-eacd-9b062402fc41,1777335304,0.49,147.78,yes,"{""count_fp"":""147.78"",""created_time"":""2026-04-28T00:15:04.745475Z"",""no_price_dollars"":""0.5100"",""taker_side"":""yes"",""ticker"":""KXBTC15M-26APR272030-30"",""trade_id"":""38ed5182-5bbb-4d78-eacd-9b062402fc41"",""yes_price_dollars"":""0.4900""}"
KXBTC15M-26APR272030-30,e403402e-f6d2-40ef-4bcb-6cfa281f4618,1777335305,0.47,22.22,yes,"{""count_fp"":""22.22"",""created_time"":""2026-04-28T00:15:05.445079Z"",""no_price_dollars"":""0.5300"",""taker_side"":""yes"",""ticker"":""KXBTC15M-26APR272030-30"",""trade_id"":""e403402e-f6d2-40ef-4bcb-6cfa281f4618"",""yes_price_dollars"":""0.4700""}"
KXBTC15M-26APR272030-30,03e11db9-0f51-43c8-5c4b-326a150bada8,1777335305,0.47,11.8,yes,"{""count_fp"":""11.80"",""created_time"":""2026-04-28T00:15:05.445079Z"",""no_price_dollars"":""0.5300"",""taker_side"":""yes"",""ticker"":""KXBTC15M-26APR272030-30"",""trade_id"":""03e11db9-0f51-43c8-5c4b-326a150bada8"",""yes_price_dollars"":""0.4700""}"
KXBTC15M-26APR272030-30,b923c14f-4d57-49fc-3401-6b686c58afc9,1777335305,0.47,2.22,yes,"{""count_fp"":""2.22"",""created_time"":""2026-04-28T00:15:05.410231Z"",""no_price_dollars"":""0.5300"",""taker_side"":""yes"",""ticker"":""KXBTC15M-26APR272030-30"",""trade_id"":""b923c14f-4d57-49fc-3401-6b686c58afc9"",""yes_price_dollars"":""0.4700""}"
KXBTC15M-26APR272030-30,3ab8964d-95ba-48f3-2a15-efb552a404d0,1777335305,0.47,15.78,yes,"{""count_fp"":""15.78"",""created_time"":""2026-04-28T00:15:05.410231Z"",""no_price_dollars"":""0.5300"",""taker_side"":""yes"",""ticker"":""KXBTC15M-26APR272030-30"",""trade_id"":""3ab8964d-95ba-48f3-2a15-efb552a404d0"",""yes_price_dollars"":""0.4700""}"
KXBTC15M-26APR272030-30,d1691161-32bb-44cd-9477-897376f4a9da,1777335305,0.48,1.35,no,"{""count_fp"":""1.35"",""created_time"":""2026-04-28T00:15:05.077604Z"",""no_price_dollars"":""0.5200"",""taker_side"":""no"",""ticker"":""KXBTC15M-26APR272030-30"",""trade_id"":""d1691161-32bb-44cd-9477-897376f4a9da"",""yes_price_dollars"":""0.4800""}"
KXBTC15M-26APR272030-30,9d58cdb5-a00b-4f8a-8763-15fd3c9c2b53,1777335305,0.48,56.55,no,"{""count_fp"":""56.55"",""created_time"":""2026-04-28T00:15:05.077604Z"",""no_price_dollars"":""0.5200"",""taker_side"":""no"",""ticker"":""KXBTC15M-26APR272030-30"",""trade_id"":""9d58cdb5-a00b-4f8a-8763-15fd3c9c2b53"",""yes_price_dollars"":""0.4800""}"
KXBTC15M-26APR272030-30,f9bcdba9-90bd-78aa-2d6e-a48974cca64b,1777335306,0.49,0.3,yes,"{""count_fp"":""0.30"",""created_time"":""2026-04-28T00:15:06.382086Z"",""no_price_dollars"":""0.5100"",""taker_side"":""yes"",""ticker"":""KXBTC15M-26APR272030-30"",""trade_id"":""f9bcdba9-90bd-78aa-2d6e-a48974cca64b"",""yes_price_dollars"":""0.4900""}"
KXBTC15M-26APR272030-30,28499f06-371c-7287-0438-5095e5bde55f,1777335306,0.49,0.48,yes,"{""count_fp"":""0.48"",""created_time"":""2026-04-28T00:15:06.382086Z"",""no_price_dollars"":""0.5100"",""taker_side"":""yes"",""ticker"":""KXBTC15M-26APR272030-30"",""trade_id"":""28499f06-371c-7287-0438-5095e5bde55f"",""yes_price_dollars"":""0.4900""}"
KXBTC15M-26APR272030-30,c11b0301-8345-47cc-3d3a-1d1aac45ab88,1777335306,0.49,5.0,yes,"{""count_fp"":""5.00"",""created_time"":""2026-04-28T00:15:06.229366Z"",""no_price_dollars"":""0.5100"",""taker_side"":""yes"",""ticker"":""KXBTC15M-26APR272030-30"",""trade_id"":""c11b0301-8345-47cc-3d3a-1d1aac45ab88"",""yes_price_dollars"":""0.4900""}"
KXBTC15M-26APR272030-30,67649e13-96c9-41be-297b-eac3faf8e169,1777335306,0.49,9.0,yes,"{""count_fp"":""9.00"",""created_time"":""2026-04-28T00:15:06.229366Z"",""no_price_dollars"":""0.5100"",""taker_side"":""yes"",""ticker"":""KXBTC15M-26APR272030-30"",""trade_id"":""67649e13-96c9-41be-297b-eac3faf8e169"",""yes_price_dollars"":""0.4900""}"
KXBTC15M-26APR272030-30,5c4ebe07-99a5-48b2-1b99-0808fcbb8edb,1777335306,0.49,2.7,yes,"{""count_fp"":""2.70"",""created_time"":""2026-04-28T00:15:06.229366Z"",""no_price_dollars"":""0.5100"",""taker_side"":""yes"",""ticker"":""KXBTC15M-26APR272030-30"",""trade_id"":""5c4ebe07-99a5-48b2-1b99-0808fcbb8edb"",""yes_price_dollars"":""0.4900""}"
KXBTC15M-26APR272030-30,4d26d44d-2cf6-450f-2e08-3f9ea623e022,1777335306,0.49,3.0,yes,"{""count_fp"":""3.00"",""created_time"":""2026-04-28T00:15:06.229366Z"",""no_price_dollars"":""0.5100"",""taker_side"":""yes"",""ticker"":""KXBTC15M-26APR272030-30"",""trade_id"":""4d26d44d-2cf6-450f-2e08-3f9ea623e022"",""yes_price_dollars"":""0.4900""}"
KXBTC15M-26APR272030-30,16a07d0e-6d48-7a99-21c3-b5d89d4102b1,1777335307,0.49,45.48,yes,"{""count_fp"":""45.48"",""created_time"":""2026-04-28T00:15:07.760536Z"",""no_price_dollars"":""0.5100"",""taker_side"":""yes"",""ticker"":""KXBTC15M-26APR272030-30"",""trade_id"":""16a07d0e-6d48-7a99-21c3-b5d89d4102b1"",""yes_price_dollars"":""0.4900""}"
KXBTC15M-26APR272030-30,0327735c-c6d4-7d3b-1bb0-3e31879fbb03,1777335307,0.49,4.52,yes,"{""count_fp"":""4.52"",""created_time"":""2026-04-28T00:15:07.760536Z"",""no_price_dollars"":""0.5100"",""taker_side"":""yes"",""ticker"":""KXBTC15M-26APR272030-30"",""trade_id"":""0327735c-c6d4-7d3b-1bb0-3e31879fbb03"",""yes_price_dollars"":""0.4900""}"
KXBTC15M-26APR272030-30,d8ef2df5-42eb-4474-3c4c-ee7c686889b2,1777335308,0.46,1.0,no,"{""count_fp"":""1.00"",""created_time"":""2026-04-28T00:15:08.402436Z"",""no_price_dollars"":""0.5400"",""taker_side"":""no"",""ticker"":""KXBTC15M-26APR272030-30"",""trade_id"":""d8ef2df5-42eb-4474-3c4c-ee7c686889b2"",""yes_price_dollars"":""0.4600""}"
KXBTC15M-26APR272030-30,ccbecd26-bb78-40a3-20c4-6ac3217077fa,1777335308,0.45,1.0,no,"{""count_fp"":""1.00"",""created_time"":""2026-04-28T00:15:08.402436Z"",""no_price_dollars"":""0.5500"",""taker_side"":""no"",""ticker"":""KXBTC15M-26APR272030-30"",""trade_id"":""ccbecd26-bb78-40a3-20c4-6ac3217077fa"",""yes_price_dollars"":""0.4500""}"
KXBTC15M-26APR272030-30,b38a3896-de02-463a-2226-8e9d9d8c16a4,1777335308,0.44,1.0,no,"{""count_fp"":""1.00"",""created_time"":""2026-04-28T00:15:08.402436Z"",""no_price_dollars"":""0.5600"",""taker_side"":""no"",""ticker"":""KXBTC15M-26APR272030-30"",""trade_id"":""b38a3896-de02-463a-2226-8e9d9d8c16a4"",""yes_price_dollars"":""0.4400""}"
KXBTC15M-26APR272030-30,797f79b7-f772-4fbc-195b-cbf7c2243f3e,1777335308,0.44,18.73,no,"{""count_fp"":""18.73"",""created_time"":""2026-04-28T00:15:08.402436Z"",""no_price_dollars"":""0.5600"",""taker_side"":""no"",""ticker"":""KXBTC15M-26APR272030-30"",""trade_id"":""797f79b7-f772-4fbc-195b-cbf7c2243f3e"",""yes_price_dollars"":""0.4400""}"
KXBTC15M-26APR272030-30,13180a23-d7b9-4bb8-0cc3-8326809de1bb,1777335308,0.47,62.0,no,"{""count_fp"":""62.00"",""created_time"":""2026-04-28T00:15:08.402436Z"",""no_price_dollars"":""0.5300"",""taker_side"":""no"",""ticker"":""KXBTC15M-26APR272030-30"",""trade_id"":""13180a23-d7b9-4bb8-0cc3-8326809de1bb"",""yes_price_dollars"":""0.4700""}"
KXBTC15M-26APR272030-30,119ff282-b547-4e26-1d71-f427e50aff40,1777335308,0.45,1.0,no,"{""count_fp"":""1.00"",""created_time"":""2026-04-28T00:15:08.402436Z"",""no_price_dollars"":""0.5500"",""taker_side"":""no"",""ticker"":""KXBTC15M-26APR272030-30"",""trade_id"":""119ff282-b547-4e26-1d71-f427e50aff40"",""yes_price_dollars"":""0.4500""}"
KXBTC15M-26APR272030-30,93607b3f-753d-4622-b950-ec51635e49d0,1777335308,0.48,1.35,no,"{""count_fp"":""1.35"",""created_time"":""2026-04-28T00:15:08.153856Z"",""no_price_dollars"":""0.5200"",""taker_side"":""no"",""ticker"":""KXBTC15M-26APR272030-30"",""trade_id"":""93607b3f-753d-4622-b950-ec51635e49d0"",""yes_price_dollars"":""0.4800""}"
KXBTC15M-26APR272030-30,42120a95-3e85-48fd-8207-3a56dea583e9,1777335308,0.48,117.0,no,"{""count_fp"":""117.00"",""created_time"":""2026-04-28T00:15:08.153856Z"",""no_price_dollars"":""0.5200"",""taker_side"":""no"",""ticker"":""KXBTC15M-26APR272030-30"",""trade_id"":""42120a95-3e85-48fd-8207-3a56dea583e9"",""yes_price_dollars"":""0.4800""}"
KXBTC15M-26APR272030-30,bdf5ec80-87af-672c-1bec-aed8f4dda471,1777335309,0.48,32.0,yes,"{""count_fp"":""32.00"",""created_time"":""2026-04-28T00:15:09.997298Z"",""no_price_dollars"":""0.5200"",""taker_side"":""yes"",""ticker"":""KXBTC15M-26APR272030-30"",""trade_id"":""bdf5ec80-87af-672c-1bec-aed8f4dda471"",""yes_price_dollars"":""0.4800""}"
KXBTC15M-26APR272030-30,7c278908-5dcc-6b8c-1564-8655d4e6823e,1777335309,0.5,58.84,yes,"{""count_fp"":""58.84"",""created_time"":""2026-04-28T00:15:09.997298Z"",""no_price_dollars"":""0.5000"",""taker_side"":""yes"",""ticker"":""KXBTC15M-26APR272030-30"",""trade_id"":""7c278908-5dcc-6b8c-1564-8655d4e6823e"",""yes_price_dollars"":""0.5000""}"
KXBTC15M-26APR272030-30,1e5b4ea2-42dc-6b1d-2de4-72db35d03c22,1777335309,0.48,3.73,yes,"{""count_fp"":""3.73"",""created_time"":""2026-04-28T00:15:09.997298Z"",""no_price_dollars"":""0.5200"",""taker_side"":""yes"",""ticker"":""KXBTC15M-26APR272030-30"",""trade_id"":""1e5b4ea2-42dc-6b1d-2de4-72db35d03c22"",""yes_price_dollars"":""0.4800""}"
KXBTC15M-26APR272030-30,ed05e4ce-b670-6711-9856-1092caf17af2,1777335309,0.48,5.12,yes,"{""count_fp"":""5.12"",""created_time"":""2026-04-28T00:15:09.996608Z"",""no_price_dollars"":""0.5200"",""taker_side"":""yes"",""ticker"":""KXBTC15M-26APR272030-30"",""trade_id"":""ed05e4ce-b670-6711-9856-1092caf17af2"",""yes_price_dollars"":""0.4800""}"
KXBTC15M-26APR272030-30,7d8fd44d-6605-67f5-2c99-70062e3e2f40,1777335309,0.49,9.85,yes,"{""count_fp"":""9.85"",""created_time"":""2026-04-28T00:15:09.094603Z"",""no_price_dollars"":""0.5100"",""taker_side"":""yes"",""ticker"":""KXBTC15M-26APR272030-30"",""trade_id"":""7d8fd44d-6605-67f5-2c99-70062e3e2f40"",""yes_price_dollars"":""0.4900""}"
KXBTC15M-26APR272030-30,b91f1963-e1c5-6ef5-ab86-977231516dd4,1777335309,0.49,5.47,yes,"{""count_fp"":""5.47"",""created_time"":""2026-04-28T00:15:09.045711Z"",""no_price_dollars"":""0.5100"",""taker_side"":""yes"",""ticker"":""KXBTC15M-26APR272030-30"",""trade_id"":""b91f1963-e1c5-6ef5-ab86-977231516dd4"",""yes_price_dollars"":""0.4900""}"
KXBTC15M-26APR272030-30,97c54db1-f332-43b9-9699-7bfdd7e00818,1777335310,0.47,150.0,yes,"{""count_fp"":""150.00"",""created_time"":""2026-04-28T00:15:10.839295Z"",""no_price_dollars"":""0.5300"",""taker_side"":""yes"",""ticker"":""KXBTC15M-26APR272030-30"",""trade_id"":""97c54db1-f332-43b9-9699-7bfdd7e00818"",""yes_price_dollars"":""0.4700""}"
KXBTC15M-26APR272030-30,2656cf3e-09fc-4af5-950d-3e975954668d,1777335310,0.47,80.0,yes,"{""count_fp"":""80.00"",""created_time"":""2026-04-28T00:15:10.839295Z"",""no_price_dollars"":""0.5300"",""taker_side"":""yes"",""ticker"":""KXBTC15M-26APR272030-30"",""trade_id"":""2656cf3e-09fc-4af5-950d-3e975954668d"",""yes_price_dollars"":""0.4700""}"
KXBTC15M-26APR272030-30,7e5dbc31-0993-60d5-2d0c-427c6fb0ecd6,1777335310,0.49,157.19,yes,"{""count_fp"":""157.19"",""created_time"":""2026-04-28T00:15:10.069062Z"",""no_price_dollars"":""0.5100"",""taker_side"":""yes"",""ticker"":""KXBTC15M-26APR272030-30"",""trade_id"":""7e5dbc31-0993-60d5-2d0c-427c6fb0ecd6"",""yes_price_dollars"":""0.4900""}"
KXBTC15M-26APR272030-30,f910af0e-2aec-4b80-bd5a-43cbf92dc040,1777335311,0.51,9.3,no,"{""count_fp"":""9.30"",""created_time"":""2026-04-28T00:15:11.489573Z"",""no_price_dollars"":""0.4900"",""taker_side"":""no"",""ticker"":""KXBTC15M-26APR272030-30"",""trade_id"":""f910af0e-2aec-4b80-bd5a-43cbf92dc040"",""yes_price_dollars"":""0.5100""}"
KXBTC15M-26APR272030-30,ba55767e-474f-7711-9ce3-78407f6f3f4d,1777335311,0.5,1.0,yes,"{""count_fp"":""1.00"",""created_time"":""2026-04-28T00:15:11.123405Z"",""no_price_dollars"":""0.5000"",""taker_side"":""yes"",""ticker"":""KXBTC15M-26APR272030-30"",""trade_id"":""ba55767e-474f-7711-9ce3-78407f6f3f4d"",""yes_price_dollars"":""0.5000""}"
KXBTC15M-26APR272030-30,2a2d8c0d-b0f4-749f-8328-00555285b276,1777335311,0.5,0.15,yes,"{""count_fp"":""0.15"",""created_time"":""2026-04-28T00:15:11.123405Z"",""no_price_dollars"":""0.5000"",""taker_side"":""yes"",""ticker"":""KXBTC15M-26APR272030-30"",""trade_id"":""2a2d8c0d-b0f4-749f-8328-00555285b276"",""yes_price_dollars"":""0.5000""}"
KXBTC15M-26APR272030-30,1b8c9947-6e10-41cc-73e3-d9e0237bf062,1777335311,0.5,20.15,yes,"{""count_fp"":""20.15"",""created_time"":""2026-04-28T00:15:11.095708Z"",""no_price_dollars"":""0.5000"",""taker_side"":""yes"",""ticker"":""KXBTC15M-26APR272030-30"",""trade_id"":""1b8c9947-6e10-41cc-73e3-d9e0237bf062"",""yes_price_dollars"":""0.5000""}"
KXBTC15M-26APR272030-30,1802df8e-9ac8-49ff-577b-337fc372e2fa,1777335311,0.5,0.85,yes,"{""count_fp"":""0.85"",""created_time"":""2026-04-28T00:15:11.095708Z"",""no_price_dollars"":""0.5000"",""taker_side"":""yes"",""ticker"":""KXBTC15M-26APR272030-30"",""trade_id"":""1802df8e-9ac8-49ff-577b-337fc372e2fa"",""yes_price_dollars"":""0.5000""}"
KXBTC15M-26APR272030-30,b89f6810-664c-73a9-1bb4-6d2d560975e9,1777335312,0.52,2.05,yes,"{""count_fp"":""2.05"",""created_time"":""2026-04-28T00:15:12.918744Z"",""no_price_dollars"":""0.4800"",""taker_side"":""yes"",""ticker"":""KXBTC15M-26APR272030-30"",""trade_id"":""b89f6810-664c-73a9-1bb4-6d2d560975e9"",""yes_price_dollars"":""0.5200""}"
KXBTC15M-26APR272030-30,539160c4-f5b9-7377-29f1-a00d1b25724b,1777335312,0.52,7.0,yes,"{""count_fp"":""7.00"",""created_time"":""2026-04-28T00:15:12.918744Z"",""no_price_dollars"":""0.4800"",""taker_side"":""yes"",""ticker"":""KXBTC15M-26APR272030-30"",""trade_id"":""539160c4-f5b9-7377-29f1-a00d1b25724b"",""yes_price_dollars"":""0.5200""}"
KXBTC15M-26APR272030-30,256074b8-7510-7caf-21d5-a655de109ec8,1777335312,0.52,16.99,yes,"{""count_fp"":""16.99"",""created_time"":""2026-04-28T00:15:12.918744Z"",""no_price_dollars"":""0.4800"",""taker_side"":""yes"",""ticker"":""KXBTC15M-26APR272030-30"",""trade_id"":""256074b8-7510-7caf-21d5-a655de109ec8"",""yes_price_dollars"":""0.5200""}"
KXBTC15M-26APR272030-30,a2c358de-1d90-6437-1f07-b2bc620a6830,1777335312,0.52,13.01,yes,"{""count_fp"":""13.01"",""created_time"":""2026-04-28T00:15:12.889338Z"",""no_price_dollars"":""0.4800"",""taker_side"":""yes"",""ticker"":""KXBTC15M-26APR272030-30"",""trade_id"":""a2c358de-1d90-6437-1f07-b2bc620a6830"",""yes_price_dollars"":""0.5200""}"
KXBTC15M-26APR272030-30,c8f3cc14-ef55-45d9-8ddf-2dc575570fd3,1777335312,0.51,8.88,no,"{""count_fp"":""8.88"",""created_time"":""2026-04-28T00:15:12.732193Z"",""no_price_dollars"":""0.4900"",""taker_side"":""no"",""ticker"":""KXBTC15M-26APR272030-30"",""trade_id"":""c8f3cc14-ef55-45d9-8ddf-2dc575570fd3"",""yes_price_dollars"":""0.5100""}"
KXBTC15M-26APR272030-30,c479f2c8-c7fc-7088-0fdb-8a06e1c74d41,1777335312,0.51,1.08,no,"{""count_fp"":""1.08"",""created_time"":""2026-04-28T00:15:12.654602Z"",""no_price_dollars"":""0.4900"",""taker_side"":""no"",""ticker"":""KXBTC15M-26APR272030-30"",""trade_id"":""c479f2c8-c7fc-7088-0fdb-8a06e1c74d41"",""yes_price_dollars"":""0.5100""}"
KXBTC15M-26APR272030-30,67b92644-68a0-7674-2ef2-7b19923e64dc,1777335312,0.51,8.08,no,"{""count_fp"":""8.08"",""created_time"":""2026-04-28T00:15:12.654602Z"",""no_price_dollars"":""0.4900"",""taker_side"":""no"",""ticker"":""KXBTC15M-26APR272030-30"",""trade_id"":""67b92644-68a0-7674-2ef2-7b19923e64dc"",""yes_price_dollars"":""0.5100""}"
KXBTC15M-26APR272030-30,2bd6bd86-74d9-7229-2579-cbc1aa8b4e37,1777335312,0.51,0.5,no,"{""count_fp"":""0.50"",""created_time"":""2026-04-28T00:15:12.654602Z"",""no_price_dollars"":""0.4900"",""taker_side"":""no"",""ticker"":""KXBTC15M-26APR272030-30"",""trade_id"":""2bd6bd86-74d9-7229-2579-cbc1aa8b4e37"",""yes_price_dollars"":""0.5100""}"
KXBTC15M-26APR272030-30,b1de3b00-5e80-44c0-8d92-993414b7179c,1777335312,0.51,31.62,no,"{""count_fp"":""31.62"",""created_time"":""2026-04-28T00:15:12.213902Z"",""no_price_dollars"":""0.4900"",""taker_side"":""no"",""ticker"":""KXBTC15M-26APR272030-30"",""trade_id"":""b1de3b00-5e80-44c0-8d92-993414b7179c"",""yes_price_dollars"":""0.5100""}"
KXBTC15M-26APR272030-30,a825d43e-c859-73a9-170d-a16e495c143f,1777335313,0.51,5.0,no,"{""count_fp"":""5.00"",""created_time"":""2026-04-28T00:15:13.436374Z"",""no_price_dollars"":""0.4900"",""taker_side"":""no"",""ticker"":""KXBTC15M-26APR272030-30"",""trade_id"":""a825d43e-c859-73a9-170d-a16e495c143f"",""yes_price_dollars"":""0.5100""}"
KXBTC15M-26APR272030-30,eb2f5268-a0b0-5595-676d-47472374f7c5,1777335313,0.52,46.51,yes,"{""count_fp"":""46.51"",""created_time"":""2026-04-28T00:15:13.402432Z"",""no_price_dollars"":""0.4800"",""taker_side"":""yes"",""ticker"":""KXBTC15M-26APR272030-30"",""trade_id"":""eb2f5268-a0b0-5595-676d-47472374f7c5"",""yes_price_dollars"":""0.5200""}"
KXBTC15M-26APR272030-30,0838540e-456d-5d55-53be-b60e6061305b,1777335313,0.51,3.0,no,"{""count_fp"":""3.00"",""created_time"":""2026-04-28T00:15:13.318963Z"",""no_price_dollars"":""0.4900"",""taker_side"":""no"",""ticker"":""KXBTC15M-26APR272030-30"",""trade_id"":""0838540e-456d-5d55-53be-b60e6061305b"",""yes_price_dollars"":""0.5100""}"
KXBTC15M-26APR272030-30,b6fa4cc9-b87c-5a58-d73e-55ddf33e786f,1777335314,0.52,3.0,yes,"{""count_fp"":""3.00"",""created_time"":""2026-04-28T00:15:14.826868Z"",""no_price_dollars"":""0.4800"",""taker_side"":""yes"",""ticker"":""KXBTC15M-26APR272030-30"",""trade_id"":""b6fa4cc9-b87c-5a58-d73e-55ddf33e786f"",""yes_price_dollars"":""0.5200""}"
KXBTC15M-26APR272030-30,231239d1-5ad2-5fda-f633-616ad128f428,1777335314,0.53,13.07,yes,"{""count_fp"":""13.07"",""created_time"":""2026-04-28T00:15:14.826868Z"",""no_price_dollars"":""0.4700"",""taker_side"":""yes"",""ticker"":""KXBTC15M-26APR272030-30"",""trade_id"":""231239d1-5ad2-5fda-f633-616ad128f428"",""yes_price_dollars"":""0.5300""}"
KXBTC15M-26APR272030-30,d480cffb-b3af-6e58-a5f5-d6eaef40d990,1777335314,0.51,6.0,no,"{""count_fp"":""6.00"",""created_time"":""2026-04-28T00:15:14.602853Z"",""no_price_dollars"":""0.4900"",""taker_side"":""no"",""ticker"":""KXBTC15M-26APR272030-30"",""trade_id"":""d480cffb-b3af-6e58-a5f5-d6eaef40d990"",""yes_price_dollars"":""0.5100""}"
KXBTC15M-26APR272030-30,e9d1c1fc-9c43-5202-1a9d-948abda02983,1777335314,0.54,1.0,yes,"{""count_fp"":""1.00"",""created_time"":""2026-04-28T00:15:14.259028Z"",""no_price_dollars"":""0.4600"",""taker_side"":""yes"",""ticker"":""KXBTC15M-26APR272030-30"",""trade_id"":""e9d1c1fc-9c43-5202-1a9d-948abda02983"",""yes_price_dollars"":""0.5400""}"
KXBTC15M-26APR272030-30,da1e1761-2070-5584-1eef-acb24e3db278,1777335314,0.52,26.0,yes,"{""count_fp"":""26.00"",""created_time"":""2026-04-28T00:15:14.259028Z"",""no_price_dollars"":""0.4800"",""taker_side"":""yes"",""ticker"":""KXBTC15M-26APR272030-30"",""trade_id"":""da1e1761-2070-5584-1eef-acb24e3db278"",""yes_price_dollars"":""0.5200""}"
KXBTC15M-26APR272030-30,ae18c294-f894-5a9f-116b-74100771fd45,1777335314,0.53,30.0,yes,"{""count_fp"":""30.00"",""created_time"":""2026-04-28T00:15:14.259028Z"",""no_price_dollars"":""0.4700"",""taker_side"":""yes"",""ticker"":""KXBTC15M-26APR272030-30"",""trade_id"":""ae18c294-f894-5a9f-116b-74100771fd45"",""yes_price_dollars"":""0.5300""}"
KXBTC15M-26APR272030-30,a3dc44ba-45a7-5a8d-287f-a1f054b52612,1777335314,0.55,323.94,yes,"{""count_fp"":""323.94"",""created_time"":""2026-04-28T00:15:14.259028Z"",""no_price_dollars"":""0.4500"",""taker_side"":""yes"",""ticker"":""KXBTC15M-26APR272030-30"",""trade_id"":""a3dc44ba-45a7-5a8d-287f-a1f054b52612"",""yes_price_dollars"":""0.5500""}"
KXBTC15M-26APR272030-30,90a0aaef-f2e4-5935-254e-5754a81e4595,1777335314,0.52,101.44,yes,"{""count_fp"":""101.44"",""created_time"":""2026-04-28T00:15:14.259028Z"",""no_price_dollars"":""0.4800"",""taker_side"":""yes"",""ticker"":""KXBTC15M-26APR272030-30"",""trade_id"":""90a0aaef-f2e4-5935-254e-5754a81e4595"",""yes_price_dollars"":""0.5200""}"
KXBTC15M-26APR272030-30,7bf8d365-116b-5bed-134e-f079cbf5feec,1777335314,0.55,1.0,yes,"{""count_fp"":""1.00"",""created_time"":""2026-04-28T00:15:14.259028Z"",""no_price_dollars"":""0.4500"",""taker_side"":""yes"",""ticker"":""KXBTC15M-26APR272030-30"",""trade_id"":""7bf8d365-116b-5bed-134e-f079cbf5feec"",""yes_price_dollars"":""0.5500""}"
KXBTC15M-26APR272030-30,7184900c-7496-5e4d-1a8c-19c33c219000,1777335314,0.54,200.0,yes,"{""count_fp"":""200.00"",""created_time"":""2026-04-28T00:15:14.259028Z"",""no_price_dollars"":""0.4600"",""taker_side"":""yes"",""ticker"":""KXBTC15M-26APR272030-30"",""trade_id"":""7184900c-7496-5e4d-1a8c-19c33c219000"",""yes_price_dollars"":""0.5400""}"
KXBTC15M-26APR272030-30,65370181-198d-513a-1993-1f051349f9cb,1777335314,0.52,3.0,yes,"{""count_fp"":""3.00"",""created_time"":""2026-04-28T00:15:14.259028Z"",""no_price_dollars"":""0.4800"",""taker_side"":""yes"",""ticker"":""KXBTC15M-26APR272030-30"",""trade_id"":""65370181-198d-513a-1993-1f051349f9cb"",""yes_price_dollars"":""0.5200""}"
KXBTC15M-26APR272030-30,48524ab4-dc04-5002-27d4-41ca6ca2e0bf,1777335314,0.52,30.0,yes,"{""count_fp"":""30.00"",""created_time"":""2026-04-28T00:15:14.259028Z"",""no_price_dollars"":""0.4800"",""taker_side"":""yes"",""ticker"":""KXBTC15M-26APR272030-30"",""trade_id"":""48524ab4-dc04-5002-27d4-41ca6ca2e0bf"",""yes_price_dollars"":""0.5200""}"
KXBTC15M-26APR272030-30,47c3389b-49d0-584c-0c13-46a2ead034ee,1777335314,0.54,120.0,yes,"{""count_fp"":""120.00"",""created_time"":""2026-04-28T00:15:14.259028Z"",""no_price_dollars"":""0.4600"",""taker_side"":""yes"",""ticker"":""KXBTC15M-26APR272030-30"",""trade_id"":""47c3389b-49d0-584c-0c13-46a2ead034ee"",""yes_price_dollars"":""0.5400""}"
KXBTC15M-26APR272030-30,30545e38-3c42-5dd4-0bc7-ca711805687a,1777335314,0.54,30.0,yes,"{""count_fp"":""30.00"",""created_time"":""2026-04-28T00:15:14.259028Z"",""no_price_dollars"":""0.4600"",""taker_side"":""yes"",""ticker"":""KXBTC15M-26APR272030-30"",""trade_id"":""30545e38-3c42-5dd4-0bc7-ca711805687a"",""yes_price_dollars"":""0.5400""}"
KXBTC15M-26APR272030-30,0e165156-d1d9-5f80-1098-5c7d7c9255ae,1777335314,0.52,10.0,yes,"{""count_fp"":""10.00"",""created_time"":""2026-04-28T00:15:14.259028Z"",""no_price_dollars"":""0.4800"",""taker_side"":""yes"",""ticker"":""KXBTC15M-26APR272030-30"",""trade_id"":""0e165156-d1d9-5f80-1098-5c7d7c9255ae"",""yes_price_dollars"":""0.5200""}"
KXBTC15M-26APR272030-30,e9964367-d139-5acb-43a7-f4b779092713,1777335315,0.52,3.0,yes,"{""count_fp"":""3.00"",""created_time"":""2026-04-28T00:15:15.124641Z"",""no_price_dollars"":""0.4800"",""taker_side"":""yes"",""ticker"":""KXBTC15M-26APR272030-30"",""trade_id"":""e9964367-d139-5acb-43a7-f4b779092713"",""yes_price_dollars"":""0.5200""}"
KXBTC15M-26APR272030-30,a9ee0d03-c577-50b9-40e2-e17f75dda5a2,1777335315,0.55,305.05,yes,"{""count_fp"":""305.05"",""created_time"":""2026-04-28T00:15:15.124641Z"",""no_price_dollars"":""0.4500"",""taker_side"":""yes"",""ticker"":""KXBTC15M-26APR272030-30"",""trade_id"":""a9ee0d03-c577-50b9-40e2-e17f75dda5a2"",""yes_price_dollars"":""0.5500""}"
KXBTC15M-26APR272030-30,7a15afaf-6f76-5dfe-41db-fd917f337e78,1777335315,0.52,136.93,yes,"{""count_fp"":""136.93"",""created_time"":""2026-04-28T00:15:15.124641Z"",""no_price_dollars"":""0.4800"",""taker_side"":""yes"",""ticker"":""KXBTC15M-26APR272030-30"",""trade_id"":""7a15afaf-6f76-5dfe-41db-fd917f337e78"",""yes_price_dollars"":""0.5200""}"
KXBTC15M-26APR272030-30,59b7258f-c114-50f4-44b0-17c88467200b,1777335315,0.54,10.0,yes,"{""count_fp"":""10.00"",""created_time"":""2026-04-28T00:15:15.124641Z"",""no_price_dollars"":""0.4600"",""taker_side"":""yes"",""ticker"":""KXBTC15M-26APR272030-30"",""trade_id"":""59b7258f-c114-50f4-44b0-17c88467200b"",""yes_price_dollars"":""0.5400""}"
KXBTC15M-26APR272030-30,5144ae69-28f5-5acf-4c73-4dde465b0b9d,1777335315,0.54,20.0,yes,"{""count_fp"":""20.00"",""created_time"":""2026-04-28T00:15:15.124641Z"",""no_price_dollars"":""0.4600"",""taker_side"":""yes"",""ticker"":""KXBTC15M-26APR272030-30"",""trade_id"":""5144ae69-28f5-5acf-4c73-4dde465b0b9d"",""yes_price_dollars"":""0.5400""}"
KXBTC15M-26APR272030-30,0c4b5a42-2719-590a-52da-1beed6c9604c,1777335315,0.54,400.0,yes,"{""count_fp"":""400.00"",""created_time"":""2026-04-28T00:15:15.124641Z"",""no_price_dollars"":""0.4600"",""taker_side"":""yes"",""ticker"":""KXBTC15M-26APR272030-30"",""trade_id"":""0c4b5a42-2719-590a-52da-1beed6c9604c"",""yes_price_dollars"":""0.5400""}"
KXBTC15M-26APR272030-30,c6921d51-2ae8-7070-7e67-6af7789f0574,1777335316,0.51,0.14,yes,"{""count_fp"":""0.14"",""created_time"":""2026-04-28T00:15:16.644075Z"",""no_price_dollars"":""0.4900"",""taker_side"":""yes"",""ticker"":""KXBTC15M-26APR272030-30"",""trade_id"":""c6921d51-2ae8-7070-7e67-6af7789f0574"",""yes_price_dollars"":""0.5100""}"
KXBTC15M-26APR272030-30,acadb165-7b8c-73f8-ebbb-6f1ae17e9b34,1777335316,0.51,17.0,yes,"{""count_fp"":""17.00"",""created_time"":""2026-04-28T00:15:16.614542Z"",""no_price_dollars"":""0.4900"",""taker_side"":""yes"",""ticker"":""KXBTC15M-26APR272030-30"",""trade_id"":""acadb165-7b8c-73f8-ebbb-6f1ae17e9b34"",""yes_price_dollars"":""0.5100""}"
KXBTC15M-26APR272030-30,78dd4b7c-8730-5f10-6c47-32e245fbaae8,1777335316,0.51,1.86,yes,"{""count_fp"":""1.86"",""created_time"":""2026-04-28T00:15:16.413694Z"",""no_price_dollars"":""0.4900"",""taker_side"":""yes"",""ticker"":""KXBTC15M-26APR272030-30"",""trade_id"":""78dd4b7c-8730-5f10-6c47-32e245fbaae8"",""yes_price_dollars"":""0.5100""}"
KXBTC15M-26APR272030-30,3e343426-8816-5358-ce28-e07ca3fca564,1777335316,0.51,56.0,no,"{""count_fp"":""56.00"",""created_time"":""2026-04-28T00:15:16.129313Z"",""no_price_dollars"":""0.4900"",""taker_side"":""no"",""ticker"":""KXBTC15M-26APR272030-30"",""trade_id"":""3e343426-8816-5358-ce28-e07ca3fca564"",""yes_price_dollars"":""0.5100""}"
KXBTC15M-26APR272030-30,0cd48bb3-009f-5da9-cc9a-7e504b2bd0bb,1777335316,0.52,25.0,no,"{""count_fp"":""25.00"",""created_time"":""2026-04-28T00:15:16.129313Z"",""no_price_dollars"":""0.4800"",""taker_side"":""no"",""ticker"":""KXBTC15M-26APR272030-30"",""trade_id"":""0cd48bb3-009f-5da9-cc9a-7e504b2bd0bb"",""yes_price_dollars"":""0.5200""}"
KXBTC15M-26APR272030-30,fe9b86ae-c4b1-4e94-ce26-10f8e24536dd,1777335316,0.53,14.62,yes,"{""count_fp"":""14.62"",""created_time"":""2026-04-28T00:15:16.078082Z"",""no_price_dollars"":""0.4700"",""taker_side"":""yes"",""ticker"":""KXBTC15M-26APR272030-30"",""trade_id"":""fe9b86ae-c4b1-4e94-ce26-10f8e24536dd"",""yes_price_dollars"":""0.5300""}"
KXBTC15M-26APR272030-30,fa4df284-5f13-4b10-d80d-c2f7fb830780,1777335316,0.53,3.0,yes,"{""count_fp"":""3.00"",""created_time"":""2026-04-28T00:15:16.078082Z"",""no_price_dollars"":""0.4700"",""taker_side"":""yes"",""ticker"":""KXBTC15M-26APR272030-30"",""trade_id"":""fa4df284-5f13-4b10-d80d-c2f7fb830780"",""yes_price_dollars"":""0.5300""}"
KXBTC15M-26APR272030-30,69d4b8fb-1ef5-4384-493c-ea2e2fad994b,1777335318,0.51,2.0,yes,"{""count_fp"":""2.00"",""created_time"":""2026-04-28T00:15:18.714928Z"",""no_price_dollars"":""0.4900"",""taker_side"":""yes"",""ticker"":""KXBTC15M-26APR272030-30"",""trade_id"":""69d4b8fb-1ef5-4384-493c-ea2e2fad994b"",""yes_price_dollars"":""0.5100""}"
KXBTC15M-26APR272030-30,064e8dba-3ee1-60b8-935f-b97151f39c13,1777335318,0.51,31.05,yes,"{""count_fp"":""31.05"",""created_time"":""2026-04-28T00:15:18.698348Z"",""no_price_dollars"":""0.4900"",""taker_side"":""yes"",""ticker"":""KXBTC15M-26APR272030-30"",""trade_id"":""064e8dba-3ee1-60b8-935f-b97151f39c13"",""yes_price_dollars"":""0.5100""}"
KXBTC15M-26APR272030-30,27c279c4-bd50-5c97-3b8c-99b67c5583e8,1777335318,0.51,3.0,yes,"{""count_fp"":""3.00"",""created_time"":""2026-04-28T00:15:18.030498Z"",""no_price_dollars"":""0.4900"",""taker_side"":""yes"",""ticker"":""KXBTC15M-26APR272030-30"",""trade_id"":""27c279c4-bd50-5c97-3b8c-99b67c5583e8"",""yes_price_dollars"":""0.5100""}"
KXBTC15M-26APR272030-30,21009451-47c2-52ce-1a90-98b1fd63f648,1777335318,0.51,317.3,yes,"{""count_fp"":""317.30"",""created_time"":""2026-04-28T00:15:18.030498Z"",""no_price_dollars"":""0.4900"",""taker_side"":""yes"",""ticker"":""KXBTC15M-26APR272030-30"",""trade_id"":""21009451-47c2-52ce-1a90-98b1fd63f648"",""yes_price_dollars"":""0.5100""}"
KXBTC15M-26APR272030-30,5b3b7061-ac6f-65db-2d42-3504ab1f4074,1777335319,0.52,20.0,yes,"{""count_fp"":""20.00"",""created_time"":""2026-04-28T00:15:19.937325Z"",""no_price_dollars"":""0.4800"",""taker_side"":""yes"",""ticker"":""KXBTC15M-26APR272030-30"",""trade_id"":""5b3b7061-ac6f-65db-2d42-3504ab1f4074"",""yes_price_dollars"":""0.5200""}"
KXBTC15M-26APR272030-30,983810a4-6355-4a69-afd8-cc3386ffc5d0,1777335319,0.51,9.13,yes,"{""count_fp"":""9.13"",""created_time"":""2026-04-28T00:15:19.614518Z"",""no_price_dollars"":""0.4900"",""taker_side"":""yes"",""ticker"":""KXBTC15M-26APR272030-30"",""trade_id"":""983810a4-6355-4a69-afd8-cc3386ffc5d0"",""yes_price_dollars"":""0.5100""}"
KXBTC15M-26APR272030-30,ec2ddd58-107e-645a-6bc3-2f17e32d5130,1777335319,0.51,146.13,yes,"{""count_fp"":""146.13"",""created_time"":""2026-04-28T00:15:19.242732Z"",""no_price_dollars"":""0.4900"",""taker_side"":""yes"",""ticker"":""KXBTC15M-26APR272030-30"",""trade_id"":""ec2ddd58-107e-645a-6bc3-2f17e32d5130"",""yes_price_dollars"":""0.5100""}"
KXBTC15M-26APR272030-30,96c2bf61-902e-74de-2665-ca09d01a07fc,1777335319,0.51,47.39,yes,"{""count_fp"":""47.39"",""created_time"":""2026-04-28T00:15:19.158861Z"",""no_price_dollars"":""0.4900"",""taker_side"":""yes"",""ticker"":""KXBTC15M-26APR272030-30"",""trade_id"":""96c2bf61-902e-74de-2665-ca09d01a07fc"",""yes_price_dollars"":""0.5100""}"
KXBTC15M-26APR272030-30,db392e22-2552-72be-885e-b01069d3b734,1777335319,0.51,9.3,yes,"{""count_fp"":""9.30"",""created_time"":""2026-04-28T00:15:19.119663Z"",""no_price_dollars"":""0.4900"",""taker_side"":""yes"",""ticker"":""KXBTC15M-26APR272030-30"",""trade_id"":""db392e22-2552-72be-885e-b01069d3b734"",""yes_price_dollars"":""0.5100""}"
KXBTC15M-26APR272030-30,f5efe256-a6be-656e-0913-b89ed9e1d13c,1777335319,0.51,18.95,yes,"{""count_fp"":""18.95"",""created_time"":""2026-04-28T00:15:19.013605Z"",""no_price_dollars"":""0.4900"",""taker_side"":""yes"",""ticker"":""KXBTC15M-26APR272030-30"",""trade_id"":""f5efe256-a6be-656e-0913-b89ed9e1d13c"",""yes_price_dollars"":""0.5100""}"
KXBTC15M-26APR272030-30,e65833a3-925f-55d5-a339-1a2fc2c85ba2,1777335320,0.54,3.0,yes,"{""count_fp"":""3.00"",""created_time"":""2026-04-28T00:15:20.933391Z"",""no_price_dollars"":""0.4600"",""taker_side"":""yes"",""ticker"":""KXBTC15M-26APR272030-30"",""trade_id"":""e65833a3-925f-55d5-a339-1a2fc2c85ba2"",""yes_price_dollars"":""0.5400""}"
KXBTC15M-26APR272030-30,e65d6e7e-4752-5a43-f6a8-2a2157fa644e,1777335320,0.53,1.0,yes,"{""count_fp"":""1.00"",""created_time"":""2026-04-28T00:15:20.933179Z"",""no_price_dollars"":""0.4700"",""taker_side"":""yes"",""ticker"":""KXBTC15M-26APR272030-30"",""trade_id"":""e65d6e7e-4752-5a43-f6a8-2a2157fa644e"",""yes_price_dollars"":""0.5300""}"
KXBTC15M-26APR272030-30,563690a0-2ff6-4952-d569-a1373fa52f39,1777335320,0.53,20.0,yes,"{""count_fp"":""20.00"",""created_time"":""2026-04-28T00:15:20.906815Z"",""no_price_dollars"":""0.4700"",""taker_side"":""yes"",""ticker"":""KXBTC15M-26APR272030-30"",""trade_id"":""563690a0-2ff6-4952-d569-a1373fa52f39"",""yes_price_dollars"":""0.5300""}"
KXBTC15M-26APR272030-30,3afeeab5-5f25-4097-f827-9a9590c96069,1777335320,0.53,100.0,yes,"{""count_fp"":""100.00"",""created_time"":""2026-04-28T00:15:20.906815Z"",""no_price_dollars"":""0.4700"",""taker_side"":""yes"",""ticker"":""KXBTC15M-26APR272030-30"",""trade_id"":""3afeeab5-5f25-4097-f827-9a9590c96069"",""yes_price_dollars"":""0.5300""}"
KXBTC15M-26APR272030-30,16ef3f70-c716-4eaf-eb09-4dbcc63e95a6,1777335320,0.53,149.0,yes,"{""count_fp"":""149.00"",""created_time"":""2026-04-28T00:15:20.906815Z"",""no_price_dollars"":""0.4700"",""taker_side"":""yes"",""ticker"":""KXBTC15M-26APR272030-30"",""trade_id"":""16ef3f70-c716-4eaf-eb09-4dbcc63e95a6"",""yes_price_dollars"":""0.5300""}"
KXBTC15M-26APR272030-30,0dd906b5-a842-4489-dd8a-e29cda920b94,1777335320,0.53,10.0,yes,"{""count_fp"":""10.00"",""created_time"":""2026-04-28T00:15:20.906815Z"",""no_price_dollars"":""0.4700"",""taker_side"":""yes"",""ticker"":""KXBTC15M-26APR272030-30"",""trade_id"":""0dd906b5-a842-4489-dd8a-e29cda920b94"",""yes_price_dollars"":""0.5300""}"
KXBTC15M-26APR272030-30,e53f5b53-09fd-74c1-2052-ab705e97efaf,1777335320,0.52,95.16,no,"{""count_fp"":""95.16"",""created_time"":""2026-04-28T00:15:20.820139Z"",""no_price_dollars"":""0.4800"",""taker_side"":""no"",""ticker"":""KXBTC15M-26APR272030-30"",""trade_id"":""e53f5b53-09fd-74c1-2052-ab705e97efaf"",""yes_price_dollars"":""0.5200""}"
KXBTC15M-26APR272030-30,cb8958af-dd65-5b2d-0758-d776cb292163,1777335320,0.52,50.0,no,"{""count_fp"":""50.00"",""created_time"":""2026-04-28T00:15:20.650179Z"",""no_price_dollars"":""0.4800"",""taker_side"":""no"",""ticker"":""KXBTC15M-26APR272030-30"",""trade_id"":""cb8958af-dd65-5b2d-0758-d776cb292163"",""yes_price_dollars"":""0.5200""}"
KXBTC15M-26APR272030-30,cfe9b45a-514d-6d19-1061-4288085f7507,1777335320,0.52,16.32,no,"{""count_fp"":""16.32"",""created_time"":""2026-04-28T00:15:20.522346Z"",""no_price_dollars"":""0.4800"",""taker_side"":""no"",""ticker"":""KXBTC15M-26APR272030-30"",""trade_id"":""cfe9b45a-514d-6d19-1061-4288085f7507"",""yes_price_dollars"":""0.5200""}"
KXBTC15M-26APR272030-30,91b647eb-4aee-60e6-2691-4d386bafde89,1777335320,0.52,3.0,no,"{""count_fp"":""3.00"",""created_time"":""2026-04-28T00:15:20.522346Z"",""no_price_dollars"":""0.4800"",""taker_side"":""no"",""ticker"":""KXBTC15M-26APR272030-30"",""trade_id"":""91b647eb-4aee-60e6-2691-4d386bafde89"",""yes_price_dollars"":""0.5200""}"
KXBTC15M-26APR272030-30,60af6930-8539-6689-7158-a3b15673e573,1777335320,0.51,9.66,no,"{""count_fp"":""9.66"",""created_time"":""2026-04-28T00:15:20.274071Z"",""no_price_dollars"":""0.4900"",""taker_side"":""no"",""ticker"":""KXBTC15M-26APR272030-30"",""trade_id"":""60af6930-8539-6689-7158-a3b15673e573"",""yes_price_dollars"":""0.5100""}"
KXBTC15M-26APR272030-30,bce7c905-7e75-7ed2-1dcd-a2c4f6a6f471,1777335320,0.52,150.0,yes,"{""count_fp"":""150.00"",""created_time"":""2026-04-28T00:15:20.204783Z"",""no_price_dollars"":""0.4800"",""taker_side"":""yes"",""ticker"":""KXBTC15M-26APR272030-30"",""trade_id"":""bce7c905-7e75-7ed2-1dcd-a2c4f6a6f471"",""yes_price_dollars"":""0.5200""}"
KXBTC15M-26APR272030-30,a1d56922-b264-4a44-bee3-8b24a0a9b9eb,1777335321,0.55,9.0,no,"{""count_fp"":""9.00"",""created_time"":""2026-04-28T00:15:21.915946Z"",""no_price_dollars"":""0.4500"",""taker_side"":""no"",""ticker"":""KXBTC15M-26APR272030-30"",""trade_id"":""a1d56922-b264-4a44-bee3-8b24a0a9b9eb"",""yes_price_dollars"":""0.5500""}"
KXBTC15M-26APR272030-30,5831f904-19d0-6320-0005-0db20916a1bb,1777335321,0.55,1.0,no,"{""count_fp"":""1.00"",""created_time"":""2026-04-28T00:15:21.900595Z"",""no_price_dollars"":""0.4500"",""taker_side"":""no"",""ticker"":""KXBTC15M-26APR272030-30"",""trade_id"":""5831f904-19d0-6320-0005-0db20916a1bb"",""yes_price_dollars"":""0.5500""}"
KXBTC15M-26APR272030-30,57185f76-438d-7978-04eb-5b607c57cdca,1777335321,0.55,3.0,no,"{""count_fp"":""3.00"",""created_time"":""2026-04-28T00:15:21.150567Z"",""no_price_dollars"":""0.4500"",""taker_side"":""no"",""ticker"":""KXBTC15M-26APR272030-30"",""trade_id"":""57185f76-438d-7978-04eb-5b607c57cdca"",""yes_price_dollars"":""0.5500""}"
KXBTC15M-26APR272030-30,0e7d1a54-ff04-76c9-3362-2ad3d03e8cb0,1777335321,0.55,28.52,no,"{""count_fp"":""28.52"",""created_time"":""2026-04-28T00:15:21.150567Z"",""no_price_dollars"":""0.4500"",""taker_side"":""no"",""ticker"":""KXBTC15M-26APR272030-30"",""trade_id"":""0e7d1a54-ff04-76c9-3362-2ad3d03e8cb0"",""yes_price_dollars"":""0.5500""}"
KXBTC15M-26APR272030-30,9d8fb555-7240-5500-a90d-f88dab30b8a3,1777335322,0.55,7.05,no,"{""count_fp"":""7.05"",""created_time"":""2026-04-28T00:15:22.810189Z"",""no_price_dollars"":""0.4500"",""taker_side"":""no"",""ticker"":""KXBTC15M-26APR272030-30"",""trade_id"":""9d8fb555-7240-5500-a90d-f88dab30b8a3"",""yes_price_dollars"":""0.5500""}"
KXBTC15M-26APR272030-30,351b7b67-6be0-5210-adf4-23a01eb791c4,1777335322,0.56,3.0,no,"{""count_fp"":""3.00"",""created_time"":""2026-04-28T00:15:22.810189Z"",""no_price_dollars"":""0.4400"",""taker_side"":""no"",""ticker"":""KXBTC15M-26APR272030-30"",""trade_id"":""351b7b67-6be0-5210-adf4-23a01eb791c4"",""yes_price_dollars"":""0.5600""}"
KXBTC15M-26APR272030-30,07aae369-8784-41c5-1c84-275531fe456f,1777335323,0.55,10.69,no,"{""count_fp"":""10.69"",""created_time"":""2026-04-28T00:15:23.964438Z"",""no_price_dollars"":""0.4500"",""taker_side"":""no"",""ticker"":""KXBTC15M-26APR272030-30"",""trade_id"":""07aae369-8784-41c5-1c84-275531fe456f"",""yes_price_dollars"":""0.5500""}"
KXBTC15M-26APR272030-30,8f0cf5c1-e630-4c49-7bdc-4cd78874a100,1777335323,0.55,271.75,no,"{""count_fp"":""271.75"",""created_time"":""2026-04-28T00:15:23.762662Z"",""no_price_dollars"":""0.4500"",""taker_side"":""no"",""ticker"":""KXBTC15M-26APR272030-30"",""trade_id"":""8f0cf5c1-e630-4c49-7bdc-4cd78874a100"",""yes_price_dollars"":""0.5500""}"
KXBTC15M-26APR272030-30,762136a4-69e5-76cc-4240-23683e8efdb7,1777335323,0.57,5.01,yes,"{""count_fp"":""5.01"",""created_time"":""2026-04-28T00:15:23.702559Z"",""no_price_dollars"":""0.4300"",""taker_side"":""yes"",""ticker"":""KXBTC15M-26APR272030-30"",""trade_id"":""762136a4-69e5-76cc-4240-23683e8efdb7"",""yes_price_dollars"":""0.5700""}"
KXBTC15M-26APR272030-30,6cbd83d0-0121-6694-3c5d-70c32bc3e175,1777335323,0.57,0.69,yes,"{""count_fp"":""0.69"",""created_time"":""2026-04-28T00:15:23.666106Z"",""no_price_dollars"":""0.4300"",""taker_side"":""yes"",""ticker"":""KXBTC15M-26APR272030-30"",""trade_id"":""6cbd83d0-0121-6694-3c5d-70c32bc3e175"",""yes_price_dollars"":""0.5700""}"
KXBTC15M-26APR272030-30,631c1593-8e79-65a4-3367-9fdd0cfee34f,1777335323,0.57,41.17,yes,"{""count_fp"":""41.17"",""created_time"":""2026-04-28T00:15:23.666106Z"",""no_price_dollars"":""0.4300"",""taker_side"":""yes"",""ticker"":""KXBTC15M-26APR272030-30"",""trade_id"":""631c1593-8e79-65a4-3367-9fdd0cfee34f"",""yes_price_dollars"":""0.5700""}"
KXBTC15M-26APR272030-30,c8cc3638-3acb-534a-6c13-9e91d6e001f7,1777335323,0.55,1.0,no,"{""count_fp"":""1.00"",""created_time"":""2026-04-28T00:15:23.551916Z"",""no_price_dollars"":""0.4500"",""taker_side"":""no"",""ticker"":""KXBTC15M-26APR272030-30"",""trade_id"":""c8cc3638-3acb-534a-6c13-9e91d6e001f7"",""yes_price_dollars"":""0.5500""}"
KXBTC15M-26APR272030-30,9f1ef680-3830-5335-5b0f-78b9b1d933f4,1777335323,0.55,9.05,no,"{""count_fp"":""9.05"",""created_time"":""2026-04-28T00:15:23.551916Z"",""no_price_dollars"":""0.4500"",""taker_side"":""no"",""ticker"":""KXBTC15M-26APR272030-30"",""trade_id"":""9f1ef680-3830-5335-5b0f-78b9b1d933f4"",""yes_price_dollars"":""0.5500""}"
KXBTC15M-26APR272030-30,fc54836c-2955-4e3f-49fe-e5bae25a1eda,1777335323,0.56,2.0,no,"{""count_fp"":""2.00"",""created_time"":""2026-04-28T00:15:23.347017Z"",""no_price_dollars"":""0.4400"",""taker_side"":""no"",""ticker"":""KXBTC15M-26APR272030-30"",""trade_id"":""fc54836c-2955-4e3f-49fe-e5bae25a1eda"",""yes_price_dollars"":""0.5600""}"
KXBTC15M-26APR272030-30,6c954cfd-81e5-6ff4-5a69-c5051e967d2d,1777335323,0.57,1.0,yes,"{""count_fp"":""1.00"",""created_time"":""2026-04-28T00:15:23.019248Z"",""no_price_dollars"":""0.4300"",""taker_side"":""yes"",""ticker"":""KXBTC15M-26APR272030-30"",""trade_id"":""6c954cfd-81e5-6ff4-5a69-c5051e967d2d"",""yes_price_dollars"":""0.5700""}"
KXBTC15M-26APR272030-30,5fab976d-5704-7493-ba82-8c272ff90e8a,1777335323,0.57,1.0,yes,"{""count_fp"":""1.00"",""created_time"":""2026-04-28T00:15:23.018886Z"",""no_price_dollars"":""0.4300"",""taker_side"":""yes"",""ticker"":""KXBTC15M-26APR272030-30"",""trade_id"":""5fab976d-5704-7493-ba82-8c272ff90e8a"",""yes_price_dollars"":""0.5700""}"
KXBTC15M-26APR272030-30,50f2b08d-6f6a-7326-be65-51c638074242,1777335323,0.57,1.0,yes,"{""count_fp"":""1.00"",""created_time"":""2026-04-28T00:15:23.018886Z"",""no_price_dollars"":""0.4300"",""taker_side"":""yes"",""ticker"":""KXBTC15M-26APR272030-30"",""trade_id"":""50f2b08d-6f6a-7326-be65-51c638074242"",""yes_price_dollars"":""0.5700""}"
KXBTC15M-26APR272030-30,277f0ebe-7d71-72cc-ac9a-8a895c0ca73d,1777335323,0.57,6.31,yes,"{""count_fp"":""6.31"",""created_time"":""2026-04-28T00:15:23.018886Z"",""no_price_dollars"":""0.4300"",""taker_side"":""yes"",""ticker"":""KXBTC15M-26APR272030-30"",""trade_id"":""277f0ebe-7d71-72cc-ac9a-8a895c0ca73d"",""yes_price_dollars"":""0.5700""}"
KXBTC15M-26APR272030-30,882ebf8e-9a70-58d5-e3e3-d5be6102b12f,1777335324,0.55,4.27,no,"{""count_fp"":""4.27"",""created_time"":""2026-04-28T00:15:24.291477Z"",""no_price_dollars"":""0.4500"",""taker_side"":""no"",""ticker"":""KXBTC15M-26APR272030-30"",""trade_id"":""882ebf8e-9a70-58d5-e3e3-d5be6102b12f"",""yes_price_dollars"":""0.5500""}"
KXBTC15M-26APR272030-30,9b46bec9-9969-61b1-f22f-2af0d3a80c11,1777335324,0.57,395.47,yes,"{""count_fp"":""395.47"",""created_time"":""2026-04-28T00:15:24.248125Z"",""no_price_dollars"":""0.4300"",""taker_side"":""yes"",""ticker"":""KXBTC15M-26APR272030-30"",""trade_id"":""9b46bec9-9969-61b1-f22f-2af0d3a80c11"",""yes_price_dollars"":""0.5700""}"
KXBTC15M-26APR272030-30,5cce5123-1b7d-6548-6561-970e3687ea53,1777335324,0.57,13.61,yes,"{""count_fp"":""13.61"",""created_time"":""2026-04-28T00:15:24.007915Z"",""no_price_dollars"":""0.4300"",""taker_side"":""yes"",""ticker"":""KXBTC15M-26APR272030-30"",""trade_id"":""5cce5123-1b7d-6548-6561-970e3687ea53"",""yes_price_dollars"":""0.5700""}"
KXBTC15M-26APR272030-30,58a13b35-eec7-7d7c-e661-b511d0a15f52,1777335325,0.57,15.0,no,"{""count_fp"":""15.00"",""created_time"":""2026-04-28T00:15:25.919606Z"",""no_price_dollars"":""0.4300"",""taker_side"":""no"",""ticker"":""KXBTC15M-26APR272030-30"",""trade_id"":""58a13b35-eec7-7d7c-e661-b511d0a15f52"",""yes_price_dollars"":""0.5700""}"
KXBTC15M-26APR272030-30,967a70e0-e745-5ce1-11c7-ecd803fed2f5,1777335325,0.58,5.17,yes,"{""count_fp"":""5.17"",""created_time"":""2026-04-28T00:15:25.778807Z"",""no_price_dollars"":""0.4200"",""taker_side"":""yes"",""ticker"":""KXBTC15M-26APR272030-30"",""trade_id"":""967a70e0-e745-5ce1-11c7-ecd803fed2f5"",""yes_price_dollars"":""0.5800""}"
KXBTC15M-26APR272030-30,361bec8b-439b-6037-51b8-94e056b2e25c,1777335325,0.57,1.0,no,"{""count_fp"":""1.00"",""created_time"":""2026-04-28T00:15:25.706735Z"",""no_price_dollars"":""0.4300"",""taker_side"":""no"",""ticker"":""KXBTC15M-26APR272030-30"",""trade_id"":""361bec8b-439b-6037-51b8-94e056b2e25c"",""yes_price_dollars"":""0.5700""}"
KXBTC15M-26APR272030-30,5e472792-914f-4bfb-05d0-cbf3b69ac006,1777335325,0.58,2.11,yes,"{""count_fp"":""2.11"",""created_time"":""2026-04-28T00:15:25.345562Z"",""no_price_dollars"":""0.4200"",""taker_side"":""yes"",""ticker"":""KXBTC15M-26APR272030-30"",""trade_id"":""5e472792-914f-4bfb-05d0-cbf3b69ac006"",""yes_price_dollars"":""0.5800""}"
KXBTC15M-26APR272030-30,4ec70b63-b0f9-43c1-3363-3be9fd188671,1777335325,0.58,30.89,yes,"{""count_fp"":""30.89"",""created_time"":""2026-04-28T00:15:25.345562Z"",""no_price_dollars"":""0.4200"",""taker_side"":""yes"",""ticker"":""KXBTC15M-26APR272030-30"",""trade_id"":""4ec70b63-b0f9-43c1-3363-3be9fd188671"",""yes_price_dollars"":""0.5800""}"
KXBTC15M-26APR272030-30,f2e32231-55fd-6c9a-bec3-03f08530de1a,1777335325,0.58,2.0,yes,"{""count_fp"":""2.00"",""created_time"":""2026-04-28T00:15:25.133267Z"",""no_price_dollars"":""0.4200"",""taker_side"":""yes"",""ticker"":""KXBTC15M-26APR272030-30"",""trade_id"":""f2e32231-55fd-6c9a-bec3-03f08530de1a"",""yes_price_dollars"":""0.5800""}"
KXBTC15M-26APR272030-30,c2a8e723-593a-618f-84a1-77cc36b3c2ac,1777335325,0.58,1.0,yes,"{""count_fp"":""1.00"",""created_time"":""2026-04-28T00:15:25.133267Z"",""no_price_dollars"":""0.4200"",""taker_side"":""yes"",""ticker"":""KXBTC15M-26APR272030-30"",""trade_id"":""c2a8e723-593a-618f-84a1-77cc36b3c2ac"",""yes_price_dollars"":""0.5800""}"
KXBTC15M-26APR272030-30,6274854b-e7c2-6ee8-abfe-69883825664f,1777335325,0.59,2.34,yes,"{""count_fp"":""2.34"",""created_time"":""2026-04-28T00:15:25.133267Z"",""no_price_dollars"":""0.4100"",""taker_side"":""yes"",""ticker"":""KXBTC15M-26APR272030-30"",""trade_id"":""6274854b-e7c2-6ee8-abfe-69883825664f"",""yes_price_dollars"":""0.5900""}"
KXBTC15M-26APR272030-30,3b31ea9d-837c-6377-888d-3ddce9113de1,1777335325,0.58,3.0,yes,"{""count_fp"":""3.00"",""created_time"":""2026-04-28T00:15:25.133267Z"",""no_price_dollars"":""0.4200"",""taker_side"":""yes"",""ticker"":""KXBTC15M-26APR272030-30"",""trade_id"":""3b31ea9d-837c-6377-888d-3ddce9113de1"",""yes_price_dollars"":""0.5800""}"
KXBTC15M-26APR272030-30,c5d89c41-002c-585b-e086-053b06efc4b9,1777335326,0.56,4.36,no,"{""count_fp"":""4.36"",""created_time"":""2026-04-28T00:15:26.681951Z"",""no_price_dollars"":""0.4400"",""taker_side"":""no"",""ticker"":""KXBTC15M-26APR272030-30"",""trade_id"":""c5d89c41-002c-585b-e086-053b06efc4b9"",""yes_price_dollars"":""0.5600""}"
KXBTC15M-26APR272030-30,adfcd50b-44f5-52d7-c82a-9e6966076e73,1777335326,0.56,15.0,no,"{""count_fp"":""15.00"",""created_time"":""2026-04-28T00:15:26.681951Z"",""no_price_dollars"":""0.4400"",""taker_side"":""no"",""ticker"":""KXBTC15M-26APR272030-30"",""trade_id"":""adfcd50b-44f5-52d7-c82a-9e6966076e73"",""yes_price_dollars"":""0.5600""}"
KXBTC15M-26APR272030-30,a8a1de50-0ebb-5c8c-f110-b4446307cac8,1777335326,0.56,20.0,no,"{""count_fp"":""20.00"",""created_time"":""2026-04-28T00:15:26.681951Z"",""no_price_dollars"":""0.4400"",""taker_side"":""no"",""ticker"":""KXBTC15M-26APR272030-30"",""trade_id"":""a8a1de50-0ebb-5c8c-f110-b4446307cac8"",""yes_price_dollars"":""0.5600""}"
KXBTC15M-26APR272030-30,89cbd5f3-e8da-52e7-ed22-640c841642e6,1777335326,0.56,50.86,no,"{""count_fp"":""50.86"",""created_time"":""2026-04-28T00:15:26.681951Z"",""no_price_dollars"":""0.4400"",""taker_side"":""no"",""ticker"":""KXBTC15M-26APR272030-30"",""trade_id"":""89cbd5f3-e8da-52e7-ed22-640c841642e6"",""yes_price_dollars"":""0.5600""}"
KXBTC15M-26APR272030-30,79fad004-8ec7-5911-ccfe-86f6cf993a21,1777335326,0.56,121.23,no,"{""count_fp"":""121.23"",""created_time"":""2026-04-28T00:15:26.681951Z"",""no_price_dollars"":""0.4400"",""taker_side"":""no"",""ticker"":""KXBTC15M-26APR272030-30"",""trade_id"":""79fad004-8ec7-5911-ccfe-86f6cf993a21"",""yes_price_dollars"":""0.5600""}"
KXBTC15M-26APR272030-30,ccb90e2d-5a37-5edf-1bdf-f745246218bd,1777335327,0.57,6.68,yes,"{""count_fp"":""6.68"",""created_time"":""2026-04-28T00:15:27.919282Z"",""no_price_dollars"":""0.4300"",""taker_side"":""yes"",""ticker"":""KXBTC15M-26APR272030-30"",""trade_id"":""ccb90e2d-5a37-5edf-1bdf-f745246218bd"",""yes_price_dollars"":""0.5700""}"
KXBTC15M-26APR272030-30,8befac3c-adb3-6edf-8437-b1fd7938b6c9,1777335327,0.57,5.02,yes,"{""count_fp"":""5.02"",""created_time"":""2026-04-28T00:15:27.820644Z"",""no_price_dollars"":""0.4300"",""taker_side"":""yes"",""ticker"":""KXBTC15M-26APR272030-30"",""trade_id"":""8befac3c-adb3-6edf-8437-b1fd7938b6c9"",""yes_price_dollars"":""0.5700""}"
KXBTC15M-26APR272030-30,c1836aa5-9c17-4aa7-c8a6-6320c0b86402,1777335327,0.57,0.83,yes,"{""count_fp"":""0.83"",""created_time"":""2026-04-28T00:15:27.603281Z"",""no_price_dollars"":""0.4300"",""taker_side"":""yes"",""ticker"":""KXBTC15M-26APR272030-30"",""trade_id"":""c1836aa5-9c17-4aa7-c8a6-6320c0b86402"",""yes_price_dollars"":""0.5700""}"
KXBTC15M-26APR272030-30,dc983944-a137-547f-a211-8cc3b6fb48f6,1777335327,0.57,2.0,yes,"{""count_fp"":""2.00"",""created_time"":""2026-04-28T00:15:27.563025Z"",""no_price_dollars"":""0.4300"",""taker_side"":""yes"",""ticker"":""KXBTC15M-26APR272030-30"",""trade_id"":""dc983944-a137-547f-a211-8cc3b6fb48f6"",""yes_price_dollars"":""0.5700""}"
KXBTC15M-26APR272030-30,a83599d3-6348-66c0-b915-de9d7d7ae877,1777335327,0.57,3.0,yes,"{""count_fp"":""3.00"",""created_time"":""2026-04-28T00:15:27.434024Z"",""no_price_dollars"":""0.4300"",""taker_side"":""yes"",""ticker"":""KXBTC15M-26APR272030-30"",""trade_id"":""a83599d3-6348-66c0-b915-de9d7d7ae877"",""yes_price_dollars"":""0.5700""}"
KXBTC15M-26APR272030-30,60926d7c-2979-6f80-b0f9-9efd7eb91f73,1777335327,0.57,17.0,yes,"{""count_fp"":""17.00"",""created_time"":""2026-04-28T00:15:27.434024Z"",""no_price_dollars"":""0.4300"",""taker_side"":""yes"",""ticker"":""KXBTC15M-26APR272030-30"",""trade_id"":""60926d7c-2979-6f80-b0f9-9efd7eb91f73"",""yes_price_dollars"":""0.5700""}"
KXBTC15M-26APR272030-30,95625efd-b77f-57ad-fe74-37819598e0b5,1777335327,0.56,1.32,no,"{""count_fp"":""1.32"",""created_time"":""2026-04-28T00:15:27.342805Z"",""no_price_dollars"":""0.4400"",""taker_side"":""no"",""ticker"":""KXBTC15M-26APR272030-30"",""trade_id"":""95625efd-b77f-57ad-fe74-37819598e0b5"",""yes_price_dollars"":""0.5600""}"
KXBTC15M-26APR272030-30,e050d067-e389-40f0-2d96-28a22a41bbe3,1777335327,0.57,8.37,yes,"{""count_fp"":""8.37"",""created_time"":""2026-04-28T00:15:27.226474Z"",""no_price_dollars"":""0.4300"",""taker_side"":""yes"",""ticker"":""KXBTC15M-26APR272030-30"",""trade_id"":""e050d067-e389-40f0-2d96-28a22a41bbe3"",""yes_price_dollars"":""0.5700""}"
KXBTC15M-26APR272030-30,ea3cefff-24f1-78db-996d-97fbb44b659f,1777335327,0.58,25.87,yes,"{""count_fp"":""25.87"",""created_time"":""2026-04-28T00:15:27.123713Z"",""no_price_dollars"":""0.4200"",""taker_side"":""yes"",""ticker"":""KXBTC15M-26APR272030-30"",""trade_id"":""ea3cefff-24f1-78db-996d-97fbb44b659f"",""yes_price_dollars"":""0.5800""}"
KXBTC15M-26APR272030-30,79f599f8-fb25-7854-ac4d-2e194345eb84,1777335327,0.58,13.0,yes,"{""count_fp"":""13.00"",""created_time"":""2026-04-28T00:15:27.123713Z"",""no_price_dollars"":""0.4200"",""taker_side"":""yes"",""ticker"":""KXBTC15M-26APR272030-30"",""trade_id"":""79f599f8-fb25-7854-ac4d-2e194345eb84"",""yes_price_dollars"":""0.5800""}"
KXBTC15M-26APR272030-30,73387d77-8495-7071-b01c-a92bad56f8ba,1777335327,0.58,3.0,yes,"{""count_fp"":""3.00"",""created_time"":""2026-04-28T00:15:27.123713Z"",""no_price_dollars"":""0.4200"",""taker_side"":""yes"",""ticker"":""KXBTC15M-26APR272030-30"",""trade_id"":""73387d77-8495-7071-b01c-a92bad56f8ba"",""yes_price_dollars"":""0.5800""}"
KXBTC15M-26APR272030-30,0cde743f-6fda-66b1-7524-4c2d645e19bf,1777335328,0.57,3.0,yes,"{""count_fp"":""3.00"",""created_time"":""2026-04-28T00:15:28.581873Z"",""no_price_dollars"":""0.4300"",""taker_side"":""yes"",""ticker"":""KXBTC15M-26APR272030-30"",""trade_id"":""0cde743f-6fda-66b1-7524-4c2d645e19bf"",""yes_price_dollars"":""0.5700""}"
KXBTC15M-26APR272030-30,00d4a0e9-1627-4d29-2455-6f623efe90ca,1777335328,0.58,25.12,yes,"{""count_fp"":""25.12"",""created_time"":""2026-04-28T00:15:28.325449Z"",""no_price_dollars"":""0.4200"",""taker_side"":""yes"",""ticker"":""KXBTC15M-26APR272030-30"",""trade_id"":""00d4a0e9-1627-4d29-2455-6f623efe90ca"",""yes_price_dollars"":""0.5800""}"
KXBTC15M-26APR272030-30,a1c00adb-c3e3-42a5-2285-5ae0cbe0765e,1777335328,0.58,4.66,yes,"{""count_fp"":""4.66"",""created_time"":""2026-04-28T00:15:28.307182Z"",""no_price_dollars"":""0.4200"",""taker_side"":""yes"",""ticker"":""KXBTC15M-26APR272030-30"",""trade_id"":""a1c00adb-c3e3-42a5-2285-5ae0cbe0765e"",""yes_price_dollars"":""0.5800""}"
KXBTC15M-26APR272030-30,86c7dbd9-dd0f-4ddf-1a76-d05f4184b8cd,1777335328,0.57,0.71,yes,"{""count_fp"":""0.71"",""created_time"":""2026-04-28T00:15:28.307182Z"",""no_price_dollars"":""0.4300"",""taker_side"":""yes"",""ticker"":""KXBTC15M-26APR272030-30"",""trade_id"":""86c7dbd9-dd0f-4ddf-1a76-d05f4184b8cd"",""yes_price_dollars"":""0.5700""}"
KXBTC15M-26APR272030-30,44ebba84-9555-4df4-2f75-6cd3a1d97c55,1777335328,0.57,3.0,yes,"{""count_fp"":""3.00"",""created_time"":""2026-04-28T00:15:28.307182Z"",""no_price_dollars"":""0.4300"",""taker_side"":""yes"",""ticker"":""KXBTC15M-26APR272030-30"",""trade_id"":""44ebba84-9555-4df4-2f75-6cd3a1d97c55"",""yes_price_dollars"":""0.5700""}"
KXBTC15M-26APR272030-30,aded91fb-0d4f-785f-c025-a3e096bcb01d,1777335328,0.57,5.59,yes,"{""count_fp"":""5.59"",""created_time"":""2026-04-28T00:15:28.167556Z"",""no_price_dollars"":""0.4300"",""taker_side"":""yes"",""ticker"":""KXBTC15M-26APR272030-30"",""trade_id"":""aded91fb-0d4f-785f-c025-a3e096bcb01d"",""yes_price_dollars"":""0.5700""}"
KXBTC15M-26APR272030-30,3d285bb5-ad57-72e9-3551-8594cbfbaa02,1777335329,0.58,1.0,yes,"{""count_fp"":""1.00"",""created_time"":""2026-04-28T00:15:29.919472Z"",""no_price_dollars"":""0.4200"",""taker_side"":""yes"",""ticker"":""KXBTC15M-26APR272030-30"",""trade_id"":""3d285bb5-ad57-72e9-3551-8594cbfbaa02"",""yes_price_dollars"":""0.5800""}"
KXBTC15M-26APR272030-30,5db5c2c0-66df-5971-f208-f75d85330fca,1777335329,0.58,30.0,yes,"{""count_fp"":""30.00"",""created_time"":""2026-04-28T00:15:29.890349Z"",""no_price_dollars"":""0.4200"",""taker_side"":""yes"",""ticker"":""KXBTC15M-26APR272030-30"",""trade_id"":""5db5c2c0-66df-5971-f208-f75d85330fca"",""yes_price_dollars"":""0.5800""}"
KXBTC15M-26APR272030-30,69bdbff6-5283-662d-e83f-8c74a25577f6,1777335329,0.58,8.37,yes,"{""count_fp"":""8.37"",""created_time"":""2026-04-28T00:15:29.855409Z"",""no_price_dollars"":""0.4200"",""taker_side"":""yes"",""ticker"":""KXBTC15M-26APR272030-30"",""trade_id"":""69bdbff6-5283-662d-e83f-8c74a25577f6"",""yes_price_dollars"":""0.5800""}"
KXBTC15M-26APR272030-30,a5d286c3-5543-6845-12f6-9c4f9e03e142,1777335329,0.58,25.0,yes,"{""count_fp"":""25.00"",""created_time"":""2026-04-28T00:15:29.695136Z"",""no_price_dollars"":""0.4200"",""taker_side"":""yes"",""ticker"":""KXBTC15M-26APR272030-30"",""trade_id"":""a5d286c3-5543-6845-12f6-9c4f9e03e142"",""yes_price_dollars"":""0.5800""}"
KXBTC15M-26APR272030-30,9b55884e-1537-67d5-c411-f9a1314f6f56,1777335329,0.58,16.0,yes,"{""count_fp"":""16.00"",""created_time"":""2026-04-28T00:15:29.485019Z"",""no_price_dollars"":""0.4200"",""taker_side"":""yes"",""ticker"":""KXBTC15M-26APR272030-30"",""trade_id"":""9b55884e-1537-67d5-c411-f9a1314f6f56"",""yes_price_dollars"":""0.5800""}"
KXBTC15M-26APR272030-30,109a7dc1-bb6b-4308-1da9-2e09a513892d,1777335329,0.57,45.92,no,"{""count_fp"":""45.92"",""created_time"":""2026-04-28T00:15:29.475954Z"",""no_price_dollars"":""0.4300"",""taker_side"":""no"",""ticker"":""KXBTC15M-26APR272030-30"",""trade_id"":""109a7dc1-bb6b-4308-1da9-2e09a513892d"",""yes_price_dollars"":""0.5700""}"
KXBTC15M-26APR272030-30,7d2d105f-bf57-5a49-9b4b-55006afd7c0e,1777335329,0.58,83.74,yes,"{""count_fp"":""83.74"",""created_time"":""2026-04-28T00:15:29.349092Z"",""no_price_dollars"":""0.4200"",""taker_side"":""yes"",""ticker"":""KXBTC15M-26APR272030-30"",""trade_id"":""7d2d105f-bf57-5a49-9b4b-55006afd7c0e"",""yes_price_dollars"":""0.5800""}"
KXBTC15M-26APR272030-30,56496f41-1227-739c-a3bd-76eeb9fc7151,1777335329,0.57,9.0,no,"{""count_fp"":""9.00"",""created_time"":""2026-04-28T00:15:29.150017Z"",""no_price_dollars"":""0.4300"",""taker_side"":""no"",""ticker"":""KXBTC15M-26APR272030-30"",""trade_id"":""56496f41-1227-739c-a3bd-76eeb9fc7151"",""yes_price_dollars"":""0.5700""}"
KXBTC15M-26APR272030-30,d3c67258-b750-6384-a1ce-7d7899379b83,1777335330,0.53,0.33,yes,"{""count_fp"":""0.33"",""created_time"":""2026-04-28T00:15:30.939208Z"",""no_price_dollars"":""0.4700"",""taker_side"":""yes"",""ticker"":""KXBTC15M-26APR272030-30"",""trade_id"":""d3c67258-b750-6384-a1ce-7d7899379b83"",""yes_price_dollars"":""0.5300""}"
KXBTC15M-26APR272030-30,90d7b0bf-61c5-665c-9869-cd15e3056597,1777335330,0.53,8.04,yes,"{""count_fp"":""8.04"",""created_time"":""2026-04-28T00:15:30.939208Z"",""no_price_dollars"":""0.4700"",""taker_side"":""yes"",""ticker"":""KXBTC15M-26APR272030-30"",""trade_id"":""90d7b0bf-61c5-665c-9869-cd15e3056597"",""yes_price_dollars"":""0.5300""}"
KXBTC15M-26APR272030-30,becaba39-c230-5d38-af4a-1e7617d7f9ff,1777335330,0.53,1.0,yes,"{""count_fp"":""1.00"",""created_time"":""2026-04-28T00:15:30.888474Z"",""no_price_dollars"":""0.4700"",""taker_side"":""yes"",""ticker"":""KXBTC15M-26APR272030-30"",""trade_id"":""becaba39-c230-5d38-af4a-1e7617d7f9ff"",""yes_price_dollars"":""0.5300""}"
KXBTC15M-26APR272030-30,49a4d86b-5ba0-7b60-da92-c4f0f0d9f1bb,1777335330,0.53,1.67,yes,"{""count_fp"":""1.67"",""created_time"":""2026-04-28T00:15:30.817229Z"",""no_price_dollars"":""0.4700"",""taker_side"":""yes"",""ticker"":""KXBTC15M-26APR272030-30"",""trade_id"":""49a4d86b-5ba0-7b60-da92-c4f0f0d9f1bb"",""yes_price_dollars"":""0.5300""}"
KXBTC15M-26APR272030-30,a2f32460-6034-745d-f5ae-10a2ed662b2e,1777335330,0.55,0.68,no,"{""count_fp"":""0.68"",""created_time"":""2026-04-28T00:15:30.608576Z"",""no_price_dollars"":""0.4500"",""taker_side"":""no"",""ticker"":""KXBTC15M-26APR272030-30"",""trade_id"":""a2f32460-6034-745d-f5ae-10a2ed662b2e"",""yes_price_dollars"":""0.5500""}"
KXBTC15M-26APR272030-30,9e64461b-8da7-4b68-a305-9f692d201f25,1777335330,0.57,133.7,no,"{""count_fp"":""133.70"",""created_time"":""2026-04-28T00:15:30.382053Z"",""no_price_dollars"":""0.4300"",""taker_side"":""no"",""ticker"":""KXBTC15M-26APR272030-30"",""trade_id"":""9e64461b-8da7-4b68-a305-9f692d201f25"",""yes_price_dollars"":""0.5700""}"
KXBTC15M-26APR272030-30,66106934-85c4-4308-8ca7-5defd7f59e96,1777335330,0.57,25.87,no,"{""count_fp"":""25.87"",""created_time"":""2026-04-28T00:15:30.382053Z"",""no_price_dollars"":""0.4300"",""taker_side"":""no"",""ticker"":""KXBTC15M-26APR272030-30"",""trade_id"":""66106934-85c4-4308-8ca7-5defd7f59e96"",""yes_price_dollars"":""0.5700""}"
KXBTC15M-26APR272030-30,db8897a6-69b3-524d-f0b5-a5e336d928fa,1777335330,0.58,20.0,yes,"{""count_fp"":""20.00"",""created_time"":""2026-04-28T00:15:30.312402Z"",""no_price_dollars"":""0.4200"",""taker_side"":""yes"",""ticker"":""KXBTC15M-26APR272030-30"",""trade_id"":""db8897a6-69b3-524d-f0b5-a5e336d928fa"",""yes_price_dollars"":""0.5800""}"
KXBTC15M-26APR272030-30,9316b635-319b-4aa4-cdbe-ee45c7635e81,1777335330,0.57,8.38,no,"{""count_fp"":""8.38"",""created_time"":""2026-04-28T00:15:30.264785Z"",""no_price_dollars"":""0.4300"",""taker_side"":""no"",""ticker"":""KXBTC15M-26APR272030-30"",""trade_id"":""9316b635-319b-4aa4-cdbe-ee45c7635e81"",""yes_price_dollars"":""0.5700""}"
KXBTC15M-26APR272030-30,c5e572af-2f33-5fad-e612-a86c2d4d492a,1777335330,0.58,34.23,yes,"{""count_fp"":""34.23"",""created_time"":""2026-04-28T00:15:30.107224Z"",""no_price_dollars"":""0.4200"",""taker_side"":""yes"",""ticker"":""KXBTC15M-26APR272030-30"",""trade_id"":""c5e572af-2f33-5fad-e612-a86c2d4d492a"",""yes_price_dollars"":""0.5800""}"
KXBTC15M-26APR272030-30,5ff58c48-0bd3-7895-c2e6-70bae4b521e6,1777335330,0.58,16.74,yes,"{""count_fp"":""16.74"",""created_time"":""2026-04-28T00:15:30.046368Z"",""no_price_dollars"":""0.4200"",""taker_side"":""yes"",""ticker"":""KXBTC15M-26APR272030-30"",""trade_id"":""5ff58c48-0bd3-7895-c2e6-70bae4b521e6"",""yes_price_dollars"":""0.5800""}"
KXBTC15M-26APR272030-30,1fd1de13-e592-62b2-38d8-b39bc88db671,1777335331,0.52,20.08,no,"{""count_fp"":""20.08"",""created_time"":""2026-04-28T00:15:31.707705Z"",""no_price_dollars"":""0.4800"",""taker_side"":""no"",""ticker"":""KXBTC15M-26APR272030-30"",""trade_id"":""1fd1de13-e592-62b2-38d8-b39bc88db671"",""yes_price_dollars"":""0.5200""}"
KXBTC15M-26APR272030-30,c78bec71-37ad-5858-39ad-b7a0c5ee533f,1777335331,0.53,1.67,yes,"{""count_fp"":""1.67"",""created_time"":""2026-04-28T00:15:31.056039Z"",""no_price_dollars"":""0.4700"",""taker_side"":""yes"",""ticker"":""KXBTC15M-26APR272030-30"",""trade_id"":""c78bec71-37ad-5858-39ad-b7a0c5ee533f"",""yes_price_dollars"":""0.5300""}"
KXBTC15M-26APR272030-30,dc73055a-64bd-4294-2d81-a98202602003,1777335332,0.53,31.05,yes,"{""count_fp"":""31.05"",""created_time"":""2026-04-28T00:15:32.921799Z"",""no_price_dollars"":""0.4700"",""taker_side"":""yes"",""ticker"":""KXBTC15M-26APR272030-30"",""trade_id"":""dc73055a-64bd-4294-2d81-a98202602003"",""yes_price_dollars"":""0.5300""}"
KXBTC15M-26APR272030-30,ceb12ff2-bc91-7334-5581-735df30ec42e,1777335332,0.52,20.1,no,"{""count_fp"":""20.10"",""created_time"":""2026-04-28T00:15:32.827163Z"",""no_price_dollars"":""0.4800"",""taker_side"":""no"",""ticker"":""KXBTC15M-26APR272030-30"",""trade_id"":""ceb12ff2-bc91-7334-5581-735df30ec42e"",""yes_price_dollars"":""0.5200""}"
KXBTC15M-26APR272030-30,fe528690-9489-6ab4-8e7e-a9d17674c21b,1777335332,0.53,9.13,yes,"{""count_fp"":""9.13"",""created_time"":""2026-04-28T00:15:32.744651Z"",""no_price_dollars"":""0.4700"",""taker_side"":""yes"",""ticker"":""KXBTC15M-26APR272030-30"",""trade_id"":""fe528690-9489-6ab4-8e7e-a9d17674c21b"",""yes_price_dollars"":""0.5300""}"
KXBTC15M-26APR272030-30,a0994300-6b79-6a54-53f6-aec2f8f1c85f,1777335332,0.53,202.27,yes,"{""count_fp"":""202.27"",""created_time"":""2026-04-28T00:15:32.528945Z"",""no_price_dollars"":""0.4700"",""taker_side"":""yes"",""ticker"":""KXBTC15M-26APR272030-30"",""trade_id"":""a0994300-6b79-6a54-53f6-aec2f8f1c85f"",""yes_price_dollars"":""0.5300""}"
KXBTC15M-26APR272030-30,35e92949-686a-5c36-3657-d2c7edc2b121,1777335332,0.52,20.1,no,"{""count_fp"":""20.10"",""created_time"":""2026-04-28T00:15:32.369001Z"",""no_price_dollars"":""0.4800"",""taker_side"":""no"",""ticker"":""KXBTC15M-26APR272030-30"",""trade_id"":""35e92949-686a-5c36-3657-d2c7edc2b121"",""yes_price_dollars"":""0.5200""}"
KXBTC15M-26APR272030-30,c5c6b362-9345-77b0-b6b8-dccc06ddd713,1777335332,0.53,12.86,yes,"{""count_fp"":""12.86"",""created_time"":""2026-04-28T00:15:32.174429Z"",""no_price_dollars"":""0.4700"",""taker_side"":""yes"",""ticker"":""KXBTC15M-26APR272030-30"",""trade_id"":""c5c6b362-9345-77b0-b6b8-dccc06ddd713"",""yes_price_dollars"":""0.5300""}"
KXBTC15M-26APR272030-30,1cddf4fc-85ee-493e-1123-d26944f50e09,1777335332,0.52,29.55,no,"{""count_fp"":""29.55"",""created_time"":""2026-04-28T00:15:32.153383Z"",""no_price_dollars"":""0.4800"",""taker_side"":""no"",""ticker"":""KXBTC15M-26APR272030-30"",""trade_id"":""1cddf4fc-85ee-493e-1123-d26944f50e09"",""yes_price_dollars"":""0.5200""}"
KXBTC15M-26APR272030-30,59bfc02a-72e9-6ed4-1224-496700d1f78b,1777335332,0.53,11.0,yes,"{""count_fp"":""11.00"",""created_time"":""2026-04-28T00:15:32.014016Z"",""no_price_dollars"":""0.4700"",""taker_side"":""yes"",""ticker"":""KXBTC15M-26APR272030-30"",""trade_id"":""59bfc02a-72e9-6ed4-1224-496700d1f78b"",""yes_price_dollars"":""0.5300""}"
KXBTC15M-26APR272030-30,3aa0a16c-fa1d-564c-7847-9c10923ecc1f,1777335332,0.53,0.16,yes,"{""count_fp"":""0.16"",""created_time"":""2026-04-28T00:15:32.007986Z"",""no_price_dollars"":""0.4700"",""taker_side"":""yes"",""ticker"":""KXBTC15M-26APR272030-30"",""trade_id"":""3aa0a16c-fa1d-564c-7847-9c10923ecc1f"",""yes_price_dollars"":""0.5300""}"
KXBTC15M-26APR272030-30,7ecfef3a-dc7d-5478-ad06-22976aac151b,1777335333,0.56,140.0,yes,"{""count_fp"":""140.00"",""created_time"":""2026-04-28T00:15:33.791019Z"",""no_price_dollars"":""0.4400"",""taker_side"":""yes"",""ticker"":""KXBTC15M-26APR272030-30"",""trade_id"":""7ecfef3a-dc7d-5478-ad06-22976aac151b"",""yes_price_dollars"":""0.5600""}"
KXBTC15M-26APR272030-30,00f4ebe3-d078-59d7-bf64-9d549e96ad76,1777335333,0.55,10.0,yes,"{""count_fp"":""10.00"",""created_time"":""2026-04-28T00:15:33.791019Z"",""no_price_dollars"":""0.4500"",""taker_side"":""yes"",""ticker"":""KXBTC15M-26APR272030-30"",""trade_id"":""00f4ebe3-d078-59d7-bf64-9d549e96ad76"",""yes_price_dollars"":""0.5500""}"
KXBTC15M-26APR272030-30,3609871b-00d1-6b11-fb87-cf402963fb40,1777335334,0.54,40.2,no,"{""count_fp"":""40.20"",""created_time"":""2026-04-28T00:15:34.889498Z"",""no_price_dollars"":""0.4600"",""taker_side"":""no"",""ticker"":""KXBTC15M-26APR272030-30"",""trade_id"":""3609871b-00d1-6b11-fb87-cf402963fb40"",""yes_price_dollars"":""0.5400""}"
KXBTC15M-26APR272030-30,2b9576cc-1dd5-7425-87f5-68fb7d0778ac,1777335334,0.54,0.61,no,"{""count_fp"":""0.61"",""created_time"":""2026-04-28T00:15:34.286399Z"",""no_price_dollars"":""0.4600"",""taker_side"":""no"",""ticker"":""KXBTC15M-26APR272030-30"",""trade_id"":""2b9576cc-1dd5-7425-87f5-68fb7d0778ac"",""yes_price_dollars"":""0.5400""}"
KXBTC15M-26APR272030-30,ba54759a-c8eb-6cd3-949f-9266d80feb8e,1777335334,0.56,34.32,yes,"{""count_fp"":""34.32"",""created_time"":""2026-04-28T00:15:34.240298Z"",""no_price_dollars"":""0.4400"",""taker_side"":""yes"",""ticker"":""KXBTC15M-26APR272030-30"",""trade_id"":""ba54759a-c8eb-6cd3-949f-9266d80feb8e"",""yes_price_dollars"":""0.5600""}"
KXBTC15M-26APR272030-30,b86a8252-eb4e-6e05-a106-3d05a52b9527,1777335334,0.55,3.0,yes,"{""count_fp"":""3.00"",""created_time"":""2026-04-28T00:15:34.240298Z"",""no_price_dollars"":""0.4500"",""taker_side"":""yes"",""ticker"":""KXBTC15M-26APR272030-30"",""trade_id"":""b86a8252-eb4e-6e05-a106-3d05a52b9527"",""yes_price_dollars"":""0.5500""}"
KXBTC15M-26APR272030-30,1f8cad25-810c-6dfe-9de4-baf4731d0ebc,1777335334,0.56,20.0,yes,"{""count_fp"":""20.00"",""created_time"":""2026-04-28T00:15:34.240298Z"",""no_price_dollars"":""0.4400"",""taker_side"":""yes"",""ticker"":""KXBTC15M-26APR272030-30"",""trade_id"":""1f8cad25-810c-6dfe-9de4-baf4731d0ebc"",""yes_price_dollars"":""0.5600""}"
KXBTC15M-26APR272030-30,b28f8418-cea5-4e49-96c5-4d345a680f40,1777335335,0.54,3.19,no,"{""count_fp"":""3.19"",""created_time"":""2026-04-28T00:15:35.985079Z"",""no_price_dollars"":""0.4600"",""taker_side"":""no"",""ticker"":""KXBTC15M-26APR272030-30"",""trade_id"":""b28f8418-cea5-4e49-96c5-4d345a680f40"",""yes_price_dollars"":""0.5400""}"
KXBTC15M-26APR272030-30,635ac234-3255-425c-a8dc-addf8b7a789e,1777335335,0.53,7.07,no,"{""count_fp"":""7.07"",""created_time"":""2026-04-28T00:15:35.985079Z"",""no_price_dollars"":""0.4700"",""taker_side"":""no"",""ticker"":""KXBTC15M-26APR272030-30"",""trade_id"":""635ac234-3255-425c-a8dc-addf8b7a789e"",""yes_price_dollars"":""0.5300""}"
KXBTC15M-26APR272030-30,efa27d17-0cb3-75b3-0dcb-6e6cc36869a2,1777335335,0.56,3.0,yes,"{""count_fp"":""3.00"",""created_time"":""2026-04-28T00:15:35.829631Z"",""no_price_dollars"":""0.4400"",""taker_side"":""yes"",""ticker"":""KXBTC15M-26APR272030-30"",""trade_id"":""efa27d17-0cb3-75b3-0dcb-6e6cc36869a2"",""yes_price_dollars"":""0.5600""}"
KXBTC15M-26APR272030-30,d6db912a-e7b4-7f38-30ee-8720fc02b325,1777335335,0.56,11.0,yes,"{""count_fp"":""11.00"",""created_time"":""2026-04-28T00:15:35.829631Z"",""no_price_dollars"":""0.4400"",""taker_side"":""yes"",""ticker"":""KXBTC15M-26APR272030-30"",""trade_id"":""d6db912a-e7b4-7f38-30ee-8720fc02b325"",""yes_price_dollars"":""0.5600""}"
KXBTC15M-26APR272030-30,8e8a912d-de4c-7fa3-0f18-f4734bb2b675,1777335335,0.56,29.49,yes,"{""count_fp"":""29.49"",""created_time"":""2026-04-28T00:15:35.829631Z"",""no_price_dollars"":""0.4400"",""taker_side"":""yes"",""ticker"":""KXBTC15M-26APR272030-30"",""trade_id"":""8e8a912d-de4c-7fa3-0f18-f4734bb2b675"",""yes_price_dollars"":""0.5600""}"
KXBTC15M-26APR272030-30,5466d9b7-7c24-7c0c-05de-733271f2f3e2,1777335335,0.56,11.51,yes,"{""count_fp"":""11.51"",""created_time"":""2026-04-28T00:15:35.829631Z"",""no_price_dollars"":""0.4400"",""taker_side"":""yes"",""ticker"":""KXBTC15M-26APR272030-30"",""trade_id"":""5466d9b7-7c24-7c0c-05de-733271f2f3e2"",""yes_price_dollars"":""0.5600""}"
KXBTC15M-26APR272030-30,4cc34f77-8958-4a54-6d33-d350d7178cc6,1777335335,0.56,8.0,yes,"{""count_fp"":""8.00"",""created_time"":""2026-04-28T00:15:35.576446Z"",""no_price_dollars"":""0.4400"",""taker_side"":""yes"",""ticker"":""KXBTC15M-26APR272030-30"",""trade_id"":""4cc34f77-8958-4a54-6d33-d350d7178cc6"",""yes_price_dollars"":""0.5600""}"
KXBTC15M-26APR272030-30,fd12b8c9-812f-759f-8297-bad397d96152,1777335335,0.56,365.68,yes,"{""count_fp"":""365.68"",""created_time"":""2026-04-28T00:15:35.435962Z"",""no_price_dollars"":""0.4400"",""taker_side"":""yes"",""ticker"":""KXBTC15M-26APR272030-30"",""trade_id"":""fd12b8c9-812f-759f-8297-bad397d96152"",""yes_price_dollars"":""0.5600""}"
KXBTC15M-26APR272030-30,979e2ee1-92d3-714f-82b3-373548b61bb1,1777335335,0.56,500.0,yes,"{""count_fp"":""500.00"",""created_time"":""2026-04-28T00:15:35.435962Z"",""no_price_dollars"":""0.4400"",""taker_side"":""yes"",""ticker"":""KXBTC15M-26APR272030-30"",""trade_id"":""979e2ee1-92d3-714f-82b3-373548b61bb1"",""yes_price_dollars"":""0.5600""}"
KXBTC15M-26APR272030-30,7b7e3754-360c-7fd8-b8d5-bfc186c1b1f2,1777335335,0.56,0.49,yes,"{""count_fp"":""0.49"",""created_time"":""2026-04-28T00:15:35.435962Z"",""no_price_dollars"":""0.4400"",""taker_side"":""yes"",""ticker"":""KXBTC15M-26APR272030-30"",""trade_id"":""7b7e3754-360c-7fd8-b8d5-bfc186c1b1f2"",""yes_price_dollars"":""0.5600""}"
KXBTC15M-26APR272030-30,553d5260-a211-559c-3124-393209f66032,1777335336,0.53,14.0,no,"{""count_fp"":""14.00"",""created_time"":""2026-04-28T00:15:36.610803Z"",""no_price_dollars"":""0.4700"",""taker_side"":""no"",""ticker"":""KXBTC15M-26APR272030-30"",""trade_id"":""553d5260-a211-559c-3124-393209f66032"",""yes_price_dollars"":""0.5300""}"
KXBTC15M-26APR272030-30,fa7a0fc1-b17c-7cdb-b77a-afcfcabce0a6,1777335336,0.54,1.76,yes,"{""count_fp"":""1.76"",""created_time"":""2026-04-28T00:15:36.448829Z"",""no_price_dollars"":""0.4600"",""taker_side"":""yes"",""ticker"":""KXBTC15M-26APR272030-30"",""trade_id"":""fa7a0fc1-b17c-7cdb-b77a-afcfcabce0a6"",""yes_price_dollars"":""0.5400""}"
KXBTC15M-26APR272030-30,b69e3d8c-356c-6b75-92b1-347da0a1b425,1777335336,0.54,15.0,yes,"{""count_fp"":""15.00"",""created_time"":""2026-04-28T00:15:36.289708Z"",""no_price_dollars"":""0.4600"",""taker_side"":""yes"",""ticker"":""KXBTC15M-26APR272030-30"",""trade_id"":""b69e3d8c-356c-6b75-92b1-347da0a1b425"",""yes_price_dollars"":""0.5400""}"
KXBTC15M-26APR272030-30,3971a8d8-bdd0-6cd3-970a-35ed86264482,1777335336,0.54,5.0,yes,"{""count_fp"":""5.00"",""created_time"":""2026-04-28T00:15:36.289708Z"",""no_price_dollars"":""0.4600"",""taker_side"":""yes"",""ticker"":""KXBTC15M-26APR272030-30"",""trade_id"":""3971a8d8-bdd0-6cd3-970a-35ed86264482"",""yes_price_dollars"":""0.5400""}"
KXBTC15M-26APR272030-30,f6438ca0-6a61-62f0-0c49-6b79600bb0aa,1777335336,0.53,68.97,no,"{""count_fp"":""68.97"",""created_time"":""2026-04-28T00:15:36.185968Z"",""no_price_dollars"":""0.4700"",""taker_side"":""no"",""ticker"":""KXBTC15M-26APR272030-30"",""trade_id"":""f6438ca0-6a61-62f0-0c49-6b79600bb0aa"",""yes_price_dollars"":""0.5300""}"
KXBTC15M-26APR272030-30,f5579d0b-9bdc-6404-3418-665c0d990e8d,1777335337,0.56,25.61,yes,"{""count_fp"":""25.61"",""created_time"":""2026-04-28T00:15:37.954569Z"",""no_price_dollars"":""0.4400"",""taker_side"":""yes"",""ticker"":""KXBTC15M-26APR272030-30"",""trade_id"":""f5579d0b-9bdc-6404-3418-665c0d990e8d"",""yes_price_dollars"":""0.5600""}"
KXBTC15M-26APR272030-30,d32b83ef-53a0-645b-1269-6c549ca7684a,1777335337,0.54,5.24,yes,"{""count_fp"":""5.24"",""created_time"":""2026-04-28T00:15:37.954569Z"",""no_price_dollars"":""0.4600"",""taker_side"":""yes"",""ticker"":""KXBTC15M-26APR272030-30"",""trade_id"":""d32b83ef-53a0-645b-1269-6c549ca7684a"",""yes_price_dollars"":""0.5400""}"
KXBTC15M-26APR272030-30,60dd9b52-0624-6bc2-2940-6651aa170d2c,1777335337,0.56,0.49,yes,"{""count_fp"":""0.49"",""created_time"":""2026-04-28T00:15:37.954569Z"",""no_price_dollars"":""0.4400"",""taker_side"":""yes"",""ticker"":""KXBTC15M-26APR272030-30"",""trade_id"":""60dd9b52-0624-6bc2-2940-6651aa170d2c"",""yes_price_dollars"":""0.5600""}"
KXBTC15M-26APR272030-30,308202c2-0e51-41e4-f2d6-4eb41d7d24aa,1777335337,0.53,6.0,no,"{""count_fp"":""6.00"",""created_time"":""2026-04-28T00:15:37.741789Z"",""no_price_dollars"":""0.4700"",""taker_side"":""no"",""ticker"":""KXBTC15M-26APR272030-30"",""trade_id"":""308202c2-0e51-41e4-f2d6-4eb41d7d24aa"",""yes_price_dollars"":""0.5300""}"
KXBTC15M-26APR272030-30,9b40cc03-93a5-64c8-cf78-68e2f13a0a2e,1777335337,0.53,60.3,no,"{""count_fp"":""60.30"",""created_time"":""2026-04-28T00:15:37.125085Z"",""no_price_dollars"":""0.4700"",""taker_side"":""no"",""ticker"":""KXBTC15M-26APR272030-30"",""trade_id"":""9b40cc03-93a5-64c8-cf78-68e2f13a0a2e"",""yes_price_dollars"":""0.5300""}"
KXBTC15M-26APR272030-30,a68798de-2a09-479e-d97c-3e65693ca831,1777335338,0.55,2.0,yes,"{""count_fp"":""2.00"",""created_time"":""2026-04-28T00:15:38.958761Z"",""no_price_dollars"":""0.4500"",""taker_side"":""yes"",""ticker"":""KXBTC15M-26APR272030-30"",""trade_id"":""a68798de-2a09-479e-d97c-3e65693ca831"",""yes_price_dollars"":""0.5500""}"
KXBTC15M-26APR272030-30,c8c6a821-fc1e-6052-dca6-a189ac60870e,1777335338,0.54,3.0,no,"{""count_fp"":""3.00"",""created_time"":""2026-04-28T00:15:38.841871Z"",""no_price_dollars"":""0.4600"",""taker_side"":""no"",""ticker"":""KXBTC15M-26APR272030-30"",""trade_id"":""c8c6a821-fc1e-6052-dca6-a189ac60870e"",""yes_price_dollars"":""0.5400""}"
KXBTC15M-26APR272030-30,bfa16a22-a575-6320-d2a0-78f164eb1b5a,1777335338,0.54,2.12,no,"{""count_fp"":""2.12"",""created_time"":""2026-04-28T00:15:38.841871Z"",""no_price_dollars"":""0.4600"",""taker_side"":""no"",""ticker"":""KXBTC15M-26APR272030-30"",""trade_id"":""bfa16a22-a575-6320-d2a0-78f164eb1b5a"",""yes_price_dollars"":""0.5400""}"
KXBTC15M-26APR272030-30,d9d4b65d-383b-4128-db81-c050ee26b164,1777335338,0.55,10.0,yes,"{""count_fp"":""10.00"",""created_time"":""2026-04-28T00:15:38.661763Z"",""no_price_dollars"":""0.4500"",""taker_side"":""yes"",""ticker"":""KXBTC15M-26APR272030-30"",""trade_id"":""d9d4b65d-383b-4128-db81-c050ee26b164"",""yes_price_dollars"":""0.5500""}"
KXBTC15M-26APR272030-30,78e365e2-01e8-4120-fe70-f7cd1863b882,1777335338,0.55,10.0,yes,"{""count_fp"":""10.00"",""created_time"":""2026-04-28T00:15:38.661763Z"",""no_price_dollars"":""0.4500"",""taker_side"":""yes"",""ticker"":""KXBTC15M-26APR272030-30"",""trade_id"":""78e365e2-01e8-4120-fe70-f7cd1863b882"",""yes_price_dollars"":""0.5500""}"
KXBTC15M-26APR272030-30,10730e29-4079-4f7e-ca72-bd101d481b45,1777335338,0.55,80.0,yes,"{""count_fp"":""80.00"",""created_time"":""2026-04-28T00:15:38.661763Z"",""no_price_dollars"":""0.4500"",""taker_side"":""yes"",""ticker"":""KXBTC15M-26APR272030-30"",""trade_id"":""10730e29-4079-4f7e-ca72-bd101d481b45"",""yes_price_dollars"":""0.5500""}"
KXBTC15M-26APR272030-30,ecfb77bb-e919-6404-d67b-d0d55b685516,1777335338,0.53,3.15,no,"{""count_fp"":""3.15"",""created_time"":""2026-04-28T00:15:38.380343Z"",""no_price_dollars"":""0.4700"",""taker_side"":""no"",""ticker"":""KXBTC15M-26APR272030-30"",""trade_id"":""ecfb77bb-e919-6404-d67b-d0d55b685516"",""yes_price_dollars"":""0.5300""}"
KXBTC15M-26APR272030-30,ced316d4-98f1-6ca8-dd41-a1d3fb23332f,1777335338,0.54,3.0,no,"{""count_fp"":""3.00"",""created_time"":""2026-04-28T00:15:38.380343Z"",""no_price_dollars"":""0.4600"",""taker_side"":""no"",""ticker"":""KXBTC15M-26APR272030-30"",""trade_id"":""ced316d4-98f1-6ca8-dd41-a1d3fb23332f"",""yes_price_dollars"":""0.5400""}"
KXBTC15M-26APR272030-30,bb9ee9e0-4c4b-4cee-256b-81dc3e2a88da,1777335339,0.54,2.12,no,"{""count_fp"":""2.12"",""created_time"":""2026-04-28T00:15:39.993671Z"",""no_price_dollars"":""0.4600"",""taker_side"":""no"",""ticker"":""KXBTC15M-26APR272030-30"",""trade_id"":""bb9ee9e0-4c4b-4cee-256b-81dc3e2a88da"",""yes_price_dollars"":""0.5400""}"
KXBTC15M-26APR272030-30,875bb400-3556-4525-2066-19c335553fc2,1777335339,0.53,8.13,no,"{""count_fp"":""8.13"",""created_time"":""2026-04-28T00:15:39.993671Z"",""no_price_dollars"":""0.4700"",""taker_side"":""no"",""ticker"":""KXBTC15M-26APR272030-30"",""trade_id"":""875bb400-3556-4525-2066-19c335553fc2"",""yes_price_dollars"":""0.5300""}"
KXBTC15M-26APR272030-30,67009fd0-cf70-5580-fd32-408da408dcd9,1777335339,0.55,1.76,yes,"{""count_fp"":""1.76"",""created_time"":""2026-04-28T00:15:39.983684Z"",""no_price_dollars"":""0.4500"",""taker_side"":""yes"",""ticker"":""KXBTC15M-26APR272030-30"",""trade_id"":""67009fd0-cf70-5580-fd32-408da408dcd9"",""yes_price_dollars"":""0.5500""}"
KXBTC15M-26APR272030-30,d90fce36-2df9-6e20-e21e-6a4d8d19da0e,1777335339,0.53,5.0,no,"{""count_fp"":""5.00"",""created_time"":""2026-04-28T00:15:39.774639Z"",""no_price_dollars"":""0.4700"",""taker_side"":""no"",""ticker"":""KXBTC15M-26APR272030-30"",""trade_id"":""d90fce36-2df9-6e20-e21e-6a4d8d19da0e"",""yes_price_dollars"":""0.5300""}"
KXBTC15M-26APR272030-30,dfc6421e-5f43-5c3d-96fc-f4728de4962d,1777335339,0.54,20.0,no,"{""count_fp"":""20.00"",""created_time"":""2026-04-28T00:15:39.761088Z"",""no_price_dollars"":""0.4600"",""taker_side"":""no"",""ticker"":""KXBTC15M-26APR272030-30"",""trade_id"":""dfc6421e-5f43-5c3d-96fc-f4728de4962d"",""yes_price_dollars"":""0.5400""}"
KXBTC15M-26APR272030-30,bd76dd6a-d2dd-5888-89a0-1ac1029a97ae,1777335339,0.53,21.07,no,"{""count_fp"":""21.07"",""created_time"":""2026-04-28T00:15:39.761088Z"",""no_price_dollars"":""0.4700"",""taker_side"":""no"",""ticker"":""KXBTC15M-26APR272030-30"",""trade_id"":""bd76dd6a-d2dd-5888-89a0-1ac1029a97ae"",""yes_price_dollars"":""0.5300""}"
KXBTC15M-26APR272030-30,277f2f28-29db-4245-963c-41db0c390095,1777335339,0.55,4.0,yes,"{""count_fp"":""4.00"",""created_time"":""2026-04-28T00:15:39.581974Z"",""no_price_dollars"":""0.4500"",""taker_side"":""yes"",""ticker"":""KXBTC15M-26APR272030-30"",""trade_id"":""277f2f28-29db-4245-963c-41db0c390095"",""yes_price_dollars"":""0.5500""}"
KXBTC15M-26APR272030-30,a6a9c206-2257-59a5-b41f-b3abb7573c0d,1777335339,0.55,16.74,yes,"{""count_fp"":""16.74"",""created_time"":""2026-04-28T00:15:39.475624Z"",""no_price_dollars"":""0.4500"",""taker_side"":""yes"",""ticker"":""KXBTC15M-26APR272030-30"",""trade_id"":""a6a9c206-2257-59a5-b41f-b3abb7573c0d"",""yes_price_dollars"":""0.5500""}"
KXBTC15M-26APR272030-30,b83f2776-3ee1-5f88-4c11-a3b5dde0eff6,1777335339,0.53,10.25,no,"{""count_fp"":""10.25"",""created_time"":""2026-04-28T00:15:39.346379Z"",""no_price_dollars"":""0.4700"",""taker_side"":""no"",""ticker"":""KXBTC15M-26APR272030-30"",""trade_id"":""b83f2776-3ee1-5f88-4c11-a3b5dde0eff6"",""yes_price_dollars"":""0.5300""}"
KXBTC15M-26APR272030-30,ee238b98-63d0-5cff-91a4-fbd4966a9e87,1777335339,0.54,3.0,no,"{""count_fp"":""3.00"",""created_time"":""2026-04-28T00:15:39.057949Z"",""no_price_dollars"":""0.4600"",""taker_side"":""no"",""ticker"":""KXBTC15M-26APR272030-30"",""trade_id"":""ee238b98-63d0-5cff-91a4-fbd4966a9e87"",""yes_price_dollars"":""0.5400""}"
KXBTC15M-26APR272030-30,9364b952-2e65-5aac-812f-e3aa417166f2,1777335339,0.53,18.14,no,"{""count_fp"":""18.14"",""created_time"":""2026-04-28T00:15:39.057949Z"",""no_price_dollars"":""0.4700"",""taker_side"":""no"",""ticker"":""KXBTC15M-26APR272030-30"",""trade_id"":""9364b952-2e65-5aac-812f-e3aa417166f2"",""yes_price_dollars"":""0.5300""}"
KXBTC15M-26APR272030-30,03f31f17-64a9-53f0-b7a8-eba0e55bb91a,1777335339,0.54,5.76,no,"{""count_fp"":""5.76"",""created_time"":""2026-04-28T00:15:39.057949Z"",""no_price_dollars"":""0.4600"",""taker_side"":""no"",""ticker"":""KXBTC15M-26APR272030-30"",""trade_id"":""03f31f17-64a9-53f0-b7a8-eba0e55bb91a"",""yes_price_dollars"":""0.5400""}"
KXBTC15M-26APR272030-30,fc5b3035-eb28-4749-efaf-4a4423e322ce,1777335340,0.54,0.25,no,"{""count_fp"":""0.25"",""created_time"":""2026-04-28T00:15:40.999419Z"",""no_price_dollars"":""0.4600"",""taker_side"":""no"",""ticker"":""KXBTC15M-26APR272030-30"",""trade_id"":""fc5b3035-eb28-4749-efaf-4a4423e322ce"",""yes_price_dollars"":""0.5400""}"
KXBTC15M-26APR272030-30,21a64f35-0cd5-44f7-dfe3-a1f476540418,1777335340,0.54,10.0,no,"{""count_fp"":""10.00"",""created_time"":""2026-04-28T00:15:40.999419Z"",""no_price_dollars"":""0.4600"",""taker_side"":""no"",""ticker"":""KXBTC15M-26APR272030-30"",""trade_id"":""21a64f35-0cd5-44f7-dfe3-a1f476540418"",""yes_price_dollars"":""0.5400""}"
KXBTC15M-26APR272030-30,c8362943-82e0-624d-c357-f559f3912c5e,1777335340,0.54,31.0,no,"{""count_fp"":""31.00"",""created_time"":""2026-04-28T00:15:40.608797Z"",""no_price_dollars"":""0.4600"",""taker_side"":""no"",""ticker"":""KXBTC15M-26APR272030-30"",""trade_id"":""c8362943-82e0-624d-c357-f559f3912c5e"",""yes_price_dollars"":""0.5400""}"
KXBTC15M-26APR272030-30,3c7ca78e-0cff-6fda-db4d-6e043dccc0cb,1777335340,0.55,0.91,no,"{""count_fp"":""0.91"",""created_time"":""2026-04-28T00:15:40.608797Z"",""no_price_dollars"":""0.4500"",""taker_side"":""no"",""ticker"":""KXBTC15M-26APR272030-30"",""trade_id"":""3c7ca78e-0cff-6fda-db4d-6e043dccc0cb"",""yes_price_dollars"":""0.5500""}"
KXBTC15M-26APR272030-30,002d26ee-4b02-6f11-e11a-5025f0bce126,1777335340,0.53,19.37,no,"{""count_fp"":""19.37"",""created_time"":""2026-04-28T00:15:40.608797Z"",""no_price_dollars"":""0.4700"",""taker_side"":""no"",""ticker"":""KXBTC15M-26APR272030-30"",""trade_id"":""002d26ee-4b02-6f11-e11a-5025f0bce126"",""yes_price_dollars"":""0.5300""}"
KXBTC15M-26APR272030-30,7087b4a7-184b-79f6-b9e5-720d92720aaf,1777335340,0.55,2.09,no,"{""count_fp"":""2.09"",""created_time"":""2026-04-28T00:15:40.517589Z"",""no_price_dollars"":""0.4500"",""taker_side"":""no"",""ticker"":""KXBTC15M-26APR272030-30"",""trade_id"":""7087b4a7-184b-79f6-b9e5-720d92720aaf"",""yes_price_dollars"":""0.5500""}"
KXBTC15M-26APR272030-30,1a5924dd-7746-4ed2-4756-4bda58f621dd,1777335340,0.55,9.0,yes,"{""count_fp"":""9.00"",""created_time"":""2026-04-28T00:15:40.368367Z"",""no_price_dollars"":""0.4500"",""taker_side"":""yes"",""ticker"":""KXBTC15M-26APR272030-30"",""trade_id"":""1a5924dd-7746-4ed2-4756-4bda58f621dd"",""yes_price_dollars"":""0.5500""}"
KXBTC15M-26APR272030-30,e9b2ff48-2104-7895-a66e-25214e54a2bb,1777335341,0.57,3.39,yes,"{""count_fp"":""3.39"",""created_time"":""2026-04-28T00:15:41.923571Z"",""no_price_dollars"":""0.4300"",""taker_side"":""yes"",""ticker"":""KXBTC15M-26APR272030-30"",""trade_id"":""e9b2ff48-2104-7895-a66e-25214e54a2bb"",""yes_price_dollars"":""0.5700""}"
KXBTC15M-26APR272030-30,de98f011-024b-60e4-8bf0-1a217fea3f64,1777335341,0.56,10.0,no,"{""count_fp"":""10.00"",""created_time"":""2026-04-28T00:15:41.397246Z"",""no_price_dollars"":""0.4400"",""taker_side"":""no"",""ticker"":""KXBTC15M-26APR272030-30"",""trade_id"":""de98f011-024b-60e4-8bf0-1a217fea3f64"",""yes_price_dollars"":""0.5600""}"
KXBTC15M-26APR272030-30,167b9ac4-2331-6b59-91d5-6de72ebdd91a,1777335341,0.55,10.51,no,"{""count_fp"":""10.51"",""created_time"":""2026-04-28T00:15:41.397246Z"",""no_price_dollars"":""0.4500"",""taker_side"":""no"",""ticker"":""KXBTC15M-26APR272030-30"",""trade_id"":""167b9ac4-2331-6b59-91d5-6de72ebdd91a"",""yes_price_dollars"":""0.5500""}"
KXBTC15M-26APR272030-30,c2b450ae-2fe0-7cb0-0d80-bcc7312ce8e3,1777335342,0.56,5.25,no,"{""count_fp"":""5.25"",""created_time"":""2026-04-28T00:15:42.997631Z"",""no_price_dollars"":""0.4400"",""taker_side"":""no"",""ticker"":""KXBTC15M-26APR272030-30"",""trade_id"":""c2b450ae-2fe0-7cb0-0d80-bcc7312ce8e3"",""yes_price_dollars"":""0.5600""}"
KXBTC15M-26APR272030-30,6880f288-335c-7e48-3374-34ceb947c304,1777335342,0.56,3.0,no,"{""count_fp"":""3.00"",""created_time"":""2026-04-28T00:15:42.997631Z"",""no_price_dollars"":""0.4400"",""taker_side"":""no"",""ticker"":""KXBTC15M-26APR272030-30"",""trade_id"":""6880f288-335c-7e48-3374-34ceb947c304"",""yes_price_dollars"":""0.5600""}"
KXBTC15M-26APR272030-30,ae9cf41c-6fb8-5d01-47ec-c0ac0c7ea93f,1777335342,0.57,18.73,yes,"{""count_fp"":""18.73"",""created_time"":""2026-04-28T00:15:42.379675Z"",""no_price_dollars"":""0.4300"",""taker_side"":""yes"",""ticker"":""KXBTC15M-26APR272030-30"",""trade_id"":""ae9cf41c-6fb8-5d01-47ec-c0ac0c7ea93f"",""yes_price_dollars"":""0.5700""}"
KXBTC15M-26APR272030-30,5cd41c59-ba35-76aa-9a45-7eed9b97e69b,1777335342,0.56,20.0,no,"{""count_fp"":""20.00"",""created_time"":""2026-04-28T00:15:42.115804Z"",""no_price_dollars"":""0.4400"",""taker_side"":""no"",""ticker"":""KXBTC15M-26APR272030-30"",""trade_id"":""5cd41c59-ba35-76aa-9a45-7eed9b97e69b"",""yes_price_dollars"":""0.5600""}"
KXBTC15M-26APR272030-30,1345639b-5f0d-7230-ae79-e3da846ace76,1777335342,0.55,7.77,no,"{""count_fp"":""7.77"",""created_time"":""2026-04-28T00:15:42.115804Z"",""no_price_dollars"":""0.4500"",""taker_side"":""no"",""ticker"":""KXBTC15M-26APR272030-30"",""trade_id"":""1345639b-5f0d-7230-ae79-e3da846ace76"",""yes_price_dollars"":""0.5500""}"
KXBTC15M-26APR272030-30,0bf34e06-1b10-79fe-87b8-a47ee0a4a379,1777335342,0.56,3.0,no,"{""count_fp"":""3.00"",""created_time"":""2026-04-28T00:15:42.115804Z"",""no_price_dollars"":""0.4400"",""taker_side"":""no"",""ticker"":""KXBTC15M-26APR272030-30"",""trade_id"":""0bf34e06-1b10-79fe-87b8-a47ee0a4a379"",""yes_price_dollars"":""0.5600""}"
KXBTC15M-26APR272030-30,b4b375b3-f14f-4e75-d529-cd20bfe5ade9,1777335343,0.56,4.1,no,"{""count_fp"":""4.10"",""created_time"":""2026-04-28T00:15:43.750046Z"",""no_price_dollars"":""0.4400"",""taker_side"":""no"",""ticker"":""KXBTC15M-26APR272030-30"",""trade_id"":""b4b375b3-f14f-4e75-d529-cd20bfe5ade9"",""yes_price_dollars"":""0.5600""}"
KXBTC15M-26APR272030-30,9637320b-ae58-7cd5-9d0e-1829da3cbe0b,1777335343,0.57,5.96,yes,"{""count_fp"":""5.96"",""created_time"":""2026-04-28T00:15:43.559175Z"",""no_price_dollars"":""0.4300"",""taker_side"":""yes"",""ticker"":""KXBTC15M-26APR272030-30"",""trade_id"":""9637320b-ae58-7cd5-9d0e-1829da3cbe0b"",""yes_price_dollars"":""0.5700""}"
KXBTC15M-26APR272030-30,6d53f30b-4e60-67d4-6a7b-97988f9af5bf,1777335343,0.56,2.18,no,"{""count_fp"":""2.18"",""created_time"":""2026-04-28T00:15:43.099503Z"",""no_price_dollars"":""0.4400"",""taker_side"":""no"",""ticker"":""KXBTC15M-26APR272030-30"",""trade_id"":""6d53f30b-4e60-67d4-6a7b-97988f9af5bf"",""yes_price_dollars"":""0.5600""}"
KXBTC15M-26APR272030-30,c93d7557-2618-611c-323f-e759014fb713,1777335343,0.56,21.86,no,"{""count_fp"":""21.86"",""created_time"":""2026-04-28T00:15:43.079053Z"",""no_price_dollars"":""0.4400"",""taker_side"":""no"",""ticker"":""KXBTC15M-26APR272030-30"",""trade_id"":""c93d7557-2618-611c-323f-e759014fb713"",""yes_price_dollars"":""0.5600""}"
KXBTC15M-26APR272030-30,4ab26a87-7d00-4585-8e8d-8a5b6ccc8d5f,1777335343,0.57,6.81,yes,"{""count_fp"":""6.81"",""created_time"":""2026-04-28T00:15:43.074654Z"",""no_price_dollars"":""0.4300"",""taker_side"":""yes"",""ticker"":""KXBTC15M-26APR272030-30"",""trade_id"":""4ab26a87-7d00-4585-8e8d-8a5b6ccc8d5f"",""yes_price_dollars"":""0.5700""}"
KXBTC15M-26APR272030-30,deff9fec-53f9-72de-742e-37275904c12a,1777335344,0.57,3.46,yes,"{""count_fp"":""3.46"",""created_time"":""2026-04-28T00:15:44.727094Z"",""no_price_dollars"":""0.4300"",""taker_side"":""yes"",""ticker"":""KXBTC15M-26APR272030-30"",""trade_id"":""deff9fec-53f9-72de-742e-37275904c12a"",""yes_price_dollars"":""0.5700""}"
KXBTC15M-26APR272030-30,ca536adb-2755-40de-dace-0bed1fd00146,1777335344,0.57,5.54,yes,"{""count_fp"":""5.54"",""created_time"":""2026-04-28T00:15:44.571461Z"",""no_price_dollars"":""0.4300"",""taker_side"":""yes"",""ticker"":""KXBTC15M-26APR272030-30"",""trade_id"":""ca536adb-2755-40de-dace-0bed1fd00146"",""yes_price_dollars"":""0.5700""}"
KXBTC15M-26APR272030-30,c3fa8da9-ac80-41a4-d922-7ede27e7a1bb,1777335344,0.57,1.0,yes,"{""count_fp"":""1.00"",""created_time"":""2026-04-28T00:15:44.571461Z"",""no_price_dollars"":""0.4300"",""taker_side"":""yes"",""ticker"":""KXBTC15M-26APR272030-30"",""trade_id"":""c3fa8da9-ac80-41a4-d922-7ede27e7a1bb"",""yes_price_dollars"":""0.5700""}"
KXBTC15M-26APR272030-30,b3b1386a-7c72-4811-e199-b4d30a0c5613,1777335344,0.57,1.41,yes,"{""count_fp"":""1.41"",""created_time"":""2026-04-28T00:15:44.571461Z"",""no_price_dollars"":""0.4300"",""taker_side"":""yes"",""ticker"":""KXBTC15M-26APR272030-30"",""trade_id"":""b3b1386a-7c72-4811-e199-b4d30a0c5613"",""yes_price_dollars"":""0.5700""}"
KXBTC15M-26APR272030-30,8cb2b3e6-5ad2-4199-fb47-d0cbba71968c,1777335344,0.57,1.0,yes,"{""count_fp"":""1.00"",""created_time"":""2026-04-28T00:15:44.571461Z"",""no_price_dollars"":""0.4300"",""taker_side"":""yes"",""ticker"":""KXBTC15M-26APR272030-30"",""trade_id"":""8cb2b3e6-5ad2-4199-fb47-d0cbba71968c"",""yes_price_dollars"":""0.5700""}"
KXBTC15M-26APR272030-30,7d2f1a0c-a488-4499-f8cd-f986113ac817,1777335344,0.57,2.0,yes,"{""count_fp"":""2.00"",""created_time"":""2026-04-28T00:15:44.571461Z"",""no_price_dollars"":""0.4300"",""taker_side"":""yes"",""ticker"":""KXBTC15M-26APR272030-30"",""trade_id"":""7d2f1a0c-a488-4499-f8cd-f986113ac817"",""yes_price_dollars"":""0.5700""}"
KXBTC15M-26APR272030-30,2d7247be-ad58-4b2d-ce5f-2285831ae023,1777335344,0.57,23.11,yes,"{""count_fp"":""23.11"",""created_time"":""2026-04-28T00:15:44.571461Z"",""no_price_dollars"":""0.4300"",""taker_side"":""yes"",""ticker"":""KXBTC15M-26APR272030-30"",""trade_id"":""2d7247be-ad58-4b2d-ce5f-2285831ae023"",""yes_price_dollars"":""0.5700""}"
KXBTC15M-26APR272030-30,f39ea7d4-5bac-463f-c528-aceb286f10ff,1777335344,0.56,3.0,no,"{""count_fp"":""3.00"",""created_time"":""2026-04-28T00:15:44.487712Z"",""no_price_dollars"":""0.4400"",""taker_side"":""no"",""ticker"":""KXBTC15M-26APR272030-30"",""trade_id"":""f39ea7d4-5bac-463f-c528-aceb286f10ff"",""yes_price_dollars"":""0.5600""}"
KXBTC15M-26APR272030-30,c9cf96f9-9e27-44f9-f22a-c1bcc089d66d,1777335344,0.56,8.99,no,"{""count_fp"":""8.99"",""created_time"":""2026-04-28T00:15:44.487712Z"",""no_price_dollars"":""0.4400"",""taker_side"":""no"",""ticker"":""KXBTC15M-26APR272030-30"",""trade_id"":""c9cf96f9-9e27-44f9-f22a-c1bcc089d66d"",""yes_price_dollars"":""0.5600""}"
KXBTC15M-26APR272030-30,bcd1d9cd-fef7-48ba-d834-6444d7132c5f,1777335344,0.56,3.31,no,"{""count_fp"":""3.31"",""created_time"":""2026-04-28T00:15:44.487712Z"",""no_price_dollars"":""0.4400"",""taker_side"":""no"",""ticker"":""KXBTC15M-26APR272030-30"",""trade_id"":""bcd1d9cd-fef7-48ba-d834-6444d7132c5f"",""yes_price_dollars"":""0.5600""}"
KXBTC15M-26APR272030-30,6d9b6723-b827-5f41-ea5e-853ff6d6ef89,1777335344,0.56,6.91,no,"{""count_fp"":""6.91"",""created_time"":""2026-04-28T00:15:44.335449Z"",""no_price_dollars"":""0.4400"",""taker_side"":""no"",""ticker"":""KXBTC15M-26APR272030-30"",""trade_id"":""6d9b6723-b827-5f41-ea5e-853ff6d6ef89"",""yes_price_dollars"":""0.5600""}"
KXBTC15M-26APR272030-30,40a91e3d-2aa6-45c0-339b-fdfce3dfb41c,1777335345,0.58,33.31,yes,"{""count_fp"":""33.31"",""created_time"":""2026-04-28T00:15:45.811195Z"",""no_price_dollars"":""0.4200"",""taker_side"":""yes"",""ticker"":""KXBTC15M-26APR272030-30"",""trade_id"":""40a91e3d-2aa6-45c0-339b-fdfce3dfb41c"",""yes_price_dollars"":""0.5800""}"
KXBTC15M-26APR272030-30,359380aa-d396-487c-3168-276360faf484,1777335345,0.58,2.77,yes,"{""count_fp"":""2.77"",""created_time"":""2026-04-28T00:15:45.783418Z"",""no_price_dollars"":""0.4200"",""taker_side"":""yes"",""ticker"":""KXBTC15M-26APR272030-30"",""trade_id"":""359380aa-d396-487c-3168-276360faf484"",""yes_price_dollars"":""0.5800""}"
KXBTC15M-26APR272030-30,ca793355-0b79-5204-5171-39441f78f29a,1777335345,0.55,10.0,no,"{""count_fp"":""10.00"",""created_time"":""2026-04-28T00:15:45.673662Z"",""no_price_dollars"":""0.4500"",""taker_side"":""no"",""ticker"":""KXBTC15M-26APR272030-30"",""trade_id"":""ca793355-0b79-5204-5171-39441f78f29a"",""yes_price_dollars"":""0.5500""}"
KXBTC15M-26APR272030-30,708558e9-2f82-681d-6d42-28a952da953a,1777335345,0.56,0.51,no,"{""count_fp"":""0.51"",""created_time"":""2026-04-28T00:15:45.627746Z"",""no_price_dollars"":""0.4400"",""taker_side"":""no"",""ticker"":""KXBTC15M-26APR272030-30"",""trade_id"":""708558e9-2f82-681d-6d42-28a952da953a"",""yes_price_dollars"":""0.5600""}"
KXBTC15M-26APR272030-30,0af2488b-bf25-6ca8-537c-25fa2c353a9f,1777335345,0.56,20.0,no,"{""count_fp"":""20.00"",""created_time"":""2026-04-28T00:15:45.627746Z"",""no_price_dollars"":""0.4400"",""taker_side"":""no"",""ticker"":""KXBTC15M-26APR272030-30"",""trade_id"":""0af2488b-bf25-6ca8-537c-25fa2c353a9f"",""yes_price_dollars"":""0.5600""}"
KXBTC15M-26APR272030-30,d50ae6e6-9356-6614-605a-3cc6744b5ce8,1777335345,0.58,33.37,yes,"{""count_fp"":""33.37"",""created_time"":""2026-04-28T00:15:45.342897Z"",""no_price_dollars"":""0.4200"",""taker_side"":""yes"",""ticker"":""KXBTC15M-26APR272030-30"",""trade_id"":""d50ae6e6-9356-6614-605a-3cc6744b5ce8"",""yes_price_dollars"":""0.5800""}"
KXBTC15M-26APR272030-30,fab65905-e3b3-7d8a-9c24-94cd7b439cc7,1777335345,0.56,0.79,no,"{""count_fp"":""0.79"",""created_time"":""2026-04-28T00:15:45.167874Z"",""no_price_dollars"":""0.4400"",""taker_side"":""no"",""ticker"":""KXBTC15M-26APR272030-30"",""trade_id"":""fab65905-e3b3-7d8a-9c24-94cd7b439cc7"",""yes_price_dollars"":""0.5600""}"
KXBTC15M-26APR272030-30,c0de3193-b4c5-7083-aa47-8b1b9d9d51c6,1777335345,0.56,6.91,no,"{""count_fp"":""6.91"",""created_time"":""2026-04-28T00:15:45.167874Z"",""no_price_dollars"":""0.4400"",""taker_side"":""no"",""ticker"":""KXBTC15M-26APR272030-30"",""trade_id"":""c0de3193-b4c5-7083-aa47-8b1b9d9d51c6"",""yes_price_dollars"":""0.5600""}"
KXBTC15M-26APR272030-30,240356b2-3537-7816-ad23-b0afe3d8e2e6,1777335345,0.56,1.86,no,"{""count_fp"":""1.86"",""created_time"":""2026-04-28T00:15:45.167874Z"",""no_price_dollars"":""0.4400"",""taker_side"":""no"",""ticker"":""KXBTC15M-26APR272030-30"",""trade_id"":""240356b2-3537-7816-ad23-b0afe3d8e2e6"",""yes_price_dollars"":""0.5600""}"
KXBTC15M-26APR272030-30,018b3186-8e53-757b-9caf-37dd42164a08,1777335345,0.56,12.3,no,"{""count_fp"":""12.30"",""created_time"":""2026-04-28T00:15:45.167874Z"",""no_price_dollars"":""0.4400"",""taker_side"":""no"",""ticker"":""KXBTC15M-26APR272030-30"",""trade_id"":""018b3186-8e53-757b-9caf-37dd42164a08"",""yes_price_dollars"":""0.5600""}"
KXBTC15M-26APR272030-30,fb3ebffd-9031-776e-1f90-6285be7ec3e7,1777335346,0.57,20.0,yes,"{""count_fp"":""20.00"",""created_time"":""2026-04-28T00:15:46.596301Z"",""no_price_dollars"":""0.4300"",""taker_side"":""yes"",""ticker"":""KXBTC15M-26APR272030-30"",""trade_id"":""fb3ebffd-9031-776e-1f90-6285be7ec3e7"",""yes_price_dollars"":""0.5700""}"
KXBTC15M-26APR272030-30,aa92b6ad-b237-7573-1dfc-0bb3c6adb1f2,1777335346,0.57,56.44,yes,"{""count_fp"":""56.44"",""created_time"":""2026-04-28T00:15:46.596301Z"",""no_price_dollars"":""0.4300"",""taker_side"":""yes"",""ticker"":""KXBTC15M-26APR272030-30"",""trade_id"":""aa92b6ad-b237-7573-1dfc-0bb3c6adb1f2"",""yes_price_dollars"":""0.5700""}"
KXBTC15M-26APR272030-30,2a7484b5-158b-7451-0615-a3f3ef341756,1777335346,0.57,7.3,yes,"{""count_fp"":""7.30"",""created_time"":""2026-04-28T00:15:46.596301Z"",""no_price_dollars"":""0.4300"",""taker_side"":""yes"",""ticker"":""KXBTC15M-26APR272030-30"",""trade_id"":""2a7484b5-158b-7451-0615-a3f3ef341756"",""yes_price_dollars"":""0.5700""}"
KXBTC15M-26APR272030-30,22cc9427-7a7b-75e9-4a9f-fbb974dabb3e,1777335346,0.57,1.7,yes,"{""count_fp"":""1.70"",""created_time"":""2026-04-28T00:15:46.463545Z"",""no_price_dollars"":""0.4300"",""taker_side"":""yes"",""ticker"":""KXBTC15M-26APR272030-30"",""trade_id"":""22cc9427-7a7b-75e9-4a9f-fbb974dabb3e"",""yes_price_dollars"":""0.5700""}"
KXBTC15M-26APR272030-30,488b68e9-2ddb-4d57-f625-0eae2b8bad33,1777335346,0.56,8.0,no,"{""count_fp"":""8.00"",""created_time"":""2026-04-28T00:15:46.453525Z"",""no_price_dollars"":""0.4400"",""taker_side"":""no"",""ticker"":""KXBTC15M-26APR272030-30"",""trade_id"":""488b68e9-2ddb-4d57-f625-0eae2b8bad33"",""yes_price_dollars"":""0.5600""}"
KXBTC15M-26APR272030-30,684298cb-67bf-7d84-d83f-2758a39d12dc,1777335346,0.57,38.87,yes,"{""count_fp"":""38.87"",""created_time"":""2026-04-28T00:15:46.343323Z"",""no_price_dollars"":""0.4300"",""taker_side"":""yes"",""ticker"":""KXBTC15M-26APR272030-30"",""trade_id"":""684298cb-67bf-7d84-d83f-2758a39d12dc"",""yes_price_dollars"":""0.5700""}"
KXBTC15M-26APR272030-30,0e9123b9-59c1-77a1-cf68-40b419c570eb,1777335346,0.57,3.0,yes,"{""count_fp"":""3.00"",""created_time"":""2026-04-28T00:15:46.343323Z"",""no_price_dollars"":""0.4300"",""taker_side"":""yes"",""ticker"":""KXBTC15M-26APR272030-30"",""trade_id"":""0e9123b9-59c1-77a1-cf68-40b419c570eb"",""yes_price_dollars"":""0.5700""}"
KXBTC15M-26APR272030-30,a7cb4620-5707-7476-6dec-40b61652f444,1777335346,0.56,2.18,no,"{""count_fp"":""2.18"",""created_time"":""2026-04-28T00:15:46.142282Z"",""no_price_dollars"":""0.4400"",""taker_side"":""no"",""ticker"":""KXBTC15M-26APR272030-30"",""trade_id"":""a7cb4620-5707-7476-6dec-40b61652f444"",""yes_price_dollars"":""0.5600""}"
KXBTC15M-26APR272030-30,4efce5e8-66a6-543c-5bea-087a24ba24dc,1777335347,0.58,1.0,yes,"{""count_fp"":""1.00"",""created_time"":""2026-04-28T00:15:47.509175Z"",""no_price_dollars"":""0.4200"",""taker_side"":""yes"",""ticker"":""KXBTC15M-26APR272030-30"",""trade_id"":""4efce5e8-66a6-543c-5bea-087a24ba24dc"",""yes_price_dollars"":""0.5800""}"
KXBTC15M-26APR272030-30,df738146-5f96-5ee4-b583-6c479c1a0980,1777335347,0.58,5.39,yes,"{""count_fp"":""5.39"",""created_time"":""2026-04-28T00:15:47.405371Z"",""no_price_dollars"":""0.4200"",""taker_side"":""yes"",""ticker"":""KXBTC15M-26APR272030-30"",""trade_id"":""df738146-5f96-5ee4-b583-6c479c1a0980"",""yes_price_dollars"":""0.5800""}"
KXBTC15M-26APR272030-30,2e6dbd74-cba6-5bfc-4535-a40f43a285dc,1777335347,0.58,1.0,yes,"{""count_fp"":""1.00"",""created_time"":""2026-04-28T00:15:47.205795Z"",""no_price_dollars"":""0.4200"",""taker_side"":""yes"",""ticker"":""KXBTC15M-26APR272030-30"",""trade_id"":""2e6dbd74-cba6-5bfc-4535-a40f43a285dc"",""yes_price_dollars"":""0.5800""}"
KXBTC15M-26APR272030-30,e34d20a6-cf28-5204-4304-a4a9e5faab7d,1777335347,0.57,1.0,yes,"{""count_fp"":""1.00"",""created_time"":""2026-04-28T00:15:47.023487Z"",""no_price_dollars"":""0.4300"",""taker_side"":""yes"",""ticker"":""KXBTC15M-26APR272030-30"",""trade_id"":""e34d20a6-cf28-5204-4304-a4a9e5faab7d"",""yes_price_dollars"":""0.5700""}"
KXBTC15M-26APR272030-30,8a4e9a85-781a-5428-53ed-86864261b530,1777335347,0.58,9.04,yes,"{""count_fp"":""9.04"",""created_time"":""2026-04-28T00:15:47.023487Z"",""no_price_dollars"":""0.4200"",""taker_side"":""yes"",""ticker"":""KXBTC15M-26APR272030-30"",""trade_id"":""8a4e9a85-781a-5428-53ed-86864261b530"",""yes_price_dollars"":""0.5800""}"
KXBTC15M-26APR272030-30,ef9d232c-093a-7e38-6a53-65fe0ee55a84,1777335348,0.58,0.45,yes,"{""count_fp"":""0.45"",""created_time"":""2026-04-28T00:15:48.853647Z"",""no_price_dollars"":""0.4200"",""taker_side"":""yes"",""ticker"":""KXBTC15M-26APR272030-30"",""trade_id"":""ef9d232c-093a-7e38-6a53-65fe0ee55a84"",""yes_price_dollars"":""0.5800""}"
KXBTC15M-26APR272030-30,528c9c0f-9aaa-724c-e661-531a7fa9eb00,1777335348,0.58,8.37,yes,"{""count_fp"":""8.37"",""created_time"":""2026-04-28T00:15:48.743845Z"",""no_price_dollars"":""0.4200"",""taker_side"":""yes"",""ticker"":""KXBTC15M-26APR272030-30"",""trade_id"":""528c9c0f-9aaa-724c-e661-531a7fa9eb00"",""yes_price_dollars"":""0.5800""}"
KXBTC15M-26APR272030-30,3ff77815-e8de-5a5c-6572-5274c9ccdff8,1777335348,0.58,16.74,yes,"{""count_fp"":""16.74"",""created_time"":""2026-04-28T00:15:48.510895Z"",""no_price_dollars"":""0.4200"",""taker_side"":""yes"",""ticker"":""KXBTC15M-26APR272030-30"",""trade_id"":""3ff77815-e8de-5a5c-6572-5274c9ccdff8"",""yes_price_dollars"":""0.5800""}"
KXBTC15M-26APR272030-30,620896c3-b03a-7d10-32cc-b54e832ad320,1777335348,0.58,4.92,yes,"{""count_fp"":""4.92"",""created_time"":""2026-04-28T00:15:48.433115Z"",""no_price_dollars"":""0.4200"",""taker_side"":""yes"",""ticker"":""KXBTC15M-26APR272030-30"",""trade_id"":""620896c3-b03a-7d10-32cc-b54e832ad320"",""yes_price_dollars"":""0.5800""}"
