ticker,trade_id,ts,yes_price,count,taker_side,raw_json
KXBTC15M-26APR271530-30,f128b300-a863-6331-71e0-8b2277a001bc,1777317304,0.5,11.0,yes,"{""count_fp"":""11.00"",""created_time"":""2026-04-27T19:15:04.834137Z"",""no_price_dollars"":""0.5000"",""taker_side"":""yes"",""ticker"":""KXBTC15M-26APR271530-30"",""trade_id"":""f128b300-a863-6331-71e0-8b2277a001bc"",""yes_price_dollars"":""0.5000""}"
KXBTC15M-26APR271530-30,c28c36f3-04ff-673e-553f-8e24fbab300e,1777317304,0.5,1.0,yes,"{""count_fp"":""1.00"",""created_time"":""2026-04-27T19:15:04.834137Z"",""no_price_dollars"":""0.5000"",""taker_side"":""yes"",""ticker"":""KXBTC15M-26APR271530-30"",""trade_id"":""c28c36f3-04ff-673e-553f-8e24fbab300e"",""yes_price_dollars"":""0.5000""}"
KXBTC15M-26APR271530-30,bc3f1020-0452-6ee9-7c90-52e89ff92d8d,1777317304,0.5,6.0,yes,"{""count_fp"":""6.00"",""created_time"":""2026-04-27T19:15:04.834137Z"",""no_price_dollars"":""0.5000"",""taker_side"":""yes"",""ticker"":""KXBTC15M-26APR271530-30"",""trade_id"":""bc3f1020-0452-6ee9-7c90-52e89ff92d8d"",""yes_price_dollars"":""0.5000""}"
KXBTC15M-26APR271530-30,71f4bf32-1163-6a77-512d-5d2f81fc918c,1777317304,0.5,120.0,yes,"{""count_fp"":""120.00"",""created_time"":""2026-04-27T19:15:04.834137Z"",""no_price_dollars"":""0.5000"",""taker_side"":""yes"",""ticker"":""KXBTC15M-26APR271530-30"",""trade_id"":""71f4bf32-1163-6a77-512d-5d2f81fc918c"",""yes_price_dollars"":""0.5000""}"
KXBTC15M-26APR271530-30,707074ae-d4c3-61ed-496c-c4d2cf992e7a,1777317304,0.5,62.0,yes,"{""count_fp"":""62.00"",""created_time"":""2026-04-27T19:15:04.834137Z"",""no_price_dollars"":""0.5000"",""taker_side"":""yes"",""ticker"":""KXBTC15M-26APR271530-30"",""trade_id"":""707074ae-d4c3-61ed-496c-c4d2cf992e7a"",""yes_price_dollars"":""0.5000""}"
KXBTC15M-26APR271530-30,4b6521f0-3477-493e-2646-9c232080ee59,1777317304,0.48,4.58,no,"{""count_fp"":""4.58"",""created_time"":""2026-04-27T19:15:04.436324Z"",""no_price_dollars"":""0.5200"",""taker_side"":""no"",""ticker"":""KXBTC15M-26APR271530-30"",""trade_id"":""4b6521f0-3477-493e-2646-9c232080ee59"",""yes_price_dollars"":""0.4800""}"
KXBTC15M-26APR271530-30,249ca12f-00cb-4c87-2c4c-1d5a9fa7bf6d,1777317304,0.49,1.0,no,"{""count_fp"":""1.00"",""created_time"":""2026-04-27T19:15:04.436324Z"",""no_price_dollars"":""0.5100"",""taker_side"":""no"",""ticker"":""KXBTC15M-26APR271530-30"",""trade_id"":""249ca12f-00cb-4c87-2c4c-1d5a9fa7bf6d"",""yes_price_dollars"":""0.4900""}"
KXBTC15M-26APR271530-30,c0ccb5c7-30b3-7678-b637-fcd54d45ae6e,1777317304,0.49,13.71,no,"{""count_fp"":""13.71"",""created_time"":""2026-04-27T19:15:04.051606Z"",""no_price_dollars"":""0.5100"",""taker_side"":""no"",""ticker"":""KXBTC15M-26APR271530-30"",""trade_id"":""c0ccb5c7-30b3-7678-b637-fcd54d45ae6e"",""yes_price_dollars"":""0.4900""}"
KXBTC15M-26APR271530-30,b743b227-e767-7aec-b62b-6c2413458e47,1777317304,0.49,0.92,no,"{""count_fp"":""0.92"",""created_time"":""2026-04-27T19:15:04.051606Z"",""no_price_dollars"":""0.5100"",""taker_side"":""no"",""ticker"":""KXBTC15M-26APR271530-30"",""trade_id"":""b743b227-e767-7aec-b62b-6c2413458e47"",""yes_price_dollars"":""0.4900""}"
KXBTC15M-26APR271530-30,fd34912b-3cf8-5f80-bf24-a5acb6aa276b,1777317305,0.48,1.0,no,"{""count_fp"":""1.00"",""created_time"":""2026-04-27T19:15:05.798899Z"",""no_price_dollars"":""0.5200"",""taker_side"":""no"",""ticker"":""KXBTC15M-26APR271530-30"",""trade_id"":""fd34912b-3cf8-5f80-bf24-a5acb6aa276b"",""yes_price_dollars"":""0.4800""}"
KXBTC15M-26APR271530-30,d82a2860-943f-5cfd-86a9-e3433576c9e0,1777317305,0.49,5.0,no,"{""count_fp"":""5.00"",""created_time"":""2026-04-27T19:15:05.798899Z"",""no_price_dollars"":""0.5100"",""taker_side"":""no"",""ticker"":""KXBTC15M-26APR271530-30"",""trade_id"":""d82a2860-943f-5cfd-86a9-e3433576c9e0"",""yes_price_dollars"":""0.4900""}"
KXBTC15M-26APR271530-30,d61b3974-875f-54f8-b833-1cae52e590aa,1777317305,0.48,29.61,no,"{""count_fp"":""29.61"",""created_time"":""2026-04-27T19:15:05.798899Z"",""no_price_dollars"":""0.5200"",""taker_side"":""no"",""ticker"":""KXBTC15M-26APR271530-30"",""trade_id"":""d61b3974-875f-54f8-b833-1cae52e590aa"",""yes_price_dollars"":""0.4800""}"
KXBTC15M-26APR271530-30,ade3498c-6d15-54ba-8cb5-83cb8a127a1e,1777317305,0.49,0.92,no,"{""count_fp"":""0.92"",""created_time"":""2026-04-27T19:15:05.798899Z"",""no_price_dollars"":""0.5100"",""taker_side"":""no"",""ticker"":""KXBTC15M-26APR271530-30"",""trade_id"":""ade3498c-6d15-54ba-8cb5-83cb8a127a1e"",""yes_price_dollars"":""0.4900""}"
KXBTC15M-26APR271530-30,96e44cd7-938d-51b7-b8eb-eb48436ed3f5,1777317305,0.48,10.0,no,"{""count_fp"":""10.00"",""created_time"":""2026-04-27T19:15:05.798899Z"",""no_price_dollars"":""0.5200"",""taker_side"":""no"",""ticker"":""KXBTC15M-26APR271530-30"",""trade_id"":""96e44cd7-938d-51b7-b8eb-eb48436ed3f5"",""yes_price_dollars"":""0.4800""}"
KXBTC15M-26APR271530-30,9303c7c0-9353-4a31-f153-787667efd664,1777317305,0.5,1.0,yes,"{""count_fp"":""1.00"",""created_time"":""2026-04-27T19:15:05.631055Z"",""no_price_dollars"":""0.5000"",""taker_side"":""yes"",""ticker"":""KXBTC15M-26APR271530-30"",""trade_id"":""9303c7c0-9353-4a31-f153-787667efd664"",""yes_price_dollars"":""0.5000""}"
KXBTC15M-26APR271530-30,c1698048-99f6-7919-7a78-b1bc0c257923,1777317305,0.49,9.92,no,"{""count_fp"":""9.92"",""created_time"":""2026-04-27T19:15:05.362206Z"",""no_price_dollars"":""0.5100"",""taker_side"":""no"",""ticker"":""KXBTC15M-26APR271530-30"",""trade_id"":""c1698048-99f6-7919-7a78-b1bc0c257923"",""yes_price_dollars"":""0.4900""}"
KXBTC15M-26APR271530-30,58d741a6-62c4-73a8-4bba-355940c411b4,1777317305,0.49,5.0,no,"{""count_fp"":""5.00"",""created_time"":""2026-04-27T19:15:05.362206Z"",""no_price_dollars"":""0.5100"",""taker_side"":""no"",""ticker"":""KXBTC15M-26APR271530-30"",""trade_id"":""58d741a6-62c4-73a8-4bba-355940c411b4"",""yes_price_dollars"":""0.4900""}"
KXBTC15M-26APR271530-30,429a352c-5ee5-714a-7da9-d16a3e563978,1777317305,0.48,37.17,no,"{""count_fp"":""37.17"",""created_time"":""2026-04-27T19:15:05.362206Z"",""no_price_dollars"":""0.5200"",""taker_side"":""no"",""ticker"":""KXBTC15M-26APR271530-30"",""trade_id"":""429a352c-5ee5-714a-7da9-d16a3e563978"",""yes_price_dollars"":""0.4800""}"
KXBTC15M-26APR271530-30,cb7f39a6-20ac-4945-4d3f-00ad1fb9cf02,1777317305,0.49,0.92,no,"{""count_fp"":""0.92"",""created_time"":""2026-04-27T19:15:05.283694Z"",""no_price_dollars"":""0.5100"",""taker_side"":""no"",""ticker"":""KXBTC15M-26APR271530-30"",""trade_id"":""cb7f39a6-20ac-4945-4d3f-00ad1fb9cf02"",""yes_price_dollars"":""0.4900""}"
KXBTC15M-26APR271530-30,9d172c27-d6ea-43cd-5b4f-e79f70fabcd7,1777317305,0.49,0.08,no,"{""count_fp"":""0.08"",""created_time"":""2026-04-27T19:15:05.283694Z"",""no_price_dollars"":""0.5100"",""taker_side"":""no"",""ticker"":""KXBTC15M-26APR271530-30"",""trade_id"":""9d172c27-d6ea-43cd-5b4f-e79f70fabcd7"",""yes_price_dollars"":""0.4900""}"
KXBTC15M-26APR271530-30,92a6987f-f5f7-49eb-61f9-e43e3933dd39,1777317305,0.49,1.0,no,"{""count_fp"":""1.00"",""created_time"":""2026-04-27T19:15:05.283694Z"",""no_price_dollars"":""0.5100"",""taker_side"":""no"",""ticker"":""KXBTC15M-26APR271530-30"",""trade_id"":""92a6987f-f5f7-49eb-61f9-e43e3933dd39"",""yes_price_dollars"":""0.4900""}"
KXBTC15M-26APR271530-30,164a07ad-6597-4df9-9afc-ca9d75be14e0,1777317306,0.5,1.0,yes,"{""count_fp"":""1.00"",""created_time"":""2026-04-27T19:15:06.004274Z"",""no_price_dollars"":""0.5000"",""taker_side"":""yes"",""ticker"":""KXBTC15M-26APR271530-30"",""trade_id"":""164a07ad-6597-4df9-9afc-ca9d75be14e0"",""yes_price_dollars"":""0.5000""}"
KXBTC15M-26APR271530-30,eec7981a-05dc-59a1-7dfd-9f06c9c2c108,1777317307,0.47,103.44,no,"{""count_fp"":""103.44"",""created_time"":""2026-04-27T19:15:07.503271Z"",""no_price_dollars"":""0.5300"",""taker_side"":""no"",""ticker"":""KXBTC15M-26APR271530-30"",""trade_id"":""eec7981a-05dc-59a1-7dfd-9f06c9c2c108"",""yes_price_dollars"":""0.4700""}"
KXBTC15M-26APR271530-30,b371e5a6-5d5e-5e58-7de9-1cab2c1f6d2a,1777317307,0.49,11.0,no,"{""count_fp"":""11.00"",""created_time"":""2026-04-27T19:15:07.503271Z"",""no_price_dollars"":""0.5100"",""taker_side"":""no"",""ticker"":""KXBTC15M-26APR271530-30"",""trade_id"":""b371e5a6-5d5e-5e58-7de9-1cab2c1f6d2a"",""yes_price_dollars"":""0.4900""}"
KXBTC15M-26APR271530-30,7905eab2-66ae-5b29-565c-8cabc86c2206,1777317307,0.49,5.0,no,"{""count_fp"":""5.00"",""created_time"":""2026-04-27T19:15:07.503271Z"",""no_price_dollars"":""0.5100"",""taker_side"":""no"",""ticker"":""KXBTC15M-26APR271530-30"",""trade_id"":""7905eab2-66ae-5b29-565c-8cabc86c2206"",""yes_price_dollars"":""0.4900""}"
KXBTC15M-26APR271530-30,3897dafc-0885-5fc4-6c3f-9700321ff54d,1777317307,0.48,60.28,no,"{""count_fp"":""60.28"",""created_time"":""2026-04-27T19:15:07.503271Z"",""no_price_dollars"":""0.5200"",""taker_side"":""no"",""ticker"":""KXBTC15M-26APR271530-30"",""trade_id"":""3897dafc-0885-5fc4-6c3f-9700321ff54d"",""yes_price_dollars"":""0.4800""}"
KXBTC15M-26APR271530-30,f581af60-7903-7745-10f9-93a90e452570,1777317307,0.5,5.0,yes,"{""count_fp"":""5.00"",""created_time"":""2026-04-27T19:15:07.499887Z"",""no_price_dollars"":""0.5000"",""taker_side"":""yes"",""ticker"":""KXBTC15M-26APR271530-30"",""trade_id"":""f581af60-7903-7745-10f9-93a90e452570"",""yes_price_dollars"":""0.5000""}"
KXBTC15M-26APR271530-30,6df54b5a-2357-79cd-0d99-e2aa905d977c,1777317308,0.5,3.86,yes,"{""count_fp"":""3.86"",""created_time"":""2026-04-27T19:15:08.123103Z"",""no_price_dollars"":""0.5000"",""taker_side"":""yes"",""ticker"":""KXBTC15M-26APR271530-30"",""trade_id"":""6df54b5a-2357-79cd-0d99-e2aa905d977c"",""yes_price_dollars"":""0.5000""}"
KXBTC15M-26APR271530-30,010d5183-85c4-7aad-176e-33e1580b6264,1777317309,0.47,26.95,no,"{""count_fp"":""26.95"",""created_time"":""2026-04-27T19:15:09.873408Z"",""no_price_dollars"":""0.5300"",""taker_side"":""no"",""ticker"":""KXBTC15M-26APR271530-30"",""trade_id"":""010d5183-85c4-7aad-176e-33e1580b6264"",""yes_price_dollars"":""0.4700""}"
KXBTC15M-26APR271530-30,3dbe01e0-bd3b-55c6-3e6f-20e69e9a83a6,1777317309,0.48,6.0,yes,"{""count_fp"":""6.00"",""created_time"":""2026-04-27T19:15:09.736849Z"",""no_price_dollars"":""0.5200"",""taker_side"":""yes"",""ticker"":""KXBTC15M-26APR271530-30"",""trade_id"":""3dbe01e0-bd3b-55c6-3e6f-20e69e9a83a6"",""yes_price_dollars"":""0.4800""}"
KXBTC15M-26APR271530-30,7bd025fc-ad6b-766a-d250-1ac5f03ab6c6,1777317309,0.48,9.0,yes,"{""count_fp"":""9.00"",""created_time"":""2026-04-27T19:15:09.690132Z"",""no_price_dollars"":""0.5200"",""taker_side"":""yes"",""ticker"":""KXBTC15M-26APR271530-30"",""trade_id"":""7bd025fc-ad6b-766a-d250-1ac5f03ab6c6"",""yes_price_dollars"":""0.4800""}"
KXBTC15M-26APR271530-30,1a56fd4a-0046-7537-db59-d8d7d5ca5ef2,1777317309,0.48,1.0,yes,"{""count_fp"":""1.00"",""created_time"":""2026-04-27T19:15:09.690132Z"",""no_price_dollars"":""0.5200"",""taker_side"":""yes"",""ticker"":""KXBTC15M-26APR271530-30"",""trade_id"":""1a56fd4a-0046-7537-db59-d8d7d5ca5ef2"",""yes_price_dollars"":""0.4800""}"
KXBTC15M-26APR271530-30,e7f41c71-960c-648f-57f7-4979b97a012a,1777317309,0.49,4.15,yes,"{""count_fp"":""4.15"",""created_time"":""2026-04-27T19:15:09.535822Z"",""no_price_dollars"":""0.5100"",""taker_side"":""yes"",""ticker"":""KXBTC15M-26APR271530-30"",""trade_id"":""e7f41c71-960c-648f-57f7-4979b97a012a"",""yes_price_dollars"":""0.4900""}"
KXBTC15M-26APR271530-30,94a120f7-37da-6381-7a28-6f0d1bdafadc,1777317309,0.48,71.0,yes,"{""count_fp"":""71.00"",""created_time"":""2026-04-27T19:15:09.535822Z"",""no_price_dollars"":""0.5200"",""taker_side"":""yes"",""ticker"":""KXBTC15M-26APR271530-30"",""trade_id"":""94a120f7-37da-6381-7a28-6f0d1bdafadc"",""yes_price_dollars"":""0.4800""}"
KXBTC15M-26APR271530-30,50c501e6-af92-68a1-4e4a-d50769860871,1777317309,0.48,19.85,yes,"{""count_fp"":""19.85"",""created_time"":""2026-04-27T19:15:09.535822Z"",""no_price_dollars"":""0.5200"",""taker_side"":""yes"",""ticker"":""KXBTC15M-26APR271530-30"",""trade_id"":""50c501e6-af92-68a1-4e4a-d50769860871"",""yes_price_dollars"":""0.4800""}"
KXBTC15M-26APR271530-30,c93bb8f8-b69a-7831-42b3-b2ac6067f735,1777317309,0.48,2.0,yes,"{""count_fp"":""2.00"",""created_time"":""2026-04-27T19:15:09.451299Z"",""no_price_dollars"":""0.5200"",""taker_side"":""yes"",""ticker"":""KXBTC15M-26APR271530-30"",""trade_id"":""c93bb8f8-b69a-7831-42b3-b2ac6067f735"",""yes_price_dollars"":""0.4800""}"
KXBTC15M-26APR271530-30,a2ebc840-b366-7ae1-6b6c-af90f2b47411,1777317309,0.48,17.32,yes,"{""count_fp"":""17.32"",""created_time"":""2026-04-27T19:15:09.451299Z"",""no_price_dollars"":""0.5200"",""taker_side"":""yes"",""ticker"":""KXBTC15M-26APR271530-30"",""trade_id"":""a2ebc840-b366-7ae1-6b6c-af90f2b47411"",""yes_price_dollars"":""0.4800""}"
KXBTC15M-26APR271530-30,c714edbf-f8c9-5e0d-d5eb-70d70757d72c,1777317309,0.48,5.0,no,"{""count_fp"":""5.00"",""created_time"":""2026-04-27T19:15:09.381596Z"",""no_price_dollars"":""0.5200"",""taker_side"":""no"",""ticker"":""KXBTC15M-26APR271530-30"",""trade_id"":""c714edbf-f8c9-5e0d-d5eb-70d70757d72c"",""yes_price_dollars"":""0.4800""}"
KXBTC15M-26APR271530-30,56887051-09eb-4e49-489e-b333919d2ab8,1777317309,0.49,7.88,yes,"{""count_fp"":""7.88"",""created_time"":""2026-04-27T19:15:09.338075Z"",""no_price_dollars"":""0.5100"",""taker_side"":""yes"",""ticker"":""KXBTC15M-26APR271530-30"",""trade_id"":""56887051-09eb-4e49-489e-b333919d2ab8"",""yes_price_dollars"":""0.4900""}"
KXBTC15M-26APR271530-30,b9398ac6-5f08-7b57-5709-8837921f5fef,1777317309,0.49,1.12,no,"{""count_fp"":""1.12"",""created_time"":""2026-04-27T19:15:09.311649Z"",""no_price_dollars"":""0.5100"",""taker_side"":""no"",""ticker"":""KXBTC15M-26APR271530-30"",""trade_id"":""b9398ac6-5f08-7b57-5709-8837921f5fef"",""yes_price_dollars"":""0.4900""}"
KXBTC15M-26APR271530-30,7bb73f91-5f2c-519b-e77a-19dd2d340b73,1777317310,0.48,6.0,yes,"{""count_fp"":""6.00"",""created_time"":""2026-04-27T19:15:10.791839Z"",""no_price_dollars"":""0.5200"",""taker_side"":""yes"",""ticker"":""KXBTC15M-26APR271530-30"",""trade_id"":""7bb73f91-5f2c-519b-e77a-19dd2d340b73"",""yes_price_dollars"":""0.4800""}"
KXBTC15M-26APR271530-30,ce6d6470-9970-4543-050d-de8e5f60bf7b,1777317310,0.48,7.0,yes,"{""count_fp"":""7.00"",""created_time"":""2026-04-27T19:15:10.592381Z"",""no_price_dollars"":""0.5200"",""taker_side"":""yes"",""ticker"":""KXBTC15M-26APR271530-30"",""trade_id"":""ce6d6470-9970-4543-050d-de8e5f60bf7b"",""yes_price_dollars"":""0.4800""}"
KXBTC15M-26APR271530-30,1ee866ab-de88-4ea7-dc73-ae5609992433,1777317310,0.48,6.0,yes,"{""count_fp"":""6.00"",""created_time"":""2026-04-27T19:15:10.382198Z"",""no_price_dollars"":""0.5200"",""taker_side"":""yes"",""ticker"":""KXBTC15M-26APR271530-30"",""trade_id"":""1ee866ab-de88-4ea7-dc73-ae5609992433"",""yes_price_dollars"":""0.4800""}"
KXBTC15M-26APR271530-30,813d02a1-f108-6947-463c-ca20527ba5eb,1777317310,0.48,6.0,yes,"{""count_fp"":""6.00"",""created_time"":""2026-04-27T19:15:10.181135Z"",""no_price_dollars"":""0.5200"",""taker_side"":""yes"",""ticker"":""KXBTC15M-26APR271530-30"",""trade_id"":""813d02a1-f108-6947-463c-ca20527ba5eb"",""yes_price_dollars"":""0.4800""}"
KXBTC15M-26APR271530-30,85942959-8310-43f3-fe98-aa90613e272b,1777317310,0.48,6.0,yes,"{""count_fp"":""6.00"",""created_time"":""2026-04-27T19:15:10.181095Z"",""no_price_dollars"":""0.5200"",""taker_side"":""yes"",""ticker"":""KXBTC15M-26APR271530-30"",""trade_id"":""85942959-8310-43f3-fe98-aa90613e272b"",""yes_price_dollars"":""0.4800""}"
KXBTC15M-26APR271530-30,594733db-c3e3-49ea-ff15-6243fb8ecf1e,1777317310,0.48,10.0,yes,"{""count_fp"":""10.00"",""created_time"":""2026-04-27T19:15:10.181095Z"",""no_price_dollars"":""0.5200"",""taker_side"":""yes"",""ticker"":""KXBTC15M-26APR271530-30"",""trade_id"":""594733db-c3e3-49ea-ff15-6243fb8ecf1e"",""yes_price_dollars"":""0.4800""}"
KXBTC15M-26APR271530-30,52947ea9-1598-413c-dcef-05b8bccc068f,1777317311,0.49,6.21,yes,"{""count_fp"":""6.21"",""created_time"":""2026-04-27T19:15:11.986293Z"",""no_price_dollars"":""0.5100"",""taker_side"":""yes"",""ticker"":""KXBTC15M-26APR271530-30"",""trade_id"":""52947ea9-1598-413c-dcef-05b8bccc068f"",""yes_price_dollars"":""0.4900""}"
KXBTC15M-26APR271530-30,5be49f1c-de00-4a60-21fd-5985e0363757,1777317311,0.49,9.55,yes,"{""count_fp"":""9.55"",""created_time"":""2026-04-27T19:15:11.518872Z"",""no_price_dollars"":""0.5100"",""taker_side"":""yes"",""ticker"":""KXBTC15M-26APR271530-30"",""trade_id"":""5be49f1c-de00-4a60-21fd-5985e0363757"",""yes_price_dollars"":""0.4900""}"
KXBTC15M-26APR271530-30,009de1a8-71f8-4dc3-031b-3419e9442b49,1777317311,0.49,0.45,yes,"{""count_fp"":""0.45"",""created_time"":""2026-04-27T19:15:11.518872Z"",""no_price_dollars"":""0.5100"",""taker_side"":""yes"",""ticker"":""KXBTC15M-26APR271530-30"",""trade_id"":""009de1a8-71f8-4dc3-031b-3419e9442b49"",""yes_price_dollars"":""0.4900""}"
KXBTC15M-26APR271530-30,f1c90835-b02d-71d6-046e-7233b21184b0,1777317311,0.48,25.56,no,"{""count_fp"":""25.56"",""created_time"":""2026-04-27T19:15:11.491879Z"",""no_price_dollars"":""0.5200"",""taker_side"":""no"",""ticker"":""KXBTC15M-26APR271530-30"",""trade_id"":""f1c90835-b02d-71d6-046e-7233b21184b0"",""yes_price_dollars"":""0.4800""}"
KXBTC15M-26APR271530-30,471010f0-6ea9-7622-6463-6f8af45c06e0,1777317311,0.48,23.74,no,"{""count_fp"":""23.74"",""created_time"":""2026-04-27T19:15:11.448399Z"",""no_price_dollars"":""0.5200"",""taker_side"":""no"",""ticker"":""KXBTC15M-26APR271530-30"",""trade_id"":""471010f0-6ea9-7622-6463-6f8af45c06e0"",""yes_price_dollars"":""0.4800""}"
KXBTC15M-26APR271530-30,f0671b4b-67c8-4580-4883-73a17da362eb,1777317311,0.48,73.06,no,"{""count_fp"":""73.06"",""created_time"":""2026-04-27T19:15:11.302361Z"",""no_price_dollars"":""0.5200"",""taker_side"":""no"",""ticker"":""KXBTC15M-26APR271530-30"",""trade_id"":""f0671b4b-67c8-4580-4883-73a17da362eb"",""yes_price_dollars"":""0.4800""}"
KXBTC15M-26APR271530-30,f323f266-e7fc-7052-e7a5-8482594dcb1b,1777317311,0.48,1.0,yes,"{""count_fp"":""1.00"",""created_time"":""2026-04-27T19:15:11.254084Z"",""no_price_dollars"":""0.5200"",""taker_side"":""yes"",""ticker"":""KXBTC15M-26APR271530-30"",""trade_id"":""f323f266-e7fc-7052-e7a5-8482594dcb1b"",""yes_price_dollars"":""0.4800""}"
KXBTC15M-26APR271530-30,fd3705f8-66e4-6d9f-2a70-53b7e139952d,1777317311,0.49,8.55,yes,"{""count_fp"":""8.55"",""created_time"":""2026-04-27T19:15:11.158995Z"",""no_price_dollars"":""0.5100"",""taker_side"":""yes"",""ticker"":""KXBTC15M-26APR271530-30"",""trade_id"":""fd3705f8-66e4-6d9f-2a70-53b7e139952d"",""yes_price_dollars"":""0.4900""}"
KXBTC15M-26APR271530-30,d22f6602-eeec-6647-28e1-2f70acd95c9b,1777317311,0.48,29.46,yes,"{""count_fp"":""29.46"",""created_time"":""2026-04-27T19:15:11.158995Z"",""no_price_dollars"":""0.5200"",""taker_side"":""yes"",""ticker"":""KXBTC15M-26APR271530-30"",""trade_id"":""d22f6602-eeec-6647-28e1-2f70acd95c9b"",""yes_price_dollars"":""0.4800""}"
KXBTC15M-26APR271530-30,3e52f8f7-ae43-6a11-05e8-74b4f9ed0d50,1777317311,0.48,10.14,yes,"{""count_fp"":""10.14"",""created_time"":""2026-04-27T19:15:11.158995Z"",""no_price_dollars"":""0.5200"",""taker_side"":""yes"",""ticker"":""KXBTC15M-26APR271530-30"",""trade_id"":""3e52f8f7-ae43-6a11-05e8-74b4f9ed0d50"",""yes_price_dollars"":""0.4800""}"
KXBTC15M-26APR271530-30,3c752130-b634-60eb-2fad-a1c5b3b0828e,1777317311,0.49,95.85,yes,"{""count_fp"":""95.85"",""created_time"":""2026-04-27T19:15:11.158995Z"",""no_price_dollars"":""0.5100"",""taker_side"":""yes"",""ticker"":""KXBTC15M-26APR271530-30"",""trade_id"":""3c752130-b634-60eb-2fad-a1c5b3b0828e"",""yes_price_dollars"":""0.4900""}"
KXBTC15M-26APR271530-30,c97e3079-e30b-5a5a-a166-6b1c11682fc2,1777317312,0.5,150.0,no,"{""count_fp"":""150.00"",""created_time"":""2026-04-27T19:15:12.916154Z"",""no_price_dollars"":""0.5000"",""taker_side"":""no"",""ticker"":""KXBTC15M-26APR271530-30"",""trade_id"":""c97e3079-e30b-5a5a-a166-6b1c11682fc2"",""yes_price_dollars"":""0.5000""}"
KXBTC15M-26APR271530-30,79fd3bba-84df-5861-ad27-e6746f58b9ca,1777317312,0.5,35.65,no,"{""count_fp"":""35.65"",""created_time"":""2026-04-27T19:15:12.916154Z"",""no_price_dollars"":""0.5000"",""taker_side"":""no"",""ticker"":""KXBTC15M-26APR271530-30"",""trade_id"":""79fd3bba-84df-5861-ad27-e6746f58b9ca"",""yes_price_dollars"":""0.5000""}"
KXBTC15M-26APR271530-30,f7e58c9f-402f-4dc5-c86d-a8533c24860e,1777317312,0.49,3.0,no,"{""count_fp"":""3.00"",""created_time"":""2026-04-27T19:15:12.561089Z"",""no_price_dollars"":""0.5100"",""taker_side"":""no"",""ticker"":""KXBTC15M-26APR271530-30"",""trade_id"":""f7e58c9f-402f-4dc5-c86d-a8533c24860e"",""yes_price_dollars"":""0.4900""}"
KXBTC15M-26APR271530-30,a1b54cef-c557-7ed9-af8c-87f4b8e1d88e,1777317312,0.49,9.0,no,"{""count_fp"":""9.00"",""created_time"":""2026-04-27T19:15:12.348685Z"",""no_price_dollars"":""0.5100"",""taker_side"":""no"",""ticker"":""KXBTC15M-26APR271530-30"",""trade_id"":""a1b54cef-c557-7ed9-af8c-87f4b8e1d88e"",""yes_price_dollars"":""0.4900""}"
KXBTC15M-26APR271530-30,b785a876-f536-6510-7b03-03dfe5e5a776,1777317312,0.49,9.13,no,"{""count_fp"":""9.13"",""created_time"":""2026-04-27T19:15:12.262938Z"",""no_price_dollars"":""0.5100"",""taker_side"":""no"",""ticker"":""KXBTC15M-26APR271530-30"",""trade_id"":""b785a876-f536-6510-7b03-03dfe5e5a776"",""yes_price_dollars"":""0.4900""}"
KXBTC15M-26APR271530-30,2e6fc01e-35e1-7d47-e750-43ce5806cc74,1777317312,0.48,9.13,no,"{""count_fp"":""9.13"",""created_time"":""2026-04-27T19:15:12.257647Z"",""no_price_dollars"":""0.5200"",""taker_side"":""no"",""ticker"":""KXBTC15M-26APR271530-30"",""trade_id"":""2e6fc01e-35e1-7d47-e750-43ce5806cc74"",""yes_price_dollars"":""0.4800""}"
KXBTC15M-26APR271530-30,32b7bc29-ffd0-7197-02d1-652c49eaec08,1777317312,0.5,0.98,yes,"{""count_fp"":""0.98"",""created_time"":""2026-04-27T19:15:12.208893Z"",""no_price_dollars"":""0.5000"",""taker_side"":""yes"",""ticker"":""KXBTC15M-26APR271530-30"",""trade_id"":""32b7bc29-ffd0-7197-02d1-652c49eaec08"",""yes_price_dollars"":""0.5000""}"
KXBTC15M-26APR271530-30,d77b4b46-1173-7e22-c2d8-875f15fac62a,1777317312,0.5,10.0,yes,"{""count_fp"":""10.00"",""created_time"":""2026-04-27T19:15:12.189415Z"",""no_price_dollars"":""0.5000"",""taker_side"":""yes"",""ticker"":""KXBTC15M-26APR271530-30"",""trade_id"":""d77b4b46-1173-7e22-c2d8-875f15fac62a"",""yes_price_dollars"":""0.5000""}"
KXBTC15M-26APR271530-30,bb14c527-cca8-7d30-d915-e1dc6fe8eda3,1777317312,0.49,7.98,yes,"{""count_fp"":""7.98"",""created_time"":""2026-04-27T19:15:12.189415Z"",""no_price_dollars"":""0.5100"",""taker_side"":""yes"",""ticker"":""KXBTC15M-26APR271530-30"",""trade_id"":""bb14c527-cca8-7d30-d915-e1dc6fe8eda3"",""yes_price_dollars"":""0.4900""}"
KXBTC15M-26APR271530-30,b1c2f848-997c-723f-ff7b-738d86cdd854,1777317312,0.5,0.02,yes,"{""count_fp"":""0.02"",""created_time"":""2026-04-27T19:15:12.189415Z"",""no_price_dollars"":""0.5000"",""taker_side"":""yes"",""ticker"":""KXBTC15M-26APR271530-30"",""trade_id"":""b1c2f848-997c-723f-ff7b-738d86cdd854"",""yes_price_dollars"":""0.5000""}"
KXBTC15M-26APR271530-30,cdcd2450-e860-5ad3-bbd6-7e9e34f0aaba,1777317312,0.48,1.15,no,"{""count_fp"":""1.15"",""created_time"":""2026-04-27T19:15:12.162876Z"",""no_price_dollars"":""0.5200"",""taker_side"":""no"",""ticker"":""KXBTC15M-26APR271530-30"",""trade_id"":""cdcd2450-e860-5ad3-bbd6-7e9e34f0aaba"",""yes_price_dollars"":""0.4800""}"
KXBTC15M-26APR271530-30,bd142c31-90b6-599d-9057-d5527ec91c6c,1777317312,0.48,31.18,no,"{""count_fp"":""31.18"",""created_time"":""2026-04-27T19:15:12.162876Z"",""no_price_dollars"":""0.5200"",""taker_side"":""no"",""ticker"":""KXBTC15M-26APR271530-30"",""trade_id"":""bd142c31-90b6-599d-9057-d5527ec91c6c"",""yes_price_dollars"":""0.4800""}"
KXBTC15M-26APR271530-30,b30fcf97-2f80-545d-9905-28319a1a0004,1777317312,0.48,13.92,no,"{""count_fp"":""13.92"",""created_time"":""2026-04-27T19:15:12.162876Z"",""no_price_dollars"":""0.5200"",""taker_side"":""no"",""ticker"":""KXBTC15M-26APR271530-30"",""trade_id"":""b30fcf97-2f80-545d-9905-28319a1a0004"",""yes_price_dollars"":""0.4800""}"
KXBTC15M-26APR271530-30,a1dd8567-5d1b-5211-a6f5-0773271970be,1777317312,0.48,5.0,no,"{""count_fp"":""5.00"",""created_time"":""2026-04-27T19:15:12.162876Z"",""no_price_dollars"":""0.5200"",""taker_side"":""no"",""ticker"":""KXBTC15M-26APR271530-30"",""trade_id"":""a1dd8567-5d1b-5211-a6f5-0773271970be"",""yes_price_dollars"":""0.4800""}"
KXBTC15M-26APR271530-30,e3a302f1-3c7b-54a2-9166-25d89e71b5af,1777317313,0.54,1.79,yes,"{""count_fp"":""1.79"",""created_time"":""2026-04-27T19:15:13.965255Z"",""no_price_dollars"":""0.4600"",""taker_side"":""yes"",""ticker"":""KXBTC15M-26APR271530-30"",""trade_id"":""e3a302f1-3c7b-54a2-9166-25d89e71b5af"",""yes_price_dollars"":""0.5400""}"
KXBTC15M-26APR271530-30,b3dd0b8a-dfc3-7a94-b403-8dac21461604,1777317313,0.55,1.0,yes,"{""count_fp"":""1.00"",""created_time"":""2026-04-27T19:15:13.758847Z"",""no_price_dollars"":""0.4500"",""taker_side"":""yes"",""ticker"":""KXBTC15M-26APR271530-30"",""trade_id"":""b3dd0b8a-dfc3-7a94-b403-8dac21461604"",""yes_price_dollars"":""0.5500""}"
KXBTC15M-26APR271530-30,72cb6a2d-8a6b-4c4e-b9af-1d053ea158a0,1777317313,0.54,27.25,no,"{""count_fp"":""27.25"",""created_time"":""2026-04-27T19:15:13.611228Z"",""no_price_dollars"":""0.4600"",""taker_side"":""no"",""ticker"":""KXBTC15M-26APR271530-30"",""trade_id"":""72cb6a2d-8a6b-4c4e-b9af-1d053ea158a0"",""yes_price_dollars"":""0.5400""}"
KXBTC15M-26APR271530-30,5ae5a719-170f-4190-b887-a84ececaa6d7,1777317313,0.53,34.72,no,"{""count_fp"":""34.72"",""created_time"":""2026-04-27T19:15:13.611228Z"",""no_price_dollars"":""0.4700"",""taker_side"":""no"",""ticker"":""KXBTC15M-26APR271530-30"",""trade_id"":""5ae5a719-170f-4190-b887-a84ececaa6d7"",""yes_price_dollars"":""0.5300""}"
KXBTC15M-26APR271530-30,7fa18e63-fa89-64d8-e809-df6c7cef2875,1777317313,0.56,1.0,no,"{""count_fp"":""1.00"",""created_time"":""2026-04-27T19:15:13.426778Z"",""no_price_dollars"":""0.4400"",""taker_side"":""no"",""ticker"":""KXBTC15M-26APR271530-30"",""trade_id"":""7fa18e63-fa89-64d8-e809-df6c7cef2875"",""yes_price_dollars"":""0.5600""}"
KXBTC15M-26APR271530-30,3ce80383-3c3b-6de2-dfb7-650625c44ee8,1777317313,0.54,2.0,no,"{""count_fp"":""2.00"",""created_time"":""2026-04-27T19:15:13.426778Z"",""no_price_dollars"":""0.4600"",""taker_side"":""no"",""ticker"":""KXBTC15M-26APR271530-30"",""trade_id"":""3ce80383-3c3b-6de2-dfb7-650625c44ee8"",""yes_price_dollars"":""0.5400""}"
KXBTC15M-26APR271530-30,91651bf5-576b-6392-728c-4b99fafccfbc,1777317313,0.54,10.75,no,"{""count_fp"":""10.75"",""created_time"":""2026-04-27T19:15:13.116411Z"",""no_price_dollars"":""0.4600"",""taker_side"":""no"",""ticker"":""KXBTC15M-26APR271530-30"",""trade_id"":""91651bf5-576b-6392-728c-4b99fafccfbc"",""yes_price_dollars"":""0.5400""}"
KXBTC15M-26APR271530-30,8d49becd-a14f-652f-6a26-d04c615040ec,1777317313,0.56,40.0,no,"{""count_fp"":""40.00"",""created_time"":""2026-04-27T19:15:13.116411Z"",""no_price_dollars"":""0.4400"",""taker_side"":""no"",""ticker"":""KXBTC15M-26APR271530-30"",""trade_id"":""8d49becd-a14f-652f-6a26-d04c615040ec"",""yes_price_dollars"":""0.5600""}"
KXBTC15M-26APR271530-30,8229ef80-6f4d-61f0-443a-5469f6ef42bf,1777317313,0.55,40.0,no,"{""count_fp"":""40.00"",""created_time"":""2026-04-27T19:15:13.116411Z"",""no_price_dollars"":""0.4500"",""taker_side"":""no"",""ticker"":""KXBTC15M-26APR271530-30"",""trade_id"":""8229ef80-6f4d-61f0-443a-5469f6ef42bf"",""yes_price_dollars"":""0.5500""}"
KXBTC15M-26APR271530-30,ddf16bd6-ea82-45b4-90e7-0a4ef8776448,1777317313,0.54,25.56,yes,"{""count_fp"":""25.56"",""created_time"":""2026-04-27T19:15:13.011484Z"",""no_price_dollars"":""0.4600"",""taker_side"":""yes"",""ticker"":""KXBTC15M-26APR271530-30"",""trade_id"":""ddf16bd6-ea82-45b4-90e7-0a4ef8776448"",""yes_price_dollars"":""0.5400""}"
KXBTC15M-26APR271530-30,848a48cf-f34f-4040-8bd2-98c657530ecb,1777317313,0.55,49.74,yes,"{""count_fp"":""49.74"",""created_time"":""2026-04-27T19:15:13.011484Z"",""no_price_dollars"":""0.4500"",""taker_side"":""yes"",""ticker"":""KXBTC15M-26APR271530-30"",""trade_id"":""848a48cf-f34f-4040-8bd2-98c657530ecb"",""yes_price_dollars"":""0.5500""}"
KXBTC15M-26APR271530-30,54719766-b7cc-4f7a-bbb4-3b5db3d016ca,1777317313,0.54,23.0,yes,"{""count_fp"":""23.00"",""created_time"":""2026-04-27T19:15:13.011484Z"",""no_price_dollars"":""0.4600"",""taker_side"":""yes"",""ticker"":""KXBTC15M-26APR271530-30"",""trade_id"":""54719766-b7cc-4f7a-bbb4-3b5db3d016ca"",""yes_price_dollars"":""0.5400""}"
KXBTC15M-26APR271530-30,4177947f-5c5f-4f79-8af4-a695342e49d6,1777317313,0.55,1.0,yes,"{""count_fp"":""1.00"",""created_time"":""2026-04-27T19:15:13.011484Z"",""no_price_dollars"":""0.4500"",""taker_side"":""yes"",""ticker"":""KXBTC15M-26APR271530-30"",""trade_id"":""4177947f-5c5f-4f79-8af4-a695342e49d6"",""yes_price_dollars"":""0.5500""}"
KXBTC15M-26APR271530-30,14b2074e-196d-4159-83ea-a45e86dd71fd,1777317313,0.54,100.0,yes,"{""count_fp"":""100.00"",""created_time"":""2026-04-27T19:15:13.011484Z"",""no_price_dollars"":""0.4600"",""taker_side"":""yes"",""ticker"":""KXBTC15M-26APR271530-30"",""trade_id"":""14b2074e-196d-4159-83ea-a45e86dd71fd"",""yes_price_dollars"":""0.5400""}"
KXBTC15M-26APR271530-30,9ca4c629-40af-573b-0649-35d33cab257c,1777317314,0.49,7.0,no,"{""count_fp"":""7.00"",""created_time"":""2026-04-27T19:15:14.990995Z"",""no_price_dollars"":""0.5100"",""taker_side"":""no"",""ticker"":""KXBTC15M-26APR271530-30"",""trade_id"":""9ca4c629-40af-573b-0649-35d33cab257c"",""yes_price_dollars"":""0.4900""}"
KXBTC15M-26APR271530-30,9b331d92-cde1-65e2-ee57-5506eb13a3d8,1777317314,0.49,1.0,no,"{""count_fp"":""1.00"",""created_time"":""2026-04-27T19:15:14.811176Z"",""no_price_dollars"":""0.5100"",""taker_side"":""no"",""ticker"":""KXBTC15M-26APR271530-30"",""trade_id"":""9b331d92-cde1-65e2-ee57-5506eb13a3d8"",""yes_price_dollars"":""0.4900""}"
KXBTC15M-26APR271530-30,9e249e82-5855-5719-1695-c06d7978aeb9,1777317314,0.49,3.0,no,"{""count_fp"":""3.00"",""created_time"":""2026-04-27T19:15:14.732448Z"",""no_price_dollars"":""0.5100"",""taker_side"":""no"",""ticker"":""KXBTC15M-26APR271530-30"",""trade_id"":""9e249e82-5855-5719-1695-c06d7978aeb9"",""yes_price_dollars"":""0.4900""}"
KXBTC15M-26APR271530-30,229eb925-9d01-520a-33fb-ace94fd1738c,1777317314,0.49,2.0,no,"{""count_fp"":""2.00"",""created_time"":""2026-04-27T19:15:14.732448Z"",""no_price_dollars"":""0.5100"",""taker_side"":""no"",""ticker"":""KXBTC15M-26APR271530-30"",""trade_id"":""229eb925-9d01-520a-33fb-ace94fd1738c"",""yes_price_dollars"":""0.4900""}"
KXBTC15M-26APR271530-30,d9035539-aedf-6ff5-71ba-ecf622275f00,1777317314,0.5,10.0,yes,"{""count_fp"":""10.00"",""created_time"":""2026-04-27T19:15:14.724012Z"",""no_price_dollars"":""0.5000"",""taker_side"":""yes"",""ticker"":""KXBTC15M-26APR271530-30"",""trade_id"":""d9035539-aedf-6ff5-71ba-ecf622275f00"",""yes_price_dollars"":""0.5000""}"
KXBTC15M-26APR271530-30,5fceb874-0043-4c41-968b-06c233fa4d18,1777317314,0.5,8.81,yes,"{""count_fp"":""8.81"",""created_time"":""2026-04-27T19:15:14.616728Z"",""no_price_dollars"":""0.5000"",""taker_side"":""yes"",""ticker"":""KXBTC15M-26APR271530-30"",""trade_id"":""5fceb874-0043-4c41-968b-06c233fa4d18"",""yes_price_dollars"":""0.5000""}"
KXBTC15M-26APR271530-30,eaa4165c-fe56-717a-4a6c-4bc329006f01,1777317314,0.48,107.15,no,"{""count_fp"":""107.15"",""created_time"":""2026-04-27T19:15:14.371491Z"",""no_price_dollars"":""0.5200"",""taker_side"":""no"",""ticker"":""KXBTC15M-26APR271530-30"",""trade_id"":""eaa4165c-fe56-717a-4a6c-4bc329006f01"",""yes_price_dollars"":""0.4800""}"
KXBTC15M-26APR271530-30,adc0314b-7d10-7cba-728a-12543dd94a71,1777317314,0.49,3.0,no,"{""count_fp"":""3.00"",""created_time"":""2026-04-27T19:15:14.371491Z"",""no_price_dollars"":""0.5100"",""taker_side"":""no"",""ticker"":""KXBTC15M-26APR271530-30"",""trade_id"":""adc0314b-7d10-7cba-728a-12543dd94a71"",""yes_price_dollars"":""0.4900""}"
KXBTC15M-26APR271530-30,2aeede7e-770f-7320-6b74-d94ba150121c,1777317314,0.48,240.92,no,"{""count_fp"":""240.92"",""created_time"":""2026-04-27T19:15:14.371491Z"",""no_price_dollars"":""0.5200"",""taker_side"":""no"",""ticker"":""KXBTC15M-26APR271530-30"",""trade_id"":""2aeede7e-770f-7320-6b74-d94ba150121c"",""yes_price_dollars"":""0.4800""}"
KXBTC15M-26APR271530-30,b66c7e35-a30a-59d6-70ec-268b9068fe5d,1777317314,0.48,23.23,no,"{""count_fp"":""23.23"",""created_time"":""2026-04-27T19:15:14.176868Z"",""no_price_dollars"":""0.5200"",""taker_side"":""no"",""ticker"":""KXBTC15M-26APR271530-30"",""trade_id"":""b66c7e35-a30a-59d6-70ec-268b9068fe5d"",""yes_price_dollars"":""0.4800""}"
KXBTC15M-26APR271530-30,8c0f66a2-2a20-6abe-c8cc-f244d96ecdcd,1777317314,0.49,2.0,yes,"{""count_fp"":""2.00"",""created_time"":""2026-04-27T19:15:14.146636Z"",""no_price_dollars"":""0.5100"",""taker_side"":""yes"",""ticker"":""KXBTC15M-26APR271530-30"",""trade_id"":""8c0f66a2-2a20-6abe-c8cc-f244d96ecdcd"",""yes_price_dollars"":""0.4900""}"
KXBTC15M-26APR271530-30,fab026ac-782b-6874-8803-edf47877eaa7,1777317314,0.48,2.0,no,"{""count_fp"":""2.00"",""created_time"":""2026-04-27T19:15:14.138082Z"",""no_price_dollars"":""0.5200"",""taker_side"":""no"",""ticker"":""KXBTC15M-26APR271530-30"",""trade_id"":""fab026ac-782b-6874-8803-edf47877eaa7"",""yes_price_dollars"":""0.4800""}"
KXBTC15M-26APR271530-30,d0613035-fe11-6dec-92b8-fab40f94ae82,1777317314,0.48,5.0,no,"{""count_fp"":""5.00"",""created_time"":""2026-04-27T19:15:14.138082Z"",""no_price_dollars"":""0.5200"",""taker_side"":""no"",""ticker"":""KXBTC15M-26APR271530-30"",""trade_id"":""d0613035-fe11-6dec-92b8-fab40f94ae82"",""yes_price_dollars"":""0.4800""}"
KXBTC15M-26APR271530-30,b7439a1b-1316-6166-a6e9-ad6642926681,1777317314,0.48,19.62,no,"{""count_fp"":""19.62"",""created_time"":""2026-04-27T19:15:14.138082Z"",""no_price_dollars"":""0.5200"",""taker_side"":""no"",""ticker"":""KXBTC15M-26APR271530-30"",""trade_id"":""b7439a1b-1316-6166-a6e9-ad6642926681"",""yes_price_dollars"":""0.4800""}"
KXBTC15M-26APR271530-30,d83ceb5a-8698-489f-b3f6-0480cc38a419,1777317314,0.5,3.0,no,"{""count_fp"":""3.00"",""created_time"":""2026-04-27T19:15:14.109139Z"",""no_price_dollars"":""0.5000"",""taker_side"":""no"",""ticker"":""KXBTC15M-26APR271530-30"",""trade_id"":""d83ceb5a-8698-489f-b3f6-0480cc38a419"",""yes_price_dollars"":""0.5000""}"
KXBTC15M-26APR271530-30,26da0324-69ae-4a79-9728-0ffc154d3fa5,1777317314,0.5,1.0,no,"{""count_fp"":""1.00"",""created_time"":""2026-04-27T19:15:14.109139Z"",""no_price_dollars"":""0.5000"",""taker_side"":""no"",""ticker"":""KXBTC15M-26APR271530-30"",""trade_id"":""26da0324-69ae-4a79-9728-0ffc154d3fa5"",""yes_price_dollars"":""0.5000""}"
KXBTC15M-26APR271530-30,11b07364-2644-4328-b0e6-f9a8d8c6f1f7,1777317314,0.49,2.0,no,"{""count_fp"":""2.00"",""created_time"":""2026-04-27T19:15:14.109139Z"",""no_price_dollars"":""0.5100"",""taker_side"":""no"",""ticker"":""KXBTC15M-26APR271530-30"",""trade_id"":""11b07364-2644-4328-b0e6-f9a8d8c6f1f7"",""yes_price_dollars"":""0.4900""}"
KXBTC15M-26APR271530-30,dec295ef-f9b3-5105-3cfd-d140ed83b346,1777317314,0.51,3.0,no,"{""count_fp"":""3.00"",""created_time"":""2026-04-27T19:15:14.034935Z"",""no_price_dollars"":""0.4900"",""taker_side"":""no"",""ticker"":""KXBTC15M-26APR271530-30"",""trade_id"":""dec295ef-f9b3-5105-3cfd-d140ed83b346"",""yes_price_dollars"":""0.5100""}"
KXBTC15M-26APR271530-30,d0bd9709-9d23-5d79-3374-e1abe01aad6c,1777317314,0.51,8.0,no,"{""count_fp"":""8.00"",""created_time"":""2026-04-27T19:15:14.034935Z"",""no_price_dollars"":""0.4900"",""taker_side"":""no"",""ticker"":""KXBTC15M-26APR271530-30"",""trade_id"":""d0bd9709-9d23-5d79-3374-e1abe01aad6c"",""yes_price_dollars"":""0.5100""}"
KXBTC15M-26APR271530-30,f59c3522-b3c0-700b-2fe2-7a9ac860622c,1777317315,0.49,2.0,no,"{""count_fp"":""2.00"",""created_time"":""2026-04-27T19:15:15.815613Z"",""no_price_dollars"":""0.5100"",""taker_side"":""no"",""ticker"":""KXBTC15M-26APR271530-30"",""trade_id"":""f59c3522-b3c0-700b-2fe2-7a9ac860622c"",""yes_price_dollars"":""0.4900""}"
KXBTC15M-26APR271530-30,f1164be4-93e1-7f2c-2e67-dd3309927e69,1777317315,0.49,3.0,no,"{""count_fp"":""3.00"",""created_time"":""2026-04-27T19:15:15.815613Z"",""no_price_dollars"":""0.5100"",""taker_side"":""no"",""ticker"":""KXBTC15M-26APR271530-30"",""trade_id"":""f1164be4-93e1-7f2c-2e67-dd3309927e69"",""yes_price_dollars"":""0.4900""}"
KXBTC15M-26APR271530-30,338982c2-af0e-783f-0bd1-dde9f3ada1a8,1777317315,0.48,7.5,no,"{""count_fp"":""7.50"",""created_time"":""2026-04-27T19:15:15.815613Z"",""no_price_dollars"":""0.5200"",""taker_side"":""no"",""ticker"":""KXBTC15M-26APR271530-30"",""trade_id"":""338982c2-af0e-783f-0bd1-dde9f3ada1a8"",""yes_price_dollars"":""0.4800""}"
KXBTC15M-26APR271530-30,b55380c3-4e13-51a5-f07c-58d8910537ae,1777317315,0.5,30.21,yes,"{""count_fp"":""30.21"",""created_time"":""2026-04-27T19:15:15.625246Z"",""no_price_dollars"":""0.5000"",""taker_side"":""yes"",""ticker"":""KXBTC15M-26APR271530-30"",""trade_id"":""b55380c3-4e13-51a5-f07c-58d8910537ae"",""yes_price_dollars"":""0.5000""}"
KXBTC15M-26APR271530-30,9b00cbd2-e97d-5445-c2ad-79ef2990d3ab,1777317315,0.5,2.0,yes,"{""count_fp"":""2.00"",""created_time"":""2026-04-27T19:15:15.625246Z"",""no_price_dollars"":""0.5000"",""taker_side"":""yes"",""ticker"":""KXBTC15M-26APR271530-30"",""trade_id"":""9b00cbd2-e97d-5445-c2ad-79ef2990d3ab"",""yes_price_dollars"":""0.5000""}"
KXBTC15M-26APR271530-30,6918d1f7-00c6-5738-ea5b-63a0e08416dd,1777317315,0.5,12.79,yes,"{""count_fp"":""12.79"",""created_time"":""2026-04-27T19:15:15.625246Z"",""no_price_dollars"":""0.5000"",""taker_side"":""yes"",""ticker"":""KXBTC15M-26APR271530-30"",""trade_id"":""6918d1f7-00c6-5738-ea5b-63a0e08416dd"",""yes_price_dollars"":""0.5000""}"
KXBTC15M-26APR271530-30,775cd454-1b17-77b9-475f-1a0b46886e0a,1777317315,0.5,1.93,yes,"{""count_fp"":""1.93"",""created_time"":""2026-04-27T19:15:15.625148Z"",""no_price_dollars"":""0.5000"",""taker_side"":""yes"",""ticker"":""KXBTC15M-26APR271530-30"",""trade_id"":""775cd454-1b17-77b9-475f-1a0b46886e0a"",""yes_price_dollars"":""0.5000""}"
KXBTC15M-26APR271530-30,2495dc50-a8a7-71f1-3adc-39bf6fe4c0a6,1777317315,0.5,20.0,yes,"{""count_fp"":""20.00"",""created_time"":""2026-04-27T19:15:15.534743Z"",""no_price_dollars"":""0.5000"",""taker_side"":""yes"",""ticker"":""KXBTC15M-26APR271530-30"",""trade_id"":""2495dc50-a8a7-71f1-3adc-39bf6fe4c0a6"",""yes_price_dollars"":""0.5000""}"
KXBTC15M-26APR271530-30,e551c0c2-7977-52d9-8b3b-408e25581e9e,1777317315,0.5,3.86,yes,"{""count_fp"":""3.86"",""created_time"":""2026-04-27T19:15:15.423946Z"",""no_price_dollars"":""0.5000"",""taker_side"":""yes"",""ticker"":""KXBTC15M-26APR271530-30"",""trade_id"":""e551c0c2-7977-52d9-8b3b-408e25581e9e"",""yes_price_dollars"":""0.5000""}"
KXBTC15M-26APR271530-30,4e342be9-5b07-741f-b574-50f53cdb65dc,1777317315,0.49,33.0,no,"{""count_fp"":""33.00"",""created_time"":""2026-04-27T19:15:15.390729Z"",""no_price_dollars"":""0.5100"",""taker_side"":""no"",""ticker"":""KXBTC15M-26APR271530-30"",""trade_id"":""4e342be9-5b07-741f-b574-50f53cdb65dc"",""yes_price_dollars"":""0.4900""}"
KXBTC15M-26APR271530-30,2e96ad1d-8249-7103-b832-85f9a41759b8,1777317315,0.49,17.23,no,"{""count_fp"":""17.23"",""created_time"":""2026-04-27T19:15:15.390729Z"",""no_price_dollars"":""0.5100"",""taker_side"":""no"",""ticker"":""KXBTC15M-26APR271530-30"",""trade_id"":""2e96ad1d-8249-7103-b832-85f9a41759b8"",""yes_price_dollars"":""0.4900""}"
KXBTC15M-26APR271530-30,c9d075ce-96e8-6e45-e5b4-fe1e9c6f6995,1777317316,0.49,1.0,no,"{""count_fp"":""1.00"",""created_time"":""2026-04-27T19:15:16.414444Z"",""no_price_dollars"":""0.5100"",""taker_side"":""no"",""ticker"":""KXBTC15M-26APR271530-30"",""trade_id"":""c9d075ce-96e8-6e45-e5b4-fe1e9c6f6995"",""yes_price_dollars"":""0.4900""}"
KXBTC15M-26APR271530-30,4431f16c-e382-7ae0-3aa4-f81bb304271d,1777317316,0.5,19.32,yes,"{""count_fp"":""19.32"",""created_time"":""2026-04-27T19:15:16.397656Z"",""no_price_dollars"":""0.5000"",""taker_side"":""yes"",""ticker"":""KXBTC15M-26APR271530-30"",""trade_id"":""4431f16c-e382-7ae0-3aa4-f81bb304271d"",""yes_price_dollars"":""0.5000""}"
KXBTC15M-26APR271530-30,6ded1bbd-3fce-4ccc-0e80-8c8f9ffc169d,1777317316,0.5,1.76,yes,"{""count_fp"":""1.76"",""created_time"":""2026-04-27T19:15:16.352682Z"",""no_price_dollars"":""0.5000"",""taker_side"":""yes"",""ticker"":""KXBTC15M-26APR271530-30"",""trade_id"":""6ded1bbd-3fce-4ccc-0e80-8c8f9ffc169d"",""yes_price_dollars"":""0.5000""}"
KXBTC15M-26APR271530-30,de7e7889-3dba-7b70-7ac9-35c15f68d8a5,1777317316,0.5,1.0,yes,"{""count_fp"":""1.00"",""created_time"":""2026-04-27T19:15:16.215033Z"",""no_price_dollars"":""0.5000"",""taker_side"":""yes"",""ticker"":""KXBTC15M-26APR271530-30"",""trade_id"":""de7e7889-3dba-7b70-7ac9-35c15f68d8a5"",""yes_price_dollars"":""0.5000""}"
KXBTC15M-26APR271530-30,df488ce7-c7c9-56c7-8376-41686e2008e4,1777317317,0.48,1100.64,no,"{""count_fp"":""1100.64"",""created_time"":""2026-04-27T19:15:17.764177Z"",""no_price_dollars"":""0.5200"",""taker_side"":""no"",""ticker"":""KXBTC15M-26APR271530-30"",""trade_id"":""df488ce7-c7c9-56c7-8376-41686e2008e4"",""yes_price_dollars"":""0.4800""}"
KXBTC15M-26APR271530-30,dd6b18fb-f2b8-5a8b-836a-6ade434dfb16,1777317317,0.49,500.0,no,"{""count_fp"":""500.00"",""created_time"":""2026-04-27T19:15:17.764177Z"",""no_price_dollars"":""0.5100"",""taker_side"":""no"",""ticker"":""KXBTC15M-26APR271530-30"",""trade_id"":""dd6b18fb-f2b8-5a8b-836a-6ade434dfb16"",""yes_price_dollars"":""0.4900""}"
KXBTC15M-26APR271530-30,dadbdcdd-d548-5471-bb58-36cd58f729e1,1777317317,0.48,40.0,no,"{""count_fp"":""40.00"",""created_time"":""2026-04-27T19:15:17.764177Z"",""no_price_dollars"":""0.5200"",""taker_side"":""no"",""ticker"":""KXBTC15M-26APR271530-30"",""trade_id"":""dadbdcdd-d548-5471-bb58-36cd58f729e1"",""yes_price_dollars"":""0.4800""}"
KXBTC15M-26APR271530-30,a78f461d-3351-5f65-b14a-a973e4235bba,1777317317,0.49,40.0,no,"{""count_fp"":""40.00"",""created_time"":""2026-04-27T19:15:17.764177Z"",""no_price_dollars"":""0.5100"",""taker_side"":""no"",""ticker"":""KXBTC15M-26APR271530-30"",""trade_id"":""a78f461d-3351-5f65-b14a-a973e4235bba"",""yes_price_dollars"":""0.4900""}"
KXBTC15M-26APR271530-30,956851c1-1d1a-5543-b152-29d34f5dcda8,1777317317,0.49,40.0,no,"{""count_fp"":""40.00"",""created_time"":""2026-04-27T19:15:17.764177Z"",""no_price_dollars"":""0.5100"",""taker_side"":""no"",""ticker"":""KXBTC15M-26APR271530-30"",""trade_id"":""956851c1-1d1a-5543-b152-29d34f5dcda8"",""yes_price_dollars"":""0.4900""}"
KXBTC15M-26APR271530-30,8fc90fb0-041f-531d-857d-44780c5f5d7f,1777317317,0.5,100.0,no,"{""count_fp"":""100.00"",""created_time"":""2026-04-27T19:15:17.764177Z"",""no_price_dollars"":""0.5000"",""taker_side"":""no"",""ticker"":""KXBTC15M-26APR271530-30"",""trade_id"":""8fc90fb0-041f-531d-857d-44780c5f5d7f"",""yes_price_dollars"":""0.5000""}"
KXBTC15M-26APR271530-30,8e245933-dc3d-50ab-8802-80c7fd17a9bb,1777317317,0.49,3.0,no,"{""count_fp"":""3.00"",""created_time"":""2026-04-27T19:15:17.764177Z"",""no_price_dollars"":""0.5100"",""taker_side"":""no"",""ticker"":""KXBTC15M-26APR271530-30"",""trade_id"":""8e245933-dc3d-50ab-8802-80c7fd17a9bb"",""yes_price_dollars"":""0.4900""}"
KXBTC15M-26APR271530-30,833af3a3-a09d-50d6-99f1-2ac8eb691fd4,1777317317,0.48,6.01,no,"{""count_fp"":""6.01"",""created_time"":""2026-04-27T19:15:17.764177Z"",""no_price_dollars"":""0.5200"",""taker_side"":""no"",""ticker"":""KXBTC15M-26APR271530-30"",""trade_id"":""833af3a3-a09d-50d6-99f1-2ac8eb691fd4"",""yes_price_dollars"":""0.4800""}"
KXBTC15M-26APR271530-30,d7cd306d-6074-5efa-c6a5-dfb1ba50269d,1777317317,0.5,9.3,no,"{""count_fp"":""9.30"",""created_time"":""2026-04-27T19:15:17.653793Z"",""no_price_dollars"":""0.5000"",""taker_side"":""no"",""ticker"":""KXBTC15M-26APR271530-30"",""trade_id"":""d7cd306d-6074-5efa-c6a5-dfb1ba50269d"",""yes_price_dollars"":""0.5000""}"
KXBTC15M-26APR271530-30,60f68f0d-a028-68f2-3647-4c4ea88f8115,1777317317,0.5,5.66,no,"{""count_fp"":""5.66"",""created_time"":""2026-04-27T19:15:17.610626Z"",""no_price_dollars"":""0.5000"",""taker_side"":""no"",""ticker"":""KXBTC15M-26APR271530-30"",""trade_id"":""60f68f0d-a028-68f2-3647-4c4ea88f8115"",""yes_price_dollars"":""0.5000""}"
KXBTC15M-26APR271530-30,f623be2a-0626-754a-8012-e858596d7f01,1777317317,0.5,30.42,yes,"{""count_fp"":""30.42"",""created_time"":""2026-04-27T19:15:17.486735Z"",""no_price_dollars"":""0.5000"",""taker_side"":""yes"",""ticker"":""KXBTC15M-26APR271530-30"",""trade_id"":""f623be2a-0626-754a-8012-e858596d7f01"",""yes_price_dollars"":""0.5000""}"
KXBTC15M-26APR271530-30,f372ea08-2435-7d0b-962a-b47950f79f76,1777317317,0.52,400.0,yes,"{""count_fp"":""400.00"",""created_time"":""2026-04-27T19:15:17.486735Z"",""no_price_dollars"":""0.4800"",""taker_side"":""yes"",""ticker"":""KXBTC15M-26APR271530-30"",""trade_id"":""f372ea08-2435-7d0b-962a-b47950f79f76"",""yes_price_dollars"":""0.5200""}"
KXBTC15M-26APR271530-30,d7827625-8198-79b2-aad2-56b15b0a4de8,1777317317,0.51,3.0,yes,"{""count_fp"":""3.00"",""created_time"":""2026-04-27T19:15:17.486735Z"",""no_price_dollars"":""0.4900"",""taker_side"":""yes"",""ticker"":""KXBTC15M-26APR271530-30"",""trade_id"":""d7827625-8198-79b2-aad2-56b15b0a4de8"",""yes_price_dollars"":""0.5100""}"
KXBTC15M-26APR271530-30,6bbb3bfc-cc0b-75be-9a73-30c09ba9e2a2,1777317317,0.5,1.0,yes,"{""count_fp"":""1.00"",""created_time"":""2026-04-27T19:15:17.486735Z"",""no_price_dollars"":""0.5000"",""taker_side"":""yes"",""ticker"":""KXBTC15M-26APR271530-30"",""trade_id"":""6bbb3bfc-cc0b-75be-9a73-30c09ba9e2a2"",""yes_price_dollars"":""0.5000""}"
KXBTC15M-26APR271530-30,6911c380-5bcb-7722-ace5-14f46ddd244c,1777317317,0.51,17.7,yes,"{""count_fp"":""17.70"",""created_time"":""2026-04-27T19:15:17.486735Z"",""no_price_dollars"":""0.4900"",""taker_side"":""yes"",""ticker"":""KXBTC15M-26APR271530-30"",""trade_id"":""6911c380-5bcb-7722-ace5-14f46ddd244c"",""yes_price_dollars"":""0.5100""}"
KXBTC15M-26APR271530-30,5cf381be-c069-753e-8c53-f99647e8b9fa,1777317317,0.52,40.0,yes,"{""count_fp"":""40.00"",""created_time"":""2026-04-27T19:15:17.486735Z"",""no_price_dollars"":""0.4800"",""taker_side"":""yes"",""ticker"":""KXBTC15M-26APR271530-30"",""trade_id"":""5cf381be-c069-753e-8c53-f99647e8b9fa"",""yes_price_dollars"":""0.5200""}"
KXBTC15M-26APR271530-30,4ebbf7a1-10a6-7dce-ba71-0210cb1cef9a,1777317317,0.51,10.0,yes,"{""count_fp"":""10.00"",""created_time"":""2026-04-27T19:15:17.486735Z"",""no_price_dollars"":""0.4900"",""taker_side"":""yes"",""ticker"":""KXBTC15M-26APR271530-30"",""trade_id"":""4ebbf7a1-10a6-7dce-ba71-0210cb1cef9a"",""yes_price_dollars"":""0.5100""}"
KXBTC15M-26APR271530-30,3b0c47ad-38f4-7ba8-a082-174cff800249,1777317317,0.53,2.73,yes,"{""count_fp"":""2.73"",""created_time"":""2026-04-27T19:15:17.486735Z"",""no_price_dollars"":""0.4700"",""taker_side"":""yes"",""ticker"":""KXBTC15M-26APR271530-30"",""trade_id"":""3b0c47ad-38f4-7ba8-a082-174cff800249"",""yes_price_dollars"":""0.5300""}"
KXBTC15M-26APR271530-30,24314256-52d2-7706-e420-0acab6c5e819,1777317317,0.5,9.58,yes,"{""count_fp"":""9.58"",""created_time"":""2026-04-27T19:15:17.274849Z"",""no_price_dollars"":""0.5000"",""taker_side"":""yes"",""ticker"":""KXBTC15M-26APR271530-30"",""trade_id"":""24314256-52d2-7706-e420-0acab6c5e819"",""yes_price_dollars"":""0.5000""}"
KXBTC15M-26APR271530-30,f5fcf07b-5837-5ff6-c551-f347b50d1068,1777317317,0.49,3.0,no,"{""count_fp"":""3.00"",""created_time"":""2026-04-27T19:15:17.193086Z"",""no_price_dollars"":""0.5100"",""taker_side"":""no"",""ticker"":""KXBTC15M-26APR271530-30"",""trade_id"":""f5fcf07b-5837-5ff6-c551-f347b50d1068"",""yes_price_dollars"":""0.4900""}"
KXBTC15M-26APR271530-30,dc1ccd0d-93a8-5276-e74d-a2e0ef36ccea,1777317317,0.48,5.0,no,"{""count_fp"":""5.00"",""created_time"":""2026-04-27T19:15:17.193086Z"",""no_price_dollars"":""0.5200"",""taker_side"":""no"",""ticker"":""KXBTC15M-26APR271530-30"",""trade_id"":""dc1ccd0d-93a8-5276-e74d-a2e0ef36ccea"",""yes_price_dollars"":""0.4800""}"
KXBTC15M-26APR271530-30,6485d1fa-db2c-5b25-ccc0-b59e373bd8c9,1777317317,0.49,1.0,no,"{""count_fp"":""1.00"",""created_time"":""2026-04-27T19:15:17.193086Z"",""no_price_dollars"":""0.5100"",""taker_side"":""no"",""ticker"":""KXBTC15M-26APR271530-30"",""trade_id"":""6485d1fa-db2c-5b25-ccc0-b59e373bd8c9"",""yes_price_dollars"":""0.4900""}"
KXBTC15M-26APR271530-30,411d59b3-3949-5cbf-c378-169aba3c8f60,1777317317,0.48,2.0,no,"{""count_fp"":""2.00"",""created_time"":""2026-04-27T19:15:17.193086Z"",""no_price_dollars"":""0.5200"",""taker_side"":""no"",""ticker"":""KXBTC15M-26APR271530-30"",""trade_id"":""411d59b3-3949-5cbf-c378-169aba3c8f60"",""yes_price_dollars"":""0.4800""}"
KXBTC15M-26APR271530-30,29eee297-6199-5ecb-e64f-4aaa54786642,1777317317,0.49,6.0,no,"{""count_fp"":""6.00"",""created_time"":""2026-04-27T19:15:17.193086Z"",""no_price_dollars"":""0.5100"",""taker_side"":""no"",""ticker"":""KXBTC15M-26APR271530-30"",""trade_id"":""29eee297-6199-5ecb-e64f-4aaa54786642"",""yes_price_dollars"":""0.4900""}"
KXBTC15M-26APR271530-30,10b9ce9c-62e7-5fda-c5fe-45093519beb3,1777317317,0.48,33.0,no,"{""count_fp"":""33.00"",""created_time"":""2026-04-27T19:15:17.193086Z"",""no_price_dollars"":""0.5200"",""taker_side"":""no"",""ticker"":""KXBTC15M-26APR271530-30"",""trade_id"":""10b9ce9c-62e7-5fda-c5fe-45093519beb3"",""yes_price_dollars"":""0.4800""}"
KXBTC15M-26APR271530-30,ca3a14f4-a151-5f36-35c2-f590b36d8041,1777317317,0.5,1.0,yes,"{""count_fp"":""1.00"",""created_time"":""2026-04-27T19:15:17.182079Z"",""no_price_dollars"":""0.5000"",""taker_side"":""yes"",""ticker"":""KXBTC15M-26APR271530-30"",""trade_id"":""ca3a14f4-a151-5f36-35c2-f590b36d8041"",""yes_price_dollars"":""0.5000""}"
KXBTC15M-26APR271530-30,82240ac1-9f0a-52b8-3999-38b0b319d629,1777317317,0.5,5.13,yes,"{""count_fp"":""5.13"",""created_time"":""2026-04-27T19:15:17.182079Z"",""no_price_dollars"":""0.5000"",""taker_side"":""yes"",""ticker"":""KXBTC15M-26APR271530-30"",""trade_id"":""82240ac1-9f0a-52b8-3999-38b0b319d629"",""yes_price_dollars"":""0.5000""}"
KXBTC15M-26APR271530-30,3e521c25-f71e-5fb1-22f3-67f893804e95,1777317317,0.5,10.0,yes,"{""count_fp"":""10.00"",""created_time"":""2026-04-27T19:15:17.182079Z"",""no_price_dollars"":""0.5000"",""taker_side"":""yes"",""ticker"":""KXBTC15M-26APR271530-30"",""trade_id"":""3e521c25-f71e-5fb1-22f3-67f893804e95"",""yes_price_dollars"":""0.5000""}"
KXBTC15M-26APR271530-30,3c85d069-010b-5152-027d-dbe8a925d100,1777317317,0.51,22.3,yes,"{""count_fp"":""22.30"",""created_time"":""2026-04-27T19:15:17.182079Z"",""no_price_dollars"":""0.4900"",""taker_side"":""yes"",""ticker"":""KXBTC15M-26APR271530-30"",""trade_id"":""3c85d069-010b-5152-027d-dbe8a925d100"",""yes_price_dollars"":""0.5100""}"
KXBTC15M-26APR271530-30,7b21a8ca-4823-6589-c584-c1e27664763e,1777317318,0.5,6.01,yes,"{""count_fp"":""6.01"",""created_time"":""2026-04-27T19:15:18.777273Z"",""no_price_dollars"":""0.5000"",""taker_side"":""yes"",""ticker"":""KXBTC15M-26APR271530-30"",""trade_id"":""7b21a8ca-4823-6589-c584-c1e27664763e"",""yes_price_dollars"":""0.5000""}"
KXBTC15M-26APR271530-30,5bcc59a0-3a63-6903-f553-175d08d75a20,1777317318,0.51,30.45,yes,"{""count_fp"":""30.45"",""created_time"":""2026-04-27T19:15:18.777273Z"",""no_price_dollars"":""0.4900"",""taker_side"":""yes"",""ticker"":""KXBTC15M-26APR271530-30"",""trade_id"":""5bcc59a0-3a63-6903-f553-175d08d75a20"",""yes_price_dollars"":""0.5100""}"
KXBTC15M-26APR271530-30,172075e2-fe65-69af-c490-9d4a38debfc6,1777317318,0.51,1.0,yes,"{""count_fp"":""1.00"",""created_time"":""2026-04-27T19:15:18.777273Z"",""no_price_dollars"":""0.4900"",""taker_side"":""yes"",""ticker"":""KXBTC15M-26APR271530-30"",""trade_id"":""172075e2-fe65-69af-c490-9d4a38debfc6"",""yes_price_dollars"":""0.5100""}"
KXBTC15M-26APR271530-30,b62ba679-15a3-744e-a9e1-7b52ace08575,1777317318,0.5,18.85,yes,"{""count_fp"":""18.85"",""created_time"":""2026-04-27T19:15:18.664456Z"",""no_price_dollars"":""0.5000"",""taker_side"":""yes"",""ticker"":""KXBTC15M-26APR271530-30"",""trade_id"":""b62ba679-15a3-744e-a9e1-7b52ace08575"",""yes_price_dollars"":""0.5000""}"
KXBTC15M-26APR271530-30,7e2047dd-0eea-56d7-f0b9-93075ad40a02,1777317318,0.49,0.89,no,"{""count_fp"":""0.89"",""created_time"":""2026-04-27T19:15:18.265229Z"",""no_price_dollars"":""0.5100"",""taker_side"":""no"",""ticker"":""KXBTC15M-26APR271530-30"",""trade_id"":""7e2047dd-0eea-56d7-f0b9-93075ad40a02"",""yes_price_dollars"":""0.4900""}"
KXBTC15M-26APR271530-30,10cf2453-b46d-59ab-cbbe-960ff1e5ff3d,1777317318,0.49,1.0,no,"{""count_fp"":""1.00"",""created_time"":""2026-04-27T19:15:18.265229Z"",""no_price_dollars"":""0.5100"",""taker_side"":""no"",""ticker"":""KXBTC15M-26APR271530-30"",""trade_id"":""10cf2453-b46d-59ab-cbbe-960ff1e5ff3d"",""yes_price_dollars"":""0.4900""}"
KXBTC15M-26APR271530-30,d71b5f30-23b5-54d6-999c-2d2cb11c517c,1777317319,0.5,179.19,no,"{""count_fp"":""179.19"",""created_time"":""2026-04-27T19:15:19.934619Z"",""no_price_dollars"":""0.5000"",""taker_side"":""no"",""ticker"":""KXBTC15M-26APR271530-30"",""trade_id"":""d71b5f30-23b5-54d6-999c-2d2cb11c517c"",""yes_price_dollars"":""0.5000""}"
KXBTC15M-26APR271530-30,6f72848e-0afe-5cff-a652-de1134f44a53,1777317319,0.5,90.0,no,"{""count_fp"":""90.00"",""created_time"":""2026-04-27T19:15:19.934619Z"",""no_price_dollars"":""0.5000"",""taker_side"":""no"",""ticker"":""KXBTC15M-26APR271530-30"",""trade_id"":""6f72848e-0afe-5cff-a652-de1134f44a53"",""yes_price_dollars"":""0.5000""}"
KXBTC15M-26APR271530-30,6a800ef3-1e32-5af7-acdf-89b3721ddcfb,1777317319,0.5,10.0,no,"{""count_fp"":""10.00"",""created_time"":""2026-04-27T19:15:19.579301Z"",""no_price_dollars"":""0.5000"",""taker_side"":""no"",""ticker"":""KXBTC15M-26APR271530-30"",""trade_id"":""6a800ef3-1e32-5af7-acdf-89b3721ddcfb"",""yes_price_dollars"":""0.5000""}"
KXBTC15M-26APR271530-30,8657ee34-a9de-5a11-fb34-ffdc0d5ff375,1777317319,0.51,2.0,yes,"{""count_fp"":""2.00"",""created_time"":""2026-04-27T19:15:19.525598Z"",""no_price_dollars"":""0.4900"",""taker_side"":""yes"",""ticker"":""KXBTC15M-26APR271530-30"",""trade_id"":""8657ee34-a9de-5a11-fb34-ffdc0d5ff375"",""yes_price_dollars"":""0.5100""}"
KXBTC15M-26APR271530-30,c97b8bb7-db66-416b-bffa-1844fece3e62,1777317319,0.51,3.0,yes,"{""count_fp"":""3.00"",""created_time"":""2026-04-27T19:15:19.470882Z"",""no_price_dollars"":""0.4900"",""taker_side"":""yes"",""ticker"":""KXBTC15M-26APR271530-30"",""trade_id"":""c97b8bb7-db66-416b-bffa-1844fece3e62"",""yes_price_dollars"":""0.5100""}"
KXBTC15M-26APR271530-30,c0a758e7-de50-4b24-88e6-e04aaa92aab3,1777317319,0.51,47.07,yes,"{""count_fp"":""47.07"",""created_time"":""2026-04-27T19:15:19.470882Z"",""no_price_dollars"":""0.4900"",""taker_side"":""yes"",""ticker"":""KXBTC15M-26APR271530-30"",""trade_id"":""c0a758e7-de50-4b24-88e6-e04aaa92aab3"",""yes_price_dollars"":""0.5100""}"
KXBTC15M-26APR271530-30,add9fdbe-d1ce-4745-b916-0260fe78136d,1777317319,0.51,107.99,yes,"{""count_fp"":""107.99"",""created_time"":""2026-04-27T19:15:19.470882Z"",""no_price_dollars"":""0.4900"",""taker_side"":""yes"",""ticker"":""KXBTC15M-26APR271530-30"",""trade_id"":""add9fdbe-d1ce-4745-b916-0260fe78136d"",""yes_price_dollars"":""0.5100""}"
KXBTC15M-26APR271530-30,92e7c094-dc96-403d-9b70-e5066862bd39,1777317319,0.51,31.48,yes,"{""count_fp"":""31.48"",""created_time"":""2026-04-27T19:15:19.470882Z"",""no_price_dollars"":""0.4900"",""taker_side"":""yes"",""ticker"":""KXBTC15M-26APR271530-30"",""trade_id"":""92e7c094-dc96-403d-9b70-e5066862bd39"",""yes_price_dollars"":""0.5100""}"
KXBTC15M-26APR271530-30,7a32ae9a-8e66-7ee5-7f51-95388a462e1c,1777317319,0.5,1.0,no,"{""count_fp"":""1.00"",""created_time"":""2026-04-27T19:15:19.360677Z"",""no_price_dollars"":""0.5000"",""taker_side"":""no"",""ticker"":""KXBTC15M-26APR271530-30"",""trade_id"":""7a32ae9a-8e66-7ee5-7f51-95388a462e1c"",""yes_price_dollars"":""0.5000""}"
KXBTC15M-26APR271530-30,ef46f49c-41bf-5894-5f37-abf15deb4b28,1777317319,0.49,197.77,no,"{""count_fp"":""197.77"",""created_time"":""2026-04-27T19:15:19.072741Z"",""no_price_dollars"":""0.5100"",""taker_side"":""no"",""ticker"":""KXBTC15M-26APR271530-30"",""trade_id"":""ef46f49c-41bf-5894-5f37-abf15deb4b28"",""yes_price_dollars"":""0.4900""}"
KXBTC15M-26APR271530-30,d64041ad-6419-58cf-6fd1-dd8317fa31a7,1777317319,0.5,40.0,no,"{""count_fp"":""40.00"",""created_time"":""2026-04-27T19:15:19.072741Z"",""no_price_dollars"":""0.5000"",""taker_side"":""no"",""ticker"":""KXBTC15M-26APR271530-30"",""trade_id"":""d64041ad-6419-58cf-6fd1-dd8317fa31a7"",""yes_price_dollars"":""0.5000""}"
KXBTC15M-26APR271530-30,afd76082-cc3e-5a23-73e7-20827db26e0a,1777317319,0.5,99.11,no,"{""count_fp"":""99.11"",""created_time"":""2026-04-27T19:15:19.072741Z"",""no_price_dollars"":""0.5000"",""taker_side"":""no"",""ticker"":""KXBTC15M-26APR271530-30"",""trade_id"":""afd76082-cc3e-5a23-73e7-20827db26e0a"",""yes_price_dollars"":""0.5000""}"
KXBTC15M-26APR271530-30,22ce612c-f31e-58d9-6c53-fdbf5f4a7315,1777317319,0.5,500.0,no,"{""count_fp"":""500.00"",""created_time"":""2026-04-27T19:15:19.072741Z"",""no_price_dollars"":""0.5000"",""taker_side"":""no"",""ticker"":""KXBTC15M-26APR271530-30"",""trade_id"":""22ce612c-f31e-58d9-6c53-fdbf5f4a7315"",""yes_price_dollars"":""0.5000""}"
KXBTC15M-26APR271530-30,1043311e-06cd-56e2-78eb-f58f67bf4d18,1777317319,0.5,107.99,no,"{""count_fp"":""107.99"",""created_time"":""2026-04-27T19:15:19.072741Z"",""no_price_dollars"":""0.5000"",""taker_side"":""no"",""ticker"":""KXBTC15M-26APR271530-30"",""trade_id"":""1043311e-06cd-56e2-78eb-f58f67bf4d18"",""yes_price_dollars"":""0.5000""}"
KXBTC15M-26APR271530-30,017b860d-6dc2-5fd3-41f8-f3005391b6e1,1777317319,0.5,3.0,no,"{""count_fp"":""3.00"",""created_time"":""2026-04-27T19:15:19.072741Z"",""no_price_dollars"":""0.5000"",""taker_side"":""no"",""ticker"":""KXBTC15M-26APR271530-30"",""trade_id"":""017b860d-6dc2-5fd3-41f8-f3005391b6e1"",""yes_price_dollars"":""0.5000""}"
KXBTC15M-26APR271530-30,8f814e25-0e3e-7ee5-d790-4c84d3d849f1,1777317320,0.51,18.95,yes,"{""count_fp"":""18.95"",""created_time"":""2026-04-27T19:15:20.439706Z"",""no_price_dollars"":""0.4900"",""taker_side"":""yes"",""ticker"":""KXBTC15M-26APR271530-30"",""trade_id"":""8f814e25-0e3e-7ee5-d790-4c84d3d849f1"",""yes_price_dollars"":""0.5100""}"
KXBTC15M-26APR271530-30,7a28c2a3-fd11-5eee-d89d-4f0eb0a31aa0,1777317320,0.5,191.48,no,"{""count_fp"":""191.48"",""created_time"":""2026-04-27T19:15:20.306026Z"",""no_price_dollars"":""0.5000"",""taker_side"":""no"",""ticker"":""KXBTC15M-26APR271530-30"",""trade_id"":""7a28c2a3-fd11-5eee-d89d-4f0eb0a31aa0"",""yes_price_dollars"":""0.5000""}"
KXBTC15M-26APR271530-30,05390e4f-f712-5039-54ad-6104240fb4f1,1777317320,0.51,5.69,yes,"{""count_fp"":""5.69"",""created_time"":""2026-04-27T19:15:20.150965Z"",""no_price_dollars"":""0.4900"",""taker_side"":""yes"",""ticker"":""KXBTC15M-26APR271530-30"",""trade_id"":""05390e4f-f712-5039-54ad-6104240fb4f1"",""yes_price_dollars"":""0.5100""}"
KXBTC15M-26APR271530-30,3b9d3cde-3759-5696-8d91-58275a514198,1777317320,0.5,13.57,no,"{""count_fp"":""13.57"",""created_time"":""2026-04-27T19:15:20.093263Z"",""no_price_dollars"":""0.5000"",""taker_side"":""no"",""ticker"":""KXBTC15M-26APR271530-30"",""trade_id"":""3b9d3cde-3759-5696-8d91-58275a514198"",""yes_price_dollars"":""0.5000""}"
KXBTC15M-26APR271530-30,85deef5a-5e44-67ac-a3e9-36f9636c0600,1777317321,0.5,0.94,yes,"{""count_fp"":""0.94"",""created_time"":""2026-04-27T19:15:21.712223Z"",""no_price_dollars"":""0.5000"",""taker_side"":""yes"",""ticker"":""KXBTC15M-26APR271530-30"",""trade_id"":""85deef5a-5e44-67ac-a3e9-36f9636c0600"",""yes_price_dollars"":""0.5000""}"
KXBTC15M-26APR271530-30,a07769cc-70cf-47c0-011a-4f213208af4d,1777317321,0.5,4.84,no,"{""count_fp"":""4.84"",""created_time"":""2026-04-27T19:15:21.509585Z"",""no_price_dollars"":""0.5000"",""taker_side"":""no"",""ticker"":""KXBTC15M-26APR271530-30"",""trade_id"":""a07769cc-70cf-47c0-011a-4f213208af4d"",""yes_price_dollars"":""0.5000""}"
KXBTC15M-26APR271530-30,a11d3ffc-404b-54fc-42bd-4936ee2082ed,1777317321,0.5,5.16,no,"{""count_fp"":""5.16"",""created_time"":""2026-04-27T19:15:21.496107Z"",""no_price_dollars"":""0.5000"",""taker_side"":""no"",""ticker"":""KXBTC15M-26APR271530-30"",""trade_id"":""a11d3ffc-404b-54fc-42bd-4936ee2082ed"",""yes_price_dollars"":""0.5000""}"
KXBTC15M-26APR271530-30,53724fa8-3700-52cf-4430-f323ff76fc16,1777317321,0.5,41.71,no,"{""count_fp"":""41.71"",""created_time"":""2026-04-27T19:15:21.496107Z"",""no_price_dollars"":""0.5000"",""taker_side"":""no"",""ticker"":""KXBTC15M-26APR271530-30"",""trade_id"":""53724fa8-3700-52cf-4430-f323ff76fc16"",""yes_price_dollars"":""0.5000""}"
KXBTC15M-26APR271530-30,cf9a5ee1-ed8c-4a3b-50d1-f441607066a2,1777317321,0.5,42.85,no,"{""count_fp"":""42.85"",""created_time"":""2026-04-27T19:15:21.491977Z"",""no_price_dollars"":""0.5000"",""taker_side"":""no"",""ticker"":""KXBTC15M-26APR271530-30"",""trade_id"":""cf9a5ee1-ed8c-4a3b-50d1-f441607066a2"",""yes_price_dollars"":""0.5000""}"
KXBTC15M-26APR271530-30,38db95f2-4e82-6a19-8d58-b6a04a57c499,1777317321,0.51,1.0,yes,"{""count_fp"":""1.00"",""created_time"":""2026-04-27T19:15:21.248867Z"",""no_price_dollars"":""0.4900"",""taker_side"":""yes"",""ticker"":""KXBTC15M-26APR271530-30"",""trade_id"":""38db95f2-4e82-6a19-8d58-b6a04a57c499"",""yes_price_dollars"":""0.5100""}"
KXBTC15M-26APR271530-30,da540f50-8d10-58bb-8ab0-06b1d3ff30f6,1777317321,0.5,5.78,no,"{""count_fp"":""5.78"",""created_time"":""2026-04-27T19:15:21.085216Z"",""no_price_dollars"":""0.5000"",""taker_side"":""no"",""ticker"":""KXBTC15M-26APR271530-30"",""trade_id"":""da540f50-8d10-58bb-8ab0-06b1d3ff30f6"",""yes_price_dollars"":""0.5000""}"
KXBTC15M-26APR271530-30,d13adfc4-4c41-51e2-ad78-f3cf8e934e88,1777317321,0.5,106.29,no,"{""count_fp"":""106.29"",""created_time"":""2026-04-27T19:15:21.085216Z"",""no_price_dollars"":""0.5000"",""taker_side"":""no"",""ticker"":""KXBTC15M-26APR271530-30"",""trade_id"":""d13adfc4-4c41-51e2-ad78-f3cf8e934e88"",""yes_price_dollars"":""0.5000""}"
KXBTC15M-26APR271530-30,8723fa4a-0add-6e1e-9766-11b2360f95a8,1777317321,0.5,9.47,no,"{""count_fp"":""9.47"",""created_time"":""2026-04-27T19:15:21.065734Z"",""no_price_dollars"":""0.5000"",""taker_side"":""no"",""ticker"":""KXBTC15M-26APR271530-30"",""trade_id"":""8723fa4a-0add-6e1e-9766-11b2360f95a8"",""yes_price_dollars"":""0.5000""}"
KXBTC15M-26APR271530-30,c3629b93-d08d-453a-85cf-02289d013164,1777317322,0.5,3.0,yes,"{""count_fp"":""3.00"",""created_time"":""2026-04-27T19:15:22.845479Z"",""no_price_dollars"":""0.5000"",""taker_side"":""yes"",""ticker"":""KXBTC15M-26APR271530-30"",""trade_id"":""c3629b93-d08d-453a-85cf-02289d013164"",""yes_price_dollars"":""0.5000""}"
KXBTC15M-26APR271530-30,95f0ade6-8e20-56f4-32e1-afaa49a31e10,1777317322,0.5,15.0,yes,"{""count_fp"":""15.00"",""created_time"":""2026-04-27T19:15:22.437709Z"",""no_price_dollars"":""0.5000"",""taker_side"":""yes"",""ticker"":""KXBTC15M-26APR271530-30"",""trade_id"":""95f0ade6-8e20-56f4-32e1-afaa49a31e10"",""yes_price_dollars"":""0.5000""}"
KXBTC15M-26APR271530-30,d7b163f4-72a3-5a9c-03cb-29d605639587,1777317323,0.49,13.48,no,"{""count_fp"":""13.48"",""created_time"":""2026-04-27T19:15:23.771441Z"",""no_price_dollars"":""0.5100"",""taker_side"":""no"",""ticker"":""KXBTC15M-26APR271530-30"",""trade_id"":""d7b163f4-72a3-5a9c-03cb-29d605639587"",""yes_price_dollars"":""0.4900""}"
KXBTC15M-26APR271530-30,8f4fbef6-b0ad-5a63-14ff-c3373e59843a,1777317323,0.49,100.0,no,"{""count_fp"":""100.00"",""created_time"":""2026-04-27T19:15:23.771441Z"",""no_price_dollars"":""0.5100"",""taker_side"":""no"",""ticker"":""KXBTC15M-26APR271530-30"",""trade_id"":""8f4fbef6-b0ad-5a63-14ff-c3373e59843a"",""yes_price_dollars"":""0.4900""}"
KXBTC15M-26APR271530-30,fc897d9f-2cc9-4584-e306-56134949f89d,1777317323,0.5,1.93,yes,"{""count_fp"":""1.93"",""created_time"":""2026-04-27T19:15:23.661747Z"",""no_price_dollars"":""0.5000"",""taker_side"":""yes"",""ticker"":""KXBTC15M-26APR271530-30"",""trade_id"":""fc897d9f-2cc9-4584-e306-56134949f89d"",""yes_price_dollars"":""0.5000""}"
KXBTC15M-26APR271530-30,475dfd87-a586-66bf-0a78-63f461ea6d31,1777317323,0.5,0.7,yes,"{""count_fp"":""0.70"",""created_time"":""2026-04-27T19:15:23.516618Z"",""no_price_dollars"":""0.5000"",""taker_side"":""yes"",""ticker"":""KXBTC15M-26APR271530-30"",""trade_id"":""475dfd87-a586-66bf-0a78-63f461ea6d31"",""yes_price_dollars"":""0.5000""}"
KXBTC15M-26APR271530-30,2599adda-bfcc-65f9-31db-6f16b2a87f2a,1777317323,0.5,1.61,yes,"{""count_fp"":""1.61"",""created_time"":""2026-04-27T19:15:23.516618Z"",""no_price_dollars"":""0.5000"",""taker_side"":""yes"",""ticker"":""KXBTC15M-26APR271530-30"",""trade_id"":""2599adda-bfcc-65f9-31db-6f16b2a87f2a"",""yes_price_dollars"":""0.5000""}"
KXBTC15M-26APR271530-30,5a919034-5e11-5e82-e099-4ebfcbad4298,1777317324,0.49,12.0,no,"{""count_fp"":""12.00"",""created_time"":""2026-04-27T19:15:24.993598Z"",""no_price_dollars"":""0.5100"",""taker_side"":""no"",""ticker"":""KXBTC15M-26APR271530-30"",""trade_id"":""5a919034-5e11-5e82-e099-4ebfcbad4298"",""yes_price_dollars"":""0.4900""}"
KXBTC15M-26APR271530-30,def6f57d-9285-55fc-30d1-f3caf40c93d8,1777317324,0.5,19.21,yes,"{""count_fp"":""19.21"",""created_time"":""2026-04-27T19:15:24.917263Z"",""no_price_dollars"":""0.5000"",""taker_side"":""yes"",""ticker"":""KXBTC15M-26APR271530-30"",""trade_id"":""def6f57d-9285-55fc-30d1-f3caf40c93d8"",""yes_price_dollars"":""0.5000""}"
KXBTC15M-26APR271530-30,ef3c8e54-6a1d-7eca-d42b-3a47242c39d4,1777317324,0.49,37.24,no,"{""count_fp"":""37.24"",""created_time"":""2026-04-27T19:15:24.610223Z"",""no_price_dollars"":""0.5100"",""taker_side"":""no"",""ticker"":""KXBTC15M-26APR271530-30"",""trade_id"":""ef3c8e54-6a1d-7eca-d42b-3a47242c39d4"",""yes_price_dollars"":""0.4900""}"
KXBTC15M-26APR271530-30,59e3639f-7483-7cbc-f1d6-f22101fe897b,1777317324,0.49,0.67,no,"{""count_fp"":""0.67"",""created_time"":""2026-04-27T19:15:24.610223Z"",""no_price_dollars"":""0.5100"",""taker_side"":""no"",""ticker"":""KXBTC15M-26APR271530-30"",""trade_id"":""59e3639f-7483-7cbc-f1d6-f22101fe897b"",""yes_price_dollars"":""0.4900""}"
KXBTC15M-26APR271530-30,c133b595-b7c1-4249-a1e6-1b5b1a321a45,1777317324,0.5,3.0,yes,"{""count_fp"":""3.00"",""created_time"":""2026-04-27T19:15:24.264657Z"",""no_price_dollars"":""0.5000"",""taker_side"":""yes"",""ticker"":""KXBTC15M-26APR271530-30"",""trade_id"":""c133b595-b7c1-4249-a1e6-1b5b1a321a45"",""yes_price_dollars"":""0.5000""}"
KXBTC15M-26APR271530-30,bed54994-c15d-4be0-88b3-f47175313e44,1777317324,0.5,0.86,yes,"{""count_fp"":""0.86"",""created_time"":""2026-04-27T19:15:24.264657Z"",""no_price_dollars"":""0.5000"",""taker_side"":""yes"",""ticker"":""KXBTC15M-26APR271530-30"",""trade_id"":""bed54994-c15d-4be0-88b3-f47175313e44"",""yes_price_dollars"":""0.5000""}"
KXBTC15M-26APR271530-30,0082d547-7e7b-6be8-e133-bfe19f8a92df,1777317324,0.49,20.85,no,"{""count_fp"":""20.85"",""created_time"":""2026-04-27T19:15:24.206935Z"",""no_price_dollars"":""0.5100"",""taker_side"":""no"",""ticker"":""KXBTC15M-26APR271530-30"",""trade_id"":""0082d547-7e7b-6be8-e133-bfe19f8a92df"",""yes_price_dollars"":""0.4900""}"
KXBTC15M-26APR271530-30,19841f96-ca37-795c-feab-d733fc05134f,1777317324,0.49,5.0,no,"{""count_fp"":""5.00"",""created_time"":""2026-04-27T19:15:24.073867Z"",""no_price_dollars"":""0.5100"",""taker_side"":""no"",""ticker"":""KXBTC15M-26APR271530-30"",""trade_id"":""19841f96-ca37-795c-feab-d733fc05134f"",""yes_price_dollars"":""0.4900""}"
KXBTC15M-26APR271530-30,feaf543e-44c2-7245-dd3b-7cd50aaa63d5,1777317325,0.48,1.0,no,"{""count_fp"":""1.00"",""created_time"":""2026-04-27T19:15:25.804337Z"",""no_price_dollars"":""0.5200"",""taker_side"":""no"",""ticker"":""KXBTC15M-26APR271530-30"",""trade_id"":""feaf543e-44c2-7245-dd3b-7cd50aaa63d5"",""yes_price_dollars"":""0.4800""}"
KXBTC15M-26APR271530-30,5be5ee7c-7594-7de9-c3dd-3095ae098f50,1777317325,0.49,1.93,no,"{""count_fp"":""1.93"",""created_time"":""2026-04-27T19:15:25.804337Z"",""no_price_dollars"":""0.5100"",""taker_side"":""no"",""ticker"":""KXBTC15M-26APR271530-30"",""trade_id"":""5be5ee7c-7594-7de9-c3dd-3095ae098f50"",""yes_price_dollars"":""0.4900""}"
KXBTC15M-26APR271530-30,4f302727-b199-72be-ef33-a3ec554ffb7a,1777317325,0.48,13.46,no,"{""count_fp"":""13.46"",""created_time"":""2026-04-27T19:15:25.804337Z"",""no_price_dollars"":""0.5200"",""taker_side"":""no"",""ticker"":""KXBTC15M-26APR271530-30"",""trade_id"":""4f302727-b199-72be-ef33-a3ec554ffb7a"",""yes_price_dollars"":""0.4800""}"
KXBTC15M-26APR271530-30,0636905d-fd37-7466-d854-8aef220c39f5,1777317325,0.49,20.0,no,"{""count_fp"":""20.00"",""created_time"":""2026-04-27T19:15:25.804337Z"",""no_price_dollars"":""0.5100"",""taker_side"":""no"",""ticker"":""KXBTC15M-26APR271530-30"",""trade_id"":""0636905d-fd37-7466-d854-8aef220c39f5"",""yes_price_dollars"":""0.4900""}"
KXBTC15M-26APR271530-30,8664273a-bef3-6308-a8d5-58017c358348,1777317325,0.5,19.0,yes,"{""count_fp"":""19.00"",""created_time"":""2026-04-27T19:15:25.546145Z"",""no_price_dollars"":""0.5000"",""taker_side"":""yes"",""ticker"":""KXBTC15M-26APR271530-30"",""trade_id"":""8664273a-bef3-6308-a8d5-58017c358348"",""yes_price_dollars"":""0.5000""}"
KXBTC15M-26APR271530-30,3afde21d-cca2-4f70-a405-75a0e39cb7bd,1777317326,0.49,1.91,yes,"{""count_fp"":""1.91"",""created_time"":""2026-04-27T19:15:26.782052Z"",""no_price_dollars"":""0.5100"",""taker_side"":""yes"",""ticker"":""KXBTC15M-26APR271530-30"",""trade_id"":""3afde21d-cca2-4f70-a405-75a0e39cb7bd"",""yes_price_dollars"":""0.4900""}"
KXBTC15M-26APR271530-30,ccfae749-a6ec-6615-7343-58671c39b779,1777317326,0.48,3.0,no,"{""count_fp"":""3.00"",""created_time"":""2026-04-27T19:15:26.757657Z"",""no_price_dollars"":""0.5200"",""taker_side"":""no"",""ticker"":""KXBTC15M-26APR271530-30"",""trade_id"":""ccfae749-a6ec-6615-7343-58671c39b779"",""yes_price_dollars"":""0.4800""}"
KXBTC15M-26APR271530-30,89247c6d-e17d-676e-5f39-a193bacfd9e6,1777317326,0.48,2.0,no,"{""count_fp"":""2.00"",""created_time"":""2026-04-27T19:15:26.757657Z"",""no_price_dollars"":""0.5200"",""taker_side"":""no"",""ticker"":""KXBTC15M-26APR271530-30"",""trade_id"":""89247c6d-e17d-676e-5f39-a193bacfd9e6"",""yes_price_dollars"":""0.4800""}"
KXBTC15M-26APR271530-30,c0330342-d9af-44f0-0c65-3ae1b7f801d8,1777317326,0.48,329.21,no,"{""count_fp"":""329.21"",""created_time"":""2026-04-27T19:15:26.015027Z"",""no_price_dollars"":""0.5200"",""taker_side"":""no"",""ticker"":""KXBTC15M-26APR271530-30"",""trade_id"":""c0330342-d9af-44f0-0c65-3ae1b7f801d8"",""yes_price_dollars"":""0.4800""}"
KXBTC15M-26APR271530-30,660119d7-389f-4fe9-2b7a-f8094ea338ff,1777317326,0.48,5.0,no,"{""count_fp"":""5.00"",""created_time"":""2026-04-27T19:15:26.015027Z"",""no_price_dollars"":""0.5200"",""taker_side"":""no"",""ticker"":""KXBTC15M-26APR271530-30"",""trade_id"":""660119d7-389f-4fe9-2b7a-f8094ea338ff"",""yes_price_dollars"":""0.4800""}"
KXBTC15M-26APR271530-30,2117eb13-95f5-4e9a-27d4-e71faf38d5de,1777317326,0.48,26.54,no,"{""count_fp"":""26.54"",""created_time"":""2026-04-27T19:15:26.015027Z"",""no_price_dollars"":""0.5200"",""taker_side"":""no"",""ticker"":""KXBTC15M-26APR271530-30"",""trade_id"":""2117eb13-95f5-4e9a-27d4-e71faf38d5de"",""yes_price_dollars"":""0.4800""}"
KXBTC15M-26APR271530-30,1d237d2e-f128-49c2-0a03-c69948e7236c,1777317326,0.48,10.0,no,"{""count_fp"":""10.00"",""created_time"":""2026-04-27T19:15:26.015027Z"",""no_price_dollars"":""0.5200"",""taker_side"":""no"",""ticker"":""KXBTC15M-26APR271530-30"",""trade_id"":""1d237d2e-f128-49c2-0a03-c69948e7236c"",""yes_price_dollars"":""0.4800""}"
KXBTC15M-26APR271530-30,9927a59a-d6a0-45c7-e5fc-84e0d6233562,1777317327,0.49,1.0,yes,"{""count_fp"":""1.00"",""created_time"":""2026-04-27T19:15:27.599211Z"",""no_price_dollars"":""0.5100"",""taker_side"":""yes"",""ticker"":""KXBTC15M-26APR271530-30"",""trade_id"":""9927a59a-d6a0-45c7-e5fc-84e0d6233562"",""yes_price_dollars"":""0.4900""}"
KXBTC15M-26APR271530-30,17506c1c-244f-45d4-cd55-974b52670504,1777317327,0.5,8.66,yes,"{""count_fp"":""8.66"",""created_time"":""2026-04-27T19:15:27.599211Z"",""no_price_dollars"":""0.5000"",""taker_side"":""yes"",""ticker"":""KXBTC15M-26APR271530-30"",""trade_id"":""17506c1c-244f-45d4-cd55-974b52670504"",""yes_price_dollars"":""0.5000""}"
KXBTC15M-26APR271530-30,a44cdd3a-d743-7faf-e886-5638b8ec1168,1777317328,0.49,1.0,yes,"{""count_fp"":""1.00"",""created_time"":""2026-04-27T19:15:28.949702Z"",""no_price_dollars"":""0.5100"",""taker_side"":""yes"",""ticker"":""KXBTC15M-26APR271530-30"",""trade_id"":""a44cdd3a-d743-7faf-e886-5638b8ec1168"",""yes_price_dollars"":""0.4900""}"
KXBTC15M-26APR271530-30,55980e52-8f61-7138-fd6b-eafb8f2f95ad,1777317328,0.49,12.35,yes,"{""count_fp"":""12.35"",""created_time"":""2026-04-27T19:15:28.949702Z"",""no_price_dollars"":""0.5100"",""taker_side"":""yes"",""ticker"":""KXBTC15M-26APR271530-30"",""trade_id"":""55980e52-8f61-7138-fd6b-eafb8f2f95ad"",""yes_price_dollars"":""0.4900""}"
KXBTC15M-26APR271530-30,4367bd5c-f9cb-71b8-d137-c5078eb2eb7c,1777317328,0.5,179.87,yes,"{""count_fp"":""179.87"",""created_time"":""2026-04-27T19:15:28.949702Z"",""no_price_dollars"":""0.5000"",""taker_side"":""yes"",""ticker"":""KXBTC15M-26APR271530-30"",""trade_id"":""4367bd5c-f9cb-71b8-d137-c5078eb2eb7c"",""yes_price_dollars"":""0.5000""}"
KXBTC15M-26APR271530-30,44439b76-29b2-6bb6-c828-d4d56d431315,1777317328,0.49,1.0,yes,"{""count_fp"":""1.00"",""created_time"":""2026-04-27T19:15:28.388768Z"",""no_price_dollars"":""0.5100"",""taker_side"":""yes"",""ticker"":""KXBTC15M-26APR271530-30"",""trade_id"":""44439b76-29b2-6bb6-c828-d4d56d431315"",""yes_price_dollars"":""0.4900""}"
KXBTC15M-26APR271530-30,0f7028b5-20d7-6090-c6d5-e93249b6caac,1777317328,0.5,68.56,yes,"{""count_fp"":""68.56"",""created_time"":""2026-04-27T19:15:28.388768Z"",""no_price_dollars"":""0.5000"",""taker_side"":""yes"",""ticker"":""KXBTC15M-26APR271530-30"",""trade_id"":""0f7028b5-20d7-6090-c6d5-e93249b6caac"",""yes_price_dollars"":""0.5000""}"
KXBTC15M-26APR271530-30,e13e66dc-52c9-7a6a-b809-7ece5aaa8a34,1777317329,0.48,8.0,no,"{""count_fp"":""8.00"",""created_time"":""2026-04-27T19:15:29.897918Z"",""no_price_dollars"":""0.5200"",""taker_side"":""no"",""ticker"":""KXBTC15M-26APR271530-30"",""trade_id"":""e13e66dc-52c9-7a6a-b809-7ece5aaa8a34"",""yes_price_dollars"":""0.4800""}"
KXBTC15M-26APR271530-30,0ccf4f96-afce-57ad-be4c-dd9cbfa86abd,1777317329,0.49,0.59,yes,"{""count_fp"":""0.59"",""created_time"":""2026-04-27T19:15:29.890149Z"",""no_price_dollars"":""0.5100"",""taker_side"":""yes"",""ticker"":""KXBTC15M-26APR271530-30"",""trade_id"":""0ccf4f96-afce-57ad-be4c-dd9cbfa86abd"",""yes_price_dollars"":""0.4900""}"
KXBTC15M-26APR271530-30,86f834dc-2a33-5a14-80c6-1c21e0f86e78,1777317329,0.5,9.64,yes,"{""count_fp"":""9.64"",""created_time"":""2026-04-27T19:15:29.574237Z"",""no_price_dollars"":""0.5000"",""taker_side"":""yes"",""ticker"":""KXBTC15M-26APR271530-30"",""trade_id"":""86f834dc-2a33-5a14-80c6-1c21e0f86e78"",""yes_price_dollars"":""0.5000""}"
KXBTC15M-26APR271530-30,21b2b828-16c6-52fb-970b-507cb50048da,1777317329,0.49,0.03,yes,"{""count_fp"":""0.03"",""created_time"":""2026-04-27T19:15:29.574237Z"",""no_price_dollars"":""0.5100"",""taker_side"":""yes"",""ticker"":""KXBTC15M-26APR271530-30"",""trade_id"":""21b2b828-16c6-52fb-970b-507cb50048da"",""yes_price_dollars"":""0.4900""}"
KXBTC15M-26APR271530-30,2ddd2ece-6cea-7daf-e870-02ed63d98a5a,1777317329,0.49,0.97,yes,"{""count_fp"":""0.97"",""created_time"":""2026-04-27T19:15:29.199748Z"",""no_price_dollars"":""0.5100"",""taker_side"":""yes"",""ticker"":""KXBTC15M-26APR271530-30"",""trade_id"":""2ddd2ece-6cea-7daf-e870-02ed63d98a5a"",""yes_price_dollars"":""0.4900""}"
KXBTC15M-26APR271530-30,024d5206-c033-7a37-e54c-eff9351b5b87,1777317329,0.49,1.0,yes,"{""count_fp"":""1.00"",""created_time"":""2026-04-27T19:15:29.199748Z"",""no_price_dollars"":""0.5100"",""taker_side"":""yes"",""ticker"":""KXBTC15M-26APR271530-30"",""trade_id"":""024d5206-c033-7a37-e54c-eff9351b5b87"",""yes_price_dollars"":""0.4900""}"
KXBTC15M-26APR271530-30,bbdcdc8b-dfd3-44e0-9d98-02be61dff20d,1777317330,0.49,19.7,yes,"{""count_fp"":""19.70"",""created_time"":""2026-04-27T19:15:30.974779Z"",""no_price_dollars"":""0.5100"",""taker_side"":""yes"",""ticker"":""KXBTC15M-26APR271530-30"",""trade_id"":""bbdcdc8b-dfd3-44e0-9d98-02be61dff20d"",""yes_price_dollars"":""0.4900""}"
KXBTC15M-26APR271530-30,b79f30db-2569-4c3a-0e50-9c8bf3a1dd18,1777317330,0.48,117.03,no,"{""count_fp"":""117.03"",""created_time"":""2026-04-27T19:15:30.808512Z"",""no_price_dollars"":""0.5200"",""taker_side"":""no"",""ticker"":""KXBTC15M-26APR271530-30"",""trade_id"":""b79f30db-2569-4c3a-0e50-9c8bf3a1dd18"",""yes_price_dollars"":""0.4800""}"
KXBTC15M-26APR271530-30,b41fbec4-1c13-462f-0d88-2e896c1dcd7d,1777317330,0.48,2.0,no,"{""count_fp"":""2.00"",""created_time"":""2026-04-27T19:15:30.808512Z"",""no_price_dollars"":""0.5200"",""taker_side"":""no"",""ticker"":""KXBTC15M-26APR271530-30"",""trade_id"":""b41fbec4-1c13-462f-0d88-2e896c1dcd7d"",""yes_price_dollars"":""0.4800""}"
KXBTC15M-26APR271530-30,af527952-44e3-45a2-1532-8666f82f99f2,1777317330,0.49,20.0,no,"{""count_fp"":""20.00"",""created_time"":""2026-04-27T19:15:30.808512Z"",""no_price_dollars"":""0.5100"",""taker_side"":""no"",""ticker"":""KXBTC15M-26APR271530-30"",""trade_id"":""af527952-44e3-45a2-1532-8666f82f99f2"",""yes_price_dollars"":""0.4900""}"
KXBTC15M-26APR271530-30,622cc9fd-f47b-4a78-22ad-c557e3c814a1,1777317330,0.48,7.0,no,"{""count_fp"":""7.00"",""created_time"":""2026-04-27T19:15:30.808512Z"",""no_price_dollars"":""0.5200"",""taker_side"":""no"",""ticker"":""KXBTC15M-26APR271530-30"",""trade_id"":""622cc9fd-f47b-4a78-22ad-c557e3c814a1"",""yes_price_dollars"":""0.4800""}"
KXBTC15M-26APR271530-30,41c9d5f7-731d-47c4-2f89-36b9653329e7,1777317330,0.48,40.0,no,"{""count_fp"":""40.00"",""created_time"":""2026-04-27T19:15:30.808512Z"",""no_price_dollars"":""0.5200"",""taker_side"":""no"",""ticker"":""KXBTC15M-26APR271530-30"",""trade_id"":""41c9d5f7-731d-47c4-2f89-36b9653329e7"",""yes_price_dollars"":""0.4800""}"
KXBTC15M-26APR271530-30,9f8986ad-26a3-52e8-738b-f76d82a6733c,1777317330,0.5,29.0,yes,"{""count_fp"":""29.00"",""created_time"":""2026-04-27T19:15:30.584187Z"",""no_price_dollars"":""0.5000"",""taker_side"":""yes"",""ticker"":""KXBTC15M-26APR271530-30"",""trade_id"":""9f8986ad-26a3-52e8-738b-f76d82a6733c"",""yes_price_dollars"":""0.5000""}"
KXBTC15M-26APR271530-30,1e906ed2-451f-4448-7731-1307541058cc,1777317330,0.5,6.59,yes,"{""count_fp"":""6.59"",""created_time"":""2026-04-27T19:15:30.536411Z"",""no_price_dollars"":""0.5000"",""taker_side"":""yes"",""ticker"":""KXBTC15M-26APR271530-30"",""trade_id"":""1e906ed2-451f-4448-7731-1307541058cc"",""yes_price_dollars"":""0.5000""}"
KXBTC15M-26APR271530-30,12840db1-fc33-6630-0024-a5323447ce60,1777317330,0.5,0.19,yes,"{""count_fp"":""0.19"",""created_time"":""2026-04-27T19:15:30.469931Z"",""no_price_dollars"":""0.5000"",""taker_side"":""yes"",""ticker"":""KXBTC15M-26APR271530-30"",""trade_id"":""12840db1-fc33-6630-0024-a5323447ce60"",""yes_price_dollars"":""0.5000""}"
KXBTC15M-26APR271530-30,258ea0e5-7b70-4f5f-412d-84b89c13dc06,1777317330,0.49,18.6,no,"{""count_fp"":""18.60"",""created_time"":""2026-04-27T19:15:30.465093Z"",""no_price_dollars"":""0.5100"",""taker_side"":""no"",""ticker"":""KXBTC15M-26APR271530-30"",""trade_id"":""258ea0e5-7b70-4f5f-412d-84b89c13dc06"",""yes_price_dollars"":""0.4900""}"
KXBTC15M-26APR271530-30,b28365e5-ec53-7818-e412-61ab59ac4d40,1777317330,0.5,19.33,yes,"{""count_fp"":""19.33"",""created_time"":""2026-04-27T19:15:30.322003Z"",""no_price_dollars"":""0.5000"",""taker_side"":""yes"",""ticker"":""KXBTC15M-26APR271530-30"",""trade_id"":""b28365e5-ec53-7818-e412-61ab59ac4d40"",""yes_price_dollars"":""0.5000""}"
KXBTC15M-26APR271530-30,5064b2d2-0f07-5ad0-adda-d5963e17bd38,1777317330,0.5,320.78,yes,"{""count_fp"":""320.78"",""created_time"":""2026-04-27T19:15:30.147704Z"",""no_price_dollars"":""0.5000"",""taker_side"":""yes"",""ticker"":""KXBTC15M-26APR271530-30"",""trade_id"":""5064b2d2-0f07-5ad0-adda-d5963e17bd38"",""yes_price_dollars"":""0.5000""}"
KXBTC15M-26APR271530-30,83e10585-164d-4eea-4585-39acf1f8abf8,1777317331,0.48,20.0,no,"{""count_fp"":""20.00"",""created_time"":""2026-04-27T19:15:31.463964Z"",""no_price_dollars"":""0.5200"",""taker_side"":""no"",""ticker"":""KXBTC15M-26APR271530-30"",""trade_id"":""83e10585-164d-4eea-4585-39acf1f8abf8"",""yes_price_dollars"":""0.4800""}"
KXBTC15M-26APR271530-30,58d9eefb-0877-6d2c-6b52-9e71c27870e0,1777317331,0.5,96.61,yes,"{""count_fp"":""96.61"",""created_time"":""2026-04-27T19:15:31.270257Z"",""no_price_dollars"":""0.5000"",""taker_side"":""yes"",""ticker"":""KXBTC15M-26APR271530-30"",""trade_id"":""58d9eefb-0877-6d2c-6b52-9e71c27870e0"",""yes_price_dollars"":""0.5000""}"
KXBTC15M-26APR271530-30,7340afcb-c08b-4cb4-0dd1-c5510fc19e31,1777317331,0.49,20.3,yes,"{""count_fp"":""20.30"",""created_time"":""2026-04-27T19:15:31.229062Z"",""no_price_dollars"":""0.5100"",""taker_side"":""yes"",""ticker"":""KXBTC15M-26APR271530-30"",""trade_id"":""7340afcb-c08b-4cb4-0dd1-c5510fc19e31"",""yes_price_dollars"":""0.4900""}"
KXBTC15M-26APR271530-30,515fb7b3-36cb-44bc-181a-8db099a40208,1777317331,0.5,54.09,yes,"{""count_fp"":""54.09"",""created_time"":""2026-04-27T19:15:31.229062Z"",""no_price_dollars"":""0.5000"",""taker_side"":""yes"",""ticker"":""KXBTC15M-26APR271530-30"",""trade_id"":""515fb7b3-36cb-44bc-181a-8db099a40208"",""yes_price_dollars"":""0.5000""}"
KXBTC15M-26APR271530-30,4062cb67-7d63-489f-36ef-6024c3b6cb3d,1777317331,0.49,1.0,yes,"{""count_fp"":""1.00"",""created_time"":""2026-04-27T19:15:31.229062Z"",""no_price_dollars"":""0.5100"",""taker_side"":""yes"",""ticker"":""KXBTC15M-26APR271530-30"",""trade_id"":""4062cb67-7d63-489f-36ef-6024c3b6cb3d"",""yes_price_dollars"":""0.4900""}"
KXBTC15M-26APR271530-30,3f158acb-fba1-6b42-4ea2-26b1a38435e8,1777317331,0.48,0.93,no,"{""count_fp"":""0.93"",""created_time"":""2026-04-27T19:15:31.006362Z"",""no_price_dollars"":""0.5200"",""taker_side"":""no"",""ticker"":""KXBTC15M-26APR271530-30"",""trade_id"":""3f158acb-fba1-6b42-4ea2-26b1a38435e8"",""yes_price_dollars"":""0.4800""}"
KXBTC15M-26APR271530-30,c5cd727b-ba0a-4284-389d-436a1b6bf93d,1777317332,0.49,20.0,no,"{""count_fp"":""20.00"",""created_time"":""2026-04-27T19:15:32.712727Z"",""no_price_dollars"":""0.5100"",""taker_side"":""no"",""ticker"":""KXBTC15M-26APR271530-30"",""trade_id"":""c5cd727b-ba0a-4284-389d-436a1b6bf93d"",""yes_price_dollars"":""0.4900""}"
KXBTC15M-26APR271530-30,4efa04b5-ee43-6166-06f6-4d12385b8f2f,1777317332,0.5,8.05,yes,"{""count_fp"":""8.05"",""created_time"":""2026-04-27T19:15:32.142895Z"",""no_price_dollars"":""0.5000"",""taker_side"":""yes"",""ticker"":""KXBTC15M-26APR271530-30"",""trade_id"":""4efa04b5-ee43-6166-06f6-4d12385b8f2f"",""yes_price_dollars"":""0.5000""}"
KXBTC15M-26APR271530-30,32a0f17d-0dce-679f-17a6-3b5153541615,1777317332,0.5,40.0,yes,"{""count_fp"":""40.00"",""created_time"":""2026-04-27T19:15:32.142895Z"",""no_price_dollars"":""0.5000"",""taker_side"":""yes"",""ticker"":""KXBTC15M-26APR271530-30"",""trade_id"":""32a0f17d-0dce-679f-17a6-3b5153541615"",""yes_price_dollars"":""0.5000""}"
KXBTC15M-26APR271530-30,97a03700-a68b-79fc-549a-2edfdf6c5c74,1777317332,0.5,19.32,yes,"{""count_fp"":""19.32"",""created_time"":""2026-04-27T19:15:32.049997Z"",""no_price_dollars"":""0.5000"",""taker_side"":""yes"",""ticker"":""KXBTC15M-26APR271530-30"",""trade_id"":""97a03700-a68b-79fc-549a-2edfdf6c5c74"",""yes_price_dollars"":""0.5000""}"
KXBTC15M-26APR271530-30,a0c3add3-0e90-6526-9ae3-aac6f0ca4377,1777317333,0.48,1.0,yes,"{""count_fp"":""1.00"",""created_time"":""2026-04-27T19:15:33.842035Z"",""no_price_dollars"":""0.5200"",""taker_side"":""yes"",""ticker"":""KXBTC15M-26APR271530-30"",""trade_id"":""a0c3add3-0e90-6526-9ae3-aac6f0ca4377"",""yes_price_dollars"":""0.4800""}"
KXBTC15M-26APR271530-30,ed24fc45-8376-797a-e4aa-01e3a9137753,1777317333,0.47,10.0,no,"{""count_fp"":""10.00"",""created_time"":""2026-04-27T19:15:33.740841Z"",""no_price_dollars"":""0.5300"",""taker_side"":""no"",""ticker"":""KXBTC15M-26APR271530-30"",""trade_id"":""ed24fc45-8376-797a-e4aa-01e3a9137753"",""yes_price_dollars"":""0.4700""}"
KXBTC15M-26APR271530-30,f99bc960-3c38-4422-4d78-dcd9956106d7,1777317333,0.48,81.15,yes,"{""count_fp"":""81.15"",""created_time"":""2026-04-27T19:15:33.669524Z"",""no_price_dollars"":""0.5200"",""taker_side"":""yes"",""ticker"":""KXBTC15M-26APR271530-30"",""trade_id"":""f99bc960-3c38-4422-4d78-dcd9956106d7"",""yes_price_dollars"":""0.4800""}"
KXBTC15M-26APR271530-30,782c8c39-8184-7a7e-ec6a-a6a1054339d3,1777317333,0.48,5.0,yes,"{""count_fp"":""5.00"",""created_time"":""2026-04-27T19:15:33.571404Z"",""no_price_dollars"":""0.5200"",""taker_side"":""yes"",""ticker"":""KXBTC15M-26APR271530-30"",""trade_id"":""782c8c39-8184-7a7e-ec6a-a6a1054339d3"",""yes_price_dollars"":""0.4800""}"
KXBTC15M-26APR271530-30,f076dd33-c47d-741e-e4ba-923e84ab6330,1777317333,0.48,9.27,yes,"{""count_fp"":""9.27"",""created_time"":""2026-04-27T19:15:33.355599Z"",""no_price_dollars"":""0.5200"",""taker_side"":""yes"",""ticker"":""KXBTC15M-26APR271530-30"",""trade_id"":""f076dd33-c47d-741e-e4ba-923e84ab6330"",""yes_price_dollars"":""0.4800""}"
KXBTC15M-26APR271530-30,fa548ce8-6e81-5c52-338e-c21ecdfd748c,1777317333,0.48,19.32,yes,"{""count_fp"":""19.32"",""created_time"":""2026-04-27T19:15:33.313966Z"",""no_price_dollars"":""0.5200"",""taker_side"":""yes"",""ticker"":""KXBTC15M-26APR271530-30"",""trade_id"":""fa548ce8-6e81-5c52-338e-c21ecdfd748c"",""yes_price_dollars"":""0.4800""}"
KXBTC15M-26APR271530-30,f6fcf7ce-1691-7042-2e64-b134195aef32,1777317333,0.48,10.0,no,"{""count_fp"":""10.00"",""created_time"":""2026-04-27T19:15:33.072841Z"",""no_price_dollars"":""0.5200"",""taker_side"":""no"",""ticker"":""KXBTC15M-26APR271530-30"",""trade_id"":""f6fcf7ce-1691-7042-2e64-b134195aef32"",""yes_price_dollars"":""0.4800""}"
KXBTC15M-26APR271530-30,659cd099-6cb8-7420-3e7d-fd1744f0f6d1,1777317333,0.48,20.0,no,"{""count_fp"":""20.00"",""created_time"":""2026-04-27T19:15:33.072841Z"",""no_price_dollars"":""0.5200"",""taker_side"":""no"",""ticker"":""KXBTC15M-26APR271530-30"",""trade_id"":""659cd099-6cb8-7420-3e7d-fd1744f0f6d1"",""yes_price_dollars"":""0.4800""}"
KXBTC15M-26APR271530-30,5ef08e5b-c526-78ce-b1f6-c61459347159,1777317334,0.48,6.69,yes,"{""count_fp"":""6.69"",""created_time"":""2026-04-27T19:15:34.923132Z"",""no_price_dollars"":""0.5200"",""taker_side"":""yes"",""ticker"":""KXBTC15M-26APR271530-30"",""trade_id"":""5ef08e5b-c526-78ce-b1f6-c61459347159"",""yes_price_dollars"":""0.4800""}"
KXBTC15M-26APR271530-30,cde1c09b-2f56-5ade-9974-eb959d2de63d,1777317334,0.48,27.44,yes,"{""count_fp"":""27.44"",""created_time"":""2026-04-27T19:15:34.783082Z"",""no_price_dollars"":""0.5200"",""taker_side"":""yes"",""ticker"":""KXBTC15M-26APR271530-30"",""trade_id"":""cde1c09b-2f56-5ade-9974-eb959d2de63d"",""yes_price_dollars"":""0.4800""}"
KXBTC15M-26APR271530-30,358442bd-9eb3-5ace-9478-298d9cab4f8f,1777317334,0.48,22.81,yes,"{""count_fp"":""22.81"",""created_time"":""2026-04-27T19:15:34.783082Z"",""no_price_dollars"":""0.5200"",""taker_side"":""yes"",""ticker"":""KXBTC15M-26APR271530-30"",""trade_id"":""358442bd-9eb3-5ace-9478-298d9cab4f8f"",""yes_price_dollars"":""0.4800""}"
KXBTC15M-26APR271530-30,d57a7cfd-68e3-6c22-8ed7-56c621ab298b,1777317334,0.48,25.14,yes,"{""count_fp"":""25.14"",""created_time"":""2026-04-27T19:15:34.579278Z"",""no_price_dollars"":""0.5200"",""taker_side"":""yes"",""ticker"":""KXBTC15M-26APR271530-30"",""trade_id"":""d57a7cfd-68e3-6c22-8ed7-56c621ab298b"",""yes_price_dollars"":""0.4800""}"
KXBTC15M-26APR271530-30,b082cf8f-8617-5788-c6d0-db84e13d8c08,1777317334,0.48,3.36,yes,"{""count_fp"":""3.36"",""created_time"":""2026-04-27T19:15:34.041737Z"",""no_price_dollars"":""0.5200"",""taker_side"":""yes"",""ticker"":""KXBTC15M-26APR271530-30"",""trade_id"":""b082cf8f-8617-5788-c6d0-db84e13d8c08"",""yes_price_dollars"":""0.4800""}"
KXBTC15M-26APR271530-30,4993f57e-0988-533e-a20b-b5b90340fbef,1777317334,0.48,1.93,yes,"{""count_fp"":""1.93"",""created_time"":""2026-04-27T19:15:34.027706Z"",""no_price_dollars"":""0.5200"",""taker_side"":""yes"",""ticker"":""KXBTC15M-26APR271530-30"",""trade_id"":""4993f57e-0988-533e-a20b-b5b90340fbef"",""yes_price_dollars"":""0.4800""}"
KXBTC15M-26APR271530-30,fca0ac87-0c04-4338-7f6b-799b6f58d80c,1777317335,0.48,1.0,yes,"{""count_fp"":""1.00"",""created_time"":""2026-04-27T19:15:35.979181Z"",""no_price_dollars"":""0.5200"",""taker_side"":""yes"",""ticker"":""KXBTC15M-26APR271530-30"",""trade_id"":""fca0ac87-0c04-4338-7f6b-799b6f58d80c"",""yes_price_dollars"":""0.4800""}"
KXBTC15M-26APR271530-30,93e88b42-382b-76f3-e46c-65212f79cde9,1777317335,0.47,10.41,no,"{""count_fp"":""10.41"",""created_time"":""2026-04-27T19:15:35.831844Z"",""no_price_dollars"":""0.5300"",""taker_side"":""no"",""ticker"":""KXBTC15M-26APR271530-30"",""trade_id"":""93e88b42-382b-76f3-e46c-65212f79cde9"",""yes_price_dollars"":""0.4700""}"
KXBTC15M-26APR271530-30,47d214ef-e5f8-7d98-e44d-5837124e6f4c,1777317335,0.48,1.0,yes,"{""count_fp"":""1.00"",""created_time"":""2026-04-27T19:15:35.813875Z"",""no_price_dollars"":""0.5200"",""taker_side"":""yes"",""ticker"":""KXBTC15M-26APR271530-30"",""trade_id"":""47d214ef-e5f8-7d98-e44d-5837124e6f4c"",""yes_price_dollars"":""0.4800""}"
KXBTC15M-26APR271530-30,129e9eec-63ae-715e-337b-293c3c0a42ed,1777317336,0.49,19.32,yes,"{""count_fp"":""19.32"",""created_time"":""2026-04-27T19:15:36.932935Z"",""no_price_dollars"":""0.5100"",""taker_side"":""yes"",""ticker"":""KXBTC15M-26APR271530-30"",""trade_id"":""129e9eec-63ae-715e-337b-293c3c0a42ed"",""yes_price_dollars"":""0.4900""}"
KXBTC15M-26APR271530-30,fc430a64-6843-55a0-67e8-3b25847db89e,1777317336,0.48,20.0,no,"{""count_fp"":""20.00"",""created_time"":""2026-04-27T19:15:36.930367Z"",""no_price_dollars"":""0.5200"",""taker_side"":""no"",""ticker"":""KXBTC15M-26APR271530-30"",""trade_id"":""fc430a64-6843-55a0-67e8-3b25847db89e"",""yes_price_dollars"":""0.4800""}"
KXBTC15M-26APR271530-30,67da626c-8008-59d2-7828-df3af2010c38,1777317336,0.47,16.15,no,"{""count_fp"":""16.15"",""created_time"":""2026-04-27T19:15:36.930367Z"",""no_price_dollars"":""0.5300"",""taker_side"":""no"",""ticker"":""KXBTC15M-26APR271530-30"",""trade_id"":""67da626c-8008-59d2-7828-df3af2010c38"",""yes_price_dollars"":""0.4700""}"
KXBTC15M-26APR271530-30,58a1279f-66ab-54cd-7b3e-cbf0cee4a18a,1777317336,0.48,1.0,no,"{""count_fp"":""1.00"",""created_time"":""2026-04-27T19:15:36.930367Z"",""no_price_dollars"":""0.5200"",""taker_side"":""no"",""ticker"":""KXBTC15M-26APR271530-30"",""trade_id"":""58a1279f-66ab-54cd-7b3e-cbf0cee4a18a"",""yes_price_dollars"":""0.4800""}"
KXBTC15M-26APR271530-30,40ae7503-d69b-5812-6eb9-e794e2f0d91b,1777317336,0.47,5.51,no,"{""count_fp"":""5.51"",""created_time"":""2026-04-27T19:15:36.930367Z"",""no_price_dollars"":""0.5300"",""taker_side"":""no"",""ticker"":""KXBTC15M-26APR271530-30"",""trade_id"":""40ae7503-d69b-5812-6eb9-e794e2f0d91b"",""yes_price_dollars"":""0.4700""}"
KXBTC15M-26APR271530-30,0967c66c-e760-52d8-74c6-e363743111d1,1777317336,0.47,3.0,no,"{""count_fp"":""3.00"",""created_time"":""2026-04-27T19:15:36.930367Z"",""no_price_dollars"":""0.5300"",""taker_side"":""no"",""ticker"":""KXBTC15M-26APR271530-30"",""trade_id"":""0967c66c-e760-52d8-74c6-e363743111d1"",""yes_price_dollars"":""0.4700""}"
KXBTC15M-26APR271530-30,8e1efc2c-127c-4d50-2255-e13c7be35abb,1777317336,0.48,40.0,no,"{""count_fp"":""40.00"",""created_time"":""2026-04-27T19:15:36.402202Z"",""no_price_dollars"":""0.5200"",""taker_side"":""no"",""ticker"":""KXBTC15M-26APR271530-30"",""trade_id"":""8e1efc2c-127c-4d50-2255-e13c7be35abb"",""yes_price_dollars"":""0.4800""}"
KXBTC15M-26APR271530-30,80d48d95-4350-4aea-287c-a1e487ff88a0,1777317336,0.47,23.85,no,"{""count_fp"":""23.85"",""created_time"":""2026-04-27T19:15:36.402202Z"",""no_price_dollars"":""0.5300"",""taker_side"":""no"",""ticker"":""KXBTC15M-26APR271530-30"",""trade_id"":""80d48d95-4350-4aea-287c-a1e487ff88a0"",""yes_price_dollars"":""0.4700""}"
KXBTC15M-26APR271530-30,526df339-6fb3-7343-2033-ab74cff734f1,1777317336,0.47,0.91,no,"{""count_fp"":""0.91"",""created_time"":""2026-04-27T19:15:36.232652Z"",""no_price_dollars"":""0.5300"",""taker_side"":""no"",""ticker"":""KXBTC15M-26APR271530-30"",""trade_id"":""526df339-6fb3-7343-2033-ab74cff734f1"",""yes_price_dollars"":""0.4700""}"
KXBTC15M-26APR271530-30,f465ce09-9219-51d4-7a56-c4be5dcf6e3c,1777317337,0.48,1.0,yes,"{""count_fp"":""1.00"",""created_time"":""2026-04-27T19:15:37.839785Z"",""no_price_dollars"":""0.5200"",""taker_side"":""yes"",""ticker"":""KXBTC15M-26APR271530-30"",""trade_id"":""f465ce09-9219-51d4-7a56-c4be5dcf6e3c"",""yes_price_dollars"":""0.4800""}"
KXBTC15M-26APR271530-30,b56e9256-dbca-5488-7568-03e84b5a1e52,1777317337,0.49,8.85,yes,"{""count_fp"":""8.85"",""created_time"":""2026-04-27T19:15:37.839785Z"",""no_price_dollars"":""0.5100"",""taker_side"":""yes"",""ticker"":""KXBTC15M-26APR271530-30"",""trade_id"":""b56e9256-dbca-5488-7568-03e84b5a1e52"",""yes_price_dollars"":""0.4900""}"
KXBTC15M-26APR271530-30,d42e2c27-7e8e-44bc-803b-ea21a0af3782,1777317337,0.49,18.42,yes,"{""count_fp"":""18.42"",""created_time"":""2026-04-27T19:15:37.674897Z"",""no_price_dollars"":""0.5100"",""taker_side"":""yes"",""ticker"":""KXBTC15M-26APR271530-30"",""trade_id"":""d42e2c27-7e8e-44bc-803b-ea21a0af3782"",""yes_price_dollars"":""0.4900""}"
KXBTC15M-26APR271530-30,3b346335-c28d-4978-a859-e2f2caaf1472,1777317337,0.48,29.82,yes,"{""count_fp"":""29.82"",""created_time"":""2026-04-27T19:15:37.674897Z"",""no_price_dollars"":""0.5200"",""taker_side"":""yes"",""ticker"":""KXBTC15M-26APR271530-30"",""trade_id"":""3b346335-c28d-4978-a859-e2f2caaf1472"",""yes_price_dollars"":""0.4800""}"
KXBTC15M-26APR271530-30,4d1e4a74-89a5-7b44-b778-7a538540b4ee,1777317337,0.48,3.0,yes,"{""count_fp"":""3.00"",""created_time"":""2026-04-27T19:15:37.562763Z"",""no_price_dollars"":""0.5200"",""taker_side"":""yes"",""ticker"":""KXBTC15M-26APR271530-30"",""trade_id"":""4d1e4a74-89a5-7b44-b778-7a538540b4ee"",""yes_price_dollars"":""0.4800""}"
KXBTC15M-26APR271530-30,74f3d122-7d69-4540-4ebc-048f7473748a,1777317337,0.48,5.18,yes,"{""count_fp"":""5.18"",""created_time"":""2026-04-27T19:15:37.506479Z"",""no_price_dollars"":""0.5200"",""taker_side"":""yes"",""ticker"":""KXBTC15M-26APR271530-30"",""trade_id"":""74f3d122-7d69-4540-4ebc-048f7473748a"",""yes_price_dollars"":""0.4800""}"
KXBTC15M-26APR271530-30,6eea94bc-1a91-718c-6653-dc16c890e2ee,1777317337,0.48,1.0,yes,"{""count_fp"":""1.00"",""created_time"":""2026-04-27T19:15:37.496904Z"",""no_price_dollars"":""0.5200"",""taker_side"":""yes"",""ticker"":""KXBTC15M-26APR271530-30"",""trade_id"":""6eea94bc-1a91-718c-6653-dc16c890e2ee"",""yes_price_dollars"":""0.4800""}"
KXBTC15M-26APR271530-30,41b4ac36-971d-4914-8934-0060d466343e,1777317337,0.48,1.0,yes,"{""count_fp"":""1.00"",""created_time"":""2026-04-27T19:15:37.428909Z"",""no_price_dollars"":""0.5200"",""taker_side"":""yes"",""ticker"":""KXBTC15M-26APR271530-30"",""trade_id"":""41b4ac36-971d-4914-8934-0060d466343e"",""yes_price_dollars"":""0.4800""}"
KXBTC15M-26APR271530-30,3153e6ed-8a5a-6b22-8dff-1b42fea1491d,1777317338,0.48,1.0,yes,"{""count_fp"":""1.00"",""created_time"":""2026-04-27T19:15:38.695415Z"",""no_price_dollars"":""0.5200"",""taker_side"":""yes"",""ticker"":""KXBTC15M-26APR271530-30"",""trade_id"":""3153e6ed-8a5a-6b22-8dff-1b42fea1491d"",""yes_price_dollars"":""0.4800""}"
KXBTC15M-26APR271530-30,8adaba7b-8a52-67fa-6b15-bc322052091d,1777317338,0.48,1.97,yes,"{""count_fp"":""1.97"",""created_time"":""2026-04-27T19:15:38.594609Z"",""no_price_dollars"":""0.5200"",""taker_side"":""yes"",""ticker"":""KXBTC15M-26APR271530-30"",""trade_id"":""8adaba7b-8a52-67fa-6b15-bc322052091d"",""yes_price_dollars"":""0.4800""}"
KXBTC15M-26APR271530-30,eea6b1e4-c662-4400-e6b7-3c5ee901dd58,1777317338,0.48,20.0,no,"{""count_fp"":""20.00"",""created_time"":""2026-04-27T19:15:38.355289Z"",""no_price_dollars"":""0.5200"",""taker_side"":""no"",""ticker"":""KXBTC15M-26APR271530-30"",""trade_id"":""eea6b1e4-c662-4400-e6b7-3c5ee901dd58"",""yes_price_dollars"":""0.4800""}"
KXBTC15M-26APR271530-30,a9e86946-b5dd-46f6-e6ae-0a678fde776d,1777317338,0.46,40.0,no,"{""count_fp"":""40.00"",""created_time"":""2026-04-27T19:15:38.355289Z"",""no_price_dollars"":""0.5400"",""taker_side"":""no"",""ticker"":""KXBTC15M-26APR271530-30"",""trade_id"":""a9e86946-b5dd-46f6-e6ae-0a678fde776d"",""yes_price_dollars"":""0.4600""}"
KXBTC15M-26APR271530-30,a37ecc08-893b-44ca-d893-7244d4f015ee,1777317338,0.47,40.0,no,"{""count_fp"":""40.00"",""created_time"":""2026-04-27T19:15:38.355289Z"",""no_price_dollars"":""0.5300"",""taker_side"":""no"",""ticker"":""KXBTC15M-26APR271530-30"",""trade_id"":""a37ecc08-893b-44ca-d893-7244d4f015ee"",""yes_price_dollars"":""0.4700""}"
KXBTC15M-26APR271530-30,59f5719b-5a1d-442b-ea3d-bc65931e3d3e,1777317338,0.47,3.0,no,"{""count_fp"":""3.00"",""created_time"":""2026-04-27T19:15:38.355289Z"",""no_price_dollars"":""0.5300"",""taker_side"":""no"",""ticker"":""KXBTC15M-26APR271530-30"",""trade_id"":""59f5719b-5a1d-442b-ea3d-bc65931e3d3e"",""yes_price_dollars"":""0.4700""}"
KXBTC15M-26APR271530-30,4b8d1092-ea7e-4f2f-d7db-c3427f9b9bcb,1777317338,0.46,10.0,no,"{""count_fp"":""10.00"",""created_time"":""2026-04-27T19:15:38.355289Z"",""no_price_dollars"":""0.5400"",""taker_side"":""no"",""ticker"":""KXBTC15M-26APR271530-30"",""trade_id"":""4b8d1092-ea7e-4f2f-d7db-c3427f9b9bcb"",""yes_price_dollars"":""0.4600""}"
KXBTC15M-26APR271530-30,458ce408-2673-4c55-e7df-34731488dcfb,1777317338,0.47,1.0,no,"{""count_fp"":""1.00"",""created_time"":""2026-04-27T19:15:38.355289Z"",""no_price_dollars"":""0.5300"",""taker_side"":""no"",""ticker"":""KXBTC15M-26APR271530-30"",""trade_id"":""458ce408-2673-4c55-e7df-34731488dcfb"",""yes_price_dollars"":""0.4700""}"
KXBTC15M-26APR271530-30,197b2211-1b99-4eda-e190-6931eee06f8c,1777317338,0.46,9.62,no,"{""count_fp"":""9.62"",""created_time"":""2026-04-27T19:15:38.355289Z"",""no_price_dollars"":""0.5400"",""taker_side"":""no"",""ticker"":""KXBTC15M-26APR271530-30"",""trade_id"":""197b2211-1b99-4eda-e190-6931eee06f8c"",""yes_price_dollars"":""0.4600""}"
KXBTC15M-26APR271530-30,16eff870-5444-41da-d13f-c5227b24c8bc,1777317338,0.48,40.0,no,"{""count_fp"":""40.00"",""created_time"":""2026-04-27T19:15:38.355289Z"",""no_price_dollars"":""0.5200"",""taker_side"":""no"",""ticker"":""KXBTC15M-26APR271530-30"",""trade_id"":""16eff870-5444-41da-d13f-c5227b24c8bc"",""yes_price_dollars"":""0.4800""}"
KXBTC15M-26APR271530-30,c1dd352a-5452-4ab8-27df-bfd46dc678a0,1777317338,0.49,30.47,yes,"{""count_fp"":""30.47"",""created_time"":""2026-04-27T19:15:38.051345Z"",""no_price_dollars"":""0.5100"",""taker_side"":""yes"",""ticker"":""KXBTC15M-26APR271530-30"",""trade_id"":""c1dd352a-5452-4ab8-27df-bfd46dc678a0"",""yes_price_dollars"":""0.4900""}"
KXBTC15M-26APR271530-30,98f15a05-499a-49ec-2639-a3596a57950a,1777317338,0.49,22.73,yes,"{""count_fp"":""22.73"",""created_time"":""2026-04-27T19:15:38.051345Z"",""no_price_dollars"":""0.5100"",""taker_side"":""yes"",""ticker"":""KXBTC15M-26APR271530-30"",""trade_id"":""98f15a05-499a-49ec-2639-a3596a57950a"",""yes_price_dollars"":""0.4900""}"
KXBTC15M-26APR271530-30,bdb4af71-d5be-6f42-3a4a-625ff6974331,1777317339,0.48,9.04,yes,"{""count_fp"":""9.04"",""created_time"":""2026-04-27T19:15:39.969275Z"",""no_price_dollars"":""0.5200"",""taker_side"":""yes"",""ticker"":""KXBTC15M-26APR271530-30"",""trade_id"":""bdb4af71-d5be-6f42-3a4a-625ff6974331"",""yes_price_dollars"":""0.4800""}"
KXBTC15M-26APR271530-30,1af476c0-5332-4c3e-e6ab-4f591f69be11,1777317339,0.48,9.85,yes,"{""count_fp"":""9.85"",""created_time"":""2026-04-27T19:15:39.678879Z"",""no_price_dollars"":""0.5200"",""taker_side"":""yes"",""ticker"":""KXBTC15M-26APR271530-30"",""trade_id"":""1af476c0-5332-4c3e-e6ab-4f591f69be11"",""yes_price_dollars"":""0.4800""}"
