ticker,trade_id,ts,yes_price,count,taker_side,raw_json
KXBTC15M-26APR281315-15,be748e92-a18b-4ac0-af87-5c323591f08a,1777395603,0.5,11.0,yes,"{""count_fp"":""11.00"",""created_time"":""2026-04-28T17:00:03.098262Z"",""no_price_dollars"":""0.5000"",""taker_side"":""yes"",""ticker"":""KXBTC15M-26APR281315-15"",""trade_id"":""be748e92-a18b-4ac0-af87-5c323591f08a"",""yes_price_dollars"":""0.5000""}"
KXBTC15M-26APR281315-15,9967696e-a9a2-47e9-9caf-b468854a7af8,1777395603,0.5,5.0,yes,"{""count_fp"":""5.00"",""created_time"":""2026-04-28T17:00:03.098262Z"",""no_price_dollars"":""0.5000"",""taker_side"":""yes"",""ticker"":""KXBTC15M-26APR281315-15"",""trade_id"":""9967696e-a9a2-47e9-9caf-b468854a7af8"",""yes_price_dollars"":""0.5000""}"
KXBTC15M-26APR281315-15,51e9a3d8-9c57-4382-add4-10a61ecc62e1,1777395603,0.5,2.0,yes,"{""count_fp"":""2.00"",""created_time"":""2026-04-28T17:00:03.098262Z"",""no_price_dollars"":""0.5000"",""taker_side"":""yes"",""ticker"":""KXBTC15M-26APR281315-15"",""trade_id"":""51e9a3d8-9c57-4382-add4-10a61ecc62e1"",""yes_price_dollars"":""0.5000""}"
KXBTC15M-26APR281315-15,cf9ece3b-5444-736b-2a47-92dd908aac67,1777395604,0.49,5.0,yes,"{""count_fp"":""5.00"",""created_time"":""2026-04-28T17:00:04.621343Z"",""no_price_dollars"":""0.5100"",""taker_side"":""yes"",""ticker"":""KXBTC15M-26APR281315-15"",""trade_id"":""cf9ece3b-5444-736b-2a47-92dd908aac67"",""yes_price_dollars"":""0.4900""}"
KXBTC15M-26APR281315-15,83f00550-5954-719b-160f-9cd370046e63,1777395604,0.49,6.0,yes,"{""count_fp"":""6.00"",""created_time"":""2026-04-28T17:00:04.329264Z"",""no_price_dollars"":""0.5100"",""taker_side"":""yes"",""ticker"":""KXBTC15M-26APR281315-15"",""trade_id"":""83f00550-5954-719b-160f-9cd370046e63"",""yes_price_dollars"":""0.4900""}"
KXBTC15M-26APR281315-15,92553aea-3f85-52b9-1291-a83b8afcfcad,1777395605,0.47,5.0,yes,"{""count_fp"":""5.00"",""created_time"":""2026-04-28T17:00:05.457793Z"",""no_price_dollars"":""0.5300"",""taker_side"":""yes"",""ticker"":""KXBTC15M-26APR281315-15"",""trade_id"":""92553aea-3f85-52b9-1291-a83b8afcfcad"",""yes_price_dollars"":""0.4700""}"
KXBTC15M-26APR281315-15,1c2579e6-3061-5a8d-2f84-e49cb9827792,1777395605,0.47,3.0,yes,"{""count_fp"":""3.00"",""created_time"":""2026-04-28T17:00:05.457793Z"",""no_price_dollars"":""0.5300"",""taker_side"":""yes"",""ticker"":""KXBTC15M-26APR281315-15"",""trade_id"":""1c2579e6-3061-5a8d-2f84-e49cb9827792"",""yes_price_dollars"":""0.4700""}"
KXBTC15M-26APR281315-15,cf910cc1-5408-5c7f-326d-da5b29486682,1777395605,0.48,2.0,no,"{""count_fp"":""2.00"",""created_time"":""2026-04-28T17:00:05.328735Z"",""no_price_dollars"":""0.5200"",""taker_side"":""no"",""ticker"":""KXBTC15M-26APR281315-15"",""trade_id"":""cf910cc1-5408-5c7f-326d-da5b29486682"",""yes_price_dollars"":""0.4800""}"
KXBTC15M-26APR281315-15,b1073694-64c9-5661-3f49-4064885ae6f6,1777395605,0.48,8.0,no,"{""count_fp"":""8.00"",""created_time"":""2026-04-28T17:00:05.328735Z"",""no_price_dollars"":""0.5200"",""taker_side"":""no"",""ticker"":""KXBTC15M-26APR281315-15"",""trade_id"":""b1073694-64c9-5661-3f49-4064885ae6f6"",""yes_price_dollars"":""0.4800""}"
KXBTC15M-26APR281315-15,9603fc5b-04c5-5b2c-3328-29f2107e3baf,1777395605,0.48,2.0,no,"{""count_fp"":""2.00"",""created_time"":""2026-04-28T17:00:05.328735Z"",""no_price_dollars"":""0.5200"",""taker_side"":""no"",""ticker"":""KXBTC15M-26APR281315-15"",""trade_id"":""9603fc5b-04c5-5b2c-3328-29f2107e3baf"",""yes_price_dollars"":""0.4800""}"
KXBTC15M-26APR281315-15,718d2dee-0573-59ee-0cb5-d179d8c4319d,1777395605,0.48,4.0,no,"{""count_fp"":""4.00"",""created_time"":""2026-04-28T17:00:05.328735Z"",""no_price_dollars"":""0.5200"",""taker_side"":""no"",""ticker"":""KXBTC15M-26APR281315-15"",""trade_id"":""718d2dee-0573-59ee-0cb5-d179d8c4319d"",""yes_price_dollars"":""0.4800""}"
KXBTC15M-26APR281315-15,48cd9d99-54c0-5255-1dfc-65cdc1001af4,1777395605,0.48,4.0,no,"{""count_fp"":""4.00"",""created_time"":""2026-04-28T17:00:05.328735Z"",""no_price_dollars"":""0.5200"",""taker_side"":""no"",""ticker"":""KXBTC15M-26APR281315-15"",""trade_id"":""48cd9d99-54c0-5255-1dfc-65cdc1001af4"",""yes_price_dollars"":""0.4800""}"
KXBTC15M-26APR281315-15,47c24d37-89db-5f56-2675-5cf25bdd74cd,1777395605,0.47,10.0,no,"{""count_fp"":""10.00"",""created_time"":""2026-04-28T17:00:05.328735Z"",""no_price_dollars"":""0.5300"",""taker_side"":""no"",""ticker"":""KXBTC15M-26APR281315-15"",""trade_id"":""47c24d37-89db-5f56-2675-5cf25bdd74cd"",""yes_price_dollars"":""0.4700""}"
KXBTC15M-26APR281315-15,8630e14d-f058-4bf7-25af-2d82cf2b0f2f,1777395606,0.49,4.43,yes,"{""count_fp"":""4.43"",""created_time"":""2026-04-28T17:00:06.972674Z"",""no_price_dollars"":""0.5100"",""taker_side"":""yes"",""ticker"":""KXBTC15M-26APR281315-15"",""trade_id"":""8630e14d-f058-4bf7-25af-2d82cf2b0f2f"",""yes_price_dollars"":""0.4900""}"
KXBTC15M-26APR281315-15,773ae9e3-258f-4a49-1a4b-fa0e0bd78d1d,1777395606,0.5,5.0,yes,"{""count_fp"":""5.00"",""created_time"":""2026-04-28T17:00:06.972674Z"",""no_price_dollars"":""0.5000"",""taker_side"":""yes"",""ticker"":""KXBTC15M-26APR281315-15"",""trade_id"":""773ae9e3-258f-4a49-1a4b-fa0e0bd78d1d"",""yes_price_dollars"":""0.5000""}"
KXBTC15M-26APR281315-15,2332eeba-d4e7-49f8-2abd-a26cf100eec6,1777395606,0.5,109.0,yes,"{""count_fp"":""109.00"",""created_time"":""2026-04-28T17:00:06.972674Z"",""no_price_dollars"":""0.5000"",""taker_side"":""yes"",""ticker"":""KXBTC15M-26APR281315-15"",""trade_id"":""2332eeba-d4e7-49f8-2abd-a26cf100eec6"",""yes_price_dollars"":""0.5000""}"
KXBTC15M-26APR281315-15,ff585b75-2bfc-68fb-554e-49c8877d539b,1777395606,0.49,9.0,yes,"{""count_fp"":""9.00"",""created_time"":""2026-04-28T17:00:06.715293Z"",""no_price_dollars"":""0.5100"",""taker_side"":""yes"",""ticker"":""KXBTC15M-26APR281315-15"",""trade_id"":""ff585b75-2bfc-68fb-554e-49c8877d539b"",""yes_price_dollars"":""0.4900""}"
KXBTC15M-26APR281315-15,c93bd531-6414-6393-9033-046a3103126b,1777395607,0.53,10.0,yes,"{""count_fp"":""10.00"",""created_time"":""2026-04-28T17:00:07.989942Z"",""no_price_dollars"":""0.4700"",""taker_side"":""yes"",""ticker"":""KXBTC15M-26APR281315-15"",""trade_id"":""c93bd531-6414-6393-9033-046a3103126b"",""yes_price_dollars"":""0.5300""}"
KXBTC15M-26APR281315-15,93ab6a32-1e4c-6099-b054-c0858b9332aa,1777395607,0.54,32.82,yes,"{""count_fp"":""32.82"",""created_time"":""2026-04-28T17:00:07.989942Z"",""no_price_dollars"":""0.4600"",""taker_side"":""yes"",""ticker"":""KXBTC15M-26APR281315-15"",""trade_id"":""93ab6a32-1e4c-6099-b054-c0858b9332aa"",""yes_price_dollars"":""0.5400""}"
KXBTC15M-26APR281315-15,7dbec82a-b246-64a3-aaa3-8395760bae04,1777395607,0.53,15.38,yes,"{""count_fp"":""15.38"",""created_time"":""2026-04-28T17:00:07.989942Z"",""no_price_dollars"":""0.4700"",""taker_side"":""yes"",""ticker"":""KXBTC15M-26APR281315-15"",""trade_id"":""7dbec82a-b246-64a3-aaa3-8395760bae04"",""yes_price_dollars"":""0.5300""}"
KXBTC15M-26APR281315-15,02bd6286-c087-687e-876c-a085aa27ca34,1777395607,0.54,1.0,yes,"{""count_fp"":""1.00"",""created_time"":""2026-04-28T17:00:07.989942Z"",""no_price_dollars"":""0.4600"",""taker_side"":""yes"",""ticker"":""KXBTC15M-26APR281315-15"",""trade_id"":""02bd6286-c087-687e-876c-a085aa27ca34"",""yes_price_dollars"":""0.5400""}"
KXBTC15M-26APR281315-15,435efd0a-259f-7dd2-b027-bd557ad26ed3,1777395607,0.5,9.14,no,"{""count_fp"":""9.14"",""created_time"":""2026-04-28T17:00:07.631694Z"",""no_price_dollars"":""0.5000"",""taker_side"":""no"",""ticker"":""KXBTC15M-26APR281315-15"",""trade_id"":""435efd0a-259f-7dd2-b027-bd557ad26ed3"",""yes_price_dollars"":""0.5000""}"
KXBTC15M-26APR281315-15,24a9c0e9-a40f-4412-b044-641e63b133bb,1777395607,0.5,19.19,no,"{""count_fp"":""19.19"",""created_time"":""2026-04-28T17:00:07.559978Z"",""no_price_dollars"":""0.5000"",""taker_side"":""no"",""ticker"":""KXBTC15M-26APR281315-15"",""trade_id"":""24a9c0e9-a40f-4412-b044-641e63b133bb"",""yes_price_dollars"":""0.5000""}"
KXBTC15M-26APR281315-15,cf188769-504b-713a-2006-859ca456e2df,1777395607,0.5,5.58,no,"{""count_fp"":""5.58"",""created_time"":""2026-04-28T17:00:07.407753Z"",""no_price_dollars"":""0.5000"",""taker_side"":""no"",""ticker"":""KXBTC15M-26APR281315-15"",""trade_id"":""cf188769-504b-713a-2006-859ca456e2df"",""yes_price_dollars"":""0.5000""}"
KXBTC15M-26APR281315-15,791a5178-12d9-45f4-fea2-186d3bcd6335,1777395608,0.52,27.07,yes,"{""count_fp"":""27.07"",""created_time"":""2026-04-28T17:00:08.956603Z"",""no_price_dollars"":""0.4800"",""taker_side"":""yes"",""ticker"":""KXBTC15M-26APR281315-15"",""trade_id"":""791a5178-12d9-45f4-fea2-186d3bcd6335"",""yes_price_dollars"":""0.5200""}"
KXBTC15M-26APR281315-15,fdffebb7-221d-6854-61d7-f9cfd8e1092c,1777395608,0.5,8.31,no,"{""count_fp"":""8.31"",""created_time"":""2026-04-28T17:00:08.444737Z"",""no_price_dollars"":""0.5000"",""taker_side"":""no"",""ticker"":""KXBTC15M-26APR281315-15"",""trade_id"":""fdffebb7-221d-6854-61d7-f9cfd8e1092c"",""yes_price_dollars"":""0.5000""}"
KXBTC15M-26APR281315-15,919ac084-7cbb-66b2-4b23-b882e8cbf4cb,1777395608,0.5,0.66,no,"{""count_fp"":""0.66"",""created_time"":""2026-04-28T17:00:08.444737Z"",""no_price_dollars"":""0.5000"",""taker_side"":""no"",""ticker"":""KXBTC15M-26APR281315-15"",""trade_id"":""919ac084-7cbb-66b2-4b23-b882e8cbf4cb"",""yes_price_dollars"":""0.5000""}"
KXBTC15M-26APR281315-15,76d79a55-6101-606c-9588-2ba86dc7389d,1777395609,0.52,12.55,yes,"{""count_fp"":""12.55"",""created_time"":""2026-04-28T17:00:09.719865Z"",""no_price_dollars"":""0.4800"",""taker_side"":""yes"",""ticker"":""KXBTC15M-26APR281315-15"",""trade_id"":""76d79a55-6101-606c-9588-2ba86dc7389d"",""yes_price_dollars"":""0.5200""}"
KXBTC15M-26APR281315-15,2d4a97c4-8e60-679e-3eed-56089bb6be2e,1777395610,0.52,35.35,yes,"{""count_fp"":""35.35"",""created_time"":""2026-04-28T17:00:10.883987Z"",""no_price_dollars"":""0.4800"",""taker_side"":""yes"",""ticker"":""KXBTC15M-26APR281315-15"",""trade_id"":""2d4a97c4-8e60-679e-3eed-56089bb6be2e"",""yes_price_dollars"":""0.5200""}"
KXBTC15M-26APR281315-15,ed90b73e-9e38-6514-9052-b9fa6b8e8b66,1777395610,0.51,3.0,no,"{""count_fp"":""3.00"",""created_time"":""2026-04-28T17:00:10.883253Z"",""no_price_dollars"":""0.4900"",""taker_side"":""no"",""ticker"":""KXBTC15M-26APR281315-15"",""trade_id"":""ed90b73e-9e38-6514-9052-b9fa6b8e8b66"",""yes_price_dollars"":""0.5100""}"
KXBTC15M-26APR281315-15,e325d9af-c344-7a40-7a99-0b6f3f0690c6,1777395610,0.51,3.93,no,"{""count_fp"":""3.93"",""created_time"":""2026-04-28T17:00:10.785209Z"",""no_price_dollars"":""0.4900"",""taker_side"":""no"",""ticker"":""KXBTC15M-26APR281315-15"",""trade_id"":""e325d9af-c344-7a40-7a99-0b6f3f0690c6"",""yes_price_dollars"":""0.5100""}"
KXBTC15M-26APR281315-15,b7a663e3-bcf4-5f5c-6080-5709211ddbea,1777395610,0.51,76.66,no,"{""count_fp"":""76.66"",""created_time"":""2026-04-28T17:00:10.780762Z"",""no_price_dollars"":""0.4900"",""taker_side"":""no"",""ticker"":""KXBTC15M-26APR281315-15"",""trade_id"":""b7a663e3-bcf4-5f5c-6080-5709211ddbea"",""yes_price_dollars"":""0.5100""}"
KXBTC15M-26APR281315-15,6bb03f11-50db-5517-61e8-2f471980e70e,1777395610,0.51,38.07,no,"{""count_fp"":""38.07"",""created_time"":""2026-04-28T17:00:10.780762Z"",""no_price_dollars"":""0.4900"",""taker_side"":""no"",""ticker"":""KXBTC15M-26APR281315-15"",""trade_id"":""6bb03f11-50db-5517-61e8-2f471980e70e"",""yes_price_dollars"":""0.5100""}"
KXBTC15M-26APR281315-15,6e4b34e2-1be3-7483-06ae-18c1c544dfa2,1777395610,0.51,1.93,no,"{""count_fp"":""1.93"",""created_time"":""2026-04-28T17:00:10.681333Z"",""no_price_dollars"":""0.4900"",""taker_side"":""no"",""ticker"":""KXBTC15M-26APR281315-15"",""trade_id"":""6e4b34e2-1be3-7483-06ae-18c1c544dfa2"",""yes_price_dollars"":""0.5100""}"
KXBTC15M-26APR281315-15,94e7f2f9-bed4-457e-b416-26ba4daa14e2,1777395610,0.52,11.53,yes,"{""count_fp"":""11.53"",""created_time"":""2026-04-28T17:00:10.584698Z"",""no_price_dollars"":""0.4800"",""taker_side"":""yes"",""ticker"":""KXBTC15M-26APR281315-15"",""trade_id"":""94e7f2f9-bed4-457e-b416-26ba4daa14e2"",""yes_price_dollars"":""0.5200""}"
KXBTC15M-26APR281315-15,50f02bff-6b5b-6578-8b5f-95a80d2ac4cd,1777395610,0.52,27.14,no,"{""count_fp"":""27.14"",""created_time"":""2026-04-28T17:00:10.526307Z"",""no_price_dollars"":""0.4800"",""taker_side"":""no"",""ticker"":""KXBTC15M-26APR281315-15"",""trade_id"":""50f02bff-6b5b-6578-8b5f-95a80d2ac4cd"",""yes_price_dollars"":""0.5200""}"
KXBTC15M-26APR281315-15,14ef63d8-bc73-4938-9aab-731e69bb8e35,1777395610,0.52,12.86,no,"{""count_fp"":""12.86"",""created_time"":""2026-04-28T17:00:10.385488Z"",""no_price_dollars"":""0.4800"",""taker_side"":""no"",""ticker"":""KXBTC15M-26APR281315-15"",""trade_id"":""14ef63d8-bc73-4938-9aab-731e69bb8e35"",""yes_price_dollars"":""0.5200""}"
KXBTC15M-26APR281315-15,25fbcfa9-5347-5219-01a1-6934f019a653,1777395610,0.52,53.99,yes,"{""count_fp"":""53.99"",""created_time"":""2026-04-28T17:00:10.159879Z"",""no_price_dollars"":""0.4800"",""taker_side"":""yes"",""ticker"":""KXBTC15M-26APR281315-15"",""trade_id"":""25fbcfa9-5347-5219-01a1-6934f019a653"",""yes_price_dollars"":""0.5200""}"
KXBTC15M-26APR281315-15,9f1322fe-f207-72f1-4e8c-846fe683c963,1777395610,0.52,34.25,yes,"{""count_fp"":""34.25"",""created_time"":""2026-04-28T17:00:10.156957Z"",""no_price_dollars"":""0.4800"",""taker_side"":""yes"",""ticker"":""KXBTC15M-26APR281315-15"",""trade_id"":""9f1322fe-f207-72f1-4e8c-846fe683c963"",""yes_price_dollars"":""0.5200""}"
KXBTC15M-26APR281315-15,d53fb7b1-0a81-6537-d00e-f18dc1862846,1777395610,0.5,10.0,no,"{""count_fp"":""10.00"",""created_time"":""2026-04-28T17:00:10.140311Z"",""no_price_dollars"":""0.5000"",""taker_side"":""no"",""ticker"":""KXBTC15M-26APR281315-15"",""trade_id"":""d53fb7b1-0a81-6537-d00e-f18dc1862846"",""yes_price_dollars"":""0.5000""}"
KXBTC15M-26APR281315-15,87046e6c-860f-6557-ccc9-72446a688e04,1777395610,0.51,40.0,no,"{""count_fp"":""40.00"",""created_time"":""2026-04-28T17:00:10.140311Z"",""no_price_dollars"":""0.4900"",""taker_side"":""no"",""ticker"":""KXBTC15M-26APR281315-15"",""trade_id"":""87046e6c-860f-6557-ccc9-72446a688e04"",""yes_price_dollars"":""0.5100""}"
KXBTC15M-26APR281315-15,9e7299d0-c7db-66b1-aa1b-f6fcc8dbd7cf,1777395610,0.52,3.65,yes,"{""count_fp"":""3.65"",""created_time"":""2026-04-28T17:00:10.107529Z"",""no_price_dollars"":""0.4800"",""taker_side"":""yes"",""ticker"":""KXBTC15M-26APR281315-15"",""trade_id"":""9e7299d0-c7db-66b1-aa1b-f6fcc8dbd7cf"",""yes_price_dollars"":""0.5200""}"
KXBTC15M-26APR281315-15,af1a166f-3e44-5891-f3c7-c51dbdee6b57,1777395610,0.52,75.46,yes,"{""count_fp"":""75.46"",""created_time"":""2026-04-28T17:00:10.013898Z"",""no_price_dollars"":""0.4800"",""taker_side"":""yes"",""ticker"":""KXBTC15M-26APR281315-15"",""trade_id"":""af1a166f-3e44-5891-f3c7-c51dbdee6b57"",""yes_price_dollars"":""0.5200""}"
KXBTC15M-26APR281315-15,fa7c400c-6fb6-63bf-63e2-9d6ffc2233ea,1777395610,0.52,100.0,yes,"{""count_fp"":""100.00"",""created_time"":""2026-04-28T17:00:10.001563Z"",""no_price_dollars"":""0.4800"",""taker_side"":""yes"",""ticker"":""KXBTC15M-26APR281315-15"",""trade_id"":""fa7c400c-6fb6-63bf-63e2-9d6ffc2233ea"",""yes_price_dollars"":""0.5200""}"
KXBTC15M-26APR281315-15,ddcdbc21-0514-6a6d-53e2-bab0793fe777,1777395610,0.52,36.54,yes,"{""count_fp"":""36.54"",""created_time"":""2026-04-28T17:00:10.001563Z"",""no_price_dollars"":""0.4800"",""taker_side"":""yes"",""ticker"":""KXBTC15M-26APR281315-15"",""trade_id"":""ddcdbc21-0514-6a6d-53e2-bab0793fe777"",""yes_price_dollars"":""0.5200""}"
KXBTC15M-26APR281315-15,9211f08b-c0b7-6b96-6dc4-371a8f2bb8f8,1777395610,0.52,10.0,yes,"{""count_fp"":""10.00"",""created_time"":""2026-04-28T17:00:10.001563Z"",""no_price_dollars"":""0.4800"",""taker_side"":""yes"",""ticker"":""KXBTC15M-26APR281315-15"",""trade_id"":""9211f08b-c0b7-6b96-6dc4-371a8f2bb8f8"",""yes_price_dollars"":""0.5200""}"
KXBTC15M-26APR281315-15,811d943a-c496-6534-5d3d-101925183736,1777395610,0.52,16.7,yes,"{""count_fp"":""16.70"",""created_time"":""2026-04-28T17:00:10.001563Z"",""no_price_dollars"":""0.4800"",""taker_side"":""yes"",""ticker"":""KXBTC15M-26APR281315-15"",""trade_id"":""811d943a-c496-6534-5d3d-101925183736"",""yes_price_dollars"":""0.5200""}"
KXBTC15M-26APR281315-15,63e2b998-ada1-6028-5fb6-dec813953bed,1777395610,0.52,12.74,yes,"{""count_fp"":""12.74"",""created_time"":""2026-04-28T17:00:10.001563Z"",""no_price_dollars"":""0.4800"",""taker_side"":""yes"",""ticker"":""KXBTC15M-26APR281315-15"",""trade_id"":""63e2b998-ada1-6028-5fb6-dec813953bed"",""yes_price_dollars"":""0.5200""}"
KXBTC15M-26APR281315-15,0f8bfeb2-2a5d-7c93-754a-a778ebd0499e,1777395611,0.5,5.58,no,"{""count_fp"":""5.58"",""created_time"":""2026-04-28T17:00:11.362934Z"",""no_price_dollars"":""0.5000"",""taker_side"":""no"",""ticker"":""KXBTC15M-26APR281315-15"",""trade_id"":""0f8bfeb2-2a5d-7c93-754a-a778ebd0499e"",""yes_price_dollars"":""0.5000""}"
KXBTC15M-26APR281315-15,c0ada565-553d-59ff-b1fc-912618a84cde,1777395611,0.5,15.26,no,"{""count_fp"":""15.26"",""created_time"":""2026-04-28T17:00:11.289358Z"",""no_price_dollars"":""0.5000"",""taker_side"":""no"",""ticker"":""KXBTC15M-26APR281315-15"",""trade_id"":""c0ada565-553d-59ff-b1fc-912618a84cde"",""yes_price_dollars"":""0.5000""}"
KXBTC15M-26APR281315-15,6ff78e41-6a44-5060-b33e-5d1b6ce0b74a,1777395611,0.51,13.41,no,"{""count_fp"":""13.41"",""created_time"":""2026-04-28T17:00:11.289358Z"",""no_price_dollars"":""0.4900"",""taker_side"":""no"",""ticker"":""KXBTC15M-26APR281315-15"",""trade_id"":""6ff78e41-6a44-5060-b33e-5d1b6ce0b74a"",""yes_price_dollars"":""0.5100""}"
KXBTC15M-26APR281315-15,e73ccad0-b3e4-7ba4-01fb-fa7157f8c41e,1777395611,0.51,15.0,no,"{""count_fp"":""15.00"",""created_time"":""2026-04-28T17:00:11.132621Z"",""no_price_dollars"":""0.4900"",""taker_side"":""no"",""ticker"":""KXBTC15M-26APR281315-15"",""trade_id"":""e73ccad0-b3e4-7ba4-01fb-fa7157f8c41e"",""yes_price_dollars"":""0.5100""}"
KXBTC15M-26APR281315-15,97b87289-96e1-53e7-ba11-c926efb07615,1777395613,0.51,3.79,yes,"{""count_fp"":""3.79"",""created_time"":""2026-04-28T17:00:13.918038Z"",""no_price_dollars"":""0.4900"",""taker_side"":""yes"",""ticker"":""KXBTC15M-26APR281315-15"",""trade_id"":""97b87289-96e1-53e7-ba11-c926efb07615"",""yes_price_dollars"":""0.5100""}"
KXBTC15M-26APR281315-15,8dfbe463-2748-5c82-cb58-f0ea19ed802a,1777395613,0.51,18.64,yes,"{""count_fp"":""18.64"",""created_time"":""2026-04-28T17:00:13.776433Z"",""no_price_dollars"":""0.4900"",""taker_side"":""yes"",""ticker"":""KXBTC15M-26APR281315-15"",""trade_id"":""8dfbe463-2748-5c82-cb58-f0ea19ed802a"",""yes_price_dollars"":""0.5100""}"
KXBTC15M-26APR281315-15,22099d96-0699-5a1b-1c6f-75258edd863e,1777395613,0.5,1.0,no,"{""count_fp"":""1.00"",""created_time"":""2026-04-28T17:00:13.384216Z"",""no_price_dollars"":""0.5000"",""taker_side"":""no"",""ticker"":""KXBTC15M-26APR281315-15"",""trade_id"":""22099d96-0699-5a1b-1c6f-75258edd863e"",""yes_price_dollars"":""0.5000""}"
KXBTC15M-26APR281315-15,50f29409-5b44-6b26-607f-d085e45c027e,1777395613,0.51,9.3,yes,"{""count_fp"":""9.30"",""created_time"":""2026-04-28T17:00:13.126603Z"",""no_price_dollars"":""0.4900"",""taker_side"":""yes"",""ticker"":""KXBTC15M-26APR281315-15"",""trade_id"":""50f29409-5b44-6b26-607f-d085e45c027e"",""yes_price_dollars"":""0.5100""}"
KXBTC15M-26APR281315-15,02e45c50-007d-6b03-0ebf-ea880cd994de,1777395613,0.5,3.86,no,"{""count_fp"":""3.86"",""created_time"":""2026-04-28T17:00:13.062314Z"",""no_price_dollars"":""0.5000"",""taker_side"":""no"",""ticker"":""KXBTC15M-26APR281315-15"",""trade_id"":""02e45c50-007d-6b03-0ebf-ea880cd994de"",""yes_price_dollars"":""0.5000""}"
KXBTC15M-26APR281315-15,f7d30a82-eeed-5c4f-419e-50ee970506ea,1777395613,0.5,1.0,no,"{""count_fp"":""1.00"",""created_time"":""2026-04-28T17:00:13.046344Z"",""no_price_dollars"":""0.5000"",""taker_side"":""no"",""ticker"":""KXBTC15M-26APR281315-15"",""trade_id"":""f7d30a82-eeed-5c4f-419e-50ee970506ea"",""yes_price_dollars"":""0.5000""}"
KXBTC15M-26APR281315-15,c6dc0b54-bd4d-740e-eaf9-751c9e9e8ce4,1777395614,0.5,1.0,no,"{""count_fp"":""1.00"",""created_time"":""2026-04-28T17:00:14.858685Z"",""no_price_dollars"":""0.5000"",""taker_side"":""no"",""ticker"":""KXBTC15M-26APR281315-15"",""trade_id"":""c6dc0b54-bd4d-740e-eaf9-751c9e9e8ce4"",""yes_price_dollars"":""0.5000""}"
KXBTC15M-26APR281315-15,5b85e34d-d7d5-56b6-f81e-313b2e516230,1777395614,0.5,2.0,no,"{""count_fp"":""2.00"",""created_time"":""2026-04-28T17:00:14.095672Z"",""no_price_dollars"":""0.5000"",""taker_side"":""no"",""ticker"":""KXBTC15M-26APR281315-15"",""trade_id"":""5b85e34d-d7d5-56b6-f81e-313b2e516230"",""yes_price_dollars"":""0.5000""}"
KXBTC15M-26APR281315-15,f75628ac-cfea-443c-e431-2119103267f4,1777395614,0.49,5.0,no,"{""count_fp"":""5.00"",""created_time"":""2026-04-28T17:00:14.002653Z"",""no_price_dollars"":""0.5100"",""taker_side"":""no"",""ticker"":""KXBTC15M-26APR281315-15"",""trade_id"":""f75628ac-cfea-443c-e431-2119103267f4"",""yes_price_dollars"":""0.4900""}"
KXBTC15M-26APR281315-15,bdb8e2e4-6413-48a9-e705-b93541317869,1777395614,0.48,3.0,no,"{""count_fp"":""3.00"",""created_time"":""2026-04-28T17:00:14.002653Z"",""no_price_dollars"":""0.5200"",""taker_side"":""no"",""ticker"":""KXBTC15M-26APR281315-15"",""trade_id"":""bdb8e2e4-6413-48a9-e705-b93541317869"",""yes_price_dollars"":""0.4800""}"
KXBTC15M-26APR281315-15,9443585e-1282-40a0-d9a0-9e0df84f1ba7,1777395614,0.49,40.0,no,"{""count_fp"":""40.00"",""created_time"":""2026-04-28T17:00:14.002653Z"",""no_price_dollars"":""0.5100"",""taker_side"":""no"",""ticker"":""KXBTC15M-26APR281315-15"",""trade_id"":""9443585e-1282-40a0-d9a0-9e0df84f1ba7"",""yes_price_dollars"":""0.4900""}"
KXBTC15M-26APR281315-15,7d601139-c77a-461a-df98-6680b6b8b015,1777395614,0.48,40.0,no,"{""count_fp"":""40.00"",""created_time"":""2026-04-28T17:00:14.002653Z"",""no_price_dollars"":""0.5200"",""taker_side"":""no"",""ticker"":""KXBTC15M-26APR281315-15"",""trade_id"":""7d601139-c77a-461a-df98-6680b6b8b015"",""yes_price_dollars"":""0.4800""}"
KXBTC15M-26APR281315-15,65d7210a-9a67-47a8-f313-b24758764912,1777395614,0.48,0.9,no,"{""count_fp"":""0.90"",""created_time"":""2026-04-28T17:00:14.002653Z"",""no_price_dollars"":""0.5200"",""taker_side"":""no"",""ticker"":""KXBTC15M-26APR281315-15"",""trade_id"":""65d7210a-9a67-47a8-f313-b24758764912"",""yes_price_dollars"":""0.4800""}"
KXBTC15M-26APR281315-15,28aa0a81-8421-4e8f-ebec-c7f87493647e,1777395614,0.5,3.3,no,"{""count_fp"":""3.30"",""created_time"":""2026-04-28T17:00:14.002653Z"",""no_price_dollars"":""0.5000"",""taker_side"":""no"",""ticker"":""KXBTC15M-26APR281315-15"",""trade_id"":""28aa0a81-8421-4e8f-ebec-c7f87493647e"",""yes_price_dollars"":""0.5000""}"
KXBTC15M-26APR281315-15,563eefe0-d06a-59f3-41d7-4891e5e6d239,1777395615,0.53,3.0,yes,"{""count_fp"":""3.00"",""created_time"":""2026-04-28T17:00:15.839542Z"",""no_price_dollars"":""0.4700"",""taker_side"":""yes"",""ticker"":""KXBTC15M-26APR281315-15"",""trade_id"":""563eefe0-d06a-59f3-41d7-4891e5e6d239"",""yes_price_dollars"":""0.5300""}"
KXBTC15M-26APR281315-15,8ac13a22-8525-71e7-93d9-839840f69209,1777395615,0.53,24.2,yes,"{""count_fp"":""24.20"",""created_time"":""2026-04-28T17:00:15.808097Z"",""no_price_dollars"":""0.4700"",""taker_side"":""yes"",""ticker"":""KXBTC15M-26APR281315-15"",""trade_id"":""8ac13a22-8525-71e7-93d9-839840f69209"",""yes_price_dollars"":""0.5300""}"
KXBTC15M-26APR281315-15,5df3f27b-82dd-6b24-7f4c-745ebe6f5e28,1777395615,0.51,3.0,yes,"{""count_fp"":""3.00"",""created_time"":""2026-04-28T17:00:15.694261Z"",""no_price_dollars"":""0.4900"",""taker_side"":""yes"",""ticker"":""KXBTC15M-26APR281315-15"",""trade_id"":""5df3f27b-82dd-6b24-7f4c-745ebe6f5e28"",""yes_price_dollars"":""0.5100""}"
KXBTC15M-26APR281315-15,3c1291ea-c56c-67f3-5f6f-2f0903ce3f54,1777395615,0.51,10.0,yes,"{""count_fp"":""10.00"",""created_time"":""2026-04-28T17:00:15.694261Z"",""no_price_dollars"":""0.4900"",""taker_side"":""yes"",""ticker"":""KXBTC15M-26APR281315-15"",""trade_id"":""3c1291ea-c56c-67f3-5f6f-2f0903ce3f54"",""yes_price_dollars"":""0.5100""}"
KXBTC15M-26APR281315-15,25b19f87-4375-6d1b-5858-2268ce945677,1777395615,0.51,14.66,yes,"{""count_fp"":""14.66"",""created_time"":""2026-04-28T17:00:15.694261Z"",""no_price_dollars"":""0.4900"",""taker_side"":""yes"",""ticker"":""KXBTC15M-26APR281315-15"",""trade_id"":""25b19f87-4375-6d1b-5858-2268ce945677"",""yes_price_dollars"":""0.5100""}"
KXBTC15M-26APR281315-15,bd38e573-2c6d-6906-3804-2190c694cca4,1777395615,0.5,9.55,no,"{""count_fp"":""9.55"",""created_time"":""2026-04-28T17:00:15.673918Z"",""no_price_dollars"":""0.5000"",""taker_side"":""no"",""ticker"":""KXBTC15M-26APR281315-15"",""trade_id"":""bd38e573-2c6d-6906-3804-2190c694cca4"",""yes_price_dollars"":""0.5000""}"
KXBTC15M-26APR281315-15,3a652b27-2069-67f6-f4ac-1dde9c98e4b0,1777395615,0.5,23.18,no,"{""count_fp"":""23.18"",""created_time"":""2026-04-28T17:00:15.349114Z"",""no_price_dollars"":""0.5000"",""taker_side"":""no"",""ticker"":""KXBTC15M-26APR281315-15"",""trade_id"":""3a652b27-2069-67f6-f4ac-1dde9c98e4b0"",""yes_price_dollars"":""0.5000""}"
KXBTC15M-26APR281315-15,3c492c2f-9831-4293-6fcd-eced828dfeed,1777395615,0.51,47.39,yes,"{""count_fp"":""47.39"",""created_time"":""2026-04-28T17:00:15.109149Z"",""no_price_dollars"":""0.4900"",""taker_side"":""yes"",""ticker"":""KXBTC15M-26APR281315-15"",""trade_id"":""3c492c2f-9831-4293-6fcd-eced828dfeed"",""yes_price_dollars"":""0.5100""}"
KXBTC15M-26APR281315-15,70ba85d3-1ce1-7d28-c085-4eec4c2de3b8,1777395616,0.53,8.37,no,"{""count_fp"":""8.37"",""created_time"":""2026-04-28T17:00:16.832615Z"",""no_price_dollars"":""0.4700"",""taker_side"":""no"",""ticker"":""KXBTC15M-26APR281315-15"",""trade_id"":""70ba85d3-1ce1-7d28-c085-4eec4c2de3b8"",""yes_price_dollars"":""0.5300""}"
KXBTC15M-26APR281315-15,eb62d32a-b258-580d-9f27-33cbfad2cdaa,1777395616,0.54,87.18,yes,"{""count_fp"":""87.18"",""created_time"":""2026-04-28T17:00:16.818216Z"",""no_price_dollars"":""0.4600"",""taker_side"":""yes"",""ticker"":""KXBTC15M-26APR281315-15"",""trade_id"":""eb62d32a-b258-580d-9f27-33cbfad2cdaa"",""yes_price_dollars"":""0.5400""}"
KXBTC15M-26APR281315-15,db1f74b6-bdc5-5542-a57a-91d51f11e965,1777395616,0.54,7.22,yes,"{""count_fp"":""7.22"",""created_time"":""2026-04-28T17:00:16.818216Z"",""no_price_dollars"":""0.4600"",""taker_side"":""yes"",""ticker"":""KXBTC15M-26APR281315-15"",""trade_id"":""db1f74b6-bdc5-5542-a57a-91d51f11e965"",""yes_price_dollars"":""0.5400""}"
KXBTC15M-26APR281315-15,d7a204a7-08e6-5a46-a6e5-f50c61080290,1777395616,0.54,10.0,yes,"{""count_fp"":""10.00"",""created_time"":""2026-04-28T17:00:16.818216Z"",""no_price_dollars"":""0.4600"",""taker_side"":""yes"",""ticker"":""KXBTC15M-26APR281315-15"",""trade_id"":""d7a204a7-08e6-5a46-a6e5-f50c61080290"",""yes_price_dollars"":""0.5400""}"
KXBTC15M-26APR281315-15,b579795c-0700-53b2-842d-5d15e04be304,1777395616,0.54,3.0,yes,"{""count_fp"":""3.00"",""created_time"":""2026-04-28T17:00:16.818216Z"",""no_price_dollars"":""0.4600"",""taker_side"":""yes"",""ticker"":""KXBTC15M-26APR281315-15"",""trade_id"":""b579795c-0700-53b2-842d-5d15e04be304"",""yes_price_dollars"":""0.5400""}"
KXBTC15M-26APR281315-15,f73ba903-dc96-4864-5bc1-3f4cbef8659f,1777395616,0.53,5.0,no,"{""count_fp"":""5.00"",""created_time"":""2026-04-28T17:00:16.548045Z"",""no_price_dollars"":""0.4700"",""taker_side"":""no"",""ticker"":""KXBTC15M-26APR281315-15"",""trade_id"":""f73ba903-dc96-4864-5bc1-3f4cbef8659f"",""yes_price_dollars"":""0.5300""}"
KXBTC15M-26APR281315-15,cd29be38-ef5e-4eb0-672c-975668ebe72c,1777395616,0.53,34.21,no,"{""count_fp"":""34.21"",""created_time"":""2026-04-28T17:00:16.548045Z"",""no_price_dollars"":""0.4700"",""taker_side"":""no"",""ticker"":""KXBTC15M-26APR281315-15"",""trade_id"":""cd29be38-ef5e-4eb0-672c-975668ebe72c"",""yes_price_dollars"":""0.5300""}"
KXBTC15M-26APR281315-15,08527234-298d-4648-7abe-0c6caf614754,1777395616,0.53,1.29,no,"{""count_fp"":""1.29"",""created_time"":""2026-04-28T17:00:16.548045Z"",""no_price_dollars"":""0.4700"",""taker_side"":""no"",""ticker"":""KXBTC15M-26APR281315-15"",""trade_id"":""08527234-298d-4648-7abe-0c6caf614754"",""yes_price_dollars"":""0.5300""}"
KXBTC15M-26APR281315-15,fbd82b6a-4cb2-5a38-4be7-617d29d9a73c,1777395616,0.53,5.79,no,"{""count_fp"":""5.79"",""created_time"":""2026-04-28T17:00:16.120405Z"",""no_price_dollars"":""0.4700"",""taker_side"":""no"",""ticker"":""KXBTC15M-26APR281315-15"",""trade_id"":""fbd82b6a-4cb2-5a38-4be7-617d29d9a73c"",""yes_price_dollars"":""0.5300""}"
KXBTC15M-26APR281315-15,a6fae57e-7d9f-5079-2b28-2a9c263de3c6,1777395617,0.53,5.0,no,"{""count_fp"":""5.00"",""created_time"":""2026-04-28T17:00:17.871527Z"",""no_price_dollars"":""0.4700"",""taker_side"":""no"",""ticker"":""KXBTC15M-26APR281315-15"",""trade_id"":""a6fae57e-7d9f-5079-2b28-2a9c263de3c6"",""yes_price_dollars"":""0.5300""}"
KXBTC15M-26APR281315-15,839c86f7-9360-5269-1781-cacd6268b981,1777395617,0.53,24.59,no,"{""count_fp"":""24.59"",""created_time"":""2026-04-28T17:00:17.871527Z"",""no_price_dollars"":""0.4700"",""taker_side"":""no"",""ticker"":""KXBTC15M-26APR281315-15"",""trade_id"":""839c86f7-9360-5269-1781-cacd6268b981"",""yes_price_dollars"":""0.5300""}"
KXBTC15M-26APR281315-15,3ee0ebed-b9cd-5dac-3e34-8701a45f92f4,1777395617,0.53,8.03,no,"{""count_fp"":""8.03"",""created_time"":""2026-04-28T17:00:17.871527Z"",""no_price_dollars"":""0.4700"",""taker_side"":""no"",""ticker"":""KXBTC15M-26APR281315-15"",""trade_id"":""3ee0ebed-b9cd-5dac-3e34-8701a45f92f4"",""yes_price_dollars"":""0.5300""}"
KXBTC15M-26APR281315-15,0ab1305b-d0cb-5819-3a6c-ed284f5033a0,1777395617,0.53,40.0,no,"{""count_fp"":""40.00"",""created_time"":""2026-04-28T17:00:17.871527Z"",""no_price_dollars"":""0.4700"",""taker_side"":""no"",""ticker"":""KXBTC15M-26APR281315-15"",""trade_id"":""0ab1305b-d0cb-5819-3a6c-ed284f5033a0"",""yes_price_dollars"":""0.5300""}"
KXBTC15M-26APR281315-15,a31abad7-2975-5519-ca69-d7f8cb2bd810,1777395617,0.54,10.0,no,"{""count_fp"":""10.00"",""created_time"":""2026-04-28T17:00:17.273497Z"",""no_price_dollars"":""0.4600"",""taker_side"":""no"",""ticker"":""KXBTC15M-26APR281315-15"",""trade_id"":""a31abad7-2975-5519-ca69-d7f8cb2bd810"",""yes_price_dollars"":""0.5400""}"
KXBTC15M-26APR281315-15,e1d67428-db4e-5cce-1948-fc3719d9ba3f,1777395618,0.53,10.0,yes,"{""count_fp"":""10.00"",""created_time"":""2026-04-28T17:00:18.877641Z"",""no_price_dollars"":""0.4700"",""taker_side"":""yes"",""ticker"":""KXBTC15M-26APR281315-15"",""trade_id"":""e1d67428-db4e-5cce-1948-fc3719d9ba3f"",""yes_price_dollars"":""0.5300""}"
KXBTC15M-26APR281315-15,f80c3262-9c7f-622a-61a0-da5bef1f5fa6,1777395618,0.53,3.0,yes,"{""count_fp"":""3.00"",""created_time"":""2026-04-28T17:00:18.615718Z"",""no_price_dollars"":""0.4700"",""taker_side"":""yes"",""ticker"":""KXBTC15M-26APR281315-15"",""trade_id"":""f80c3262-9c7f-622a-61a0-da5bef1f5fa6"",""yes_price_dollars"":""0.5300""}"
KXBTC15M-26APR281315-15,845309a2-9912-687a-6627-4e3b9c7a58bf,1777395618,0.53,2.0,yes,"{""count_fp"":""2.00"",""created_time"":""2026-04-28T17:00:18.615718Z"",""no_price_dollars"":""0.4700"",""taker_side"":""yes"",""ticker"":""KXBTC15M-26APR281315-15"",""trade_id"":""845309a2-9912-687a-6627-4e3b9c7a58bf"",""yes_price_dollars"":""0.5300""}"
KXBTC15M-26APR281315-15,6a69b9a5-1496-6854-5350-d82b02d68afe,1777395618,0.52,3.0,no,"{""count_fp"":""3.00"",""created_time"":""2026-04-28T17:00:18.172018Z"",""no_price_dollars"":""0.4800"",""taker_side"":""no"",""ticker"":""KXBTC15M-26APR281315-15"",""trade_id"":""6a69b9a5-1496-6854-5350-d82b02d68afe"",""yes_price_dollars"":""0.5200""}"
KXBTC15M-26APR281315-15,7d25f84b-4211-4693-cafd-af91d0c2d245,1777395619,0.53,7.3,yes,"{""count_fp"":""7.30"",""created_time"":""2026-04-28T17:00:19.719824Z"",""no_price_dollars"":""0.4700"",""taker_side"":""yes"",""ticker"":""KXBTC15M-26APR281315-15"",""trade_id"":""7d25f84b-4211-4693-cafd-af91d0c2d245"",""yes_price_dollars"":""0.5300""}"
KXBTC15M-26APR281315-15,f3dc4c8b-d7f9-6c73-2de6-44303319c79d,1777395619,0.53,104.05,yes,"{""count_fp"":""104.05"",""created_time"":""2026-04-28T17:00:19.250458Z"",""no_price_dollars"":""0.4700"",""taker_side"":""yes"",""ticker"":""KXBTC15M-26APR281315-15"",""trade_id"":""f3dc4c8b-d7f9-6c73-2de6-44303319c79d"",""yes_price_dollars"":""0.5300""}"
KXBTC15M-26APR281315-15,8fb1e21a-3236-5122-a7f4-03ddb5cde673,1777395619,0.53,3.38,yes,"{""count_fp"":""3.38"",""created_time"":""2026-04-28T17:00:19.019957Z"",""no_price_dollars"":""0.4700"",""taker_side"":""yes"",""ticker"":""KXBTC15M-26APR281315-15"",""trade_id"":""8fb1e21a-3236-5122-a7f4-03ddb5cde673"",""yes_price_dollars"":""0.5300""}"
KXBTC15M-26APR281315-15,62037af5-8499-5dd7-a214-f807ee1d1865,1777395619,0.53,176.02,yes,"{""count_fp"":""176.02"",""created_time"":""2026-04-28T17:00:19.019957Z"",""no_price_dollars"":""0.4700"",""taker_side"":""yes"",""ticker"":""KXBTC15M-26APR281315-15"",""trade_id"":""62037af5-8499-5dd7-a214-f807ee1d1865"",""yes_price_dollars"":""0.5300""}"
KXBTC15M-26APR281315-15,55b815ea-ac8d-65e7-b099-ca73ebf6c725,1777395620,0.53,18.0,yes,"{""count_fp"":""18.00"",""created_time"":""2026-04-28T17:00:20.644874Z"",""no_price_dollars"":""0.4700"",""taker_side"":""yes"",""ticker"":""KXBTC15M-26APR281315-15"",""trade_id"":""55b815ea-ac8d-65e7-b099-ca73ebf6c725"",""yes_price_dollars"":""0.5300""}"
KXBTC15M-26APR281315-15,67ca0a58-197e-4bcc-e77e-2989f85dc006,1777395620,0.52,10.05,no,"{""count_fp"":""10.05"",""created_time"":""2026-04-28T17:00:20.299686Z"",""no_price_dollars"":""0.4800"",""taker_side"":""no"",""ticker"":""KXBTC15M-26APR281315-15"",""trade_id"":""67ca0a58-197e-4bcc-e77e-2989f85dc006"",""yes_price_dollars"":""0.5200""}"
KXBTC15M-26APR281315-15,de165a6b-4829-74cb-036d-def5cdd61341,1777395620,0.53,18.44,yes,"{""count_fp"":""18.44"",""created_time"":""2026-04-28T17:00:20.298255Z"",""no_price_dollars"":""0.4700"",""taker_side"":""yes"",""ticker"":""KXBTC15M-26APR281315-15"",""trade_id"":""de165a6b-4829-74cb-036d-def5cdd61341"",""yes_price_dollars"":""0.5300""}"
KXBTC15M-26APR281315-15,66ec198a-e705-4ddb-f657-2b85e5ba1975,1777395620,0.53,45.66,yes,"{""count_fp"":""45.66"",""created_time"":""2026-04-28T17:00:20.098807Z"",""no_price_dollars"":""0.4700"",""taker_side"":""yes"",""ticker"":""KXBTC15M-26APR281315-15"",""trade_id"":""66ec198a-e705-4ddb-f657-2b85e5ba1975"",""yes_price_dollars"":""0.5300""}"
KXBTC15M-26APR281315-15,e53b9429-1101-5163-9c75-b46c0927ee19,1777395620,0.53,2.04,yes,"{""count_fp"":""2.04"",""created_time"":""2026-04-28T17:00:20.048587Z"",""no_price_dollars"":""0.4700"",""taker_side"":""yes"",""ticker"":""KXBTC15M-26APR281315-15"",""trade_id"":""e53b9429-1101-5163-9c75-b46c0927ee19"",""yes_price_dollars"":""0.5300""}"
KXBTC15M-26APR281315-15,aca3c526-232a-6aae-b517-c3b9bda40951,1777395621,0.52,20.0,yes,"{""count_fp"":""20.00"",""created_time"":""2026-04-28T17:00:21.991401Z"",""no_price_dollars"":""0.4800"",""taker_side"":""yes"",""ticker"":""KXBTC15M-26APR281315-15"",""trade_id"":""aca3c526-232a-6aae-b517-c3b9bda40951"",""yes_price_dollars"":""0.5200""}"
KXBTC15M-26APR281315-15,9167d650-b029-6af5-b8bf-e092080cf614,1777395621,0.52,16.7,yes,"{""count_fp"":""16.70"",""created_time"":""2026-04-28T17:00:21.991401Z"",""no_price_dollars"":""0.4800"",""taker_side"":""yes"",""ticker"":""KXBTC15M-26APR281315-15"",""trade_id"":""9167d650-b029-6af5-b8bf-e092080cf614"",""yes_price_dollars"":""0.5200""}"
KXBTC15M-26APR281315-15,0d3ed517-7518-6329-b887-966d0b5be060,1777395621,0.52,85.23,yes,"{""count_fp"":""85.23"",""created_time"":""2026-04-28T17:00:21.991401Z"",""no_price_dollars"":""0.4800"",""taker_side"":""yes"",""ticker"":""KXBTC15M-26APR281315-15"",""trade_id"":""0d3ed517-7518-6329-b887-966d0b5be060"",""yes_price_dollars"":""0.5200""}"
KXBTC15M-26APR281315-15,d2964048-46b8-7301-311b-138c41e48c10,1777395621,0.52,26.77,yes,"{""count_fp"":""26.77"",""created_time"":""2026-04-28T17:00:21.978799Z"",""no_price_dollars"":""0.4800"",""taker_side"":""yes"",""ticker"":""KXBTC15M-26APR281315-15"",""trade_id"":""d2964048-46b8-7301-311b-138c41e48c10"",""yes_price_dollars"":""0.5200""}"
KXBTC15M-26APR281315-15,d145fc75-f88a-729d-1161-8f08f2ff30fe,1777395621,0.52,16.27,yes,"{""count_fp"":""16.27"",""created_time"":""2026-04-28T17:00:21.978799Z"",""no_price_dollars"":""0.4800"",""taker_side"":""yes"",""ticker"":""KXBTC15M-26APR281315-15"",""trade_id"":""d145fc75-f88a-729d-1161-8f08f2ff30fe"",""yes_price_dollars"":""0.5200""}"
KXBTC15M-26APR281315-15,35c583ce-1246-5b0d-2c92-3c76ce6cba36,1777395621,0.52,23.73,yes,"{""count_fp"":""23.73"",""created_time"":""2026-04-28T17:00:21.951914Z"",""no_price_dollars"":""0.4800"",""taker_side"":""yes"",""ticker"":""KXBTC15M-26APR281315-15"",""trade_id"":""35c583ce-1246-5b0d-2c92-3c76ce6cba36"",""yes_price_dollars"":""0.5200""}"
KXBTC15M-26APR281315-15,ce2208bc-3648-42cd-bb64-5d788250b720,1777395621,0.51,1.0,no,"{""count_fp"":""1.00"",""created_time"":""2026-04-28T17:00:21.270265Z"",""no_price_dollars"":""0.4900"",""taker_side"":""no"",""ticker"":""KXBTC15M-26APR281315-15"",""trade_id"":""ce2208bc-3648-42cd-bb64-5d788250b720"",""yes_price_dollars"":""0.5100""}"
KXBTC15M-26APR281315-15,c42d44a9-525e-44fc-89c1-8e47f433d74f,1777395621,0.51,112.0,no,"{""count_fp"":""112.00"",""created_time"":""2026-04-28T17:00:21.270265Z"",""no_price_dollars"":""0.4900"",""taker_side"":""no"",""ticker"":""KXBTC15M-26APR281315-15"",""trade_id"":""c42d44a9-525e-44fc-89c1-8e47f433d74f"",""yes_price_dollars"":""0.5100""}"
KXBTC15M-26APR281315-15,b6f7ed37-ec0d-4ab1-ba15-2db464f50a38,1777395621,0.51,5.34,no,"{""count_fp"":""5.34"",""created_time"":""2026-04-28T17:00:21.270265Z"",""no_price_dollars"":""0.4900"",""taker_side"":""no"",""ticker"":""KXBTC15M-26APR281315-15"",""trade_id"":""b6f7ed37-ec0d-4ab1-ba15-2db464f50a38"",""yes_price_dollars"":""0.5100""}"
KXBTC15M-26APR281315-15,3145c58f-c87c-4119-86f7-ae9f408eb6e9,1777395621,0.51,366.21,no,"{""count_fp"":""366.21"",""created_time"":""2026-04-28T17:00:21.270265Z"",""no_price_dollars"":""0.4900"",""taker_side"":""no"",""ticker"":""KXBTC15M-26APR281315-15"",""trade_id"":""3145c58f-c87c-4119-86f7-ae9f408eb6e9"",""yes_price_dollars"":""0.5100""}"
KXBTC15M-26APR281315-15,f85d9706-073d-475d-b4ff-f6d77930432c,1777395621,0.51,34.66,no,"{""count_fp"":""34.66"",""created_time"":""2026-04-28T17:00:21.175986Z"",""no_price_dollars"":""0.4900"",""taker_side"":""no"",""ticker"":""KXBTC15M-26APR281315-15"",""trade_id"":""f85d9706-073d-475d-b4ff-f6d77930432c"",""yes_price_dollars"":""0.5100""}"
KXBTC15M-26APR281315-15,60315305-d8be-49f4-b7b9-531e5d239189,1777395621,0.52,5.0,no,"{""count_fp"":""5.00"",""created_time"":""2026-04-28T17:00:21.175986Z"",""no_price_dollars"":""0.4800"",""taker_side"":""no"",""ticker"":""KXBTC15M-26APR281315-15"",""trade_id"":""60315305-d8be-49f4-b7b9-531e5d239189"",""yes_price_dollars"":""0.5200""}"
KXBTC15M-26APR281315-15,454a07e7-f663-4360-9b74-f0c6500f3fd6,1777395621,0.52,56.0,no,"{""count_fp"":""56.00"",""created_time"":""2026-04-28T17:00:21.175986Z"",""no_price_dollars"":""0.4800"",""taker_side"":""no"",""ticker"":""KXBTC15M-26APR281315-15"",""trade_id"":""454a07e7-f663-4360-9b74-f0c6500f3fd6"",""yes_price_dollars"":""0.5200""}"
KXBTC15M-26APR281315-15,283d7603-2a7a-4acc-afe7-e533181d7c36,1777395621,0.52,2.83,no,"{""count_fp"":""2.83"",""created_time"":""2026-04-28T17:00:21.175986Z"",""no_price_dollars"":""0.4800"",""taker_side"":""no"",""ticker"":""KXBTC15M-26APR281315-15"",""trade_id"":""283d7603-2a7a-4acc-afe7-e533181d7c36"",""yes_price_dollars"":""0.5200""}"
KXBTC15M-26APR281315-15,a198f475-5cfa-60b4-9665-6928111bf40e,1777395621,0.52,4.02,no,"{""count_fp"":""4.02"",""created_time"":""2026-04-28T17:00:21.003103Z"",""no_price_dollars"":""0.4800"",""taker_side"":""no"",""ticker"":""KXBTC15M-26APR281315-15"",""trade_id"":""a198f475-5cfa-60b4-9665-6928111bf40e"",""yes_price_dollars"":""0.5200""}"
KXBTC15M-26APR281315-15,d8494782-3057-4537-e33e-153eb19a4e28,1777395622,0.56,9.95,no,"{""count_fp"":""9.95"",""created_time"":""2026-04-28T17:00:22.644207Z"",""no_price_dollars"":""0.4400"",""taker_side"":""no"",""ticker"":""KXBTC15M-26APR281315-15"",""trade_id"":""d8494782-3057-4537-e33e-153eb19a4e28"",""yes_price_dollars"":""0.5600""}"
KXBTC15M-26APR281315-15,c36d4808-4a7f-4bea-efe9-4acf25bacec7,1777395622,0.56,14.0,no,"{""count_fp"":""14.00"",""created_time"":""2026-04-28T17:00:22.644207Z"",""no_price_dollars"":""0.4400"",""taker_side"":""no"",""ticker"":""KXBTC15M-26APR281315-15"",""trade_id"":""c36d4808-4a7f-4bea-efe9-4acf25bacec7"",""yes_price_dollars"":""0.5600""}"
KXBTC15M-26APR281315-15,a5e8a61b-9c12-482f-c8e0-1e2d04bc7a3e,1777395622,0.56,410.81,no,"{""count_fp"":""410.81"",""created_time"":""2026-04-28T17:00:22.644207Z"",""no_price_dollars"":""0.4400"",""taker_side"":""no"",""ticker"":""KXBTC15M-26APR281315-15"",""trade_id"":""a5e8a61b-9c12-482f-c8e0-1e2d04bc7a3e"",""yes_price_dollars"":""0.5600""}"
KXBTC15M-26APR281315-15,efd756e5-5c23-42a7-021c-90286069b6ac,1777395622,0.56,10.05,no,"{""count_fp"":""10.05"",""created_time"":""2026-04-28T17:00:22.503848Z"",""no_price_dollars"":""0.4400"",""taker_side"":""no"",""ticker"":""KXBTC15M-26APR281315-15"",""trade_id"":""efd756e5-5c23-42a7-021c-90286069b6ac"",""yes_price_dollars"":""0.5600""}"
KXBTC15M-26APR281315-15,68c0f972-53d7-46e7-8b8b-68aa1309d740,1777395622,0.56,20.0,no,"{""count_fp"":""20.00"",""created_time"":""2026-04-28T17:00:22.446071Z"",""no_price_dollars"":""0.4400"",""taker_side"":""no"",""ticker"":""KXBTC15M-26APR281315-15"",""trade_id"":""68c0f972-53d7-46e7-8b8b-68aa1309d740"",""yes_price_dollars"":""0.5600""}"
KXBTC15M-26APR281315-15,72071bbf-7220-4df9-35df-899e0e6c3abf,1777395622,0.56,1.0,yes,"{""count_fp"":""1.00"",""created_time"":""2026-04-28T17:00:22.292153Z"",""no_price_dollars"":""0.4400"",""taker_side"":""yes"",""ticker"":""KXBTC15M-26APR281315-15"",""trade_id"":""72071bbf-7220-4df9-35df-899e0e6c3abf"",""yes_price_dollars"":""0.5600""}"
KXBTC15M-26APR281315-15,dd39c0f2-b5e8-708d-4f81-6e1718c230bd,1777395622,0.54,3.0,yes,"{""count_fp"":""3.00"",""created_time"":""2026-04-28T17:00:22.264349Z"",""no_price_dollars"":""0.4600"",""taker_side"":""yes"",""ticker"":""KXBTC15M-26APR281315-15"",""trade_id"":""dd39c0f2-b5e8-708d-4f81-6e1718c230bd"",""yes_price_dollars"":""0.5400""}"
KXBTC15M-26APR281315-15,4d9caecb-2107-79de-7a34-b3f721cb2e0c,1777395622,0.55,5.0,yes,"{""count_fp"":""5.00"",""created_time"":""2026-04-28T17:00:22.264349Z"",""no_price_dollars"":""0.4500"",""taker_side"":""yes"",""ticker"":""KXBTC15M-26APR281315-15"",""trade_id"":""4d9caecb-2107-79de-7a34-b3f721cb2e0c"",""yes_price_dollars"":""0.5500""}"
KXBTC15M-26APR281315-15,223543b6-0809-737d-5a13-35d4d3935b9c,1777395622,0.54,4.0,yes,"{""count_fp"":""4.00"",""created_time"":""2026-04-28T17:00:22.264349Z"",""no_price_dollars"":""0.4600"",""taker_side"":""yes"",""ticker"":""KXBTC15M-26APR281315-15"",""trade_id"":""223543b6-0809-737d-5a13-35d4d3935b9c"",""yes_price_dollars"":""0.5400""}"
KXBTC15M-26APR281315-15,0784c79f-8ffe-7f7c-7fec-0ae54832df60,1777395622,0.55,1.0,yes,"{""count_fp"":""1.00"",""created_time"":""2026-04-28T17:00:22.264349Z"",""no_price_dollars"":""0.4500"",""taker_side"":""yes"",""ticker"":""KXBTC15M-26APR281315-15"",""trade_id"":""0784c79f-8ffe-7f7c-7fec-0ae54832df60"",""yes_price_dollars"":""0.5500""}"
KXBTC15M-26APR281315-15,cd2a2c3c-5129-4e7c-3d54-923fb605df3e,1777395622,0.54,37.6,yes,"{""count_fp"":""37.60"",""created_time"":""2026-04-28T17:00:22.190376Z"",""no_price_dollars"":""0.4600"",""taker_side"":""yes"",""ticker"":""KXBTC15M-26APR281315-15"",""trade_id"":""cd2a2c3c-5129-4e7c-3d54-923fb605df3e"",""yes_price_dollars"":""0.5400""}"
KXBTC15M-26APR281315-15,15eafd5a-8da8-4047-2629-8b648eb9639e,1777395622,0.52,15.0,yes,"{""count_fp"":""15.00"",""created_time"":""2026-04-28T17:00:22.190376Z"",""no_price_dollars"":""0.4800"",""taker_side"":""yes"",""ticker"":""KXBTC15M-26APR281315-15"",""trade_id"":""15eafd5a-8da8-4047-2629-8b648eb9639e"",""yes_price_dollars"":""0.5200""}"
KXBTC15M-26APR281315-15,ac777bec-a458-6ccd-470e-c2df709ebc5d,1777395622,0.51,4.91,no,"{""count_fp"":""4.91"",""created_time"":""2026-04-28T17:00:22.088794Z"",""no_price_dollars"":""0.4900"",""taker_side"":""no"",""ticker"":""KXBTC15M-26APR281315-15"",""trade_id"":""ac777bec-a458-6ccd-470e-c2df709ebc5d"",""yes_price_dollars"":""0.5100""}"
KXBTC15M-26APR281315-15,bf39c945-98e8-4fb1-4280-eafa13c48641,1777395622,0.51,217.74,no,"{""count_fp"":""217.74"",""created_time"":""2026-04-28T17:00:22.067255Z"",""no_price_dollars"":""0.4900"",""taker_side"":""no"",""ticker"":""KXBTC15M-26APR281315-15"",""trade_id"":""bf39c945-98e8-4fb1-4280-eafa13c48641"",""yes_price_dollars"":""0.5100""}"
KXBTC15M-26APR281315-15,45e29392-3bca-4f39-551b-a971d5208ca8,1777395622,0.51,40.0,no,"{""count_fp"":""40.00"",""created_time"":""2026-04-28T17:00:22.067255Z"",""no_price_dollars"":""0.4900"",""taker_side"":""no"",""ticker"":""KXBTC15M-26APR281315-15"",""trade_id"":""45e29392-3bca-4f39-551b-a971d5208ca8"",""yes_price_dollars"":""0.5100""}"
KXBTC15M-26APR281315-15,d40bc570-7c3e-5837-3c20-b9ab9f91180d,1777395623,0.56,35.0,yes,"{""count_fp"":""35.00"",""created_time"":""2026-04-28T17:00:23.750863Z"",""no_price_dollars"":""0.4400"",""taker_side"":""yes"",""ticker"":""KXBTC15M-26APR281315-15"",""trade_id"":""d40bc570-7c3e-5837-3c20-b9ab9f91180d"",""yes_price_dollars"":""0.5600""}"
KXBTC15M-26APR281315-15,36b6c5c6-514a-460b-6f04-ee4d135b2f2a,1777395623,0.55,18.09,no,"{""count_fp"":""18.09"",""created_time"":""2026-04-28T17:00:23.539087Z"",""no_price_dollars"":""0.4500"",""taker_side"":""no"",""ticker"":""KXBTC15M-26APR281315-15"",""trade_id"":""36b6c5c6-514a-460b-6f04-ee4d135b2f2a"",""yes_price_dollars"":""0.5500""}"
KXBTC15M-26APR281315-15,af0846ab-f20f-590f-09fb-b8422724381e,1777395623,0.55,3.14,no,"{""count_fp"":""3.14"",""created_time"":""2026-04-28T17:00:23.426373Z"",""no_price_dollars"":""0.4500"",""taker_side"":""no"",""ticker"":""KXBTC15M-26APR281315-15"",""trade_id"":""af0846ab-f20f-590f-09fb-b8422724381e"",""yes_price_dollars"":""0.5500""}"
KXBTC15M-26APR281315-15,a8ac084e-81b3-4490-a225-109b4f8f315d,1777395624,0.56,40.0,no,"{""count_fp"":""40.00"",""created_time"":""2026-04-28T17:00:24.900604Z"",""no_price_dollars"":""0.4400"",""taker_side"":""no"",""ticker"":""KXBTC15M-26APR281315-15"",""trade_id"":""a8ac084e-81b3-4490-a225-109b4f8f315d"",""yes_price_dollars"":""0.5600""}"
KXBTC15M-26APR281315-15,82fb272e-be32-4b8b-979e-2df23ff76c86,1777395624,0.56,10.84,no,"{""count_fp"":""10.84"",""created_time"":""2026-04-28T17:00:24.900604Z"",""no_price_dollars"":""0.4400"",""taker_side"":""no"",""ticker"":""KXBTC15M-26APR281315-15"",""trade_id"":""82fb272e-be32-4b8b-979e-2df23ff76c86"",""yes_price_dollars"":""0.5600""}"
KXBTC15M-26APR281315-15,491723a8-50ad-434b-85ff-49d18fcb58c2,1777395624,0.56,10.0,no,"{""count_fp"":""10.00"",""created_time"":""2026-04-28T17:00:24.900604Z"",""no_price_dollars"":""0.4400"",""taker_side"":""no"",""ticker"":""KXBTC15M-26APR281315-15"",""trade_id"":""491723a8-50ad-434b-85ff-49d18fcb58c2"",""yes_price_dollars"":""0.5600""}"
KXBTC15M-26APR281315-15,839037ce-01ff-7e22-f156-a804e8c7c52f,1777395624,0.56,3.0,no,"{""count_fp"":""3.00"",""created_time"":""2026-04-28T17:00:24.854567Z"",""no_price_dollars"":""0.4400"",""taker_side"":""no"",""ticker"":""KXBTC15M-26APR281315-15"",""trade_id"":""839037ce-01ff-7e22-f156-a804e8c7c52f"",""yes_price_dollars"":""0.5600""}"
KXBTC15M-26APR281315-15,dfbceb2a-47c2-5d5b-2d05-82c86976e106,1777395624,0.55,2.0,no,"{""count_fp"":""2.00"",""created_time"":""2026-04-28T17:00:24.171401Z"",""no_price_dollars"":""0.4500"",""taker_side"":""no"",""ticker"":""KXBTC15M-26APR281315-15"",""trade_id"":""dfbceb2a-47c2-5d5b-2d05-82c86976e106"",""yes_price_dollars"":""0.5500""}"
KXBTC15M-26APR281315-15,ffb99e07-2dc1-5657-5eca-4dc17c6c26fb,1777395625,0.58,1.0,yes,"{""count_fp"":""1.00"",""created_time"":""2026-04-28T17:00:25.747244Z"",""no_price_dollars"":""0.4200"",""taker_side"":""yes"",""ticker"":""KXBTC15M-26APR281315-15"",""trade_id"":""ffb99e07-2dc1-5657-5eca-4dc17c6c26fb"",""yes_price_dollars"":""0.5800""}"
KXBTC15M-26APR281315-15,a1954814-990c-5322-639d-1ca013a905de,1777395625,0.59,4.12,yes,"{""count_fp"":""4.12"",""created_time"":""2026-04-28T17:00:25.747244Z"",""no_price_dollars"":""0.4100"",""taker_side"":""yes"",""ticker"":""KXBTC15M-26APR281315-15"",""trade_id"":""a1954814-990c-5322-639d-1ca013a905de"",""yes_price_dollars"":""0.5900""}"
KXBTC15M-26APR281315-15,9c903800-f368-557f-64b5-c26754470883,1777395625,0.58,1.0,yes,"{""count_fp"":""1.00"",""created_time"":""2026-04-28T17:00:25.747244Z"",""no_price_dollars"":""0.4200"",""taker_side"":""yes"",""ticker"":""KXBTC15M-26APR281315-15"",""trade_id"":""9c903800-f368-557f-64b5-c26754470883"",""yes_price_dollars"":""0.5800""}"
KXBTC15M-26APR281315-15,8dabb569-e8af-55e5-4fad-8e4f43e6bbec,1777395625,0.58,10.0,yes,"{""count_fp"":""10.00"",""created_time"":""2026-04-28T17:00:25.747244Z"",""no_price_dollars"":""0.4200"",""taker_side"":""yes"",""ticker"":""KXBTC15M-26APR281315-15"",""trade_id"":""8dabb569-e8af-55e5-4fad-8e4f43e6bbec"",""yes_price_dollars"":""0.5800""}"
KXBTC15M-26APR281315-15,1c472372-9893-5408-5e16-0a6afca4143a,1777395625,0.58,9.0,yes,"{""count_fp"":""9.00"",""created_time"":""2026-04-28T17:00:25.747244Z"",""no_price_dollars"":""0.4200"",""taker_side"":""yes"",""ticker"":""KXBTC15M-26APR281315-15"",""trade_id"":""1c472372-9893-5408-5e16-0a6afca4143a"",""yes_price_dollars"":""0.5800""}"
KXBTC15M-26APR281315-15,b3ccd982-8cc8-4b49-82b5-dc1a55342ab9,1777395625,0.57,6.34,yes,"{""count_fp"":""6.34"",""created_time"":""2026-04-28T17:00:25.308504Z"",""no_price_dollars"":""0.4300"",""taker_side"":""yes"",""ticker"":""KXBTC15M-26APR281315-15"",""trade_id"":""b3ccd982-8cc8-4b49-82b5-dc1a55342ab9"",""yes_price_dollars"":""0.5700""}"
KXBTC15M-26APR281315-15,6300e552-2378-4097-bd75-7a377cd2d201,1777395625,0.58,2.02,yes,"{""count_fp"":""2.02"",""created_time"":""2026-04-28T17:00:25.308504Z"",""no_price_dollars"":""0.4200"",""taker_side"":""yes"",""ticker"":""KXBTC15M-26APR281315-15"",""trade_id"":""6300e552-2378-4097-bd75-7a377cd2d201"",""yes_price_dollars"":""0.5800""}"
KXBTC15M-26APR281315-15,beff968e-3ab8-7775-375c-b47ca60f99e1,1777395625,0.57,1.66,yes,"{""count_fp"":""1.66"",""created_time"":""2026-04-28T17:00:25.206933Z"",""no_price_dollars"":""0.4300"",""taker_side"":""yes"",""ticker"":""KXBTC15M-26APR281315-15"",""trade_id"":""beff968e-3ab8-7775-375c-b47ca60f99e1"",""yes_price_dollars"":""0.5700""}"
KXBTC15M-26APR281315-15,da226be7-2e14-7f61-045f-9c5bc1306219,1777395625,0.57,1.0,yes,"{""count_fp"":""1.00"",""created_time"":""2026-04-28T17:00:25.188916Z"",""no_price_dollars"":""0.4300"",""taker_side"":""yes"",""ticker"":""KXBTC15M-26APR281315-15"",""trade_id"":""da226be7-2e14-7f61-045f-9c5bc1306219"",""yes_price_dollars"":""0.5700""}"
KXBTC15M-26APR281315-15,c8872c08-85f2-5dc7-98c0-8aa20460cfca,1777395625,0.56,33.46,no,"{""count_fp"":""33.46"",""created_time"":""2026-04-28T17:00:25.172427Z"",""no_price_dollars"":""0.4400"",""taker_side"":""no"",""ticker"":""KXBTC15M-26APR281315-15"",""trade_id"":""c8872c08-85f2-5dc7-98c0-8aa20460cfca"",""yes_price_dollars"":""0.5600""}"
KXBTC15M-26APR281315-15,69c537a7-4c5d-4ff0-d26a-170ab97dc954,1777395626,0.57,1.0,no,"{""count_fp"":""1.00"",""created_time"":""2026-04-28T17:00:26.776427Z"",""no_price_dollars"":""0.4300"",""taker_side"":""no"",""ticker"":""KXBTC15M-26APR281315-15"",""trade_id"":""69c537a7-4c5d-4ff0-d26a-170ab97dc954"",""yes_price_dollars"":""0.5700""}"
KXBTC15M-26APR281315-15,08ff2988-55a3-5fc2-c42c-1ddc5040bd07,1777395626,0.57,4.27,no,"{""count_fp"":""4.27"",""created_time"":""2026-04-28T17:00:26.492476Z"",""no_price_dollars"":""0.4300"",""taker_side"":""no"",""ticker"":""KXBTC15M-26APR281315-15"",""trade_id"":""08ff2988-55a3-5fc2-c42c-1ddc5040bd07"",""yes_price_dollars"":""0.5700""}"
KXBTC15M-26APR281315-15,95870931-1d14-47e2-713a-82bc2a1c04de,1777395626,0.59,0.84,yes,"{""count_fp"":""0.84"",""created_time"":""2026-04-28T17:00:26.481852Z"",""no_price_dollars"":""0.4100"",""taker_side"":""yes"",""ticker"":""KXBTC15M-26APR281315-15"",""trade_id"":""95870931-1d14-47e2-713a-82bc2a1c04de"",""yes_price_dollars"":""0.5900""}"
KXBTC15M-26APR281315-15,f8567585-65fc-5522-d586-96a710807213,1777395626,0.57,1.0,no,"{""count_fp"":""1.00"",""created_time"":""2026-04-28T17:00:26.460197Z"",""no_price_dollars"":""0.4300"",""taker_side"":""no"",""ticker"":""KXBTC15M-26APR281315-15"",""trade_id"":""f8567585-65fc-5522-d586-96a710807213"",""yes_price_dollars"":""0.5700""}"
KXBTC15M-26APR281315-15,e2bace38-0d17-55b0-c0e6-f39dac2c1990,1777395626,0.56,40.0,no,"{""count_fp"":""40.00"",""created_time"":""2026-04-28T17:00:26.460197Z"",""no_price_dollars"":""0.4400"",""taker_side"":""no"",""ticker"":""KXBTC15M-26APR281315-15"",""trade_id"":""e2bace38-0d17-55b0-c0e6-f39dac2c1990"",""yes_price_dollars"":""0.5600""}"
KXBTC15M-26APR281315-15,b35c2c78-88d2-5976-cc47-29859ee3254a,1777395626,0.58,3.0,no,"{""count_fp"":""3.00"",""created_time"":""2026-04-28T17:00:26.460197Z"",""no_price_dollars"":""0.4200"",""taker_side"":""no"",""ticker"":""KXBTC15M-26APR281315-15"",""trade_id"":""b35c2c78-88d2-5976-cc47-29859ee3254a"",""yes_price_dollars"":""0.5800""}"
KXBTC15M-26APR281315-15,aebb5ac3-f610-584d-e2b8-11f9fff8183d,1777395626,0.56,374.79,no,"{""count_fp"":""374.79"",""created_time"":""2026-04-28T17:00:26.460197Z"",""no_price_dollars"":""0.4400"",""taker_side"":""no"",""ticker"":""KXBTC15M-26APR281315-15"",""trade_id"":""aebb5ac3-f610-584d-e2b8-11f9fff8183d"",""yes_price_dollars"":""0.5600""}"
KXBTC15M-26APR281315-15,97e1932f-2052-5656-f0e3-2c459138a17f,1777395626,0.57,19.0,no,"{""count_fp"":""19.00"",""created_time"":""2026-04-28T17:00:26.460197Z"",""no_price_dollars"":""0.4300"",""taker_side"":""no"",""ticker"":""KXBTC15M-26APR281315-15"",""trade_id"":""97e1932f-2052-5656-f0e3-2c459138a17f"",""yes_price_dollars"":""0.5700""}"
KXBTC15M-26APR281315-15,860fdc47-ca8b-52ee-c3e7-e533807069a3,1777395626,0.57,400.0,no,"{""count_fp"":""400.00"",""created_time"":""2026-04-28T17:00:26.460197Z"",""no_price_dollars"":""0.4300"",""taker_side"":""no"",""ticker"":""KXBTC15M-26APR281315-15"",""trade_id"":""860fdc47-ca8b-52ee-c3e7-e533807069a3"",""yes_price_dollars"":""0.5700""}"
KXBTC15M-26APR281315-15,7bf982ea-7301-5406-c952-855661114cb5,1777395626,0.57,40.0,no,"{""count_fp"":""40.00"",""created_time"":""2026-04-28T17:00:26.460197Z"",""no_price_dollars"":""0.4300"",""taker_side"":""no"",""ticker"":""KXBTC15M-26APR281315-15"",""trade_id"":""7bf982ea-7301-5406-c952-855661114cb5"",""yes_price_dollars"":""0.5700""}"
KXBTC15M-26APR281315-15,4f35f0c5-919c-5b20-fa9c-e483d767d957,1777395626,0.57,56.0,no,"{""count_fp"":""56.00"",""created_time"":""2026-04-28T17:00:26.460197Z"",""no_price_dollars"":""0.4300"",""taker_side"":""no"",""ticker"":""KXBTC15M-26APR281315-15"",""trade_id"":""4f35f0c5-919c-5b20-fa9c-e483d767d957"",""yes_price_dollars"":""0.5700""}"
KXBTC15M-26APR281315-15,47b12f54-7888-55dd-ebd4-ddb5aea71b93,1777395626,0.57,5.0,no,"{""count_fp"":""5.00"",""created_time"":""2026-04-28T17:00:26.460197Z"",""no_price_dollars"":""0.4300"",""taker_side"":""no"",""ticker"":""KXBTC15M-26APR281315-15"",""trade_id"":""47b12f54-7888-55dd-ebd4-ddb5aea71b93"",""yes_price_dollars"":""0.5700""}"
KXBTC15M-26APR281315-15,3588ae4b-7d3a-5c32-df20-bb172cca8d11,1777395626,0.58,1.0,no,"{""count_fp"":""1.00"",""created_time"":""2026-04-28T17:00:26.460197Z"",""no_price_dollars"":""0.4200"",""taker_side"":""no"",""ticker"":""KXBTC15M-26APR281315-15"",""trade_id"":""3588ae4b-7d3a-5c32-df20-bb172cca8d11"",""yes_price_dollars"":""0.5800""}"
KXBTC15M-26APR281315-15,2a00b02e-4f2b-5a1a-e453-d14393086678,1777395626,0.58,339.72,no,"{""count_fp"":""339.72"",""created_time"":""2026-04-28T17:00:26.460197Z"",""no_price_dollars"":""0.4200"",""taker_side"":""no"",""ticker"":""KXBTC15M-26APR281315-15"",""trade_id"":""2a00b02e-4f2b-5a1a-e453-d14393086678"",""yes_price_dollars"":""0.5800""}"
KXBTC15M-26APR281315-15,266caec8-44c1-57b4-ec11-8e9d6b310cdc,1777395626,0.58,40.0,no,"{""count_fp"":""40.00"",""created_time"":""2026-04-28T17:00:26.460197Z"",""no_price_dollars"":""0.4200"",""taker_side"":""no"",""ticker"":""KXBTC15M-26APR281315-15"",""trade_id"":""266caec8-44c1-57b4-ec11-8e9d6b310cdc"",""yes_price_dollars"":""0.5800""}"
KXBTC15M-26APR281315-15,df8e44a7-b503-73fc-cce3-fb8e94a0eb13,1777395626,0.58,40.0,no,"{""count_fp"":""40.00"",""created_time"":""2026-04-28T17:00:26.206412Z"",""no_price_dollars"":""0.4200"",""taker_side"":""no"",""ticker"":""KXBTC15M-26APR281315-15"",""trade_id"":""df8e44a7-b503-73fc-cce3-fb8e94a0eb13"",""yes_price_dollars"":""0.5800""}"
KXBTC15M-26APR281315-15,a663ee08-4c47-7d16-c010-e54d382ac5b0,1777395626,0.58,160.28,no,"{""count_fp"":""160.28"",""created_time"":""2026-04-28T17:00:26.206412Z"",""no_price_dollars"":""0.4200"",""taker_side"":""no"",""ticker"":""KXBTC15M-26APR281315-15"",""trade_id"":""a663ee08-4c47-7d16-c010-e54d382ac5b0"",""yes_price_dollars"":""0.5800""}"
KXBTC15M-26APR281315-15,39783471-1f83-7220-cdb0-a1b119803432,1777395626,0.58,3.0,no,"{""count_fp"":""3.00"",""created_time"":""2026-04-28T17:00:26.206412Z"",""no_price_dollars"":""0.4200"",""taker_side"":""no"",""ticker"":""KXBTC15M-26APR281315-15"",""trade_id"":""39783471-1f83-7220-cdb0-a1b119803432"",""yes_price_dollars"":""0.5800""}"
KXBTC15M-26APR281315-15,e8d2ab17-f250-4cba-8965-00960b6a66a6,1777395626,0.59,42.68,yes,"{""count_fp"":""42.68"",""created_time"":""2026-04-28T17:00:26.119534Z"",""no_price_dollars"":""0.4100"",""taker_side"":""yes"",""ticker"":""KXBTC15M-26APR281315-15"",""trade_id"":""e8d2ab17-f250-4cba-8965-00960b6a66a6"",""yes_price_dollars"":""0.5900""}"
KXBTC15M-26APR281315-15,05e017e1-ec50-7cd6-7557-8a9b0ff6da7e,1777395626,0.59,53.96,yes,"{""count_fp"":""53.96"",""created_time"":""2026-04-28T17:00:26.116209Z"",""no_price_dollars"":""0.4100"",""taker_side"":""yes"",""ticker"":""KXBTC15M-26APR281315-15"",""trade_id"":""05e017e1-ec50-7cd6-7557-8a9b0ff6da7e"",""yes_price_dollars"":""0.5900""}"
KXBTC15M-26APR281315-15,e6e36734-158c-7a46-5e0d-e4176ca99666,1777395626,0.59,1.54,yes,"{""count_fp"":""1.54"",""created_time"":""2026-04-28T17:00:26.034971Z"",""no_price_dollars"":""0.4100"",""taker_side"":""yes"",""ticker"":""KXBTC15M-26APR281315-15"",""trade_id"":""e6e36734-158c-7a46-5e0d-e4176ca99666"",""yes_price_dollars"":""0.5900""}"
KXBTC15M-26APR281315-15,d7797c64-3fb1-7c55-97c5-45cc9cc5e4dd,1777395627,0.58,51.38,no,"{""count_fp"":""51.38"",""created_time"":""2026-04-28T17:00:27.921383Z"",""no_price_dollars"":""0.4200"",""taker_side"":""no"",""ticker"":""KXBTC15M-26APR281315-15"",""trade_id"":""d7797c64-3fb1-7c55-97c5-45cc9cc5e4dd"",""yes_price_dollars"":""0.5800""}"
KXBTC15M-26APR281315-15,7eb4bd82-980c-7661-aa00-3251270f5fec,1777395627,0.58,4.52,no,"{""count_fp"":""4.52"",""created_time"":""2026-04-28T17:00:27.921383Z"",""no_price_dollars"":""0.4200"",""taker_side"":""no"",""ticker"":""KXBTC15M-26APR281315-15"",""trade_id"":""7eb4bd82-980c-7661-aa00-3251270f5fec"",""yes_price_dollars"":""0.5800""}"
KXBTC15M-26APR281315-15,d65905e2-f0c9-72c5-dca4-f90064de192d,1777395627,0.57,213.97,no,"{""count_fp"":""213.97"",""created_time"":""2026-04-28T17:00:27.852133Z"",""no_price_dollars"":""0.4300"",""taker_side"":""no"",""ticker"":""KXBTC15M-26APR281315-15"",""trade_id"":""d65905e2-f0c9-72c5-dca4-f90064de192d"",""yes_price_dollars"":""0.5700""}"
KXBTC15M-26APR281315-15,af294a6a-65e9-76dc-e1aa-baeae48cc434,1777395627,0.57,29.0,no,"{""count_fp"":""29.00"",""created_time"":""2026-04-28T17:00:27.852133Z"",""no_price_dollars"":""0.4300"",""taker_side"":""no"",""ticker"":""KXBTC15M-26APR281315-15"",""trade_id"":""af294a6a-65e9-76dc-e1aa-baeae48cc434"",""yes_price_dollars"":""0.5700""}"
KXBTC15M-26APR281315-15,6de0b917-8547-79e6-fa54-b78f7f9fda84,1777395627,0.58,3.0,no,"{""count_fp"":""3.00"",""created_time"":""2026-04-28T17:00:27.852133Z"",""no_price_dollars"":""0.4200"",""taker_side"":""no"",""ticker"":""KXBTC15M-26APR281315-15"",""trade_id"":""6de0b917-8547-79e6-fa54-b78f7f9fda84"",""yes_price_dollars"":""0.5800""}"
KXBTC15M-26APR281315-15,6ad0222f-2fc9-57c4-cf25-31365438b98c,1777395627,0.57,10.0,no,"{""count_fp"":""10.00"",""created_time"":""2026-04-28T17:00:27.158044Z"",""no_price_dollars"":""0.4300"",""taker_side"":""no"",""ticker"":""KXBTC15M-26APR281315-15"",""trade_id"":""6ad0222f-2fc9-57c4-cf25-31365438b98c"",""yes_price_dollars"":""0.5700""}"
KXBTC15M-26APR281315-15,703a2d81-1ebd-6ba9-d04a-24b349dd4bd1,1777395629,0.61,244.82,no,"{""count_fp"":""244.82"",""created_time"":""2026-04-28T17:00:29.580666Z"",""no_price_dollars"":""0.3900"",""taker_side"":""no"",""ticker"":""KXBTC15M-26APR281315-15"",""trade_id"":""703a2d81-1ebd-6ba9-d04a-24b349dd4bd1"",""yes_price_dollars"":""0.6100""}"
KXBTC15M-26APR281315-15,a957ebf4-d8c6-7b0b-83b2-f67d1ffec113,1777395629,0.62,10.0,yes,"{""count_fp"":""10.00"",""created_time"":""2026-04-28T17:00:29.397147Z"",""no_price_dollars"":""0.3800"",""taker_side"":""yes"",""ticker"":""KXBTC15M-26APR281315-15"",""trade_id"":""a957ebf4-d8c6-7b0b-83b2-f67d1ffec113"",""yes_price_dollars"":""0.6200""}"
KXBTC15M-26APR281315-15,ea6eb622-f202-5a4e-f1ba-034167cd6865,1777395629,0.61,132.0,yes,"{""count_fp"":""132.00"",""created_time"":""2026-04-28T17:00:29.358086Z"",""no_price_dollars"":""0.3900"",""taker_side"":""yes"",""ticker"":""KXBTC15M-26APR281315-15"",""trade_id"":""ea6eb622-f202-5a4e-f1ba-034167cd6865"",""yes_price_dollars"":""0.6100""}"
KXBTC15M-26APR281315-15,7ae843a9-aa42-44c4-cb28-d5ceb55c9e89,1777395629,0.6,0.24,yes,"{""count_fp"":""0.24"",""created_time"":""2026-04-28T17:00:29.343142Z"",""no_price_dollars"":""0.4000"",""taker_side"":""yes"",""ticker"":""KXBTC15M-26APR281315-15"",""trade_id"":""7ae843a9-aa42-44c4-cb28-d5ceb55c9e89"",""yes_price_dollars"":""0.6000""}"
KXBTC15M-26APR281315-15,5114d803-68b9-6657-713c-11cce0f91765,1777395629,0.6,28.21,yes,"{""count_fp"":""28.21"",""created_time"":""2026-04-28T17:00:29.250111Z"",""no_price_dollars"":""0.4000"",""taker_side"":""yes"",""ticker"":""KXBTC15M-26APR281315-15"",""trade_id"":""5114d803-68b9-6657-713c-11cce0f91765"",""yes_price_dollars"":""0.6000""}"
KXBTC15M-26APR281315-15,01d2f6c5-7ae9-7b2f-da09-3c014900fe45,1777395629,0.6,10.0,yes,"{""count_fp"":""10.00"",""created_time"":""2026-04-28T17:00:29.183009Z"",""no_price_dollars"":""0.4000"",""taker_side"":""yes"",""ticker"":""KXBTC15M-26APR281315-15"",""trade_id"":""01d2f6c5-7ae9-7b2f-da09-3c014900fe45"",""yes_price_dollars"":""0.6000""}"
KXBTC15M-26APR281315-15,842e0504-066d-499b-ae6e-38fbf05ef721,1777395629,0.6,20.16,yes,"{""count_fp"":""20.16"",""created_time"":""2026-04-28T17:00:29.165382Z"",""no_price_dollars"":""0.4000"",""taker_side"":""yes"",""ticker"":""KXBTC15M-26APR281315-15"",""trade_id"":""842e0504-066d-499b-ae6e-38fbf05ef721"",""yes_price_dollars"":""0.6000""}"
KXBTC15M-26APR281315-15,d3eb91d9-811e-492f-202b-23f844089b3a,1777395629,0.59,1.06,yes,"{""count_fp"":""1.06"",""created_time"":""2026-04-28T17:00:29.123764Z"",""no_price_dollars"":""0.4100"",""taker_side"":""yes"",""ticker"":""KXBTC15M-26APR281315-15"",""trade_id"":""d3eb91d9-811e-492f-202b-23f844089b3a"",""yes_price_dollars"":""0.5900""}"
KXBTC15M-26APR281315-15,a365369c-503a-4d2d-0c4d-0e6b00445f5d,1777395629,0.59,15.51,yes,"{""count_fp"":""15.51"",""created_time"":""2026-04-28T17:00:29.123764Z"",""no_price_dollars"":""0.4100"",""taker_side"":""yes"",""ticker"":""KXBTC15M-26APR281315-15"",""trade_id"":""a365369c-503a-4d2d-0c4d-0e6b00445f5d"",""yes_price_dollars"":""0.5900""}"
KXBTC15M-26APR281315-15,855ae0db-854e-445c-2deb-4c39c1a466a9,1777395629,0.59,6.77,yes,"{""count_fp"":""6.77"",""created_time"":""2026-04-28T17:00:29.123764Z"",""no_price_dollars"":""0.4100"",""taker_side"":""yes"",""ticker"":""KXBTC15M-26APR281315-15"",""trade_id"":""855ae0db-854e-445c-2deb-4c39c1a466a9"",""yes_price_dollars"":""0.5900""}"
KXBTC15M-26APR281315-15,e2656dd9-c999-5051-1131-35fde8c09123,1777395629,0.59,5.0,yes,"{""count_fp"":""5.00"",""created_time"":""2026-04-28T17:00:29.110481Z"",""no_price_dollars"":""0.4100"",""taker_side"":""yes"",""ticker"":""KXBTC15M-26APR281315-15"",""trade_id"":""e2656dd9-c999-5051-1131-35fde8c09123"",""yes_price_dollars"":""0.5900""}"
KXBTC15M-26APR281315-15,dac5ea15-2eef-508e-3657-b37035946ed6,1777395629,0.59,2.0,yes,"{""count_fp"":""2.00"",""created_time"":""2026-04-28T17:00:29.110481Z"",""no_price_dollars"":""0.4100"",""taker_side"":""yes"",""ticker"":""KXBTC15M-26APR281315-15"",""trade_id"":""dac5ea15-2eef-508e-3657-b37035946ed6"",""yes_price_dollars"":""0.5900""}"
KXBTC15M-26APR281315-15,8e77ad53-0382-5fec-0b6f-8bd841600189,1777395629,0.59,4.23,yes,"{""count_fp"":""4.23"",""created_time"":""2026-04-28T17:00:29.110481Z"",""no_price_dollars"":""0.4100"",""taker_side"":""yes"",""ticker"":""KXBTC15M-26APR281315-15"",""trade_id"":""8e77ad53-0382-5fec-0b6f-8bd841600189"",""yes_price_dollars"":""0.5900""}"
KXBTC15M-26APR281315-15,2d8731b1-7c3b-5de8-076d-87effc6a3f7e,1777395629,0.59,5.0,yes,"{""count_fp"":""5.00"",""created_time"":""2026-04-28T17:00:29.110481Z"",""no_price_dollars"":""0.4100"",""taker_side"":""yes"",""ticker"":""KXBTC15M-26APR281315-15"",""trade_id"":""2d8731b1-7c3b-5de8-076d-87effc6a3f7e"",""yes_price_dollars"":""0.5900""}"
KXBTC15M-26APR281315-15,14764143-8888-5ee6-3ed2-5579d9bb09ea,1777395629,0.59,6.42,yes,"{""count_fp"":""6.42"",""created_time"":""2026-04-28T17:00:29.110481Z"",""no_price_dollars"":""0.4100"",""taker_side"":""yes"",""ticker"":""KXBTC15M-26APR281315-15"",""trade_id"":""14764143-8888-5ee6-3ed2-5579d9bb09ea"",""yes_price_dollars"":""0.5900""}"
KXBTC15M-26APR281315-15,004bc839-afb2-5860-0ba1-df779c87b55c,1777395629,0.59,5.0,yes,"{""count_fp"":""5.00"",""created_time"":""2026-04-28T17:00:29.110481Z"",""no_price_dollars"":""0.4100"",""taker_side"":""yes"",""ticker"":""KXBTC15M-26APR281315-15"",""trade_id"":""004bc839-afb2-5860-0ba1-df779c87b55c"",""yes_price_dollars"":""0.5900""}"
KXBTC15M-26APR281315-15,45f03999-0ac6-4f9b-e4b9-63a036932fcb,1777395630,0.62,15.71,yes,"{""count_fp"":""15.71"",""created_time"":""2026-04-28T17:00:30.934085Z"",""no_price_dollars"":""0.3800"",""taker_side"":""yes"",""ticker"":""KXBTC15M-26APR281315-15"",""trade_id"":""45f03999-0ac6-4f9b-e4b9-63a036932fcb"",""yes_price_dollars"":""0.6200""}"
KXBTC15M-26APR281315-15,00d3f4d6-bc8a-6d6f-6d76-28a2adea6fb3,1777395630,0.62,16.11,yes,"{""count_fp"":""16.11"",""created_time"":""2026-04-28T17:00:30.454044Z"",""no_price_dollars"":""0.3800"",""taker_side"":""yes"",""ticker"":""KXBTC15M-26APR281315-15"",""trade_id"":""00d3f4d6-bc8a-6d6f-6d76-28a2adea6fb3"",""yes_price_dollars"":""0.6200""}"
KXBTC15M-26APR281315-15,03921ecd-2eb6-63ef-f47e-9ee8caf76187,1777395630,0.62,1.0,yes,"{""count_fp"":""1.00"",""created_time"":""2026-04-28T17:00:30.227454Z"",""no_price_dollars"":""0.3800"",""taker_side"":""yes"",""ticker"":""KXBTC15M-26APR281315-15"",""trade_id"":""03921ecd-2eb6-63ef-f47e-9ee8caf76187"",""yes_price_dollars"":""0.6200""}"
KXBTC15M-26APR281315-15,9cd61868-120e-46d9-1c0e-9f3e9294db96,1777395631,0.61,1.0,no,"{""count_fp"":""1.00"",""created_time"":""2026-04-28T17:00:31.509674Z"",""no_price_dollars"":""0.3900"",""taker_side"":""no"",""ticker"":""KXBTC15M-26APR281315-15"",""trade_id"":""9cd61868-120e-46d9-1c0e-9f3e9294db96"",""yes_price_dollars"":""0.6100""}"
KXBTC15M-26APR281315-15,5a5431c3-2c6c-4a6e-3bad-159f922c035c,1777395631,0.61,5.0,no,"{""count_fp"":""5.00"",""created_time"":""2026-04-28T17:00:31.509674Z"",""no_price_dollars"":""0.3900"",""taker_side"":""no"",""ticker"":""KXBTC15M-26APR281315-15"",""trade_id"":""5a5431c3-2c6c-4a6e-3bad-159f922c035c"",""yes_price_dollars"":""0.6100""}"
KXBTC15M-26APR281315-15,343db969-5c27-4e70-3e33-dddb01123c86,1777395631,0.61,18.59,no,"{""count_fp"":""18.59"",""created_time"":""2026-04-28T17:00:31.509674Z"",""no_price_dollars"":""0.3900"",""taker_side"":""no"",""ticker"":""KXBTC15M-26APR281315-15"",""trade_id"":""343db969-5c27-4e70-3e33-dddb01123c86"",""yes_price_dollars"":""0.6100""}"
KXBTC15M-26APR281315-15,7cde52bf-ebdc-69ee-7cbf-869fa7b56bc1,1777395631,0.62,40.0,yes,"{""count_fp"":""40.00"",""created_time"":""2026-04-28T17:00:31.469126Z"",""no_price_dollars"":""0.3800"",""taker_side"":""yes"",""ticker"":""KXBTC15M-26APR281315-15"",""trade_id"":""7cde52bf-ebdc-69ee-7cbf-869fa7b56bc1"",""yes_price_dollars"":""0.6200""}"
KXBTC15M-26APR281315-15,57afdab6-3a8c-69c8-6a40-5104103fac5c,1777395631,0.62,25.91,yes,"{""count_fp"":""25.91"",""created_time"":""2026-04-28T17:00:31.469126Z"",""no_price_dollars"":""0.3800"",""taker_side"":""yes"",""ticker"":""KXBTC15M-26APR281315-15"",""trade_id"":""57afdab6-3a8c-69c8-6a40-5104103fac5c"",""yes_price_dollars"":""0.6200""}"
KXBTC15M-26APR281315-15,2978bb5b-e48a-605f-634c-9924708e085f,1777395631,0.62,89.18,yes,"{""count_fp"":""89.18"",""created_time"":""2026-04-28T17:00:31.469126Z"",""no_price_dollars"":""0.3800"",""taker_side"":""yes"",""ticker"":""KXBTC15M-26APR281315-15"",""trade_id"":""2978bb5b-e48a-605f-634c-9924708e085f"",""yes_price_dollars"":""0.6200""}"
KXBTC15M-26APR281315-15,18db6ceb-ad7a-64a4-7306-38e2890b7588,1777395631,0.62,2.0,yes,"{""count_fp"":""2.00"",""created_time"":""2026-04-28T17:00:31.469126Z"",""no_price_dollars"":""0.3800"",""taker_side"":""yes"",""ticker"":""KXBTC15M-26APR281315-15"",""trade_id"":""18db6ceb-ad7a-64a4-7306-38e2890b7588"",""yes_price_dollars"":""0.6200""}"
KXBTC15M-26APR281315-15,6823ca7e-f1f7-4451-db9e-2e1b46d9cb6b,1777395631,0.61,1.0,no,"{""count_fp"":""1.00"",""created_time"":""2026-04-28T17:00:31.358194Z"",""no_price_dollars"":""0.3900"",""taker_side"":""no"",""ticker"":""KXBTC15M-26APR281315-15"",""trade_id"":""6823ca7e-f1f7-4451-db9e-2e1b46d9cb6b"",""yes_price_dollars"":""0.6100""}"
KXBTC15M-26APR281315-15,eb1c1a97-e0da-7aac-f171-04080c2fc9b1,1777395632,0.6,0.03,yes,"{""count_fp"":""0.03"",""created_time"":""2026-04-28T17:00:32.734403Z"",""no_price_dollars"":""0.4000"",""taker_side"":""yes"",""ticker"":""KXBTC15M-26APR281315-15"",""trade_id"":""eb1c1a97-e0da-7aac-f171-04080c2fc9b1"",""yes_price_dollars"":""0.6000""}"
KXBTC15M-26APR281315-15,9e794dcd-a0cc-77f4-c896-6c45d89fcd6c,1777395632,0.6,1.49,yes,"{""count_fp"":""1.49"",""created_time"":""2026-04-28T17:00:32.734403Z"",""no_price_dollars"":""0.4000"",""taker_side"":""yes"",""ticker"":""KXBTC15M-26APR281315-15"",""trade_id"":""9e794dcd-a0cc-77f4-c896-6c45d89fcd6c"",""yes_price_dollars"":""0.6000""}"
KXBTC15M-26APR281315-15,9117e89b-fc41-7861-fb61-7cd04efacfc0,1777395632,0.6,1.7,yes,"{""count_fp"":""1.70"",""created_time"":""2026-04-28T17:00:32.734403Z"",""no_price_dollars"":""0.4000"",""taker_side"":""yes"",""ticker"":""KXBTC15M-26APR281315-15"",""trade_id"":""9117e89b-fc41-7861-fb61-7cd04efacfc0"",""yes_price_dollars"":""0.6000""}"
KXBTC15M-26APR281315-15,e015dcaf-98a2-4d6d-c358-b060f6c8eefc,1777395632,0.59,8.98,no,"{""count_fp"":""8.98"",""created_time"":""2026-04-28T17:00:32.384368Z"",""no_price_dollars"":""0.4100"",""taker_side"":""no"",""ticker"":""KXBTC15M-26APR281315-15"",""trade_id"":""e015dcaf-98a2-4d6d-c358-b060f6c8eefc"",""yes_price_dollars"":""0.5900""}"
KXBTC15M-26APR281315-15,dd3e6472-0e71-4e34-eaf5-5a55eec117b0,1777395632,0.59,8.49,no,"{""count_fp"":""8.49"",""created_time"":""2026-04-28T17:00:32.384368Z"",""no_price_dollars"":""0.4100"",""taker_side"":""no"",""ticker"":""KXBTC15M-26APR281315-15"",""trade_id"":""dd3e6472-0e71-4e34-eaf5-5a55eec117b0"",""yes_price_dollars"":""0.5900""}"
KXBTC15M-26APR281315-15,aff73e80-f8eb-439c-94d5-ca0e2238073b,1777395632,0.59,1.0,no,"{""count_fp"":""1.00"",""created_time"":""2026-04-28T17:00:32.382064Z"",""no_price_dollars"":""0.4100"",""taker_side"":""no"",""ticker"":""KXBTC15M-26APR281315-15"",""trade_id"":""aff73e80-f8eb-439c-94d5-ca0e2238073b"",""yes_price_dollars"":""0.5900""}"
KXBTC15M-26APR281315-15,686c7cc2-9c4a-4c81-8310-7e398ffb9a20,1777395632,0.59,7.0,no,"{""count_fp"":""7.00"",""created_time"":""2026-04-28T17:00:32.382064Z"",""no_price_dollars"":""0.4100"",""taker_side"":""no"",""ticker"":""KXBTC15M-26APR281315-15"",""trade_id"":""686c7cc2-9c4a-4c81-8310-7e398ffb9a20"",""yes_price_dollars"":""0.5900""}"
KXBTC15M-26APR281315-15,f31dabc9-4969-7b0b-32f6-53d470d44352,1777395632,0.6,10.56,yes,"{""count_fp"":""10.56"",""created_time"":""2026-04-28T17:00:32.373398Z"",""no_price_dollars"":""0.4000"",""taker_side"":""yes"",""ticker"":""KXBTC15M-26APR281315-15"",""trade_id"":""f31dabc9-4969-7b0b-32f6-53d470d44352"",""yes_price_dollars"":""0.6000""}"
KXBTC15M-26APR281315-15,9c0d1063-c4f9-7a2b-059b-87d2aafdbcf1,1777395632,0.6,28.71,yes,"{""count_fp"":""28.71"",""created_time"":""2026-04-28T17:00:32.373398Z"",""no_price_dollars"":""0.4000"",""taker_side"":""yes"",""ticker"":""KXBTC15M-26APR281315-15"",""trade_id"":""9c0d1063-c4f9-7a2b-059b-87d2aafdbcf1"",""yes_price_dollars"":""0.6000""}"
KXBTC15M-26APR281315-15,4580d54f-cf89-4f03-8690-b09695ba42ed,1777395632,0.6,11.29,yes,"{""count_fp"":""11.29"",""created_time"":""2026-04-28T17:00:32.287944Z"",""no_price_dollars"":""0.4000"",""taker_side"":""yes"",""ticker"":""KXBTC15M-26APR281315-15"",""trade_id"":""4580d54f-cf89-4f03-8690-b09695ba42ed"",""yes_price_dollars"":""0.6000""}"
KXBTC15M-26APR281315-15,a9bec528-7250-52a7-9efb-14324e980365,1777395632,0.6,1.0,no,"{""count_fp"":""1.00"",""created_time"":""2026-04-28T17:00:32.274171Z"",""no_price_dollars"":""0.4000"",""taker_side"":""no"",""ticker"":""KXBTC15M-26APR281315-15"",""trade_id"":""a9bec528-7250-52a7-9efb-14324e980365"",""yes_price_dollars"":""0.6000""}"
KXBTC15M-26APR281315-15,a5a857e3-f92c-55ac-8dfb-6c5de15ce61c,1777395632,0.6,3.0,no,"{""count_fp"":""3.00"",""created_time"":""2026-04-28T17:00:32.274171Z"",""no_price_dollars"":""0.4000"",""taker_side"":""no"",""ticker"":""KXBTC15M-26APR281315-15"",""trade_id"":""a5a857e3-f92c-55ac-8dfb-6c5de15ce61c"",""yes_price_dollars"":""0.6000""}"
KXBTC15M-26APR281315-15,37cde57d-9276-5b17-b99c-466cf558c1c7,1777395632,0.6,56.0,no,"{""count_fp"":""56.00"",""created_time"":""2026-04-28T17:00:32.274171Z"",""no_price_dollars"":""0.4000"",""taker_side"":""no"",""ticker"":""KXBTC15M-26APR281315-15"",""trade_id"":""37cde57d-9276-5b17-b99c-466cf558c1c7"",""yes_price_dollars"":""0.6000""}"
KXBTC15M-26APR281315-15,f9ffe55c-eace-61b2-1854-1ec75b2dc353,1777395632,0.61,1.0,no,"{""count_fp"":""1.00"",""created_time"":""2026-04-28T17:00:32.264312Z"",""no_price_dollars"":""0.3900"",""taker_side"":""no"",""ticker"":""KXBTC15M-26APR281315-15"",""trade_id"":""f9ffe55c-eace-61b2-1854-1ec75b2dc353"",""yes_price_dollars"":""0.6100""}"
KXBTC15M-26APR281315-15,92c15120-b107-4720-9e87-dcf71655e88e,1777395632,0.61,150.13,no,"{""count_fp"":""150.13"",""created_time"":""2026-04-28T17:00:32.255209Z"",""no_price_dollars"":""0.3900"",""taker_side"":""no"",""ticker"":""KXBTC15M-26APR281315-15"",""trade_id"":""92c15120-b107-4720-9e87-dcf71655e88e"",""yes_price_dollars"":""0.6100""}"
KXBTC15M-26APR281315-15,7c0134da-697c-42c3-819b-5f019beeb5a6,1777395632,0.61,5.0,no,"{""count_fp"":""5.00"",""created_time"":""2026-04-28T17:00:32.255209Z"",""no_price_dollars"":""0.3900"",""taker_side"":""no"",""ticker"":""KXBTC15M-26APR281315-15"",""trade_id"":""7c0134da-697c-42c3-819b-5f019beeb5a6"",""yes_price_dollars"":""0.6100""}"
KXBTC15M-26APR281315-15,3a91292d-fc69-4b23-95e6-c8f62c9fec98,1777395632,0.61,16.43,no,"{""count_fp"":""16.43"",""created_time"":""2026-04-28T17:00:32.255209Z"",""no_price_dollars"":""0.3900"",""taker_side"":""no"",""ticker"":""KXBTC15M-26APR281315-15"",""trade_id"":""3a91292d-fc69-4b23-95e6-c8f62c9fec98"",""yes_price_dollars"":""0.6100""}"
KXBTC15M-26APR281315-15,364d62df-f373-4310-1e47-236dac62a94a,1777395632,0.61,11.71,no,"{""count_fp"":""11.71"",""created_time"":""2026-04-28T17:00:32.242755Z"",""no_price_dollars"":""0.3900"",""taker_side"":""no"",""ticker"":""KXBTC15M-26APR281315-15"",""trade_id"":""364d62df-f373-4310-1e47-236dac62a94a"",""yes_price_dollars"":""0.6100""}"
KXBTC15M-26APR281315-15,7f6f19e3-fd77-51a0-5594-c4ec00b23b42,1777395632,0.61,24.59,no,"{""count_fp"":""24.59"",""created_time"":""2026-04-28T17:00:32.154774Z"",""no_price_dollars"":""0.3900"",""taker_side"":""no"",""ticker"":""KXBTC15M-26APR281315-15"",""trade_id"":""7f6f19e3-fd77-51a0-5594-c4ec00b23b42"",""yes_price_dollars"":""0.6100""}"
KXBTC15M-26APR281315-15,b6874ce3-adc7-6918-2713-ad2a15172d3a,1777395632,0.61,27.52,no,"{""count_fp"":""27.52"",""created_time"":""2026-04-28T17:00:32.127367Z"",""no_price_dollars"":""0.3900"",""taker_side"":""no"",""ticker"":""KXBTC15M-26APR281315-15"",""trade_id"":""b6874ce3-adc7-6918-2713-ad2a15172d3a"",""yes_price_dollars"":""0.6100""}"
KXBTC15M-26APR281315-15,12a2a64c-5b2f-7118-5d5e-ca5a37a3f262,1777395632,0.61,210.0,no,"{""count_fp"":""210.00"",""created_time"":""2026-04-28T17:00:32.054183Z"",""no_price_dollars"":""0.3900"",""taker_side"":""no"",""ticker"":""KXBTC15M-26APR281315-15"",""trade_id"":""12a2a64c-5b2f-7118-5d5e-ca5a37a3f262"",""yes_price_dollars"":""0.6100""}"
KXBTC15M-26APR281315-15,af9ca8c0-393f-5f88-6d66-765983ac0a66,1777395632,0.61,34.75,no,"{""count_fp"":""34.75"",""created_time"":""2026-04-28T17:00:32.046938Z"",""no_price_dollars"":""0.3900"",""taker_side"":""no"",""ticker"":""KXBTC15M-26APR281315-15"",""trade_id"":""af9ca8c0-393f-5f88-6d66-765983ac0a66"",""yes_price_dollars"":""0.6100""}"
KXBTC15M-26APR281315-15,a9dd9644-c7db-6184-cb6b-f7de1cdf1bce,1777395632,0.61,22.71,no,"{""count_fp"":""22.71"",""created_time"":""2026-04-28T17:00:32.035511Z"",""no_price_dollars"":""0.3900"",""taker_side"":""no"",""ticker"":""KXBTC15M-26APR281315-15"",""trade_id"":""a9dd9644-c7db-6184-cb6b-f7de1cdf1bce"",""yes_price_dollars"":""0.6100""}"
KXBTC15M-26APR281315-15,89da2444-2d21-75c7-fef7-176a3612a6db,1777395633,0.6,1.61,yes,"{""count_fp"":""1.61"",""created_time"":""2026-04-28T17:00:33.734402Z"",""no_price_dollars"":""0.4000"",""taker_side"":""yes"",""ticker"":""KXBTC15M-26APR281315-15"",""trade_id"":""89da2444-2d21-75c7-fef7-176a3612a6db"",""yes_price_dollars"":""0.6000""}"
KXBTC15M-26APR281315-15,50be16eb-4710-53bc-a902-1a0b40c6ca28,1777395633,0.6,157.11,yes,"{""count_fp"":""157.11"",""created_time"":""2026-04-28T17:00:33.246592Z"",""no_price_dollars"":""0.4000"",""taker_side"":""yes"",""ticker"":""KXBTC15M-26APR281315-15"",""trade_id"":""50be16eb-4710-53bc-a902-1a0b40c6ca28"",""yes_price_dollars"":""0.6000""}"
KXBTC15M-26APR281315-15,0d898e5f-739c-4c84-3493-aee4b1cee978,1777395633,0.6,5.42,yes,"{""count_fp"":""5.42"",""created_time"":""2026-04-28T17:00:33.100345Z"",""no_price_dollars"":""0.4000"",""taker_side"":""yes"",""ticker"":""KXBTC15M-26APR281315-15"",""trade_id"":""0d898e5f-739c-4c84-3493-aee4b1cee978"",""yes_price_dollars"":""0.6000""}"
KXBTC15M-26APR281315-15,b44fe9c9-b6d8-7920-15f9-16dca94c6cb4,1777395633,0.6,1.0,yes,"{""count_fp"":""1.00"",""created_time"":""2026-04-28T17:00:33.031634Z"",""no_price_dollars"":""0.4000"",""taker_side"":""yes"",""ticker"":""KXBTC15M-26APR281315-15"",""trade_id"":""b44fe9c9-b6d8-7920-15f9-16dca94c6cb4"",""yes_price_dollars"":""0.6000""}"
KXBTC15M-26APR281315-15,984c3786-a73a-541e-c25c-415954efaceb,1777395634,0.63,4.0,yes,"{""count_fp"":""4.00"",""created_time"":""2026-04-28T17:00:34.875691Z"",""no_price_dollars"":""0.3700"",""taker_side"":""yes"",""ticker"":""KXBTC15M-26APR281315-15"",""trade_id"":""984c3786-a73a-541e-c25c-415954efaceb"",""yes_price_dollars"":""0.6300""}"
KXBTC15M-26APR281315-15,5e180ef9-a865-5418-82c3-8078af7a3c98,1777395634,0.62,1.0,no,"{""count_fp"":""1.00"",""created_time"":""2026-04-28T17:00:34.827282Z"",""no_price_dollars"":""0.3800"",""taker_side"":""no"",""ticker"":""KXBTC15M-26APR281315-15"",""trade_id"":""5e180ef9-a865-5418-82c3-8078af7a3c98"",""yes_price_dollars"":""0.6200""}"
KXBTC15M-26APR281315-15,52ea9edc-cf35-7d1c-4606-fbc26c620248,1777395634,0.62,12.58,no,"{""count_fp"":""12.58"",""created_time"":""2026-04-28T17:00:34.754113Z"",""no_price_dollars"":""0.3800"",""taker_side"":""no"",""ticker"":""KXBTC15M-26APR281315-15"",""trade_id"":""52ea9edc-cf35-7d1c-4606-fbc26c620248"",""yes_price_dollars"":""0.6200""}"
KXBTC15M-26APR281315-15,5ec46dbc-4579-5c78-ae9f-dbe3545c9114,1777395634,0.62,26.99,no,"{""count_fp"":""26.99"",""created_time"":""2026-04-28T17:00:34.744934Z"",""no_price_dollars"":""0.3800"",""taker_side"":""no"",""ticker"":""KXBTC15M-26APR281315-15"",""trade_id"":""5ec46dbc-4579-5c78-ae9f-dbe3545c9114"",""yes_price_dollars"":""0.6200""}"
KXBTC15M-26APR281315-15,2d045b4f-b03d-7a2c-7760-c45c65d25c50,1777395634,0.62,53.18,no,"{""count_fp"":""53.18"",""created_time"":""2026-04-28T17:00:34.733408Z"",""no_price_dollars"":""0.3800"",""taker_side"":""no"",""ticker"":""KXBTC15M-26APR281315-15"",""trade_id"":""2d045b4f-b03d-7a2c-7760-c45c65d25c50"",""yes_price_dollars"":""0.6200""}"
KXBTC15M-26APR281315-15,229f2f81-9c76-7e55-e977-e7bbd4e58448,1777395634,0.62,43.48,yes,"{""count_fp"":""43.48"",""created_time"":""2026-04-28T17:00:34.406452Z"",""no_price_dollars"":""0.3800"",""taker_side"":""yes"",""ticker"":""KXBTC15M-26APR281315-15"",""trade_id"":""229f2f81-9c76-7e55-e977-e7bbd4e58448"",""yes_price_dollars"":""0.6200""}"
KXBTC15M-26APR281315-15,48377963-05bc-400a-f5d8-1913fc3e83f9,1777395634,0.61,0.5,yes,"{""count_fp"":""0.50"",""created_time"":""2026-04-28T17:00:34.357139Z"",""no_price_dollars"":""0.3900"",""taker_side"":""yes"",""ticker"":""KXBTC15M-26APR281315-15"",""trade_id"":""48377963-05bc-400a-f5d8-1913fc3e83f9"",""yes_price_dollars"":""0.6100""}"
KXBTC15M-26APR281315-15,eea922f6-272b-7ba9-ab6a-a23f425708d6,1777395634,0.61,3.0,yes,"{""count_fp"":""3.00"",""created_time"":""2026-04-28T17:00:34.341173Z"",""no_price_dollars"":""0.3900"",""taker_side"":""yes"",""ticker"":""KXBTC15M-26APR281315-15"",""trade_id"":""eea922f6-272b-7ba9-ab6a-a23f425708d6"",""yes_price_dollars"":""0.6100""}"
KXBTC15M-26APR281315-15,40ba9bce-e56d-7c85-84bc-4f4a3cf9b48a,1777395634,0.61,1.98,yes,"{""count_fp"":""1.98"",""created_time"":""2026-04-28T17:00:34.341173Z"",""no_price_dollars"":""0.3900"",""taker_side"":""yes"",""ticker"":""KXBTC15M-26APR281315-15"",""trade_id"":""40ba9bce-e56d-7c85-84bc-4f4a3cf9b48a"",""yes_price_dollars"":""0.6100""}"
KXBTC15M-26APR281315-15,c6d4cca1-1a43-5d25-4e0c-e48ba787d2f6,1777395634,0.61,1.0,yes,"{""count_fp"":""1.00"",""created_time"":""2026-04-28T17:00:34.339502Z"",""no_price_dollars"":""0.3900"",""taker_side"":""yes"",""ticker"":""KXBTC15M-26APR281315-15"",""trade_id"":""c6d4cca1-1a43-5d25-4e0c-e48ba787d2f6"",""yes_price_dollars"":""0.6100""}"
KXBTC15M-26APR281315-15,cb7bf812-a939-75a7-9e73-db3de21553da,1777395634,0.61,31.9,yes,"{""count_fp"":""31.90"",""created_time"":""2026-04-28T17:00:34.099902Z"",""no_price_dollars"":""0.3900"",""taker_side"":""yes"",""ticker"":""KXBTC15M-26APR281315-15"",""trade_id"":""cb7bf812-a939-75a7-9e73-db3de21553da"",""yes_price_dollars"":""0.6100""}"
KXBTC15M-26APR281315-15,e6d1e6de-4791-4cfb-f64e-9be63c5e65f3,1777395634,0.6,7.82,yes,"{""count_fp"":""7.82"",""created_time"":""2026-04-28T17:00:34.061689Z"",""no_price_dollars"":""0.4000"",""taker_side"":""yes"",""ticker"":""KXBTC15M-26APR281315-15"",""trade_id"":""e6d1e6de-4791-4cfb-f64e-9be63c5e65f3"",""yes_price_dollars"":""0.6000""}"
KXBTC15M-26APR281315-15,849c6013-f439-483f-f89a-bce6f773e03e,1777395634,0.61,19.96,yes,"{""count_fp"":""19.96"",""created_time"":""2026-04-28T17:00:34.061689Z"",""no_price_dollars"":""0.3900"",""taker_side"":""yes"",""ticker"":""KXBTC15M-26APR281315-15"",""trade_id"":""849c6013-f439-483f-f89a-bce6f773e03e"",""yes_price_dollars"":""0.6100""}"
KXBTC15M-26APR281315-15,7fc5f4aa-b2d2-408b-eff7-f6b5c2f05ad5,1777395634,0.6,0.13,yes,"{""count_fp"":""0.13"",""created_time"":""2026-04-28T17:00:34.061689Z"",""no_price_dollars"":""0.4000"",""taker_side"":""yes"",""ticker"":""KXBTC15M-26APR281315-15"",""trade_id"":""7fc5f4aa-b2d2-408b-eff7-f6b5c2f05ad5"",""yes_price_dollars"":""0.6000""}"
KXBTC15M-26APR281315-15,0a4b835a-1092-4850-f9d0-b874fbd5715a,1777395634,0.6,4.0,yes,"{""count_fp"":""4.00"",""created_time"":""2026-04-28T17:00:34.061689Z"",""no_price_dollars"":""0.4000"",""taker_side"":""yes"",""ticker"":""KXBTC15M-26APR281315-15"",""trade_id"":""0a4b835a-1092-4850-f9d0-b874fbd5715a"",""yes_price_dollars"":""0.6000""}"
KXBTC15M-26APR281315-15,9cbf825e-5a79-4747-2778-6f189b38f673,1777395634,0.6,0.57,yes,"{""count_fp"":""0.57"",""created_time"":""2026-04-28T17:00:34.008751Z"",""no_price_dollars"":""0.4000"",""taker_side"":""yes"",""ticker"":""KXBTC15M-26APR281315-15"",""trade_id"":""9cbf825e-5a79-4747-2778-6f189b38f673"",""yes_price_dollars"":""0.6000""}"
KXBTC15M-26APR281315-15,683a23ba-3469-4785-4160-7ec8b2062931,1777395635,0.62,4.03,no,"{""count_fp"":""4.03"",""created_time"":""2026-04-28T17:00:35.817034Z"",""no_price_dollars"":""0.3800"",""taker_side"":""no"",""ticker"":""KXBTC15M-26APR281315-15"",""trade_id"":""683a23ba-3469-4785-4160-7ec8b2062931"",""yes_price_dollars"":""0.6200""}"
KXBTC15M-26APR281315-15,06cd7c8d-d751-4950-7d4b-8ff7306c5678,1777395635,0.62,290.97,no,"{""count_fp"":""290.97"",""created_time"":""2026-04-28T17:00:35.817034Z"",""no_price_dollars"":""0.3800"",""taker_side"":""no"",""ticker"":""KXBTC15M-26APR281315-15"",""trade_id"":""06cd7c8d-d751-4950-7d4b-8ff7306c5678"",""yes_price_dollars"":""0.6200""}"
KXBTC15M-26APR281315-15,e0d76ef4-b99d-6c40-f832-5c8b506760a0,1777395635,0.62,1.96,no,"{""count_fp"":""1.96"",""created_time"":""2026-04-28T17:00:35.624914Z"",""no_price_dollars"":""0.3800"",""taker_side"":""no"",""ticker"":""KXBTC15M-26APR281315-15"",""trade_id"":""e0d76ef4-b99d-6c40-f832-5c8b506760a0"",""yes_price_dollars"":""0.6200""}"
KXBTC15M-26APR281315-15,529106c4-d69d-42e0-31db-05ea6f8967f0,1777395635,0.62,47.98,no,"{""count_fp"":""47.98"",""created_time"":""2026-04-28T17:00:35.430444Z"",""no_price_dollars"":""0.3800"",""taker_side"":""no"",""ticker"":""KXBTC15M-26APR281315-15"",""trade_id"":""529106c4-d69d-42e0-31db-05ea6f8967f0"",""yes_price_dollars"":""0.6200""}"
KXBTC15M-26APR281315-15,118fbcda-bf09-7538-1306-a606ea8dd38c,1777395635,0.62,65.34,no,"{""count_fp"":""65.34"",""created_time"":""2026-04-28T17:00:35.120017Z"",""no_price_dollars"":""0.3800"",""taker_side"":""no"",""ticker"":""KXBTC15M-26APR281315-15"",""trade_id"":""118fbcda-bf09-7538-1306-a606ea8dd38c"",""yes_price_dollars"":""0.6200""}"
KXBTC15M-26APR281315-15,030075cc-68aa-739f-6e01-710a14007258,1777395636,0.62,58.13,yes,"{""count_fp"":""58.13"",""created_time"":""2026-04-28T17:00:36.988603Z"",""no_price_dollars"":""0.3800"",""taker_side"":""yes"",""ticker"":""KXBTC15M-26APR281315-15"",""trade_id"":""030075cc-68aa-739f-6e01-710a14007258"",""yes_price_dollars"":""0.6200""}"
KXBTC15M-26APR281315-15,f28beaf2-8212-7ea5-d882-f4ed6d758589,1777395636,0.62,40.0,yes,"{""count_fp"":""40.00"",""created_time"":""2026-04-28T17:00:36.643143Z"",""no_price_dollars"":""0.3800"",""taker_side"":""yes"",""ticker"":""KXBTC15M-26APR281315-15"",""trade_id"":""f28beaf2-8212-7ea5-d882-f4ed6d758589"",""yes_price_dollars"":""0.6200""}"
KXBTC15M-26APR281315-15,ed9abe26-29b2-755b-c2af-59fb78891764,1777395636,0.62,38.1,yes,"{""count_fp"":""38.10"",""created_time"":""2026-04-28T17:00:36.643143Z"",""no_price_dollars"":""0.3800"",""taker_side"":""yes"",""ticker"":""KXBTC15M-26APR281315-15"",""trade_id"":""ed9abe26-29b2-755b-c2af-59fb78891764"",""yes_price_dollars"":""0.6200""}"
KXBTC15M-26APR281315-15,866a5179-928c-4609-bbb9-006d525aeee6,1777395636,0.61,25.16,no,"{""count_fp"":""25.16"",""created_time"":""2026-04-28T17:00:36.608146Z"",""no_price_dollars"":""0.3900"",""taker_side"":""no"",""ticker"":""KXBTC15M-26APR281315-15"",""trade_id"":""866a5179-928c-4609-bbb9-006d525aeee6"",""yes_price_dollars"":""0.6100""}"
KXBTC15M-26APR281315-15,89d890b1-6ae0-6180-3f38-bbf3f418a7a8,1777395636,0.61,0.82,no,"{""count_fp"":""0.82"",""created_time"":""2026-04-28T17:00:36.112368Z"",""no_price_dollars"":""0.3900"",""taker_side"":""no"",""ticker"":""KXBTC15M-26APR281315-15"",""trade_id"":""89d890b1-6ae0-6180-3f38-bbf3f418a7a8"",""yes_price_dollars"":""0.6100""}"
KXBTC15M-26APR281315-15,2f7cb1d3-be9c-6e99-229f-4bae2ef5a466,1777395636,0.61,39.38,no,"{""count_fp"":""39.38"",""created_time"":""2026-04-28T17:00:36.112368Z"",""no_price_dollars"":""0.3900"",""taker_side"":""no"",""ticker"":""KXBTC15M-26APR281315-15"",""trade_id"":""2f7cb1d3-be9c-6e99-229f-4bae2ef5a466"",""yes_price_dollars"":""0.6100""}"
KXBTC15M-26APR281315-15,0547289a-0d30-4920-6e56-bceec27953ac,1777395636,0.61,1.66,no,"{""count_fp"":""1.66"",""created_time"":""2026-04-28T17:00:36.040693Z"",""no_price_dollars"":""0.3900"",""taker_side"":""no"",""ticker"":""KXBTC15M-26APR281315-15"",""trade_id"":""0547289a-0d30-4920-6e56-bceec27953ac"",""yes_price_dollars"":""0.6100""}"
KXBTC15M-26APR281315-15,1894c5a5-34e2-7806-d70f-7b7e9ba276c6,1777395637,0.62,5.0,no,"{""count_fp"":""5.00"",""created_time"":""2026-04-28T17:00:37.991789Z"",""no_price_dollars"":""0.3800"",""taker_side"":""no"",""ticker"":""KXBTC15M-26APR281315-15"",""trade_id"":""1894c5a5-34e2-7806-d70f-7b7e9ba276c6"",""yes_price_dollars"":""0.6200""}"
KXBTC15M-26APR281315-15,c7cd7fe9-c741-459f-631b-21aa32ac35ea,1777395637,0.62,16.29,no,"{""count_fp"":""16.29"",""created_time"":""2026-04-28T17:00:37.919691Z"",""no_price_dollars"":""0.3800"",""taker_side"":""no"",""ticker"":""KXBTC15M-26APR281315-15"",""trade_id"":""c7cd7fe9-c741-459f-631b-21aa32ac35ea"",""yes_price_dollars"":""0.6200""}"
KXBTC15M-26APR281315-15,7b3355a5-b54e-434e-6f89-69f6affd225e,1777395637,0.62,205.02,no,"{""count_fp"":""205.02"",""created_time"":""2026-04-28T17:00:37.919691Z"",""no_price_dollars"":""0.3800"",""taker_side"":""no"",""ticker"":""KXBTC15M-26APR281315-15"",""trade_id"":""7b3355a5-b54e-434e-6f89-69f6affd225e"",""yes_price_dollars"":""0.6200""}"
KXBTC15M-26APR281315-15,e4b0174f-a11a-5596-b2aa-ff6425bede93,1777395637,0.63,135.0,yes,"{""count_fp"":""135.00"",""created_time"":""2026-04-28T17:00:37.588275Z"",""no_price_dollars"":""0.3700"",""taker_side"":""yes"",""ticker"":""KXBTC15M-26APR281315-15"",""trade_id"":""e4b0174f-a11a-5596-b2aa-ff6425bede93"",""yes_price_dollars"":""0.6300""}"
KXBTC15M-26APR281315-15,a8e21252-bf55-544a-87f1-7da50cb0805a,1777395637,0.62,1.0,yes,"{""count_fp"":""1.00"",""created_time"":""2026-04-28T17:00:37.588275Z"",""no_price_dollars"":""0.3800"",""taker_side"":""yes"",""ticker"":""KXBTC15M-26APR281315-15"",""trade_id"":""a8e21252-bf55-544a-87f1-7da50cb0805a"",""yes_price_dollars"":""0.6200""}"
KXBTC15M-26APR281315-15,6b821004-f986-557f-9483-d2bf175154d3,1777395637,0.62,15.0,yes,"{""count_fp"":""15.00"",""created_time"":""2026-04-28T17:00:37.588275Z"",""no_price_dollars"":""0.3800"",""taker_side"":""yes"",""ticker"":""KXBTC15M-26APR281315-15"",""trade_id"":""6b821004-f986-557f-9483-d2bf175154d3"",""yes_price_dollars"":""0.6200""}"
KXBTC15M-26APR281315-15,33358527-e462-547d-8c65-078d0e913de7,1777395637,0.63,3.72,yes,"{""count_fp"":""3.72"",""created_time"":""2026-04-28T17:00:37.588275Z"",""no_price_dollars"":""0.3700"",""taker_side"":""yes"",""ticker"":""KXBTC15M-26APR281315-15"",""trade_id"":""33358527-e462-547d-8c65-078d0e913de7"",""yes_price_dollars"":""0.6300""}"
KXBTC15M-26APR281315-15,3c9aa1d4-cafb-40f4-bd25-e3345f624f90,1777395637,0.62,3.0,yes,"{""count_fp"":""3.00"",""created_time"":""2026-04-28T17:00:37.053746Z"",""no_price_dollars"":""0.3800"",""taker_side"":""yes"",""ticker"":""KXBTC15M-26APR281315-15"",""trade_id"":""3c9aa1d4-cafb-40f4-bd25-e3345f624f90"",""yes_price_dollars"":""0.6200""}"
KXBTC15M-26APR281315-15,a4923bc0-be91-6271-1440-ad9482ac95fa,1777395637,0.61,5.0,no,"{""count_fp"":""5.00"",""created_time"":""2026-04-28T17:00:37.025511Z"",""no_price_dollars"":""0.3900"",""taker_side"":""no"",""ticker"":""KXBTC15M-26APR281315-15"",""trade_id"":""a4923bc0-be91-6271-1440-ad9482ac95fa"",""yes_price_dollars"":""0.6100""}"
KXBTC15M-26APR281315-15,88005094-a7c4-6839-0567-f4b548d799fa,1777395637,0.61,435.46,no,"{""count_fp"":""435.46"",""created_time"":""2026-04-28T17:00:37.025511Z"",""no_price_dollars"":""0.3900"",""taker_side"":""no"",""ticker"":""KXBTC15M-26APR281315-15"",""trade_id"":""88005094-a7c4-6839-0567-f4b548d799fa"",""yes_price_dollars"":""0.6100""}"
KXBTC15M-26APR281315-15,79d56c61-6f5f-639b-294a-4f514c08d2d7,1777395637,0.61,27.19,no,"{""count_fp"":""27.19"",""created_time"":""2026-04-28T17:00:37.025511Z"",""no_price_dollars"":""0.3900"",""taker_side"":""no"",""ticker"":""KXBTC15M-26APR281315-15"",""trade_id"":""79d56c61-6f5f-639b-294a-4f514c08d2d7"",""yes_price_dollars"":""0.6100""}"
KXBTC15M-26APR281315-15,c15b1e10-cff2-5d9f-ec4b-83dc7b100610,1777395637,0.62,24.97,yes,"{""count_fp"":""24.97"",""created_time"":""2026-04-28T17:00:37.011318Z"",""no_price_dollars"":""0.3800"",""taker_side"":""yes"",""ticker"":""KXBTC15M-26APR281315-15"",""trade_id"":""c15b1e10-cff2-5d9f-ec4b-83dc7b100610"",""yes_price_dollars"":""0.6200""}"
KXBTC15M-26APR281315-15,e1471c76-33c6-4bdf-7242-109922fb0a48,1777395637,0.62,76.32,yes,"{""count_fp"":""76.32"",""created_time"":""2026-04-28T17:00:37.011229Z"",""no_price_dollars"":""0.3800"",""taker_side"":""yes"",""ticker"":""KXBTC15M-26APR281315-15"",""trade_id"":""e1471c76-33c6-4bdf-7242-109922fb0a48"",""yes_price_dollars"":""0.6200""}"
KXBTC15M-26APR281315-15,c4701885-8502-5052-e788-992f5ace9212,1777395638,0.62,151.32,no,"{""count_fp"":""151.32"",""created_time"":""2026-04-28T17:00:38.729719Z"",""no_price_dollars"":""0.3800"",""taker_side"":""no"",""ticker"":""KXBTC15M-26APR281315-15"",""trade_id"":""c4701885-8502-5052-e788-992f5ace9212"",""yes_price_dollars"":""0.6200""}"
KXBTC15M-26APR281315-15,5499286b-8392-4bde-23c1-5a7fa243a6de,1777395638,0.62,17.48,no,"{""count_fp"":""17.48"",""created_time"":""2026-04-28T17:00:38.591048Z"",""no_price_dollars"":""0.3800"",""taker_side"":""no"",""ticker"":""KXBTC15M-26APR281315-15"",""trade_id"":""5499286b-8392-4bde-23c1-5a7fa243a6de"",""yes_price_dollars"":""0.6200""}"
KXBTC15M-26APR281315-15,f88cd013-3a7e-666a-fbcb-3c8ed1215010,1777395639,0.62,56.0,no,"{""count_fp"":""56.00"",""created_time"":""2026-04-28T17:00:39.959978Z"",""no_price_dollars"":""0.3800"",""taker_side"":""no"",""ticker"":""KXBTC15M-26APR281315-15"",""trade_id"":""f88cd013-3a7e-666a-fbcb-3c8ed1215010"",""yes_price_dollars"":""0.6200""}"
KXBTC15M-26APR281315-15,f3d75538-1fe4-69ae-f4b3-9b1af8318aa6,1777395639,0.62,25.61,no,"{""count_fp"":""25.61"",""created_time"":""2026-04-28T17:00:39.959978Z"",""no_price_dollars"":""0.3800"",""taker_side"":""no"",""ticker"":""KXBTC15M-26APR281315-15"",""trade_id"":""f3d75538-1fe4-69ae-f4b3-9b1af8318aa6"",""yes_price_dollars"":""0.6200""}"
KXBTC15M-26APR281315-15,b694af79-ce97-66a4-ff02-6292994496c3,1777395639,0.62,112.0,no,"{""count_fp"":""112.00"",""created_time"":""2026-04-28T17:00:39.959978Z"",""no_price_dollars"":""0.3800"",""taker_side"":""no"",""ticker"":""KXBTC15M-26APR281315-15"",""trade_id"":""b694af79-ce97-66a4-ff02-6292994496c3"",""yes_price_dollars"":""0.6200""}"
KXBTC15M-26APR281315-15,9945af1b-1130-6d3a-f828-3e4623bb1366,1777395639,0.61,11.79,no,"{""count_fp"":""11.79"",""created_time"":""2026-04-28T17:00:39.959978Z"",""no_price_dollars"":""0.3900"",""taker_side"":""no"",""ticker"":""KXBTC15M-26APR281315-15"",""trade_id"":""9945af1b-1130-6d3a-f828-3e4623bb1366"",""yes_price_dollars"":""0.6100""}"
KXBTC15M-26APR281315-15,92644004-4940-6671-e038-d84eb67e2a91,1777395639,0.61,800.56,no,"{""count_fp"":""800.56"",""created_time"":""2026-04-28T17:00:39.959978Z"",""no_price_dollars"":""0.3900"",""taker_side"":""no"",""ticker"":""KXBTC15M-26APR281315-15"",""trade_id"":""92644004-4940-6671-e038-d84eb67e2a91"",""yes_price_dollars"":""0.6100""}"
KXBTC15M-26APR281315-15,80116410-f266-642e-e767-9ac2757fbb0b,1777395639,0.62,500.0,no,"{""count_fp"":""500.00"",""created_time"":""2026-04-28T17:00:39.959978Z"",""no_price_dollars"":""0.3800"",""taker_side"":""no"",""ticker"":""KXBTC15M-26APR281315-15"",""trade_id"":""80116410-f266-642e-e767-9ac2757fbb0b"",""yes_price_dollars"":""0.6200""}"
KXBTC15M-26APR281315-15,7ae3d7f3-76c3-6406-ff49-45d7a6f1215b,1777395639,0.61,1.0,no,"{""count_fp"":""1.00"",""created_time"":""2026-04-28T17:00:39.959978Z"",""no_price_dollars"":""0.3900"",""taker_side"":""no"",""ticker"":""KXBTC15M-26APR281315-15"",""trade_id"":""7ae3d7f3-76c3-6406-ff49-45d7a6f1215b"",""yes_price_dollars"":""0.6100""}"
KXBTC15M-26APR281315-15,59fa5009-ecb4-6e12-db87-298a6ba2515d,1777395639,0.62,1.0,no,"{""count_fp"":""1.00"",""created_time"":""2026-04-28T17:00:39.959978Z"",""no_price_dollars"":""0.3800"",""taker_side"":""no"",""ticker"":""KXBTC15M-26APR281315-15"",""trade_id"":""59fa5009-ecb4-6e12-db87-298a6ba2515d"",""yes_price_dollars"":""0.6200""}"
KXBTC15M-26APR281315-15,3ecd7ec1-8766-6ebe-d362-ab545626c1c3,1777395639,0.62,200.0,no,"{""count_fp"":""200.00"",""created_time"":""2026-04-28T17:00:39.959978Z"",""no_price_dollars"":""0.3800"",""taker_side"":""no"",""ticker"":""KXBTC15M-26APR281315-15"",""trade_id"":""3ecd7ec1-8766-6ebe-d362-ab545626c1c3"",""yes_price_dollars"":""0.6200""}"
KXBTC15M-26APR281315-15,356e348e-a1cc-600c-d15e-ca5ba39ea551,1777395639,0.61,17.0,no,"{""count_fp"":""17.00"",""created_time"":""2026-04-28T17:00:39.959978Z"",""no_price_dollars"":""0.3900"",""taker_side"":""no"",""ticker"":""KXBTC15M-26APR281315-15"",""trade_id"":""356e348e-a1cc-600c-d15e-ca5ba39ea551"",""yes_price_dollars"":""0.6100""}"
KXBTC15M-26APR281315-15,1db357a6-1b76-6804-e5bd-4174cce47bd0,1777395639,0.62,3.0,no,"{""count_fp"":""3.00"",""created_time"":""2026-04-28T17:00:39.959978Z"",""no_price_dollars"":""0.3800"",""taker_side"":""no"",""ticker"":""KXBTC15M-26APR281315-15"",""trade_id"":""1db357a6-1b76-6804-e5bd-4174cce47bd0"",""yes_price_dollars"":""0.6200""}"
KXBTC15M-26APR281315-15,18116ce3-50ed-6fcc-fee1-917cde40a1ba,1777395639,0.61,40.0,no,"{""count_fp"":""40.00"",""created_time"":""2026-04-28T17:00:39.959978Z"",""no_price_dollars"":""0.3900"",""taker_side"":""no"",""ticker"":""KXBTC15M-26APR281315-15"",""trade_id"":""18116ce3-50ed-6fcc-fee1-917cde40a1ba"",""yes_price_dollars"":""0.6100""}"
KXBTC15M-26APR281315-15,09284610-33e0-6824-ca2b-dbad4c1b3f6a,1777395639,0.62,9.96,no,"{""count_fp"":""9.96"",""created_time"":""2026-04-28T17:00:39.959978Z"",""no_price_dollars"":""0.3800"",""taker_side"":""no"",""ticker"":""KXBTC15M-26APR281315-15"",""trade_id"":""09284610-33e0-6824-ca2b-dbad4c1b3f6a"",""yes_price_dollars"":""0.6200""}"
KXBTC15M-26APR281315-15,ec3ccbad-1c6f-59f0-f070-1bbf660db68a,1777395639,0.63,1.0,no,"{""count_fp"":""1.00"",""created_time"":""2026-04-28T17:00:39.325485Z"",""no_price_dollars"":""0.3700"",""taker_side"":""no"",""ticker"":""KXBTC15M-26APR281315-15"",""trade_id"":""ec3ccbad-1c6f-59f0-f070-1bbf660db68a"",""yes_price_dollars"":""0.6300""}"
KXBTC15M-26APR281315-15,83b2aed8-83b4-536e-d214-6e3d8bd9cd76,1777395639,0.62,14.39,no,"{""count_fp"":""14.39"",""created_time"":""2026-04-28T17:00:39.325485Z"",""no_price_dollars"":""0.3800"",""taker_side"":""no"",""ticker"":""KXBTC15M-26APR281315-15"",""trade_id"":""83b2aed8-83b4-536e-d214-6e3d8bd9cd76"",""yes_price_dollars"":""0.6200""}"
KXBTC15M-26APR281315-15,577fbde0-6e16-5b23-de43-764da89b3327,1777395639,0.62,1.0,no,"{""count_fp"":""1.00"",""created_time"":""2026-04-28T17:00:39.325485Z"",""no_price_dollars"":""0.3800"",""taker_side"":""no"",""ticker"":""KXBTC15M-26APR281315-15"",""trade_id"":""577fbde0-6e16-5b23-de43-764da89b3327"",""yes_price_dollars"":""0.6200""}"
KXBTC15M-26APR281315-15,2d167f22-4bfa-5032-ce78-a43dcaaec4aa,1777395639,0.63,466.73,no,"{""count_fp"":""466.73"",""created_time"":""2026-04-28T17:00:39.325485Z"",""no_price_dollars"":""0.3700"",""taker_side"":""no"",""ticker"":""KXBTC15M-26APR281315-15"",""trade_id"":""2d167f22-4bfa-5032-ce78-a43dcaaec4aa"",""yes_price_dollars"":""0.6300""}"
KXBTC15M-26APR281315-15,2d00b4f3-8f58-5ba5-d796-1fb362646570,1777395639,0.63,10.0,no,"{""count_fp"":""10.00"",""created_time"":""2026-04-28T17:00:39.325485Z"",""no_price_dollars"":""0.3700"",""taker_side"":""no"",""ticker"":""KXBTC15M-26APR281315-15"",""trade_id"":""2d00b4f3-8f58-5ba5-d796-1fb362646570"",""yes_price_dollars"":""0.6300""}"
KXBTC15M-26APR281315-15,e411b439-2440-7db2-c39e-4d06c630a3de,1777395640,0.61,4.57,no,"{""count_fp"":""4.57"",""created_time"":""2026-04-28T17:00:40.634459Z"",""no_price_dollars"":""0.3900"",""taker_side"":""no"",""ticker"":""KXBTC15M-26APR281315-15"",""trade_id"":""e411b439-2440-7db2-c39e-4d06c630a3de"",""yes_price_dollars"":""0.6100""}"
