ticker,trade_id,ts,yes_price,count,taker_side,raw_json
KXBTC15M-26APR281100-00,eebb436a-dc8a-4e34-b841-68219fc92a19,1777387500,0.55,1.0,yes,"{""count_fp"":""1.00"",""created_time"":""2026-04-28T14:45:00.983852Z"",""no_price_dollars"":""0.4500"",""taker_side"":""yes"",""ticker"":""KXBTC15M-26APR281100-00"",""trade_id"":""eebb436a-dc8a-4e34-b841-68219fc92a19"",""yes_price_dollars"":""0.5500""}"
KXBTC15M-26APR281100-00,62dfb616-939f-42cb-91e1-afd9856ea67d,1777387500,0.55,5.0,yes,"{""count_fp"":""5.00"",""created_time"":""2026-04-28T14:45:00.983852Z"",""no_price_dollars"":""0.4500"",""taker_side"":""yes"",""ticker"":""KXBTC15M-26APR281100-00"",""trade_id"":""62dfb616-939f-42cb-91e1-afd9856ea67d"",""yes_price_dollars"":""0.5500""}"
KXBTC15M-26APR281100-00,f3d71103-2ae3-625e-4f54-ef8f4367f984,1777387500,0.52,2.0,no,"{""count_fp"":""2.00"",""created_time"":""2026-04-28T14:45:00.644556Z"",""no_price_dollars"":""0.4800"",""taker_side"":""no"",""ticker"":""KXBTC15M-26APR281100-00"",""trade_id"":""f3d71103-2ae3-625e-4f54-ef8f4367f984"",""yes_price_dollars"":""0.5200""}"
KXBTC15M-26APR281100-00,d12a8236-d358-5fdf-a2e3-d2866e4cb202,1777387502,0.56,1.0,no,"{""count_fp"":""1.00"",""created_time"":""2026-04-28T14:45:02.758248Z"",""no_price_dollars"":""0.4400"",""taker_side"":""no"",""ticker"":""KXBTC15M-26APR281100-00"",""trade_id"":""d12a8236-d358-5fdf-a2e3-d2866e4cb202"",""yes_price_dollars"":""0.5600""}"
KXBTC15M-26APR281100-00,4feca6ad-87ef-732a-5593-a1dd693e2a00,1777387502,0.56,1.0,no,"{""count_fp"":""1.00"",""created_time"":""2026-04-28T14:45:02.314779Z"",""no_price_dollars"":""0.4400"",""taker_side"":""no"",""ticker"":""KXBTC15M-26APR281100-00"",""trade_id"":""4feca6ad-87ef-732a-5593-a1dd693e2a00"",""yes_price_dollars"":""0.5600""}"
KXBTC15M-26APR281100-00,9471504b-cde8-5922-9242-e43fe314bbe1,1777387502,0.57,1.0,yes,"{""count_fp"":""1.00"",""created_time"":""2026-04-28T14:45:02.243691Z"",""no_price_dollars"":""0.4300"",""taker_side"":""yes"",""ticker"":""KXBTC15M-26APR281100-00"",""trade_id"":""9471504b-cde8-5922-9242-e43fe314bbe1"",""yes_price_dollars"":""0.5700""}"
KXBTC15M-26APR281100-00,1bd20e2d-9a7c-5e2b-a32d-faa43a4a3caf,1777387502,0.56,1.0,yes,"{""count_fp"":""1.00"",""created_time"":""2026-04-28T14:45:02.243691Z"",""no_price_dollars"":""0.4400"",""taker_side"":""yes"",""ticker"":""KXBTC15M-26APR281100-00"",""trade_id"":""1bd20e2d-9a7c-5e2b-a32d-faa43a4a3caf"",""yes_price_dollars"":""0.5600""}"
KXBTC15M-26APR281100-00,b0dd147d-c268-798f-6249-edb13738a66a,1777387503,0.56,1.0,no,"{""count_fp"":""1.00"",""created_time"":""2026-04-28T14:45:03.031746Z"",""no_price_dollars"":""0.4400"",""taker_side"":""no"",""ticker"":""KXBTC15M-26APR281100-00"",""trade_id"":""b0dd147d-c268-798f-6249-edb13738a66a"",""yes_price_dollars"":""0.5600""}"
KXBTC15M-26APR281100-00,7ac5d49d-f58a-5d02-4935-78b4c419e244,1777387504,0.58,23.0,yes,"{""count_fp"":""23.00"",""created_time"":""2026-04-28T14:45:04.844058Z"",""no_price_dollars"":""0.4200"",""taker_side"":""yes"",""ticker"":""KXBTC15M-26APR281100-00"",""trade_id"":""7ac5d49d-f58a-5d02-4935-78b4c419e244"",""yes_price_dollars"":""0.5800""}"
KXBTC15M-26APR281100-00,f61bcfe9-c938-52b1-4450-367da37289c5,1777387504,0.58,3.0,yes,"{""count_fp"":""3.00"",""created_time"":""2026-04-28T14:45:04.501378Z"",""no_price_dollars"":""0.4200"",""taker_side"":""yes"",""ticker"":""KXBTC15M-26APR281100-00"",""trade_id"":""f61bcfe9-c938-52b1-4450-367da37289c5"",""yes_price_dollars"":""0.5800""}"
KXBTC15M-26APR281100-00,c321dc0d-8144-55f4-5cfc-ae237d9af65c,1777387504,0.58,5.0,yes,"{""count_fp"":""5.00"",""created_time"":""2026-04-28T14:45:04.501378Z"",""no_price_dollars"":""0.4200"",""taker_side"":""yes"",""ticker"":""KXBTC15M-26APR281100-00"",""trade_id"":""c321dc0d-8144-55f4-5cfc-ae237d9af65c"",""yes_price_dollars"":""0.5800""}"
KXBTC15M-26APR281100-00,b4852e07-d042-4822-5821-9d4d69fb073f,1777387504,0.58,1.0,yes,"{""count_fp"":""1.00"",""created_time"":""2026-04-28T14:45:04.376539Z"",""no_price_dollars"":""0.4200"",""taker_side"":""yes"",""ticker"":""KXBTC15M-26APR281100-00"",""trade_id"":""b4852e07-d042-4822-5821-9d4d69fb073f"",""yes_price_dollars"":""0.5800""}"
KXBTC15M-26APR281100-00,32b91bad-23a6-401e-720d-281f01f8f529,1777387504,0.58,2.0,yes,"{""count_fp"":""2.00"",""created_time"":""2026-04-28T14:45:04.376539Z"",""no_price_dollars"":""0.4200"",""taker_side"":""yes"",""ticker"":""KXBTC15M-26APR281100-00"",""trade_id"":""32b91bad-23a6-401e-720d-281f01f8f529"",""yes_price_dollars"":""0.5800""}"
KXBTC15M-26APR281100-00,4a451d55-4e0a-777e-e7c4-64102f417268,1777387505,0.58,33.0,yes,"{""count_fp"":""33.00"",""created_time"":""2026-04-28T14:45:05.256102Z"",""no_price_dollars"":""0.4200"",""taker_side"":""yes"",""ticker"":""KXBTC15M-26APR281100-00"",""trade_id"":""4a451d55-4e0a-777e-e7c4-64102f417268"",""yes_price_dollars"":""0.5800""}"
KXBTC15M-26APR281100-00,2bb9757d-efb7-70bb-c7c5-efe327d05457,1777387505,0.58,5.0,yes,"{""count_fp"":""5.00"",""created_time"":""2026-04-28T14:45:05.256102Z"",""no_price_dollars"":""0.4200"",""taker_side"":""yes"",""ticker"":""KXBTC15M-26APR281100-00"",""trade_id"":""2bb9757d-efb7-70bb-c7c5-efe327d05457"",""yes_price_dollars"":""0.5800""}"
KXBTC15M-26APR281100-00,049ff425-8db5-7365-cf5b-ef3418d075f8,1777387505,0.58,1.0,yes,"{""count_fp"":""1.00"",""created_time"":""2026-04-28T14:45:05.256102Z"",""no_price_dollars"":""0.4200"",""taker_side"":""yes"",""ticker"":""KXBTC15M-26APR281100-00"",""trade_id"":""049ff425-8db5-7365-cf5b-ef3418d075f8"",""yes_price_dollars"":""0.5800""}"
KXBTC15M-26APR281100-00,034dd146-aed9-70d0-f3df-1874a82b34a6,1777387505,0.58,4.54,yes,"{""count_fp"":""4.54"",""created_time"":""2026-04-28T14:45:05.256102Z"",""no_price_dollars"":""0.4200"",""taker_side"":""yes"",""ticker"":""KXBTC15M-26APR281100-00"",""trade_id"":""034dd146-aed9-70d0-f3df-1874a82b34a6"",""yes_price_dollars"":""0.5800""}"
KXBTC15M-26APR281100-00,20cc933d-4f36-6b18-b33c-1eba45632374,1777387506,0.57,1.0,yes,"{""count_fp"":""1.00"",""created_time"":""2026-04-28T14:45:06.794325Z"",""no_price_dollars"":""0.4300"",""taker_side"":""yes"",""ticker"":""KXBTC15M-26APR281100-00"",""trade_id"":""20cc933d-4f36-6b18-b33c-1eba45632374"",""yes_price_dollars"":""0.5700""}"
KXBTC15M-26APR281100-00,f8d68e5a-6602-7700-54c3-9b6bb6ae1495,1777387506,0.57,5.0,yes,"{""count_fp"":""5.00"",""created_time"":""2026-04-28T14:45:06.604558Z"",""no_price_dollars"":""0.4300"",""taker_side"":""yes"",""ticker"":""KXBTC15M-26APR281100-00"",""trade_id"":""f8d68e5a-6602-7700-54c3-9b6bb6ae1495"",""yes_price_dollars"":""0.5700""}"
KXBTC15M-26APR281100-00,f2445fb3-2f04-7d12-7cac-95bc8ebcca06,1777387506,0.59,5.0,yes,"{""count_fp"":""5.00"",""created_time"":""2026-04-28T14:45:06.604558Z"",""no_price_dollars"":""0.4100"",""taker_side"":""yes"",""ticker"":""KXBTC15M-26APR281100-00"",""trade_id"":""f2445fb3-2f04-7d12-7cac-95bc8ebcca06"",""yes_price_dollars"":""0.5900""}"
KXBTC15M-26APR281100-00,ad0a3b7a-37af-7fcd-47e7-4d9f9a478444,1777387506,0.59,1.0,yes,"{""count_fp"":""1.00"",""created_time"":""2026-04-28T14:45:06.604558Z"",""no_price_dollars"":""0.4100"",""taker_side"":""yes"",""ticker"":""KXBTC15M-26APR281100-00"",""trade_id"":""ad0a3b7a-37af-7fcd-47e7-4d9f9a478444"",""yes_price_dollars"":""0.5900""}"
KXBTC15M-26APR281100-00,a301df38-1fc3-7c35-5ee8-d6af9ef8c393,1777387506,0.59,110.02,yes,"{""count_fp"":""110.02"",""created_time"":""2026-04-28T14:45:06.604558Z"",""no_price_dollars"":""0.4100"",""taker_side"":""yes"",""ticker"":""KXBTC15M-26APR281100-00"",""trade_id"":""a301df38-1fc3-7c35-5ee8-d6af9ef8c393"",""yes_price_dollars"":""0.5900""}"
KXBTC15M-26APR281100-00,7f283b4d-50e6-7510-5f43-6594d36f45a9,1777387506,0.57,5.0,yes,"{""count_fp"":""5.00"",""created_time"":""2026-04-28T14:45:06.604558Z"",""no_price_dollars"":""0.4300"",""taker_side"":""yes"",""ticker"":""KXBTC15M-26APR281100-00"",""trade_id"":""7f283b4d-50e6-7510-5f43-6594d36f45a9"",""yes_price_dollars"":""0.5700""}"
KXBTC15M-26APR281100-00,7dd4186d-8362-74d9-4156-7fd02fe4c1d2,1777387506,0.59,5.0,yes,"{""count_fp"":""5.00"",""created_time"":""2026-04-28T14:45:06.604558Z"",""no_price_dollars"":""0.4100"",""taker_side"":""yes"",""ticker"":""KXBTC15M-26APR281100-00"",""trade_id"":""7dd4186d-8362-74d9-4156-7fd02fe4c1d2"",""yes_price_dollars"":""0.5900""}"
KXBTC15M-26APR281100-00,7a23cbfa-4594-71b1-488b-afe6f2a605c3,1777387506,0.57,10.0,yes,"{""count_fp"":""10.00"",""created_time"":""2026-04-28T14:45:06.604558Z"",""no_price_dollars"":""0.4300"",""taker_side"":""yes"",""ticker"":""KXBTC15M-26APR281100-00"",""trade_id"":""7a23cbfa-4594-71b1-488b-afe6f2a605c3"",""yes_price_dollars"":""0.5700""}"
KXBTC15M-26APR281100-00,7749a5a3-f76e-75ef-6e04-7f65f6d6003a,1777387506,0.59,119.0,yes,"{""count_fp"":""119.00"",""created_time"":""2026-04-28T14:45:06.604558Z"",""no_price_dollars"":""0.4100"",""taker_side"":""yes"",""ticker"":""KXBTC15M-26APR281100-00"",""trade_id"":""7749a5a3-f76e-75ef-6e04-7f65f6d6003a"",""yes_price_dollars"":""0.5900""}"
KXBTC15M-26APR281100-00,4dfebc84-7de6-70b4-72b9-2fcdd6f4b381,1777387506,0.57,65.0,yes,"{""count_fp"":""65.00"",""created_time"":""2026-04-28T14:45:06.604558Z"",""no_price_dollars"":""0.4300"",""taker_side"":""yes"",""ticker"":""KXBTC15M-26APR281100-00"",""trade_id"":""4dfebc84-7de6-70b4-72b9-2fcdd6f4b381"",""yes_price_dollars"":""0.5700""}"
KXBTC15M-26APR281100-00,ea7542b3-fbea-4919-ad3e-934f75f08033,1777387506,0.52,32.0,no,"{""count_fp"":""32.00"",""created_time"":""2026-04-28T14:45:06.573995Z"",""no_price_dollars"":""0.4800"",""taker_side"":""no"",""ticker"":""KXBTC15M-26APR281100-00"",""trade_id"":""ea7542b3-fbea-4919-ad3e-934f75f08033"",""yes_price_dollars"":""0.5200""}"
KXBTC15M-26APR281100-00,e27bc31e-eff9-464a-a9ee-9c01ab29c8fa,1777387506,0.52,35.0,no,"{""count_fp"":""35.00"",""created_time"":""2026-04-28T14:45:06.573995Z"",""no_price_dollars"":""0.4800"",""taker_side"":""no"",""ticker"":""KXBTC15M-26APR281100-00"",""trade_id"":""e27bc31e-eff9-464a-a9ee-9c01ab29c8fa"",""yes_price_dollars"":""0.5200""}"
KXBTC15M-26APR281100-00,da794dfd-cd3d-440d-a923-77df0a19d317,1777387506,0.53,166.0,no,"{""count_fp"":""166.00"",""created_time"":""2026-04-28T14:45:06.573995Z"",""no_price_dollars"":""0.4700"",""taker_side"":""no"",""ticker"":""KXBTC15M-26APR281100-00"",""trade_id"":""da794dfd-cd3d-440d-a923-77df0a19d317"",""yes_price_dollars"":""0.5300""}"
KXBTC15M-26APR281100-00,a4fa4dd9-d408-4359-b838-e09924dba380,1777387506,0.52,32.0,no,"{""count_fp"":""32.00"",""created_time"":""2026-04-28T14:45:06.573995Z"",""no_price_dollars"":""0.4800"",""taker_side"":""no"",""ticker"":""KXBTC15M-26APR281100-00"",""trade_id"":""a4fa4dd9-d408-4359-b838-e09924dba380"",""yes_price_dollars"":""0.5200""}"
KXBTC15M-26APR281100-00,a2038a8a-7533-4400-b4ce-6846c63c0981,1777387506,0.55,4.54,no,"{""count_fp"":""4.54"",""created_time"":""2026-04-28T14:45:06.573995Z"",""no_price_dollars"":""0.4500"",""taker_side"":""no"",""ticker"":""KXBTC15M-26APR281100-00"",""trade_id"":""a2038a8a-7533-4400-b4ce-6846c63c0981"",""yes_price_dollars"":""0.5500""}"
KXBTC15M-26APR281100-00,88bea7fb-9208-4f4d-8d5c-ec3a2033a1a5,1777387506,0.52,17.0,no,"{""count_fp"":""17.00"",""created_time"":""2026-04-28T14:45:06.573995Z"",""no_price_dollars"":""0.4800"",""taker_side"":""no"",""ticker"":""KXBTC15M-26APR281100-00"",""trade_id"":""88bea7fb-9208-4f4d-8d5c-ec3a2033a1a5"",""yes_price_dollars"":""0.5200""}"
KXBTC15M-26APR281100-00,7afe246a-fb63-4514-9559-49a543dd51a2,1777387506,0.53,10.0,no,"{""count_fp"":""10.00"",""created_time"":""2026-04-28T14:45:06.573995Z"",""no_price_dollars"":""0.4700"",""taker_side"":""no"",""ticker"":""KXBTC15M-26APR281100-00"",""trade_id"":""7afe246a-fb63-4514-9559-49a543dd51a2"",""yes_price_dollars"":""0.5300""}"
KXBTC15M-26APR281100-00,7a69d4f3-55e5-4b2f-b863-cac6cd600d10,1777387506,0.5,16.0,no,"{""count_fp"":""16.00"",""created_time"":""2026-04-28T14:45:06.573995Z"",""no_price_dollars"":""0.5000"",""taker_side"":""no"",""ticker"":""KXBTC15M-26APR281100-00"",""trade_id"":""7a69d4f3-55e5-4b2f-b863-cac6cd600d10"",""yes_price_dollars"":""0.5000""}"
KXBTC15M-26APR281100-00,6a9b3916-d552-4d47-84f1-d6400bd06965,1777387506,0.52,1.0,no,"{""count_fp"":""1.00"",""created_time"":""2026-04-28T14:45:06.573995Z"",""no_price_dollars"":""0.4800"",""taker_side"":""no"",""ticker"":""KXBTC15M-26APR281100-00"",""trade_id"":""6a9b3916-d552-4d47-84f1-d6400bd06965"",""yes_price_dollars"":""0.5200""}"
KXBTC15M-26APR281100-00,64c55aa1-a0ff-4489-b2f6-96cc263aeee1,1777387506,0.55,5.0,no,"{""count_fp"":""5.00"",""created_time"":""2026-04-28T14:45:06.573995Z"",""no_price_dollars"":""0.4500"",""taker_side"":""no"",""ticker"":""KXBTC15M-26APR281100-00"",""trade_id"":""64c55aa1-a0ff-4489-b2f6-96cc263aeee1"",""yes_price_dollars"":""0.5500""}"
KXBTC15M-26APR281100-00,5d1e4051-849f-4238-9d68-a6a0658fe879,1777387506,0.5,46.6,no,"{""count_fp"":""46.60"",""created_time"":""2026-04-28T14:45:06.573995Z"",""no_price_dollars"":""0.5000"",""taker_side"":""no"",""ticker"":""KXBTC15M-26APR281100-00"",""trade_id"":""5d1e4051-849f-4238-9d68-a6a0658fe879"",""yes_price_dollars"":""0.5000""}"
KXBTC15M-26APR281100-00,5a40491a-4a70-453c-b9b3-139dad57d9ef,1777387506,0.5,1.0,no,"{""count_fp"":""1.00"",""created_time"":""2026-04-28T14:45:06.573995Z"",""no_price_dollars"":""0.5000"",""taker_side"":""no"",""ticker"":""KXBTC15M-26APR281100-00"",""trade_id"":""5a40491a-4a70-453c-b9b3-139dad57d9ef"",""yes_price_dollars"":""0.5000""}"
KXBTC15M-26APR281100-00,50be8f9c-f100-4aea-b050-2646ab01cf81,1777387506,0.51,8.0,no,"{""count_fp"":""8.00"",""created_time"":""2026-04-28T14:45:06.573995Z"",""no_price_dollars"":""0.4900"",""taker_side"":""no"",""ticker"":""KXBTC15M-26APR281100-00"",""trade_id"":""50be8f9c-f100-4aea-b050-2646ab01cf81"",""yes_price_dollars"":""0.5100""}"
KXBTC15M-26APR281100-00,50b4c556-544f-4bbd-99af-11147f825334,1777387506,0.52,56.0,no,"{""count_fp"":""56.00"",""created_time"":""2026-04-28T14:45:06.573995Z"",""no_price_dollars"":""0.4800"",""taker_side"":""no"",""ticker"":""KXBTC15M-26APR281100-00"",""trade_id"":""50b4c556-544f-4bbd-99af-11147f825334"",""yes_price_dollars"":""0.5200""}"
KXBTC15M-26APR281100-00,4a622ecf-869d-405f-8023-61635ff3859e,1777387506,0.5,8.0,no,"{""count_fp"":""8.00"",""created_time"":""2026-04-28T14:45:06.573995Z"",""no_price_dollars"":""0.5000"",""taker_side"":""no"",""ticker"":""KXBTC15M-26APR281100-00"",""trade_id"":""4a622ecf-869d-405f-8023-61635ff3859e"",""yes_price_dollars"":""0.5000""}"
KXBTC15M-26APR281100-00,47105ee0-1f6a-4d28-ae6a-a17f98de0bc2,1777387506,0.55,1.0,no,"{""count_fp"":""1.00"",""created_time"":""2026-04-28T14:45:06.573995Z"",""no_price_dollars"":""0.4500"",""taker_side"":""no"",""ticker"":""KXBTC15M-26APR281100-00"",""trade_id"":""47105ee0-1f6a-4d28-ae6a-a17f98de0bc2"",""yes_price_dollars"":""0.5500""}"
KXBTC15M-26APR281100-00,4261bb87-7da7-4d9f-ba23-ef059f235854,1777387506,0.52,17.0,no,"{""count_fp"":""17.00"",""created_time"":""2026-04-28T14:45:06.573995Z"",""no_price_dollars"":""0.4800"",""taker_side"":""no"",""ticker"":""KXBTC15M-26APR281100-00"",""trade_id"":""4261bb87-7da7-4d9f-ba23-ef059f235854"",""yes_price_dollars"":""0.5200""}"
KXBTC15M-26APR281100-00,351e0e7d-676b-4877-92bd-78aef305163f,1777387506,0.5,27.0,no,"{""count_fp"":""27.00"",""created_time"":""2026-04-28T14:45:06.573995Z"",""no_price_dollars"":""0.5000"",""taker_side"":""no"",""ticker"":""KXBTC15M-26APR281100-00"",""trade_id"":""351e0e7d-676b-4877-92bd-78aef305163f"",""yes_price_dollars"":""0.5000""}"
KXBTC15M-26APR281100-00,276ffc3c-4303-4d1a-acd3-7415e5072973,1777387506,0.52,6.0,no,"{""count_fp"":""6.00"",""created_time"":""2026-04-28T14:45:06.573995Z"",""no_price_dollars"":""0.4800"",""taker_side"":""no"",""ticker"":""KXBTC15M-26APR281100-00"",""trade_id"":""276ffc3c-4303-4d1a-acd3-7415e5072973"",""yes_price_dollars"":""0.5200""}"
KXBTC15M-26APR281100-00,260e5ca8-2027-4508-ae92-648fbad0f5fc,1777387506,0.51,1.0,no,"{""count_fp"":""1.00"",""created_time"":""2026-04-28T14:45:06.573995Z"",""no_price_dollars"":""0.4900"",""taker_side"":""no"",""ticker"":""KXBTC15M-26APR281100-00"",""trade_id"":""260e5ca8-2027-4508-ae92-648fbad0f5fc"",""yes_price_dollars"":""0.5100""}"
KXBTC15M-26APR281100-00,c3df81b1-1d25-6270-c1be-f320a05d5bf6,1777387507,0.56,111.0,yes,"{""count_fp"":""111.00"",""created_time"":""2026-04-28T14:45:07.613725Z"",""no_price_dollars"":""0.4400"",""taker_side"":""yes"",""ticker"":""KXBTC15M-26APR281100-00"",""trade_id"":""c3df81b1-1d25-6270-c1be-f320a05d5bf6"",""yes_price_dollars"":""0.5600""}"
KXBTC15M-26APR281100-00,bac6a07f-4bab-62e9-d112-38ebf70697d3,1777387507,0.56,10.0,yes,"{""count_fp"":""10.00"",""created_time"":""2026-04-28T14:45:07.613725Z"",""no_price_dollars"":""0.4400"",""taker_side"":""yes"",""ticker"":""KXBTC15M-26APR281100-00"",""trade_id"":""bac6a07f-4bab-62e9-d112-38ebf70697d3"",""yes_price_dollars"":""0.5600""}"
KXBTC15M-26APR281100-00,b6135402-c1ca-6f27-ee8e-c33fddccd43e,1777387507,0.56,1.0,yes,"{""count_fp"":""1.00"",""created_time"":""2026-04-28T14:45:07.613725Z"",""no_price_dollars"":""0.4400"",""taker_side"":""yes"",""ticker"":""KXBTC15M-26APR281100-00"",""trade_id"":""b6135402-c1ca-6f27-ee8e-c33fddccd43e"",""yes_price_dollars"":""0.5600""}"
KXBTC15M-26APR281100-00,a0ad001b-f34e-6870-e013-ff82535a36f0,1777387507,0.56,19.0,yes,"{""count_fp"":""19.00"",""created_time"":""2026-04-28T14:45:07.613725Z"",""no_price_dollars"":""0.4400"",""taker_side"":""yes"",""ticker"":""KXBTC15M-26APR281100-00"",""trade_id"":""a0ad001b-f34e-6870-e013-ff82535a36f0"",""yes_price_dollars"":""0.5600""}"
KXBTC15M-26APR281100-00,71bfb8ba-038c-623a-ca15-72bd39d58252,1777387507,0.56,111.98,yes,"{""count_fp"":""111.98"",""created_time"":""2026-04-28T14:45:07.613725Z"",""no_price_dollars"":""0.4400"",""taker_side"":""yes"",""ticker"":""KXBTC15M-26APR281100-00"",""trade_id"":""71bfb8ba-038c-623a-ca15-72bd39d58252"",""yes_price_dollars"":""0.5600""}"
KXBTC15M-26APR281100-00,a90394b9-2e26-60c0-d52e-98e057cb1184,1777387507,0.56,6.0,yes,"{""count_fp"":""6.00"",""created_time"":""2026-04-28T14:45:07.448382Z"",""no_price_dollars"":""0.4400"",""taker_side"":""yes"",""ticker"":""KXBTC15M-26APR281100-00"",""trade_id"":""a90394b9-2e26-60c0-d52e-98e057cb1184"",""yes_price_dollars"":""0.5600""}"
KXBTC15M-26APR281100-00,08ccdda8-06d3-6ade-3ce3-55925b12fbf2,1777387507,0.51,19.52,no,"{""count_fp"":""19.52"",""created_time"":""2026-04-28T14:45:07.064655Z"",""no_price_dollars"":""0.4900"",""taker_side"":""no"",""ticker"":""KXBTC15M-26APR281100-00"",""trade_id"":""08ccdda8-06d3-6ade-3ce3-55925b12fbf2"",""yes_price_dollars"":""0.5100""}"
KXBTC15M-26APR281100-00,dd3eeb2a-60d0-70f6-717b-7d43edd9b438,1777387508,0.58,15.74,yes,"{""count_fp"":""15.74"",""created_time"":""2026-04-28T14:45:08.793395Z"",""no_price_dollars"":""0.4200"",""taker_side"":""yes"",""ticker"":""KXBTC15M-26APR281100-00"",""trade_id"":""dd3eeb2a-60d0-70f6-717b-7d43edd9b438"",""yes_price_dollars"":""0.5800""}"
KXBTC15M-26APR281100-00,1c8bc23f-2756-7288-467c-5965912799c1,1777387508,0.58,1.0,yes,"{""count_fp"":""1.00"",""created_time"":""2026-04-28T14:45:08.793395Z"",""no_price_dollars"":""0.4200"",""taker_side"":""yes"",""ticker"":""KXBTC15M-26APR281100-00"",""trade_id"":""1c8bc23f-2756-7288-467c-5965912799c1"",""yes_price_dollars"":""0.5800""}"
KXBTC15M-26APR281100-00,0a05e8c7-563e-7639-2a44-20a6d7ba64d4,1777387508,0.57,6.81,yes,"{""count_fp"":""6.81"",""created_time"":""2026-04-28T14:45:08.260423Z"",""no_price_dollars"":""0.4300"",""taker_side"":""yes"",""ticker"":""KXBTC15M-26APR281100-00"",""trade_id"":""0a05e8c7-563e-7639-2a44-20a6d7ba64d4"",""yes_price_dollars"":""0.5700""}"
KXBTC15M-26APR281100-00,70eb7a8c-7ef6-48f9-b89d-876c161272b7,1777387508,0.57,4.58,yes,"{""count_fp"":""4.58"",""created_time"":""2026-04-28T14:45:08.195398Z"",""no_price_dollars"":""0.4300"",""taker_side"":""yes"",""ticker"":""KXBTC15M-26APR281100-00"",""trade_id"":""70eb7a8c-7ef6-48f9-b89d-876c161272b7"",""yes_price_dollars"":""0.5700""}"
KXBTC15M-26APR281100-00,5004d348-60b8-46bc-95a8-db14ab7d7e84,1777387508,0.58,1.0,yes,"{""count_fp"":""1.00"",""created_time"":""2026-04-28T14:45:08.195398Z"",""no_price_dollars"":""0.4200"",""taker_side"":""yes"",""ticker"":""KXBTC15M-26APR281100-00"",""trade_id"":""5004d348-60b8-46bc-95a8-db14ab7d7e84"",""yes_price_dollars"":""0.5800""}"
KXBTC15M-26APR281100-00,0e56e5ad-93da-471d-a5ea-055208f47980,1777387508,0.58,33.42,yes,"{""count_fp"":""33.42"",""created_time"":""2026-04-28T14:45:08.195398Z"",""no_price_dollars"":""0.4200"",""taker_side"":""yes"",""ticker"":""KXBTC15M-26APR281100-00"",""trade_id"":""0e56e5ad-93da-471d-a5ea-055208f47980"",""yes_price_dollars"":""0.5800""}"
KXBTC15M-26APR281100-00,0396e1b2-3eb4-4a70-99e9-6bd0faafd467,1777387508,0.57,1.0,yes,"{""count_fp"":""1.00"",""created_time"":""2026-04-28T14:45:08.195398Z"",""no_price_dollars"":""0.4300"",""taker_side"":""yes"",""ticker"":""KXBTC15M-26APR281100-00"",""trade_id"":""0396e1b2-3eb4-4a70-99e9-6bd0faafd467"",""yes_price_dollars"":""0.5700""}"
KXBTC15M-26APR281100-00,53292453-7b5e-7e99-a004-ab88208363ab,1777387508,0.57,0.42,yes,"{""count_fp"":""0.42"",""created_time"":""2026-04-28T14:45:08.124056Z"",""no_price_dollars"":""0.4300"",""taker_side"":""yes"",""ticker"":""KXBTC15M-26APR281100-00"",""trade_id"":""53292453-7b5e-7e99-a004-ab88208363ab"",""yes_price_dollars"":""0.5700""}"
KXBTC15M-26APR281100-00,33da46e3-c21a-7691-d52b-4a89091beb20,1777387509,0.55,21.77,yes,"{""count_fp"":""21.77"",""created_time"":""2026-04-28T14:45:09.835042Z"",""no_price_dollars"":""0.4500"",""taker_side"":""yes"",""ticker"":""KXBTC15M-26APR281100-00"",""trade_id"":""33da46e3-c21a-7691-d52b-4a89091beb20"",""yes_price_dollars"":""0.5500""}"
KXBTC15M-26APR281100-00,7e303296-672a-7bf9-8ede-9d4f75477840,1777387509,0.55,10.21,yes,"{""count_fp"":""10.21"",""created_time"":""2026-04-28T14:45:09.821835Z"",""no_price_dollars"":""0.4500"",""taker_side"":""yes"",""ticker"":""KXBTC15M-26APR281100-00"",""trade_id"":""7e303296-672a-7bf9-8ede-9d4f75477840"",""yes_price_dollars"":""0.5500""}"
KXBTC15M-26APR281100-00,6964eb0c-733a-54ad-c7b5-8d8f4b4f2321,1777387509,0.57,9.0,yes,"{""count_fp"":""9.00"",""created_time"":""2026-04-28T14:45:09.348026Z"",""no_price_dollars"":""0.4300"",""taker_side"":""yes"",""ticker"":""KXBTC15M-26APR281100-00"",""trade_id"":""6964eb0c-733a-54ad-c7b5-8d8f4b4f2321"",""yes_price_dollars"":""0.5700""}"
KXBTC15M-26APR281100-00,394509a2-848c-718a-3224-527d845d7b93,1777387510,0.52,43.93,yes,"{""count_fp"":""43.93"",""created_time"":""2026-04-28T14:45:10.823687Z"",""no_price_dollars"":""0.4800"",""taker_side"":""yes"",""ticker"":""KXBTC15M-26APR281100-00"",""trade_id"":""394509a2-848c-718a-3224-527d845d7b93"",""yes_price_dollars"":""0.5200""}"
KXBTC15M-26APR281100-00,a996a641-ec88-7c6e-a0c0-d5d300774a0b,1777387510,0.52,8.51,yes,"{""count_fp"":""8.51"",""created_time"":""2026-04-28T14:45:10.573181Z"",""no_price_dollars"":""0.4800"",""taker_side"":""yes"",""ticker"":""KXBTC15M-26APR281100-00"",""trade_id"":""a996a641-ec88-7c6e-a0c0-d5d300774a0b"",""yes_price_dollars"":""0.5200""}"
KXBTC15M-26APR281100-00,c3c966ee-e788-462e-5f20-074d1570c513,1777387510,0.52,40.0,yes,"{""count_fp"":""40.00"",""created_time"":""2026-04-28T14:45:10.527701Z"",""no_price_dollars"":""0.4800"",""taker_side"":""yes"",""ticker"":""KXBTC15M-26APR281100-00"",""trade_id"":""c3c966ee-e788-462e-5f20-074d1570c513"",""yes_price_dollars"":""0.5200""}"
KXBTC15M-26APR281100-00,2b8b6831-aee3-7533-0634-3c6c8cd72633,1777387510,0.53,68.87,no,"{""count_fp"":""68.87"",""created_time"":""2026-04-28T14:45:10.479235Z"",""no_price_dollars"":""0.4700"",""taker_side"":""no"",""ticker"":""KXBTC15M-26APR281100-00"",""trade_id"":""2b8b6831-aee3-7533-0634-3c6c8cd72633"",""yes_price_dollars"":""0.5300""}"
KXBTC15M-26APR281100-00,bc54443c-ce43-583b-43c7-a812557e62af,1777387510,0.53,41.02,no,"{""count_fp"":""41.02"",""created_time"":""2026-04-28T14:45:10.463096Z"",""no_price_dollars"":""0.4700"",""taker_side"":""no"",""ticker"":""KXBTC15M-26APR281100-00"",""trade_id"":""bc54443c-ce43-583b-43c7-a812557e62af"",""yes_price_dollars"":""0.5300""}"
KXBTC15M-26APR281100-00,6b3caf1b-5604-6ec2-7cf8-a58c312f1992,1777387510,0.54,3.0,yes,"{""count_fp"":""3.00"",""created_time"":""2026-04-28T14:45:10.449557Z"",""no_price_dollars"":""0.4600"",""taker_side"":""yes"",""ticker"":""KXBTC15M-26APR281100-00"",""trade_id"":""6b3caf1b-5604-6ec2-7cf8-a58c312f1992"",""yes_price_dollars"":""0.5400""}"
KXBTC15M-26APR281100-00,356655ca-bfe8-648b-4a55-11e0a3beaf60,1777387510,0.55,7.0,yes,"{""count_fp"":""7.00"",""created_time"":""2026-04-28T14:45:10.449557Z"",""no_price_dollars"":""0.4500"",""taker_side"":""yes"",""ticker"":""KXBTC15M-26APR281100-00"",""trade_id"":""356655ca-bfe8-648b-4a55-11e0a3beaf60"",""yes_price_dollars"":""0.5500""}"
KXBTC15M-26APR281100-00,3a33d5c2-5a03-41eb-057c-89179e0c75e3,1777387510,0.53,1.11,no,"{""count_fp"":""1.11"",""created_time"":""2026-04-28T14:45:10.257527Z"",""no_price_dollars"":""0.4700"",""taker_side"":""no"",""ticker"":""KXBTC15M-26APR281100-00"",""trade_id"":""3a33d5c2-5a03-41eb-057c-89179e0c75e3"",""yes_price_dollars"":""0.5300""}"
KXBTC15M-26APR281100-00,d9cdb2a2-c5ac-4c7b-7016-abe2bea329b4,1777387510,0.55,15.73,yes,"{""count_fp"":""15.73"",""created_time"":""2026-04-28T14:45:10.194822Z"",""no_price_dollars"":""0.4500"",""taker_side"":""yes"",""ticker"":""KXBTC15M-26APR281100-00"",""trade_id"":""d9cdb2a2-c5ac-4c7b-7016-abe2bea329b4"",""yes_price_dollars"":""0.5500""}"
KXBTC15M-26APR281100-00,cfc8b100-4bf8-4134-7e22-d752f28f8307,1777387510,0.54,3.0,yes,"{""count_fp"":""3.00"",""created_time"":""2026-04-28T14:45:10.194822Z"",""no_price_dollars"":""0.4600"",""taker_side"":""yes"",""ticker"":""KXBTC15M-26APR281100-00"",""trade_id"":""cfc8b100-4bf8-4134-7e22-d752f28f8307"",""yes_price_dollars"":""0.5400""}"
KXBTC15M-26APR281100-00,c1ecf386-377c-5189-5173-2c0fcc9f955b,1777387510,0.54,5.0,yes,"{""count_fp"":""5.00"",""created_time"":""2026-04-28T14:45:10.121522Z"",""no_price_dollars"":""0.4600"",""taker_side"":""yes"",""ticker"":""KXBTC15M-26APR281100-00"",""trade_id"":""c1ecf386-377c-5189-5173-2c0fcc9f955b"",""yes_price_dollars"":""0.5400""}"
KXBTC15M-26APR281100-00,2b407d89-5eb0-5597-6ae8-9f1ad6d50e00,1777387510,0.55,0.66,yes,"{""count_fp"":""0.66"",""created_time"":""2026-04-28T14:45:10.121522Z"",""no_price_dollars"":""0.4500"",""taker_side"":""yes"",""ticker"":""KXBTC15M-26APR281100-00"",""trade_id"":""2b407d89-5eb0-5597-6ae8-9f1ad6d50e00"",""yes_price_dollars"":""0.5500""}"
KXBTC15M-26APR281100-00,146ff62f-058d-546c-7a9e-b99d64836610,1777387510,0.54,3.0,yes,"{""count_fp"":""3.00"",""created_time"":""2026-04-28T14:45:10.121522Z"",""no_price_dollars"":""0.4600"",""taker_side"":""yes"",""ticker"":""KXBTC15M-26APR281100-00"",""trade_id"":""146ff62f-058d-546c-7a9e-b99d64836610"",""yes_price_dollars"":""0.5400""}"
KXBTC15M-26APR281100-00,32e25701-546c-64f9-7ba5-4a241c7ca3b0,1777387511,0.51,1.0,no,"{""count_fp"":""1.00"",""created_time"":""2026-04-28T14:45:11.917235Z"",""no_price_dollars"":""0.4900"",""taker_side"":""no"",""ticker"":""KXBTC15M-26APR281100-00"",""trade_id"":""32e25701-546c-64f9-7ba5-4a241c7ca3b0"",""yes_price_dollars"":""0.5100""}"
KXBTC15M-26APR281100-00,7d3bb5a5-f275-4d1f-156f-67e6bf34bff2,1777387511,0.52,28.62,yes,"{""count_fp"":""28.62"",""created_time"":""2026-04-28T14:45:11.892883Z"",""no_price_dollars"":""0.4800"",""taker_side"":""yes"",""ticker"":""KXBTC15M-26APR281100-00"",""trade_id"":""7d3bb5a5-f275-4d1f-156f-67e6bf34bff2"",""yes_price_dollars"":""0.5200""}"
KXBTC15M-26APR281100-00,7105b08a-ce2d-4622-3dbb-2c846a6c1b0d,1777387511,0.52,3.0,yes,"{""count_fp"":""3.00"",""created_time"":""2026-04-28T14:45:11.892883Z"",""no_price_dollars"":""0.4800"",""taker_side"":""yes"",""ticker"":""KXBTC15M-26APR281100-00"",""trade_id"":""7105b08a-ce2d-4622-3dbb-2c846a6c1b0d"",""yes_price_dollars"":""0.5200""}"
KXBTC15M-26APR281100-00,954f5b1f-6f9c-697d-147c-3669a4d122cc,1777387511,0.51,5.43,no,"{""count_fp"":""5.43"",""created_time"":""2026-04-28T14:45:11.829215Z"",""no_price_dollars"":""0.4900"",""taker_side"":""no"",""ticker"":""KXBTC15M-26APR281100-00"",""trade_id"":""954f5b1f-6f9c-697d-147c-3669a4d122cc"",""yes_price_dollars"":""0.5100""}"
KXBTC15M-26APR281100-00,73ae9f87-47af-6afa-228b-30a6b009f152,1777387511,0.51,0.48,no,"{""count_fp"":""0.48"",""created_time"":""2026-04-28T14:45:11.829215Z"",""no_price_dollars"":""0.4900"",""taker_side"":""no"",""ticker"":""KXBTC15M-26APR281100-00"",""trade_id"":""73ae9f87-47af-6afa-228b-30a6b009f152"",""yes_price_dollars"":""0.5100""}"
KXBTC15M-26APR281100-00,3f20dcc1-2e0f-49de-b21c-35a3e9fceef6,1777387511,0.51,10.0,no,"{""count_fp"":""10.00"",""created_time"":""2026-04-28T14:45:11.306844Z"",""no_price_dollars"":""0.4900"",""taker_side"":""no"",""ticker"":""KXBTC15M-26APR281100-00"",""trade_id"":""3f20dcc1-2e0f-49de-b21c-35a3e9fceef6"",""yes_price_dollars"":""0.5100""}"
KXBTC15M-26APR281100-00,b007bbd1-371f-7143-c9c4-c8cec30a526f,1777387511,0.53,5.0,yes,"{""count_fp"":""5.00"",""created_time"":""2026-04-28T14:45:11.039307Z"",""no_price_dollars"":""0.4700"",""taker_side"":""yes"",""ticker"":""KXBTC15M-26APR281100-00"",""trade_id"":""b007bbd1-371f-7143-c9c4-c8cec30a526f"",""yes_price_dollars"":""0.5300""}"
KXBTC15M-26APR281100-00,62cf0308-f1e9-7770-e389-6f7722e5f274,1777387511,0.53,4.44,yes,"{""count_fp"":""4.44"",""created_time"":""2026-04-28T14:45:11.039307Z"",""no_price_dollars"":""0.4700"",""taker_side"":""yes"",""ticker"":""KXBTC15M-26APR281100-00"",""trade_id"":""62cf0308-f1e9-7770-e389-6f7722e5f274"",""yes_price_dollars"":""0.5300""}"
KXBTC15M-26APR281100-00,3f2a73f1-4e0d-7180-ffff-e211254852cc,1777387511,0.52,3.0,yes,"{""count_fp"":""3.00"",""created_time"":""2026-04-28T14:45:11.039307Z"",""no_price_dollars"":""0.4800"",""taker_side"":""yes"",""ticker"":""KXBTC15M-26APR281100-00"",""trade_id"":""3f2a73f1-4e0d-7180-ffff-e211254852cc"",""yes_price_dollars"":""0.5200""}"
KXBTC15M-26APR281100-00,3c29fa0c-1532-7241-fc91-9867eb18fbb1,1777387511,0.52,12.0,yes,"{""count_fp"":""12.00"",""created_time"":""2026-04-28T14:45:11.039307Z"",""no_price_dollars"":""0.4800"",""taker_side"":""yes"",""ticker"":""KXBTC15M-26APR281100-00"",""trade_id"":""3c29fa0c-1532-7241-fc91-9867eb18fbb1"",""yes_price_dollars"":""0.5200""}"
KXBTC15M-26APR281100-00,25d6a34b-a7f8-7a4a-cb4d-7298c5aac3ab,1777387511,0.52,26.56,yes,"{""count_fp"":""26.56"",""created_time"":""2026-04-28T14:45:11.039307Z"",""no_price_dollars"":""0.4800"",""taker_side"":""yes"",""ticker"":""KXBTC15M-26APR281100-00"",""trade_id"":""25d6a34b-a7f8-7a4a-cb4d-7298c5aac3ab"",""yes_price_dollars"":""0.5200""}"
KXBTC15M-26APR281100-00,67703d00-eb34-62ba-fe8c-32edd266eabb,1777387511,0.52,40.0,yes,"{""count_fp"":""40.00"",""created_time"":""2026-04-28T14:45:11.020916Z"",""no_price_dollars"":""0.4800"",""taker_side"":""yes"",""ticker"":""KXBTC15M-26APR281100-00"",""trade_id"":""67703d00-eb34-62ba-fe8c-32edd266eabb"",""yes_price_dollars"":""0.5200""}"
KXBTC15M-26APR281100-00,5ebc05ec-1c25-6cbf-f83d-8f3c1a6b2352,1777387512,0.52,8.0,yes,"{""count_fp"":""8.00"",""created_time"":""2026-04-28T14:45:12.958615Z"",""no_price_dollars"":""0.4800"",""taker_side"":""yes"",""ticker"":""KXBTC15M-26APR281100-00"",""trade_id"":""5ebc05ec-1c25-6cbf-f83d-8f3c1a6b2352"",""yes_price_dollars"":""0.5200""}"
KXBTC15M-26APR281100-00,eb79a8b7-6829-784f-95ae-d701bb23c972,1777387512,0.52,93.02,yes,"{""count_fp"":""93.02"",""created_time"":""2026-04-28T14:45:12.883483Z"",""no_price_dollars"":""0.4800"",""taker_side"":""yes"",""ticker"":""KXBTC15M-26APR281100-00"",""trade_id"":""eb79a8b7-6829-784f-95ae-d701bb23c972"",""yes_price_dollars"":""0.5200""}"
KXBTC15M-26APR281100-00,d0e1f626-1a39-59a7-6412-5648226076ee,1777387512,0.52,9.3,yes,"{""count_fp"":""9.30"",""created_time"":""2026-04-28T14:45:12.684417Z"",""no_price_dollars"":""0.4800"",""taker_side"":""yes"",""ticker"":""KXBTC15M-26APR281100-00"",""trade_id"":""d0e1f626-1a39-59a7-6412-5648226076ee"",""yes_price_dollars"":""0.5200""}"
KXBTC15M-26APR281100-00,75dce2b5-4fb9-4f6b-fab6-5c4c1450d6fe,1777387512,0.52,1.0,yes,"{""count_fp"":""1.00"",""created_time"":""2026-04-28T14:45:12.414394Z"",""no_price_dollars"":""0.4800"",""taker_side"":""yes"",""ticker"":""KXBTC15M-26APR281100-00"",""trade_id"":""75dce2b5-4fb9-4f6b-fab6-5c4c1450d6fe"",""yes_price_dollars"":""0.5200""}"
KXBTC15M-26APR281100-00,59760ac4-a749-755f-fc31-d1efd01484aa,1777387512,0.52,131.57,yes,"{""count_fp"":""131.57"",""created_time"":""2026-04-28T14:45:12.237345Z"",""no_price_dollars"":""0.4800"",""taker_side"":""yes"",""ticker"":""KXBTC15M-26APR281100-00"",""trade_id"":""59760ac4-a749-755f-fc31-d1efd01484aa"",""yes_price_dollars"":""0.5200""}"
KXBTC15M-26APR281100-00,6603600b-da11-55f3-6c25-e855135975c6,1777387512,0.52,18.0,yes,"{""count_fp"":""18.00"",""created_time"":""2026-04-28T14:45:12.028951Z"",""no_price_dollars"":""0.4800"",""taker_side"":""yes"",""ticker"":""KXBTC15M-26APR281100-00"",""trade_id"":""6603600b-da11-55f3-6c25-e855135975c6"",""yes_price_dollars"":""0.5200""}"
KXBTC15M-26APR281100-00,ae2e4c5e-7027-6f4c-6fc7-2e5c35fdfc71,1777387513,0.5,18.93,no,"{""count_fp"":""18.93"",""created_time"":""2026-04-28T14:45:13.637899Z"",""no_price_dollars"":""0.5000"",""taker_side"":""no"",""ticker"":""KXBTC15M-26APR281100-00"",""trade_id"":""ae2e4c5e-7027-6f4c-6fc7-2e5c35fdfc71"",""yes_price_dollars"":""0.5000""}"
KXBTC15M-26APR281100-00,56c442dd-c4b1-6809-4180-003769880fbe,1777387513,0.51,0.57,no,"{""count_fp"":""0.57"",""created_time"":""2026-04-28T14:45:13.637899Z"",""no_price_dollars"":""0.4900"",""taker_side"":""no"",""ticker"":""KXBTC15M-26APR281100-00"",""trade_id"":""56c442dd-c4b1-6809-4180-003769880fbe"",""yes_price_dollars"":""0.5100""}"
KXBTC15M-26APR281100-00,3c43272b-a081-75a3-de95-c02523dacc16,1777387513,0.52,66.1,yes,"{""count_fp"":""66.10"",""created_time"":""2026-04-28T14:45:13.414416Z"",""no_price_dollars"":""0.4800"",""taker_side"":""yes"",""ticker"":""KXBTC15M-26APR281100-00"",""trade_id"":""3c43272b-a081-75a3-de95-c02523dacc16"",""yes_price_dollars"":""0.5200""}"
KXBTC15M-26APR281100-00,a45ffef7-dd89-4d7f-7b65-031064bf937a,1777387513,0.52,247.86,yes,"{""count_fp"":""247.86"",""created_time"":""2026-04-28T14:45:13.403391Z"",""no_price_dollars"":""0.4800"",""taker_side"":""yes"",""ticker"":""KXBTC15M-26APR281100-00"",""trade_id"":""a45ffef7-dd89-4d7f-7b65-031064bf937a"",""yes_price_dollars"":""0.5200""}"
KXBTC15M-26APR281100-00,3c9cea45-0571-6f9f-9a4e-95353d46d19a,1777387513,0.52,13.0,yes,"{""count_fp"":""13.00"",""created_time"":""2026-04-28T14:45:13.309018Z"",""no_price_dollars"":""0.4800"",""taker_side"":""yes"",""ticker"":""KXBTC15M-26APR281100-00"",""trade_id"":""3c9cea45-0571-6f9f-9a4e-95353d46d19a"",""yes_price_dollars"":""0.5200""}"
KXBTC15M-26APR281100-00,9b396854-0b29-44a7-a0f7-a98da0e41fc2,1777387513,0.52,26.79,yes,"{""count_fp"":""26.79"",""created_time"":""2026-04-28T14:45:13.215643Z"",""no_price_dollars"":""0.4800"",""taker_side"":""yes"",""ticker"":""KXBTC15M-26APR281100-00"",""trade_id"":""9b396854-0b29-44a7-a0f7-a98da0e41fc2"",""yes_price_dollars"":""0.5200""}"
KXBTC15M-26APR281100-00,3ead2716-8409-791b-c1f6-e57cfbf76db6,1777387513,0.52,27.9,yes,"{""count_fp"":""27.90"",""created_time"":""2026-04-28T14:45:13.200093Z"",""no_price_dollars"":""0.4800"",""taker_side"":""yes"",""ticker"":""KXBTC15M-26APR281100-00"",""trade_id"":""3ead2716-8409-791b-c1f6-e57cfbf76db6"",""yes_price_dollars"":""0.5200""}"
KXBTC15M-26APR281100-00,9b83f916-d6b8-6915-3ac8-ce90214cd134,1777387513,0.51,38.57,no,"{""count_fp"":""38.57"",""created_time"":""2026-04-28T14:45:13.023448Z"",""no_price_dollars"":""0.4900"",""taker_side"":""no"",""ticker"":""KXBTC15M-26APR281100-00"",""trade_id"":""9b83f916-d6b8-6915-3ac8-ce90214cd134"",""yes_price_dollars"":""0.5100""}"
KXBTC15M-26APR281100-00,57198739-dbe1-6b05-0a82-d5f611fcbc42,1777387513,0.51,10.43,no,"{""count_fp"":""10.43"",""created_time"":""2026-04-28T14:45:13.023448Z"",""no_price_dollars"":""0.4900"",""taker_side"":""no"",""ticker"":""KXBTC15M-26APR281100-00"",""trade_id"":""57198739-dbe1-6b05-0a82-d5f611fcbc42"",""yes_price_dollars"":""0.5100""}"
KXBTC15M-26APR281100-00,a5954c81-6c45-643f-1d5b-18571936188e,1777387514,0.51,51.18,yes,"{""count_fp"":""51.18"",""created_time"":""2026-04-28T14:45:14.861428Z"",""no_price_dollars"":""0.4900"",""taker_side"":""yes"",""ticker"":""KXBTC15M-26APR281100-00"",""trade_id"":""a5954c81-6c45-643f-1d5b-18571936188e"",""yes_price_dollars"":""0.5100""}"
KXBTC15M-26APR281100-00,dbcce33e-53c9-6af4-bea0-99cbd922f467,1777387514,0.5,1.0,no,"{""count_fp"":""1.00"",""created_time"":""2026-04-28T14:45:14.791737Z"",""no_price_dollars"":""0.5000"",""taker_side"":""no"",""ticker"":""KXBTC15M-26APR281100-00"",""trade_id"":""dbcce33e-53c9-6af4-bea0-99cbd922f467"",""yes_price_dollars"":""0.5000""}"
KXBTC15M-26APR281100-00,83e2fcc1-63c7-609b-a5cd-8b23fdd51db6,1777387514,0.5,21.0,no,"{""count_fp"":""21.00"",""created_time"":""2026-04-28T14:45:14.791737Z"",""no_price_dollars"":""0.5000"",""taker_side"":""no"",""ticker"":""KXBTC15M-26APR281100-00"",""trade_id"":""83e2fcc1-63c7-609b-a5cd-8b23fdd51db6"",""yes_price_dollars"":""0.5000""}"
KXBTC15M-26APR281100-00,5f079a78-0a03-695c-ad9f-e73c9cf59b0d,1777387514,0.5,26.06,no,"{""count_fp"":""26.06"",""created_time"":""2026-04-28T14:45:14.791737Z"",""no_price_dollars"":""0.5000"",""taker_side"":""no"",""ticker"":""KXBTC15M-26APR281100-00"",""trade_id"":""5f079a78-0a03-695c-ad9f-e73c9cf59b0d"",""yes_price_dollars"":""0.5000""}"
KXBTC15M-26APR281100-00,2e2c7cb9-c410-6f37-94a5-0462dda4ca15,1777387514,0.5,30.0,no,"{""count_fp"":""30.00"",""created_time"":""2026-04-28T14:45:14.791737Z"",""no_price_dollars"":""0.5000"",""taker_side"":""no"",""ticker"":""KXBTC15M-26APR281100-00"",""trade_id"":""2e2c7cb9-c410-6f37-94a5-0462dda4ca15"",""yes_price_dollars"":""0.5000""}"
KXBTC15M-26APR281100-00,2299844d-ed90-6c87-bbe9-d5b9cf6cc844,1777387514,0.5,1.0,no,"{""count_fp"":""1.00"",""created_time"":""2026-04-28T14:45:14.791737Z"",""no_price_dollars"":""0.5000"",""taker_side"":""no"",""ticker"":""KXBTC15M-26APR281100-00"",""trade_id"":""2299844d-ed90-6c87-bbe9-d5b9cf6cc844"",""yes_price_dollars"":""0.5000""}"
KXBTC15M-26APR281100-00,13f771b3-9517-6936-b284-afa194b96442,1777387514,0.5,37.94,no,"{""count_fp"":""37.94"",""created_time"":""2026-04-28T14:45:14.791737Z"",""no_price_dollars"":""0.5000"",""taker_side"":""no"",""ticker"":""KXBTC15M-26APR281100-00"",""trade_id"":""13f771b3-9517-6936-b284-afa194b96442"",""yes_price_dollars"":""0.5000""}"
KXBTC15M-26APR281100-00,3db5c40f-94fd-516b-f3e9-cc89118bd796,1777387514,0.51,1.0,yes,"{""count_fp"":""1.00"",""created_time"":""2026-04-28T14:45:14.607266Z"",""no_price_dollars"":""0.4900"",""taker_side"":""yes"",""ticker"":""KXBTC15M-26APR281100-00"",""trade_id"":""3db5c40f-94fd-516b-f3e9-cc89118bd796"",""yes_price_dollars"":""0.5100""}"
KXBTC15M-26APR281100-00,c14b49e6-14a7-4d28-6a20-4cbe86398931,1777387514,0.5,28.41,no,"{""count_fp"":""28.41"",""created_time"":""2026-04-28T14:45:14.527108Z"",""no_price_dollars"":""0.5000"",""taker_side"":""no"",""ticker"":""KXBTC15M-26APR281100-00"",""trade_id"":""c14b49e6-14a7-4d28-6a20-4cbe86398931"",""yes_price_dollars"":""0.5000""}"
KXBTC15M-26APR281100-00,ef1450f2-0e52-6d7d-2e31-b8ad1da09bee,1777387514,0.51,14.66,yes,"{""count_fp"":""14.66"",""created_time"":""2026-04-28T14:45:14.210432Z"",""no_price_dollars"":""0.4900"",""taker_side"":""yes"",""ticker"":""KXBTC15M-26APR281100-00"",""trade_id"":""ef1450f2-0e52-6d7d-2e31-b8ad1da09bee"",""yes_price_dollars"":""0.5100""}"
KXBTC15M-26APR281100-00,d1ce2719-9c69-60af-1c65-90f948fb47a2,1777387514,0.51,3.94,yes,"{""count_fp"":""3.94"",""created_time"":""2026-04-28T14:45:14.210432Z"",""no_price_dollars"":""0.4900"",""taker_side"":""yes"",""ticker"":""KXBTC15M-26APR281100-00"",""trade_id"":""d1ce2719-9c69-60af-1c65-90f948fb47a2"",""yes_price_dollars"":""0.5100""}"
KXBTC15M-26APR281100-00,7371ff78-a2e6-5947-345e-8166fa150d63,1777387514,0.51,30.0,yes,"{""count_fp"":""30.00"",""created_time"":""2026-04-28T14:45:14.172412Z"",""no_price_dollars"":""0.4900"",""taker_side"":""yes"",""ticker"":""KXBTC15M-26APR281100-00"",""trade_id"":""7371ff78-a2e6-5947-345e-8166fa150d63"",""yes_price_dollars"":""0.5100""}"
KXBTC15M-26APR281100-00,9a8b0487-95df-6141-b227-b05123361cf4,1777387514,0.51,27.0,yes,"{""count_fp"":""27.00"",""created_time"":""2026-04-28T14:45:14.104311Z"",""no_price_dollars"":""0.4900"",""taker_side"":""yes"",""ticker"":""KXBTC15M-26APR281100-00"",""trade_id"":""9a8b0487-95df-6141-b227-b05123361cf4"",""yes_price_dollars"":""0.5100""}"
KXBTC15M-26APR281100-00,56523938-0daa-6b79-9228-49e27b60ec25,1777387514,0.51,38.0,yes,"{""count_fp"":""38.00"",""created_time"":""2026-04-28T14:45:14.104311Z"",""no_price_dollars"":""0.4900"",""taker_side"":""yes"",""ticker"":""KXBTC15M-26APR281100-00"",""trade_id"":""56523938-0daa-6b79-9228-49e27b60ec25"",""yes_price_dollars"":""0.5100""}"
KXBTC15M-26APR281100-00,080a7ea1-201a-64d9-b0c2-6a48f6817798,1777387514,0.51,3.0,yes,"{""count_fp"":""3.00"",""created_time"":""2026-04-28T14:45:14.104311Z"",""no_price_dollars"":""0.4900"",""taker_side"":""yes"",""ticker"":""KXBTC15M-26APR281100-00"",""trade_id"":""080a7ea1-201a-64d9-b0c2-6a48f6817798"",""yes_price_dollars"":""0.5100""}"
KXBTC15M-26APR281100-00,7bbcaee9-d6b2-6767-5217-1c9fe1dc95c6,1777387515,0.49,26.0,yes,"{""count_fp"":""26.00"",""created_time"":""2026-04-28T14:45:15.491877Z"",""no_price_dollars"":""0.5100"",""taker_side"":""yes"",""ticker"":""KXBTC15M-26APR281100-00"",""trade_id"":""7bbcaee9-d6b2-6767-5217-1c9fe1dc95c6"",""yes_price_dollars"":""0.4900""}"
KXBTC15M-26APR281100-00,a8221f1e-4954-4a1a-ef4d-91131235e01c,1777387515,0.49,1.0,no,"{""count_fp"":""1.00"",""created_time"":""2026-04-28T14:45:15.478824Z"",""no_price_dollars"":""0.5100"",""taker_side"":""no"",""ticker"":""KXBTC15M-26APR281100-00"",""trade_id"":""a8221f1e-4954-4a1a-ef4d-91131235e01c"",""yes_price_dollars"":""0.4900""}"
KXBTC15M-26APR281100-00,03a95a35-2fb2-4d87-f5c7-152197db46e6,1777387515,0.49,14.84,no,"{""count_fp"":""14.84"",""created_time"":""2026-04-28T14:45:15.478824Z"",""no_price_dollars"":""0.5100"",""taker_side"":""no"",""ticker"":""KXBTC15M-26APR281100-00"",""trade_id"":""03a95a35-2fb2-4d87-f5c7-152197db46e6"",""yes_price_dollars"":""0.4900""}"
KXBTC15M-26APR281100-00,e0596329-f576-68a7-9f4f-390f3ddc3eae,1777387515,0.49,15.16,no,"{""count_fp"":""15.16"",""created_time"":""2026-04-28T14:45:15.444847Z"",""no_price_dollars"":""0.5100"",""taker_side"":""no"",""ticker"":""KXBTC15M-26APR281100-00"",""trade_id"":""e0596329-f576-68a7-9f4f-390f3ddc3eae"",""yes_price_dollars"":""0.4900""}"
KXBTC15M-26APR281100-00,8eac3e34-2dbb-6892-84a9-50889cf15272,1777387515,0.5,0.06,no,"{""count_fp"":""0.06"",""created_time"":""2026-04-28T14:45:15.444847Z"",""no_price_dollars"":""0.5000"",""taker_side"":""no"",""ticker"":""KXBTC15M-26APR281100-00"",""trade_id"":""8eac3e34-2dbb-6892-84a9-50889cf15272"",""yes_price_dollars"":""0.5000""}"
KXBTC15M-26APR281100-00,73c0d185-e841-6087-ba25-0bef5ab72649,1777387515,0.49,8.0,no,"{""count_fp"":""8.00"",""created_time"":""2026-04-28T14:45:15.444847Z"",""no_price_dollars"":""0.5100"",""taker_side"":""no"",""ticker"":""KXBTC15M-26APR281100-00"",""trade_id"":""73c0d185-e841-6087-ba25-0bef5ab72649"",""yes_price_dollars"":""0.4900""}"
KXBTC15M-26APR281100-00,3aa1e67b-fa29-75df-6f31-108c316245b2,1777387515,0.51,9.47,yes,"{""count_fp"":""9.47"",""created_time"":""2026-04-28T14:45:15.308473Z"",""no_price_dollars"":""0.4900"",""taker_side"":""yes"",""ticker"":""KXBTC15M-26APR281100-00"",""trade_id"":""3aa1e67b-fa29-75df-6f31-108c316245b2"",""yes_price_dollars"":""0.5100""}"
KXBTC15M-26APR281100-00,6d840205-65d1-6b63-6bfc-8a4855731a7a,1777387516,0.49,94.78,yes,"{""count_fp"":""94.78"",""created_time"":""2026-04-28T14:45:16.494834Z"",""no_price_dollars"":""0.5100"",""taker_side"":""yes"",""ticker"":""KXBTC15M-26APR281100-00"",""trade_id"":""6d840205-65d1-6b63-6bfc-8a4855731a7a"",""yes_price_dollars"":""0.4900""}"
KXBTC15M-26APR281100-00,f1922e23-075d-74c7-8f7d-a109773d3fe2,1777387516,0.49,7.0,yes,"{""count_fp"":""7.00"",""created_time"":""2026-04-28T14:45:16.409646Z"",""no_price_dollars"":""0.5100"",""taker_side"":""yes"",""ticker"":""KXBTC15M-26APR281100-00"",""trade_id"":""f1922e23-075d-74c7-8f7d-a109773d3fe2"",""yes_price_dollars"":""0.4900""}"
KXBTC15M-26APR281100-00,dbd2932f-7d99-6a83-cd24-ce1b5c818d62,1777387516,0.49,6.85,yes,"{""count_fp"":""6.85"",""created_time"":""2026-04-28T14:45:16.316453Z"",""no_price_dollars"":""0.5100"",""taker_side"":""yes"",""ticker"":""KXBTC15M-26APR281100-00"",""trade_id"":""dbd2932f-7d99-6a83-cd24-ce1b5c818d62"",""yes_price_dollars"":""0.4900""}"
KXBTC15M-26APR281100-00,ccb6766a-a12c-61d8-f391-a2cb0803553b,1777387516,0.49,13.79,yes,"{""count_fp"":""13.79"",""created_time"":""2026-04-28T14:45:16.316453Z"",""no_price_dollars"":""0.5100"",""taker_side"":""yes"",""ticker"":""KXBTC15M-26APR281100-00"",""trade_id"":""ccb6766a-a12c-61d8-f391-a2cb0803553b"",""yes_price_dollars"":""0.4900""}"
KXBTC15M-26APR281100-00,6d5dbad7-6266-6f1f-e62c-77867f5d7132,1777387516,0.49,4.0,yes,"{""count_fp"":""4.00"",""created_time"":""2026-04-28T14:45:16.316453Z"",""no_price_dollars"":""0.5100"",""taker_side"":""yes"",""ticker"":""KXBTC15M-26APR281100-00"",""trade_id"":""6d5dbad7-6266-6f1f-e62c-77867f5d7132"",""yes_price_dollars"":""0.4900""}"
KXBTC15M-26APR281100-00,cac7acfa-3db2-720b-dd6b-26420c473eca,1777387516,0.49,10.0,yes,"{""count_fp"":""10.00"",""created_time"":""2026-04-28T14:45:16.092315Z"",""no_price_dollars"":""0.5100"",""taker_side"":""yes"",""ticker"":""KXBTC15M-26APR281100-00"",""trade_id"":""cac7acfa-3db2-720b-dd6b-26420c473eca"",""yes_price_dollars"":""0.4900""}"
KXBTC15M-26APR281100-00,bbd77b80-93a4-4fe1-5c7e-e05f2cb54779,1777387517,0.5,40.0,no,"{""count_fp"":""40.00"",""created_time"":""2026-04-28T14:45:17.966136Z"",""no_price_dollars"":""0.5000"",""taker_side"":""no"",""ticker"":""KXBTC15M-26APR281100-00"",""trade_id"":""bbd77b80-93a4-4fe1-5c7e-e05f2cb54779"",""yes_price_dollars"":""0.5000""}"
KXBTC15M-26APR281100-00,bb38e394-c363-4ddd-6d9a-291ab4275268,1777387517,0.51,10.0,no,"{""count_fp"":""10.00"",""created_time"":""2026-04-28T14:45:17.966136Z"",""no_price_dollars"":""0.4900"",""taker_side"":""no"",""ticker"":""KXBTC15M-26APR281100-00"",""trade_id"":""bb38e394-c363-4ddd-6d9a-291ab4275268"",""yes_price_dollars"":""0.5100""}"
KXBTC15M-26APR281100-00,6010715a-5764-4136-61c4-c54a03a87aba,1777387517,0.51,30.0,no,"{""count_fp"":""30.00"",""created_time"":""2026-04-28T14:45:17.966136Z"",""no_price_dollars"":""0.4900"",""taker_side"":""no"",""ticker"":""KXBTC15M-26APR281100-00"",""trade_id"":""6010715a-5764-4136-61c4-c54a03a87aba"",""yes_price_dollars"":""0.5100""}"
KXBTC15M-26APR281100-00,3d45d62d-432d-4b56-4b20-cab717a21cf0,1777387517,0.5,21.38,no,"{""count_fp"":""21.38"",""created_time"":""2026-04-28T14:45:17.966136Z"",""no_price_dollars"":""0.5000"",""taker_side"":""no"",""ticker"":""KXBTC15M-26APR281100-00"",""trade_id"":""3d45d62d-432d-4b56-4b20-cab717a21cf0"",""yes_price_dollars"":""0.5000""}"
KXBTC15M-26APR281100-00,039ebd08-5562-4869-724a-68d33c6ecd5d,1777387517,0.5,18.73,no,"{""count_fp"":""18.73"",""created_time"":""2026-04-28T14:45:17.966136Z"",""no_price_dollars"":""0.5000"",""taker_side"":""no"",""ticker"":""KXBTC15M-26APR281100-00"",""trade_id"":""039ebd08-5562-4869-724a-68d33c6ecd5d"",""yes_price_dollars"":""0.5000""}"
KXBTC15M-26APR281100-00,736aea63-a7d0-6f5e-58d0-aeaca553dd89,1777387517,0.52,4.0,yes,"{""count_fp"":""4.00"",""created_time"":""2026-04-28T14:45:17.672664Z"",""no_price_dollars"":""0.4800"",""taker_side"":""yes"",""ticker"":""KXBTC15M-26APR281100-00"",""trade_id"":""736aea63-a7d0-6f5e-58d0-aeaca553dd89"",""yes_price_dollars"":""0.5200""}"
KXBTC15M-26APR281100-00,16a1a9ab-95f4-6c82-079f-759bbc351d1a,1777387517,0.51,10.0,no,"{""count_fp"":""10.00"",""created_time"":""2026-04-28T14:45:17.610959Z"",""no_price_dollars"":""0.4900"",""taker_side"":""no"",""ticker"":""KXBTC15M-26APR281100-00"",""trade_id"":""16a1a9ab-95f4-6c82-079f-759bbc351d1a"",""yes_price_dollars"":""0.5100""}"
KXBTC15M-26APR281100-00,ab216afd-0761-6614-3a27-0141944beb8f,1777387517,0.51,0.37,yes,"{""count_fp"":""0.37"",""created_time"":""2026-04-28T14:45:17.183467Z"",""no_price_dollars"":""0.4900"",""taker_side"":""yes"",""ticker"":""KXBTC15M-26APR281100-00"",""trade_id"":""ab216afd-0761-6614-3a27-0141944beb8f"",""yes_price_dollars"":""0.5100""}"
KXBTC15M-26APR281100-00,47d6c05a-19e1-43b0-8e13-28346c79b2fb,1777387517,0.51,18.95,yes,"{""count_fp"":""18.95"",""created_time"":""2026-04-28T14:45:17.117047Z"",""no_price_dollars"":""0.4900"",""taker_side"":""yes"",""ticker"":""KXBTC15M-26APR281100-00"",""trade_id"":""47d6c05a-19e1-43b0-8e13-28346c79b2fb"",""yes_price_dollars"":""0.5100""}"
KXBTC15M-26APR281100-00,7cf03d6a-83b6-752f-7e35-e4252fa682ee,1777387517,0.5,13.27,yes,"{""count_fp"":""13.27"",""created_time"":""2026-04-28T14:45:17.092549Z"",""no_price_dollars"":""0.5000"",""taker_side"":""yes"",""ticker"":""KXBTC15M-26APR281100-00"",""trade_id"":""7cf03d6a-83b6-752f-7e35-e4252fa682ee"",""yes_price_dollars"":""0.5000""}"
KXBTC15M-26APR281100-00,f5633120-9cc9-4ba8-a3a7-c4acf4a8f86b,1777387517,0.51,432.71,yes,"{""count_fp"":""432.71"",""created_time"":""2026-04-28T14:45:17.076452Z"",""no_price_dollars"":""0.4900"",""taker_side"":""yes"",""ticker"":""KXBTC15M-26APR281100-00"",""trade_id"":""f5633120-9cc9-4ba8-a3a7-c4acf4a8f86b"",""yes_price_dollars"":""0.5100""}"
KXBTC15M-26APR281100-00,e3bf60ec-f1b9-4cfe-be5d-3667473c8629,1777387517,0.51,56.0,yes,"{""count_fp"":""56.00"",""created_time"":""2026-04-28T14:45:17.076452Z"",""no_price_dollars"":""0.4900"",""taker_side"":""yes"",""ticker"":""KXBTC15M-26APR281100-00"",""trade_id"":""e3bf60ec-f1b9-4cfe-be5d-3667473c8629"",""yes_price_dollars"":""0.5100""}"
KXBTC15M-26APR281100-00,d567a533-0033-4175-a4a8-66cfcd08acd2,1777387517,0.51,40.0,yes,"{""count_fp"":""40.00"",""created_time"":""2026-04-28T14:45:17.076452Z"",""no_price_dollars"":""0.4900"",""taker_side"":""yes"",""ticker"":""KXBTC15M-26APR281100-00"",""trade_id"":""d567a533-0033-4175-a4a8-66cfcd08acd2"",""yes_price_dollars"":""0.5100""}"
KXBTC15M-26APR281100-00,8c594cec-7479-4b2f-b1e1-0bf48a87ed52,1777387517,0.51,1100.62,yes,"{""count_fp"":""1100.62"",""created_time"":""2026-04-28T14:45:17.076452Z"",""no_price_dollars"":""0.4900"",""taker_side"":""yes"",""ticker"":""KXBTC15M-26APR281100-00"",""trade_id"":""8c594cec-7479-4b2f-b1e1-0bf48a87ed52"",""yes_price_dollars"":""0.5100""}"
KXBTC15M-26APR281100-00,71ced233-8f5a-4270-93e1-ed9f7260d813,1777387517,0.5,100.0,yes,"{""count_fp"":""100.00"",""created_time"":""2026-04-28T14:45:17.076452Z"",""no_price_dollars"":""0.5000"",""taker_side"":""yes"",""ticker"":""KXBTC15M-26APR281100-00"",""trade_id"":""71ced233-8f5a-4270-93e1-ed9f7260d813"",""yes_price_dollars"":""0.5000""}"
KXBTC15M-26APR281100-00,6a18b0e4-0489-4c01-af82-af447ff65e0b,1777387517,0.5,32.0,yes,"{""count_fp"":""32.00"",""created_time"":""2026-04-28T14:45:17.076452Z"",""no_price_dollars"":""0.5000"",""taker_side"":""yes"",""ticker"":""KXBTC15M-26APR281100-00"",""trade_id"":""6a18b0e4-0489-4c01-af82-af447ff65e0b"",""yes_price_dollars"":""0.5000""}"
KXBTC15M-26APR281100-00,5b6d8c6a-0c65-4e17-9508-4c9b75711960,1777387517,0.5,3.0,yes,"{""count_fp"":""3.00"",""created_time"":""2026-04-28T14:45:17.076452Z"",""no_price_dollars"":""0.5000"",""taker_side"":""yes"",""ticker"":""KXBTC15M-26APR281100-00"",""trade_id"":""5b6d8c6a-0c65-4e17-9508-4c9b75711960"",""yes_price_dollars"":""0.5000""}"
KXBTC15M-26APR281100-00,4118ef66-30e9-42e6-a070-ebf5603b3c1f,1777387517,0.5,111.0,yes,"{""count_fp"":""111.00"",""created_time"":""2026-04-28T14:45:17.076452Z"",""no_price_dollars"":""0.5000"",""taker_side"":""yes"",""ticker"":""KXBTC15M-26APR281100-00"",""trade_id"":""4118ef66-30e9-42e6-a070-ebf5603b3c1f"",""yes_price_dollars"":""0.5000""}"
KXBTC15M-26APR281100-00,f26a1079-f0b7-73a4-3ea4-75b40610dd89,1777387518,0.51,33.0,yes,"{""count_fp"":""33.00"",""created_time"":""2026-04-28T14:45:18.862666Z"",""no_price_dollars"":""0.4900"",""taker_side"":""yes"",""ticker"":""KXBTC15M-26APR281100-00"",""trade_id"":""f26a1079-f0b7-73a4-3ea4-75b40610dd89"",""yes_price_dollars"":""0.5100""}"
KXBTC15M-26APR281100-00,c58807b2-8d56-7b55-3a15-df0efff4c652,1777387518,0.51,14.66,yes,"{""count_fp"":""14.66"",""created_time"":""2026-04-28T14:45:18.862666Z"",""no_price_dollars"":""0.4900"",""taker_side"":""yes"",""ticker"":""KXBTC15M-26APR281100-00"",""trade_id"":""c58807b2-8d56-7b55-3a15-df0efff4c652"",""yes_price_dollars"":""0.5100""}"
KXBTC15M-26APR281100-00,a5a3fc4c-e54a-70e4-018d-8325da7c899f,1777387518,0.51,9.0,yes,"{""count_fp"":""9.00"",""created_time"":""2026-04-28T14:45:18.862666Z"",""no_price_dollars"":""0.4900"",""taker_side"":""yes"",""ticker"":""KXBTC15M-26APR281100-00"",""trade_id"":""a5a3fc4c-e54a-70e4-018d-8325da7c899f"",""yes_price_dollars"":""0.5100""}"
KXBTC15M-26APR281100-00,4827d7c6-1934-78c6-3514-5e0e1ad16065,1777387518,0.52,26.61,yes,"{""count_fp"":""26.61"",""created_time"":""2026-04-28T14:45:18.862666Z"",""no_price_dollars"":""0.4800"",""taker_side"":""yes"",""ticker"":""KXBTC15M-26APR281100-00"",""trade_id"":""4827d7c6-1934-78c6-3514-5e0e1ad16065"",""yes_price_dollars"":""0.5200""}"
KXBTC15M-26APR281100-00,152ef5a0-8f5f-733a-20b1-45647db5d2bd,1777387518,0.51,10.0,yes,"{""count_fp"":""10.00"",""created_time"":""2026-04-28T14:45:18.862666Z"",""no_price_dollars"":""0.4900"",""taker_side"":""yes"",""ticker"":""KXBTC15M-26APR281100-00"",""trade_id"":""152ef5a0-8f5f-733a-20b1-45647db5d2bd"",""yes_price_dollars"":""0.5100""}"
KXBTC15M-26APR281100-00,c4f3a090-a911-73d6-025e-17ccab05b6d8,1777387518,0.5,4.0,no,"{""count_fp"":""4.00"",""created_time"":""2026-04-28T14:45:18.851341Z"",""no_price_dollars"":""0.5000"",""taker_side"":""no"",""ticker"":""KXBTC15M-26APR281100-00"",""trade_id"":""c4f3a090-a911-73d6-025e-17ccab05b6d8"",""yes_price_dollars"":""0.5000""}"
KXBTC15M-26APR281100-00,82ca584f-922d-7002-fe64-6466d33fe820,1777387518,0.5,19.32,no,"{""count_fp"":""19.32"",""created_time"":""2026-04-28T14:45:18.387461Z"",""no_price_dollars"":""0.5000"",""taker_side"":""no"",""ticker"":""KXBTC15M-26APR281100-00"",""trade_id"":""82ca584f-922d-7002-fe64-6466d33fe820"",""yes_price_dollars"":""0.5000""}"
KXBTC15M-26APR281100-00,9b649b48-a32d-6296-8fd4-297eedb055ac,1777387518,0.5,9.66,no,"{""count_fp"":""9.66"",""created_time"":""2026-04-28T14:45:18.017549Z"",""no_price_dollars"":""0.5000"",""taker_side"":""no"",""ticker"":""KXBTC15M-26APR281100-00"",""trade_id"":""9b649b48-a32d-6296-8fd4-297eedb055ac"",""yes_price_dollars"":""0.5000""}"
KXBTC15M-26APR281100-00,219b18a0-c32d-4954-11e5-3ffcb26b846b,1777387519,0.5,56.06,yes,"{""count_fp"":""56.06"",""created_time"":""2026-04-28T14:45:19.998902Z"",""no_price_dollars"":""0.5000"",""taker_side"":""yes"",""ticker"":""KXBTC15M-26APR281100-00"",""trade_id"":""219b18a0-c32d-4954-11e5-3ffcb26b846b"",""yes_price_dollars"":""0.5000""}"
KXBTC15M-26APR281100-00,daf08ff6-0f49-7af8-2634-409a31032107,1777387519,0.5,139.79,yes,"{""count_fp"":""139.79"",""created_time"":""2026-04-28T14:45:19.717517Z"",""no_price_dollars"":""0.5000"",""taker_side"":""yes"",""ticker"":""KXBTC15M-26APR281100-00"",""trade_id"":""daf08ff6-0f49-7af8-2634-409a31032107"",""yes_price_dollars"":""0.5000""}"
KXBTC15M-26APR281100-00,f081871d-2ae9-4bdc-afae-f77ae262135f,1777387519,0.5,3.86,yes,"{""count_fp"":""3.86"",""created_time"":""2026-04-28T14:45:19.659549Z"",""no_price_dollars"":""0.5000"",""taker_side"":""yes"",""ticker"":""KXBTC15M-26APR281100-00"",""trade_id"":""f081871d-2ae9-4bdc-afae-f77ae262135f"",""yes_price_dollars"":""0.5000""}"
KXBTC15M-26APR281100-00,f40b7d4d-1466-4eea-7d6e-411d019977dc,1777387519,0.5,32.28,yes,"{""count_fp"":""32.28"",""created_time"":""2026-04-28T14:45:19.503706Z"",""no_price_dollars"":""0.5000"",""taker_side"":""yes"",""ticker"":""KXBTC15M-26APR281100-00"",""trade_id"":""f40b7d4d-1466-4eea-7d6e-411d019977dc"",""yes_price_dollars"":""0.5000""}"
KXBTC15M-26APR281100-00,e2f4a4de-5e41-4108-4606-e0cb3d430607,1777387519,0.5,58.19,yes,"{""count_fp"":""58.19"",""created_time"":""2026-04-28T14:45:19.503706Z"",""no_price_dollars"":""0.5000"",""taker_side"":""yes"",""ticker"":""KXBTC15M-26APR281100-00"",""trade_id"":""e2f4a4de-5e41-4108-4606-e0cb3d430607"",""yes_price_dollars"":""0.5000""}"
KXBTC15M-26APR281100-00,05959be3-203e-40a3-5bdb-4fe85813462a,1777387519,0.5,10.0,yes,"{""count_fp"":""10.00"",""created_time"":""2026-04-28T14:45:19.503706Z"",""no_price_dollars"":""0.5000"",""taker_side"":""yes"",""ticker"":""KXBTC15M-26APR281100-00"",""trade_id"":""05959be3-203e-40a3-5bdb-4fe85813462a"",""yes_price_dollars"":""0.5000""}"
KXBTC15M-26APR281100-00,2d70cc19-b9f6-4a0a-2fff-1f0241405980,1777387519,0.5,7.72,yes,"{""count_fp"":""7.72"",""created_time"":""2026-04-28T14:45:19.277117Z"",""no_price_dollars"":""0.5000"",""taker_side"":""yes"",""ticker"":""KXBTC15M-26APR281100-00"",""trade_id"":""2d70cc19-b9f6-4a0a-2fff-1f0241405980"",""yes_price_dollars"":""0.5000""}"
KXBTC15M-26APR281100-00,f91aa058-3f9f-74eb-0680-29502a4a6727,1777387519,0.5,5.73,no,"{""count_fp"":""5.73"",""created_time"":""2026-04-28T14:45:19.119129Z"",""no_price_dollars"":""0.5000"",""taker_side"":""no"",""ticker"":""KXBTC15M-26APR281100-00"",""trade_id"":""f91aa058-3f9f-74eb-0680-29502a4a6727"",""yes_price_dollars"":""0.5000""}"
KXBTC15M-26APR281100-00,b58da30c-f046-59b6-be98-c5fe3ab61007,1777387519,0.5,10.57,no,"{""count_fp"":""10.57"",""created_time"":""2026-04-28T14:45:19.099365Z"",""no_price_dollars"":""0.5000"",""taker_side"":""no"",""ticker"":""KXBTC15M-26APR281100-00"",""trade_id"":""b58da30c-f046-59b6-be98-c5fe3ab61007"",""yes_price_dollars"":""0.5000""}"
KXBTC15M-26APR281100-00,aa4734c6-bbf7-535b-a538-1d085da5cfbf,1777387519,0.5,10.27,no,"{""count_fp"":""10.27"",""created_time"":""2026-04-28T14:45:19.099365Z"",""no_price_dollars"":""0.5000"",""taker_side"":""no"",""ticker"":""KXBTC15M-26APR281100-00"",""trade_id"":""aa4734c6-bbf7-535b-a538-1d085da5cfbf"",""yes_price_dollars"":""0.5000""}"
KXBTC15M-26APR281100-00,f3b55481-4de2-410e-7374-06bc27cca44f,1777387519,0.5,21.43,no,"{""count_fp"":""21.43"",""created_time"":""2026-04-28T14:45:19.088059Z"",""no_price_dollars"":""0.5000"",""taker_side"":""no"",""ticker"":""KXBTC15M-26APR281100-00"",""trade_id"":""f3b55481-4de2-410e-7374-06bc27cca44f"",""yes_price_dollars"":""0.5000""}"
KXBTC15M-26APR281100-00,66458d54-3501-47fe-54ce-6e1fc75e17c4,1777387519,0.5,1.64,no,"{""count_fp"":""1.64"",""created_time"":""2026-04-28T14:45:19.088059Z"",""no_price_dollars"":""0.5000"",""taker_side"":""no"",""ticker"":""KXBTC15M-26APR281100-00"",""trade_id"":""66458d54-3501-47fe-54ce-6e1fc75e17c4"",""yes_price_dollars"":""0.5000""}"
KXBTC15M-26APR281100-00,e2518288-092b-57ca-8039-b10d6fb4ca02,1777387519,0.51,182.7,yes,"{""count_fp"":""182.70"",""created_time"":""2026-04-28T14:45:19.087201Z"",""no_price_dollars"":""0.4900"",""taker_side"":""yes"",""ticker"":""KXBTC15M-26APR281100-00"",""trade_id"":""e2518288-092b-57ca-8039-b10d6fb4ca02"",""yes_price_dollars"":""0.5100""}"
KXBTC15M-26APR281100-00,364c30be-ff84-5b4e-816f-9e86d2cfc433,1777387519,0.51,3.0,yes,"{""count_fp"":""3.00"",""created_time"":""2026-04-28T14:45:19.087201Z"",""no_price_dollars"":""0.4900"",""taker_side"":""yes"",""ticker"":""KXBTC15M-26APR281100-00"",""trade_id"":""364c30be-ff84-5b4e-816f-9e86d2cfc433"",""yes_price_dollars"":""0.5100""}"
KXBTC15M-26APR281100-00,f027eb24-48f9-656c-82a9-2de0a52cdf58,1777387520,0.5,3.86,yes,"{""count_fp"":""3.86"",""created_time"":""2026-04-28T14:45:20.994027Z"",""no_price_dollars"":""0.5000"",""taker_side"":""yes"",""ticker"":""KXBTC15M-26APR281100-00"",""trade_id"":""f027eb24-48f9-656c-82a9-2de0a52cdf58"",""yes_price_dollars"":""0.5000""}"
KXBTC15M-26APR281100-00,f14d65cf-d297-670a-c59a-5db5d847ea92,1777387521,0.5,193.23,yes,"{""count_fp"":""193.23"",""created_time"":""2026-04-28T14:45:21.943202Z"",""no_price_dollars"":""0.5000"",""taker_side"":""yes"",""ticker"":""KXBTC15M-26APR281100-00"",""trade_id"":""f14d65cf-d297-670a-c59a-5db5d847ea92"",""yes_price_dollars"":""0.5000""}"
KXBTC15M-26APR281100-00,a6b97a7b-d1eb-495e-7079-2c4965357c4e,1777387521,0.5,18.95,yes,"{""count_fp"":""18.95"",""created_time"":""2026-04-28T14:45:21.648951Z"",""no_price_dollars"":""0.5000"",""taker_side"":""yes"",""ticker"":""KXBTC15M-26APR281100-00"",""trade_id"":""a6b97a7b-d1eb-495e-7079-2c4965357c4e"",""yes_price_dollars"":""0.5000""}"
KXBTC15M-26APR281100-00,f2369ddb-20db-6fce-cda1-cb090162fdca,1777387521,0.5,92.61,yes,"{""count_fp"":""92.61"",""created_time"":""2026-04-28T14:45:21.440042Z"",""no_price_dollars"":""0.5000"",""taker_side"":""yes"",""ticker"":""KXBTC15M-26APR281100-00"",""trade_id"":""f2369ddb-20db-6fce-cda1-cb090162fdca"",""yes_price_dollars"":""0.5000""}"
KXBTC15M-26APR281100-00,28436061-1bdd-677c-e5ba-94ce58abb934,1777387521,0.5,32.39,yes,"{""count_fp"":""32.39"",""created_time"":""2026-04-28T14:45:21.440042Z"",""no_price_dollars"":""0.5000"",""taker_side"":""yes"",""ticker"":""KXBTC15M-26APR281100-00"",""trade_id"":""28436061-1bdd-677c-e5ba-94ce58abb934"",""yes_price_dollars"":""0.5000""}"
KXBTC15M-26APR281100-00,8017469d-3509-65c0-f8ab-486527c3e9c4,1777387521,0.5,3.0,yes,"{""count_fp"":""3.00"",""created_time"":""2026-04-28T14:45:21.206194Z"",""no_price_dollars"":""0.5000"",""taker_side"":""yes"",""ticker"":""KXBTC15M-26APR281100-00"",""trade_id"":""8017469d-3509-65c0-f8ab-486527c3e9c4"",""yes_price_dollars"":""0.5000""}"
KXBTC15M-26APR281100-00,93903a26-303b-7966-3b32-0642221798a6,1777387522,0.5,98.55,yes,"{""count_fp"":""98.55"",""created_time"":""2026-04-28T14:45:22.647233Z"",""no_price_dollars"":""0.5000"",""taker_side"":""yes"",""ticker"":""KXBTC15M-26APR281100-00"",""trade_id"":""93903a26-303b-7966-3b32-0642221798a6"",""yes_price_dollars"":""0.5000""}"
KXBTC15M-26APR281100-00,c8624988-66df-647e-136d-b73237daa2f6,1777387522,0.5,2.78,yes,"{""count_fp"":""2.78"",""created_time"":""2026-04-28T14:45:22.399005Z"",""no_price_dollars"":""0.5000"",""taker_side"":""yes"",""ticker"":""KXBTC15M-26APR281100-00"",""trade_id"":""c8624988-66df-647e-136d-b73237daa2f6"",""yes_price_dollars"":""0.5000""}"
KXBTC15M-26APR281100-00,7ff592b8-3162-6677-fa48-a4504dc65056,1777387523,0.5,1.0,yes,"{""count_fp"":""1.00"",""created_time"":""2026-04-28T14:45:23.820896Z"",""no_price_dollars"":""0.5000"",""taker_side"":""yes"",""ticker"":""KXBTC15M-26APR281100-00"",""trade_id"":""7ff592b8-3162-6677-fa48-a4504dc65056"",""yes_price_dollars"":""0.5000""}"
KXBTC15M-26APR281100-00,e66dd40e-1d3d-4b1f-17a4-eb491ca11118,1777387523,0.49,3.79,no,"{""count_fp"":""3.79"",""created_time"":""2026-04-28T14:45:23.380397Z"",""no_price_dollars"":""0.5100"",""taker_side"":""no"",""ticker"":""KXBTC15M-26APR281100-00"",""trade_id"":""e66dd40e-1d3d-4b1f-17a4-eb491ca11118"",""yes_price_dollars"":""0.4900""}"
KXBTC15M-26APR281100-00,5ff99b59-f79d-738f-ec91-745d6a566390,1777387524,0.51,16.0,no,"{""count_fp"":""16.00"",""created_time"":""2026-04-28T14:45:24.687576Z"",""no_price_dollars"":""0.4900"",""taker_side"":""no"",""ticker"":""KXBTC15M-26APR281100-00"",""trade_id"":""5ff99b59-f79d-738f-ec91-745d6a566390"",""yes_price_dollars"":""0.5100""}"
KXBTC15M-26APR281100-00,75369e1e-48dd-45d7-0f4b-441a3c26beb8,1777387524,0.51,10.0,no,"{""count_fp"":""10.00"",""created_time"":""2026-04-28T14:45:24.662963Z"",""no_price_dollars"":""0.4900"",""taker_side"":""no"",""ticker"":""KXBTC15M-26APR281100-00"",""trade_id"":""75369e1e-48dd-45d7-0f4b-441a3c26beb8"",""yes_price_dollars"":""0.5100""}"
KXBTC15M-26APR281100-00,980ed07f-b20d-7363-1b21-7f1285fbf74c,1777387524,0.51,10.0,no,"{""count_fp"":""10.00"",""created_time"":""2026-04-28T14:45:24.568707Z"",""no_price_dollars"":""0.4900"",""taker_side"":""no"",""ticker"":""KXBTC15M-26APR281100-00"",""trade_id"":""980ed07f-b20d-7363-1b21-7f1285fbf74c"",""yes_price_dollars"":""0.5100""}"
KXBTC15M-26APR281100-00,156f176e-f7c8-72b0-0ca6-93eed0889b1f,1777387524,0.5,28.43,no,"{""count_fp"":""28.43"",""created_time"":""2026-04-28T14:45:24.415277Z"",""no_price_dollars"":""0.5000"",""taker_side"":""no"",""ticker"":""KXBTC15M-26APR281100-00"",""trade_id"":""156f176e-f7c8-72b0-0ca6-93eed0889b1f"",""yes_price_dollars"":""0.5000""}"
KXBTC15M-26APR281100-00,4562984d-ad6c-63c7-5dcb-6ec18cb23f4e,1777387524,0.5,25.79,yes,"{""count_fp"":""25.79"",""created_time"":""2026-04-28T14:45:24.213046Z"",""no_price_dollars"":""0.5000"",""taker_side"":""yes"",""ticker"":""KXBTC15M-26APR281100-00"",""trade_id"":""4562984d-ad6c-63c7-5dcb-6ec18cb23f4e"",""yes_price_dollars"":""0.5000""}"
KXBTC15M-26APR281100-00,65729fea-c328-5d4b-d699-859125d61aca,1777387524,0.5,43.15,yes,"{""count_fp"":""43.15"",""created_time"":""2026-04-28T14:45:24.204497Z"",""no_price_dollars"":""0.5000"",""taker_side"":""yes"",""ticker"":""KXBTC15M-26APR281100-00"",""trade_id"":""65729fea-c328-5d4b-d699-859125d61aca"",""yes_price_dollars"":""0.5000""}"
KXBTC15M-26APR281100-00,e4260dae-d909-6169-7adb-213988397b3f,1777387524,0.5,19.05,yes,"{""count_fp"":""19.05"",""created_time"":""2026-04-28T14:45:24.200647Z"",""no_price_dollars"":""0.5000"",""taker_side"":""yes"",""ticker"":""KXBTC15M-26APR281100-00"",""trade_id"":""e4260dae-d909-6169-7adb-213988397b3f"",""yes_price_dollars"":""0.5000""}"
KXBTC15M-26APR281100-00,7190b452-81e8-613b-7d32-61d9c65b8d66,1777387524,0.5,1.06,yes,"{""count_fp"":""1.06"",""created_time"":""2026-04-28T14:45:24.200647Z"",""no_price_dollars"":""0.5000"",""taker_side"":""yes"",""ticker"":""KXBTC15M-26APR281100-00"",""trade_id"":""7190b452-81e8-613b-7d32-61d9c65b8d66"",""yes_price_dollars"":""0.5000""}"
KXBTC15M-26APR281100-00,d0fcd9bc-5562-7e47-5bf1-409395bd4902,1777387524,0.5,9.0,yes,"{""count_fp"":""9.00"",""created_time"":""2026-04-28T14:45:24.166943Z"",""no_price_dollars"":""0.5000"",""taker_side"":""yes"",""ticker"":""KXBTC15M-26APR281100-00"",""trade_id"":""d0fcd9bc-5562-7e47-5bf1-409395bd4902"",""yes_price_dollars"":""0.5000""}"
KXBTC15M-26APR281100-00,7039585e-59b9-7565-4d9a-f393ec36f267,1777387524,0.5,0.95,yes,"{""count_fp"":""0.95"",""created_time"":""2026-04-28T14:45:24.166943Z"",""no_price_dollars"":""0.5000"",""taker_side"":""yes"",""ticker"":""KXBTC15M-26APR281100-00"",""trade_id"":""7039585e-59b9-7565-4d9a-f393ec36f267"",""yes_price_dollars"":""0.5000""}"
KXBTC15M-26APR281100-00,2137de3c-61e1-4075-181e-5a6e6bf1d515,1777387525,0.51,3.79,no,"{""count_fp"":""3.79"",""created_time"":""2026-04-28T14:45:25.890387Z"",""no_price_dollars"":""0.4900"",""taker_side"":""no"",""ticker"":""KXBTC15M-26APR281100-00"",""trade_id"":""2137de3c-61e1-4075-181e-5a6e6bf1d515"",""yes_price_dollars"":""0.5100""}"
KXBTC15M-26APR281100-00,b969db4a-769a-4e21-2cce-58d30250b159,1777387525,0.49,20.0,no,"{""count_fp"":""20.00"",""created_time"":""2026-04-28T14:45:25.793613Z"",""no_price_dollars"":""0.5100"",""taker_side"":""no"",""ticker"":""KXBTC15M-26APR281100-00"",""trade_id"":""b969db4a-769a-4e21-2cce-58d30250b159"",""yes_price_dollars"":""0.4900""}"
KXBTC15M-26APR281100-00,57e893ff-b526-4ff2-0099-e58659cd2002,1777387525,0.49,1.58,no,"{""count_fp"":""1.58"",""created_time"":""2026-04-28T14:45:25.793613Z"",""no_price_dollars"":""0.5100"",""taker_side"":""no"",""ticker"":""KXBTC15M-26APR281100-00"",""trade_id"":""57e893ff-b526-4ff2-0099-e58659cd2002"",""yes_price_dollars"":""0.4900""}"
KXBTC15M-26APR281100-00,266a1548-6759-4ef9-26ca-3b6b23dae7c7,1777387525,0.49,1.0,no,"{""count_fp"":""1.00"",""created_time"":""2026-04-28T14:45:25.793613Z"",""no_price_dollars"":""0.5100"",""taker_side"":""no"",""ticker"":""KXBTC15M-26APR281100-00"",""trade_id"":""266a1548-6759-4ef9-26ca-3b6b23dae7c7"",""yes_price_dollars"":""0.4900""}"
KXBTC15M-26APR281100-00,32a6d424-e00d-6282-c9f0-8f0cc38b5c7c,1777387525,0.51,14.76,no,"{""count_fp"":""14.76"",""created_time"":""2026-04-28T14:45:25.769906Z"",""no_price_dollars"":""0.4900"",""taker_side"":""no"",""ticker"":""KXBTC15M-26APR281100-00"",""trade_id"":""32a6d424-e00d-6282-c9f0-8f0cc38b5c7c"",""yes_price_dollars"":""0.5100""}"
KXBTC15M-26APR281100-00,ffd6098b-2961-6213-76da-4169bde0c674,1777387525,0.51,11.34,no,"{""count_fp"":""11.34"",""created_time"":""2026-04-28T14:45:25.753721Z"",""no_price_dollars"":""0.4900"",""taker_side"":""no"",""ticker"":""KXBTC15M-26APR281100-00"",""trade_id"":""ffd6098b-2961-6213-76da-4169bde0c674"",""yes_price_dollars"":""0.5100""}"
KXBTC15M-26APR281100-00,519c2c33-e6ad-6b72-6b20-665ba88eff80,1777387525,0.51,10.24,no,"{""count_fp"":""10.24"",""created_time"":""2026-04-28T14:45:25.753721Z"",""no_price_dollars"":""0.4900"",""taker_side"":""no"",""ticker"":""KXBTC15M-26APR281100-00"",""trade_id"":""519c2c33-e6ad-6b72-6b20-665ba88eff80"",""yes_price_dollars"":""0.5100""}"
KXBTC15M-26APR281100-00,09f2b744-f891-4963-5ef2-2164b3006698,1777387525,0.51,32.08,no,"{""count_fp"":""32.08"",""created_time"":""2026-04-28T14:45:25.685959Z"",""no_price_dollars"":""0.4900"",""taker_side"":""no"",""ticker"":""KXBTC15M-26APR281100-00"",""trade_id"":""09f2b744-f891-4963-5ef2-2164b3006698"",""yes_price_dollars"":""0.5100""}"
KXBTC15M-26APR281100-00,d7560613-28ad-61cb-8f3b-a3f2d6dbc1f0,1777387525,0.51,10.0,no,"{""count_fp"":""10.00"",""created_time"":""2026-04-28T14:45:25.614909Z"",""no_price_dollars"":""0.4900"",""taker_side"":""no"",""ticker"":""KXBTC15M-26APR281100-00"",""trade_id"":""d7560613-28ad-61cb-8f3b-a3f2d6dbc1f0"",""yes_price_dollars"":""0.5100""}"
KXBTC15M-26APR281100-00,ad0ba09c-4929-4d47-eb19-1cc1f767af00,1777387525,0.51,10.0,no,"{""count_fp"":""10.00"",""created_time"":""2026-04-28T14:45:25.212037Z"",""no_price_dollars"":""0.4900"",""taker_side"":""no"",""ticker"":""KXBTC15M-26APR281100-00"",""trade_id"":""ad0ba09c-4929-4d47-eb19-1cc1f767af00"",""yes_price_dollars"":""0.5100""}"
KXBTC15M-26APR281100-00,b3779ca3-d6b4-5f96-5514-5da7f7e13e89,1777387525,0.52,9.27,yes,"{""count_fp"":""9.27"",""created_time"":""2026-04-28T14:45:25.189302Z"",""no_price_dollars"":""0.4800"",""taker_side"":""yes"",""ticker"":""KXBTC15M-26APR281100-00"",""trade_id"":""b3779ca3-d6b4-5f96-5514-5da7f7e13e89"",""yes_price_dollars"":""0.5200""}"
KXBTC15M-26APR281100-00,b7f9a52e-4475-7b11-14fa-eba82d37df97,1777387526,0.5,9.04,yes,"{""count_fp"":""9.04"",""created_time"":""2026-04-28T14:45:26.933Z"",""no_price_dollars"":""0.5000"",""taker_side"":""yes"",""ticker"":""KXBTC15M-26APR281100-00"",""trade_id"":""b7f9a52e-4475-7b11-14fa-eba82d37df97"",""yes_price_dollars"":""0.5000""}"
KXBTC15M-26APR281100-00,8087d82f-28f5-75ca-01f2-425b94943ef6,1777387526,0.5,7.96,yes,"{""count_fp"":""7.96"",""created_time"":""2026-04-28T14:45:26.933Z"",""no_price_dollars"":""0.5000"",""taker_side"":""yes"",""ticker"":""KXBTC15M-26APR281100-00"",""trade_id"":""8087d82f-28f5-75ca-01f2-425b94943ef6"",""yes_price_dollars"":""0.5000""}"
KXBTC15M-26APR281100-00,f8c44d89-344d-4751-7fd5-81bc2a87e63b,1777387526,0.5,0.96,yes,"{""count_fp"":""0.96"",""created_time"":""2026-04-28T14:45:26.572462Z"",""no_price_dollars"":""0.5000"",""taker_side"":""yes"",""ticker"":""KXBTC15M-26APR281100-00"",""trade_id"":""f8c44d89-344d-4751-7fd5-81bc2a87e63b"",""yes_price_dollars"":""0.5000""}"
KXBTC15M-26APR281100-00,db275d67-6194-5fa1-3f9e-7623a3ea4ecf,1777387526,0.5,30.0,yes,"{""count_fp"":""30.00"",""created_time"":""2026-04-28T14:45:26.445686Z"",""no_price_dollars"":""0.5000"",""taker_side"":""yes"",""ticker"":""KXBTC15M-26APR281100-00"",""trade_id"":""db275d67-6194-5fa1-3f9e-7623a3ea4ecf"",""yes_price_dollars"":""0.5000""}"
KXBTC15M-26APR281100-00,533cbe52-42d2-5ea9-3738-29a9f3f62ba9,1777387526,0.5,56.0,yes,"{""count_fp"":""56.00"",""created_time"":""2026-04-28T14:45:26.445686Z"",""no_price_dollars"":""0.5000"",""taker_side"":""yes"",""ticker"":""KXBTC15M-26APR281100-00"",""trade_id"":""533cbe52-42d2-5ea9-3738-29a9f3f62ba9"",""yes_price_dollars"":""0.5000""}"
KXBTC15M-26APR281100-00,44f5dbf6-55e3-5173-0cfd-a3158acd90a4,1777387526,0.5,111.0,yes,"{""count_fp"":""111.00"",""created_time"":""2026-04-28T14:45:26.445686Z"",""no_price_dollars"":""0.5000"",""taker_side"":""yes"",""ticker"":""KXBTC15M-26APR281100-00"",""trade_id"":""44f5dbf6-55e3-5173-0cfd-a3158acd90a4"",""yes_price_dollars"":""0.5000""}"
KXBTC15M-26APR281100-00,447c0639-4593-5d6b-33eb-3588993ccc57,1777387526,0.5,100.0,yes,"{""count_fp"":""100.00"",""created_time"":""2026-04-28T14:45:26.445686Z"",""no_price_dollars"":""0.5000"",""taker_side"":""yes"",""ticker"":""KXBTC15M-26APR281100-00"",""trade_id"":""447c0639-4593-5d6b-33eb-3588993ccc57"",""yes_price_dollars"":""0.5000""}"
KXBTC15M-26APR281100-00,3e874353-65b4-5d3d-25c2-8da94e582a47,1777387526,0.5,17.0,yes,"{""count_fp"":""17.00"",""created_time"":""2026-04-28T14:45:26.445686Z"",""no_price_dollars"":""0.5000"",""taker_side"":""yes"",""ticker"":""KXBTC15M-26APR281100-00"",""trade_id"":""3e874353-65b4-5d3d-25c2-8da94e582a47"",""yes_price_dollars"":""0.5000""}"
KXBTC15M-26APR281100-00,187469b6-6393-51f9-1d2c-8ede8d21af95,1777387526,0.5,277.65,yes,"{""count_fp"":""277.65"",""created_time"":""2026-04-28T14:45:26.445686Z"",""no_price_dollars"":""0.5000"",""taker_side"":""yes"",""ticker"":""KXBTC15M-26APR281100-00"",""trade_id"":""187469b6-6393-51f9-1d2c-8ede8d21af95"",""yes_price_dollars"":""0.5000""}"
KXBTC15M-26APR281100-00,5ebe79cc-404c-732d-1bcb-b3fe68af077b,1777387526,0.5,10.0,yes,"{""count_fp"":""10.00"",""created_time"":""2026-04-28T14:45:26.383952Z"",""no_price_dollars"":""0.5000"",""taker_side"":""yes"",""ticker"":""KXBTC15M-26APR281100-00"",""trade_id"":""5ebe79cc-404c-732d-1bcb-b3fe68af077b"",""yes_price_dollars"":""0.5000""}"
KXBTC15M-26APR281100-00,e1f01448-b02c-4ad6-f2b3-ed6a2ef31625,1777387527,0.52,1.0,yes,"{""count_fp"":""1.00"",""created_time"":""2026-04-28T14:45:27.972542Z"",""no_price_dollars"":""0.4800"",""taker_side"":""yes"",""ticker"":""KXBTC15M-26APR281100-00"",""trade_id"":""e1f01448-b02c-4ad6-f2b3-ed6a2ef31625"",""yes_price_dollars"":""0.5200""}"
KXBTC15M-26APR281100-00,bb3e75d2-3681-4c41-6042-e6dbb0bbc3c8,1777387527,0.51,24.79,no,"{""count_fp"":""24.79"",""created_time"":""2026-04-28T14:45:27.970797Z"",""no_price_dollars"":""0.4900"",""taker_side"":""no"",""ticker"":""KXBTC15M-26APR281100-00"",""trade_id"":""bb3e75d2-3681-4c41-6042-e6dbb0bbc3c8"",""yes_price_dollars"":""0.5100""}"
KXBTC15M-26APR281100-00,668f207e-9fc8-42d1-50f9-0f3538cad0bc,1777387527,0.51,3.64,no,"{""count_fp"":""3.64"",""created_time"":""2026-04-28T14:45:27.970797Z"",""no_price_dollars"":""0.4900"",""taker_side"":""no"",""ticker"":""KXBTC15M-26APR281100-00"",""trade_id"":""668f207e-9fc8-42d1-50f9-0f3538cad0bc"",""yes_price_dollars"":""0.5100""}"
KXBTC15M-26APR281100-00,9a21fe9f-5499-7a11-795a-a1691f67ebe8,1777387527,0.51,2.0,no,"{""count_fp"":""2.00"",""created_time"":""2026-04-28T14:45:27.937126Z"",""no_price_dollars"":""0.4900"",""taker_side"":""no"",""ticker"":""KXBTC15M-26APR281100-00"",""trade_id"":""9a21fe9f-5499-7a11-795a-a1691f67ebe8"",""yes_price_dollars"":""0.5100""}"
KXBTC15M-26APR281100-00,00830563-efa9-6cad-6fd1-19b121003e04,1777387527,0.51,13.21,no,"{""count_fp"":""13.21"",""created_time"":""2026-04-28T14:45:27.917236Z"",""no_price_dollars"":""0.4900"",""taker_side"":""no"",""ticker"":""KXBTC15M-26APR281100-00"",""trade_id"":""00830563-efa9-6cad-6fd1-19b121003e04"",""yes_price_dollars"":""0.5100""}"
KXBTC15M-26APR281100-00,ff57bfc2-ed1c-457e-ec2e-0ded49fe5690,1777387527,0.51,3.0,yes,"{""count_fp"":""3.00"",""created_time"":""2026-04-28T14:45:27.681565Z"",""no_price_dollars"":""0.4900"",""taker_side"":""yes"",""ticker"":""KXBTC15M-26APR281100-00"",""trade_id"":""ff57bfc2-ed1c-457e-ec2e-0ded49fe5690"",""yes_price_dollars"":""0.5100""}"
KXBTC15M-26APR281100-00,e6ec0b56-492c-4a4e-eb70-ea0a97738b51,1777387527,0.52,24.9,yes,"{""count_fp"":""24.90"",""created_time"":""2026-04-28T14:45:27.681565Z"",""no_price_dollars"":""0.4800"",""taker_side"":""yes"",""ticker"":""KXBTC15M-26APR281100-00"",""trade_id"":""e6ec0b56-492c-4a4e-eb70-ea0a97738b51"",""yes_price_dollars"":""0.5200""}"
KXBTC15M-26APR281100-00,701fd605-f6e7-7ecc-0bd3-9bb24291a6dd,1777387527,0.5,1.0,no,"{""count_fp"":""1.00"",""created_time"":""2026-04-28T14:45:27.446164Z"",""no_price_dollars"":""0.5000"",""taker_side"":""no"",""ticker"":""KXBTC15M-26APR281100-00"",""trade_id"":""701fd605-f6e7-7ecc-0bd3-9bb24291a6dd"",""yes_price_dollars"":""0.5000""}"
KXBTC15M-26APR281100-00,29ecac98-b2dc-6568-36e7-cdd3260531a1,1777387527,0.49,28.43,no,"{""count_fp"":""28.43"",""created_time"":""2026-04-28T14:45:27.011854Z"",""no_price_dollars"":""0.5100"",""taker_side"":""no"",""ticker"":""KXBTC15M-26APR281100-00"",""trade_id"":""29ecac98-b2dc-6568-36e7-cdd3260531a1"",""yes_price_dollars"":""0.4900""}"
KXBTC15M-26APR281100-00,30c0d256-46fc-4222-45cf-b2c76f675f15,1777387528,0.52,0.19,yes,"{""count_fp"":""0.19"",""created_time"":""2026-04-28T14:45:28.739463Z"",""no_price_dollars"":""0.4800"",""taker_side"":""yes"",""ticker"":""KXBTC15M-26APR281100-00"",""trade_id"":""30c0d256-46fc-4222-45cf-b2c76f675f15"",""yes_price_dollars"":""0.5200""}"
KXBTC15M-26APR281100-00,2642aa10-3520-5671-de69-8a2a2ccc6fd4,1777387528,0.51,5.0,no,"{""count_fp"":""5.00"",""created_time"":""2026-04-28T14:45:28.386579Z"",""no_price_dollars"":""0.4900"",""taker_side"":""no"",""ticker"":""KXBTC15M-26APR281100-00"",""trade_id"":""2642aa10-3520-5671-de69-8a2a2ccc6fd4"",""yes_price_dollars"":""0.5100""}"
KXBTC15M-26APR281100-00,8e26c1b8-1644-7c46-a464-2daea1f17489,1777387528,0.52,6.0,yes,"{""count_fp"":""6.00"",""created_time"":""2026-04-28T14:45:28.325978Z"",""no_price_dollars"":""0.4800"",""taker_side"":""yes"",""ticker"":""KXBTC15M-26APR281100-00"",""trade_id"":""8e26c1b8-1644-7c46-a464-2daea1f17489"",""yes_price_dollars"":""0.5200""}"
KXBTC15M-26APR281100-00,14494c07-1244-7c45-d6d4-8263ed1098d4,1777387529,0.51,10.0,no,"{""count_fp"":""10.00"",""created_time"":""2026-04-28T14:45:29.728217Z"",""no_price_dollars"":""0.4900"",""taker_side"":""no"",""ticker"":""KXBTC15M-26APR281100-00"",""trade_id"":""14494c07-1244-7c45-d6d4-8263ed1098d4"",""yes_price_dollars"":""0.5100""}"
KXBTC15M-26APR281100-00,96e24bc1-4960-6dde-69f7-c3c658091295,1777387529,0.52,26.17,yes,"{""count_fp"":""26.17"",""created_time"":""2026-04-28T14:45:29.421992Z"",""no_price_dollars"":""0.4800"",""taker_side"":""yes"",""ticker"":""KXBTC15M-26APR281100-00"",""trade_id"":""96e24bc1-4960-6dde-69f7-c3c658091295"",""yes_price_dollars"":""0.5200""}"
KXBTC15M-26APR281100-00,16dbdbb8-93b3-6403-544e-b7ceacd6f39c,1777387529,0.52,0.83,yes,"{""count_fp"":""0.83"",""created_time"":""2026-04-28T14:45:29.421992Z"",""no_price_dollars"":""0.4800"",""taker_side"":""yes"",""ticker"":""KXBTC15M-26APR281100-00"",""trade_id"":""16dbdbb8-93b3-6403-544e-b7ceacd6f39c"",""yes_price_dollars"":""0.5200""}"
KXBTC15M-26APR281100-00,b1c0fd4f-fe7c-585a-8bd1-275c4523b8c9,1777387529,0.52,1.86,yes,"{""count_fp"":""1.86"",""created_time"":""2026-04-28T14:45:29.098817Z"",""no_price_dollars"":""0.4800"",""taker_side"":""yes"",""ticker"":""KXBTC15M-26APR281100-00"",""trade_id"":""b1c0fd4f-fe7c-585a-8bd1-275c4523b8c9"",""yes_price_dollars"":""0.5200""}"
KXBTC15M-26APR281100-00,05b12dd9-23da-5b36-ed2a-11cd70265717,1777387530,0.51,39.4,no,"{""count_fp"":""39.40"",""created_time"":""2026-04-28T14:45:30.944223Z"",""no_price_dollars"":""0.4900"",""taker_side"":""no"",""ticker"":""KXBTC15M-26APR281100-00"",""trade_id"":""05b12dd9-23da-5b36-ed2a-11cd70265717"",""yes_price_dollars"":""0.5100""}"
KXBTC15M-26APR281100-00,63927349-265a-6f2a-5e79-92741dcc6327,1777387530,0.51,3.94,no,"{""count_fp"":""3.94"",""created_time"":""2026-04-28T14:45:30.531419Z"",""no_price_dollars"":""0.4900"",""taker_side"":""no"",""ticker"":""KXBTC15M-26APR281100-00"",""trade_id"":""63927349-265a-6f2a-5e79-92741dcc6327"",""yes_price_dollars"":""0.5100""}"
KXBTC15M-26APR281100-00,22ee35c0-fa4a-5e0a-bb9f-3dcb0b3d044b,1777387530,0.51,4.69,no,"{""count_fp"":""4.69"",""created_time"":""2026-04-28T14:45:30.497267Z"",""no_price_dollars"":""0.4900"",""taker_side"":""no"",""ticker"":""KXBTC15M-26APR281100-00"",""trade_id"":""22ee35c0-fa4a-5e0a-bb9f-3dcb0b3d044b"",""yes_price_dollars"":""0.5100""}"
KXBTC15M-26APR281100-00,850f8f02-c2fd-6b0b-aade-cb08d81d2ab3,1777387530,0.51,0.19,no,"{""count_fp"":""0.19"",""created_time"":""2026-04-28T14:45:30.411887Z"",""no_price_dollars"":""0.4900"",""taker_side"":""no"",""ticker"":""KXBTC15M-26APR281100-00"",""trade_id"":""850f8f02-c2fd-6b0b-aade-cb08d81d2ab3"",""yes_price_dollars"":""0.5100""}"
KXBTC15M-26APR281100-00,e53249f7-c60d-70e6-afbf-8be24af0ef26,1777387530,0.51,40.0,no,"{""count_fp"":""40.00"",""created_time"":""2026-04-28T14:45:30.306477Z"",""no_price_dollars"":""0.4900"",""taker_side"":""no"",""ticker"":""KXBTC15M-26APR281100-00"",""trade_id"":""e53249f7-c60d-70e6-afbf-8be24af0ef26"",""yes_price_dollars"":""0.5100""}"
KXBTC15M-26APR281100-00,c1556ef5-0292-7c68-aca5-2c5d1441ca5c,1777387530,0.51,3.0,no,"{""count_fp"":""3.00"",""created_time"":""2026-04-28T14:45:30.306477Z"",""no_price_dollars"":""0.4900"",""taker_side"":""no"",""ticker"":""KXBTC15M-26APR281100-00"",""trade_id"":""c1556ef5-0292-7c68-aca5-2c5d1441ca5c"",""yes_price_dollars"":""0.5100""}"
KXBTC15M-26APR281100-00,8761d3a0-0eb4-7b81-a2d8-6d71f68b2090,1777387530,0.51,34.36,no,"{""count_fp"":""34.36"",""created_time"":""2026-04-28T14:45:30.306477Z"",""no_price_dollars"":""0.4900"",""taker_side"":""no"",""ticker"":""KXBTC15M-26APR281100-00"",""trade_id"":""8761d3a0-0eb4-7b81-a2d8-6d71f68b2090"",""yes_price_dollars"":""0.5100""}"
KXBTC15M-26APR281100-00,43c7c0e6-9b73-7f37-9d3a-ec5d57489c7a,1777387530,0.51,10.0,no,"{""count_fp"":""10.00"",""created_time"":""2026-04-28T14:45:30.306477Z"",""no_price_dollars"":""0.4900"",""taker_side"":""no"",""ticker"":""KXBTC15M-26APR281100-00"",""trade_id"":""43c7c0e6-9b73-7f37-9d3a-ec5d57489c7a"",""yes_price_dollars"":""0.5100""}"
KXBTC15M-26APR281100-00,3582d2b8-c311-7b93-9aa6-87e9a437a8e3,1777387530,0.51,7.22,no,"{""count_fp"":""7.22"",""created_time"":""2026-04-28T14:45:30.306477Z"",""no_price_dollars"":""0.4900"",""taker_side"":""no"",""ticker"":""KXBTC15M-26APR281100-00"",""trade_id"":""3582d2b8-c311-7b93-9aa6-87e9a437a8e3"",""yes_price_dollars"":""0.5100""}"
KXBTC15M-26APR281100-00,e694b107-8ad3-7569-a837-3bff5eff8e14,1777387531,0.53,3.0,yes,"{""count_fp"":""3.00"",""created_time"":""2026-04-28T14:45:31.773993Z"",""no_price_dollars"":""0.4700"",""taker_side"":""yes"",""ticker"":""KXBTC15M-26APR281100-00"",""trade_id"":""e694b107-8ad3-7569-a837-3bff5eff8e14"",""yes_price_dollars"":""0.5300""}"
KXBTC15M-26APR281100-00,08d1af79-0c5b-78c3-9994-cb1066e9b861,1777387531,0.53,3.78,yes,"{""count_fp"":""3.78"",""created_time"":""2026-04-28T14:45:31.773993Z"",""no_price_dollars"":""0.4700"",""taker_side"":""yes"",""ticker"":""KXBTC15M-26APR281100-00"",""trade_id"":""08d1af79-0c5b-78c3-9994-cb1066e9b861"",""yes_price_dollars"":""0.5300""}"
KXBTC15M-26APR281100-00,7700a432-e9bf-7e0b-2738-7466dc4a4acb,1777387531,0.52,1.91,yes,"{""count_fp"":""1.91"",""created_time"":""2026-04-28T14:45:31.299978Z"",""no_price_dollars"":""0.4800"",""taker_side"":""yes"",""ticker"":""KXBTC15M-26APR281100-00"",""trade_id"":""7700a432-e9bf-7e0b-2738-7466dc4a4acb"",""yes_price_dollars"":""0.5200""}"
KXBTC15M-26APR281100-00,1057dcda-2283-7f0b-8848-5fbda741e7bb,1777387531,0.52,23.09,yes,"{""count_fp"":""23.09"",""created_time"":""2026-04-28T14:45:31.123748Z"",""no_price_dollars"":""0.4800"",""taker_side"":""yes"",""ticker"":""KXBTC15M-26APR281100-00"",""trade_id"":""1057dcda-2283-7f0b-8848-5fbda741e7bb"",""yes_price_dollars"":""0.5200""}"
KXBTC15M-26APR281100-00,9b906a45-e9de-488d-e425-0cbfdf316556,1777387532,0.53,40.0,no,"{""count_fp"":""40.00"",""created_time"":""2026-04-28T14:45:32.175822Z"",""no_price_dollars"":""0.4700"",""taker_side"":""no"",""ticker"":""KXBTC15M-26APR281100-00"",""trade_id"":""9b906a45-e9de-488d-e425-0cbfdf316556"",""yes_price_dollars"":""0.5300""}"
KXBTC15M-26APR281100-00,9a7816fe-494a-43b8-d1e3-ff33fe834ff3,1777387532,0.52,7.0,no,"{""count_fp"":""7.00"",""created_time"":""2026-04-28T14:45:32.175822Z"",""no_price_dollars"":""0.4800"",""taker_side"":""no"",""ticker"":""KXBTC15M-26APR281100-00"",""trade_id"":""9a7816fe-494a-43b8-d1e3-ff33fe834ff3"",""yes_price_dollars"":""0.5200""}"
KXBTC15M-26APR281100-00,57cff1fb-13dd-4746-c1e1-533b2187281b,1777387532,0.52,8.57,no,"{""count_fp"":""8.57"",""created_time"":""2026-04-28T14:45:32.175822Z"",""no_price_dollars"":""0.4800"",""taker_side"":""no"",""ticker"":""KXBTC15M-26APR281100-00"",""trade_id"":""57cff1fb-13dd-4746-c1e1-533b2187281b"",""yes_price_dollars"":""0.5200""}"
KXBTC15M-26APR281100-00,38583fa9-0ccf-4082-dacc-c5b4110840da,1777387532,0.52,7.09,no,"{""count_fp"":""7.09"",""created_time"":""2026-04-28T14:45:32.175822Z"",""no_price_dollars"":""0.4800"",""taker_side"":""no"",""ticker"":""KXBTC15M-26APR281100-00"",""trade_id"":""38583fa9-0ccf-4082-dacc-c5b4110840da"",""yes_price_dollars"":""0.5200""}"
KXBTC15M-26APR281100-00,093a84c9-3b32-40f3-e89d-d0eb415c5b54,1777387532,0.53,2.34,no,"{""count_fp"":""2.34"",""created_time"":""2026-04-28T14:45:32.175822Z"",""no_price_dollars"":""0.4700"",""taker_side"":""no"",""ticker"":""KXBTC15M-26APR281100-00"",""trade_id"":""093a84c9-3b32-40f3-e89d-d0eb415c5b54"",""yes_price_dollars"":""0.5300""}"
KXBTC15M-26APR281100-00,e8ffbcfb-6a3b-6cd7-b2f3-81e1cb06cfe1,1777387532,0.53,36.22,yes,"{""count_fp"":""36.22"",""created_time"":""2026-04-28T14:45:32.004774Z"",""no_price_dollars"":""0.4700"",""taker_side"":""yes"",""ticker"":""KXBTC15M-26APR281100-00"",""trade_id"":""e8ffbcfb-6a3b-6cd7-b2f3-81e1cb06cfe1"",""yes_price_dollars"":""0.5300""}"
KXBTC15M-26APR281100-00,e23a9570-5441-6dfb-8078-92f5f8bc1b7f,1777387532,0.54,40.0,yes,"{""count_fp"":""40.00"",""created_time"":""2026-04-28T14:45:32.004774Z"",""no_price_dollars"":""0.4600"",""taker_side"":""yes"",""ticker"":""KXBTC15M-26APR281100-00"",""trade_id"":""e23a9570-5441-6dfb-8078-92f5f8bc1b7f"",""yes_price_dollars"":""0.5400""}"
KXBTC15M-26APR281100-00,63795cbe-b034-6d3d-a1fc-21983035b0fb,1777387532,0.54,3.0,yes,"{""count_fp"":""3.00"",""created_time"":""2026-04-28T14:45:32.004774Z"",""no_price_dollars"":""0.4600"",""taker_side"":""yes"",""ticker"":""KXBTC15M-26APR281100-00"",""trade_id"":""63795cbe-b034-6d3d-a1fc-21983035b0fb"",""yes_price_dollars"":""0.5400""}"
KXBTC15M-26APR281100-00,3f7ef121-8be2-6bed-9781-09beeffdf8b8,1777387532,0.53,3.0,yes,"{""count_fp"":""3.00"",""created_time"":""2026-04-28T14:45:32.004774Z"",""no_price_dollars"":""0.4700"",""taker_side"":""yes"",""ticker"":""KXBTC15M-26APR281100-00"",""trade_id"":""3f7ef121-8be2-6bed-9781-09beeffdf8b8"",""yes_price_dollars"":""0.5300""}"
KXBTC15M-26APR281100-00,3f680ea3-55d9-62b2-8237-f139434a5eb4,1777387532,0.54,57.03,yes,"{""count_fp"":""57.03"",""created_time"":""2026-04-28T14:45:32.004774Z"",""no_price_dollars"":""0.4600"",""taker_side"":""yes"",""ticker"":""KXBTC15M-26APR281100-00"",""trade_id"":""3f680ea3-55d9-62b2-8237-f139434a5eb4"",""yes_price_dollars"":""0.5400""}"
KXBTC15M-26APR281100-00,0cc5471f-8b32-668f-a91d-3eac9240dd4a,1777387532,0.54,40.0,yes,"{""count_fp"":""40.00"",""created_time"":""2026-04-28T14:45:32.004774Z"",""no_price_dollars"":""0.4600"",""taker_side"":""yes"",""ticker"":""KXBTC15M-26APR281100-00"",""trade_id"":""0cc5471f-8b32-668f-a91d-3eac9240dd4a"",""yes_price_dollars"":""0.5400""}"
KXBTC15M-26APR281100-00,f9d88356-ec95-5d3b-a220-c8c0101cdc3d,1777387533,0.5,0.73,no,"{""count_fp"":""0.73"",""created_time"":""2026-04-28T14:45:33.829912Z"",""no_price_dollars"":""0.5000"",""taker_side"":""no"",""ticker"":""KXBTC15M-26APR281100-00"",""trade_id"":""f9d88356-ec95-5d3b-a220-c8c0101cdc3d"",""yes_price_dollars"":""0.5000""}"
KXBTC15M-26APR281100-00,7e7df40b-8c85-7523-26b4-3e6562b3ffa9,1777387533,0.5,13.0,no,"{""count_fp"":""13.00"",""created_time"":""2026-04-28T14:45:33.827131Z"",""no_price_dollars"":""0.5000"",""taker_side"":""no"",""ticker"":""KXBTC15M-26APR281100-00"",""trade_id"":""7e7df40b-8c85-7523-26b4-3e6562b3ffa9"",""yes_price_dollars"":""0.5000""}"
KXBTC15M-26APR281100-00,0d308ebc-0029-5fe3-4630-5de4dafcafed,1777387533,0.5,35.7,no,"{""count_fp"":""35.70"",""created_time"":""2026-04-28T14:45:33.601241Z"",""no_price_dollars"":""0.5000"",""taker_side"":""no"",""ticker"":""KXBTC15M-26APR281100-00"",""trade_id"":""0d308ebc-0029-5fe3-4630-5de4dafcafed"",""yes_price_dollars"":""0.5000""}"
KXBTC15M-26APR281100-00,837c6a31-b471-7e07-9fa4-065298055fa5,1777387533,0.5,24.85,no,"{""count_fp"":""24.85"",""created_time"":""2026-04-28T14:45:33.588798Z"",""no_price_dollars"":""0.5000"",""taker_side"":""no"",""ticker"":""KXBTC15M-26APR281100-00"",""trade_id"":""837c6a31-b471-7e07-9fa4-065298055fa5"",""yes_price_dollars"":""0.5000""}"
KXBTC15M-26APR281100-00,dcf54034-947d-54a3-753c-9f3e2db15829,1777387533,0.5,25.72,no,"{""count_fp"":""25.72"",""created_time"":""2026-04-28T14:45:33.576079Z"",""no_price_dollars"":""0.5000"",""taker_side"":""no"",""ticker"":""KXBTC15M-26APR281100-00"",""trade_id"":""dcf54034-947d-54a3-753c-9f3e2db15829"",""yes_price_dollars"":""0.5000""}"
KXBTC15M-26APR281100-00,d282cdbb-0655-57e1-5119-aa5f81687d0d,1777387533,0.5,1.0,no,"{""count_fp"":""1.00"",""created_time"":""2026-04-28T14:45:33.576079Z"",""no_price_dollars"":""0.5000"",""taker_side"":""no"",""ticker"":""KXBTC15M-26APR281100-00"",""trade_id"":""d282cdbb-0655-57e1-5119-aa5f81687d0d"",""yes_price_dollars"":""0.5000""}"
KXBTC15M-26APR281100-00,359c0349-6880-53a2-696f-eb217f3ee4da,1777387533,0.51,2.0,no,"{""count_fp"":""2.00"",""created_time"":""2026-04-28T14:45:33.576079Z"",""no_price_dollars"":""0.4900"",""taker_side"":""no"",""ticker"":""KXBTC15M-26APR281100-00"",""trade_id"":""359c0349-6880-53a2-696f-eb217f3ee4da"",""yes_price_dollars"":""0.5100""}"
KXBTC15M-26APR281100-00,c46c801a-bc68-6cd7-defd-2f9e69664427,1777387533,0.53,19.79,yes,"{""count_fp"":""19.79"",""created_time"":""2026-04-28T14:45:33.572059Z"",""no_price_dollars"":""0.4700"",""taker_side"":""yes"",""ticker"":""KXBTC15M-26APR281100-00"",""trade_id"":""c46c801a-bc68-6cd7-defd-2f9e69664427"",""yes_price_dollars"":""0.5300""}"
KXBTC15M-26APR281100-00,c2be411b-981c-6f3d-f987-7fd4220cb7a6,1777387533,0.53,3.0,yes,"{""count_fp"":""3.00"",""created_time"":""2026-04-28T14:45:33.572059Z"",""no_price_dollars"":""0.4700"",""taker_side"":""yes"",""ticker"":""KXBTC15M-26APR281100-00"",""trade_id"":""c2be411b-981c-6f3d-f987-7fd4220cb7a6"",""yes_price_dollars"":""0.5300""}"
KXBTC15M-26APR281100-00,aa0dd668-72f5-6e91-fa1d-308212da624b,1777387533,0.53,40.0,yes,"{""count_fp"":""40.00"",""created_time"":""2026-04-28T14:45:33.572059Z"",""no_price_dollars"":""0.4700"",""taker_side"":""yes"",""ticker"":""KXBTC15M-26APR281100-00"",""trade_id"":""aa0dd668-72f5-6e91-fa1d-308212da624b"",""yes_price_dollars"":""0.5300""}"
KXBTC15M-26APR281100-00,5e4ac2ea-9ba3-49eb-7f6b-39b331fb43d9,1777387533,0.52,9.36,no,"{""count_fp"":""9.36"",""created_time"":""2026-04-28T14:45:33.569937Z"",""no_price_dollars"":""0.4800"",""taker_side"":""no"",""ticker"":""KXBTC15M-26APR281100-00"",""trade_id"":""5e4ac2ea-9ba3-49eb-7f6b-39b331fb43d9"",""yes_price_dollars"":""0.5200""}"
KXBTC15M-26APR281100-00,e7f62588-5943-67ff-1fdf-aa786709c735,1777387533,0.52,0.64,no,"{""count_fp"":""0.64"",""created_time"":""2026-04-28T14:45:33.330698Z"",""no_price_dollars"":""0.4800"",""taker_side"":""no"",""ticker"":""KXBTC15M-26APR281100-00"",""trade_id"":""e7f62588-5943-67ff-1fdf-aa786709c735"",""yes_price_dollars"":""0.5200""}"
KXBTC15M-26APR281100-00,d6fc479e-de97-5d87-04f5-19d013eb39a1,1777387533,0.52,2.0,no,"{""count_fp"":""2.00"",""created_time"":""2026-04-28T14:45:33.152182Z"",""no_price_dollars"":""0.4800"",""taker_side"":""no"",""ticker"":""KXBTC15M-26APR281100-00"",""trade_id"":""d6fc479e-de97-5d87-04f5-19d013eb39a1"",""yes_price_dollars"":""0.5200""}"
KXBTC15M-26APR281100-00,6e10894b-f6f5-76c0-c030-4c72a1cbdd51,1777387534,0.48,3.0,yes,"{""count_fp"":""3.00"",""created_time"":""2026-04-28T14:45:34.965162Z"",""no_price_dollars"":""0.5200"",""taker_side"":""yes"",""ticker"":""KXBTC15M-26APR281100-00"",""trade_id"":""6e10894b-f6f5-76c0-c030-4c72a1cbdd51"",""yes_price_dollars"":""0.4800""}"
KXBTC15M-26APR281100-00,53ac75bf-eb33-747f-c903-48bf98eb38ba,1777387534,0.48,13.74,yes,"{""count_fp"":""13.74"",""created_time"":""2026-04-28T14:45:34.965162Z"",""no_price_dollars"":""0.5200"",""taker_side"":""yes"",""ticker"":""KXBTC15M-26APR281100-00"",""trade_id"":""53ac75bf-eb33-747f-c903-48bf98eb38ba"",""yes_price_dollars"":""0.4800""}"
KXBTC15M-26APR281100-00,94af6427-c14c-7f6f-1b17-d6ecb07e3edc,1777387534,0.47,33.09,yes,"{""count_fp"":""33.09"",""created_time"":""2026-04-28T14:45:34.943658Z"",""no_price_dollars"":""0.5300"",""taker_side"":""yes"",""ticker"":""KXBTC15M-26APR281100-00"",""trade_id"":""94af6427-c14c-7f6f-1b17-d6ecb07e3edc"",""yes_price_dollars"":""0.4700""}"
KXBTC15M-26APR281100-00,eaae1264-5f81-6461-4e2b-f41ba32958d4,1777387534,0.47,14.0,yes,"{""count_fp"":""14.00"",""created_time"":""2026-04-28T14:45:34.921686Z"",""no_price_dollars"":""0.5300"",""taker_side"":""yes"",""ticker"":""KXBTC15M-26APR281100-00"",""trade_id"":""eaae1264-5f81-6461-4e2b-f41ba32958d4"",""yes_price_dollars"":""0.4700""}"
KXBTC15M-26APR281100-00,5a63d88a-facc-66b3-4479-f24d2ad2d9ac,1777387534,0.47,7.88,yes,"{""count_fp"":""7.88"",""created_time"":""2026-04-28T14:45:34.921686Z"",""no_price_dollars"":""0.5300"",""taker_side"":""yes"",""ticker"":""KXBTC15M-26APR281100-00"",""trade_id"":""5a63d88a-facc-66b3-4479-f24d2ad2d9ac"",""yes_price_dollars"":""0.4700""}"
KXBTC15M-26APR281100-00,7ac330ef-1275-625a-f561-2265512b46c4,1777387534,0.47,100.0,yes,"{""count_fp"":""100.00"",""created_time"":""2026-04-28T14:45:34.636082Z"",""no_price_dollars"":""0.5300"",""taker_side"":""yes"",""ticker"":""KXBTC15M-26APR281100-00"",""trade_id"":""7ac330ef-1275-625a-f561-2265512b46c4"",""yes_price_dollars"":""0.4700""}"
KXBTC15M-26APR281100-00,8e67fae9-17e7-72b0-b528-9d2ffda08164,1777387534,0.46,18.0,no,"{""count_fp"":""18.00"",""created_time"":""2026-04-28T14:45:34.538386Z"",""no_price_dollars"":""0.5400"",""taker_side"":""no"",""ticker"":""KXBTC15M-26APR281100-00"",""trade_id"":""8e67fae9-17e7-72b0-b528-9d2ffda08164"",""yes_price_dollars"":""0.4600""}"
KXBTC15M-26APR281100-00,94e5e166-36cf-5c38-b731-6c34ba20afb8,1777387534,0.46,13.26,no,"{""count_fp"":""13.26"",""created_time"":""2026-04-28T14:45:34.519465Z"",""no_price_dollars"":""0.5400"",""taker_side"":""no"",""ticker"":""KXBTC15M-26APR281100-00"",""trade_id"":""94e5e166-36cf-5c38-b731-6c34ba20afb8"",""yes_price_dollars"":""0.4600""}"
KXBTC15M-26APR281100-00,3f8bf558-25ec-55e2-96a0-398e9e4cb220,1777387534,0.46,1.0,no,"{""count_fp"":""1.00"",""created_time"":""2026-04-28T14:45:34.519465Z"",""no_price_dollars"":""0.5400"",""taker_side"":""no"",""ticker"":""KXBTC15M-26APR281100-00"",""trade_id"":""3f8bf558-25ec-55e2-96a0-398e9e4cb220"",""yes_price_dollars"":""0.4600""}"
KXBTC15M-26APR281100-00,9e103188-52dd-6eca-fcbf-bfd2889f9fbc,1777387534,0.47,2.0,yes,"{""count_fp"":""2.00"",""created_time"":""2026-04-28T14:45:34.399604Z"",""no_price_dollars"":""0.5300"",""taker_side"":""yes"",""ticker"":""KXBTC15M-26APR281100-00"",""trade_id"":""9e103188-52dd-6eca-fcbf-bfd2889f9fbc"",""yes_price_dollars"":""0.4700""}"
KXBTC15M-26APR281100-00,ba3bca71-05f5-77b6-05ba-04684360b54c,1777387534,0.47,5.66,yes,"{""count_fp"":""5.66"",""created_time"":""2026-04-28T14:45:34.318265Z"",""no_price_dollars"":""0.5300"",""taker_side"":""yes"",""ticker"":""KXBTC15M-26APR281100-00"",""trade_id"":""ba3bca71-05f5-77b6-05ba-04684360b54c"",""yes_price_dollars"":""0.4700""}"
KXBTC15M-26APR281100-00,2eb1e041-8560-758e-2111-815c54e12b44,1777387534,0.47,40.0,yes,"{""count_fp"":""40.00"",""created_time"":""2026-04-28T14:45:34.318265Z"",""no_price_dollars"":""0.5300"",""taker_side"":""yes"",""ticker"":""KXBTC15M-26APR281100-00"",""trade_id"":""2eb1e041-8560-758e-2111-815c54e12b44"",""yes_price_dollars"":""0.4700""}"
KXBTC15M-26APR281100-00,da317ab7-854c-4763-5bb8-503d424de9f9,1777387534,0.47,40.0,no,"{""count_fp"":""40.00"",""created_time"":""2026-04-28T14:45:34.164693Z"",""no_price_dollars"":""0.5300"",""taker_side"":""no"",""ticker"":""KXBTC15M-26APR281100-00"",""trade_id"":""da317ab7-854c-4763-5bb8-503d424de9f9"",""yes_price_dollars"":""0.4700""}"
KXBTC15M-26APR281100-00,b585fd74-dc60-48ae-6e0c-ee3c17629f8a,1777387534,0.47,15.91,no,"{""count_fp"":""15.91"",""created_time"":""2026-04-28T14:45:34.164693Z"",""no_price_dollars"":""0.5300"",""taker_side"":""no"",""ticker"":""KXBTC15M-26APR281100-00"",""trade_id"":""b585fd74-dc60-48ae-6e0c-ee3c17629f8a"",""yes_price_dollars"":""0.4700""}"
KXBTC15M-26APR281100-00,783d5bb6-ba99-4217-46c3-e9573fe1020b,1777387534,0.47,9.0,no,"{""count_fp"":""9.00"",""created_time"":""2026-04-28T14:45:34.164693Z"",""no_price_dollars"":""0.5300"",""taker_side"":""no"",""ticker"":""KXBTC15M-26APR281100-00"",""trade_id"":""783d5bb6-ba99-4217-46c3-e9573fe1020b"",""yes_price_dollars"":""0.4700""}"
KXBTC15M-26APR281100-00,02e3ece0-520e-4492-6d04-7383f3461462,1777387534,0.47,2.0,no,"{""count_fp"":""2.00"",""created_time"":""2026-04-28T14:45:34.164693Z"",""no_price_dollars"":""0.5300"",""taker_side"":""no"",""ticker"":""KXBTC15M-26APR281100-00"",""trade_id"":""02e3ece0-520e-4492-6d04-7383f3461462"",""yes_price_dollars"":""0.4700""}"
KXBTC15M-26APR281100-00,8e342d91-4f4c-7c6c-f1e6-6c1bf7bbc2a0,1777387534,0.48,1.0,yes,"{""count_fp"":""1.00"",""created_time"":""2026-04-28T14:45:34.163776Z"",""no_price_dollars"":""0.5200"",""taker_side"":""yes"",""ticker"":""KXBTC15M-26APR281100-00"",""trade_id"":""8e342d91-4f4c-7c6c-f1e6-6c1bf7bbc2a0"",""yes_price_dollars"":""0.4800""}"
KXBTC15M-26APR281100-00,1fdddb70-cef3-48c4-c743-bfe87e2ea8e2,1777387534,0.49,1.0,yes,"{""count_fp"":""1.00"",""created_time"":""2026-04-28T14:45:34.079147Z"",""no_price_dollars"":""0.5100"",""taker_side"":""yes"",""ticker"":""KXBTC15M-26APR281100-00"",""trade_id"":""1fdddb70-cef3-48c4-c743-bfe87e2ea8e2"",""yes_price_dollars"":""0.4900""}"
KXBTC15M-26APR281100-00,42a397f8-8a55-6d86-c155-52e9dc1fd3fc,1777387535,0.49,40.0,yes,"{""count_fp"":""40.00"",""created_time"":""2026-04-28T14:45:35.980308Z"",""no_price_dollars"":""0.5100"",""taker_side"":""yes"",""ticker"":""KXBTC15M-26APR281100-00"",""trade_id"":""42a397f8-8a55-6d86-c155-52e9dc1fd3fc"",""yes_price_dollars"":""0.4900""}"
KXBTC15M-26APR281100-00,da002dde-e4c3-40e0-bcc8-5b7b0718bc3c,1777387535,0.49,15.14,yes,"{""count_fp"":""15.14"",""created_time"":""2026-04-28T14:45:35.743152Z"",""no_price_dollars"":""0.5100"",""taker_side"":""yes"",""ticker"":""KXBTC15M-26APR281100-00"",""trade_id"":""da002dde-e4c3-40e0-bcc8-5b7b0718bc3c"",""yes_price_dollars"":""0.4900""}"
KXBTC15M-26APR281100-00,6c13fbfa-16ed-46d2-8d07-c3c18cf420dd,1777387535,0.49,79.64,yes,"{""count_fp"":""79.64"",""created_time"":""2026-04-28T14:45:35.743152Z"",""no_price_dollars"":""0.5100"",""taker_side"":""yes"",""ticker"":""KXBTC15M-26APR281100-00"",""trade_id"":""6c13fbfa-16ed-46d2-8d07-c3c18cf420dd"",""yes_price_dollars"":""0.4900""}"
KXBTC15M-26APR281100-00,d59d1b0c-ce6a-64ac-48a9-c940eccaae08,1777387535,0.49,40.0,yes,"{""count_fp"":""40.00"",""created_time"":""2026-04-28T14:45:35.727358Z"",""no_price_dollars"":""0.5100"",""taker_side"":""yes"",""ticker"":""KXBTC15M-26APR281100-00"",""trade_id"":""d59d1b0c-ce6a-64ac-48a9-c940eccaae08"",""yes_price_dollars"":""0.4900""}"
KXBTC15M-26APR281100-00,cfcf5da9-478f-6132-55ac-d4e24c526f07,1777387535,0.49,1.0,yes,"{""count_fp"":""1.00"",""created_time"":""2026-04-28T14:45:35.727358Z"",""no_price_dollars"":""0.5100"",""taker_side"":""yes"",""ticker"":""KXBTC15M-26APR281100-00"",""trade_id"":""cfcf5da9-478f-6132-55ac-d4e24c526f07"",""yes_price_dollars"":""0.4900""}"
KXBTC15M-26APR281100-00,5b9a5717-6c4f-6d08-4e3a-fb1737355ea0,1777387535,0.49,84.86,yes,"{""count_fp"":""84.86"",""created_time"":""2026-04-28T14:45:35.727358Z"",""no_price_dollars"":""0.5100"",""taker_side"":""yes"",""ticker"":""KXBTC15M-26APR281100-00"",""trade_id"":""5b9a5717-6c4f-6d08-4e3a-fb1737355ea0"",""yes_price_dollars"":""0.4900""}"
KXBTC15M-26APR281100-00,574e6860-72f3-6828-5f26-50d9804d4ba2,1777387535,0.49,5.27,yes,"{""count_fp"":""5.27"",""created_time"":""2026-04-28T14:45:35.727358Z"",""no_price_dollars"":""0.5100"",""taker_side"":""yes"",""ticker"":""KXBTC15M-26APR281100-00"",""trade_id"":""574e6860-72f3-6828-5f26-50d9804d4ba2"",""yes_price_dollars"":""0.4900""}"
