ticker,trade_id,ts,yes_price,count,taker_side,raw_json
KXBTC15M-26APR281515-15,ba8ad9da-be9f-5b40-9be4-635abbb86339,1777402802,0.48,20.0,yes,"{""count_fp"":""20.00"",""created_time"":""2026-04-28T19:00:02.867875Z"",""no_price_dollars"":""0.5200"",""taker_side"":""yes"",""ticker"":""KXBTC15M-26APR281515-15"",""trade_id"":""ba8ad9da-be9f-5b40-9be4-635abbb86339"",""yes_price_dollars"":""0.4800""}"
KXBTC15M-26APR281515-15,8f56f200-f839-51e7-8389-18ae53eeeb5e,1777402802,0.47,20.0,yes,"{""count_fp"":""20.00"",""created_time"":""2026-04-28T19:00:02.867875Z"",""no_price_dollars"":""0.5300"",""taker_side"":""yes"",""ticker"":""KXBTC15M-26APR281515-15"",""trade_id"":""8f56f200-f839-51e7-8389-18ae53eeeb5e"",""yes_price_dollars"":""0.4700""}"
KXBTC15M-26APR281515-15,8ca476df-67e5-5184-8e38-7b25f6fa4e1e,1777402802,0.48,3.0,yes,"{""count_fp"":""3.00"",""created_time"":""2026-04-28T19:00:02.867875Z"",""no_price_dollars"":""0.5200"",""taker_side"":""yes"",""ticker"":""KXBTC15M-26APR281515-15"",""trade_id"":""8ca476df-67e5-5184-8e38-7b25f6fa4e1e"",""yes_price_dollars"":""0.4800""}"
KXBTC15M-26APR281515-15,39f8527b-1319-5228-8bdd-75a8517c5780,1777402802,0.48,3.0,yes,"{""count_fp"":""3.00"",""created_time"":""2026-04-28T19:00:02.867875Z"",""no_price_dollars"":""0.5200"",""taker_side"":""yes"",""ticker"":""KXBTC15M-26APR281515-15"",""trade_id"":""39f8527b-1319-5228-8bdd-75a8517c5780"",""yes_price_dollars"":""0.4800""}"
KXBTC15M-26APR281515-15,af5a5d98-ba84-48ff-ed7f-cc36fe5aeaa9,1777402804,0.47,5.48,no,"{""count_fp"":""5.48"",""created_time"":""2026-04-28T19:00:04.938409Z"",""no_price_dollars"":""0.5300"",""taker_side"":""no"",""ticker"":""KXBTC15M-26APR281515-15"",""trade_id"":""af5a5d98-ba84-48ff-ed7f-cc36fe5aeaa9"",""yes_price_dollars"":""0.4700""}"
KXBTC15M-26APR281515-15,4c2bbef3-b47f-66d4-1182-02f03400433f,1777402804,0.5,3.0,yes,"{""count_fp"":""3.00"",""created_time"":""2026-04-28T19:00:04.034645Z"",""no_price_dollars"":""0.5000"",""taker_side"":""yes"",""ticker"":""KXBTC15M-26APR281515-15"",""trade_id"":""4c2bbef3-b47f-66d4-1182-02f03400433f"",""yes_price_dollars"":""0.5000""}"
KXBTC15M-26APR281515-15,e87b76de-448c-786f-dba9-4a8700a0fe95,1777402805,0.47,10.52,no,"{""count_fp"":""10.52"",""created_time"":""2026-04-28T19:00:05.615556Z"",""no_price_dollars"":""0.5300"",""taker_side"":""no"",""ticker"":""KXBTC15M-26APR281515-15"",""trade_id"":""e87b76de-448c-786f-dba9-4a8700a0fe95"",""yes_price_dollars"":""0.4700""}"
KXBTC15M-26APR281515-15,3757cb1a-1c4b-7ea7-e2d7-e4a59976e640,1777402805,0.47,7.74,no,"{""count_fp"":""7.74"",""created_time"":""2026-04-28T19:00:05.615556Z"",""no_price_dollars"":""0.5300"",""taker_side"":""no"",""ticker"":""KXBTC15M-26APR281515-15"",""trade_id"":""3757cb1a-1c4b-7ea7-e2d7-e4a59976e640"",""yes_price_dollars"":""0.4700""}"
KXBTC15M-26APR281515-15,e0b51ee8-5b57-46af-dfb3-b643eb854580,1777402806,0.47,27.4,no,"{""count_fp"":""27.40"",""created_time"":""2026-04-28T19:00:06.796051Z"",""no_price_dollars"":""0.5300"",""taker_side"":""no"",""ticker"":""KXBTC15M-26APR281515-15"",""trade_id"":""e0b51ee8-5b57-46af-dfb3-b643eb854580"",""yes_price_dollars"":""0.4700""}"
KXBTC15M-26APR281515-15,fb17ffc7-b662-4b4d-fcd9-0a83fd16f5af,1777402806,0.5,19.97,yes,"{""count_fp"":""19.97"",""created_time"":""2026-04-28T19:00:06.500414Z"",""no_price_dollars"":""0.5000"",""taker_side"":""yes"",""ticker"":""KXBTC15M-26APR281515-15"",""trade_id"":""fb17ffc7-b662-4b4d-fcd9-0a83fd16f5af"",""yes_price_dollars"":""0.5000""}"
KXBTC15M-26APR281515-15,b03d3beb-6198-471a-c8a0-1f0ab36134e3,1777402806,0.49,9.0,yes,"{""count_fp"":""9.00"",""created_time"":""2026-04-28T19:00:06.500414Z"",""no_price_dollars"":""0.5100"",""taker_side"":""yes"",""ticker"":""KXBTC15M-26APR281515-15"",""trade_id"":""b03d3beb-6198-471a-c8a0-1f0ab36134e3"",""yes_price_dollars"":""0.4900""}"
KXBTC15M-26APR281515-15,9b3a6deb-89c2-4477-ec7e-fc720c2a41ec,1777402806,0.49,5.0,yes,"{""count_fp"":""5.00"",""created_time"":""2026-04-28T19:00:06.500414Z"",""no_price_dollars"":""0.5100"",""taker_side"":""yes"",""ticker"":""KXBTC15M-26APR281515-15"",""trade_id"":""9b3a6deb-89c2-4477-ec7e-fc720c2a41ec"",""yes_price_dollars"":""0.4900""}"
KXBTC15M-26APR281515-15,6d98b066-b8f3-4494-f7d9-2bdf42efdf2b,1777402806,0.5,3.0,yes,"{""count_fp"":""3.00"",""created_time"":""2026-04-28T19:00:06.500414Z"",""no_price_dollars"":""0.5000"",""taker_side"":""yes"",""ticker"":""KXBTC15M-26APR281515-15"",""trade_id"":""6d98b066-b8f3-4494-f7d9-2bdf42efdf2b"",""yes_price_dollars"":""0.5000""}"
KXBTC15M-26APR281515-15,1f0f5d30-5316-44fc-dc78-21ab6e821320,1777402806,0.49,5.0,yes,"{""count_fp"":""5.00"",""created_time"":""2026-04-28T19:00:06.500414Z"",""no_price_dollars"":""0.5100"",""taker_side"":""yes"",""ticker"":""KXBTC15M-26APR281515-15"",""trade_id"":""1f0f5d30-5316-44fc-dc78-21ab6e821320"",""yes_price_dollars"":""0.4900""}"
KXBTC15M-26APR281515-15,0255519d-4fd5-417f-d623-1b0d09024e5f,1777402806,0.49,16.0,yes,"{""count_fp"":""16.00"",""created_time"":""2026-04-28T19:00:06.500414Z"",""no_price_dollars"":""0.5100"",""taker_side"":""yes"",""ticker"":""KXBTC15M-26APR281515-15"",""trade_id"":""0255519d-4fd5-417f-d623-1b0d09024e5f"",""yes_price_dollars"":""0.4900""}"
KXBTC15M-26APR281515-15,0448bf5c-ec37-7a13-234d-917671c2a850,1777402806,0.47,1.82,no,"{""count_fp"":""1.82"",""created_time"":""2026-04-28T19:00:06.125704Z"",""no_price_dollars"":""0.5300"",""taker_side"":""no"",""ticker"":""KXBTC15M-26APR281515-15"",""trade_id"":""0448bf5c-ec37-7a13-234d-917671c2a850"",""yes_price_dollars"":""0.4700""}"
KXBTC15M-26APR281515-15,ed600f50-32df-42c5-694e-be0313479d03,1777402808,0.46,1.0,no,"{""count_fp"":""1.00"",""created_time"":""2026-04-28T19:00:08.671109Z"",""no_price_dollars"":""0.5400"",""taker_side"":""no"",""ticker"":""KXBTC15M-26APR281515-15"",""trade_id"":""ed600f50-32df-42c5-694e-be0313479d03"",""yes_price_dollars"":""0.4600""}"
KXBTC15M-26APR281515-15,a83dc2d9-ad4d-4dea-45b0-22f925386ab8,1777402808,0.46,8.92,no,"{""count_fp"":""8.92"",""created_time"":""2026-04-28T19:00:08.671109Z"",""no_price_dollars"":""0.5400"",""taker_side"":""no"",""ticker"":""KXBTC15M-26APR281515-15"",""trade_id"":""a83dc2d9-ad4d-4dea-45b0-22f925386ab8"",""yes_price_dollars"":""0.4600""}"
KXBTC15M-26APR281515-15,710b2bfb-f128-4946-6e51-3361fbd32b01,1777402808,0.46,1.0,no,"{""count_fp"":""1.00"",""created_time"":""2026-04-28T19:00:08.671109Z"",""no_price_dollars"":""0.5400"",""taker_side"":""no"",""ticker"":""KXBTC15M-26APR281515-15"",""trade_id"":""710b2bfb-f128-4946-6e51-3361fbd32b01"",""yes_price_dollars"":""0.4600""}"
KXBTC15M-26APR281515-15,50860b57-da09-4d9f-5768-e94caa96fb06,1777402808,0.46,5.0,no,"{""count_fp"":""5.00"",""created_time"":""2026-04-28T19:00:08.671109Z"",""no_price_dollars"":""0.5400"",""taker_side"":""no"",""ticker"":""KXBTC15M-26APR281515-15"",""trade_id"":""50860b57-da09-4d9f-5768-e94caa96fb06"",""yes_price_dollars"":""0.4600""}"
KXBTC15M-26APR281515-15,3637ade2-4955-4f56-4c69-6d9934c19c56,1777402808,0.46,1.0,no,"{""count_fp"":""1.00"",""created_time"":""2026-04-28T19:00:08.671109Z"",""no_price_dollars"":""0.5400"",""taker_side"":""no"",""ticker"":""KXBTC15M-26APR281515-15"",""trade_id"":""3637ade2-4955-4f56-4c69-6d9934c19c56"",""yes_price_dollars"":""0.4600""}"
KXBTC15M-26APR281515-15,20648b64-7aa6-433f-568d-2ca5f43c5006,1777402808,0.46,1.0,no,"{""count_fp"":""1.00"",""created_time"":""2026-04-28T19:00:08.671109Z"",""no_price_dollars"":""0.5400"",""taker_side"":""no"",""ticker"":""KXBTC15M-26APR281515-15"",""trade_id"":""20648b64-7aa6-433f-568d-2ca5f43c5006"",""yes_price_dollars"":""0.4600""}"
KXBTC15M-26APR281515-15,fb7dec97-5fc6-4d35-a5d1-53cb4b396d5f,1777402809,0.5,100.03,yes,"{""count_fp"":""100.03"",""created_time"":""2026-04-28T19:00:09.031588Z"",""no_price_dollars"":""0.5000"",""taker_side"":""yes"",""ticker"":""KXBTC15M-26APR281515-15"",""trade_id"":""fb7dec97-5fc6-4d35-a5d1-53cb4b396d5f"",""yes_price_dollars"":""0.5000""}"
KXBTC15M-26APR281515-15,dcae7d4f-1c4a-4b8d-8ec5-79f1ffcdbb5f,1777402809,0.51,15.0,yes,"{""count_fp"":""15.00"",""created_time"":""2026-04-28T19:00:09.031588Z"",""no_price_dollars"":""0.4900"",""taker_side"":""yes"",""ticker"":""KXBTC15M-26APR281515-15"",""trade_id"":""dcae7d4f-1c4a-4b8d-8ec5-79f1ffcdbb5f"",""yes_price_dollars"":""0.5100""}"
KXBTC15M-26APR281515-15,cc3b5c01-9089-44da-902a-dbf483c98a40,1777402809,0.51,182.94,yes,"{""count_fp"":""182.94"",""created_time"":""2026-04-28T19:00:09.031588Z"",""no_price_dollars"":""0.4900"",""taker_side"":""yes"",""ticker"":""KXBTC15M-26APR281515-15"",""trade_id"":""cc3b5c01-9089-44da-902a-dbf483c98a40"",""yes_price_dollars"":""0.5100""}"
KXBTC15M-26APR281515-15,79a48a88-6d13-4129-aca8-d4d3b13f02d3,1777402809,0.51,10.0,yes,"{""count_fp"":""10.00"",""created_time"":""2026-04-28T19:00:09.031588Z"",""no_price_dollars"":""0.4900"",""taker_side"":""yes"",""ticker"":""KXBTC15M-26APR281515-15"",""trade_id"":""79a48a88-6d13-4129-aca8-d4d3b13f02d3"",""yes_price_dollars"":""0.5100""}"
KXBTC15M-26APR281515-15,57c3fb83-b29b-4c42-a612-8e2e0745a603,1777402809,0.51,56.0,yes,"{""count_fp"":""56.00"",""created_time"":""2026-04-28T19:00:09.031588Z"",""no_price_dollars"":""0.4900"",""taker_side"":""yes"",""ticker"":""KXBTC15M-26APR281515-15"",""trade_id"":""57c3fb83-b29b-4c42-a612-8e2e0745a603"",""yes_price_dollars"":""0.5100""}"
KXBTC15M-26APR281515-15,158b0ddc-072d-42c3-9b27-6c28edf21488,1777402809,0.5,114.0,yes,"{""count_fp"":""114.00"",""created_time"":""2026-04-28T19:00:09.031588Z"",""no_price_dollars"":""0.5000"",""taker_side"":""yes"",""ticker"":""KXBTC15M-26APR281515-15"",""trade_id"":""158b0ddc-072d-42c3-9b27-6c28edf21488"",""yes_price_dollars"":""0.5000""}"
KXBTC15M-26APR281515-15,db30d5e3-3b3d-5d9a-06de-aafe86041bdf,1777402810,0.48,18.0,yes,"{""count_fp"":""18.00"",""created_time"":""2026-04-28T19:00:10.837385Z"",""no_price_dollars"":""0.5200"",""taker_side"":""yes"",""ticker"":""KXBTC15M-26APR281515-15"",""trade_id"":""db30d5e3-3b3d-5d9a-06de-aafe86041bdf"",""yes_price_dollars"":""0.4800""}"
KXBTC15M-26APR281515-15,58babdaf-1d6a-7ab6-d34d-800ff8eff8f0,1777402810,0.48,3.0,yes,"{""count_fp"":""3.00"",""created_time"":""2026-04-28T19:00:10.723977Z"",""no_price_dollars"":""0.5200"",""taker_side"":""yes"",""ticker"":""KXBTC15M-26APR281515-15"",""trade_id"":""58babdaf-1d6a-7ab6-d34d-800ff8eff8f0"",""yes_price_dollars"":""0.4800""}"
KXBTC15M-26APR281515-15,1ea0cfc0-bed5-71d2-d2a0-8da01938dd93,1777402810,0.48,0.79,yes,"{""count_fp"":""0.79"",""created_time"":""2026-04-28T19:00:10.723977Z"",""no_price_dollars"":""0.5200"",""taker_side"":""yes"",""ticker"":""KXBTC15M-26APR281515-15"",""trade_id"":""1ea0cfc0-bed5-71d2-d2a0-8da01938dd93"",""yes_price_dollars"":""0.4800""}"
KXBTC15M-26APR281515-15,c28da708-7994-54ce-68f4-b921483c851c,1777402810,0.47,23.02,no,"{""count_fp"":""23.02"",""created_time"":""2026-04-28T19:00:10.479156Z"",""no_price_dollars"":""0.5300"",""taker_side"":""no"",""ticker"":""KXBTC15M-26APR281515-15"",""trade_id"":""c28da708-7994-54ce-68f4-b921483c851c"",""yes_price_dollars"":""0.4700""}"
KXBTC15M-26APR281515-15,8481cf40-00ae-5576-5aea-5d7814478528,1777402810,0.47,153.66,no,"{""count_fp"":""153.66"",""created_time"":""2026-04-28T19:00:10.479156Z"",""no_price_dollars"":""0.5300"",""taker_side"":""no"",""ticker"":""KXBTC15M-26APR281515-15"",""trade_id"":""8481cf40-00ae-5576-5aea-5d7814478528"",""yes_price_dollars"":""0.4700""}"
KXBTC15M-26APR281515-15,3b42d1a9-f977-5717-630b-090fb860c5ed,1777402810,0.47,1.0,no,"{""count_fp"":""1.00"",""created_time"":""2026-04-28T19:00:10.479156Z"",""no_price_dollars"":""0.5300"",""taker_side"":""no"",""ticker"":""KXBTC15M-26APR281515-15"",""trade_id"":""3b42d1a9-f977-5717-630b-090fb860c5ed"",""yes_price_dollars"":""0.4700""}"
KXBTC15M-26APR281515-15,35126930-53d1-6b56-948b-0c9808221d5d,1777402810,0.5,50.63,yes,"{""count_fp"":""50.63"",""created_time"":""2026-04-28T19:00:10.242913Z"",""no_price_dollars"":""0.5000"",""taker_side"":""yes"",""ticker"":""KXBTC15M-26APR281515-15"",""trade_id"":""35126930-53d1-6b56-948b-0c9808221d5d"",""yes_price_dollars"":""0.5000""}"
KXBTC15M-26APR281515-15,33d4e8b3-1486-6bcf-b72f-17398547149a,1777402810,0.48,3.0,yes,"{""count_fp"":""3.00"",""created_time"":""2026-04-28T19:00:10.242913Z"",""no_price_dollars"":""0.5200"",""taker_side"":""yes"",""ticker"":""KXBTC15M-26APR281515-15"",""trade_id"":""33d4e8b3-1486-6bcf-b72f-17398547149a"",""yes_price_dollars"":""0.4800""}"
KXBTC15M-26APR281515-15,bf6a6a2e-0d9a-6f89-71bf-a70b484d3177,1777402811,0.48,3.0,yes,"{""count_fp"":""3.00"",""created_time"":""2026-04-28T19:00:11.662097Z"",""no_price_dollars"":""0.5200"",""taker_side"":""yes"",""ticker"":""KXBTC15M-26APR281515-15"",""trade_id"":""bf6a6a2e-0d9a-6f89-71bf-a70b484d3177"",""yes_price_dollars"":""0.4800""}"
KXBTC15M-26APR281515-15,75a6200a-7419-6f46-4ef0-f27d1af1b75b,1777402811,0.48,3.21,yes,"{""count_fp"":""3.21"",""created_time"":""2026-04-28T19:00:11.662097Z"",""no_price_dollars"":""0.5200"",""taker_side"":""yes"",""ticker"":""KXBTC15M-26APR281515-15"",""trade_id"":""75a6200a-7419-6f46-4ef0-f27d1af1b75b"",""yes_price_dollars"":""0.4800""}"
KXBTC15M-26APR281515-15,3ed97339-d830-685b-4585-03fa860df91f,1777402811,0.49,12.11,yes,"{""count_fp"":""12.11"",""created_time"":""2026-04-28T19:00:11.662097Z"",""no_price_dollars"":""0.5100"",""taker_side"":""yes"",""ticker"":""KXBTC15M-26APR281515-15"",""trade_id"":""3ed97339-d830-685b-4585-03fa860df91f"",""yes_price_dollars"":""0.4900""}"
KXBTC15M-26APR281515-15,20c7aade-69b4-6952-57bc-010a65c14996,1777402811,0.48,1.0,yes,"{""count_fp"":""1.00"",""created_time"":""2026-04-28T19:00:11.662097Z"",""no_price_dollars"":""0.5200"",""taker_side"":""yes"",""ticker"":""KXBTC15M-26APR281515-15"",""trade_id"":""20c7aade-69b4-6952-57bc-010a65c14996"",""yes_price_dollars"":""0.4800""}"
KXBTC15M-26APR281515-15,d62a9610-dbdd-789b-d9e2-52c76eaf707c,1777402812,0.49,112.72,yes,"{""count_fp"":""112.72"",""created_time"":""2026-04-28T19:00:12.345073Z"",""no_price_dollars"":""0.5100"",""taker_side"":""yes"",""ticker"":""KXBTC15M-26APR281515-15"",""trade_id"":""d62a9610-dbdd-789b-d9e2-52c76eaf707c"",""yes_price_dollars"":""0.4900""}"
KXBTC15M-26APR281515-15,cffa5705-73da-7a46-ddc9-aee7a228c142,1777402812,0.48,40.0,yes,"{""count_fp"":""40.00"",""created_time"":""2026-04-28T19:00:12.345073Z"",""no_price_dollars"":""0.5200"",""taker_side"":""yes"",""ticker"":""KXBTC15M-26APR281515-15"",""trade_id"":""cffa5705-73da-7a46-ddc9-aee7a228c142"",""yes_price_dollars"":""0.4800""}"
KXBTC15M-26APR281515-15,bd5ffbb0-c638-7750-df7a-753714842b3d,1777402812,0.48,1.0,yes,"{""count_fp"":""1.00"",""created_time"":""2026-04-28T19:00:12.345073Z"",""no_price_dollars"":""0.5200"",""taker_side"":""yes"",""ticker"":""KXBTC15M-26APR281515-15"",""trade_id"":""bd5ffbb0-c638-7750-df7a-753714842b3d"",""yes_price_dollars"":""0.4800""}"
KXBTC15M-26APR281515-15,268e13a5-f7f8-4ea0-a7ef-1c8640c281f2,1777402812,0.48,3.0,no,"{""count_fp"":""3.00"",""created_time"":""2026-04-28T19:00:12.034179Z"",""no_price_dollars"":""0.5200"",""taker_side"":""no"",""ticker"":""KXBTC15M-26APR281515-15"",""trade_id"":""268e13a5-f7f8-4ea0-a7ef-1c8640c281f2"",""yes_price_dollars"":""0.4800""}"
KXBTC15M-26APR281515-15,7cef3237-8ce1-71a5-7e5b-a807fd5d059e,1777402813,0.48,18.09,yes,"{""count_fp"":""18.09"",""created_time"":""2026-04-28T19:00:13.691519Z"",""no_price_dollars"":""0.5200"",""taker_side"":""yes"",""ticker"":""KXBTC15M-26APR281515-15"",""trade_id"":""7cef3237-8ce1-71a5-7e5b-a807fd5d059e"",""yes_price_dollars"":""0.4800""}"
KXBTC15M-26APR281515-15,36eef9d4-c622-5f8a-3a40-b6095ce40ce8,1777402813,0.47,18.26,no,"{""count_fp"":""18.26"",""created_time"":""2026-04-28T19:00:13.513712Z"",""no_price_dollars"":""0.5300"",""taker_side"":""no"",""ticker"":""KXBTC15M-26APR281515-15"",""trade_id"":""36eef9d4-c622-5f8a-3a40-b6095ce40ce8"",""yes_price_dollars"":""0.4700""}"
KXBTC15M-26APR281515-15,26874bc6-f8da-4bb6-82d2-193841c62bac,1777402813,0.47,1.0,no,"{""count_fp"":""1.00"",""created_time"":""2026-04-28T19:00:13.162913Z"",""no_price_dollars"":""0.5300"",""taker_side"":""no"",""ticker"":""KXBTC15M-26APR281515-15"",""trade_id"":""26874bc6-f8da-4bb6-82d2-193841c62bac"",""yes_price_dollars"":""0.4700""}"
KXBTC15M-26APR281515-15,859aba80-a06d-6f70-88f0-ba1fd962da15,1777402814,0.46,5.0,no,"{""count_fp"":""5.00"",""created_time"":""2026-04-28T19:00:14.837004Z"",""no_price_dollars"":""0.5400"",""taker_side"":""no"",""ticker"":""KXBTC15M-26APR281515-15"",""trade_id"":""859aba80-a06d-6f70-88f0-ba1fd962da15"",""yes_price_dollars"":""0.4600""}"
KXBTC15M-26APR281515-15,4973560a-a151-623b-aaa6-abcd5cb13d93,1777402814,0.46,2.0,no,"{""count_fp"":""2.00"",""created_time"":""2026-04-28T19:00:14.837004Z"",""no_price_dollars"":""0.5400"",""taker_side"":""no"",""ticker"":""KXBTC15M-26APR281515-15"",""trade_id"":""4973560a-a151-623b-aaa6-abcd5cb13d93"",""yes_price_dollars"":""0.4600""}"
KXBTC15M-26APR281515-15,d5a2816c-faf9-4368-9f1f-eecdb6af78bd,1777402814,0.46,5.0,no,"{""count_fp"":""5.00"",""created_time"":""2026-04-28T19:00:14.611681Z"",""no_price_dollars"":""0.5400"",""taker_side"":""no"",""ticker"":""KXBTC15M-26APR281515-15"",""trade_id"":""d5a2816c-faf9-4368-9f1f-eecdb6af78bd"",""yes_price_dollars"":""0.4600""}"
KXBTC15M-26APR281515-15,d36b20f1-acab-44c0-a738-395a0dd7c38e,1777402814,0.46,1.0,no,"{""count_fp"":""1.00"",""created_time"":""2026-04-28T19:00:14.611681Z"",""no_price_dollars"":""0.5400"",""taker_side"":""no"",""ticker"":""KXBTC15M-26APR281515-15"",""trade_id"":""d36b20f1-acab-44c0-a738-395a0dd7c38e"",""yes_price_dollars"":""0.4600""}"
KXBTC15M-26APR281515-15,e5956f9f-8f1e-7a72-6586-18f4aa92a184,1777402814,0.47,823.43,no,"{""count_fp"":""823.43"",""created_time"":""2026-04-28T19:00:14.409586Z"",""no_price_dollars"":""0.5300"",""taker_side"":""no"",""ticker"":""KXBTC15M-26APR281515-15"",""trade_id"":""e5956f9f-8f1e-7a72-6586-18f4aa92a184"",""yes_price_dollars"":""0.4700""}"
KXBTC15M-26APR281515-15,8be2a3d4-8f9b-7897-67f7-272504b1d807,1777402814,0.48,12.11,no,"{""count_fp"":""12.11"",""created_time"":""2026-04-28T19:00:14.409586Z"",""no_price_dollars"":""0.5200"",""taker_side"":""no"",""ticker"":""KXBTC15M-26APR281515-15"",""trade_id"":""8be2a3d4-8f9b-7897-67f7-272504b1d807"",""yes_price_dollars"":""0.4800""}"
KXBTC15M-26APR281515-15,7440aa9e-0d9f-7a64-63db-45e850e93bcc,1777402814,0.47,100.0,no,"{""count_fp"":""100.00"",""created_time"":""2026-04-28T19:00:14.409586Z"",""no_price_dollars"":""0.5300"",""taker_side"":""no"",""ticker"":""KXBTC15M-26APR281515-15"",""trade_id"":""7440aa9e-0d9f-7a64-63db-45e850e93bcc"",""yes_price_dollars"":""0.4700""}"
KXBTC15M-26APR281515-15,4023b7f6-269d-7b24-4755-6d8541125a7c,1777402814,0.48,3.0,no,"{""count_fp"":""3.00"",""created_time"":""2026-04-28T19:00:14.409586Z"",""no_price_dollars"":""0.5200"",""taker_side"":""no"",""ticker"":""KXBTC15M-26APR281515-15"",""trade_id"":""4023b7f6-269d-7b24-4755-6d8541125a7c"",""yes_price_dollars"":""0.4800""}"
KXBTC15M-26APR281515-15,2a3c216c-10a8-7ca8-4656-1a9d4ab4a87d,1777402814,0.47,1.0,no,"{""count_fp"":""1.00"",""created_time"":""2026-04-28T19:00:14.409586Z"",""no_price_dollars"":""0.5300"",""taker_side"":""no"",""ticker"":""KXBTC15M-26APR281515-15"",""trade_id"":""2a3c216c-10a8-7ca8-4656-1a9d4ab4a87d"",""yes_price_dollars"":""0.4700""}"
KXBTC15M-26APR281515-15,4cb8370a-a7dd-6fb9-3ace-6e27c785b95e,1777402814,0.48,17.89,yes,"{""count_fp"":""17.89"",""created_time"":""2026-04-28T19:00:14.299021Z"",""no_price_dollars"":""0.5200"",""taker_side"":""yes"",""ticker"":""KXBTC15M-26APR281515-15"",""trade_id"":""4cb8370a-a7dd-6fb9-3ace-6e27c785b95e"",""yes_price_dollars"":""0.4800""}"
KXBTC15M-26APR281515-15,20d5d45e-3c99-66d8-0a08-71645790c058,1777402814,0.48,1.0,yes,"{""count_fp"":""1.00"",""created_time"":""2026-04-28T19:00:14.299021Z"",""no_price_dollars"":""0.5200"",""taker_side"":""yes"",""ticker"":""KXBTC15M-26APR281515-15"",""trade_id"":""20d5d45e-3c99-66d8-0a08-71645790c058"",""yes_price_dollars"":""0.4800""}"
KXBTC15M-26APR281515-15,006e5d01-67bc-6a5a-3ce5-6c206e6463c3,1777402814,0.49,50.87,yes,"{""count_fp"":""50.87"",""created_time"":""2026-04-28T19:00:14.299021Z"",""no_price_dollars"":""0.5100"",""taker_side"":""yes"",""ticker"":""KXBTC15M-26APR281515-15"",""trade_id"":""006e5d01-67bc-6a5a-3ce5-6c206e6463c3"",""yes_price_dollars"":""0.4900""}"
KXBTC15M-26APR281515-15,519b9cc6-ac5e-5f2a-d5bc-e4c742a24f48,1777402814,0.47,3.65,no,"{""count_fp"":""3.65"",""created_time"":""2026-04-28T19:00:14.213993Z"",""no_price_dollars"":""0.5300"",""taker_side"":""no"",""ticker"":""KXBTC15M-26APR281515-15"",""trade_id"":""519b9cc6-ac5e-5f2a-d5bc-e4c742a24f48"",""yes_price_dollars"":""0.4700""}"
KXBTC15M-26APR281515-15,f98fab19-1bf1-7f0d-bc5c-de3c5017f9ae,1777402814,0.48,4.02,yes,"{""count_fp"":""4.02"",""created_time"":""2026-04-28T19:00:14.132973Z"",""no_price_dollars"":""0.5200"",""taker_side"":""yes"",""ticker"":""KXBTC15M-26APR281515-15"",""trade_id"":""f98fab19-1bf1-7f0d-bc5c-de3c5017f9ae"",""yes_price_dollars"":""0.4800""}"
KXBTC15M-26APR281515-15,ea05406d-8dc5-4997-4be7-6886e28e9f4c,1777402815,0.45,6.0,no,"{""count_fp"":""6.00"",""created_time"":""2026-04-28T19:00:15.994296Z"",""no_price_dollars"":""0.5500"",""taker_side"":""no"",""ticker"":""KXBTC15M-26APR281515-15"",""trade_id"":""ea05406d-8dc5-4997-4be7-6886e28e9f4c"",""yes_price_dollars"":""0.4500""}"
KXBTC15M-26APR281515-15,548bcc23-0c68-5436-deee-ab97d267690f,1777402815,0.46,205.15,yes,"{""count_fp"":""205.15"",""created_time"":""2026-04-28T19:00:15.865968Z"",""no_price_dollars"":""0.5400"",""taker_side"":""yes"",""ticker"":""KXBTC15M-26APR281515-15"",""trade_id"":""548bcc23-0c68-5436-deee-ab97d267690f"",""yes_price_dollars"":""0.4600""}"
KXBTC15M-26APR281515-15,efbae7ff-31e2-6c96-0927-80fb3dcef16c,1777402815,0.45,4.0,no,"{""count_fp"":""4.00"",""created_time"":""2026-04-28T19:00:15.784939Z"",""no_price_dollars"":""0.5500"",""taker_side"":""no"",""ticker"":""KXBTC15M-26APR281515-15"",""trade_id"":""efbae7ff-31e2-6c96-0927-80fb3dcef16c"",""yes_price_dollars"":""0.4500""}"
KXBTC15M-26APR281515-15,97cab52a-a345-699b-1f55-ce046a4f785c,1777402815,0.45,2.0,no,"{""count_fp"":""2.00"",""created_time"":""2026-04-28T19:00:15.784939Z"",""no_price_dollars"":""0.5500"",""taker_side"":""no"",""ticker"":""KXBTC15M-26APR281515-15"",""trade_id"":""97cab52a-a345-699b-1f55-ce046a4f785c"",""yes_price_dollars"":""0.4500""}"
KXBTC15M-26APR281515-15,67b3361f-84b1-6533-4d25-b24d9f584564,1777402815,0.46,53.2,yes,"{""count_fp"":""53.20"",""created_time"":""2026-04-28T19:00:15.732828Z"",""no_price_dollars"":""0.5400"",""taker_side"":""yes"",""ticker"":""KXBTC15M-26APR281515-15"",""trade_id"":""67b3361f-84b1-6533-4d25-b24d9f584564"",""yes_price_dollars"":""0.4600""}"
KXBTC15M-26APR281515-15,7732b4c7-b915-4fa3-d28b-25c09abfa248,1777402815,0.46,10.05,yes,"{""count_fp"":""10.05"",""created_time"":""2026-04-28T19:00:15.587099Z"",""no_price_dollars"":""0.5400"",""taker_side"":""yes"",""ticker"":""KXBTC15M-26APR281515-15"",""trade_id"":""7732b4c7-b915-4fa3-d28b-25c09abfa248"",""yes_price_dollars"":""0.4600""}"
KXBTC15M-26APR281515-15,2cc55d78-9ba6-6b72-1327-97746186b860,1777402815,0.45,7.0,no,"{""count_fp"":""7.00"",""created_time"":""2026-04-28T19:00:15.582103Z"",""no_price_dollars"":""0.5500"",""taker_side"":""no"",""ticker"":""KXBTC15M-26APR281515-15"",""trade_id"":""2cc55d78-9ba6-6b72-1327-97746186b860"",""yes_price_dollars"":""0.4500""}"
KXBTC15M-26APR281515-15,c07d9ba7-1cb5-6117-9d0f-c8132e352f08,1777402815,0.46,12.7,yes,"{""count_fp"":""12.70"",""created_time"":""2026-04-28T19:00:15.348315Z"",""no_price_dollars"":""0.5400"",""taker_side"":""yes"",""ticker"":""KXBTC15M-26APR281515-15"",""trade_id"":""c07d9ba7-1cb5-6117-9d0f-c8132e352f08"",""yes_price_dollars"":""0.4600""}"
KXBTC15M-26APR281515-15,7609f6a0-1451-6759-ac62-05d9ec09e8a3,1777402815,0.46,29.95,yes,"{""count_fp"":""29.95"",""created_time"":""2026-04-28T19:00:15.348315Z"",""no_price_dollars"":""0.5400"",""taker_side"":""yes"",""ticker"":""KXBTC15M-26APR281515-15"",""trade_id"":""7609f6a0-1451-6759-ac62-05d9ec09e8a3"",""yes_price_dollars"":""0.4600""}"
KXBTC15M-26APR281515-15,3721af29-84f0-6418-9a57-ac7779c14a15,1777402815,0.46,16.0,yes,"{""count_fp"":""16.00"",""created_time"":""2026-04-28T19:00:15.348315Z"",""no_price_dollars"":""0.5400"",""taker_side"":""yes"",""ticker"":""KXBTC15M-26APR281515-15"",""trade_id"":""3721af29-84f0-6418-9a57-ac7779c14a15"",""yes_price_dollars"":""0.4600""}"
KXBTC15M-26APR281515-15,2a857214-f341-6d39-a967-8d34a49fbf90,1777402815,0.46,19.0,yes,"{""count_fp"":""19.00"",""created_time"":""2026-04-28T19:00:15.348315Z"",""no_price_dollars"":""0.5400"",""taker_side"":""yes"",""ticker"":""KXBTC15M-26APR281515-15"",""trade_id"":""2a857214-f341-6d39-a967-8d34a49fbf90"",""yes_price_dollars"":""0.4600""}"
KXBTC15M-26APR281515-15,ad6fb3ac-4662-4f14-e48f-b7ec0e7e0287,1777402815,0.45,7.0,no,"{""count_fp"":""7.00"",""created_time"":""2026-04-28T19:00:15.138618Z"",""no_price_dollars"":""0.5500"",""taker_side"":""no"",""ticker"":""KXBTC15M-26APR281515-15"",""trade_id"":""ad6fb3ac-4662-4f14-e48f-b7ec0e7e0287"",""yes_price_dollars"":""0.4500""}"
KXBTC15M-26APR281515-15,a17c4c9a-bf60-464e-c901-75db5e22e770,1777402815,0.45,1.0,no,"{""count_fp"":""1.00"",""created_time"":""2026-04-28T19:00:15.138618Z"",""no_price_dollars"":""0.5500"",""taker_side"":""no"",""ticker"":""KXBTC15M-26APR281515-15"",""trade_id"":""a17c4c9a-bf60-464e-c901-75db5e22e770"",""yes_price_dollars"":""0.4500""}"
KXBTC15M-26APR281515-15,2fd4a121-d320-410c-d74e-43a90a59b32e,1777402815,0.45,1.0,no,"{""count_fp"":""1.00"",""created_time"":""2026-04-28T19:00:15.138618Z"",""no_price_dollars"":""0.5500"",""taker_side"":""no"",""ticker"":""KXBTC15M-26APR281515-15"",""trade_id"":""2fd4a121-d320-410c-d74e-43a90a59b32e"",""yes_price_dollars"":""0.4500""}"
KXBTC15M-26APR281515-15,3d16773b-3b25-4a11-10f8-ac72483647ff,1777402815,0.46,10.05,yes,"{""count_fp"":""10.05"",""created_time"":""2026-04-28T19:00:15.106578Z"",""no_price_dollars"":""0.5400"",""taker_side"":""yes"",""ticker"":""KXBTC15M-26APR281515-15"",""trade_id"":""3d16773b-3b25-4a11-10f8-ac72483647ff"",""yes_price_dollars"":""0.4600""}"
KXBTC15M-26APR281515-15,3af1f0ac-ee96-74b1-8690-65e056ac238a,1777402816,0.45,41.89,yes,"{""count_fp"":""41.89"",""created_time"":""2026-04-28T19:00:16.777059Z"",""no_price_dollars"":""0.5500"",""taker_side"":""yes"",""ticker"":""KXBTC15M-26APR281515-15"",""trade_id"":""3af1f0ac-ee96-74b1-8690-65e056ac238a"",""yes_price_dollars"":""0.4500""}"
KXBTC15M-26APR281515-15,a892abe7-cf56-506b-80c1-32af17444eef,1777402816,0.45,500.0,yes,"{""count_fp"":""500.00"",""created_time"":""2026-04-28T19:00:16.619428Z"",""no_price_dollars"":""0.5500"",""taker_side"":""yes"",""ticker"":""KXBTC15M-26APR281515-15"",""trade_id"":""a892abe7-cf56-506b-80c1-32af17444eef"",""yes_price_dollars"":""0.4500""}"
KXBTC15M-26APR281515-15,7a6e117f-5d4c-5caa-8cf1-63849c3c97d7,1777402816,0.46,756.83,yes,"{""count_fp"":""756.83"",""created_time"":""2026-04-28T19:00:16.619428Z"",""no_price_dollars"":""0.5400"",""taker_side"":""yes"",""ticker"":""KXBTC15M-26APR281515-15"",""trade_id"":""7a6e117f-5d4c-5caa-8cf1-63849c3c97d7"",""yes_price_dollars"":""0.4600""}"
KXBTC15M-26APR281515-15,8e6e1cc5-7b79-4553-12fa-c7aeeb119371,1777402816,0.45,1.0,no,"{""count_fp"":""1.00"",""created_time"":""2026-04-28T19:00:16.248563Z"",""no_price_dollars"":""0.5500"",""taker_side"":""no"",""ticker"":""KXBTC15M-26APR281515-15"",""trade_id"":""8e6e1cc5-7b79-4553-12fa-c7aeeb119371"",""yes_price_dollars"":""0.4500""}"
KXBTC15M-26APR281515-15,429f4828-d012-44db-2dcd-80e40d777aed,1777402816,0.45,7.0,no,"{""count_fp"":""7.00"",""created_time"":""2026-04-28T19:00:16.248563Z"",""no_price_dollars"":""0.5500"",""taker_side"":""no"",""ticker"":""KXBTC15M-26APR281515-15"",""trade_id"":""429f4828-d012-44db-2dcd-80e40d777aed"",""yes_price_dollars"":""0.4500""}"
KXBTC15M-26APR281515-15,94d0ff15-6389-5ff0-ab2b-a00d9d1eb07a,1777402817,0.44,1.0,no,"{""count_fp"":""1.00"",""created_time"":""2026-04-28T19:00:17.439877Z"",""no_price_dollars"":""0.5600"",""taker_side"":""no"",""ticker"":""KXBTC15M-26APR281515-15"",""trade_id"":""94d0ff15-6389-5ff0-ab2b-a00d9d1eb07a"",""yes_price_dollars"":""0.4400""}"
KXBTC15M-26APR281515-15,449fb672-708b-5e4e-9e6e-14d86bec94af,1777402817,0.44,2.44,no,"{""count_fp"":""2.44"",""created_time"":""2026-04-28T19:00:17.439877Z"",""no_price_dollars"":""0.5600"",""taker_side"":""no"",""ticker"":""KXBTC15M-26APR281515-15"",""trade_id"":""449fb672-708b-5e4e-9e6e-14d86bec94af"",""yes_price_dollars"":""0.4400""}"
KXBTC15M-26APR281515-15,0619988c-6e4a-6645-05a9-d5509d38f576,1777402818,0.45,60.52,yes,"{""count_fp"":""60.52"",""created_time"":""2026-04-28T19:00:18.253573Z"",""no_price_dollars"":""0.5500"",""taker_side"":""yes"",""ticker"":""KXBTC15M-26APR281515-15"",""trade_id"":""0619988c-6e4a-6645-05a9-d5509d38f576"",""yes_price_dollars"":""0.4500""}"
KXBTC15M-26APR281515-15,9777e411-8f3a-74fd-282b-d129e3e9a61e,1777402818,0.45,21.16,yes,"{""count_fp"":""21.16"",""created_time"":""2026-04-28T19:00:18.241709Z"",""no_price_dollars"":""0.5500"",""taker_side"":""yes"",""ticker"":""KXBTC15M-26APR281515-15"",""trade_id"":""9777e411-8f3a-74fd-282b-d129e3e9a61e"",""yes_price_dollars"":""0.4500""}"
KXBTC15M-26APR281515-15,85766d47-dd86-4147-aa68-cd7a9c8a6092,1777402819,0.45,8.37,yes,"{""count_fp"":""8.37"",""created_time"":""2026-04-28T19:00:19.868556Z"",""no_price_dollars"":""0.5500"",""taker_side"":""yes"",""ticker"":""KXBTC15M-26APR281515-15"",""trade_id"":""85766d47-dd86-4147-aa68-cd7a9c8a6092"",""yes_price_dollars"":""0.4500""}"
KXBTC15M-26APR281515-15,e8fd285a-19c6-5e55-2276-c08ea09c166e,1777402819,0.45,40.0,no,"{""count_fp"":""40.00"",""created_time"":""2026-04-28T19:00:19.795198Z"",""no_price_dollars"":""0.5500"",""taker_side"":""no"",""ticker"":""KXBTC15M-26APR281515-15"",""trade_id"":""e8fd285a-19c6-5e55-2276-c08ea09c166e"",""yes_price_dollars"":""0.4500""}"
KXBTC15M-26APR281515-15,dfac18b4-7f5c-5b43-1fe5-b29a609126ec,1777402819,0.44,193.9,no,"{""count_fp"":""193.90"",""created_time"":""2026-04-28T19:00:19.795198Z"",""no_price_dollars"":""0.5600"",""taker_side"":""no"",""ticker"":""KXBTC15M-26APR281515-15"",""trade_id"":""dfac18b4-7f5c-5b43-1fe5-b29a609126ec"",""yes_price_dollars"":""0.4400""}"
KXBTC15M-26APR281515-15,be333051-ad0f-5392-31b2-1f0eb9c6c65b,1777402819,0.44,35.83,no,"{""count_fp"":""35.83"",""created_time"":""2026-04-28T19:00:19.795198Z"",""no_price_dollars"":""0.5600"",""taker_side"":""no"",""ticker"":""KXBTC15M-26APR281515-15"",""trade_id"":""be333051-ad0f-5392-31b2-1f0eb9c6c65b"",""yes_price_dollars"":""0.4400""}"
KXBTC15M-26APR281515-15,6f8c1eb1-79bf-5c34-195d-b6c8b3244ab2,1777402819,0.45,20.27,no,"{""count_fp"":""20.27"",""created_time"":""2026-04-28T19:00:19.795198Z"",""no_price_dollars"":""0.5500"",""taker_side"":""no"",""ticker"":""KXBTC15M-26APR281515-15"",""trade_id"":""6f8c1eb1-79bf-5c34-195d-b6c8b3244ab2"",""yes_price_dollars"":""0.4500""}"
KXBTC15M-26APR281515-15,4170a4bc-5241-5e30-1b13-7858088ca96f,1777402819,0.44,10.0,no,"{""count_fp"":""10.00"",""created_time"":""2026-04-28T19:00:19.795198Z"",""no_price_dollars"":""0.5600"",""taker_side"":""no"",""ticker"":""KXBTC15M-26APR281515-15"",""trade_id"":""4170a4bc-5241-5e30-1b13-7858088ca96f"",""yes_price_dollars"":""0.4400""}"
KXBTC15M-26APR281515-15,e5aeb96b-c7ef-5350-b3d9-8044b7d2831e,1777402819,0.45,3.46,no,"{""count_fp"":""3.46"",""created_time"":""2026-04-28T19:00:19.335531Z"",""no_price_dollars"":""0.5500"",""taker_side"":""no"",""ticker"":""KXBTC15M-26APR281515-15"",""trade_id"":""e5aeb96b-c7ef-5350-b3d9-8044b7d2831e"",""yes_price_dollars"":""0.4500""}"
KXBTC15M-26APR281515-15,8d8b2c75-5d3f-4c1c-d02b-94c4d47badae,1777402819,0.45,5.19,no,"{""count_fp"":""5.19"",""created_time"":""2026-04-28T19:00:19.288335Z"",""no_price_dollars"":""0.5500"",""taker_side"":""no"",""ticker"":""KXBTC15M-26APR281515-15"",""trade_id"":""8d8b2c75-5d3f-4c1c-d02b-94c4d47badae"",""yes_price_dollars"":""0.4500""}"
KXBTC15M-26APR281515-15,26ef9a68-601b-7438-f6ac-23b1a770a39a,1777402819,0.45,3.26,no,"{""count_fp"":""3.26"",""created_time"":""2026-04-28T19:00:19.282689Z"",""no_price_dollars"":""0.5500"",""taker_side"":""no"",""ticker"":""KXBTC15M-26APR281515-15"",""trade_id"":""26ef9a68-601b-7438-f6ac-23b1a770a39a"",""yes_price_dollars"":""0.4500""}"
KXBTC15M-26APR281515-15,0b813fdc-08af-795c-f2d8-bd5b19309fd5,1777402819,0.45,40.0,no,"{""count_fp"":""40.00"",""created_time"":""2026-04-28T19:00:19.282689Z"",""no_price_dollars"":""0.5500"",""taker_side"":""no"",""ticker"":""KXBTC15M-26APR281515-15"",""trade_id"":""0b813fdc-08af-795c-f2d8-bd5b19309fd5"",""yes_price_dollars"":""0.4500""}"
KXBTC15M-26APR281515-15,efb36603-012e-7bc3-cf65-012fb2ba3592,1777402819,0.46,100.0,yes,"{""count_fp"":""100.00"",""created_time"":""2026-04-28T19:00:19.199903Z"",""no_price_dollars"":""0.5400"",""taker_side"":""yes"",""ticker"":""KXBTC15M-26APR281515-15"",""trade_id"":""efb36603-012e-7bc3-cf65-012fb2ba3592"",""yes_price_dollars"":""0.4600""}"
KXBTC15M-26APR281515-15,b927c147-533f-7581-014f-1f7963c93159,1777402819,0.45,3.0,no,"{""count_fp"":""3.00"",""created_time"":""2026-04-28T19:00:19.108482Z"",""no_price_dollars"":""0.5500"",""taker_side"":""no"",""ticker"":""KXBTC15M-26APR281515-15"",""trade_id"":""b927c147-533f-7581-014f-1f7963c93159"",""yes_price_dollars"":""0.4500""}"
KXBTC15M-26APR281515-15,b2104ec4-e012-74e3-003a-2d964157a95c,1777402819,0.45,40.0,no,"{""count_fp"":""40.00"",""created_time"":""2026-04-28T19:00:19.108482Z"",""no_price_dollars"":""0.5500"",""taker_side"":""no"",""ticker"":""KXBTC15M-26APR281515-15"",""trade_id"":""b2104ec4-e012-74e3-003a-2d964157a95c"",""yes_price_dollars"":""0.4500""}"
KXBTC15M-26APR281515-15,8d6a2d33-191b-7324-1095-e71e8f45d160,1777402819,0.46,40.0,no,"{""count_fp"":""40.00"",""created_time"":""2026-04-28T19:00:19.108482Z"",""no_price_dollars"":""0.5400"",""taker_side"":""no"",""ticker"":""KXBTC15M-26APR281515-15"",""trade_id"":""8d6a2d33-191b-7324-1095-e71e8f45d160"",""yes_price_dollars"":""0.4600""}"
KXBTC15M-26APR281515-15,8deaaf61-e445-7778-d6da-b35242edaed2,1777402820,0.47,259.85,no,"{""count_fp"":""259.85"",""created_time"":""2026-04-28T19:00:20.841683Z"",""no_price_dollars"":""0.5300"",""taker_side"":""no"",""ticker"":""KXBTC15M-26APR281515-15"",""trade_id"":""8deaaf61-e445-7778-d6da-b35242edaed2"",""yes_price_dollars"":""0.4700""}"
KXBTC15M-26APR281515-15,40fff6ee-5ba1-7468-db5e-43f7217b862a,1777402820,0.47,12.0,no,"{""count_fp"":""12.00"",""created_time"":""2026-04-28T19:00:20.839819Z"",""no_price_dollars"":""0.5300"",""taker_side"":""no"",""ticker"":""KXBTC15M-26APR281515-15"",""trade_id"":""40fff6ee-5ba1-7468-db5e-43f7217b862a"",""yes_price_dollars"":""0.4700""}"
KXBTC15M-26APR281515-15,e76858a9-92bf-723e-3b76-c99159511fa9,1777402820,0.47,40.0,no,"{""count_fp"":""40.00"",""created_time"":""2026-04-28T19:00:20.780751Z"",""no_price_dollars"":""0.5300"",""taker_side"":""no"",""ticker"":""KXBTC15M-26APR281515-15"",""trade_id"":""e76858a9-92bf-723e-3b76-c99159511fa9"",""yes_price_dollars"":""0.4700""}"
KXBTC15M-26APR281515-15,c3a08809-c4ba-7874-0283-0bd8fb465d3e,1777402820,0.46,60.0,no,"{""count_fp"":""60.00"",""created_time"":""2026-04-28T19:00:20.780751Z"",""no_price_dollars"":""0.5400"",""taker_side"":""no"",""ticker"":""KXBTC15M-26APR281515-15"",""trade_id"":""c3a08809-c4ba-7874-0283-0bd8fb465d3e"",""yes_price_dollars"":""0.4600""}"
KXBTC15M-26APR281515-15,cb3eafdf-51b3-5b95-2d6f-8ed07969b75d,1777402820,0.46,56.0,no,"{""count_fp"":""56.00"",""created_time"":""2026-04-28T19:00:20.761746Z"",""no_price_dollars"":""0.5400"",""taker_side"":""no"",""ticker"":""KXBTC15M-26APR281515-15"",""trade_id"":""cb3eafdf-51b3-5b95-2d6f-8ed07969b75d"",""yes_price_dollars"":""0.4600""}"
KXBTC15M-26APR281515-15,aa238c4a-ab32-5f6c-1f34-6f4ac11ff476,1777402820,0.46,401.0,no,"{""count_fp"":""401.00"",""created_time"":""2026-04-28T19:00:20.761746Z"",""no_price_dollars"":""0.5400"",""taker_side"":""no"",""ticker"":""KXBTC15M-26APR281515-15"",""trade_id"":""aa238c4a-ab32-5f6c-1f34-6f4ac11ff476"",""yes_price_dollars"":""0.4600""}"
KXBTC15M-26APR281515-15,a4426752-748a-59b3-3f0b-ac8f21512771,1777402820,0.46,3.0,no,"{""count_fp"":""3.00"",""created_time"":""2026-04-28T19:00:20.761746Z"",""no_price_dollars"":""0.5400"",""taker_side"":""no"",""ticker"":""KXBTC15M-26APR281515-15"",""trade_id"":""a4426752-748a-59b3-3f0b-ac8f21512771"",""yes_price_dollars"":""0.4600""}"
KXBTC15M-26APR281515-15,946beca3-7a4a-50c8-1f38-68e44c494313,1777402820,0.46,40.0,no,"{""count_fp"":""40.00"",""created_time"":""2026-04-28T19:00:20.761746Z"",""no_price_dollars"":""0.5400"",""taker_side"":""no"",""ticker"":""KXBTC15M-26APR281515-15"",""trade_id"":""946beca3-7a4a-50c8-1f38-68e44c494313"",""yes_price_dollars"":""0.4600""}"
KXBTC15M-26APR281515-15,9b487e8d-3333-7033-5ce5-78bf7d9641fb,1777402820,0.47,4.28,yes,"{""count_fp"":""4.28"",""created_time"":""2026-04-28T19:00:20.751392Z"",""no_price_dollars"":""0.5300"",""taker_side"":""yes"",""ticker"":""KXBTC15M-26APR281515-15"",""trade_id"":""9b487e8d-3333-7033-5ce5-78bf7d9641fb"",""yes_price_dollars"":""0.4700""}"
KXBTC15M-26APR281515-15,eae851f8-1f3b-6317-6827-221c5b74a96b,1777402820,0.47,47.5,yes,"{""count_fp"":""47.50"",""created_time"":""2026-04-28T19:00:20.748349Z"",""no_price_dollars"":""0.5300"",""taker_side"":""yes"",""ticker"":""KXBTC15M-26APR281515-15"",""trade_id"":""eae851f8-1f3b-6317-6827-221c5b74a96b"",""yes_price_dollars"":""0.4700""}"
KXBTC15M-26APR281515-15,b59abe60-b48b-6e47-f73f-0a15fe4458bf,1777402820,0.47,28.22,yes,"{""count_fp"":""28.22"",""created_time"":""2026-04-28T19:00:20.706189Z"",""no_price_dollars"":""0.5300"",""taker_side"":""yes"",""ticker"":""KXBTC15M-26APR281515-15"",""trade_id"":""b59abe60-b48b-6e47-f73f-0a15fe4458bf"",""yes_price_dollars"":""0.4700""}"
KXBTC15M-26APR281515-15,34d53ce6-ec1a-5f39-2f38-d1172c6c1481,1777402820,0.46,110.0,yes,"{""count_fp"":""110.00"",""created_time"":""2026-04-28T19:00:20.684581Z"",""no_price_dollars"":""0.5400"",""taker_side"":""yes"",""ticker"":""KXBTC15M-26APR281515-15"",""trade_id"":""34d53ce6-ec1a-5f39-2f38-d1172c6c1481"",""yes_price_dollars"":""0.4600""}"
KXBTC15M-26APR281515-15,ed0dd091-410a-4ce5-f8e5-5b5d49832e41,1777402820,0.46,90.0,yes,"{""count_fp"":""90.00"",""created_time"":""2026-04-28T19:00:20.679318Z"",""no_price_dollars"":""0.5400"",""taker_side"":""yes"",""ticker"":""KXBTC15M-26APR281515-15"",""trade_id"":""ed0dd091-410a-4ce5-f8e5-5b5d49832e41"",""yes_price_dollars"":""0.4600""}"
KXBTC15M-26APR281515-15,3ad42a8a-ac19-7b20-3596-c3d64f68610e,1777402820,0.45,0.63,yes,"{""count_fp"":""0.63"",""created_time"":""2026-04-28T19:00:20.657716Z"",""no_price_dollars"":""0.5500"",""taker_side"":""yes"",""ticker"":""KXBTC15M-26APR281515-15"",""trade_id"":""3ad42a8a-ac19-7b20-3596-c3d64f68610e"",""yes_price_dollars"":""0.4500""}"
KXBTC15M-26APR281515-15,bbd0f639-0ac6-6974-8b3f-6da6808afd7a,1777402820,0.45,80.0,yes,"{""count_fp"":""80.00"",""created_time"":""2026-04-28T19:00:20.651115Z"",""no_price_dollars"":""0.5500"",""taker_side"":""yes"",""ticker"":""KXBTC15M-26APR281515-15"",""trade_id"":""bbd0f639-0ac6-6974-8b3f-6da6808afd7a"",""yes_price_dollars"":""0.4500""}"
KXBTC15M-26APR281515-15,9fc93f93-1682-67bb-9ff5-18472b67df3e,1777402820,0.45,491.63,yes,"{""count_fp"":""491.63"",""created_time"":""2026-04-28T19:00:20.651115Z"",""no_price_dollars"":""0.5500"",""taker_side"":""yes"",""ticker"":""KXBTC15M-26APR281515-15"",""trade_id"":""9fc93f93-1682-67bb-9ff5-18472b67df3e"",""yes_price_dollars"":""0.4500""}"
KXBTC15M-26APR281515-15,86faeffb-2a6d-60e0-8449-948c1e0cf8ee,1777402820,0.45,29.37,yes,"{""count_fp"":""29.37"",""created_time"":""2026-04-28T19:00:20.651115Z"",""no_price_dollars"":""0.5500"",""taker_side"":""yes"",""ticker"":""KXBTC15M-26APR281515-15"",""trade_id"":""86faeffb-2a6d-60e0-8449-948c1e0cf8ee"",""yes_price_dollars"":""0.4500""}"
KXBTC15M-26APR281515-15,02029316-0258-6037-9630-bbcc5dd9c4fb,1777402820,0.45,200.0,yes,"{""count_fp"":""200.00"",""created_time"":""2026-04-28T19:00:20.651115Z"",""no_price_dollars"":""0.5500"",""taker_side"":""yes"",""ticker"":""KXBTC15M-26APR281515-15"",""trade_id"":""02029316-0258-6037-9630-bbcc5dd9c4fb"",""yes_price_dollars"":""0.4500""}"
KXBTC15M-26APR281515-15,0e59cac9-8b9e-7b04-fcab-ded5f515f692,1777402820,0.44,3.46,no,"{""count_fp"":""3.46"",""created_time"":""2026-04-28T19:00:20.605481Z"",""no_price_dollars"":""0.5600"",""taker_side"":""no"",""ticker"":""KXBTC15M-26APR281515-15"",""trade_id"":""0e59cac9-8b9e-7b04-fcab-ded5f515f692"",""yes_price_dollars"":""0.4400""}"
KXBTC15M-26APR281515-15,a2ecacf6-3ab7-56a4-2704-e54c2bc9b581,1777402820,0.44,3.0,no,"{""count_fp"":""3.00"",""created_time"":""2026-04-28T19:00:20.338833Z"",""no_price_dollars"":""0.5600"",""taker_side"":""no"",""ticker"":""KXBTC15M-26APR281515-15"",""trade_id"":""a2ecacf6-3ab7-56a4-2704-e54c2bc9b581"",""yes_price_dollars"":""0.4400""}"
KXBTC15M-26APR281515-15,88430189-c3ee-50b4-1e92-32f0271fe02e,1777402820,0.44,24.71,no,"{""count_fp"":""24.71"",""created_time"":""2026-04-28T19:00:20.338833Z"",""no_price_dollars"":""0.5600"",""taker_side"":""no"",""ticker"":""KXBTC15M-26APR281515-15"",""trade_id"":""88430189-c3ee-50b4-1e92-32f0271fe02e"",""yes_price_dollars"":""0.4400""}"
KXBTC15M-26APR281515-15,b410d269-a3a5-6370-d44b-5c03afbb1ad8,1777402821,0.48,56.0,no,"{""count_fp"":""56.00"",""created_time"":""2026-04-28T19:00:21.765229Z"",""no_price_dollars"":""0.5200"",""taker_side"":""no"",""ticker"":""KXBTC15M-26APR281515-15"",""trade_id"":""b410d269-a3a5-6370-d44b-5c03afbb1ad8"",""yes_price_dollars"":""0.4800""}"
KXBTC15M-26APR281515-15,6ef118c9-c33e-7f3f-63cd-c1b6757a2ccf,1777402821,0.48,29.72,no,"{""count_fp"":""29.72"",""created_time"":""2026-04-28T19:00:21.744694Z"",""no_price_dollars"":""0.5200"",""taker_side"":""no"",""ticker"":""KXBTC15M-26APR281515-15"",""trade_id"":""6ef118c9-c33e-7f3f-63cd-c1b6757a2ccf"",""yes_price_dollars"":""0.4800""}"
KXBTC15M-26APR281515-15,194c25a4-6dbd-45c8-6333-b26d8ce28ee2,1777402821,0.47,3.52,no,"{""count_fp"":""3.52"",""created_time"":""2026-04-28T19:00:21.730869Z"",""no_price_dollars"":""0.5300"",""taker_side"":""no"",""ticker"":""KXBTC15M-26APR281515-15"",""trade_id"":""194c25a4-6dbd-45c8-6333-b26d8ce28ee2"",""yes_price_dollars"":""0.4700""}"
KXBTC15M-26APR281515-15,4409f3a7-04b0-6374-067e-d27728503cf8,1777402822,0.44,8.07,yes,"{""count_fp"":""8.07"",""created_time"":""2026-04-28T19:00:22.782612Z"",""no_price_dollars"":""0.5600"",""taker_side"":""yes"",""ticker"":""KXBTC15M-26APR281515-15"",""trade_id"":""4409f3a7-04b0-6374-067e-d27728503cf8"",""yes_price_dollars"":""0.4400""}"
KXBTC15M-26APR281515-15,1d45b06e-ed4d-608d-2394-fc264bc37cfe,1777402822,0.44,41.19,yes,"{""count_fp"":""41.19"",""created_time"":""2026-04-28T19:00:22.782612Z"",""no_price_dollars"":""0.5600"",""taker_side"":""yes"",""ticker"":""KXBTC15M-26APR281515-15"",""trade_id"":""1d45b06e-ed4d-608d-2394-fc264bc37cfe"",""yes_price_dollars"":""0.4400""}"
KXBTC15M-26APR281515-15,fdf75131-434b-7f6f-f283-b44dab36facf,1777402822,0.44,40.0,yes,"{""count_fp"":""40.00"",""created_time"":""2026-04-28T19:00:22.751869Z"",""no_price_dollars"":""0.5600"",""taker_side"":""yes"",""ticker"":""KXBTC15M-26APR281515-15"",""trade_id"":""fdf75131-434b-7f6f-f283-b44dab36facf"",""yes_price_dollars"":""0.4400""}"
KXBTC15M-26APR281515-15,663468b0-5361-7f19-f8c6-3061a891f8e6,1777402822,0.44,38.81,yes,"{""count_fp"":""38.81"",""created_time"":""2026-04-28T19:00:22.751869Z"",""no_price_dollars"":""0.5600"",""taker_side"":""yes"",""ticker"":""KXBTC15M-26APR281515-15"",""trade_id"":""663468b0-5361-7f19-f8c6-3061a891f8e6"",""yes_price_dollars"":""0.4400""}"
KXBTC15M-26APR281515-15,07477e99-1334-6972-1348-852b1a1ee2e6,1777402822,0.45,20.94,yes,"{""count_fp"":""20.94"",""created_time"":""2026-04-28T19:00:22.346965Z"",""no_price_dollars"":""0.5500"",""taker_side"":""yes"",""ticker"":""KXBTC15M-26APR281515-15"",""trade_id"":""07477e99-1334-6972-1348-852b1a1ee2e6"",""yes_price_dollars"":""0.4500""}"
KXBTC15M-26APR281515-15,edfd6861-bc9c-472c-bda8-dbcf4b2f9a7d,1777402822,0.45,14.0,no,"{""count_fp"":""14.00"",""created_time"":""2026-04-28T19:00:22.321881Z"",""no_price_dollars"":""0.5500"",""taker_side"":""no"",""ticker"":""KXBTC15M-26APR281515-15"",""trade_id"":""edfd6861-bc9c-472c-bda8-dbcf4b2f9a7d"",""yes_price_dollars"":""0.4500""}"
KXBTC15M-26APR281515-15,e9da0122-db62-46af-9936-3c5d6eb76a91,1777402822,0.44,1.0,no,"{""count_fp"":""1.00"",""created_time"":""2026-04-28T19:00:22.321881Z"",""no_price_dollars"":""0.5600"",""taker_side"":""no"",""ticker"":""KXBTC15M-26APR281515-15"",""trade_id"":""e9da0122-db62-46af-9936-3c5d6eb76a91"",""yes_price_dollars"":""0.4400""}"
KXBTC15M-26APR281515-15,2a15dee8-64e6-4e48-914e-fc858071d9a5,1777402822,0.44,8.66,no,"{""count_fp"":""8.66"",""created_time"":""2026-04-28T19:00:22.321881Z"",""no_price_dollars"":""0.5600"",""taker_side"":""no"",""ticker"":""KXBTC15M-26APR281515-15"",""trade_id"":""2a15dee8-64e6-4e48-914e-fc858071d9a5"",""yes_price_dollars"":""0.4400""}"
KXBTC15M-26APR281515-15,0a1e16f6-c4fa-59d3-2d31-c964a8c6bc50,1777402823,0.41,32.56,no,"{""count_fp"":""32.56"",""created_time"":""2026-04-28T19:00:23.814514Z"",""no_price_dollars"":""0.5900"",""taker_side"":""no"",""ticker"":""KXBTC15M-26APR281515-15"",""trade_id"":""0a1e16f6-c4fa-59d3-2d31-c964a8c6bc50"",""yes_price_dollars"":""0.4100""}"
KXBTC15M-26APR281515-15,d04f2f5b-eb02-5303-3c97-1c7e95b66d20,1777402823,0.41,20.54,no,"{""count_fp"":""20.54"",""created_time"":""2026-04-28T19:00:23.803093Z"",""no_price_dollars"":""0.5900"",""taker_side"":""no"",""ticker"":""KXBTC15M-26APR281515-15"",""trade_id"":""d04f2f5b-eb02-5303-3c97-1c7e95b66d20"",""yes_price_dollars"":""0.4100""}"
KXBTC15M-26APR281515-15,f1b3d6f4-169d-6a84-9e2e-10f7272c85f9,1777402823,0.42,1.0,no,"{""count_fp"":""1.00"",""created_time"":""2026-04-28T19:00:23.688877Z"",""no_price_dollars"":""0.5800"",""taker_side"":""no"",""ticker"":""KXBTC15M-26APR281515-15"",""trade_id"":""f1b3d6f4-169d-6a84-9e2e-10f7272c85f9"",""yes_price_dollars"":""0.4200""}"
KXBTC15M-26APR281515-15,c525a15d-81f9-69d9-93d9-bba3c9e147e9,1777402823,0.42,1.0,no,"{""count_fp"":""1.00"",""created_time"":""2026-04-28T19:00:23.688877Z"",""no_price_dollars"":""0.5800"",""taker_side"":""no"",""ticker"":""KXBTC15M-26APR281515-15"",""trade_id"":""c525a15d-81f9-69d9-93d9-bba3c9e147e9"",""yes_price_dollars"":""0.4200""}"
KXBTC15M-26APR281515-15,370ce641-51d5-6da0-be6a-3ee4ee32e0e6,1777402823,0.43,1.0,no,"{""count_fp"":""1.00"",""created_time"":""2026-04-28T19:00:23.688877Z"",""no_price_dollars"":""0.5700"",""taker_side"":""no"",""ticker"":""KXBTC15M-26APR281515-15"",""trade_id"":""370ce641-51d5-6da0-be6a-3ee4ee32e0e6"",""yes_price_dollars"":""0.4300""}"
KXBTC15M-26APR281515-15,32c7f3f2-d1a0-7e1a-a53c-cedf9e81d1c5,1777402823,0.44,37.77,yes,"{""count_fp"":""37.77"",""created_time"":""2026-04-28T19:00:23.068655Z"",""no_price_dollars"":""0.5600"",""taker_side"":""yes"",""ticker"":""KXBTC15M-26APR281515-15"",""trade_id"":""32c7f3f2-d1a0-7e1a-a53c-cedf9e81d1c5"",""yes_price_dollars"":""0.4400""}"
KXBTC15M-26APR281515-15,2239a445-21cc-70a8-bb70-671a1d429d28,1777402823,0.44,2.23,yes,"{""count_fp"":""2.23"",""created_time"":""2026-04-28T19:00:23.068655Z"",""no_price_dollars"":""0.5600"",""taker_side"":""yes"",""ticker"":""KXBTC15M-26APR281515-15"",""trade_id"":""2239a445-21cc-70a8-bb70-671a1d429d28"",""yes_price_dollars"":""0.4400""}"
KXBTC15M-26APR281515-15,7e755bc8-a204-66e8-ac46-d40f76ff6ad4,1777402823,0.44,19.7,yes,"{""count_fp"":""19.70"",""created_time"":""2026-04-28T19:00:23.065372Z"",""no_price_dollars"":""0.5600"",""taker_side"":""yes"",""ticker"":""KXBTC15M-26APR281515-15"",""trade_id"":""7e755bc8-a204-66e8-ac46-d40f76ff6ad4"",""yes_price_dollars"":""0.4400""}"
KXBTC15M-26APR281515-15,2e59f52e-4dc7-4a74-77ec-6cc7bf383de8,1777402824,0.41,20.0,yes,"{""count_fp"":""20.00"",""created_time"":""2026-04-28T19:00:24.992001Z"",""no_price_dollars"":""0.5900"",""taker_side"":""yes"",""ticker"":""KXBTC15M-26APR281515-15"",""trade_id"":""2e59f52e-4dc7-4a74-77ec-6cc7bf383de8"",""yes_price_dollars"":""0.4100""}"
KXBTC15M-26APR281515-15,be1b9df8-982f-6583-8155-2c02315ef613,1777402824,0.4,21.25,no,"{""count_fp"":""21.25"",""created_time"":""2026-04-28T19:00:24.746549Z"",""no_price_dollars"":""0.6000"",""taker_side"":""no"",""ticker"":""KXBTC15M-26APR281515-15"",""trade_id"":""be1b9df8-982f-6583-8155-2c02315ef613"",""yes_price_dollars"":""0.4000""}"
KXBTC15M-26APR281515-15,45eb7e3d-2f04-6b64-20df-56d626f7f7fb,1777402824,0.41,2.4,no,"{""count_fp"":""2.40"",""created_time"":""2026-04-28T19:00:24.742746Z"",""no_price_dollars"":""0.5900"",""taker_side"":""no"",""ticker"":""KXBTC15M-26APR281515-15"",""trade_id"":""45eb7e3d-2f04-6b64-20df-56d626f7f7fb"",""yes_price_dollars"":""0.4100""}"
KXBTC15M-26APR281515-15,2081e1af-ced9-6778-3580-1309ba87dfa4,1777402824,0.41,5.0,no,"{""count_fp"":""5.00"",""created_time"":""2026-04-28T19:00:24.742746Z"",""no_price_dollars"":""0.5900"",""taker_side"":""no"",""ticker"":""KXBTC15M-26APR281515-15"",""trade_id"":""2081e1af-ced9-6778-3580-1309ba87dfa4"",""yes_price_dollars"":""0.4100""}"
KXBTC15M-26APR281515-15,1d3f7d64-bd9a-60d7-3e6d-09882fc0073c,1777402824,0.41,4.0,no,"{""count_fp"":""4.00"",""created_time"":""2026-04-28T19:00:24.742746Z"",""no_price_dollars"":""0.5900"",""taker_side"":""no"",""ticker"":""KXBTC15M-26APR281515-15"",""trade_id"":""1d3f7d64-bd9a-60d7-3e6d-09882fc0073c"",""yes_price_dollars"":""0.4100""}"
KXBTC15M-26APR281515-15,53e1028d-dfc7-56d2-44d3-e0e70fa1904f,1777402824,0.42,64.0,yes,"{""count_fp"":""64.00"",""created_time"":""2026-04-28T19:00:24.386213Z"",""no_price_dollars"":""0.5800"",""taker_side"":""yes"",""ticker"":""KXBTC15M-26APR281515-15"",""trade_id"":""53e1028d-dfc7-56d2-44d3-e0e70fa1904f"",""yes_price_dollars"":""0.4200""}"
KXBTC15M-26APR281515-15,35ade52c-1129-528d-5bf1-473e29b70df8,1777402824,0.42,40.0,yes,"{""count_fp"":""40.00"",""created_time"":""2026-04-28T19:00:24.386213Z"",""no_price_dollars"":""0.5800"",""taker_side"":""yes"",""ticker"":""KXBTC15M-26APR281515-15"",""trade_id"":""35ade52c-1129-528d-5bf1-473e29b70df8"",""yes_price_dollars"":""0.4200""}"
KXBTC15M-26APR281515-15,c2eb5e27-0d00-41b4-f40d-9b2f972d0fbb,1777402824,0.41,5.6,no,"{""count_fp"":""5.60"",""created_time"":""2026-04-28T19:00:24.232098Z"",""no_price_dollars"":""0.5900"",""taker_side"":""no"",""ticker"":""KXBTC15M-26APR281515-15"",""trade_id"":""c2eb5e27-0d00-41b4-f40d-9b2f972d0fbb"",""yes_price_dollars"":""0.4100""}"
KXBTC15M-26APR281515-15,3d70fb7f-17a2-448b-c706-88baf8d1c8e0,1777402824,0.41,21.04,no,"{""count_fp"":""21.04"",""created_time"":""2026-04-28T19:00:24.232098Z"",""no_price_dollars"":""0.5900"",""taker_side"":""no"",""ticker"":""KXBTC15M-26APR281515-15"",""trade_id"":""3d70fb7f-17a2-448b-c706-88baf8d1c8e0"",""yes_price_dollars"":""0.4100""}"
KXBTC15M-26APR281515-15,2cc3923c-51e2-6263-6a5e-c1f72bac016c,1777402824,0.41,22.83,no,"{""count_fp"":""22.83"",""created_time"":""2026-04-28T19:00:24.205932Z"",""no_price_dollars"":""0.5900"",""taker_side"":""no"",""ticker"":""KXBTC15M-26APR281515-15"",""trade_id"":""2cc3923c-51e2-6263-6a5e-c1f72bac016c"",""yes_price_dollars"":""0.4100""}"
KXBTC15M-26APR281515-15,f4091b53-ba4e-52a7-18f6-09978bb10420,1777402824,0.41,22.03,no,"{""count_fp"":""22.03"",""created_time"":""2026-04-28T19:00:24.195896Z"",""no_price_dollars"":""0.5900"",""taker_side"":""no"",""ticker"":""KXBTC15M-26APR281515-15"",""trade_id"":""f4091b53-ba4e-52a7-18f6-09978bb10420"",""yes_price_dollars"":""0.4100""}"
KXBTC15M-26APR281515-15,3834a758-86c3-58c7-892b-556fb7971277,1777402825,0.4,1.0,no,"{""count_fp"":""1.00"",""created_time"":""2026-04-28T19:00:25.853459Z"",""no_price_dollars"":""0.6000"",""taker_side"":""no"",""ticker"":""KXBTC15M-26APR281515-15"",""trade_id"":""3834a758-86c3-58c7-892b-556fb7971277"",""yes_price_dollars"":""0.4000""}"
KXBTC15M-26APR281515-15,e1ca50e8-14b3-7f8f-5c4d-1a7262c9bcbb,1777402825,0.4,5.0,no,"{""count_fp"":""5.00"",""created_time"":""2026-04-28T19:00:25.738534Z"",""no_price_dollars"":""0.6000"",""taker_side"":""no"",""ticker"":""KXBTC15M-26APR281515-15"",""trade_id"":""e1ca50e8-14b3-7f8f-5c4d-1a7262c9bcbb"",""yes_price_dollars"":""0.4000""}"
KXBTC15M-26APR281515-15,2e603a0e-b49f-65ea-cbf1-a07a3dc7317f,1777402825,0.41,2.17,yes,"{""count_fp"":""2.17"",""created_time"":""2026-04-28T19:00:25.649026Z"",""no_price_dollars"":""0.5900"",""taker_side"":""yes"",""ticker"":""KXBTC15M-26APR281515-15"",""trade_id"":""2e603a0e-b49f-65ea-cbf1-a07a3dc7317f"",""yes_price_dollars"":""0.4100""}"
KXBTC15M-26APR281515-15,5746e7d5-2701-7bd3-aab8-fcc490ee7ec4,1777402826,0.41,1.9,yes,"{""count_fp"":""1.90"",""created_time"":""2026-04-28T19:00:26.936722Z"",""no_price_dollars"":""0.5900"",""taker_side"":""yes"",""ticker"":""KXBTC15M-26APR281515-15"",""trade_id"":""5746e7d5-2701-7bd3-aab8-fcc490ee7ec4"",""yes_price_dollars"":""0.4100""}"
KXBTC15M-26APR281515-15,cbfcac0b-09f5-782f-f6ac-2e96a8275624,1777402826,0.41,44.31,yes,"{""count_fp"":""44.31"",""created_time"":""2026-04-28T19:00:26.607651Z"",""no_price_dollars"":""0.5900"",""taker_side"":""yes"",""ticker"":""KXBTC15M-26APR281515-15"",""trade_id"":""cbfcac0b-09f5-782f-f6ac-2e96a8275624"",""yes_price_dollars"":""0.4100""}"
KXBTC15M-26APR281515-15,18307387-d2ba-7667-c0da-c6f3780ca8c6,1777402826,0.41,2.53,yes,"{""count_fp"":""2.53"",""created_time"":""2026-04-28T19:00:26.607651Z"",""no_price_dollars"":""0.5900"",""taker_side"":""yes"",""ticker"":""KXBTC15M-26APR281515-15"",""trade_id"":""18307387-d2ba-7667-c0da-c6f3780ca8c6"",""yes_price_dollars"":""0.4100""}"
KXBTC15M-26APR281515-15,a5a83308-12fb-5ef0-4978-28f50325234e,1777402826,0.41,30.0,yes,"{""count_fp"":""30.00"",""created_time"":""2026-04-28T19:00:26.463858Z"",""no_price_dollars"":""0.5900"",""taker_side"":""yes"",""ticker"":""KXBTC15M-26APR281515-15"",""trade_id"":""a5a83308-12fb-5ef0-4978-28f50325234e"",""yes_price_dollars"":""0.4100""}"
KXBTC15M-26APR281515-15,868e26b3-2082-5367-5cee-5bf0eff1db3e,1777402826,0.41,7.47,yes,"{""count_fp"":""7.47"",""created_time"":""2026-04-28T19:00:26.463858Z"",""no_price_dollars"":""0.5900"",""taker_side"":""yes"",""ticker"":""KXBTC15M-26APR281515-15"",""trade_id"":""868e26b3-2082-5367-5cee-5bf0eff1db3e"",""yes_price_dollars"":""0.4100""}"
KXBTC15M-26APR281515-15,b86af7f2-b2e1-5fce-d59c-3c4ff456f3d4,1777402826,0.4,4.0,no,"{""count_fp"":""4.00"",""created_time"":""2026-04-28T19:00:26.390843Z"",""no_price_dollars"":""0.6000"",""taker_side"":""no"",""ticker"":""KXBTC15M-26APR281515-15"",""trade_id"":""b86af7f2-b2e1-5fce-d59c-3c4ff456f3d4"",""yes_price_dollars"":""0.4000""}"
KXBTC15M-26APR281515-15,aaaf256d-eca2-5d09-de7c-c6eb4735b5af,1777402826,0.39,86.86,no,"{""count_fp"":""86.86"",""created_time"":""2026-04-28T19:00:26.390843Z"",""no_price_dollars"":""0.6100"",""taker_side"":""no"",""ticker"":""KXBTC15M-26APR281515-15"",""trade_id"":""aaaf256d-eca2-5d09-de7c-c6eb4735b5af"",""yes_price_dollars"":""0.3900""}"
KXBTC15M-26APR281515-15,4bc34f6f-b80f-5403-da61-56e520d017bf,1777402826,0.4,90.95,no,"{""count_fp"":""90.95"",""created_time"":""2026-04-28T19:00:26.390843Z"",""no_price_dollars"":""0.6000"",""taker_side"":""no"",""ticker"":""KXBTC15M-26APR281515-15"",""trade_id"":""4bc34f6f-b80f-5403-da61-56e520d017bf"",""yes_price_dollars"":""0.4000""}"
KXBTC15M-26APR281515-15,273fe25e-9312-50e8-f833-ee2af01667f0,1777402826,0.4,40.0,no,"{""count_fp"":""40.00"",""created_time"":""2026-04-28T19:00:26.390843Z"",""no_price_dollars"":""0.6000"",""taker_side"":""no"",""ticker"":""KXBTC15M-26APR281515-15"",""trade_id"":""273fe25e-9312-50e8-f833-ee2af01667f0"",""yes_price_dollars"":""0.4000""}"
KXBTC15M-26APR281515-15,904b380c-a637-4f33-9b08-e64bd44e58ff,1777402826,0.4,0.8,no,"{""count_fp"":""0.80"",""created_time"":""2026-04-28T19:00:26.197291Z"",""no_price_dollars"":""0.6000"",""taker_side"":""no"",""ticker"":""KXBTC15M-26APR281515-15"",""trade_id"":""904b380c-a637-4f33-9b08-e64bd44e58ff"",""yes_price_dollars"":""0.4000""}"
KXBTC15M-26APR281515-15,d768fdfa-08a7-5112-daec-6438bc3e25fb,1777402826,0.41,1.0,yes,"{""count_fp"":""1.00"",""created_time"":""2026-04-28T19:00:26.186687Z"",""no_price_dollars"":""0.5900"",""taker_side"":""yes"",""ticker"":""KXBTC15M-26APR281515-15"",""trade_id"":""d768fdfa-08a7-5112-daec-6438bc3e25fb"",""yes_price_dollars"":""0.4100""}"
KXBTC15M-26APR281515-15,029e0b5b-7f29-69ff-4588-983152d8d9bc,1777402827,0.41,234.22,yes,"{""count_fp"":""234.22"",""created_time"":""2026-04-28T19:00:27.950852Z"",""no_price_dollars"":""0.5900"",""taker_side"":""yes"",""ticker"":""KXBTC15M-26APR281515-15"",""trade_id"":""029e0b5b-7f29-69ff-4588-983152d8d9bc"",""yes_price_dollars"":""0.4100""}"
KXBTC15M-26APR281515-15,a3176cc6-7ef9-649f-938b-94958eb56d0c,1777402827,0.41,5.0,yes,"{""count_fp"":""5.00"",""created_time"":""2026-04-28T19:00:27.708667Z"",""no_price_dollars"":""0.5900"",""taker_side"":""yes"",""ticker"":""KXBTC15M-26APR281515-15"",""trade_id"":""a3176cc6-7ef9-649f-938b-94958eb56d0c"",""yes_price_dollars"":""0.4100""}"
KXBTC15M-26APR281515-15,b1bfdab7-809d-7cf3-34c1-78c943415a30,1777402827,0.41,60.0,yes,"{""count_fp"":""60.00"",""created_time"":""2026-04-28T19:00:27.581409Z"",""no_price_dollars"":""0.5900"",""taker_side"":""yes"",""ticker"":""KXBTC15M-26APR281515-15"",""trade_id"":""b1bfdab7-809d-7cf3-34c1-78c943415a30"",""yes_price_dollars"":""0.4100""}"
KXBTC15M-26APR281515-15,13c2a70a-7479-4877-0436-e9478dc1fa44,1777402827,0.41,3.0,yes,"{""count_fp"":""3.00"",""created_time"":""2026-04-28T19:00:27.521604Z"",""no_price_dollars"":""0.5900"",""taker_side"":""yes"",""ticker"":""KXBTC15M-26APR281515-15"",""trade_id"":""13c2a70a-7479-4877-0436-e9478dc1fa44"",""yes_price_dollars"":""0.4100""}"
KXBTC15M-26APR281515-15,489003bb-52fd-474b-490b-343afb444d68,1777402827,0.41,2.92,yes,"{""count_fp"":""2.92"",""created_time"":""2026-04-28T19:00:27.032802Z"",""no_price_dollars"":""0.5900"",""taker_side"":""yes"",""ticker"":""KXBTC15M-26APR281515-15"",""trade_id"":""489003bb-52fd-474b-490b-343afb444d68"",""yes_price_dollars"":""0.4100""}"
KXBTC15M-26APR281515-15,94cf9a8d-adf1-668f-3b56-2d0c8f772940,1777402827,0.41,2.34,yes,"{""count_fp"":""2.34"",""created_time"":""2026-04-28T19:00:27.020695Z"",""no_price_dollars"":""0.5900"",""taker_side"":""yes"",""ticker"":""KXBTC15M-26APR281515-15"",""trade_id"":""94cf9a8d-adf1-668f-3b56-2d0c8f772940"",""yes_price_dollars"":""0.4100""}"
KXBTC15M-26APR281515-15,3200143b-cca3-7629-e3c2-70e2c478d3ea,1777402828,0.4,16.21,no,"{""count_fp"":""16.21"",""created_time"":""2026-04-28T19:00:28.692072Z"",""no_price_dollars"":""0.6000"",""taker_side"":""no"",""ticker"":""KXBTC15M-26APR281515-15"",""trade_id"":""3200143b-cca3-7629-e3c2-70e2c478d3ea"",""yes_price_dollars"":""0.4000""}"
KXBTC15M-26APR281515-15,f4f06f7e-7915-4db7-fb6e-5e0751f6fdfc,1777402828,0.41,0.58,yes,"{""count_fp"":""0.58"",""created_time"":""2026-04-28T19:00:28.276962Z"",""no_price_dollars"":""0.5900"",""taker_side"":""yes"",""ticker"":""KXBTC15M-26APR281515-15"",""trade_id"":""f4f06f7e-7915-4db7-fb6e-5e0751f6fdfc"",""yes_price_dollars"":""0.4100""}"
KXBTC15M-26APR281515-15,2d25d9ec-d409-6a1f-7c1d-29cbe079e760,1777402828,0.41,60.0,yes,"{""count_fp"":""60.00"",""created_time"":""2026-04-28T19:00:28.263081Z"",""no_price_dollars"":""0.5900"",""taker_side"":""yes"",""ticker"":""KXBTC15M-26APR281515-15"",""trade_id"":""2d25d9ec-d409-6a1f-7c1d-29cbe079e760"",""yes_price_dollars"":""0.4100""}"
KXBTC15M-26APR281515-15,cc3c49d8-d70f-5229-75cd-69cd18fa3696,1777402829,0.4,12.46,no,"{""count_fp"":""12.46"",""created_time"":""2026-04-28T19:00:29.583428Z"",""no_price_dollars"":""0.6000"",""taker_side"":""no"",""ticker"":""KXBTC15M-26APR281515-15"",""trade_id"":""cc3c49d8-d70f-5229-75cd-69cd18fa3696"",""yes_price_dollars"":""0.4000""}"
KXBTC15M-26APR281515-15,bfd448c2-99f2-58b5-428c-0bcc65bc9b0f,1777402829,0.39,40.09,no,"{""count_fp"":""40.09"",""created_time"":""2026-04-28T19:00:29.583428Z"",""no_price_dollars"":""0.6100"",""taker_side"":""no"",""ticker"":""KXBTC15M-26APR281515-15"",""trade_id"":""bfd448c2-99f2-58b5-428c-0bcc65bc9b0f"",""yes_price_dollars"":""0.3900""}"
KXBTC15M-26APR281515-15,58a33924-d839-71f3-1536-f531abe5430c,1777402829,0.41,11.71,yes,"{""count_fp"":""11.71"",""created_time"":""2026-04-28T19:00:29.174909Z"",""no_price_dollars"":""0.5900"",""taker_side"":""yes"",""ticker"":""KXBTC15M-26APR281515-15"",""trade_id"":""58a33924-d839-71f3-1536-f531abe5430c"",""yes_price_dollars"":""0.4100""}"
KXBTC15M-26APR281515-15,ad3c389e-9012-730d-3d7f-2caac6b4200f,1777402830,0.39,4.05,no,"{""count_fp"":""4.05"",""created_time"":""2026-04-28T19:00:30.899572Z"",""no_price_dollars"":""0.6100"",""taker_side"":""no"",""ticker"":""KXBTC15M-26APR281515-15"",""trade_id"":""ad3c389e-9012-730d-3d7f-2caac6b4200f"",""yes_price_dollars"":""0.3900""}"
KXBTC15M-26APR281515-15,34ed1165-a2bb-7267-2ee1-e2553b1bdf34,1777402830,0.39,4.0,no,"{""count_fp"":""4.00"",""created_time"":""2026-04-28T19:00:30.899572Z"",""no_price_dollars"":""0.6100"",""taker_side"":""no"",""ticker"":""KXBTC15M-26APR281515-15"",""trade_id"":""34ed1165-a2bb-7267-2ee1-e2553b1bdf34"",""yes_price_dollars"":""0.3900""}"
KXBTC15M-26APR281515-15,e454cd81-9401-78a6-07af-73c650d8073e,1777402830,0.4,23.99,yes,"{""count_fp"":""23.99"",""created_time"":""2026-04-28T19:00:30.517384Z"",""no_price_dollars"":""0.6000"",""taker_side"":""yes"",""ticker"":""KXBTC15M-26APR281515-15"",""trade_id"":""e454cd81-9401-78a6-07af-73c650d8073e"",""yes_price_dollars"":""0.4000""}"
KXBTC15M-26APR281515-15,9d5dd519-b4ba-6f65-37b4-780a408f8eab,1777402830,0.39,1.0,no,"{""count_fp"":""1.00"",""created_time"":""2026-04-28T19:00:30.500816Z"",""no_price_dollars"":""0.6100"",""taker_side"":""no"",""ticker"":""KXBTC15M-26APR281515-15"",""trade_id"":""9d5dd519-b4ba-6f65-37b4-780a408f8eab"",""yes_price_dollars"":""0.3900""}"
KXBTC15M-26APR281515-15,f2799ce9-0215-7fab-e135-477e35664a3c,1777402830,0.4,46.82,yes,"{""count_fp"":""46.82"",""created_time"":""2026-04-28T19:00:30.303288Z"",""no_price_dollars"":""0.6000"",""taker_side"":""yes"",""ticker"":""KXBTC15M-26APR281515-15"",""trade_id"":""f2799ce9-0215-7fab-e135-477e35664a3c"",""yes_price_dollars"":""0.4000""}"
KXBTC15M-26APR281515-15,425e5580-f769-657b-aebf-b2fb62730a10,1777402830,0.4,30.0,yes,"{""count_fp"":""30.00"",""created_time"":""2026-04-28T19:00:30.209109Z"",""no_price_dollars"":""0.6000"",""taker_side"":""yes"",""ticker"":""KXBTC15M-26APR281515-15"",""trade_id"":""425e5580-f769-657b-aebf-b2fb62730a10"",""yes_price_dollars"":""0.4000""}"
KXBTC15M-26APR281515-15,e5da8294-69fd-49b9-78d6-7e638a16a416,1777402831,0.38,15.82,no,"{""count_fp"":""15.82"",""created_time"":""2026-04-28T19:00:31.829759Z"",""no_price_dollars"":""0.6200"",""taker_side"":""no"",""ticker"":""KXBTC15M-26APR281515-15"",""trade_id"":""e5da8294-69fd-49b9-78d6-7e638a16a416"",""yes_price_dollars"":""0.3800""}"
KXBTC15M-26APR281515-15,48a280f9-0229-6009-4dc1-8729dc63286a,1777402831,0.38,17.19,no,"{""count_fp"":""17.19"",""created_time"":""2026-04-28T19:00:31.487775Z"",""no_price_dollars"":""0.6200"",""taker_side"":""no"",""ticker"":""KXBTC15M-26APR281515-15"",""trade_id"":""48a280f9-0229-6009-4dc1-8729dc63286a"",""yes_price_dollars"":""0.3800""}"
KXBTC15M-26APR281515-15,3f51696d-c939-6b1d-5e9e-5377dc44d296,1777402831,0.38,1.07,no,"{""count_fp"":""1.07"",""created_time"":""2026-04-28T19:00:31.272934Z"",""no_price_dollars"":""0.6200"",""taker_side"":""no"",""ticker"":""KXBTC15M-26APR281515-15"",""trade_id"":""3f51696d-c939-6b1d-5e9e-5377dc44d296"",""yes_price_dollars"":""0.3800""}"
KXBTC15M-26APR281515-15,f09ab167-4f87-7f92-10d3-07817972f68c,1777402831,0.39,18.73,yes,"{""count_fp"":""18.73"",""created_time"":""2026-04-28T19:00:31.105375Z"",""no_price_dollars"":""0.6100"",""taker_side"":""yes"",""ticker"":""KXBTC15M-26APR281515-15"",""trade_id"":""f09ab167-4f87-7f92-10d3-07817972f68c"",""yes_price_dollars"":""0.3900""}"
KXBTC15M-26APR281515-15,9d593f9f-b107-59ad-4bde-6ee68191c4d0,1777402832,0.37,23.99,yes,"{""count_fp"":""23.99"",""created_time"":""2026-04-28T19:00:32.983205Z"",""no_price_dollars"":""0.6300"",""taker_side"":""yes"",""ticker"":""KXBTC15M-26APR281515-15"",""trade_id"":""9d593f9f-b107-59ad-4bde-6ee68191c4d0"",""yes_price_dollars"":""0.3700""}"
KXBTC15M-26APR281515-15,f30386a8-07b8-6a22-758a-cc3adfb70b72,1777402832,0.37,3.0,no,"{""count_fp"":""3.00"",""created_time"":""2026-04-28T19:00:32.551408Z"",""no_price_dollars"":""0.6300"",""taker_side"":""no"",""ticker"":""KXBTC15M-26APR281515-15"",""trade_id"":""f30386a8-07b8-6a22-758a-cc3adfb70b72"",""yes_price_dollars"":""0.3700""}"
KXBTC15M-26APR281515-15,e873e852-3c4a-7028-b47e-7995d1a6daad,1777402832,0.37,40.0,no,"{""count_fp"":""40.00"",""created_time"":""2026-04-28T19:00:32.464127Z"",""no_price_dollars"":""0.6300"",""taker_side"":""no"",""ticker"":""KXBTC15M-26APR281515-15"",""trade_id"":""e873e852-3c4a-7028-b47e-7995d1a6daad"",""yes_price_dollars"":""0.3700""}"
KXBTC15M-26APR281515-15,98c2ed57-a2bd-7103-99b3-679c9892f0d3,1777402832,0.37,139.0,no,"{""count_fp"":""139.00"",""created_time"":""2026-04-28T19:00:32.464127Z"",""no_price_dollars"":""0.6300"",""taker_side"":""no"",""ticker"":""KXBTC15M-26APR281515-15"",""trade_id"":""98c2ed57-a2bd-7103-99b3-679c9892f0d3"",""yes_price_dollars"":""0.3700""}"
KXBTC15M-26APR281515-15,8f973959-fb75-75f8-969a-a2b9699ed25c,1777402832,0.37,4.0,no,"{""count_fp"":""4.00"",""created_time"":""2026-04-28T19:00:32.464127Z"",""no_price_dollars"":""0.6300"",""taker_side"":""no"",""ticker"":""KXBTC15M-26APR281515-15"",""trade_id"":""8f973959-fb75-75f8-969a-a2b9699ed25c"",""yes_price_dollars"":""0.3700""}"
KXBTC15M-26APR281515-15,73128208-fe66-778c-a213-490b9c60e91e,1777402832,0.37,67.03,no,"{""count_fp"":""67.03"",""created_time"":""2026-04-28T19:00:32.464127Z"",""no_price_dollars"":""0.6300"",""taker_side"":""no"",""ticker"":""KXBTC15M-26APR281515-15"",""trade_id"":""73128208-fe66-778c-a213-490b9c60e91e"",""yes_price_dollars"":""0.3700""}"
KXBTC15M-26APR281515-15,616d303d-d7be-7d05-af3b-cb923883a17c,1777402832,0.38,40.0,no,"{""count_fp"":""40.00"",""created_time"":""2026-04-28T19:00:32.464127Z"",""no_price_dollars"":""0.6200"",""taker_side"":""no"",""ticker"":""KXBTC15M-26APR281515-15"",""trade_id"":""616d303d-d7be-7d05-af3b-cb923883a17c"",""yes_price_dollars"":""0.3800""}"
KXBTC15M-26APR281515-15,4d4734b9-4a49-7846-ba19-67a772eb79c1,1777402832,0.38,2.0,no,"{""count_fp"":""2.00"",""created_time"":""2026-04-28T19:00:32.464127Z"",""no_price_dollars"":""0.6200"",""taker_side"":""no"",""ticker"":""KXBTC15M-26APR281515-15"",""trade_id"":""4d4734b9-4a49-7846-ba19-67a772eb79c1"",""yes_price_dollars"":""0.3800""}"
KXBTC15M-26APR281515-15,467caf13-d7e5-7661-9256-acc8c619d0a2,1777402832,0.38,95.82,no,"{""count_fp"":""95.82"",""created_time"":""2026-04-28T19:00:32.464127Z"",""no_price_dollars"":""0.6200"",""taker_side"":""no"",""ticker"":""KXBTC15M-26APR281515-15"",""trade_id"":""467caf13-d7e5-7661-9256-acc8c619d0a2"",""yes_price_dollars"":""0.3800""}"
KXBTC15M-26APR281515-15,2ce2edd4-f805-7da2-b076-1e8866c32c4a,1777402832,0.38,75.0,no,"{""count_fp"":""75.00"",""created_time"":""2026-04-28T19:00:32.464127Z"",""no_price_dollars"":""0.6200"",""taker_side"":""no"",""ticker"":""KXBTC15M-26APR281515-15"",""trade_id"":""2ce2edd4-f805-7da2-b076-1e8866c32c4a"",""yes_price_dollars"":""0.3800""}"
KXBTC15M-26APR281515-15,0b2a873a-d8d4-7fc9-b806-fabebe4e8f5c,1777402832,0.38,4.0,no,"{""count_fp"":""4.00"",""created_time"":""2026-04-28T19:00:32.464127Z"",""no_price_dollars"":""0.6200"",""taker_side"":""no"",""ticker"":""KXBTC15M-26APR281515-15"",""trade_id"":""0b2a873a-d8d4-7fc9-b806-fabebe4e8f5c"",""yes_price_dollars"":""0.3800""}"
KXBTC15M-26APR281515-15,202f765d-e62f-48e2-93b5-dc5b145a832c,1777402832,0.39,73.14,yes,"{""count_fp"":""73.14"",""created_time"":""2026-04-28T19:00:32.409296Z"",""no_price_dollars"":""0.6100"",""taker_side"":""yes"",""ticker"":""KXBTC15M-26APR281515-15"",""trade_id"":""202f765d-e62f-48e2-93b5-dc5b145a832c"",""yes_price_dollars"":""0.3900""}"
KXBTC15M-26APR281515-15,cff4ae0a-e241-46c5-84fb-f3ad7e9209f2,1777402832,0.38,2.1,no,"{""count_fp"":""2.10"",""created_time"":""2026-04-28T19:00:32.377328Z"",""no_price_dollars"":""0.6200"",""taker_side"":""no"",""ticker"":""KXBTC15M-26APR281515-15"",""trade_id"":""cff4ae0a-e241-46c5-84fb-f3ad7e9209f2"",""yes_price_dollars"":""0.3800""}"
KXBTC15M-26APR281515-15,a58e8b4e-96ab-605a-c4a6-6281615a25b0,1777402832,0.39,6.0,yes,"{""count_fp"":""6.00"",""created_time"":""2026-04-28T19:00:32.370116Z"",""no_price_dollars"":""0.6100"",""taker_side"":""yes"",""ticker"":""KXBTC15M-26APR281515-15"",""trade_id"":""a58e8b4e-96ab-605a-c4a6-6281615a25b0"",""yes_price_dollars"":""0.3900""}"
KXBTC15M-26APR281515-15,5f92bc5e-4cb3-66de-ae4b-0493d6723294,1777402832,0.39,59.98,yes,"{""count_fp"":""59.98"",""created_time"":""2026-04-28T19:00:32.296096Z"",""no_price_dollars"":""0.6100"",""taker_side"":""yes"",""ticker"":""KXBTC15M-26APR281515-15"",""trade_id"":""5f92bc5e-4cb3-66de-ae4b-0493d6723294"",""yes_price_dollars"":""0.3900""}"
KXBTC15M-26APR281515-15,cf18f168-7f7b-7a41-2873-d393cebecfe0,1777402833,0.37,11.99,yes,"{""count_fp"":""11.99"",""created_time"":""2026-04-28T19:00:33.803513Z"",""no_price_dollars"":""0.6300"",""taker_side"":""yes"",""ticker"":""KXBTC15M-26APR281515-15"",""trade_id"":""cf18f168-7f7b-7a41-2873-d393cebecfe0"",""yes_price_dollars"":""0.3700""}"
KXBTC15M-26APR281515-15,6c1bbf54-e11f-41de-2627-ef75730e38c8,1777402834,0.37,1.0,yes,"{""count_fp"":""1.00"",""created_time"":""2026-04-28T19:00:34.704313Z"",""no_price_dollars"":""0.6300"",""taker_side"":""yes"",""ticker"":""KXBTC15M-26APR281515-15"",""trade_id"":""6c1bbf54-e11f-41de-2627-ef75730e38c8"",""yes_price_dollars"":""0.3700""}"
KXBTC15M-26APR281515-15,9ea7b9d2-a15f-4f72-2dee-5e613bf69d24,1777402834,0.37,10.25,yes,"{""count_fp"":""10.25"",""created_time"":""2026-04-28T19:00:34.424237Z"",""no_price_dollars"":""0.6300"",""taker_side"":""yes"",""ticker"":""KXBTC15M-26APR281515-15"",""trade_id"":""9ea7b9d2-a15f-4f72-2dee-5e613bf69d24"",""yes_price_dollars"":""0.3700""}"
KXBTC15M-26APR281515-15,8030fc86-ac29-61f1-b8cd-0c19488e7284,1777402834,0.36,30.28,no,"{""count_fp"":""30.28"",""created_time"":""2026-04-28T19:00:34.393015Z"",""no_price_dollars"":""0.6400"",""taker_side"":""no"",""ticker"":""KXBTC15M-26APR281515-15"",""trade_id"":""8030fc86-ac29-61f1-b8cd-0c19488e7284"",""yes_price_dollars"":""0.3600""}"
KXBTC15M-26APR281515-15,da9f6892-1a0d-5141-c6aa-163490000124,1777402834,0.36,1.0,no,"{""count_fp"":""1.00"",""created_time"":""2026-04-28T19:00:34.217992Z"",""no_price_dollars"":""0.6400"",""taker_side"":""no"",""ticker"":""KXBTC15M-26APR281515-15"",""trade_id"":""da9f6892-1a0d-5141-c6aa-163490000124"",""yes_price_dollars"":""0.3600""}"
KXBTC15M-26APR281515-15,ecfa4a46-ee0f-7f8e-a43a-354c77630170,1777402834,0.37,7.97,yes,"{""count_fp"":""7.97"",""created_time"":""2026-04-28T19:00:34.124838Z"",""no_price_dollars"":""0.6300"",""taker_side"":""yes"",""ticker"":""KXBTC15M-26APR281515-15"",""trade_id"":""ecfa4a46-ee0f-7f8e-a43a-354c77630170"",""yes_price_dollars"":""0.3700""}"
KXBTC15M-26APR281515-15,9b57aa67-6fe7-7fe1-8e43-d8bd409da5c8,1777402834,0.37,4.02,yes,"{""count_fp"":""4.02"",""created_time"":""2026-04-28T19:00:34.124838Z"",""no_price_dollars"":""0.6300"",""taker_side"":""yes"",""ticker"":""KXBTC15M-26APR281515-15"",""trade_id"":""9b57aa67-6fe7-7fe1-8e43-d8bd409da5c8"",""yes_price_dollars"":""0.3700""}"
KXBTC15M-26APR281515-15,985dd26f-ba3d-4501-efda-cc9dba034e7c,1777402835,0.36,30.0,no,"{""count_fp"":""30.00"",""created_time"":""2026-04-28T19:00:35.678499Z"",""no_price_dollars"":""0.6400"",""taker_side"":""no"",""ticker"":""KXBTC15M-26APR281515-15"",""trade_id"":""985dd26f-ba3d-4501-efda-cc9dba034e7c"",""yes_price_dollars"":""0.3600""}"
KXBTC15M-26APR281515-15,9f4bd689-9123-555a-e892-264341ff3a3c,1777402835,0.37,1.67,yes,"{""count_fp"":""1.67"",""created_time"":""2026-04-28T19:00:35.274798Z"",""no_price_dollars"":""0.6300"",""taker_side"":""yes"",""ticker"":""KXBTC15M-26APR281515-15"",""trade_id"":""9f4bd689-9123-555a-e892-264341ff3a3c"",""yes_price_dollars"":""0.3700""}"
KXBTC15M-26APR281515-15,1b4010b9-1ff3-492a-4ff4-585918e016cc,1777402835,0.37,17.21,yes,"{""count_fp"":""17.21"",""created_time"":""2026-04-28T19:00:35.271238Z"",""no_price_dollars"":""0.6300"",""taker_side"":""yes"",""ticker"":""KXBTC15M-26APR281515-15"",""trade_id"":""1b4010b9-1ff3-492a-4ff4-585918e016cc"",""yes_price_dollars"":""0.3700""}"
KXBTC15M-26APR281515-15,efdc103b-db4b-71de-2cf1-aae640349138,1777402835,0.37,25.88,yes,"{""count_fp"":""25.88"",""created_time"":""2026-04-28T19:00:35.257083Z"",""no_price_dollars"":""0.6300"",""taker_side"":""yes"",""ticker"":""KXBTC15M-26APR281515-15"",""trade_id"":""efdc103b-db4b-71de-2cf1-aae640349138"",""yes_price_dollars"":""0.3700""}"
KXBTC15M-26APR281515-15,26f9f5ba-fd5a-69c2-502e-76098e4894cf,1777402836,0.37,38.82,yes,"{""count_fp"":""38.82"",""created_time"":""2026-04-28T19:00:36.912494Z"",""no_price_dollars"":""0.6300"",""taker_side"":""yes"",""ticker"":""KXBTC15M-26APR281515-15"",""trade_id"":""26f9f5ba-fd5a-69c2-502e-76098e4894cf"",""yes_price_dollars"":""0.3700""}"
KXBTC15M-26APR281515-15,fbcc134a-c1e8-7fb6-adc0-0ba6b852a760,1777402836,0.37,200.0,yes,"{""count_fp"":""200.00"",""created_time"":""2026-04-28T19:00:36.832369Z"",""no_price_dollars"":""0.6300"",""taker_side"":""yes"",""ticker"":""KXBTC15M-26APR281515-15"",""trade_id"":""fbcc134a-c1e8-7fb6-adc0-0ba6b852a760"",""yes_price_dollars"":""0.3700""}"
KXBTC15M-26APR281515-15,f98fe657-457b-72c2-953c-1f33a2d36bc0,1777402836,0.37,265.19,yes,"{""count_fp"":""265.19"",""created_time"":""2026-04-28T19:00:36.832369Z"",""no_price_dollars"":""0.6300"",""taker_side"":""yes"",""ticker"":""KXBTC15M-26APR281515-15"",""trade_id"":""f98fe657-457b-72c2-953c-1f33a2d36bc0"",""yes_price_dollars"":""0.3700""}"
KXBTC15M-26APR281515-15,ef4c062a-19b9-7bd8-b388-3bdd6ca7c080,1777402836,0.37,200.0,yes,"{""count_fp"":""200.00"",""created_time"":""2026-04-28T19:00:36.832369Z"",""no_price_dollars"":""0.6300"",""taker_side"":""yes"",""ticker"":""KXBTC15M-26APR281515-15"",""trade_id"":""ef4c062a-19b9-7bd8-b388-3bdd6ca7c080"",""yes_price_dollars"":""0.3700""}"
KXBTC15M-26APR281515-15,c9a8d3ef-0032-709e-8f00-6734eff1ac94,1777402836,0.37,1.0,yes,"{""count_fp"":""1.00"",""created_time"":""2026-04-28T19:00:36.832369Z"",""no_price_dollars"":""0.6300"",""taker_side"":""yes"",""ticker"":""KXBTC15M-26APR281515-15"",""trade_id"":""c9a8d3ef-0032-709e-8f00-6734eff1ac94"",""yes_price_dollars"":""0.3700""}"
KXBTC15M-26APR281515-15,8d90d03d-877c-74d4-b45b-03a523a2d9a2,1777402836,0.37,30.0,yes,"{""count_fp"":""30.00"",""created_time"":""2026-04-28T19:00:36.832369Z"",""no_price_dollars"":""0.6300"",""taker_side"":""yes"",""ticker"":""KXBTC15M-26APR281515-15"",""trade_id"":""8d90d03d-877c-74d4-b45b-03a523a2d9a2"",""yes_price_dollars"":""0.3700""}"
KXBTC15M-26APR281515-15,6ea791c8-a91c-7b8b-bc4f-a48728a0ecc1,1777402836,0.37,200.0,yes,"{""count_fp"":""200.00"",""created_time"":""2026-04-28T19:00:36.832369Z"",""no_price_dollars"":""0.6300"",""taker_side"":""yes"",""ticker"":""KXBTC15M-26APR281515-15"",""trade_id"":""6ea791c8-a91c-7b8b-bc4f-a48728a0ecc1"",""yes_price_dollars"":""0.3700""}"
KXBTC15M-26APR281515-15,6bb7f7b6-4eac-72f3-b73a-722adf972838,1777402836,0.37,40.0,yes,"{""count_fp"":""40.00"",""created_time"":""2026-04-28T19:00:36.832369Z"",""no_price_dollars"":""0.6300"",""taker_side"":""yes"",""ticker"":""KXBTC15M-26APR281515-15"",""trade_id"":""6bb7f7b6-4eac-72f3-b73a-722adf972838"",""yes_price_dollars"":""0.3700""}"
KXBTC15M-26APR281515-15,60ea94d6-fed5-7b97-a548-5a198607af98,1777402836,0.38,52.46,yes,"{""count_fp"":""52.46"",""created_time"":""2026-04-28T19:00:36.832369Z"",""no_price_dollars"":""0.6200"",""taker_side"":""yes"",""ticker"":""KXBTC15M-26APR281515-15"",""trade_id"":""60ea94d6-fed5-7b97-a548-5a198607af98"",""yes_price_dollars"":""0.3800""}"
KXBTC15M-26APR281515-15,533336ec-825c-79b5-8177-d247de8eb19f,1777402836,0.38,40.0,yes,"{""count_fp"":""40.00"",""created_time"":""2026-04-28T19:00:36.832369Z"",""no_price_dollars"":""0.6200"",""taker_side"":""yes"",""ticker"":""KXBTC15M-26APR281515-15"",""trade_id"":""533336ec-825c-79b5-8177-d247de8eb19f"",""yes_price_dollars"":""0.3800""}"
KXBTC15M-26APR281515-15,518ad13b-ac2d-753c-b216-d3d8f1e96d9e,1777402836,0.37,80.0,yes,"{""count_fp"":""80.00"",""created_time"":""2026-04-28T19:00:36.832369Z"",""no_price_dollars"":""0.6300"",""taker_side"":""yes"",""ticker"":""KXBTC15M-26APR281515-15"",""trade_id"":""518ad13b-ac2d-753c-b216-d3d8f1e96d9e"",""yes_price_dollars"":""0.3700""}"
KXBTC15M-26APR281515-15,237ca606-d897-7abf-818b-1f64441e26eb,1777402836,0.37,200.0,yes,"{""count_fp"":""200.00"",""created_time"":""2026-04-28T19:00:36.832369Z"",""no_price_dollars"":""0.6300"",""taker_side"":""yes"",""ticker"":""KXBTC15M-26APR281515-15"",""trade_id"":""237ca606-d897-7abf-818b-1f64441e26eb"",""yes_price_dollars"":""0.3700""}"
KXBTC15M-26APR281515-15,0cd7b9fd-9926-7852-acf7-b844c8f9a6b6,1777402836,0.37,3.0,yes,"{""count_fp"":""3.00"",""created_time"":""2026-04-28T19:00:36.832369Z"",""no_price_dollars"":""0.6300"",""taker_side"":""yes"",""ticker"":""KXBTC15M-26APR281515-15"",""trade_id"":""0cd7b9fd-9926-7852-acf7-b844c8f9a6b6"",""yes_price_dollars"":""0.3700""}"
KXBTC15M-26APR281515-15,085f3fcc-950d-701e-974e-b749e2ea37c2,1777402836,0.37,5.73,yes,"{""count_fp"":""5.73"",""created_time"":""2026-04-28T19:00:36.832369Z"",""no_price_dollars"":""0.6300"",""taker_side"":""yes"",""ticker"":""KXBTC15M-26APR281515-15"",""trade_id"":""085f3fcc-950d-701e-974e-b749e2ea37c2"",""yes_price_dollars"":""0.3700""}"
KXBTC15M-26APR281515-15,426da0a5-d527-6b7a-5a00-12f64d598b70,1777402836,0.37,129.4,yes,"{""count_fp"":""129.40"",""created_time"":""2026-04-28T19:00:36.830714Z"",""no_price_dollars"":""0.6300"",""taker_side"":""yes"",""ticker"":""KXBTC15M-26APR281515-15"",""trade_id"":""426da0a5-d527-6b7a-5a00-12f64d598b70"",""yes_price_dollars"":""0.3700""}"
KXBTC15M-26APR281515-15,0f128a81-1235-5481-c814-bbd541498b30,1777402836,0.36,7.62,no,"{""count_fp"":""7.62"",""created_time"":""2026-04-28T19:00:36.803372Z"",""no_price_dollars"":""0.6400"",""taker_side"":""no"",""ticker"":""KXBTC15M-26APR281515-15"",""trade_id"":""0f128a81-1235-5481-c814-bbd541498b30"",""yes_price_dollars"":""0.3600""}"
KXBTC15M-26APR281515-15,aa7192e5-5153-6346-d3e0-dc9b5c9ed1e8,1777402836,0.37,25.86,yes,"{""count_fp"":""25.86"",""created_time"":""2026-04-28T19:00:36.715732Z"",""no_price_dollars"":""0.6300"",""taker_side"":""yes"",""ticker"":""KXBTC15M-26APR281515-15"",""trade_id"":""aa7192e5-5153-6346-d3e0-dc9b5c9ed1e8"",""yes_price_dollars"":""0.3700""}"
KXBTC15M-26APR281515-15,2d1ef0ee-351b-4c6e-42e0-c214541c7a58,1777402836,0.37,9.57,yes,"{""count_fp"":""9.57"",""created_time"":""2026-04-28T19:00:36.518904Z"",""no_price_dollars"":""0.6300"",""taker_side"":""yes"",""ticker"":""KXBTC15M-26APR281515-15"",""trade_id"":""2d1ef0ee-351b-4c6e-42e0-c214541c7a58"",""yes_price_dollars"":""0.3700""}"
KXBTC15M-26APR281515-15,ad56a654-78fd-4459-f040-ee158e642f54,1777402836,0.36,7.0,no,"{""count_fp"":""7.00"",""created_time"":""2026-04-28T19:00:36.453501Z"",""no_price_dollars"":""0.6400"",""taker_side"":""no"",""ticker"":""KXBTC15M-26APR281515-15"",""trade_id"":""ad56a654-78fd-4459-f040-ee158e642f54"",""yes_price_dollars"":""0.3600""}"
KXBTC15M-26APR281515-15,4aca3d36-7d76-7876-f0a4-393f0c5e3c73,1777402837,0.37,1.18,yes,"{""count_fp"":""1.18"",""created_time"":""2026-04-28T19:00:37.972597Z"",""no_price_dollars"":""0.6300"",""taker_side"":""yes"",""ticker"":""KXBTC15M-26APR281515-15"",""trade_id"":""4aca3d36-7d76-7876-f0a4-393f0c5e3c73"",""yes_price_dollars"":""0.3700""}"
KXBTC15M-26APR281515-15,295f4484-1e5c-7445-e6d8-0ff4303afdcb,1777402837,0.37,115.27,yes,"{""count_fp"":""115.27"",""created_time"":""2026-04-28T19:00:37.972597Z"",""no_price_dollars"":""0.6300"",""taker_side"":""yes"",""ticker"":""KXBTC15M-26APR281515-15"",""trade_id"":""295f4484-1e5c-7445-e6d8-0ff4303afdcb"",""yes_price_dollars"":""0.3700""}"
KXBTC15M-26APR281515-15,acd8e1a8-0de4-542d-d781-072ef284388b,1777402838,0.37,129.42,yes,"{""count_fp"":""129.42"",""created_time"":""2026-04-28T19:00:38.987667Z"",""no_price_dollars"":""0.6300"",""taker_side"":""yes"",""ticker"":""KXBTC15M-26APR281515-15"",""trade_id"":""acd8e1a8-0de4-542d-d781-072ef284388b"",""yes_price_dollars"":""0.3700""}"
KXBTC15M-26APR281515-15,6eb6f89c-7300-44a9-c78d-0f27d85aa7ff,1777402838,0.37,12.94,yes,"{""count_fp"":""12.94"",""created_time"":""2026-04-28T19:00:38.944976Z"",""no_price_dollars"":""0.6300"",""taker_side"":""yes"",""ticker"":""KXBTC15M-26APR281515-15"",""trade_id"":""6eb6f89c-7300-44a9-c78d-0f27d85aa7ff"",""yes_price_dollars"":""0.3700""}"
KXBTC15M-26APR281515-15,fb6227da-626c-6df9-dfdf-16272dc38343,1777402838,0.37,64.71,yes,"{""count_fp"":""64.71"",""created_time"":""2026-04-28T19:00:38.579633Z"",""no_price_dollars"":""0.6300"",""taker_side"":""yes"",""ticker"":""KXBTC15M-26APR281515-15"",""trade_id"":""fb6227da-626c-6df9-dfdf-16272dc38343"",""yes_price_dollars"":""0.3700""}"
KXBTC15M-26APR281515-15,2b7ba3de-e790-7e61-011a-edb973fd4a67,1777402838,0.37,20.0,yes,"{""count_fp"":""20.00"",""created_time"":""2026-04-28T19:00:38.532219Z"",""no_price_dollars"":""0.6300"",""taker_side"":""yes"",""ticker"":""KXBTC15M-26APR281515-15"",""trade_id"":""2b7ba3de-e790-7e61-011a-edb973fd4a67"",""yes_price_dollars"":""0.3700""}"
KXBTC15M-26APR281515-15,36bd0c77-49a0-6a89-a500-2dd5910113bf,1777402838,0.37,1.0,yes,"{""count_fp"":""1.00"",""created_time"":""2026-04-28T19:00:38.484729Z"",""no_price_dollars"":""0.6300"",""taker_side"":""yes"",""ticker"":""KXBTC15M-26APR281515-15"",""trade_id"":""36bd0c77-49a0-6a89-a500-2dd5910113bf"",""yes_price_dollars"":""0.3700""}"
KXBTC15M-26APR281515-15,cbee91fa-fcc8-4ee5-8e98-aaeba888eae7,1777402838,0.37,38.82,yes,"{""count_fp"":""38.82"",""created_time"":""2026-04-28T19:00:38.474588Z"",""no_price_dollars"":""0.6300"",""taker_side"":""yes"",""ticker"":""KXBTC15M-26APR281515-15"",""trade_id"":""cbee91fa-fcc8-4ee5-8e98-aaeba888eae7"",""yes_price_dollars"":""0.3700""}"
KXBTC15M-26APR281515-15,0f80f395-0ae1-4bd5-cba3-423384f70e18,1777402838,0.36,33.61,no,"{""count_fp"":""33.61"",""created_time"":""2026-04-28T19:00:38.375384Z"",""no_price_dollars"":""0.6400"",""taker_side"":""no"",""ticker"":""KXBTC15M-26APR281515-15"",""trade_id"":""0f80f395-0ae1-4bd5-cba3-423384f70e18"",""yes_price_dollars"":""0.3600""}"
KXBTC15M-26APR281515-15,c5381e2b-ebc0-5eb1-66e0-dc537e2142d3,1777402838,0.37,2.0,yes,"{""count_fp"":""2.00"",""created_time"":""2026-04-28T19:00:38.338106Z"",""no_price_dollars"":""0.6300"",""taker_side"":""yes"",""ticker"":""KXBTC15M-26APR281515-15"",""trade_id"":""c5381e2b-ebc0-5eb1-66e0-dc537e2142d3"",""yes_price_dollars"":""0.3700""}"
KXBTC15M-26APR281515-15,e1d8b21a-66e0-74a1-db14-1bc2b69f0deb,1777402839,0.37,0.25,yes,"{""count_fp"":""0.25"",""created_time"":""2026-04-28T19:00:39.921764Z"",""no_price_dollars"":""0.6300"",""taker_side"":""yes"",""ticker"":""KXBTC15M-26APR281515-15"",""trade_id"":""e1d8b21a-66e0-74a1-db14-1bc2b69f0deb"",""yes_price_dollars"":""0.3700""}"
KXBTC15M-26APR281515-15,d0b5e8f9-bd6c-5be1-cb18-097c8f94952f,1777402839,0.37,12.91,yes,"{""count_fp"":""12.91"",""created_time"":""2026-04-28T19:00:39.900105Z"",""no_price_dollars"":""0.6300"",""taker_side"":""yes"",""ticker"":""KXBTC15M-26APR281515-15"",""trade_id"":""d0b5e8f9-bd6c-5be1-cb18-097c8f94952f"",""yes_price_dollars"":""0.3700""}"
KXBTC15M-26APR281515-15,34a9b6f4-240c-427d-fe38-e2edeeb135a7,1777402839,0.37,3.46,yes,"{""count_fp"":""3.46"",""created_time"":""2026-04-28T19:00:39.725231Z"",""no_price_dollars"":""0.6300"",""taker_side"":""yes"",""ticker"":""KXBTC15M-26APR281515-15"",""trade_id"":""34a9b6f4-240c-427d-fe38-e2edeeb135a7"",""yes_price_dollars"":""0.3700""}"
KXBTC15M-26APR281515-15,b91c17d6-d736-581b-2d76-d648e98e3dc1,1777402839,0.36,1.06,no,"{""count_fp"":""1.06"",""created_time"":""2026-04-28T19:00:39.654878Z"",""no_price_dollars"":""0.6400"",""taker_side"":""no"",""ticker"":""KXBTC15M-26APR281515-15"",""trade_id"":""b91c17d6-d736-581b-2d76-d648e98e3dc1"",""yes_price_dollars"":""0.3600""}"
KXBTC15M-26APR281515-15,6d8df65b-872e-6d07-5196-c7088f05aa0d,1777402839,0.36,7.62,no,"{""count_fp"":""7.62"",""created_time"":""2026-04-28T19:00:39.293451Z"",""no_price_dollars"":""0.6400"",""taker_side"":""no"",""ticker"":""KXBTC15M-26APR281515-15"",""trade_id"":""6d8df65b-872e-6d07-5196-c7088f05aa0d"",""yes_price_dollars"":""0.3600""}"
KXBTC15M-26APR281515-15,f1443a87-55b7-6bfa-f333-134998c77aa0,1777402839,0.36,100.0,no,"{""count_fp"":""100.00"",""created_time"":""2026-04-28T19:00:39.088459Z"",""no_price_dollars"":""0.6400"",""taker_side"":""no"",""ticker"":""KXBTC15M-26APR281515-15"",""trade_id"":""f1443a87-55b7-6bfa-f333-134998c77aa0"",""yes_price_dollars"":""0.3600""}"
KXBTC15M-26APR281515-15,bedd5fb3-8882-6e61-f385-e3cbfd3443b0,1777402839,0.36,2.0,no,"{""count_fp"":""2.00"",""created_time"":""2026-04-28T19:00:39.088459Z"",""no_price_dollars"":""0.6400"",""taker_side"":""no"",""ticker"":""KXBTC15M-26APR281515-15"",""trade_id"":""bedd5fb3-8882-6e61-f385-e3cbfd3443b0"",""yes_price_dollars"":""0.3600""}"
KXBTC15M-26APR281515-15,64babfb3-8283-6eef-c1ad-bcc1bcd8c7e8,1777402839,0.36,4.0,no,"{""count_fp"":""4.00"",""created_time"":""2026-04-28T19:00:39.088459Z"",""no_price_dollars"":""0.6400"",""taker_side"":""no"",""ticker"":""KXBTC15M-26APR281515-15"",""trade_id"":""64babfb3-8283-6eef-c1ad-bcc1bcd8c7e8"",""yes_price_dollars"":""0.3600""}"
KXBTC15M-26APR281515-15,55d04007-0852-630b-e623-a584082daded,1777402839,0.36,54.51,no,"{""count_fp"":""54.51"",""created_time"":""2026-04-28T19:00:39.088459Z"",""no_price_dollars"":""0.6400"",""taker_side"":""no"",""ticker"":""KXBTC15M-26APR281515-15"",""trade_id"":""55d04007-0852-630b-e623-a584082daded"",""yes_price_dollars"":""0.3600""}"
KXBTC15M-26APR281515-15,46974732-9a71-6051-e6cd-d2d06f577d80,1777402839,0.36,29.49,no,"{""count_fp"":""29.49"",""created_time"":""2026-04-28T19:00:39.088459Z"",""no_price_dollars"":""0.6400"",""taker_side"":""no"",""ticker"":""KXBTC15M-26APR281515-15"",""trade_id"":""46974732-9a71-6051-e6cd-d2d06f577d80"",""yes_price_dollars"":""0.3600""}"
KXBTC15M-26APR281515-15,405a3030-db5a-68a5-ed19-155032f8ed16,1777402839,0.36,10.0,no,"{""count_fp"":""10.00"",""created_time"":""2026-04-28T19:00:39.088459Z"",""no_price_dollars"":""0.6400"",""taker_side"":""no"",""ticker"":""KXBTC15M-26APR281515-15"",""trade_id"":""405a3030-db5a-68a5-ed19-155032f8ed16"",""yes_price_dollars"":""0.3600""}"
KXBTC15M-26APR281515-15,e7331371-b6e8-643f-af08-fa564a7c6311,1777402840,0.36,0.88,no,"{""count_fp"":""0.88"",""created_time"":""2026-04-28T19:00:40.670709Z"",""no_price_dollars"":""0.6400"",""taker_side"":""no"",""ticker"":""KXBTC15M-26APR281515-15"",""trade_id"":""e7331371-b6e8-643f-af08-fa564a7c6311"",""yes_price_dollars"":""0.3600""}"
KXBTC15M-26APR281515-15,1a6351c3-a49c-4f95-3dad-689b4eb523bf,1777402840,0.37,30.0,yes,"{""count_fp"":""30.00"",""created_time"":""2026-04-28T19:00:40.645059Z"",""no_price_dollars"":""0.6300"",""taker_side"":""yes"",""ticker"":""KXBTC15M-26APR281515-15"",""trade_id"":""1a6351c3-a49c-4f95-3dad-689b4eb523bf"",""yes_price_dollars"":""0.3700""}"
KXBTC15M-26APR281515-15,39c26034-1d78-447d-1375-545967852a7b,1777402840,0.37,12.94,yes,"{""count_fp"":""12.94"",""created_time"":""2026-04-28T19:00:40.522569Z"",""no_price_dollars"":""0.6300"",""taker_side"":""yes"",""ticker"":""KXBTC15M-26APR281515-15"",""trade_id"":""39c26034-1d78-447d-1375-545967852a7b"",""yes_price_dollars"":""0.3700""}"
KXBTC15M-26APR281515-15,c8d07bed-1334-77b3-9d7e-21d51b7a94bd,1777402840,0.36,26.12,no,"{""count_fp"":""26.12"",""created_time"":""2026-04-28T19:00:40.357411Z"",""no_price_dollars"":""0.6400"",""taker_side"":""no"",""ticker"":""KXBTC15M-26APR281515-15"",""trade_id"":""c8d07bed-1334-77b3-9d7e-21d51b7a94bd"",""yes_price_dollars"":""0.3600""}"
KXBTC15M-26APR281515-15,c52eafaa-de66-75ff-9a2c-e0352b5ae2a5,1777402840,0.36,137.88,no,"{""count_fp"":""137.88"",""created_time"":""2026-04-28T19:00:40.357411Z"",""no_price_dollars"":""0.6400"",""taker_side"":""no"",""ticker"":""KXBTC15M-26APR281515-15"",""trade_id"":""c52eafaa-de66-75ff-9a2c-e0352b5ae2a5"",""yes_price_dollars"":""0.3600""}"
KXBTC15M-26APR281515-15,70c889cc-bd72-7b83-60df-4ba7c6d982f9,1777402840,0.36,46.17,no,"{""count_fp"":""46.17"",""created_time"":""2026-04-28T19:00:40.300076Z"",""no_price_dollars"":""0.6400"",""taker_side"":""no"",""ticker"":""KXBTC15M-26APR281515-15"",""trade_id"":""70c889cc-bd72-7b83-60df-4ba7c6d982f9"",""yes_price_dollars"":""0.3600""}"
KXBTC15M-26APR281515-15,c5154d00-d8ce-6fa7-00d3-335833fa5a35,1777402840,0.36,21.84,no,"{""count_fp"":""21.84"",""created_time"":""2026-04-28T19:00:40.294477Z"",""no_price_dollars"":""0.6400"",""taker_side"":""no"",""ticker"":""KXBTC15M-26APR281515-15"",""trade_id"":""c5154d00-d8ce-6fa7-00d3-335833fa5a35"",""yes_price_dollars"":""0.3600""}"
KXBTC15M-26APR281515-15,4a1e6688-e53f-7728-ea77-dbb7fbc2d633,1777402841,0.36,25.88,yes,"{""count_fp"":""25.88"",""created_time"":""2026-04-28T19:00:41.951115Z"",""no_price_dollars"":""0.6400"",""taker_side"":""yes"",""ticker"":""KXBTC15M-26APR281515-15"",""trade_id"":""4a1e6688-e53f-7728-ea77-dbb7fbc2d633"",""yes_price_dollars"":""0.3600""}"
KXBTC15M-26APR281515-15,88317e40-2ae5-444a-77c1-9c7f29df6f5a,1777402841,0.35,23.0,no,"{""count_fp"":""23.00"",""created_time"":""2026-04-28T19:00:41.873363Z"",""no_price_dollars"":""0.6500"",""taker_side"":""no"",""ticker"":""KXBTC15M-26APR281515-15"",""trade_id"":""88317e40-2ae5-444a-77c1-9c7f29df6f5a"",""yes_price_dollars"":""0.3500""}"
KXBTC15M-26APR281515-15,b19c56d7-c909-41d2-fb7a-c72f6b02b923,1777402841,0.36,129.42,yes,"{""count_fp"":""129.42"",""created_time"":""2026-04-28T19:00:41.323221Z"",""no_price_dollars"":""0.6400"",""taker_side"":""yes"",""ticker"":""KXBTC15M-26APR281515-15"",""trade_id"":""b19c56d7-c909-41d2-fb7a-c72f6b02b923"",""yes_price_dollars"":""0.3600""}"
KXBTC15M-26APR281515-15,02c9798e-2f75-65ee-6805-579485d3d987,1777402841,0.36,2.0,yes,"{""count_fp"":""2.00"",""created_time"":""2026-04-28T19:00:41.046139Z"",""no_price_dollars"":""0.6400"",""taker_side"":""yes"",""ticker"":""KXBTC15M-26APR281515-15"",""trade_id"":""02c9798e-2f75-65ee-6805-579485d3d987"",""yes_price_dollars"":""0.3600""}"
KXBTC15M-26APR281515-15,d253d7d9-49a0-4d78-7861-fa7ad7a037cd,1777402842,0.36,5.0,yes,"{""count_fp"":""5.00"",""created_time"":""2026-04-28T19:00:42.877998Z"",""no_price_dollars"":""0.6400"",""taker_side"":""yes"",""ticker"":""KXBTC15M-26APR281515-15"",""trade_id"":""d253d7d9-49a0-4d78-7861-fa7ad7a037cd"",""yes_price_dollars"":""0.3600""}"
KXBTC15M-26APR281515-15,ae31eb89-fe95-7636-3f67-fef6a84bb27a,1777402842,0.35,13.51,no,"{""count_fp"":""13.51"",""created_time"":""2026-04-28T19:00:42.803511Z"",""no_price_dollars"":""0.6500"",""taker_side"":""no"",""ticker"":""KXBTC15M-26APR281515-15"",""trade_id"":""ae31eb89-fe95-7636-3f67-fef6a84bb27a"",""yes_price_dollars"":""0.3500""}"
KXBTC15M-26APR281515-15,f10c8e67-0c98-66bc-21e2-c12d777bee59,1777402842,0.36,12.94,yes,"{""count_fp"":""12.94"",""created_time"":""2026-04-28T19:00:42.481118Z"",""no_price_dollars"":""0.6400"",""taker_side"":""yes"",""ticker"":""KXBTC15M-26APR281515-15"",""trade_id"":""f10c8e67-0c98-66bc-21e2-c12d777bee59"",""yes_price_dollars"":""0.3600""}"
KXBTC15M-26APR281515-15,95c98536-2c13-61fc-a6ce-20b30543927b,1777402842,0.36,2.12,yes,"{""count_fp"":""2.12"",""created_time"":""2026-04-28T19:00:42.405611Z"",""no_price_dollars"":""0.6400"",""taker_side"":""yes"",""ticker"":""KXBTC15M-26APR281515-15"",""trade_id"":""95c98536-2c13-61fc-a6ce-20b30543927b"",""yes_price_dollars"":""0.3600""}"
KXBTC15M-26APR281515-15,81b99e4b-3333-6318-b22b-78b4094486d0,1777402842,0.36,0.46,yes,"{""count_fp"":""0.46"",""created_time"":""2026-04-28T19:00:42.405611Z"",""no_price_dollars"":""0.6400"",""taker_side"":""yes"",""ticker"":""KXBTC15M-26APR281515-15"",""trade_id"":""81b99e4b-3333-6318-b22b-78b4094486d0"",""yes_price_dollars"":""0.3600""}"
KXBTC15M-26APR281515-15,33495a8c-851d-5a82-1648-4684281af712,1777402842,0.35,31.0,no,"{""count_fp"":""31.00"",""created_time"":""2026-04-28T19:00:42.345929Z"",""no_price_dollars"":""0.6500"",""taker_side"":""no"",""ticker"":""KXBTC15M-26APR281515-15"",""trade_id"":""33495a8c-851d-5a82-1648-4684281af712"",""yes_price_dollars"":""0.3500""}"
KXBTC15M-26APR281515-15,46d88e73-b341-53aa-3f42-1318d772d556,1777402842,0.35,2.34,no,"{""count_fp"":""2.34"",""created_time"":""2026-04-28T19:00:42.227216Z"",""no_price_dollars"":""0.6500"",""taker_side"":""no"",""ticker"":""KXBTC15M-26APR281515-15"",""trade_id"":""46d88e73-b341-53aa-3f42-1318d772d556"",""yes_price_dollars"":""0.3500""}"
KXBTC15M-26APR281515-15,1a01c776-ab50-6f95-a7fd-8ad3c897d983,1777402843,0.36,10.35,yes,"{""count_fp"":""10.35"",""created_time"":""2026-04-28T19:00:43.946386Z"",""no_price_dollars"":""0.6400"",""taker_side"":""yes"",""ticker"":""KXBTC15M-26APR281515-15"",""trade_id"":""1a01c776-ab50-6f95-a7fd-8ad3c897d983"",""yes_price_dollars"":""0.3600""}"
KXBTC15M-26APR281515-15,a5329237-4384-6500-3c07-e768ee67f4c5,1777402843,0.36,22.06,yes,"{""count_fp"":""22.06"",""created_time"":""2026-04-28T19:00:43.240534Z"",""no_price_dollars"":""0.6400"",""taker_side"":""yes"",""ticker"":""KXBTC15M-26APR281515-15"",""trade_id"":""a5329237-4384-6500-3c07-e768ee67f4c5"",""yes_price_dollars"":""0.3600""}"
KXBTC15M-26APR281515-15,8dd0f732-37f8-6c45-3a83-2fc757a80907,1777402843,0.36,16.94,yes,"{""count_fp"":""16.94"",""created_time"":""2026-04-28T19:00:43.240534Z"",""no_price_dollars"":""0.6400"",""taker_side"":""yes"",""ticker"":""KXBTC15M-26APR281515-15"",""trade_id"":""8dd0f732-37f8-6c45-3a83-2fc757a80907"",""yes_price_dollars"":""0.3600""}"
KXBTC15M-26APR281515-15,03581645-66b8-7295-246c-e35fbaae7c02,1777402844,0.36,0.37,yes,"{""count_fp"":""0.37"",""created_time"":""2026-04-28T19:00:44.919787Z"",""no_price_dollars"":""0.6400"",""taker_side"":""yes"",""ticker"":""KXBTC15M-26APR281515-15"",""trade_id"":""03581645-66b8-7295-246c-e35fbaae7c02"",""yes_price_dollars"":""0.3600""}"
KXBTC15M-26APR281515-15,9de3a426-76ea-6918-dbaf-46723d57235b,1777402844,0.35,1.87,no,"{""count_fp"":""1.87"",""created_time"":""2026-04-28T19:00:44.646577Z"",""no_price_dollars"":""0.6500"",""taker_side"":""no"",""ticker"":""KXBTC15M-26APR281515-15"",""trade_id"":""9de3a426-76ea-6918-dbaf-46723d57235b"",""yes_price_dollars"":""0.3500""}"
KXBTC15M-26APR281515-15,1d8c0507-ecfd-6a82-f7f2-595e55b0c4b6,1777402844,0.35,5.13,no,"{""count_fp"":""5.13"",""created_time"":""2026-04-28T19:00:44.646577Z"",""no_price_dollars"":""0.6500"",""taker_side"":""no"",""ticker"":""KXBTC15M-26APR281515-15"",""trade_id"":""1d8c0507-ecfd-6a82-f7f2-595e55b0c4b6"",""yes_price_dollars"":""0.3500""}"
KXBTC15M-26APR281515-15,04c2fa46-a6cd-4b8a-748e-8cfe6605bf72,1777402844,0.35,52.55,no,"{""count_fp"":""52.55"",""created_time"":""2026-04-28T19:00:44.573185Z"",""no_price_dollars"":""0.6500"",""taker_side"":""no"",""ticker"":""KXBTC15M-26APR281515-15"",""trade_id"":""04c2fa46-a6cd-4b8a-748e-8cfe6605bf72"",""yes_price_dollars"":""0.3500""}"
KXBTC15M-26APR281515-15,d495c13e-1ad3-5a85-2cb2-b640ce4e6b44,1777402844,0.36,82.0,yes,"{""count_fp"":""82.00"",""created_time"":""2026-04-28T19:00:44.520528Z"",""no_price_dollars"":""0.6400"",""taker_side"":""yes"",""ticker"":""KXBTC15M-26APR281515-15"",""trade_id"":""d495c13e-1ad3-5a85-2cb2-b640ce4e6b44"",""yes_price_dollars"":""0.3600""}"
KXBTC15M-26APR281515-15,57bfff1b-a81c-5461-0fc1-f522f570e722,1777402844,0.36,18.0,yes,"{""count_fp"":""18.00"",""created_time"":""2026-04-28T19:00:44.520528Z"",""no_price_dollars"":""0.6400"",""taker_side"":""yes"",""ticker"":""KXBTC15M-26APR281515-15"",""trade_id"":""57bfff1b-a81c-5461-0fc1-f522f570e722"",""yes_price_dollars"":""0.3600""}"
KXBTC15M-26APR281515-15,6b82e261-bb3b-4821-9ed0-f42bcbcb153c,1777402844,0.36,13.0,yes,"{""count_fp"":""13.00"",""created_time"":""2026-04-28T19:00:44.436977Z"",""no_price_dollars"":""0.6400"",""taker_side"":""yes"",""ticker"":""KXBTC15M-26APR281515-15"",""trade_id"":""6b82e261-bb3b-4821-9ed0-f42bcbcb153c"",""yes_price_dollars"":""0.3600""}"
KXBTC15M-26APR281515-15,8b16a67c-629b-5355-c73e-cd8e6bd23ce0,1777402844,0.36,5.0,yes,"{""count_fp"":""5.00"",""created_time"":""2026-04-28T19:00:44.325648Z"",""no_price_dollars"":""0.6400"",""taker_side"":""yes"",""ticker"":""KXBTC15M-26APR281515-15"",""trade_id"":""8b16a67c-629b-5355-c73e-cd8e6bd23ce0"",""yes_price_dollars"":""0.3600""}"
KXBTC15M-26APR281515-15,d9af3220-a330-62e1-2117-7846a456a6c3,1777402844,0.36,253.67,yes,"{""count_fp"":""253.67"",""created_time"":""2026-04-28T19:00:44.152681Z"",""no_price_dollars"":""0.6400"",""taker_side"":""yes"",""ticker"":""KXBTC15M-26APR281515-15"",""trade_id"":""d9af3220-a330-62e1-2117-7846a456a6c3"",""yes_price_dollars"":""0.3600""}"
KXBTC15M-26APR281515-15,bd34678b-03f9-6072-4cad-570aec4f1c6e,1777402844,0.35,7.5,no,"{""count_fp"":""7.50"",""created_time"":""2026-04-28T19:00:44.149459Z"",""no_price_dollars"":""0.6500"",""taker_side"":""no"",""ticker"":""KXBTC15M-26APR281515-15"",""trade_id"":""bd34678b-03f9-6072-4cad-570aec4f1c6e"",""yes_price_dollars"":""0.3500""}"
KXBTC15M-26APR281515-15,6d1f557c-0390-7d60-d136-426b7f9de23d,1777402845,0.35,0.75,no,"{""count_fp"":""0.75"",""created_time"":""2026-04-28T19:00:45.632257Z"",""no_price_dollars"":""0.6500"",""taker_side"":""no"",""ticker"":""KXBTC15M-26APR281515-15"",""trade_id"":""6d1f557c-0390-7d60-d136-426b7f9de23d"",""yes_price_dollars"":""0.3500""}"
KXBTC15M-26APR281515-15,90f97c7b-7314-67a2-12d2-530f20eac6f3,1777402845,0.36,847.1,yes,"{""count_fp"":""847.10"",""created_time"":""2026-04-28T19:00:45.362876Z"",""no_price_dollars"":""0.6400"",""taker_side"":""yes"",""ticker"":""KXBTC15M-26APR281515-15"",""trade_id"":""90f97c7b-7314-67a2-12d2-530f20eac6f3"",""yes_price_dollars"":""0.3600""}"
KXBTC15M-26APR281515-15,4ce302d4-df7f-67c4-1676-23cae16460d7,1777402845,0.36,82.23,yes,"{""count_fp"":""82.23"",""created_time"":""2026-04-28T19:00:45.362876Z"",""no_price_dollars"":""0.6400"",""taker_side"":""yes"",""ticker"":""KXBTC15M-26APR281515-15"",""trade_id"":""4ce302d4-df7f-67c4-1676-23cae16460d7"",""yes_price_dollars"":""0.3600""}"
KXBTC15M-26APR281515-15,3ae20200-a93c-60d5-1852-ac90528a9533,1777402845,0.36,200.0,yes,"{""count_fp"":""200.00"",""created_time"":""2026-04-28T19:00:45.362876Z"",""no_price_dollars"":""0.6400"",""taker_side"":""yes"",""ticker"":""KXBTC15M-26APR281515-15"",""trade_id"":""3ae20200-a93c-60d5-1852-ac90528a9533"",""yes_price_dollars"":""0.3600""}"
KXBTC15M-26APR281515-15,1929ac0d-74af-6cd5-2130-7f1aa11505b2,1777402845,0.36,200.0,yes,"{""count_fp"":""200.00"",""created_time"":""2026-04-28T19:00:45.362876Z"",""no_price_dollars"":""0.6400"",""taker_side"":""yes"",""ticker"":""KXBTC15M-26APR281515-15"",""trade_id"":""1929ac0d-74af-6cd5-2130-7f1aa11505b2"",""yes_price_dollars"":""0.3600""}"
KXBTC15M-26APR281515-15,251b3110-29a8-7789-5263-b53511121eba,1777402845,0.36,13.78,yes,"{""count_fp"":""13.78"",""created_time"":""2026-04-28T19:00:45.237573Z"",""no_price_dollars"":""0.6400"",""taker_side"":""yes"",""ticker"":""KXBTC15M-26APR281515-15"",""trade_id"":""251b3110-29a8-7789-5263-b53511121eba"",""yes_price_dollars"":""0.3600""}"
KXBTC15M-26APR281515-15,0c3e01fd-8a43-70cc-781e-3fc415f65b3f,1777402845,0.36,117.77,yes,"{""count_fp"":""117.77"",""created_time"":""2026-04-28T19:00:45.237573Z"",""no_price_dollars"":""0.6400"",""taker_side"":""yes"",""ticker"":""KXBTC15M-26APR281515-15"",""trade_id"":""0c3e01fd-8a43-70cc-781e-3fc415f65b3f"",""yes_price_dollars"":""0.3600""}"
KXBTC15M-26APR281515-15,fbc3aa7f-276e-4ddc-f21d-3ed4929eab07,1777402845,0.35,2.13,no,"{""count_fp"":""2.13"",""created_time"":""2026-04-28T19:00:45.150704Z"",""no_price_dollars"":""0.6500"",""taker_side"":""no"",""ticker"":""KXBTC15M-26APR281515-15"",""trade_id"":""fbc3aa7f-276e-4ddc-f21d-3ed4929eab07"",""yes_price_dollars"":""0.3500""}"
KXBTC15M-26APR281515-15,fb55300e-4f94-4bc2-fd99-0fdd93440758,1777402845,0.35,4.0,no,"{""count_fp"":""4.00"",""created_time"":""2026-04-28T19:00:45.150704Z"",""no_price_dollars"":""0.6500"",""taker_side"":""no"",""ticker"":""KXBTC15M-26APR281515-15"",""trade_id"":""fb55300e-4f94-4bc2-fd99-0fdd93440758"",""yes_price_dollars"":""0.3500""}"
