ticker,trade_id,ts,yes_price,count,taker_side,raw_json
KXBTC15M-26APR281500-00,f6614e61-b0a8-4d3a-ae00-8f11eb0180e9,1777401901,0.46,1.0,no,"{""count_fp"":""1.00"",""created_time"":""2026-04-28T18:45:01.877455Z"",""no_price_dollars"":""0.5400"",""taker_side"":""no"",""ticker"":""KXBTC15M-26APR281500-00"",""trade_id"":""f6614e61-b0a8-4d3a-ae00-8f11eb0180e9"",""yes_price_dollars"":""0.4600""}"
KXBTC15M-26APR281500-00,d16d9144-95b9-4ee2-a409-8200e29c57a0,1777401901,0.46,2.0,no,"{""count_fp"":""2.00"",""created_time"":""2026-04-28T18:45:01.877455Z"",""no_price_dollars"":""0.5400"",""taker_side"":""no"",""ticker"":""KXBTC15M-26APR281500-00"",""trade_id"":""d16d9144-95b9-4ee2-a409-8200e29c57a0"",""yes_price_dollars"":""0.4600""}"
KXBTC15M-26APR281500-00,8c7bfa1b-1590-41e5-bdb5-dc54ed095715,1777401901,0.46,1.0,no,"{""count_fp"":""1.00"",""created_time"":""2026-04-28T18:45:01.877455Z"",""no_price_dollars"":""0.5400"",""taker_side"":""no"",""ticker"":""KXBTC15M-26APR281500-00"",""trade_id"":""8c7bfa1b-1590-41e5-bdb5-dc54ed095715"",""yes_price_dollars"":""0.4600""}"
KXBTC15M-26APR281500-00,e739c7cc-dcd5-469a-08e5-5c474582db11,1777401901,0.46,1.0,no,"{""count_fp"":""1.00"",""created_time"":""2026-04-28T18:45:01.384475Z"",""no_price_dollars"":""0.5400"",""taker_side"":""no"",""ticker"":""KXBTC15M-26APR281500-00"",""trade_id"":""e739c7cc-dcd5-469a-08e5-5c474582db11"",""yes_price_dollars"":""0.4600""}"
KXBTC15M-26APR281500-00,68d92d42-8d25-4e5f-1a1b-6cf321daedbd,1777401901,0.46,1.0,no,"{""count_fp"":""1.00"",""created_time"":""2026-04-28T18:45:01.384475Z"",""no_price_dollars"":""0.5400"",""taker_side"":""no"",""ticker"":""KXBTC15M-26APR281500-00"",""trade_id"":""68d92d42-8d25-4e5f-1a1b-6cf321daedbd"",""yes_price_dollars"":""0.4600""}"
KXBTC15M-26APR281500-00,5ee05350-d5a8-4487-28af-3a7b4491c804,1777401901,0.46,1.0,no,"{""count_fp"":""1.00"",""created_time"":""2026-04-28T18:45:01.384475Z"",""no_price_dollars"":""0.5400"",""taker_side"":""no"",""ticker"":""KXBTC15M-26APR281500-00"",""trade_id"":""5ee05350-d5a8-4487-28af-3a7b4491c804"",""yes_price_dollars"":""0.4600""}"
KXBTC15M-26APR281500-00,46100fe8-5fe1-444e-388a-bc06426bd77a,1777401901,0.46,5.0,no,"{""count_fp"":""5.00"",""created_time"":""2026-04-28T18:45:01.384475Z"",""no_price_dollars"":""0.5400"",""taker_side"":""no"",""ticker"":""KXBTC15M-26APR281500-00"",""trade_id"":""46100fe8-5fe1-444e-388a-bc06426bd77a"",""yes_price_dollars"":""0.4600""}"
KXBTC15M-26APR281500-00,f621b86e-5231-7148-019e-9786c7473e70,1777401905,0.47,33.0,yes,"{""count_fp"":""33.00"",""created_time"":""2026-04-28T18:45:05.154225Z"",""no_price_dollars"":""0.5300"",""taker_side"":""yes"",""ticker"":""KXBTC15M-26APR281500-00"",""trade_id"":""f621b86e-5231-7148-019e-9786c7473e70"",""yes_price_dollars"":""0.4700""}"
KXBTC15M-26APR281500-00,aca04b43-6235-7179-0053-f14ae50d2e98,1777401905,0.47,1.0,yes,"{""count_fp"":""1.00"",""created_time"":""2026-04-28T18:45:05.154225Z"",""no_price_dollars"":""0.5300"",""taker_side"":""yes"",""ticker"":""KXBTC15M-26APR281500-00"",""trade_id"":""aca04b43-6235-7179-0053-f14ae50d2e98"",""yes_price_dollars"":""0.4700""}"
KXBTC15M-26APR281500-00,a6f089b1-4833-72ba-16aa-645376a66b18,1777401905,0.47,10.0,yes,"{""count_fp"":""10.00"",""created_time"":""2026-04-28T18:45:05.154225Z"",""no_price_dollars"":""0.5300"",""taker_side"":""yes"",""ticker"":""KXBTC15M-26APR281500-00"",""trade_id"":""a6f089b1-4833-72ba-16aa-645376a66b18"",""yes_price_dollars"":""0.4700""}"
KXBTC15M-26APR281500-00,4fbf7a94-69d6-79c1-2a05-49a724c7f9b4,1777401905,0.48,1.92,yes,"{""count_fp"":""1.92"",""created_time"":""2026-04-28T18:45:05.154225Z"",""no_price_dollars"":""0.5200"",""taker_side"":""yes"",""ticker"":""KXBTC15M-26APR281500-00"",""trade_id"":""4fbf7a94-69d6-79c1-2a05-49a724c7f9b4"",""yes_price_dollars"":""0.4800""}"
KXBTC15M-26APR281500-00,013242fe-e004-771d-323a-25c624463d40,1777401905,0.48,5.0,yes,"{""count_fp"":""5.00"",""created_time"":""2026-04-28T18:45:05.154225Z"",""no_price_dollars"":""0.5200"",""taker_side"":""yes"",""ticker"":""KXBTC15M-26APR281500-00"",""trade_id"":""013242fe-e004-771d-323a-25c624463d40"",""yes_price_dollars"":""0.4800""}"
KXBTC15M-26APR281500-00,a2788d52-33de-63f3-985b-3bb3141352c6,1777401906,0.47,40.21,yes,"{""count_fp"":""40.21"",""created_time"":""2026-04-28T18:45:06.921314Z"",""no_price_dollars"":""0.5300"",""taker_side"":""yes"",""ticker"":""KXBTC15M-26APR281500-00"",""trade_id"":""a2788d52-33de-63f3-985b-3bb3141352c6"",""yes_price_dollars"":""0.4700""}"
KXBTC15M-26APR281500-00,e29d1628-4cfa-55ff-167c-c0920bc5ec0e,1777401906,0.47,14.1,yes,"{""count_fp"":""14.10"",""created_time"":""2026-04-28T18:45:06.595133Z"",""no_price_dollars"":""0.5300"",""taker_side"":""yes"",""ticker"":""KXBTC15M-26APR281500-00"",""trade_id"":""e29d1628-4cfa-55ff-167c-c0920bc5ec0e"",""yes_price_dollars"":""0.4700""}"
KXBTC15M-26APR281500-00,89961e0f-9539-5246-0b7e-7030f82c1158,1777401906,0.47,5.0,yes,"{""count_fp"":""5.00"",""created_time"":""2026-04-28T18:45:06.595133Z"",""no_price_dollars"":""0.5300"",""taker_side"":""yes"",""ticker"":""KXBTC15M-26APR281500-00"",""trade_id"":""89961e0f-9539-5246-0b7e-7030f82c1158"",""yes_price_dollars"":""0.4700""}"
KXBTC15M-26APR281500-00,83fddc04-89e9-55d3-2368-88f2c9266026,1777401906,0.47,1.0,yes,"{""count_fp"":""1.00"",""created_time"":""2026-04-28T18:45:06.595133Z"",""no_price_dollars"":""0.5300"",""taker_side"":""yes"",""ticker"":""KXBTC15M-26APR281500-00"",""trade_id"":""83fddc04-89e9-55d3-2368-88f2c9266026"",""yes_price_dollars"":""0.4700""}"
KXBTC15M-26APR281500-00,97041f3e-829a-569b-bc7b-ba861b7393de,1777401907,0.47,10.25,yes,"{""count_fp"":""10.25"",""created_time"":""2026-04-28T18:45:07.924304Z"",""no_price_dollars"":""0.5300"",""taker_side"":""yes"",""ticker"":""KXBTC15M-26APR281500-00"",""trade_id"":""97041f3e-829a-569b-bc7b-ba861b7393de"",""yes_price_dollars"":""0.4700""}"
KXBTC15M-26APR281500-00,fab0caef-1f96-54d9-ea49-1dbc87e7a75e,1777401907,0.46,1.0,no,"{""count_fp"":""1.00"",""created_time"":""2026-04-28T18:45:07.331578Z"",""no_price_dollars"":""0.5400"",""taker_side"":""no"",""ticker"":""KXBTC15M-26APR281500-00"",""trade_id"":""fab0caef-1f96-54d9-ea49-1dbc87e7a75e"",""yes_price_dollars"":""0.4600""}"
KXBTC15M-26APR281500-00,b1db6575-be02-59dd-e0f0-166b7f4a9011,1777401907,0.45,1.53,no,"{""count_fp"":""1.53"",""created_time"":""2026-04-28T18:45:07.331578Z"",""no_price_dollars"":""0.5500"",""taker_side"":""no"",""ticker"":""KXBTC15M-26APR281500-00"",""trade_id"":""b1db6575-be02-59dd-e0f0-166b7f4a9011"",""yes_price_dollars"":""0.4500""}"
KXBTC15M-26APR281500-00,a49d0b9a-5db5-5f90-fcd5-cdf93e6ff1c6,1777401907,0.45,1.0,no,"{""count_fp"":""1.00"",""created_time"":""2026-04-28T18:45:07.331578Z"",""no_price_dollars"":""0.5500"",""taker_side"":""no"",""ticker"":""KXBTC15M-26APR281500-00"",""trade_id"":""a49d0b9a-5db5-5f90-fcd5-cdf93e6ff1c6"",""yes_price_dollars"":""0.4500""}"
KXBTC15M-26APR281500-00,a9889a52-2faa-5ac4-79ea-f87f8b934663,1777401908,0.45,3.4,no,"{""count_fp"":""3.40"",""created_time"":""2026-04-28T18:45:08.982511Z"",""no_price_dollars"":""0.5500"",""taker_side"":""no"",""ticker"":""KXBTC15M-26APR281500-00"",""trade_id"":""a9889a52-2faa-5ac4-79ea-f87f8b934663"",""yes_price_dollars"":""0.4500""}"
KXBTC15M-26APR281500-00,56224a99-5333-5e6c-41b1-fde7e3ee038d,1777401908,0.45,5.41,no,"{""count_fp"":""5.41"",""created_time"":""2026-04-28T18:45:08.982511Z"",""no_price_dollars"":""0.5500"",""taker_side"":""no"",""ticker"":""KXBTC15M-26APR281500-00"",""trade_id"":""56224a99-5333-5e6c-41b1-fde7e3ee038d"",""yes_price_dollars"":""0.4500""}"
KXBTC15M-26APR281500-00,2d41c2d3-d432-5483-89e7-83d2b9f1af3e,1777401908,0.47,10.25,yes,"{""count_fp"":""10.25"",""created_time"":""2026-04-28T18:45:08.773821Z"",""no_price_dollars"":""0.5300"",""taker_side"":""yes"",""ticker"":""KXBTC15M-26APR281500-00"",""trade_id"":""2d41c2d3-d432-5483-89e7-83d2b9f1af3e"",""yes_price_dollars"":""0.4700""}"
KXBTC15M-26APR281500-00,0f06073f-afe2-45b3-7356-23d755b18c6a,1777401909,0.47,15.0,yes,"{""count_fp"":""15.00"",""created_time"":""2026-04-28T18:45:09.460625Z"",""no_price_dollars"":""0.5300"",""taker_side"":""yes"",""ticker"":""KXBTC15M-26APR281500-00"",""trade_id"":""0f06073f-afe2-45b3-7356-23d755b18c6a"",""yes_price_dollars"":""0.4700""}"
KXBTC15M-26APR281500-00,4c1ed51b-6512-5de7-8253-de3e705a5516,1777401909,0.47,4.1,yes,"{""count_fp"":""4.10"",""created_time"":""2026-04-28T18:45:09.388597Z"",""no_price_dollars"":""0.5300"",""taker_side"":""yes"",""ticker"":""KXBTC15M-26APR281500-00"",""trade_id"":""4c1ed51b-6512-5de7-8253-de3e705a5516"",""yes_price_dollars"":""0.4700""}"
KXBTC15M-26APR281500-00,54fba451-10b6-46cf-6c59-048381178f82,1777401909,0.47,2.0,yes,"{""count_fp"":""2.00"",""created_time"":""2026-04-28T18:45:09.344259Z"",""no_price_dollars"":""0.5300"",""taker_side"":""yes"",""ticker"":""KXBTC15M-26APR281500-00"",""trade_id"":""54fba451-10b6-46cf-6c59-048381178f82"",""yes_price_dollars"":""0.4700""}"
KXBTC15M-26APR281500-00,7ed7fb39-667a-4587-c39a-1e56a990bb5a,1777401909,0.47,262.59,yes,"{""count_fp"":""262.59"",""created_time"":""2026-04-28T18:45:09.196822Z"",""no_price_dollars"":""0.5300"",""taker_side"":""yes"",""ticker"":""KXBTC15M-26APR281500-00"",""trade_id"":""7ed7fb39-667a-4587-c39a-1e56a990bb5a"",""yes_price_dollars"":""0.4700""}"
KXBTC15M-26APR281500-00,e0455a22-1c6b-6f42-a71e-0c636137f4ca,1777401909,0.43,1.0,no,"{""count_fp"":""1.00"",""created_time"":""2026-04-28T18:45:09.133564Z"",""no_price_dollars"":""0.5700"",""taker_side"":""no"",""ticker"":""KXBTC15M-26APR281500-00"",""trade_id"":""e0455a22-1c6b-6f42-a71e-0c636137f4ca"",""yes_price_dollars"":""0.4300""}"
KXBTC15M-26APR281500-00,8382d85a-ce0d-62f7-a241-d8ae180cef5e,1777401909,0.45,10.0,no,"{""count_fp"":""10.00"",""created_time"":""2026-04-28T18:45:09.133564Z"",""no_price_dollars"":""0.5500"",""taker_side"":""no"",""ticker"":""KXBTC15M-26APR281500-00"",""trade_id"":""8382d85a-ce0d-62f7-a241-d8ae180cef5e"",""yes_price_dollars"":""0.4500""}"
KXBTC15M-26APR281500-00,81ec7bfc-cd31-65a8-901c-a464767b61e7,1777401909,0.44,1.0,no,"{""count_fp"":""1.00"",""created_time"":""2026-04-28T18:45:09.133564Z"",""no_price_dollars"":""0.5600"",""taker_side"":""no"",""ticker"":""KXBTC15M-26APR281500-00"",""trade_id"":""81ec7bfc-cd31-65a8-901c-a464767b61e7"",""yes_price_dollars"":""0.4400""}"
KXBTC15M-26APR281500-00,5f4bcd2c-89cf-61b4-970c-f688511934ab,1777401909,0.43,117.62,no,"{""count_fp"":""117.62"",""created_time"":""2026-04-28T18:45:09.133564Z"",""no_price_dollars"":""0.5700"",""taker_side"":""no"",""ticker"":""KXBTC15M-26APR281500-00"",""trade_id"":""5f4bcd2c-89cf-61b4-970c-f688511934ab"",""yes_price_dollars"":""0.4300""}"
KXBTC15M-26APR281500-00,59e95779-c82b-6527-a0e2-723936f360c8,1777401909,0.44,2.0,no,"{""count_fp"":""2.00"",""created_time"":""2026-04-28T18:45:09.133564Z"",""no_price_dollars"":""0.5600"",""taker_side"":""no"",""ticker"":""KXBTC15M-26APR281500-00"",""trade_id"":""59e95779-c82b-6527-a0e2-723936f360c8"",""yes_price_dollars"":""0.4400""}"
KXBTC15M-26APR281500-00,49079d7d-c7fa-6bf0-b44e-33cf9705e583,1777401909,0.45,0.6,no,"{""count_fp"":""0.60"",""created_time"":""2026-04-28T18:45:09.133564Z"",""no_price_dollars"":""0.5500"",""taker_side"":""no"",""ticker"":""KXBTC15M-26APR281500-00"",""trade_id"":""49079d7d-c7fa-6bf0-b44e-33cf9705e583"",""yes_price_dollars"":""0.4500""}"
KXBTC15M-26APR281500-00,43d91aa0-a3b8-6bbf-b1d5-3903a5730de1,1777401909,0.45,1.0,no,"{""count_fp"":""1.00"",""created_time"":""2026-04-28T18:45:09.133564Z"",""no_price_dollars"":""0.5500"",""taker_side"":""no"",""ticker"":""KXBTC15M-26APR281500-00"",""trade_id"":""43d91aa0-a3b8-6bbf-b1d5-3903a5730de1"",""yes_price_dollars"":""0.4500""}"
KXBTC15M-26APR281500-00,19b5da89-c515-6c1d-80f2-03c5f236de6c,1777401909,0.45,1.0,no,"{""count_fp"":""1.00"",""created_time"":""2026-04-28T18:45:09.133564Z"",""no_price_dollars"":""0.5500"",""taker_side"":""no"",""ticker"":""KXBTC15M-26APR281500-00"",""trade_id"":""19b5da89-c515-6c1d-80f2-03c5f236de6c"",""yes_price_dollars"":""0.4500""}"
KXBTC15M-26APR281500-00,46fbe029-3d82-5123-667c-c535e4a2610e,1777401909,0.47,0.61,yes,"{""count_fp"":""0.61"",""created_time"":""2026-04-28T18:45:09.096535Z"",""no_price_dollars"":""0.5300"",""taker_side"":""yes"",""ticker"":""KXBTC15M-26APR281500-00"",""trade_id"":""46fbe029-3d82-5123-667c-c535e4a2610e"",""yes_price_dollars"":""0.4700""}"
KXBTC15M-26APR281500-00,5e254ecd-d9be-4395-6477-d3dd81f09a8d,1777401910,0.44,3.0,yes,"{""count_fp"":""3.00"",""created_time"":""2026-04-28T18:45:10.634771Z"",""no_price_dollars"":""0.5600"",""taker_side"":""yes"",""ticker"":""KXBTC15M-26APR281500-00"",""trade_id"":""5e254ecd-d9be-4395-6477-d3dd81f09a8d"",""yes_price_dollars"":""0.4400""}"
KXBTC15M-26APR281500-00,0e2a14c3-c99e-446b-77b3-52285d1172d2,1777401910,0.47,17.51,yes,"{""count_fp"":""17.51"",""created_time"":""2026-04-28T18:45:10.634771Z"",""no_price_dollars"":""0.5300"",""taker_side"":""yes"",""ticker"":""KXBTC15M-26APR281500-00"",""trade_id"":""0e2a14c3-c99e-446b-77b3-52285d1172d2"",""yes_price_dollars"":""0.4700""}"
KXBTC15M-26APR281500-00,5956e837-c5a3-42d3-19dc-65bbd5110791,1777401910,0.44,3.0,yes,"{""count_fp"":""3.00"",""created_time"":""2026-04-28T18:45:10.577045Z"",""no_price_dollars"":""0.5600"",""taker_side"":""yes"",""ticker"":""KXBTC15M-26APR281500-00"",""trade_id"":""5956e837-c5a3-42d3-19dc-65bbd5110791"",""yes_price_dollars"":""0.4400""}"
KXBTC15M-26APR281500-00,46dccce8-4fa2-4b03-071a-ac992db0e682,1777401910,0.47,13.41,yes,"{""count_fp"":""13.41"",""created_time"":""2026-04-28T18:45:10.577045Z"",""no_price_dollars"":""0.5300"",""taker_side"":""yes"",""ticker"":""KXBTC15M-26APR281500-00"",""trade_id"":""46dccce8-4fa2-4b03-071a-ac992db0e682"",""yes_price_dollars"":""0.4700""}"
KXBTC15M-26APR281500-00,b1443515-9b33-6842-5318-45094987542a,1777401911,0.43,1.0,no,"{""count_fp"":""1.00"",""created_time"":""2026-04-28T18:45:11.313969Z"",""no_price_dollars"":""0.5700"",""taker_side"":""no"",""ticker"":""KXBTC15M-26APR281500-00"",""trade_id"":""b1443515-9b33-6842-5318-45094987542a"",""yes_price_dollars"":""0.4300""}"
KXBTC15M-26APR281500-00,849f8736-137d-486f-1fb5-5e36af9c8282,1777401911,0.42,1.0,no,"{""count_fp"":""1.00"",""created_time"":""2026-04-28T18:45:11.047238Z"",""no_price_dollars"":""0.5800"",""taker_side"":""no"",""ticker"":""KXBTC15M-26APR281500-00"",""trade_id"":""849f8736-137d-486f-1fb5-5e36af9c8282"",""yes_price_dollars"":""0.4200""}"
KXBTC15M-26APR281500-00,7bce0273-8d47-4833-32c8-0616c4b815b6,1777401911,0.41,8.31,no,"{""count_fp"":""8.31"",""created_time"":""2026-04-28T18:45:11.047238Z"",""no_price_dollars"":""0.5900"",""taker_side"":""no"",""ticker"":""KXBTC15M-26APR281500-00"",""trade_id"":""7bce0273-8d47-4833-32c8-0616c4b815b6"",""yes_price_dollars"":""0.4100""}"
KXBTC15M-26APR281500-00,5279bf95-b8e7-4ec2-216e-3e88240e24bd,1777401911,0.42,5.0,no,"{""count_fp"":""5.00"",""created_time"":""2026-04-28T18:45:11.047238Z"",""no_price_dollars"":""0.5800"",""taker_side"":""no"",""ticker"":""KXBTC15M-26APR281500-00"",""trade_id"":""5279bf95-b8e7-4ec2-216e-3e88240e24bd"",""yes_price_dollars"":""0.4200""}"
KXBTC15M-26APR281500-00,20dd73d6-2a0c-4bc3-3f35-0fc08f87a9bf,1777401911,0.43,3.0,no,"{""count_fp"":""3.00"",""created_time"":""2026-04-28T18:45:11.047238Z"",""no_price_dollars"":""0.5700"",""taker_side"":""no"",""ticker"":""KXBTC15M-26APR281500-00"",""trade_id"":""20dd73d6-2a0c-4bc3-3f35-0fc08f87a9bf"",""yes_price_dollars"":""0.4300""}"
KXBTC15M-26APR281500-00,1117c999-93de-4bcb-2ca8-31bbc3dc6be6,1777401911,0.42,75.0,no,"{""count_fp"":""75.00"",""created_time"":""2026-04-28T18:45:11.047238Z"",""no_price_dollars"":""0.5800"",""taker_side"":""no"",""ticker"":""KXBTC15M-26APR281500-00"",""trade_id"":""1117c999-93de-4bcb-2ca8-31bbc3dc6be6"",""yes_price_dollars"":""0.4200""}"
KXBTC15M-26APR281500-00,1bec089c-5906-7455-6618-cafd1d0d8805,1777401912,0.44,3.0,no,"{""count_fp"":""3.00"",""created_time"":""2026-04-28T18:45:12.656271Z"",""no_price_dollars"":""0.5600"",""taker_side"":""no"",""ticker"":""KXBTC15M-26APR281500-00"",""trade_id"":""1bec089c-5906-7455-6618-cafd1d0d8805"",""yes_price_dollars"":""0.4400""}"
KXBTC15M-26APR281500-00,bc999a12-ae4b-594e-e72b-fd7385643292,1777401912,0.46,56.0,yes,"{""count_fp"":""56.00"",""created_time"":""2026-04-28T18:45:12.570805Z"",""no_price_dollars"":""0.5400"",""taker_side"":""yes"",""ticker"":""KXBTC15M-26APR281500-00"",""trade_id"":""bc999a12-ae4b-594e-e72b-fd7385643292"",""yes_price_dollars"":""0.4600""}"
KXBTC15M-26APR281500-00,b96c06e2-1b63-5b09-d46a-fafa6520b23a,1777401912,0.47,10.0,yes,"{""count_fp"":""10.00"",""created_time"":""2026-04-28T18:45:12.570805Z"",""no_price_dollars"":""0.5300"",""taker_side"":""yes"",""ticker"":""KXBTC15M-26APR281500-00"",""trade_id"":""b96c06e2-1b63-5b09-d46a-fafa6520b23a"",""yes_price_dollars"":""0.4700""}"
KXBTC15M-26APR281500-00,99d3acdd-18f2-52d3-e376-aaab0b2a2982,1777401912,0.47,109.97,yes,"{""count_fp"":""109.97"",""created_time"":""2026-04-28T18:45:12.570805Z"",""no_price_dollars"":""0.5300"",""taker_side"":""yes"",""ticker"":""KXBTC15M-26APR281500-00"",""trade_id"":""99d3acdd-18f2-52d3-e376-aaab0b2a2982"",""yes_price_dollars"":""0.4700""}"
KXBTC15M-26APR281500-00,90112c96-80cd-5af5-db80-acaf6438bbf8,1777401912,0.48,142.21,yes,"{""count_fp"":""142.21"",""created_time"":""2026-04-28T18:45:12.570805Z"",""no_price_dollars"":""0.5200"",""taker_side"":""yes"",""ticker"":""KXBTC15M-26APR281500-00"",""trade_id"":""90112c96-80cd-5af5-db80-acaf6438bbf8"",""yes_price_dollars"":""0.4800""}"
KXBTC15M-26APR281500-00,8d96d193-57ce-5bd3-e643-f268b92da010,1777401912,0.47,283.62,yes,"{""count_fp"":""283.62"",""created_time"":""2026-04-28T18:45:12.570805Z"",""no_price_dollars"":""0.5300"",""taker_side"":""yes"",""ticker"":""KXBTC15M-26APR281500-00"",""trade_id"":""8d96d193-57ce-5bd3-e643-f268b92da010"",""yes_price_dollars"":""0.4700""}"
KXBTC15M-26APR281500-00,6cf6c165-2b4a-5a95-c09d-388a5531c7c2,1777401912,0.47,18.0,yes,"{""count_fp"":""18.00"",""created_time"":""2026-04-28T18:45:12.570805Z"",""no_price_dollars"":""0.5300"",""taker_side"":""yes"",""ticker"":""KXBTC15M-26APR281500-00"",""trade_id"":""6cf6c165-2b4a-5a95-c09d-388a5531c7c2"",""yes_price_dollars"":""0.4700""}"
KXBTC15M-26APR281500-00,3061ff50-1718-5e47-c65c-4d3b98e029cc,1777401912,0.47,4.0,yes,"{""count_fp"":""4.00"",""created_time"":""2026-04-28T18:45:12.570805Z"",""no_price_dollars"":""0.5300"",""taker_side"":""yes"",""ticker"":""KXBTC15M-26APR281500-00"",""trade_id"":""3061ff50-1718-5e47-c65c-4d3b98e029cc"",""yes_price_dollars"":""0.4700""}"
KXBTC15M-26APR281500-00,280a5dde-a69e-52ce-edea-d83eb75a2444,1777401912,0.45,3.0,yes,"{""count_fp"":""3.00"",""created_time"":""2026-04-28T18:45:12.570805Z"",""no_price_dollars"":""0.5500"",""taker_side"":""yes"",""ticker"":""KXBTC15M-26APR281500-00"",""trade_id"":""280a5dde-a69e-52ce-edea-d83eb75a2444"",""yes_price_dollars"":""0.4500""}"
KXBTC15M-26APR281500-00,e4213f05-c178-4883-85a9-fafc619cd342,1777401913,0.47,17.0,yes,"{""count_fp"":""17.00"",""created_time"":""2026-04-28T18:45:13.951691Z"",""no_price_dollars"":""0.5300"",""taker_side"":""yes"",""ticker"":""KXBTC15M-26APR281500-00"",""trade_id"":""e4213f05-c178-4883-85a9-fafc619cd342"",""yes_price_dollars"":""0.4700""}"
KXBTC15M-26APR281500-00,cf7d15ef-8fd6-480d-b658-4ded3a12f173,1777401913,0.47,5.0,yes,"{""count_fp"":""5.00"",""created_time"":""2026-04-28T18:45:13.951691Z"",""no_price_dollars"":""0.5300"",""taker_side"":""yes"",""ticker"":""KXBTC15M-26APR281500-00"",""trade_id"":""cf7d15ef-8fd6-480d-b658-4ded3a12f173"",""yes_price_dollars"":""0.4700""}"
KXBTC15M-26APR281500-00,c8678a1e-89fd-4ff1-8449-2d54d96cc820,1777401913,0.48,917.94,yes,"{""count_fp"":""917.94"",""created_time"":""2026-04-28T18:45:13.951691Z"",""no_price_dollars"":""0.5200"",""taker_side"":""yes"",""ticker"":""KXBTC15M-26APR281500-00"",""trade_id"":""c8678a1e-89fd-4ff1-8449-2d54d96cc820"",""yes_price_dollars"":""0.4800""}"
KXBTC15M-26APR281500-00,6211584f-3bef-42ba-b785-44986ce6221a,1777401913,0.47,3.0,yes,"{""count_fp"":""3.00"",""created_time"":""2026-04-28T18:45:13.951691Z"",""no_price_dollars"":""0.5300"",""taker_side"":""yes"",""ticker"":""KXBTC15M-26APR281500-00"",""trade_id"":""6211584f-3bef-42ba-b785-44986ce6221a"",""yes_price_dollars"":""0.4700""}"
KXBTC15M-26APR281500-00,5f287e7b-a7d8-46c2-8972-b2849c85aa64,1777401913,0.47,48.61,yes,"{""count_fp"":""48.61"",""created_time"":""2026-04-28T18:45:13.951691Z"",""no_price_dollars"":""0.5300"",""taker_side"":""yes"",""ticker"":""KXBTC15M-26APR281500-00"",""trade_id"":""5f287e7b-a7d8-46c2-8972-b2849c85aa64"",""yes_price_dollars"":""0.4700""}"
KXBTC15M-26APR281500-00,5bb5ba54-d6da-44a5-b0b7-a842131f3c5d,1777401913,0.47,14.0,yes,"{""count_fp"":""14.00"",""created_time"":""2026-04-28T18:45:13.951691Z"",""no_price_dollars"":""0.5300"",""taker_side"":""yes"",""ticker"":""KXBTC15M-26APR281500-00"",""trade_id"":""5bb5ba54-d6da-44a5-b0b7-a842131f3c5d"",""yes_price_dollars"":""0.4700""}"
KXBTC15M-26APR281500-00,d66240bf-c099-7e7e-9227-10b453900cd0,1777401913,0.44,3.0,no,"{""count_fp"":""3.00"",""created_time"":""2026-04-28T18:45:13.761667Z"",""no_price_dollars"":""0.5600"",""taker_side"":""no"",""ticker"":""KXBTC15M-26APR281500-00"",""trade_id"":""d66240bf-c099-7e7e-9227-10b453900cd0"",""yes_price_dollars"":""0.4400""}"
KXBTC15M-26APR281500-00,97cbea93-bd4e-75ea-bc28-a29604b1a9a8,1777401913,0.44,48.61,no,"{""count_fp"":""48.61"",""created_time"":""2026-04-28T18:45:13.761667Z"",""no_price_dollars"":""0.5600"",""taker_side"":""no"",""ticker"":""KXBTC15M-26APR281500-00"",""trade_id"":""97cbea93-bd4e-75ea-bc28-a29604b1a9a8"",""yes_price_dollars"":""0.4400""}"
KXBTC15M-26APR281500-00,d85bd739-0041-62d5-38e5-5e7c18da0d6c,1777401913,0.48,8.26,yes,"{""count_fp"":""8.26"",""created_time"":""2026-04-28T18:45:13.396559Z"",""no_price_dollars"":""0.5200"",""taker_side"":""yes"",""ticker"":""KXBTC15M-26APR281500-00"",""trade_id"":""d85bd739-0041-62d5-38e5-5e7c18da0d6c"",""yes_price_dollars"":""0.4800""}"
KXBTC15M-26APR281500-00,c14226ae-5db8-6ae4-195a-89056b70e673,1777401913,0.47,14.0,yes,"{""count_fp"":""14.00"",""created_time"":""2026-04-28T18:45:13.396559Z"",""no_price_dollars"":""0.5300"",""taker_side"":""yes"",""ticker"":""KXBTC15M-26APR281500-00"",""trade_id"":""c14226ae-5db8-6ae4-195a-89056b70e673"",""yes_price_dollars"":""0.4700""}"
KXBTC15M-26APR281500-00,b4d87773-5c99-695d-3abd-8e2286f8d6d8,1777401913,0.47,10.0,yes,"{""count_fp"":""10.00"",""created_time"":""2026-04-28T18:45:13.396559Z"",""no_price_dollars"":""0.5300"",""taker_side"":""yes"",""ticker"":""KXBTC15M-26APR281500-00"",""trade_id"":""b4d87773-5c99-695d-3abd-8e2286f8d6d8"",""yes_price_dollars"":""0.4700""}"
KXBTC15M-26APR281500-00,a14ec8df-3d38-6abd-0efe-eb3b96b9f692,1777401913,0.46,5.0,yes,"{""count_fp"":""5.00"",""created_time"":""2026-04-28T18:45:13.396559Z"",""no_price_dollars"":""0.5400"",""taker_side"":""yes"",""ticker"":""KXBTC15M-26APR281500-00"",""trade_id"":""a14ec8df-3d38-6abd-0efe-eb3b96b9f692"",""yes_price_dollars"":""0.4600""}"
KXBTC15M-26APR281500-00,06f1d296-bd1e-6728-1ce4-481288aae583,1777401913,0.47,3.0,yes,"{""count_fp"":""3.00"",""created_time"":""2026-04-28T18:45:13.396559Z"",""no_price_dollars"":""0.5300"",""taker_side"":""yes"",""ticker"":""KXBTC15M-26APR281500-00"",""trade_id"":""06f1d296-bd1e-6728-1ce4-481288aae583"",""yes_price_dollars"":""0.4700""}"
KXBTC15M-26APR281500-00,a2f32327-6498-6dd0-ab29-fa4305db2d45,1777401914,0.47,10.25,yes,"{""count_fp"":""10.25"",""created_time"":""2026-04-28T18:45:14.525065Z"",""no_price_dollars"":""0.5300"",""taker_side"":""yes"",""ticker"":""KXBTC15M-26APR281500-00"",""trade_id"":""a2f32327-6498-6dd0-ab29-fa4305db2d45"",""yes_price_dollars"":""0.4700""}"
KXBTC15M-26APR281500-00,e253f90c-d510-6812-36b5-11744cf81184,1777401914,0.48,15.0,yes,"{""count_fp"":""15.00"",""created_time"":""2026-04-28T18:45:14.211629Z"",""no_price_dollars"":""0.5200"",""taker_side"":""yes"",""ticker"":""KXBTC15M-26APR281500-00"",""trade_id"":""e253f90c-d510-6812-36b5-11744cf81184"",""yes_price_dollars"":""0.4800""}"
KXBTC15M-26APR281500-00,d63fc1a2-f221-62d5-3c7d-0b95f20f1f60,1777401914,0.48,31.59,yes,"{""count_fp"":""31.59"",""created_time"":""2026-04-28T18:45:14.211629Z"",""no_price_dollars"":""0.5200"",""taker_side"":""yes"",""ticker"":""KXBTC15M-26APR281500-00"",""trade_id"":""d63fc1a2-f221-62d5-3c7d-0b95f20f1f60"",""yes_price_dollars"":""0.4800""}"
KXBTC15M-26APR281500-00,5daa5f5f-e7bb-62af-1d8e-c6fc1e77584c,1777401914,0.47,3.0,yes,"{""count_fp"":""3.00"",""created_time"":""2026-04-28T18:45:14.211629Z"",""no_price_dollars"":""0.5300"",""taker_side"":""yes"",""ticker"":""KXBTC15M-26APR281500-00"",""trade_id"":""5daa5f5f-e7bb-62af-1d8e-c6fc1e77584c"",""yes_price_dollars"":""0.4700""}"
KXBTC15M-26APR281500-00,16893389-5453-6054-3354-a2a0bf21eea8,1777401914,0.48,5.0,yes,"{""count_fp"":""5.00"",""created_time"":""2026-04-28T18:45:14.211629Z"",""no_price_dollars"":""0.5200"",""taker_side"":""yes"",""ticker"":""KXBTC15M-26APR281500-00"",""trade_id"":""16893389-5453-6054-3354-a2a0bf21eea8"",""yes_price_dollars"":""0.4800""}"
KXBTC15M-26APR281500-00,0e0e2938-1116-6689-2b94-2e5ce619ed5b,1777401914,0.48,56.76,yes,"{""count_fp"":""56.76"",""created_time"":""2026-04-28T18:45:14.211629Z"",""no_price_dollars"":""0.5200"",""taker_side"":""yes"",""ticker"":""KXBTC15M-26APR281500-00"",""trade_id"":""0e0e2938-1116-6689-2b94-2e5ce619ed5b"",""yes_price_dollars"":""0.4800""}"
KXBTC15M-26APR281500-00,84a9f8c1-8977-7f8a-51a0-19b226323389,1777401914,0.45,1.73,no,"{""count_fp"":""1.73"",""created_time"":""2026-04-28T18:45:14.032476Z"",""no_price_dollars"":""0.5500"",""taker_side"":""no"",""ticker"":""KXBTC15M-26APR281500-00"",""trade_id"":""84a9f8c1-8977-7f8a-51a0-19b226323389"",""yes_price_dollars"":""0.4500""}"
KXBTC15M-26APR281500-00,93604066-57ca-7df2-d51a-3c956e3d7424,1777401915,0.45,21.25,yes,"{""count_fp"":""21.25"",""created_time"":""2026-04-28T18:45:15.990751Z"",""no_price_dollars"":""0.5500"",""taker_side"":""yes"",""ticker"":""KXBTC15M-26APR281500-00"",""trade_id"":""93604066-57ca-7df2-d51a-3c956e3d7424"",""yes_price_dollars"":""0.4500""}"
KXBTC15M-26APR281500-00,a9c2a482-75dc-7963-9d80-3c40ccb5b0ab,1777401915,0.44,4.55,no,"{""count_fp"":""4.55"",""created_time"":""2026-04-28T18:45:15.335248Z"",""no_price_dollars"":""0.5600"",""taker_side"":""no"",""ticker"":""KXBTC15M-26APR281500-00"",""trade_id"":""a9c2a482-75dc-7963-9d80-3c40ccb5b0ab"",""yes_price_dollars"":""0.4400""}"
KXBTC15M-26APR281500-00,6021fa1a-7c71-716e-926e-3d8d4b709900,1777401915,0.44,1.0,no,"{""count_fp"":""1.00"",""created_time"":""2026-04-28T18:45:15.335248Z"",""no_price_dollars"":""0.5600"",""taker_side"":""no"",""ticker"":""KXBTC15M-26APR281500-00"",""trade_id"":""6021fa1a-7c71-716e-926e-3d8d4b709900"",""yes_price_dollars"":""0.4400""}"
KXBTC15M-26APR281500-00,4b2f9575-22e1-7f46-9688-e34556bd4a4f,1777401915,0.45,3.0,no,"{""count_fp"":""3.00"",""created_time"":""2026-04-28T18:45:15.335248Z"",""no_price_dollars"":""0.5500"",""taker_side"":""no"",""ticker"":""KXBTC15M-26APR281500-00"",""trade_id"":""4b2f9575-22e1-7f46-9688-e34556bd4a4f"",""yes_price_dollars"":""0.4500""}"
KXBTC15M-26APR281500-00,bf8790aa-9550-77f8-9977-718d586ee6b5,1777401915,0.47,51.05,yes,"{""count_fp"":""51.05"",""created_time"":""2026-04-28T18:45:15.171089Z"",""no_price_dollars"":""0.5300"",""taker_side"":""yes"",""ticker"":""KXBTC15M-26APR281500-00"",""trade_id"":""bf8790aa-9550-77f8-9977-718d586ee6b5"",""yes_price_dollars"":""0.4700""}"
KXBTC15M-26APR281500-00,9d29ca06-6a84-5cac-36f5-762b122475d1,1777401915,0.47,62.57,yes,"{""count_fp"":""62.57"",""created_time"":""2026-04-28T18:45:15.103967Z"",""no_price_dollars"":""0.5300"",""taker_side"":""yes"",""ticker"":""KXBTC15M-26APR281500-00"",""trade_id"":""9d29ca06-6a84-5cac-36f5-762b122475d1"",""yes_price_dollars"":""0.4700""}"
KXBTC15M-26APR281500-00,b13375fc-4d30-63db-7555-cbdf3ee31e68,1777401916,0.44,30.0,no,"{""count_fp"":""30.00"",""created_time"":""2026-04-28T18:45:16.692229Z"",""no_price_dollars"":""0.5600"",""taker_side"":""no"",""ticker"":""KXBTC15M-26APR281500-00"",""trade_id"":""b13375fc-4d30-63db-7555-cbdf3ee31e68"",""yes_price_dollars"":""0.4400""}"
KXBTC15M-26APR281500-00,a4f295c7-9396-5f22-0b3b-c5f4abef62a8,1777401916,0.45,10.15,yes,"{""count_fp"":""10.15"",""created_time"":""2026-04-28T18:45:16.201111Z"",""no_price_dollars"":""0.5500"",""taker_side"":""yes"",""ticker"":""KXBTC15M-26APR281500-00"",""trade_id"":""a4f295c7-9396-5f22-0b3b-c5f4abef62a8"",""yes_price_dollars"":""0.4500""}"
KXBTC15M-26APR281500-00,20866a73-a63a-5625-35de-755edfc86683,1777401916,0.45,20.16,yes,"{""count_fp"":""20.16"",""created_time"":""2026-04-28T18:45:16.201111Z"",""no_price_dollars"":""0.5500"",""taker_side"":""yes"",""ticker"":""KXBTC15M-26APR281500-00"",""trade_id"":""20866a73-a63a-5625-35de-755edfc86683"",""yes_price_dollars"":""0.4500""}"
KXBTC15M-26APR281500-00,538799df-4ce4-5387-e062-91e3a494dfd8,1777401916,0.44,1.73,no,"{""count_fp"":""1.73"",""created_time"":""2026-04-28T18:45:16.152435Z"",""no_price_dollars"":""0.5600"",""taker_side"":""no"",""ticker"":""KXBTC15M-26APR281500-00"",""trade_id"":""538799df-4ce4-5387-e062-91e3a494dfd8"",""yes_price_dollars"":""0.4400""}"
KXBTC15M-26APR281500-00,908c1006-f1b6-6dfe-a45e-72e53bf1e75c,1777401916,0.45,41.03,yes,"{""count_fp"":""41.03"",""created_time"":""2026-04-28T18:45:16.042025Z"",""no_price_dollars"":""0.5500"",""taker_side"":""yes"",""ticker"":""KXBTC15M-26APR281500-00"",""trade_id"":""908c1006-f1b6-6dfe-a45e-72e53bf1e75c"",""yes_price_dollars"":""0.4500""}"
KXBTC15M-26APR281500-00,cd126e42-ffd2-6b2e-de43-ac33f0882cb4,1777401916,0.45,102.57,yes,"{""count_fp"":""102.57"",""created_time"":""2026-04-28T18:45:16.007892Z"",""no_price_dollars"":""0.5500"",""taker_side"":""yes"",""ticker"":""KXBTC15M-26APR281500-00"",""trade_id"":""cd126e42-ffd2-6b2e-de43-ac33f0882cb4"",""yes_price_dollars"":""0.4500""}"
KXBTC15M-26APR281500-00,720ee298-2e9c-70ac-cb04-3cf9410731d1,1777401917,0.46,41.07,yes,"{""count_fp"":""41.07"",""created_time"":""2026-04-28T18:45:17.771501Z"",""no_price_dollars"":""0.5400"",""taker_side"":""yes"",""ticker"":""KXBTC15M-26APR281500-00"",""trade_id"":""720ee298-2e9c-70ac-cb04-3cf9410731d1"",""yes_price_dollars"":""0.4600""}"
KXBTC15M-26APR281500-00,d161d5d4-c9d4-6982-009a-e730bf1a4bb0,1777401917,0.45,10.25,yes,"{""count_fp"":""10.25"",""created_time"":""2026-04-28T18:45:17.537549Z"",""no_price_dollars"":""0.5500"",""taker_side"":""yes"",""ticker"":""KXBTC15M-26APR281500-00"",""trade_id"":""d161d5d4-c9d4-6982-009a-e730bf1a4bb0"",""yes_price_dollars"":""0.4500""}"
KXBTC15M-26APR281500-00,a2fdd9ea-5949-6702-2c08-9609d5b5c76b,1777401917,0.45,10.0,yes,"{""count_fp"":""10.00"",""created_time"":""2026-04-28T18:45:17.537549Z"",""no_price_dollars"":""0.5500"",""taker_side"":""yes"",""ticker"":""KXBTC15M-26APR281500-00"",""trade_id"":""a2fdd9ea-5949-6702-2c08-9609d5b5c76b"",""yes_price_dollars"":""0.4500""}"
KXBTC15M-26APR281500-00,8bfe6a48-081a-62d5-1a7d-290b7b6bc427,1777401917,0.45,9.84,yes,"{""count_fp"":""9.84"",""created_time"":""2026-04-28T18:45:17.537549Z"",""no_price_dollars"":""0.5500"",""taker_side"":""yes"",""ticker"":""KXBTC15M-26APR281500-00"",""trade_id"":""8bfe6a48-081a-62d5-1a7d-290b7b6bc427"",""yes_price_dollars"":""0.4500""}"
KXBTC15M-26APR281500-00,3a4b930a-93fc-633c-37a7-d4215548f605,1777401917,0.46,33.91,yes,"{""count_fp"":""33.91"",""created_time"":""2026-04-28T18:45:17.537549Z"",""no_price_dollars"":""0.5400"",""taker_side"":""yes"",""ticker"":""KXBTC15M-26APR281500-00"",""trade_id"":""3a4b930a-93fc-633c-37a7-d4215548f605"",""yes_price_dollars"":""0.4600""}"
KXBTC15M-26APR281500-00,c3d33121-7c34-6e67-e1ad-500b08958b68,1777401917,0.44,1.0,no,"{""count_fp"":""1.00"",""created_time"":""2026-04-28T18:45:17.408226Z"",""no_price_dollars"":""0.5600"",""taker_side"":""no"",""ticker"":""KXBTC15M-26APR281500-00"",""trade_id"":""c3d33121-7c34-6e67-e1ad-500b08958b68"",""yes_price_dollars"":""0.4400""}"
KXBTC15M-26APR281500-00,d4008269-637b-7b88-c1c0-78943ff719a0,1777401918,0.42,3.0,no,"{""count_fp"":""3.00"",""created_time"":""2026-04-28T18:45:18.994363Z"",""no_price_dollars"":""0.5800"",""taker_side"":""no"",""ticker"":""KXBTC15M-26APR281500-00"",""trade_id"":""d4008269-637b-7b88-c1c0-78943ff719a0"",""yes_price_dollars"":""0.4200""}"
KXBTC15M-26APR281500-00,99b27ff8-b48f-7693-e071-1e6f89dd7136,1777401918,0.41,0.31,no,"{""count_fp"":""0.31"",""created_time"":""2026-04-28T18:45:18.994363Z"",""no_price_dollars"":""0.5900"",""taker_side"":""no"",""ticker"":""KXBTC15M-26APR281500-00"",""trade_id"":""99b27ff8-b48f-7693-e071-1e6f89dd7136"",""yes_price_dollars"":""0.4100""}"
KXBTC15M-26APR281500-00,106a37e3-75c6-7eda-f75f-5e92b2763312,1777401918,0.43,5.0,no,"{""count_fp"":""5.00"",""created_time"":""2026-04-28T18:45:18.994363Z"",""no_price_dollars"":""0.5700"",""taker_side"":""no"",""ticker"":""KXBTC15M-26APR281500-00"",""trade_id"":""106a37e3-75c6-7eda-f75f-5e92b2763312"",""yes_price_dollars"":""0.4300""}"
KXBTC15M-26APR281500-00,2067b920-ed5c-5257-7418-e8d5c99d62fc,1777401918,0.44,17.32,no,"{""count_fp"":""17.32"",""created_time"":""2026-04-28T18:45:18.532988Z"",""no_price_dollars"":""0.5600"",""taker_side"":""no"",""ticker"":""KXBTC15M-26APR281500-00"",""trade_id"":""2067b920-ed5c-5257-7418-e8d5c99d62fc"",""yes_price_dollars"":""0.4400""}"
KXBTC15M-26APR281500-00,61020293-7edc-6f8c-40c8-7bc4b2a82821,1777401918,0.46,2.0,yes,"{""count_fp"":""2.00"",""created_time"":""2026-04-28T18:45:18.157165Z"",""no_price_dollars"":""0.5400"",""taker_side"":""yes"",""ticker"":""KXBTC15M-26APR281500-00"",""trade_id"":""61020293-7edc-6f8c-40c8-7bc4b2a82821"",""yes_price_dollars"":""0.4600""}"
KXBTC15M-26APR281500-00,ff488ca0-d30f-6e29-fd2f-27a295bf56c4,1777401919,0.43,17.35,yes,"{""count_fp"":""17.35"",""created_time"":""2026-04-28T18:45:19.862147Z"",""no_price_dollars"":""0.5700"",""taker_side"":""yes"",""ticker"":""KXBTC15M-26APR281500-00"",""trade_id"":""ff488ca0-d30f-6e29-fd2f-27a295bf56c4"",""yes_price_dollars"":""0.4300""}"
KXBTC15M-26APR281500-00,a6c2d2a9-6be6-6a73-f089-b1f7bfbead68,1777401919,0.43,82.65,yes,"{""count_fp"":""82.65"",""created_time"":""2026-04-28T18:45:19.862147Z"",""no_price_dollars"":""0.5700"",""taker_side"":""yes"",""ticker"":""KXBTC15M-26APR281500-00"",""trade_id"":""a6c2d2a9-6be6-6a73-f089-b1f7bfbead68"",""yes_price_dollars"":""0.4300""}"
KXBTC15M-26APR281500-00,3a02fa8c-efeb-7009-0755-5969975a5fa4,1777401919,0.43,13.82,yes,"{""count_fp"":""13.82"",""created_time"":""2026-04-28T18:45:19.858751Z"",""no_price_dollars"":""0.5700"",""taker_side"":""yes"",""ticker"":""KXBTC15M-26APR281500-00"",""trade_id"":""3a02fa8c-efeb-7009-0755-5969975a5fa4"",""yes_price_dollars"":""0.4300""}"
KXBTC15M-26APR281500-00,aaef8cac-202b-5f6d-a75e-59d88281dba8,1777401919,0.43,1.0,yes,"{""count_fp"":""1.00"",""created_time"":""2026-04-28T18:45:19.771399Z"",""no_price_dollars"":""0.5700"",""taker_side"":""yes"",""ticker"":""KXBTC15M-26APR281500-00"",""trade_id"":""aaef8cac-202b-5f6d-a75e-59d88281dba8"",""yes_price_dollars"":""0.4300""}"
KXBTC15M-26APR281500-00,df7244d6-0077-71b9-fc61-cce908740e34,1777401919,0.43,12.3,yes,"{""count_fp"":""12.30"",""created_time"":""2026-04-28T18:45:19.355948Z"",""no_price_dollars"":""0.5700"",""taker_side"":""yes"",""ticker"":""KXBTC15M-26APR281500-00"",""trade_id"":""df7244d6-0077-71b9-fc61-cce908740e34"",""yes_price_dollars"":""0.4300""}"
KXBTC15M-26APR281500-00,44a9470f-1957-5081-41a1-fa30c1f0c7cc,1777401919,0.43,10.47,yes,"{""count_fp"":""10.47"",""created_time"":""2026-04-28T18:45:19.289915Z"",""no_price_dollars"":""0.5700"",""taker_side"":""yes"",""ticker"":""KXBTC15M-26APR281500-00"",""trade_id"":""44a9470f-1957-5081-41a1-fa30c1f0c7cc"",""yes_price_dollars"":""0.4300""}"
KXBTC15M-26APR281500-00,b43d97d9-9acb-5b41-0f23-959cbe5901b8,1777401919,0.43,2.13,yes,"{""count_fp"":""2.13"",""created_time"":""2026-04-28T18:45:19.210021Z"",""no_price_dollars"":""0.5700"",""taker_side"":""yes"",""ticker"":""KXBTC15M-26APR281500-00"",""trade_id"":""b43d97d9-9acb-5b41-0f23-959cbe5901b8"",""yes_price_dollars"":""0.4300""}"
KXBTC15M-26APR281500-00,ad9bb9fa-6fbc-44e1-7a40-db41fc4ee3d0,1777401919,0.43,10.0,no,"{""count_fp"":""10.00"",""created_time"":""2026-04-28T18:45:19.071959Z"",""no_price_dollars"":""0.5700"",""taker_side"":""no"",""ticker"":""KXBTC15M-26APR281500-00"",""trade_id"":""ad9bb9fa-6fbc-44e1-7a40-db41fc4ee3d0"",""yes_price_dollars"":""0.4300""}"
KXBTC15M-26APR281500-00,5000181b-6d42-400a-5dab-8fef1d8ebbb5,1777401919,0.43,40.0,no,"{""count_fp"":""40.00"",""created_time"":""2026-04-28T18:45:19.071959Z"",""no_price_dollars"":""0.5700"",""taker_side"":""no"",""ticker"":""KXBTC15M-26APR281500-00"",""trade_id"":""5000181b-6d42-400a-5dab-8fef1d8ebbb5"",""yes_price_dollars"":""0.4300""}"
KXBTC15M-26APR281500-00,2a3c73e0-663e-4fae-4ed1-87eae3cb198e,1777401919,0.43,5.0,no,"{""count_fp"":""5.00"",""created_time"":""2026-04-28T18:45:19.071959Z"",""no_price_dollars"":""0.5700"",""taker_side"":""no"",""ticker"":""KXBTC15M-26APR281500-00"",""trade_id"":""2a3c73e0-663e-4fae-4ed1-87eae3cb198e"",""yes_price_dollars"":""0.4300""}"
KXBTC15M-26APR281500-00,2698ab56-0df3-6d01-5e89-e88de60c4d1d,1777401920,0.43,173.0,yes,"{""count_fp"":""173.00"",""created_time"":""2026-04-28T18:45:20.978538Z"",""no_price_dollars"":""0.5700"",""taker_side"":""yes"",""ticker"":""KXBTC15M-26APR281500-00"",""trade_id"":""2698ab56-0df3-6d01-5e89-e88de60c4d1d"",""yes_price_dollars"":""0.4300""}"
KXBTC15M-26APR281500-00,1620e129-9c3e-62b2-6117-2bf38fd52575,1777401920,0.43,50.62,yes,"{""count_fp"":""50.62"",""created_time"":""2026-04-28T18:45:20.978538Z"",""no_price_dollars"":""0.5700"",""taker_side"":""yes"",""ticker"":""KXBTC15M-26APR281500-00"",""trade_id"":""1620e129-9c3e-62b2-6117-2bf38fd52575"",""yes_price_dollars"":""0.4300""}"
KXBTC15M-26APR281500-00,98ff87f0-d230-6419-1efb-bd862463bf9d,1777401920,0.42,39.0,no,"{""count_fp"":""39.00"",""created_time"":""2026-04-28T18:45:20.790505Z"",""no_price_dollars"":""0.5800"",""taker_side"":""no"",""ticker"":""KXBTC15M-26APR281500-00"",""trade_id"":""98ff87f0-d230-6419-1efb-bd862463bf9d"",""yes_price_dollars"":""0.4200""}"
KXBTC15M-26APR281500-00,597c739a-3846-60d3-3958-08f5718f6a22,1777401920,0.42,2.82,no,"{""count_fp"":""2.82"",""created_time"":""2026-04-28T18:45:20.790505Z"",""no_price_dollars"":""0.5800"",""taker_side"":""no"",""ticker"":""KXBTC15M-26APR281500-00"",""trade_id"":""597c739a-3846-60d3-3958-08f5718f6a22"",""yes_price_dollars"":""0.4200""}"
KXBTC15M-26APR281500-00,1ad66e14-e9b2-5726-659f-e0d4d6d1d829,1777401920,0.43,0.41,yes,"{""count_fp"":""0.41"",""created_time"":""2026-04-28T18:45:20.731727Z"",""no_price_dollars"":""0.5700"",""taker_side"":""yes"",""ticker"":""KXBTC15M-26APR281500-00"",""trade_id"":""1ad66e14-e9b2-5726-659f-e0d4d6d1d829"",""yes_price_dollars"":""0.4300""}"
KXBTC15M-26APR281500-00,d38866af-71ee-5f02-a8e9-28f80ba97df5,1777401920,0.43,2.0,yes,"{""count_fp"":""2.00"",""created_time"":""2026-04-28T18:45:20.630087Z"",""no_price_dollars"":""0.5700"",""taker_side"":""yes"",""ticker"":""KXBTC15M-26APR281500-00"",""trade_id"":""d38866af-71ee-5f02-a8e9-28f80ba97df5"",""yes_price_dollars"":""0.4300""}"
KXBTC15M-26APR281500-00,78a85186-0af6-48d7-199c-422599c4e008,1777401920,0.43,10.0,yes,"{""count_fp"":""10.00"",""created_time"":""2026-04-28T18:45:20.544147Z"",""no_price_dollars"":""0.5700"",""taker_side"":""yes"",""ticker"":""KXBTC15M-26APR281500-00"",""trade_id"":""78a85186-0af6-48d7-199c-422599c4e008"",""yes_price_dollars"":""0.4300""}"
KXBTC15M-26APR281500-00,552a862d-4dde-4cbe-1aeb-83b9f8c878bd,1777401920,0.43,2.97,yes,"{""count_fp"":""2.97"",""created_time"":""2026-04-28T18:45:20.544147Z"",""no_price_dollars"":""0.5700"",""taker_side"":""yes"",""ticker"":""KXBTC15M-26APR281500-00"",""trade_id"":""552a862d-4dde-4cbe-1aeb-83b9f8c878bd"",""yes_price_dollars"":""0.4300""}"
KXBTC15M-26APR281500-00,53935edd-fb06-418a-01d2-1d1073972fbb,1777401920,0.43,3.0,yes,"{""count_fp"":""3.00"",""created_time"":""2026-04-28T18:45:20.544147Z"",""no_price_dollars"":""0.5700"",""taker_side"":""yes"",""ticker"":""KXBTC15M-26APR281500-00"",""trade_id"":""53935edd-fb06-418a-01d2-1d1073972fbb"",""yes_price_dollars"":""0.4300""}"
KXBTC15M-26APR281500-00,522ed446-04ea-49b3-2089-b328180980a4,1777401920,0.43,417.35,yes,"{""count_fp"":""417.35"",""created_time"":""2026-04-28T18:45:20.544147Z"",""no_price_dollars"":""0.5700"",""taker_side"":""yes"",""ticker"":""KXBTC15M-26APR281500-00"",""trade_id"":""522ed446-04ea-49b3-2089-b328180980a4"",""yes_price_dollars"":""0.4300""}"
KXBTC15M-26APR281500-00,08188257-b466-43b7-0189-7714bd56e424,1777401920,0.43,5.0,yes,"{""count_fp"":""5.00"",""created_time"":""2026-04-28T18:45:20.544147Z"",""no_price_dollars"":""0.5700"",""taker_side"":""yes"",""ticker"":""KXBTC15M-26APR281500-00"",""trade_id"":""08188257-b466-43b7-0189-7714bd56e424"",""yes_price_dollars"":""0.4300""}"
KXBTC15M-26APR281500-00,482ed9eb-ab70-7949-148c-26b40e90940d,1777401920,0.42,1.0,no,"{""count_fp"":""1.00"",""created_time"":""2026-04-28T18:45:20.375262Z"",""no_price_dollars"":""0.5800"",""taker_side"":""no"",""ticker"":""KXBTC15M-26APR281500-00"",""trade_id"":""482ed9eb-ab70-7949-148c-26b40e90940d"",""yes_price_dollars"":""0.4200""}"
KXBTC15M-26APR281500-00,b0b96a02-9a03-7bed-09af-45d1371279e1,1777401921,0.43,22.36,yes,"{""count_fp"":""22.36"",""created_time"":""2026-04-28T18:45:21.813771Z"",""no_price_dollars"":""0.5700"",""taker_side"":""yes"",""ticker"":""KXBTC15M-26APR281500-00"",""trade_id"":""b0b96a02-9a03-7bed-09af-45d1371279e1"",""yes_price_dollars"":""0.4300""}"
KXBTC15M-26APR281500-00,ec8aa239-9417-5721-a538-c5e2a2c7806d,1777401921,0.43,111.81,yes,"{""count_fp"":""111.81"",""created_time"":""2026-04-28T18:45:21.735086Z"",""no_price_dollars"":""0.5700"",""taker_side"":""yes"",""ticker"":""KXBTC15M-26APR281500-00"",""trade_id"":""ec8aa239-9417-5721-a538-c5e2a2c7806d"",""yes_price_dollars"":""0.4300""}"
KXBTC15M-26APR281500-00,f18df17f-ce03-5109-aba5-3aaa1b6893b9,1777401921,0.43,111.81,yes,"{""count_fp"":""111.81"",""created_time"":""2026-04-28T18:45:21.348877Z"",""no_price_dollars"":""0.5700"",""taker_side"":""yes"",""ticker"":""KXBTC15M-26APR281500-00"",""trade_id"":""f18df17f-ce03-5109-aba5-3aaa1b6893b9"",""yes_price_dollars"":""0.4300""}"
KXBTC15M-26APR281500-00,361a4e70-bc5b-4eb9-5456-a74a7751eaf9,1777401921,0.42,10.04,no,"{""count_fp"":""10.04"",""created_time"":""2026-04-28T18:45:21.027053Z"",""no_price_dollars"":""0.5800"",""taker_side"":""no"",""ticker"":""KXBTC15M-26APR281500-00"",""trade_id"":""361a4e70-bc5b-4eb9-5456-a74a7751eaf9"",""yes_price_dollars"":""0.4200""}"
KXBTC15M-26APR281500-00,c3a9f570-4d6b-45d9-f827-8018234f1663,1777401922,0.43,11.18,yes,"{""count_fp"":""11.18"",""created_time"":""2026-04-28T18:45:22.709168Z"",""no_price_dollars"":""0.5700"",""taker_side"":""yes"",""ticker"":""KXBTC15M-26APR281500-00"",""trade_id"":""c3a9f570-4d6b-45d9-f827-8018234f1663"",""yes_price_dollars"":""0.4300""}"
KXBTC15M-26APR281500-00,d31ff481-a07b-5a3d-f158-b355c74f5de6,1777401922,0.43,9.0,yes,"{""count_fp"":""9.00"",""created_time"":""2026-04-28T18:45:22.240428Z"",""no_price_dollars"":""0.5700"",""taker_side"":""yes"",""ticker"":""KXBTC15M-26APR281500-00"",""trade_id"":""d31ff481-a07b-5a3d-f158-b355c74f5de6"",""yes_price_dollars"":""0.4300""}"
KXBTC15M-26APR281500-00,8fc88b61-886b-5fa6-daac-e1752703352e,1777401922,0.43,2.82,yes,"{""count_fp"":""2.82"",""created_time"":""2026-04-28T18:45:22.240428Z"",""no_price_dollars"":""0.5700"",""taker_side"":""yes"",""ticker"":""KXBTC15M-26APR281500-00"",""trade_id"":""8fc88b61-886b-5fa6-daac-e1752703352e"",""yes_price_dollars"":""0.4300""}"
KXBTC15M-26APR281500-00,15fa6253-3520-55c9-c586-904075ab5eee,1777401922,0.44,27.91,yes,"{""count_fp"":""27.91"",""created_time"":""2026-04-28T18:45:22.240428Z"",""no_price_dollars"":""0.5600"",""taker_side"":""yes"",""ticker"":""KXBTC15M-26APR281500-00"",""trade_id"":""15fa6253-3520-55c9-c586-904075ab5eee"",""yes_price_dollars"":""0.4400""}"
KXBTC15M-26APR281500-00,0e3c1e1b-f8bf-5f05-ef02-5d1968b72f91,1777401922,0.43,69.84,yes,"{""count_fp"":""69.84"",""created_time"":""2026-04-28T18:45:22.240428Z"",""no_price_dollars"":""0.5700"",""taker_side"":""yes"",""ticker"":""KXBTC15M-26APR281500-00"",""trade_id"":""0e3c1e1b-f8bf-5f05-ef02-5d1968b72f91"",""yes_price_dollars"":""0.4300""}"
KXBTC15M-26APR281500-00,ecc40f14-9b6b-52ed-2989-5e3292841a1d,1777401922,0.43,11.18,yes,"{""count_fp"":""11.18"",""created_time"":""2026-04-28T18:45:22.121791Z"",""no_price_dollars"":""0.5700"",""taker_side"":""yes"",""ticker"":""KXBTC15M-26APR281500-00"",""trade_id"":""ecc40f14-9b6b-52ed-2989-5e3292841a1d"",""yes_price_dollars"":""0.4300""}"
KXBTC15M-26APR281500-00,b4489e12-6e97-6405-5f30-31eda5efc98f,1777401923,0.43,11.18,yes,"{""count_fp"":""11.18"",""created_time"":""2026-04-28T18:45:23.523309Z"",""no_price_dollars"":""0.5700"",""taker_side"":""yes"",""ticker"":""KXBTC15M-26APR281500-00"",""trade_id"":""b4489e12-6e97-6405-5f30-31eda5efc98f"",""yes_price_dollars"":""0.4300""}"
KXBTC15M-26APR281500-00,b3e9811a-292f-4fe9-e9c2-ee5fb99799c5,1777401923,0.42,1.0,no,"{""count_fp"":""1.00"",""created_time"":""2026-04-28T18:45:23.320004Z"",""no_price_dollars"":""0.5800"",""taker_side"":""no"",""ticker"":""KXBTC15M-26APR281500-00"",""trade_id"":""b3e9811a-292f-4fe9-e9c2-ee5fb99799c5"",""yes_price_dollars"":""0.4200""}"
KXBTC15M-26APR281500-00,ca5cdc24-178f-6005-2e5f-557090245dbf,1777401923,0.43,111.13,yes,"{""count_fp"":""111.13"",""created_time"":""2026-04-28T18:45:23.091992Z"",""no_price_dollars"":""0.5700"",""taker_side"":""yes"",""ticker"":""KXBTC15M-26APR281500-00"",""trade_id"":""ca5cdc24-178f-6005-2e5f-557090245dbf"",""yes_price_dollars"":""0.4300""}"
KXBTC15M-26APR281500-00,08582184-46df-79f5-0435-a04479a22c1f,1777401924,0.43,50.0,yes,"{""count_fp"":""50.00"",""created_time"":""2026-04-28T18:45:24.817275Z"",""no_price_dollars"":""0.5700"",""taker_side"":""yes"",""ticker"":""KXBTC15M-26APR281500-00"",""trade_id"":""08582184-46df-79f5-0435-a04479a22c1f"",""yes_price_dollars"":""0.4300""}"
KXBTC15M-26APR281500-00,b1d97fe2-6e07-63cd-3021-1ec94a8eeb57,1777401924,0.43,0.08,yes,"{""count_fp"":""0.08"",""created_time"":""2026-04-28T18:45:24.242005Z"",""no_price_dollars"":""0.5700"",""taker_side"":""yes"",""ticker"":""KXBTC15M-26APR281500-00"",""trade_id"":""b1d97fe2-6e07-63cd-3021-1ec94a8eeb57"",""yes_price_dollars"":""0.4300""}"
KXBTC15M-26APR281500-00,ec394427-24ab-6b55-e541-bbe98b10aa13,1777401925,0.43,52.55,yes,"{""count_fp"":""52.55"",""created_time"":""2026-04-28T18:45:25.562082Z"",""no_price_dollars"":""0.5700"",""taker_side"":""yes"",""ticker"":""KXBTC15M-26APR281500-00"",""trade_id"":""ec394427-24ab-6b55-e541-bbe98b10aa13"",""yes_price_dollars"":""0.4300""}"
KXBTC15M-26APR281500-00,a4a5cfb3-4bbd-6ca2-fedd-2ba0776745d6,1777401925,0.43,10.06,yes,"{""count_fp"":""10.06"",""created_time"":""2026-04-28T18:45:25.562082Z"",""no_price_dollars"":""0.5700"",""taker_side"":""yes"",""ticker"":""KXBTC15M-26APR281500-00"",""trade_id"":""a4a5cfb3-4bbd-6ca2-fedd-2ba0776745d6"",""yes_price_dollars"":""0.4300""}"
KXBTC15M-26APR281500-00,b938e9c8-c697-624d-6b89-5c2ecdf6288b,1777401925,0.43,143.12,yes,"{""count_fp"":""143.12"",""created_time"":""2026-04-28T18:45:25.340023Z"",""no_price_dollars"":""0.5700"",""taker_side"":""yes"",""ticker"":""KXBTC15M-26APR281500-00"",""trade_id"":""b938e9c8-c697-624d-6b89-5c2ecdf6288b"",""yes_price_dollars"":""0.4300""}"
KXBTC15M-26APR281500-00,0434d600-5683-4985-0d24-1c4444589c53,1777401925,0.43,120.76,yes,"{""count_fp"":""120.76"",""created_time"":""2026-04-28T18:45:25.182892Z"",""no_price_dollars"":""0.5700"",""taker_side"":""yes"",""ticker"":""KXBTC15M-26APR281500-00"",""trade_id"":""0434d600-5683-4985-0d24-1c4444589c53"",""yes_price_dollars"":""0.4300""}"
KXBTC15M-26APR281500-00,dc1ca3ae-7c37-4ca5-d64e-cee7bcad96dc,1777401926,0.42,1.67,no,"{""count_fp"":""1.67"",""created_time"":""2026-04-28T18:45:26.844454Z"",""no_price_dollars"":""0.5800"",""taker_side"":""no"",""ticker"":""KXBTC15M-26APR281500-00"",""trade_id"":""dc1ca3ae-7c37-4ca5-d64e-cee7bcad96dc"",""yes_price_dollars"":""0.4200""}"
KXBTC15M-26APR281500-00,b72a4a87-fcc0-5370-7619-37739febd721,1777401926,0.43,5.59,yes,"{""count_fp"":""5.59"",""created_time"":""2026-04-28T18:45:26.480806Z"",""no_price_dollars"":""0.5700"",""taker_side"":""yes"",""ticker"":""KXBTC15M-26APR281500-00"",""trade_id"":""b72a4a87-fcc0-5370-7619-37739febd721"",""yes_price_dollars"":""0.4300""}"
KXBTC15M-26APR281500-00,9d72eb3d-2515-5248-42fc-508c17c93b14,1777401926,0.42,8.44,no,"{""count_fp"":""8.44"",""created_time"":""2026-04-28T18:45:26.431384Z"",""no_price_dollars"":""0.5800"",""taker_side"":""no"",""ticker"":""KXBTC15M-26APR281500-00"",""trade_id"":""9d72eb3d-2515-5248-42fc-508c17c93b14"",""yes_price_dollars"":""0.4200""}"
KXBTC15M-26APR281500-00,690905b4-85ef-5525-7ec7-5602c47a0698,1777401926,0.42,36.4,no,"{""count_fp"":""36.40"",""created_time"":""2026-04-28T18:45:26.431384Z"",""no_price_dollars"":""0.5800"",""taker_side"":""no"",""ticker"":""KXBTC15M-26APR281500-00"",""trade_id"":""690905b4-85ef-5525-7ec7-5602c47a0698"",""yes_price_dollars"":""0.4200""}"
KXBTC15M-26APR281500-00,69a97c90-7974-4bfc-c541-8d30e9b02a39,1777401926,0.43,8.0,yes,"{""count_fp"":""8.00"",""created_time"":""2026-04-28T18:45:26.322048Z"",""no_price_dollars"":""0.5700"",""taker_side"":""yes"",""ticker"":""KXBTC15M-26APR281500-00"",""trade_id"":""69a97c90-7974-4bfc-c541-8d30e9b02a39"",""yes_price_dollars"":""0.4300""}"
KXBTC15M-26APR281500-00,dcc23c41-c21a-67c3-dc06-5c69ea0a02ee,1777401926,0.42,22.78,no,"{""count_fp"":""22.78"",""created_time"":""2026-04-28T18:45:26.240748Z"",""no_price_dollars"":""0.5800"",""taker_side"":""no"",""ticker"":""KXBTC15M-26APR281500-00"",""trade_id"":""dcc23c41-c21a-67c3-dc06-5c69ea0a02ee"",""yes_price_dollars"":""0.4200""}"
KXBTC15M-26APR281500-00,a01c3abb-3389-6515-ef6d-c14b6f469a37,1777401926,0.42,10.0,no,"{""count_fp"":""10.00"",""created_time"":""2026-04-28T18:45:26.240748Z"",""no_price_dollars"":""0.5800"",""taker_side"":""no"",""ticker"":""KXBTC15M-26APR281500-00"",""trade_id"":""a01c3abb-3389-6515-ef6d-c14b6f469a37"",""yes_price_dollars"":""0.4200""}"
KXBTC15M-26APR281500-00,133bdd70-b467-6a01-f1c3-5effbd816241,1777401926,0.42,12.22,no,"{""count_fp"":""12.22"",""created_time"":""2026-04-28T18:45:26.240748Z"",""no_price_dollars"":""0.5800"",""taker_side"":""no"",""ticker"":""KXBTC15M-26APR281500-00"",""trade_id"":""133bdd70-b467-6a01-f1c3-5effbd816241"",""yes_price_dollars"":""0.4200""}"
KXBTC15M-26APR281500-00,f9fba096-117b-48e7-8e67-f610da462c33,1777401926,0.43,7.58,yes,"{""count_fp"":""7.58"",""created_time"":""2026-04-28T18:45:26.161364Z"",""no_price_dollars"":""0.5700"",""taker_side"":""yes"",""ticker"":""KXBTC15M-26APR281500-00"",""trade_id"":""f9fba096-117b-48e7-8e67-f610da462c33"",""yes_price_dollars"":""0.4300""}"
KXBTC15M-26APR281500-00,b6b08591-6fb1-47b5-abbd-ea5a40dfbbab,1777401926,0.43,40.0,yes,"{""count_fp"":""40.00"",""created_time"":""2026-04-28T18:45:26.161364Z"",""no_price_dollars"":""0.5700"",""taker_side"":""yes"",""ticker"":""KXBTC15M-26APR281500-00"",""trade_id"":""b6b08591-6fb1-47b5-abbd-ea5a40dfbbab"",""yes_price_dollars"":""0.4300""}"
KXBTC15M-26APR281500-00,99c52bbc-dad4-43c8-bda5-5ec472d4a415,1777401926,0.43,38.42,yes,"{""count_fp"":""38.42"",""created_time"":""2026-04-28T18:45:26.161364Z"",""no_price_dollars"":""0.5700"",""taker_side"":""yes"",""ticker"":""KXBTC15M-26APR281500-00"",""trade_id"":""99c52bbc-dad4-43c8-bda5-5ec472d4a415"",""yes_price_dollars"":""0.4300""}"
KXBTC15M-26APR281500-00,8dcaf231-5696-46c9-84ff-626c5ca297ee,1777401926,0.43,14.0,yes,"{""count_fp"":""14.00"",""created_time"":""2026-04-28T18:45:26.161364Z"",""no_price_dollars"":""0.5700"",""taker_side"":""yes"",""ticker"":""KXBTC15M-26APR281500-00"",""trade_id"":""8dcaf231-5696-46c9-84ff-626c5ca297ee"",""yes_price_dollars"":""0.4300""}"
KXBTC15M-26APR281500-00,a6d4ddca-860d-520e-249f-e93529d067ee,1777401926,0.43,19.94,yes,"{""count_fp"":""19.94"",""created_time"":""2026-04-28T18:45:26.127357Z"",""no_price_dollars"":""0.5700"",""taker_side"":""yes"",""ticker"":""KXBTC15M-26APR281500-00"",""trade_id"":""a6d4ddca-860d-520e-249f-e93529d067ee"",""yes_price_dollars"":""0.4300""}"
KXBTC15M-26APR281500-00,0882e65b-f11b-5d37-20df-9860fa7a9f0f,1777401926,0.43,2.42,yes,"{""count_fp"":""2.42"",""created_time"":""2026-04-28T18:45:26.127357Z"",""no_price_dollars"":""0.5700"",""taker_side"":""yes"",""ticker"":""KXBTC15M-26APR281500-00"",""trade_id"":""0882e65b-f11b-5d37-20df-9860fa7a9f0f"",""yes_price_dollars"":""0.4300""}"
KXBTC15M-26APR281500-00,1639faeb-ad1c-4e54-c0d1-ec3613432125,1777401927,0.43,6.7,yes,"{""count_fp"":""6.70"",""created_time"":""2026-04-28T18:45:27.795944Z"",""no_price_dollars"":""0.5700"",""taker_side"":""yes"",""ticker"":""KXBTC15M-26APR281500-00"",""trade_id"":""1639faeb-ad1c-4e54-c0d1-ec3613432125"",""yes_price_dollars"":""0.4300""}"
KXBTC15M-26APR281500-00,4196e90d-c9d8-6fe4-b966-81732e159af5,1777401927,0.43,111.81,yes,"{""count_fp"":""111.81"",""created_time"":""2026-04-28T18:45:27.290886Z"",""no_price_dollars"":""0.5700"",""taker_side"":""yes"",""ticker"":""KXBTC15M-26APR281500-00"",""trade_id"":""4196e90d-c9d8-6fe4-b966-81732e159af5"",""yes_price_dollars"":""0.4300""}"
KXBTC15M-26APR281500-00,d1e5e01f-8898-7b40-49b5-1b254cbfaeed,1777401927,0.43,250.47,yes,"{""count_fp"":""250.47"",""created_time"":""2026-04-28T18:45:27.187136Z"",""no_price_dollars"":""0.5700"",""taker_side"":""yes"",""ticker"":""KXBTC15M-26APR281500-00"",""trade_id"":""d1e5e01f-8898-7b40-49b5-1b254cbfaeed"",""yes_price_dollars"":""0.4300""}"
KXBTC15M-26APR281500-00,57ef4fb3-8db0-6cc4-aedc-629d210e5b3d,1777401927,0.43,44.72,yes,"{""count_fp"":""44.72"",""created_time"":""2026-04-28T18:45:27.092295Z"",""no_price_dollars"":""0.5700"",""taker_side"":""yes"",""ticker"":""KXBTC15M-26APR281500-00"",""trade_id"":""57ef4fb3-8db0-6cc4-aedc-629d210e5b3d"",""yes_price_dollars"":""0.4300""}"
KXBTC15M-26APR281500-00,e69150d7-e8b5-69d8-2bc0-16e6dba84810,1777401928,0.41,2.0,yes,"{""count_fp"":""2.00"",""created_time"":""2026-04-28T18:45:28.977007Z"",""no_price_dollars"":""0.5900"",""taker_side"":""yes"",""ticker"":""KXBTC15M-26APR281500-00"",""trade_id"":""e69150d7-e8b5-69d8-2bc0-16e6dba84810"",""yes_price_dollars"":""0.4100""}"
KXBTC15M-26APR281500-00,6884710b-1e5d-5794-74f3-b47b7f304bc8,1777401928,0.41,16.3,yes,"{""count_fp"":""16.30"",""created_time"":""2026-04-28T18:45:28.566175Z"",""no_price_dollars"":""0.5900"",""taker_side"":""yes"",""ticker"":""KXBTC15M-26APR281500-00"",""trade_id"":""6884710b-1e5d-5794-74f3-b47b7f304bc8"",""yes_price_dollars"":""0.4100""}"
KXBTC15M-26APR281500-00,a383d897-3d03-49d3-9607-ca40193add37,1777401928,0.4,40.4,no,"{""count_fp"":""40.40"",""created_time"":""2026-04-28T18:45:28.533688Z"",""no_price_dollars"":""0.6000"",""taker_side"":""no"",""ticker"":""KXBTC15M-26APR281500-00"",""trade_id"":""a383d897-3d03-49d3-9607-ca40193add37"",""yes_price_dollars"":""0.4000""}"
KXBTC15M-26APR281500-00,aab1d069-7e7d-570c-317b-3ffc75467748,1777401928,0.41,2.0,yes,"{""count_fp"":""2.00"",""created_time"":""2026-04-28T18:45:28.419302Z"",""no_price_dollars"":""0.5900"",""taker_side"":""yes"",""ticker"":""KXBTC15M-26APR281500-00"",""trade_id"":""aab1d069-7e7d-570c-317b-3ffc75467748"",""yes_price_dollars"":""0.4100""}"
KXBTC15M-26APR281500-00,430e4f2d-8b1f-6c07-9249-a2706a913f5f,1777401928,0.4,0.81,no,"{""count_fp"":""0.81"",""created_time"":""2026-04-28T18:45:28.137684Z"",""no_price_dollars"":""0.6000"",""taker_side"":""no"",""ticker"":""KXBTC15M-26APR281500-00"",""trade_id"":""430e4f2d-8b1f-6c07-9249-a2706a913f5f"",""yes_price_dollars"":""0.4000""}"
KXBTC15M-26APR281500-00,d4b49652-9c07-6343-6a31-4181bb7d43c7,1777401928,0.4,1.63,no,"{""count_fp"":""1.63"",""created_time"":""2026-04-28T18:45:28.100334Z"",""no_price_dollars"":""0.6000"",""taker_side"":""no"",""ticker"":""KXBTC15M-26APR281500-00"",""trade_id"":""d4b49652-9c07-6343-6a31-4181bb7d43c7"",""yes_price_dollars"":""0.4000""}"
KXBTC15M-26APR281500-00,e05f3d0f-dae4-5f7b-d503-368f660108e2,1777401928,0.41,8.0,no,"{""count_fp"":""8.00"",""created_time"":""2026-04-28T18:45:28.015911Z"",""no_price_dollars"":""0.5900"",""taker_side"":""no"",""ticker"":""KXBTC15M-26APR281500-00"",""trade_id"":""e05f3d0f-dae4-5f7b-d503-368f660108e2"",""yes_price_dollars"":""0.4100""}"
KXBTC15M-26APR281500-00,97889b3c-8442-5f8e-f8a8-9ce26f16312f,1777401928,0.41,40.0,no,"{""count_fp"":""40.00"",""created_time"":""2026-04-28T18:45:28.015911Z"",""no_price_dollars"":""0.5900"",""taker_side"":""no"",""ticker"":""KXBTC15M-26APR281500-00"",""trade_id"":""97889b3c-8442-5f8e-f8a8-9ce26f16312f"",""yes_price_dollars"":""0.4100""}"
KXBTC15M-26APR281500-00,38f03e46-2877-5668-fbef-788d633841aa,1777401928,0.41,5.0,no,"{""count_fp"":""5.00"",""created_time"":""2026-04-28T18:45:28.015911Z"",""no_price_dollars"":""0.5900"",""taker_side"":""no"",""ticker"":""KXBTC15M-26APR281500-00"",""trade_id"":""38f03e46-2877-5668-fbef-788d633841aa"",""yes_price_dollars"":""0.4100""}"
KXBTC15M-26APR281500-00,02500733-6317-5837-f97b-36895ebb4bde,1777401928,0.41,110.38,no,"{""count_fp"":""110.38"",""created_time"":""2026-04-28T18:45:28.015911Z"",""no_price_dollars"":""0.5900"",""taker_side"":""no"",""ticker"":""KXBTC15M-26APR281500-00"",""trade_id"":""02500733-6317-5837-f97b-36895ebb4bde"",""yes_price_dollars"":""0.4100""}"
KXBTC15M-26APR281500-00,e4c7326c-88cd-4198-89f6-593bad499adc,1777401929,0.41,4.47,yes,"{""count_fp"":""4.47"",""created_time"":""2026-04-28T18:45:29.485238Z"",""no_price_dollars"":""0.5900"",""taker_side"":""yes"",""ticker"":""KXBTC15M-26APR281500-00"",""trade_id"":""e4c7326c-88cd-4198-89f6-593bad499adc"",""yes_price_dollars"":""0.4100""}"
KXBTC15M-26APR281500-00,85f51c16-faf1-5364-ae9c-40307bacb984,1777401929,0.41,1.11,yes,"{""count_fp"":""1.11"",""created_time"":""2026-04-28T18:45:29.275122Z"",""no_price_dollars"":""0.5900"",""taker_side"":""yes"",""ticker"":""KXBTC15M-26APR281500-00"",""trade_id"":""85f51c16-faf1-5364-ae9c-40307bacb984"",""yes_price_dollars"":""0.4100""}"
KXBTC15M-26APR281500-00,c967dda0-7fcf-777f-b065-d81f8738fb13,1777401929,0.4,1.0,no,"{""count_fp"":""1.00"",""created_time"":""2026-04-28T18:45:29.104975Z"",""no_price_dollars"":""0.6000"",""taker_side"":""no"",""ticker"":""KXBTC15M-26APR281500-00"",""trade_id"":""c967dda0-7fcf-777f-b065-d81f8738fb13"",""yes_price_dollars"":""0.4000""}"
KXBTC15M-26APR281500-00,b61eae98-bedf-7c3b-0aa1-2ad276aad92f,1777401930,0.4,1.45,no,"{""count_fp"":""1.45"",""created_time"":""2026-04-28T18:45:30.952875Z"",""no_price_dollars"":""0.6000"",""taker_side"":""no"",""ticker"":""KXBTC15M-26APR281500-00"",""trade_id"":""b61eae98-bedf-7c3b-0aa1-2ad276aad92f"",""yes_price_dollars"":""0.4000""}"
KXBTC15M-26APR281500-00,f0dfaee3-cd83-66fc-e3b7-622cacfb65a5,1777401930,0.41,13.0,yes,"{""count_fp"":""13.00"",""created_time"":""2026-04-28T18:45:30.822816Z"",""no_price_dollars"":""0.5900"",""taker_side"":""yes"",""ticker"":""KXBTC15M-26APR281500-00"",""trade_id"":""f0dfaee3-cd83-66fc-e3b7-622cacfb65a5"",""yes_price_dollars"":""0.4100""}"
KXBTC15M-26APR281500-00,c69a8c09-04f9-6778-d2e4-9f370a5e328c,1777401930,0.41,2.54,yes,"{""count_fp"":""2.54"",""created_time"":""2026-04-28T18:45:30.822816Z"",""no_price_dollars"":""0.5900"",""taker_side"":""yes"",""ticker"":""KXBTC15M-26APR281500-00"",""trade_id"":""c69a8c09-04f9-6778-d2e4-9f370a5e328c"",""yes_price_dollars"":""0.4100""}"
KXBTC15M-26APR281500-00,6fa5e818-a357-6272-fcdb-9057e593f0c8,1777401930,0.41,7.88,yes,"{""count_fp"":""7.88"",""created_time"":""2026-04-28T18:45:30.822816Z"",""no_price_dollars"":""0.5900"",""taker_side"":""yes"",""ticker"":""KXBTC15M-26APR281500-00"",""trade_id"":""6fa5e818-a357-6272-fcdb-9057e593f0c8"",""yes_price_dollars"":""0.4100""}"
KXBTC15M-26APR281500-00,5b4d9035-0f2b-6103-5809-bd23a84d4087,1777401930,0.4,6.03,no,"{""count_fp"":""6.03"",""created_time"":""2026-04-28T18:45:30.698136Z"",""no_price_dollars"":""0.6000"",""taker_side"":""no"",""ticker"":""KXBTC15M-26APR281500-00"",""trade_id"":""5b4d9035-0f2b-6103-5809-bd23a84d4087"",""yes_price_dollars"":""0.4000""}"
KXBTC15M-26APR281500-00,d1ec96b0-1447-50db-f12d-4a69adc41bf7,1777401930,0.4,50.0,no,"{""count_fp"":""50.00"",""created_time"":""2026-04-28T18:45:30.662408Z"",""no_price_dollars"":""0.6000"",""taker_side"":""no"",""ticker"":""KXBTC15M-26APR281500-00"",""trade_id"":""d1ec96b0-1447-50db-f12d-4a69adc41bf7"",""yes_price_dollars"":""0.4000""}"
KXBTC15M-26APR281500-00,14d22793-1507-6ea7-0ae4-e4d465f2e457,1777401930,0.4,1.0,no,"{""count_fp"":""1.00"",""created_time"":""2026-04-28T18:45:30.654977Z"",""no_price_dollars"":""0.6000"",""taker_side"":""no"",""ticker"":""KXBTC15M-26APR281500-00"",""trade_id"":""14d22793-1507-6ea7-0ae4-e4d465f2e457"",""yes_price_dollars"":""0.4000""}"
KXBTC15M-26APR281500-00,b361f695-3119-5200-cee0-7bf3d8a9000c,1777401930,0.41,1.0,yes,"{""count_fp"":""1.00"",""created_time"":""2026-04-28T18:45:30.374601Z"",""no_price_dollars"":""0.5900"",""taker_side"":""yes"",""ticker"":""KXBTC15M-26APR281500-00"",""trade_id"":""b361f695-3119-5200-cee0-7bf3d8a9000c"",""yes_price_dollars"":""0.4100""}"
KXBTC15M-26APR281500-00,ec04d546-ce8d-5060-9277-90d3d0f9e79c,1777401930,0.41,10.0,yes,"{""count_fp"":""10.00"",""created_time"":""2026-04-28T18:45:30.345292Z"",""no_price_dollars"":""0.5900"",""taker_side"":""yes"",""ticker"":""KXBTC15M-26APR281500-00"",""trade_id"":""ec04d546-ce8d-5060-9277-90d3d0f9e79c"",""yes_price_dollars"":""0.4100""}"
KXBTC15M-26APR281500-00,52e0c367-2469-489c-5ced-f75d122b88a8,1777401930,0.41,0.58,yes,"{""count_fp"":""0.58"",""created_time"":""2026-04-28T18:45:30.210596Z"",""no_price_dollars"":""0.5900"",""taker_side"":""yes"",""ticker"":""KXBTC15M-26APR281500-00"",""trade_id"":""52e0c367-2469-489c-5ced-f75d122b88a8"",""yes_price_dollars"":""0.4100""}"
KXBTC15M-26APR281500-00,4f41c27e-3903-65fb-caa2-76d4f99d7aef,1777401931,0.39,13.63,no,"{""count_fp"":""13.63"",""created_time"":""2026-04-28T18:45:31.192105Z"",""no_price_dollars"":""0.6100"",""taker_side"":""no"",""ticker"":""KXBTC15M-26APR281500-00"",""trade_id"":""4f41c27e-3903-65fb-caa2-76d4f99d7aef"",""yes_price_dollars"":""0.3900""}"
KXBTC15M-26APR281500-00,21c7a67a-7309-623e-f0d3-790bb5cb34ac,1777401931,0.4,2.37,no,"{""count_fp"":""2.37"",""created_time"":""2026-04-28T18:45:31.192105Z"",""no_price_dollars"":""0.6000"",""taker_side"":""no"",""ticker"":""KXBTC15M-26APR281500-00"",""trade_id"":""21c7a67a-7309-623e-f0d3-790bb5cb34ac"",""yes_price_dollars"":""0.4000""}"
KXBTC15M-26APR281500-00,8769ecf0-6e9d-4292-e9c4-2063c52ca4dc,1777401931,0.4,7.63,no,"{""count_fp"":""7.63"",""created_time"":""2026-04-28T18:45:31.099971Z"",""no_price_dollars"":""0.6000"",""taker_side"":""no"",""ticker"":""KXBTC15M-26APR281500-00"",""trade_id"":""8769ecf0-6e9d-4292-e9c4-2063c52ca4dc"",""yes_price_dollars"":""0.4000""}"
KXBTC15M-26APR281500-00,6d9d95be-a6bb-475f-cff3-ac2137824e03,1777401931,0.4,16.68,no,"{""count_fp"":""16.68"",""created_time"":""2026-04-28T18:45:31.099971Z"",""no_price_dollars"":""0.6000"",""taker_side"":""no"",""ticker"":""KXBTC15M-26APR281500-00"",""trade_id"":""6d9d95be-a6bb-475f-cff3-ac2137824e03"",""yes_price_dollars"":""0.4000""}"
KXBTC15M-26APR281500-00,59338015-6461-7797-58d7-f2f9f2bdf8b5,1777401932,0.41,43.75,yes,"{""count_fp"":""43.75"",""created_time"":""2026-04-28T18:45:32.969013Z"",""no_price_dollars"":""0.5900"",""taker_side"":""yes"",""ticker"":""KXBTC15M-26APR281500-00"",""trade_id"":""59338015-6461-7797-58d7-f2f9f2bdf8b5"",""yes_price_dollars"":""0.4100""}"
KXBTC15M-26APR281500-00,46a70906-8c37-7943-2140-009ab4c21e00,1777401932,0.41,34.38,yes,"{""count_fp"":""34.38"",""created_time"":""2026-04-28T18:45:32.924515Z"",""no_price_dollars"":""0.5900"",""taker_side"":""yes"",""ticker"":""KXBTC15M-26APR281500-00"",""trade_id"":""46a70906-8c37-7943-2140-009ab4c21e00"",""yes_price_dollars"":""0.4100""}"
KXBTC15M-26APR281500-00,1207a631-c26b-7e9f-1520-0fdcc32a1454,1777401932,0.41,5.0,yes,"{""count_fp"":""5.00"",""created_time"":""2026-04-28T18:45:32.924515Z"",""no_price_dollars"":""0.5900"",""taker_side"":""yes"",""ticker"":""KXBTC15M-26APR281500-00"",""trade_id"":""1207a631-c26b-7e9f-1520-0fdcc32a1454"",""yes_price_dollars"":""0.4100""}"
KXBTC15M-26APR281500-00,dd210bf4-b167-4817-6322-9befaf591b04,1777401932,0.41,79.62,yes,"{""count_fp"":""79.62"",""created_time"":""2026-04-28T18:45:32.924415Z"",""no_price_dollars"":""0.5900"",""taker_side"":""yes"",""ticker"":""KXBTC15M-26APR281500-00"",""trade_id"":""dd210bf4-b167-4817-6322-9befaf591b04"",""yes_price_dollars"":""0.4100""}"
KXBTC15M-26APR281500-00,aff79e31-81b2-4829-6246-f7ade2b10bff,1777401932,0.41,3.0,yes,"{""count_fp"":""3.00"",""created_time"":""2026-04-28T18:45:32.924415Z"",""no_price_dollars"":""0.5900"",""taker_side"":""yes"",""ticker"":""KXBTC15M-26APR281500-00"",""trade_id"":""aff79e31-81b2-4829-6246-f7ade2b10bff"",""yes_price_dollars"":""0.4100""}"
KXBTC15M-26APR281500-00,b65f4fc2-9888-61aa-f7bd-99ef4194e0fe,1777401932,0.4,100.0,yes,"{""count_fp"":""100.00"",""created_time"":""2026-04-28T18:45:32.893347Z"",""no_price_dollars"":""0.6000"",""taker_side"":""yes"",""ticker"":""KXBTC15M-26APR281500-00"",""trade_id"":""b65f4fc2-9888-61aa-f7bd-99ef4194e0fe"",""yes_price_dollars"":""0.4000""}"
KXBTC15M-26APR281500-00,212f1f55-294b-6d1a-e52b-f6c6cd8d5964,1777401932,0.4,363.69,yes,"{""count_fp"":""363.69"",""created_time"":""2026-04-28T18:45:32.893347Z"",""no_price_dollars"":""0.6000"",""taker_side"":""yes"",""ticker"":""KXBTC15M-26APR281500-00"",""trade_id"":""212f1f55-294b-6d1a-e52b-f6c6cd8d5964"",""yes_price_dollars"":""0.4000""}"
KXBTC15M-26APR281500-00,1d1a1f10-a4ea-6ea1-c5b4-c8db5b0c894e,1777401932,0.4,30.0,yes,"{""count_fp"":""30.00"",""created_time"":""2026-04-28T18:45:32.893347Z"",""no_price_dollars"":""0.6000"",""taker_side"":""yes"",""ticker"":""KXBTC15M-26APR281500-00"",""trade_id"":""1d1a1f10-a4ea-6ea1-c5b4-c8db5b0c894e"",""yes_price_dollars"":""0.4000""}"
KXBTC15M-26APR281500-00,0ba1ba25-b541-62e6-d3a5-a0b5bec6c744,1777401932,0.4,150.0,yes,"{""count_fp"":""150.00"",""created_time"":""2026-04-28T18:45:32.893347Z"",""no_price_dollars"":""0.6000"",""taker_side"":""yes"",""ticker"":""KXBTC15M-26APR281500-00"",""trade_id"":""0ba1ba25-b541-62e6-d3a5-a0b5bec6c744"",""yes_price_dollars"":""0.4000""}"
KXBTC15M-26APR281500-00,e86bd614-8da3-6a27-f8c5-d546c16af94b,1777401932,0.39,84.6,no,"{""count_fp"":""84.60"",""created_time"":""2026-04-28T18:45:32.702134Z"",""no_price_dollars"":""0.6100"",""taker_side"":""no"",""ticker"":""KXBTC15M-26APR281500-00"",""trade_id"":""e86bd614-8da3-6a27-f8c5-d546c16af94b"",""yes_price_dollars"":""0.3900""}"
KXBTC15M-26APR281500-00,6ce79241-099f-5c4a-27ee-dfffaec264a4,1777401932,0.4,1.34,yes,"{""count_fp"":""1.34"",""created_time"":""2026-04-28T18:45:32.557664Z"",""no_price_dollars"":""0.6000"",""taker_side"":""yes"",""ticker"":""KXBTC15M-26APR281500-00"",""trade_id"":""6ce79241-099f-5c4a-27ee-dfffaec264a4"",""yes_price_dollars"":""0.4000""}"
KXBTC15M-26APR281500-00,4d094e92-d413-7372-002d-c9f6e8ef5c9c,1777401932,0.4,117.09,yes,"{""count_fp"":""117.09"",""created_time"":""2026-04-28T18:45:32.398227Z"",""no_price_dollars"":""0.6000"",""taker_side"":""yes"",""ticker"":""KXBTC15M-26APR281500-00"",""trade_id"":""4d094e92-d413-7372-002d-c9f6e8ef5c9c"",""yes_price_dollars"":""0.4000""}"
KXBTC15M-26APR281500-00,eaf9700a-c08b-7f13-b799-54ec1ff1bd2f,1777401932,0.39,5.0,no,"{""count_fp"":""5.00"",""created_time"":""2026-04-28T18:45:32.083561Z"",""no_price_dollars"":""0.6100"",""taker_side"":""no"",""ticker"":""KXBTC15M-26APR281500-00"",""trade_id"":""eaf9700a-c08b-7f13-b799-54ec1ff1bd2f"",""yes_price_dollars"":""0.3900""}"
KXBTC15M-26APR281500-00,36a86f24-73bc-7930-1376-8ea4d23bc391,1777401933,0.41,1.0,yes,"{""count_fp"":""1.00"",""created_time"":""2026-04-28T18:45:33.738113Z"",""no_price_dollars"":""0.5900"",""taker_side"":""yes"",""ticker"":""KXBTC15M-26APR281500-00"",""trade_id"":""36a86f24-73bc-7930-1376-8ea4d23bc391"",""yes_price_dollars"":""0.4100""}"
KXBTC15M-26APR281500-00,6cb85a88-a4dc-72f7-5579-485e41bb6630,1777401933,0.4,246.24,no,"{""count_fp"":""246.24"",""created_time"":""2026-04-28T18:45:33.053436Z"",""no_price_dollars"":""0.6000"",""taker_side"":""no"",""ticker"":""KXBTC15M-26APR281500-00"",""trade_id"":""6cb85a88-a4dc-72f7-5579-485e41bb6630"",""yes_price_dollars"":""0.4000""}"
KXBTC15M-26APR281500-00,41dbbfd1-61cf-7420-64fc-bc03a6362118,1777401933,0.4,40.0,no,"{""count_fp"":""40.00"",""created_time"":""2026-04-28T18:45:33.053436Z"",""no_price_dollars"":""0.6000"",""taker_side"":""no"",""ticker"":""KXBTC15M-26APR281500-00"",""trade_id"":""41dbbfd1-61cf-7420-64fc-bc03a6362118"",""yes_price_dollars"":""0.4000""}"
KXBTC15M-26APR281500-00,92c2486b-277c-625d-5018-a32e6c4f7faa,1777401934,0.4,1.0,no,"{""count_fp"":""1.00"",""created_time"":""2026-04-28T18:45:34.660833Z"",""no_price_dollars"":""0.6000"",""taker_side"":""no"",""ticker"":""KXBTC15M-26APR281500-00"",""trade_id"":""92c2486b-277c-625d-5018-a32e6c4f7faa"",""yes_price_dollars"":""0.4000""}"
KXBTC15M-26APR281500-00,631626f0-42b4-43f9-5afd-2cbc5043d9ce,1777401934,0.4,7.97,no,"{""count_fp"":""7.97"",""created_time"":""2026-04-28T18:45:34.647279Z"",""no_price_dollars"":""0.6000"",""taker_side"":""no"",""ticker"":""KXBTC15M-26APR281500-00"",""trade_id"":""631626f0-42b4-43f9-5afd-2cbc5043d9ce"",""yes_price_dollars"":""0.4000""}"
KXBTC15M-26APR281500-00,9c8c78bb-b5d0-4ff1-2821-465189c062a2,1777401934,0.4,3.19,no,"{""count_fp"":""3.19"",""created_time"":""2026-04-28T18:45:34.609298Z"",""no_price_dollars"":""0.6000"",""taker_side"":""no"",""ticker"":""KXBTC15M-26APR281500-00"",""trade_id"":""9c8c78bb-b5d0-4ff1-2821-465189c062a2"",""yes_price_dollars"":""0.4000""}"
KXBTC15M-26APR281500-00,c99c7140-b980-6f91-9022-faa75575fc82,1777401934,0.4,16.2,no,"{""count_fp"":""16.20"",""created_time"":""2026-04-28T18:45:34.142548Z"",""no_price_dollars"":""0.6000"",""taker_side"":""no"",""ticker"":""KXBTC15M-26APR281500-00"",""trade_id"":""c99c7140-b980-6f91-9022-faa75575fc82"",""yes_price_dollars"":""0.4000""}"
KXBTC15M-26APR281500-00,9f93b7ca-da1c-65fd-83b4-5cb15d1606ca,1777401934,0.4,28.72,no,"{""count_fp"":""28.72"",""created_time"":""2026-04-28T18:45:34.090676Z"",""no_price_dollars"":""0.6000"",""taker_side"":""no"",""ticker"":""KXBTC15M-26APR281500-00"",""trade_id"":""9f93b7ca-da1c-65fd-83b4-5cb15d1606ca"",""yes_price_dollars"":""0.4000""}"
KXBTC15M-26APR281500-00,9d283220-afb0-41d8-2d74-d41e03385919,1777401935,0.41,53.87,yes,"{""count_fp"":""53.87"",""created_time"":""2026-04-28T18:45:35.766929Z"",""no_price_dollars"":""0.5900"",""taker_side"":""yes"",""ticker"":""KXBTC15M-26APR281500-00"",""trade_id"":""9d283220-afb0-41d8-2d74-d41e03385919"",""yes_price_dollars"":""0.4100""}"
KXBTC15M-26APR281500-00,51b2145f-0e5f-71db-6287-f4f3ddadb8bc,1777401935,0.4,4.57,no,"{""count_fp"":""4.57"",""created_time"":""2026-04-28T18:45:35.587936Z"",""no_price_dollars"":""0.6000"",""taker_side"":""no"",""ticker"":""KXBTC15M-26APR281500-00"",""trade_id"":""51b2145f-0e5f-71db-6287-f4f3ddadb8bc"",""yes_price_dollars"":""0.4000""}"
KXBTC15M-26APR281500-00,4fa31b8d-acf9-707d-740f-973b1df62ed3,1777401935,0.4,3.0,no,"{""count_fp"":""3.00"",""created_time"":""2026-04-28T18:45:35.587936Z"",""no_price_dollars"":""0.6000"",""taker_side"":""no"",""ticker"":""KXBTC15M-26APR281500-00"",""trade_id"":""4fa31b8d-acf9-707d-740f-973b1df62ed3"",""yes_price_dollars"":""0.4000""}"
KXBTC15M-26APR281500-00,1ee4d393-d878-7909-4da8-866bace4e06e,1777401935,0.4,0.4,no,"{""count_fp"":""0.40"",""created_time"":""2026-04-28T18:45:35.587936Z"",""no_price_dollars"":""0.6000"",""taker_side"":""no"",""ticker"":""KXBTC15M-26APR281500-00"",""trade_id"":""1ee4d393-d878-7909-4da8-866bace4e06e"",""yes_price_dollars"":""0.4000""}"
KXBTC15M-26APR281500-00,5bcea715-6d38-7031-0d98-f71a8bfeb7d2,1777401935,0.4,16.21,no,"{""count_fp"":""16.21"",""created_time"":""2026-04-28T18:45:35.569446Z"",""no_price_dollars"":""0.6000"",""taker_side"":""no"",""ticker"":""KXBTC15M-26APR281500-00"",""trade_id"":""5bcea715-6d38-7031-0d98-f71a8bfeb7d2"",""yes_price_dollars"":""0.4000""}"
KXBTC15M-26APR281500-00,2bba96f9-1b44-7725-475a-38edbef0c266,1777401935,0.4,32.42,no,"{""count_fp"":""32.42"",""created_time"":""2026-04-28T18:45:35.500788Z"",""no_price_dollars"":""0.6000"",""taker_side"":""no"",""ticker"":""KXBTC15M-26APR281500-00"",""trade_id"":""2bba96f9-1b44-7725-475a-38edbef0c266"",""yes_price_dollars"":""0.4000""}"
KXBTC15M-26APR281500-00,9e57af3b-307c-7ae0-5b46-dd8e8c09b639,1777401935,0.41,23.42,yes,"{""count_fp"":""23.42"",""created_time"":""2026-04-28T18:45:35.447731Z"",""no_price_dollars"":""0.5900"",""taker_side"":""yes"",""ticker"":""KXBTC15M-26APR281500-00"",""trade_id"":""9e57af3b-307c-7ae0-5b46-dd8e8c09b639"",""yes_price_dollars"":""0.4100""}"
KXBTC15M-26APR281500-00,c2cd2ef3-8fac-77ac-2bbe-7087d06ee58d,1777401935,0.41,0.46,yes,"{""count_fp"":""0.46"",""created_time"":""2026-04-28T18:45:35.409148Z"",""no_price_dollars"":""0.5900"",""taker_side"":""yes"",""ticker"":""KXBTC15M-26APR281500-00"",""trade_id"":""c2cd2ef3-8fac-77ac-2bbe-7087d06ee58d"",""yes_price_dollars"":""0.4100""}"
KXBTC15M-26APR281500-00,76246fdf-4940-4305-fd21-76aca78db2be,1777401935,0.4,7.89,no,"{""count_fp"":""7.89"",""created_time"":""2026-04-28T18:45:35.252491Z"",""no_price_dollars"":""0.6000"",""taker_side"":""no"",""ticker"":""KXBTC15M-26APR281500-00"",""trade_id"":""76246fdf-4940-4305-fd21-76aca78db2be"",""yes_price_dollars"":""0.4000""}"
KXBTC15M-26APR281500-00,02547fc4-f3d0-522c-814d-be5ad91afb95,1777401935,0.41,65.58,yes,"{""count_fp"":""65.58"",""created_time"":""2026-04-28T18:45:35.228401Z"",""no_price_dollars"":""0.5900"",""taker_side"":""yes"",""ticker"":""KXBTC15M-26APR281500-00"",""trade_id"":""02547fc4-f3d0-522c-814d-be5ad91afb95"",""yes_price_dollars"":""0.4100""}"
KXBTC15M-26APR281500-00,61977f9a-6fbf-5a1b-4331-4d872daa9294,1777401936,0.4,1.13,no,"{""count_fp"":""1.13"",""created_time"":""2026-04-28T18:45:36.711649Z"",""no_price_dollars"":""0.6000"",""taker_side"":""no"",""ticker"":""KXBTC15M-26APR281500-00"",""trade_id"":""61977f9a-6fbf-5a1b-4331-4d872daa9294"",""yes_price_dollars"":""0.4000""}"
KXBTC15M-26APR281500-00,16ddf1bf-93ec-7ce8-999d-9862f4044871,1777401936,0.41,23.42,yes,"{""count_fp"":""23.42"",""created_time"":""2026-04-28T18:45:36.604917Z"",""no_price_dollars"":""0.5900"",""taker_side"":""yes"",""ticker"":""KXBTC15M-26APR281500-00"",""trade_id"":""16ddf1bf-93ec-7ce8-999d-9862f4044871"",""yes_price_dollars"":""0.4100""}"
KXBTC15M-26APR281500-00,bfd90421-7adf-42db-003e-b0bc0df62594,1777401936,0.4,0.79,no,"{""count_fp"":""0.79"",""created_time"":""2026-04-28T18:45:36.222474Z"",""no_price_dollars"":""0.6000"",""taker_side"":""no"",""ticker"":""KXBTC15M-26APR281500-00"",""trade_id"":""bfd90421-7adf-42db-003e-b0bc0df62594"",""yes_price_dollars"":""0.4000""}"
KXBTC15M-26APR281500-00,b6a605d2-9318-7680-a2f1-48aa58bad419,1777401936,0.41,2.0,yes,"{""count_fp"":""2.00"",""created_time"":""2026-04-28T18:45:36.065027Z"",""no_price_dollars"":""0.5900"",""taker_side"":""yes"",""ticker"":""KXBTC15M-26APR281500-00"",""trade_id"":""b6a605d2-9318-7680-a2f1-48aa58bad419"",""yes_price_dollars"":""0.4100""}"
KXBTC15M-26APR281500-00,ea5f2122-8ff0-61e4-b35d-98be43408d55,1777401937,0.41,84.32,yes,"{""count_fp"":""84.32"",""created_time"":""2026-04-28T18:45:37.861323Z"",""no_price_dollars"":""0.5900"",""taker_side"":""yes"",""ticker"":""KXBTC15M-26APR281500-00"",""trade_id"":""ea5f2122-8ff0-61e4-b35d-98be43408d55"",""yes_price_dollars"":""0.4100""}"
KXBTC15M-26APR281500-00,4f9e8ee9-eccf-624f-f2df-3f2c210995d8,1777401937,0.4,11.34,no,"{""count_fp"":""11.34"",""created_time"":""2026-04-28T18:45:37.309586Z"",""no_price_dollars"":""0.6000"",""taker_side"":""no"",""ticker"":""KXBTC15M-26APR281500-00"",""trade_id"":""4f9e8ee9-eccf-624f-f2df-3f2c210995d8"",""yes_price_dollars"":""0.4000""}"
KXBTC15M-26APR281500-00,9819be21-e110-6528-9d36-57aa3646cec9,1777401937,0.41,1.0,yes,"{""count_fp"":""1.00"",""created_time"":""2026-04-28T18:45:37.280804Z"",""no_price_dollars"":""0.5900"",""taker_side"":""yes"",""ticker"":""KXBTC15M-26APR281500-00"",""trade_id"":""9819be21-e110-6528-9d36-57aa3646cec9"",""yes_price_dollars"":""0.4100""}"
KXBTC15M-26APR281500-00,b5e62ffa-223c-5c1c-710a-9954ec657ced,1777401937,0.41,2.0,yes,"{""count_fp"":""2.00"",""created_time"":""2026-04-28T18:45:37.174486Z"",""no_price_dollars"":""0.5900"",""taker_side"":""yes"",""ticker"":""KXBTC15M-26APR281500-00"",""trade_id"":""b5e62ffa-223c-5c1c-710a-9954ec657ced"",""yes_price_dollars"":""0.4100""}"
KXBTC15M-26APR281500-00,a29cf087-cf08-7d3c-13cb-8838e1832515,1777401937,0.41,117.11,yes,"{""count_fp"":""117.11"",""created_time"":""2026-04-28T18:45:37.138659Z"",""no_price_dollars"":""0.5900"",""taker_side"":""yes"",""ticker"":""KXBTC15M-26APR281500-00"",""trade_id"":""a29cf087-cf08-7d3c-13cb-8838e1832515"",""yes_price_dollars"":""0.4100""}"
KXBTC15M-26APR281500-00,1486fe43-126b-40e7-605a-f0cc7c3838aa,1777401938,0.41,16.39,yes,"{""count_fp"":""16.39"",""created_time"":""2026-04-28T18:45:38.766229Z"",""no_price_dollars"":""0.5900"",""taker_side"":""yes"",""ticker"":""KXBTC15M-26APR281500-00"",""trade_id"":""1486fe43-126b-40e7-605a-f0cc7c3838aa"",""yes_price_dollars"":""0.4100""}"
KXBTC15M-26APR281500-00,c9d020d9-83e8-5fab-9e5c-eb14538e60ab,1777401938,0.41,30.0,yes,"{""count_fp"":""30.00"",""created_time"":""2026-04-28T18:45:38.564345Z"",""no_price_dollars"":""0.5900"",""taker_side"":""yes"",""ticker"":""KXBTC15M-26APR281500-00"",""trade_id"":""c9d020d9-83e8-5fab-9e5c-eb14538e60ab"",""yes_price_dollars"":""0.4100""}"
KXBTC15M-26APR281500-00,c620fddc-4ca2-59c4-b540-4d3065a53770,1777401938,0.41,17.0,yes,"{""count_fp"":""17.00"",""created_time"":""2026-04-28T18:45:38.564345Z"",""no_price_dollars"":""0.5900"",""taker_side"":""yes"",""ticker"":""KXBTC15M-26APR281500-00"",""trade_id"":""c620fddc-4ca2-59c4-b540-4d3065a53770"",""yes_price_dollars"":""0.4100""}"
KXBTC15M-26APR281500-00,c3949a0b-6d8e-5f3b-864a-9d5c5be7a9a7,1777401938,0.41,10.0,yes,"{""count_fp"":""10.00"",""created_time"":""2026-04-28T18:45:38.564345Z"",""no_price_dollars"":""0.5900"",""taker_side"":""yes"",""ticker"":""KXBTC15M-26APR281500-00"",""trade_id"":""c3949a0b-6d8e-5f3b-864a-9d5c5be7a9a7"",""yes_price_dollars"":""0.4100""}"
KXBTC15M-26APR281500-00,b6a015c6-f0c5-521c-a7a9-29edc237c874,1777401938,0.41,3.0,yes,"{""count_fp"":""3.00"",""created_time"":""2026-04-28T18:45:38.564345Z"",""no_price_dollars"":""0.5900"",""taker_side"":""yes"",""ticker"":""KXBTC15M-26APR281500-00"",""trade_id"":""b6a015c6-f0c5-521c-a7a9-29edc237c874"",""yes_price_dollars"":""0.4100""}"
KXBTC15M-26APR281500-00,987d4e0b-9fd5-5ab0-b588-c554ad4bb40f,1777401938,0.42,40.0,yes,"{""count_fp"":""40.00"",""created_time"":""2026-04-28T18:45:38.564345Z"",""no_price_dollars"":""0.5800"",""taker_side"":""yes"",""ticker"":""KXBTC15M-26APR281500-00"",""trade_id"":""987d4e0b-9fd5-5ab0-b588-c554ad4bb40f"",""yes_price_dollars"":""0.4200""}"
KXBTC15M-26APR281500-00,96e719f5-1525-511b-8bba-22fae6d68565,1777401938,0.41,99.25,yes,"{""count_fp"":""99.25"",""created_time"":""2026-04-28T18:45:38.564345Z"",""no_price_dollars"":""0.5900"",""taker_side"":""yes"",""ticker"":""KXBTC15M-26APR281500-00"",""trade_id"":""96e719f5-1525-511b-8bba-22fae6d68565"",""yes_price_dollars"":""0.4100""}"
KXBTC15M-26APR281500-00,727c4063-258c-5d94-ba86-a43ebbc73871,1777401938,0.42,366.45,yes,"{""count_fp"":""366.45"",""created_time"":""2026-04-28T18:45:38.564345Z"",""no_price_dollars"":""0.5800"",""taker_side"":""yes"",""ticker"":""KXBTC15M-26APR281500-00"",""trade_id"":""727c4063-258c-5d94-ba86-a43ebbc73871"",""yes_price_dollars"":""0.4200""}"
KXBTC15M-26APR281500-00,5147e0d6-1b93-55fb-8754-b5aa32c7d5b1,1777401938,0.42,56.0,yes,"{""count_fp"":""56.00"",""created_time"":""2026-04-28T18:45:38.564345Z"",""no_price_dollars"":""0.5800"",""taker_side"":""yes"",""ticker"":""KXBTC15M-26APR281500-00"",""trade_id"":""5147e0d6-1b93-55fb-8754-b5aa32c7d5b1"",""yes_price_dollars"":""0.4200""}"
KXBTC15M-26APR281500-00,3b5e1363-fef4-51d0-8492-1b26dfeb6d1d,1777401938,0.41,43.84,yes,"{""count_fp"":""43.84"",""created_time"":""2026-04-28T18:45:38.564345Z"",""no_price_dollars"":""0.5900"",""taker_side"":""yes"",""ticker"":""KXBTC15M-26APR281500-00"",""trade_id"":""3b5e1363-fef4-51d0-8492-1b26dfeb6d1d"",""yes_price_dollars"":""0.4100""}"
KXBTC15M-26APR281500-00,39398ec7-3b94-5358-81b6-8e9e066a2561,1777401938,0.41,200.0,yes,"{""count_fp"":""200.00"",""created_time"":""2026-04-28T18:45:38.564345Z"",""no_price_dollars"":""0.5900"",""taker_side"":""yes"",""ticker"":""KXBTC15M-26APR281500-00"",""trade_id"":""39398ec7-3b94-5358-81b6-8e9e066a2561"",""yes_price_dollars"":""0.4100""}"
KXBTC15M-26APR281500-00,37293caf-5ec8-5cce-90ff-f2d7dd69e751,1777401938,0.42,3.0,yes,"{""count_fp"":""3.00"",""created_time"":""2026-04-28T18:45:38.564345Z"",""no_price_dollars"":""0.5800"",""taker_side"":""yes"",""ticker"":""KXBTC15M-26APR281500-00"",""trade_id"":""37293caf-5ec8-5cce-90ff-f2d7dd69e751"",""yes_price_dollars"":""0.4200""}"
KXBTC15M-26APR281500-00,154ab485-01f3-5c66-8787-b2b71b65afc3,1777401938,0.41,40.0,yes,"{""count_fp"":""40.00"",""created_time"":""2026-04-28T18:45:38.564345Z"",""no_price_dollars"":""0.5900"",""taker_side"":""yes"",""ticker"":""KXBTC15M-26APR281500-00"",""trade_id"":""154ab485-01f3-5c66-8787-b2b71b65afc3"",""yes_price_dollars"":""0.4100""}"
KXBTC15M-26APR281500-00,2992d6be-c253-6507-295f-0dd1e9fdda34,1777401938,0.4,1.62,no,"{""count_fp"":""1.62"",""created_time"":""2026-04-28T18:45:38.119245Z"",""no_price_dollars"":""0.6000"",""taker_side"":""no"",""ticker"":""KXBTC15M-26APR281500-00"",""trade_id"":""2992d6be-c253-6507-295f-0dd1e9fdda34"",""yes_price_dollars"":""0.4000""}"
KXBTC15M-26APR281500-00,8456e228-92dd-5895-2004-a7bd9c871f79,1777401939,0.4,11.34,no,"{""count_fp"":""11.34"",""created_time"":""2026-04-28T18:45:39.941099Z"",""no_price_dollars"":""0.6000"",""taker_side"":""no"",""ticker"":""KXBTC15M-26APR281500-00"",""trade_id"":""8456e228-92dd-5895-2004-a7bd9c871f79"",""yes_price_dollars"":""0.4000""}"
KXBTC15M-26APR281500-00,9e607fff-64ec-6738-5d26-5814abcb9bd9,1777401939,0.41,2.1,yes,"{""count_fp"":""2.10"",""created_time"":""2026-04-28T18:45:39.618954Z"",""no_price_dollars"":""0.5900"",""taker_side"":""yes"",""ticker"":""KXBTC15M-26APR281500-00"",""trade_id"":""9e607fff-64ec-6738-5d26-5814abcb9bd9"",""yes_price_dollars"":""0.4100""}"
KXBTC15M-26APR281500-00,b78a7644-8609-49bd-612e-549e12a19d83,1777401939,0.4,5.0,no,"{""count_fp"":""5.00"",""created_time"":""2026-04-28T18:45:39.521049Z"",""no_price_dollars"":""0.6000"",""taker_side"":""no"",""ticker"":""KXBTC15M-26APR281500-00"",""trade_id"":""b78a7644-8609-49bd-612e-549e12a19d83"",""yes_price_dollars"":""0.4000""}"
KXBTC15M-26APR281500-00,6dc93a8d-9df1-4221-6b5d-80851f951785,1777401939,0.4,12.83,no,"{""count_fp"":""12.83"",""created_time"":""2026-04-28T18:45:39.521049Z"",""no_price_dollars"":""0.6000"",""taker_side"":""no"",""ticker"":""KXBTC15M-26APR281500-00"",""trade_id"":""6dc93a8d-9df1-4221-6b5d-80851f951785"",""yes_price_dollars"":""0.4000""}"
KXBTC15M-26APR281500-00,2e92a724-e80c-70c0-1611-c4527c949e9d,1777401939,0.41,28.1,yes,"{""count_fp"":""28.10"",""created_time"":""2026-04-28T18:45:39.425022Z"",""no_price_dollars"":""0.5900"",""taker_side"":""yes"",""ticker"":""KXBTC15M-26APR281500-00"",""trade_id"":""2e92a724-e80c-70c0-1611-c4527c949e9d"",""yes_price_dollars"":""0.4100""}"
KXBTC15M-26APR281500-00,d90cc110-5288-7548-3111-532ebb2b21f5,1777401939,0.41,177.89,yes,"{""count_fp"":""177.89"",""created_time"":""2026-04-28T18:45:39.006865Z"",""no_price_dollars"":""0.5900"",""taker_side"":""yes"",""ticker"":""KXBTC15M-26APR281500-00"",""trade_id"":""d90cc110-5288-7548-3111-532ebb2b21f5"",""yes_price_dollars"":""0.4100""}"
KXBTC15M-26APR281500-00,cbe8f81c-ef03-767b-04b5-13d78dd2c526,1777401939,0.41,183.61,yes,"{""count_fp"":""183.61"",""created_time"":""2026-04-28T18:45:39.006865Z"",""no_price_dollars"":""0.5900"",""taker_side"":""yes"",""ticker"":""KXBTC15M-26APR281500-00"",""trade_id"":""cbe8f81c-ef03-767b-04b5-13d78dd2c526"",""yes_price_dollars"":""0.4100""}"
KXBTC15M-26APR281500-00,64b18107-198c-7686-1215-2e28f8931fa6,1777401939,0.41,100.0,yes,"{""count_fp"":""100.00"",""created_time"":""2026-04-28T18:45:39.006865Z"",""no_price_dollars"":""0.5900"",""taker_side"":""yes"",""ticker"":""KXBTC15M-26APR281500-00"",""trade_id"":""64b18107-198c-7686-1215-2e28f8931fa6"",""yes_price_dollars"":""0.4100""}"
KXBTC15M-26APR281500-00,387f53aa-32a2-7cf3-23bb-1772c31d3f87,1777401939,0.41,40.0,yes,"{""count_fp"":""40.00"",""created_time"":""2026-04-28T18:45:39.006865Z"",""no_price_dollars"":""0.5900"",""taker_side"":""yes"",""ticker"":""KXBTC15M-26APR281500-00"",""trade_id"":""387f53aa-32a2-7cf3-23bb-1772c31d3f87"",""yes_price_dollars"":""0.4100""}"
KXBTC15M-26APR281500-00,eb82237d-9947-5bf8-72c5-128db5bd9481,1777401940,0.41,0.78,yes,"{""count_fp"":""0.78"",""created_time"":""2026-04-28T18:45:40.972397Z"",""no_price_dollars"":""0.5900"",""taker_side"":""yes"",""ticker"":""KXBTC15M-26APR281500-00"",""trade_id"":""eb82237d-9947-5bf8-72c5-128db5bd9481"",""yes_price_dollars"":""0.4100""}"
KXBTC15M-26APR281500-00,dc50063d-5eb4-55f4-76a1-c9a48394845f,1777401940,0.41,100.0,yes,"{""count_fp"":""100.00"",""created_time"":""2026-04-28T18:45:40.972397Z"",""no_price_dollars"":""0.5900"",""taker_side"":""yes"",""ticker"":""KXBTC15M-26APR281500-00"",""trade_id"":""dc50063d-5eb4-55f4-76a1-c9a48394845f"",""yes_price_dollars"":""0.4100""}"
KXBTC15M-26APR281500-00,b0be6a73-8217-5013-509a-8207d87782e3,1777401940,0.41,40.0,yes,"{""count_fp"":""40.00"",""created_time"":""2026-04-28T18:45:40.972397Z"",""no_price_dollars"":""0.5900"",""taker_side"":""yes"",""ticker"":""KXBTC15M-26APR281500-00"",""trade_id"":""b0be6a73-8217-5013-509a-8207d87782e3"",""yes_price_dollars"":""0.4100""}"
KXBTC15M-26APR281500-00,8ad0851b-345b-50bc-4d25-228f48f78a4f,1777401940,0.41,7.12,yes,"{""count_fp"":""7.12"",""created_time"":""2026-04-28T18:45:40.972397Z"",""no_price_dollars"":""0.5900"",""taker_side"":""yes"",""ticker"":""KXBTC15M-26APR281500-00"",""trade_id"":""8ad0851b-345b-50bc-4d25-228f48f78a4f"",""yes_price_dollars"":""0.4100""}"
KXBTC15M-26APR281500-00,61e4b818-a3bc-5db0-4e92-45b757f7b473,1777401940,0.41,136.92,yes,"{""count_fp"":""136.92"",""created_time"":""2026-04-28T18:45:40.972397Z"",""no_price_dollars"":""0.5900"",""taker_side"":""yes"",""ticker"":""KXBTC15M-26APR281500-00"",""trade_id"":""61e4b818-a3bc-5db0-4e92-45b757f7b473"",""yes_price_dollars"":""0.4100""}"
KXBTC15M-26APR281500-00,2d39c1a8-a70d-5e7a-5ff4-618255c6af6c,1777401940,0.41,25.0,yes,"{""count_fp"":""25.00"",""created_time"":""2026-04-28T18:45:40.972397Z"",""no_price_dollars"":""0.5900"",""taker_side"":""yes"",""ticker"":""KXBTC15M-26APR281500-00"",""trade_id"":""2d39c1a8-a70d-5e7a-5ff4-618255c6af6c"",""yes_price_dollars"":""0.4100""}"
KXBTC15M-26APR281500-00,073d5ec0-1ced-5f64-5860-d41ed54b7609,1777401940,0.41,15.73,yes,"{""count_fp"":""15.73"",""created_time"":""2026-04-28T18:45:40.972397Z"",""no_price_dollars"":""0.5900"",""taker_side"":""yes"",""ticker"":""KXBTC15M-26APR281500-00"",""trade_id"":""073d5ec0-1ced-5f64-5860-d41ed54b7609"",""yes_price_dollars"":""0.4100""}"
KXBTC15M-26APR281500-00,c541e308-0d58-6578-fa81-7c5e59e684a5,1777401940,0.41,9.61,yes,"{""count_fp"":""9.61"",""created_time"":""2026-04-28T18:45:40.898679Z"",""no_price_dollars"":""0.5900"",""taker_side"":""yes"",""ticker"":""KXBTC15M-26APR281500-00"",""trade_id"":""c541e308-0d58-6578-fa81-7c5e59e684a5"",""yes_price_dollars"":""0.4100""}"
KXBTC15M-26APR281500-00,3def43bf-edfb-6480-eb12-5f16177888d3,1777401940,0.41,2.1,yes,"{""count_fp"":""2.10"",""created_time"":""2026-04-28T18:45:40.898679Z"",""no_price_dollars"":""0.5900"",""taker_side"":""yes"",""ticker"":""KXBTC15M-26APR281500-00"",""trade_id"":""3def43bf-edfb-6480-eb12-5f16177888d3"",""yes_price_dollars"":""0.4100""}"
KXBTC15M-26APR281500-00,5ffd69e9-39d8-4400-71c9-912f2636bf11,1777401940,0.41,1.0,yes,"{""count_fp"":""1.00"",""created_time"":""2026-04-28T18:45:40.804966Z"",""no_price_dollars"":""0.5900"",""taker_side"":""yes"",""ticker"":""KXBTC15M-26APR281500-00"",""trade_id"":""5ffd69e9-39d8-4400-71c9-912f2636bf11"",""yes_price_dollars"":""0.4100""}"
KXBTC15M-26APR281500-00,e0de9402-9358-5e3c-2f36-22122c78b431,1777401940,0.41,281.07,yes,"{""count_fp"":""281.07"",""created_time"":""2026-04-28T18:45:40.803436Z"",""no_price_dollars"":""0.5900"",""taker_side"":""yes"",""ticker"":""KXBTC15M-26APR281500-00"",""trade_id"":""e0de9402-9358-5e3c-2f36-22122c78b431"",""yes_price_dollars"":""0.4100""}"
KXBTC15M-26APR281500-00,3b79967d-84cb-75a8-efbb-8c83d304afa8,1777401940,0.4,1.0,no,"{""count_fp"":""1.00"",""created_time"":""2026-04-28T18:45:40.783561Z"",""no_price_dollars"":""0.6000"",""taker_side"":""no"",""ticker"":""KXBTC15M-26APR281500-00"",""trade_id"":""3b79967d-84cb-75a8-efbb-8c83d304afa8"",""yes_price_dollars"":""0.4000""}"
KXBTC15M-26APR281500-00,eab146a3-7c90-5d44-a40e-f55894846189,1777401940,0.41,0.23,yes,"{""count_fp"":""0.23"",""created_time"":""2026-04-28T18:45:40.783469Z"",""no_price_dollars"":""0.5900"",""taker_side"":""yes"",""ticker"":""KXBTC15M-26APR281500-00"",""trade_id"":""eab146a3-7c90-5d44-a40e-f55894846189"",""yes_price_dollars"":""0.4100""}"
KXBTC15M-26APR281500-00,40186cc7-4617-4830-6cb5-f6d58f57d608,1777401940,0.4,23.72,no,"{""count_fp"":""23.72"",""created_time"":""2026-04-28T18:45:40.680683Z"",""no_price_dollars"":""0.6000"",""taker_side"":""no"",""ticker"":""KXBTC15M-26APR281500-00"",""trade_id"":""40186cc7-4617-4830-6cb5-f6d58f57d608"",""yes_price_dollars"":""0.4000""}"
KXBTC15M-26APR281500-00,422b9100-c5a5-6561-921d-388969fa38bd,1777401940,0.4,3.2,no,"{""count_fp"":""3.20"",""created_time"":""2026-04-28T18:45:40.637569Z"",""no_price_dollars"":""0.6000"",""taker_side"":""no"",""ticker"":""KXBTC15M-26APR281500-00"",""trade_id"":""422b9100-c5a5-6561-921d-388969fa38bd"",""yes_price_dollars"":""0.4000""}"
KXBTC15M-26APR281500-00,48948f0f-59b9-5c01-9f52-978edd497415,1777401940,0.4,12.83,no,"{""count_fp"":""12.83"",""created_time"":""2026-04-28T18:45:40.526695Z"",""no_price_dollars"":""0.6000"",""taker_side"":""no"",""ticker"":""KXBTC15M-26APR281500-00"",""trade_id"":""48948f0f-59b9-5c01-9f52-978edd497415"",""yes_price_dollars"":""0.4000""}"
KXBTC15M-26APR281500-00,81212730-2ed0-6f3c-0a7e-419a67abc7d7,1777401941,0.41,2.34,yes,"{""count_fp"":""2.34"",""created_time"":""2026-04-28T18:45:41.456866Z"",""no_price_dollars"":""0.5900"",""taker_side"":""yes"",""ticker"":""KXBTC15M-26APR281500-00"",""trade_id"":""81212730-2ed0-6f3c-0a7e-419a67abc7d7"",""yes_price_dollars"":""0.4100""}"
KXBTC15M-26APR281500-00,39d86ab2-73af-6ccf-6286-351c6c9221cc,1777401942,0.4,5.0,no,"{""count_fp"":""5.00"",""created_time"":""2026-04-28T18:45:42.910771Z"",""no_price_dollars"":""0.6000"",""taker_side"":""no"",""ticker"":""KXBTC15M-26APR281500-00"",""trade_id"":""39d86ab2-73af-6ccf-6286-351c6c9221cc"",""yes_price_dollars"":""0.4000""}"
KXBTC15M-26APR281500-00,3458288d-ca07-6873-413c-6c7c488e384f,1777401942,0.39,9.0,no,"{""count_fp"":""9.00"",""created_time"":""2026-04-28T18:45:42.910771Z"",""no_price_dollars"":""0.6100"",""taker_side"":""no"",""ticker"":""KXBTC15M-26APR281500-00"",""trade_id"":""3458288d-ca07-6873-413c-6c7c488e384f"",""yes_price_dollars"":""0.3900""}"
KXBTC15M-26APR281500-00,1fdfb811-e57a-6a2e-726d-8833b6a2ce95,1777401942,0.4,20.0,no,"{""count_fp"":""20.00"",""created_time"":""2026-04-28T18:45:42.910771Z"",""no_price_dollars"":""0.6000"",""taker_side"":""no"",""ticker"":""KXBTC15M-26APR281500-00"",""trade_id"":""1fdfb811-e57a-6a2e-726d-8833b6a2ce95"",""yes_price_dollars"":""0.4000""}"
KXBTC15M-26APR281500-00,040a93ec-f0e0-7f3c-cb88-42e47dd7334f,1777401942,0.41,4.68,yes,"{""count_fp"":""4.68"",""created_time"":""2026-04-28T18:45:42.548988Z"",""no_price_dollars"":""0.5900"",""taker_side"":""yes"",""ticker"":""KXBTC15M-26APR281500-00"",""trade_id"":""040a93ec-f0e0-7f3c-cb88-42e47dd7334f"",""yes_price_dollars"":""0.4100""}"
KXBTC15M-26APR281500-00,89da61c5-672a-56da-ad87-b2e4f71bf215,1777401942,0.4,5.0,no,"{""count_fp"":""5.00"",""created_time"":""2026-04-28T18:45:42.001015Z"",""no_price_dollars"":""0.6000"",""taker_side"":""no"",""ticker"":""KXBTC15M-26APR281500-00"",""trade_id"":""89da61c5-672a-56da-ad87-b2e4f71bf215"",""yes_price_dollars"":""0.4000""}"
KXBTC15M-26APR281500-00,59d61ad5-7446-63ea-af0b-b9edea8664a1,1777401943,0.4,35.12,yes,"{""count_fp"":""35.12"",""created_time"":""2026-04-28T18:45:43.851459Z"",""no_price_dollars"":""0.6000"",""taker_side"":""yes"",""ticker"":""KXBTC15M-26APR281500-00"",""trade_id"":""59d61ad5-7446-63ea-af0b-b9edea8664a1"",""yes_price_dollars"":""0.4000""}"
KXBTC15M-26APR281500-00,3e7e6427-69c6-416e-0650-b968979fec0d,1777401943,0.4,11.7,yes,"{""count_fp"":""11.70"",""created_time"":""2026-04-28T18:45:43.468326Z"",""no_price_dollars"":""0.6000"",""taker_side"":""yes"",""ticker"":""KXBTC15M-26APR281500-00"",""trade_id"":""3e7e6427-69c6-416e-0650-b968979fec0d"",""yes_price_dollars"":""0.4000""}"
KXBTC15M-26APR281500-00,c619be22-3b76-6ba6-7157-91447df18cd5,1777401943,0.4,11.71,yes,"{""count_fp"":""11.71"",""created_time"":""2026-04-28T18:45:43.347421Z"",""no_price_dollars"":""0.6000"",""taker_side"":""yes"",""ticker"":""KXBTC15M-26APR281500-00"",""trade_id"":""c619be22-3b76-6ba6-7157-91447df18cd5"",""yes_price_dollars"":""0.4000""}"
KXBTC15M-26APR281500-00,94d4755d-6ff2-4732-c6fa-dee96d7281ad,1777401943,0.4,175.67,yes,"{""count_fp"":""175.67"",""created_time"":""2026-04-28T18:45:43.313882Z"",""no_price_dollars"":""0.6000"",""taker_side"":""yes"",""ticker"":""KXBTC15M-26APR281500-00"",""trade_id"":""94d4755d-6ff2-4732-c6fa-dee96d7281ad"",""yes_price_dollars"":""0.4000""}"
KXBTC15M-26APR281500-00,f4e9e4c9-b25a-7a0b-624b-9c1a561bc73e,1777401943,0.4,40.0,yes,"{""count_fp"":""40.00"",""created_time"":""2026-04-28T18:45:43.102652Z"",""no_price_dollars"":""0.6000"",""taker_side"":""yes"",""ticker"":""KXBTC15M-26APR281500-00"",""trade_id"":""f4e9e4c9-b25a-7a0b-624b-9c1a561bc73e"",""yes_price_dollars"":""0.4000""}"
KXBTC15M-26APR281500-00,38c25750-4ac2-7732-7565-bd48a4ba33c9,1777401943,0.4,30.26,yes,"{""count_fp"":""30.26"",""created_time"":""2026-04-28T18:45:43.102652Z"",""no_price_dollars"":""0.6000"",""taker_side"":""yes"",""ticker"":""KXBTC15M-26APR281500-00"",""trade_id"":""38c25750-4ac2-7732-7565-bd48a4ba33c9"",""yes_price_dollars"":""0.4000""}"
KXBTC15M-26APR281500-00,5b3aaee2-9926-6212-9e03-d2a87edb83d1,1777401944,0.4,119.96,yes,"{""count_fp"":""119.96"",""created_time"":""2026-04-28T18:45:44.657736Z"",""no_price_dollars"":""0.6000"",""taker_side"":""yes"",""ticker"":""KXBTC15M-26APR281500-00"",""trade_id"":""5b3aaee2-9926-6212-9e03-d2a87edb83d1"",""yes_price_dollars"":""0.4000""}"
KXBTC15M-26APR281500-00,de2fb42c-05fa-744e-45ae-dafebd48adc9,1777401944,0.4,0.46,yes,"{""count_fp"":""0.46"",""created_time"":""2026-04-28T18:45:44.512883Z"",""no_price_dollars"":""0.6000"",""taker_side"":""yes"",""ticker"":""KXBTC15M-26APR281500-00"",""trade_id"":""de2fb42c-05fa-744e-45ae-dafebd48adc9"",""yes_price_dollars"":""0.4000""}"
KXBTC15M-26APR281500-00,c7dceb9b-8a16-5fae-0673-f981b0189e59,1777401944,0.4,4.68,yes,"{""count_fp"":""4.68"",""created_time"":""2026-04-28T18:45:44.299048Z"",""no_price_dollars"":""0.6000"",""taker_side"":""yes"",""ticker"":""KXBTC15M-26APR281500-00"",""trade_id"":""c7dceb9b-8a16-5fae-0673-f981b0189e59"",""yes_price_dollars"":""0.4000""}"
KXBTC15M-26APR281500-00,3299d1bd-4f72-4d86-be79-56339e8de155,1777401946,0.4,11.99,yes,"{""count_fp"":""11.99"",""created_time"":""2026-04-28T18:45:46.683886Z"",""no_price_dollars"":""0.6000"",""taker_side"":""yes"",""ticker"":""KXBTC15M-26APR281500-00"",""trade_id"":""3299d1bd-4f72-4d86-be79-56339e8de155"",""yes_price_dollars"":""0.4000""}"
KXBTC15M-26APR281500-00,2d81f6ac-c9b4-74ed-8678-35b02de3fb08,1777401946,0.39,1.59,no,"{""count_fp"":""1.59"",""created_time"":""2026-04-28T18:45:46.627623Z"",""no_price_dollars"":""0.6100"",""taker_side"":""no"",""ticker"":""KXBTC15M-26APR281500-00"",""trade_id"":""2d81f6ac-c9b4-74ed-8678-35b02de3fb08"",""yes_price_dollars"":""0.3900""}"
KXBTC15M-26APR281500-00,e61552ac-fa7c-4905-c5ba-7a13440e27dc,1777401946,0.39,1.0,no,"{""count_fp"":""1.00"",""created_time"":""2026-04-28T18:45:46.523667Z"",""no_price_dollars"":""0.6100"",""taker_side"":""no"",""ticker"":""KXBTC15M-26APR281500-00"",""trade_id"":""e61552ac-fa7c-4905-c5ba-7a13440e27dc"",""yes_price_dollars"":""0.3900""}"
KXBTC15M-26APR281500-00,0cf74bc7-da20-4845-a9fa-e756f6c37f34,1777401946,0.39,6.35,no,"{""count_fp"":""6.35"",""created_time"":""2026-04-28T18:45:46.409609Z"",""no_price_dollars"":""0.6100"",""taker_side"":""no"",""ticker"":""KXBTC15M-26APR281500-00"",""trade_id"":""0cf74bc7-da20-4845-a9fa-e756f6c37f34"",""yes_price_dollars"":""0.3900""}"
KXBTC15M-26APR281500-00,fa323bb5-83e4-4a49-2525-b2b4c276bd90,1777401946,0.39,77.49,no,"{""count_fp"":""77.49"",""created_time"":""2026-04-28T18:45:46.235105Z"",""no_price_dollars"":""0.6100"",""taker_side"":""no"",""ticker"":""KXBTC15M-26APR281500-00"",""trade_id"":""fa323bb5-83e4-4a49-2525-b2b4c276bd90"",""yes_price_dollars"":""0.3900""}"
KXBTC15M-26APR281500-00,870b9176-d844-43a0-2e79-ebdaed628757,1777401946,0.39,3.0,no,"{""count_fp"":""3.00"",""created_time"":""2026-04-28T18:45:46.235105Z"",""no_price_dollars"":""0.6100"",""taker_side"":""no"",""ticker"":""KXBTC15M-26APR281500-00"",""trade_id"":""870b9176-d844-43a0-2e79-ebdaed628757"",""yes_price_dollars"":""0.3900""}"
KXBTC15M-26APR281500-00,6978615e-745b-4b64-29fa-f287a5982073,1777401946,0.39,22.22,no,"{""count_fp"":""22.22"",""created_time"":""2026-04-28T18:45:46.235105Z"",""no_price_dollars"":""0.6100"",""taker_side"":""no"",""ticker"":""KXBTC15M-26APR281500-00"",""trade_id"":""6978615e-745b-4b64-29fa-f287a5982073"",""yes_price_dollars"":""0.3900""}"
KXBTC15M-26APR281500-00,2edfad7c-a1bb-4f96-3f0e-00bd880bae15,1777401946,0.39,56.0,no,"{""count_fp"":""56.00"",""created_time"":""2026-04-28T18:45:46.235105Z"",""no_price_dollars"":""0.6100"",""taker_side"":""no"",""ticker"":""KXBTC15M-26APR281500-00"",""trade_id"":""2edfad7c-a1bb-4f96-3f0e-00bd880bae15"",""yes_price_dollars"":""0.3900""}"
KXBTC15M-26APR281500-00,96cb511d-addd-4736-212e-c90a2078d242,1777401946,0.39,4.0,no,"{""count_fp"":""4.00"",""created_time"":""2026-04-28T18:45:46.200413Z"",""no_price_dollars"":""0.6100"",""taker_side"":""no"",""ticker"":""KXBTC15M-26APR281500-00"",""trade_id"":""96cb511d-addd-4736-212e-c90a2078d242"",""yes_price_dollars"":""0.3900""}"
KXBTC15M-26APR281500-00,8b9b80c0-db17-4886-1244-ca4f7a745f12,1777401946,0.39,29.0,no,"{""count_fp"":""29.00"",""created_time"":""2026-04-28T18:45:46.200413Z"",""no_price_dollars"":""0.6100"",""taker_side"":""no"",""ticker"":""KXBTC15M-26APR281500-00"",""trade_id"":""8b9b80c0-db17-4886-1244-ca4f7a745f12"",""yes_price_dollars"":""0.3900""}"
KXBTC15M-26APR281500-00,53533fe7-003f-46b8-3818-a02de92220b7,1777401946,0.39,17.78,no,"{""count_fp"":""17.78"",""created_time"":""2026-04-28T18:45:46.200413Z"",""no_price_dollars"":""0.6100"",""taker_side"":""no"",""ticker"":""KXBTC15M-26APR281500-00"",""trade_id"":""53533fe7-003f-46b8-3818-a02de92220b7"",""yes_price_dollars"":""0.3900""}"
KXBTC15M-26APR281500-00,32f7e9fd-f5a3-40b3-065b-69ff74c578f7,1777401946,0.39,19.77,no,"{""count_fp"":""19.77"",""created_time"":""2026-04-28T18:45:46.200413Z"",""no_price_dollars"":""0.6100"",""taker_side"":""no"",""ticker"":""KXBTC15M-26APR281500-00"",""trade_id"":""32f7e9fd-f5a3-40b3-065b-69ff74c578f7"",""yes_price_dollars"":""0.3900""}"
KXBTC15M-26APR281500-00,2b39dd5d-e819-40a7-1267-a5bfea1dcd88,1777401946,0.39,55.0,no,"{""count_fp"":""55.00"",""created_time"":""2026-04-28T18:45:46.200413Z"",""no_price_dollars"":""0.6100"",""taker_side"":""no"",""ticker"":""KXBTC15M-26APR281500-00"",""trade_id"":""2b39dd5d-e819-40a7-1267-a5bfea1dcd88"",""yes_price_dollars"":""0.3900""}"
KXBTC15M-26APR281500-00,9e62ae1b-b226-7966-80ab-e6f8185458cd,1777401947,0.4,50.47,yes,"{""count_fp"":""50.47"",""created_time"":""2026-04-28T18:45:47.890176Z"",""no_price_dollars"":""0.6000"",""taker_side"":""yes"",""ticker"":""KXBTC15M-26APR281500-00"",""trade_id"":""9e62ae1b-b226-7966-80ab-e6f8185458cd"",""yes_price_dollars"":""0.4000""}"
