ticker,trade_id,ts,yes_price,count,taker_side,raw_json
KXBTC15M-26APR280115-15,1eb18199-7ace-490f-cd49-5d3fbb8e24d5,1777352400,0.5,1.0,yes,"{""count_fp"":""1.00"",""created_time"":""2026-04-28T05:00:00.773558Z"",""no_price_dollars"":""0.5000"",""taker_side"":""yes"",""ticker"":""KXBTC15M-26APR280115-15"",""trade_id"":""1eb18199-7ace-490f-cd49-5d3fbb8e24d5"",""yes_price_dollars"":""0.5000""}"
KXBTC15M-26APR280115-15,7c2ed764-6bf6-60ab-e1b2-58d76f604f65,1777352400,0.5,10.0,yes,"{""count_fp"":""10.00"",""created_time"":""2026-04-28T05:00:00.628994Z"",""no_price_dollars"":""0.5000"",""taker_side"":""yes"",""ticker"":""KXBTC15M-26APR280115-15"",""trade_id"":""7c2ed764-6bf6-60ab-e1b2-58d76f604f65"",""yes_price_dollars"":""0.5000""}"
KXBTC15M-26APR280115-15,8d9e8d0f-c52f-5b75-bcba-b7f58dde8869,1777352401,0.5,20.0,yes,"{""count_fp"":""20.00"",""created_time"":""2026-04-28T05:00:01.738651Z"",""no_price_dollars"":""0.5000"",""taker_side"":""yes"",""ticker"":""KXBTC15M-26APR280115-15"",""trade_id"":""8d9e8d0f-c52f-5b75-bcba-b7f58dde8869"",""yes_price_dollars"":""0.5000""}"
KXBTC15M-26APR280115-15,dec2de2b-c0f6-4d47-bbac-a0d40c6a66a5,1777352401,0.51,2.0,no,"{""count_fp"":""2.00"",""created_time"":""2026-04-28T05:00:01.700393Z"",""no_price_dollars"":""0.4900"",""taker_side"":""no"",""ticker"":""KXBTC15M-26APR280115-15"",""trade_id"":""dec2de2b-c0f6-4d47-bbac-a0d40c6a66a5"",""yes_price_dollars"":""0.5100""}"
KXBTC15M-26APR280115-15,1de4a516-1e0f-4e69-84ee-12e38bf044dc,1777352401,0.51,98.0,no,"{""count_fp"":""98.00"",""created_time"":""2026-04-28T05:00:01.700393Z"",""no_price_dollars"":""0.4900"",""taker_side"":""no"",""ticker"":""KXBTC15M-26APR280115-15"",""trade_id"":""1de4a516-1e0f-4e69-84ee-12e38bf044dc"",""yes_price_dollars"":""0.5100""}"
KXBTC15M-26APR280115-15,8fc283ec-e38a-7ff2-061d-39a366d70cb2,1777352401,0.56,1.0,yes,"{""count_fp"":""1.00"",""created_time"":""2026-04-28T05:00:01.139646Z"",""no_price_dollars"":""0.4400"",""taker_side"":""yes"",""ticker"":""KXBTC15M-26APR280115-15"",""trade_id"":""8fc283ec-e38a-7ff2-061d-39a366d70cb2"",""yes_price_dollars"":""0.5600""}"
KXBTC15M-26APR280115-15,3590fb29-9e9e-7c98-1a53-7ef07e82e840,1777352401,0.54,1.0,yes,"{""count_fp"":""1.00"",""created_time"":""2026-04-28T05:00:01.139646Z"",""no_price_dollars"":""0.4600"",""taker_side"":""yes"",""ticker"":""KXBTC15M-26APR280115-15"",""trade_id"":""3590fb29-9e9e-7c98-1a53-7ef07e82e840"",""yes_price_dollars"":""0.5400""}"
KXBTC15M-26APR280115-15,2fcd326d-6cde-7f02-3c99-d7d28d066f8c,1777352401,0.55,1.0,yes,"{""count_fp"":""1.00"",""created_time"":""2026-04-28T05:00:01.139646Z"",""no_price_dollars"":""0.4500"",""taker_side"":""yes"",""ticker"":""KXBTC15M-26APR280115-15"",""trade_id"":""2fcd326d-6cde-7f02-3c99-d7d28d066f8c"",""yes_price_dollars"":""0.5500""}"
KXBTC15M-26APR280115-15,2b9f83d9-8b5e-772b-216b-8e20051f8f45,1777352401,0.5,14.0,yes,"{""count_fp"":""14.00"",""created_time"":""2026-04-28T05:00:01.139646Z"",""no_price_dollars"":""0.5000"",""taker_side"":""yes"",""ticker"":""KXBTC15M-26APR280115-15"",""trade_id"":""2b9f83d9-8b5e-772b-216b-8e20051f8f45"",""yes_price_dollars"":""0.5000""}"
KXBTC15M-26APR280115-15,1ef0bc71-6750-7577-277f-2a35fa0b48aa,1777352401,0.57,1.0,yes,"{""count_fp"":""1.00"",""created_time"":""2026-04-28T05:00:01.139646Z"",""no_price_dollars"":""0.4300"",""taker_side"":""yes"",""ticker"":""KXBTC15M-26APR280115-15"",""trade_id"":""1ef0bc71-6750-7577-277f-2a35fa0b48aa"",""yes_price_dollars"":""0.5700""}"
KXBTC15M-26APR280115-15,ba0b9af0-4527-7582-2eef-5d23ad711521,1777352402,0.58,4.0,yes,"{""count_fp"":""4.00"",""created_time"":""2026-04-28T05:00:02.835968Z"",""no_price_dollars"":""0.4200"",""taker_side"":""yes"",""ticker"":""KXBTC15M-26APR280115-15"",""trade_id"":""ba0b9af0-4527-7582-2eef-5d23ad711521"",""yes_price_dollars"":""0.5800""}"
KXBTC15M-26APR280115-15,3f97f9c7-268a-7d2e-123b-417c77d7c5d9,1777352402,0.58,2.0,yes,"{""count_fp"":""2.00"",""created_time"":""2026-04-28T05:00:02.835968Z"",""no_price_dollars"":""0.4200"",""taker_side"":""yes"",""ticker"":""KXBTC15M-26APR280115-15"",""trade_id"":""3f97f9c7-268a-7d2e-123b-417c77d7c5d9"",""yes_price_dollars"":""0.5800""}"
KXBTC15M-26APR280115-15,417bb3a6-1512-6b6a-19aa-6b71ed75839d,1777352402,0.58,1.0,yes,"{""count_fp"":""1.00"",""created_time"":""2026-04-28T05:00:02.672137Z"",""no_price_dollars"":""0.4200"",""taker_side"":""yes"",""ticker"":""KXBTC15M-26APR280115-15"",""trade_id"":""417bb3a6-1512-6b6a-19aa-6b71ed75839d"",""yes_price_dollars"":""0.5800""}"
KXBTC15M-26APR280115-15,f325861f-9a12-6ff6-6d87-b9e9a088aff9,1777352402,0.58,6.0,yes,"{""count_fp"":""6.00"",""created_time"":""2026-04-28T05:00:02.629678Z"",""no_price_dollars"":""0.4200"",""taker_side"":""yes"",""ticker"":""KXBTC15M-26APR280115-15"",""trade_id"":""f325861f-9a12-6ff6-6d87-b9e9a088aff9"",""yes_price_dollars"":""0.5800""}"
KXBTC15M-26APR280115-15,d92ed70d-110e-4a9a-1f99-d85f165dbfad,1777352402,0.58,5.0,yes,"{""count_fp"":""5.00"",""created_time"":""2026-04-28T05:00:02.422855Z"",""no_price_dollars"":""0.4200"",""taker_side"":""yes"",""ticker"":""KXBTC15M-26APR280115-15"",""trade_id"":""d92ed70d-110e-4a9a-1f99-d85f165dbfad"",""yes_price_dollars"":""0.5800""}"
KXBTC15M-26APR280115-15,c0d54b68-4418-4010-34f3-9284e06fc3ea,1777352402,0.58,2.0,yes,"{""count_fp"":""2.00"",""created_time"":""2026-04-28T05:00:02.422855Z"",""no_price_dollars"":""0.4200"",""taker_side"":""yes"",""ticker"":""KXBTC15M-26APR280115-15"",""trade_id"":""c0d54b68-4418-4010-34f3-9284e06fc3ea"",""yes_price_dollars"":""0.5800""}"
KXBTC15M-26APR280115-15,5a483c13-1e5d-4717-0449-d6549f1c6453,1777352402,0.58,1.0,yes,"{""count_fp"":""1.00"",""created_time"":""2026-04-28T05:00:02.422855Z"",""no_price_dollars"":""0.4200"",""taker_side"":""yes"",""ticker"":""KXBTC15M-26APR280115-15"",""trade_id"":""5a483c13-1e5d-4717-0449-d6549f1c6453"",""yes_price_dollars"":""0.5800""}"
KXBTC15M-26APR280115-15,f2ff3393-5909-4d81-0374-ba371d15f1d2,1777352402,0.55,1.0,yes,"{""count_fp"":""1.00"",""created_time"":""2026-04-28T05:00:02.386655Z"",""no_price_dollars"":""0.4500"",""taker_side"":""yes"",""ticker"":""KXBTC15M-26APR280115-15"",""trade_id"":""f2ff3393-5909-4d81-0374-ba371d15f1d2"",""yes_price_dollars"":""0.5500""}"
KXBTC15M-26APR280115-15,aa9db0c0-1ec5-4696-3d63-8958431732b6,1777352402,0.56,2.0,yes,"{""count_fp"":""2.00"",""created_time"":""2026-04-28T05:00:02.386655Z"",""no_price_dollars"":""0.4400"",""taker_side"":""yes"",""ticker"":""KXBTC15M-26APR280115-15"",""trade_id"":""aa9db0c0-1ec5-4696-3d63-8958431732b6"",""yes_price_dollars"":""0.5600""}"
KXBTC15M-26APR280115-15,42d64440-430c-49a9-2065-9e079705df06,1777352402,0.5,6.0,yes,"{""count_fp"":""6.00"",""created_time"":""2026-04-28T05:00:02.248134Z"",""no_price_dollars"":""0.5000"",""taker_side"":""yes"",""ticker"":""KXBTC15M-26APR280115-15"",""trade_id"":""42d64440-430c-49a9-2065-9e079705df06"",""yes_price_dollars"":""0.5000""}"
KXBTC15M-26APR280115-15,1bff57ca-7d48-654d-fe7e-ba7fbba4df76,1777352402,0.5,6.0,yes,"{""count_fp"":""6.00"",""created_time"":""2026-04-28T05:00:02.151185Z"",""no_price_dollars"":""0.5000"",""taker_side"":""yes"",""ticker"":""KXBTC15M-26APR280115-15"",""trade_id"":""1bff57ca-7d48-654d-fe7e-ba7fbba4df76"",""yes_price_dollars"":""0.5000""}"
KXBTC15M-26APR280115-15,2660b9c5-5906-4f77-b71b-46e628871f5e,1777352403,0.58,6.0,yes,"{""count_fp"":""6.00"",""created_time"":""2026-04-28T05:00:03.896198Z"",""no_price_dollars"":""0.4200"",""taker_side"":""yes"",""ticker"":""KXBTC15M-26APR280115-15"",""trade_id"":""2660b9c5-5906-4f77-b71b-46e628871f5e"",""yes_price_dollars"":""0.5800""}"
KXBTC15M-26APR280115-15,259c32b4-7522-4be3-023f-be70b3754b06,1777352403,0.58,6.0,yes,"{""count_fp"":""6.00"",""created_time"":""2026-04-28T05:00:03.693109Z"",""no_price_dollars"":""0.4200"",""taker_side"":""yes"",""ticker"":""KXBTC15M-26APR280115-15"",""trade_id"":""259c32b4-7522-4be3-023f-be70b3754b06"",""yes_price_dollars"":""0.5800""}"
KXBTC15M-26APR280115-15,80ecbd21-3772-4d9f-372d-1d3de6c196d6,1777352403,0.58,4.0,yes,"{""count_fp"":""4.00"",""created_time"":""2026-04-28T05:00:03.272688Z"",""no_price_dollars"":""0.4200"",""taker_side"":""yes"",""ticker"":""KXBTC15M-26APR280115-15"",""trade_id"":""80ecbd21-3772-4d9f-372d-1d3de6c196d6"",""yes_price_dollars"":""0.5800""}"
KXBTC15M-26APR280115-15,275850bf-e9c3-44b6-34b1-4afc9a48f801,1777352403,0.58,3.0,yes,"{""count_fp"":""3.00"",""created_time"":""2026-04-28T05:00:03.272688Z"",""no_price_dollars"":""0.4200"",""taker_side"":""yes"",""ticker"":""KXBTC15M-26APR280115-15"",""trade_id"":""275850bf-e9c3-44b6-34b1-4afc9a48f801"",""yes_price_dollars"":""0.5800""}"
KXBTC15M-26APR280115-15,2dcb8e06-71f7-7772-df55-1ce32932887d,1777352403,0.58,7.0,yes,"{""count_fp"":""7.00"",""created_time"":""2026-04-28T05:00:03.042681Z"",""no_price_dollars"":""0.4200"",""taker_side"":""yes"",""ticker"":""KXBTC15M-26APR280115-15"",""trade_id"":""2dcb8e06-71f7-7772-df55-1ce32932887d"",""yes_price_dollars"":""0.5800""}"
KXBTC15M-26APR280115-15,0b78c15b-5562-4227-1110-55d6a51a5e64,1777352404,0.58,6.0,yes,"{""count_fp"":""6.00"",""created_time"":""2026-04-28T05:00:04.843828Z"",""no_price_dollars"":""0.4200"",""taker_side"":""yes"",""ticker"":""KXBTC15M-26APR280115-15"",""trade_id"":""0b78c15b-5562-4227-1110-55d6a51a5e64"",""yes_price_dollars"":""0.5800""}"
KXBTC15M-26APR280115-15,4492fc16-115a-7c93-2110-05424f6b8008,1777352404,0.58,6.0,yes,"{""count_fp"":""6.00"",""created_time"":""2026-04-28T05:00:04.526303Z"",""no_price_dollars"":""0.4200"",""taker_side"":""yes"",""ticker"":""KXBTC15M-26APR280115-15"",""trade_id"":""4492fc16-115a-7c93-2110-05424f6b8008"",""yes_price_dollars"":""0.5800""}"
KXBTC15M-26APR280115-15,a0a4d9a1-0d1e-4b1f-0d75-7c57d6dc3828,1777352404,0.58,3.0,yes,"{""count_fp"":""3.00"",""created_time"":""2026-04-28T05:00:04.321743Z"",""no_price_dollars"":""0.4200"",""taker_side"":""yes"",""ticker"":""KXBTC15M-26APR280115-15"",""trade_id"":""a0a4d9a1-0d1e-4b1f-0d75-7c57d6dc3828"",""yes_price_dollars"":""0.5800""}"
KXBTC15M-26APR280115-15,5265b0a0-0f6a-4827-06f2-0e10e38f3b0e,1777352404,0.58,3.0,yes,"{""count_fp"":""3.00"",""created_time"":""2026-04-28T05:00:04.321743Z"",""no_price_dollars"":""0.4200"",""taker_side"":""yes"",""ticker"":""KXBTC15M-26APR280115-15"",""trade_id"":""5265b0a0-0f6a-4827-06f2-0e10e38f3b0e"",""yes_price_dollars"":""0.5800""}"
KXBTC15M-26APR280115-15,a487e7ed-e017-50dd-88c2-e9c818ad124b,1777352404,0.55,10.0,no,"{""count_fp"":""10.00"",""created_time"":""2026-04-28T05:00:04.177613Z"",""no_price_dollars"":""0.4500"",""taker_side"":""no"",""ticker"":""KXBTC15M-26APR280115-15"",""trade_id"":""a487e7ed-e017-50dd-88c2-e9c818ad124b"",""yes_price_dollars"":""0.5500""}"
KXBTC15M-26APR280115-15,a4609778-297a-59af-8e1d-486d80d779c8,1777352404,0.54,12.0,no,"{""count_fp"":""12.00"",""created_time"":""2026-04-28T05:00:04.177613Z"",""no_price_dollars"":""0.4600"",""taker_side"":""no"",""ticker"":""KXBTC15M-26APR280115-15"",""trade_id"":""a4609778-297a-59af-8e1d-486d80d779c8"",""yes_price_dollars"":""0.5400""}"
KXBTC15M-26APR280115-15,16e264ac-0552-5093-86d1-7ac88243b779,1777352404,0.55,98.0,no,"{""count_fp"":""98.00"",""created_time"":""2026-04-28T05:00:04.177613Z"",""no_price_dollars"":""0.4500"",""taker_side"":""no"",""ticker"":""KXBTC15M-26APR280115-15"",""trade_id"":""16e264ac-0552-5093-86d1-7ac88243b779"",""yes_price_dollars"":""0.5500""}"
KXBTC15M-26APR280115-15,8ee2cbde-5aaa-4c97-31a2-e3f606696a12,1777352404,0.58,7.0,yes,"{""count_fp"":""7.00"",""created_time"":""2026-04-28T05:00:04.148482Z"",""no_price_dollars"":""0.4200"",""taker_side"":""yes"",""ticker"":""KXBTC15M-26APR280115-15"",""trade_id"":""8ee2cbde-5aaa-4c97-31a2-e3f606696a12"",""yes_price_dollars"":""0.5800""}"
KXBTC15M-26APR280115-15,b0d45ed9-11d2-4191-d503-113c8a021aac,1777352405,0.58,6.0,yes,"{""count_fp"":""6.00"",""created_time"":""2026-04-28T05:00:05.831224Z"",""no_price_dollars"":""0.4200"",""taker_side"":""yes"",""ticker"":""KXBTC15M-26APR280115-15"",""trade_id"":""b0d45ed9-11d2-4191-d503-113c8a021aac"",""yes_price_dollars"":""0.5800""}"
KXBTC15M-26APR280115-15,246f9298-9bea-7bdd-1f22-7438ab6f6f8c,1777352405,0.58,7.0,yes,"{""count_fp"":""7.00"",""created_time"":""2026-04-28T05:00:05.611343Z"",""no_price_dollars"":""0.4200"",""taker_side"":""yes"",""ticker"":""KXBTC15M-26APR280115-15"",""trade_id"":""246f9298-9bea-7bdd-1f22-7438ab6f6f8c"",""yes_price_dollars"":""0.5800""}"
KXBTC15M-26APR280115-15,f590e6da-0fa5-7be9-400c-6abd2a1ff540,1777352405,0.56,3.14,no,"{""count_fp"":""3.14"",""created_time"":""2026-04-28T05:00:05.471593Z"",""no_price_dollars"":""0.4400"",""taker_side"":""no"",""ticker"":""KXBTC15M-26APR280115-15"",""trade_id"":""f590e6da-0fa5-7be9-400c-6abd2a1ff540"",""yes_price_dollars"":""0.5600""}"
KXBTC15M-26APR280115-15,dee06097-f120-7460-28ad-015a5a2697bf,1777352405,0.56,2.0,no,"{""count_fp"":""2.00"",""created_time"":""2026-04-28T05:00:05.466423Z"",""no_price_dollars"":""0.4400"",""taker_side"":""no"",""ticker"":""KXBTC15M-26APR280115-15"",""trade_id"":""dee06097-f120-7460-28ad-015a5a2697bf"",""yes_price_dollars"":""0.5600""}"
KXBTC15M-26APR280115-15,080f3f58-061d-75f9-306c-6ded42d32dfc,1777352405,0.56,75.03,no,"{""count_fp"":""75.03"",""created_time"":""2026-04-28T05:00:05.466423Z"",""no_price_dollars"":""0.4400"",""taker_side"":""no"",""ticker"":""KXBTC15M-26APR280115-15"",""trade_id"":""080f3f58-061d-75f9-306c-6ded42d32dfc"",""yes_price_dollars"":""0.5600""}"
KXBTC15M-26APR280115-15,ac60de99-2422-5629-4f97-2bdd15483118,1777352405,0.58,6.0,yes,"{""count_fp"":""6.00"",""created_time"":""2026-04-28T05:00:05.387855Z"",""no_price_dollars"":""0.4200"",""taker_side"":""yes"",""ticker"":""KXBTC15M-26APR280115-15"",""trade_id"":""ac60de99-2422-5629-4f97-2bdd15483118"",""yes_price_dollars"":""0.5800""}"
KXBTC15M-26APR280115-15,801694db-990d-4de0-2986-ccb245833301,1777352406,0.59,7.0,yes,"{""count_fp"":""7.00"",""created_time"":""2026-04-28T05:00:06.884494Z"",""no_price_dollars"":""0.4100"",""taker_side"":""yes"",""ticker"":""KXBTC15M-26APR280115-15"",""trade_id"":""801694db-990d-4de0-2986-ccb245833301"",""yes_price_dollars"":""0.5900""}"
KXBTC15M-26APR280115-15,3b716e01-5825-5e84-ed6d-2be58ab6993d,1777352406,0.59,36.82,yes,"{""count_fp"":""36.82"",""created_time"":""2026-04-28T05:00:06.741742Z"",""no_price_dollars"":""0.4100"",""taker_side"":""yes"",""ticker"":""KXBTC15M-26APR280115-15"",""trade_id"":""3b716e01-5825-5e84-ed6d-2be58ab6993d"",""yes_price_dollars"":""0.5900""}"
KXBTC15M-26APR280115-15,23a07315-7766-500c-cac6-2ca9f62f8e8c,1777352406,0.58,4.0,yes,"{""count_fp"":""4.00"",""created_time"":""2026-04-28T05:00:06.741742Z"",""no_price_dollars"":""0.4200"",""taker_side"":""yes"",""ticker"":""KXBTC15M-26APR280115-15"",""trade_id"":""23a07315-7766-500c-cac6-2ca9f62f8e8c"",""yes_price_dollars"":""0.5800""}"
KXBTC15M-26APR280115-15,a54782d1-ca9e-5c64-c774-68945aa6b200,1777352406,0.58,6.0,yes,"{""count_fp"":""6.00"",""created_time"":""2026-04-28T05:00:06.676361Z"",""no_price_dollars"":""0.4200"",""taker_side"":""yes"",""ticker"":""KXBTC15M-26APR280115-15"",""trade_id"":""a54782d1-ca9e-5c64-c774-68945aa6b200"",""yes_price_dollars"":""0.5800""}"
KXBTC15M-26APR280115-15,a979befa-5fbc-4704-8695-15fb69b1a469,1777352406,0.58,4.0,yes,"{""count_fp"":""4.00"",""created_time"":""2026-04-28T05:00:06.453983Z"",""no_price_dollars"":""0.4200"",""taker_side"":""yes"",""ticker"":""KXBTC15M-26APR280115-15"",""trade_id"":""a979befa-5fbc-4704-8695-15fb69b1a469"",""yes_price_dollars"":""0.5800""}"
KXBTC15M-26APR280115-15,161b37bf-64d6-40a4-ae7f-60a7ef93bdb8,1777352406,0.58,2.0,yes,"{""count_fp"":""2.00"",""created_time"":""2026-04-28T05:00:06.453983Z"",""no_price_dollars"":""0.4200"",""taker_side"":""yes"",""ticker"":""KXBTC15M-26APR280115-15"",""trade_id"":""161b37bf-64d6-40a4-ae7f-60a7ef93bdb8"",""yes_price_dollars"":""0.5800""}"
KXBTC15M-26APR280115-15,35bb3e7f-6d54-626c-d78b-2a632780eda5,1777352406,0.58,7.0,yes,"{""count_fp"":""7.00"",""created_time"":""2026-04-28T05:00:06.245948Z"",""no_price_dollars"":""0.4200"",""taker_side"":""yes"",""ticker"":""KXBTC15M-26APR280115-15"",""trade_id"":""35bb3e7f-6d54-626c-d78b-2a632780eda5"",""yes_price_dollars"":""0.5800""}"
KXBTC15M-26APR280115-15,7927e139-541e-46b1-08cf-2f35369ae2a0,1777352406,0.58,6.0,yes,"{""count_fp"":""6.00"",""created_time"":""2026-04-28T05:00:06.033347Z"",""no_price_dollars"":""0.4200"",""taker_side"":""yes"",""ticker"":""KXBTC15M-26APR280115-15"",""trade_id"":""7927e139-541e-46b1-08cf-2f35369ae2a0"",""yes_price_dollars"":""0.5800""}"
KXBTC15M-26APR280115-15,32766668-cb35-470c-0007-f15cba2913cd,1777352407,0.59,8.0,yes,"{""count_fp"":""8.00"",""created_time"":""2026-04-28T05:00:07.841583Z"",""no_price_dollars"":""0.4100"",""taker_side"":""yes"",""ticker"":""KXBTC15M-26APR280115-15"",""trade_id"":""32766668-cb35-470c-0007-f15cba2913cd"",""yes_price_dollars"":""0.5900""}"
KXBTC15M-26APR280115-15,e89a84ad-2e99-40dd-18c9-15a494813cbc,1777352407,0.58,6.28,no,"{""count_fp"":""6.28"",""created_time"":""2026-04-28T05:00:07.616162Z"",""no_price_dollars"":""0.4200"",""taker_side"":""no"",""ticker"":""KXBTC15M-26APR280115-15"",""trade_id"":""e89a84ad-2e99-40dd-18c9-15a494813cbc"",""yes_price_dollars"":""0.5800""}"
KXBTC15M-26APR280115-15,802ec490-d2f1-7984-8847-6ecadd090db9,1777352407,0.59,6.0,yes,"{""count_fp"":""6.00"",""created_time"":""2026-04-28T05:00:07.096029Z"",""no_price_dollars"":""0.4100"",""taker_side"":""yes"",""ticker"":""KXBTC15M-26APR280115-15"",""trade_id"":""802ec490-d2f1-7984-8847-6ecadd090db9"",""yes_price_dollars"":""0.5900""}"
KXBTC15M-26APR280115-15,71076424-5f49-5621-cf49-c4054e5d0bf4,1777352408,0.58,2.23,no,"{""count_fp"":""2.23"",""created_time"":""2026-04-28T05:00:08.942302Z"",""no_price_dollars"":""0.4200"",""taker_side"":""no"",""ticker"":""KXBTC15M-26APR280115-15"",""trade_id"":""71076424-5f49-5621-cf49-c4054e5d0bf4"",""yes_price_dollars"":""0.5800""}"
KXBTC15M-26APR280115-15,74ce9569-6065-5cc0-1abf-00508d290155,1777352408,0.59,6.0,yes,"{""count_fp"":""6.00"",""created_time"":""2026-04-28T05:00:08.930749Z"",""no_price_dollars"":""0.4100"",""taker_side"":""yes"",""ticker"":""KXBTC15M-26APR280115-15"",""trade_id"":""74ce9569-6065-5cc0-1abf-00508d290155"",""yes_price_dollars"":""0.5900""}"
KXBTC15M-26APR280115-15,dcc630e2-a7d1-6be8-f0e7-5f89ebf41331,1777352408,0.59,6.0,yes,"{""count_fp"":""6.00"",""created_time"":""2026-04-28T05:00:08.727107Z"",""no_price_dollars"":""0.4100"",""taker_side"":""yes"",""ticker"":""KXBTC15M-26APR280115-15"",""trade_id"":""dcc630e2-a7d1-6be8-f0e7-5f89ebf41331"",""yes_price_dollars"":""0.5900""}"
KXBTC15M-26APR280115-15,925ecb8b-f38d-65f0-a43f-aa9ea5c3be99,1777352408,0.59,8.0,yes,"{""count_fp"":""8.00"",""created_time"":""2026-04-28T05:00:08.517514Z"",""no_price_dollars"":""0.4100"",""taker_side"":""yes"",""ticker"":""KXBTC15M-26APR280115-15"",""trade_id"":""925ecb8b-f38d-65f0-a43f-aa9ea5c3be99"",""yes_price_dollars"":""0.5900""}"
KXBTC15M-26APR280115-15,debd7cb8-99d5-46c0-732b-4b65c03582d9,1777352408,0.59,6.0,yes,"{""count_fp"":""6.00"",""created_time"":""2026-04-28T05:00:08.247603Z"",""no_price_dollars"":""0.4100"",""taker_side"":""yes"",""ticker"":""KXBTC15M-26APR280115-15"",""trade_id"":""debd7cb8-99d5-46c0-732b-4b65c03582d9"",""yes_price_dollars"":""0.5900""}"
KXBTC15M-26APR280115-15,f988c4ee-f681-55e1-67d3-4aede1dbd880,1777352408,0.58,44.72,no,"{""count_fp"":""44.72"",""created_time"":""2026-04-28T05:00:08.218758Z"",""no_price_dollars"":""0.4200"",""taker_side"":""no"",""ticker"":""KXBTC15M-26APR280115-15"",""trade_id"":""f988c4ee-f681-55e1-67d3-4aede1dbd880"",""yes_price_dollars"":""0.5800""}"
KXBTC15M-26APR280115-15,24fa4173-f701-4cac-daff-ccd48d3a5815,1777352408,0.59,6.0,yes,"{""count_fp"":""6.00"",""created_time"":""2026-04-28T05:00:08.043699Z"",""no_price_dollars"":""0.4100"",""taker_side"":""yes"",""ticker"":""KXBTC15M-26APR280115-15"",""trade_id"":""24fa4173-f701-4cac-daff-ccd48d3a5815"",""yes_price_dollars"":""0.5900""}"
KXBTC15M-26APR280115-15,c40e3b30-b90d-5386-0943-e3f10ccddaf1,1777352409,0.62,7.0,yes,"{""count_fp"":""7.00"",""created_time"":""2026-04-28T05:00:09.864503Z"",""no_price_dollars"":""0.3800"",""taker_side"":""yes"",""ticker"":""KXBTC15M-26APR280115-15"",""trade_id"":""c40e3b30-b90d-5386-0943-e3f10ccddaf1"",""yes_price_dollars"":""0.6200""}"
KXBTC15M-26APR280115-15,60b760f9-e624-53c6-611a-95f9f65f51ba,1777352409,0.6,4.0,no,"{""count_fp"":""4.00"",""created_time"":""2026-04-28T05:00:09.730527Z"",""no_price_dollars"":""0.4000"",""taker_side"":""no"",""ticker"":""KXBTC15M-26APR280115-15"",""trade_id"":""60b760f9-e624-53c6-611a-95f9f65f51ba"",""yes_price_dollars"":""0.6000""}"
KXBTC15M-26APR280115-15,49267947-0e59-41de-e92a-17a0e4cde341,1777352409,0.62,6.0,yes,"{""count_fp"":""6.00"",""created_time"":""2026-04-28T05:00:09.617316Z"",""no_price_dollars"":""0.3800"",""taker_side"":""yes"",""ticker"":""KXBTC15M-26APR280115-15"",""trade_id"":""49267947-0e59-41de-e92a-17a0e4cde341"",""yes_price_dollars"":""0.6200""}"
KXBTC15M-26APR280115-15,4f91499d-05af-68e1-fb9f-e0a07cc2f3b2,1777352409,0.58,5.0,no,"{""count_fp"":""5.00"",""created_time"":""2026-04-28T05:00:09.471271Z"",""no_price_dollars"":""0.4200"",""taker_side"":""no"",""ticker"":""KXBTC15M-26APR280115-15"",""trade_id"":""4f91499d-05af-68e1-fb9f-e0a07cc2f3b2"",""yes_price_dollars"":""0.5800""}"
KXBTC15M-26APR280115-15,338a09ec-9603-41b5-d01f-032e730b2b2a,1777352409,0.58,22.88,no,"{""count_fp"":""22.88"",""created_time"":""2026-04-28T05:00:09.439601Z"",""no_price_dollars"":""0.4200"",""taker_side"":""no"",""ticker"":""KXBTC15M-26APR280115-15"",""trade_id"":""338a09ec-9603-41b5-d01f-032e730b2b2a"",""yes_price_dollars"":""0.5800""}"
KXBTC15M-26APR280115-15,229802e3-2ef5-633a-ca45-0256af41c9f5,1777352409,0.62,8.0,yes,"{""count_fp"":""8.00"",""created_time"":""2026-04-28T05:00:09.409791Z"",""no_price_dollars"":""0.3800"",""taker_side"":""yes"",""ticker"":""KXBTC15M-26APR280115-15"",""trade_id"":""229802e3-2ef5-633a-ca45-0256af41c9f5"",""yes_price_dollars"":""0.6200""}"
KXBTC15M-26APR280115-15,e647b902-9133-62af-38d7-524c644febb5,1777352409,0.6,119.0,yes,"{""count_fp"":""119.00"",""created_time"":""2026-04-28T05:00:09.308983Z"",""no_price_dollars"":""0.4000"",""taker_side"":""yes"",""ticker"":""KXBTC15M-26APR280115-15"",""trade_id"":""e647b902-9133-62af-38d7-524c644febb5"",""yes_price_dollars"":""0.6000""}"
KXBTC15M-26APR280115-15,e1137a85-c78f-6953-1343-27fe6e825803,1777352409,0.59,5.0,yes,"{""count_fp"":""5.00"",""created_time"":""2026-04-28T05:00:09.308983Z"",""no_price_dollars"":""0.4100"",""taker_side"":""yes"",""ticker"":""KXBTC15M-26APR280115-15"",""trade_id"":""e1137a85-c78f-6953-1343-27fe6e825803"",""yes_price_dollars"":""0.5900""}"
KXBTC15M-26APR280115-15,d5046fcc-cc84-6150-1714-c4a07915dead,1777352409,0.6,7.0,yes,"{""count_fp"":""7.00"",""created_time"":""2026-04-28T05:00:09.308983Z"",""no_price_dollars"":""0.4000"",""taker_side"":""yes"",""ticker"":""KXBTC15M-26APR280115-15"",""trade_id"":""d5046fcc-cc84-6150-1714-c4a07915dead"",""yes_price_dollars"":""0.6000""}"
KXBTC15M-26APR280115-15,be6767c2-c419-657a-23bb-3e1b3fd44f79,1777352409,0.62,77.61,yes,"{""count_fp"":""77.61"",""created_time"":""2026-04-28T05:00:09.308983Z"",""no_price_dollars"":""0.3800"",""taker_side"":""yes"",""ticker"":""KXBTC15M-26APR280115-15"",""trade_id"":""be6767c2-c419-657a-23bb-3e1b3fd44f79"",""yes_price_dollars"":""0.6200""}"
KXBTC15M-26APR280115-15,72bc361f-7509-6f39-0947-c80cc5bcc354,1777352409,0.59,10.0,yes,"{""count_fp"":""10.00"",""created_time"":""2026-04-28T05:00:09.308983Z"",""no_price_dollars"":""0.4100"",""taker_side"":""yes"",""ticker"":""KXBTC15M-26APR280115-15"",""trade_id"":""72bc361f-7509-6f39-0947-c80cc5bcc354"",""yes_price_dollars"":""0.5900""}"
KXBTC15M-26APR280115-15,708b855c-bfe8-60af-217e-837b583edc23,1777352409,0.59,28.0,yes,"{""count_fp"":""28.00"",""created_time"":""2026-04-28T05:00:09.308983Z"",""no_price_dollars"":""0.4100"",""taker_side"":""yes"",""ticker"":""KXBTC15M-26APR280115-15"",""trade_id"":""708b855c-bfe8-60af-217e-837b583edc23"",""yes_price_dollars"":""0.5900""}"
KXBTC15M-26APR280115-15,663037a0-966a-6dda-0016-cd5108373cc1,1777352409,0.59,5.0,yes,"{""count_fp"":""5.00"",""created_time"":""2026-04-28T05:00:09.308983Z"",""no_price_dollars"":""0.4100"",""taker_side"":""yes"",""ticker"":""KXBTC15M-26APR280115-15"",""trade_id"":""663037a0-966a-6dda-0016-cd5108373cc1"",""yes_price_dollars"":""0.5900""}"
KXBTC15M-26APR280115-15,6570c741-d071-6df8-31e2-3b4f7bbe8961,1777352409,0.59,7.18,yes,"{""count_fp"":""7.18"",""created_time"":""2026-04-28T05:00:09.308983Z"",""no_price_dollars"":""0.4100"",""taker_side"":""yes"",""ticker"":""KXBTC15M-26APR280115-15"",""trade_id"":""6570c741-d071-6df8-31e2-3b4f7bbe8961"",""yes_price_dollars"":""0.5900""}"
KXBTC15M-26APR280115-15,3ccf998b-fcb6-626d-2558-344e0057c7a9,1777352409,0.59,5.0,yes,"{""count_fp"":""5.00"",""created_time"":""2026-04-28T05:00:09.308983Z"",""no_price_dollars"":""0.4100"",""taker_side"":""yes"",""ticker"":""KXBTC15M-26APR280115-15"",""trade_id"":""3ccf998b-fcb6-626d-2558-344e0057c7a9"",""yes_price_dollars"":""0.5900""}"
KXBTC15M-26APR280115-15,0926f00b-632e-6b48-085e-afbafc724965,1777352409,0.61,132.0,yes,"{""count_fp"":""132.00"",""created_time"":""2026-04-28T05:00:09.308983Z"",""no_price_dollars"":""0.3900"",""taker_side"":""yes"",""ticker"":""KXBTC15M-26APR280115-15"",""trade_id"":""0926f00b-632e-6b48-085e-afbafc724965"",""yes_price_dollars"":""0.6100""}"
KXBTC15M-26APR280115-15,92a90f9e-549d-5e4c-859c-0cb2480b467d,1777352409,0.59,7.0,yes,"{""count_fp"":""7.00"",""created_time"":""2026-04-28T05:00:09.164097Z"",""no_price_dollars"":""0.4100"",""taker_side"":""yes"",""ticker"":""KXBTC15M-26APR280115-15"",""trade_id"":""92a90f9e-549d-5e4c-859c-0cb2480b467d"",""yes_price_dollars"":""0.5900""}"
KXBTC15M-26APR280115-15,a908f40a-04cf-7bb1-8619-d4677361b7c2,1777352409,0.58,2.25,no,"{""count_fp"":""2.25"",""created_time"":""2026-04-28T05:00:09.079281Z"",""no_price_dollars"":""0.4200"",""taker_side"":""no"",""ticker"":""KXBTC15M-26APR280115-15"",""trade_id"":""a908f40a-04cf-7bb1-8619-d4677361b7c2"",""yes_price_dollars"":""0.5800""}"
KXBTC15M-26APR280115-15,84ef3a33-9101-7329-8046-8b9a96034e08,1777352409,0.58,11.77,no,"{""count_fp"":""11.77"",""created_time"":""2026-04-28T05:00:09.079281Z"",""no_price_dollars"":""0.4200"",""taker_side"":""no"",""ticker"":""KXBTC15M-26APR280115-15"",""trade_id"":""84ef3a33-9101-7329-8046-8b9a96034e08"",""yes_price_dollars"":""0.5800""}"
KXBTC15M-26APR280115-15,feecd521-b810-756d-722f-758ba6039709,1777352410,0.65,2.0,yes,"{""count_fp"":""2.00"",""created_time"":""2026-04-28T05:00:10.767072Z"",""no_price_dollars"":""0.3500"",""taker_side"":""yes"",""ticker"":""KXBTC15M-26APR280115-15"",""trade_id"":""feecd521-b810-756d-722f-758ba6039709"",""yes_price_dollars"":""0.6500""}"
KXBTC15M-26APR280115-15,dde3c5eb-13ce-71a1-7ce0-3c3620241a06,1777352410,0.7,2.0,yes,"{""count_fp"":""2.00"",""created_time"":""2026-04-28T05:00:10.767072Z"",""no_price_dollars"":""0.3000"",""taker_side"":""yes"",""ticker"":""KXBTC15M-26APR280115-15"",""trade_id"":""dde3c5eb-13ce-71a1-7ce0-3c3620241a06"",""yes_price_dollars"":""0.7000""}"
KXBTC15M-26APR280115-15,cc62d8e0-882c-7e1a-6fb4-050ad4782ed4,1777352410,0.72,11.0,yes,"{""count_fp"":""11.00"",""created_time"":""2026-04-28T05:00:10.767072Z"",""no_price_dollars"":""0.2800"",""taker_side"":""yes"",""ticker"":""KXBTC15M-26APR280115-15"",""trade_id"":""cc62d8e0-882c-7e1a-6fb4-050ad4782ed4"",""yes_price_dollars"":""0.7200""}"
KXBTC15M-26APR280115-15,32b8b01f-fb4f-7b61-44d1-51327882412c,1777352410,0.71,25.0,yes,"{""count_fp"":""25.00"",""created_time"":""2026-04-28T05:00:10.767072Z"",""no_price_dollars"":""0.2900"",""taker_side"":""yes"",""ticker"":""KXBTC15M-26APR280115-15"",""trade_id"":""32b8b01f-fb4f-7b61-44d1-51327882412c"",""yes_price_dollars"":""0.7100""}"
KXBTC15M-26APR280115-15,ffd9cd20-af3f-4eb8-df8f-74ac2872139d,1777352410,0.64,2.0,yes,"{""count_fp"":""2.00"",""created_time"":""2026-04-28T05:00:10.677974Z"",""no_price_dollars"":""0.3600"",""taker_side"":""yes"",""ticker"":""KXBTC15M-26APR280115-15"",""trade_id"":""ffd9cd20-af3f-4eb8-df8f-74ac2872139d"",""yes_price_dollars"":""0.6400""}"
KXBTC15M-26APR280115-15,a4983646-377c-4b59-ce28-08154f24a068,1777352410,0.64,10.0,yes,"{""count_fp"":""10.00"",""created_time"":""2026-04-28T05:00:10.677974Z"",""no_price_dollars"":""0.3600"",""taker_side"":""yes"",""ticker"":""KXBTC15M-26APR280115-15"",""trade_id"":""a4983646-377c-4b59-ce28-08154f24a068"",""yes_price_dollars"":""0.6400""}"
KXBTC15M-26APR280115-15,8ee5fa96-bb51-4218-e328-25f4ea1d6863,1777352410,0.64,102.0,yes,"{""count_fp"":""102.00"",""created_time"":""2026-04-28T05:00:10.677974Z"",""no_price_dollars"":""0.3600"",""taker_side"":""yes"",""ticker"":""KXBTC15M-26APR280115-15"",""trade_id"":""8ee5fa96-bb51-4218-e328-25f4ea1d6863"",""yes_price_dollars"":""0.6400""}"
KXBTC15M-26APR280115-15,75c05a59-999f-440a-cb02-7d695b5b06b9,1777352410,0.65,138.0,yes,"{""count_fp"":""138.00"",""created_time"":""2026-04-28T05:00:10.677974Z"",""no_price_dollars"":""0.3500"",""taker_side"":""yes"",""ticker"":""KXBTC15M-26APR280115-15"",""trade_id"":""75c05a59-999f-440a-cb02-7d695b5b06b9"",""yes_price_dollars"":""0.6500""}"
KXBTC15M-26APR280115-15,52543e5f-f68c-4719-db5b-9bab949ec235,1777352410,0.65,2.0,yes,"{""count_fp"":""2.00"",""created_time"":""2026-04-28T05:00:10.677974Z"",""no_price_dollars"":""0.3500"",""taker_side"":""yes"",""ticker"":""KXBTC15M-26APR280115-15"",""trade_id"":""52543e5f-f68c-4719-db5b-9bab949ec235"",""yes_price_dollars"":""0.6500""}"
KXBTC15M-26APR280115-15,a2577f23-b0b8-7162-a975-33a69e12221a,1777352410,0.61,5.0,no,"{""count_fp"":""5.00"",""created_time"":""2026-04-28T05:00:10.590773Z"",""no_price_dollars"":""0.3900"",""taker_side"":""no"",""ticker"":""KXBTC15M-26APR280115-15"",""trade_id"":""a2577f23-b0b8-7162-a975-33a69e12221a"",""yes_price_dollars"":""0.6100""}"
KXBTC15M-26APR280115-15,c5e95b85-6bde-441d-daee-94b915d1ad98,1777352410,0.63,102.0,yes,"{""count_fp"":""102.00"",""created_time"":""2026-04-28T05:00:10.577662Z"",""no_price_dollars"":""0.3700"",""taker_side"":""yes"",""ticker"":""KXBTC15M-26APR280115-15"",""trade_id"":""c5e95b85-6bde-441d-daee-94b915d1ad98"",""yes_price_dollars"":""0.6300""}"
KXBTC15M-26APR280115-15,bb76f0b7-cf91-4f00-dc4f-c0251257ddab,1777352410,0.64,37.0,yes,"{""count_fp"":""37.00"",""created_time"":""2026-04-28T05:00:10.577662Z"",""no_price_dollars"":""0.3600"",""taker_side"":""yes"",""ticker"":""KXBTC15M-26APR280115-15"",""trade_id"":""bb76f0b7-cf91-4f00-dc4f-c0251257ddab"",""yes_price_dollars"":""0.6400""}"
KXBTC15M-26APR280115-15,7137f869-d9ff-596c-caf4-494326427785,1777352410,0.62,0.69,yes,"{""count_fp"":""0.69"",""created_time"":""2026-04-28T05:00:10.553789Z"",""no_price_dollars"":""0.3800"",""taker_side"":""yes"",""ticker"":""KXBTC15M-26APR280115-15"",""trade_id"":""7137f869-d9ff-596c-caf4-494326427785"",""yes_price_dollars"":""0.6200""}"
KXBTC15M-26APR280115-15,4062ac0a-70be-5741-f25e-f267a5067a54,1777352410,0.63,37.0,yes,"{""count_fp"":""37.00"",""created_time"":""2026-04-28T05:00:10.553789Z"",""no_price_dollars"":""0.3700"",""taker_side"":""yes"",""ticker"":""KXBTC15M-26APR280115-15"",""trade_id"":""4062ac0a-70be-5741-f25e-f267a5067a54"",""yes_price_dollars"":""0.6300""}"
KXBTC15M-26APR280115-15,79f52a98-b905-66fa-8427-794a544c0729,1777352410,0.62,15.7,yes,"{""count_fp"":""15.70"",""created_time"":""2026-04-28T05:00:10.379271Z"",""no_price_dollars"":""0.3800"",""taker_side"":""yes"",""ticker"":""KXBTC15M-26APR280115-15"",""trade_id"":""79f52a98-b905-66fa-8427-794a544c0729"",""yes_price_dollars"":""0.6200""}"
KXBTC15M-26APR280115-15,53fb58a9-026d-6c0e-efb3-6d0bd0faff69,1777352410,0.62,7.0,yes,"{""count_fp"":""7.00"",""created_time"":""2026-04-28T05:00:10.288321Z"",""no_price_dollars"":""0.3800"",""taker_side"":""yes"",""ticker"":""KXBTC15M-26APR280115-15"",""trade_id"":""53fb58a9-026d-6c0e-efb3-6d0bd0faff69"",""yes_price_dollars"":""0.6200""}"
KXBTC15M-26APR280115-15,2efbafb9-b6a1-5e7a-2395-e40a849c54d5,1777352410,0.62,6.0,yes,"{""count_fp"":""6.00"",""created_time"":""2026-04-28T05:00:10.066131Z"",""no_price_dollars"":""0.3800"",""taker_side"":""yes"",""ticker"":""KXBTC15M-26APR280115-15"",""trade_id"":""2efbafb9-b6a1-5e7a-2395-e40a849c54d5"",""yes_price_dollars"":""0.6200""}"
KXBTC15M-26APR280115-15,5b8eb333-af55-5643-5ee3-6f457fd86091,1777352411,0.65,1.0,no,"{""count_fp"":""1.00"",""created_time"":""2026-04-28T05:00:11.677485Z"",""no_price_dollars"":""0.3500"",""taker_side"":""no"",""ticker"":""KXBTC15M-26APR280115-15"",""trade_id"":""5b8eb333-af55-5643-5ee3-6f457fd86091"",""yes_price_dollars"":""0.6500""}"
KXBTC15M-26APR280115-15,95f64093-13ed-721b-19d9-20912632c245,1777352411,0.65,7.37,no,"{""count_fp"":""7.37"",""created_time"":""2026-04-28T05:00:11.615116Z"",""no_price_dollars"":""0.3500"",""taker_side"":""no"",""ticker"":""KXBTC15M-26APR280115-15"",""trade_id"":""95f64093-13ed-721b-19d9-20912632c245"",""yes_price_dollars"":""0.6500""}"
KXBTC15M-26APR280115-15,4c340499-167a-67e8-04bf-973bb3612e6c,1777352411,0.65,12.62,no,"{""count_fp"":""12.62"",""created_time"":""2026-04-28T05:00:11.543316Z"",""no_price_dollars"":""0.3500"",""taker_side"":""no"",""ticker"":""KXBTC15M-26APR280115-15"",""trade_id"":""4c340499-167a-67e8-04bf-973bb3612e6c"",""yes_price_dollars"":""0.6500""}"
KXBTC15M-26APR280115-15,1bfcb70d-527b-60a8-360e-8e55341624c2,1777352411,0.65,2.0,no,"{""count_fp"":""2.00"",""created_time"":""2026-04-28T05:00:11.543316Z"",""no_price_dollars"":""0.3500"",""taker_side"":""no"",""ticker"":""KXBTC15M-26APR280115-15"",""trade_id"":""1bfcb70d-527b-60a8-360e-8e55341624c2"",""yes_price_dollars"":""0.6500""}"
KXBTC15M-26APR280115-15,1be81eb6-d339-6a43-0e29-3ee20706aee9,1777352411,0.65,15.38,no,"{""count_fp"":""15.38"",""created_time"":""2026-04-28T05:00:11.543316Z"",""no_price_dollars"":""0.3500"",""taker_side"":""no"",""ticker"":""KXBTC15M-26APR280115-15"",""trade_id"":""1be81eb6-d339-6a43-0e29-3ee20706aee9"",""yes_price_dollars"":""0.6500""}"
KXBTC15M-26APR280115-15,fd888df0-df1d-6f1f-0cf7-b2bc479abea1,1777352411,0.66,40.0,no,"{""count_fp"":""40.00"",""created_time"":""2026-04-28T05:00:11.045116Z"",""no_price_dollars"":""0.3400"",""taker_side"":""no"",""ticker"":""KXBTC15M-26APR280115-15"",""trade_id"":""fd888df0-df1d-6f1f-0cf7-b2bc479abea1"",""yes_price_dollars"":""0.6600""}"
KXBTC15M-26APR280115-15,dc61e48d-8c98-67f6-2c91-06e053eac202,1777352411,0.65,53.0,no,"{""count_fp"":""53.00"",""created_time"":""2026-04-28T05:00:11.045116Z"",""no_price_dollars"":""0.3500"",""taker_side"":""no"",""ticker"":""KXBTC15M-26APR280115-15"",""trade_id"":""dc61e48d-8c98-67f6-2c91-06e053eac202"",""yes_price_dollars"":""0.6500""}"
KXBTC15M-26APR280115-15,44ba65a1-f9c0-5597-7a73-2cbbb45aca93,1777352412,0.66,10.65,no,"{""count_fp"":""10.65"",""created_time"":""2026-04-28T05:00:12.704555Z"",""no_price_dollars"":""0.3400"",""taker_side"":""no"",""ticker"":""KXBTC15M-26APR280115-15"",""trade_id"":""44ba65a1-f9c0-5597-7a73-2cbbb45aca93"",""yes_price_dollars"":""0.6600""}"
KXBTC15M-26APR280115-15,d8d45159-a787-7de7-59af-93244f471ede,1777352412,0.69,14.18,yes,"{""count_fp"":""14.18"",""created_time"":""2026-04-28T05:00:12.645022Z"",""no_price_dollars"":""0.3100"",""taker_side"":""yes"",""ticker"":""KXBTC15M-26APR280115-15"",""trade_id"":""d8d45159-a787-7de7-59af-93244f471ede"",""yes_price_dollars"":""0.6900""}"
KXBTC15M-26APR280115-15,f819e6d5-58a2-7b86-8c5a-fe2890243834,1777352412,0.66,2.0,no,"{""count_fp"":""2.00"",""created_time"":""2026-04-28T05:00:12.639397Z"",""no_price_dollars"":""0.3400"",""taker_side"":""no"",""ticker"":""KXBTC15M-26APR280115-15"",""trade_id"":""f819e6d5-58a2-7b86-8c5a-fe2890243834"",""yes_price_dollars"":""0.6600""}"
KXBTC15M-26APR280115-15,a12e85ab-a5ff-7228-b2ab-07474f06a93c,1777352412,0.66,2.0,no,"{""count_fp"":""2.00"",""created_time"":""2026-04-28T05:00:12.639397Z"",""no_price_dollars"":""0.3400"",""taker_side"":""no"",""ticker"":""KXBTC15M-26APR280115-15"",""trade_id"":""a12e85ab-a5ff-7228-b2ab-07474f06a93c"",""yes_price_dollars"":""0.6600""}"
KXBTC15M-26APR280115-15,8d783059-098d-79ae-8639-0d91b2bcb8a4,1777352412,0.66,14.02,no,"{""count_fp"":""14.02"",""created_time"":""2026-04-28T05:00:12.639397Z"",""no_price_dollars"":""0.3400"",""taker_side"":""no"",""ticker"":""KXBTC15M-26APR280115-15"",""trade_id"":""8d783059-098d-79ae-8639-0d91b2bcb8a4"",""yes_price_dollars"":""0.6600""}"
KXBTC15M-26APR280115-15,1299d2cc-bd04-72bb-b705-e0e8be509e8f,1777352412,0.66,5.98,no,"{""count_fp"":""5.98"",""created_time"":""2026-04-28T05:00:12.639397Z"",""no_price_dollars"":""0.3400"",""taker_side"":""no"",""ticker"":""KXBTC15M-26APR280115-15"",""trade_id"":""1299d2cc-bd04-72bb-b705-e0e8be509e8f"",""yes_price_dollars"":""0.6600""}"
KXBTC15M-26APR280115-15,51da273d-9161-679f-0a11-2a25c3d04652,1777352413,0.67,1.0,yes,"{""count_fp"":""1.00"",""created_time"":""2026-04-28T05:00:13.981309Z"",""no_price_dollars"":""0.3300"",""taker_side"":""yes"",""ticker"":""KXBTC15M-26APR280115-15"",""trade_id"":""51da273d-9161-679f-0a11-2a25c3d04652"",""yes_price_dollars"":""0.6700""}"
KXBTC15M-26APR280115-15,7cd2d364-7121-52f3-27ed-3208ae87944e,1777352413,0.67,6.9,yes,"{""count_fp"":""6.90"",""created_time"":""2026-04-28T05:00:13.885309Z"",""no_price_dollars"":""0.3300"",""taker_side"":""yes"",""ticker"":""KXBTC15M-26APR280115-15"",""trade_id"":""7cd2d364-7121-52f3-27ed-3208ae87944e"",""yes_price_dollars"":""0.6700""}"
KXBTC15M-26APR280115-15,f0d75515-dde5-642f-2cee-c45d482e43ca,1777352413,0.67,17.29,yes,"{""count_fp"":""17.29"",""created_time"":""2026-04-28T05:00:13.738781Z"",""no_price_dollars"":""0.3300"",""taker_side"":""yes"",""ticker"":""KXBTC15M-26APR280115-15"",""trade_id"":""f0d75515-dde5-642f-2cee-c45d482e43ca"",""yes_price_dollars"":""0.6700""}"
KXBTC15M-26APR280115-15,d9e2861b-ba5b-667e-274b-e04ad0286457,1777352413,0.67,3.0,yes,"{""count_fp"":""3.00"",""created_time"":""2026-04-28T05:00:13.738781Z"",""no_price_dollars"":""0.3300"",""taker_side"":""yes"",""ticker"":""KXBTC15M-26APR280115-15"",""trade_id"":""d9e2861b-ba5b-667e-274b-e04ad0286457"",""yes_price_dollars"":""0.6700""}"
KXBTC15M-26APR280115-15,8f52adcd-9fc5-4828-c3ec-f73854ee76cc,1777352413,0.66,13.63,no,"{""count_fp"":""13.63"",""created_time"":""2026-04-28T05:00:13.079227Z"",""no_price_dollars"":""0.3400"",""taker_side"":""no"",""ticker"":""KXBTC15M-26APR280115-15"",""trade_id"":""8f52adcd-9fc5-4828-c3ec-f73854ee76cc"",""yes_price_dollars"":""0.6600""}"
KXBTC15M-26APR280115-15,12253607-2b90-49fb-d933-e2f2cebe94bb,1777352413,0.66,2.37,no,"{""count_fp"":""2.37"",""created_time"":""2026-04-28T05:00:13.079227Z"",""no_price_dollars"":""0.3400"",""taker_side"":""no"",""ticker"":""KXBTC15M-26APR280115-15"",""trade_id"":""12253607-2b90-49fb-d933-e2f2cebe94bb"",""yes_price_dollars"":""0.6600""}"
KXBTC15M-26APR280115-15,e84d915e-12ed-7fff-5a3a-e657e3512b92,1777352414,0.67,5.83,yes,"{""count_fp"":""5.83"",""created_time"":""2026-04-28T05:00:14.366846Z"",""no_price_dollars"":""0.3300"",""taker_side"":""yes"",""ticker"":""KXBTC15M-26APR280115-15"",""trade_id"":""e84d915e-12ed-7fff-5a3a-e657e3512b92"",""yes_price_dollars"":""0.6700""}"
KXBTC15M-26APR280115-15,3d5061f9-fd19-4663-4c52-9c44f284192e,1777352414,0.67,89.72,yes,"{""count_fp"":""89.72"",""created_time"":""2026-04-28T05:00:14.257844Z"",""no_price_dollars"":""0.3300"",""taker_side"":""yes"",""ticker"":""KXBTC15M-26APR280115-15"",""trade_id"":""3d5061f9-fd19-4663-4c52-9c44f284192e"",""yes_price_dollars"":""0.6700""}"
KXBTC15M-26APR280115-15,17e31037-5605-6233-e2b7-b04c1e83191e,1777352414,0.67,13.8,yes,"{""count_fp"":""13.80"",""created_time"":""2026-04-28T05:00:14.076602Z"",""no_price_dollars"":""0.3300"",""taker_side"":""yes"",""ticker"":""KXBTC15M-26APR280115-15"",""trade_id"":""17e31037-5605-6233-e2b7-b04c1e83191e"",""yes_price_dollars"":""0.6700""}"
KXBTC15M-26APR280115-15,05ca07dd-af85-405f-bdc2-502dfea85136,1777352414,0.67,14.58,yes,"{""count_fp"":""14.58"",""created_time"":""2026-04-28T05:00:14.051465Z"",""no_price_dollars"":""0.3300"",""taker_side"":""yes"",""ticker"":""KXBTC15M-26APR280115-15"",""trade_id"":""05ca07dd-af85-405f-bdc2-502dfea85136"",""yes_price_dollars"":""0.6700""}"
KXBTC15M-26APR280115-15,ab4cd2a7-139a-66b3-66dc-7e4a79417fde,1777352415,0.66,11.95,no,"{""count_fp"":""11.95"",""created_time"":""2026-04-28T05:00:15.853165Z"",""no_price_dollars"":""0.3400"",""taker_side"":""no"",""ticker"":""KXBTC15M-26APR280115-15"",""trade_id"":""ab4cd2a7-139a-66b3-66dc-7e4a79417fde"",""yes_price_dollars"":""0.6600""}"
KXBTC15M-26APR280115-15,cb7e2430-3ac1-4b4f-3ff3-bb7fafac02be,1777352415,0.68,7.0,yes,"{""count_fp"":""7.00"",""created_time"":""2026-04-28T05:00:15.599255Z"",""no_price_dollars"":""0.3200"",""taker_side"":""yes"",""ticker"":""KXBTC15M-26APR280115-15"",""trade_id"":""cb7e2430-3ac1-4b4f-3ff3-bb7fafac02be"",""yes_price_dollars"":""0.6800""}"
KXBTC15M-26APR280115-15,222b1291-563f-4be0-0368-903074a799ff,1777352415,0.67,3.0,yes,"{""count_fp"":""3.00"",""created_time"":""2026-04-28T05:00:15.599255Z"",""no_price_dollars"":""0.3300"",""taker_side"":""yes"",""ticker"":""KXBTC15M-26APR280115-15"",""trade_id"":""222b1291-563f-4be0-0368-903074a799ff"",""yes_price_dollars"":""0.6700""}"
KXBTC15M-26APR280115-15,6ce04b7c-7bde-4fe9-3d28-da337b70a532,1777352415,0.66,100.0,yes,"{""count_fp"":""100.00"",""created_time"":""2026-04-28T05:00:15.401217Z"",""no_price_dollars"":""0.3400"",""taker_side"":""yes"",""ticker"":""KXBTC15M-26APR280115-15"",""trade_id"":""6ce04b7c-7bde-4fe9-3d28-da337b70a532"",""yes_price_dollars"":""0.6600""}"
KXBTC15M-26APR280115-15,7a1f66ae-a961-48a1-6921-9ae0039b7508,1777352415,0.66,1.0,yes,"{""count_fp"":""1.00"",""created_time"":""2026-04-28T05:00:15.314583Z"",""no_price_dollars"":""0.3400"",""taker_side"":""yes"",""ticker"":""KXBTC15M-26APR280115-15"",""trade_id"":""7a1f66ae-a961-48a1-6921-9ae0039b7508"",""yes_price_dollars"":""0.6600""}"
KXBTC15M-26APR280115-15,d116ecc3-d72d-7808-4438-1e20f6983364,1777352415,0.66,0.39,no,"{""count_fp"":""0.39"",""created_time"":""2026-04-28T05:00:15.063012Z"",""no_price_dollars"":""0.3400"",""taker_side"":""no"",""ticker"":""KXBTC15M-26APR280115-15"",""trade_id"":""d116ecc3-d72d-7808-4438-1e20f6983364"",""yes_price_dollars"":""0.6600""}"
KXBTC15M-26APR280115-15,d08f897a-ea13-721d-438f-0bfd2351c709,1777352415,0.61,37.71,no,"{""count_fp"":""37.71"",""created_time"":""2026-04-28T05:00:15.063012Z"",""no_price_dollars"":""0.3900"",""taker_side"":""no"",""ticker"":""KXBTC15M-26APR280115-15"",""trade_id"":""d08f897a-ea13-721d-438f-0bfd2351c709"",""yes_price_dollars"":""0.6100""}"
KXBTC15M-26APR280115-15,169f85f0-ae33-7383-4e63-5aa68d2e6b2b,1777352415,0.61,2.0,no,"{""count_fp"":""2.00"",""created_time"":""2026-04-28T05:00:15.063012Z"",""no_price_dollars"":""0.3900"",""taker_side"":""no"",""ticker"":""KXBTC15M-26APR280115-15"",""trade_id"":""169f85f0-ae33-7383-4e63-5aa68d2e6b2b"",""yes_price_dollars"":""0.6100""}"
KXBTC15M-26APR280115-15,b4151331-66bb-5e01-bbd8-8c1bc161da8d,1777352416,0.66,112.45,no,"{""count_fp"":""112.45"",""created_time"":""2026-04-28T05:00:16.972671Z"",""no_price_dollars"":""0.3400"",""taker_side"":""no"",""ticker"":""KXBTC15M-26APR280115-15"",""trade_id"":""b4151331-66bb-5e01-bbd8-8c1bc161da8d"",""yes_price_dollars"":""0.6600""}"
KXBTC15M-26APR280115-15,fb092215-bcfb-4e99-a51c-796eedd12859,1777352416,0.66,11.95,no,"{""count_fp"":""11.95"",""created_time"":""2026-04-28T05:00:16.814527Z"",""no_price_dollars"":""0.3400"",""taker_side"":""no"",""ticker"":""KXBTC15M-26APR280115-15"",""trade_id"":""fb092215-bcfb-4e99-a51c-796eedd12859"",""yes_price_dollars"":""0.6600""}"
KXBTC15M-26APR280115-15,5dfbc0cd-75b3-5989-50a8-67e4e07535f1,1777352416,0.66,2.48,no,"{""count_fp"":""2.48"",""created_time"":""2026-04-28T05:00:16.594761Z"",""no_price_dollars"":""0.3400"",""taker_side"":""no"",""ticker"":""KXBTC15M-26APR280115-15"",""trade_id"":""5dfbc0cd-75b3-5989-50a8-67e4e07535f1"",""yes_price_dollars"":""0.6600""}"
KXBTC15M-26APR280115-15,c5f9d699-798a-579f-4b06-22f308d90e9a,1777352416,0.66,15.05,no,"{""count_fp"":""15.05"",""created_time"":""2026-04-28T05:00:16.499042Z"",""no_price_dollars"":""0.3400"",""taker_side"":""no"",""ticker"":""KXBTC15M-26APR280115-15"",""trade_id"":""c5f9d699-798a-579f-4b06-22f308d90e9a"",""yes_price_dollars"":""0.6600""}"
KXBTC15M-26APR280115-15,67316231-6a13-5ef1-7042-c771a8b07d81,1777352416,0.66,19.27,no,"{""count_fp"":""19.27"",""created_time"":""2026-04-28T05:00:16.499042Z"",""no_price_dollars"":""0.3400"",""taker_side"":""no"",""ticker"":""KXBTC15M-26APR280115-15"",""trade_id"":""67316231-6a13-5ef1-7042-c771a8b07d81"",""yes_price_dollars"":""0.6600""}"
KXBTC15M-26APR280115-15,d5583a7d-ed79-45d9-5397-ab78594c33d8,1777352416,0.67,3.0,yes,"{""count_fp"":""3.00"",""created_time"":""2026-04-28T05:00:16.485825Z"",""no_price_dollars"":""0.3300"",""taker_side"":""yes"",""ticker"":""KXBTC15M-26APR280115-15"",""trade_id"":""d5583a7d-ed79-45d9-5397-ab78594c33d8"",""yes_price_dollars"":""0.6700""}"
KXBTC15M-26APR280115-15,37d20a87-5941-4e67-4ce2-73d9b5c2108e,1777352416,0.68,35.86,yes,"{""count_fp"":""35.86"",""created_time"":""2026-04-28T05:00:16.485825Z"",""no_price_dollars"":""0.3200"",""taker_side"":""yes"",""ticker"":""KXBTC15M-26APR280115-15"",""trade_id"":""37d20a87-5941-4e67-4ce2-73d9b5c2108e"",""yes_price_dollars"":""0.6800""}"
KXBTC15M-26APR280115-15,fb4a5440-2dd7-6471-11d0-3d57153639ef,1777352417,0.65,7.0,no,"{""count_fp"":""7.00"",""created_time"":""2026-04-28T05:00:17.872593Z"",""no_price_dollars"":""0.3500"",""taker_side"":""no"",""ticker"":""KXBTC15M-26APR280115-15"",""trade_id"":""fb4a5440-2dd7-6471-11d0-3d57153639ef"",""yes_price_dollars"":""0.6500""}"
KXBTC15M-26APR280115-15,bedc39f3-20d9-618a-0b99-03bba7074206,1777352417,0.65,3.0,no,"{""count_fp"":""3.00"",""created_time"":""2026-04-28T05:00:17.872593Z"",""no_price_dollars"":""0.3500"",""taker_side"":""no"",""ticker"":""KXBTC15M-26APR280115-15"",""trade_id"":""bedc39f3-20d9-618a-0b99-03bba7074206"",""yes_price_dollars"":""0.6500""}"
KXBTC15M-26APR280115-15,bbcb5eac-faac-7349-9b6f-de1e1d811d39,1777352417,0.66,81.12,yes,"{""count_fp"":""81.12"",""created_time"":""2026-04-28T05:00:17.676121Z"",""no_price_dollars"":""0.3400"",""taker_side"":""yes"",""ticker"":""KXBTC15M-26APR280115-15"",""trade_id"":""bbcb5eac-faac-7349-9b6f-de1e1d811d39"",""yes_price_dollars"":""0.6600""}"
KXBTC15M-26APR280115-15,a0b42136-2921-782b-8f88-bd601d2290da,1777352417,0.68,521.56,yes,"{""count_fp"":""521.56"",""created_time"":""2026-04-28T05:00:17.676121Z"",""no_price_dollars"":""0.3200"",""taker_side"":""yes"",""ticker"":""KXBTC15M-26APR280115-15"",""trade_id"":""a0b42136-2921-782b-8f88-bd601d2290da"",""yes_price_dollars"":""0.6800""}"
KXBTC15M-26APR280115-15,999af50b-0316-7c86-91c4-f7c5febed957,1777352417,0.67,3.0,yes,"{""count_fp"":""3.00"",""created_time"":""2026-04-28T05:00:17.676121Z"",""no_price_dollars"":""0.3300"",""taker_side"":""yes"",""ticker"":""KXBTC15M-26APR280115-15"",""trade_id"":""999af50b-0316-7c86-91c4-f7c5febed957"",""yes_price_dollars"":""0.6700""}"
KXBTC15M-26APR280115-15,720947f3-e7e9-7059-a198-306f6b828005,1777352417,0.67,56.0,yes,"{""count_fp"":""56.00"",""created_time"":""2026-04-28T05:00:17.676121Z"",""no_price_dollars"":""0.3300"",""taker_side"":""yes"",""ticker"":""KXBTC15M-26APR280115-15"",""trade_id"":""720947f3-e7e9-7059-a198-306f6b828005"",""yes_price_dollars"":""0.6700""}"
KXBTC15M-26APR280115-15,b6154be9-2980-70af-17bb-0885e665ad09,1777352417,0.64,23.7,no,"{""count_fp"":""23.70"",""created_time"":""2026-04-28T05:00:17.553846Z"",""no_price_dollars"":""0.3600"",""taker_side"":""no"",""ticker"":""KXBTC15M-26APR280115-15"",""trade_id"":""b6154be9-2980-70af-17bb-0885e665ad09"",""yes_price_dollars"":""0.6400""}"
KXBTC15M-26APR280115-15,d1572a89-36ca-4a68-4abd-d76354b7e5c5,1777352417,0.65,2.0,no,"{""count_fp"":""2.00"",""created_time"":""2026-04-28T05:00:17.542217Z"",""no_price_dollars"":""0.3500"",""taker_side"":""no"",""ticker"":""KXBTC15M-26APR280115-15"",""trade_id"":""d1572a89-36ca-4a68-4abd-d76354b7e5c5"",""yes_price_dollars"":""0.6500""}"
KXBTC15M-26APR280115-15,1f235f1d-89cc-49bb-6efd-df51c634f4e9,1777352417,0.64,3.0,no,"{""count_fp"":""3.00"",""created_time"":""2026-04-28T05:00:17.542217Z"",""no_price_dollars"":""0.3600"",""taker_side"":""no"",""ticker"":""KXBTC15M-26APR280115-15"",""trade_id"":""1f235f1d-89cc-49bb-6efd-df51c634f4e9"",""yes_price_dollars"":""0.6400""}"
KXBTC15M-26APR280115-15,cbe60cd9-ca38-7b81-e813-a3340d926a25,1777352417,0.66,18.88,yes,"{""count_fp"":""18.88"",""created_time"":""2026-04-28T05:00:17.395763Z"",""no_price_dollars"":""0.3400"",""taker_side"":""yes"",""ticker"":""KXBTC15M-26APR280115-15"",""trade_id"":""cbe60cd9-ca38-7b81-e813-a3340d926a25"",""yes_price_dollars"":""0.6600""}"
KXBTC15M-26APR280115-15,70ea33d7-a2ce-7816-d22f-482d3ea4196b,1777352417,0.66,3.0,yes,"{""count_fp"":""3.00"",""created_time"":""2026-04-28T05:00:17.395763Z"",""no_price_dollars"":""0.3400"",""taker_side"":""yes"",""ticker"":""KXBTC15M-26APR280115-15"",""trade_id"":""70ea33d7-a2ce-7816-d22f-482d3ea4196b"",""yes_price_dollars"":""0.6600""}"
KXBTC15M-26APR280115-15,b2a0a78e-e83f-6c51-9bba-31a08a60ef21,1777352417,0.66,224.9,no,"{""count_fp"":""224.90"",""created_time"":""2026-04-28T05:00:17.072046Z"",""no_price_dollars"":""0.3400"",""taker_side"":""no"",""ticker"":""KXBTC15M-26APR280115-15"",""trade_id"":""b2a0a78e-e83f-6c51-9bba-31a08a60ef21"",""yes_price_dollars"":""0.6600""}"
KXBTC15M-26APR280115-15,57746c45-c7ad-572b-fd26-3e9f518ce6fe,1777352418,0.68,1.43,yes,"{""count_fp"":""1.43"",""created_time"":""2026-04-28T05:00:18.988558Z"",""no_price_dollars"":""0.3200"",""taker_side"":""yes"",""ticker"":""KXBTC15M-26APR280115-15"",""trade_id"":""57746c45-c7ad-572b-fd26-3e9f518ce6fe"",""yes_price_dollars"":""0.6800""}"
KXBTC15M-26APR280115-15,0ef556a1-6fdb-47c0-52a6-44a295cfc990,1777352418,0.67,5.0,no,"{""count_fp"":""5.00"",""created_time"":""2026-04-28T05:00:18.925099Z"",""no_price_dollars"":""0.3300"",""taker_side"":""no"",""ticker"":""KXBTC15M-26APR280115-15"",""trade_id"":""0ef556a1-6fdb-47c0-52a6-44a295cfc990"",""yes_price_dollars"":""0.6700""}"
KXBTC15M-26APR280115-15,a893e367-8e7b-7ca8-d313-cd661d107d24,1777352418,0.67,14.0,no,"{""count_fp"":""14.00"",""created_time"":""2026-04-28T05:00:18.843837Z"",""no_price_dollars"":""0.3300"",""taker_side"":""no"",""ticker"":""KXBTC15M-26APR280115-15"",""trade_id"":""a893e367-8e7b-7ca8-d313-cd661d107d24"",""yes_price_dollars"":""0.6700""}"
KXBTC15M-26APR280115-15,7ca8c5c8-c9d0-418e-dfb6-23c7b6014f03,1777352418,0.67,13.0,no,"{""count_fp"":""13.00"",""created_time"":""2026-04-28T05:00:18.079595Z"",""no_price_dollars"":""0.3300"",""taker_side"":""no"",""ticker"":""KXBTC15M-26APR280115-15"",""trade_id"":""7ca8c5c8-c9d0-418e-dfb6-23c7b6014f03"",""yes_price_dollars"":""0.6700""}"
KXBTC15M-26APR280115-15,575468d0-f5f3-5ffe-4c1f-37eb55310460,1777352418,0.67,3.0,yes,"{""count_fp"":""3.00"",""created_time"":""2026-04-28T05:00:18.011569Z"",""no_price_dollars"":""0.3300"",""taker_side"":""yes"",""ticker"":""KXBTC15M-26APR280115-15"",""trade_id"":""575468d0-f5f3-5ffe-4c1f-37eb55310460"",""yes_price_dollars"":""0.6700""}"
KXBTC15M-26APR280115-15,45644f08-b099-5d23-74ed-62df1fb7ffe6,1777352418,0.68,25.7,yes,"{""count_fp"":""25.70"",""created_time"":""2026-04-28T05:00:18.011569Z"",""no_price_dollars"":""0.3200"",""taker_side"":""yes"",""ticker"":""KXBTC15M-26APR280115-15"",""trade_id"":""45644f08-b099-5d23-74ed-62df1fb7ffe6"",""yes_price_dollars"":""0.6800""}"
KXBTC15M-26APR280115-15,3521a756-f972-543a-484d-3a314e2052ed,1777352418,0.66,20.0,yes,"{""count_fp"":""20.00"",""created_time"":""2026-04-28T05:00:18.011569Z"",""no_price_dollars"":""0.3400"",""taker_side"":""yes"",""ticker"":""KXBTC15M-26APR280115-15"",""trade_id"":""3521a756-f972-543a-484d-3a314e2052ed"",""yes_price_dollars"":""0.6600""}"
KXBTC15M-26APR280115-15,fd7332ad-fa1b-4331-5aca-b5379749599f,1777352419,0.67,2.0,no,"{""count_fp"":""2.00"",""created_time"":""2026-04-28T05:00:19.765974Z"",""no_price_dollars"":""0.3300"",""taker_side"":""no"",""ticker"":""KXBTC15M-26APR280115-15"",""trade_id"":""fd7332ad-fa1b-4331-5aca-b5379749599f"",""yes_price_dollars"":""0.6700""}"
KXBTC15M-26APR280115-15,8298810f-5013-7f45-e2dc-0b1c1d6080ef,1777352419,0.67,5.0,no,"{""count_fp"":""5.00"",""created_time"":""2026-04-28T05:00:19.647351Z"",""no_price_dollars"":""0.3300"",""taker_side"":""no"",""ticker"":""KXBTC15M-26APR280115-15"",""trade_id"":""8298810f-5013-7f45-e2dc-0b1c1d6080ef"",""yes_price_dollars"":""0.6700""}"
KXBTC15M-26APR280115-15,e68bf1d6-88ff-7269-3102-3f0d3923769b,1777352419,0.67,30.0,no,"{""count_fp"":""30.00"",""created_time"":""2026-04-28T05:00:19.543175Z"",""no_price_dollars"":""0.3300"",""taker_side"":""no"",""ticker"":""KXBTC15M-26APR280115-15"",""trade_id"":""e68bf1d6-88ff-7269-3102-3f0d3923769b"",""yes_price_dollars"":""0.6700""}"
KXBTC15M-26APR280115-15,4590f747-0085-798b-052d-3856e1c6850a,1777352419,0.68,7.0,yes,"{""count_fp"":""7.00"",""created_time"":""2026-04-28T05:00:19.340583Z"",""no_price_dollars"":""0.3200"",""taker_side"":""yes"",""ticker"":""KXBTC15M-26APR280115-15"",""trade_id"":""4590f747-0085-798b-052d-3856e1c6850a"",""yes_price_dollars"":""0.6800""}"
KXBTC15M-26APR280115-15,4a6cd3de-a71f-60cd-546e-e269a20dbef7,1777352419,0.67,9.61,no,"{""count_fp"":""9.61"",""created_time"":""2026-04-28T05:00:19.290576Z"",""no_price_dollars"":""0.3300"",""taker_side"":""no"",""ticker"":""KXBTC15M-26APR280115-15"",""trade_id"":""4a6cd3de-a71f-60cd-546e-e269a20dbef7"",""yes_price_dollars"":""0.6700""}"
KXBTC15M-26APR280115-15,f8a270b6-69f3-5cf5-93cb-ab8849a97d0b,1777352419,0.67,233.0,no,"{""count_fp"":""233.00"",""created_time"":""2026-04-28T05:00:19.219219Z"",""no_price_dollars"":""0.3300"",""taker_side"":""no"",""ticker"":""KXBTC15M-26APR280115-15"",""trade_id"":""f8a270b6-69f3-5cf5-93cb-ab8849a97d0b"",""yes_price_dollars"":""0.6700""}"
KXBTC15M-26APR280115-15,477b3bf0-0067-5804-8f75-0063b6e7d554,1777352419,0.67,32.89,no,"{""count_fp"":""32.89"",""created_time"":""2026-04-28T05:00:19.219219Z"",""no_price_dollars"":""0.3300"",""taker_side"":""no"",""ticker"":""KXBTC15M-26APR280115-15"",""trade_id"":""477b3bf0-0067-5804-8f75-0063b6e7d554"",""yes_price_dollars"":""0.6700""}"
KXBTC15M-26APR280115-15,2a000e94-89e7-736d-3ce0-3218e7c74ba7,1777352420,0.67,1.0,no,"{""count_fp"":""1.00"",""created_time"":""2026-04-28T05:00:20.776573Z"",""no_price_dollars"":""0.3300"",""taker_side"":""no"",""ticker"":""KXBTC15M-26APR280115-15"",""trade_id"":""2a000e94-89e7-736d-3ce0-3218e7c74ba7"",""yes_price_dollars"":""0.6700""}"
KXBTC15M-26APR280115-15,2826039d-77ad-7a33-7e13-bca2db6466c2,1777352420,0.68,143.83,yes,"{""count_fp"":""143.83"",""created_time"":""2026-04-28T05:00:20.520241Z"",""no_price_dollars"":""0.3200"",""taker_side"":""yes"",""ticker"":""KXBTC15M-26APR280115-15"",""trade_id"":""2826039d-77ad-7a33-7e13-bca2db6466c2"",""yes_price_dollars"":""0.6800""}"
KXBTC15M-26APR280115-15,3c5eb608-74ef-7051-a881-69c3f4af6693,1777352420,0.67,5.0,no,"{""count_fp"":""5.00"",""created_time"":""2026-04-28T05:00:20.392544Z"",""no_price_dollars"":""0.3300"",""taker_side"":""no"",""ticker"":""KXBTC15M-26APR280115-15"",""trade_id"":""3c5eb608-74ef-7051-a881-69c3f4af6693"",""yes_price_dollars"":""0.6700""}"
KXBTC15M-26APR280115-15,b57b0085-c693-754d-d381-8d9ccc648443,1777352420,0.67,86.83,no,"{""count_fp"":""86.83"",""created_time"":""2026-04-28T05:00:20.198208Z"",""no_price_dollars"":""0.3300"",""taker_side"":""no"",""ticker"":""KXBTC15M-26APR280115-15"",""trade_id"":""b57b0085-c693-754d-d381-8d9ccc648443"",""yes_price_dollars"":""0.6700""}"
KXBTC15M-26APR280115-15,926e9a82-1bf3-5549-c6b6-4aefe370bb1b,1777352421,0.67,2.89,no,"{""count_fp"":""2.89"",""created_time"":""2026-04-28T05:00:21.842039Z"",""no_price_dollars"":""0.3300"",""taker_side"":""no"",""ticker"":""KXBTC15M-26APR280115-15"",""trade_id"":""926e9a82-1bf3-5549-c6b6-4aefe370bb1b"",""yes_price_dollars"":""0.6700""}"
KXBTC15M-26APR280115-15,eb98124f-7dcf-6ffd-118f-d404150f8633,1777352421,0.67,1.0,no,"{""count_fp"":""1.00"",""created_time"":""2026-04-28T05:00:21.828859Z"",""no_price_dollars"":""0.3300"",""taker_side"":""no"",""ticker"":""KXBTC15M-26APR280115-15"",""trade_id"":""eb98124f-7dcf-6ffd-118f-d404150f8633"",""yes_price_dollars"":""0.6700""}"
KXBTC15M-26APR280115-15,2a356aac-862f-643d-268a-a5ceb147e873,1777352421,0.67,90.0,no,"{""count_fp"":""90.00"",""created_time"":""2026-04-28T05:00:21.668902Z"",""no_price_dollars"":""0.3300"",""taker_side"":""no"",""ticker"":""KXBTC15M-26APR280115-15"",""trade_id"":""2a356aac-862f-643d-268a-a5ceb147e873"",""yes_price_dollars"":""0.6700""}"
KXBTC15M-26APR280115-15,ad6766cc-c115-4963-926b-97e0af2bc95e,1777352421,0.68,2.87,yes,"{""count_fp"":""2.87"",""created_time"":""2026-04-28T05:00:21.623217Z"",""no_price_dollars"":""0.3200"",""taker_side"":""yes"",""ticker"":""KXBTC15M-26APR280115-15"",""trade_id"":""ad6766cc-c115-4963-926b-97e0af2bc95e"",""yes_price_dollars"":""0.6800""}"
KXBTC15M-26APR280115-15,d5d6c60d-d4d1-573b-54a9-3e643d815b6a,1777352421,0.68,15.0,yes,"{""count_fp"":""15.00"",""created_time"":""2026-04-28T05:00:21.478554Z"",""no_price_dollars"":""0.3200"",""taker_side"":""yes"",""ticker"":""KXBTC15M-26APR280115-15"",""trade_id"":""d5d6c60d-d4d1-573b-54a9-3e643d815b6a"",""yes_price_dollars"":""0.6800""}"
KXBTC15M-26APR280115-15,89c8989a-d64d-7d1f-0e5b-db0180753f06,1777352422,0.68,13.98,yes,"{""count_fp"":""13.98"",""created_time"":""2026-04-28T05:00:22.794412Z"",""no_price_dollars"":""0.3200"",""taker_side"":""yes"",""ticker"":""KXBTC15M-26APR280115-15"",""trade_id"":""89c8989a-d64d-7d1f-0e5b-db0180753f06"",""yes_price_dollars"":""0.6800""}"
KXBTC15M-26APR280115-15,69d7c14e-ee29-444b-08b2-807ed46aff22,1777352422,0.68,10.0,yes,"{""count_fp"":""10.00"",""created_time"":""2026-04-28T05:00:22.720359Z"",""no_price_dollars"":""0.3200"",""taker_side"":""yes"",""ticker"":""KXBTC15M-26APR280115-15"",""trade_id"":""69d7c14e-ee29-444b-08b2-807ed46aff22"",""yes_price_dollars"":""0.6800""}"
KXBTC15M-26APR280115-15,5e323f75-2831-78ab-bc99-ace795be5242,1777352422,0.68,5.0,yes,"{""count_fp"":""5.00"",""created_time"":""2026-04-28T05:00:22.579138Z"",""no_price_dollars"":""0.3200"",""taker_side"":""yes"",""ticker"":""KXBTC15M-26APR280115-15"",""trade_id"":""5e323f75-2831-78ab-bc99-ace795be5242"",""yes_price_dollars"":""0.6800""}"
KXBTC15M-26APR280115-15,fca9cad0-e8d7-7999-5337-a68b8dd526b3,1777352422,0.67,3.0,no,"{""count_fp"":""3.00"",""created_time"":""2026-04-28T05:00:22.488683Z"",""no_price_dollars"":""0.3300"",""taker_side"":""no"",""ticker"":""KXBTC15M-26APR280115-15"",""trade_id"":""fca9cad0-e8d7-7999-5337-a68b8dd526b3"",""yes_price_dollars"":""0.6700""}"
KXBTC15M-26APR280115-15,e44c54b5-f13b-7f11-ab3a-fb0c261d1fb3,1777352422,0.67,14.47,no,"{""count_fp"":""14.47"",""created_time"":""2026-04-28T05:00:22.457696Z"",""no_price_dollars"":""0.3300"",""taker_side"":""no"",""ticker"":""KXBTC15M-26APR280115-15"",""trade_id"":""e44c54b5-f13b-7f11-ab3a-fb0c261d1fb3"",""yes_price_dollars"":""0.6700""}"
KXBTC15M-26APR280115-15,13d96d02-30ad-7d7b-2979-7bad457d4fde,1777352422,0.68,23.01,yes,"{""count_fp"":""23.01"",""created_time"":""2026-04-28T05:00:22.288415Z"",""no_price_dollars"":""0.3200"",""taker_side"":""yes"",""ticker"":""KXBTC15M-26APR280115-15"",""trade_id"":""13d96d02-30ad-7d7b-2979-7bad457d4fde"",""yes_price_dollars"":""0.6800""}"
KXBTC15M-26APR280115-15,8babae80-8fc5-4167-1be3-5cebc17fa7fa,1777352423,0.68,1.22,yes,"{""count_fp"":""1.22"",""created_time"":""2026-04-28T05:00:23.931789Z"",""no_price_dollars"":""0.3200"",""taker_side"":""yes"",""ticker"":""KXBTC15M-26APR280115-15"",""trade_id"":""8babae80-8fc5-4167-1be3-5cebc17fa7fa"",""yes_price_dollars"":""0.6800""}"
KXBTC15M-26APR280115-15,688e8da4-4dc9-7e4b-4c6c-5131d4ab5eee,1777352423,0.68,5.75,yes,"{""count_fp"":""5.75"",""created_time"":""2026-04-28T05:00:23.701697Z"",""no_price_dollars"":""0.3200"",""taker_side"":""yes"",""ticker"":""KXBTC15M-26APR280115-15"",""trade_id"":""688e8da4-4dc9-7e4b-4c6c-5131d4ab5eee"",""yes_price_dollars"":""0.6800""}"
KXBTC15M-26APR280115-15,bfdd6469-4a49-4b2f-74b0-ea9ea2abf1c2,1777352423,0.68,10.06,yes,"{""count_fp"":""10.06"",""created_time"":""2026-04-28T05:00:23.467293Z"",""no_price_dollars"":""0.3200"",""taker_side"":""yes"",""ticker"":""KXBTC15M-26APR280115-15"",""trade_id"":""bfdd6469-4a49-4b2f-74b0-ea9ea2abf1c2"",""yes_price_dollars"":""0.6800""}"
KXBTC15M-26APR280115-15,aafc5d51-8c4f-4381-861f-d8509c71ad57,1777352423,0.67,5.78,no,"{""count_fp"":""5.78"",""created_time"":""2026-04-28T05:00:23.110035Z"",""no_price_dollars"":""0.3300"",""taker_side"":""no"",""ticker"":""KXBTC15M-26APR280115-15"",""trade_id"":""aafc5d51-8c4f-4381-861f-d8509c71ad57"",""yes_price_dollars"":""0.6700""}"
KXBTC15M-26APR280115-15,d97dacd2-03fe-7ed5-e8d7-08c66844990e,1777352424,0.67,3.0,yes,"{""count_fp"":""3.00"",""created_time"":""2026-04-28T05:00:24.566204Z"",""no_price_dollars"":""0.3300"",""taker_side"":""yes"",""ticker"":""KXBTC15M-26APR280115-15"",""trade_id"":""d97dacd2-03fe-7ed5-e8d7-08c66844990e"",""yes_price_dollars"":""0.6700""}"
KXBTC15M-26APR280115-15,b8d17691-86de-7acb-cac2-00e976aa91a5,1777352424,0.67,120.0,yes,"{""count_fp"":""120.00"",""created_time"":""2026-04-28T05:00:24.566204Z"",""no_price_dollars"":""0.3300"",""taker_side"":""yes"",""ticker"":""KXBTC15M-26APR280115-15"",""trade_id"":""b8d17691-86de-7acb-cac2-00e976aa91a5"",""yes_price_dollars"":""0.6700""}"
KXBTC15M-26APR280115-15,97041dae-de98-7b90-cb08-0ff13c6a52cb,1777352424,0.67,100.0,yes,"{""count_fp"":""100.00"",""created_time"":""2026-04-28T05:00:24.566204Z"",""no_price_dollars"":""0.3300"",""taker_side"":""yes"",""ticker"":""KXBTC15M-26APR280115-15"",""trade_id"":""97041dae-de98-7b90-cb08-0ff13c6a52cb"",""yes_price_dollars"":""0.6700""}"
KXBTC15M-26APR280115-15,65ff9c1a-6be5-77e9-f161-65d4ca854663,1777352424,0.67,64.67,yes,"{""count_fp"":""64.67"",""created_time"":""2026-04-28T05:00:24.566204Z"",""no_price_dollars"":""0.3300"",""taker_side"":""yes"",""ticker"":""KXBTC15M-26APR280115-15"",""trade_id"":""65ff9c1a-6be5-77e9-f161-65d4ca854663"",""yes_price_dollars"":""0.6700""}"
KXBTC15M-26APR280115-15,f69c1984-fb87-626f-3073-ef6752ea34a9,1777352424,0.67,40.0,no,"{""count_fp"":""40.00"",""created_time"":""2026-04-28T05:00:24.291514Z"",""no_price_dollars"":""0.3300"",""taker_side"":""no"",""ticker"":""KXBTC15M-26APR280115-15"",""trade_id"":""f69c1984-fb87-626f-3073-ef6752ea34a9"",""yes_price_dollars"":""0.6700""}"
KXBTC15M-26APR280115-15,6c100d24-ca1f-6720-0176-b5bd3ce2d0a0,1777352424,0.67,6.0,no,"{""count_fp"":""6.00"",""created_time"":""2026-04-28T05:00:24.291514Z"",""no_price_dollars"":""0.3300"",""taker_side"":""no"",""ticker"":""KXBTC15M-26APR280115-15"",""trade_id"":""6c100d24-ca1f-6720-0176-b5bd3ce2d0a0"",""yes_price_dollars"":""0.6700""}"
KXBTC15M-26APR280115-15,4311fb6f-b975-6c5a-165e-59c94986612e,1777352424,0.66,1.31,no,"{""count_fp"":""1.31"",""created_time"":""2026-04-28T05:00:24.291514Z"",""no_price_dollars"":""0.3400"",""taker_side"":""no"",""ticker"":""KXBTC15M-26APR280115-15"",""trade_id"":""4311fb6f-b975-6c5a-165e-59c94986612e"",""yes_price_dollars"":""0.6600""}"
KXBTC15M-26APR280115-15,16f3a752-302f-68d9-3743-c43bc8f9e473,1777352424,0.67,9.42,no,"{""count_fp"":""9.42"",""created_time"":""2026-04-28T05:00:24.291514Z"",""no_price_dollars"":""0.3300"",""taker_side"":""no"",""ticker"":""KXBTC15M-26APR280115-15"",""trade_id"":""16f3a752-302f-68d9-3743-c43bc8f9e473"",""yes_price_dollars"":""0.6700""}"
KXBTC15M-26APR280115-15,9f9452e1-67a1-693b-1cef-8399e0df7206,1777352424,0.68,43.15,yes,"{""count_fp"":""43.15"",""created_time"":""2026-04-28T05:00:24.033499Z"",""no_price_dollars"":""0.3200"",""taker_side"":""yes"",""ticker"":""KXBTC15M-26APR280115-15"",""trade_id"":""9f9452e1-67a1-693b-1cef-8399e0df7206"",""yes_price_dollars"":""0.6800""}"
KXBTC15M-26APR280115-15,7df52186-8e53-49c8-f586-07de723baabf,1777352425,0.68,1.0,yes,"{""count_fp"":""1.00"",""created_time"":""2026-04-28T05:00:25.992079Z"",""no_price_dollars"":""0.3200"",""taker_side"":""yes"",""ticker"":""KXBTC15M-26APR280115-15"",""trade_id"":""7df52186-8e53-49c8-f586-07de723baabf"",""yes_price_dollars"":""0.6800""}"
KXBTC15M-26APR280115-15,6c772a43-f8e6-4e04-08ec-d387484abece,1777352425,0.67,5.78,no,"{""count_fp"":""5.78"",""created_time"":""2026-04-28T05:00:25.862862Z"",""no_price_dollars"":""0.3300"",""taker_side"":""no"",""ticker"":""KXBTC15M-26APR280115-15"",""trade_id"":""6c772a43-f8e6-4e04-08ec-d387484abece"",""yes_price_dollars"":""0.6700""}"
KXBTC15M-26APR280115-15,4549cae3-86a7-4cac-bf55-f12bfe43d777,1777352425,0.68,5.75,yes,"{""count_fp"":""5.75"",""created_time"":""2026-04-28T05:00:25.401352Z"",""no_price_dollars"":""0.3200"",""taker_side"":""yes"",""ticker"":""KXBTC15M-26APR280115-15"",""trade_id"":""4549cae3-86a7-4cac-bf55-f12bfe43d777"",""yes_price_dollars"":""0.6800""}"
KXBTC15M-26APR280115-15,8d0b9f7b-4fa8-68ce-ee53-8a695222d2ad,1777352425,0.67,79.03,no,"{""count_fp"":""79.03"",""created_time"":""2026-04-28T05:00:25.390159Z"",""no_price_dollars"":""0.3300"",""taker_side"":""no"",""ticker"":""KXBTC15M-26APR280115-15"",""trade_id"":""8d0b9f7b-4fa8-68ce-ee53-8a695222d2ad"",""yes_price_dollars"":""0.6700""}"
KXBTC15M-26APR280115-15,0dafcf51-a441-6826-c403-fba87eb0554e,1777352425,0.67,40.0,no,"{""count_fp"":""40.00"",""created_time"":""2026-04-28T05:00:25.390159Z"",""no_price_dollars"":""0.3300"",""taker_side"":""no"",""ticker"":""KXBTC15M-26APR280115-15"",""trade_id"":""0dafcf51-a441-6826-c403-fba87eb0554e"",""yes_price_dollars"":""0.6700""}"
KXBTC15M-26APR280115-15,32b599e0-6bb4-7ed0-16e8-8d0a362d03b5,1777352426,0.66,42.16,no,"{""count_fp"":""42.16"",""created_time"":""2026-04-28T05:00:26.866882Z"",""no_price_dollars"":""0.3400"",""taker_side"":""no"",""ticker"":""KXBTC15M-26APR280115-15"",""trade_id"":""32b599e0-6bb4-7ed0-16e8-8d0a362d03b5"",""yes_price_dollars"":""0.6600""}"
KXBTC15M-26APR280115-15,35a188be-09a0-774c-ffe6-5e77332515fd,1777352426,0.66,1.68,no,"{""count_fp"":""1.68"",""created_time"":""2026-04-28T05:00:26.801017Z"",""no_price_dollars"":""0.3400"",""taker_side"":""no"",""ticker"":""KXBTC15M-26APR280115-15"",""trade_id"":""35a188be-09a0-774c-ffe6-5e77332515fd"",""yes_price_dollars"":""0.6600""}"
KXBTC15M-26APR280115-15,ecc299e4-bb66-51ec-1da2-687a3622d5b2,1777352426,0.66,2.0,no,"{""count_fp"":""2.00"",""created_time"":""2026-04-28T05:00:26.761621Z"",""no_price_dollars"":""0.3400"",""taker_side"":""no"",""ticker"":""KXBTC15M-26APR280115-15"",""trade_id"":""ecc299e4-bb66-51ec-1da2-687a3622d5b2"",""yes_price_dollars"":""0.6600""}"
KXBTC15M-26APR280115-15,ce32fbb0-dd00-5478-2ef6-ea5db6677e3d,1777352426,0.66,18.34,no,"{""count_fp"":""18.34"",""created_time"":""2026-04-28T05:00:26.761621Z"",""no_price_dollars"":""0.3400"",""taker_side"":""no"",""ticker"":""KXBTC15M-26APR280115-15"",""trade_id"":""ce32fbb0-dd00-5478-2ef6-ea5db6677e3d"",""yes_price_dollars"":""0.6600""}"
KXBTC15M-26APR280115-15,c79f4d31-ed91-565e-3536-e7aa9e112efa,1777352426,0.66,7.77,no,"{""count_fp"":""7.77"",""created_time"":""2026-04-28T05:00:26.761621Z"",""no_price_dollars"":""0.3400"",""taker_side"":""no"",""ticker"":""KXBTC15M-26APR280115-15"",""trade_id"":""c79f4d31-ed91-565e-3536-e7aa9e112efa"",""yes_price_dollars"":""0.6600""}"
KXBTC15M-26APR280115-15,db157449-3631-55ba-95ca-3b879bda32e2,1777352426,0.66,30.92,no,"{""count_fp"":""30.92"",""created_time"":""2026-04-28T05:00:26.734828Z"",""no_price_dollars"":""0.3400"",""taker_side"":""no"",""ticker"":""KXBTC15M-26APR280115-15"",""trade_id"":""db157449-3631-55ba-95ca-3b879bda32e2"",""yes_price_dollars"":""0.6600""}"
KXBTC15M-26APR280115-15,eb1f0eb7-c8ef-5b58-28c7-4fb3c786de87,1777352426,0.68,14.38,yes,"{""count_fp"":""14.38"",""created_time"":""2026-04-28T05:00:26.714461Z"",""no_price_dollars"":""0.3200"",""taker_side"":""yes"",""ticker"":""KXBTC15M-26APR280115-15"",""trade_id"":""eb1f0eb7-c8ef-5b58-28c7-4fb3c786de87"",""yes_price_dollars"":""0.6800""}"
KXBTC15M-26APR280115-15,a7a94a03-eb24-4a80-bcb1-d7d750610714,1777352426,0.67,1.0,no,"{""count_fp"":""1.00"",""created_time"":""2026-04-28T05:00:26.680447Z"",""no_price_dollars"":""0.3300"",""taker_side"":""no"",""ticker"":""KXBTC15M-26APR280115-15"",""trade_id"":""a7a94a03-eb24-4a80-bcb1-d7d750610714"",""yes_price_dollars"":""0.6700""}"
KXBTC15M-26APR280115-15,595245c0-121b-43ba-bff3-5fd19b1a4996,1777352426,0.67,237.55,no,"{""count_fp"":""237.55"",""created_time"":""2026-04-28T05:00:26.680447Z"",""no_price_dollars"":""0.3300"",""taker_side"":""no"",""ticker"":""KXBTC15M-26APR280115-15"",""trade_id"":""595245c0-121b-43ba-bff3-5fd19b1a4996"",""yes_price_dollars"":""0.6700""}"
KXBTC15M-26APR280115-15,335661c8-762f-48ee-922a-aa91e99ae842,1777352427,0.67,28.94,no,"{""count_fp"":""28.94"",""created_time"":""2026-04-28T05:00:27.958381Z"",""no_price_dollars"":""0.3300"",""taker_side"":""no"",""ticker"":""KXBTC15M-26APR280115-15"",""trade_id"":""335661c8-762f-48ee-922a-aa91e99ae842"",""yes_price_dollars"":""0.6700""}"
KXBTC15M-26APR280115-15,140b5d94-d1f7-5e92-22d6-d329f45e6302,1777352427,0.67,5.0,no,"{""count_fp"":""5.00"",""created_time"":""2026-04-28T05:00:27.900988Z"",""no_price_dollars"":""0.3300"",""taker_side"":""no"",""ticker"":""KXBTC15M-26APR280115-15"",""trade_id"":""140b5d94-d1f7-5e92-22d6-d329f45e6302"",""yes_price_dollars"":""0.6700""}"
KXBTC15M-26APR280115-15,bfaed842-b143-6b94-3048-3a74cf02f66b,1777352427,0.68,1.0,yes,"{""count_fp"":""1.00"",""created_time"":""2026-04-28T05:00:27.826397Z"",""no_price_dollars"":""0.3200"",""taker_side"":""yes"",""ticker"":""KXBTC15M-26APR280115-15"",""trade_id"":""bfaed842-b143-6b94-3048-3a74cf02f66b"",""yes_price_dollars"":""0.6800""}"
KXBTC15M-26APR280115-15,421b8503-ac73-671e-86c9-5ba85ae603be,1777352427,0.67,140.56,no,"{""count_fp"":""140.56"",""created_time"":""2026-04-28T05:00:27.528406Z"",""no_price_dollars"":""0.3300"",""taker_side"":""no"",""ticker"":""KXBTC15M-26APR280115-15"",""trade_id"":""421b8503-ac73-671e-86c9-5ba85ae603be"",""yes_price_dollars"":""0.6700""}"
KXBTC15M-26APR280115-15,5e94da3a-2f9b-419e-5c85-ae8d42316a8a,1777352427,0.67,116.3,no,"{""count_fp"":""116.30"",""created_time"":""2026-04-28T05:00:27.106051Z"",""no_price_dollars"":""0.3300"",""taker_side"":""no"",""ticker"":""KXBTC15M-26APR280115-15"",""trade_id"":""5e94da3a-2f9b-419e-5c85-ae8d42316a8a"",""yes_price_dollars"":""0.6700""}"
KXBTC15M-26APR280115-15,197d4587-9443-464b-7a90-1bd1769f529a,1777352427,0.67,40.0,no,"{""count_fp"":""40.00"",""created_time"":""2026-04-28T05:00:27.106051Z"",""no_price_dollars"":""0.3300"",""taker_side"":""no"",""ticker"":""KXBTC15M-26APR280115-15"",""trade_id"":""197d4587-9443-464b-7a90-1bd1769f529a"",""yes_price_dollars"":""0.6700""}"
KXBTC15M-26APR280115-15,fba993d2-3b6d-4ba1-839d-516db3a7b13b,1777352428,0.67,3.0,no,"{""count_fp"":""3.00"",""created_time"":""2026-04-28T05:00:28.980739Z"",""no_price_dollars"":""0.3300"",""taker_side"":""no"",""ticker"":""KXBTC15M-26APR280115-15"",""trade_id"":""fba993d2-3b6d-4ba1-839d-516db3a7b13b"",""yes_price_dollars"":""0.6700""}"
KXBTC15M-26APR280115-15,bec614ec-ee35-4e6f-a7f3-c934e131abce,1777352428,0.67,141.72,no,"{""count_fp"":""141.72"",""created_time"":""2026-04-28T05:00:28.980739Z"",""no_price_dollars"":""0.3300"",""taker_side"":""no"",""ticker"":""KXBTC15M-26APR280115-15"",""trade_id"":""bec614ec-ee35-4e6f-a7f3-c934e131abce"",""yes_price_dollars"":""0.6700""}"
KXBTC15M-26APR280115-15,52131532-4ff8-58de-762a-f7a873e9bfd8,1777352428,0.68,14.13,yes,"{""count_fp"":""14.13"",""created_time"":""2026-04-28T05:00:28.841608Z"",""no_price_dollars"":""0.3200"",""taker_side"":""yes"",""ticker"":""KXBTC15M-26APR280115-15"",""trade_id"":""52131532-4ff8-58de-762a-f7a873e9bfd8"",""yes_price_dollars"":""0.6800""}"
KXBTC15M-26APR280115-15,316df660-be37-5f1c-682f-b9cb408bd7f3,1777352428,0.68,10.87,yes,"{""count_fp"":""10.87"",""created_time"":""2026-04-28T05:00:28.841608Z"",""no_price_dollars"":""0.3200"",""taker_side"":""yes"",""ticker"":""KXBTC15M-26APR280115-15"",""trade_id"":""316df660-be37-5f1c-682f-b9cb408bd7f3"",""yes_price_dollars"":""0.6800""}"
KXBTC15M-26APR280115-15,d84d1c8b-9881-6787-2d5d-5e1d7340af9a,1777352428,0.67,0.61,no,"{""count_fp"":""0.61"",""created_time"":""2026-04-28T05:00:28.538306Z"",""no_price_dollars"":""0.3300"",""taker_side"":""no"",""ticker"":""KXBTC15M-26APR280115-15"",""trade_id"":""d84d1c8b-9881-6787-2d5d-5e1d7340af9a"",""yes_price_dollars"":""0.6700""}"
KXBTC15M-26APR280115-15,babb5ccf-44ef-6ed7-0c2d-58153418096a,1777352428,0.67,3.0,no,"{""count_fp"":""3.00"",""created_time"":""2026-04-28T05:00:28.538306Z"",""no_price_dollars"":""0.3300"",""taker_side"":""no"",""ticker"":""KXBTC15M-26APR280115-15"",""trade_id"":""babb5ccf-44ef-6ed7-0c2d-58153418096a"",""yes_price_dollars"":""0.6700""}"
KXBTC15M-26APR280115-15,cc7f2bee-97ba-55f1-b4b4-5ce06ab55efa,1777352428,0.67,34.0,no,"{""count_fp"":""34.00"",""created_time"":""2026-04-28T05:00:28.334999Z"",""no_price_dollars"":""0.3300"",""taker_side"":""no"",""ticker"":""KXBTC15M-26APR280115-15"",""trade_id"":""cc7f2bee-97ba-55f1-b4b4-5ce06ab55efa"",""yes_price_dollars"":""0.6700""}"
KXBTC15M-26APR280115-15,b50a0f61-e151-55e7-8cd0-e9a990c2c77a,1777352428,0.67,57.82,no,"{""count_fp"":""57.82"",""created_time"":""2026-04-28T05:00:28.334999Z"",""no_price_dollars"":""0.3300"",""taker_side"":""no"",""ticker"":""KXBTC15M-26APR280115-15"",""trade_id"":""b50a0f61-e151-55e7-8cd0-e9a990c2c77a"",""yes_price_dollars"":""0.6700""}"
KXBTC15M-26APR280115-15,43871eeb-f175-521b-a149-7721169800cd,1777352428,0.67,39.36,no,"{""count_fp"":""39.36"",""created_time"":""2026-04-28T05:00:28.334999Z"",""no_price_dollars"":""0.3300"",""taker_side"":""no"",""ticker"":""KXBTC15M-26APR280115-15"",""trade_id"":""43871eeb-f175-521b-a149-7721169800cd"",""yes_price_dollars"":""0.6700""}"
KXBTC15M-26APR280115-15,34e42862-c339-5a77-af71-794e132e68de,1777352428,0.67,13.54,no,"{""count_fp"":""13.54"",""created_time"":""2026-04-28T05:00:28.334999Z"",""no_price_dollars"":""0.3300"",""taker_side"":""no"",""ticker"":""KXBTC15M-26APR280115-15"",""trade_id"":""34e42862-c339-5a77-af71-794e132e68de"",""yes_price_dollars"":""0.6700""}"
KXBTC15M-26APR280115-15,368b1014-060d-7ccf-5c3f-72f5fbffe7f9,1777352428,0.67,0.64,no,"{""count_fp"":""0.64"",""created_time"":""2026-04-28T05:00:28.285433Z"",""no_price_dollars"":""0.3300"",""taker_side"":""no"",""ticker"":""KXBTC15M-26APR280115-15"",""trade_id"":""368b1014-060d-7ccf-5c3f-72f5fbffe7f9"",""yes_price_dollars"":""0.6700""}"
KXBTC15M-26APR280115-15,023602b5-dfc5-76f6-45cc-baa1a18b5747,1777352428,0.67,3.0,no,"{""count_fp"":""3.00"",""created_time"":""2026-04-28T05:00:28.285433Z"",""no_price_dollars"":""0.3300"",""taker_side"":""no"",""ticker"":""KXBTC15M-26APR280115-15"",""trade_id"":""023602b5-dfc5-76f6-45cc-baa1a18b5747"",""yes_price_dollars"":""0.6700""}"
KXBTC15M-26APR280115-15,71a2f732-8ec4-4b17-a053-838452638202,1777352429,0.69,93.07,yes,"{""count_fp"":""93.07"",""created_time"":""2026-04-28T05:00:29.347466Z"",""no_price_dollars"":""0.3100"",""taker_side"":""yes"",""ticker"":""KXBTC15M-26APR280115-15"",""trade_id"":""71a2f732-8ec4-4b17-a053-838452638202"",""yes_price_dollars"":""0.6900""}"
KXBTC15M-26APR280115-15,35bb3451-70f1-4732-8202-de561f85b507,1777352429,0.69,40.0,yes,"{""count_fp"":""40.00"",""created_time"":""2026-04-28T05:00:29.347466Z"",""no_price_dollars"":""0.3100"",""taker_side"":""yes"",""ticker"":""KXBTC15M-26APR280115-15"",""trade_id"":""35bb3451-70f1-4732-8202-de561f85b507"",""yes_price_dollars"":""0.6900""}"
KXBTC15M-26APR280115-15,31178715-c492-4a31-8d46-4bd5d1d25bbc,1777352429,0.69,2.0,yes,"{""count_fp"":""2.00"",""created_time"":""2026-04-28T05:00:29.347466Z"",""no_price_dollars"":""0.3100"",""taker_side"":""yes"",""ticker"":""KXBTC15M-26APR280115-15"",""trade_id"":""31178715-c492-4a31-8d46-4bd5d1d25bbc"",""yes_price_dollars"":""0.6900""}"
KXBTC15M-26APR280115-15,2075ef88-ab99-4223-9d0c-7989420e3f51,1777352429,0.68,3.0,yes,"{""count_fp"":""3.00"",""created_time"":""2026-04-28T05:00:29.347466Z"",""no_price_dollars"":""0.3200"",""taker_side"":""yes"",""ticker"":""KXBTC15M-26APR280115-15"",""trade_id"":""2075ef88-ab99-4223-9d0c-7989420e3f51"",""yes_price_dollars"":""0.6800""}"
KXBTC15M-26APR280115-15,c2f8c4c9-9710-605f-7d24-d9d06a1a74c9,1777352430,0.67,14.47,no,"{""count_fp"":""14.47"",""created_time"":""2026-04-28T05:00:30.806051Z"",""no_price_dollars"":""0.3300"",""taker_side"":""no"",""ticker"":""KXBTC15M-26APR280115-15"",""trade_id"":""c2f8c4c9-9710-605f-7d24-d9d06a1a74c9"",""yes_price_dollars"":""0.6700""}"
KXBTC15M-26APR280115-15,253ba55e-c36d-5f6d-dad7-b54311e50092,1777352430,0.68,7.19,yes,"{""count_fp"":""7.19"",""created_time"":""2026-04-28T05:00:30.659936Z"",""no_price_dollars"":""0.3200"",""taker_side"":""yes"",""ticker"":""KXBTC15M-26APR280115-15"",""trade_id"":""253ba55e-c36d-5f6d-dad7-b54311e50092"",""yes_price_dollars"":""0.6800""}"
KXBTC15M-26APR280115-15,bbc6b932-254c-490f-ec15-48a2eeeb79e1,1777352430,0.67,2.51,no,"{""count_fp"":""2.51"",""created_time"":""2026-04-28T05:00:30.566704Z"",""no_price_dollars"":""0.3300"",""taker_side"":""no"",""ticker"":""KXBTC15M-26APR280115-15"",""trade_id"":""bbc6b932-254c-490f-ec15-48a2eeeb79e1"",""yes_price_dollars"":""0.6700""}"
KXBTC15M-26APR280115-15,7c9230de-f315-5a89-9c8e-21810e78d4f2,1777352430,0.68,15.04,yes,"{""count_fp"":""15.04"",""created_time"":""2026-04-28T05:00:30.327683Z"",""no_price_dollars"":""0.3200"",""taker_side"":""yes"",""ticker"":""KXBTC15M-26APR280115-15"",""trade_id"":""7c9230de-f315-5a89-9c8e-21810e78d4f2"",""yes_price_dollars"":""0.6800""}"
KXBTC15M-26APR280115-15,0cc84e01-c861-7ec5-fa75-2d03594589b2,1777352430,0.68,11.0,yes,"{""count_fp"":""11.00"",""created_time"":""2026-04-28T05:00:30.325979Z"",""no_price_dollars"":""0.3200"",""taker_side"":""yes"",""ticker"":""KXBTC15M-26APR280115-15"",""trade_id"":""0cc84e01-c861-7ec5-fa75-2d03594589b2"",""yes_price_dollars"":""0.6800""}"
KXBTC15M-26APR280115-15,67a489cc-18a4-4b0b-2760-c42177bd2211,1777352430,0.67,2.89,no,"{""count_fp"":""2.89"",""created_time"":""2026-04-28T05:00:30.313842Z"",""no_price_dollars"":""0.3300"",""taker_side"":""no"",""ticker"":""KXBTC15M-26APR280115-15"",""trade_id"":""67a489cc-18a4-4b0b-2760-c42177bd2211"",""yes_price_dollars"":""0.6700""}"
KXBTC15M-26APR280115-15,09533e68-d59c-55bb-d190-9d3c7cd10de5,1777352430,0.67,14.47,no,"{""count_fp"":""14.47"",""created_time"":""2026-04-28T05:00:30.237604Z"",""no_price_dollars"":""0.3300"",""taker_side"":""no"",""ticker"":""KXBTC15M-26APR280115-15"",""trade_id"":""09533e68-d59c-55bb-d190-9d3c7cd10de5"",""yes_price_dollars"":""0.6700""}"
KXBTC15M-26APR280115-15,f1805564-250e-6aa8-acbd-e39868eb6e0f,1777352431,0.69,40.0,yes,"{""count_fp"":""40.00"",""created_time"":""2026-04-28T05:00:31.984345Z"",""no_price_dollars"":""0.3100"",""taker_side"":""yes"",""ticker"":""KXBTC15M-26APR280115-15"",""trade_id"":""f1805564-250e-6aa8-acbd-e39868eb6e0f"",""yes_price_dollars"":""0.6900""}"
KXBTC15M-26APR280115-15,dae5bb86-556d-6d43-b1e6-2d71a86d1aed,1777352431,0.69,52.98,yes,"{""count_fp"":""52.98"",""created_time"":""2026-04-28T05:00:31.984345Z"",""no_price_dollars"":""0.3100"",""taker_side"":""yes"",""ticker"":""KXBTC15M-26APR280115-15"",""trade_id"":""dae5bb86-556d-6d43-b1e6-2d71a86d1aed"",""yes_price_dollars"":""0.6900""}"
KXBTC15M-26APR280115-15,8978175d-92b9-6137-8b4a-904557ba0c21,1777352431,0.68,16.74,yes,"{""count_fp"":""16.74"",""created_time"":""2026-04-28T05:00:31.984345Z"",""no_price_dollars"":""0.3200"",""taker_side"":""yes"",""ticker"":""KXBTC15M-26APR280115-15"",""trade_id"":""8978175d-92b9-6137-8b4a-904557ba0c21"",""yes_price_dollars"":""0.6800""}"
KXBTC15M-26APR280115-15,8814a317-fafb-660d-ae40-21776ea4003a,1777352431,0.69,1.0,yes,"{""count_fp"":""1.00"",""created_time"":""2026-04-28T05:00:31.984345Z"",""no_price_dollars"":""0.3100"",""taker_side"":""yes"",""ticker"":""KXBTC15M-26APR280115-15"",""trade_id"":""8814a317-fafb-660d-ae40-21776ea4003a"",""yes_price_dollars"":""0.6900""}"
KXBTC15M-26APR280115-15,84447aff-3911-6e84-8381-a1a874616fea,1777352431,0.69,2.0,yes,"{""count_fp"":""2.00"",""created_time"":""2026-04-28T05:00:31.984345Z"",""no_price_dollars"":""0.3100"",""taker_side"":""yes"",""ticker"":""KXBTC15M-26APR280115-15"",""trade_id"":""84447aff-3911-6e84-8381-a1a874616fea"",""yes_price_dollars"":""0.6900""}"
KXBTC15M-26APR280115-15,1c6bb36d-cc2b-6276-8700-47f75c68e7f8,1777352431,0.69,56.0,yes,"{""count_fp"":""56.00"",""created_time"":""2026-04-28T05:00:31.984345Z"",""no_price_dollars"":""0.3100"",""taker_side"":""yes"",""ticker"":""KXBTC15M-26APR280115-15"",""trade_id"":""1c6bb36d-cc2b-6276-8700-47f75c68e7f8"",""yes_price_dollars"":""0.6900""}"
KXBTC15M-26APR280115-15,45f88a29-7da5-761f-d832-1b98eab8073d,1777352431,0.68,1.63,yes,"{""count_fp"":""1.63"",""created_time"":""2026-04-28T05:00:31.824865Z"",""no_price_dollars"":""0.3200"",""taker_side"":""yes"",""ticker"":""KXBTC15M-26APR280115-15"",""trade_id"":""45f88a29-7da5-761f-d832-1b98eab8073d"",""yes_price_dollars"":""0.6800""}"
KXBTC15M-26APR280115-15,21ba0761-55dd-7a59-d1e6-c61c5780c0aa,1777352431,0.68,22.82,yes,"{""count_fp"":""22.82"",""created_time"":""2026-04-28T05:00:31.824865Z"",""no_price_dollars"":""0.3200"",""taker_side"":""yes"",""ticker"":""KXBTC15M-26APR280115-15"",""trade_id"":""21ba0761-55dd-7a59-d1e6-c61c5780c0aa"",""yes_price_dollars"":""0.6800""}"
KXBTC15M-26APR280115-15,9552fc47-bcd4-7a8b-4921-21bf9359ceb1,1777352431,0.67,11.0,no,"{""count_fp"":""11.00"",""created_time"":""2026-04-28T05:00:31.449159Z"",""no_price_dollars"":""0.3300"",""taker_side"":""no"",""ticker"":""KXBTC15M-26APR280115-15"",""trade_id"":""9552fc47-bcd4-7a8b-4921-21bf9359ceb1"",""yes_price_dollars"":""0.6700""}"
KXBTC15M-26APR280115-15,e493945a-b478-7f5b-8595-4d0a4bf95d49,1777352431,0.67,28.93,no,"{""count_fp"":""28.93"",""created_time"":""2026-04-28T05:00:31.349707Z"",""no_price_dollars"":""0.3300"",""taker_side"":""no"",""ticker"":""KXBTC15M-26APR280115-15"",""trade_id"":""e493945a-b478-7f5b-8595-4d0a4bf95d49"",""yes_price_dollars"":""0.6700""}"
KXBTC15M-26APR280115-15,35d30451-48ed-6011-5065-63621deedc9a,1777352431,0.68,8.0,yes,"{""count_fp"":""8.00"",""created_time"":""2026-04-28T05:00:31.117436Z"",""no_price_dollars"":""0.3200"",""taker_side"":""yes"",""ticker"":""KXBTC15M-26APR280115-15"",""trade_id"":""35d30451-48ed-6011-5065-63621deedc9a"",""yes_price_dollars"":""0.6800""}"
KXBTC15M-26APR280115-15,e7533426-7cd9-5581-fe03-d080765aaad4,1777352432,0.68,52.98,no,"{""count_fp"":""52.98"",""created_time"":""2026-04-28T05:00:32.945918Z"",""no_price_dollars"":""0.3200"",""taker_side"":""no"",""ticker"":""KXBTC15M-26APR280115-15"",""trade_id"":""e7533426-7cd9-5581-fe03-d080765aaad4"",""yes_price_dollars"":""0.6800""}"
KXBTC15M-26APR280115-15,e50939eb-5be4-54d0-c8d1-caa2d741826a,1777352432,0.68,40.0,no,"{""count_fp"":""40.00"",""created_time"":""2026-04-28T05:00:32.945918Z"",""no_price_dollars"":""0.3200"",""taker_side"":""no"",""ticker"":""KXBTC15M-26APR280115-15"",""trade_id"":""e50939eb-5be4-54d0-c8d1-caa2d741826a"",""yes_price_dollars"":""0.6800""}"
KXBTC15M-26APR280115-15,d7bcb490-43a9-5906-e1f4-6ebbf48ce4b0,1777352432,0.68,7.54,no,"{""count_fp"":""7.54"",""created_time"":""2026-04-28T05:00:32.945918Z"",""no_price_dollars"":""0.3200"",""taker_side"":""no"",""ticker"":""KXBTC15M-26APR280115-15"",""trade_id"":""d7bcb490-43a9-5906-e1f4-6ebbf48ce4b0"",""yes_price_dollars"":""0.6800""}"
KXBTC15M-26APR280115-15,caf7c8ee-c9b9-5792-cbd5-c2e0a8fc341e,1777352432,0.68,18.37,no,"{""count_fp"":""18.37"",""created_time"":""2026-04-28T05:00:32.945918Z"",""no_price_dollars"":""0.3200"",""taker_side"":""no"",""ticker"":""KXBTC15M-26APR280115-15"",""trade_id"":""caf7c8ee-c9b9-5792-cbd5-c2e0a8fc341e"",""yes_price_dollars"":""0.6800""}"
KXBTC15M-26APR280115-15,b0cd472f-7f18-5b03-cc6f-6533521bbfcf,1777352432,0.68,500.0,no,"{""count_fp"":""500.00"",""created_time"":""2026-04-28T05:00:32.945918Z"",""no_price_dollars"":""0.3200"",""taker_side"":""no"",""ticker"":""KXBTC15M-26APR280115-15"",""trade_id"":""b0cd472f-7f18-5b03-cc6f-6533521bbfcf"",""yes_price_dollars"":""0.6800""}"
KXBTC15M-26APR280115-15,7e7817cd-5964-5053-c45f-76e3db8142f1,1777352432,0.67,245.09,no,"{""count_fp"":""245.09"",""created_time"":""2026-04-28T05:00:32.945918Z"",""no_price_dollars"":""0.3300"",""taker_side"":""no"",""ticker"":""KXBTC15M-26APR280115-15"",""trade_id"":""7e7817cd-5964-5053-c45f-76e3db8142f1"",""yes_price_dollars"":""0.6700""}"
KXBTC15M-26APR280115-15,7873ee15-b9c9-52a4-f71d-9dc16f300b01,1777352432,0.68,3.0,no,"{""count_fp"":""3.00"",""created_time"":""2026-04-28T05:00:32.945918Z"",""no_price_dollars"":""0.3200"",""taker_side"":""no"",""ticker"":""KXBTC15M-26APR280115-15"",""trade_id"":""7873ee15-b9c9-52a4-f71d-9dc16f300b01"",""yes_price_dollars"":""0.6800""}"
KXBTC15M-26APR280115-15,2b93e000-93ca-5202-ff72-2edaf4f53537,1777352432,0.68,0.25,no,"{""count_fp"":""0.25"",""created_time"":""2026-04-28T05:00:32.945918Z"",""no_price_dollars"":""0.3200"",""taker_side"":""no"",""ticker"":""KXBTC15M-26APR280115-15"",""trade_id"":""2b93e000-93ca-5202-ff72-2edaf4f53537"",""yes_price_dollars"":""0.6800""}"
KXBTC15M-26APR280115-15,1c283f04-c4b0-5a5a-c0a7-468aacbb4f9d,1777352432,0.68,1.13,no,"{""count_fp"":""1.13"",""created_time"":""2026-04-28T05:00:32.945918Z"",""no_price_dollars"":""0.3200"",""taker_side"":""no"",""ticker"":""KXBTC15M-26APR280115-15"",""trade_id"":""1c283f04-c4b0-5a5a-c0a7-468aacbb4f9d"",""yes_price_dollars"":""0.6800""}"
KXBTC15M-26APR280115-15,e2a07a4e-9ac1-6112-4aa8-14f46e768f90,1777352432,0.68,5.0,no,"{""count_fp"":""5.00"",""created_time"":""2026-04-28T05:00:32.787837Z"",""no_price_dollars"":""0.3200"",""taker_side"":""no"",""ticker"":""KXBTC15M-26APR280115-15"",""trade_id"":""e2a07a4e-9ac1-6112-4aa8-14f46e768f90"",""yes_price_dollars"":""0.6800""}"
KXBTC15M-26APR280115-15,bec5a7ce-e084-7015-c35a-bbe318515266,1777352432,0.69,1.87,yes,"{""count_fp"":""1.87"",""created_time"":""2026-04-28T05:00:32.772164Z"",""no_price_dollars"":""0.3100"",""taker_side"":""yes"",""ticker"":""KXBTC15M-26APR280115-15"",""trade_id"":""bec5a7ce-e084-7015-c35a-bbe318515266"",""yes_price_dollars"":""0.6900""}"
KXBTC15M-26APR280115-15,74a968b4-1a42-7b0a-f993-91d9b8a3a59a,1777352432,0.69,1.13,yes,"{""count_fp"":""1.13"",""created_time"":""2026-04-28T05:00:32.772164Z"",""no_price_dollars"":""0.3100"",""taker_side"":""yes"",""ticker"":""KXBTC15M-26APR280115-15"",""trade_id"":""74a968b4-1a42-7b0a-f993-91d9b8a3a59a"",""yes_price_dollars"":""0.6900""}"
KXBTC15M-26APR280115-15,2de552a4-f04a-7cb6-d542-7732779b5bfe,1777352432,0.69,0.25,yes,"{""count_fp"":""0.25"",""created_time"":""2026-04-28T05:00:32.592008Z"",""no_price_dollars"":""0.3100"",""taker_side"":""yes"",""ticker"":""KXBTC15M-26APR280115-15"",""trade_id"":""2de552a4-f04a-7cb6-d542-7732779b5bfe"",""yes_price_dollars"":""0.6900""}"
KXBTC15M-26APR280115-15,c87d61c9-79cd-667a-1d71-6aefb9bc171a,1777352432,0.68,23.9,no,"{""count_fp"":""23.90"",""created_time"":""2026-04-28T05:00:32.420832Z"",""no_price_dollars"":""0.3200"",""taker_side"":""no"",""ticker"":""KXBTC15M-26APR280115-15"",""trade_id"":""c87d61c9-79cd-667a-1d71-6aefb9bc171a"",""yes_price_dollars"":""0.6800""}"
KXBTC15M-26APR280115-15,48298de4-4efa-63df-25f8-4e370dcb7e5f,1777352432,0.68,3.0,no,"{""count_fp"":""3.00"",""created_time"":""2026-04-28T05:00:32.420832Z"",""no_price_dollars"":""0.3200"",""taker_side"":""no"",""ticker"":""KXBTC15M-26APR280115-15"",""trade_id"":""48298de4-4efa-63df-25f8-4e370dcb7e5f"",""yes_price_dollars"":""0.6800""}"
KXBTC15M-26APR280115-15,0367b9ce-45d1-6812-010b-9495ad03a760,1777352432,0.68,45.46,no,"{""count_fp"":""45.46"",""created_time"":""2026-04-28T05:00:32.420832Z"",""no_price_dollars"":""0.3200"",""taker_side"":""no"",""ticker"":""KXBTC15M-26APR280115-15"",""trade_id"":""0367b9ce-45d1-6812-010b-9495ad03a760"",""yes_price_dollars"":""0.6800""}"
KXBTC15M-26APR280115-15,0a1158e9-6965-605e-344a-b4e8f99e178a,1777352432,0.68,8.0,no,"{""count_fp"":""8.00"",""created_time"":""2026-04-28T05:00:32.305638Z"",""no_price_dollars"":""0.3200"",""taker_side"":""no"",""ticker"":""KXBTC15M-26APR280115-15"",""trade_id"":""0a1158e9-6965-605e-344a-b4e8f99e178a"",""yes_price_dollars"":""0.6800""}"
KXBTC15M-26APR280115-15,fdea247b-75e0-6953-c629-f954f999f245,1777352433,0.67,3.87,no,"{""count_fp"":""3.87"",""created_time"":""2026-04-28T05:00:33.556609Z"",""no_price_dollars"":""0.3300"",""taker_side"":""no"",""ticker"":""KXBTC15M-26APR280115-15"",""trade_id"":""fdea247b-75e0-6953-c629-f954f999f245"",""yes_price_dollars"":""0.6700""}"
KXBTC15M-26APR280115-15,74cd5480-d9bf-6380-1f96-efdca88cd8d4,1777352433,0.68,69.36,no,"{""count_fp"":""69.36"",""created_time"":""2026-04-28T05:00:33.501593Z"",""no_price_dollars"":""0.3200"",""taker_side"":""no"",""ticker"":""KXBTC15M-26APR280115-15"",""trade_id"":""74cd5480-d9bf-6380-1f96-efdca88cd8d4"",""yes_price_dollars"":""0.6800""}"
KXBTC15M-26APR280115-15,71a605f1-1d13-6594-0d66-5b3bff895edc,1777352433,0.68,3.0,no,"{""count_fp"":""3.00"",""created_time"":""2026-04-28T05:00:33.501593Z"",""no_price_dollars"":""0.3200"",""taker_side"":""no"",""ticker"":""KXBTC15M-26APR280115-15"",""trade_id"":""71a605f1-1d13-6594-0d66-5b3bff895edc"",""yes_price_dollars"":""0.6800""}"
KXBTC15M-26APR280115-15,d9f98aae-9710-47ef-e25f-9bdc19c4cd3d,1777352433,0.67,3.78,no,"{""count_fp"":""3.78"",""created_time"":""2026-04-28T05:00:33.088829Z"",""no_price_dollars"":""0.3300"",""taker_side"":""no"",""ticker"":""KXBTC15M-26APR280115-15"",""trade_id"":""d9f98aae-9710-47ef-e25f-9bdc19c4cd3d"",""yes_price_dollars"":""0.6700""}"
KXBTC15M-26APR280115-15,2ade5ae5-331f-4243-e61d-37037d0068fc,1777352433,0.68,2.0,no,"{""count_fp"":""2.00"",""created_time"":""2026-04-28T05:00:33.088829Z"",""no_price_dollars"":""0.3200"",""taker_side"":""no"",""ticker"":""KXBTC15M-26APR280115-15"",""trade_id"":""2ade5ae5-331f-4243-e61d-37037d0068fc"",""yes_price_dollars"":""0.6800""}"
KXBTC15M-26APR280115-15,ee498719-e2fc-6149-adfa-19a0ddf0106e,1777352434,0.69,1.0,yes,"{""count_fp"":""1.00"",""created_time"":""2026-04-28T05:00:34.342215Z"",""no_price_dollars"":""0.3100"",""taker_side"":""yes"",""ticker"":""KXBTC15M-26APR280115-15"",""trade_id"":""ee498719-e2fc-6149-adfa-19a0ddf0106e"",""yes_price_dollars"":""0.6900""}"
KXBTC15M-26APR280115-15,3601a0b0-b3a9-597a-3004-a652195d1d8f,1777352434,0.68,3.0,no,"{""count_fp"":""3.00"",""created_time"":""2026-04-28T05:00:34.332608Z"",""no_price_dollars"":""0.3200"",""taker_side"":""no"",""ticker"":""KXBTC15M-26APR280115-15"",""trade_id"":""3601a0b0-b3a9-597a-3004-a652195d1d8f"",""yes_price_dollars"":""0.6800""}"
KXBTC15M-26APR280115-15,28db3d21-82f7-5574-15bc-39024e3d85c8,1777352434,0.68,295.3,no,"{""count_fp"":""295.30"",""created_time"":""2026-04-28T05:00:34.332608Z"",""no_price_dollars"":""0.3200"",""taker_side"":""no"",""ticker"":""KXBTC15M-26APR280115-15"",""trade_id"":""28db3d21-82f7-5574-15bc-39024e3d85c8"",""yes_price_dollars"":""0.6800""}"
KXBTC15M-26APR280115-15,cce96368-5eb9-5a6c-2725-2a3b319d7c27,1777352435,0.68,1.0,yes,"{""count_fp"":""1.00"",""created_time"":""2026-04-28T05:00:35.811493Z"",""no_price_dollars"":""0.3200"",""taker_side"":""yes"",""ticker"":""KXBTC15M-26APR280115-15"",""trade_id"":""cce96368-5eb9-5a6c-2725-2a3b319d7c27"",""yes_price_dollars"":""0.6800""}"
KXBTC15M-26APR280115-15,b6dc1e3c-e654-565a-4e48-18ddc03cd5c4,1777352435,0.68,10.0,yes,"{""count_fp"":""10.00"",""created_time"":""2026-04-28T05:00:35.151296Z"",""no_price_dollars"":""0.3200"",""taker_side"":""yes"",""ticker"":""KXBTC15M-26APR280115-15"",""trade_id"":""b6dc1e3c-e654-565a-4e48-18ddc03cd5c4"",""yes_price_dollars"":""0.6800""}"
KXBTC15M-26APR280115-15,3c603c2a-13eb-5ff5-4228-3bafd32a02b4,1777352435,0.68,4.38,yes,"{""count_fp"":""4.38"",""created_time"":""2026-04-28T05:00:35.151296Z"",""no_price_dollars"":""0.3200"",""taker_side"":""yes"",""ticker"":""KXBTC15M-26APR280115-15"",""trade_id"":""3c603c2a-13eb-5ff5-4228-3bafd32a02b4"",""yes_price_dollars"":""0.6800""}"
KXBTC15M-26APR280115-15,5f90c027-a271-558c-968f-895ce3f332cb,1777352436,0.68,0.14,yes,"{""count_fp"":""0.14"",""created_time"":""2026-04-28T05:00:36.730166Z"",""no_price_dollars"":""0.3200"",""taker_side"":""yes"",""ticker"":""KXBTC15M-26APR280115-15"",""trade_id"":""5f90c027-a271-558c-968f-895ce3f332cb"",""yes_price_dollars"":""0.6800""}"
KXBTC15M-26APR280115-15,9e8fd17e-fa65-4800-eb20-eb0665a3093b,1777352436,0.68,23.01,yes,"{""count_fp"":""23.01"",""created_time"":""2026-04-28T05:00:36.461679Z"",""no_price_dollars"":""0.3200"",""taker_side"":""yes"",""ticker"":""KXBTC15M-26APR280115-15"",""trade_id"":""9e8fd17e-fa65-4800-eb20-eb0665a3093b"",""yes_price_dollars"":""0.6800""}"
KXBTC15M-26APR280115-15,b3f86e77-f5cd-50f8-7f52-3ca12e8ceb67,1777352436,0.68,2.87,yes,"{""count_fp"":""2.87"",""created_time"":""2026-04-28T05:00:36.441477Z"",""no_price_dollars"":""0.3200"",""taker_side"":""yes"",""ticker"":""KXBTC15M-26APR280115-15"",""trade_id"":""b3f86e77-f5cd-50f8-7f52-3ca12e8ceb67"",""yes_price_dollars"":""0.6800""}"
KXBTC15M-26APR280115-15,0fcca6cd-beb9-6820-cb67-9ddcfe7cd8bb,1777352436,0.68,10.06,yes,"{""count_fp"":""10.06"",""created_time"":""2026-04-28T05:00:36.381585Z"",""no_price_dollars"":""0.3200"",""taker_side"":""yes"",""ticker"":""KXBTC15M-26APR280115-15"",""trade_id"":""0fcca6cd-beb9-6820-cb67-9ddcfe7cd8bb"",""yes_price_dollars"":""0.6800""}"
KXBTC15M-26APR280115-15,8fa55ecb-5b59-4030-a90d-76dc10c55f87,1777352436,0.68,1.0,yes,"{""count_fp"":""1.00"",""created_time"":""2026-04-28T05:00:36.275089Z"",""no_price_dollars"":""0.3200"",""taker_side"":""yes"",""ticker"":""KXBTC15M-26APR280115-15"",""trade_id"":""8fa55ecb-5b59-4030-a90d-76dc10c55f87"",""yes_price_dollars"":""0.6800""}"
KXBTC15M-26APR280115-15,684424c2-f329-4650-2a90-1b9f1975d7df,1777352436,0.68,60.0,yes,"{""count_fp"":""60.00"",""created_time"":""2026-04-28T05:00:36.041234Z"",""no_price_dollars"":""0.3200"",""taker_side"":""yes"",""ticker"":""KXBTC15M-26APR280115-15"",""trade_id"":""684424c2-f329-4650-2a90-1b9f1975d7df"",""yes_price_dollars"":""0.6800""}"
KXBTC15M-26APR280115-15,a70d6fd7-87bd-7f63-2856-5d5bdaa6848a,1777352437,0.68,4.31,yes,"{""count_fp"":""4.31"",""created_time"":""2026-04-28T05:00:37.839726Z"",""no_price_dollars"":""0.3200"",""taker_side"":""yes"",""ticker"":""KXBTC15M-26APR280115-15"",""trade_id"":""a70d6fd7-87bd-7f63-2856-5d5bdaa6848a"",""yes_price_dollars"":""0.6800""}"
KXBTC15M-26APR280115-15,660af59c-c7db-5664-a84d-ce4f52ae68dc,1777352437,0.67,5.78,no,"{""count_fp"":""5.78"",""created_time"":""2026-04-28T05:00:37.806529Z"",""no_price_dollars"":""0.3300"",""taker_side"":""no"",""ticker"":""KXBTC15M-26APR280115-15"",""trade_id"":""660af59c-c7db-5664-a84d-ce4f52ae68dc"",""yes_price_dollars"":""0.6700""}"
KXBTC15M-26APR280115-15,999bd598-6b75-48db-402d-a7f080323eba,1777352437,0.68,11.62,yes,"{""count_fp"":""11.62"",""created_time"":""2026-04-28T05:00:37.395866Z"",""no_price_dollars"":""0.3200"",""taker_side"":""yes"",""ticker"":""KXBTC15M-26APR280115-15"",""trade_id"":""999bd598-6b75-48db-402d-a7f080323eba"",""yes_price_dollars"":""0.6800""}"
KXBTC15M-26APR280115-15,08fb5b33-ba3b-44c0-6b81-fd6b84914b06,1777352437,0.68,2.76,yes,"{""count_fp"":""2.76"",""created_time"":""2026-04-28T05:00:37.395866Z"",""no_price_dollars"":""0.3200"",""taker_side"":""yes"",""ticker"":""KXBTC15M-26APR280115-15"",""trade_id"":""08fb5b33-ba3b-44c0-6b81-fd6b84914b06"",""yes_price_dollars"":""0.6800""}"
KXBTC15M-26APR280115-15,3f4d0cb9-6e8b-595c-1142-359297e902ca,1777352437,0.68,14.38,yes,"{""count_fp"":""14.38"",""created_time"":""2026-04-28T05:00:37.343081Z"",""no_price_dollars"":""0.3200"",""taker_side"":""yes"",""ticker"":""KXBTC15M-26APR280115-15"",""trade_id"":""3f4d0cb9-6e8b-595c-1142-359297e902ca"",""yes_price_dollars"":""0.6800""}"
KXBTC15M-26APR280115-15,0b8fc46f-502b-6254-d2da-3e2aeb1ea214,1777352437,0.67,5.0,no,"{""count_fp"":""5.00"",""created_time"":""2026-04-28T05:00:37.307406Z"",""no_price_dollars"":""0.3300"",""taker_side"":""no"",""ticker"":""KXBTC15M-26APR280115-15"",""trade_id"":""0b8fc46f-502b-6254-d2da-3e2aeb1ea214"",""yes_price_dollars"":""0.6700""}"
KXBTC15M-26APR280115-15,dd462d86-985b-7f80-b60b-29c9d8652e5e,1777352437,0.68,1.43,yes,"{""count_fp"":""1.43"",""created_time"":""2026-04-28T05:00:37.089628Z"",""no_price_dollars"":""0.3200"",""taker_side"":""yes"",""ticker"":""KXBTC15M-26APR280115-15"",""trade_id"":""dd462d86-985b-7f80-b60b-29c9d8652e5e"",""yes_price_dollars"":""0.6800""}"
KXBTC15M-26APR280115-15,7ef545b8-c811-77b3-cfdc-75e179901456,1777352438,0.68,58.0,yes,"{""count_fp"":""58.00"",""created_time"":""2026-04-28T05:00:38.923595Z"",""no_price_dollars"":""0.3200"",""taker_side"":""yes"",""ticker"":""KXBTC15M-26APR280115-15"",""trade_id"":""7ef545b8-c811-77b3-cfdc-75e179901456"",""yes_price_dollars"":""0.6800""}"
KXBTC15M-26APR280115-15,ecac91ac-a2b7-6664-184e-decf44272168,1777352438,0.67,4.0,no,"{""count_fp"":""4.00"",""created_time"":""2026-04-28T05:00:38.105533Z"",""no_price_dollars"":""0.3300"",""taker_side"":""no"",""ticker"":""KXBTC15M-26APR280115-15"",""trade_id"":""ecac91ac-a2b7-6664-184e-decf44272168"",""yes_price_dollars"":""0.6700""}"
KXBTC15M-26APR280115-15,fcd3d54c-cb4a-56be-39c2-d3a6d238b3b1,1777352439,0.68,4.2,yes,"{""count_fp"":""4.20"",""created_time"":""2026-04-28T05:00:39.812216Z"",""no_price_dollars"":""0.3200"",""taker_side"":""yes"",""ticker"":""KXBTC15M-26APR280115-15"",""trade_id"":""fcd3d54c-cb4a-56be-39c2-d3a6d238b3b1"",""yes_price_dollars"":""0.6800""}"
KXBTC15M-26APR280115-15,69eef47e-8cc8-7655-eb0d-552e1b626e12,1777352439,0.68,38.83,yes,"{""count_fp"":""38.83"",""created_time"":""2026-04-28T05:00:39.307628Z"",""no_price_dollars"":""0.3200"",""taker_side"":""yes"",""ticker"":""KXBTC15M-26APR280115-15"",""trade_id"":""69eef47e-8cc8-7655-eb0d-552e1b626e12"",""yes_price_dollars"":""0.6800""}"
KXBTC15M-26APR280115-15,4a737dc3-90bf-6b14-18bf-47a21744319c,1777352439,0.67,175.12,no,"{""count_fp"":""175.12"",""created_time"":""2026-04-28T05:00:39.302262Z"",""no_price_dollars"":""0.3300"",""taker_side"":""no"",""ticker"":""KXBTC15M-26APR280115-15"",""trade_id"":""4a737dc3-90bf-6b14-18bf-47a21744319c"",""yes_price_dollars"":""0.6700""}"
KXBTC15M-26APR280115-15,784c1418-8aae-7e56-d727-04dc420da531,1777352440,0.68,7.19,yes,"{""count_fp"":""7.19"",""created_time"":""2026-04-28T05:00:40.883582Z"",""no_price_dollars"":""0.3200"",""taker_side"":""yes"",""ticker"":""KXBTC15M-26APR280115-15"",""trade_id"":""784c1418-8aae-7e56-d727-04dc420da531"",""yes_price_dollars"":""0.6800""}"
KXBTC15M-26APR280115-15,35869edd-f083-5bb2-21f4-2f6111b3940b,1777352440,0.67,17.36,no,"{""count_fp"":""17.36"",""created_time"":""2026-04-28T05:00:40.250484Z"",""no_price_dollars"":""0.3300"",""taker_side"":""no"",""ticker"":""KXBTC15M-26APR280115-15"",""trade_id"":""35869edd-f083-5bb2-21f4-2f6111b3940b"",""yes_price_dollars"":""0.6700""}"
KXBTC15M-26APR280115-15,05349e1f-59fb-55fe-3794-6a903c535d77,1777352440,0.67,22.93,no,"{""count_fp"":""22.93"",""created_time"":""2026-04-28T05:00:40.199427Z"",""no_price_dollars"":""0.3300"",""taker_side"":""no"",""ticker"":""KXBTC15M-26APR280115-15"",""trade_id"":""05349e1f-59fb-55fe-3794-6a903c535d77"",""yes_price_dollars"":""0.6700""}"
KXBTC15M-26APR280115-15,daa378b9-7e8e-743a-d72e-16b4f805390d,1777352440,0.68,1.0,yes,"{""count_fp"":""1.00"",""created_time"":""2026-04-28T05:00:40.197687Z"",""no_price_dollars"":""0.3200"",""taker_side"":""yes"",""ticker"":""KXBTC15M-26APR280115-15"",""trade_id"":""daa378b9-7e8e-743a-d72e-16b4f805390d"",""yes_price_dollars"":""0.6800""}"
KXBTC15M-26APR280115-15,ef83873b-6883-6ff9-fff1-607c1b4ee79a,1777352440,0.67,17.14,no,"{""count_fp"":""17.14"",""created_time"":""2026-04-28T05:00:40.176955Z"",""no_price_dollars"":""0.3300"",""taker_side"":""no"",""ticker"":""KXBTC15M-26APR280115-15"",""trade_id"":""ef83873b-6883-6ff9-fff1-607c1b4ee79a"",""yes_price_dollars"":""0.6700""}"
KXBTC15M-26APR280115-15,9873942b-9c12-6e8a-e681-e364fb8dd5c0,1777352440,0.67,10.0,no,"{""count_fp"":""10.00"",""created_time"":""2026-04-28T05:00:40.176955Z"",""no_price_dollars"":""0.3300"",""taker_side"":""no"",""ticker"":""KXBTC15M-26APR280115-15"",""trade_id"":""9873942b-9c12-6e8a-e681-e364fb8dd5c0"",""yes_price_dollars"":""0.6700""}"
