ticker,trade_id,ts,yes_price,count,taker_side,raw_json
KXBTC15M-26APR281215-15,9cfe0ca5-76de-58f4-248f-c13269cde810,1777392000,0.5,1.0,no,"{""count_fp"":""1.00"",""created_time"":""2026-04-28T16:00:00.639469Z"",""no_price_dollars"":""0.5000"",""taker_side"":""no"",""ticker"":""KXBTC15M-26APR281215-15"",""trade_id"":""9cfe0ca5-76de-58f4-248f-c13269cde810"",""yes_price_dollars"":""0.5000""}"
KXBTC15M-26APR281215-15,8f842785-dc90-5718-02f6-163876502cfa,1777392000,0.5,5.0,no,"{""count_fp"":""5.00"",""created_time"":""2026-04-28T16:00:00.639469Z"",""no_price_dollars"":""0.5000"",""taker_side"":""no"",""ticker"":""KXBTC15M-26APR281215-15"",""trade_id"":""8f842785-dc90-5718-02f6-163876502cfa"",""yes_price_dollars"":""0.5000""}"
KXBTC15M-26APR281215-15,6d9cbd8b-a525-5a9f-1b01-7311acb060d0,1777392001,0.5,56.0,yes,"{""count_fp"":""56.00"",""created_time"":""2026-04-28T16:00:01.647205Z"",""no_price_dollars"":""0.5000"",""taker_side"":""yes"",""ticker"":""KXBTC15M-26APR281215-15"",""trade_id"":""6d9cbd8b-a525-5a9f-1b01-7311acb060d0"",""yes_price_dollars"":""0.5000""}"
KXBTC15M-26APR281215-15,f9a32eae-c44f-451f-a546-eee3b7d83343,1777392001,0.5,1.0,no,"{""count_fp"":""1.00"",""created_time"":""2026-04-28T16:00:01.567434Z"",""no_price_dollars"":""0.5000"",""taker_side"":""no"",""ticker"":""KXBTC15M-26APR281215-15"",""trade_id"":""f9a32eae-c44f-451f-a546-eee3b7d83343"",""yes_price_dollars"":""0.5000""}"
KXBTC15M-26APR281215-15,f40bcf8c-5707-4c7e-bd83-07764deaa96d,1777392001,0.5,5.0,no,"{""count_fp"":""5.00"",""created_time"":""2026-04-28T16:00:01.567434Z"",""no_price_dollars"":""0.5000"",""taker_side"":""no"",""ticker"":""KXBTC15M-26APR281215-15"",""trade_id"":""f40bcf8c-5707-4c7e-bd83-07764deaa96d"",""yes_price_dollars"":""0.5000""}"
KXBTC15M-26APR281215-15,d760c648-626e-4c10-ba8a-60bca7aae20d,1777392001,0.5,43.0,no,"{""count_fp"":""43.00"",""created_time"":""2026-04-28T16:00:01.567434Z"",""no_price_dollars"":""0.5000"",""taker_side"":""no"",""ticker"":""KXBTC15M-26APR281215-15"",""trade_id"":""d760c648-626e-4c10-ba8a-60bca7aae20d"",""yes_price_dollars"":""0.5000""}"
KXBTC15M-26APR281215-15,4969a9d5-3eed-4257-b257-ea11b02c2295,1777392001,0.5,5.0,no,"{""count_fp"":""5.00"",""created_time"":""2026-04-28T16:00:01.567434Z"",""no_price_dollars"":""0.5000"",""taker_side"":""no"",""ticker"":""KXBTC15M-26APR281215-15"",""trade_id"":""4969a9d5-3eed-4257-b257-ea11b02c2295"",""yes_price_dollars"":""0.5000""}"
KXBTC15M-26APR281215-15,17242e00-c72c-4628-89a7-b9195716c882,1777392001,0.5,10.0,no,"{""count_fp"":""10.00"",""created_time"":""2026-04-28T16:00:01.567434Z"",""no_price_dollars"":""0.5000"",""taker_side"":""no"",""ticker"":""KXBTC15M-26APR281215-15"",""trade_id"":""17242e00-c72c-4628-89a7-b9195716c882"",""yes_price_dollars"":""0.5000""}"
KXBTC15M-26APR281215-15,11fafd2d-3e27-61cd-130b-a2acf02ceb9c,1777392003,0.49,15.0,no,"{""count_fp"":""15.00"",""created_time"":""2026-04-28T16:00:03.437435Z"",""no_price_dollars"":""0.5100"",""taker_side"":""no"",""ticker"":""KXBTC15M-26APR281215-15"",""trade_id"":""11fafd2d-3e27-61cd-130b-a2acf02ceb9c"",""yes_price_dollars"":""0.4900""}"
KXBTC15M-26APR281215-15,17354d55-8275-5214-4a7c-97aded0b4ffd,1777392004,0.5,2.0,yes,"{""count_fp"":""2.00"",""created_time"":""2026-04-28T16:00:04.898497Z"",""no_price_dollars"":""0.5000"",""taker_side"":""yes"",""ticker"":""KXBTC15M-26APR281215-15"",""trade_id"":""17354d55-8275-5214-4a7c-97aded0b4ffd"",""yes_price_dollars"":""0.5000""}"
KXBTC15M-26APR281215-15,77445c97-3295-7ab6-9fbd-6c0e937d7351,1777392004,0.49,5.0,no,"{""count_fp"":""5.00"",""created_time"":""2026-04-28T16:00:04.709807Z"",""no_price_dollars"":""0.5100"",""taker_side"":""no"",""ticker"":""KXBTC15M-26APR281215-15"",""trade_id"":""77445c97-3295-7ab6-9fbd-6c0e937d7351"",""yes_price_dollars"":""0.4900""}"
KXBTC15M-26APR281215-15,b7ab7c31-6263-4527-d8ef-386ae4a540a3,1777392004,0.5,20.0,yes,"{""count_fp"":""20.00"",""created_time"":""2026-04-28T16:00:04.502317Z"",""no_price_dollars"":""0.5000"",""taker_side"":""yes"",""ticker"":""KXBTC15M-26APR281215-15"",""trade_id"":""b7ab7c31-6263-4527-d8ef-386ae4a540a3"",""yes_price_dollars"":""0.5000""}"
KXBTC15M-26APR281215-15,8ac974dd-e579-4d2d-e142-04afc434a864,1777392004,0.5,43.0,yes,"{""count_fp"":""43.00"",""created_time"":""2026-04-28T16:00:04.502317Z"",""no_price_dollars"":""0.5000"",""taker_side"":""yes"",""ticker"":""KXBTC15M-26APR281215-15"",""trade_id"":""8ac974dd-e579-4d2d-e142-04afc434a864"",""yes_price_dollars"":""0.5000""}"
KXBTC15M-26APR281215-15,494e81c5-e849-4828-f734-9f8561b1cb4d,1777392004,0.5,13.17,yes,"{""count_fp"":""13.17"",""created_time"":""2026-04-28T16:00:04.502317Z"",""no_price_dollars"":""0.5000"",""taker_side"":""yes"",""ticker"":""KXBTC15M-26APR281215-15"",""trade_id"":""494e81c5-e849-4828-f734-9f8561b1cb4d"",""yes_price_dollars"":""0.5000""}"
KXBTC15M-26APR281215-15,a753efa8-ee99-4e1b-bbff-861943350783,1777392005,0.48,1.0,no,"{""count_fp"":""1.00"",""created_time"":""2026-04-28T16:00:05.931367Z"",""no_price_dollars"":""0.5200"",""taker_side"":""no"",""ticker"":""KXBTC15M-26APR281215-15"",""trade_id"":""a753efa8-ee99-4e1b-bbff-861943350783"",""yes_price_dollars"":""0.4800""}"
KXBTC15M-26APR281215-15,46139f9c-631d-4c4e-83d8-5c78340ba99b,1777392005,0.48,5.0,no,"{""count_fp"":""5.00"",""created_time"":""2026-04-28T16:00:05.931367Z"",""no_price_dollars"":""0.5200"",""taker_side"":""no"",""ticker"":""KXBTC15M-26APR281215-15"",""trade_id"":""46139f9c-631d-4c4e-83d8-5c78340ba99b"",""yes_price_dollars"":""0.4800""}"
KXBTC15M-26APR281215-15,e4ac3f5e-3edb-57d5-a0a2-f7dc643f9fdb,1777392005,0.49,0.79,yes,"{""count_fp"":""0.79"",""created_time"":""2026-04-28T16:00:05.736039Z"",""no_price_dollars"":""0.5100"",""taker_side"":""yes"",""ticker"":""KXBTC15M-26APR281215-15"",""trade_id"":""e4ac3f5e-3edb-57d5-a0a2-f7dc643f9fdb"",""yes_price_dollars"":""0.4900""}"
KXBTC15M-26APR281215-15,6d9cde46-e4c8-5bf2-b85c-595539b575ec,1777392005,0.49,5.0,yes,"{""count_fp"":""5.00"",""created_time"":""2026-04-28T16:00:05.736039Z"",""no_price_dollars"":""0.5100"",""taker_side"":""yes"",""ticker"":""KXBTC15M-26APR281215-15"",""trade_id"":""6d9cde46-e4c8-5bf2-b85c-595539b575ec"",""yes_price_dollars"":""0.4900""}"
KXBTC15M-26APR281215-15,57372d7f-24a4-6fdf-bae0-cd07ea313b73,1777392005,0.47,10.0,no,"{""count_fp"":""10.00"",""created_time"":""2026-04-28T16:00:05.729425Z"",""no_price_dollars"":""0.5300"",""taker_side"":""no"",""ticker"":""KXBTC15M-26APR281215-15"",""trade_id"":""57372d7f-24a4-6fdf-bae0-cd07ea313b73"",""yes_price_dollars"":""0.4700""}"
KXBTC15M-26APR281215-15,1edfc1ac-9e4d-691e-be16-b4f3ddf63f97,1777392005,0.47,9.0,no,"{""count_fp"":""9.00"",""created_time"":""2026-04-28T16:00:05.729425Z"",""no_price_dollars"":""0.5300"",""taker_side"":""no"",""ticker"":""KXBTC15M-26APR281215-15"",""trade_id"":""1edfc1ac-9e4d-691e-be16-b4f3ddf63f97"",""yes_price_dollars"":""0.4700""}"
KXBTC15M-26APR281215-15,18134f5f-ed98-72ce-3631-471fba72cd5b,1777392005,0.5,5.41,yes,"{""count_fp"":""5.41"",""created_time"":""2026-04-28T16:00:05.611871Z"",""no_price_dollars"":""0.5000"",""taker_side"":""yes"",""ticker"":""KXBTC15M-26APR281215-15"",""trade_id"":""18134f5f-ed98-72ce-3631-471fba72cd5b"",""yes_price_dollars"":""0.5000""}"
KXBTC15M-26APR281215-15,de9bc446-7940-6832-60e9-ff6398c2a5bb,1777392005,0.5,73.56,yes,"{""count_fp"":""73.56"",""created_time"":""2026-04-28T16:00:05.610922Z"",""no_price_dollars"":""0.5000"",""taker_side"":""yes"",""ticker"":""KXBTC15M-26APR281215-15"",""trade_id"":""de9bc446-7940-6832-60e9-ff6398c2a5bb"",""yes_price_dollars"":""0.5000""}"
KXBTC15M-26APR281215-15,8ff0d85c-82e8-6dc6-7140-4da9b9a98864,1777392005,0.5,5.34,yes,"{""count_fp"":""5.34"",""created_time"":""2026-04-28T16:00:05.610922Z"",""no_price_dollars"":""0.5000"",""taker_side"":""yes"",""ticker"":""KXBTC15M-26APR281215-15"",""trade_id"":""8ff0d85c-82e8-6dc6-7140-4da9b9a98864"",""yes_price_dollars"":""0.5000""}"
KXBTC15M-26APR281215-15,4cd9a52f-6c13-58dc-c690-65236b29ce97,1777392005,0.5,5.0,yes,"{""count_fp"":""5.00"",""created_time"":""2026-04-28T16:00:05.531784Z"",""no_price_dollars"":""0.5000"",""taker_side"":""yes"",""ticker"":""KXBTC15M-26APR281215-15"",""trade_id"":""4cd9a52f-6c13-58dc-c690-65236b29ce97"",""yes_price_dollars"":""0.5000""}"
KXBTC15M-26APR281215-15,0e5d80a5-0c88-595a-d849-77fb9643cc14,1777392005,0.5,4.66,yes,"{""count_fp"":""4.66"",""created_time"":""2026-04-28T16:00:05.531784Z"",""no_price_dollars"":""0.5000"",""taker_side"":""yes"",""ticker"":""KXBTC15M-26APR281215-15"",""trade_id"":""0e5d80a5-0c88-595a-d849-77fb9643cc14"",""yes_price_dollars"":""0.5000""}"
KXBTC15M-26APR281215-15,9eb74cfb-9169-6e5b-8cc2-edbfcf95efcd,1777392005,0.49,8.46,no,"{""count_fp"":""8.46"",""created_time"":""2026-04-28T16:00:05.516207Z"",""no_price_dollars"":""0.5100"",""taker_side"":""no"",""ticker"":""KXBTC15M-26APR281215-15"",""trade_id"":""9eb74cfb-9169-6e5b-8cc2-edbfcf95efcd"",""yes_price_dollars"":""0.4900""}"
KXBTC15M-26APR281215-15,0fb8c198-8da0-60b3-a524-21a79cfb0bdb,1777392005,0.48,5.0,no,"{""count_fp"":""5.00"",""created_time"":""2026-04-28T16:00:05.516207Z"",""no_price_dollars"":""0.5200"",""taker_side"":""no"",""ticker"":""KXBTC15M-26APR281215-15"",""trade_id"":""0fb8c198-8da0-60b3-a524-21a79cfb0bdb"",""yes_price_dollars"":""0.4800""}"
KXBTC15M-26APR281215-15,92a1895c-cc61-5327-d844-171abecad609,1777392005,0.49,1.54,no,"{""count_fp"":""1.54"",""created_time"":""2026-04-28T16:00:05.305714Z"",""no_price_dollars"":""0.5100"",""taker_side"":""no"",""ticker"":""KXBTC15M-26APR281215-15"",""trade_id"":""92a1895c-cc61-5327-d844-171abecad609"",""yes_price_dollars"":""0.4900""}"
KXBTC15M-26APR281215-15,68e375ac-cfb1-5b7c-c7b7-a38b01437e4b,1777392005,0.49,1.0,no,"{""count_fp"":""1.00"",""created_time"":""2026-04-28T16:00:05.305714Z"",""no_price_dollars"":""0.5100"",""taker_side"":""no"",""ticker"":""KXBTC15M-26APR281215-15"",""trade_id"":""68e375ac-cfb1-5b7c-c7b7-a38b01437e4b"",""yes_price_dollars"":""0.4900""}"
KXBTC15M-26APR281215-15,2f6d3edb-8b59-4264-b5c9-bec96389229d,1777392005,0.5,38.29,yes,"{""count_fp"":""38.29"",""created_time"":""2026-04-28T16:00:05.094169Z"",""no_price_dollars"":""0.5000"",""taker_side"":""yes"",""ticker"":""KXBTC15M-26APR281215-15"",""trade_id"":""2f6d3edb-8b59-4264-b5c9-bec96389229d"",""yes_price_dollars"":""0.5000""}"
KXBTC15M-26APR281215-15,f896538e-7aad-6fb6-6ed4-c4c06f5455b3,1777392006,0.48,7.0,no,"{""count_fp"":""7.00"",""created_time"":""2026-04-28T16:00:06.802966Z"",""no_price_dollars"":""0.5200"",""taker_side"":""no"",""ticker"":""KXBTC15M-26APR281215-15"",""trade_id"":""f896538e-7aad-6fb6-6ed4-c4c06f5455b3"",""yes_price_dollars"":""0.4800""}"
KXBTC15M-26APR281215-15,9afc5919-a421-79de-e02e-17459b59af5f,1777392006,0.48,7.0,no,"{""count_fp"":""7.00"",""created_time"":""2026-04-28T16:00:06.574351Z"",""no_price_dollars"":""0.5200"",""taker_side"":""no"",""ticker"":""KXBTC15M-26APR281215-15"",""trade_id"":""9afc5919-a421-79de-e02e-17459b59af5f"",""yes_price_dollars"":""0.4800""}"
KXBTC15M-26APR281215-15,ecd977d9-323e-6014-0b58-9cc8f1f2bf25,1777392006,0.49,8.3,yes,"{""count_fp"":""8.30"",""created_time"":""2026-04-28T16:00:06.424423Z"",""no_price_dollars"":""0.5100"",""taker_side"":""yes"",""ticker"":""KXBTC15M-26APR281215-15"",""trade_id"":""ecd977d9-323e-6014-0b58-9cc8f1f2bf25"",""yes_price_dollars"":""0.4900""}"
KXBTC15M-26APR281215-15,b463e501-5fa0-65ff-35f2-55abdd6b4de6,1777392006,0.49,7.0,yes,"{""count_fp"":""7.00"",""created_time"":""2026-04-28T16:00:06.424423Z"",""no_price_dollars"":""0.5100"",""taker_side"":""yes"",""ticker"":""KXBTC15M-26APR281215-15"",""trade_id"":""b463e501-5fa0-65ff-35f2-55abdd6b4de6"",""yes_price_dollars"":""0.4900""}"
KXBTC15M-26APR281215-15,b1de4965-8b9d-69b2-2ccc-34cc109ee873,1777392006,0.49,7.0,yes,"{""count_fp"":""7.00"",""created_time"":""2026-04-28T16:00:06.424423Z"",""no_price_dollars"":""0.5100"",""taker_side"":""yes"",""ticker"":""KXBTC15M-26APR281215-15"",""trade_id"":""b1de4965-8b9d-69b2-2ccc-34cc109ee873"",""yes_price_dollars"":""0.4900""}"
KXBTC15M-26APR281215-15,a83c353c-86ad-636d-1c3e-ca2c9a058456,1777392006,0.49,13.0,yes,"{""count_fp"":""13.00"",""created_time"":""2026-04-28T16:00:06.424423Z"",""no_price_dollars"":""0.5100"",""taker_side"":""yes"",""ticker"":""KXBTC15M-26APR281215-15"",""trade_id"":""a83c353c-86ad-636d-1c3e-ca2c9a058456"",""yes_price_dollars"":""0.4900""}"
KXBTC15M-26APR281215-15,5ba60e4a-b02d-6445-0510-fce27e8e9a95,1777392006,0.49,13.0,yes,"{""count_fp"":""13.00"",""created_time"":""2026-04-28T16:00:06.424423Z"",""no_price_dollars"":""0.5100"",""taker_side"":""yes"",""ticker"":""KXBTC15M-26APR281215-15"",""trade_id"":""5ba60e4a-b02d-6445-0510-fce27e8e9a95"",""yes_price_dollars"":""0.4900""}"
KXBTC15M-26APR281215-15,c4aeac01-8701-776e-35a8-c37a5bfe702b,1777392006,0.48,6.0,no,"{""count_fp"":""6.00"",""created_time"":""2026-04-28T16:00:06.346876Z"",""no_price_dollars"":""0.5200"",""taker_side"":""no"",""ticker"":""KXBTC15M-26APR281215-15"",""trade_id"":""c4aeac01-8701-776e-35a8-c37a5bfe702b"",""yes_price_dollars"":""0.4800""}"
KXBTC15M-26APR281215-15,94f18ea9-34b9-61ea-18cc-706be4ca4197,1777392006,0.48,7.0,no,"{""count_fp"":""7.00"",""created_time"":""2026-04-28T16:00:06.132592Z"",""no_price_dollars"":""0.5200"",""taker_side"":""no"",""ticker"":""KXBTC15M-26APR281215-15"",""trade_id"":""94f18ea9-34b9-61ea-18cc-706be4ca4197"",""yes_price_dollars"":""0.4800""}"
KXBTC15M-26APR281215-15,24521ca9-4651-4f53-0cfc-60c8cf72aee5,1777392007,0.48,19.69,yes,"{""count_fp"":""19.69"",""created_time"":""2026-04-28T16:00:07.866994Z"",""no_price_dollars"":""0.5200"",""taker_side"":""yes"",""ticker"":""KXBTC15M-26APR281215-15"",""trade_id"":""24521ca9-4651-4f53-0cfc-60c8cf72aee5"",""yes_price_dollars"":""0.4800""}"
KXBTC15M-26APR281215-15,8e1b290b-8995-5106-1a40-fb51582f523f,1777392007,0.48,13.97,no,"{""count_fp"":""13.97"",""created_time"":""2026-04-28T16:00:07.352128Z"",""no_price_dollars"":""0.5200"",""taker_side"":""no"",""ticker"":""KXBTC15M-26APR281215-15"",""trade_id"":""8e1b290b-8995-5106-1a40-fb51582f523f"",""yes_price_dollars"":""0.4800""}"
KXBTC15M-26APR281215-15,58ae8f46-04a8-5ca2-3b69-19ebcb3114d2,1777392007,0.48,2.0,no,"{""count_fp"":""2.00"",""created_time"":""2026-04-28T16:00:07.352128Z"",""no_price_dollars"":""0.5200"",""taker_side"":""no"",""ticker"":""KXBTC15M-26APR281215-15"",""trade_id"":""58ae8f46-04a8-5ca2-3b69-19ebcb3114d2"",""yes_price_dollars"":""0.4800""}"
KXBTC15M-26APR281215-15,256d5f9d-bbed-5f0a-7c74-1bc5f3c63577,1777392007,0.48,3.0,no,"{""count_fp"":""3.00"",""created_time"":""2026-04-28T16:00:07.219241Z"",""no_price_dollars"":""0.5200"",""taker_side"":""no"",""ticker"":""KXBTC15M-26APR281215-15"",""trade_id"":""256d5f9d-bbed-5f0a-7c74-1bc5f3c63577"",""yes_price_dollars"":""0.4800""}"
KXBTC15M-26APR281215-15,9e375916-5d0d-6022-88fd-4eff4d16b72f,1777392007,0.48,6.0,no,"{""count_fp"":""6.00"",""created_time"":""2026-04-28T16:00:07.212709Z"",""no_price_dollars"":""0.5200"",""taker_side"":""no"",""ticker"":""KXBTC15M-26APR281215-15"",""trade_id"":""9e375916-5d0d-6022-88fd-4eff4d16b72f"",""yes_price_dollars"":""0.4800""}"
KXBTC15M-26APR281215-15,cc8d68ab-c2be-7f7a-df5a-0e9a003bec8b,1777392007,0.49,3.12,yes,"{""count_fp"":""3.12"",""created_time"":""2026-04-28T16:00:07.038937Z"",""no_price_dollars"":""0.5100"",""taker_side"":""yes"",""ticker"":""KXBTC15M-26APR281215-15"",""trade_id"":""cc8d68ab-c2be-7f7a-df5a-0e9a003bec8b"",""yes_price_dollars"":""0.4900""}"
KXBTC15M-26APR281215-15,6225aa87-be72-7728-f70f-0113ab91da6d,1777392007,0.49,8.7,yes,"{""count_fp"":""8.70"",""created_time"":""2026-04-28T16:00:07.038937Z"",""no_price_dollars"":""0.5100"",""taker_side"":""yes"",""ticker"":""KXBTC15M-26APR281215-15"",""trade_id"":""6225aa87-be72-7728-f70f-0113ab91da6d"",""yes_price_dollars"":""0.4900""}"
KXBTC15M-26APR281215-15,4ee22f29-0e45-534e-3418-b5a33ee2c2d3,1777392007,0.48,6.0,no,"{""count_fp"":""6.00"",""created_time"":""2026-04-28T16:00:07.002725Z"",""no_price_dollars"":""0.5200"",""taker_side"":""no"",""ticker"":""KXBTC15M-26APR281215-15"",""trade_id"":""4ee22f29-0e45-534e-3418-b5a33ee2c2d3"",""yes_price_dollars"":""0.4800""}"
KXBTC15M-26APR281215-15,de724fa4-b3e9-5f03-fbb9-d9256c1da815,1777392008,0.47,3.93,yes,"{""count_fp"":""3.93"",""created_time"":""2026-04-28T16:00:08.359393Z"",""no_price_dollars"":""0.5300"",""taker_side"":""yes"",""ticker"":""KXBTC15M-26APR281215-15"",""trade_id"":""de724fa4-b3e9-5f03-fbb9-d9256c1da815"",""yes_price_dollars"":""0.4700""}"
KXBTC15M-26APR281215-15,045d050a-e6f9-5e07-e1c0-0a1724496981,1777392008,0.47,1.0,yes,"{""count_fp"":""1.00"",""created_time"":""2026-04-28T16:00:08.156448Z"",""no_price_dollars"":""0.5300"",""taker_side"":""yes"",""ticker"":""KXBTC15M-26APR281215-15"",""trade_id"":""045d050a-e6f9-5e07-e1c0-0a1724496981"",""yes_price_dollars"":""0.4700""}"
KXBTC15M-26APR281215-15,a6babec0-e051-4c37-5df2-41511c293929,1777392009,0.47,4.1,yes,"{""count_fp"":""4.10"",""created_time"":""2026-04-28T16:00:09.801961Z"",""no_price_dollars"":""0.5300"",""taker_side"":""yes"",""ticker"":""KXBTC15M-26APR281215-15"",""trade_id"":""a6babec0-e051-4c37-5df2-41511c293929"",""yes_price_dollars"":""0.4700""}"
KXBTC15M-26APR281215-15,f9aca123-2db9-79ff-53c0-0f808461ebd5,1777392009,0.47,5.0,yes,"{""count_fp"":""5.00"",""created_time"":""2026-04-28T16:00:09.690411Z"",""no_price_dollars"":""0.5300"",""taker_side"":""yes"",""ticker"":""KXBTC15M-26APR281215-15"",""trade_id"":""f9aca123-2db9-79ff-53c0-0f808461ebd5"",""yes_price_dollars"":""0.4700""}"
KXBTC15M-26APR281215-15,b2b065f0-da62-6218-809c-ffeea40c83ef,1777392009,0.46,1.0,no,"{""count_fp"":""1.00"",""created_time"":""2026-04-28T16:00:09.463703Z"",""no_price_dollars"":""0.5400"",""taker_side"":""no"",""ticker"":""KXBTC15M-26APR281215-15"",""trade_id"":""b2b065f0-da62-6218-809c-ffeea40c83ef"",""yes_price_dollars"":""0.4600""}"
KXBTC15M-26APR281215-15,784269a2-8335-7a07-f9ad-bc48f16fa8dd,1777392009,0.47,9.85,yes,"{""count_fp"":""9.85"",""created_time"":""2026-04-28T16:00:09.170699Z"",""no_price_dollars"":""0.5300"",""taker_side"":""yes"",""ticker"":""KXBTC15M-26APR281215-15"",""trade_id"":""784269a2-8335-7a07-f9ad-bc48f16fa8dd"",""yes_price_dollars"":""0.4700""}"
KXBTC15M-26APR281215-15,d796be5f-16a5-6385-db23-141ebe0bd9a9,1777392010,0.45,20.3,yes,"{""count_fp"":""20.30"",""created_time"":""2026-04-28T16:00:10.885269Z"",""no_price_dollars"":""0.5500"",""taker_side"":""yes"",""ticker"":""KXBTC15M-26APR281215-15"",""trade_id"":""d796be5f-16a5-6385-db23-141ebe0bd9a9"",""yes_price_dollars"":""0.4500""}"
KXBTC15M-26APR281215-15,39eeed78-19a0-6df4-d27d-983470fd6138,1777392010,0.46,0.47,yes,"{""count_fp"":""0.47"",""created_time"":""2026-04-28T16:00:10.885269Z"",""no_price_dollars"":""0.5400"",""taker_side"":""yes"",""ticker"":""KXBTC15M-26APR281215-15"",""trade_id"":""39eeed78-19a0-6df4-d27d-983470fd6138"",""yes_price_dollars"":""0.4600""}"
KXBTC15M-26APR281215-15,2220024a-0d93-66e1-f11b-f3d55bb7dc06,1777392010,0.45,10.0,yes,"{""count_fp"":""10.00"",""created_time"":""2026-04-28T16:00:10.885269Z"",""no_price_dollars"":""0.5500"",""taker_side"":""yes"",""ticker"":""KXBTC15M-26APR281215-15"",""trade_id"":""2220024a-0d93-66e1-f11b-f3d55bb7dc06"",""yes_price_dollars"":""0.4500""}"
KXBTC15M-26APR281215-15,9f5e2ff7-7719-750d-71b0-3221ea0c1835,1777392010,0.45,19.7,yes,"{""count_fp"":""19.70"",""created_time"":""2026-04-28T16:00:10.777198Z"",""no_price_dollars"":""0.5500"",""taker_side"":""yes"",""ticker"":""KXBTC15M-26APR281215-15"",""trade_id"":""9f5e2ff7-7719-750d-71b0-3221ea0c1835"",""yes_price_dollars"":""0.4500""}"
KXBTC15M-26APR281215-15,c2d53fcb-7895-638b-4dec-cb3b79022295,1777392010,0.47,4.1,yes,"{""count_fp"":""4.10"",""created_time"":""2026-04-28T16:00:10.226959Z"",""no_price_dollars"":""0.5300"",""taker_side"":""yes"",""ticker"":""KXBTC15M-26APR281215-15"",""trade_id"":""c2d53fcb-7895-638b-4dec-cb3b79022295"",""yes_price_dollars"":""0.4700""}"
KXBTC15M-26APR281215-15,f8f38c53-c654-6a7a-07c7-89c5be61c7f8,1777392010,0.46,9.0,no,"{""count_fp"":""9.00"",""created_time"":""2026-04-28T16:00:10.215153Z"",""no_price_dollars"":""0.5400"",""taker_side"":""no"",""ticker"":""KXBTC15M-26APR281215-15"",""trade_id"":""f8f38c53-c654-6a7a-07c7-89c5be61c7f8"",""yes_price_dollars"":""0.4600""}"
KXBTC15M-26APR281215-15,f3115e50-ff9b-6a84-2b67-953740eeac73,1777392010,0.44,1.0,no,"{""count_fp"":""1.00"",""created_time"":""2026-04-28T16:00:10.215153Z"",""no_price_dollars"":""0.5600"",""taker_side"":""no"",""ticker"":""KXBTC15M-26APR281215-15"",""trade_id"":""f3115e50-ff9b-6a84-2b67-953740eeac73"",""yes_price_dollars"":""0.4400""}"
KXBTC15M-26APR281215-15,ef2268f9-d70c-6ff6-1d95-33fc1f791ea8,1777392010,0.46,28.0,no,"{""count_fp"":""28.00"",""created_time"":""2026-04-28T16:00:10.215153Z"",""no_price_dollars"":""0.5400"",""taker_side"":""no"",""ticker"":""KXBTC15M-26APR281215-15"",""trade_id"":""ef2268f9-d70c-6ff6-1d95-33fc1f791ea8"",""yes_price_dollars"":""0.4600""}"
KXBTC15M-26APR281215-15,ec5974fe-93fd-66e9-289e-adf22bf797db,1777392010,0.42,5.0,no,"{""count_fp"":""5.00"",""created_time"":""2026-04-28T16:00:10.215153Z"",""no_price_dollars"":""0.5800"",""taker_side"":""no"",""ticker"":""KXBTC15M-26APR281215-15"",""trade_id"":""ec5974fe-93fd-66e9-289e-adf22bf797db"",""yes_price_dollars"":""0.4200""}"
KXBTC15M-26APR281215-15,e8a3d67d-a532-6d53-2e92-9833d90c30ec,1777392010,0.45,8.0,no,"{""count_fp"":""8.00"",""created_time"":""2026-04-28T16:00:10.215153Z"",""no_price_dollars"":""0.5500"",""taker_side"":""no"",""ticker"":""KXBTC15M-26APR281215-15"",""trade_id"":""e8a3d67d-a532-6d53-2e92-9833d90c30ec"",""yes_price_dollars"":""0.4500""}"
KXBTC15M-26APR281215-15,df57ef3e-db9e-6676-3f2e-c96ebcda988d,1777392010,0.44,1.0,no,"{""count_fp"":""1.00"",""created_time"":""2026-04-28T16:00:10.215153Z"",""no_price_dollars"":""0.5600"",""taker_side"":""no"",""ticker"":""KXBTC15M-26APR281215-15"",""trade_id"":""df57ef3e-db9e-6676-3f2e-c96ebcda988d"",""yes_price_dollars"":""0.4400""}"
KXBTC15M-26APR281215-15,c98f1223-ccff-6605-1356-8eb24d7014f9,1777392010,0.42,42.51,no,"{""count_fp"":""42.51"",""created_time"":""2026-04-28T16:00:10.215153Z"",""no_price_dollars"":""0.5800"",""taker_side"":""no"",""ticker"":""KXBTC15M-26APR281215-15"",""trade_id"":""c98f1223-ccff-6605-1356-8eb24d7014f9"",""yes_price_dollars"":""0.4200""}"
KXBTC15M-26APR281215-15,bd342c94-47a3-6dab-2891-609e1be5d798,1777392010,0.42,1.0,no,"{""count_fp"":""1.00"",""created_time"":""2026-04-28T16:00:10.215153Z"",""no_price_dollars"":""0.5800"",""taker_side"":""no"",""ticker"":""KXBTC15M-26APR281215-15"",""trade_id"":""bd342c94-47a3-6dab-2891-609e1be5d798"",""yes_price_dollars"":""0.4200""}"
KXBTC15M-26APR281215-15,b81b6fc5-82bc-6b6c-0065-2faf72403013,1777392010,0.45,1.0,no,"{""count_fp"":""1.00"",""created_time"":""2026-04-28T16:00:10.215153Z"",""no_price_dollars"":""0.5500"",""taker_side"":""no"",""ticker"":""KXBTC15M-26APR281215-15"",""trade_id"":""b81b6fc5-82bc-6b6c-0065-2faf72403013"",""yes_price_dollars"":""0.4500""}"
KXBTC15M-26APR281215-15,b3e48a6a-1dd7-6d81-2dc5-2ab7c3b40848,1777392010,0.43,60.0,no,"{""count_fp"":""60.00"",""created_time"":""2026-04-28T16:00:10.215153Z"",""no_price_dollars"":""0.5700"",""taker_side"":""no"",""ticker"":""KXBTC15M-26APR281215-15"",""trade_id"":""b3e48a6a-1dd7-6d81-2dc5-2ab7c3b40848"",""yes_price_dollars"":""0.4300""}"
KXBTC15M-26APR281215-15,a150dd67-7c34-697e-01a3-b6f1c2e7aa9e,1777392010,0.46,117.42,no,"{""count_fp"":""117.42"",""created_time"":""2026-04-28T16:00:10.215153Z"",""no_price_dollars"":""0.5400"",""taker_side"":""no"",""ticker"":""KXBTC15M-26APR281215-15"",""trade_id"":""a150dd67-7c34-697e-01a3-b6f1c2e7aa9e"",""yes_price_dollars"":""0.4600""}"
KXBTC15M-26APR281215-15,88cd2954-6414-6c20-3337-172e4effd269,1777392010,0.44,39.65,no,"{""count_fp"":""39.65"",""created_time"":""2026-04-28T16:00:10.215153Z"",""no_price_dollars"":""0.5600"",""taker_side"":""no"",""ticker"":""KXBTC15M-26APR281215-15"",""trade_id"":""88cd2954-6414-6c20-3337-172e4effd269"",""yes_price_dollars"":""0.4400""}"
KXBTC15M-26APR281215-15,6a949a3c-6ab0-654e-018b-0f2e07d8c5e7,1777392010,0.43,40.0,no,"{""count_fp"":""40.00"",""created_time"":""2026-04-28T16:00:10.215153Z"",""no_price_dollars"":""0.5700"",""taker_side"":""no"",""ticker"":""KXBTC15M-26APR281215-15"",""trade_id"":""6a949a3c-6ab0-654e-018b-0f2e07d8c5e7"",""yes_price_dollars"":""0.4300""}"
KXBTC15M-26APR281215-15,57439906-7372-68f1-1886-b400d0201433,1777392010,0.45,50.0,no,"{""count_fp"":""50.00"",""created_time"":""2026-04-28T16:00:10.215153Z"",""no_price_dollars"":""0.5500"",""taker_side"":""no"",""ticker"":""KXBTC15M-26APR281215-15"",""trade_id"":""57439906-7372-68f1-1886-b400d0201433"",""yes_price_dollars"":""0.4500""}"
KXBTC15M-26APR281215-15,52884601-6600-65f4-07de-ef13b6c63bc2,1777392010,0.44,40.0,no,"{""count_fp"":""40.00"",""created_time"":""2026-04-28T16:00:10.215153Z"",""no_price_dollars"":""0.5600"",""taker_side"":""no"",""ticker"":""KXBTC15M-26APR281215-15"",""trade_id"":""52884601-6600-65f4-07de-ef13b6c63bc2"",""yes_price_dollars"":""0.4400""}"
KXBTC15M-26APR281215-15,52704316-7d84-626d-2273-a4725f3b915f,1777392010,0.42,2.0,no,"{""count_fp"":""2.00"",""created_time"":""2026-04-28T16:00:10.215153Z"",""no_price_dollars"":""0.5800"",""taker_side"":""no"",""ticker"":""KXBTC15M-26APR281215-15"",""trade_id"":""52704316-7d84-626d-2273-a4725f3b915f"",""yes_price_dollars"":""0.4200""}"
KXBTC15M-26APR281215-15,3b74c3fd-26da-635d-1970-d6955f5535e6,1777392010,0.43,1.0,no,"{""count_fp"":""1.00"",""created_time"":""2026-04-28T16:00:10.215153Z"",""no_price_dollars"":""0.5700"",""taker_side"":""no"",""ticker"":""KXBTC15M-26APR281215-15"",""trade_id"":""3b74c3fd-26da-635d-1970-d6955f5535e6"",""yes_price_dollars"":""0.4300""}"
KXBTC15M-26APR281215-15,3327b15b-2549-6413-2320-39f3e06d3546,1777392010,0.46,15.0,no,"{""count_fp"":""15.00"",""created_time"":""2026-04-28T16:00:10.215153Z"",""no_price_dollars"":""0.5400"",""taker_side"":""no"",""ticker"":""KXBTC15M-26APR281215-15"",""trade_id"":""3327b15b-2549-6413-2320-39f3e06d3546"",""yes_price_dollars"":""0.4600""}"
KXBTC15M-26APR281215-15,2bbdb6d2-fddb-6b6a-329f-62685cc07460,1777392010,0.42,40.0,no,"{""count_fp"":""40.00"",""created_time"":""2026-04-28T16:00:10.215153Z"",""no_price_dollars"":""0.5800"",""taker_side"":""no"",""ticker"":""KXBTC15M-26APR281215-15"",""trade_id"":""2bbdb6d2-fddb-6b6a-329f-62685cc07460"",""yes_price_dollars"":""0.4200""}"
KXBTC15M-26APR281215-15,1f081a92-f758-63fc-26c6-e0bfa85448ad,1777392010,0.46,3.0,no,"{""count_fp"":""3.00"",""created_time"":""2026-04-28T16:00:10.215153Z"",""no_price_dollars"":""0.5400"",""taker_side"":""no"",""ticker"":""KXBTC15M-26APR281215-15"",""trade_id"":""1f081a92-f758-63fc-26c6-e0bfa85448ad"",""yes_price_dollars"":""0.4600""}"
KXBTC15M-26APR281215-15,055c864b-104f-645f-17bb-694caca8c2ea,1777392010,0.45,1.0,no,"{""count_fp"":""1.00"",""created_time"":""2026-04-28T16:00:10.215153Z"",""no_price_dollars"":""0.5500"",""taker_side"":""no"",""ticker"":""KXBTC15M-26APR281215-15"",""trade_id"":""055c864b-104f-645f-17bb-694caca8c2ea"",""yes_price_dollars"":""0.4500""}"
KXBTC15M-26APR281215-15,e916e850-6b70-5396-45f7-a12cfe57ca7e,1777392010,0.46,2.58,no,"{""count_fp"":""2.58"",""created_time"":""2026-04-28T16:00:10.162123Z"",""no_price_dollars"":""0.5400"",""taker_side"":""no"",""ticker"":""KXBTC15M-26APR281215-15"",""trade_id"":""e916e850-6b70-5396-45f7-a12cfe57ca7e"",""yes_price_dollars"":""0.4600""}"
KXBTC15M-26APR281215-15,daa6e673-58ed-50ac-7ff1-0cb04de56ecb,1777392010,0.46,1.0,no,"{""count_fp"":""1.00"",""created_time"":""2026-04-28T16:00:10.162123Z"",""no_price_dollars"":""0.5400"",""taker_side"":""no"",""ticker"":""KXBTC15M-26APR281215-15"",""trade_id"":""daa6e673-58ed-50ac-7ff1-0cb04de56ecb"",""yes_price_dollars"":""0.4600""}"
KXBTC15M-26APR281215-15,b9a2eedc-24de-6f9e-e6d9-9842183bd317,1777392011,0.44,3.0,no,"{""count_fp"":""3.00"",""created_time"":""2026-04-28T16:00:11.962199Z"",""no_price_dollars"":""0.5600"",""taker_side"":""no"",""ticker"":""KXBTC15M-26APR281215-15"",""trade_id"":""b9a2eedc-24de-6f9e-e6d9-9842183bd317"",""yes_price_dollars"":""0.4400""}"
KXBTC15M-26APR281215-15,07ed96fd-f170-6739-cd5a-7e2c7cc9a96b,1777392011,0.44,40.0,no,"{""count_fp"":""40.00"",""created_time"":""2026-04-28T16:00:11.962199Z"",""no_price_dollars"":""0.5600"",""taker_side"":""no"",""ticker"":""KXBTC15M-26APR281215-15"",""trade_id"":""07ed96fd-f170-6739-cd5a-7e2c7cc9a96b"",""yes_price_dollars"":""0.4400""}"
KXBTC15M-26APR281215-15,f3876329-b3a8-71c9-9e19-7da146b9a57c,1777392011,0.45,40.0,yes,"{""count_fp"":""40.00"",""created_time"":""2026-04-28T16:00:11.316307Z"",""no_price_dollars"":""0.5500"",""taker_side"":""yes"",""ticker"":""KXBTC15M-26APR281215-15"",""trade_id"":""f3876329-b3a8-71c9-9e19-7da146b9a57c"",""yes_price_dollars"":""0.4500""}"
KXBTC15M-26APR281215-15,ad9c9282-7399-7720-b172-79627f65357d,1777392011,0.46,9.7,yes,"{""count_fp"":""9.70"",""created_time"":""2026-04-28T16:00:11.316307Z"",""no_price_dollars"":""0.5400"",""taker_side"":""yes"",""ticker"":""KXBTC15M-26APR281215-15"",""trade_id"":""ad9c9282-7399-7720-b172-79627f65357d"",""yes_price_dollars"":""0.4600""}"
KXBTC15M-26APR281215-15,38772a72-798c-7f54-9d3e-9700bd56ac90,1777392011,0.46,28.25,yes,"{""count_fp"":""28.25"",""created_time"":""2026-04-28T16:00:11.316307Z"",""no_price_dollars"":""0.5400"",""taker_side"":""yes"",""ticker"":""KXBTC15M-26APR281215-15"",""trade_id"":""38772a72-798c-7f54-9d3e-9700bd56ac90"",""yes_price_dollars"":""0.4600""}"
KXBTC15M-26APR281215-15,d1888005-0f0c-5938-0efc-0cce7e6af1f8,1777392011,0.46,11.28,yes,"{""count_fp"":""11.28"",""created_time"":""2026-04-28T16:00:11.274491Z"",""no_price_dollars"":""0.5400"",""taker_side"":""yes"",""ticker"":""KXBTC15M-26APR281215-15"",""trade_id"":""d1888005-0f0c-5938-0efc-0cce7e6af1f8"",""yes_price_dollars"":""0.4600""}"
KXBTC15M-26APR281215-15,51041e16-5ae7-5d7c-36a3-dd2bd8d5e75c,1777392011,0.45,40.0,yes,"{""count_fp"":""40.00"",""created_time"":""2026-04-28T16:00:11.274491Z"",""no_price_dollars"":""0.5500"",""taker_side"":""yes"",""ticker"":""KXBTC15M-26APR281215-15"",""trade_id"":""51041e16-5ae7-5d7c-36a3-dd2bd8d5e75c"",""yes_price_dollars"":""0.4500""}"
KXBTC15M-26APR281215-15,f633b1b6-9ef1-495c-5157-702ec62b045b,1777392011,0.43,40.0,no,"{""count_fp"":""40.00"",""created_time"":""2026-04-28T16:00:11.191658Z"",""no_price_dollars"":""0.5700"",""taker_side"":""no"",""ticker"":""KXBTC15M-26APR281215-15"",""trade_id"":""f633b1b6-9ef1-495c-5157-702ec62b045b"",""yes_price_dollars"":""0.4300""}"
KXBTC15M-26APR281215-15,2f87cc33-7853-44c2-5d88-9458ec9c4f0a,1777392011,0.43,10.0,no,"{""count_fp"":""10.00"",""created_time"":""2026-04-28T16:00:11.191658Z"",""no_price_dollars"":""0.5700"",""taker_side"":""no"",""ticker"":""KXBTC15M-26APR281215-15"",""trade_id"":""2f87cc33-7853-44c2-5d88-9458ec9c4f0a"",""yes_price_dollars"":""0.4300""}"
KXBTC15M-26APR281215-15,a0928949-5de9-67e8-e0ee-e3c0a7fe9574,1777392012,0.42,40.0,yes,"{""count_fp"":""40.00"",""created_time"":""2026-04-28T16:00:12.726689Z"",""no_price_dollars"":""0.5800"",""taker_side"":""yes"",""ticker"":""KXBTC15M-26APR281215-15"",""trade_id"":""a0928949-5de9-67e8-e0ee-e3c0a7fe9574"",""yes_price_dollars"":""0.4200""}"
KXBTC15M-26APR281215-15,8440111f-3611-6b9e-f3a2-e09e7c56674e,1777392012,0.43,9.88,yes,"{""count_fp"":""9.88"",""created_time"":""2026-04-28T16:00:12.726689Z"",""no_price_dollars"":""0.5700"",""taker_side"":""yes"",""ticker"":""KXBTC15M-26APR281215-15"",""trade_id"":""8440111f-3611-6b9e-f3a2-e09e7c56674e"",""yes_price_dollars"":""0.4300""}"
KXBTC15M-26APR281215-15,424cb944-e342-61b8-e8e4-c0a40f70bedf,1777392012,0.43,570.66,yes,"{""count_fp"":""570.66"",""created_time"":""2026-04-28T16:00:12.726689Z"",""no_price_dollars"":""0.5700"",""taker_side"":""yes"",""ticker"":""KXBTC15M-26APR281215-15"",""trade_id"":""424cb944-e342-61b8-e8e4-c0a40f70bedf"",""yes_price_dollars"":""0.4300""}"
KXBTC15M-26APR281215-15,b02fbd4f-68b3-49a3-4af7-7fb39b371e98,1777392012,0.42,29.75,yes,"{""count_fp"":""29.75"",""created_time"":""2026-04-28T16:00:12.661528Z"",""no_price_dollars"":""0.5800"",""taker_side"":""yes"",""ticker"":""KXBTC15M-26APR281215-15"",""trade_id"":""b02fbd4f-68b3-49a3-4af7-7fb39b371e98"",""yes_price_dollars"":""0.4200""}"
KXBTC15M-26APR281215-15,a1da6acf-ce4c-4df5-7197-8845aea0583a,1777392012,0.42,13.17,yes,"{""count_fp"":""13.17"",""created_time"":""2026-04-28T16:00:12.661528Z"",""no_price_dollars"":""0.5800"",""taker_side"":""yes"",""ticker"":""KXBTC15M-26APR281215-15"",""trade_id"":""a1da6acf-ce4c-4df5-7197-8845aea0583a"",""yes_price_dollars"":""0.4200""}"
KXBTC15M-26APR281215-15,5a9bc07f-772d-453e-53f7-5d4387adb83e,1777392012,0.43,30.12,yes,"{""count_fp"":""30.12"",""created_time"":""2026-04-28T16:00:12.661528Z"",""no_price_dollars"":""0.5700"",""taker_side"":""yes"",""ticker"":""KXBTC15M-26APR281215-15"",""trade_id"":""5a9bc07f-772d-453e-53f7-5d4387adb83e"",""yes_price_dollars"":""0.4300""}"
KXBTC15M-26APR281215-15,051c9794-aced-4bb4-4b3a-c5f155dd56c2,1777392012,0.42,3.0,yes,"{""count_fp"":""3.00"",""created_time"":""2026-04-28T16:00:12.661528Z"",""no_price_dollars"":""0.5800"",""taker_side"":""yes"",""ticker"":""KXBTC15M-26APR281215-15"",""trade_id"":""051c9794-aced-4bb4-4b3a-c5f155dd56c2"",""yes_price_dollars"":""0.4200""}"
KXBTC15M-26APR281215-15,3e4789c7-4569-61c6-b1e0-460a1c6c9f59,1777392012,0.41,0.24,no,"{""count_fp"":""0.24"",""created_time"":""2026-04-28T16:00:12.656021Z"",""no_price_dollars"":""0.5900"",""taker_side"":""no"",""ticker"":""KXBTC15M-26APR281215-15"",""trade_id"":""3e4789c7-4569-61c6-b1e0-460a1c6c9f59"",""yes_price_dollars"":""0.4100""}"
KXBTC15M-26APR281215-15,48b127f3-0f5b-708b-2fb2-bc66b5059774,1777392012,0.42,10.25,yes,"{""count_fp"":""10.25"",""created_time"":""2026-04-28T16:00:12.274007Z"",""no_price_dollars"":""0.5800"",""taker_side"":""yes"",""ticker"":""KXBTC15M-26APR281215-15"",""trade_id"":""48b127f3-0f5b-708b-2fb2-bc66b5059774"",""yes_price_dollars"":""0.4200""}"
KXBTC15M-26APR281215-15,cf7435ed-39f1-46e6-e61e-e28d4ac99279,1777392012,0.41,25.49,no,"{""count_fp"":""25.49"",""created_time"":""2026-04-28T16:00:12.201403Z"",""no_price_dollars"":""0.5900"",""taker_side"":""no"",""ticker"":""KXBTC15M-26APR281215-15"",""trade_id"":""cf7435ed-39f1-46e6-e61e-e28d4ac99279"",""yes_price_dollars"":""0.4100""}"
KXBTC15M-26APR281215-15,e4c0b077-3dc9-4166-aae3-cfd85cdaa1a9,1777392012,0.41,40.25,no,"{""count_fp"":""40.25"",""created_time"":""2026-04-28T16:00:12.167795Z"",""no_price_dollars"":""0.5900"",""taker_side"":""no"",""ticker"":""KXBTC15M-26APR281215-15"",""trade_id"":""e4c0b077-3dc9-4166-aae3-cfd85cdaa1a9"",""yes_price_dollars"":""0.4100""}"
KXBTC15M-26APR281215-15,9efdbff3-e524-4fd3-a804-c2294308cefe,1777392012,0.42,3.0,no,"{""count_fp"":""3.00"",""created_time"":""2026-04-28T16:00:12.167795Z"",""no_price_dollars"":""0.5800"",""taker_side"":""no"",""ticker"":""KXBTC15M-26APR281215-15"",""trade_id"":""9efdbff3-e524-4fd3-a804-c2294308cefe"",""yes_price_dollars"":""0.4200""}"
KXBTC15M-26APR281215-15,885ffc4b-2e9e-7c40-aa4c-7fe892948daf,1777392012,0.44,406.51,yes,"{""count_fp"":""406.51"",""created_time"":""2026-04-28T16:00:12.137426Z"",""no_price_dollars"":""0.5600"",""taker_side"":""yes"",""ticker"":""KXBTC15M-26APR281215-15"",""trade_id"":""885ffc4b-2e9e-7c40-aa4c-7fe892948daf"",""yes_price_dollars"":""0.4400""}"
KXBTC15M-26APR281215-15,7dba1c44-4afd-73be-a293-27ca4b9cf4a7,1777392012,0.44,40.0,yes,"{""count_fp"":""40.00"",""created_time"":""2026-04-28T16:00:12.137426Z"",""no_price_dollars"":""0.5600"",""taker_side"":""yes"",""ticker"":""KXBTC15M-26APR281215-15"",""trade_id"":""7dba1c44-4afd-73be-a293-27ca4b9cf4a7"",""yes_price_dollars"":""0.4400""}"
KXBTC15M-26APR281215-15,18989f0b-2b7d-70d7-a0da-87b14dc7ef8d,1777392012,0.44,112.0,yes,"{""count_fp"":""112.00"",""created_time"":""2026-04-28T16:00:12.137426Z"",""no_price_dollars"":""0.5600"",""taker_side"":""yes"",""ticker"":""KXBTC15M-26APR281215-15"",""trade_id"":""18989f0b-2b7d-70d7-a0da-87b14dc7ef8d"",""yes_price_dollars"":""0.4400""}"
KXBTC15M-26APR281215-15,0d78f647-6bee-7f4b-b1af-b06e57f0d73b,1777392012,0.44,21.0,yes,"{""count_fp"":""21.00"",""created_time"":""2026-04-28T16:00:12.137426Z"",""no_price_dollars"":""0.5600"",""taker_side"":""yes"",""ticker"":""KXBTC15M-26APR281215-15"",""trade_id"":""0d78f647-6bee-7f4b-b1af-b06e57f0d73b"",""yes_price_dollars"":""0.4400""}"
KXBTC15M-26APR281215-15,3e995e28-ace2-5f7b-503f-a628f6de1541,1777392012,0.43,10.0,no,"{""count_fp"":""10.00"",""created_time"":""2026-04-28T16:00:12.122722Z"",""no_price_dollars"":""0.5700"",""taker_side"":""no"",""ticker"":""KXBTC15M-26APR281215-15"",""trade_id"":""3e995e28-ace2-5f7b-503f-a628f6de1541"",""yes_price_dollars"":""0.4300""}"
KXBTC15M-26APR281215-15,bcfb4566-7a2e-742d-1b4c-d2ef309bbb80,1777392013,0.41,5.7,yes,"{""count_fp"":""5.70"",""created_time"":""2026-04-28T16:00:13.898199Z"",""no_price_dollars"":""0.5900"",""taker_side"":""yes"",""ticker"":""KXBTC15M-26APR281215-15"",""trade_id"":""bcfb4566-7a2e-742d-1b4c-d2ef309bbb80"",""yes_price_dollars"":""0.4100""}"
KXBTC15M-26APR281215-15,7db35e6d-5300-7492-000b-afd301e45cf2,1777392013,0.41,19.0,yes,"{""count_fp"":""19.00"",""created_time"":""2026-04-28T16:00:13.898199Z"",""no_price_dollars"":""0.5900"",""taker_side"":""yes"",""ticker"":""KXBTC15M-26APR281215-15"",""trade_id"":""7db35e6d-5300-7492-000b-afd301e45cf2"",""yes_price_dollars"":""0.4100""}"
KXBTC15M-26APR281215-15,260345b1-5a9e-7968-308e-d2b62c6200df,1777392013,0.41,535.34,yes,"{""count_fp"":""535.34"",""created_time"":""2026-04-28T16:00:13.898199Z"",""no_price_dollars"":""0.5900"",""taker_side"":""yes"",""ticker"":""KXBTC15M-26APR281215-15"",""trade_id"":""260345b1-5a9e-7968-308e-d2b62c6200df"",""yes_price_dollars"":""0.4100""}"
KXBTC15M-26APR281215-15,09988bfc-c616-65c5-b6a4-f65ae54dd7e8,1777392013,0.41,34.3,yes,"{""count_fp"":""34.30"",""created_time"":""2026-04-28T16:00:13.837557Z"",""no_price_dollars"":""0.5900"",""taker_side"":""yes"",""ticker"":""KXBTC15M-26APR281215-15"",""trade_id"":""09988bfc-c616-65c5-b6a4-f65ae54dd7e8"",""yes_price_dollars"":""0.4100""}"
KXBTC15M-26APR281215-15,469cc971-8ed1-5e86-36d2-2705481d4c2a,1777392013,0.4,46.61,no,"{""count_fp"":""46.61"",""created_time"":""2026-04-28T16:00:13.760472Z"",""no_price_dollars"":""0.6000"",""taker_side"":""no"",""ticker"":""KXBTC15M-26APR281215-15"",""trade_id"":""469cc971-8ed1-5e86-36d2-2705481d4c2a"",""yes_price_dollars"":""0.4000""}"
KXBTC15M-26APR281215-15,8944c89e-cc3a-4bf6-0b19-d883033c9e6f,1777392013,0.41,63.82,no,"{""count_fp"":""63.82"",""created_time"":""2026-04-28T16:00:13.732055Z"",""no_price_dollars"":""0.5900"",""taker_side"":""no"",""ticker"":""KXBTC15M-26APR281215-15"",""trade_id"":""8944c89e-cc3a-4bf6-0b19-d883033c9e6f"",""yes_price_dollars"":""0.4100""}"
KXBTC15M-26APR281215-15,02288403-7666-5e06-842d-c7a894243377,1777392013,0.41,45.13,no,"{""count_fp"":""45.13"",""created_time"":""2026-04-28T16:00:13.731455Z"",""no_price_dollars"":""0.5900"",""taker_side"":""no"",""ticker"":""KXBTC15M-26APR281215-15"",""trade_id"":""02288403-7666-5e06-842d-c7a894243377"",""yes_price_dollars"":""0.4100""}"
KXBTC15M-26APR281215-15,9c1fa2f2-553f-4980-2eaf-38581f7dade6,1777392013,0.41,5.0,no,"{""count_fp"":""5.00"",""created_time"":""2026-04-28T16:00:13.707636Z"",""no_price_dollars"":""0.5900"",""taker_side"":""no"",""ticker"":""KXBTC15M-26APR281215-15"",""trade_id"":""9c1fa2f2-553f-4980-2eaf-38581f7dade6"",""yes_price_dollars"":""0.4100""}"
KXBTC15M-26APR281215-15,8464ab44-49b1-488a-113e-7ccb1e0430d5,1777392013,0.41,14.73,no,"{""count_fp"":""14.73"",""created_time"":""2026-04-28T16:00:13.707636Z"",""no_price_dollars"":""0.5900"",""taker_side"":""no"",""ticker"":""KXBTC15M-26APR281215-15"",""trade_id"":""8464ab44-49b1-488a-113e-7ccb1e0430d5"",""yes_price_dollars"":""0.4100""}"
KXBTC15M-26APR281215-15,6ac70fda-d010-4aed-1988-fb1af7cdc0ee,1777392013,0.41,5.0,no,"{""count_fp"":""5.00"",""created_time"":""2026-04-28T16:00:13.707636Z"",""no_price_dollars"":""0.5900"",""taker_side"":""no"",""ticker"":""KXBTC15M-26APR281215-15"",""trade_id"":""6ac70fda-d010-4aed-1988-fb1af7cdc0ee"",""yes_price_dollars"":""0.4100""}"
KXBTC15M-26APR281215-15,187076c7-983a-4d96-0db7-1db338c33da7,1777392013,0.41,3.05,no,"{""count_fp"":""3.05"",""created_time"":""2026-04-28T16:00:13.707636Z"",""no_price_dollars"":""0.5900"",""taker_side"":""no"",""ticker"":""KXBTC15M-26APR281215-15"",""trade_id"":""187076c7-983a-4d96-0db7-1db338c33da7"",""yes_price_dollars"":""0.4100""}"
KXBTC15M-26APR281215-15,1d77fa11-7dc1-511e-44d7-f7e541184579,1777392013,0.41,38.29,no,"{""count_fp"":""38.29"",""created_time"":""2026-04-28T16:00:13.697383Z"",""no_price_dollars"":""0.5900"",""taker_side"":""no"",""ticker"":""KXBTC15M-26APR281215-15"",""trade_id"":""1d77fa11-7dc1-511e-44d7-f7e541184579"",""yes_price_dollars"":""0.4100""}"
KXBTC15M-26APR281215-15,73b44f4e-bd6f-46bd-e7af-6cf8a034b937,1777392013,0.42,0.71,yes,"{""count_fp"":""0.71"",""created_time"":""2026-04-28T16:00:13.173947Z"",""no_price_dollars"":""0.5800"",""taker_side"":""yes"",""ticker"":""KXBTC15M-26APR281215-15"",""trade_id"":""73b44f4e-bd6f-46bd-e7af-6cf8a034b937"",""yes_price_dollars"":""0.4200""}"
KXBTC15M-26APR281215-15,04b6cb7f-3576-42e2-ea9b-77771fc89524,1777392013,0.42,9.29,yes,"{""count_fp"":""9.29"",""created_time"":""2026-04-28T16:00:13.173947Z"",""no_price_dollars"":""0.5800"",""taker_side"":""yes"",""ticker"":""KXBTC15M-26APR281215-15"",""trade_id"":""04b6cb7f-3576-42e2-ea9b-77771fc89524"",""yes_price_dollars"":""0.4200""}"
KXBTC15M-26APR281215-15,e996ecde-a36a-628b-488b-fd0d6c6f15bf,1777392013,0.42,3.0,yes,"{""count_fp"":""3.00"",""created_time"":""2026-04-28T16:00:13.058446Z"",""no_price_dollars"":""0.5800"",""taker_side"":""yes"",""ticker"":""KXBTC15M-26APR281215-15"",""trade_id"":""e996ecde-a36a-628b-488b-fd0d6c6f15bf"",""yes_price_dollars"":""0.4200""}"
KXBTC15M-26APR281215-15,8cc34f63-031f-6ab9-7ac6-f7ebca6664a3,1777392013,0.42,39.29,yes,"{""count_fp"":""39.29"",""created_time"":""2026-04-28T16:00:13.058446Z"",""no_price_dollars"":""0.5800"",""taker_side"":""yes"",""ticker"":""KXBTC15M-26APR281215-15"",""trade_id"":""8cc34f63-031f-6ab9-7ac6-f7ebca6664a3"",""yes_price_dollars"":""0.4200""}"
KXBTC15M-26APR281215-15,95bd4862-1801-5867-7d52-90d2eb8e3155,1777392014,0.41,10.0,no,"{""count_fp"":""10.00"",""created_time"":""2026-04-28T16:00:14.982706Z"",""no_price_dollars"":""0.5900"",""taker_side"":""no"",""ticker"":""KXBTC15M-26APR281215-15"",""trade_id"":""95bd4862-1801-5867-7d52-90d2eb8e3155"",""yes_price_dollars"":""0.4100""}"
KXBTC15M-26APR281215-15,3911e40b-88d1-5eea-5b69-cc514300a522,1777392014,0.4,17.0,no,"{""count_fp"":""17.00"",""created_time"":""2026-04-28T16:00:14.982706Z"",""no_price_dollars"":""0.6000"",""taker_side"":""no"",""ticker"":""KXBTC15M-26APR281215-15"",""trade_id"":""3911e40b-88d1-5eea-5b69-cc514300a522"",""yes_price_dollars"":""0.4000""}"
KXBTC15M-26APR281215-15,f460051f-9ef4-75b9-6485-4a44e63a37d2,1777392014,0.41,28.83,yes,"{""count_fp"":""28.83"",""created_time"":""2026-04-28T16:00:14.344939Z"",""no_price_dollars"":""0.5900"",""taker_side"":""yes"",""ticker"":""KXBTC15M-26APR281215-15"",""trade_id"":""f460051f-9ef4-75b9-6485-4a44e63a37d2"",""yes_price_dollars"":""0.4100""}"
KXBTC15M-26APR281215-15,f4cc3d04-41bb-6370-308a-7c34c2a3a61a,1777392014,0.41,17.73,yes,"{""count_fp"":""17.73"",""created_time"":""2026-04-28T16:00:14.344516Z"",""no_price_dollars"":""0.5900"",""taker_side"":""yes"",""ticker"":""KXBTC15M-26APR281215-15"",""trade_id"":""f4cc3d04-41bb-6370-308a-7c34c2a3a61a"",""yes_price_dollars"":""0.4100""}"
KXBTC15M-26APR281215-15,f23292c2-1a3d-644d-1a02-bcb5d2060734,1777392014,0.41,15.73,yes,"{""count_fp"":""15.73"",""created_time"":""2026-04-28T16:00:14.344516Z"",""no_price_dollars"":""0.5900"",""taker_side"":""yes"",""ticker"":""KXBTC15M-26APR281215-15"",""trade_id"":""f23292c2-1a3d-644d-1a02-bcb5d2060734"",""yes_price_dollars"":""0.4100""}"
KXBTC15M-26APR281215-15,e6fac116-6a20-62e9-2934-15a4c248b90a,1777392014,0.41,59.81,yes,"{""count_fp"":""59.81"",""created_time"":""2026-04-28T16:00:14.344516Z"",""no_price_dollars"":""0.5900"",""taker_side"":""yes"",""ticker"":""KXBTC15M-26APR281215-15"",""trade_id"":""e6fac116-6a20-62e9-2934-15a4c248b90a"",""yes_price_dollars"":""0.4100""}"
KXBTC15M-26APR281215-15,ca1fa1df-8ca2-669c-098d-5ab83de0a2c3,1777392014,0.41,3.0,yes,"{""count_fp"":""3.00"",""created_time"":""2026-04-28T16:00:14.344516Z"",""no_price_dollars"":""0.5900"",""taker_side"":""yes"",""ticker"":""KXBTC15M-26APR281215-15"",""trade_id"":""ca1fa1df-8ca2-669c-098d-5ab83de0a2c3"",""yes_price_dollars"":""0.4100""}"
KXBTC15M-26APR281215-15,df49bb37-e097-5d90-fc12-a68ee13b9886,1777392014,0.41,77.59,yes,"{""count_fp"":""77.59"",""created_time"":""2026-04-28T16:00:14.343186Z"",""no_price_dollars"":""0.5900"",""taker_side"":""yes"",""ticker"":""KXBTC15M-26APR281215-15"",""trade_id"":""df49bb37-e097-5d90-fc12-a68ee13b9886"",""yes_price_dollars"":""0.4100""}"
KXBTC15M-26APR281215-15,9c85f41e-08f5-77da-0ae1-de8093e9ea12,1777392014,0.4,3.22,no,"{""count_fp"":""3.22"",""created_time"":""2026-04-28T16:00:14.308172Z"",""no_price_dollars"":""0.6000"",""taker_side"":""no"",""ticker"":""KXBTC15M-26APR281215-15"",""trade_id"":""9c85f41e-08f5-77da-0ae1-de8093e9ea12"",""yes_price_dollars"":""0.4000""}"
KXBTC15M-26APR281215-15,0b96cc0c-f131-41ee-3856-0d2b78bc953e,1777392015,0.39,3.15,no,"{""count_fp"":""3.15"",""created_time"":""2026-04-28T16:00:15.924385Z"",""no_price_dollars"":""0.6100"",""taker_side"":""no"",""ticker"":""KXBTC15M-26APR281215-15"",""trade_id"":""0b96cc0c-f131-41ee-3856-0d2b78bc953e"",""yes_price_dollars"":""0.3900""}"
KXBTC15M-26APR281215-15,0685eead-ec79-63e2-5b56-08d4fe39f7f2,1777392015,0.39,31.35,no,"{""count_fp"":""31.35"",""created_time"":""2026-04-28T16:00:15.445054Z"",""no_price_dollars"":""0.6100"",""taker_side"":""no"",""ticker"":""KXBTC15M-26APR281215-15"",""trade_id"":""0685eead-ec79-63e2-5b56-08d4fe39f7f2"",""yes_price_dollars"":""0.3900""}"
KXBTC15M-26APR281215-15,dd16d3af-e011-5502-5b46-a423a8c85ed2,1777392015,0.39,33.97,no,"{""count_fp"":""33.97"",""created_time"":""2026-04-28T16:00:15.399296Z"",""no_price_dollars"":""0.6100"",""taker_side"":""no"",""ticker"":""KXBTC15M-26APR281215-15"",""trade_id"":""dd16d3af-e011-5502-5b46-a423a8c85ed2"",""yes_price_dollars"":""0.3900""}"
KXBTC15M-26APR281215-15,50a1701a-071e-411c-d903-725ef8c1613b,1777392015,0.41,2.23,yes,"{""count_fp"":""2.23"",""created_time"":""2026-04-28T16:00:15.377907Z"",""no_price_dollars"":""0.5900"",""taker_side"":""yes"",""ticker"":""KXBTC15M-26APR281215-15"",""trade_id"":""50a1701a-071e-411c-d903-725ef8c1613b"",""yes_price_dollars"":""0.4100""}"
KXBTC15M-26APR281215-15,b86b843b-f10e-446c-cd71-9b246385efe3,1777392015,0.41,10.0,yes,"{""count_fp"":""10.00"",""created_time"":""2026-04-28T16:00:15.342807Z"",""no_price_dollars"":""0.5900"",""taker_side"":""yes"",""ticker"":""KXBTC15M-26APR281215-15"",""trade_id"":""b86b843b-f10e-446c-cd71-9b246385efe3"",""yes_price_dollars"":""0.4100""}"
KXBTC15M-26APR281215-15,fa7de250-2411-5872-83e0-0091ad9b8cca,1777392015,0.41,40.0,yes,"{""count_fp"":""40.00"",""created_time"":""2026-04-28T16:00:15.157547Z"",""no_price_dollars"":""0.5900"",""taker_side"":""yes"",""ticker"":""KXBTC15M-26APR281215-15"",""trade_id"":""fa7de250-2411-5872-83e0-0091ad9b8cca"",""yes_price_dollars"":""0.4100""}"
KXBTC15M-26APR281215-15,22b7c3cb-a2b6-5774-9448-402c91fff293,1777392015,0.41,18.12,yes,"{""count_fp"":""18.12"",""created_time"":""2026-04-28T16:00:15.157547Z"",""no_price_dollars"":""0.5900"",""taker_side"":""yes"",""ticker"":""KXBTC15M-26APR281215-15"",""trade_id"":""22b7c3cb-a2b6-5774-9448-402c91fff293"",""yes_price_dollars"":""0.4100""}"
KXBTC15M-26APR281215-15,dc812a83-a3e6-5979-0d2c-c7c9fb980986,1777392015,0.41,2.28,yes,"{""count_fp"":""2.28"",""created_time"":""2026-04-28T16:00:15.022036Z"",""no_price_dollars"":""0.5900"",""taker_side"":""yes"",""ticker"":""KXBTC15M-26APR281215-15"",""trade_id"":""dc812a83-a3e6-5979-0d2c-c7c9fb980986"",""yes_price_dollars"":""0.4100""}"
KXBTC15M-26APR281215-15,492d3df0-f761-7aa2-15c9-af83c4f633d2,1777392016,0.39,24.62,no,"{""count_fp"":""24.62"",""created_time"":""2026-04-28T16:00:16.627784Z"",""no_price_dollars"":""0.6100"",""taker_side"":""no"",""ticker"":""KXBTC15M-26APR281215-15"",""trade_id"":""492d3df0-f761-7aa2-15c9-af83c4f633d2"",""yes_price_dollars"":""0.3900""}"
KXBTC15M-26APR281215-15,31783268-e8f8-78bb-2ab9-f7131589e53a,1777392016,0.39,8.0,no,"{""count_fp"":""8.00"",""created_time"":""2026-04-28T16:00:16.627784Z"",""no_price_dollars"":""0.6100"",""taker_side"":""no"",""ticker"":""KXBTC15M-26APR281215-15"",""trade_id"":""31783268-e8f8-78bb-2ab9-f7131589e53a"",""yes_price_dollars"":""0.3900""}"
KXBTC15M-26APR281215-15,22781253-0b77-539e-8008-3a801e125c28,1777392016,0.4,4.57,yes,"{""count_fp"":""4.57"",""created_time"":""2026-04-28T16:00:16.461332Z"",""no_price_dollars"":""0.6000"",""taker_side"":""yes"",""ticker"":""KXBTC15M-26APR281215-15"",""trade_id"":""22781253-0b77-539e-8008-3a801e125c28"",""yes_price_dollars"":""0.4000""}"
KXBTC15M-26APR281215-15,44f5c069-47a9-6852-9769-1d4c248f4f22,1777392016,0.39,4.76,no,"{""count_fp"":""4.76"",""created_time"":""2026-04-28T16:00:16.284381Z"",""no_price_dollars"":""0.6100"",""taker_side"":""no"",""ticker"":""KXBTC15M-26APR281215-15"",""trade_id"":""44f5c069-47a9-6852-9769-1d4c248f4f22"",""yes_price_dollars"":""0.3900""}"
KXBTC15M-26APR281215-15,fbe59a10-69de-5ee8-dc56-c28d1b898813,1777392017,0.4,31.42,no,"{""count_fp"":""31.42"",""created_time"":""2026-04-28T16:00:17.940172Z"",""no_price_dollars"":""0.6000"",""taker_side"":""no"",""ticker"":""KXBTC15M-26APR281215-15"",""trade_id"":""fbe59a10-69de-5ee8-dc56-c28d1b898813"",""yes_price_dollars"":""0.4000""}"
KXBTC15M-26APR281215-15,8456211c-d2a1-7e53-8005-7baf1a206d28,1777392017,0.4,11.0,yes,"{""count_fp"":""11.00"",""created_time"":""2026-04-28T16:00:17.698673Z"",""no_price_dollars"":""0.6000"",""taker_side"":""yes"",""ticker"":""KXBTC15M-26APR281215-15"",""trade_id"":""8456211c-d2a1-7e53-8005-7baf1a206d28"",""yes_price_dollars"":""0.4000""}"
KXBTC15M-26APR281215-15,2c5086ce-9aa4-76a4-a004-3e228f979bbc,1777392017,0.4,10.0,yes,"{""count_fp"":""10.00"",""created_time"":""2026-04-28T16:00:17.698673Z"",""no_price_dollars"":""0.6000"",""taker_side"":""yes"",""ticker"":""KXBTC15M-26APR281215-15"",""trade_id"":""2c5086ce-9aa4-76a4-a004-3e228f979bbc"",""yes_price_dollars"":""0.4000""}"
KXBTC15M-26APR281215-15,3ebd9f1c-e86b-5f72-6f5b-da113132e2ae,1777392017,0.39,3.17,no,"{""count_fp"":""3.17"",""created_time"":""2026-04-28T16:00:17.529736Z"",""no_price_dollars"":""0.6100"",""taker_side"":""no"",""ticker"":""KXBTC15M-26APR281215-15"",""trade_id"":""3ebd9f1c-e86b-5f72-6f5b-da113132e2ae"",""yes_price_dollars"":""0.3900""}"
KXBTC15M-26APR281215-15,d2d83850-9fb4-7ec7-a304-3b53034c8a95,1777392017,0.38,7.65,no,"{""count_fp"":""7.65"",""created_time"":""2026-04-28T16:00:17.470996Z"",""no_price_dollars"":""0.6200"",""taker_side"":""no"",""ticker"":""KXBTC15M-26APR281215-15"",""trade_id"":""d2d83850-9fb4-7ec7-a304-3b53034c8a95"",""yes_price_dollars"":""0.3800""}"
KXBTC15M-26APR281215-15,17470cd3-92fb-45cd-241e-17619475ee15,1777392017,0.39,20.13,yes,"{""count_fp"":""20.13"",""created_time"":""2026-04-28T16:00:17.359147Z"",""no_price_dollars"":""0.6100"",""taker_side"":""yes"",""ticker"":""KXBTC15M-26APR281215-15"",""trade_id"":""17470cd3-92fb-45cd-241e-17619475ee15"",""yes_price_dollars"":""0.3900""}"
KXBTC15M-26APR281215-15,127bce0d-891b-5b65-502c-697fa3a34275,1777392017,0.39,86.68,yes,"{""count_fp"":""86.68"",""created_time"":""2026-04-28T16:00:17.348017Z"",""no_price_dollars"":""0.6100"",""taker_side"":""yes"",""ticker"":""KXBTC15M-26APR281215-15"",""trade_id"":""127bce0d-891b-5b65-502c-697fa3a34275"",""yes_price_dollars"":""0.3900""}"
KXBTC15M-26APR281215-15,0812dd9b-535c-4a14-969f-ce6c7c6a527f,1777392018,0.43,23.44,yes,"{""count_fp"":""23.44"",""created_time"":""2026-04-28T16:00:18.996639Z"",""no_price_dollars"":""0.5700"",""taker_side"":""yes"",""ticker"":""KXBTC15M-26APR281215-15"",""trade_id"":""0812dd9b-535c-4a14-969f-ce6c7c6a527f"",""yes_price_dollars"":""0.4300""}"
KXBTC15M-26APR281215-15,51495bf3-9d3e-4214-5d6f-fc11fc1f0bd2,1777392018,0.41,36.13,no,"{""count_fp"":""36.13"",""created_time"":""2026-04-28T16:00:18.269346Z"",""no_price_dollars"":""0.5900"",""taker_side"":""no"",""ticker"":""KXBTC15M-26APR281215-15"",""trade_id"":""51495bf3-9d3e-4214-5d6f-fc11fc1f0bd2"",""yes_price_dollars"":""0.4100""}"
KXBTC15M-26APR281215-15,62ae68a0-06d0-5205-8c0c-0c66c4b3ff51,1777392018,0.41,15.73,yes,"{""count_fp"":""15.73"",""created_time"":""2026-04-28T16:00:18.223405Z"",""no_price_dollars"":""0.5900"",""taker_side"":""yes"",""ticker"":""KXBTC15M-26APR281215-15"",""trade_id"":""62ae68a0-06d0-5205-8c0c-0c66c4b3ff51"",""yes_price_dollars"":""0.4100""}"
KXBTC15M-26APR281215-15,54825b19-96ce-6e4a-2f0b-84175adcf14e,1777392018,0.41,10.0,yes,"{""count_fp"":""10.00"",""created_time"":""2026-04-28T16:00:18.091634Z"",""no_price_dollars"":""0.5900"",""taker_side"":""yes"",""ticker"":""KXBTC15M-26APR281215-15"",""trade_id"":""54825b19-96ce-6e4a-2f0b-84175adcf14e"",""yes_price_dollars"":""0.4100""}"
KXBTC15M-26APR281215-15,daf65bce-03a1-6515-6e2c-38ada22f0f50,1777392019,0.42,3.93,no,"{""count_fp"":""3.93"",""created_time"":""2026-04-28T16:00:19.875849Z"",""no_price_dollars"":""0.5800"",""taker_side"":""no"",""ticker"":""KXBTC15M-26APR281215-15"",""trade_id"":""daf65bce-03a1-6515-6e2c-38ada22f0f50"",""yes_price_dollars"":""0.4200""}"
KXBTC15M-26APR281215-15,8779f045-0f05-6327-6f09-3e129c1533d0,1777392019,0.42,435.57,no,"{""count_fp"":""435.57"",""created_time"":""2026-04-28T16:00:19.875849Z"",""no_price_dollars"":""0.5800"",""taker_side"":""no"",""ticker"":""KXBTC15M-26APR281215-15"",""trade_id"":""8779f045-0f05-6327-6f09-3e129c1533d0"",""yes_price_dollars"":""0.4200""}"
KXBTC15M-26APR281215-15,71df2734-fb4f-6e1c-59b8-b96249824629,1777392019,0.43,10.0,no,"{""count_fp"":""10.00"",""created_time"":""2026-04-28T16:00:19.875849Z"",""no_price_dollars"":""0.5700"",""taker_side"":""no"",""ticker"":""KXBTC15M-26APR281215-15"",""trade_id"":""71df2734-fb4f-6e1c-59b8-b96249824629"",""yes_price_dollars"":""0.4300""}"
KXBTC15M-26APR281215-15,240226bb-5b5b-6af7-49cc-d55a920b7b54,1777392019,0.43,40.0,no,"{""count_fp"":""40.00"",""created_time"":""2026-04-28T16:00:19.875849Z"",""no_price_dollars"":""0.5700"",""taker_side"":""no"",""ticker"":""KXBTC15M-26APR281215-15"",""trade_id"":""240226bb-5b5b-6af7-49cc-d55a920b7b54"",""yes_price_dollars"":""0.4300""}"
KXBTC15M-26APR281215-15,c4c10136-b2d8-602f-b711-a1889e3513cf,1777392019,0.43,10.0,no,"{""count_fp"":""10.00"",""created_time"":""2026-04-28T16:00:19.532078Z"",""no_price_dollars"":""0.5700"",""taker_side"":""no"",""ticker"":""KXBTC15M-26APR281215-15"",""trade_id"":""c4c10136-b2d8-602f-b711-a1889e3513cf"",""yes_price_dollars"":""0.4300""}"
KXBTC15M-26APR281215-15,c31c53b7-3606-6ef9-8cda-8bcb472b4b30,1777392019,0.43,32.0,no,"{""count_fp"":""32.00"",""created_time"":""2026-04-28T16:00:19.532078Z"",""no_price_dollars"":""0.5700"",""taker_side"":""no"",""ticker"":""KXBTC15M-26APR281215-15"",""trade_id"":""c31c53b7-3606-6ef9-8cda-8bcb472b4b30"",""yes_price_dollars"":""0.4300""}"
KXBTC15M-26APR281215-15,7cf71777-fb00-61f3-9a1f-60f16ffcb51e,1777392019,0.43,4.0,no,"{""count_fp"":""4.00"",""created_time"":""2026-04-28T16:00:19.532078Z"",""no_price_dollars"":""0.5700"",""taker_side"":""no"",""ticker"":""KXBTC15M-26APR281215-15"",""trade_id"":""7cf71777-fb00-61f3-9a1f-60f16ffcb51e"",""yes_price_dollars"":""0.4300""}"
KXBTC15M-26APR281215-15,605c6716-4dc1-6d6d-aa9f-90717c83d630,1777392019,0.42,36.07,no,"{""count_fp"":""36.07"",""created_time"":""2026-04-28T16:00:19.532078Z"",""no_price_dollars"":""0.5800"",""taker_side"":""no"",""ticker"":""KXBTC15M-26APR281215-15"",""trade_id"":""605c6716-4dc1-6d6d-aa9f-90717c83d630"",""yes_price_dollars"":""0.4200""}"
KXBTC15M-26APR281215-15,fe5d2973-ea22-7365-75d3-cfe2c6924504,1777392019,0.43,8.0,no,"{""count_fp"":""8.00"",""created_time"":""2026-04-28T16:00:19.178668Z"",""no_price_dollars"":""0.5700"",""taker_side"":""no"",""ticker"":""KXBTC15M-26APR281215-15"",""trade_id"":""fe5d2973-ea22-7365-75d3-cfe2c6924504"",""yes_price_dollars"":""0.4300""}"
KXBTC15M-26APR281215-15,a10822d5-28e1-70b5-b84a-0cfb148ba8fc,1777392019,0.44,3.0,yes,"{""count_fp"":""3.00"",""created_time"":""2026-04-28T16:00:19.085747Z"",""no_price_dollars"":""0.5600"",""taker_side"":""yes"",""ticker"":""KXBTC15M-26APR281215-15"",""trade_id"":""a10822d5-28e1-70b5-b84a-0cfb148ba8fc"",""yes_price_dollars"":""0.4400""}"
KXBTC15M-26APR281215-15,4bee76f6-e2c4-5244-7d6c-4262a61e8813,1777392019,0.43,53.99,yes,"{""count_fp"":""53.99"",""created_time"":""2026-04-28T16:00:19.008921Z"",""no_price_dollars"":""0.5700"",""taker_side"":""yes"",""ticker"":""KXBTC15M-26APR281215-15"",""trade_id"":""4bee76f6-e2c4-5244-7d6c-4262a61e8813"",""yes_price_dollars"":""0.4300""}"
KXBTC15M-26APR281215-15,83d26024-c9b5-6b15-f622-0989fd2da947,1777392020,0.44,20.0,no,"{""count_fp"":""20.00"",""created_time"":""2026-04-28T16:00:20.892289Z"",""no_price_dollars"":""0.5600"",""taker_side"":""no"",""ticker"":""KXBTC15M-26APR281215-15"",""trade_id"":""83d26024-c9b5-6b15-f622-0989fd2da947"",""yes_price_dollars"":""0.4400""}"
KXBTC15M-26APR281215-15,2e66e210-9999-56d5-b78d-d4778485f5b7,1777392020,0.44,3.24,no,"{""count_fp"":""3.24"",""created_time"":""2026-04-28T16:00:20.565204Z"",""no_price_dollars"":""0.5600"",""taker_side"":""no"",""ticker"":""KXBTC15M-26APR281215-15"",""trade_id"":""2e66e210-9999-56d5-b78d-d4778485f5b7"",""yes_price_dollars"":""0.4400""}"
KXBTC15M-26APR281215-15,dec51d24-8fcb-6723-f5b2-f08683fe8129,1777392020,0.44,3.0,no,"{""count_fp"":""3.00"",""created_time"":""2026-04-28T16:00:20.391295Z"",""no_price_dollars"":""0.5600"",""taker_side"":""no"",""ticker"":""KXBTC15M-26APR281215-15"",""trade_id"":""dec51d24-8fcb-6723-f5b2-f08683fe8129"",""yes_price_dollars"":""0.4400""}"
KXBTC15M-26APR281215-15,8a46399a-72c5-6089-d31f-3b90e0ab26a3,1777392020,0.44,5.37,no,"{""count_fp"":""5.37"",""created_time"":""2026-04-28T16:00:20.391295Z"",""no_price_dollars"":""0.5600"",""taker_side"":""no"",""ticker"":""KXBTC15M-26APR281215-15"",""trade_id"":""8a46399a-72c5-6089-d31f-3b90e0ab26a3"",""yes_price_dollars"":""0.4400""}"
KXBTC15M-26APR281215-15,cee1ebe6-8436-76f4-a824-c76469a927da,1777392020,0.44,22.82,yes,"{""count_fp"":""22.82"",""created_time"":""2026-04-28T16:00:20.204838Z"",""no_price_dollars"":""0.5600"",""taker_side"":""yes"",""ticker"":""KXBTC15M-26APR281215-15"",""trade_id"":""cee1ebe6-8436-76f4-a824-c76469a927da"",""yes_price_dollars"":""0.4400""}"
KXBTC15M-26APR281215-15,002275bd-77a2-6280-a90f-eabd6cff3502,1777392020,0.44,46.13,yes,"{""count_fp"":""46.13"",""created_time"":""2026-04-28T16:00:20.193628Z"",""no_price_dollars"":""0.5600"",""taker_side"":""yes"",""ticker"":""KXBTC15M-26APR281215-15"",""trade_id"":""002275bd-77a2-6280-a90f-eabd6cff3502"",""yes_price_dollars"":""0.4400""}"
KXBTC15M-26APR281215-15,342c3b99-7316-7b2c-89fd-9878720d4026,1777392020,0.44,24.62,yes,"{""count_fp"":""24.62"",""created_time"":""2026-04-28T16:00:20.184948Z"",""no_price_dollars"":""0.5600"",""taker_side"":""yes"",""ticker"":""KXBTC15M-26APR281215-15"",""trade_id"":""342c3b99-7316-7b2c-89fd-9878720d4026"",""yes_price_dollars"":""0.4400""}"
KXBTC15M-26APR281215-15,24674a7a-ee93-5e89-184e-9ab09bf20370,1777392021,0.44,3.46,no,"{""count_fp"":""3.46"",""created_time"":""2026-04-28T16:00:21.989162Z"",""no_price_dollars"":""0.5600"",""taker_side"":""no"",""ticker"":""KXBTC15M-26APR281215-15"",""trade_id"":""24674a7a-ee93-5e89-184e-9ab09bf20370"",""yes_price_dollars"":""0.4400""}"
KXBTC15M-26APR281215-15,7d82e1b1-271b-6ee5-122e-de5eaeb0dc0c,1777392021,0.44,1.73,no,"{""count_fp"":""1.73"",""created_time"":""2026-04-28T16:00:21.919046Z"",""no_price_dollars"":""0.5600"",""taker_side"":""no"",""ticker"":""KXBTC15M-26APR281215-15"",""trade_id"":""7d82e1b1-271b-6ee5-122e-de5eaeb0dc0c"",""yes_price_dollars"":""0.4400""}"
KXBTC15M-26APR281215-15,db3aa3bb-7150-4da2-e150-87830060831c,1777392021,0.45,18.46,yes,"{""count_fp"":""18.46"",""created_time"":""2026-04-28T16:00:21.856594Z"",""no_price_dollars"":""0.5500"",""taker_side"":""yes"",""ticker"":""KXBTC15M-26APR281215-15"",""trade_id"":""db3aa3bb-7150-4da2-e150-87830060831c"",""yes_price_dollars"":""0.4500""}"
KXBTC15M-26APR281215-15,7611b8fa-25bd-48f5-d077-309cc5b5d8a2,1777392021,0.45,4.0,yes,"{""count_fp"":""4.00"",""created_time"":""2026-04-28T16:00:21.856594Z"",""no_price_dollars"":""0.5500"",""taker_side"":""yes"",""ticker"":""KXBTC15M-26APR281215-15"",""trade_id"":""7611b8fa-25bd-48f5-d077-309cc5b5d8a2"",""yes_price_dollars"":""0.4500""}"
KXBTC15M-26APR281215-15,50e38857-5191-6ebd-2fc1-2d05c1fdcdb7,1777392021,0.44,6.39,no,"{""count_fp"":""6.39"",""created_time"":""2026-04-28T16:00:21.263685Z"",""no_price_dollars"":""0.5600"",""taker_side"":""no"",""ticker"":""KXBTC15M-26APR281215-15"",""trade_id"":""50e38857-5191-6ebd-2fc1-2d05c1fdcdb7"",""yes_price_dollars"":""0.4400""}"
KXBTC15M-26APR281215-15,2f195cf0-ee4f-648d-0b46-67ad924ce28c,1777392021,0.44,10.64,no,"{""count_fp"":""10.64"",""created_time"":""2026-04-28T16:00:21.263685Z"",""no_price_dollars"":""0.5600"",""taker_side"":""no"",""ticker"":""KXBTC15M-26APR281215-15"",""trade_id"":""2f195cf0-ee4f-648d-0b46-67ad924ce28c"",""yes_price_dollars"":""0.4400""}"
KXBTC15M-26APR281215-15,ddbd4021-9f4d-4ac1-fc0c-6daa549e0687,1777392021,0.44,5.0,no,"{""count_fp"":""5.00"",""created_time"":""2026-04-28T16:00:21.089717Z"",""no_price_dollars"":""0.5600"",""taker_side"":""no"",""ticker"":""KXBTC15M-26APR281215-15"",""trade_id"":""ddbd4021-9f4d-4ac1-fc0c-6daa549e0687"",""yes_price_dollars"":""0.4400""}"
KXBTC15M-26APR281215-15,88917b93-6328-68df-4d1b-c516fe1a8aa0,1777392022,0.46,3.0,yes,"{""count_fp"":""3.00"",""created_time"":""2026-04-28T16:00:22.888959Z"",""no_price_dollars"":""0.5400"",""taker_side"":""yes"",""ticker"":""KXBTC15M-26APR281215-15"",""trade_id"":""88917b93-6328-68df-4d1b-c516fe1a8aa0"",""yes_price_dollars"":""0.4600""}"
KXBTC15M-26APR281215-15,440996ab-2059-6be0-4dbe-14ec735d7913,1777392022,0.46,3.0,yes,"{""count_fp"":""3.00"",""created_time"":""2026-04-28T16:00:22.888959Z"",""no_price_dollars"":""0.5400"",""taker_side"":""yes"",""ticker"":""KXBTC15M-26APR281215-15"",""trade_id"":""440996ab-2059-6be0-4dbe-14ec735d7913"",""yes_price_dollars"":""0.4600""}"
KXBTC15M-26APR281215-15,6a05360e-90b8-59cc-ab81-d388c070fc0c,1777392022,0.46,20.96,yes,"{""count_fp"":""20.96"",""created_time"":""2026-04-28T16:00:22.441945Z"",""no_price_dollars"":""0.5400"",""taker_side"":""yes"",""ticker"":""KXBTC15M-26APR281215-15"",""trade_id"":""6a05360e-90b8-59cc-ab81-d388c070fc0c"",""yes_price_dollars"":""0.4600""}"
KXBTC15M-26APR281215-15,79dd49f9-aa34-7e76-e508-63342c022a67,1777392023,0.45,1.76,no,"{""count_fp"":""1.76"",""created_time"":""2026-04-28T16:00:23.890844Z"",""no_price_dollars"":""0.5500"",""taker_side"":""no"",""ticker"":""KXBTC15M-26APR281215-15"",""trade_id"":""79dd49f9-aa34-7e76-e508-63342c022a67"",""yes_price_dollars"":""0.4500""}"
KXBTC15M-26APR281215-15,5b55f097-f5c1-5e7a-68a9-cfc4553e3e3c,1777392024,0.44,117.8,no,"{""count_fp"":""117.80"",""created_time"":""2026-04-28T16:00:24.883305Z"",""no_price_dollars"":""0.5600"",""taker_side"":""no"",""ticker"":""KXBTC15M-26APR281215-15"",""trade_id"":""5b55f097-f5c1-5e7a-68a9-cfc4553e3e3c"",""yes_price_dollars"":""0.4400""}"
KXBTC15M-26APR281215-15,df319d58-d10f-5e7a-f07a-1ad6e41cae0f,1777392024,0.46,32.63,yes,"{""count_fp"":""32.63"",""created_time"":""2026-04-28T16:00:24.612259Z"",""no_price_dollars"":""0.5400"",""taker_side"":""yes"",""ticker"":""KXBTC15M-26APR281215-15"",""trade_id"":""df319d58-d10f-5e7a-f07a-1ad6e41cae0f"",""yes_price_dollars"":""0.4600""}"
KXBTC15M-26APR281215-15,ce5f2635-33b0-58b2-e7dd-50eab5eb9d18,1777392024,0.45,100.0,yes,"{""count_fp"":""100.00"",""created_time"":""2026-04-28T16:00:24.612259Z"",""no_price_dollars"":""0.5500"",""taker_side"":""yes"",""ticker"":""KXBTC15M-26APR281215-15"",""trade_id"":""ce5f2635-33b0-58b2-e7dd-50eab5eb9d18"",""yes_price_dollars"":""0.4500""}"
KXBTC15M-26APR281215-15,03afd249-1d3b-5e38-f3aa-d986d49437e9,1777392024,0.45,14.0,yes,"{""count_fp"":""14.00"",""created_time"":""2026-04-28T16:00:24.612259Z"",""no_price_dollars"":""0.5500"",""taker_side"":""yes"",""ticker"":""KXBTC15M-26APR281215-15"",""trade_id"":""03afd249-1d3b-5e38-f3aa-d986d49437e9"",""yes_price_dollars"":""0.4500""}"
KXBTC15M-26APR281215-15,e96ade9c-aaaf-4cde-0786-40a7e295e533,1777392024,0.46,2.08,yes,"{""count_fp"":""2.08"",""created_time"":""2026-04-28T16:00:24.249195Z"",""no_price_dollars"":""0.5400"",""taker_side"":""yes"",""ticker"":""KXBTC15M-26APR281215-15"",""trade_id"":""e96ade9c-aaaf-4cde-0786-40a7e295e533"",""yes_price_dollars"":""0.4600""}"
KXBTC15M-26APR281215-15,fdef2ac5-df41-6251-6592-14c66e07d0c4,1777392024,0.45,1.0,no,"{""count_fp"":""1.00"",""created_time"":""2026-04-28T16:00:24.217478Z"",""no_price_dollars"":""0.5500"",""taker_side"":""no"",""ticker"":""KXBTC15M-26APR281215-15"",""trade_id"":""fdef2ac5-df41-6251-6592-14c66e07d0c4"",""yes_price_dollars"":""0.4500""}"
KXBTC15M-26APR281215-15,c2571311-b79c-6f25-59b2-c798ba771177,1777392024,0.45,14.0,no,"{""count_fp"":""14.00"",""created_time"":""2026-04-28T16:00:24.217478Z"",""no_price_dollars"":""0.5500"",""taker_side"":""no"",""ticker"":""KXBTC15M-26APR281215-15"",""trade_id"":""c2571311-b79c-6f25-59b2-c798ba771177"",""yes_price_dollars"":""0.4500""}"
KXBTC15M-26APR281215-15,b58a8d2a-2771-6b0a-5914-8e9b814f4934,1777392024,0.44,0.97,no,"{""count_fp"":""0.97"",""created_time"":""2026-04-28T16:00:24.217478Z"",""no_price_dollars"":""0.5600"",""taker_side"":""no"",""ticker"":""KXBTC15M-26APR281215-15"",""trade_id"":""b58a8d2a-2771-6b0a-5914-8e9b814f4934"",""yes_price_dollars"":""0.4400""}"
KXBTC15M-26APR281215-15,494b8d2f-bb7f-66d1-400b-91be5987829c,1777392024,0.45,37.57,no,"{""count_fp"":""37.57"",""created_time"":""2026-04-28T16:00:24.217478Z"",""no_price_dollars"":""0.5500"",""taker_side"":""no"",""ticker"":""KXBTC15M-26APR281215-15"",""trade_id"":""494b8d2f-bb7f-66d1-400b-91be5987829c"",""yes_price_dollars"":""0.4500""}"
KXBTC15M-26APR281215-15,1b030714-c757-4a5e-dcb6-dd8024f0d61b,1777392024,0.46,2.09,yes,"{""count_fp"":""2.09"",""created_time"":""2026-04-28T16:00:24.193421Z"",""no_price_dollars"":""0.5400"",""taker_side"":""yes"",""ticker"":""KXBTC15M-26APR281215-15"",""trade_id"":""1b030714-c757-4a5e-dcb6-dd8024f0d61b"",""yes_price_dollars"":""0.4600""}"
KXBTC15M-26APR281215-15,d05ee092-ef53-652d-4ee7-e31579f6c394,1777392024,0.45,4.67,no,"{""count_fp"":""4.67"",""created_time"":""2026-04-28T16:00:24.103168Z"",""no_price_dollars"":""0.5500"",""taker_side"":""no"",""ticker"":""KXBTC15M-26APR281215-15"",""trade_id"":""d05ee092-ef53-652d-4ee7-e31579f6c394"",""yes_price_dollars"":""0.4500""}"
KXBTC15M-26APR281215-15,948b5254-25e6-69d1-4d1d-2616f9392a0a,1777392024,0.45,20.0,no,"{""count_fp"":""20.00"",""created_time"":""2026-04-28T16:00:24.103168Z"",""no_price_dollars"":""0.5500"",""taker_side"":""no"",""ticker"":""KXBTC15M-26APR281215-15"",""trade_id"":""948b5254-25e6-69d1-4d1d-2616f9392a0a"",""yes_price_dollars"":""0.4500""}"
KXBTC15M-26APR281215-15,8a4a52e6-ef57-69c1-6669-ed41bc629f14,1777392024,0.45,9.63,no,"{""count_fp"":""9.63"",""created_time"":""2026-04-28T16:00:24.103168Z"",""no_price_dollars"":""0.5500"",""taker_side"":""no"",""ticker"":""KXBTC15M-26APR281215-15"",""trade_id"":""8a4a52e6-ef57-69c1-6669-ed41bc629f14"",""yes_price_dollars"":""0.4500""}"
KXBTC15M-26APR281215-15,c0887c08-8ff0-7dc0-bcd1-39a50d90fda7,1777392024,0.45,14.0,no,"{""count_fp"":""14.00"",""created_time"":""2026-04-28T16:00:24.101116Z"",""no_price_dollars"":""0.5500"",""taker_side"":""no"",""ticker"":""KXBTC15M-26APR281215-15"",""trade_id"":""c0887c08-8ff0-7dc0-bcd1-39a50d90fda7"",""yes_price_dollars"":""0.4500""}"
KXBTC15M-26APR281215-15,a11b4f39-bb23-70ed-8976-ccb5a9c1a9ac,1777392024,0.45,0.37,no,"{""count_fp"":""0.37"",""created_time"":""2026-04-28T16:00:24.101116Z"",""no_price_dollars"":""0.5500"",""taker_side"":""no"",""ticker"":""KXBTC15M-26APR281215-15"",""trade_id"":""a11b4f39-bb23-70ed-8976-ccb5a9c1a9ac"",""yes_price_dollars"":""0.4500""}"
KXBTC15M-26APR281215-15,1e77f372-ebf8-74fe-97ad-35031edf4f7b,1777392024,0.45,38.24,no,"{""count_fp"":""38.24"",""created_time"":""2026-04-28T16:00:24.101116Z"",""no_price_dollars"":""0.5500"",""taker_side"":""no"",""ticker"":""KXBTC15M-26APR281215-15"",""trade_id"":""1e77f372-ebf8-74fe-97ad-35031edf4f7b"",""yes_price_dollars"":""0.4500""}"
KXBTC15M-26APR281215-15,7b85c542-0e78-742e-0cbe-c1839177e808,1777392025,0.44,29.9,no,"{""count_fp"":""29.90"",""created_time"":""2026-04-28T16:00:25.908832Z"",""no_price_dollars"":""0.5600"",""taker_side"":""no"",""ticker"":""KXBTC15M-26APR281215-15"",""trade_id"":""7b85c542-0e78-742e-0cbe-c1839177e808"",""yes_price_dollars"":""0.4400""}"
KXBTC15M-26APR281215-15,7aabdb6c-b299-71ad-16b6-0978a5c83f6a,1777392025,0.44,1.67,no,"{""count_fp"":""1.67"",""created_time"":""2026-04-28T16:00:25.908832Z"",""no_price_dollars"":""0.5600"",""taker_side"":""no"",""ticker"":""KXBTC15M-26APR281215-15"",""trade_id"":""7aabdb6c-b299-71ad-16b6-0978a5c83f6a"",""yes_price_dollars"":""0.4400""}"
KXBTC15M-26APR281215-15,fc97002d-0a0d-6374-b168-0c608afe079d,1777392025,0.45,20.94,yes,"{""count_fp"":""20.94"",""created_time"":""2026-04-28T16:00:25.890266Z"",""no_price_dollars"":""0.5500"",""taker_side"":""yes"",""ticker"":""KXBTC15M-26APR281215-15"",""trade_id"":""fc97002d-0a0d-6374-b168-0c608afe079d"",""yes_price_dollars"":""0.4500""}"
KXBTC15M-26APR281215-15,8c6bc737-a431-59b8-df0b-ee266608b8d5,1777392025,0.45,3.0,yes,"{""count_fp"":""3.00"",""created_time"":""2026-04-28T16:00:25.740514Z"",""no_price_dollars"":""0.5500"",""taker_side"":""yes"",""ticker"":""KXBTC15M-26APR281215-15"",""trade_id"":""8c6bc737-a431-59b8-df0b-ee266608b8d5"",""yes_price_dollars"":""0.4500""}"
KXBTC15M-26APR281215-15,072b808b-064d-76dc-b194-71a3105682a5,1777392025,0.45,10.69,yes,"{""count_fp"":""10.69"",""created_time"":""2026-04-28T16:00:25.525921Z"",""no_price_dollars"":""0.5500"",""taker_side"":""yes"",""ticker"":""KXBTC15M-26APR281215-15"",""trade_id"":""072b808b-064d-76dc-b194-71a3105682a5"",""yes_price_dollars"":""0.4500""}"
KXBTC15M-26APR281215-15,71d9f2c4-50fe-539d-a4c2-c4e6045b331c,1777392025,0.44,9.26,no,"{""count_fp"":""9.26"",""created_time"":""2026-04-28T16:00:25.358918Z"",""no_price_dollars"":""0.5600"",""taker_side"":""no"",""ticker"":""KXBTC15M-26APR281215-15"",""trade_id"":""71d9f2c4-50fe-539d-a4c2-c4e6045b331c"",""yes_price_dollars"":""0.4400""}"
KXBTC15M-26APR281215-15,a50a9d36-ce82-5e21-7f08-eb591856e224,1777392025,0.44,2.17,no,"{""count_fp"":""2.17"",""created_time"":""2026-04-28T16:00:25.349401Z"",""no_price_dollars"":""0.5600"",""taker_side"":""no"",""ticker"":""KXBTC15M-26APR281215-15"",""trade_id"":""a50a9d36-ce82-5e21-7f08-eb591856e224"",""yes_price_dollars"":""0.4400""}"
KXBTC15M-26APR281215-15,a32a435d-dcd8-5165-6fbf-5b6cf0cbf0ec,1777392025,0.44,3.0,no,"{""count_fp"":""3.00"",""created_time"":""2026-04-28T16:00:25.349401Z"",""no_price_dollars"":""0.5600"",""taker_side"":""no"",""ticker"":""KXBTC15M-26APR281215-15"",""trade_id"":""a32a435d-dcd8-5165-6fbf-5b6cf0cbf0ec"",""yes_price_dollars"":""0.4400""}"
KXBTC15M-26APR281215-15,372e13d3-e7f6-485d-f620-3eaf7f5e3905,1777392026,0.43,216.12,yes,"{""count_fp"":""216.12"",""created_time"":""2026-04-28T16:00:26.743857Z"",""no_price_dollars"":""0.5700"",""taker_side"":""yes"",""ticker"":""KXBTC15M-26APR281215-15"",""trade_id"":""372e13d3-e7f6-485d-f620-3eaf7f5e3905"",""yes_price_dollars"":""0.4300""}"
KXBTC15M-26APR281215-15,cb9bd90a-9946-7d5a-c70f-435c2f5e9ae9,1777392026,0.43,3.67,yes,"{""count_fp"":""3.67"",""created_time"":""2026-04-28T16:00:26.715124Z"",""no_price_dollars"":""0.5700"",""taker_side"":""yes"",""ticker"":""KXBTC15M-26APR281215-15"",""trade_id"":""cb9bd90a-9946-7d5a-c70f-435c2f5e9ae9"",""yes_price_dollars"":""0.4300""}"
KXBTC15M-26APR281215-15,61efbc02-eae6-71c5-d714-1f414e9c7651,1777392026,0.43,1.33,yes,"{""count_fp"":""1.33"",""created_time"":""2026-04-28T16:00:26.715124Z"",""no_price_dollars"":""0.5700"",""taker_side"":""yes"",""ticker"":""KXBTC15M-26APR281215-15"",""trade_id"":""61efbc02-eae6-71c5-d714-1f414e9c7651"",""yes_price_dollars"":""0.4300""}"
KXBTC15M-26APR281215-15,a743ef09-03a6-506e-c23b-f478bb8f18cd,1777392026,0.43,4.27,yes,"{""count_fp"":""4.27"",""created_time"":""2026-04-28T16:00:26.627965Z"",""no_price_dollars"":""0.5700"",""taker_side"":""yes"",""ticker"":""KXBTC15M-26APR281215-15"",""trade_id"":""a743ef09-03a6-506e-c23b-f478bb8f18cd"",""yes_price_dollars"":""0.4300""}"
KXBTC15M-26APR281215-15,f6671aaa-97af-7db2-d05c-a8056887eac2,1777392026,0.42,3.0,no,"{""count_fp"":""3.00"",""created_time"":""2026-04-28T16:00:26.316098Z"",""no_price_dollars"":""0.5800"",""taker_side"":""no"",""ticker"":""KXBTC15M-26APR281215-15"",""trade_id"":""f6671aaa-97af-7db2-d05c-a8056887eac2"",""yes_price_dollars"":""0.4200""}"
KXBTC15M-26APR281215-15,a984452e-8a2d-7beb-f9a0-89acecc8b9a4,1777392026,0.42,15.04,no,"{""count_fp"":""15.04"",""created_time"":""2026-04-28T16:00:26.316098Z"",""no_price_dollars"":""0.5800"",""taker_side"":""no"",""ticker"":""KXBTC15M-26APR281215-15"",""trade_id"":""a984452e-8a2d-7beb-f9a0-89acecc8b9a4"",""yes_price_dollars"":""0.4200""}"
KXBTC15M-26APR281215-15,67c66a8e-f9d5-7479-ca8f-b071e9eedca5,1777392026,0.42,4.0,no,"{""count_fp"":""4.00"",""created_time"":""2026-04-28T16:00:26.316098Z"",""no_price_dollars"":""0.5800"",""taker_side"":""no"",""ticker"":""KXBTC15M-26APR281215-15"",""trade_id"":""67c66a8e-f9d5-7479-ca8f-b071e9eedca5"",""yes_price_dollars"":""0.4200""}"
KXBTC15M-26APR281215-15,6ef1940c-b4ae-5336-a56f-54534c23fcad,1777392026,0.43,10.69,yes,"{""count_fp"":""10.69"",""created_time"":""2026-04-28T16:00:26.309278Z"",""no_price_dollars"":""0.5700"",""taker_side"":""yes"",""ticker"":""KXBTC15M-26APR281215-15"",""trade_id"":""6ef1940c-b4ae-5336-a56f-54534c23fcad"",""yes_price_dollars"":""0.4300""}"
KXBTC15M-26APR281215-15,1f5a776b-1672-7962-2f51-4c1deaa031cd,1777392026,0.43,21.37,yes,"{""count_fp"":""21.37"",""created_time"":""2026-04-28T16:00:26.291438Z"",""no_price_dollars"":""0.5700"",""taker_side"":""yes"",""ticker"":""KXBTC15M-26APR281215-15"",""trade_id"":""1f5a776b-1672-7962-2f51-4c1deaa031cd"",""yes_price_dollars"":""0.4300""}"
KXBTC15M-26APR281215-15,b8525f7c-dbf4-7f77-c092-75f5a089214b,1777392026,0.44,4.27,yes,"{""count_fp"":""4.27"",""created_time"":""2026-04-28T16:00:26.250636Z"",""no_price_dollars"":""0.5600"",""taker_side"":""yes"",""ticker"":""KXBTC15M-26APR281215-15"",""trade_id"":""b8525f7c-dbf4-7f77-c092-75f5a089214b"",""yes_price_dollars"":""0.4400""}"
KXBTC15M-26APR281215-15,cf28940c-5056-466b-3b8a-6da109955ecf,1777392026,0.44,0.26,no,"{""count_fp"":""0.26"",""created_time"":""2026-04-28T16:00:26.029298Z"",""no_price_dollars"":""0.5600"",""taker_side"":""no"",""ticker"":""KXBTC15M-26APR281215-15"",""trade_id"":""cf28940c-5056-466b-3b8a-6da109955ecf"",""yes_price_dollars"":""0.4400""}"
KXBTC15M-26APR281215-15,88c918b0-e2be-416d-163e-e6f458e788ff,1777392026,0.44,20.0,no,"{""count_fp"":""20.00"",""created_time"":""2026-04-28T16:00:26.029298Z"",""no_price_dollars"":""0.5600"",""taker_side"":""no"",""ticker"":""KXBTC15M-26APR281215-15"",""trade_id"":""88c918b0-e2be-416d-163e-e6f458e788ff"",""yes_price_dollars"":""0.4400""}"
KXBTC15M-26APR281215-15,6b7e4ea5-b9ae-56e3-c46d-ab584ea88b2b,1777392026,0.44,7.74,no,"{""count_fp"":""7.74"",""created_time"":""2026-04-28T16:00:26.017471Z"",""no_price_dollars"":""0.5600"",""taker_side"":""no"",""ticker"":""KXBTC15M-26APR281215-15"",""trade_id"":""6b7e4ea5-b9ae-56e3-c46d-ab584ea88b2b"",""yes_price_dollars"":""0.4400""}"
KXBTC15M-26APR281215-15,3e759343-8595-593d-f11e-8d4badbf6cea,1777392026,0.44,18.33,no,"{""count_fp"":""18.33"",""created_time"":""2026-04-28T16:00:26.017471Z"",""no_price_dollars"":""0.5600"",""taker_side"":""no"",""ticker"":""KXBTC15M-26APR281215-15"",""trade_id"":""3e759343-8595-593d-f11e-8d4badbf6cea"",""yes_price_dollars"":""0.4400""}"
KXBTC15M-26APR281215-15,869ab81f-6761-529e-2958-aef6eeca165c,1777392027,0.45,10.69,yes,"{""count_fp"":""10.69"",""created_time"":""2026-04-28T16:00:27.418128Z"",""no_price_dollars"":""0.5500"",""taker_side"":""yes"",""ticker"":""KXBTC15M-26APR281215-15"",""trade_id"":""869ab81f-6761-529e-2958-aef6eeca165c"",""yes_price_dollars"":""0.4500""}"
KXBTC15M-26APR281215-15,1153ce0b-f950-5c6f-85ed-05355d90df21,1777392027,0.45,30.54,yes,"{""count_fp"":""30.54"",""created_time"":""2026-04-28T16:00:27.394577Z"",""no_price_dollars"":""0.5500"",""taker_side"":""yes"",""ticker"":""KXBTC15M-26APR281215-15"",""trade_id"":""1153ce0b-f950-5c6f-85ed-05355d90df21"",""yes_price_dollars"":""0.4500""}"
KXBTC15M-26APR281215-15,a10ff0d2-3a59-5ad3-5de0-97bd89de2e5f,1777392027,0.45,10.19,yes,"{""count_fp"":""10.19"",""created_time"":""2026-04-28T16:00:27.234683Z"",""no_price_dollars"":""0.5500"",""taker_side"":""yes"",""ticker"":""KXBTC15M-26APR281215-15"",""trade_id"":""a10ff0d2-3a59-5ad3-5de0-97bd89de2e5f"",""yes_price_dollars"":""0.4500""}"
KXBTC15M-26APR281215-15,72ff0bf3-e3e3-5e37-4aaf-a2993a94f475,1777392027,0.45,9.0,yes,"{""count_fp"":""9.00"",""created_time"":""2026-04-28T16:00:27.234683Z"",""no_price_dollars"":""0.5500"",""taker_side"":""yes"",""ticker"":""KXBTC15M-26APR281215-15"",""trade_id"":""72ff0bf3-e3e3-5e37-4aaf-a2993a94f475"",""yes_price_dollars"":""0.4500""}"
KXBTC15M-26APR281215-15,3d32e309-2fd1-5754-6c69-9819c808a3f8,1777392027,0.45,23.6,yes,"{""count_fp"":""23.60"",""created_time"":""2026-04-28T16:00:27.234683Z"",""no_price_dollars"":""0.5500"",""taker_side"":""yes"",""ticker"":""KXBTC15M-26APR281215-15"",""trade_id"":""3d32e309-2fd1-5754-6c69-9819c808a3f8"",""yes_price_dollars"":""0.4500""}"
KXBTC15M-26APR281215-15,ab486c15-e9e9-610f-eb50-2e5f8dbbddd3,1777392027,0.45,27.81,yes,"{""count_fp"":""27.81"",""created_time"":""2026-04-28T16:00:27.207236Z"",""no_price_dollars"":""0.5500"",""taker_side"":""yes"",""ticker"":""KXBTC15M-26APR281215-15"",""trade_id"":""ab486c15-e9e9-610f-eb50-2e5f8dbbddd3"",""yes_price_dollars"":""0.4500""}"
KXBTC15M-26APR281215-15,3bb9fc66-9e3f-7404-aa79-edeb490639b0,1777392028,0.45,2.8,no,"{""count_fp"":""2.80"",""created_time"":""2026-04-28T16:00:28.470948Z"",""no_price_dollars"":""0.5500"",""taker_side"":""no"",""ticker"":""KXBTC15M-26APR281215-15"",""trade_id"":""3bb9fc66-9e3f-7404-aa79-edeb490639b0"",""yes_price_dollars"":""0.4500""}"
KXBTC15M-26APR281215-15,4f03a25c-0d67-6ebd-74fa-3ac53daab02b,1777392028,0.46,3.0,yes,"{""count_fp"":""3.00"",""created_time"":""2026-04-28T16:00:28.322169Z"",""no_price_dollars"":""0.5400"",""taker_side"":""yes"",""ticker"":""KXBTC15M-26APR281215-15"",""trade_id"":""4f03a25c-0d67-6ebd-74fa-3ac53daab02b"",""yes_price_dollars"":""0.4600""}"
KXBTC15M-26APR281215-15,41ffa09d-b129-613f-7bdf-c451a8fc2eb2,1777392028,0.46,20.0,yes,"{""count_fp"":""20.00"",""created_time"":""2026-04-28T16:00:28.322169Z"",""no_price_dollars"":""0.5400"",""taker_side"":""yes"",""ticker"":""KXBTC15M-26APR281215-15"",""trade_id"":""41ffa09d-b129-613f-7bdf-c451a8fc2eb2"",""yes_price_dollars"":""0.4600""}"
KXBTC15M-26APR281215-15,4077e29e-decc-68a0-5011-ade0c3515c6f,1777392028,0.46,71.0,yes,"{""count_fp"":""71.00"",""created_time"":""2026-04-28T16:00:28.322169Z"",""no_price_dollars"":""0.5400"",""taker_side"":""yes"",""ticker"":""KXBTC15M-26APR281215-15"",""trade_id"":""4077e29e-decc-68a0-5011-ade0c3515c6f"",""yes_price_dollars"":""0.4600""}"
KXBTC15M-26APR281215-15,1106d2ad-33ba-6518-5cb1-2cb4522a2446,1777392028,0.46,56.0,yes,"{""count_fp"":""56.00"",""created_time"":""2026-04-28T16:00:28.322169Z"",""no_price_dollars"":""0.5400"",""taker_side"":""yes"",""ticker"":""KXBTC15M-26APR281215-15"",""trade_id"":""1106d2ad-33ba-6518-5cb1-2cb4522a2446"",""yes_price_dollars"":""0.4600""}"
KXBTC15M-26APR281215-15,e629bf44-a13f-41f4-de90-39074cdbee4d,1777392029,0.45,10.0,no,"{""count_fp"":""10.00"",""created_time"":""2026-04-28T16:00:29.905577Z"",""no_price_dollars"":""0.5500"",""taker_side"":""no"",""ticker"":""KXBTC15M-26APR281215-15"",""trade_id"":""e629bf44-a13f-41f4-de90-39074cdbee4d"",""yes_price_dollars"":""0.4500""}"
KXBTC15M-26APR281215-15,9455f159-7caf-441c-c94b-9576da377b8e,1777392029,0.44,30.97,no,"{""count_fp"":""30.97"",""created_time"":""2026-04-28T16:00:29.905577Z"",""no_price_dollars"":""0.5600"",""taker_side"":""no"",""ticker"":""KXBTC15M-26APR281215-15"",""trade_id"":""9455f159-7caf-441c-c94b-9576da377b8e"",""yes_price_dollars"":""0.4400""}"
KXBTC15M-26APR281215-15,5796c4f8-36a7-44c5-ee52-baabde278ad7,1777392029,0.45,10.0,no,"{""count_fp"":""10.00"",""created_time"":""2026-04-28T16:00:29.905577Z"",""no_price_dollars"":""0.5500"",""taker_side"":""no"",""ticker"":""KXBTC15M-26APR281215-15"",""trade_id"":""5796c4f8-36a7-44c5-ee52-baabde278ad7"",""yes_price_dollars"":""0.4500""}"
KXBTC15M-26APR281215-15,093e415a-ff35-4dd7-c5a1-05f0175789c8,1777392029,0.45,1.0,no,"{""count_fp"":""1.00"",""created_time"":""2026-04-28T16:00:29.905577Z"",""no_price_dollars"":""0.5500"",""taker_side"":""no"",""ticker"":""KXBTC15M-26APR281215-15"",""trade_id"":""093e415a-ff35-4dd7-c5a1-05f0175789c8"",""yes_price_dollars"":""0.4500""}"
KXBTC15M-26APR281215-15,9934c451-9328-6d2c-51fb-10ccebfeb1eb,1777392029,0.46,104.14,yes,"{""count_fp"":""104.14"",""created_time"":""2026-04-28T16:00:29.377685Z"",""no_price_dollars"":""0.5400"",""taker_side"":""yes"",""ticker"":""KXBTC15M-26APR281215-15"",""trade_id"":""9934c451-9328-6d2c-51fb-10ccebfeb1eb"",""yes_price_dollars"":""0.4600""}"
KXBTC15M-26APR281215-15,43eb0ed9-96a6-7d1f-ac2d-eaa9eec06ef0,1777392030,0.44,22.6,no,"{""count_fp"":""22.60"",""created_time"":""2026-04-28T16:00:30.709644Z"",""no_price_dollars"":""0.5600"",""taker_side"":""no"",""ticker"":""KXBTC15M-26APR281215-15"",""trade_id"":""43eb0ed9-96a6-7d1f-ac2d-eaa9eec06ef0"",""yes_price_dollars"":""0.4400""}"
KXBTC15M-26APR281215-15,1bec3a75-8e88-7250-b2a4-17eda4d1d73f,1777392030,0.44,1.65,no,"{""count_fp"":""1.65"",""created_time"":""2026-04-28T16:00:30.709644Z"",""no_price_dollars"":""0.5600"",""taker_side"":""no"",""ticker"":""KXBTC15M-26APR281215-15"",""trade_id"":""1bec3a75-8e88-7250-b2a4-17eda4d1d73f"",""yes_price_dollars"":""0.4400""}"
KXBTC15M-26APR281215-15,03dbbc12-e486-46a7-1370-cb9361e26a48,1777392030,0.44,1.0,no,"{""count_fp"":""1.00"",""created_time"":""2026-04-28T16:00:30.665762Z"",""no_price_dollars"":""0.5600"",""taker_side"":""no"",""ticker"":""KXBTC15M-26APR281215-15"",""trade_id"":""03dbbc12-e486-46a7-1370-cb9361e26a48"",""yes_price_dollars"":""0.4400""}"
KXBTC15M-26APR281215-15,bd703b49-6a00-44d0-6b8e-5369d5ab7c05,1777392030,0.45,12.83,yes,"{""count_fp"":""12.83"",""created_time"":""2026-04-28T16:00:30.571586Z"",""no_price_dollars"":""0.5500"",""taker_side"":""yes"",""ticker"":""KXBTC15M-26APR281215-15"",""trade_id"":""bd703b49-6a00-44d0-6b8e-5369d5ab7c05"",""yes_price_dollars"":""0.4500""}"
KXBTC15M-26APR281215-15,38473382-9e9e-4790-73de-90866dc0bf35,1777392030,0.45,8.11,yes,"{""count_fp"":""8.11"",""created_time"":""2026-04-28T16:00:30.571586Z"",""no_price_dollars"":""0.5500"",""taker_side"":""yes"",""ticker"":""KXBTC15M-26APR281215-15"",""trade_id"":""38473382-9e9e-4790-73de-90866dc0bf35"",""yes_price_dollars"":""0.4500""}"
KXBTC15M-26APR281215-15,9d727dde-2b46-7e40-7bd7-e3170faf50a5,1777392030,0.45,1.89,yes,"{""count_fp"":""1.89"",""created_time"":""2026-04-28T16:00:30.025115Z"",""no_price_dollars"":""0.5500"",""taker_side"":""yes"",""ticker"":""KXBTC15M-26APR281215-15"",""trade_id"":""9d727dde-2b46-7e40-7bd7-e3170faf50a5"",""yes_price_dollars"":""0.4500""}"
KXBTC15M-26APR281215-15,1325e985-2e77-7fe7-5f7c-3767e443ed2b,1777392030,0.45,40.0,yes,"{""count_fp"":""40.00"",""created_time"":""2026-04-28T16:00:30.025115Z"",""no_price_dollars"":""0.5500"",""taker_side"":""yes"",""ticker"":""KXBTC15M-26APR281215-15"",""trade_id"":""1325e985-2e77-7fe7-5f7c-3767e443ed2b"",""yes_price_dollars"":""0.4500""}"
KXBTC15M-26APR281215-15,b1f4b9b8-b0ec-65f1-d240-ea0e32790f50,1777392031,0.44,5.0,yes,"{""count_fp"":""5.00"",""created_time"":""2026-04-28T16:00:31.501562Z"",""no_price_dollars"":""0.5600"",""taker_side"":""yes"",""ticker"":""KXBTC15M-26APR281215-15"",""trade_id"":""b1f4b9b8-b0ec-65f1-d240-ea0e32790f50"",""yes_price_dollars"":""0.4400""}"
KXBTC15M-26APR281215-15,e08d8fdb-1b15-5953-fc48-0ede95081548,1777392031,0.45,4.18,yes,"{""count_fp"":""4.18"",""created_time"":""2026-04-28T16:00:31.263325Z"",""no_price_dollars"":""0.5500"",""taker_side"":""yes"",""ticker"":""KXBTC15M-26APR281215-15"",""trade_id"":""e08d8fdb-1b15-5953-fc48-0ede95081548"",""yes_price_dollars"":""0.4500""}"
KXBTC15M-26APR281215-15,d5f10997-81f0-54e4-b83f-5fc27b7f0785,1777392031,0.44,11.0,no,"{""count_fp"":""11.00"",""created_time"":""2026-04-28T16:00:31.262992Z"",""no_price_dollars"":""0.5600"",""taker_side"":""no"",""ticker"":""KXBTC15M-26APR281215-15"",""trade_id"":""d5f10997-81f0-54e4-b83f-5fc27b7f0785"",""yes_price_dollars"":""0.4400""}"
KXBTC15M-26APR281215-15,1445cb6c-cbcb-5d01-879a-de53c0473f96,1777392031,0.42,12.28,no,"{""count_fp"":""12.28"",""created_time"":""2026-04-28T16:00:31.262992Z"",""no_price_dollars"":""0.5800"",""taker_side"":""no"",""ticker"":""KXBTC15M-26APR281215-15"",""trade_id"":""1445cb6c-cbcb-5d01-879a-de53c0473f96"",""yes_price_dollars"":""0.4200""}"
KXBTC15M-26APR281215-15,98c5a435-13bb-6f34-7109-bbd850e58565,1777392032,0.43,20.94,yes,"{""count_fp"":""20.94"",""created_time"":""2026-04-28T16:00:32.317042Z"",""no_price_dollars"":""0.5700"",""taker_side"":""yes"",""ticker"":""KXBTC15M-26APR281215-15"",""trade_id"":""98c5a435-13bb-6f34-7109-bbd850e58565"",""yes_price_dollars"":""0.4300""}"
KXBTC15M-26APR281215-15,7a59265c-cc1b-63b8-688b-5b4cad6e9f19,1777392032,0.43,2.0,yes,"{""count_fp"":""2.00"",""created_time"":""2026-04-28T16:00:32.260801Z"",""no_price_dollars"":""0.5700"",""taker_side"":""yes"",""ticker"":""KXBTC15M-26APR281215-15"",""trade_id"":""7a59265c-cc1b-63b8-688b-5b4cad6e9f19"",""yes_price_dollars"":""0.4300""}"
KXBTC15M-26APR281215-15,cbc240d3-1763-7a35-41af-4c71ace2430a,1777392032,0.42,27.72,no,"{""count_fp"":""27.72"",""created_time"":""2026-04-28T16:00:32.154607Z"",""no_price_dollars"":""0.5800"",""taker_side"":""no"",""ticker"":""KXBTC15M-26APR281215-15"",""trade_id"":""cbc240d3-1763-7a35-41af-4c71ace2430a"",""yes_price_dollars"":""0.4200""}"
KXBTC15M-26APR281215-15,6975691e-6116-7811-5578-d3b96528e1ab,1777392032,0.42,22.52,no,"{""count_fp"":""22.52"",""created_time"":""2026-04-28T16:00:32.154607Z"",""no_price_dollars"":""0.5800"",""taker_side"":""no"",""ticker"":""KXBTC15M-26APR281215-15"",""trade_id"":""6975691e-6116-7811-5578-d3b96528e1ab"",""yes_price_dollars"":""0.4200""}"
KXBTC15M-26APR281215-15,df2a0f77-d364-5ce1-1a58-cc41d0943190,1777392032,0.44,10.69,yes,"{""count_fp"":""10.69"",""created_time"":""2026-04-28T16:00:32.151011Z"",""no_price_dollars"":""0.5600"",""taker_side"":""yes"",""ticker"":""KXBTC15M-26APR281215-15"",""trade_id"":""df2a0f77-d364-5ce1-1a58-cc41d0943190"",""yes_price_dollars"":""0.4400""}"
KXBTC15M-26APR281215-15,0dc99d34-2a10-74a1-bd3c-af186b6ba418,1777392032,0.44,2.0,yes,"{""count_fp"":""2.00"",""created_time"":""2026-04-28T16:00:32.111484Z"",""no_price_dollars"":""0.5600"",""taker_side"":""yes"",""ticker"":""KXBTC15M-26APR281215-15"",""trade_id"":""0dc99d34-2a10-74a1-bd3c-af186b6ba418"",""yes_price_dollars"":""0.4400""}"
KXBTC15M-26APR281215-15,e3e39762-a518-5f29-7d2e-47c79edbf730,1777392033,0.44,12.26,yes,"{""count_fp"":""12.26"",""created_time"":""2026-04-28T16:00:33.754391Z"",""no_price_dollars"":""0.5600"",""taker_side"":""yes"",""ticker"":""KXBTC15M-26APR281215-15"",""trade_id"":""e3e39762-a518-5f29-7d2e-47c79edbf730"",""yes_price_dollars"":""0.4400""}"
KXBTC15M-26APR281215-15,d43df297-ba54-5884-4e00-e007d4ea8b7b,1777392033,0.44,31.56,yes,"{""count_fp"":""31.56"",""created_time"":""2026-04-28T16:00:33.754391Z"",""no_price_dollars"":""0.5600"",""taker_side"":""yes"",""ticker"":""KXBTC15M-26APR281215-15"",""trade_id"":""d43df297-ba54-5884-4e00-e007d4ea8b7b"",""yes_price_dollars"":""0.4400""}"
KXBTC15M-26APR281215-15,56fc6015-da80-5441-4ae7-60cf0d9aca94,1777392033,0.44,6.0,yes,"{""count_fp"":""6.00"",""created_time"":""2026-04-28T16:00:33.616276Z"",""no_price_dollars"":""0.5600"",""taker_side"":""yes"",""ticker"":""KXBTC15M-26APR281215-15"",""trade_id"":""56fc6015-da80-5441-4ae7-60cf0d9aca94"",""yes_price_dollars"":""0.4400""}"
KXBTC15M-26APR281215-15,df204ab2-9c4b-5f82-e5c3-bcba93a9bb5f,1777392033,0.43,1.0,yes,"{""count_fp"":""1.00"",""created_time"":""2026-04-28T16:00:33.569581Z"",""no_price_dollars"":""0.5700"",""taker_side"":""yes"",""ticker"":""KXBTC15M-26APR281215-15"",""trade_id"":""df204ab2-9c4b-5f82-e5c3-bcba93a9bb5f"",""yes_price_dollars"":""0.4300""}"
KXBTC15M-26APR281215-15,2db27e6a-c544-5e7d-f3ed-d1610d5bff24,1777392033,0.44,4.05,yes,"{""count_fp"":""4.05"",""created_time"":""2026-04-28T16:00:33.569581Z"",""no_price_dollars"":""0.5600"",""taker_side"":""yes"",""ticker"":""KXBTC15M-26APR281215-15"",""trade_id"":""2db27e6a-c544-5e7d-f3ed-d1610d5bff24"",""yes_price_dollars"":""0.4400""}"
KXBTC15M-26APR281215-15,04163638-ca96-7ce3-2c76-baf6cbaa8943,1777392033,0.42,1.67,no,"{""count_fp"":""1.67"",""created_time"":""2026-04-28T16:00:33.406431Z"",""no_price_dollars"":""0.5800"",""taker_side"":""no"",""ticker"":""KXBTC15M-26APR281215-15"",""trade_id"":""04163638-ca96-7ce3-2c76-baf6cbaa8943"",""yes_price_dollars"":""0.4200""}"
KXBTC15M-26APR281215-15,cdfec5b1-8d68-6e40-851a-f3cf0aa6c25f,1777392034,0.44,75.0,yes,"{""count_fp"":""75.00"",""created_time"":""2026-04-28T16:00:34.696926Z"",""no_price_dollars"":""0.5600"",""taker_side"":""yes"",""ticker"":""KXBTC15M-26APR281215-15"",""trade_id"":""cdfec5b1-8d68-6e40-851a-f3cf0aa6c25f"",""yes_price_dollars"":""0.4400""}"
KXBTC15M-26APR281215-15,177f7c95-6b76-433b-70f2-1e988a7b2891,1777392034,0.43,8.37,no,"{""count_fp"":""8.37"",""created_time"":""2026-04-28T16:00:34.412795Z"",""no_price_dollars"":""0.5700"",""taker_side"":""no"",""ticker"":""KXBTC15M-26APR281215-15"",""trade_id"":""177f7c95-6b76-433b-70f2-1e988a7b2891"",""yes_price_dollars"":""0.4300""}"
KXBTC15M-26APR281215-15,74a87ae6-9e50-7688-3337-5e249eda0ceb,1777392034,0.44,2.0,yes,"{""count_fp"":""2.00"",""created_time"":""2026-04-28T16:00:34.055022Z"",""no_price_dollars"":""0.5600"",""taker_side"":""yes"",""ticker"":""KXBTC15M-26APR281215-15"",""trade_id"":""74a87ae6-9e50-7688-3337-5e249eda0ceb"",""yes_price_dollars"":""0.4400""}"
KXBTC15M-26APR281215-15,9a6b83cd-7393-57eb-e205-b52f70148e59,1777392035,0.46,17.03,no,"{""count_fp"":""17.03"",""created_time"":""2026-04-28T16:00:35.831411Z"",""no_price_dollars"":""0.5400"",""taker_side"":""no"",""ticker"":""KXBTC15M-26APR281215-15"",""trade_id"":""9a6b83cd-7393-57eb-e205-b52f70148e59"",""yes_price_dollars"":""0.4600""}"
KXBTC15M-26APR281215-15,fea16c77-8d53-7fe9-8111-3749ce8aecb2,1777392035,0.46,1.85,yes,"{""count_fp"":""1.85"",""created_time"":""2026-04-28T16:00:35.341085Z"",""no_price_dollars"":""0.5400"",""taker_side"":""yes"",""ticker"":""KXBTC15M-26APR281215-15"",""trade_id"":""fea16c77-8d53-7fe9-8111-3749ce8aecb2"",""yes_price_dollars"":""0.4600""}"
KXBTC15M-26APR281215-15,d2d4ec3e-5460-7308-ab8c-6101d6091c52,1777392035,0.44,10.0,yes,"{""count_fp"":""10.00"",""created_time"":""2026-04-28T16:00:35.341085Z"",""no_price_dollars"":""0.5600"",""taker_side"":""yes"",""ticker"":""KXBTC15M-26APR281215-15"",""trade_id"":""d2d4ec3e-5460-7308-ab8c-6101d6091c52"",""yes_price_dollars"":""0.4400""}"
KXBTC15M-26APR281215-15,5cd0691b-15b2-7c4f-a453-700228cbbd6c,1777392035,0.45,5.0,yes,"{""count_fp"":""5.00"",""created_time"":""2026-04-28T16:00:35.341085Z"",""no_price_dollars"":""0.5500"",""taker_side"":""yes"",""ticker"":""KXBTC15M-26APR281215-15"",""trade_id"":""5cd0691b-15b2-7c4f-a453-700228cbbd6c"",""yes_price_dollars"":""0.4500""}"
KXBTC15M-26APR281215-15,4800df65-3632-76ce-a04b-cd6768de5ca3,1777392035,0.45,26.0,yes,"{""count_fp"":""26.00"",""created_time"":""2026-04-28T16:00:35.341085Z"",""no_price_dollars"":""0.5500"",""taker_side"":""yes"",""ticker"":""KXBTC15M-26APR281215-15"",""trade_id"":""4800df65-3632-76ce-a04b-cd6768de5ca3"",""yes_price_dollars"":""0.4500""}"
KXBTC15M-26APR281215-15,65ad8249-587a-7152-3ee1-6b991894737c,1777392035,0.44,1.0,yes,"{""count_fp"":""1.00"",""created_time"":""2026-04-28T16:00:35.304244Z"",""no_price_dollars"":""0.5600"",""taker_side"":""yes"",""ticker"":""KXBTC15M-26APR281215-15"",""trade_id"":""65ad8249-587a-7152-3ee1-6b991894737c"",""yes_price_dollars"":""0.4400""}"
KXBTC15M-26APR281215-15,be2476d9-49d4-4104-0f84-b4a067bde4ab,1777392035,0.44,61.51,yes,"{""count_fp"":""61.51"",""created_time"":""2026-04-28T16:00:35.243428Z"",""no_price_dollars"":""0.5600"",""taker_side"":""yes"",""ticker"":""KXBTC15M-26APR281215-15"",""trade_id"":""be2476d9-49d4-4104-0f84-b4a067bde4ab"",""yes_price_dollars"":""0.4400""}"
KXBTC15M-26APR281215-15,b1dca134-57a8-6e00-f9eb-cd9a53a40977,1777392035,0.44,82.01,yes,"{""count_fp"":""82.01"",""created_time"":""2026-04-28T16:00:35.243162Z"",""no_price_dollars"":""0.5600"",""taker_side"":""yes"",""ticker"":""KXBTC15M-26APR281215-15"",""trade_id"":""b1dca134-57a8-6e00-f9eb-cd9a53a40977"",""yes_price_dollars"":""0.4400""}"
KXBTC15M-26APR281215-15,e15df63a-5e2d-5cca-9586-40181e53f9c4,1777392036,0.48,1.0,yes,"{""count_fp"":""1.00"",""created_time"":""2026-04-28T16:00:36.826774Z"",""no_price_dollars"":""0.5200"",""taker_side"":""yes"",""ticker"":""KXBTC15M-26APR281215-15"",""trade_id"":""e15df63a-5e2d-5cca-9586-40181e53f9c4"",""yes_price_dollars"":""0.4800""}"
KXBTC15M-26APR281215-15,cc5d8e4e-88b2-5d41-9ada-e3cae6b64c38,1777392036,0.48,11.14,yes,"{""count_fp"":""11.14"",""created_time"":""2026-04-28T16:00:36.826774Z"",""no_price_dollars"":""0.5200"",""taker_side"":""yes"",""ticker"":""KXBTC15M-26APR281215-15"",""trade_id"":""cc5d8e4e-88b2-5d41-9ada-e3cae6b64c38"",""yes_price_dollars"":""0.4800""}"
KXBTC15M-26APR281215-15,6b50a874-0dad-5e25-bfd2-4dacad82612a,1777392036,0.47,5.41,yes,"{""count_fp"":""5.41"",""created_time"":""2026-04-28T16:00:36.826774Z"",""no_price_dollars"":""0.5300"",""taker_side"":""yes"",""ticker"":""KXBTC15M-26APR281215-15"",""trade_id"":""6b50a874-0dad-5e25-bfd2-4dacad82612a"",""yes_price_dollars"":""0.4700""}"
KXBTC15M-26APR281215-15,3722633b-eba9-5c43-8ad7-1754fc0ff872,1777392036,0.48,40.0,yes,"{""count_fp"":""40.00"",""created_time"":""2026-04-28T16:00:36.826774Z"",""no_price_dollars"":""0.5200"",""taker_side"":""yes"",""ticker"":""KXBTC15M-26APR281215-15"",""trade_id"":""3722633b-eba9-5c43-8ad7-1754fc0ff872"",""yes_price_dollars"":""0.4800""}"
KXBTC15M-26APR281215-15,2b319a48-2de6-59d0-b5df-9c0692f49127,1777392036,0.48,343.99,yes,"{""count_fp"":""343.99"",""created_time"":""2026-04-28T16:00:36.826774Z"",""no_price_dollars"":""0.5200"",""taker_side"":""yes"",""ticker"":""KXBTC15M-26APR281215-15"",""trade_id"":""2b319a48-2de6-59d0-b5df-9c0692f49127"",""yes_price_dollars"":""0.4800""}"
KXBTC15M-26APR281215-15,2700a48c-0bb6-5fc8-a681-838548217d3f,1777392036,0.47,1.0,yes,"{""count_fp"":""1.00"",""created_time"":""2026-04-28T16:00:36.826774Z"",""no_price_dollars"":""0.5300"",""taker_side"":""yes"",""ticker"":""KXBTC15M-26APR281215-15"",""trade_id"":""2700a48c-0bb6-5fc8-a681-838548217d3f"",""yes_price_dollars"":""0.4700""}"
KXBTC15M-26APR281215-15,f68c36f5-56d3-4dff-c15f-067a0e3db88d,1777392036,0.46,8.37,no,"{""count_fp"":""8.37"",""created_time"":""2026-04-28T16:00:36.143693Z"",""no_price_dollars"":""0.5400"",""taker_side"":""no"",""ticker"":""KXBTC15M-26APR281215-15"",""trade_id"":""f68c36f5-56d3-4dff-c15f-067a0e3db88d"",""yes_price_dollars"":""0.4600""}"
KXBTC15M-26APR281215-15,090f819a-6c7b-56f3-0312-bc4aa41d9db1,1777392036,0.46,8.66,no,"{""count_fp"":""8.66"",""created_time"":""2026-04-28T16:00:36.078465Z"",""no_price_dollars"":""0.5400"",""taker_side"":""no"",""ticker"":""KXBTC15M-26APR281215-15"",""trade_id"":""090f819a-6c7b-56f3-0312-bc4aa41d9db1"",""yes_price_dollars"":""0.4600""}"
KXBTC15M-26APR281215-15,14c69eb4-7b7a-7588-0920-65c7df013d27,1777392037,0.48,23.75,yes,"{""count_fp"":""23.75"",""created_time"":""2026-04-28T16:00:37.909621Z"",""no_price_dollars"":""0.5200"",""taker_side"":""yes"",""ticker"":""KXBTC15M-26APR281215-15"",""trade_id"":""14c69eb4-7b7a-7588-0920-65c7df013d27"",""yes_price_dollars"":""0.4800""}"
KXBTC15M-26APR281215-15,dc1fcc11-625a-4860-1f90-26916f1e8e8c,1777392038,0.48,40.0,yes,"{""count_fp"":""40.00"",""created_time"":""2026-04-28T16:00:38.294467Z"",""no_price_dollars"":""0.5200"",""taker_side"":""yes"",""ticker"":""KXBTC15M-26APR281215-15"",""trade_id"":""dc1fcc11-625a-4860-1f90-26916f1e8e8c"",""yes_price_dollars"":""0.4800""}"
KXBTC15M-26APR281215-15,c70a9124-0a10-4634-34f8-f62e0094a49e,1777392038,0.48,3.0,yes,"{""count_fp"":""3.00"",""created_time"":""2026-04-28T16:00:38.294467Z"",""no_price_dollars"":""0.5200"",""taker_side"":""yes"",""ticker"":""KXBTC15M-26APR281215-15"",""trade_id"":""c70a9124-0a10-4634-34f8-f62e0094a49e"",""yes_price_dollars"":""0.4800""}"
KXBTC15M-26APR281215-15,b1939d7b-4e6e-4f50-193a-b57d5b9ed403,1777392038,0.48,124.28,yes,"{""count_fp"":""124.28"",""created_time"":""2026-04-28T16:00:38.294467Z"",""no_price_dollars"":""0.5200"",""taker_side"":""yes"",""ticker"":""KXBTC15M-26APR281215-15"",""trade_id"":""b1939d7b-4e6e-4f50-193a-b57d5b9ed403"",""yes_price_dollars"":""0.4800""}"
KXBTC15M-26APR281215-15,92d3fbc1-937d-496d-2bad-b4ac719ba208,1777392038,0.48,12.07,yes,"{""count_fp"":""12.07"",""created_time"":""2026-04-28T16:00:38.294467Z"",""no_price_dollars"":""0.5200"",""taker_side"":""yes"",""ticker"":""KXBTC15M-26APR281215-15"",""trade_id"":""92d3fbc1-937d-496d-2bad-b4ac719ba208"",""yes_price_dollars"":""0.4800""}"
KXBTC15M-26APR281215-15,6aa0b63a-a47a-4321-0466-fbc3e0207e9f,1777392038,0.48,7.54,yes,"{""count_fp"":""7.54"",""created_time"":""2026-04-28T16:00:38.294467Z"",""no_price_dollars"":""0.5200"",""taker_side"":""yes"",""ticker"":""KXBTC15M-26APR281215-15"",""trade_id"":""6aa0b63a-a47a-4321-0466-fbc3e0207e9f"",""yes_price_dollars"":""0.4800""}"
KXBTC15M-26APR281215-15,4bf4209f-041a-4645-1036-0eb50159795d,1777392038,0.48,800.55,yes,"{""count_fp"":""800.55"",""created_time"":""2026-04-28T16:00:38.294467Z"",""no_price_dollars"":""0.5200"",""taker_side"":""yes"",""ticker"":""KXBTC15M-26APR281215-15"",""trade_id"":""4bf4209f-041a-4645-1036-0eb50159795d"",""yes_price_dollars"":""0.4800""}"
KXBTC15M-26APR281215-15,82a0f259-5c2b-5851-466c-364e6c661efd,1777392038,0.47,4.57,no,"{""count_fp"":""4.57"",""created_time"":""2026-04-28T16:00:38.289597Z"",""no_price_dollars"":""0.5300"",""taker_side"":""no"",""ticker"":""KXBTC15M-26APR281215-15"",""trade_id"":""82a0f259-5c2b-5851-466c-364e6c661efd"",""yes_price_dollars"":""0.4700""}"
KXBTC15M-26APR281215-15,68dd3508-56df-5151-ed5a-7e90aed1f801,1777392038,0.47,10.25,no,"{""count_fp"":""10.25"",""created_time"":""2026-04-28T16:00:38.132177Z"",""no_price_dollars"":""0.5300"",""taker_side"":""no"",""ticker"":""KXBTC15M-26APR281215-15"",""trade_id"":""68dd3508-56df-5151-ed5a-7e90aed1f801"",""yes_price_dollars"":""0.4700""}"
KXBTC15M-26APR281215-15,73721bea-883d-48e7-8ad4-e13eedd8b34c,1777392038,0.47,10.0,no,"{""count_fp"":""10.00"",""created_time"":""2026-04-28T16:00:38.114022Z"",""no_price_dollars"":""0.5300"",""taker_side"":""no"",""ticker"":""KXBTC15M-26APR281215-15"",""trade_id"":""73721bea-883d-48e7-8ad4-e13eedd8b34c"",""yes_price_dollars"":""0.4700""}"
KXBTC15M-26APR281215-15,1831f1ea-cc9f-4fd5-bee3-6976ccbd0685,1777392038,0.47,4.0,no,"{""count_fp"":""4.00"",""created_time"":""2026-04-28T16:00:38.114022Z"",""no_price_dollars"":""0.5300"",""taker_side"":""no"",""ticker"":""KXBTC15M-26APR281215-15"",""trade_id"":""1831f1ea-cc9f-4fd5-bee3-6976ccbd0685"",""yes_price_dollars"":""0.4700""}"
KXBTC15M-26APR281215-15,0b7b4ad4-acd1-49d9-a62d-73b348968129,1777392038,0.47,36.0,no,"{""count_fp"":""36.00"",""created_time"":""2026-04-28T16:00:38.114022Z"",""no_price_dollars"":""0.5300"",""taker_side"":""no"",""ticker"":""KXBTC15M-26APR281215-15"",""trade_id"":""0b7b4ad4-acd1-49d9-a62d-73b348968129"",""yes_price_dollars"":""0.4700""}"
