ticker,trade_id,ts,yes_price,count,taker_side,raw_json
KXBTC15M-26APR271845-45,358fac21-cead-67c1-31e1-c243366237fe,1777329001,0.51,3.0,no,"{""count_fp"":""3.00"",""created_time"":""2026-04-27T22:30:01.771797Z"",""no_price_dollars"":""0.4900"",""taker_side"":""no"",""ticker"":""KXBTC15M-26APR271845-45"",""trade_id"":""358fac21-cead-67c1-31e1-c243366237fe"",""yes_price_dollars"":""0.5100""}"
KXBTC15M-26APR271845-45,1e18576e-9a25-6345-d3fd-5328ef6345d6,1777329001,0.51,3.0,no,"{""count_fp"":""3.00"",""created_time"":""2026-04-27T22:30:01.672385Z"",""no_price_dollars"":""0.4900"",""taker_side"":""no"",""ticker"":""KXBTC15M-26APR271845-45"",""trade_id"":""1e18576e-9a25-6345-d3fd-5328ef6345d6"",""yes_price_dollars"":""0.5100""}"
KXBTC15M-26APR271845-45,712d8582-3018-64d4-6dda-042c6f98f7a0,1777329001,0.64,84.0,no,"{""count_fp"":""84.00"",""created_time"":""2026-04-27T22:30:01.496831Z"",""no_price_dollars"":""0.3600"",""taker_side"":""no"",""ticker"":""KXBTC15M-26APR271845-45"",""trade_id"":""712d8582-3018-64d4-6dda-042c6f98f7a0"",""yes_price_dollars"":""0.6400""}"
KXBTC15M-26APR271845-45,e9087991-9708-6e6c-d748-aa1d60aac774,1777329001,0.61,11.0,no,"{""count_fp"":""11.00"",""created_time"":""2026-04-27T22:30:01.376427Z"",""no_price_dollars"":""0.3900"",""taker_side"":""no"",""ticker"":""KXBTC15M-26APR271845-45"",""trade_id"":""e9087991-9708-6e6c-d748-aa1d60aac774"",""yes_price_dollars"":""0.6100""}"
KXBTC15M-26APR271845-45,d7e69a44-3bcf-50c1-73e8-ed77a427afc9,1777329001,0.65,4.0,yes,"{""count_fp"":""4.00"",""created_time"":""2026-04-27T22:30:01.148828Z"",""no_price_dollars"":""0.3500"",""taker_side"":""yes"",""ticker"":""KXBTC15M-26APR271845-45"",""trade_id"":""d7e69a44-3bcf-50c1-73e8-ed77a427afc9"",""yes_price_dollars"":""0.6500""}"
KXBTC15M-26APR271845-45,8ce476a5-79b9-5e95-7cd8-aa7c3d153ff2,1777329001,0.58,5.0,yes,"{""count_fp"":""5.00"",""created_time"":""2026-04-27T22:30:01.148828Z"",""no_price_dollars"":""0.4200"",""taker_side"":""yes"",""ticker"":""KXBTC15M-26APR271845-45"",""trade_id"":""8ce476a5-79b9-5e95-7cd8-aa7c3d153ff2"",""yes_price_dollars"":""0.5800""}"
KXBTC15M-26APR271845-45,39fd0e9b-bf77-7ade-1c87-ef5b83f0a855,1777329003,0.59,25.0,yes,"{""count_fp"":""25.00"",""created_time"":""2026-04-27T22:30:03.196885Z"",""no_price_dollars"":""0.4100"",""taker_side"":""yes"",""ticker"":""KXBTC15M-26APR271845-45"",""trade_id"":""39fd0e9b-bf77-7ade-1c87-ef5b83f0a855"",""yes_price_dollars"":""0.5900""}"
KXBTC15M-26APR271845-45,32cd8c4b-d5a2-7f00-397a-9869b019217c,1777329003,0.71,95.0,yes,"{""count_fp"":""95.00"",""created_time"":""2026-04-27T22:30:03.196885Z"",""no_price_dollars"":""0.2900"",""taker_side"":""yes"",""ticker"":""KXBTC15M-26APR271845-45"",""trade_id"":""32cd8c4b-d5a2-7f00-397a-9869b019217c"",""yes_price_dollars"":""0.7100""}"
KXBTC15M-26APR271845-45,5e4fc2ed-71f2-6b7c-9ebb-e85c906248e6,1777329004,0.74,6.18,no,"{""count_fp"":""6.18"",""created_time"":""2026-04-27T22:30:04.572762Z"",""no_price_dollars"":""0.2600"",""taker_side"":""no"",""ticker"":""KXBTC15M-26APR271845-45"",""trade_id"":""5e4fc2ed-71f2-6b7c-9ebb-e85c906248e6"",""yes_price_dollars"":""0.7400""}"
KXBTC15M-26APR271845-45,58570d20-d58f-43b2-b056-77c553c1b7ef,1777329004,0.74,16.0,no,"{""count_fp"":""16.00"",""created_time"":""2026-04-27T22:30:04.505842Z"",""no_price_dollars"":""0.2600"",""taker_side"":""no"",""ticker"":""KXBTC15M-26APR271845-45"",""trade_id"":""58570d20-d58f-43b2-b056-77c553c1b7ef"",""yes_price_dollars"":""0.7400""}"
KXBTC15M-26APR271845-45,57e956cc-fd74-4eba-9575-705f7f0a03c9,1777329004,0.73,84.0,no,"{""count_fp"":""84.00"",""created_time"":""2026-04-27T22:30:04.505842Z"",""no_price_dollars"":""0.2700"",""taker_side"":""no"",""ticker"":""KXBTC15M-26APR271845-45"",""trade_id"":""57e956cc-fd74-4eba-9575-705f7f0a03c9"",""yes_price_dollars"":""0.7300""}"
KXBTC15M-26APR271845-45,2084a950-a2ec-5800-74b6-564fb94923a2,1777329006,0.73,4.04,no,"{""count_fp"":""4.04"",""created_time"":""2026-04-27T22:30:06.835269Z"",""no_price_dollars"":""0.2700"",""taker_side"":""no"",""ticker"":""KXBTC15M-26APR271845-45"",""trade_id"":""2084a950-a2ec-5800-74b6-564fb94923a2"",""yes_price_dollars"":""0.7300""}"
KXBTC15M-26APR271845-45,11b366a7-17a3-5848-40ca-c56b8b4ff616,1777329006,0.73,10.0,no,"{""count_fp"":""10.00"",""created_time"":""2026-04-27T22:30:06.835269Z"",""no_price_dollars"":""0.2700"",""taker_side"":""no"",""ticker"":""KXBTC15M-26APR271845-45"",""trade_id"":""11b366a7-17a3-5848-40ca-c56b8b4ff616"",""yes_price_dollars"":""0.7300""}"
KXBTC15M-26APR271845-45,f0544978-ec18-6bfc-4d1a-54934647e906,1777329007,0.73,44.32,no,"{""count_fp"":""44.32"",""created_time"":""2026-04-27T22:30:07.968101Z"",""no_price_dollars"":""0.2700"",""taker_side"":""no"",""ticker"":""KXBTC15M-26APR271845-45"",""trade_id"":""f0544978-ec18-6bfc-4d1a-54934647e906"",""yes_price_dollars"":""0.7300""}"
KXBTC15M-26APR271845-45,d6da024d-e44c-6358-4886-b13a1f291113,1777329007,0.73,5.0,no,"{""count_fp"":""5.00"",""created_time"":""2026-04-27T22:30:07.968101Z"",""no_price_dollars"":""0.2700"",""taker_side"":""no"",""ticker"":""KXBTC15M-26APR271845-45"",""trade_id"":""d6da024d-e44c-6358-4886-b13a1f291113"",""yes_price_dollars"":""0.7300""}"
KXBTC15M-26APR271845-45,0da35336-7550-637f-621f-8c75aff3201b,1777329007,0.72,4.25,no,"{""count_fp"":""4.25"",""created_time"":""2026-04-27T22:30:07.968101Z"",""no_price_dollars"":""0.2800"",""taker_side"":""no"",""ticker"":""KXBTC15M-26APR271845-45"",""trade_id"":""0da35336-7550-637f-621f-8c75aff3201b"",""yes_price_dollars"":""0.7200""}"
KXBTC15M-26APR271845-45,245706eb-9cd8-6600-fcea-29691a5d1766,1777329007,0.73,16.64,no,"{""count_fp"":""16.64"",""created_time"":""2026-04-27T22:30:07.712884Z"",""no_price_dollars"":""0.2700"",""taker_side"":""no"",""ticker"":""KXBTC15M-26APR271845-45"",""trade_id"":""245706eb-9cd8-6600-fcea-29691a5d1766"",""yes_price_dollars"":""0.7300""}"
KXBTC15M-26APR271845-45,66af8d3e-fc16-640f-1ff8-be4525a7925e,1777329008,0.73,57.0,no,"{""count_fp"":""57.00"",""created_time"":""2026-04-27T22:30:08.110564Z"",""no_price_dollars"":""0.2700"",""taker_side"":""no"",""ticker"":""KXBTC15M-26APR271845-45"",""trade_id"":""66af8d3e-fc16-640f-1ff8-be4525a7925e"",""yes_price_dollars"":""0.7300""}"
KXBTC15M-26APR271845-45,1d60d454-1aa5-5b17-d105-1a9ca2b1bf62,1777329009,0.73,10.0,yes,"{""count_fp"":""10.00"",""created_time"":""2026-04-27T22:30:09.781195Z"",""no_price_dollars"":""0.2700"",""taker_side"":""yes"",""ticker"":""KXBTC15M-26APR271845-45"",""trade_id"":""1d60d454-1aa5-5b17-d105-1a9ca2b1bf62"",""yes_price_dollars"":""0.7300""}"
KXBTC15M-26APR271845-45,6e33e6db-8e09-60cd-c010-6ec29802c437,1777329009,0.72,44.0,no,"{""count_fp"":""44.00"",""created_time"":""2026-04-27T22:30:09.748975Z"",""no_price_dollars"":""0.2800"",""taker_side"":""no"",""ticker"":""KXBTC15M-26APR271845-45"",""trade_id"":""6e33e6db-8e09-60cd-c010-6ec29802c437"",""yes_price_dollars"":""0.7200""}"
KXBTC15M-26APR271845-45,fc831da3-41ae-54d3-9bee-c103946a171e,1777329009,0.73,2.94,no,"{""count_fp"":""2.94"",""created_time"":""2026-04-27T22:30:09.712437Z"",""no_price_dollars"":""0.2700"",""taker_side"":""no"",""ticker"":""KXBTC15M-26APR271845-45"",""trade_id"":""fc831da3-41ae-54d3-9bee-c103946a171e"",""yes_price_dollars"":""0.7300""}"
KXBTC15M-26APR271845-45,f7401732-b23e-5be5-9627-b20b6516719d,1777329009,0.72,10.0,no,"{""count_fp"":""10.00"",""created_time"":""2026-04-27T22:30:09.712437Z"",""no_price_dollars"":""0.2800"",""taker_side"":""no"",""ticker"":""KXBTC15M-26APR271845-45"",""trade_id"":""f7401732-b23e-5be5-9627-b20b6516719d"",""yes_price_dollars"":""0.7200""}"
KXBTC15M-26APR271845-45,77d888eb-7e0d-5eb5-bc11-a2c30c75c59f,1777329009,0.72,3.7,no,"{""count_fp"":""3.70"",""created_time"":""2026-04-27T22:30:09.712437Z"",""no_price_dollars"":""0.2800"",""taker_side"":""no"",""ticker"":""KXBTC15M-26APR271845-45"",""trade_id"":""77d888eb-7e0d-5eb5-bc11-a2c30c75c59f"",""yes_price_dollars"":""0.7200""}"
KXBTC15M-26APR271845-45,6e8e2f51-1f0d-6729-94a1-cfbad11d1630,1777329009,0.74,2.52,yes,"{""count_fp"":""2.52"",""created_time"":""2026-04-27T22:30:09.609032Z"",""no_price_dollars"":""0.2600"",""taker_side"":""yes"",""ticker"":""KXBTC15M-26APR271845-45"",""trade_id"":""6e8e2f51-1f0d-6729-94a1-cfbad11d1630"",""yes_price_dollars"":""0.7400""}"
KXBTC15M-26APR271845-45,65690c05-a082-659f-8f45-12e4b9f2f142,1777329009,0.73,3.52,no,"{""count_fp"":""3.52"",""created_time"":""2026-04-27T22:30:09.115675Z"",""no_price_dollars"":""0.2700"",""taker_side"":""no"",""ticker"":""KXBTC15M-26APR271845-45"",""trade_id"":""65690c05-a082-659f-8f45-12e4b9f2f142"",""yes_price_dollars"":""0.7300""}"
KXBTC15M-26APR271845-45,e941d7c4-68c6-6d87-bce9-497f435a8a72,1777329009,0.73,1.54,no,"{""count_fp"":""1.54"",""created_time"":""2026-04-27T22:30:09.087613Z"",""no_price_dollars"":""0.2700"",""taker_side"":""no"",""ticker"":""KXBTC15M-26APR271845-45"",""trade_id"":""e941d7c4-68c6-6d87-bce9-497f435a8a72"",""yes_price_dollars"":""0.7300""}"
KXBTC15M-26APR271845-45,dd34aaf2-9f1f-6371-8519-a7ad2a8da256,1777329009,0.73,5.0,no,"{""count_fp"":""5.00"",""created_time"":""2026-04-27T22:30:09.087613Z"",""no_price_dollars"":""0.2700"",""taker_side"":""no"",""ticker"":""KXBTC15M-26APR271845-45"",""trade_id"":""dd34aaf2-9f1f-6371-8519-a7ad2a8da256"",""yes_price_dollars"":""0.7300""}"
KXBTC15M-26APR271845-45,86f00521-d1b6-5497-23c0-6a40f4310cf4,1777329010,0.73,34.07,no,"{""count_fp"":""34.07"",""created_time"":""2026-04-27T22:30:10.567562Z"",""no_price_dollars"":""0.2700"",""taker_side"":""no"",""ticker"":""KXBTC15M-26APR271845-45"",""trade_id"":""86f00521-d1b6-5497-23c0-6a40f4310cf4"",""yes_price_dollars"":""0.7300""}"
KXBTC15M-26APR271845-45,16f02db1-1e69-7191-2812-15f92d321a74,1777329010,0.74,14.59,yes,"{""count_fp"":""14.59"",""created_time"":""2026-04-27T22:30:10.060607Z"",""no_price_dollars"":""0.2600"",""taker_side"":""yes"",""ticker"":""KXBTC15M-26APR271845-45"",""trade_id"":""16f02db1-1e69-7191-2812-15f92d321a74"",""yes_price_dollars"":""0.7400""}"
KXBTC15M-26APR271845-45,f52b5612-cdaa-4363-bf7a-31e877674a88,1777329011,0.73,0.38,no,"{""count_fp"":""0.38"",""created_time"":""2026-04-27T22:30:11.391171Z"",""no_price_dollars"":""0.2700"",""taker_side"":""no"",""ticker"":""KXBTC15M-26APR271845-45"",""trade_id"":""f52b5612-cdaa-4363-bf7a-31e877674a88"",""yes_price_dollars"":""0.7300""}"
KXBTC15M-26APR271845-45,a51ddbcc-b489-5000-2348-d79551628710,1777329011,0.74,14.65,yes,"{""count_fp"":""14.65"",""created_time"":""2026-04-27T22:30:11.331631Z"",""no_price_dollars"":""0.2600"",""taker_side"":""yes"",""ticker"":""KXBTC15M-26APR271845-45"",""trade_id"":""a51ddbcc-b489-5000-2348-d79551628710"",""yes_price_dollars"":""0.7400""}"
KXBTC15M-26APR271845-45,2bcbc756-76fd-5641-17cb-144d87a08360,1777329011,0.74,11.89,yes,"{""count_fp"":""11.89"",""created_time"":""2026-04-27T22:30:11.331631Z"",""no_price_dollars"":""0.2600"",""taker_side"":""yes"",""ticker"":""KXBTC15M-26APR271845-45"",""trade_id"":""2bcbc756-76fd-5641-17cb-144d87a08360"",""yes_price_dollars"":""0.7400""}"
KXBTC15M-26APR271845-45,48009cac-64fa-78c7-5911-5554b633075c,1777329011,0.73,17.08,no,"{""count_fp"":""17.08"",""created_time"":""2026-04-27T22:30:11.047383Z"",""no_price_dollars"":""0.2700"",""taker_side"":""no"",""ticker"":""KXBTC15M-26APR271845-45"",""trade_id"":""48009cac-64fa-78c7-5911-5554b633075c"",""yes_price_dollars"":""0.7300""}"
KXBTC15M-26APR271845-45,ac036a7e-480e-53b3-2b7c-39d069a46918,1777329012,0.73,1.0,no,"{""count_fp"":""1.00"",""created_time"":""2026-04-27T22:30:12.166704Z"",""no_price_dollars"":""0.2700"",""taker_side"":""no"",""ticker"":""KXBTC15M-26APR271845-45"",""trade_id"":""ac036a7e-480e-53b3-2b7c-39d069a46918"",""yes_price_dollars"":""0.7300""}"
KXBTC15M-26APR271845-45,9a5002ce-a8a3-6b89-f46c-a8681e58f81e,1777329013,0.73,417.77,no,"{""count_fp"":""417.77"",""created_time"":""2026-04-27T22:30:13.956394Z"",""no_price_dollars"":""0.2700"",""taker_side"":""no"",""ticker"":""KXBTC15M-26APR271845-45"",""trade_id"":""9a5002ce-a8a3-6b89-f46c-a8681e58f81e"",""yes_price_dollars"":""0.7300""}"
KXBTC15M-26APR271845-45,4a8849d2-9176-643c-fe57-21ab262effc9,1777329013,0.73,255.27,no,"{""count_fp"":""255.27"",""created_time"":""2026-04-27T22:30:13.956394Z"",""no_price_dollars"":""0.2700"",""taker_side"":""no"",""ticker"":""KXBTC15M-26APR271845-45"",""trade_id"":""4a8849d2-9176-643c-fe57-21ab262effc9"",""yes_price_dollars"":""0.7300""}"
KXBTC15M-26APR271845-45,c029a2ad-dfda-471b-ba5b-dab2b04e3ddd,1777329013,0.74,2.0,no,"{""count_fp"":""2.00"",""created_time"":""2026-04-27T22:30:13.931856Z"",""no_price_dollars"":""0.2600"",""taker_side"":""no"",""ticker"":""KXBTC15M-26APR271845-45"",""trade_id"":""c029a2ad-dfda-471b-ba5b-dab2b04e3ddd"",""yes_price_dollars"":""0.7400""}"
KXBTC15M-26APR271845-45,b363f5c9-b8fd-48c7-ba0b-9368b5d231a0,1777329013,0.74,5.0,no,"{""count_fp"":""5.00"",""created_time"":""2026-04-27T22:30:13.931856Z"",""no_price_dollars"":""0.2600"",""taker_side"":""no"",""ticker"":""KXBTC15M-26APR271845-45"",""trade_id"":""b363f5c9-b8fd-48c7-ba0b-9368b5d231a0"",""yes_price_dollars"":""0.7400""}"
KXBTC15M-26APR271845-45,46950909-ab51-4c80-bbe0-804e66a78b57,1777329013,0.73,19.02,no,"{""count_fp"":""19.02"",""created_time"":""2026-04-27T22:30:13.931856Z"",""no_price_dollars"":""0.2700"",""taker_side"":""no"",""ticker"":""KXBTC15M-26APR271845-45"",""trade_id"":""46950909-ab51-4c80-bbe0-804e66a78b57"",""yes_price_dollars"":""0.7300""}"
KXBTC15M-26APR271845-45,16972894-f68f-40f1-a7f1-d8fa978b7952,1777329013,0.74,26.83,no,"{""count_fp"":""26.83"",""created_time"":""2026-04-27T22:30:13.931856Z"",""no_price_dollars"":""0.2600"",""taker_side"":""no"",""ticker"":""KXBTC15M-26APR271845-45"",""trade_id"":""16972894-f68f-40f1-a7f1-d8fa978b7952"",""yes_price_dollars"":""0.7400""}"
KXBTC15M-26APR271845-45,3367ef1a-e793-4185-8c19-afe90eb20a06,1777329013,0.74,72.77,no,"{""count_fp"":""72.77"",""created_time"":""2026-04-27T22:30:13.899458Z"",""no_price_dollars"":""0.2600"",""taker_side"":""no"",""ticker"":""KXBTC15M-26APR271845-45"",""trade_id"":""3367ef1a-e793-4185-8c19-afe90eb20a06"",""yes_price_dollars"":""0.7400""}"
KXBTC15M-26APR271845-45,d5eb3750-1bcf-4e81-3928-0396ff0ef4d6,1777329013,0.74,93.4,no,"{""count_fp"":""93.40"",""created_time"":""2026-04-27T22:30:13.749761Z"",""no_price_dollars"":""0.2600"",""taker_side"":""no"",""ticker"":""KXBTC15M-26APR271845-45"",""trade_id"":""d5eb3750-1bcf-4e81-3928-0396ff0ef4d6"",""yes_price_dollars"":""0.7400""}"
KXBTC15M-26APR271845-45,918d7d03-65f5-4e0b-1ecb-bc55e8f78a21,1777329013,0.74,5.0,no,"{""count_fp"":""5.00"",""created_time"":""2026-04-27T22:30:13.749761Z"",""no_price_dollars"":""0.2600"",""taker_side"":""no"",""ticker"":""KXBTC15M-26APR271845-45"",""trade_id"":""918d7d03-65f5-4e0b-1ecb-bc55e8f78a21"",""yes_price_dollars"":""0.7400""}"
KXBTC15M-26APR271845-45,616e2c52-775a-4fe8-35a8-edf098ecae82,1777329013,0.74,1.6,no,"{""count_fp"":""1.60"",""created_time"":""2026-04-27T22:30:13.749761Z"",""no_price_dollars"":""0.2600"",""taker_side"":""no"",""ticker"":""KXBTC15M-26APR271845-45"",""trade_id"":""616e2c52-775a-4fe8-35a8-edf098ecae82"",""yes_price_dollars"":""0.7400""}"
KXBTC15M-26APR271845-45,25f9a413-1e7e-67cc-3f22-be86d8078d6e,1777329013,0.74,38.74,no,"{""count_fp"":""38.74"",""created_time"":""2026-04-27T22:30:13.695681Z"",""no_price_dollars"":""0.2600"",""taker_side"":""no"",""ticker"":""KXBTC15M-26APR271845-45"",""trade_id"":""25f9a413-1e7e-67cc-3f22-be86d8078d6e"",""yes_price_dollars"":""0.7400""}"
KXBTC15M-26APR271845-45,92532b27-b7aa-464c-2ac7-5b8ec81369ee,1777329013,0.74,24.66,no,"{""count_fp"":""24.66"",""created_time"":""2026-04-27T22:30:13.657506Z"",""no_price_dollars"":""0.2600"",""taker_side"":""no"",""ticker"":""KXBTC15M-26APR271845-45"",""trade_id"":""92532b27-b7aa-464c-2ac7-5b8ec81369ee"",""yes_price_dollars"":""0.7400""}"
KXBTC15M-26APR271845-45,bb861d24-361e-715d-c091-76c3131e7c54,1777329013,0.74,13.0,yes,"{""count_fp"":""13.00"",""created_time"":""2026-04-27T22:30:13.202452Z"",""no_price_dollars"":""0.2600"",""taker_side"":""yes"",""ticker"":""KXBTC15M-26APR271845-45"",""trade_id"":""bb861d24-361e-715d-c091-76c3131e7c54"",""yes_price_dollars"":""0.7400""}"
KXBTC15M-26APR271845-45,a786c642-0535-7dc6-e345-88bae8835de5,1777329013,0.75,8.4,yes,"{""count_fp"":""8.40"",""created_time"":""2026-04-27T22:30:13.202452Z"",""no_price_dollars"":""0.2500"",""taker_side"":""yes"",""ticker"":""KXBTC15M-26APR271845-45"",""trade_id"":""a786c642-0535-7dc6-e345-88bae8835de5"",""yes_price_dollars"":""0.7500""}"
KXBTC15M-26APR271845-45,59685d32-0335-7e78-c89e-d95ae15f37a2,1777329013,0.74,5.0,yes,"{""count_fp"":""5.00"",""created_time"":""2026-04-27T22:30:13.202452Z"",""no_price_dollars"":""0.2600"",""taker_side"":""yes"",""ticker"":""KXBTC15M-26APR271845-45"",""trade_id"":""59685d32-0335-7e78-c89e-d95ae15f37a2"",""yes_price_dollars"":""0.7400""}"
KXBTC15M-26APR271845-45,d2cc9867-8a23-5f38-5b33-65c71979ca3a,1777329013,0.73,2.0,no,"{""count_fp"":""2.00"",""created_time"":""2026-04-27T22:30:13.081927Z"",""no_price_dollars"":""0.2700"",""taker_side"":""no"",""ticker"":""KXBTC15M-26APR271845-45"",""trade_id"":""d2cc9867-8a23-5f38-5b33-65c71979ca3a"",""yes_price_dollars"":""0.7300""}"
KXBTC15M-26APR271845-45,8fb6501e-1c7f-56a9-624f-f948e49c91aa,1777329013,0.73,5.0,no,"{""count_fp"":""5.00"",""created_time"":""2026-04-27T22:30:13.081927Z"",""no_price_dollars"":""0.2700"",""taker_side"":""no"",""ticker"":""KXBTC15M-26APR271845-45"",""trade_id"":""8fb6501e-1c7f-56a9-624f-f948e49c91aa"",""yes_price_dollars"":""0.7300""}"
KXBTC15M-26APR271845-45,5f9da7c9-4a82-5b67-791a-8263a478c778,1777329013,0.73,2.47,no,"{""count_fp"":""2.47"",""created_time"":""2026-04-27T22:30:13.081927Z"",""no_price_dollars"":""0.2700"",""taker_side"":""no"",""ticker"":""KXBTC15M-26APR271845-45"",""trade_id"":""5f9da7c9-4a82-5b67-791a-8263a478c778"",""yes_price_dollars"":""0.7300""}"
KXBTC15M-26APR271845-45,5f4fdd67-2937-523e-73a7-7e4203a85c3e,1777329013,0.73,14.65,no,"{""count_fp"":""14.65"",""created_time"":""2026-04-27T22:30:13.081927Z"",""no_price_dollars"":""0.2700"",""taker_side"":""no"",""ticker"":""KXBTC15M-26APR271845-45"",""trade_id"":""5f4fdd67-2937-523e-73a7-7e4203a85c3e"",""yes_price_dollars"":""0.7300""}"
KXBTC15M-26APR271845-45,334a2921-78ac-5444-5ed3-94e2a244c75e,1777329013,0.73,3.0,no,"{""count_fp"":""3.00"",""created_time"":""2026-04-27T22:30:13.081927Z"",""no_price_dollars"":""0.2700"",""taker_side"":""no"",""ticker"":""KXBTC15M-26APR271845-45"",""trade_id"":""334a2921-78ac-5444-5ed3-94e2a244c75e"",""yes_price_dollars"":""0.7300""}"
KXBTC15M-26APR271845-45,24204a7b-4739-57f8-45c5-beed6c31b0bf,1777329013,0.73,485.6,no,"{""count_fp"":""485.60"",""created_time"":""2026-04-27T22:30:13.081927Z"",""no_price_dollars"":""0.2700"",""taker_side"":""no"",""ticker"":""KXBTC15M-26APR271845-45"",""trade_id"":""24204a7b-4739-57f8-45c5-beed6c31b0bf"",""yes_price_dollars"":""0.7300""}"
KXBTC15M-26APR271845-45,3895e888-226a-50d9-1118-d4ec6ab1bece,1777329014,0.73,5.0,no,"{""count_fp"":""5.00"",""created_time"":""2026-04-27T22:30:14.508067Z"",""no_price_dollars"":""0.2700"",""taker_side"":""no"",""ticker"":""KXBTC15M-26APR271845-45"",""trade_id"":""3895e888-226a-50d9-1118-d4ec6ab1bece"",""yes_price_dollars"":""0.7300""}"
KXBTC15M-26APR271845-45,2834c3a5-8648-59e2-021b-3a6edc73a883,1777329014,0.73,56.0,no,"{""count_fp"":""56.00"",""created_time"":""2026-04-27T22:30:14.508067Z"",""no_price_dollars"":""0.2700"",""taker_side"":""no"",""ticker"":""KXBTC15M-26APR271845-45"",""trade_id"":""2834c3a5-8648-59e2-021b-3a6edc73a883"",""yes_price_dollars"":""0.7300""}"
KXBTC15M-26APR271845-45,0ae7c79e-6e91-54af-3506-f3b5ec64d8b9,1777329014,0.73,8.66,no,"{""count_fp"":""8.66"",""created_time"":""2026-04-27T22:30:14.508067Z"",""no_price_dollars"":""0.2700"",""taker_side"":""no"",""ticker"":""KXBTC15M-26APR271845-45"",""trade_id"":""0ae7c79e-6e91-54af-3506-f3b5ec64d8b9"",""yes_price_dollars"":""0.7300""}"
KXBTC15M-26APR271845-45,e435dc56-43ea-5251-1def-3fe83b7063d3,1777329014,0.74,3.0,yes,"{""count_fp"":""3.00"",""created_time"":""2026-04-27T22:30:14.209184Z"",""no_price_dollars"":""0.2600"",""taker_side"":""yes"",""ticker"":""KXBTC15M-26APR271845-45"",""trade_id"":""e435dc56-43ea-5251-1def-3fe83b7063d3"",""yes_price_dollars"":""0.7400""}"
KXBTC15M-26APR271845-45,d831281a-eba8-5758-0b25-f922f0e9215f,1777329014,0.75,2.0,yes,"{""count_fp"":""2.00"",""created_time"":""2026-04-27T22:30:14.209184Z"",""no_price_dollars"":""0.2500"",""taker_side"":""yes"",""ticker"":""KXBTC15M-26APR271845-45"",""trade_id"":""d831281a-eba8-5758-0b25-f922f0e9215f"",""yes_price_dollars"":""0.7500""}"
KXBTC15M-26APR271845-45,8d0b8cd8-391b-533c-13f7-803667510734,1777329014,0.75,6.1,yes,"{""count_fp"":""6.10"",""created_time"":""2026-04-27T22:30:14.209184Z"",""no_price_dollars"":""0.2500"",""taker_side"":""yes"",""ticker"":""KXBTC15M-26APR271845-45"",""trade_id"":""8d0b8cd8-391b-533c-13f7-803667510734"",""yes_price_dollars"":""0.7500""}"
KXBTC15M-26APR271845-45,4803fc9e-6efc-5538-0be0-fc7a2cee17f7,1777329014,0.75,2.0,yes,"{""count_fp"":""2.00"",""created_time"":""2026-04-27T22:30:14.209184Z"",""no_price_dollars"":""0.2500"",""taker_side"":""yes"",""ticker"":""KXBTC15M-26APR271845-45"",""trade_id"":""4803fc9e-6efc-5538-0be0-fc7a2cee17f7"",""yes_price_dollars"":""0.7500""}"
KXBTC15M-26APR271845-45,57521465-b2eb-41c6-d081-e5df5adb9248,1777329015,0.74,6.0,yes,"{""count_fp"":""6.00"",""created_time"":""2026-04-27T22:30:15.608474Z"",""no_price_dollars"":""0.2600"",""taker_side"":""yes"",""ticker"":""KXBTC15M-26APR271845-45"",""trade_id"":""57521465-b2eb-41c6-d081-e5df5adb9248"",""yes_price_dollars"":""0.7400""}"
KXBTC15M-26APR271845-45,06cc10c6-9d97-4934-c8ea-6bc273351644,1777329015,0.75,0.57,yes,"{""count_fp"":""0.57"",""created_time"":""2026-04-27T22:30:15.608474Z"",""no_price_dollars"":""0.2500"",""taker_side"":""yes"",""ticker"":""KXBTC15M-26APR271845-45"",""trade_id"":""06cc10c6-9d97-4934-c8ea-6bc273351644"",""yes_price_dollars"":""0.7500""}"
KXBTC15M-26APR271845-45,0979d5a9-4be5-7ec9-08cb-5aac7de1d2ee,1777329015,0.73,710.86,no,"{""count_fp"":""710.86"",""created_time"":""2026-04-27T22:30:15.298385Z"",""no_price_dollars"":""0.2700"",""taker_side"":""no"",""ticker"":""KXBTC15M-26APR271845-45"",""trade_id"":""0979d5a9-4be5-7ec9-08cb-5aac7de1d2ee"",""yes_price_dollars"":""0.7300""}"
KXBTC15M-26APR271845-45,fe205637-47c1-6ad1-51ab-06b26d85f72e,1777329015,0.73,70.47,no,"{""count_fp"":""70.47"",""created_time"":""2026-04-27T22:30:15.280262Z"",""no_price_dollars"":""0.2700"",""taker_side"":""no"",""ticker"":""KXBTC15M-26APR271845-45"",""trade_id"":""fe205637-47c1-6ad1-51ab-06b26d85f72e"",""yes_price_dollars"":""0.7300""}"
KXBTC15M-26APR271845-45,f9aed1c2-704d-56bf-b847-ccbc45f3fd49,1777329015,0.73,91.34,no,"{""count_fp"":""91.34"",""created_time"":""2026-04-27T22:30:15.167138Z"",""no_price_dollars"":""0.2700"",""taker_side"":""no"",""ticker"":""KXBTC15M-26APR271845-45"",""trade_id"":""f9aed1c2-704d-56bf-b847-ccbc45f3fd49"",""yes_price_dollars"":""0.7300""}"
KXBTC15M-26APR271845-45,d6e539ca-98a1-5709-9301-47007b2430be,1777329015,0.73,210.59,no,"{""count_fp"":""210.59"",""created_time"":""2026-04-27T22:30:15.167138Z"",""no_price_dollars"":""0.2700"",""taker_side"":""no"",""ticker"":""KXBTC15M-26APR271845-45"",""trade_id"":""d6e539ca-98a1-5709-9301-47007b2430be"",""yes_price_dollars"":""0.7300""}"
KXBTC15M-26APR271845-45,8371dea8-60a3-5b83-a75f-fddd0ea636fd,1777329015,0.73,2.0,no,"{""count_fp"":""2.00"",""created_time"":""2026-04-27T22:30:15.167138Z"",""no_price_dollars"":""0.2700"",""taker_side"":""no"",""ticker"":""KXBTC15M-26APR271845-45"",""trade_id"":""8371dea8-60a3-5b83-a75f-fddd0ea636fd"",""yes_price_dollars"":""0.7300""}"
KXBTC15M-26APR271845-45,19281a59-03c7-5923-af39-82f44d0fed4e,1777329015,0.73,5.0,no,"{""count_fp"":""5.00"",""created_time"":""2026-04-27T22:30:15.167138Z"",""no_price_dollars"":""0.2700"",""taker_side"":""no"",""ticker"":""KXBTC15M-26APR271845-45"",""trade_id"":""19281a59-03c7-5923-af39-82f44d0fed4e"",""yes_price_dollars"":""0.7300""}"
KXBTC15M-26APR271845-45,0a8b04d0-33c6-566b-9aa8-edf36f573a1a,1777329015,0.73,3.0,no,"{""count_fp"":""3.00"",""created_time"":""2026-04-27T22:30:15.167138Z"",""no_price_dollars"":""0.2700"",""taker_side"":""no"",""ticker"":""KXBTC15M-26APR271845-45"",""trade_id"":""0a8b04d0-33c6-566b-9aa8-edf36f573a1a"",""yes_price_dollars"":""0.7300""}"
KXBTC15M-26APR271845-45,82101546-a0da-715d-b3a9-d085e3eadb8f,1777329016,0.74,3.52,no,"{""count_fp"":""3.52"",""created_time"":""2026-04-27T22:30:16.930782Z"",""no_price_dollars"":""0.2600"",""taker_side"":""no"",""ticker"":""KXBTC15M-26APR271845-45"",""trade_id"":""82101546-a0da-715d-b3a9-d085e3eadb8f"",""yes_price_dollars"":""0.7400""}"
KXBTC15M-26APR271845-45,4db013bf-99da-58b9-6282-b3264ee52d2b,1777329016,0.74,14.09,no,"{""count_fp"":""14.09"",""created_time"":""2026-04-27T22:30:16.829864Z"",""no_price_dollars"":""0.2600"",""taker_side"":""no"",""ticker"":""KXBTC15M-26APR271845-45"",""trade_id"":""4db013bf-99da-58b9-6282-b3264ee52d2b"",""yes_price_dollars"":""0.7400""}"
KXBTC15M-26APR271845-45,9f912121-2c6b-7fdc-25ba-cf55f3b68724,1777329016,0.75,2.59,yes,"{""count_fp"":""2.59"",""created_time"":""2026-04-27T22:30:16.806679Z"",""no_price_dollars"":""0.2500"",""taker_side"":""yes"",""ticker"":""KXBTC15M-26APR271845-45"",""trade_id"":""9f912121-2c6b-7fdc-25ba-cf55f3b68724"",""yes_price_dollars"":""0.7500""}"
KXBTC15M-26APR271845-45,db06611b-0612-5d79-a681-d2b264e837ff,1777329016,0.74,3.52,no,"{""count_fp"":""3.52"",""created_time"":""2026-04-27T22:30:16.786736Z"",""no_price_dollars"":""0.2600"",""taker_side"":""no"",""ticker"":""KXBTC15M-26APR271845-45"",""trade_id"":""db06611b-0612-5d79-a681-d2b264e837ff"",""yes_price_dollars"":""0.7400""}"
KXBTC15M-26APR271845-45,1493fb7f-82aa-776d-140d-03f032e65f1b,1777329016,0.74,351.94,no,"{""count_fp"":""351.94"",""created_time"":""2026-04-27T22:30:16.770975Z"",""no_price_dollars"":""0.2600"",""taker_side"":""no"",""ticker"":""KXBTC15M-26APR271845-45"",""trade_id"":""1493fb7f-82aa-776d-140d-03f032e65f1b"",""yes_price_dollars"":""0.7400""}"
KXBTC15M-26APR271845-45,5b77de0a-1932-4649-e102-847335ae43ff,1777329016,0.74,38.0,no,"{""count_fp"":""38.00"",""created_time"":""2026-04-27T22:30:16.607297Z"",""no_price_dollars"":""0.2600"",""taker_side"":""no"",""ticker"":""KXBTC15M-26APR271845-45"",""trade_id"":""5b77de0a-1932-4649-e102-847335ae43ff"",""yes_price_dollars"":""0.7400""}"
KXBTC15M-26APR271845-45,a96529e0-07ae-4a29-3593-937cc5b9a53f,1777329016,0.74,1.0,no,"{""count_fp"":""1.00"",""created_time"":""2026-04-27T22:30:16.605511Z"",""no_price_dollars"":""0.2600"",""taker_side"":""no"",""ticker"":""KXBTC15M-26APR271845-45"",""trade_id"":""a96529e0-07ae-4a29-3593-937cc5b9a53f"",""yes_price_dollars"":""0.7400""}"
KXBTC15M-26APR271845-45,e5b43c5a-c67a-6161-fba1-4f7772414427,1777329016,0.74,26.42,no,"{""count_fp"":""26.42"",""created_time"":""2026-04-27T22:30:16.442273Z"",""no_price_dollars"":""0.2600"",""taker_side"":""no"",""ticker"":""KXBTC15M-26APR271845-45"",""trade_id"":""e5b43c5a-c67a-6161-fba1-4f7772414427"",""yes_price_dollars"":""0.7400""}"
KXBTC15M-26APR271845-45,1ee95ce5-b42a-6dad-4363-141477bc560f,1777329016,0.74,1.0,no,"{""count_fp"":""1.00"",""created_time"":""2026-04-27T22:30:16.337618Z"",""no_price_dollars"":""0.2600"",""taker_side"":""no"",""ticker"":""KXBTC15M-26APR271845-45"",""trade_id"":""1ee95ce5-b42a-6dad-4363-141477bc560f"",""yes_price_dollars"":""0.7400""}"
KXBTC15M-26APR271845-45,322449bc-527e-4f51-ea5d-a543941d164b,1777329016,0.74,1.76,no,"{""count_fp"":""1.76"",""created_time"":""2026-04-27T22:30:16.313272Z"",""no_price_dollars"":""0.2600"",""taker_side"":""no"",""ticker"":""KXBTC15M-26APR271845-45"",""trade_id"":""322449bc-527e-4f51-ea5d-a543941d164b"",""yes_price_dollars"":""0.7400""}"
KXBTC15M-26APR271845-45,b6bb40f4-b27e-5109-8f87-cb55ce30cea7,1777329016,0.74,17.61,no,"{""count_fp"":""17.61"",""created_time"":""2026-04-27T22:30:16.309008Z"",""no_price_dollars"":""0.2600"",""taker_side"":""no"",""ticker"":""KXBTC15M-26APR271845-45"",""trade_id"":""b6bb40f4-b27e-5109-8f87-cb55ce30cea7"",""yes_price_dollars"":""0.7400""}"
KXBTC15M-26APR271845-45,92006966-e3c6-4a3d-fbc3-ece706f81887,1777329016,0.74,0.49,no,"{""count_fp"":""0.49"",""created_time"":""2026-04-27T22:30:16.300709Z"",""no_price_dollars"":""0.2600"",""taker_side"":""no"",""ticker"":""KXBTC15M-26APR271845-45"",""trade_id"":""92006966-e3c6-4a3d-fbc3-ece706f81887"",""yes_price_dollars"":""0.7400""}"
KXBTC15M-26APR271845-45,c9e532c5-f1a6-7c1a-a31a-2230b1d20781,1777329016,0.74,2.0,no,"{""count_fp"":""2.00"",""created_time"":""2026-04-27T22:30:16.129402Z"",""no_price_dollars"":""0.2600"",""taker_side"":""no"",""ticker"":""KXBTC15M-26APR271845-45"",""trade_id"":""c9e532c5-f1a6-7c1a-a31a-2230b1d20781"",""yes_price_dollars"":""0.7400""}"
KXBTC15M-26APR271845-45,9901e364-e8b2-7cf5-9cd4-0f5068eb0b7f,1777329016,0.74,36.3,no,"{""count_fp"":""36.30"",""created_time"":""2026-04-27T22:30:16.129402Z"",""no_price_dollars"":""0.2600"",""taker_side"":""no"",""ticker"":""KXBTC15M-26APR271845-45"",""trade_id"":""9901e364-e8b2-7cf5-9cd4-0f5068eb0b7f"",""yes_price_dollars"":""0.7400""}"
KXBTC15M-26APR271845-45,5649f44a-59a7-73d5-8acf-625ad0219a6b,1777329016,0.74,99.64,no,"{""count_fp"":""99.64"",""created_time"":""2026-04-27T22:30:16.129402Z"",""no_price_dollars"":""0.2600"",""taker_side"":""no"",""ticker"":""KXBTC15M-26APR271845-45"",""trade_id"":""5649f44a-59a7-73d5-8acf-625ad0219a6b"",""yes_price_dollars"":""0.7400""}"
KXBTC15M-26APR271845-45,47afba05-5f33-773b-9788-12fe8889e68e,1777329016,0.74,3.0,no,"{""count_fp"":""3.00"",""created_time"":""2026-04-27T22:30:16.129402Z"",""no_price_dollars"":""0.2600"",""taker_side"":""no"",""ticker"":""KXBTC15M-26APR271845-45"",""trade_id"":""47afba05-5f33-773b-9788-12fe8889e68e"",""yes_price_dollars"":""0.7400""}"
KXBTC15M-26APR271845-45,027c77cf-eaab-6383-b0ca-5b2809d595ce,1777329017,0.72,0.54,no,"{""count_fp"":""0.54"",""created_time"":""2026-04-27T22:30:17.956139Z"",""no_price_dollars"":""0.2800"",""taker_side"":""no"",""ticker"":""KXBTC15M-26APR271845-45"",""trade_id"":""027c77cf-eaab-6383-b0ca-5b2809d595ce"",""yes_price_dollars"":""0.7200""}"
KXBTC15M-26APR271845-45,009d6347-1a6d-4668-f0f8-531f81f1c869,1777329017,0.73,26.2,yes,"{""count_fp"":""26.20"",""created_time"":""2026-04-27T22:30:17.771335Z"",""no_price_dollars"":""0.2700"",""taker_side"":""yes"",""ticker"":""KXBTC15M-26APR271845-45"",""trade_id"":""009d6347-1a6d-4668-f0f8-531f81f1c869"",""yes_price_dollars"":""0.7300""}"
KXBTC15M-26APR271845-45,ac853def-2dad-7788-a0e3-39fcf4040339,1777329017,0.73,22.27,yes,"{""count_fp"":""22.27"",""created_time"":""2026-04-27T22:30:17.719522Z"",""no_price_dollars"":""0.2700"",""taker_side"":""yes"",""ticker"":""KXBTC15M-26APR271845-45"",""trade_id"":""ac853def-2dad-7788-a0e3-39fcf4040339"",""yes_price_dollars"":""0.7300""}"
KXBTC15M-26APR271845-45,051d26b6-5ddd-5214-f307-e3211b4f24e5,1777329017,0.73,32.82,yes,"{""count_fp"":""32.82"",""created_time"":""2026-04-27T22:30:17.627626Z"",""no_price_dollars"":""0.2700"",""taker_side"":""yes"",""ticker"":""KXBTC15M-26APR271845-45"",""trade_id"":""051d26b6-5ddd-5214-f307-e3211b4f24e5"",""yes_price_dollars"":""0.7300""}"
KXBTC15M-26APR271845-45,e8e4a54b-cd32-60d8-1b27-4311c4c2d22f,1777329017,0.74,5.0,no,"{""count_fp"":""5.00"",""created_time"":""2026-04-27T22:30:17.546641Z"",""no_price_dollars"":""0.2600"",""taker_side"":""no"",""ticker"":""KXBTC15M-26APR271845-45"",""trade_id"":""e8e4a54b-cd32-60d8-1b27-4311c4c2d22f"",""yes_price_dollars"":""0.7400""}"
KXBTC15M-26APR271845-45,db60ca03-3b2a-6125-13c5-1c0543bbfc83,1777329017,0.74,250.31,no,"{""count_fp"":""250.31"",""created_time"":""2026-04-27T22:30:17.546641Z"",""no_price_dollars"":""0.2600"",""taker_side"":""no"",""ticker"":""KXBTC15M-26APR271845-45"",""trade_id"":""db60ca03-3b2a-6125-13c5-1c0543bbfc83"",""yes_price_dollars"":""0.7400""}"
KXBTC15M-26APR271845-45,c4d9671a-0171-6f63-23e2-9bdf218a252d,1777329017,0.74,3.0,no,"{""count_fp"":""3.00"",""created_time"":""2026-04-27T22:30:17.546641Z"",""no_price_dollars"":""0.2600"",""taker_side"":""no"",""ticker"":""KXBTC15M-26APR271845-45"",""trade_id"":""c4d9671a-0171-6f63-23e2-9bdf218a252d"",""yes_price_dollars"":""0.7400""}"
KXBTC15M-26APR271845-45,56b28b49-7e12-6c1c-0365-fa912db437a5,1777329017,0.73,400.0,no,"{""count_fp"":""400.00"",""created_time"":""2026-04-27T22:30:17.546641Z"",""no_price_dollars"":""0.2700"",""taker_side"":""no"",""ticker"":""KXBTC15M-26APR271845-45"",""trade_id"":""56b28b49-7e12-6c1c-0365-fa912db437a5"",""yes_price_dollars"":""0.7300""}"
KXBTC15M-26APR271845-45,55efd1ef-cb4e-65e1-00d6-71e75c11ac7a,1777329017,0.73,10.0,no,"{""count_fp"":""10.00"",""created_time"":""2026-04-27T22:30:17.546641Z"",""no_price_dollars"":""0.2700"",""taker_side"":""no"",""ticker"":""KXBTC15M-26APR271845-45"",""trade_id"":""55efd1ef-cb4e-65e1-00d6-71e75c11ac7a"",""yes_price_dollars"":""0.7300""}"
KXBTC15M-26APR271845-45,4fde21a5-6eab-6e71-21eb-da51a8108207,1777329017,0.74,100.0,no,"{""count_fp"":""100.00"",""created_time"":""2026-04-27T22:30:17.546641Z"",""no_price_dollars"":""0.2600"",""taker_side"":""no"",""ticker"":""KXBTC15M-26APR271845-45"",""trade_id"":""4fde21a5-6eab-6e71-21eb-da51a8108207"",""yes_price_dollars"":""0.7400""}"
KXBTC15M-26APR271845-45,17687d3e-60ef-6da1-14be-22326c89e8be,1777329017,0.74,6.0,no,"{""count_fp"":""6.00"",""created_time"":""2026-04-27T22:30:17.546641Z"",""no_price_dollars"":""0.2600"",""taker_side"":""no"",""ticker"":""KXBTC15M-26APR271845-45"",""trade_id"":""17687d3e-60ef-6da1-14be-22326c89e8be"",""yes_price_dollars"":""0.7400""}"
KXBTC15M-26APR271845-45,170c6579-fecb-64dc-1a7b-3550723ef78f,1777329017,0.74,10.0,no,"{""count_fp"":""10.00"",""created_time"":""2026-04-27T22:30:17.546641Z"",""no_price_dollars"":""0.2600"",""taker_side"":""no"",""ticker"":""KXBTC15M-26APR271845-45"",""trade_id"":""170c6579-fecb-64dc-1a7b-3550723ef78f"",""yes_price_dollars"":""0.7400""}"
KXBTC15M-26APR271845-45,9f8b6b38-80ba-6a79-d5ae-47d41dfb8c27,1777329017,0.74,175.52,no,"{""count_fp"":""175.52"",""created_time"":""2026-04-27T22:30:17.392453Z"",""no_price_dollars"":""0.2600"",""taker_side"":""no"",""ticker"":""KXBTC15M-26APR271845-45"",""trade_id"":""9f8b6b38-80ba-6a79-d5ae-47d41dfb8c27"",""yes_price_dollars"":""0.7400""}"
KXBTC15M-26APR271845-45,b61b85aa-8512-4b6d-11ea-8be7b4d8cd83,1777329017,0.74,73.11,no,"{""count_fp"":""73.11"",""created_time"":""2026-04-27T22:30:17.276046Z"",""no_price_dollars"":""0.2600"",""taker_side"":""no"",""ticker"":""KXBTC15M-26APR271845-45"",""trade_id"":""b61b85aa-8512-4b6d-11ea-8be7b4d8cd83"",""yes_price_dollars"":""0.7400""}"
KXBTC15M-26APR271845-45,4a3618fb-f8d6-6f05-e467-0c29d1ff887b,1777329017,0.74,3.65,no,"{""count_fp"":""3.65"",""created_time"":""2026-04-27T22:30:17.161079Z"",""no_price_dollars"":""0.2600"",""taker_side"":""no"",""ticker"":""KXBTC15M-26APR271845-45"",""trade_id"":""4a3618fb-f8d6-6f05-e467-0c29d1ff887b"",""yes_price_dollars"":""0.7400""}"
KXBTC15M-26APR271845-45,a61212e7-42f3-62e4-757d-f3f69eaa9188,1777329017,0.75,0.74,yes,"{""count_fp"":""0.74"",""created_time"":""2026-04-27T22:30:17.046734Z"",""no_price_dollars"":""0.2500"",""taker_side"":""yes"",""ticker"":""KXBTC15M-26APR271845-45"",""trade_id"":""a61212e7-42f3-62e4-757d-f3f69eaa9188"",""yes_price_dollars"":""0.7500""}"
KXBTC15M-26APR271845-45,549b45c9-f5bc-6206-669c-d8918cb4afe5,1777329017,0.75,0.58,yes,"{""count_fp"":""0.58"",""created_time"":""2026-04-27T22:30:17.046734Z"",""no_price_dollars"":""0.2500"",""taker_side"":""yes"",""ticker"":""KXBTC15M-26APR271845-45"",""trade_id"":""549b45c9-f5bc-6206-669c-d8918cb4afe5"",""yes_price_dollars"":""0.7500""}"
KXBTC15M-26APR271845-45,cc4b5f54-6795-7308-976f-a3a3d719b10d,1777329018,0.73,2.0,yes,"{""count_fp"":""2.00"",""created_time"":""2026-04-27T22:30:18.998098Z"",""no_price_dollars"":""0.2700"",""taker_side"":""yes"",""ticker"":""KXBTC15M-26APR271845-45"",""trade_id"":""cc4b5f54-6795-7308-976f-a3a3d719b10d"",""yes_price_dollars"":""0.7300""}"
KXBTC15M-26APR271845-45,b89a4c0f-1c95-4c84-3a54-6654c6e33c31,1777329018,0.73,113.05,yes,"{""count_fp"":""113.05"",""created_time"":""2026-04-27T22:30:18.641217Z"",""no_price_dollars"":""0.2700"",""taker_side"":""yes"",""ticker"":""KXBTC15M-26APR271845-45"",""trade_id"":""b89a4c0f-1c95-4c84-3a54-6654c6e33c31"",""yes_price_dollars"":""0.7300""}"
KXBTC15M-26APR271845-45,d0b492ea-858d-6c60-0fbe-108d5fa5efed,1777329018,0.73,2.62,yes,"{""count_fp"":""2.62"",""created_time"":""2026-04-27T22:30:18.211036Z"",""no_price_dollars"":""0.2700"",""taker_side"":""yes"",""ticker"":""KXBTC15M-26APR271845-45"",""trade_id"":""d0b492ea-858d-6c60-0fbe-108d5fa5efed"",""yes_price_dollars"":""0.7300""}"
KXBTC15M-26APR271845-45,34597c7f-db27-623f-7fc3-c4c135357ece,1777329018,0.72,5.0,no,"{""count_fp"":""5.00"",""created_time"":""2026-04-27T22:30:18.174198Z"",""no_price_dollars"":""0.2800"",""taker_side"":""no"",""ticker"":""KXBTC15M-26APR271845-45"",""trade_id"":""34597c7f-db27-623f-7fc3-c4c135357ece"",""yes_price_dollars"":""0.7200""}"
KXBTC15M-26APR271845-45,c867a1ec-eae7-702f-236e-f2f48c53c0b6,1777329019,0.72,88.06,no,"{""count_fp"":""88.06"",""created_time"":""2026-04-27T22:30:19.989136Z"",""no_price_dollars"":""0.2800"",""taker_side"":""no"",""ticker"":""KXBTC15M-26APR271845-45"",""trade_id"":""c867a1ec-eae7-702f-236e-f2f48c53c0b6"",""yes_price_dollars"":""0.7200""}"
KXBTC15M-26APR271845-45,2c5b89d4-5e73-7e67-2d61-b84274ed34f2,1777329019,0.72,6.8,no,"{""count_fp"":""6.80"",""created_time"":""2026-04-27T22:30:19.930903Z"",""no_price_dollars"":""0.2800"",""taker_side"":""no"",""ticker"":""KXBTC15M-26APR271845-45"",""trade_id"":""2c5b89d4-5e73-7e67-2d61-b84274ed34f2"",""yes_price_dollars"":""0.7200""}"
KXBTC15M-26APR271845-45,55b24c23-3a33-40ef-b06e-76988909e17e,1777329019,0.72,6.78,no,"{""count_fp"":""6.78"",""created_time"":""2026-04-27T22:30:19.653055Z"",""no_price_dollars"":""0.2800"",""taker_side"":""no"",""ticker"":""KXBTC15M-26APR271845-45"",""trade_id"":""55b24c23-3a33-40ef-b06e-76988909e17e"",""yes_price_dollars"":""0.7200""}"
KXBTC15M-26APR271845-45,0f2537dd-5387-635b-2073-4ddd4c1d3aa2,1777329019,0.72,51.0,no,"{""count_fp"":""51.00"",""created_time"":""2026-04-27T22:30:19.647569Z"",""no_price_dollars"":""0.2800"",""taker_side"":""no"",""ticker"":""KXBTC15M-26APR271845-45"",""trade_id"":""0f2537dd-5387-635b-2073-4ddd4c1d3aa2"",""yes_price_dollars"":""0.7200""}"
KXBTC15M-26APR271845-45,6a2a5f99-4225-7e10-d028-a3cbfe078cb9,1777329019,0.73,14.78,yes,"{""count_fp"":""14.78"",""created_time"":""2026-04-27T22:30:19.536031Z"",""no_price_dollars"":""0.2700"",""taker_side"":""yes"",""ticker"":""KXBTC15M-26APR271845-45"",""trade_id"":""6a2a5f99-4225-7e10-d028-a3cbfe078cb9"",""yes_price_dollars"":""0.7300""}"
KXBTC15M-26APR271845-45,0ef3d952-793b-5fd3-f329-a386dec0defa,1777329019,0.72,136.0,no,"{""count_fp"":""136.00"",""created_time"":""2026-04-27T22:30:19.104696Z"",""no_price_dollars"":""0.2800"",""taker_side"":""no"",""ticker"":""KXBTC15M-26APR271845-45"",""trade_id"":""0ef3d952-793b-5fd3-f329-a386dec0defa"",""yes_price_dollars"":""0.7200""}"
KXBTC15M-26APR271845-45,706b7853-1fd7-4747-5080-bd5a819e0596,1777329020,0.72,40.8,no,"{""count_fp"":""40.80"",""created_time"":""2026-04-27T22:30:20.444299Z"",""no_price_dollars"":""0.2800"",""taker_side"":""no"",""ticker"":""KXBTC15M-26APR271845-45"",""trade_id"":""706b7853-1fd7-4747-5080-bd5a819e0596"",""yes_price_dollars"":""0.7200""}"
KXBTC15M-26APR271845-45,80cd8f61-c381-4828-026d-64808302e649,1777329020,0.73,16.13,yes,"{""count_fp"":""16.13"",""created_time"":""2026-04-27T22:30:20.350028Z"",""no_price_dollars"":""0.2700"",""taker_side"":""yes"",""ticker"":""KXBTC15M-26APR271845-45"",""trade_id"":""80cd8f61-c381-4828-026d-64808302e649"",""yes_price_dollars"":""0.7300""}"
KXBTC15M-26APR271845-45,950404d4-7f7b-6c17-847f-e27c49aa5c16,1777329020,0.72,64.0,no,"{""count_fp"":""64.00"",""created_time"":""2026-04-27T22:30:20.317276Z"",""no_price_dollars"":""0.2800"",""taker_side"":""no"",""ticker"":""KXBTC15M-26APR271845-45"",""trade_id"":""950404d4-7f7b-6c17-847f-e27c49aa5c16"",""yes_price_dollars"":""0.7200""}"
KXBTC15M-26APR271845-45,a949f9ce-27c7-597f-c7f7-3a9c977833be,1777329020,0.72,5.0,no,"{""count_fp"":""5.00"",""created_time"":""2026-04-27T22:30:20.256691Z"",""no_price_dollars"":""0.2800"",""taker_side"":""no"",""ticker"":""KXBTC15M-26APR271845-45"",""trade_id"":""a949f9ce-27c7-597f-c7f7-3a9c977833be"",""yes_price_dollars"":""0.7200""}"
KXBTC15M-26APR271845-45,c6e8fc8c-02eb-52db-3040-7be44bb0f1aa,1777329020,0.72,1.7,no,"{""count_fp"":""1.70"",""created_time"":""2026-04-27T22:30:20.129724Z"",""no_price_dollars"":""0.2800"",""taker_side"":""no"",""ticker"":""KXBTC15M-26APR271845-45"",""trade_id"":""c6e8fc8c-02eb-52db-3040-7be44bb0f1aa"",""yes_price_dollars"":""0.7200""}"
KXBTC15M-26APR271845-45,afc1bc26-ccb5-6ec0-f802-73074024adbd,1777329020,0.73,9.0,yes,"{""count_fp"":""9.00"",""created_time"":""2026-04-27T22:30:20.113257Z"",""no_price_dollars"":""0.2700"",""taker_side"":""yes"",""ticker"":""KXBTC15M-26APR271845-45"",""trade_id"":""afc1bc26-ccb5-6ec0-f802-73074024adbd"",""yes_price_dollars"":""0.7300""}"
KXBTC15M-26APR271845-45,a1670a35-7fea-5b1e-7877-85b419985b8c,1777329021,0.71,65.7,no,"{""count_fp"":""65.70"",""created_time"":""2026-04-27T22:30:21.724064Z"",""no_price_dollars"":""0.2900"",""taker_side"":""no"",""ticker"":""KXBTC15M-26APR271845-45"",""trade_id"":""a1670a35-7fea-5b1e-7877-85b419985b8c"",""yes_price_dollars"":""0.7100""}"
KXBTC15M-26APR271845-45,712b021e-d615-7ce5-11a6-56a524cd9c13,1777329021,0.71,5.0,no,"{""count_fp"":""5.00"",""created_time"":""2026-04-27T22:30:21.351752Z"",""no_price_dollars"":""0.2900"",""taker_side"":""no"",""ticker"":""KXBTC15M-26APR271845-45"",""trade_id"":""712b021e-d615-7ce5-11a6-56a524cd9c13"",""yes_price_dollars"":""0.7100""}"
KXBTC15M-26APR271845-45,6f2c4cf5-e20a-7583-03a9-0b3f09d9be5f,1777329021,0.71,3.0,no,"{""count_fp"":""3.00"",""created_time"":""2026-04-27T22:30:21.351752Z"",""no_price_dollars"":""0.2900"",""taker_side"":""no"",""ticker"":""KXBTC15M-26APR271845-45"",""trade_id"":""6f2c4cf5-e20a-7583-03a9-0b3f09d9be5f"",""yes_price_dollars"":""0.7100""}"
KXBTC15M-26APR271845-45,8621e83e-7da1-7de8-5747-465cb1127faa,1777329022,0.71,16.0,no,"{""count_fp"":""16.00"",""created_time"":""2026-04-27T22:30:22.961413Z"",""no_price_dollars"":""0.2900"",""taker_side"":""no"",""ticker"":""KXBTC15M-26APR271845-45"",""trade_id"":""8621e83e-7da1-7de8-5747-465cb1127faa"",""yes_price_dollars"":""0.7100""}"
KXBTC15M-26APR271845-45,63d3494b-e02d-4354-97b7-68770f9f26c2,1777329022,0.71,16.42,no,"{""count_fp"":""16.42"",""created_time"":""2026-04-27T22:30:22.880562Z"",""no_price_dollars"":""0.2900"",""taker_side"":""no"",""ticker"":""KXBTC15M-26APR271845-45"",""trade_id"":""63d3494b-e02d-4354-97b7-68770f9f26c2"",""yes_price_dollars"":""0.7100""}"
KXBTC15M-26APR271845-45,363f9c52-b26d-405c-1f17-8521a34c46d6,1777329022,0.71,16.42,no,"{""count_fp"":""16.42"",""created_time"":""2026-04-27T22:30:22.726486Z"",""no_price_dollars"":""0.2900"",""taker_side"":""no"",""ticker"":""KXBTC15M-26APR271845-45"",""trade_id"":""363f9c52-b26d-405c-1f17-8521a34c46d6"",""yes_price_dollars"":""0.7100""}"
KXBTC15M-26APR271845-45,fd5263be-b275-7c32-b66c-9169b36b0413,1777329022,0.71,3.0,no,"{""count_fp"":""3.00"",""created_time"":""2026-04-27T22:30:22.438832Z"",""no_price_dollars"":""0.2900"",""taker_side"":""no"",""ticker"":""KXBTC15M-26APR271845-45"",""trade_id"":""fd5263be-b275-7c32-b66c-9169b36b0413"",""yes_price_dollars"":""0.7100""}"
KXBTC15M-26APR271845-45,f56e1fa0-5612-78de-b4af-2a7e19382974,1777329022,0.71,201.45,no,"{""count_fp"":""201.45"",""created_time"":""2026-04-27T22:30:22.438832Z"",""no_price_dollars"":""0.2900"",""taker_side"":""no"",""ticker"":""KXBTC15M-26APR271845-45"",""trade_id"":""f56e1fa0-5612-78de-b4af-2a7e19382974"",""yes_price_dollars"":""0.7100""}"
KXBTC15M-26APR271845-45,85d4b3ee-f578-75c1-8db6-a6f05186ccf3,1777329022,0.71,2.0,no,"{""count_fp"":""2.00"",""created_time"":""2026-04-27T22:30:22.438832Z"",""no_price_dollars"":""0.2900"",""taker_side"":""no"",""ticker"":""KXBTC15M-26APR271845-45"",""trade_id"":""85d4b3ee-f578-75c1-8db6-a6f05186ccf3"",""yes_price_dollars"":""0.7100""}"
KXBTC15M-26APR271845-45,82d0dd7b-6e15-78d0-8e43-0746c58d61be,1777329022,0.71,382.09,no,"{""count_fp"":""382.09"",""created_time"":""2026-04-27T22:30:22.438832Z"",""no_price_dollars"":""0.2900"",""taker_side"":""no"",""ticker"":""KXBTC15M-26APR271845-45"",""trade_id"":""82d0dd7b-6e15-78d0-8e43-0746c58d61be"",""yes_price_dollars"":""0.7100""}"
KXBTC15M-26APR271845-45,5f5c0be8-2bd0-73ff-82c4-2183b2f0c8d0,1777329022,0.71,100.0,no,"{""count_fp"":""100.00"",""created_time"":""2026-04-27T22:30:22.438832Z"",""no_price_dollars"":""0.2900"",""taker_side"":""no"",""ticker"":""KXBTC15M-26APR271845-45"",""trade_id"":""5f5c0be8-2bd0-73ff-82c4-2183b2f0c8d0"",""yes_price_dollars"":""0.7100""}"
KXBTC15M-26APR271845-45,317d39a4-cd9c-7c64-93cb-7e8a9704874f,1777329022,0.71,1.0,no,"{""count_fp"":""1.00"",""created_time"":""2026-04-27T22:30:22.438832Z"",""no_price_dollars"":""0.2900"",""taker_side"":""no"",""ticker"":""KXBTC15M-26APR271845-45"",""trade_id"":""317d39a4-cd9c-7c64-93cb-7e8a9704874f"",""yes_price_dollars"":""0.7100""}"
KXBTC15M-26APR271845-45,0b4dec16-78ad-72bd-b99d-ebed524403c6,1777329022,0.71,5.0,no,"{""count_fp"":""5.00"",""created_time"":""2026-04-27T22:30:22.438832Z"",""no_price_dollars"":""0.2900"",""taker_side"":""no"",""ticker"":""KXBTC15M-26APR271845-45"",""trade_id"":""0b4dec16-78ad-72bd-b99d-ebed524403c6"",""yes_price_dollars"":""0.7100""}"
KXBTC15M-26APR271845-45,2396ddc4-e78a-5d02-8d96-ef81d80431a0,1777329022,0.71,32.85,no,"{""count_fp"":""32.85"",""created_time"":""2026-04-27T22:30:22.303576Z"",""no_price_dollars"":""0.2900"",""taker_side"":""no"",""ticker"":""KXBTC15M-26APR271845-45"",""trade_id"":""2396ddc4-e78a-5d02-8d96-ef81d80431a0"",""yes_price_dollars"":""0.7100""}"
KXBTC15M-26APR271845-45,6de30195-fcfa-57b8-8271-3bd31f60aa5b,1777329022,0.72,26.88,yes,"{""count_fp"":""26.88"",""created_time"":""2026-04-27T22:30:22.301143Z"",""no_price_dollars"":""0.2800"",""taker_side"":""yes"",""ticker"":""KXBTC15M-26APR271845-45"",""trade_id"":""6de30195-fcfa-57b8-8271-3bd31f60aa5b"",""yes_price_dollars"":""0.7200""}"
KXBTC15M-26APR271845-45,ce03e917-d2be-5a2a-61dd-721d850cadec,1777329022,0.71,200.0,no,"{""count_fp"":""200.00"",""created_time"":""2026-04-27T22:30:22.205046Z"",""no_price_dollars"":""0.2900"",""taker_side"":""no"",""ticker"":""KXBTC15M-26APR271845-45"",""trade_id"":""ce03e917-d2be-5a2a-61dd-721d850cadec"",""yes_price_dollars"":""0.7100""}"
KXBTC15M-26APR271845-45,6626b4bd-5e99-7da8-597b-b438755b8295,1777329023,0.73,10.67,yes,"{""count_fp"":""10.67"",""created_time"":""2026-04-27T22:30:23.940477Z"",""no_price_dollars"":""0.2700"",""taker_side"":""yes"",""ticker"":""KXBTC15M-26APR271845-45"",""trade_id"":""6626b4bd-5e99-7da8-597b-b438755b8295"",""yes_price_dollars"":""0.7300""}"
KXBTC15M-26APR271845-45,515db099-56b8-5a47-aa3a-d17cc4c5c9ef,1777329023,0.72,2.0,no,"{""count_fp"":""2.00"",""created_time"":""2026-04-27T22:30:23.866083Z"",""no_price_dollars"":""0.2800"",""taker_side"":""no"",""ticker"":""KXBTC15M-26APR271845-45"",""trade_id"":""515db099-56b8-5a47-aa3a-d17cc4c5c9ef"",""yes_price_dollars"":""0.7200""}"
KXBTC15M-26APR271845-45,aa69843d-6fcc-6fcb-8462-7e447a9cee77,1777329023,0.72,45.99,no,"{""count_fp"":""45.99"",""created_time"":""2026-04-27T22:30:23.554732Z"",""no_price_dollars"":""0.2800"",""taker_side"":""no"",""ticker"":""KXBTC15M-26APR271845-45"",""trade_id"":""aa69843d-6fcc-6fcb-8462-7e447a9cee77"",""yes_price_dollars"":""0.7200""}"
KXBTC15M-26APR271845-45,57e44dea-4ab4-5db3-6895-277a29ad1623,1777329023,0.72,10.2,no,"{""count_fp"":""10.20"",""created_time"":""2026-04-27T22:30:23.543496Z"",""no_price_dollars"":""0.2800"",""taker_side"":""no"",""ticker"":""KXBTC15M-26APR271845-45"",""trade_id"":""57e44dea-4ab4-5db3-6895-277a29ad1623"",""yes_price_dollars"":""0.7200""}"
KXBTC15M-26APR271845-45,b2ec0217-d859-77f4-0918-612e1dcf412d,1777329023,0.73,3.0,yes,"{""count_fp"":""3.00"",""created_time"":""2026-04-27T22:30:23.341668Z"",""no_price_dollars"":""0.2700"",""taker_side"":""yes"",""ticker"":""KXBTC15M-26APR271845-45"",""trade_id"":""b2ec0217-d859-77f4-0918-612e1dcf412d"",""yes_price_dollars"":""0.7300""}"
KXBTC15M-26APR271845-45,dfbe0e63-1bde-6807-5e9c-b6dc42dc3613,1777329023,0.72,44.68,no,"{""count_fp"":""44.68"",""created_time"":""2026-04-27T22:30:23.270812Z"",""no_price_dollars"":""0.2800"",""taker_side"":""no"",""ticker"":""KXBTC15M-26APR271845-45"",""trade_id"":""dfbe0e63-1bde-6807-5e9c-b6dc42dc3613"",""yes_price_dollars"":""0.7200""}"
KXBTC15M-26APR271845-45,d0907ad3-24f8-6b6b-5790-bd2c3475fe39,1777329023,0.72,50.32,no,"{""count_fp"":""50.32"",""created_time"":""2026-04-27T22:30:23.270812Z"",""no_price_dollars"":""0.2800"",""taker_side"":""no"",""ticker"":""KXBTC15M-26APR271845-45"",""trade_id"":""d0907ad3-24f8-6b6b-5790-bd2c3475fe39"",""yes_price_dollars"":""0.7200""}"
KXBTC15M-26APR271845-45,b777003c-f2a9-7ec0-68f8-c70037908106,1777329023,0.71,46.27,no,"{""count_fp"":""46.27"",""created_time"":""2026-04-27T22:30:23.169021Z"",""no_price_dollars"":""0.2900"",""taker_side"":""no"",""ticker"":""KXBTC15M-26APR271845-45"",""trade_id"":""b777003c-f2a9-7ec0-68f8-c70037908106"",""yes_price_dollars"":""0.7100""}"
KXBTC15M-26APR271845-45,149603f2-4e20-7bed-4028-ddd35dce85fd,1777329023,0.72,3.0,no,"{""count_fp"":""3.00"",""created_time"":""2026-04-27T22:30:23.169021Z"",""no_price_dollars"":""0.2800"",""taker_side"":""no"",""ticker"":""KXBTC15M-26APR271845-45"",""trade_id"":""149603f2-4e20-7bed-4028-ddd35dce85fd"",""yes_price_dollars"":""0.7200""}"
KXBTC15M-26APR271845-45,86736705-0c9a-7b70-4509-b955147a6d4b,1777329023,0.72,14.98,yes,"{""count_fp"":""14.98"",""created_time"":""2026-04-27T22:30:23.093847Z"",""no_price_dollars"":""0.2800"",""taker_side"":""yes"",""ticker"":""KXBTC15M-26APR271845-45"",""trade_id"":""86736705-0c9a-7b70-4509-b955147a6d4b"",""yes_price_dollars"":""0.7200""}"
KXBTC15M-26APR271845-45,29efe696-2b0d-7c00-37d8-85309021f6ed,1777329024,0.73,0.13,yes,"{""count_fp"":""0.13"",""created_time"":""2026-04-27T22:30:24.990981Z"",""no_price_dollars"":""0.2700"",""taker_side"":""yes"",""ticker"":""KXBTC15M-26APR271845-45"",""trade_id"":""29efe696-2b0d-7c00-37d8-85309021f6ed"",""yes_price_dollars"":""0.7300""}"
KXBTC15M-26APR271845-45,12956c91-e503-4f67-c152-c800d0d74b8a,1777329024,0.72,85.0,no,"{""count_fp"":""85.00"",""created_time"":""2026-04-27T22:30:24.972891Z"",""no_price_dollars"":""0.2800"",""taker_side"":""no"",""ticker"":""KXBTC15M-26APR271845-45"",""trade_id"":""12956c91-e503-4f67-c152-c800d0d74b8a"",""yes_price_dollars"":""0.7200""}"
KXBTC15M-26APR271845-45,e23bb001-5cdf-6ec7-3063-16311e6170f2,1777329024,0.72,52.48,no,"{""count_fp"":""52.48"",""created_time"":""2026-04-27T22:30:24.971141Z"",""no_price_dollars"":""0.2800"",""taker_side"":""no"",""ticker"":""KXBTC15M-26APR271845-45"",""trade_id"":""e23bb001-5cdf-6ec7-3063-16311e6170f2"",""yes_price_dollars"":""0.7200""}"
KXBTC15M-26APR271845-45,cf00096d-b2da-6bbe-1876-d9b3e2f519a0,1777329024,0.72,2.0,no,"{""count_fp"":""2.00"",""created_time"":""2026-04-27T22:30:24.971141Z"",""no_price_dollars"":""0.2800"",""taker_side"":""no"",""ticker"":""KXBTC15M-26APR271845-45"",""trade_id"":""cf00096d-b2da-6bbe-1876-d9b3e2f519a0"",""yes_price_dollars"":""0.7200""}"
KXBTC15M-26APR271845-45,a3a3645d-e2a1-655a-2144-26866bda44d6,1777329024,0.72,3.0,no,"{""count_fp"":""3.00"",""created_time"":""2026-04-27T22:30:24.971141Z"",""no_price_dollars"":""0.2800"",""taker_side"":""no"",""ticker"":""KXBTC15M-26APR271845-45"",""trade_id"":""a3a3645d-e2a1-655a-2144-26866bda44d6"",""yes_price_dollars"":""0.7200""}"
KXBTC15M-26APR271845-45,75e32653-4e3c-608b-2540-945415b4e93b,1777329024,0.72,192.34,no,"{""count_fp"":""192.34"",""created_time"":""2026-04-27T22:30:24.971141Z"",""no_price_dollars"":""0.2800"",""taker_side"":""no"",""ticker"":""KXBTC15M-26APR271845-45"",""trade_id"":""75e32653-4e3c-608b-2540-945415b4e93b"",""yes_price_dollars"":""0.7200""}"
KXBTC15M-26APR271845-45,5ed06ab9-f035-6d50-35d1-a73546465a5e,1777329024,0.72,1000.8,no,"{""count_fp"":""1000.80"",""created_time"":""2026-04-27T22:30:24.971141Z"",""no_price_dollars"":""0.2800"",""taker_side"":""no"",""ticker"":""KXBTC15M-26APR271845-45"",""trade_id"":""5ed06ab9-f035-6d50-35d1-a73546465a5e"",""yes_price_dollars"":""0.7200""}"
KXBTC15M-26APR271845-45,43eb06ba-81cc-6c03-035f-cecd63d59a6c,1777329024,0.72,5.0,no,"{""count_fp"":""5.00"",""created_time"":""2026-04-27T22:30:24.971141Z"",""no_price_dollars"":""0.2800"",""taker_side"":""no"",""ticker"":""KXBTC15M-26APR271845-45"",""trade_id"":""43eb06ba-81cc-6c03-035f-cecd63d59a6c"",""yes_price_dollars"":""0.7200""}"
KXBTC15M-26APR271845-45,3c3145a6-dde2-6517-3cb7-904e3b252fda,1777329024,0.72,344.73,no,"{""count_fp"":""344.73"",""created_time"":""2026-04-27T22:30:24.971141Z"",""no_price_dollars"":""0.2800"",""taker_side"":""no"",""ticker"":""KXBTC15M-26APR271845-45"",""trade_id"":""3c3145a6-dde2-6517-3cb7-904e3b252fda"",""yes_price_dollars"":""0.7200""}"
KXBTC15M-26APR271845-45,27b6bfc5-2010-6367-0f48-5f0cb409c18d,1777329024,0.72,99.68,no,"{""count_fp"":""99.68"",""created_time"":""2026-04-27T22:30:24.971141Z"",""no_price_dollars"":""0.2800"",""taker_side"":""no"",""ticker"":""KXBTC15M-26APR271845-45"",""trade_id"":""27b6bfc5-2010-6367-0f48-5f0cb409c18d"",""yes_price_dollars"":""0.7200""}"
KXBTC15M-26APR271845-45,0bf0f744-8c1c-74d7-0a80-96a8aa52aa4f,1777329024,0.72,6.0,no,"{""count_fp"":""6.00"",""created_time"":""2026-04-27T22:30:24.913486Z"",""no_price_dollars"":""0.2800"",""taker_side"":""no"",""ticker"":""KXBTC15M-26APR271845-45"",""trade_id"":""0bf0f744-8c1c-74d7-0a80-96a8aa52aa4f"",""yes_price_dollars"":""0.7200""}"
KXBTC15M-26APR271845-45,fdd6ac47-eb4c-6ef7-ab83-86369bf7e1e3,1777329024,0.72,1.0,no,"{""count_fp"":""1.00"",""created_time"":""2026-04-27T22:30:24.897704Z"",""no_price_dollars"":""0.2800"",""taker_side"":""no"",""ticker"":""KXBTC15M-26APR271845-45"",""trade_id"":""fdd6ac47-eb4c-6ef7-ab83-86369bf7e1e3"",""yes_price_dollars"":""0.7200""}"
KXBTC15M-26APR271845-45,98aa0a5e-8130-6d9b-d7f3-32a132089e87,1777329024,0.72,10.2,no,"{""count_fp"":""10.20"",""created_time"":""2026-04-27T22:30:24.880334Z"",""no_price_dollars"":""0.2800"",""taker_side"":""no"",""ticker"":""KXBTC15M-26APR271845-45"",""trade_id"":""98aa0a5e-8130-6d9b-d7f3-32a132089e87"",""yes_price_dollars"":""0.7200""}"
KXBTC15M-26APR271845-45,b650b1fc-413c-6d73-e3c6-7589c8c07ccf,1777329024,0.72,50.0,no,"{""count_fp"":""50.00"",""created_time"":""2026-04-27T22:30:24.779133Z"",""no_price_dollars"":""0.2800"",""taker_side"":""no"",""ticker"":""KXBTC15M-26APR271845-45"",""trade_id"":""b650b1fc-413c-6d73-e3c6-7589c8c07ccf"",""yes_price_dollars"":""0.7200""}"
KXBTC15M-26APR271845-45,5a2c2bde-98e8-438b-a421-fc5f0abe1bf3,1777329024,0.72,16.42,no,"{""count_fp"":""16.42"",""created_time"":""2026-04-27T22:30:24.716288Z"",""no_price_dollars"":""0.2800"",""taker_side"":""no"",""ticker"":""KXBTC15M-26APR271845-45"",""trade_id"":""5a2c2bde-98e8-438b-a421-fc5f0abe1bf3"",""yes_price_dollars"":""0.7200""}"
KXBTC15M-26APR271845-45,c2f31d99-c934-7fb3-cc64-2a2448ef3b1b,1777329024,0.72,12.0,no,"{""count_fp"":""12.00"",""created_time"":""2026-04-27T22:30:24.633447Z"",""no_price_dollars"":""0.2800"",""taker_side"":""no"",""ticker"":""KXBTC15M-26APR271845-45"",""trade_id"":""c2f31d99-c934-7fb3-cc64-2a2448ef3b1b"",""yes_price_dollars"":""0.7200""}"
KXBTC15M-26APR271845-45,3254ec88-a784-562b-3829-a006d80e5f53,1777329024,0.72,32.85,no,"{""count_fp"":""32.85"",""created_time"":""2026-04-27T22:30:24.473975Z"",""no_price_dollars"":""0.2800"",""taker_side"":""no"",""ticker"":""KXBTC15M-26APR271845-45"",""trade_id"":""3254ec88-a784-562b-3829-a006d80e5f53"",""yes_price_dollars"":""0.7200""}"
KXBTC15M-26APR271845-45,e49db057-7ecc-6b63-b780-52de28fa13bb,1777329024,0.72,100.0,no,"{""count_fp"":""100.00"",""created_time"":""2026-04-27T22:30:24.283587Z"",""no_price_dollars"":""0.2800"",""taker_side"":""no"",""ticker"":""KXBTC15M-26APR271845-45"",""trade_id"":""e49db057-7ecc-6b63-b780-52de28fa13bb"",""yes_price_dollars"":""0.7200""}"
KXBTC15M-26APR271845-45,7c5e3e89-3e78-5b67-1a7b-a5dc5d1614d7,1777329024,0.72,1.0,no,"{""count_fp"":""1.00"",""created_time"":""2026-04-27T22:30:24.266984Z"",""no_price_dollars"":""0.2800"",""taker_side"":""no"",""ticker"":""KXBTC15M-26APR271845-45"",""trade_id"":""7c5e3e89-3e78-5b67-1a7b-a5dc5d1614d7"",""yes_price_dollars"":""0.7200""}"
KXBTC15M-26APR271845-45,978e4815-cd54-7863-dbea-f2ac976b345f,1777329024,0.72,20.0,no,"{""count_fp"":""20.00"",""created_time"":""2026-04-27T22:30:24.002445Z"",""no_price_dollars"":""0.2800"",""taker_side"":""no"",""ticker"":""KXBTC15M-26APR271845-45"",""trade_id"":""978e4815-cd54-7863-dbea-f2ac976b345f"",""yes_price_dollars"":""0.7200""}"
KXBTC15M-26APR271845-45,a4bee9fe-a1ad-5b98-d86e-fcd1447437a5,1777329025,0.73,50.0,yes,"{""count_fp"":""50.00"",""created_time"":""2026-04-27T22:30:25.999657Z"",""no_price_dollars"":""0.2700"",""taker_side"":""yes"",""ticker"":""KXBTC15M-26APR271845-45"",""trade_id"":""a4bee9fe-a1ad-5b98-d86e-fcd1447437a5"",""yes_price_dollars"":""0.7300""}"
KXBTC15M-26APR271845-45,23035b07-16d5-4057-30a8-8cd0c04aebf7,1777329025,0.72,6.8,no,"{""count_fp"":""6.80"",""created_time"":""2026-04-27T22:30:25.992782Z"",""no_price_dollars"":""0.2800"",""taker_side"":""no"",""ticker"":""KXBTC15M-26APR271845-45"",""trade_id"":""23035b07-16d5-4057-30a8-8cd0c04aebf7"",""yes_price_dollars"":""0.7200""}"
KXBTC15M-26APR271845-45,bed5a14c-a681-57b3-37bc-d6e9cec16987,1777329025,0.72,10.2,no,"{""count_fp"":""10.20"",""created_time"":""2026-04-27T22:30:25.936769Z"",""no_price_dollars"":""0.2800"",""taker_side"":""no"",""ticker"":""KXBTC15M-26APR271845-45"",""trade_id"":""bed5a14c-a681-57b3-37bc-d6e9cec16987"",""yes_price_dollars"":""0.7200""}"
KXBTC15M-26APR271845-45,7af6d976-bfc5-5993-28a9-4ce7c3365b6b,1777329025,0.72,20.0,no,"{""count_fp"":""20.00"",""created_time"":""2026-04-27T22:30:25.752018Z"",""no_price_dollars"":""0.2800"",""taker_side"":""no"",""ticker"":""KXBTC15M-26APR271845-45"",""trade_id"":""7af6d976-bfc5-5993-28a9-4ce7c3365b6b"",""yes_price_dollars"":""0.7200""}"
KXBTC15M-26APR271845-45,910345e5-d845-6a37-e8ea-936e3dbc6537,1777329025,0.72,29.56,no,"{""count_fp"":""29.56"",""created_time"":""2026-04-27T22:30:25.570859Z"",""no_price_dollars"":""0.2800"",""taker_side"":""no"",""ticker"":""KXBTC15M-26APR271845-45"",""trade_id"":""910345e5-d845-6a37-e8ea-936e3dbc6537"",""yes_price_dollars"":""0.7200""}"
KXBTC15M-26APR271845-45,97299f85-0d3d-40d7-74db-dfb942e49b4f,1777329025,0.72,100.0,no,"{""count_fp"":""100.00"",""created_time"":""2026-04-27T22:30:25.445937Z"",""no_price_dollars"":""0.2800"",""taker_side"":""no"",""ticker"":""KXBTC15M-26APR271845-45"",""trade_id"":""97299f85-0d3d-40d7-74db-dfb942e49b4f"",""yes_price_dollars"":""0.7200""}"
KXBTC15M-26APR271845-45,d38ed80d-73a9-5297-56ab-8ca5646fcf1b,1777329025,0.72,37.16,no,"{""count_fp"":""37.16"",""created_time"":""2026-04-27T22:30:25.207351Z"",""no_price_dollars"":""0.2800"",""taker_side"":""no"",""ticker"":""KXBTC15M-26APR271845-45"",""trade_id"":""d38ed80d-73a9-5297-56ab-8ca5646fcf1b"",""yes_price_dollars"":""0.7200""}"
KXBTC15M-26APR271845-45,c79eefc3-52af-5d37-73b8-23cc0d5f5066,1777329025,0.72,472.84,no,"{""count_fp"":""472.84"",""created_time"":""2026-04-27T22:30:25.207351Z"",""no_price_dollars"":""0.2800"",""taker_side"":""no"",""ticker"":""KXBTC15M-26APR271845-45"",""trade_id"":""c79eefc3-52af-5d37-73b8-23cc0d5f5066"",""yes_price_dollars"":""0.7200""}"
KXBTC15M-26APR271845-45,9650927d-b9ab-40ef-e970-e1093de7fe36,1777329025,0.72,50.0,no,"{""count_fp"":""50.00"",""created_time"":""2026-04-27T22:30:25.160811Z"",""no_price_dollars"":""0.2800"",""taker_side"":""no"",""ticker"":""KXBTC15M-26APR271845-45"",""trade_id"":""9650927d-b9ab-40ef-e970-e1093de7fe36"",""yes_price_dollars"":""0.7200""}"
KXBTC15M-26APR271845-45,b8e97dd4-fcb3-58fd-c6ea-3b88e900daec,1777329026,0.72,5.0,no,"{""count_fp"":""5.00"",""created_time"":""2026-04-27T22:30:26.825394Z"",""no_price_dollars"":""0.2800"",""taker_side"":""no"",""ticker"":""KXBTC15M-26APR271845-45"",""trade_id"":""b8e97dd4-fcb3-58fd-c6ea-3b88e900daec"",""yes_price_dollars"":""0.7200""}"
KXBTC15M-26APR271845-45,c2f4a482-0bbd-6cf9-f9f7-127d9207982d,1777329026,0.72,26.82,no,"{""count_fp"":""26.82"",""created_time"":""2026-04-27T22:30:26.738928Z"",""no_price_dollars"":""0.2800"",""taker_side"":""no"",""ticker"":""KXBTC15M-26APR271845-45"",""trade_id"":""c2f4a482-0bbd-6cf9-f9f7-127d9207982d"",""yes_price_dollars"":""0.7200""}"
KXBTC15M-26APR271845-45,d4eb46b7-d80d-610c-f36f-5d14ceddc791,1777329026,0.73,1.34,yes,"{""count_fp"":""1.34"",""created_time"":""2026-04-27T22:30:26.553185Z"",""no_price_dollars"":""0.2700"",""taker_side"":""yes"",""ticker"":""KXBTC15M-26APR271845-45"",""trade_id"":""d4eb46b7-d80d-610c-f36f-5d14ceddc791"",""yes_price_dollars"":""0.7300""}"
KXBTC15M-26APR271845-45,f9d81dce-785d-6d31-3ef4-43e543ef14c3,1777329026,0.71,2.0,no,"{""count_fp"":""2.00"",""created_time"":""2026-04-27T22:30:26.350983Z"",""no_price_dollars"":""0.2900"",""taker_side"":""no"",""ticker"":""KXBTC15M-26APR271845-45"",""trade_id"":""f9d81dce-785d-6d31-3ef4-43e543ef14c3"",""yes_price_dollars"":""0.7100""}"
KXBTC15M-26APR271845-45,d3c4ae4a-22c5-697f-06b7-c4a07da3ba23,1777329026,0.72,99.84,no,"{""count_fp"":""99.84"",""created_time"":""2026-04-27T22:30:26.350983Z"",""no_price_dollars"":""0.2800"",""taker_side"":""no"",""ticker"":""KXBTC15M-26APR271845-45"",""trade_id"":""d3c4ae4a-22c5-697f-06b7-c4a07da3ba23"",""yes_price_dollars"":""0.7200""}"
KXBTC15M-26APR271845-45,b3657057-9a40-6ea6-1ec4-334f6617d480,1777329026,0.71,325.51,no,"{""count_fp"":""325.51"",""created_time"":""2026-04-27T22:30:26.350983Z"",""no_price_dollars"":""0.2900"",""taker_side"":""no"",""ticker"":""KXBTC15M-26APR271845-45"",""trade_id"":""b3657057-9a40-6ea6-1ec4-334f6617d480"",""yes_price_dollars"":""0.7100""}"
KXBTC15M-26APR271845-45,6a6c9e91-aa0f-6988-26f0-0c876835b42b,1777329026,0.72,3.0,no,"{""count_fp"":""3.00"",""created_time"":""2026-04-27T22:30:26.350983Z"",""no_price_dollars"":""0.2800"",""taker_side"":""no"",""ticker"":""KXBTC15M-26APR271845-45"",""trade_id"":""6a6c9e91-aa0f-6988-26f0-0c876835b42b"",""yes_price_dollars"":""0.7200""}"
KXBTC15M-26APR271845-45,57386fb2-5610-6ffa-2779-301b7e3e35dd,1777329026,0.72,5.0,no,"{""count_fp"":""5.00"",""created_time"":""2026-04-27T22:30:26.350983Z"",""no_price_dollars"":""0.2800"",""taker_side"":""no"",""ticker"":""KXBTC15M-26APR271845-45"",""trade_id"":""57386fb2-5610-6ffa-2779-301b7e3e35dd"",""yes_price_dollars"":""0.7200""}"
KXBTC15M-26APR271845-45,11501a27-0d40-60a8-0751-74c644d2440f,1777329026,0.72,2.0,no,"{""count_fp"":""2.00"",""created_time"":""2026-04-27T22:30:26.350983Z"",""no_price_dollars"":""0.2800"",""taker_side"":""no"",""ticker"":""KXBTC15M-26APR271845-45"",""trade_id"":""11501a27-0d40-60a8-0751-74c644d2440f"",""yes_price_dollars"":""0.7200""}"
KXBTC15M-26APR271845-45,10c98852-e9f5-612b-3829-e1301dbb1eb7,1777329026,0.72,125.05,no,"{""count_fp"":""125.05"",""created_time"":""2026-04-27T22:30:26.350983Z"",""no_price_dollars"":""0.2800"",""taker_side"":""no"",""ticker"":""KXBTC15M-26APR271845-45"",""trade_id"":""10c98852-e9f5-612b-3829-e1301dbb1eb7"",""yes_price_dollars"":""0.7200""}"
KXBTC15M-26APR271845-45,068806a7-0d59-7e5b-954a-44affc02b667,1777329026,0.72,3.4,no,"{""count_fp"":""3.40"",""created_time"":""2026-04-27T22:30:26.234729Z"",""no_price_dollars"":""0.2800"",""taker_side"":""no"",""ticker"":""KXBTC15M-26APR271845-45"",""trade_id"":""068806a7-0d59-7e5b-954a-44affc02b667"",""yes_price_dollars"":""0.7200""}"
KXBTC15M-26APR271845-45,99653294-60b1-754f-4a0a-c33a2c3964e3,1777329026,0.72,170.0,no,"{""count_fp"":""170.00"",""created_time"":""2026-04-27T22:30:26.163844Z"",""no_price_dollars"":""0.2800"",""taker_side"":""no"",""ticker"":""KXBTC15M-26APR271845-45"",""trade_id"":""99653294-60b1-754f-4a0a-c33a2c3964e3"",""yes_price_dollars"":""0.7200""}"
KXBTC15M-26APR271845-45,98b31d72-b301-4c8f-27a0-eabf1d4f25f7,1777329026,0.72,16.42,no,"{""count_fp"":""16.42"",""created_time"":""2026-04-27T22:30:26.152066Z"",""no_price_dollars"":""0.2800"",""taker_side"":""no"",""ticker"":""KXBTC15M-26APR271845-45"",""trade_id"":""98b31d72-b301-4c8f-27a0-eabf1d4f25f7"",""yes_price_dollars"":""0.7200""}"
KXBTC15M-26APR271845-45,90a28f1e-27e9-5ee3-5fc7-bd6fcfe02adb,1777329026,0.72,12.0,no,"{""count_fp"":""12.00"",""created_time"":""2026-04-27T22:30:26.118993Z"",""no_price_dollars"":""0.2800"",""taker_side"":""no"",""ticker"":""KXBTC15M-26APR271845-45"",""trade_id"":""90a28f1e-27e9-5ee3-5fc7-bd6fcfe02adb"",""yes_price_dollars"":""0.7200""}"
KXBTC15M-26APR271845-45,69b67f1b-159f-7929-6e05-3786ddfb4a10,1777329027,0.72,340.0,no,"{""count_fp"":""340.00"",""created_time"":""2026-04-27T22:30:27.659574Z"",""no_price_dollars"":""0.2800"",""taker_side"":""no"",""ticker"":""KXBTC15M-26APR271845-45"",""trade_id"":""69b67f1b-159f-7929-6e05-3786ddfb4a10"",""yes_price_dollars"":""0.7200""}"
KXBTC15M-26APR271845-45,46799a76-0091-5710-99c6-1cac22d09cc1,1777329027,0.73,200.0,yes,"{""count_fp"":""200.00"",""created_time"":""2026-04-27T22:30:27.564884Z"",""no_price_dollars"":""0.2700"",""taker_side"":""yes"",""ticker"":""KXBTC15M-26APR271845-45"",""trade_id"":""46799a76-0091-5710-99c6-1cac22d09cc1"",""yes_price_dollars"":""0.7300""}"
KXBTC15M-26APR271845-45,0f6c06e5-a237-6275-a223-0cc31c6ae440,1777329027,0.72,29.0,no,"{""count_fp"":""29.00"",""created_time"":""2026-04-27T22:30:27.534108Z"",""no_price_dollars"":""0.2800"",""taker_side"":""no"",""ticker"":""KXBTC15M-26APR271845-45"",""trade_id"":""0f6c06e5-a237-6275-a223-0cc31c6ae440"",""yes_price_dollars"":""0.7200""}"
KXBTC15M-26APR271845-45,f44b26d9-1bb5-72f0-15af-e60a43bfaed5,1777329027,0.73,8.26,yes,"{""count_fp"":""8.26"",""created_time"":""2026-04-27T22:30:27.414275Z"",""no_price_dollars"":""0.2700"",""taker_side"":""yes"",""ticker"":""KXBTC15M-26APR271845-45"",""trade_id"":""f44b26d9-1bb5-72f0-15af-e60a43bfaed5"",""yes_price_dollars"":""0.7300""}"
KXBTC15M-26APR271845-45,f87724a8-f127-7c9d-676e-45a6f8598f70,1777329027,0.72,91.8,no,"{""count_fp"":""91.80"",""created_time"":""2026-04-27T22:30:27.316226Z"",""no_price_dollars"":""0.2800"",""taker_side"":""no"",""ticker"":""KXBTC15M-26APR271845-45"",""trade_id"":""f87724a8-f127-7c9d-676e-45a6f8598f70"",""yes_price_dollars"":""0.7200""}"
KXBTC15M-26APR271845-45,e61a3b84-9fad-7994-95a6-ccb95a5acd45,1777329027,0.73,5.37,yes,"{""count_fp"":""5.37"",""created_time"":""2026-04-27T22:30:27.221536Z"",""no_price_dollars"":""0.2700"",""taker_side"":""yes"",""ticker"":""KXBTC15M-26APR271845-45"",""trade_id"":""e61a3b84-9fad-7994-95a6-ccb95a5acd45"",""yes_price_dollars"":""0.7300""}"
KXBTC15M-26APR271845-45,4a2592c0-ccbb-65c9-2e66-90ac310496f4,1777329027,0.72,14.0,no,"{""count_fp"":""14.00"",""created_time"":""2026-04-27T22:30:27.214232Z"",""no_price_dollars"":""0.2800"",""taker_side"":""no"",""ticker"":""KXBTC15M-26APR271845-45"",""trade_id"":""4a2592c0-ccbb-65c9-2e66-90ac310496f4"",""yes_price_dollars"":""0.7200""}"
KXBTC15M-26APR271845-45,75f739a9-2eaf-5171-c5c1-7a28b4541448,1777329027,0.72,10.0,no,"{""count_fp"":""10.00"",""created_time"":""2026-04-27T22:30:27.140022Z"",""no_price_dollars"":""0.2800"",""taker_side"":""no"",""ticker"":""KXBTC15M-26APR271845-45"",""trade_id"":""75f739a9-2eaf-5171-c5c1-7a28b4541448"",""yes_price_dollars"":""0.7200""}"
KXBTC15M-26APR271845-45,32f8abda-2d20-76b2-5299-13c85c651a0c,1777329028,0.72,34.0,no,"{""count_fp"":""34.00"",""created_time"":""2026-04-27T22:30:28.730018Z"",""no_price_dollars"":""0.2800"",""taker_side"":""no"",""ticker"":""KXBTC15M-26APR271845-45"",""trade_id"":""32f8abda-2d20-76b2-5299-13c85c651a0c"",""yes_price_dollars"":""0.7200""}"
KXBTC15M-26APR271845-45,6de671dd-461d-5800-9084-3513208b7991,1777329028,0.73,4.03,yes,"{""count_fp"":""4.03"",""created_time"":""2026-04-27T22:30:28.679552Z"",""no_price_dollars"":""0.2700"",""taker_side"":""yes"",""ticker"":""KXBTC15M-26APR271845-45"",""trade_id"":""6de671dd-461d-5800-9084-3513208b7991"",""yes_price_dollars"":""0.7300""}"
KXBTC15M-26APR271845-45,35f5e913-edac-6246-d5a8-73d6b3457008,1777329028,0.72,234.0,no,"{""count_fp"":""234.00"",""created_time"":""2026-04-27T22:30:28.612908Z"",""no_price_dollars"":""0.2800"",""taker_side"":""no"",""ticker"":""KXBTC15M-26APR271845-45"",""trade_id"":""35f5e913-edac-6246-d5a8-73d6b3457008"",""yes_price_dollars"":""0.7200""}"
KXBTC15M-26APR271845-45,769f738b-7a90-62a6-78c7-aae2fd0d13e0,1777329028,0.72,10.0,no,"{""count_fp"":""10.00"",""created_time"":""2026-04-27T22:30:28.608571Z"",""no_price_dollars"":""0.2800"",""taker_side"":""no"",""ticker"":""KXBTC15M-26APR271845-45"",""trade_id"":""769f738b-7a90-62a6-78c7-aae2fd0d13e0"",""yes_price_dollars"":""0.7200""}"
KXBTC15M-26APR271845-45,c8c94d11-9b3b-4244-ef0d-fe452768f913,1777329028,0.72,3.0,no,"{""count_fp"":""3.00"",""created_time"":""2026-04-27T22:30:28.554594Z"",""no_price_dollars"":""0.2800"",""taker_side"":""no"",""ticker"":""KXBTC15M-26APR271845-45"",""trade_id"":""c8c94d11-9b3b-4244-ef0d-fe452768f913"",""yes_price_dollars"":""0.7200""}"
KXBTC15M-26APR271845-45,7deeaf64-0810-4b4a-e0be-9dd68244d6b0,1777329028,0.72,337.0,no,"{""count_fp"":""337.00"",""created_time"":""2026-04-27T22:30:28.554594Z"",""no_price_dollars"":""0.2800"",""taker_side"":""no"",""ticker"":""KXBTC15M-26APR271845-45"",""trade_id"":""7deeaf64-0810-4b4a-e0be-9dd68244d6b0"",""yes_price_dollars"":""0.7200""}"
KXBTC15M-26APR271845-45,fa8f7e49-a60a-49ff-da43-08f26c4a4b46,1777329028,0.72,2.0,no,"{""count_fp"":""2.00"",""created_time"":""2026-04-27T22:30:28.288373Z"",""no_price_dollars"":""0.2800"",""taker_side"":""no"",""ticker"":""KXBTC15M-26APR271845-45"",""trade_id"":""fa8f7e49-a60a-49ff-da43-08f26c4a4b46"",""yes_price_dollars"":""0.7200""}"
KXBTC15M-26APR271845-45,f904eeed-2734-4953-db46-04dc2c2eb8f3,1777329028,0.72,100.0,no,"{""count_fp"":""100.00"",""created_time"":""2026-04-27T22:30:28.288373Z"",""no_price_dollars"":""0.2800"",""taker_side"":""no"",""ticker"":""KXBTC15M-26APR271845-45"",""trade_id"":""f904eeed-2734-4953-db46-04dc2c2eb8f3"",""yes_price_dollars"":""0.7200""}"
KXBTC15M-26APR271845-45,bf0ccbed-9e5a-4695-f103-4ec669f74a77,1777329028,0.72,789.21,no,"{""count_fp"":""789.21"",""created_time"":""2026-04-27T22:30:28.288373Z"",""no_price_dollars"":""0.2800"",""taker_side"":""no"",""ticker"":""KXBTC15M-26APR271845-45"",""trade_id"":""bf0ccbed-9e5a-4695-f103-4ec669f74a77"",""yes_price_dollars"":""0.7200""}"
KXBTC15M-26APR271845-45,b6c14ca8-b579-4cf1-e7dc-5947995b1dc1,1777329028,0.72,99.18,no,"{""count_fp"":""99.18"",""created_time"":""2026-04-27T22:30:28.288373Z"",""no_price_dollars"":""0.2800"",""taker_side"":""no"",""ticker"":""KXBTC15M-26APR271845-45"",""trade_id"":""b6c14ca8-b579-4cf1-e7dc-5947995b1dc1"",""yes_price_dollars"":""0.7200""}"
KXBTC15M-26APR271845-45,ad704c1c-ba3f-4b4d-f3c2-c42900a870f0,1777329028,0.72,10.2,no,"{""count_fp"":""10.20"",""created_time"":""2026-04-27T22:30:28.288373Z"",""no_price_dollars"":""0.2800"",""taker_side"":""no"",""ticker"":""KXBTC15M-26APR271845-45"",""trade_id"":""ad704c1c-ba3f-4b4d-f3c2-c42900a870f0"",""yes_price_dollars"":""0.7200""}"
KXBTC15M-26APR271845-45,0c0b6477-9680-439e-e68b-279cf8bacc0a,1777329028,0.72,5.0,no,"{""count_fp"":""5.00"",""created_time"":""2026-04-27T22:30:28.288373Z"",""no_price_dollars"":""0.2800"",""taker_side"":""no"",""ticker"":""KXBTC15M-26APR271845-45"",""trade_id"":""0c0b6477-9680-439e-e68b-279cf8bacc0a"",""yes_price_dollars"":""0.7200""}"
KXBTC15M-26APR271845-45,a95d6971-c7e5-7d04-e038-4b58e862c639,1777329028,0.73,98.0,yes,"{""count_fp"":""98.00"",""created_time"":""2026-04-27T22:30:28.108847Z"",""no_price_dollars"":""0.2700"",""taker_side"":""yes"",""ticker"":""KXBTC15M-26APR271845-45"",""trade_id"":""a95d6971-c7e5-7d04-e038-4b58e862c639"",""yes_price_dollars"":""0.7300""}"
KXBTC15M-26APR271845-45,023196b7-4b5f-5d61-e833-00ef07b487ac,1777329029,0.72,136.0,no,"{""count_fp"":""136.00"",""created_time"":""2026-04-27T22:30:29.422134Z"",""no_price_dollars"":""0.2800"",""taker_side"":""no"",""ticker"":""KXBTC15M-26APR271845-45"",""trade_id"":""023196b7-4b5f-5d61-e833-00ef07b487ac"",""yes_price_dollars"":""0.7200""}"
KXBTC15M-26APR271845-45,b97b454c-40f7-5f29-bdf0-925a9cd9e114,1777329029,0.72,4.0,no,"{""count_fp"":""4.00"",""created_time"":""2026-04-27T22:30:29.379796Z"",""no_price_dollars"":""0.2800"",""taker_side"":""no"",""ticker"":""KXBTC15M-26APR271845-45"",""trade_id"":""b97b454c-40f7-5f29-bdf0-925a9cd9e114"",""yes_price_dollars"":""0.7200""}"
KXBTC15M-26APR271845-45,a38d7c8c-7205-67b8-8a15-431b1bfdcabd,1777329030,0.73,2.68,yes,"{""count_fp"":""2.68"",""created_time"":""2026-04-27T22:30:30.797666Z"",""no_price_dollars"":""0.2700"",""taker_side"":""yes"",""ticker"":""KXBTC15M-26APR271845-45"",""trade_id"":""a38d7c8c-7205-67b8-8a15-431b1bfdcabd"",""yes_price_dollars"":""0.7300""}"
KXBTC15M-26APR271845-45,f882e06c-bb79-6b70-b1be-3945de7078b9,1777329030,0.73,13.44,yes,"{""count_fp"":""13.44"",""created_time"":""2026-04-27T22:30:30.246248Z"",""no_price_dollars"":""0.2700"",""taker_side"":""yes"",""ticker"":""KXBTC15M-26APR271845-45"",""trade_id"":""f882e06c-bb79-6b70-b1be-3945de7078b9"",""yes_price_dollars"":""0.7300""}"
KXBTC15M-26APR271845-45,f8e03e43-1cd3-5720-e2a4-1037aeea266d,1777329031,0.72,6.8,no,"{""count_fp"":""6.80"",""created_time"":""2026-04-27T22:30:31.756252Z"",""no_price_dollars"":""0.2800"",""taker_side"":""no"",""ticker"":""KXBTC15M-26APR271845-45"",""trade_id"":""f8e03e43-1cd3-5720-e2a4-1037aeea266d"",""yes_price_dollars"":""0.7200""}"
KXBTC15M-26APR271845-45,aaa78185-b3e7-7070-91cc-b642f0ddd561,1777329031,0.72,0.34,no,"{""count_fp"":""0.34"",""created_time"":""2026-04-27T22:30:31.553076Z"",""no_price_dollars"":""0.2800"",""taker_side"":""no"",""ticker"":""KXBTC15M-26APR271845-45"",""trade_id"":""aaa78185-b3e7-7070-91cc-b642f0ddd561"",""yes_price_dollars"":""0.7200""}"
KXBTC15M-26APR271845-45,c54e83f6-6731-7928-38b9-2ad4cf786a0d,1777329031,0.73,2.68,yes,"{""count_fp"":""2.68"",""created_time"":""2026-04-27T22:30:31.542039Z"",""no_price_dollars"":""0.2700"",""taker_side"":""yes"",""ticker"":""KXBTC15M-26APR271845-45"",""trade_id"":""c54e83f6-6731-7928-38b9-2ad4cf786a0d"",""yes_price_dollars"":""0.7300""}"
KXBTC15M-26APR271845-45,e8f412cb-be84-5b83-4b35-592bc22e9ad7,1777329031,0.72,22.0,no,"{""count_fp"":""22.00"",""created_time"":""2026-04-27T22:30:31.354253Z"",""no_price_dollars"":""0.2800"",""taker_side"":""no"",""ticker"":""KXBTC15M-26APR271845-45"",""trade_id"":""e8f412cb-be84-5b83-4b35-592bc22e9ad7"",""yes_price_dollars"":""0.7200""}"
KXBTC15M-26APR271845-45,acaf2351-8d23-59f8-4c16-66c41d1d96d9,1777329031,0.72,111.0,no,"{""count_fp"":""111.00"",""created_time"":""2026-04-27T22:30:31.354253Z"",""no_price_dollars"":""0.2800"",""taker_side"":""no"",""ticker"":""KXBTC15M-26APR271845-45"",""trade_id"":""acaf2351-8d23-59f8-4c16-66c41d1d96d9"",""yes_price_dollars"":""0.7200""}"
KXBTC15M-26APR271845-45,875abec1-4937-5363-792f-d53735b99c7a,1777329031,0.72,3.0,no,"{""count_fp"":""3.00"",""created_time"":""2026-04-27T22:30:31.354253Z"",""no_price_dollars"":""0.2800"",""taker_side"":""no"",""ticker"":""KXBTC15M-26APR271845-45"",""trade_id"":""875abec1-4937-5363-792f-d53735b99c7a"",""yes_price_dollars"":""0.7200""}"
KXBTC15M-26APR271845-45,a2710d70-e365-4920-77b2-18f59e8e062d,1777329031,0.73,1.0,yes,"{""count_fp"":""1.00"",""created_time"":""2026-04-27T22:30:31.315101Z"",""no_price_dollars"":""0.2700"",""taker_side"":""yes"",""ticker"":""KXBTC15M-26APR271845-45"",""trade_id"":""a2710d70-e365-4920-77b2-18f59e8e062d"",""yes_price_dollars"":""0.7300""}"
KXBTC15M-26APR271845-45,5819cb62-bb30-68bf-95dd-e2f46f9469bb,1777329031,0.72,2.0,no,"{""count_fp"":""2.00"",""created_time"":""2026-04-27T22:30:31.140753Z"",""no_price_dollars"":""0.2800"",""taker_side"":""no"",""ticker"":""KXBTC15M-26APR271845-45"",""trade_id"":""5819cb62-bb30-68bf-95dd-e2f46f9469bb"",""yes_price_dollars"":""0.7200""}"
KXBTC15M-26APR271845-45,df0a0bc0-2536-6810-7edf-6174914d3e6f,1777329031,0.72,14.96,no,"{""count_fp"":""14.96"",""created_time"":""2026-04-27T22:30:31.080744Z"",""no_price_dollars"":""0.2800"",""taker_side"":""no"",""ticker"":""KXBTC15M-26APR271845-45"",""trade_id"":""df0a0bc0-2536-6810-7edf-6174914d3e6f"",""yes_price_dollars"":""0.7200""}"
KXBTC15M-26APR271845-45,35445cb4-eee9-50c8-22f9-1cc1bf1982dd,1777329031,0.73,26.88,yes,"{""count_fp"":""26.88"",""created_time"":""2026-04-27T22:30:31.047189Z"",""no_price_dollars"":""0.2700"",""taker_side"":""yes"",""ticker"":""KXBTC15M-26APR271845-45"",""trade_id"":""35445cb4-eee9-50c8-22f9-1cc1bf1982dd"",""yes_price_dollars"":""0.7300""}"
KXBTC15M-26APR271845-45,5f7ccf35-be0a-47c8-cec0-d2c673ebc4c7,1777329032,0.72,1.0,no,"{""count_fp"":""1.00"",""created_time"":""2026-04-27T22:30:32.753578Z"",""no_price_dollars"":""0.2800"",""taker_side"":""no"",""ticker"":""KXBTC15M-26APR271845-45"",""trade_id"":""5f7ccf35-be0a-47c8-cec0-d2c673ebc4c7"",""yes_price_dollars"":""0.7200""}"
KXBTC15M-26APR271845-45,667ef3c6-f2be-6138-c48f-d9d184c2552b,1777329032,0.72,2.0,no,"{""count_fp"":""2.00"",""created_time"":""2026-04-27T22:30:32.698211Z"",""no_price_dollars"":""0.2800"",""taker_side"":""no"",""ticker"":""KXBTC15M-26APR271845-45"",""trade_id"":""667ef3c6-f2be-6138-c48f-d9d184c2552b"",""yes_price_dollars"":""0.7200""}"
KXBTC15M-26APR271845-45,78445f10-6622-7d14-8884-b9e6890bdb7a,1777329032,0.72,2.0,no,"{""count_fp"":""2.00"",""created_time"":""2026-04-27T22:30:32.297667Z"",""no_price_dollars"":""0.2800"",""taker_side"":""no"",""ticker"":""KXBTC15M-26APR271845-45"",""trade_id"":""78445f10-6622-7d14-8884-b9e6890bdb7a"",""yes_price_dollars"":""0.7200""}"
KXBTC15M-26APR271845-45,492eb160-a090-7f90-ae43-69ea5422cfd8,1777329032,0.72,22.0,no,"{""count_fp"":""22.00"",""created_time"":""2026-04-27T22:30:32.297667Z"",""no_price_dollars"":""0.2800"",""taker_side"":""no"",""ticker"":""KXBTC15M-26APR271845-45"",""trade_id"":""492eb160-a090-7f90-ae43-69ea5422cfd8"",""yes_price_dollars"":""0.7200""}"
KXBTC15M-26APR271845-45,1b589b89-a712-7304-a8ec-877b3fe9ea5b,1777329032,0.72,3.17,no,"{""count_fp"":""3.17"",""created_time"":""2026-04-27T22:30:32.297667Z"",""no_price_dollars"":""0.2800"",""taker_side"":""no"",""ticker"":""KXBTC15M-26APR271845-45"",""trade_id"":""1b589b89-a712-7304-a8ec-877b3fe9ea5b"",""yes_price_dollars"":""0.7200""}"
KXBTC15M-26APR271845-45,f703ab64-cb25-6660-3e8d-776dd40b3555,1777329032,0.72,2.0,no,"{""count_fp"":""2.00"",""created_time"":""2026-04-27T22:30:32.212173Z"",""no_price_dollars"":""0.2800"",""taker_side"":""no"",""ticker"":""KXBTC15M-26APR271845-45"",""trade_id"":""f703ab64-cb25-6660-3e8d-776dd40b3555"",""yes_price_dollars"":""0.7200""}"
KXBTC15M-26APR271845-45,de1a783c-7574-6ea9-096a-e77e9fa72323,1777329032,0.72,14.0,no,"{""count_fp"":""14.00"",""created_time"":""2026-04-27T22:30:32.212173Z"",""no_price_dollars"":""0.2800"",""taker_side"":""no"",""ticker"":""KXBTC15M-26APR271845-45"",""trade_id"":""de1a783c-7574-6ea9-096a-e77e9fa72323"",""yes_price_dollars"":""0.7200""}"
KXBTC15M-26APR271845-45,ac98f65e-7a32-625c-3707-5adc7392d9f0,1777329032,0.72,5.0,no,"{""count_fp"":""5.00"",""created_time"":""2026-04-27T22:30:32.212173Z"",""no_price_dollars"":""0.2800"",""taker_side"":""no"",""ticker"":""KXBTC15M-26APR271845-45"",""trade_id"":""ac98f65e-7a32-625c-3707-5adc7392d9f0"",""yes_price_dollars"":""0.7200""}"
KXBTC15M-26APR271845-45,9777d98f-ead2-6fc8-0947-6a0a3df2596b,1777329032,0.72,56.14,no,"{""count_fp"":""56.14"",""created_time"":""2026-04-27T22:30:32.212173Z"",""no_price_dollars"":""0.2800"",""taker_side"":""no"",""ticker"":""KXBTC15M-26APR271845-45"",""trade_id"":""9777d98f-ead2-6fc8-0947-6a0a3df2596b"",""yes_price_dollars"":""0.7200""}"
KXBTC15M-26APR271845-45,7234a776-142b-6114-187a-2e651e6992a1,1777329032,0.72,262.86,no,"{""count_fp"":""262.86"",""created_time"":""2026-04-27T22:30:32.212173Z"",""no_price_dollars"":""0.2800"",""taker_side"":""no"",""ticker"":""KXBTC15M-26APR271845-45"",""trade_id"":""7234a776-142b-6114-187a-2e651e6992a1"",""yes_price_dollars"":""0.7200""}"
KXBTC15M-26APR271845-45,68ad2ca3-c51f-4054-ca76-5134306bf629,1777329032,0.72,115.6,no,"{""count_fp"":""115.60"",""created_time"":""2026-04-27T22:30:32.045876Z"",""no_price_dollars"":""0.2800"",""taker_side"":""no"",""ticker"":""KXBTC15M-26APR271845-45"",""trade_id"":""68ad2ca3-c51f-4054-ca76-5134306bf629"",""yes_price_dollars"":""0.7200""}"
KXBTC15M-26APR271845-45,ce1b13bd-7315-46b0-01dd-6be162e33e4d,1777329032,0.73,47.05,yes,"{""count_fp"":""47.05"",""created_time"":""2026-04-27T22:30:32.028347Z"",""no_price_dollars"":""0.2700"",""taker_side"":""yes"",""ticker"":""KXBTC15M-26APR271845-45"",""trade_id"":""ce1b13bd-7315-46b0-01dd-6be162e33e4d"",""yes_price_dollars"":""0.7300""}"
KXBTC15M-26APR271845-45,ae174871-2977-6b70-cac8-5650be824ea1,1777329032,0.72,3.4,no,"{""count_fp"":""3.40"",""created_time"":""2026-04-27T22:30:32.023012Z"",""no_price_dollars"":""0.2800"",""taker_side"":""no"",""ticker"":""KXBTC15M-26APR271845-45"",""trade_id"":""ae174871-2977-6b70-cac8-5650be824ea1"",""yes_price_dollars"":""0.7200""}"
KXBTC15M-26APR271845-45,23588eac-54e0-5405-4e5b-58dca47d7d14,1777329033,0.72,34.0,no,"{""count_fp"":""34.00"",""created_time"":""2026-04-27T22:30:33.309943Z"",""no_price_dollars"":""0.2800"",""taker_side"":""no"",""ticker"":""KXBTC15M-26APR271845-45"",""trade_id"":""23588eac-54e0-5405-4e5b-58dca47d7d14"",""yes_price_dollars"":""0.7200""}"
KXBTC15M-26APR271845-45,af5eaae6-e93a-46ac-fd8f-7f035d1320f7,1777329033,0.72,47.6,no,"{""count_fp"":""47.60"",""created_time"":""2026-04-27T22:30:33.161874Z"",""no_price_dollars"":""0.2800"",""taker_side"":""no"",""ticker"":""KXBTC15M-26APR271845-45"",""trade_id"":""af5eaae6-e93a-46ac-fd8f-7f035d1320f7"",""yes_price_dollars"":""0.7200""}"
KXBTC15M-26APR271845-45,7dc3a9ef-720c-70bd-c53f-7f207160a234,1777329034,0.72,34.0,no,"{""count_fp"":""34.00"",""created_time"":""2026-04-27T22:30:34.765186Z"",""no_price_dollars"":""0.2800"",""taker_side"":""no"",""ticker"":""KXBTC15M-26APR271845-45"",""trade_id"":""7dc3a9ef-720c-70bd-c53f-7f207160a234"",""yes_price_dollars"":""0.7200""}"
KXBTC15M-26APR271845-45,a9104e4c-6de8-735d-5167-d9dbd37e963c,1777329034,0.72,0.67,no,"{""count_fp"":""0.67"",""created_time"":""2026-04-27T22:30:34.568963Z"",""no_price_dollars"":""0.2800"",""taker_side"":""no"",""ticker"":""KXBTC15M-26APR271845-45"",""trade_id"":""a9104e4c-6de8-735d-5167-d9dbd37e963c"",""yes_price_dollars"":""0.7200""}"
KXBTC15M-26APR271845-45,21ac3bb4-d7b4-4239-4fbc-800677b339c4,1777329034,0.72,255.0,no,"{""count_fp"":""255.00"",""created_time"":""2026-04-27T22:30:34.157817Z"",""no_price_dollars"":""0.2800"",""taker_side"":""no"",""ticker"":""KXBTC15M-26APR271845-45"",""trade_id"":""21ac3bb4-d7b4-4239-4fbc-800677b339c4"",""yes_price_dollars"":""0.7200""}"
KXBTC15M-26APR271845-45,10e1ef1a-a130-7d09-056c-12f13926a130,1777329034,0.72,2.0,no,"{""count_fp"":""2.00"",""created_time"":""2026-04-27T22:30:34.041962Z"",""no_price_dollars"":""0.2800"",""taker_side"":""no"",""ticker"":""KXBTC15M-26APR271845-45"",""trade_id"":""10e1ef1a-a130-7d09-056c-12f13926a130"",""yes_price_dollars"":""0.7200""}"
KXBTC15M-26APR271845-45,33b55f78-78a0-6f91-1a9f-ae04b9738498,1777329035,0.72,3.4,no,"{""count_fp"":""3.40"",""created_time"":""2026-04-27T22:30:35.789593Z"",""no_price_dollars"":""0.2800"",""taker_side"":""no"",""ticker"":""KXBTC15M-26APR271845-45"",""trade_id"":""33b55f78-78a0-6f91-1a9f-ae04b9738498"",""yes_price_dollars"":""0.7200""}"
KXBTC15M-26APR271845-45,8921c333-e1cc-64b9-4dd6-5db88e660048,1777329035,0.72,2.0,no,"{""count_fp"":""2.00"",""created_time"":""2026-04-27T22:30:35.710719Z"",""no_price_dollars"":""0.2800"",""taker_side"":""no"",""ticker"":""KXBTC15M-26APR271845-45"",""trade_id"":""8921c333-e1cc-64b9-4dd6-5db88e660048"",""yes_price_dollars"":""0.7200""}"
KXBTC15M-26APR271845-45,9bc397cf-6d80-406d-5279-441bfedb3908,1777329035,0.72,68.0,no,"{""count_fp"":""68.00"",""created_time"":""2026-04-27T22:30:35.535999Z"",""no_price_dollars"":""0.2800"",""taker_side"":""no"",""ticker"":""KXBTC15M-26APR271845-45"",""trade_id"":""9bc397cf-6d80-406d-5279-441bfedb3908"",""yes_price_dollars"":""0.7200""}"
KXBTC15M-26APR271845-45,db0ab858-894e-5808-24bb-dd225db2173e,1777329036,0.72,1.0,no,"{""count_fp"":""1.00"",""created_time"":""2026-04-27T22:30:36.849543Z"",""no_price_dollars"":""0.2800"",""taker_side"":""no"",""ticker"":""KXBTC15M-26APR271845-45"",""trade_id"":""db0ab858-894e-5808-24bb-dd225db2173e"",""yes_price_dollars"":""0.7200""}"
KXBTC15M-26APR271845-45,2e0352cf-f54a-6954-ef79-3a5a6d1106ea,1777329036,0.72,119.0,no,"{""count_fp"":""119.00"",""created_time"":""2026-04-27T22:30:36.793959Z"",""no_price_dollars"":""0.2800"",""taker_side"":""no"",""ticker"":""KXBTC15M-26APR271845-45"",""trade_id"":""2e0352cf-f54a-6954-ef79-3a5a6d1106ea"",""yes_price_dollars"":""0.7200""}"
KXBTC15M-26APR271845-45,ea728375-41b4-4983-4915-c519d03f3c58,1777329036,0.73,13.44,yes,"{""count_fp"":""13.44"",""created_time"":""2026-04-27T22:30:36.694918Z"",""no_price_dollars"":""0.2700"",""taker_side"":""yes"",""ticker"":""KXBTC15M-26APR271845-45"",""trade_id"":""ea728375-41b4-4983-4915-c519d03f3c58"",""yes_price_dollars"":""0.7300""}"
KXBTC15M-26APR271845-45,7d5eeb54-9db7-6897-e01c-ee3415019343,1777329036,0.72,68.0,no,"{""count_fp"":""68.00"",""created_time"":""2026-04-27T22:30:36.675869Z"",""no_price_dollars"":""0.2800"",""taker_side"":""no"",""ticker"":""KXBTC15M-26APR271845-45"",""trade_id"":""7d5eeb54-9db7-6897-e01c-ee3415019343"",""yes_price_dollars"":""0.7200""}"
KXBTC15M-26APR271845-45,92131fc7-cbc3-5b4f-14a7-c895194f8abb,1777329036,0.72,6.8,no,"{""count_fp"":""6.80"",""created_time"":""2026-04-27T22:30:36.597764Z"",""no_price_dollars"":""0.2800"",""taker_side"":""no"",""ticker"":""KXBTC15M-26APR271845-45"",""trade_id"":""92131fc7-cbc3-5b4f-14a7-c895194f8abb"",""yes_price_dollars"":""0.7200""}"
KXBTC15M-26APR271845-45,be62d101-2417-6c16-0bde-c0042d39ece1,1777329036,0.72,24.0,no,"{""count_fp"":""24.00"",""created_time"":""2026-04-27T22:30:36.430905Z"",""no_price_dollars"":""0.2800"",""taker_side"":""no"",""ticker"":""KXBTC15M-26APR271845-45"",""trade_id"":""be62d101-2417-6c16-0bde-c0042d39ece1"",""yes_price_dollars"":""0.7200""}"
KXBTC15M-26APR271845-45,ab5cafec-320d-690d-129d-312f07115a68,1777329036,0.72,5.0,no,"{""count_fp"":""5.00"",""created_time"":""2026-04-27T22:30:36.430905Z"",""no_price_dollars"":""0.2800"",""taker_side"":""no"",""ticker"":""KXBTC15M-26APR271845-45"",""trade_id"":""ab5cafec-320d-690d-129d-312f07115a68"",""yes_price_dollars"":""0.7200""}"
KXBTC15M-26APR271845-45,a35b6aec-fea7-6a36-395c-46b9e9bf98c4,1777329036,0.7,150.0,no,"{""count_fp"":""150.00"",""created_time"":""2026-04-27T22:30:36.430905Z"",""no_price_dollars"":""0.3000"",""taker_side"":""no"",""ticker"":""KXBTC15M-26APR271845-45"",""trade_id"":""a35b6aec-fea7-6a36-395c-46b9e9bf98c4"",""yes_price_dollars"":""0.7000""}"
KXBTC15M-26APR271845-45,99d28558-0b27-6e85-2cad-8bb16180850a,1777329036,0.7,3.0,no,"{""count_fp"":""3.00"",""created_time"":""2026-04-27T22:30:36.430905Z"",""no_price_dollars"":""0.3000"",""taker_side"":""no"",""ticker"":""KXBTC15M-26APR271845-45"",""trade_id"":""99d28558-0b27-6e85-2cad-8bb16180850a"",""yes_price_dollars"":""0.7000""}"
KXBTC15M-26APR271845-45,9121e618-936b-6151-2db3-437672477804,1777329036,0.7,153.3,no,"{""count_fp"":""153.30"",""created_time"":""2026-04-27T22:30:36.430905Z"",""no_price_dollars"":""0.3000"",""taker_side"":""no"",""ticker"":""KXBTC15M-26APR271845-45"",""trade_id"":""9121e618-936b-6151-2db3-437672477804"",""yes_price_dollars"":""0.7000""}"
KXBTC15M-26APR271845-45,7def5955-72b8-6d72-1acd-7cdd0aa856f8,1777329036,0.72,0.01,no,"{""count_fp"":""0.01"",""created_time"":""2026-04-27T22:30:36.430905Z"",""no_price_dollars"":""0.2800"",""taker_side"":""no"",""ticker"":""KXBTC15M-26APR271845-45"",""trade_id"":""7def5955-72b8-6d72-1acd-7cdd0aa856f8"",""yes_price_dollars"":""0.7200""}"
KXBTC15M-26APR271845-45,63f846f1-5d24-6eaf-1268-4527d8779caa,1777329036,0.71,2.0,no,"{""count_fp"":""2.00"",""created_time"":""2026-04-27T22:30:36.430905Z"",""no_price_dollars"":""0.2900"",""taker_side"":""no"",""ticker"":""KXBTC15M-26APR271845-45"",""trade_id"":""63f846f1-5d24-6eaf-1268-4527d8779caa"",""yes_price_dollars"":""0.7100""}"
KXBTC15M-26APR271845-45,63a958b3-4dde-64b4-15e9-ddc313beeb9a,1777329036,0.7,20.0,no,"{""count_fp"":""20.00"",""created_time"":""2026-04-27T22:30:36.430905Z"",""no_price_dollars"":""0.3000"",""taker_side"":""no"",""ticker"":""KXBTC15M-26APR271845-45"",""trade_id"":""63a958b3-4dde-64b4-15e9-ddc313beeb9a"",""yes_price_dollars"":""0.7000""}"
KXBTC15M-26APR271845-45,49401a37-36c2-6133-345b-314e9c92ee02,1777329036,0.7,15.0,no,"{""count_fp"":""15.00"",""created_time"":""2026-04-27T22:30:36.430905Z"",""no_price_dollars"":""0.3000"",""taker_side"":""no"",""ticker"":""KXBTC15M-26APR271845-45"",""trade_id"":""49401a37-36c2-6133-345b-314e9c92ee02"",""yes_price_dollars"":""0.7000""}"
KXBTC15M-26APR271845-45,42dc9443-89d6-660d-3335-f2dc7c59124e,1777329036,0.72,2.0,no,"{""count_fp"":""2.00"",""created_time"":""2026-04-27T22:30:36.430905Z"",""no_price_dollars"":""0.2800"",""taker_side"":""no"",""ticker"":""KXBTC15M-26APR271845-45"",""trade_id"":""42dc9443-89d6-660d-3335-f2dc7c59124e"",""yes_price_dollars"":""0.7200""}"
KXBTC15M-26APR271845-45,2cbcba2c-018c-6ac5-3d99-52bc99fd617c,1777329036,0.72,17.93,no,"{""count_fp"":""17.93"",""created_time"":""2026-04-27T22:30:36.430905Z"",""no_price_dollars"":""0.2800"",""taker_side"":""no"",""ticker"":""KXBTC15M-26APR271845-45"",""trade_id"":""2cbcba2c-018c-6ac5-3d99-52bc99fd617c"",""yes_price_dollars"":""0.7200""}"
KXBTC15M-26APR271845-45,0d96854c-b353-612a-18c5-5b61cb73b2b7,1777329036,0.7,2.0,no,"{""count_fp"":""2.00"",""created_time"":""2026-04-27T22:30:36.430905Z"",""no_price_dollars"":""0.3000"",""taker_side"":""no"",""ticker"":""KXBTC15M-26APR271845-45"",""trade_id"":""0d96854c-b353-612a-18c5-5b61cb73b2b7"",""yes_price_dollars"":""0.7000""}"
KXBTC15M-26APR271845-45,027d1535-8afa-645c-0c38-561d4a74940f,1777329036,0.72,99.33,no,"{""count_fp"":""99.33"",""created_time"":""2026-04-27T22:30:36.430905Z"",""no_price_dollars"":""0.2800"",""taker_side"":""no"",""ticker"":""KXBTC15M-26APR271845-45"",""trade_id"":""027d1535-8afa-645c-0c38-561d4a74940f"",""yes_price_dollars"":""0.7200""}"
KXBTC15M-26APR271845-45,bed534e1-93a4-53a9-28b7-bc3819a6b7e0,1777329036,0.72,51.0,no,"{""count_fp"":""51.00"",""created_time"":""2026-04-27T22:30:36.401045Z"",""no_price_dollars"":""0.2800"",""taker_side"":""no"",""ticker"":""KXBTC15M-26APR271845-45"",""trade_id"":""bed534e1-93a4-53a9-28b7-bc3819a6b7e0"",""yes_price_dollars"":""0.7200""}"
KXBTC15M-26APR271845-45,ffd4dccc-d4d4-569d-53ac-b3ff7c975114,1777329036,0.72,10.2,no,"{""count_fp"":""10.20"",""created_time"":""2026-04-27T22:30:36.200932Z"",""no_price_dollars"":""0.2800"",""taker_side"":""no"",""ticker"":""KXBTC15M-26APR271845-45"",""trade_id"":""ffd4dccc-d4d4-569d-53ac-b3ff7c975114"",""yes_price_dollars"":""0.7200""}"
KXBTC15M-26APR271845-45,fa13b63f-ff58-6019-db00-c3426167b4e5,1777329037,0.74,3.0,yes,"{""count_fp"":""3.00"",""created_time"":""2026-04-27T22:30:37.867523Z"",""no_price_dollars"":""0.2600"",""taker_side"":""yes"",""ticker"":""KXBTC15M-26APR271845-45"",""trade_id"":""fa13b63f-ff58-6019-db00-c3426167b4e5"",""yes_price_dollars"":""0.7400""}"
KXBTC15M-26APR271845-45,bf90cc65-182f-6085-e7df-f8f4e31ad146,1777329037,0.73,30.0,yes,"{""count_fp"":""30.00"",""created_time"":""2026-04-27T22:30:37.867523Z"",""no_price_dollars"":""0.2700"",""taker_side"":""yes"",""ticker"":""KXBTC15M-26APR271845-45"",""trade_id"":""bf90cc65-182f-6085-e7df-f8f4e31ad146"",""yes_price_dollars"":""0.7300""}"
KXBTC15M-26APR271845-45,bc4c24b1-4792-692d-f65e-6865fd83d8bf,1777329037,0.73,1.0,yes,"{""count_fp"":""1.00"",""created_time"":""2026-04-27T22:30:37.867523Z"",""no_price_dollars"":""0.2700"",""taker_side"":""yes"",""ticker"":""KXBTC15M-26APR271845-45"",""trade_id"":""bc4c24b1-4792-692d-f65e-6865fd83d8bf"",""yes_price_dollars"":""0.7300""}"
KXBTC15M-26APR271845-45,a8ec88f7-27a9-6bbd-fc79-4727b53e6441,1777329037,0.74,96.0,yes,"{""count_fp"":""96.00"",""created_time"":""2026-04-27T22:30:37.867523Z"",""no_price_dollars"":""0.2600"",""taker_side"":""yes"",""ticker"":""KXBTC15M-26APR271845-45"",""trade_id"":""a8ec88f7-27a9-6bbd-fc79-4727b53e6441"",""yes_price_dollars"":""0.7400""}"
KXBTC15M-26APR271845-45,9f8d2b0f-6153-6417-ec84-4d4a6cff3b40,1777329037,0.73,3.0,yes,"{""count_fp"":""3.00"",""created_time"":""2026-04-27T22:30:37.867523Z"",""no_price_dollars"":""0.2700"",""taker_side"":""yes"",""ticker"":""KXBTC15M-26APR271845-45"",""trade_id"":""9f8d2b0f-6153-6417-ec84-4d4a6cff3b40"",""yes_price_dollars"":""0.7300""}"
KXBTC15M-26APR271845-45,978a1976-2c9f-66d6-eae7-2ba3d20f0a5c,1777329037,0.74,1.0,yes,"{""count_fp"":""1.00"",""created_time"":""2026-04-27T22:30:37.867523Z"",""no_price_dollars"":""0.2600"",""taker_side"":""yes"",""ticker"":""KXBTC15M-26APR271845-45"",""trade_id"":""978a1976-2c9f-66d6-eae7-2ba3d20f0a5c"",""yes_price_dollars"":""0.7400""}"
KXBTC15M-26APR271845-45,89682b1d-650f-69a3-dea7-4ebdbf499959,1777329037,0.75,138.13,yes,"{""count_fp"":""138.13"",""created_time"":""2026-04-27T22:30:37.867523Z"",""no_price_dollars"":""0.2500"",""taker_side"":""yes"",""ticker"":""KXBTC15M-26APR271845-45"",""trade_id"":""89682b1d-650f-69a3-dea7-4ebdbf499959"",""yes_price_dollars"":""0.7500""}"
KXBTC15M-26APR271845-45,7b95838d-237c-6284-e7fe-eadb1c40043a,1777329037,0.74,7.0,yes,"{""count_fp"":""7.00"",""created_time"":""2026-04-27T22:30:37.867523Z"",""no_price_dollars"":""0.2600"",""taker_side"":""yes"",""ticker"":""KXBTC15M-26APR271845-45"",""trade_id"":""7b95838d-237c-6284-e7fe-eadb1c40043a"",""yes_price_dollars"":""0.7400""}"
KXBTC15M-26APR271845-45,6b884e70-13d8-6e5d-efc5-90fa0935919e,1777329037,0.73,113.0,yes,"{""count_fp"":""113.00"",""created_time"":""2026-04-27T22:30:37.867523Z"",""no_price_dollars"":""0.2700"",""taker_side"":""yes"",""ticker"":""KXBTC15M-26APR271845-45"",""trade_id"":""6b884e70-13d8-6e5d-efc5-90fa0935919e"",""yes_price_dollars"":""0.7300""}"
KXBTC15M-26APR271845-45,566e4aa6-aa38-6bea-cc26-a5af1a477331,1777329037,0.75,199.42,yes,"{""count_fp"":""199.42"",""created_time"":""2026-04-27T22:30:37.867523Z"",""no_price_dollars"":""0.2500"",""taker_side"":""yes"",""ticker"":""KXBTC15M-26APR271845-45"",""trade_id"":""566e4aa6-aa38-6bea-cc26-a5af1a477331"",""yes_price_dollars"":""0.7500""}"
KXBTC15M-26APR271845-45,475354c7-2ff3-6cbf-cbac-3bed99996823,1777329037,0.73,66.0,yes,"{""count_fp"":""66.00"",""created_time"":""2026-04-27T22:30:37.867523Z"",""no_price_dollars"":""0.2700"",""taker_side"":""yes"",""ticker"":""KXBTC15M-26APR271845-45"",""trade_id"":""475354c7-2ff3-6cbf-cbac-3bed99996823"",""yes_price_dollars"":""0.7300""}"
KXBTC15M-26APR271845-45,a191c832-19b2-6928-2d66-95a7832414d2,1777329037,0.72,51.0,no,"{""count_fp"":""51.00"",""created_time"":""2026-04-27T22:30:37.447381Z"",""no_price_dollars"":""0.2800"",""taker_side"":""no"",""ticker"":""KXBTC15M-26APR271845-45"",""trade_id"":""a191c832-19b2-6928-2d66-95a7832414d2"",""yes_price_dollars"":""0.7200""}"
KXBTC15M-26APR271845-45,eece5e98-9cbc-5958-3822-7fef7d5c4d4f,1777329037,0.73,0.2,yes,"{""count_fp"":""0.20"",""created_time"":""2026-04-27T22:30:37.292549Z"",""no_price_dollars"":""0.2700"",""taker_side"":""yes"",""ticker"":""KXBTC15M-26APR271845-45"",""trade_id"":""eece5e98-9cbc-5958-3822-7fef7d5c4d4f"",""yes_price_dollars"":""0.7300""}"
KXBTC15M-26APR271845-45,217fa071-6657-5972-1eb0-6613ab0ae81e,1777329037,0.73,1.8,yes,"{""count_fp"":""1.80"",""created_time"":""2026-04-27T22:30:37.292549Z"",""no_price_dollars"":""0.2700"",""taker_side"":""yes"",""ticker"":""KXBTC15M-26APR271845-45"",""trade_id"":""217fa071-6657-5972-1eb0-6613ab0ae81e"",""yes_price_dollars"":""0.7300""}"
KXBTC15M-26APR271845-45,727cfbf5-f8d2-6c00-32a3-e36cd138874a,1777329037,0.72,74.8,no,"{""count_fp"":""74.80"",""created_time"":""2026-04-27T22:30:37.255859Z"",""no_price_dollars"":""0.2800"",""taker_side"":""no"",""ticker"":""KXBTC15M-26APR271845-45"",""trade_id"":""727cfbf5-f8d2-6c00-32a3-e36cd138874a"",""yes_price_dollars"":""0.7200""}"
KXBTC15M-26APR271845-45,c3ad5a1c-bd32-61d8-2426-408217061496,1777329037,0.72,3.4,no,"{""count_fp"":""3.40"",""created_time"":""2026-04-27T22:30:37.255822Z"",""no_price_dollars"":""0.2800"",""taker_side"":""no"",""ticker"":""KXBTC15M-26APR271845-45"",""trade_id"":""c3ad5a1c-bd32-61d8-2426-408217061496"",""yes_price_dollars"":""0.7200""}"
KXBTC15M-26APR271845-45,010bfc80-e48a-688c-b7c8-e6ef70f53666,1777329037,0.72,170.53,no,"{""count_fp"":""170.53"",""created_time"":""2026-04-27T22:30:37.253695Z"",""no_price_dollars"":""0.2800"",""taker_side"":""no"",""ticker"":""KXBTC15M-26APR271845-45"",""trade_id"":""010bfc80-e48a-688c-b7c8-e6ef70f53666"",""yes_price_dollars"":""0.7200""}"
KXBTC15M-26APR271845-45,bc652832-216c-7100-42b5-33d259bd2ec7,1777329037,0.73,2.68,yes,"{""count_fp"":""2.68"",""created_time"":""2026-04-27T22:30:37.231967Z"",""no_price_dollars"":""0.2700"",""taker_side"":""yes"",""ticker"":""KXBTC15M-26APR271845-45"",""trade_id"":""bc652832-216c-7100-42b5-33d259bd2ec7"",""yes_price_dollars"":""0.7300""}"
KXBTC15M-26APR271845-45,da7657d8-8ea7-71b8-95fe-4040274e4af7,1777329037,0.73,4.0,yes,"{""count_fp"":""4.00"",""created_time"":""2026-04-27T22:30:37.102202Z"",""no_price_dollars"":""0.2700"",""taker_side"":""yes"",""ticker"":""KXBTC15M-26APR271845-45"",""trade_id"":""da7657d8-8ea7-71b8-95fe-4040274e4af7"",""yes_price_dollars"":""0.7300""}"
KXBTC15M-26APR271845-45,d115debe-3fd8-710b-b64c-96f012b55120,1777329037,0.73,16.56,yes,"{""count_fp"":""16.56"",""created_time"":""2026-04-27T22:30:37.102202Z"",""no_price_dollars"":""0.2700"",""taker_side"":""yes"",""ticker"":""KXBTC15M-26APR271845-45"",""trade_id"":""d115debe-3fd8-710b-b64c-96f012b55120"",""yes_price_dollars"":""0.7300""}"
KXBTC15M-26APR271845-45,8c21390b-e462-7f92-83a2-7aa104cd6812,1777329037,0.73,1.0,yes,"{""count_fp"":""1.00"",""created_time"":""2026-04-27T22:30:37.102202Z"",""no_price_dollars"":""0.2700"",""taker_side"":""yes"",""ticker"":""KXBTC15M-26APR271845-45"",""trade_id"":""8c21390b-e462-7f92-83a2-7aa104cd6812"",""yes_price_dollars"":""0.7300""}"
KXBTC15M-26APR271845-45,5e85ffff-3498-708c-961b-b5d90a31e817,1777329037,0.73,97.12,yes,"{""count_fp"":""97.12"",""created_time"":""2026-04-27T22:30:37.102202Z"",""no_price_dollars"":""0.2700"",""taker_side"":""yes"",""ticker"":""KXBTC15M-26APR271845-45"",""trade_id"":""5e85ffff-3498-708c-961b-b5d90a31e817"",""yes_price_dollars"":""0.7300""}"
KXBTC15M-26APR271845-45,073595aa-f8c5-79d5-b595-c151b95f8c35,1777329037,0.73,3.0,yes,"{""count_fp"":""3.00"",""created_time"":""2026-04-27T22:30:37.102202Z"",""no_price_dollars"":""0.2700"",""taker_side"":""yes"",""ticker"":""KXBTC15M-26APR271845-45"",""trade_id"":""073595aa-f8c5-79d5-b595-c151b95f8c35"",""yes_price_dollars"":""0.7300""}"
KXBTC15M-26APR271845-45,03988d5d-cd2a-7554-85b1-2ba68eaa95ee,1777329037,0.73,2.0,yes,"{""count_fp"":""2.00"",""created_time"":""2026-04-27T22:30:37.102202Z"",""no_price_dollars"":""0.2700"",""taker_side"":""yes"",""ticker"":""KXBTC15M-26APR271845-45"",""trade_id"":""03988d5d-cd2a-7554-85b1-2ba68eaa95ee"",""yes_price_dollars"":""0.7300""}"
KXBTC15M-26APR271845-45,1f4bb4be-b8e6-5d7c-5f67-b89994351aca,1777329037,0.72,2.0,no,"{""count_fp"":""2.00"",""created_time"":""2026-04-27T22:30:37.072166Z"",""no_price_dollars"":""0.2800"",""taker_side"":""no"",""ticker"":""KXBTC15M-26APR271845-45"",""trade_id"":""1f4bb4be-b8e6-5d7c-5f67-b89994351aca"",""yes_price_dollars"":""0.7200""}"
KXBTC15M-26APR271845-45,2c85a71b-02e6-6701-cec0-809cd509556e,1777329038,0.74,5.0,yes,"{""count_fp"":""5.00"",""created_time"":""2026-04-27T22:30:38.926433Z"",""no_price_dollars"":""0.2600"",""taker_side"":""yes"",""ticker"":""KXBTC15M-26APR271845-45"",""trade_id"":""2c85a71b-02e6-6701-cec0-809cd509556e"",""yes_price_dollars"":""0.7400""}"
