ticker,trade_id,ts,yes_price,count,taker_side,raw_json
KXBTC15M-26APR281245-45,2c5a68ff-d5ca-62d1-76ef-ce32556b531a,1777393800,0.5,2.0,yes,"{""count_fp"":""2.00"",""created_time"":""2026-04-28T16:30:00.963853Z"",""no_price_dollars"":""0.5000"",""taker_side"":""yes"",""ticker"":""KXBTC15M-26APR281245-45"",""trade_id"":""2c5a68ff-d5ca-62d1-76ef-ce32556b531a"",""yes_price_dollars"":""0.5000""}"
KXBTC15M-26APR281245-45,0a28e9ff-41cd-6147-696b-288a026190bc,1777393800,0.5,8.0,yes,"{""count_fp"":""8.00"",""created_time"":""2026-04-28T16:30:00.963853Z"",""no_price_dollars"":""0.5000"",""taker_side"":""yes"",""ticker"":""KXBTC15M-26APR281245-45"",""trade_id"":""0a28e9ff-41cd-6147-696b-288a026190bc"",""yes_price_dollars"":""0.5000""}"
KXBTC15M-26APR281245-45,a88cac4b-1f48-63cf-aec3-15e67c63cfec,1777393801,0.5,2.0,yes,"{""count_fp"":""2.00"",""created_time"":""2026-04-28T16:30:01.206893Z"",""no_price_dollars"":""0.5000"",""taker_side"":""yes"",""ticker"":""KXBTC15M-26APR281245-45"",""trade_id"":""a88cac4b-1f48-63cf-aec3-15e67c63cfec"",""yes_price_dollars"":""0.5000""}"
KXBTC15M-26APR281245-45,f1b5b19c-cb85-4337-68df-0cf3bf0f6378,1777393803,0.48,9.0,yes,"{""count_fp"":""9.00"",""created_time"":""2026-04-28T16:30:03.545892Z"",""no_price_dollars"":""0.5200"",""taker_side"":""yes"",""ticker"":""KXBTC15M-26APR281245-45"",""trade_id"":""f1b5b19c-cb85-4337-68df-0cf3bf0f6378"",""yes_price_dollars"":""0.4800""}"
KXBTC15M-26APR281245-45,ef0dc34b-75f1-4044-5841-1e9a72df1631,1777393803,0.48,5.0,yes,"{""count_fp"":""5.00"",""created_time"":""2026-04-28T16:30:03.545892Z"",""no_price_dollars"":""0.5200"",""taker_side"":""yes"",""ticker"":""KXBTC15M-26APR281245-45"",""trade_id"":""ef0dc34b-75f1-4044-5841-1e9a72df1631"",""yes_price_dollars"":""0.4800""}"
KXBTC15M-26APR281245-45,ebcbfe8d-d52e-46d3-4146-071f340eabbe,1777393803,0.48,3.0,yes,"{""count_fp"":""3.00"",""created_time"":""2026-04-28T16:30:03.545892Z"",""no_price_dollars"":""0.5200"",""taker_side"":""yes"",""ticker"":""KXBTC15M-26APR281245-45"",""trade_id"":""ebcbfe8d-d52e-46d3-4146-071f340eabbe"",""yes_price_dollars"":""0.4800""}"
KXBTC15M-26APR281245-45,88ede556-5148-40d3-5fdb-ec1c20b74358,1777393803,0.48,54.0,yes,"{""count_fp"":""54.00"",""created_time"":""2026-04-28T16:30:03.545892Z"",""no_price_dollars"":""0.5200"",""taker_side"":""yes"",""ticker"":""KXBTC15M-26APR281245-45"",""trade_id"":""88ede556-5148-40d3-5fdb-ec1c20b74358"",""yes_price_dollars"":""0.4800""}"
KXBTC15M-26APR281245-45,784663aa-e8f1-4cc8-7394-e2f1678a5ec2,1777393803,0.48,9.0,yes,"{""count_fp"":""9.00"",""created_time"":""2026-04-28T16:30:03.545892Z"",""no_price_dollars"":""0.5200"",""taker_side"":""yes"",""ticker"":""KXBTC15M-26APR281245-45"",""trade_id"":""784663aa-e8f1-4cc8-7394-e2f1678a5ec2"",""yes_price_dollars"":""0.4800""}"
KXBTC15M-26APR281245-45,6742b1a3-16f1-4387-74be-2ef6b2982d78,1777393803,0.48,3.0,yes,"{""count_fp"":""3.00"",""created_time"":""2026-04-28T16:30:03.545892Z"",""no_price_dollars"":""0.5200"",""taker_side"":""yes"",""ticker"":""KXBTC15M-26APR281245-45"",""trade_id"":""6742b1a3-16f1-4387-74be-2ef6b2982d78"",""yes_price_dollars"":""0.4800""}"
KXBTC15M-26APR281245-45,aeafa66e-20c2-6c0f-7020-22117f2d300e,1777393804,0.46,1.0,no,"{""count_fp"":""1.00"",""created_time"":""2026-04-28T16:30:04.089836Z"",""no_price_dollars"":""0.5400"",""taker_side"":""no"",""ticker"":""KXBTC15M-26APR281245-45"",""trade_id"":""aeafa66e-20c2-6c0f-7020-22117f2d300e"",""yes_price_dollars"":""0.4600""}"
KXBTC15M-26APR281245-45,9230aa7c-afcc-6ac4-45f5-fa7ed2b2a2bf,1777393804,0.47,7.0,no,"{""count_fp"":""7.00"",""created_time"":""2026-04-28T16:30:04.089836Z"",""no_price_dollars"":""0.5300"",""taker_side"":""no"",""ticker"":""KXBTC15M-26APR281245-45"",""trade_id"":""9230aa7c-afcc-6ac4-45f5-fa7ed2b2a2bf"",""yes_price_dollars"":""0.4700""}"
KXBTC15M-26APR281245-45,7dd35d08-8d99-6efb-42a9-68a3c53ca011,1777393804,0.46,1.0,no,"{""count_fp"":""1.00"",""created_time"":""2026-04-28T16:30:04.089836Z"",""no_price_dollars"":""0.5400"",""taker_side"":""no"",""ticker"":""KXBTC15M-26APR281245-45"",""trade_id"":""7dd35d08-8d99-6efb-42a9-68a3c53ca011"",""yes_price_dollars"":""0.4600""}"
KXBTC15M-26APR281245-45,24405ccc-533a-6ffa-6b0e-975fdf18c3b5,1777393804,0.46,1.0,no,"{""count_fp"":""1.00"",""created_time"":""2026-04-28T16:30:04.089836Z"",""no_price_dollars"":""0.5400"",""taker_side"":""no"",""ticker"":""KXBTC15M-26APR281245-45"",""trade_id"":""24405ccc-533a-6ffa-6b0e-975fdf18c3b5"",""yes_price_dollars"":""0.4600""}"
KXBTC15M-26APR281245-45,1e060f86-aff8-6799-6b1a-10d32a76cdfc,1777393804,0.46,45.21,no,"{""count_fp"":""45.21"",""created_time"":""2026-04-28T16:30:04.089836Z"",""no_price_dollars"":""0.5400"",""taker_side"":""no"",""ticker"":""KXBTC15M-26APR281245-45"",""trade_id"":""1e060f86-aff8-6799-6b1a-10d32a76cdfc"",""yes_price_dollars"":""0.4600""}"
KXBTC15M-26APR281245-45,19b17228-f0ef-6fcf-620e-e0b42f5b6ff2,1777393804,0.49,32.0,no,"{""count_fp"":""32.00"",""created_time"":""2026-04-28T16:30:04.089836Z"",""no_price_dollars"":""0.5100"",""taker_side"":""no"",""ticker"":""KXBTC15M-26APR281245-45"",""trade_id"":""19b17228-f0ef-6fcf-620e-e0b42f5b6ff2"",""yes_price_dollars"":""0.4900""}"
KXBTC15M-26APR281245-45,12969b50-e923-5aac-defd-009bf6508b31,1777393805,0.5,18.0,yes,"{""count_fp"":""18.00"",""created_time"":""2026-04-28T16:30:05.571254Z"",""no_price_dollars"":""0.5000"",""taker_side"":""yes"",""ticker"":""KXBTC15M-26APR281245-45"",""trade_id"":""12969b50-e923-5aac-defd-009bf6508b31"",""yes_price_dollars"":""0.5000""}"
KXBTC15M-26APR281245-45,ed2696bf-5069-697c-25ef-9e7f01b10f0f,1777393805,0.48,10.0,no,"{""count_fp"":""10.00"",""created_time"":""2026-04-28T16:30:05.156849Z"",""no_price_dollars"":""0.5200"",""taker_side"":""no"",""ticker"":""KXBTC15M-26APR281245-45"",""trade_id"":""ed2696bf-5069-697c-25ef-9e7f01b10f0f"",""yes_price_dollars"":""0.4800""}"
KXBTC15M-26APR281245-45,805451b2-a34e-6bf9-0005-ccd38cca3799,1777393805,0.47,30.0,no,"{""count_fp"":""30.00"",""created_time"":""2026-04-28T16:30:05.156849Z"",""no_price_dollars"":""0.5300"",""taker_side"":""no"",""ticker"":""KXBTC15M-26APR281245-45"",""trade_id"":""805451b2-a34e-6bf9-0005-ccd38cca3799"",""yes_price_dollars"":""0.4700""}"
KXBTC15M-26APR281245-45,628afff2-218c-6685-1e1d-aeae465386b4,1777393805,0.48,10.79,no,"{""count_fp"":""10.79"",""created_time"":""2026-04-28T16:30:05.156849Z"",""no_price_dollars"":""0.5200"",""taker_side"":""no"",""ticker"":""KXBTC15M-26APR281245-45"",""trade_id"":""628afff2-218c-6685-1e1d-aeae465386b4"",""yes_price_dollars"":""0.4800""}"
KXBTC15M-26APR281245-45,54f9daab-bb64-6d15-13f6-e4a57b8ac226,1777393805,0.47,26.02,no,"{""count_fp"":""26.02"",""created_time"":""2026-04-28T16:30:05.156849Z"",""no_price_dollars"":""0.5300"",""taker_side"":""no"",""ticker"":""KXBTC15M-26APR281245-45"",""trade_id"":""54f9daab-bb64-6d15-13f6-e4a57b8ac226"",""yes_price_dollars"":""0.4700""}"
KXBTC15M-26APR281245-45,407ba8db-af8b-63ae-11bc-bae8de7f6282,1777393805,0.48,14.0,no,"{""count_fp"":""14.00"",""created_time"":""2026-04-28T16:30:05.156849Z"",""no_price_dollars"":""0.5200"",""taker_side"":""no"",""ticker"":""KXBTC15M-26APR281245-45"",""trade_id"":""407ba8db-af8b-63ae-11bc-bae8de7f6282"",""yes_price_dollars"":""0.4800""}"
KXBTC15M-26APR281245-45,ef7a659e-636f-5500-2222-954f5d0be071,1777393806,0.5,13.52,yes,"{""count_fp"":""13.52"",""created_time"":""2026-04-28T16:30:06.186943Z"",""no_price_dollars"":""0.5000"",""taker_side"":""yes"",""ticker"":""KXBTC15M-26APR281245-45"",""trade_id"":""ef7a659e-636f-5500-2222-954f5d0be071"",""yes_price_dollars"":""0.5000""}"
KXBTC15M-26APR281245-45,da328609-17d8-4337-3f61-227c63e39479,1777393807,0.49,9.43,no,"{""count_fp"":""9.43"",""created_time"":""2026-04-28T16:30:07.359402Z"",""no_price_dollars"":""0.5100"",""taker_side"":""no"",""ticker"":""KXBTC15M-26APR281245-45"",""trade_id"":""da328609-17d8-4337-3f61-227c63e39479"",""yes_price_dollars"":""0.4900""}"
KXBTC15M-26APR281245-45,481e6702-9134-44b9-1676-e551ca09045f,1777393807,0.49,9.03,no,"{""count_fp"":""9.03"",""created_time"":""2026-04-28T16:30:07.359402Z"",""no_price_dollars"":""0.5100"",""taker_side"":""no"",""ticker"":""KXBTC15M-26APR281245-45"",""trade_id"":""481e6702-9134-44b9-1676-e551ca09045f"",""yes_price_dollars"":""0.4900""}"
KXBTC15M-26APR281245-45,4e8498d1-265c-5fa3-3522-18f491d033b9,1777393807,0.49,3.71,no,"{""count_fp"":""3.71"",""created_time"":""2026-04-28T16:30:07.075922Z"",""no_price_dollars"":""0.5100"",""taker_side"":""no"",""ticker"":""KXBTC15M-26APR281245-45"",""trade_id"":""4e8498d1-265c-5fa3-3522-18f491d033b9"",""yes_price_dollars"":""0.4900""}"
KXBTC15M-26APR281245-45,8f28a6e2-85dc-4dd3-dfb4-722272b218d1,1777393807,0.49,0.86,no,"{""count_fp"":""0.86"",""created_time"":""2026-04-28T16:30:07.050389Z"",""no_price_dollars"":""0.5100"",""taker_side"":""no"",""ticker"":""KXBTC15M-26APR281245-45"",""trade_id"":""8f28a6e2-85dc-4dd3-dfb4-722272b218d1"",""yes_price_dollars"":""0.4900""}"
KXBTC15M-26APR281245-45,88d038f2-1d72-4d31-fe7a-e816f507f598,1777393807,0.49,1.0,no,"{""count_fp"":""1.00"",""created_time"":""2026-04-28T16:30:07.050389Z"",""no_price_dollars"":""0.5100"",""taker_side"":""no"",""ticker"":""KXBTC15M-26APR281245-45"",""trade_id"":""88d038f2-1d72-4d31-fe7a-e816f507f598"",""yes_price_dollars"":""0.4900""}"
KXBTC15M-26APR281245-45,1a9af3f8-62ef-5a94-d666-b96adb16d1c9,1777393807,0.5,17.39,yes,"{""count_fp"":""17.39"",""created_time"":""2026-04-28T16:30:07.016724Z"",""no_price_dollars"":""0.5000"",""taker_side"":""yes"",""ticker"":""KXBTC15M-26APR281245-45"",""trade_id"":""1a9af3f8-62ef-5a94-d666-b96adb16d1c9"",""yes_price_dollars"":""0.5000""}"
KXBTC15M-26APR281245-45,f56de8ed-4c7e-6812-5dac-e95296b41c4c,1777393808,0.47,16.39,no,"{""count_fp"":""16.39"",""created_time"":""2026-04-28T16:30:08.977429Z"",""no_price_dollars"":""0.5300"",""taker_side"":""no"",""ticker"":""KXBTC15M-26APR281245-45"",""trade_id"":""f56de8ed-4c7e-6812-5dac-e95296b41c4c"",""yes_price_dollars"":""0.4700""}"
KXBTC15M-26APR281245-45,cbd75306-3295-67ec-60bc-84179881ff4a,1777393808,0.48,10.0,no,"{""count_fp"":""10.00"",""created_time"":""2026-04-28T16:30:08.977429Z"",""no_price_dollars"":""0.5200"",""taker_side"":""no"",""ticker"":""KXBTC15M-26APR281245-45"",""trade_id"":""cbd75306-3295-67ec-60bc-84179881ff4a"",""yes_price_dollars"":""0.4800""}"
KXBTC15M-26APR281245-45,7e5495ad-4ad4-635a-5465-cca81f48ac75,1777393808,0.47,1.18,no,"{""count_fp"":""1.18"",""created_time"":""2026-04-28T16:30:08.977429Z"",""no_price_dollars"":""0.5300"",""taker_side"":""no"",""ticker"":""KXBTC15M-26APR281245-45"",""trade_id"":""7e5495ad-4ad4-635a-5465-cca81f48ac75"",""yes_price_dollars"":""0.4700""}"
KXBTC15M-26APR281245-45,33971c8a-369b-7de9-fc40-99e820661b26,1777393808,0.49,2.12,yes,"{""count_fp"":""2.12"",""created_time"":""2026-04-28T16:30:08.928989Z"",""no_price_dollars"":""0.5100"",""taker_side"":""yes"",""ticker"":""KXBTC15M-26APR281245-45"",""trade_id"":""33971c8a-369b-7de9-fc40-99e820661b26"",""yes_price_dollars"":""0.4900""}"
KXBTC15M-26APR281245-45,8e0a04ce-5551-66d5-ca82-c1f8b735fc35,1777393808,0.48,26.02,yes,"{""count_fp"":""26.02"",""created_time"":""2026-04-28T16:30:08.529972Z"",""no_price_dollars"":""0.5200"",""taker_side"":""yes"",""ticker"":""KXBTC15M-26APR281245-45"",""trade_id"":""8e0a04ce-5551-66d5-ca82-c1f8b735fc35"",""yes_price_dollars"":""0.4800""}"
KXBTC15M-26APR281245-45,dbf764b1-eea9-4015-286e-4f0e71d37d53,1777393809,0.49,0.77,yes,"{""count_fp"":""0.77"",""created_time"":""2026-04-28T16:30:09.892493Z"",""no_price_dollars"":""0.5100"",""taker_side"":""yes"",""ticker"":""KXBTC15M-26APR281245-45"",""trade_id"":""dbf764b1-eea9-4015-286e-4f0e71d37d53"",""yes_price_dollars"":""0.4900""}"
KXBTC15M-26APR281245-45,e6ba77ce-d9ca-5b83-f5a2-6903942695f8,1777393809,0.48,5.0,no,"{""count_fp"":""5.00"",""created_time"":""2026-04-28T16:30:09.616518Z"",""no_price_dollars"":""0.5200"",""taker_side"":""no"",""ticker"":""KXBTC15M-26APR281245-45"",""trade_id"":""e6ba77ce-d9ca-5b83-f5a2-6903942695f8"",""yes_price_dollars"":""0.4800""}"
KXBTC15M-26APR281245-45,b4b10d5a-5e93-5d03-edd0-57ab61af13e2,1777393809,0.46,40.79,no,"{""count_fp"":""40.79"",""created_time"":""2026-04-28T16:30:09.616518Z"",""no_price_dollars"":""0.5400"",""taker_side"":""no"",""ticker"":""KXBTC15M-26APR281245-45"",""trade_id"":""b4b10d5a-5e93-5d03-edd0-57ab61af13e2"",""yes_price_dollars"":""0.4600""}"
KXBTC15M-26APR281245-45,8dff727e-696a-5bef-cf7c-4d87102d0961,1777393809,0.47,10.0,no,"{""count_fp"":""10.00"",""created_time"":""2026-04-28T16:30:09.616518Z"",""no_price_dollars"":""0.5300"",""taker_side"":""no"",""ticker"":""KXBTC15M-26APR281245-45"",""trade_id"":""8dff727e-696a-5bef-cf7c-4d87102d0961"",""yes_price_dollars"":""0.4700""}"
KXBTC15M-26APR281245-45,5afa38ff-9c95-51e4-f72b-38221a7e3b98,1777393809,0.46,120.0,no,"{""count_fp"":""120.00"",""created_time"":""2026-04-28T16:30:09.616518Z"",""no_price_dollars"":""0.5400"",""taker_side"":""no"",""ticker"":""KXBTC15M-26APR281245-45"",""trade_id"":""5afa38ff-9c95-51e4-f72b-38221a7e3b98"",""yes_price_dollars"":""0.4600""}"
KXBTC15M-26APR281245-45,32eabf60-be6d-574f-e798-c0e4192aa911,1777393809,0.48,1.0,no,"{""count_fp"":""1.00"",""created_time"":""2026-04-28T16:30:09.616518Z"",""no_price_dollars"":""0.5200"",""taker_side"":""no"",""ticker"":""KXBTC15M-26APR281245-45"",""trade_id"":""32eabf60-be6d-574f-e798-c0e4192aa911"",""yes_price_dollars"":""0.4800""}"
KXBTC15M-26APR281245-45,934b9a8f-6cee-6b0a-093f-059432a56f40,1777393809,0.47,36.54,no,"{""count_fp"":""36.54"",""created_time"":""2026-04-28T16:30:09.016319Z"",""no_price_dollars"":""0.5300"",""taker_side"":""no"",""ticker"":""KXBTC15M-26APR281245-45"",""trade_id"":""934b9a8f-6cee-6b0a-093f-059432a56f40"",""yes_price_dollars"":""0.4700""}"
KXBTC15M-26APR281245-45,d1ac931c-d35e-73ea-cf3b-e88d5cbedac3,1777393810,0.48,4.33,no,"{""count_fp"":""4.33"",""created_time"":""2026-04-28T16:30:10.639321Z"",""no_price_dollars"":""0.5200"",""taker_side"":""no"",""ticker"":""KXBTC15M-26APR281245-45"",""trade_id"":""d1ac931c-d35e-73ea-cf3b-e88d5cbedac3"",""yes_price_dollars"":""0.4800""}"
KXBTC15M-26APR281245-45,9b19fbc9-7668-752d-eea2-038e2eef1a23,1777393810,0.48,0.95,no,"{""count_fp"":""0.95"",""created_time"":""2026-04-28T16:30:10.639321Z"",""no_price_dollars"":""0.5200"",""taker_side"":""no"",""ticker"":""KXBTC15M-26APR281245-45"",""trade_id"":""9b19fbc9-7668-752d-eea2-038e2eef1a23"",""yes_price_dollars"":""0.4800""}"
KXBTC15M-26APR281245-45,80769d45-cf33-78dd-c8ac-c8015c9686f0,1777393810,0.48,3.0,no,"{""count_fp"":""3.00"",""created_time"":""2026-04-28T16:30:10.639321Z"",""no_price_dollars"":""0.5200"",""taker_side"":""no"",""ticker"":""KXBTC15M-26APR281245-45"",""trade_id"":""80769d45-cf33-78dd-c8ac-c8015c9686f0"",""yes_price_dollars"":""0.4800""}"
KXBTC15M-26APR281245-45,6c39d4a4-a2c9-7d0c-c9a2-8ba1c9728866,1777393810,0.48,1.0,no,"{""count_fp"":""1.00"",""created_time"":""2026-04-28T16:30:10.639321Z"",""no_price_dollars"":""0.5200"",""taker_side"":""no"",""ticker"":""KXBTC15M-26APR281245-45"",""trade_id"":""6c39d4a4-a2c9-7d0c-c9a2-8ba1c9728866"",""yes_price_dollars"":""0.4800""}"
KXBTC15M-26APR281245-45,79ccadff-1d7d-7719-0dac-0670855fb1af,1777393810,0.49,12.57,yes,"{""count_fp"":""12.57"",""created_time"":""2026-04-28T16:30:10.577548Z"",""no_price_dollars"":""0.5100"",""taker_side"":""yes"",""ticker"":""KXBTC15M-26APR281245-45"",""trade_id"":""79ccadff-1d7d-7719-0dac-0670855fb1af"",""yes_price_dollars"":""0.4900""}"
KXBTC15M-26APR281245-45,1c19d422-44af-73e4-0408-6a1f4969b989,1777393810,0.5,0.94,yes,"{""count_fp"":""0.94"",""created_time"":""2026-04-28T16:30:10.577548Z"",""no_price_dollars"":""0.5000"",""taker_side"":""yes"",""ticker"":""KXBTC15M-26APR281245-45"",""trade_id"":""1c19d422-44af-73e4-0408-6a1f4969b989"",""yes_price_dollars"":""0.5000""}"
KXBTC15M-26APR281245-45,72dd42f4-fea1-5b29-0100-6d5064563e33,1777393810,0.49,29.02,yes,"{""count_fp"":""29.02"",""created_time"":""2026-04-28T16:30:10.053991Z"",""no_price_dollars"":""0.5100"",""taker_side"":""yes"",""ticker"":""KXBTC15M-26APR281245-45"",""trade_id"":""72dd42f4-fea1-5b29-0100-6d5064563e33"",""yes_price_dollars"":""0.4900""}"
KXBTC15M-26APR281245-45,caf958df-1c6f-4e0d-3483-14a5eef9014a,1777393811,0.54,10.0,yes,"{""count_fp"":""10.00"",""created_time"":""2026-04-28T16:30:11.922971Z"",""no_price_dollars"":""0.4600"",""taker_side"":""yes"",""ticker"":""KXBTC15M-26APR281245-45"",""trade_id"":""caf958df-1c6f-4e0d-3483-14a5eef9014a"",""yes_price_dollars"":""0.5400""}"
KXBTC15M-26APR281245-45,0d08acf4-1070-40eb-3725-5a787216e4ae,1777393811,0.55,3.0,yes,"{""count_fp"":""3.00"",""created_time"":""2026-04-28T16:30:11.922971Z"",""no_price_dollars"":""0.4500"",""taker_side"":""yes"",""ticker"":""KXBTC15M-26APR281245-45"",""trade_id"":""0d08acf4-1070-40eb-3725-5a787216e4ae"",""yes_price_dollars"":""0.5500""}"
KXBTC15M-26APR281245-45,c7ce6e4a-eb90-4274-06eb-bd49002e527c,1777393811,0.52,23.92,no,"{""count_fp"":""23.92"",""created_time"":""2026-04-28T16:30:11.875178Z"",""no_price_dollars"":""0.4800"",""taker_side"":""no"",""ticker"":""KXBTC15M-26APR281245-45"",""trade_id"":""c7ce6e4a-eb90-4274-06eb-bd49002e527c"",""yes_price_dollars"":""0.5200""}"
KXBTC15M-26APR281245-45,8ef41ca1-0e34-49dc-3448-da894adf7cc8,1777393811,0.52,9.13,no,"{""count_fp"":""9.13"",""created_time"":""2026-04-28T16:30:11.691955Z"",""no_price_dollars"":""0.4800"",""taker_side"":""no"",""ticker"":""KXBTC15M-26APR281245-45"",""trade_id"":""8ef41ca1-0e34-49dc-3448-da894adf7cc8"",""yes_price_dollars"":""0.5200""}"
KXBTC15M-26APR281245-45,fee1fcab-68fd-7226-8d5a-8ea24b2b6139,1777393811,0.52,3.0,yes,"{""count_fp"":""3.00"",""created_time"":""2026-04-28T16:30:11.059127Z"",""no_price_dollars"":""0.4800"",""taker_side"":""yes"",""ticker"":""KXBTC15M-26APR281245-45"",""trade_id"":""fee1fcab-68fd-7226-8d5a-8ea24b2b6139"",""yes_price_dollars"":""0.5200""}"
KXBTC15M-26APR281245-45,f44f3635-e9c0-7a64-880b-dbb295f3818b,1777393811,0.53,24.85,yes,"{""count_fp"":""24.85"",""created_time"":""2026-04-28T16:30:11.059127Z"",""no_price_dollars"":""0.4700"",""taker_side"":""yes"",""ticker"":""KXBTC15M-26APR281245-45"",""trade_id"":""f44f3635-e9c0-7a64-880b-dbb295f3818b"",""yes_price_dollars"":""0.5300""}"
KXBTC15M-26APR281245-45,fa553146-f613-6aa7-102d-68cbfc34c3ca,1777393811,0.56,1.0,yes,"{""count_fp"":""1.00"",""created_time"":""2026-04-28T16:30:11.010759Z"",""no_price_dollars"":""0.4400"",""taker_side"":""yes"",""ticker"":""KXBTC15M-26APR281245-45"",""trade_id"":""fa553146-f613-6aa7-102d-68cbfc34c3ca"",""yes_price_dollars"":""0.5600""}"
KXBTC15M-26APR281245-45,d1becebe-fbc0-660d-3d91-37234e4a7462,1777393811,0.54,1.0,yes,"{""count_fp"":""1.00"",""created_time"":""2026-04-28T16:30:11.010759Z"",""no_price_dollars"":""0.4600"",""taker_side"":""yes"",""ticker"":""KXBTC15M-26APR281245-45"",""trade_id"":""d1becebe-fbc0-660d-3d91-37234e4a7462"",""yes_price_dollars"":""0.5400""}"
KXBTC15M-26APR281245-45,b930d35d-ae63-6ddc-0861-77f3c9a254e1,1777393811,0.5,68.15,yes,"{""count_fp"":""68.15"",""created_time"":""2026-04-28T16:30:11.010759Z"",""no_price_dollars"":""0.5000"",""taker_side"":""yes"",""ticker"":""KXBTC15M-26APR281245-45"",""trade_id"":""b930d35d-ae63-6ddc-0861-77f3c9a254e1"",""yes_price_dollars"":""0.5000""}"
KXBTC15M-26APR281245-45,9883cb85-07b9-6b47-264b-363b39a65a09,1777393811,0.51,3.0,yes,"{""count_fp"":""3.00"",""created_time"":""2026-04-28T16:30:11.010759Z"",""no_price_dollars"":""0.4900"",""taker_side"":""yes"",""ticker"":""KXBTC15M-26APR281245-45"",""trade_id"":""9883cb85-07b9-6b47-264b-363b39a65a09"",""yes_price_dollars"":""0.5100""}"
KXBTC15M-26APR281245-45,85096dfa-2a58-6723-38fc-b48d3347adc1,1777393811,0.5,2.0,yes,"{""count_fp"":""2.00"",""created_time"":""2026-04-28T16:30:11.010759Z"",""no_price_dollars"":""0.5000"",""taker_side"":""yes"",""ticker"":""KXBTC15M-26APR281245-45"",""trade_id"":""85096dfa-2a58-6723-38fc-b48d3347adc1"",""yes_price_dollars"":""0.5000""}"
KXBTC15M-26APR281245-45,82d12484-a8c5-6c50-18b7-0088d0ee0fbd,1777393811,0.5,1.0,yes,"{""count_fp"":""1.00"",""created_time"":""2026-04-28T16:30:11.010759Z"",""no_price_dollars"":""0.5000"",""taker_side"":""yes"",""ticker"":""KXBTC15M-26APR281245-45"",""trade_id"":""82d12484-a8c5-6c50-18b7-0088d0ee0fbd"",""yes_price_dollars"":""0.5000""}"
KXBTC15M-26APR281245-45,50195a07-d823-6910-14db-3bcf026a4d57,1777393811,0.55,1.0,yes,"{""count_fp"":""1.00"",""created_time"":""2026-04-28T16:30:11.010759Z"",""no_price_dollars"":""0.4500"",""taker_side"":""yes"",""ticker"":""KXBTC15M-26APR281245-45"",""trade_id"":""50195a07-d823-6910-14db-3bcf026a4d57"",""yes_price_dollars"":""0.5500""}"
KXBTC15M-26APR281245-45,38b67ba2-b0ee-6150-1f83-296867ca1016,1777393811,0.53,2.0,yes,"{""count_fp"":""2.00"",""created_time"":""2026-04-28T16:30:11.010759Z"",""no_price_dollars"":""0.4700"",""taker_side"":""yes"",""ticker"":""KXBTC15M-26APR281245-45"",""trade_id"":""38b67ba2-b0ee-6150-1f83-296867ca1016"",""yes_price_dollars"":""0.5300""}"
KXBTC15M-26APR281245-45,1efcceeb-f61c-6fe7-1730-72334e7a8780,1777393811,0.53,56.0,yes,"{""count_fp"":""56.00"",""created_time"":""2026-04-28T16:30:11.010759Z"",""no_price_dollars"":""0.4700"",""taker_side"":""yes"",""ticker"":""KXBTC15M-26APR281245-45"",""trade_id"":""1efcceeb-f61c-6fe7-1730-72334e7a8780"",""yes_price_dollars"":""0.5300""}"
KXBTC15M-26APR281245-45,045c8995-148d-67de-3c28-e84b73ebf969,1777393811,0.55,50.0,yes,"{""count_fp"":""50.00"",""created_time"":""2026-04-28T16:30:11.010759Z"",""no_price_dollars"":""0.4500"",""taker_side"":""yes"",""ticker"":""KXBTC15M-26APR281245-45"",""trade_id"":""045c8995-148d-67de-3c28-e84b73ebf969"",""yes_price_dollars"":""0.5500""}"
KXBTC15M-26APR281245-45,03beb916-33b1-67be-29d2-21d8c5e09096,1777393811,0.51,5.0,yes,"{""count_fp"":""5.00"",""created_time"":""2026-04-28T16:30:11.010759Z"",""no_price_dollars"":""0.4900"",""taker_side"":""yes"",""ticker"":""KXBTC15M-26APR281245-45"",""trade_id"":""03beb916-33b1-67be-29d2-21d8c5e09096"",""yes_price_dollars"":""0.5100""}"
KXBTC15M-26APR281245-45,d88b4ed6-20e8-7d62-c425-301823931b5f,1777393812,0.55,2.87,no,"{""count_fp"":""2.87"",""created_time"":""2026-04-28T16:30:12.695134Z"",""no_price_dollars"":""0.4500"",""taker_side"":""no"",""ticker"":""KXBTC15M-26APR281245-45"",""trade_id"":""d88b4ed6-20e8-7d62-c425-301823931b5f"",""yes_price_dollars"":""0.5500""}"
KXBTC15M-26APR281245-45,46290bfc-f6b9-743d-d50d-367ef622ee0c,1777393812,0.54,40.0,no,"{""count_fp"":""40.00"",""created_time"":""2026-04-28T16:30:12.695134Z"",""no_price_dollars"":""0.4600"",""taker_side"":""no"",""ticker"":""KXBTC15M-26APR281245-45"",""trade_id"":""46290bfc-f6b9-743d-d50d-367ef622ee0c"",""yes_price_dollars"":""0.5400""}"
KXBTC15M-26APR281245-45,4597fb10-2eff-7250-e0c2-893e15b02934,1777393812,0.53,2.11,no,"{""count_fp"":""2.11"",""created_time"":""2026-04-28T16:30:12.695134Z"",""no_price_dollars"":""0.4700"",""taker_side"":""no"",""ticker"":""KXBTC15M-26APR281245-45"",""trade_id"":""4597fb10-2eff-7250-e0c2-893e15b02934"",""yes_price_dollars"":""0.5300""}"
KXBTC15M-26APR281245-45,439f2ebe-e972-782a-e038-73c5fed5c21f,1777393812,0.54,14.0,no,"{""count_fp"":""14.00"",""created_time"":""2026-04-28T16:30:12.695134Z"",""no_price_dollars"":""0.4600"",""taker_side"":""no"",""ticker"":""KXBTC15M-26APR281245-45"",""trade_id"":""439f2ebe-e972-782a-e038-73c5fed5c21f"",""yes_price_dollars"":""0.5400""}"
KXBTC15M-26APR281245-45,21c7ad2e-3827-7263-e1ee-aaf70c5f3c8d,1777393812,0.54,5.0,no,"{""count_fp"":""5.00"",""created_time"":""2026-04-28T16:30:12.695134Z"",""no_price_dollars"":""0.4600"",""taker_side"":""no"",""ticker"":""KXBTC15M-26APR281245-45"",""trade_id"":""21c7ad2e-3827-7263-e1ee-aaf70c5f3c8d"",""yes_price_dollars"":""0.5400""}"
KXBTC15M-26APR281245-45,0bb473ca-7b15-7873-c13e-f832194c56c4,1777393812,0.55,36.02,no,"{""count_fp"":""36.02"",""created_time"":""2026-04-28T16:30:12.695134Z"",""no_price_dollars"":""0.4500"",""taker_side"":""no"",""ticker"":""KXBTC15M-26APR281245-45"",""trade_id"":""0bb473ca-7b15-7873-c13e-f832194c56c4"",""yes_price_dollars"":""0.5500""}"
KXBTC15M-26APR281245-45,abe4c1de-fb41-4e0e-89fc-152716766c05,1777393812,0.56,2.0,yes,"{""count_fp"":""2.00"",""created_time"":""2026-04-28T16:30:12.426626Z"",""no_price_dollars"":""0.4400"",""taker_side"":""yes"",""ticker"":""KXBTC15M-26APR281245-45"",""trade_id"":""abe4c1de-fb41-4e0e-89fc-152716766c05"",""yes_price_dollars"":""0.5600""}"
KXBTC15M-26APR281245-45,dd069a72-edc5-477f-da24-b74e57acf47c,1777393812,0.55,3.98,no,"{""count_fp"":""3.98"",""created_time"":""2026-04-28T16:30:12.141794Z"",""no_price_dollars"":""0.4500"",""taker_side"":""no"",""ticker"":""KXBTC15M-26APR281245-45"",""trade_id"":""dd069a72-edc5-477f-da24-b74e57acf47c"",""yes_price_dollars"":""0.5500""}"
KXBTC15M-26APR281245-45,dc88fd86-f3b3-4a47-ef53-2cce097ce5f3,1777393812,0.55,1.0,no,"{""count_fp"":""1.00"",""created_time"":""2026-04-28T16:30:12.141794Z"",""no_price_dollars"":""0.4500"",""taker_side"":""no"",""ticker"":""KXBTC15M-26APR281245-45"",""trade_id"":""dc88fd86-f3b3-4a47-ef53-2cce097ce5f3"",""yes_price_dollars"":""0.5500""}"
KXBTC15M-26APR281245-45,87155918-5bd9-4f05-e7f0-33c9f9f3f7a9,1777393812,0.55,4.0,no,"{""count_fp"":""4.00"",""created_time"":""2026-04-28T16:30:12.141794Z"",""no_price_dollars"":""0.4500"",""taker_side"":""no"",""ticker"":""KXBTC15M-26APR281245-45"",""trade_id"":""87155918-5bd9-4f05-e7f0-33c9f9f3f7a9"",""yes_price_dollars"":""0.5500""}"
KXBTC15M-26APR281245-45,f10c222a-f7fa-6b1a-18ba-e22618fd7cca,1777393812,0.56,3.0,yes,"{""count_fp"":""3.00"",""created_time"":""2026-04-28T16:30:12.139524Z"",""no_price_dollars"":""0.4400"",""taker_side"":""yes"",""ticker"":""KXBTC15M-26APR281245-45"",""trade_id"":""f10c222a-f7fa-6b1a-18ba-e22618fd7cca"",""yes_price_dollars"":""0.5600""}"
KXBTC15M-26APR281245-45,cab8d4e1-6b9a-64b0-3387-c4f7fd29d879,1777393812,0.56,18.33,yes,"{""count_fp"":""18.33"",""created_time"":""2026-04-28T16:30:12.139524Z"",""no_price_dollars"":""0.4400"",""taker_side"":""yes"",""ticker"":""KXBTC15M-26APR281245-45"",""trade_id"":""cab8d4e1-6b9a-64b0-3387-c4f7fd29d879"",""yes_price_dollars"":""0.5600""}"
KXBTC15M-26APR281245-45,940d9879-f8d8-7919-ce33-92b81bf92ce8,1777393812,0.57,130.0,yes,"{""count_fp"":""130.00"",""created_time"":""2026-04-28T16:30:12.025706Z"",""no_price_dollars"":""0.4300"",""taker_side"":""yes"",""ticker"":""KXBTC15M-26APR281245-45"",""trade_id"":""940d9879-f8d8-7919-ce33-92b81bf92ce8"",""yes_price_dollars"":""0.5700""}"
KXBTC15M-26APR281245-45,8e3c3120-dac8-7af7-e045-037630b7cb26,1777393812,0.57,1.0,yes,"{""count_fp"":""1.00"",""created_time"":""2026-04-28T16:30:12.025706Z"",""no_price_dollars"":""0.4300"",""taker_side"":""yes"",""ticker"":""KXBTC15M-26APR281245-45"",""trade_id"":""8e3c3120-dac8-7af7-e045-037630b7cb26"",""yes_price_dollars"":""0.5700""}"
KXBTC15M-26APR281245-45,b11c9282-b4da-48c1-736c-8c232dc56399,1777393813,0.59,5.0,yes,"{""count_fp"":""5.00"",""created_time"":""2026-04-28T16:30:13.871168Z"",""no_price_dollars"":""0.4100"",""taker_side"":""yes"",""ticker"":""KXBTC15M-26APR281245-45"",""trade_id"":""b11c9282-b4da-48c1-736c-8c232dc56399"",""yes_price_dollars"":""0.5900""}"
KXBTC15M-26APR281245-45,ae711ed2-e7be-482b-5820-9f9999084344,1777393813,0.59,5.0,yes,"{""count_fp"":""5.00"",""created_time"":""2026-04-28T16:30:13.871168Z"",""no_price_dollars"":""0.4100"",""taker_side"":""yes"",""ticker"":""KXBTC15M-26APR281245-45"",""trade_id"":""ae711ed2-e7be-482b-5820-9f9999084344"",""yes_price_dollars"":""0.5900""}"
KXBTC15M-26APR281245-45,7b646ab9-4325-44a7-56f2-99d9e2042219,1777393813,0.59,18.0,yes,"{""count_fp"":""18.00"",""created_time"":""2026-04-28T16:30:13.871168Z"",""no_price_dollars"":""0.4100"",""taker_side"":""yes"",""ticker"":""KXBTC15M-26APR281245-45"",""trade_id"":""7b646ab9-4325-44a7-56f2-99d9e2042219"",""yes_price_dollars"":""0.5900""}"
KXBTC15M-26APR281245-45,68a8eb7f-b68f-43c3-58f3-fcd25d171979,1777393813,0.59,17.94,yes,"{""count_fp"":""17.94"",""created_time"":""2026-04-28T16:30:13.871168Z"",""no_price_dollars"":""0.4100"",""taker_side"":""yes"",""ticker"":""KXBTC15M-26APR281245-45"",""trade_id"":""68a8eb7f-b68f-43c3-58f3-fcd25d171979"",""yes_price_dollars"":""0.5900""}"
KXBTC15M-26APR281245-45,3c38fff3-d01f-476c-72de-bb896f31cee3,1777393813,0.59,1.0,yes,"{""count_fp"":""1.00"",""created_time"":""2026-04-28T16:30:13.871168Z"",""no_price_dollars"":""0.4100"",""taker_side"":""yes"",""ticker"":""KXBTC15M-26APR281245-45"",""trade_id"":""3c38fff3-d01f-476c-72de-bb896f31cee3"",""yes_price_dollars"":""0.5900""}"
KXBTC15M-26APR281245-45,0676f7e4-bcfb-6193-e43b-8212755f7d25,1777393813,0.59,101.06,yes,"{""count_fp"":""101.06"",""created_time"":""2026-04-28T16:30:13.871137Z"",""no_price_dollars"":""0.4100"",""taker_side"":""yes"",""ticker"":""KXBTC15M-26APR281245-45"",""trade_id"":""0676f7e4-bcfb-6193-e43b-8212755f7d25"",""yes_price_dollars"":""0.5900""}"
KXBTC15M-26APR281245-45,c3fa510e-d878-5f26-765d-6de87e431212,1777393813,0.58,3.0,yes,"{""count_fp"":""3.00"",""created_time"":""2026-04-28T16:30:13.843659Z"",""no_price_dollars"":""0.4200"",""taker_side"":""yes"",""ticker"":""KXBTC15M-26APR281245-45"",""trade_id"":""c3fa510e-d878-5f26-765d-6de87e431212"",""yes_price_dollars"":""0.5800""}"
KXBTC15M-26APR281245-45,ec128d18-03b1-7ef9-e143-564add68aa5c,1777393813,0.57,1.0,yes,"{""count_fp"":""1.00"",""created_time"":""2026-04-28T16:30:13.757886Z"",""no_price_dollars"":""0.4300"",""taker_side"":""yes"",""ticker"":""KXBTC15M-26APR281245-45"",""trade_id"":""ec128d18-03b1-7ef9-e143-564add68aa5c"",""yes_price_dollars"":""0.5700""}"
KXBTC15M-26APR281245-45,c0746a44-4c96-7454-c33f-732f960e10d4,1777393813,0.58,48.09,yes,"{""count_fp"":""48.09"",""created_time"":""2026-04-28T16:30:13.757886Z"",""no_price_dollars"":""0.4200"",""taker_side"":""yes"",""ticker"":""KXBTC15M-26APR281245-45"",""trade_id"":""c0746a44-4c96-7454-c33f-732f960e10d4"",""yes_price_dollars"":""0.5800""}"
KXBTC15M-26APR281245-45,7a0849ff-e671-759a-e74d-6b247abdb889,1777393813,0.56,8.0,yes,"{""count_fp"":""8.00"",""created_time"":""2026-04-28T16:30:13.757886Z"",""no_price_dollars"":""0.4400"",""taker_side"":""yes"",""ticker"":""KXBTC15M-26APR281245-45"",""trade_id"":""7a0849ff-e671-759a-e74d-6b247abdb889"",""yes_price_dollars"":""0.5600""}"
KXBTC15M-26APR281245-45,79e0f6c0-3c87-770f-d4c1-18dd3c688f9b,1777393813,0.58,2.0,yes,"{""count_fp"":""2.00"",""created_time"":""2026-04-28T16:30:13.757886Z"",""no_price_dollars"":""0.4200"",""taker_side"":""yes"",""ticker"":""KXBTC15M-26APR281245-45"",""trade_id"":""79e0f6c0-3c87-770f-d4c1-18dd3c688f9b"",""yes_price_dollars"":""0.5800""}"
KXBTC15M-26APR281245-45,3540b9a4-c3e0-78f4-f686-01934e977d13,1777393813,0.56,7.0,yes,"{""count_fp"":""7.00"",""created_time"":""2026-04-28T16:30:13.757886Z"",""no_price_dollars"":""0.4400"",""taker_side"":""yes"",""ticker"":""KXBTC15M-26APR281245-45"",""trade_id"":""3540b9a4-c3e0-78f4-f686-01934e977d13"",""yes_price_dollars"":""0.5600""}"
KXBTC15M-26APR281245-45,1386a2b7-7619-7108-fc9a-7a39b71e4e4d,1777393813,0.58,1.0,yes,"{""count_fp"":""1.00"",""created_time"":""2026-04-28T16:30:13.757886Z"",""no_price_dollars"":""0.4200"",""taker_side"":""yes"",""ticker"":""KXBTC15M-26APR281245-45"",""trade_id"":""1386a2b7-7619-7108-fc9a-7a39b71e4e4d"",""yes_price_dollars"":""0.5800""}"
KXBTC15M-26APR281245-45,e4255cc4-f8e4-651d-eb53-845c9d5b220b,1777393813,0.55,1.0,no,"{""count_fp"":""1.00"",""created_time"":""2026-04-28T16:30:13.106548Z"",""no_price_dollars"":""0.4500"",""taker_side"":""no"",""ticker"":""KXBTC15M-26APR281245-45"",""trade_id"":""e4255cc4-f8e4-651d-eb53-845c9d5b220b"",""yes_price_dollars"":""0.5500""}"
KXBTC15M-26APR281245-45,68a29503-24f3-5b89-8c56-448045909e3e,1777393814,0.59,4.0,no,"{""count_fp"":""4.00"",""created_time"":""2026-04-28T16:30:14.816091Z"",""no_price_dollars"":""0.4100"",""taker_side"":""no"",""ticker"":""KXBTC15M-26APR281245-45"",""trade_id"":""68a29503-24f3-5b89-8c56-448045909e3e"",""yes_price_dollars"":""0.5900""}"
KXBTC15M-26APR281245-45,c3873e59-4117-78e7-06f5-d76244fd06d9,1777393814,0.59,32.09,no,"{""count_fp"":""32.09"",""created_time"":""2026-04-28T16:30:14.413288Z"",""no_price_dollars"":""0.4100"",""taker_side"":""no"",""ticker"":""KXBTC15M-26APR281245-45"",""trade_id"":""c3873e59-4117-78e7-06f5-d76244fd06d9"",""yes_price_dollars"":""0.5900""}"
KXBTC15M-26APR281245-45,29abb0a9-60f5-57e6-55a4-c9622aa5b86c,1777393815,0.6,40.19,yes,"{""count_fp"":""40.19"",""created_time"":""2026-04-28T16:30:15.947864Z"",""no_price_dollars"":""0.4000"",""taker_side"":""yes"",""ticker"":""KXBTC15M-26APR281245-45"",""trade_id"":""29abb0a9-60f5-57e6-55a4-c9622aa5b86c"",""yes_price_dollars"":""0.6000""}"
KXBTC15M-26APR281245-45,c683c349-f2c8-6b58-1d6f-88627ffd9030,1777393815,0.59,3.0,no,"{""count_fp"":""3.00"",""created_time"":""2026-04-28T16:30:15.926245Z"",""no_price_dollars"":""0.4100"",""taker_side"":""no"",""ticker"":""KXBTC15M-26APR281245-45"",""trade_id"":""c683c349-f2c8-6b58-1d6f-88627ffd9030"",""yes_price_dollars"":""0.5900""}"
KXBTC15M-26APR281245-45,98e880f5-4f79-64db-0417-7ee25cd85d72,1777393815,0.59,40.0,no,"{""count_fp"":""40.00"",""created_time"":""2026-04-28T16:30:15.926245Z"",""no_price_dollars"":""0.4100"",""taker_side"":""no"",""ticker"":""KXBTC15M-26APR281245-45"",""trade_id"":""98e880f5-4f79-64db-0417-7ee25cd85d72"",""yes_price_dollars"":""0.5900""}"
KXBTC15M-26APR281245-45,73653bf6-ba9b-6cac-126f-2ab525d16611,1777393815,0.59,517.32,no,"{""count_fp"":""517.32"",""created_time"":""2026-04-28T16:30:15.926245Z"",""no_price_dollars"":""0.4100"",""taker_side"":""no"",""ticker"":""KXBTC15M-26APR281245-45"",""trade_id"":""73653bf6-ba9b-6cac-126f-2ab525d16611"",""yes_price_dollars"":""0.5900""}"
KXBTC15M-26APR281245-45,106d3b39-cc00-6c2e-8a0d-c9a5ca71eacf,1777393815,0.6,34.37,yes,"{""count_fp"":""34.37"",""created_time"":""2026-04-28T16:30:15.899752Z"",""no_price_dollars"":""0.4000"",""taker_side"":""yes"",""ticker"":""KXBTC15M-26APR281245-45"",""trade_id"":""106d3b39-cc00-6c2e-8a0d-c9a5ca71eacf"",""yes_price_dollars"":""0.6000""}"
KXBTC15M-26APR281245-45,d85110a3-6fdd-707a-3be1-42c5094b32cc,1777393815,0.58,3.0,no,"{""count_fp"":""3.00"",""created_time"":""2026-04-28T16:30:15.494386Z"",""no_price_dollars"":""0.4200"",""taker_side"":""no"",""ticker"":""KXBTC15M-26APR281245-45"",""trade_id"":""d85110a3-6fdd-707a-3be1-42c5094b32cc"",""yes_price_dollars"":""0.5800""}"
KXBTC15M-26APR281245-45,f4c47038-1b7c-484b-f8aa-843b570a7b00,1777393815,0.58,40.0,no,"{""count_fp"":""40.00"",""created_time"":""2026-04-28T16:30:15.332174Z"",""no_price_dollars"":""0.4200"",""taker_side"":""no"",""ticker"":""KXBTC15M-26APR281245-45"",""trade_id"":""f4c47038-1b7c-484b-f8aa-843b570a7b00"",""yes_price_dollars"":""0.5800""}"
KXBTC15M-26APR281245-45,eead6747-d9ff-4b4a-f2e3-72eb5a7045dc,1777393815,0.57,40.0,no,"{""count_fp"":""40.00"",""created_time"":""2026-04-28T16:30:15.332174Z"",""no_price_dollars"":""0.4300"",""taker_side"":""no"",""ticker"":""KXBTC15M-26APR281245-45"",""trade_id"":""eead6747-d9ff-4b4a-f2e3-72eb5a7045dc"",""yes_price_dollars"":""0.5700""}"
KXBTC15M-26APR281245-45,91828662-1953-4e92-f102-4f3b5a4a30ff,1777393815,0.57,36.09,no,"{""count_fp"":""36.09"",""created_time"":""2026-04-28T16:30:15.332174Z"",""no_price_dollars"":""0.4300"",""taker_side"":""no"",""ticker"":""KXBTC15M-26APR281245-45"",""trade_id"":""91828662-1953-4e92-f102-4f3b5a4a30ff"",""yes_price_dollars"":""0.5700""}"
KXBTC15M-26APR281245-45,f586c58b-5a67-4aa4-7984-58a9d5f1f7b6,1777393815,0.59,33.0,yes,"{""count_fp"":""33.00"",""created_time"":""2026-04-28T16:30:15.203526Z"",""no_price_dollars"":""0.4100"",""taker_side"":""yes"",""ticker"":""KXBTC15M-26APR281245-45"",""trade_id"":""f586c58b-5a67-4aa4-7984-58a9d5f1f7b6"",""yes_price_dollars"":""0.5900""}"
KXBTC15M-26APR281245-45,43e8326d-aa7c-6a5c-0355-11b7c8e03dc6,1777393816,0.61,1.6,yes,"{""count_fp"":""1.60"",""created_time"":""2026-04-28T16:30:16.770046Z"",""no_price_dollars"":""0.3900"",""taker_side"":""yes"",""ticker"":""KXBTC15M-26APR281245-45"",""trade_id"":""43e8326d-aa7c-6a5c-0355-11b7c8e03dc6"",""yes_price_dollars"":""0.6100""}"
KXBTC15M-26APR281245-45,f6031bc9-1c36-692f-68a5-d8159066f69b,1777393816,0.6,5.0,no,"{""count_fp"":""5.00"",""created_time"":""2026-04-28T16:30:16.663274Z"",""no_price_dollars"":""0.4000"",""taker_side"":""no"",""ticker"":""KXBTC15M-26APR281245-45"",""trade_id"":""f6031bc9-1c36-692f-68a5-d8159066f69b"",""yes_price_dollars"":""0.6000""}"
KXBTC15M-26APR281245-45,6bfb27bd-ab50-62e1-7002-ecd11a495545,1777393816,0.6,0.47,no,"{""count_fp"":""0.47"",""created_time"":""2026-04-28T16:30:16.663274Z"",""no_price_dollars"":""0.4000"",""taker_side"":""no"",""ticker"":""KXBTC15M-26APR281245-45"",""trade_id"":""6bfb27bd-ab50-62e1-7002-ecd11a495545"",""yes_price_dollars"":""0.6000""}"
KXBTC15M-26APR281245-45,472ab207-d264-65ba-5577-51e245242df8,1777393816,0.6,1.39,no,"{""count_fp"":""1.39"",""created_time"":""2026-04-28T16:30:16.663274Z"",""no_price_dollars"":""0.4000"",""taker_side"":""no"",""ticker"":""KXBTC15M-26APR281245-45"",""trade_id"":""472ab207-d264-65ba-5577-51e245242df8"",""yes_price_dollars"":""0.6000""}"
KXBTC15M-26APR281245-45,ed4de4dc-0500-49ae-3357-544726b3ab14,1777393816,0.6,8.61,no,"{""count_fp"":""8.61"",""created_time"":""2026-04-28T16:30:16.579338Z"",""no_price_dollars"":""0.4000"",""taker_side"":""no"",""ticker"":""KXBTC15M-26APR281245-45"",""trade_id"":""ed4de4dc-0500-49ae-3357-544726b3ab14"",""yes_price_dollars"":""0.6000""}"
KXBTC15M-26APR281245-45,34dd5831-faaf-4d87-0d2f-be19681e3f1c,1777393816,0.6,3.0,no,"{""count_fp"":""3.00"",""created_time"":""2026-04-28T16:30:16.579338Z"",""no_price_dollars"":""0.4000"",""taker_side"":""no"",""ticker"":""KXBTC15M-26APR281245-45"",""trade_id"":""34dd5831-faaf-4d87-0d2f-be19681e3f1c"",""yes_price_dollars"":""0.6000""}"
KXBTC15M-26APR281245-45,815dd18f-25c0-4a60-78b4-f814fc544e82,1777393816,0.61,0.3,yes,"{""count_fp"":""0.30"",""created_time"":""2026-04-28T16:30:16.325022Z"",""no_price_dollars"":""0.3900"",""taker_side"":""yes"",""ticker"":""KXBTC15M-26APR281245-45"",""trade_id"":""815dd18f-25c0-4a60-78b4-f814fc544e82"",""yes_price_dollars"":""0.6100""}"
KXBTC15M-26APR281245-45,4e0d46ef-577e-5b97-7db0-9a6e05576d15,1777393816,0.6,14.0,no,"{""count_fp"":""14.00"",""created_time"":""2026-04-28T16:30:16.077961Z"",""no_price_dollars"":""0.4000"",""taker_side"":""no"",""ticker"":""KXBTC15M-26APR281245-45"",""trade_id"":""4e0d46ef-577e-5b97-7db0-9a6e05576d15"",""yes_price_dollars"":""0.6000""}"
KXBTC15M-26APR281245-45,2f759a39-0243-5bbc-7639-6bccf0abef89,1777393816,0.59,58.7,no,"{""count_fp"":""58.70"",""created_time"":""2026-04-28T16:30:16.077961Z"",""no_price_dollars"":""0.4100"",""taker_side"":""no"",""ticker"":""KXBTC15M-26APR281245-45"",""trade_id"":""2f759a39-0243-5bbc-7639-6bccf0abef89"",""yes_price_dollars"":""0.5900""}"
KXBTC15M-26APR281245-45,19ebaac6-1af3-551c-7ab7-2c2527f9ff1c,1777393816,0.6,40.0,no,"{""count_fp"":""40.00"",""created_time"":""2026-04-28T16:30:16.077961Z"",""no_price_dollars"":""0.4000"",""taker_side"":""no"",""ticker"":""KXBTC15M-26APR281245-45"",""trade_id"":""19ebaac6-1af3-551c-7ab7-2c2527f9ff1c"",""yes_price_dollars"":""0.6000""}"
KXBTC15M-26APR281245-45,e3f26543-ae0f-7e5e-1ee2-e37658c1a1ab,1777393817,0.6,6.0,no,"{""count_fp"":""6.00"",""created_time"":""2026-04-28T16:30:17.962488Z"",""no_price_dollars"":""0.4000"",""taker_side"":""no"",""ticker"":""KXBTC15M-26APR281245-45"",""trade_id"":""e3f26543-ae0f-7e5e-1ee2-e37658c1a1ab"",""yes_price_dollars"":""0.6000""}"
KXBTC15M-26APR281245-45,23fb8be7-0543-64fa-51e4-c4c4ac34c537,1777393817,0.6,25.0,no,"{""count_fp"":""25.00"",""created_time"":""2026-04-28T16:30:17.747444Z"",""no_price_dollars"":""0.4000"",""taker_side"":""no"",""ticker"":""KXBTC15M-26APR281245-45"",""trade_id"":""23fb8be7-0543-64fa-51e4-c4c4ac34c537"",""yes_price_dollars"":""0.6000""}"
KXBTC15M-26APR281245-45,c15ac7a9-9214-47f8-a69c-7800f03a57be,1777393817,0.61,48.73,yes,"{""count_fp"":""48.73"",""created_time"":""2026-04-28T16:30:17.739304Z"",""no_price_dollars"":""0.3900"",""taker_side"":""yes"",""ticker"":""KXBTC15M-26APR281245-45"",""trade_id"":""c15ac7a9-9214-47f8-a69c-7800f03a57be"",""yes_price_dollars"":""0.6100""}"
KXBTC15M-26APR281245-45,2b186c43-134c-7fa8-6599-c9381ab2389a,1777393817,0.61,36.55,yes,"{""count_fp"":""36.55"",""created_time"":""2026-04-28T16:30:17.733653Z"",""no_price_dollars"":""0.3900"",""taker_side"":""yes"",""ticker"":""KXBTC15M-26APR281245-45"",""trade_id"":""2b186c43-134c-7fa8-6599-c9381ab2389a"",""yes_price_dollars"":""0.6100""}"
KXBTC15M-26APR281245-45,ba1690ca-e8f8-4160-8a06-7d4f51137ade,1777393817,0.61,8.21,yes,"{""count_fp"":""8.21"",""created_time"":""2026-04-28T16:30:17.732644Z"",""no_price_dollars"":""0.3900"",""taker_side"":""yes"",""ticker"":""KXBTC15M-26APR281245-45"",""trade_id"":""ba1690ca-e8f8-4160-8a06-7d4f51137ade"",""yes_price_dollars"":""0.6100""}"
KXBTC15M-26APR281245-45,a0dd186a-e437-6c6e-ddb0-bf1e204dba9e,1777393817,0.6,3.0,no,"{""count_fp"":""3.00"",""created_time"":""2026-04-28T16:30:17.647731Z"",""no_price_dollars"":""0.4000"",""taker_side"":""no"",""ticker"":""KXBTC15M-26APR281245-45"",""trade_id"":""a0dd186a-e437-6c6e-ddb0-bf1e204dba9e"",""yes_price_dollars"":""0.6000""}"
KXBTC15M-26APR281245-45,59c9666b-2436-602a-f72d-b0d3be9bb317,1777393817,0.6,3.0,no,"{""count_fp"":""3.00"",""created_time"":""2026-04-28T16:30:17.647731Z"",""no_price_dollars"":""0.4000"",""taker_side"":""no"",""ticker"":""KXBTC15M-26APR281245-45"",""trade_id"":""59c9666b-2436-602a-f72d-b0d3be9bb317"",""yes_price_dollars"":""0.6000""}"
KXBTC15M-26APR281245-45,b6c02e1d-8ee7-6f06-4e46-f3569089f48b,1777393818,0.6,16.79,no,"{""count_fp"":""16.79"",""created_time"":""2026-04-28T16:30:18.885246Z"",""no_price_dollars"":""0.4000"",""taker_side"":""no"",""ticker"":""KXBTC15M-26APR281245-45"",""trade_id"":""b6c02e1d-8ee7-6f06-4e46-f3569089f48b"",""yes_price_dollars"":""0.6000""}"
KXBTC15M-26APR281245-45,41f4039d-b7a3-798e-6be9-18a81040eb7b,1777393818,0.6,11.99,no,"{""count_fp"":""11.99"",""created_time"":""2026-04-28T16:30:18.832001Z"",""no_price_dollars"":""0.4000"",""taker_side"":""no"",""ticker"":""KXBTC15M-26APR281245-45"",""trade_id"":""41f4039d-b7a3-798e-6be9-18a81040eb7b"",""yes_price_dollars"":""0.6000""}"
KXBTC15M-26APR281245-45,c2d6e7c2-0403-6412-fc99-82b539120083,1777393818,0.6,10.0,no,"{""count_fp"":""10.00"",""created_time"":""2026-04-28T16:30:18.801829Z"",""no_price_dollars"":""0.4000"",""taker_side"":""no"",""ticker"":""KXBTC15M-26APR281245-45"",""trade_id"":""c2d6e7c2-0403-6412-fc99-82b539120083"",""yes_price_dollars"":""0.6000""}"
KXBTC15M-26APR281245-45,bd0055c5-4baf-67ba-4250-0a6c924e2803,1777393818,0.6,234.63,no,"{""count_fp"":""234.63"",""created_time"":""2026-04-28T16:30:18.721479Z"",""no_price_dollars"":""0.4000"",""taker_side"":""no"",""ticker"":""KXBTC15M-26APR281245-45"",""trade_id"":""bd0055c5-4baf-67ba-4250-0a6c924e2803"",""yes_price_dollars"":""0.6000""}"
KXBTC15M-26APR281245-45,a150d3ca-2383-624e-b4a1-b8211028944b,1777393818,0.6,239.92,no,"{""count_fp"":""239.92"",""created_time"":""2026-04-28T16:30:18.672329Z"",""no_price_dollars"":""0.4000"",""taker_side"":""no"",""ticker"":""KXBTC15M-26APR281245-45"",""trade_id"":""a150d3ca-2383-624e-b4a1-b8211028944b"",""yes_price_dollars"":""0.6000""}"
KXBTC15M-26APR281245-45,8ae6da00-dbdb-6cf6-ba60-c51040d7d3cb,1777393818,0.6,21.59,no,"{""count_fp"":""21.59"",""created_time"":""2026-04-28T16:30:18.598433Z"",""no_price_dollars"":""0.4000"",""taker_side"":""no"",""ticker"":""KXBTC15M-26APR281245-45"",""trade_id"":""8ae6da00-dbdb-6cf6-ba60-c51040d7d3cb"",""yes_price_dollars"":""0.6000""}"
KXBTC15M-26APR281245-45,9a3adee7-23a4-4c34-2e5c-f34bc2bc25de,1777393818,0.61,3.01,yes,"{""count_fp"":""3.01"",""created_time"":""2026-04-28T16:30:18.203419Z"",""no_price_dollars"":""0.3900"",""taker_side"":""yes"",""ticker"":""KXBTC15M-26APR281245-45"",""trade_id"":""9a3adee7-23a4-4c34-2e5c-f34bc2bc25de"",""yes_price_dollars"":""0.6100""}"
KXBTC15M-26APR281245-45,78df6b6b-2b5e-45c5-016a-91fa812232c9,1777393818,0.61,4.76,yes,"{""count_fp"":""4.76"",""created_time"":""2026-04-28T16:30:18.203419Z"",""no_price_dollars"":""0.3900"",""taker_side"":""yes"",""ticker"":""KXBTC15M-26APR281245-45"",""trade_id"":""78df6b6b-2b5e-45c5-016a-91fa812232c9"",""yes_price_dollars"":""0.6100""}"
KXBTC15M-26APR281245-45,623eb124-5101-6457-9293-501217a2ef91,1777393819,0.62,21.85,yes,"{""count_fp"":""21.85"",""created_time"":""2026-04-28T16:30:19.972804Z"",""no_price_dollars"":""0.3800"",""taker_side"":""yes"",""ticker"":""KXBTC15M-26APR281245-45"",""trade_id"":""623eb124-5101-6457-9293-501217a2ef91"",""yes_price_dollars"":""0.6200""}"
KXBTC15M-26APR281245-45,2bf602ac-5691-74ed-d32a-964ac2c0199f,1777393819,0.61,47.98,no,"{""count_fp"":""47.98"",""created_time"":""2026-04-28T16:30:19.752887Z"",""no_price_dollars"":""0.3900"",""taker_side"":""no"",""ticker"":""KXBTC15M-26APR281245-45"",""trade_id"":""2bf602ac-5691-74ed-d32a-964ac2c0199f"",""yes_price_dollars"":""0.6100""}"
KXBTC15M-26APR281245-45,e150686f-bbb9-4605-19d1-17f954ec1d1b,1777393819,0.61,8.73,no,"{""count_fp"":""8.73"",""created_time"":""2026-04-28T16:30:19.656359Z"",""no_price_dollars"":""0.3900"",""taker_side"":""no"",""ticker"":""KXBTC15M-26APR281245-45"",""trade_id"":""e150686f-bbb9-4605-19d1-17f954ec1d1b"",""yes_price_dollars"":""0.6100""}"
KXBTC15M-26APR281245-45,837691b6-8b00-7583-d76f-beeeb61d72e8,1777393819,0.61,3.0,no,"{""count_fp"":""3.00"",""created_time"":""2026-04-28T16:30:19.642085Z"",""no_price_dollars"":""0.3900"",""taker_side"":""no"",""ticker"":""KXBTC15M-26APR281245-45"",""trade_id"":""837691b6-8b00-7583-d76f-beeeb61d72e8"",""yes_price_dollars"":""0.6100""}"
KXBTC15M-26APR281245-45,3710cd7c-49c5-72f1-fc2d-32e9e95b6cff,1777393819,0.61,118.92,no,"{""count_fp"":""118.92"",""created_time"":""2026-04-28T16:30:19.642085Z"",""no_price_dollars"":""0.3900"",""taker_side"":""no"",""ticker"":""KXBTC15M-26APR281245-45"",""trade_id"":""3710cd7c-49c5-72f1-fc2d-32e9e95b6cff"",""yes_price_dollars"":""0.6100""}"
KXBTC15M-26APR281245-45,43f45777-5c45-7712-e1eb-08eab63f3576,1777393820,0.63,76.97,yes,"{""count_fp"":""76.97"",""created_time"":""2026-04-28T16:30:20.984Z"",""no_price_dollars"":""0.3700"",""taker_side"":""yes"",""ticker"":""KXBTC15M-26APR281245-45"",""trade_id"":""43f45777-5c45-7712-e1eb-08eab63f3576"",""yes_price_dollars"":""0.6300""}"
KXBTC15M-26APR281245-45,bf2b81b8-0a73-55ee-0be9-28b0f76ff446,1777393820,0.62,1.0,no,"{""count_fp"":""1.00"",""created_time"":""2026-04-28T16:30:20.942886Z"",""no_price_dollars"":""0.3800"",""taker_side"":""no"",""ticker"":""KXBTC15M-26APR281245-45"",""trade_id"":""bf2b81b8-0a73-55ee-0be9-28b0f76ff446"",""yes_price_dollars"":""0.6200""}"
KXBTC15M-26APR281245-45,501b04f4-0b32-456a-a879-c1b02bba12ad,1777393820,0.62,1.0,no,"{""count_fp"":""1.00"",""created_time"":""2026-04-28T16:30:20.542943Z"",""no_price_dollars"":""0.3800"",""taker_side"":""no"",""ticker"":""KXBTC15M-26APR281245-45"",""trade_id"":""501b04f4-0b32-456a-a879-c1b02bba12ad"",""yes_price_dollars"":""0.6200""}"
KXBTC15M-26APR281245-45,fe74bcbb-b7fa-6ae2-7be2-f33a3976262d,1777393820,0.62,20.0,no,"{""count_fp"":""20.00"",""created_time"":""2026-04-28T16:30:20.389864Z"",""no_price_dollars"":""0.3800"",""taker_side"":""no"",""ticker"":""KXBTC15M-26APR281245-45"",""trade_id"":""fe74bcbb-b7fa-6ae2-7be2-f33a3976262d"",""yes_price_dollars"":""0.6200""}"
KXBTC15M-26APR281245-45,130b86c4-45ea-43ba-6282-08e8236cbdf1,1777393820,0.62,11.99,no,"{""count_fp"":""11.99"",""created_time"":""2026-04-28T16:30:20.326795Z"",""no_price_dollars"":""0.3800"",""taker_side"":""no"",""ticker"":""KXBTC15M-26APR281245-45"",""trade_id"":""130b86c4-45ea-43ba-6282-08e8236cbdf1"",""yes_price_dollars"":""0.6200""}"
KXBTC15M-26APR281245-45,a7bda901-b01d-4ec3-3e91-64dcb665d160,1777393820,0.62,112.0,no,"{""count_fp"":""112.00"",""created_time"":""2026-04-28T16:30:20.289686Z"",""no_price_dollars"":""0.3800"",""taker_side"":""no"",""ticker"":""KXBTC15M-26APR281245-45"",""trade_id"":""a7bda901-b01d-4ec3-3e91-64dcb665d160"",""yes_price_dollars"":""0.6200""}"
KXBTC15M-26APR281245-45,9ad03cb0-b093-4a66-3df3-abadaa5b8d43,1777393820,0.62,1100.99,no,"{""count_fp"":""1100.99"",""created_time"":""2026-04-28T16:30:20.289686Z"",""no_price_dollars"":""0.3800"",""taker_side"":""no"",""ticker"":""KXBTC15M-26APR281245-45"",""trade_id"":""9ad03cb0-b093-4a66-3df3-abadaa5b8d43"",""yes_price_dollars"":""0.6200""}"
KXBTC15M-26APR281245-45,933fc50c-4e35-4877-116e-4533d78c9f67,1777393820,0.61,10.32,no,"{""count_fp"":""10.32"",""created_time"":""2026-04-28T16:30:20.289686Z"",""no_price_dollars"":""0.3900"",""taker_side"":""no"",""ticker"":""KXBTC15M-26APR281245-45"",""trade_id"":""933fc50c-4e35-4877-116e-4533d78c9f67"",""yes_price_dollars"":""0.6100""}"
KXBTC15M-26APR281245-45,90260f08-d123-4e6c-1a88-4b76ec42d418,1777393820,0.62,40.0,no,"{""count_fp"":""40.00"",""created_time"":""2026-04-28T16:30:20.289686Z"",""no_price_dollars"":""0.3800"",""taker_side"":""no"",""ticker"":""KXBTC15M-26APR281245-45"",""trade_id"":""90260f08-d123-4e6c-1a88-4b76ec42d418"",""yes_price_dollars"":""0.6200""}"
KXBTC15M-26APR281245-45,75f5d1ff-328d-44e1-173b-137ae109e947,1777393820,0.62,500.0,no,"{""count_fp"":""500.00"",""created_time"":""2026-04-28T16:30:20.289686Z"",""no_price_dollars"":""0.3800"",""taker_side"":""no"",""ticker"":""KXBTC15M-26APR281245-45"",""trade_id"":""75f5d1ff-328d-44e1-173b-137ae109e947"",""yes_price_dollars"":""0.6200""}"
KXBTC15M-26APR281245-45,583f4051-232b-4fd4-2aa5-0d93aa1f8045,1777393820,0.62,800.98,no,"{""count_fp"":""800.98"",""created_time"":""2026-04-28T16:30:20.289686Z"",""no_price_dollars"":""0.3800"",""taker_side"":""no"",""ticker"":""KXBTC15M-26APR281245-45"",""trade_id"":""583f4051-232b-4fd4-2aa5-0d93aa1f8045"",""yes_price_dollars"":""0.6200""}"
KXBTC15M-26APR281245-45,34fda340-fb46-4aa5-2269-6e61159760d6,1777393820,0.62,3.0,no,"{""count_fp"":""3.00"",""created_time"":""2026-04-28T16:30:20.289686Z"",""no_price_dollars"":""0.3800"",""taker_side"":""no"",""ticker"":""KXBTC15M-26APR281245-45"",""trade_id"":""34fda340-fb46-4aa5-2269-6e61159760d6"",""yes_price_dollars"":""0.6200""}"
KXBTC15M-26APR281245-45,267c21cd-b889-47de-0e6e-21dc8d4088e4,1777393820,0.62,10.0,no,"{""count_fp"":""10.00"",""created_time"":""2026-04-28T16:30:20.289686Z"",""no_price_dollars"":""0.3800"",""taker_side"":""no"",""ticker"":""KXBTC15M-26APR281245-45"",""trade_id"":""267c21cd-b889-47de-0e6e-21dc8d4088e4"",""yes_price_dollars"":""0.6200""}"
KXBTC15M-26APR281245-45,072f7150-9a16-434f-3023-7d2a5e2c0016,1777393820,0.62,16.0,no,"{""count_fp"":""16.00"",""created_time"":""2026-04-28T16:30:20.289686Z"",""no_price_dollars"":""0.3800"",""taker_side"":""no"",""ticker"":""KXBTC15M-26APR281245-45"",""trade_id"":""072f7150-9a16-434f-3023-7d2a5e2c0016"",""yes_price_dollars"":""0.6200""}"
KXBTC15M-26APR281245-45,055aa263-0824-42a3-118c-991ea579b51d,1777393820,0.61,10.0,no,"{""count_fp"":""10.00"",""created_time"":""2026-04-28T16:30:20.289686Z"",""no_price_dollars"":""0.3900"",""taker_side"":""no"",""ticker"":""KXBTC15M-26APR281245-45"",""trade_id"":""055aa263-0824-42a3-118c-991ea579b51d"",""yes_price_dollars"":""0.6100""}"
KXBTC15M-26APR281245-45,652f4c0c-5fb9-533d-8ede-54b2f56d888b,1777393820,0.61,2.39,no,"{""count_fp"":""2.39"",""created_time"":""2026-04-28T16:30:20.062095Z"",""no_price_dollars"":""0.3900"",""taker_side"":""no"",""ticker"":""KXBTC15M-26APR281245-45"",""trade_id"":""652f4c0c-5fb9-533d-8ede-54b2f56d888b"",""yes_price_dollars"":""0.6100""}"
KXBTC15M-26APR281245-45,0c08a087-f2e1-60cf-1373-c41af7cf9121,1777393820,0.62,22.45,yes,"{""count_fp"":""22.45"",""created_time"":""2026-04-28T16:30:20.058258Z"",""no_price_dollars"":""0.3800"",""taker_side"":""yes"",""ticker"":""KXBTC15M-26APR281245-45"",""trade_id"":""0c08a087-f2e1-60cf-1373-c41af7cf9121"",""yes_price_dollars"":""0.6200""}"
KXBTC15M-26APR281245-45,693496dd-b625-5dd9-4f7f-75d1f39ec46f,1777393820,0.61,13.52,no,"{""count_fp"":""13.52"",""created_time"":""2026-04-28T16:30:20.054777Z"",""no_price_dollars"":""0.3900"",""taker_side"":""no"",""ticker"":""KXBTC15M-26APR281245-45"",""trade_id"":""693496dd-b625-5dd9-4f7f-75d1f39ec46f"",""yes_price_dollars"":""0.6100""}"
KXBTC15M-26APR281245-45,94b4efc6-9de9-44c1-efb7-a1ea84bc7a13,1777393820,0.61,23.99,no,"{""count_fp"":""23.99"",""created_time"":""2026-04-28T16:30:20.043825Z"",""no_price_dollars"":""0.3900"",""taker_side"":""no"",""ticker"":""KXBTC15M-26APR281245-45"",""trade_id"":""94b4efc6-9de9-44c1-efb7-a1ea84bc7a13"",""yes_price_dollars"":""0.6100""}"
KXBTC15M-26APR281245-45,6ca896b5-8ce5-639f-0f91-adc1d5b300e5,1777393820,0.62,45.53,yes,"{""count_fp"":""45.53"",""created_time"":""2026-04-28T16:30:20.041403Z"",""no_price_dollars"":""0.3800"",""taker_side"":""yes"",""ticker"":""KXBTC15M-26APR281245-45"",""trade_id"":""6ca896b5-8ce5-639f-0f91-adc1d5b300e5"",""yes_price_dollars"":""0.6200""}"
KXBTC15M-26APR281245-45,00b7e66c-3ebd-4253-99ed-c790a99d3fed,1777393820,0.62,22.17,yes,"{""count_fp"":""22.17"",""created_time"":""2026-04-28T16:30:20.027929Z"",""no_price_dollars"":""0.3800"",""taker_side"":""yes"",""ticker"":""KXBTC15M-26APR281245-45"",""trade_id"":""00b7e66c-3ebd-4253-99ed-c790a99d3fed"",""yes_price_dollars"":""0.6200""}"
KXBTC15M-26APR281245-45,769a2eb8-a841-42b1-0c79-d76ea66097b3,1777393820,0.61,47.25,no,"{""count_fp"":""47.25"",""created_time"":""2026-04-28T16:30:20.027783Z"",""no_price_dollars"":""0.3900"",""taker_side"":""no"",""ticker"":""KXBTC15M-26APR281245-45"",""trade_id"":""769a2eb8-a841-42b1-0c79-d76ea66097b3"",""yes_price_dollars"":""0.6100""}"
KXBTC15M-26APR281245-45,c5b77835-e52d-64af-b688-6f7ef50145b9,1777393820,0.62,10.0,yes,"{""count_fp"":""10.00"",""created_time"":""2026-04-28T16:30:20.026929Z"",""no_price_dollars"":""0.3800"",""taker_side"":""yes"",""ticker"":""KXBTC15M-26APR281245-45"",""trade_id"":""c5b77835-e52d-64af-b688-6f7ef50145b9"",""yes_price_dollars"":""0.6200""}"
KXBTC15M-26APR281245-45,51673fec-3a71-4cbb-f45d-fa252bf7894d,1777393820,0.62,10.0,yes,"{""count_fp"":""10.00"",""created_time"":""2026-04-28T16:30:20.021789Z"",""no_price_dollars"":""0.3800"",""taker_side"":""yes"",""ticker"":""KXBTC15M-26APR281245-45"",""trade_id"":""51673fec-3a71-4cbb-f45d-fa252bf7894d"",""yes_price_dollars"":""0.6200""}"
KXBTC15M-26APR281245-45,cdef92d5-1a63-4102-2c91-131db88a3c8e,1777393821,0.62,17.21,no,"{""count_fp"":""17.21"",""created_time"":""2026-04-28T16:30:21.719915Z"",""no_price_dollars"":""0.3800"",""taker_side"":""no"",""ticker"":""KXBTC15M-26APR281245-45"",""trade_id"":""cdef92d5-1a63-4102-2c91-131db88a3c8e"",""yes_price_dollars"":""0.6200""}"
KXBTC15M-26APR281245-45,ce7aca90-de23-7e96-8cc4-3d0992b776f6,1777393821,0.62,27.05,no,"{""count_fp"":""27.05"",""created_time"":""2026-04-28T16:30:21.326958Z"",""no_price_dollars"":""0.3800"",""taker_side"":""no"",""ticker"":""KXBTC15M-26APR281245-45"",""trade_id"":""ce7aca90-de23-7e96-8cc4-3d0992b776f6"",""yes_price_dollars"":""0.6200""}"
KXBTC15M-26APR281245-45,8a36dcd5-cff0-67f7-04f3-76fa3b683363,1777393821,0.63,27.7,yes,"{""count_fp"":""27.70"",""created_time"":""2026-04-28T16:30:21.323591Z"",""no_price_dollars"":""0.3700"",""taker_side"":""yes"",""ticker"":""KXBTC15M-26APR281245-45"",""trade_id"":""8a36dcd5-cff0-67f7-04f3-76fa3b683363"",""yes_price_dollars"":""0.6300""}"
KXBTC15M-26APR281245-45,4325de8f-a36d-6aae-1e93-5362f01f524e,1777393821,0.63,62.03,yes,"{""count_fp"":""62.03"",""created_time"":""2026-04-28T16:30:21.323591Z"",""no_price_dollars"":""0.3700"",""taker_side"":""yes"",""ticker"":""KXBTC15M-26APR281245-45"",""trade_id"":""4325de8f-a36d-6aae-1e93-5362f01f524e"",""yes_price_dollars"":""0.6300""}"
KXBTC15M-26APR281245-45,526d00f8-1613-45ce-03ee-4459353710be,1777393821,0.62,2.0,no,"{""count_fp"":""2.00"",""created_time"":""2026-04-28T16:30:21.268073Z"",""no_price_dollars"":""0.3800"",""taker_side"":""no"",""ticker"":""KXBTC15M-26APR281245-45"",""trade_id"":""526d00f8-1613-45ce-03ee-4459353710be"",""yes_price_dollars"":""0.6200""}"
KXBTC15M-26APR281245-45,907f473a-5f1c-6dd7-05fe-6b5c314b211b,1777393822,0.63,15.47,yes,"{""count_fp"":""15.47"",""created_time"":""2026-04-28T16:30:22.854102Z"",""no_price_dollars"":""0.3700"",""taker_side"":""yes"",""ticker"":""KXBTC15M-26APR281245-45"",""trade_id"":""907f473a-5f1c-6dd7-05fe-6b5c314b211b"",""yes_price_dollars"":""0.6300""}"
KXBTC15M-26APR281245-45,8a6f7435-a283-4272-ae52-8b6214189016,1777393822,0.62,50.44,no,"{""count_fp"":""50.44"",""created_time"":""2026-04-28T16:30:22.730599Z"",""no_price_dollars"":""0.3800"",""taker_side"":""no"",""ticker"":""KXBTC15M-26APR281245-45"",""trade_id"":""8a6f7435-a283-4272-ae52-8b6214189016"",""yes_price_dollars"":""0.6200""}"
KXBTC15M-26APR281245-45,89ebdc13-d2e8-504f-0c79-231e702ec57b,1777393822,0.63,12.37,yes,"{""count_fp"":""12.37"",""created_time"":""2026-04-28T16:30:22.491996Z"",""no_price_dollars"":""0.3700"",""taker_side"":""yes"",""ticker"":""KXBTC15M-26APR281245-45"",""trade_id"":""89ebdc13-d2e8-504f-0c79-231e702ec57b"",""yes_price_dollars"":""0.6300""}"
KXBTC15M-26APR281245-45,22f16c0f-dfb7-413e-e573-79392cb7b03a,1777393822,0.62,1.0,no,"{""count_fp"":""1.00"",""created_time"":""2026-04-28T16:30:22.161921Z"",""no_price_dollars"":""0.3800"",""taker_side"":""no"",""ticker"":""KXBTC15M-26APR281245-45"",""trade_id"":""22f16c0f-dfb7-413e-e573-79392cb7b03a"",""yes_price_dollars"":""0.6200""}"
KXBTC15M-26APR281245-45,7c631b4b-3abf-765e-86c4-142363be9746,1777393822,0.62,4.0,no,"{""count_fp"":""4.00"",""created_time"":""2026-04-28T16:30:22.159872Z"",""no_price_dollars"":""0.3800"",""taker_side"":""no"",""ticker"":""KXBTC15M-26APR281245-45"",""trade_id"":""7c631b4b-3abf-765e-86c4-142363be9746"",""yes_price_dollars"":""0.6200""}"
KXBTC15M-26APR281245-45,7bf132d5-60c8-4a7f-11d8-e6766b4433cb,1777393822,0.63,1.0,yes,"{""count_fp"":""1.00"",""created_time"":""2026-04-28T16:30:22.043264Z"",""no_price_dollars"":""0.3700"",""taker_side"":""yes"",""ticker"":""KXBTC15M-26APR281245-45"",""trade_id"":""7bf132d5-60c8-4a7f-11d8-e6766b4433cb"",""yes_price_dollars"":""0.6300""}"
KXBTC15M-26APR281245-45,e7b1c5d2-900f-5182-9c95-5f3429f5ead6,1777393822,0.62,126.1,no,"{""count_fp"":""126.10"",""created_time"":""2026-04-28T16:30:22.024801Z"",""no_price_dollars"":""0.3800"",""taker_side"":""no"",""ticker"":""KXBTC15M-26APR281245-45"",""trade_id"":""e7b1c5d2-900f-5182-9c95-5f3429f5ead6"",""yes_price_dollars"":""0.6200""}"
KXBTC15M-26APR281245-45,d8ea1e55-b001-5a26-f281-0e66791d4b12,1777393823,0.62,7.0,no,"{""count_fp"":""7.00"",""created_time"":""2026-04-28T16:30:23.664459Z"",""no_price_dollars"":""0.3800"",""taker_side"":""no"",""ticker"":""KXBTC15M-26APR281245-45"",""trade_id"":""d8ea1e55-b001-5a26-f281-0e66791d4b12"",""yes_price_dollars"":""0.6200""}"
KXBTC15M-26APR281245-45,883abade-7e93-5998-cf17-06f63057d68a,1777393823,0.62,5.0,no,"{""count_fp"":""5.00"",""created_time"":""2026-04-28T16:30:23.664459Z"",""no_price_dollars"":""0.3800"",""taker_side"":""no"",""ticker"":""KXBTC15M-26APR281245-45"",""trade_id"":""883abade-7e93-5998-cf17-06f63057d68a"",""yes_price_dollars"":""0.6200""}"
KXBTC15M-26APR281245-45,26418090-e3cc-5180-fe91-aeb2cebf2f28,1777393823,0.62,10.0,no,"{""count_fp"":""10.00"",""created_time"":""2026-04-28T16:30:23.664459Z"",""no_price_dollars"":""0.3800"",""taker_side"":""no"",""ticker"":""KXBTC15M-26APR281245-45"",""trade_id"":""26418090-e3cc-5180-fe91-aeb2cebf2f28"",""yes_price_dollars"":""0.6200""}"
KXBTC15M-26APR281245-45,20ff1a2d-9b37-5f48-dbef-619816dad7bc,1777393823,0.62,3.22,no,"{""count_fp"":""3.22"",""created_time"":""2026-04-28T16:30:23.664459Z"",""no_price_dollars"":""0.3800"",""taker_side"":""no"",""ticker"":""KXBTC15M-26APR281245-45"",""trade_id"":""20ff1a2d-9b37-5f48-dbef-619816dad7bc"",""yes_price_dollars"":""0.6200""}"
KXBTC15M-26APR281245-45,52158db4-a3f8-700b-2fd9-77d58e09dbeb,1777393823,0.63,44.86,yes,"{""count_fp"":""44.86"",""created_time"":""2026-04-28T16:30:23.621249Z"",""no_price_dollars"":""0.3700"",""taker_side"":""yes"",""ticker"":""KXBTC15M-26APR281245-45"",""trade_id"":""52158db4-a3f8-700b-2fd9-77d58e09dbeb"",""yes_price_dollars"":""0.6300""}"
KXBTC15M-26APR281245-45,c8f42dae-e1a1-5dba-29b3-eb80d02c78ae,1777393823,0.62,3.0,no,"{""count_fp"":""3.00"",""created_time"":""2026-04-28T16:30:23.482744Z"",""no_price_dollars"":""0.3800"",""taker_side"":""no"",""ticker"":""KXBTC15M-26APR281245-45"",""trade_id"":""c8f42dae-e1a1-5dba-29b3-eb80d02c78ae"",""yes_price_dollars"":""0.6200""}"
KXBTC15M-26APR281245-45,83bb7ff0-2f9f-58d2-04b1-77318c673d7e,1777393823,0.62,49.26,no,"{""count_fp"":""49.26"",""created_time"":""2026-04-28T16:30:23.430027Z"",""no_price_dollars"":""0.3800"",""taker_side"":""no"",""ticker"":""KXBTC15M-26APR281245-45"",""trade_id"":""83bb7ff0-2f9f-58d2-04b1-77318c673d7e"",""yes_price_dollars"":""0.6200""}"
KXBTC15M-26APR281245-45,0b26bc15-9570-5801-034c-811900ae31b5,1777393823,0.62,0.74,no,"{""count_fp"":""0.74"",""created_time"":""2026-04-28T16:30:23.430027Z"",""no_price_dollars"":""0.3800"",""taker_side"":""no"",""ticker"":""KXBTC15M-26APR281245-45"",""trade_id"":""0b26bc15-9570-5801-034c-811900ae31b5"",""yes_price_dollars"":""0.6200""}"
KXBTC15M-26APR281245-45,d92155e9-86ee-7681-05ba-83b903c92bd4,1777393824,0.64,1.5,yes,"{""count_fp"":""1.50"",""created_time"":""2026-04-28T16:30:24.989787Z"",""no_price_dollars"":""0.3600"",""taker_side"":""yes"",""ticker"":""KXBTC15M-26APR281245-45"",""trade_id"":""d92155e9-86ee-7681-05ba-83b903c92bd4"",""yes_price_dollars"":""0.6400""}"
KXBTC15M-26APR281245-45,e715a30f-28e7-560c-613c-cc79f82c70ad,1777393824,0.63,3.13,yes,"{""count_fp"":""3.13"",""created_time"":""2026-04-28T16:30:24.556021Z"",""no_price_dollars"":""0.3700"",""taker_side"":""yes"",""ticker"":""KXBTC15M-26APR281245-45"",""trade_id"":""e715a30f-28e7-560c-613c-cc79f82c70ad"",""yes_price_dollars"":""0.6300""}"
KXBTC15M-26APR281245-45,cda1f18c-25de-59b9-57f2-ee9743db0968,1777393824,0.64,1.41,yes,"{""count_fp"":""1.41"",""created_time"":""2026-04-28T16:30:24.556021Z"",""no_price_dollars"":""0.3600"",""taker_side"":""yes"",""ticker"":""KXBTC15M-26APR281245-45"",""trade_id"":""cda1f18c-25de-59b9-57f2-ee9743db0968"",""yes_price_dollars"":""0.6400""}"
KXBTC15M-26APR281245-45,d8e62986-a1f7-7608-9dc9-9d38a3f5185d,1777393824,0.63,15.47,yes,"{""count_fp"":""15.47"",""created_time"":""2026-04-28T16:30:24.441347Z"",""no_price_dollars"":""0.3700"",""taker_side"":""yes"",""ticker"":""KXBTC15M-26APR281245-45"",""trade_id"":""d8e62986-a1f7-7608-9dc9-9d38a3f5185d"",""yes_price_dollars"":""0.6300""}"
KXBTC15M-26APR281245-45,ca16efd5-f197-70dc-0fde-719fe1273f5c,1777393824,0.62,2.26,no,"{""count_fp"":""2.26"",""created_time"":""2026-04-28T16:30:24.377167Z"",""no_price_dollars"":""0.3800"",""taker_side"":""no"",""ticker"":""KXBTC15M-26APR281245-45"",""trade_id"":""ca16efd5-f197-70dc-0fde-719fe1273f5c"",""yes_price_dollars"":""0.6200""}"
KXBTC15M-26APR281245-45,f8853294-f323-6260-8873-03865a04ab7c,1777393824,0.62,17.65,no,"{""count_fp"":""17.65"",""created_time"":""2026-04-28T16:30:24.024143Z"",""no_price_dollars"":""0.3800"",""taker_side"":""no"",""ticker"":""KXBTC15M-26APR281245-45"",""trade_id"":""f8853294-f323-6260-8873-03865a04ab7c"",""yes_price_dollars"":""0.6200""}"
KXBTC15M-26APR281245-45,dab7c35d-b0e0-410b-f065-4020563e088f,1777393824,0.63,10.6,yes,"{""count_fp"":""10.60"",""created_time"":""2026-04-28T16:30:24.017147Z"",""no_price_dollars"":""0.3700"",""taker_side"":""yes"",""ticker"":""KXBTC15M-26APR281245-45"",""trade_id"":""dab7c35d-b0e0-410b-f065-4020563e088f"",""yes_price_dollars"":""0.6300""}"
KXBTC15M-26APR281245-45,65aeaba7-7a07-4ed8-eb0c-03ddf0932d19,1777393824,0.63,4.4,yes,"{""count_fp"":""4.40"",""created_time"":""2026-04-28T16:30:24.017147Z"",""no_price_dollars"":""0.3700"",""taker_side"":""yes"",""ticker"":""KXBTC15M-26APR281245-45"",""trade_id"":""65aeaba7-7a07-4ed8-eb0c-03ddf0932d19"",""yes_price_dollars"":""0.6300""}"
KXBTC15M-26APR281245-45,0e5d1b60-261a-4f36-ca26-d8011426444e,1777393824,0.63,40.0,yes,"{""count_fp"":""40.00"",""created_time"":""2026-04-28T16:30:24.017147Z"",""no_price_dollars"":""0.3700"",""taker_side"":""yes"",""ticker"":""KXBTC15M-26APR281245-45"",""trade_id"":""0e5d1b60-261a-4f36-ca26-d8011426444e"",""yes_price_dollars"":""0.6300""}"
KXBTC15M-26APR281245-45,99302e4f-aa16-63c5-b3c7-8af84f0892ec,1777393825,0.64,128.14,yes,"{""count_fp"":""128.14"",""created_time"":""2026-04-28T16:30:25.791608Z"",""no_price_dollars"":""0.3600"",""taker_side"":""yes"",""ticker"":""KXBTC15M-26APR281245-45"",""trade_id"":""99302e4f-aa16-63c5-b3c7-8af84f0892ec"",""yes_price_dollars"":""0.6400""}"
KXBTC15M-26APR281245-45,9382a017-553e-671a-9a27-ce0bc154b914,1777393825,0.64,29.5,yes,"{""count_fp"":""29.50"",""created_time"":""2026-04-28T16:30:25.791608Z"",""no_price_dollars"":""0.3600"",""taker_side"":""yes"",""ticker"":""KXBTC15M-26APR281245-45"",""trade_id"":""9382a017-553e-671a-9a27-ce0bc154b914"",""yes_price_dollars"":""0.6400""}"
KXBTC15M-26APR281245-45,1dee565d-c3bf-6614-9d52-46de58a40ebd,1777393825,0.64,10.0,yes,"{""count_fp"":""10.00"",""created_time"":""2026-04-28T16:30:25.791608Z"",""no_price_dollars"":""0.3600"",""taker_side"":""yes"",""ticker"":""KXBTC15M-26APR281245-45"",""trade_id"":""1dee565d-c3bf-6614-9d52-46de58a40ebd"",""yes_price_dollars"":""0.6400""}"
KXBTC15M-26APR281245-45,cd75749c-ab97-5de9-40db-e73cfa6b341e,1777393825,0.63,151.32,no,"{""count_fp"":""151.32"",""created_time"":""2026-04-28T16:30:25.770462Z"",""no_price_dollars"":""0.3700"",""taker_side"":""no"",""ticker"":""KXBTC15M-26APR281245-45"",""trade_id"":""cd75749c-ab97-5de9-40db-e73cfa6b341e"",""yes_price_dollars"":""0.6300""}"
KXBTC15M-26APR281245-45,7e7ec923-8733-7f25-6a09-47bb37affd4a,1777393825,0.63,224.46,no,"{""count_fp"":""224.46"",""created_time"":""2026-04-28T16:30:25.698719Z"",""no_price_dollars"":""0.3700"",""taker_side"":""no"",""ticker"":""KXBTC15M-26APR281245-45"",""trade_id"":""7e7ec923-8733-7f25-6a09-47bb37affd4a"",""yes_price_dollars"":""0.6300""}"
KXBTC15M-26APR281245-45,af47c221-6693-7915-cd10-a3720fb80572,1777393825,0.63,39.92,no,"{""count_fp"":""39.92"",""created_time"":""2026-04-28T16:30:25.587885Z"",""no_price_dollars"":""0.3700"",""taker_side"":""no"",""ticker"":""KXBTC15M-26APR281245-45"",""trade_id"":""af47c221-6693-7915-cd10-a3720fb80572"",""yes_price_dollars"":""0.6300""}"
KXBTC15M-26APR281245-45,0e96954d-583b-746a-f111-1dfe72c5741f,1777393825,0.63,8.0,no,"{""count_fp"":""8.00"",""created_time"":""2026-04-28T16:30:25.587885Z"",""no_price_dollars"":""0.3700"",""taker_side"":""no"",""ticker"":""KXBTC15M-26APR281245-45"",""trade_id"":""0e96954d-583b-746a-f111-1dfe72c5741f"",""yes_price_dollars"":""0.6300""}"
KXBTC15M-26APR281245-45,fd2303ee-5022-4955-8e29-5a7b280de51c,1777393825,0.64,7.65,yes,"{""count_fp"":""7.65"",""created_time"":""2026-04-28T16:30:25.429746Z"",""no_price_dollars"":""0.3600"",""taker_side"":""yes"",""ticker"":""KXBTC15M-26APR281245-45"",""trade_id"":""fd2303ee-5022-4955-8e29-5a7b280de51c"",""yes_price_dollars"":""0.6400""}"
KXBTC15M-26APR281245-45,322ff918-bcfa-5725-8e53-84c49fb79318,1777393825,0.64,0.3,yes,"{""count_fp"":""0.30"",""created_time"":""2026-04-28T16:30:25.363962Z"",""no_price_dollars"":""0.3600"",""taker_side"":""yes"",""ticker"":""KXBTC15M-26APR281245-45"",""trade_id"":""322ff918-bcfa-5725-8e53-84c49fb79318"",""yes_price_dollars"":""0.6400""}"
KXBTC15M-26APR281245-45,bb460601-72f2-638a-5e5b-e1b26b7846c5,1777393825,0.63,1.0,no,"{""count_fp"":""1.00"",""created_time"":""2026-04-28T16:30:25.079257Z"",""no_price_dollars"":""0.3700"",""taker_side"":""no"",""ticker"":""KXBTC15M-26APR281245-45"",""trade_id"":""bb460601-72f2-638a-5e5b-e1b26b7846c5"",""yes_price_dollars"":""0.6300""}"
KXBTC15M-26APR281245-45,9ead3748-72ed-5f9b-b6e3-d05c68af0a6a,1777393826,0.64,11.0,no,"{""count_fp"":""11.00"",""created_time"":""2026-04-28T16:30:26.890543Z"",""no_price_dollars"":""0.3600"",""taker_side"":""no"",""ticker"":""KXBTC15M-26APR281245-45"",""trade_id"":""9ead3748-72ed-5f9b-b6e3-d05c68af0a6a"",""yes_price_dollars"":""0.6400""}"
KXBTC15M-26APR281245-45,464f99fa-75d4-5d73-aab9-cc5e6ee50e51,1777393826,0.64,14.86,no,"{""count_fp"":""14.86"",""created_time"":""2026-04-28T16:30:26.890543Z"",""no_price_dollars"":""0.3600"",""taker_side"":""no"",""ticker"":""KXBTC15M-26APR281245-45"",""trade_id"":""464f99fa-75d4-5d73-aab9-cc5e6ee50e51"",""yes_price_dollars"":""0.6400""}"
KXBTC15M-26APR281245-45,f9dbb853-3158-453a-e480-4618f5805043,1777393826,0.64,11.0,no,"{""count_fp"":""11.00"",""created_time"":""2026-04-28T16:30:26.653366Z"",""no_price_dollars"":""0.3600"",""taker_side"":""no"",""ticker"":""KXBTC15M-26APR281245-45"",""trade_id"":""f9dbb853-3158-453a-e480-4618f5805043"",""yes_price_dollars"":""0.6400""}"
KXBTC15M-26APR281245-45,f9cc5b74-99e4-4110-d79b-09f05614d6db,1777393826,0.64,5.0,no,"{""count_fp"":""5.00"",""created_time"":""2026-04-28T16:30:26.653366Z"",""no_price_dollars"":""0.3600"",""taker_side"":""no"",""ticker"":""KXBTC15M-26APR281245-45"",""trade_id"":""f9cc5b74-99e4-4110-d79b-09f05614d6db"",""yes_price_dollars"":""0.6400""}"
KXBTC15M-26APR281245-45,8c1db6a0-c89f-419f-ee55-0f702d1a7608,1777393826,0.64,3.0,no,"{""count_fp"":""3.00"",""created_time"":""2026-04-28T16:30:26.653366Z"",""no_price_dollars"":""0.3600"",""taker_side"":""no"",""ticker"":""KXBTC15M-26APR281245-45"",""trade_id"":""8c1db6a0-c89f-419f-ee55-0f702d1a7608"",""yes_price_dollars"":""0.6400""}"
KXBTC15M-26APR281245-45,07738484-ff2f-45a5-e64a-825fdb81e83a,1777393826,0.64,104.58,no,"{""count_fp"":""104.58"",""created_time"":""2026-04-28T16:30:26.653366Z"",""no_price_dollars"":""0.3600"",""taker_side"":""no"",""ticker"":""KXBTC15M-26APR281245-45"",""trade_id"":""07738484-ff2f-45a5-e64a-825fdb81e83a"",""yes_price_dollars"":""0.6400""}"
KXBTC15M-26APR281245-45,19c2552e-eaeb-6cbd-aa0b-a7b6fe352881,1777393826,0.65,84.49,yes,"{""count_fp"":""84.49"",""created_time"":""2026-04-28T16:30:26.236977Z"",""no_price_dollars"":""0.3500"",""taker_side"":""yes"",""ticker"":""KXBTC15M-26APR281245-45"",""trade_id"":""19c2552e-eaeb-6cbd-aa0b-a7b6fe352881"",""yes_price_dollars"":""0.6500""}"
KXBTC15M-26APR281245-45,09d44e64-943f-63eb-a406-0d46c0b746e6,1777393826,0.64,8.11,yes,"{""count_fp"":""8.11"",""created_time"":""2026-04-28T16:30:26.236977Z"",""no_price_dollars"":""0.3600"",""taker_side"":""yes"",""ticker"":""KXBTC15M-26APR281245-45"",""trade_id"":""09d44e64-943f-63eb-a406-0d46c0b746e6"",""yes_price_dollars"":""0.6400""}"
KXBTC15M-26APR281245-45,67f65ab5-a3d3-50af-25d2-8b6c6879f20a,1777393826,0.64,0.89,yes,"{""count_fp"":""0.89"",""created_time"":""2026-04-28T16:30:26.030746Z"",""no_price_dollars"":""0.3600"",""taker_side"":""yes"",""ticker"":""KXBTC15M-26APR281245-45"",""trade_id"":""67f65ab5-a3d3-50af-25d2-8b6c6879f20a"",""yes_price_dollars"":""0.6400""}"
KXBTC15M-26APR281245-45,40dc70b9-c22b-507d-b6f7-6123f2f48f9d,1777393827,0.65,15.0,yes,"{""count_fp"":""15.00"",""created_time"":""2026-04-28T16:30:27.095736Z"",""no_price_dollars"":""0.3500"",""taker_side"":""yes"",""ticker"":""KXBTC15M-26APR281245-45"",""trade_id"":""40dc70b9-c22b-507d-b6f7-6123f2f48f9d"",""yes_price_dollars"":""0.6500""}"
KXBTC15M-26APR281245-45,40baa0ab-ed44-512f-7bba-375373e528f9,1777393828,0.65,7.5,yes,"{""count_fp"":""7.50"",""created_time"":""2026-04-28T16:30:28.736423Z"",""no_price_dollars"":""0.3500"",""taker_side"":""yes"",""ticker"":""KXBTC15M-26APR281245-45"",""trade_id"":""40baa0ab-ed44-512f-7bba-375373e528f9"",""yes_price_dollars"":""0.6500""}"
KXBTC15M-26APR281245-45,75275e9f-a530-6557-3c98-5892cb2b090d,1777393828,0.65,21.86,yes,"{""count_fp"":""21.86"",""created_time"":""2026-04-28T16:30:28.656919Z"",""no_price_dollars"":""0.3500"",""taker_side"":""yes"",""ticker"":""KXBTC15M-26APR281245-45"",""trade_id"":""75275e9f-a530-6557-3c98-5892cb2b090d"",""yes_price_dollars"":""0.6500""}"
KXBTC15M-26APR281245-45,719bdc24-b8e8-6c80-2f97-a2ae458fa6f4,1777393828,0.65,4.0,yes,"{""count_fp"":""4.00"",""created_time"":""2026-04-28T16:30:28.656919Z"",""no_price_dollars"":""0.3500"",""taker_side"":""yes"",""ticker"":""KXBTC15M-26APR281245-45"",""trade_id"":""719bdc24-b8e8-6c80-2f97-a2ae458fa6f4"",""yes_price_dollars"":""0.6500""}"
KXBTC15M-26APR281245-45,410ba7a9-6213-6cb5-0af7-1a486ae8435d,1777393828,0.65,24.14,yes,"{""count_fp"":""24.14"",""created_time"":""2026-04-28T16:30:28.656919Z"",""no_price_dollars"":""0.3500"",""taker_side"":""yes"",""ticker"":""KXBTC15M-26APR281245-45"",""trade_id"":""410ba7a9-6213-6cb5-0af7-1a486ae8435d"",""yes_price_dollars"":""0.6500""}"
KXBTC15M-26APR281245-45,18647b56-eeea-704c-9363-3b32dcad11f8,1777393828,0.64,5.17,no,"{""count_fp"":""5.17"",""created_time"":""2026-04-28T16:30:28.604068Z"",""no_price_dollars"":""0.3600"",""taker_side"":""no"",""ticker"":""KXBTC15M-26APR281245-45"",""trade_id"":""18647b56-eeea-704c-9363-3b32dcad11f8"",""yes_price_dollars"":""0.6400""}"
KXBTC15M-26APR281245-45,93004a3f-f1df-7449-8a40-b89cd3eaa5cd,1777393828,0.65,11.88,yes,"{""count_fp"":""11.88"",""created_time"":""2026-04-28T16:30:28.450862Z"",""no_price_dollars"":""0.3500"",""taker_side"":""yes"",""ticker"":""KXBTC15M-26APR281245-45"",""trade_id"":""93004a3f-f1df-7449-8a40-b89cd3eaa5cd"",""yes_price_dollars"":""0.6500""}"
KXBTC15M-26APR281245-45,85a1c89f-73c3-5d31-0f69-524a67852471,1777393828,0.65,1.49,yes,"{""count_fp"":""1.49"",""created_time"":""2026-04-28T16:30:28.218448Z"",""no_price_dollars"":""0.3500"",""taker_side"":""yes"",""ticker"":""KXBTC15M-26APR281245-45"",""trade_id"":""85a1c89f-73c3-5d31-0f69-524a67852471"",""yes_price_dollars"":""0.6500""}"
KXBTC15M-26APR281245-45,16123f05-3ce6-4dec-7359-839344d8b4fc,1777393828,0.64,5.0,no,"{""count_fp"":""5.00"",""created_time"":""2026-04-28T16:30:28.032939Z"",""no_price_dollars"":""0.3600"",""taker_side"":""no"",""ticker"":""KXBTC15M-26APR281245-45"",""trade_id"":""16123f05-3ce6-4dec-7359-839344d8b4fc"",""yes_price_dollars"":""0.6400""}"
KXBTC15M-26APR281245-45,8c9f47b8-99a2-7448-5f7e-527ea937c0d8,1777393829,0.64,25.88,no,"{""count_fp"":""25.88"",""created_time"":""2026-04-28T16:30:29.567736Z"",""no_price_dollars"":""0.3600"",""taker_side"":""no"",""ticker"":""KXBTC15M-26APR281245-45"",""trade_id"":""8c9f47b8-99a2-7448-5f7e-527ea937c0d8"",""yes_price_dollars"":""0.6400""}"
KXBTC15M-26APR281245-45,53bed26a-fb7d-78b7-d489-2baa03c09718,1777393829,0.65,27.05,yes,"{""count_fp"":""27.05"",""created_time"":""2026-04-28T16:30:29.515451Z"",""no_price_dollars"":""0.3500"",""taker_side"":""yes"",""ticker"":""KXBTC15M-26APR281245-45"",""trade_id"":""53bed26a-fb7d-78b7-d489-2baa03c09718"",""yes_price_dollars"":""0.6500""}"
KXBTC15M-26APR281245-45,f8fa88ef-a3fe-4b20-4360-07d85c7eff2c,1777393829,0.64,7.76,no,"{""count_fp"":""7.76"",""created_time"":""2026-04-28T16:30:29.449504Z"",""no_price_dollars"":""0.3600"",""taker_side"":""no"",""ticker"":""KXBTC15M-26APR281245-45"",""trade_id"":""f8fa88ef-a3fe-4b20-4360-07d85c7eff2c"",""yes_price_dollars"":""0.6400""}"
KXBTC15M-26APR281245-45,efbc0b6c-3ca0-4acb-fbc7-ee0b71cdd1ae,1777393829,0.65,15.0,yes,"{""count_fp"":""15.00"",""created_time"":""2026-04-28T16:30:29.302686Z"",""no_price_dollars"":""0.3500"",""taker_side"":""yes"",""ticker"":""KXBTC15M-26APR281245-45"",""trade_id"":""efbc0b6c-3ca0-4acb-fbc7-ee0b71cdd1ae"",""yes_price_dollars"":""0.6500""}"
KXBTC15M-26APR281245-45,9f85771e-59c0-4c2e-efd8-37d146e4a024,1777393829,0.65,8.0,yes,"{""count_fp"":""8.00"",""created_time"":""2026-04-28T16:30:29.302686Z"",""no_price_dollars"":""0.3500"",""taker_side"":""yes"",""ticker"":""KXBTC15M-26APR281245-45"",""trade_id"":""9f85771e-59c0-4c2e-efd8-37d146e4a024"",""yes_price_dollars"":""0.6500""}"
KXBTC15M-26APR281245-45,7038d4e3-0b5d-4ca1-e775-28b596af0128,1777393829,0.65,11.0,yes,"{""count_fp"":""11.00"",""created_time"":""2026-04-28T16:30:29.302686Z"",""no_price_dollars"":""0.3500"",""taker_side"":""yes"",""ticker"":""KXBTC15M-26APR281245-45"",""trade_id"":""7038d4e3-0b5d-4ca1-e775-28b596af0128"",""yes_price_dollars"":""0.6500""}"
KXBTC15M-26APR281245-45,1e2e3e3b-94f9-4bdc-f600-0f012c14c376,1777393829,0.65,105.52,yes,"{""count_fp"":""105.52"",""created_time"":""2026-04-28T16:30:29.302686Z"",""no_price_dollars"":""0.3500"",""taker_side"":""yes"",""ticker"":""KXBTC15M-26APR281245-45"",""trade_id"":""1e2e3e3b-94f9-4bdc-f600-0f012c14c376"",""yes_price_dollars"":""0.6500""}"
KXBTC15M-26APR281245-45,018e8a8d-8048-4e1b-e511-32f3fd80c701,1777393829,0.65,10.64,yes,"{""count_fp"":""10.64"",""created_time"":""2026-04-28T16:30:29.302686Z"",""no_price_dollars"":""0.3500"",""taker_side"":""yes"",""ticker"":""KXBTC15M-26APR281245-45"",""trade_id"":""018e8a8d-8048-4e1b-e511-32f3fd80c701"",""yes_price_dollars"":""0.6500""}"
KXBTC15M-26APR281245-45,6f5bdb9f-4e62-572c-bbb0-51ad430bc600,1777393829,0.64,132.93,no,"{""count_fp"":""132.93"",""created_time"":""2026-04-28T16:30:29.128673Z"",""no_price_dollars"":""0.3600"",""taker_side"":""no"",""ticker"":""KXBTC15M-26APR281245-45"",""trade_id"":""6f5bdb9f-4e62-572c-bbb0-51ad430bc600"",""yes_price_dollars"":""0.6400""}"
KXBTC15M-26APR281245-45,3aabd6e6-bece-7c48-0334-9192bd8108b4,1777393830,0.64,3.72,no,"{""count_fp"":""3.72"",""created_time"":""2026-04-28T16:30:30.914412Z"",""no_price_dollars"":""0.3600"",""taker_side"":""no"",""ticker"":""KXBTC15M-26APR281245-45"",""trade_id"":""3aabd6e6-bece-7c48-0334-9192bd8108b4"",""yes_price_dollars"":""0.6400""}"
KXBTC15M-26APR281245-45,b550a892-444a-6404-0fe0-3060c0c0d4d4,1777393830,0.64,13.29,no,"{""count_fp"":""13.29"",""created_time"":""2026-04-28T16:30:30.892547Z"",""no_price_dollars"":""0.3600"",""taker_side"":""no"",""ticker"":""KXBTC15M-26APR281245-45"",""trade_id"":""b550a892-444a-6404-0fe0-3060c0c0d4d4"",""yes_price_dollars"":""0.6400""}"
KXBTC15M-26APR281245-45,ded14931-a45a-6c00-5c23-d3c435909049,1777393830,0.65,40.0,yes,"{""count_fp"":""40.00"",""created_time"":""2026-04-28T16:30:30.860209Z"",""no_price_dollars"":""0.3500"",""taker_side"":""yes"",""ticker"":""KXBTC15M-26APR281245-45"",""trade_id"":""ded14931-a45a-6c00-5c23-d3c435909049"",""yes_price_dollars"":""0.6500""}"
KXBTC15M-26APR281245-45,dc79b2ef-2a01-62f0-5cd1-87bc536b7379,1777393830,0.66,38.54,yes,"{""count_fp"":""38.54"",""created_time"":""2026-04-28T16:30:30.860209Z"",""no_price_dollars"":""0.3400"",""taker_side"":""yes"",""ticker"":""KXBTC15M-26APR281245-45"",""trade_id"":""dc79b2ef-2a01-62f0-5cd1-87bc536b7379"",""yes_price_dollars"":""0.6600""}"
KXBTC15M-26APR281245-45,b586f0cd-7720-6c7a-7318-0c8e9a90a0e7,1777393830,0.65,11.0,yes,"{""count_fp"":""11.00"",""created_time"":""2026-04-28T16:30:30.860209Z"",""no_price_dollars"":""0.3500"",""taker_side"":""yes"",""ticker"":""KXBTC15M-26APR281245-45"",""trade_id"":""b586f0cd-7720-6c7a-7318-0c8e9a90a0e7"",""yes_price_dollars"":""0.6500""}"
KXBTC15M-26APR281245-45,10b64cd4-5555-6559-4867-c1fabfe989e7,1777393830,0.65,12.92,yes,"{""count_fp"":""12.92"",""created_time"":""2026-04-28T16:30:30.860209Z"",""no_price_dollars"":""0.3500"",""taker_side"":""yes"",""ticker"":""KXBTC15M-26APR281245-45"",""trade_id"":""10b64cd4-5555-6559-4867-c1fabfe989e7"",""yes_price_dollars"":""0.6500""}"
KXBTC15M-26APR281245-45,d41a44de-7b31-4b19-1f3d-b756aca4c1f7,1777393830,0.65,7.5,yes,"{""count_fp"":""7.50"",""created_time"":""2026-04-28T16:30:30.857204Z"",""no_price_dollars"":""0.3500"",""taker_side"":""yes"",""ticker"":""KXBTC15M-26APR281245-45"",""trade_id"":""d41a44de-7b31-4b19-1f3d-b756aca4c1f7"",""yes_price_dollars"":""0.6500""}"
KXBTC15M-26APR281245-45,213e9496-d3b2-7570-97a9-ba12865cf2a8,1777393830,0.64,42.52,no,"{""count_fp"":""42.52"",""created_time"":""2026-04-28T16:30:30.789262Z"",""no_price_dollars"":""0.3600"",""taker_side"":""no"",""ticker"":""KXBTC15M-26APR281245-45"",""trade_id"":""213e9496-d3b2-7570-97a9-ba12865cf2a8"",""yes_price_dollars"":""0.6400""}"
KXBTC15M-26APR281245-45,4fd6599a-1faa-4e1c-bcc0-4dc437b5fc68,1777393830,0.64,13.29,no,"{""count_fp"":""13.29"",""created_time"":""2026-04-28T16:30:30.574443Z"",""no_price_dollars"":""0.3600"",""taker_side"":""no"",""ticker"":""KXBTC15M-26APR281245-45"",""trade_id"":""4fd6599a-1faa-4e1c-bcc0-4dc437b5fc68"",""yes_price_dollars"":""0.6400""}"
KXBTC15M-26APR281245-45,8ee09a45-8301-55d1-5fad-dd0e06c0100b,1777393830,0.65,7.58,yes,"{""count_fp"":""7.58"",""created_time"":""2026-04-28T16:30:30.561725Z"",""no_price_dollars"":""0.3500"",""taker_side"":""yes"",""ticker"":""KXBTC15M-26APR281245-45"",""trade_id"":""8ee09a45-8301-55d1-5fad-dd0e06c0100b"",""yes_price_dollars"":""0.6500""}"
KXBTC15M-26APR281245-45,6a0b42a7-77c6-553b-4d93-1f9389f15ebe,1777393830,0.65,11.0,yes,"{""count_fp"":""11.00"",""created_time"":""2026-04-28T16:30:30.561725Z"",""no_price_dollars"":""0.3500"",""taker_side"":""yes"",""ticker"":""KXBTC15M-26APR281245-45"",""trade_id"":""6a0b42a7-77c6-553b-4d93-1f9389f15ebe"",""yes_price_dollars"":""0.6500""}"
KXBTC15M-26APR281245-45,050d7252-8b5d-5973-58c6-1b15c3ce19ac,1777393830,0.65,11.45,yes,"{""count_fp"":""11.45"",""created_time"":""2026-04-28T16:30:30.561725Z"",""no_price_dollars"":""0.3500"",""taker_side"":""yes"",""ticker"":""KXBTC15M-26APR281245-45"",""trade_id"":""050d7252-8b5d-5973-58c6-1b15c3ce19ac"",""yes_price_dollars"":""0.6500""}"
KXBTC15M-26APR281245-45,55657a46-f1ed-7203-6883-3e627a6299d8,1777393830,0.65,1.5,yes,"{""count_fp"":""1.50"",""created_time"":""2026-04-28T16:30:30.366769Z"",""no_price_dollars"":""0.3500"",""taker_side"":""yes"",""ticker"":""KXBTC15M-26APR281245-45"",""trade_id"":""55657a46-f1ed-7203-6883-3e627a6299d8"",""yes_price_dollars"":""0.6500""}"
KXBTC15M-26APR281245-45,3ec8eb70-a8e5-7f10-ea47-d62f316cd9a1,1777393831,0.66,5.05,no,"{""count_fp"":""5.05"",""created_time"":""2026-04-28T16:30:31.426421Z"",""no_price_dollars"":""0.3400"",""taker_side"":""no"",""ticker"":""KXBTC15M-26APR281245-45"",""trade_id"":""3ec8eb70-a8e5-7f10-ea47-d62f316cd9a1"",""yes_price_dollars"":""0.6600""}"
KXBTC15M-26APR281245-45,9a70daf7-0e39-72b5-1a32-43ec7d9e375a,1777393831,0.65,4.0,yes,"{""count_fp"":""4.00"",""created_time"":""2026-04-28T16:30:31.226676Z"",""no_price_dollars"":""0.3500"",""taker_side"":""yes"",""ticker"":""KXBTC15M-26APR281245-45"",""trade_id"":""9a70daf7-0e39-72b5-1a32-43ec7d9e375a"",""yes_price_dollars"":""0.6500""}"
KXBTC15M-26APR281245-45,57149962-f47a-7d73-281a-49954026ad47,1777393831,0.66,3.0,yes,"{""count_fp"":""3.00"",""created_time"":""2026-04-28T16:30:31.226676Z"",""no_price_dollars"":""0.3400"",""taker_side"":""yes"",""ticker"":""KXBTC15M-26APR281245-45"",""trade_id"":""57149962-f47a-7d73-281a-49954026ad47"",""yes_price_dollars"":""0.6600""}"
KXBTC15M-26APR281245-45,fdef884a-6db8-7862-1179-036e81026582,1777393832,0.67,10.0,no,"{""count_fp"":""10.00"",""created_time"":""2026-04-28T16:30:32.461121Z"",""no_price_dollars"":""0.3300"",""taker_side"":""no"",""ticker"":""KXBTC15M-26APR281245-45"",""trade_id"":""fdef884a-6db8-7862-1179-036e81026582"",""yes_price_dollars"":""0.6700""}"
KXBTC15M-26APR281245-45,d77d8714-d84d-7569-26b3-16f0b6ff334c,1777393832,0.67,10.0,no,"{""count_fp"":""10.00"",""created_time"":""2026-04-28T16:30:32.461121Z"",""no_price_dollars"":""0.3300"",""taker_side"":""no"",""ticker"":""KXBTC15M-26APR281245-45"",""trade_id"":""d77d8714-d84d-7569-26b3-16f0b6ff334c"",""yes_price_dollars"":""0.6700""}"
KXBTC15M-26APR281245-45,c3987291-756a-7462-020f-89aad7387c58,1777393832,0.67,5.0,no,"{""count_fp"":""5.00"",""created_time"":""2026-04-28T16:30:32.461121Z"",""no_price_dollars"":""0.3300"",""taker_side"":""no"",""ticker"":""KXBTC15M-26APR281245-45"",""trade_id"":""c3987291-756a-7462-020f-89aad7387c58"",""yes_price_dollars"":""0.6700""}"
KXBTC15M-26APR281245-45,baa510da-6294-7be6-0c2b-2dda69942a95,1777393832,0.67,11.0,no,"{""count_fp"":""11.00"",""created_time"":""2026-04-28T16:30:32.461121Z"",""no_price_dollars"":""0.3300"",""taker_side"":""no"",""ticker"":""KXBTC15M-26APR281245-45"",""trade_id"":""baa510da-6294-7be6-0c2b-2dda69942a95"",""yes_price_dollars"":""0.6700""}"
KXBTC15M-26APR281245-45,8d1ee275-8fb7-752d-2d92-8884786dabda,1777393832,0.67,105.52,no,"{""count_fp"":""105.52"",""created_time"":""2026-04-28T16:30:32.461121Z"",""no_price_dollars"":""0.3300"",""taker_side"":""no"",""ticker"":""KXBTC15M-26APR281245-45"",""trade_id"":""8d1ee275-8fb7-752d-2d92-8884786dabda"",""yes_price_dollars"":""0.6700""}"
KXBTC15M-26APR281245-45,52105862-957a-7510-2775-9bbf7ec90008,1777393832,0.67,64.73,no,"{""count_fp"":""64.73"",""created_time"":""2026-04-28T16:30:32.461121Z"",""no_price_dollars"":""0.3300"",""taker_side"":""no"",""ticker"":""KXBTC15M-26APR281245-45"",""trade_id"":""52105862-957a-7510-2775-9bbf7ec90008"",""yes_price_dollars"":""0.6700""}"
KXBTC15M-26APR281245-45,d0d4a3ac-1659-7f46-4542-fb0fd41479ef,1777393832,0.67,40.0,no,"{""count_fp"":""40.00"",""created_time"":""2026-04-28T16:30:32.456318Z"",""no_price_dollars"":""0.3300"",""taker_side"":""no"",""ticker"":""KXBTC15M-26APR281245-45"",""trade_id"":""d0d4a3ac-1659-7f46-4542-fb0fd41479ef"",""yes_price_dollars"":""0.6700""}"
KXBTC15M-26APR281245-45,cbf9b5b0-3e52-70d4-462c-5dee954fb2a4,1777393832,0.67,435.27,no,"{""count_fp"":""435.27"",""created_time"":""2026-04-28T16:30:32.456318Z"",""no_price_dollars"":""0.3300"",""taker_side"":""no"",""ticker"":""KXBTC15M-26APR281245-45"",""trade_id"":""cbf9b5b0-3e52-70d4-462c-5dee954fb2a4"",""yes_price_dollars"":""0.6700""}"
KXBTC15M-26APR281245-45,2ddad182-6350-5edf-bae2-c01322bb715a,1777393832,0.67,10.0,yes,"{""count_fp"":""10.00"",""created_time"":""2026-04-28T16:30:32.047332Z"",""no_price_dollars"":""0.3300"",""taker_side"":""yes"",""ticker"":""KXBTC15M-26APR281245-45"",""trade_id"":""2ddad182-6350-5edf-bae2-c01322bb715a"",""yes_price_dollars"":""0.6700""}"
KXBTC15M-26APR281245-45,1d9a393e-9f19-565a-ba5c-bd022610e589,1777393832,0.68,0.19,yes,"{""count_fp"":""0.19"",""created_time"":""2026-04-28T16:30:32.047332Z"",""no_price_dollars"":""0.3200"",""taker_side"":""yes"",""ticker"":""KXBTC15M-26APR281245-45"",""trade_id"":""1d9a393e-9f19-565a-ba5c-bd022610e589"",""yes_price_dollars"":""0.6800""}"
KXBTC15M-26APR281245-45,d8f7d7e5-52e4-48bb-df01-db6f52271758,1777393832,0.66,7.0,no,"{""count_fp"":""7.00"",""created_time"":""2026-04-28T16:30:32.038163Z"",""no_price_dollars"":""0.3400"",""taker_side"":""no"",""ticker"":""KXBTC15M-26APR281245-45"",""trade_id"":""d8f7d7e5-52e4-48bb-df01-db6f52271758"",""yes_price_dollars"":""0.6600""}"
KXBTC15M-26APR281245-45,d0561e71-e6e9-4898-db8a-178f16dc6959,1777393832,0.66,34.95,no,"{""count_fp"":""34.95"",""created_time"":""2026-04-28T16:30:32.038163Z"",""no_price_dollars"":""0.3400"",""taker_side"":""no"",""ticker"":""KXBTC15M-26APR281245-45"",""trade_id"":""d0561e71-e6e9-4898-db8a-178f16dc6959"",""yes_price_dollars"":""0.6600""}"
KXBTC15M-26APR281245-45,02e0f938-7a5a-4e0c-dd2c-2a7212241654,1777393832,0.66,67.05,no,"{""count_fp"":""67.05"",""created_time"":""2026-04-28T16:30:32.038163Z"",""no_price_dollars"":""0.3400"",""taker_side"":""no"",""ticker"":""KXBTC15M-26APR281245-45"",""trade_id"":""02e0f938-7a5a-4e0c-dd2c-2a7212241654"",""yes_price_dollars"":""0.6600""}"
KXBTC15M-26APR281245-45,8abc41a4-dfdc-7421-a4c9-3f525df50baf,1777393833,0.67,143.37,no,"{""count_fp"":""143.37"",""created_time"":""2026-04-28T16:30:33.706057Z"",""no_price_dollars"":""0.3300"",""taker_side"":""no"",""ticker"":""KXBTC15M-26APR281245-45"",""trade_id"":""8abc41a4-dfdc-7421-a4c9-3f525df50baf"",""yes_price_dollars"":""0.6700""}"
KXBTC15M-26APR281245-45,bc9d9a70-f334-7919-7ff8-a9ff68d174ef,1777393834,0.67,27.0,no,"{""count_fp"":""27.00"",""created_time"":""2026-04-28T16:30:34.872418Z"",""no_price_dollars"":""0.3300"",""taker_side"":""no"",""ticker"":""KXBTC15M-26APR281245-45"",""trade_id"":""bc9d9a70-f334-7919-7ff8-a9ff68d174ef"",""yes_price_dollars"":""0.6700""}"
KXBTC15M-26APR281245-45,ff2bfb52-27ca-4668-58ed-7f9a277d8490,1777393834,0.68,38.81,yes,"{""count_fp"":""38.81"",""created_time"":""2026-04-28T16:30:34.849445Z"",""no_price_dollars"":""0.3200"",""taker_side"":""yes"",""ticker"":""KXBTC15M-26APR281245-45"",""trade_id"":""ff2bfb52-27ca-4668-58ed-7f9a277d8490"",""yes_price_dollars"":""0.6800""}"
KXBTC15M-26APR281245-45,ae75d673-d24b-4b30-79df-09b0b5b90ac7,1777393834,0.68,1.46,yes,"{""count_fp"":""1.46"",""created_time"":""2026-04-28T16:30:34.849445Z"",""no_price_dollars"":""0.3200"",""taker_side"":""yes"",""ticker"":""KXBTC15M-26APR281245-45"",""trade_id"":""ae75d673-d24b-4b30-79df-09b0b5b90ac7"",""yes_price_dollars"":""0.6800""}"
KXBTC15M-26APR281245-45,e15c023c-06b4-6d35-ad68-f04e068dee6f,1777393834,0.67,28.93,no,"{""count_fp"":""28.93"",""created_time"":""2026-04-28T16:30:34.813541Z"",""no_price_dollars"":""0.3300"",""taker_side"":""no"",""ticker"":""KXBTC15M-26APR281245-45"",""trade_id"":""e15c023c-06b4-6d35-ad68-f04e068dee6f"",""yes_price_dollars"":""0.6700""}"
KXBTC15M-26APR281245-45,4e877ebc-bd63-54df-9e49-e35947338358,1777393834,0.68,2.0,yes,"{""count_fp"":""2.00"",""created_time"":""2026-04-28T16:30:34.754946Z"",""no_price_dollars"":""0.3200"",""taker_side"":""yes"",""ticker"":""KXBTC15M-26APR281245-45"",""trade_id"":""4e877ebc-bd63-54df-9e49-e35947338358"",""yes_price_dollars"":""0.6800""}"
KXBTC15M-26APR281245-45,1ccb79b1-c973-580e-96c4-21eb66120157,1777393834,0.68,4.0,yes,"{""count_fp"":""4.00"",""created_time"":""2026-04-28T16:30:34.754946Z"",""no_price_dollars"":""0.3200"",""taker_side"":""yes"",""ticker"":""KXBTC15M-26APR281245-45"",""trade_id"":""1ccb79b1-c973-580e-96c4-21eb66120157"",""yes_price_dollars"":""0.6800""}"
KXBTC15M-26APR281245-45,09f96ae9-195a-5220-b6aa-306a199c8238,1777393834,0.68,1.19,yes,"{""count_fp"":""1.19"",""created_time"":""2026-04-28T16:30:34.754946Z"",""no_price_dollars"":""0.3200"",""taker_side"":""yes"",""ticker"":""KXBTC15M-26APR281245-45"",""trade_id"":""09f96ae9-195a-5220-b6aa-306a199c8238"",""yes_price_dollars"":""0.6800""}"
KXBTC15M-26APR281245-45,1fbdb2c2-2564-6b91-ab46-4f4d0cc6b7d3,1777393834,0.67,10.63,no,"{""count_fp"":""10.63"",""created_time"":""2026-04-28T16:30:34.700584Z"",""no_price_dollars"":""0.3300"",""taker_side"":""no"",""ticker"":""KXBTC15M-26APR281245-45"",""trade_id"":""1fbdb2c2-2564-6b91-ab46-4f4d0cc6b7d3"",""yes_price_dollars"":""0.6700""}"
KXBTC15M-26APR281245-45,786b4184-3c9c-6d9d-07bf-6f763983a30b,1777393834,0.67,7.44,no,"{""count_fp"":""7.44"",""created_time"":""2026-04-28T16:30:34.107827Z"",""no_price_dollars"":""0.3300"",""taker_side"":""no"",""ticker"":""KXBTC15M-26APR281245-45"",""trade_id"":""786b4184-3c9c-6d9d-07bf-6f763983a30b"",""yes_price_dollars"":""0.6700""}"
KXBTC15M-26APR281245-45,596367cc-4cac-5445-d0ff-2d5ca0918d17,1777393835,0.67,52.1,no,"{""count_fp"":""52.10"",""created_time"":""2026-04-28T16:30:35.315486Z"",""no_price_dollars"":""0.3300"",""taker_side"":""no"",""ticker"":""KXBTC15M-26APR281245-45"",""trade_id"":""596367cc-4cac-5445-d0ff-2d5ca0918d17"",""yes_price_dollars"":""0.6700""}"
KXBTC15M-26APR281245-45,8efab5f2-7a74-5eed-a6a9-fd79d922b153,1777393836,0.67,14.47,no,"{""count_fp"":""14.47"",""created_time"":""2026-04-28T16:30:36.609503Z"",""no_price_dollars"":""0.3300"",""taker_side"":""no"",""ticker"":""KXBTC15M-26APR281245-45"",""trade_id"":""8efab5f2-7a74-5eed-a6a9-fd79d922b153"",""yes_price_dollars"":""0.6700""}"
KXBTC15M-26APR281245-45,9a22c5ed-5d17-6749-6008-0a33010a48c8,1777393836,0.69,2.55,yes,"{""count_fp"":""2.55"",""created_time"":""2026-04-28T16:30:36.371554Z"",""no_price_dollars"":""0.3100"",""taker_side"":""yes"",""ticker"":""KXBTC15M-26APR281245-45"",""trade_id"":""9a22c5ed-5d17-6749-6008-0a33010a48c8"",""yes_price_dollars"":""0.6900""}"
KXBTC15M-26APR281245-45,3255630c-3870-626c-6e98-b145484f1aa7,1777393836,0.69,40.0,yes,"{""count_fp"":""40.00"",""created_time"":""2026-04-28T16:30:36.371554Z"",""no_price_dollars"":""0.3100"",""taker_side"":""yes"",""ticker"":""KXBTC15M-26APR281245-45"",""trade_id"":""3255630c-3870-626c-6e98-b145484f1aa7"",""yes_price_dollars"":""0.6900""}"
KXBTC15M-26APR281245-45,9de9f004-2870-6e45-8ec0-4c57738d1bfb,1777393836,0.67,5.78,no,"{""count_fp"":""5.78"",""created_time"":""2026-04-28T16:30:36.096797Z"",""no_price_dollars"":""0.3300"",""taker_side"":""no"",""ticker"":""KXBTC15M-26APR281245-45"",""trade_id"":""9de9f004-2870-6e45-8ec0-4c57738d1bfb"",""yes_price_dollars"":""0.6700""}"
KXBTC15M-26APR281245-45,48c78e39-6208-5c21-c1ae-c880cdcc9a93,1777393836,0.67,14.02,no,"{""count_fp"":""14.02"",""created_time"":""2026-04-28T16:30:36.077794Z"",""no_price_dollars"":""0.3300"",""taker_side"":""no"",""ticker"":""KXBTC15M-26APR281245-45"",""trade_id"":""48c78e39-6208-5c21-c1ae-c880cdcc9a93"",""yes_price_dollars"":""0.6700""}"
KXBTC15M-26APR281245-45,270fef5c-5b14-6c7d-aada-fab2290d5c6b,1777393837,0.67,95.52,no,"{""count_fp"":""95.52"",""created_time"":""2026-04-28T16:30:37.842062Z"",""no_price_dollars"":""0.3300"",""taker_side"":""no"",""ticker"":""KXBTC15M-26APR281245-45"",""trade_id"":""270fef5c-5b14-6c7d-aada-fab2290d5c6b"",""yes_price_dollars"":""0.6700""}"
KXBTC15M-26APR281245-45,b56bf716-f498-46cd-7cd1-0b2330a23b23,1777393837,0.67,10.13,no,"{""count_fp"":""10.13"",""created_time"":""2026-04-28T16:30:37.749828Z"",""no_price_dollars"":""0.3300"",""taker_side"":""no"",""ticker"":""KXBTC15M-26APR281245-45"",""trade_id"":""b56bf716-f498-46cd-7cd1-0b2330a23b23"",""yes_price_dollars"":""0.6700""}"
KXBTC15M-26APR281245-45,d4a4e898-5fef-6ea1-e0db-3ba3786fde58,1777393837,0.69,1.45,yes,"{""count_fp"":""1.45"",""created_time"":""2026-04-28T16:30:37.539447Z"",""no_price_dollars"":""0.3100"",""taker_side"":""yes"",""ticker"":""KXBTC15M-26APR281245-45"",""trade_id"":""d4a4e898-5fef-6ea1-e0db-3ba3786fde58"",""yes_price_dollars"":""0.6900""}"
KXBTC15M-26APR281245-45,60bde30b-83a7-62ab-f2e8-65d28b191112,1777393837,0.68,3.0,yes,"{""count_fp"":""3.00"",""created_time"":""2026-04-28T16:30:37.539447Z"",""no_price_dollars"":""0.3200"",""taker_side"":""yes"",""ticker"":""KXBTC15M-26APR281245-45"",""trade_id"":""60bde30b-83a7-62ab-f2e8-65d28b191112"",""yes_price_dollars"":""0.6800""}"
KXBTC15M-26APR281245-45,31eedc99-e444-6746-f8c4-d05767f42ccf,1777393837,0.69,9.73,yes,"{""count_fp"":""9.73"",""created_time"":""2026-04-28T16:30:37.539447Z"",""no_price_dollars"":""0.3100"",""taker_side"":""yes"",""ticker"":""KXBTC15M-26APR281245-45"",""trade_id"":""31eedc99-e444-6746-f8c4-d05767f42ccf"",""yes_price_dollars"":""0.6900""}"
KXBTC15M-26APR281245-45,9eb42793-8bcc-46f9-6e60-4fe095576fff,1777393837,0.67,28.94,no,"{""count_fp"":""28.94"",""created_time"":""2026-04-28T16:30:37.511748Z"",""no_price_dollars"":""0.3300"",""taker_side"":""no"",""ticker"":""KXBTC15M-26APR281245-45"",""trade_id"":""9eb42793-8bcc-46f9-6e60-4fe095576fff"",""yes_price_dollars"":""0.6700""}"
KXBTC15M-26APR281245-45,ed116a0e-d066-5fc3-7d2f-cb7be1208034,1777393838,0.68,0.14,yes,"{""count_fp"":""0.14"",""created_time"":""2026-04-28T16:30:38.875324Z"",""no_price_dollars"":""0.3200"",""taker_side"":""yes"",""ticker"":""KXBTC15M-26APR281245-45"",""trade_id"":""ed116a0e-d066-5fc3-7d2f-cb7be1208034"",""yes_price_dollars"":""0.6800""}"
KXBTC15M-26APR281245-45,a7a0523d-8102-5c27-72c8-1463d82c9f9a,1777393838,0.68,14.24,yes,"{""count_fp"":""14.24"",""created_time"":""2026-04-28T16:30:38.875324Z"",""no_price_dollars"":""0.3200"",""taker_side"":""yes"",""ticker"":""KXBTC15M-26APR281245-45"",""trade_id"":""a7a0523d-8102-5c27-72c8-1463d82c9f9a"",""yes_price_dollars"":""0.6800""}"
KXBTC15M-26APR281245-45,f35a858b-e442-6341-d380-9667d724c8a8,1777393838,0.67,56.0,no,"{""count_fp"":""56.00"",""created_time"":""2026-04-28T16:30:38.724765Z"",""no_price_dollars"":""0.3300"",""taker_side"":""no"",""ticker"":""KXBTC15M-26APR281245-45"",""trade_id"":""f35a858b-e442-6341-d380-9667d724c8a8"",""yes_price_dollars"":""0.6700""}"
KXBTC15M-26APR281245-45,8d3e80fe-fb8f-6de7-d8a2-c7f2d09e3f3f,1777393838,0.67,5.0,no,"{""count_fp"":""5.00"",""created_time"":""2026-04-28T16:30:38.724765Z"",""no_price_dollars"":""0.3300"",""taker_side"":""no"",""ticker"":""KXBTC15M-26APR281245-45"",""trade_id"":""8d3e80fe-fb8f-6de7-d8a2-c7f2d09e3f3f"",""yes_price_dollars"":""0.6700""}"
KXBTC15M-26APR281245-45,894a9071-c0b7-6b72-f0a1-5f7873146a4f,1777393838,0.67,11.36,no,"{""count_fp"":""11.36"",""created_time"":""2026-04-28T16:30:38.724765Z"",""no_price_dollars"":""0.3300"",""taker_side"":""no"",""ticker"":""KXBTC15M-26APR281245-45"",""trade_id"":""894a9071-c0b7-6b72-f0a1-5f7873146a4f"",""yes_price_dollars"":""0.6700""}"
KXBTC15M-26APR281245-45,ccafc818-0542-44ff-49ef-9fb19ac3eec0,1777393838,0.68,28.36,yes,"{""count_fp"":""28.36"",""created_time"":""2026-04-28T16:30:38.686097Z"",""no_price_dollars"":""0.3200"",""taker_side"":""yes"",""ticker"":""KXBTC15M-26APR281245-45"",""trade_id"":""ccafc818-0542-44ff-49ef-9fb19ac3eec0"",""yes_price_dollars"":""0.6800""}"
KXBTC15M-26APR281245-45,b624ccf7-e17e-7677-9544-1ae16c67bf70,1777393838,0.68,11.5,yes,"{""count_fp"":""11.50"",""created_time"":""2026-04-28T16:30:38.610209Z"",""no_price_dollars"":""0.3200"",""taker_side"":""yes"",""ticker"":""KXBTC15M-26APR281245-45"",""trade_id"":""b624ccf7-e17e-7677-9544-1ae16c67bf70"",""yes_price_dollars"":""0.6800""}"
KXBTC15M-26APR281245-45,a95cad61-5807-54d8-2130-67b7efd648d6,1777393838,0.67,0.25,no,"{""count_fp"":""0.25"",""created_time"":""2026-04-28T16:30:38.574879Z"",""no_price_dollars"":""0.3300"",""taker_side"":""no"",""ticker"":""KXBTC15M-26APR281245-45"",""trade_id"":""a95cad61-5807-54d8-2130-67b7efd648d6"",""yes_price_dollars"":""0.6700""}"
KXBTC15M-26APR281245-45,43dbb3bf-b8e0-56d5-2cf3-1408b2407a27,1777393838,0.67,9.75,no,"{""count_fp"":""9.75"",""created_time"":""2026-04-28T16:30:38.574879Z"",""no_price_dollars"":""0.3300"",""taker_side"":""no"",""ticker"":""KXBTC15M-26APR281245-45"",""trade_id"":""43dbb3bf-b8e0-56d5-2cf3-1408b2407a27"",""yes_price_dollars"":""0.6700""}"
KXBTC15M-26APR281245-45,afe6bd0e-a9f0-7d39-4dd2-eff4357d5cb7,1777393838,0.67,14.47,no,"{""count_fp"":""14.47"",""created_time"":""2026-04-28T16:30:38.560032Z"",""no_price_dollars"":""0.3300"",""taker_side"":""no"",""ticker"":""KXBTC15M-26APR281245-45"",""trade_id"":""afe6bd0e-a9f0-7d39-4dd2-eff4357d5cb7"",""yes_price_dollars"":""0.6700""}"
KXBTC15M-26APR281245-45,2e0232e5-2bb4-4f4e-353d-11031d0bc897,1777393838,0.69,7.09,yes,"{""count_fp"":""7.09"",""created_time"":""2026-04-28T16:30:38.429073Z"",""no_price_dollars"":""0.3100"",""taker_side"":""yes"",""ticker"":""KXBTC15M-26APR281245-45"",""trade_id"":""2e0232e5-2bb4-4f4e-353d-11031d0bc897"",""yes_price_dollars"":""0.6900""}"
KXBTC15M-26APR281245-45,3d91d794-46e0-40ac-47e9-f77f5b754e86,1777393838,0.68,3.0,yes,"{""count_fp"":""3.00"",""created_time"":""2026-04-28T16:30:38.064437Z"",""no_price_dollars"":""0.3200"",""taker_side"":""yes"",""ticker"":""KXBTC15M-26APR281245-45"",""trade_id"":""3d91d794-46e0-40ac-47e9-f77f5b754e86"",""yes_price_dollars"":""0.6800""}"
KXBTC15M-26APR281245-45,0fc6da1b-b153-4cd2-40af-4ab96bba13ed,1777393838,0.68,12.0,yes,"{""count_fp"":""12.00"",""created_time"":""2026-04-28T16:30:38.064437Z"",""no_price_dollars"":""0.3200"",""taker_side"":""yes"",""ticker"":""KXBTC15M-26APR281245-45"",""trade_id"":""0fc6da1b-b153-4cd2-40af-4ab96bba13ed"",""yes_price_dollars"":""0.6800""}"
KXBTC15M-26APR281245-45,0477ae7b-7a4c-479e-7b7a-d927172a548f,1777393838,0.69,0.6,yes,"{""count_fp"":""0.60"",""created_time"":""2026-04-28T16:30:38.064437Z"",""no_price_dollars"":""0.3100"",""taker_side"":""yes"",""ticker"":""KXBTC15M-26APR281245-45"",""trade_id"":""0477ae7b-7a4c-479e-7b7a-d927172a548f"",""yes_price_dollars"":""0.6900""}"
KXBTC15M-26APR281245-45,46f91592-67e4-40fd-25ee-c202a3f9591f,1777393838,0.67,14.47,no,"{""count_fp"":""14.47"",""created_time"":""2026-04-28T16:30:38.061732Z"",""no_price_dollars"":""0.3300"",""taker_side"":""no"",""ticker"":""KXBTC15M-26APR281245-45"",""trade_id"":""46f91592-67e4-40fd-25ee-c202a3f9591f"",""yes_price_dollars"":""0.6700""}"
KXBTC15M-26APR281245-45,50a3a383-a043-6632-624e-010ac629ddd3,1777393839,0.67,14.47,no,"{""count_fp"":""14.47"",""created_time"":""2026-04-28T16:30:39.871028Z"",""no_price_dollars"":""0.3300"",""taker_side"":""no"",""ticker"":""KXBTC15M-26APR281245-45"",""trade_id"":""50a3a383-a043-6632-624e-010ac629ddd3"",""yes_price_dollars"":""0.6700""}"
KXBTC15M-26APR281245-45,ae870d69-0eb3-77b2-5fea-9a1f58bae827,1777393839,0.67,5.78,no,"{""count_fp"":""5.78"",""created_time"":""2026-04-28T16:30:39.598069Z"",""no_price_dollars"":""0.3300"",""taker_side"":""no"",""ticker"":""KXBTC15M-26APR281245-45"",""trade_id"":""ae870d69-0eb3-77b2-5fea-9a1f58bae827"",""yes_price_dollars"":""0.6700""}"
