ticker,trade_id,ts,yes_price,count,taker_side,raw_json
KXBTC15M-26APR272100-00,b4929b44-2458-43da-43b2-87e6066f76d6,1777337100,0.54,1.0,yes,"{""count_fp"":""1.00"",""created_time"":""2026-04-28T00:45:00.213708Z"",""no_price_dollars"":""0.4600"",""taker_side"":""yes"",""ticker"":""KXBTC15M-26APR272100-00"",""trade_id"":""b4929b44-2458-43da-43b2-87e6066f76d6"",""yes_price_dollars"":""0.5400""}"
KXBTC15M-26APR272100-00,cde45ff2-d4ff-789d-aa2c-e2b1868dd5a9,1777337101,0.5,1.0,no,"{""count_fp"":""1.00"",""created_time"":""2026-04-28T00:45:01.196834Z"",""no_price_dollars"":""0.5000"",""taker_side"":""no"",""ticker"":""KXBTC15M-26APR272100-00"",""trade_id"":""cde45ff2-d4ff-789d-aa2c-e2b1868dd5a9"",""yes_price_dollars"":""0.5000""}"
KXBTC15M-26APR272100-00,9bbf9cf2-c381-7c63-b508-146b9b68281f,1777337101,0.5,100.0,no,"{""count_fp"":""100.00"",""created_time"":""2026-04-28T00:45:01.196834Z"",""no_price_dollars"":""0.5000"",""taker_side"":""no"",""ticker"":""KXBTC15M-26APR272100-00"",""trade_id"":""9bbf9cf2-c381-7c63-b508-146b9b68281f"",""yes_price_dollars"":""0.5000""}"
KXBTC15M-26APR272100-00,718a7708-b4aa-758b-b9f7-87779e029648,1777337101,0.54,4.0,no,"{""count_fp"":""4.00"",""created_time"":""2026-04-28T00:45:01.196834Z"",""no_price_dollars"":""0.4600"",""taker_side"":""no"",""ticker"":""KXBTC15M-26APR272100-00"",""trade_id"":""718a7708-b4aa-758b-b9f7-87779e029648"",""yes_price_dollars"":""0.5400""}"
KXBTC15M-26APR272100-00,daaa31d1-b42b-6f90-ac77-addfe37b4e7b,1777337102,0.46,1.0,no,"{""count_fp"":""1.00"",""created_time"":""2026-04-28T00:45:02.141005Z"",""no_price_dollars"":""0.5400"",""taker_side"":""no"",""ticker"":""KXBTC15M-26APR272100-00"",""trade_id"":""daaa31d1-b42b-6f90-ac77-addfe37b4e7b"",""yes_price_dollars"":""0.4600""}"
KXBTC15M-26APR272100-00,8162362a-8eab-67f3-9eb8-e577dba6931b,1777337102,0.46,12.0,no,"{""count_fp"":""12.00"",""created_time"":""2026-04-28T00:45:02.141005Z"",""no_price_dollars"":""0.5400"",""taker_side"":""no"",""ticker"":""KXBTC15M-26APR272100-00"",""trade_id"":""8162362a-8eab-67f3-9eb8-e577dba6931b"",""yes_price_dollars"":""0.4600""}"
KXBTC15M-26APR272100-00,f9980a0b-2252-7a68-16d3-cc679c22c495,1777337102,0.48,18.0,yes,"{""count_fp"":""18.00"",""created_time"":""2026-04-28T00:45:02.039527Z"",""no_price_dollars"":""0.5200"",""taker_side"":""yes"",""ticker"":""KXBTC15M-26APR272100-00"",""trade_id"":""f9980a0b-2252-7a68-16d3-cc679c22c495"",""yes_price_dollars"":""0.4800""}"
KXBTC15M-26APR272100-00,fa485568-3dcc-6450-baba-b25aba3fd8d6,1777337104,0.49,8.0,no,"{""count_fp"":""8.00"",""created_time"":""2026-04-28T00:45:04.077586Z"",""no_price_dollars"":""0.5100"",""taker_side"":""no"",""ticker"":""KXBTC15M-26APR272100-00"",""trade_id"":""fa485568-3dcc-6450-baba-b25aba3fd8d6"",""yes_price_dollars"":""0.4900""}"
KXBTC15M-26APR272100-00,ee87a775-8fd2-657e-a129-48eea185659a,1777337104,0.48,2.0,no,"{""count_fp"":""2.00"",""created_time"":""2026-04-28T00:45:04.077586Z"",""no_price_dollars"":""0.5200"",""taker_side"":""no"",""ticker"":""KXBTC15M-26APR272100-00"",""trade_id"":""ee87a775-8fd2-657e-a129-48eea185659a"",""yes_price_dollars"":""0.4800""}"
KXBTC15M-26APR272100-00,de6ddd79-dc60-6936-b8af-e96554c63657,1777337104,0.48,2.0,no,"{""count_fp"":""2.00"",""created_time"":""2026-04-28T00:45:04.077586Z"",""no_price_dollars"":""0.5200"",""taker_side"":""no"",""ticker"":""KXBTC15M-26APR272100-00"",""trade_id"":""de6ddd79-dc60-6936-b8af-e96554c63657"",""yes_price_dollars"":""0.4800""}"
KXBTC15M-26APR272100-00,a726367f-538b-615f-a931-8477e302f7a3,1777337104,0.48,15.0,no,"{""count_fp"":""15.00"",""created_time"":""2026-04-28T00:45:04.077586Z"",""no_price_dollars"":""0.5200"",""taker_side"":""no"",""ticker"":""KXBTC15M-26APR272100-00"",""trade_id"":""a726367f-538b-615f-a931-8477e302f7a3"",""yes_price_dollars"":""0.4800""}"
KXBTC15M-26APR272100-00,2c3bbb86-135b-658a-ba88-d7c88a9f7242,1777337104,0.48,4.0,no,"{""count_fp"":""4.00"",""created_time"":""2026-04-28T00:45:04.077586Z"",""no_price_dollars"":""0.5200"",""taker_side"":""no"",""ticker"":""KXBTC15M-26APR272100-00"",""trade_id"":""2c3bbb86-135b-658a-ba88-d7c88a9f7242"",""yes_price_dollars"":""0.4800""}"
KXBTC15M-26APR272100-00,26df1373-cd7e-681e-a557-6d82c4ea6d70,1777337104,0.49,1.33,no,"{""count_fp"":""1.33"",""created_time"":""2026-04-28T00:45:04.077586Z"",""no_price_dollars"":""0.5100"",""taker_side"":""no"",""ticker"":""KXBTC15M-26APR272100-00"",""trade_id"":""26df1373-cd7e-681e-a557-6d82c4ea6d70"",""yes_price_dollars"":""0.4900""}"
KXBTC15M-26APR272100-00,c8b616a7-56ba-7d14-2ac5-14485bba7073,1777337105,0.48,11.0,yes,"{""count_fp"":""11.00"",""created_time"":""2026-04-28T00:45:05.989145Z"",""no_price_dollars"":""0.5200"",""taker_side"":""yes"",""ticker"":""KXBTC15M-26APR272100-00"",""trade_id"":""c8b616a7-56ba-7d14-2ac5-14485bba7073"",""yes_price_dollars"":""0.4800""}"
KXBTC15M-26APR272100-00,a426aeb1-ad76-477a-22ac-c38b3108e912,1777337107,0.49,16.18,yes,"{""count_fp"":""16.18"",""created_time"":""2026-04-28T00:45:07.894662Z"",""no_price_dollars"":""0.5100"",""taker_side"":""yes"",""ticker"":""KXBTC15M-26APR272100-00"",""trade_id"":""a426aeb1-ad76-477a-22ac-c38b3108e912"",""yes_price_dollars"":""0.4900""}"
KXBTC15M-26APR272100-00,70e49d7c-612d-4d0d-26bd-59a576c0842a,1777337107,0.5,47.75,yes,"{""count_fp"":""47.75"",""created_time"":""2026-04-28T00:45:07.894662Z"",""no_price_dollars"":""0.5000"",""taker_side"":""yes"",""ticker"":""KXBTC15M-26APR272100-00"",""trade_id"":""70e49d7c-612d-4d0d-26bd-59a576c0842a"",""yes_price_dollars"":""0.5000""}"
KXBTC15M-26APR272100-00,af7654b2-d690-4aa4-0405-3fcfa38dc04e,1777337107,0.47,2.0,no,"{""count_fp"":""2.00"",""created_time"":""2026-04-28T00:45:07.495279Z"",""no_price_dollars"":""0.5300"",""taker_side"":""no"",""ticker"":""KXBTC15M-26APR272100-00"",""trade_id"":""af7654b2-d690-4aa4-0405-3fcfa38dc04e"",""yes_price_dollars"":""0.4700""}"
KXBTC15M-26APR272100-00,75d270de-f0d8-443c-5846-0600b53ed19a,1777337107,0.47,9.0,no,"{""count_fp"":""9.00"",""created_time"":""2026-04-28T00:45:07.257897Z"",""no_price_dollars"":""0.5300"",""taker_side"":""no"",""ticker"":""KXBTC15M-26APR272100-00"",""trade_id"":""75d270de-f0d8-443c-5846-0600b53ed19a"",""yes_price_dollars"":""0.4700""}"
KXBTC15M-26APR272100-00,f4624a51-b7eb-6b83-9a48-c6e1485ef8e7,1777337107,0.47,9.66,no,"{""count_fp"":""9.66"",""created_time"":""2026-04-28T00:45:07.134825Z"",""no_price_dollars"":""0.5300"",""taker_side"":""no"",""ticker"":""KXBTC15M-26APR272100-00"",""trade_id"":""f4624a51-b7eb-6b83-9a48-c6e1485ef8e7"",""yes_price_dollars"":""0.4700""}"
KXBTC15M-26APR272100-00,95793ba2-a010-6ba8-a0f7-0c43d688b7aa,1777337107,0.47,3.43,no,"{""count_fp"":""3.43"",""created_time"":""2026-04-28T00:45:07.134825Z"",""no_price_dollars"":""0.5300"",""taker_side"":""no"",""ticker"":""KXBTC15M-26APR272100-00"",""trade_id"":""95793ba2-a010-6ba8-a0f7-0c43d688b7aa"",""yes_price_dollars"":""0.4700""}"
KXBTC15M-26APR272100-00,6467c0eb-1daa-6a77-bd31-50932adcc82f,1777337107,0.47,1.17,no,"{""count_fp"":""1.17"",""created_time"":""2026-04-28T00:45:07.134825Z"",""no_price_dollars"":""0.5300"",""taker_side"":""no"",""ticker"":""KXBTC15M-26APR272100-00"",""trade_id"":""6467c0eb-1daa-6a77-bd31-50932adcc82f"",""yes_price_dollars"":""0.4700""}"
KXBTC15M-26APR272100-00,5ff68a78-8bcb-6905-8bd5-e76cc81e6728,1777337107,0.47,4.0,no,"{""count_fp"":""4.00"",""created_time"":""2026-04-28T00:45:07.134825Z"",""no_price_dollars"":""0.5300"",""taker_side"":""no"",""ticker"":""KXBTC15M-26APR272100-00"",""trade_id"":""5ff68a78-8bcb-6905-8bd5-e76cc81e6728"",""yes_price_dollars"":""0.4700""}"
KXBTC15M-26APR272100-00,a5ebce89-2731-7bd4-6201-439b4b2b9bab,1777337108,0.48,44.74,no,"{""count_fp"":""44.74"",""created_time"":""2026-04-28T00:45:08.637734Z"",""no_price_dollars"":""0.5200"",""taker_side"":""no"",""ticker"":""KXBTC15M-26APR272100-00"",""trade_id"":""a5ebce89-2731-7bd4-6201-439b4b2b9bab"",""yes_price_dollars"":""0.4800""}"
KXBTC15M-26APR272100-00,3a3da85d-bda4-7a6b-6b4d-9dd57db18b15,1777337108,0.49,0.92,no,"{""count_fp"":""0.92"",""created_time"":""2026-04-28T00:45:08.637734Z"",""no_price_dollars"":""0.5100"",""taker_side"":""no"",""ticker"":""KXBTC15M-26APR272100-00"",""trade_id"":""3a3da85d-bda4-7a6b-6b4d-9dd57db18b15"",""yes_price_dollars"":""0.4900""}"
KXBTC15M-26APR272100-00,cf6984ac-812c-657d-85e3-3a284aeea3d0,1777337109,0.53,30.0,yes,"{""count_fp"":""30.00"",""created_time"":""2026-04-28T00:45:09.544296Z"",""no_price_dollars"":""0.4700"",""taker_side"":""yes"",""ticker"":""KXBTC15M-26APR272100-00"",""trade_id"":""cf6984ac-812c-657d-85e3-3a284aeea3d0"",""yes_price_dollars"":""0.5300""}"
KXBTC15M-26APR272100-00,c0b767e2-8a85-6462-89b9-29cec3ff2e9d,1777337109,0.55,1.0,yes,"{""count_fp"":""1.00"",""created_time"":""2026-04-28T00:45:09.544296Z"",""no_price_dollars"":""0.4500"",""taker_side"":""yes"",""ticker"":""KXBTC15M-26APR272100-00"",""trade_id"":""c0b767e2-8a85-6462-89b9-29cec3ff2e9d"",""yes_price_dollars"":""0.5500""}"
KXBTC15M-26APR272100-00,a4546db4-660b-6225-94f2-2908e447abdf,1777337109,0.52,30.0,yes,"{""count_fp"":""30.00"",""created_time"":""2026-04-28T00:45:09.544296Z"",""no_price_dollars"":""0.4800"",""taker_side"":""yes"",""ticker"":""KXBTC15M-26APR272100-00"",""trade_id"":""a4546db4-660b-6225-94f2-2908e447abdf"",""yes_price_dollars"":""0.5200""}"
KXBTC15M-26APR272100-00,9034ee4f-3270-6151-a108-caf66c647979,1777337109,0.55,12.95,yes,"{""count_fp"":""12.95"",""created_time"":""2026-04-28T00:45:09.544296Z"",""no_price_dollars"":""0.4500"",""taker_side"":""yes"",""ticker"":""KXBTC15M-26APR272100-00"",""trade_id"":""9034ee4f-3270-6151-a108-caf66c647979"",""yes_price_dollars"":""0.5500""}"
KXBTC15M-26APR272100-00,7b9ba83f-c846-6b9e-9187-452385fe5aa9,1777337109,0.5,10.0,yes,"{""count_fp"":""10.00"",""created_time"":""2026-04-28T00:45:09.544296Z"",""no_price_dollars"":""0.5000"",""taker_side"":""yes"",""ticker"":""KXBTC15M-26APR272100-00"",""trade_id"":""7b9ba83f-c846-6b9e-9187-452385fe5aa9"",""yes_price_dollars"":""0.5000""}"
KXBTC15M-26APR272100-00,5f9d2d7a-ba6e-679d-a16b-701105f500d2,1777337109,0.55,100.0,yes,"{""count_fp"":""100.00"",""created_time"":""2026-04-28T00:45:09.544296Z"",""no_price_dollars"":""0.4500"",""taker_side"":""yes"",""ticker"":""KXBTC15M-26APR272100-00"",""trade_id"":""5f9d2d7a-ba6e-679d-a16b-701105f500d2"",""yes_price_dollars"":""0.5500""}"
KXBTC15M-26APR272100-00,5a5808e0-7dcc-6317-a467-804c08078d6e,1777337109,0.54,20.0,yes,"{""count_fp"":""20.00"",""created_time"":""2026-04-28T00:45:09.544296Z"",""no_price_dollars"":""0.4600"",""taker_side"":""yes"",""ticker"":""KXBTC15M-26APR272100-00"",""trade_id"":""5a5808e0-7dcc-6317-a467-804c08078d6e"",""yes_price_dollars"":""0.5400""}"
KXBTC15M-26APR272100-00,4b424684-83b2-6e55-a085-aaa908093dd8,1777337109,0.54,120.0,yes,"{""count_fp"":""120.00"",""created_time"":""2026-04-28T00:45:09.544296Z"",""no_price_dollars"":""0.4600"",""taker_side"":""yes"",""ticker"":""KXBTC15M-26APR272100-00"",""trade_id"":""4b424684-83b2-6e55-a085-aaa908093dd8"",""yes_price_dollars"":""0.5400""}"
KXBTC15M-26APR272100-00,353abcd7-a929-6a35-9ea3-091e0cf65442,1777337109,0.5,72.25,yes,"{""count_fp"":""72.25"",""created_time"":""2026-04-28T00:45:09.544296Z"",""no_price_dollars"":""0.5000"",""taker_side"":""yes"",""ticker"":""KXBTC15M-26APR272100-00"",""trade_id"":""353abcd7-a929-6a35-9ea3-091e0cf65442"",""yes_price_dollars"":""0.5000""}"
KXBTC15M-26APR272100-00,30173231-8eba-6b8f-9969-ff6ffba4f96e,1777337109,0.53,20.0,yes,"{""count_fp"":""20.00"",""created_time"":""2026-04-28T00:45:09.544296Z"",""no_price_dollars"":""0.4700"",""taker_side"":""yes"",""ticker"":""KXBTC15M-26APR272100-00"",""trade_id"":""30173231-8eba-6b8f-9969-ff6ffba4f96e"",""yes_price_dollars"":""0.5300""}"
KXBTC15M-26APR272100-00,1522acef-64d8-657c-843b-eb715b4d5ed2,1777337109,0.54,30.0,yes,"{""count_fp"":""30.00"",""created_time"":""2026-04-28T00:45:09.544296Z"",""no_price_dollars"":""0.4600"",""taker_side"":""yes"",""ticker"":""KXBTC15M-26APR272100-00"",""trade_id"":""1522acef-64d8-657c-843b-eb715b4d5ed2"",""yes_price_dollars"":""0.5400""}"
KXBTC15M-26APR272100-00,93087c2d-94b7-6a0a-26ee-14747fd4a07c,1777337109,0.49,8.18,no,"{""count_fp"":""8.18"",""created_time"":""2026-04-28T00:45:09.175735Z"",""no_price_dollars"":""0.5100"",""taker_side"":""no"",""ticker"":""KXBTC15M-26APR272100-00"",""trade_id"":""93087c2d-94b7-6a0a-26ee-14747fd4a07c"",""yes_price_dollars"":""0.4900""}"
KXBTC15M-26APR272100-00,3cfb7ebd-d5bd-6a82-2d61-f80864c5bd83,1777337109,0.49,0.95,no,"{""count_fp"":""0.95"",""created_time"":""2026-04-28T00:45:09.175735Z"",""no_price_dollars"":""0.5100"",""taker_side"":""no"",""ticker"":""KXBTC15M-26APR272100-00"",""trade_id"":""3cfb7ebd-d5bd-6a82-2d61-f80864c5bd83"",""yes_price_dollars"":""0.4900""}"
KXBTC15M-26APR272100-00,6ad34100-d5df-58d6-4de1-df8f71178264,1777337109,0.49,1.82,no,"{""count_fp"":""1.82"",""created_time"":""2026-04-28T00:45:09.093862Z"",""no_price_dollars"":""0.5100"",""taker_side"":""no"",""ticker"":""KXBTC15M-26APR272100-00"",""trade_id"":""6ad34100-d5df-58d6-4de1-df8f71178264"",""yes_price_dollars"":""0.4900""}"
KXBTC15M-26APR272100-00,b42e74a0-ffd6-5f7e-eb49-6fa81334cbb7,1777337110,0.51,27.0,no,"{""count_fp"":""27.00"",""created_time"":""2026-04-28T00:45:10.516634Z"",""no_price_dollars"":""0.4900"",""taker_side"":""no"",""ticker"":""KXBTC15M-26APR272100-00"",""trade_id"":""b42e74a0-ffd6-5f7e-eb49-6fa81334cbb7"",""yes_price_dollars"":""0.5100""}"
KXBTC15M-26APR272100-00,6076cc6c-548b-5b96-f422-4235d5fbad0b,1777337110,0.52,3.0,no,"{""count_fp"":""3.00"",""created_time"":""2026-04-28T00:45:10.516634Z"",""no_price_dollars"":""0.4800"",""taker_side"":""no"",""ticker"":""KXBTC15M-26APR272100-00"",""trade_id"":""6076cc6c-548b-5b96-f422-4235d5fbad0b"",""yes_price_dollars"":""0.5200""}"
KXBTC15M-26APR272100-00,16cbebd2-929c-4b99-c8f9-16746b8d3356,1777337111,0.53,3.0,no,"{""count_fp"":""3.00"",""created_time"":""2026-04-28T00:45:11.444749Z"",""no_price_dollars"":""0.4700"",""taker_side"":""no"",""ticker"":""KXBTC15M-26APR272100-00"",""trade_id"":""16cbebd2-929c-4b99-c8f9-16746b8d3356"",""yes_price_dollars"":""0.5300""}"
KXBTC15M-26APR272100-00,f79558ec-e4dc-7f6e-51ed-9a4b0c08a84d,1777337111,0.52,7.0,no,"{""count_fp"":""7.00"",""created_time"":""2026-04-28T00:45:11.170933Z"",""no_price_dollars"":""0.4800"",""taker_side"":""no"",""ticker"":""KXBTC15M-26APR272100-00"",""trade_id"":""f79558ec-e4dc-7f6e-51ed-9a4b0c08a84d"",""yes_price_dollars"":""0.5200""}"
KXBTC15M-26APR272100-00,0b3b2bd9-1eca-74fb-6084-e08ccb06f748,1777337111,0.53,5.0,no,"{""count_fp"":""5.00"",""created_time"":""2026-04-28T00:45:11.170933Z"",""no_price_dollars"":""0.4700"",""taker_side"":""no"",""ticker"":""KXBTC15M-26APR272100-00"",""trade_id"":""0b3b2bd9-1eca-74fb-6084-e08ccb06f748"",""yes_price_dollars"":""0.5300""}"
KXBTC15M-26APR272100-00,5c52014a-31ba-4ebf-b27b-44bf4e663e90,1777337111,0.53,12.0,no,"{""count_fp"":""12.00"",""created_time"":""2026-04-28T00:45:11.150823Z"",""no_price_dollars"":""0.4700"",""taker_side"":""no"",""ticker"":""KXBTC15M-26APR272100-00"",""trade_id"":""5c52014a-31ba-4ebf-b27b-44bf4e663e90"",""yes_price_dollars"":""0.5300""}"
KXBTC15M-26APR272100-00,fc31cd73-435a-6890-4261-a2fcd5be5810,1777337111,0.55,10.0,yes,"{""count_fp"":""10.00"",""created_time"":""2026-04-28T00:45:11.028898Z"",""no_price_dollars"":""0.4500"",""taker_side"":""yes"",""ticker"":""KXBTC15M-26APR272100-00"",""trade_id"":""fc31cd73-435a-6890-4261-a2fcd5be5810"",""yes_price_dollars"":""0.5500""}"
KXBTC15M-26APR272100-00,eb98ab8a-8641-6fff-69c2-a212df9ea536,1777337111,0.55,3.0,yes,"{""count_fp"":""3.00"",""created_time"":""2026-04-28T00:45:11.028898Z"",""no_price_dollars"":""0.4500"",""taker_side"":""yes"",""ticker"":""KXBTC15M-26APR272100-00"",""trade_id"":""eb98ab8a-8641-6fff-69c2-a212df9ea536"",""yes_price_dollars"":""0.5500""}"
KXBTC15M-26APR272100-00,7f954bba-57e7-6408-7c21-17e2e0d1271a,1777337111,0.55,7.0,yes,"{""count_fp"":""7.00"",""created_time"":""2026-04-28T00:45:11.028898Z"",""no_price_dollars"":""0.4500"",""taker_side"":""yes"",""ticker"":""KXBTC15M-26APR272100-00"",""trade_id"":""7f954bba-57e7-6408-7c21-17e2e0d1271a"",""yes_price_dollars"":""0.5500""}"
KXBTC15M-26APR272100-00,e1af78fe-03f9-7731-32f3-516b64a874b0,1777337112,0.54,0.02,yes,"{""count_fp"":""0.02"",""created_time"":""2026-04-28T00:45:12.788153Z"",""no_price_dollars"":""0.4600"",""taker_side"":""yes"",""ticker"":""KXBTC15M-26APR272100-00"",""trade_id"":""e1af78fe-03f9-7731-32f3-516b64a874b0"",""yes_price_dollars"":""0.5400""}"
KXBTC15M-26APR272100-00,95ddd2f0-e760-7b76-0df7-6f1cda79f885,1777337112,0.53,3.0,yes,"{""count_fp"":""3.00"",""created_time"":""2026-04-28T00:45:12.788153Z"",""no_price_dollars"":""0.4700"",""taker_side"":""yes"",""ticker"":""KXBTC15M-26APR272100-00"",""trade_id"":""95ddd2f0-e760-7b76-0df7-6f1cda79f885"",""yes_price_dollars"":""0.5300""}"
KXBTC15M-26APR272100-00,168c5f10-eb39-77af-1a43-8b38bd6a7d31,1777337112,0.52,15.14,yes,"{""count_fp"":""15.14"",""created_time"":""2026-04-28T00:45:12.788153Z"",""no_price_dollars"":""0.4800"",""taker_side"":""yes"",""ticker"":""KXBTC15M-26APR272100-00"",""trade_id"":""168c5f10-eb39-77af-1a43-8b38bd6a7d31"",""yes_price_dollars"":""0.5200""}"
KXBTC15M-26APR272100-00,bc34151d-cf75-581b-f549-7ad1685aa98d,1777337112,0.52,1.86,yes,"{""count_fp"":""1.86"",""created_time"":""2026-04-28T00:45:12.324748Z"",""no_price_dollars"":""0.4800"",""taker_side"":""yes"",""ticker"":""KXBTC15M-26APR272100-00"",""trade_id"":""bc34151d-cf75-581b-f549-7ad1685aa98d"",""yes_price_dollars"":""0.5200""}"
KXBTC15M-26APR272100-00,d443c70b-a609-62d3-1f10-c7a598a02a6e,1777337114,0.52,3.0,yes,"{""count_fp"":""3.00"",""created_time"":""2026-04-28T00:45:14.363403Z"",""no_price_dollars"":""0.4800"",""taker_side"":""yes"",""ticker"":""KXBTC15M-26APR272100-00"",""trade_id"":""d443c70b-a609-62d3-1f10-c7a598a02a6e"",""yes_price_dollars"":""0.5200""}"
KXBTC15M-26APR272100-00,55b0095e-6cfa-6570-3e13-488a4cb2a212,1777337114,0.54,5.61,yes,"{""count_fp"":""5.61"",""created_time"":""2026-04-28T00:45:14.363403Z"",""no_price_dollars"":""0.4600"",""taker_side"":""yes"",""ticker"":""KXBTC15M-26APR272100-00"",""trade_id"":""55b0095e-6cfa-6570-3e13-488a4cb2a212"",""yes_price_dollars"":""0.5400""}"
KXBTC15M-26APR272100-00,23a5fa61-a756-6317-2fb3-e9c2a0646f8c,1777337114,0.53,18.0,yes,"{""count_fp"":""18.00"",""created_time"":""2026-04-28T00:45:14.363403Z"",""no_price_dollars"":""0.4700"",""taker_side"":""yes"",""ticker"":""KXBTC15M-26APR272100-00"",""trade_id"":""23a5fa61-a756-6317-2fb3-e9c2a0646f8c"",""yes_price_dollars"":""0.5300""}"
KXBTC15M-26APR272100-00,f1405a07-7cda-4d80-ec44-38dff9b32ffb,1777337114,0.51,6.5,no,"{""count_fp"":""6.50"",""created_time"":""2026-04-28T00:45:14.159901Z"",""no_price_dollars"":""0.4900"",""taker_side"":""no"",""ticker"":""KXBTC15M-26APR272100-00"",""trade_id"":""f1405a07-7cda-4d80-ec44-38dff9b32ffb"",""yes_price_dollars"":""0.5100""}"
KXBTC15M-26APR272100-00,c085f076-07f7-48b0-cec6-6ebcb2da3cd6,1777337114,0.51,13.0,no,"{""count_fp"":""13.00"",""created_time"":""2026-04-28T00:45:14.159901Z"",""no_price_dollars"":""0.4900"",""taker_side"":""no"",""ticker"":""KXBTC15M-26APR272100-00"",""trade_id"":""c085f076-07f7-48b0-cec6-6ebcb2da3cd6"",""yes_price_dollars"":""0.5100""}"
KXBTC15M-26APR272100-00,d3658860-0f26-5cf4-56e7-f1ddf814748b,1777337115,0.51,3.0,no,"{""count_fp"":""3.00"",""created_time"":""2026-04-28T00:45:15.023071Z"",""no_price_dollars"":""0.4900"",""taker_side"":""no"",""ticker"":""KXBTC15M-26APR272100-00"",""trade_id"":""d3658860-0f26-5cf4-56e7-f1ddf814748b"",""yes_price_dollars"":""0.5100""}"
KXBTC15M-26APR272100-00,eda05276-5b77-64b5-c985-3145b96cabd3,1777337116,0.52,30.1,yes,"{""count_fp"":""30.10"",""created_time"":""2026-04-28T00:45:16.926863Z"",""no_price_dollars"":""0.4800"",""taker_side"":""yes"",""ticker"":""KXBTC15M-26APR272100-00"",""trade_id"":""eda05276-5b77-64b5-c985-3145b96cabd3"",""yes_price_dollars"":""0.5200""}"
KXBTC15M-26APR272100-00,c1442ad9-7e13-4499-29c3-716ec198f17f,1777337116,0.52,3.62,yes,"{""count_fp"":""3.62"",""created_time"":""2026-04-28T00:45:16.720797Z"",""no_price_dollars"":""0.4800"",""taker_side"":""yes"",""ticker"":""KXBTC15M-26APR272100-00"",""trade_id"":""c1442ad9-7e13-4499-29c3-716ec198f17f"",""yes_price_dollars"":""0.5200""}"
KXBTC15M-26APR272100-00,8c613fa6-ac1b-4845-0ed6-55d8c64f386b,1777337116,0.52,12.48,yes,"{""count_fp"":""12.48"",""created_time"":""2026-04-28T00:45:16.519647Z"",""no_price_dollars"":""0.4800"",""taker_side"":""yes"",""ticker"":""KXBTC15M-26APR272100-00"",""trade_id"":""8c613fa6-ac1b-4845-0ed6-55d8c64f386b"",""yes_price_dollars"":""0.5200""}"
KXBTC15M-26APR272100-00,ee83e710-aebc-67d7-4930-61e738b5cf1e,1777337116,0.5,400.0,no,"{""count_fp"":""400.00"",""created_time"":""2026-04-28T00:45:16.186916Z"",""no_price_dollars"":""0.5000"",""taker_side"":""no"",""ticker"":""KXBTC15M-26APR272100-00"",""trade_id"":""ee83e710-aebc-67d7-4930-61e738b5cf1e"",""yes_price_dollars"":""0.5000""}"
KXBTC15M-26APR272100-00,ee5e6fec-e755-68bc-5805-6348b12b40f5,1777337116,0.5,100.0,no,"{""count_fp"":""100.00"",""created_time"":""2026-04-28T00:45:16.186916Z"",""no_price_dollars"":""0.5000"",""taker_side"":""no"",""ticker"":""KXBTC15M-26APR272100-00"",""trade_id"":""ee5e6fec-e755-68bc-5805-6348b12b40f5"",""yes_price_dollars"":""0.5000""}"
KXBTC15M-26APR272100-00,eb2f39db-a92a-635f-5ac4-c1b07aa7ed0b,1777337116,0.51,117.0,no,"{""count_fp"":""117.00"",""created_time"":""2026-04-28T00:45:16.186916Z"",""no_price_dollars"":""0.4900"",""taker_side"":""no"",""ticker"":""KXBTC15M-26APR272100-00"",""trade_id"":""eb2f39db-a92a-635f-5ac4-c1b07aa7ed0b"",""yes_price_dollars"":""0.5100""}"
KXBTC15M-26APR272100-00,eb179933-37b3-69a4-439c-0b92f9458b3c,1777337116,0.5,10.0,no,"{""count_fp"":""10.00"",""created_time"":""2026-04-28T00:45:16.186916Z"",""no_price_dollars"":""0.5000"",""taker_side"":""no"",""ticker"":""KXBTC15M-26APR272100-00"",""trade_id"":""eb179933-37b3-69a4-439c-0b92f9458b3c"",""yes_price_dollars"":""0.5000""}"
KXBTC15M-26APR272100-00,d55b93d9-6119-6e82-4d61-02e84cce65a5,1777337116,0.48,2.0,no,"{""count_fp"":""2.00"",""created_time"":""2026-04-28T00:45:16.186916Z"",""no_price_dollars"":""0.5200"",""taker_side"":""no"",""ticker"":""KXBTC15M-26APR272100-00"",""trade_id"":""d55b93d9-6119-6e82-4d61-02e84cce65a5"",""yes_price_dollars"":""0.4800""}"
KXBTC15M-26APR272100-00,cfa7790e-cfec-6b76-63f8-534fd008f88d,1777337116,0.51,3.0,no,"{""count_fp"":""3.00"",""created_time"":""2026-04-28T00:45:16.186916Z"",""no_price_dollars"":""0.4900"",""taker_side"":""no"",""ticker"":""KXBTC15M-26APR272100-00"",""trade_id"":""cfa7790e-cfec-6b76-63f8-534fd008f88d"",""yes_price_dollars"":""0.5100""}"
KXBTC15M-26APR272100-00,b9536db7-248a-68e2-7128-ce65ddcfea0f,1777337116,0.48,2.0,no,"{""count_fp"":""2.00"",""created_time"":""2026-04-28T00:45:16.186916Z"",""no_price_dollars"":""0.5200"",""taker_side"":""no"",""ticker"":""KXBTC15M-26APR272100-00"",""trade_id"":""b9536db7-248a-68e2-7128-ce65ddcfea0f"",""yes_price_dollars"":""0.4800""}"
KXBTC15M-26APR272100-00,aeaaea5b-317f-64ee-7170-d9a456cae086,1777337116,0.46,26.29,no,"{""count_fp"":""26.29"",""created_time"":""2026-04-28T00:45:16.186916Z"",""no_price_dollars"":""0.5400"",""taker_side"":""no"",""ticker"":""KXBTC15M-26APR272100-00"",""trade_id"":""aeaaea5b-317f-64ee-7170-d9a456cae086"",""yes_price_dollars"":""0.4600""}"
KXBTC15M-26APR272100-00,8fe2f0ce-ffc2-68c4-59c9-3c650ff87bcf,1777337116,0.48,65.0,no,"{""count_fp"":""65.00"",""created_time"":""2026-04-28T00:45:16.186916Z"",""no_price_dollars"":""0.5200"",""taker_side"":""no"",""ticker"":""KXBTC15M-26APR272100-00"",""trade_id"":""8fe2f0ce-ffc2-68c4-59c9-3c650ff87bcf"",""yes_price_dollars"":""0.4800""}"
KXBTC15M-26APR272100-00,7d51c7ee-1c5e-61d4-5d37-bf47b5d89cc7,1777337116,0.51,46.5,no,"{""count_fp"":""46.50"",""created_time"":""2026-04-28T00:45:16.186916Z"",""no_price_dollars"":""0.4900"",""taker_side"":""no"",""ticker"":""KXBTC15M-26APR272100-00"",""trade_id"":""7d51c7ee-1c5e-61d4-5d37-bf47b5d89cc7"",""yes_price_dollars"":""0.5100""}"
KXBTC15M-26APR272100-00,6fb4a86d-64af-6491-59a0-7b84dede23bf,1777337116,0.51,17.0,no,"{""count_fp"":""17.00"",""created_time"":""2026-04-28T00:45:16.186916Z"",""no_price_dollars"":""0.4900"",""taker_side"":""no"",""ticker"":""KXBTC15M-26APR272100-00"",""trade_id"":""6fb4a86d-64af-6491-59a0-7b84dede23bf"",""yes_price_dollars"":""0.5100""}"
KXBTC15M-26APR272100-00,6d597057-ba16-6892-59fe-ffb45299cb07,1777337116,0.5,100.0,no,"{""count_fp"":""100.00"",""created_time"":""2026-04-28T00:45:16.186916Z"",""no_price_dollars"":""0.5000"",""taker_side"":""no"",""ticker"":""KXBTC15M-26APR272100-00"",""trade_id"":""6d597057-ba16-6892-59fe-ffb45299cb07"",""yes_price_dollars"":""0.5000""}"
KXBTC15M-26APR272100-00,677063e7-d2f5-675e-75a4-800f16459765,1777337116,0.5,10.0,no,"{""count_fp"":""10.00"",""created_time"":""2026-04-28T00:45:16.186916Z"",""no_price_dollars"":""0.5000"",""taker_side"":""no"",""ticker"":""KXBTC15M-26APR272100-00"",""trade_id"":""677063e7-d2f5-675e-75a4-800f16459765"",""yes_price_dollars"":""0.5000""}"
KXBTC15M-26APR272100-00,462ea2fb-95cc-6d26-4b19-805894f40b0b,1777337116,0.49,2.0,no,"{""count_fp"":""2.00"",""created_time"":""2026-04-28T00:45:16.186916Z"",""no_price_dollars"":""0.5100"",""taker_side"":""no"",""ticker"":""KXBTC15M-26APR272100-00"",""trade_id"":""462ea2fb-95cc-6d26-4b19-805894f40b0b"",""yes_price_dollars"":""0.4900""}"
KXBTC15M-26APR272100-00,2756631c-2cde-674b-76f9-6ae338ddc807,1777337116,0.5,51.0,no,"{""count_fp"":""51.00"",""created_time"":""2026-04-28T00:45:16.186916Z"",""no_price_dollars"":""0.5000"",""taker_side"":""no"",""ticker"":""KXBTC15M-26APR272100-00"",""trade_id"":""2756631c-2cde-674b-76f9-6ae338ddc807"",""yes_price_dollars"":""0.5000""}"
KXBTC15M-26APR272100-00,bf6a7b29-7183-6939-1b6a-4bbe431aed8b,1777337117,0.52,18.59,yes,"{""count_fp"":""18.59"",""created_time"":""2026-04-28T00:45:17.674285Z"",""no_price_dollars"":""0.4800"",""taker_side"":""yes"",""ticker"":""KXBTC15M-26APR272100-00"",""trade_id"":""bf6a7b29-7183-6939-1b6a-4bbe431aed8b"",""yes_price_dollars"":""0.5200""}"
KXBTC15M-26APR272100-00,fbec8161-6d8f-4e19-d545-2b84288ced77,1777337117,0.52,1.0,yes,"{""count_fp"":""1.00"",""created_time"":""2026-04-28T00:45:17.513411Z"",""no_price_dollars"":""0.4800"",""taker_side"":""yes"",""ticker"":""KXBTC15M-26APR272100-00"",""trade_id"":""fbec8161-6d8f-4e19-d545-2b84288ced77"",""yes_price_dollars"":""0.5200""}"
KXBTC15M-26APR272100-00,ca7d6dee-074b-5981-019b-59393fbd1ba6,1777337117,0.51,11.33,no,"{""count_fp"":""11.33"",""created_time"":""2026-04-28T00:45:17.497152Z"",""no_price_dollars"":""0.4900"",""taker_side"":""no"",""ticker"":""KXBTC15M-26APR272100-00"",""trade_id"":""ca7d6dee-074b-5981-019b-59393fbd1ba6"",""yes_price_dollars"":""0.5100""}"
KXBTC15M-26APR272100-00,bf90f57f-4286-5a25-1060-5b48b0081a30,1777337117,0.51,3.0,no,"{""count_fp"":""3.00"",""created_time"":""2026-04-28T00:45:17.497152Z"",""no_price_dollars"":""0.4900"",""taker_side"":""no"",""ticker"":""KXBTC15M-26APR272100-00"",""trade_id"":""bf90f57f-4286-5a25-1060-5b48b0081a30"",""yes_price_dollars"":""0.5100""}"
KXBTC15M-26APR272100-00,95f547f4-ca37-58a4-1ca4-21580a640857,1777337117,0.5,25.67,no,"{""count_fp"":""25.67"",""created_time"":""2026-04-28T00:45:17.497152Z"",""no_price_dollars"":""0.5000"",""taker_side"":""no"",""ticker"":""KXBTC15M-26APR272100-00"",""trade_id"":""95f547f4-ca37-58a4-1ca4-21580a640857"",""yes_price_dollars"":""0.5000""}"
KXBTC15M-26APR272100-00,21a3bedc-266b-467d-140c-f57c0e15963b,1777337118,0.52,21.41,yes,"{""count_fp"":""21.41"",""created_time"":""2026-04-28T00:45:18.659418Z"",""no_price_dollars"":""0.4800"",""taker_side"":""yes"",""ticker"":""KXBTC15M-26APR272100-00"",""trade_id"":""21a3bedc-266b-467d-140c-f57c0e15963b"",""yes_price_dollars"":""0.5200""}"
KXBTC15M-26APR272100-00,15a687a4-6a4a-5cfb-55ca-953a75319418,1777337118,0.51,0.7,no,"{""count_fp"":""0.70"",""created_time"":""2026-04-28T00:45:18.548022Z"",""no_price_dollars"":""0.4900"",""taker_side"":""no"",""ticker"":""KXBTC15M-26APR272100-00"",""trade_id"":""15a687a4-6a4a-5cfb-55ca-953a75319418"",""yes_price_dollars"":""0.5100""}"
KXBTC15M-26APR272100-00,393f53c1-2b16-6687-29c5-8fc8f2e69e18,1777337118,0.51,1.91,no,"{""count_fp"":""1.91"",""created_time"":""2026-04-28T00:45:18.544782Z"",""no_price_dollars"":""0.4900"",""taker_side"":""no"",""ticker"":""KXBTC15M-26APR272100-00"",""trade_id"":""393f53c1-2b16-6687-29c5-8fc8f2e69e18"",""yes_price_dollars"":""0.5100""}"
KXBTC15M-26APR272100-00,f2888491-aad6-5ba7-42e1-74c022a482d4,1777337118,0.51,15.7,no,"{""count_fp"":""15.70"",""created_time"":""2026-04-28T00:45:18.203098Z"",""no_price_dollars"":""0.4900"",""taker_side"":""no"",""ticker"":""KXBTC15M-26APR272100-00"",""trade_id"":""f2888491-aad6-5ba7-42e1-74c022a482d4"",""yes_price_dollars"":""0.5100""}"
KXBTC15M-26APR272100-00,9b6c986c-5974-5095-47b0-dbc493b43b15,1777337118,0.51,3.0,no,"{""count_fp"":""3.00"",""created_time"":""2026-04-28T00:45:18.203098Z"",""no_price_dollars"":""0.4900"",""taker_side"":""no"",""ticker"":""KXBTC15M-26APR272100-00"",""trade_id"":""9b6c986c-5974-5095-47b0-dbc493b43b15"",""yes_price_dollars"":""0.5100""}"
KXBTC15M-26APR272100-00,d818b2ff-9a2d-61db-a13b-f12441283c92,1777337119,0.53,12.0,yes,"{""count_fp"":""12.00"",""created_time"":""2026-04-28T00:45:19.126192Z"",""no_price_dollars"":""0.4700"",""taker_side"":""yes"",""ticker"":""KXBTC15M-26APR272100-00"",""trade_id"":""d818b2ff-9a2d-61db-a13b-f12441283c92"",""yes_price_dollars"":""0.5300""}"
KXBTC15M-26APR272100-00,d1b33a4b-2783-668d-9c4a-9ff5b647e94b,1777337119,0.52,19.0,yes,"{""count_fp"":""19.00"",""created_time"":""2026-04-28T00:45:19.126192Z"",""no_price_dollars"":""0.4800"",""taker_side"":""yes"",""ticker"":""KXBTC15M-26APR272100-00"",""trade_id"":""d1b33a4b-2783-668d-9c4a-9ff5b647e94b"",""yes_price_dollars"":""0.5200""}"
KXBTC15M-26APR272100-00,b7bbc72b-7cbd-656b-a475-aff5ad9d7625,1777337119,0.53,3.0,yes,"{""count_fp"":""3.00"",""created_time"":""2026-04-28T00:45:19.126192Z"",""no_price_dollars"":""0.4700"",""taker_side"":""yes"",""ticker"":""KXBTC15M-26APR272100-00"",""trade_id"":""b7bbc72b-7cbd-656b-a475-aff5ad9d7625"",""yes_price_dollars"":""0.5300""}"
KXBTC15M-26APR272100-00,2f93b4b0-7bc4-64b9-95a4-7df965b4d701,1777337119,0.55,1.92,yes,"{""count_fp"":""1.92"",""created_time"":""2026-04-28T00:45:19.126192Z"",""no_price_dollars"":""0.4500"",""taker_side"":""yes"",""ticker"":""KXBTC15M-26APR272100-00"",""trade_id"":""2f93b4b0-7bc4-64b9-95a4-7df965b4d701"",""yes_price_dollars"":""0.5500""}"
KXBTC15M-26APR272100-00,96965c8e-6c2e-41e7-d58c-18372ac06f02,1777337120,0.54,0.17,yes,"{""count_fp"":""0.17"",""created_time"":""2026-04-28T00:45:20.839088Z"",""no_price_dollars"":""0.4600"",""taker_side"":""yes"",""ticker"":""KXBTC15M-26APR272100-00"",""trade_id"":""96965c8e-6c2e-41e7-d58c-18372ac06f02"",""yes_price_dollars"":""0.5400""}"
KXBTC15M-26APR272100-00,660fdb71-dcc4-7932-802c-993835a9ac4a,1777337120,0.52,7.0,no,"{""count_fp"":""7.00"",""created_time"":""2026-04-28T00:45:20.525133Z"",""no_price_dollars"":""0.4800"",""taker_side"":""no"",""ticker"":""KXBTC15M-26APR272100-00"",""trade_id"":""660fdb71-dcc4-7932-802c-993835a9ac4a"",""yes_price_dollars"":""0.5200""}"
KXBTC15M-26APR272100-00,37002637-115c-759a-b685-e39fea340fef,1777337120,0.52,0.88,no,"{""count_fp"":""0.88"",""created_time"":""2026-04-28T00:45:20.525133Z"",""no_price_dollars"":""0.4800"",""taker_side"":""no"",""ticker"":""KXBTC15M-26APR272100-00"",""trade_id"":""37002637-115c-759a-b685-e39fea340fef"",""yes_price_dollars"":""0.5200""}"
KXBTC15M-26APR272100-00,7b9dd012-b4c6-7ef7-b396-a03eb10b9db8,1777337120,0.53,5.66,no,"{""count_fp"":""5.66"",""created_time"":""2026-04-28T00:45:20.447913Z"",""no_price_dollars"":""0.4700"",""taker_side"":""no"",""ticker"":""KXBTC15M-26APR272100-00"",""trade_id"":""7b9dd012-b4c6-7ef7-b396-a03eb10b9db8"",""yes_price_dollars"":""0.5300""}"
KXBTC15M-26APR272100-00,57ec3a9c-d93f-72ce-99bf-42c2954c3e66,1777337120,0.53,4.0,no,"{""count_fp"":""4.00"",""created_time"":""2026-04-28T00:45:20.447913Z"",""no_price_dollars"":""0.4700"",""taker_side"":""no"",""ticker"":""KXBTC15M-26APR272100-00"",""trade_id"":""57ec3a9c-d93f-72ce-99bf-42c2954c3e66"",""yes_price_dollars"":""0.5300""}"
KXBTC15M-26APR272100-00,9f92e1b5-26e3-7d62-f093-f240c91af8f6,1777337120,0.53,3.0,yes,"{""count_fp"":""3.00"",""created_time"":""2026-04-28T00:45:20.184959Z"",""no_price_dollars"":""0.4700"",""taker_side"":""yes"",""ticker"":""KXBTC15M-26APR272100-00"",""trade_id"":""9f92e1b5-26e3-7d62-f093-f240c91af8f6"",""yes_price_dollars"":""0.5300""}"
KXBTC15M-26APR272100-00,a7d9d57b-6961-5332-d2f2-f6af667a7743,1777337121,0.54,1.96,yes,"{""count_fp"":""1.96"",""created_time"":""2026-04-28T00:45:21.967696Z"",""no_price_dollars"":""0.4600"",""taker_side"":""yes"",""ticker"":""KXBTC15M-26APR272100-00"",""trade_id"":""a7d9d57b-6961-5332-d2f2-f6af667a7743"",""yes_price_dollars"":""0.5400""}"
KXBTC15M-26APR272100-00,4795f6d9-e655-55a9-ca7e-8c664a569278,1777337121,0.53,24.99,yes,"{""count_fp"":""24.99"",""created_time"":""2026-04-28T00:45:21.967696Z"",""no_price_dollars"":""0.4700"",""taker_side"":""yes"",""ticker"":""KXBTC15M-26APR272100-00"",""trade_id"":""4795f6d9-e655-55a9-ca7e-8c664a569278"",""yes_price_dollars"":""0.5300""}"
KXBTC15M-26APR272100-00,30c4206e-1395-6f89-dc98-82b5cebbda68,1777337121,0.53,9.01,yes,"{""count_fp"":""9.01"",""created_time"":""2026-04-28T00:45:21.909656Z"",""no_price_dollars"":""0.4700"",""taker_side"":""yes"",""ticker"":""KXBTC15M-26APR272100-00"",""trade_id"":""30c4206e-1395-6f89-dc98-82b5cebbda68"",""yes_price_dollars"":""0.5300""}"
KXBTC15M-26APR272100-00,aed601a7-4108-7960-cded-8b26780e2a22,1777337121,0.52,3.0,no,"{""count_fp"":""3.00"",""created_time"":""2026-04-28T00:45:21.885825Z"",""no_price_dollars"":""0.4800"",""taker_side"":""no"",""ticker"":""KXBTC15M-26APR272100-00"",""trade_id"":""aed601a7-4108-7960-cded-8b26780e2a22"",""yes_price_dollars"":""0.5200""}"
KXBTC15M-26APR272100-00,3a893188-77ae-79b7-d9f6-ffb7f9f35ac4,1777337121,0.52,17.1,no,"{""count_fp"":""17.10"",""created_time"":""2026-04-28T00:45:21.885825Z"",""no_price_dollars"":""0.4800"",""taker_side"":""no"",""ticker"":""KXBTC15M-26APR272100-00"",""trade_id"":""3a893188-77ae-79b7-d9f6-ffb7f9f35ac4"",""yes_price_dollars"":""0.5200""}"
KXBTC15M-26APR272100-00,efbc7bbb-01bc-7496-82bc-4940e666252d,1777337121,0.52,3.0,no,"{""count_fp"":""3.00"",""created_time"":""2026-04-28T00:45:21.669676Z"",""no_price_dollars"":""0.4800"",""taker_side"":""no"",""ticker"":""KXBTC15M-26APR272100-00"",""trade_id"":""efbc7bbb-01bc-7496-82bc-4940e666252d"",""yes_price_dollars"":""0.5200""}"
KXBTC15M-26APR272100-00,c7770e0c-7916-7bd3-b9d7-4ac9691bba94,1777337121,0.52,2.0,no,"{""count_fp"":""2.00"",""created_time"":""2026-04-28T00:45:21.669676Z"",""no_price_dollars"":""0.4800"",""taker_side"":""no"",""ticker"":""KXBTC15M-26APR272100-00"",""trade_id"":""c7770e0c-7916-7bd3-b9d7-4ac9691bba94"",""yes_price_dollars"":""0.5200""}"
KXBTC15M-26APR272100-00,939ed45e-3278-536d-f76f-480663cc96c6,1777337121,0.54,3.0,yes,"{""count_fp"":""3.00"",""created_time"":""2026-04-28T00:45:21.627635Z"",""no_price_dollars"":""0.4600"",""taker_side"":""yes"",""ticker"":""KXBTC15M-26APR272100-00"",""trade_id"":""939ed45e-3278-536d-f76f-480663cc96c6"",""yes_price_dollars"":""0.5400""}"
KXBTC15M-26APR272100-00,32886f2d-4379-5cb2-d3f5-cbba6396d6ff,1777337121,0.54,48.01,yes,"{""count_fp"":""48.01"",""created_time"":""2026-04-28T00:45:21.627635Z"",""no_price_dollars"":""0.4600"",""taker_side"":""yes"",""ticker"":""KXBTC15M-26APR272100-00"",""trade_id"":""32886f2d-4379-5cb2-d3f5-cbba6396d6ff"",""yes_price_dollars"":""0.5400""}"
KXBTC15M-26APR272100-00,af6e2bc0-5f6e-76db-5fbf-4c88c4aa55ac,1777337121,0.53,16.1,no,"{""count_fp"":""16.10"",""created_time"":""2026-04-28T00:45:21.515559Z"",""no_price_dollars"":""0.4700"",""taker_side"":""no"",""ticker"":""KXBTC15M-26APR272100-00"",""trade_id"":""af6e2bc0-5f6e-76db-5fbf-4c88c4aa55ac"",""yes_price_dollars"":""0.5300""}"
KXBTC15M-26APR272100-00,29a65380-72c4-7e10-5482-6340bd25042c,1777337121,0.53,4.0,no,"{""count_fp"":""4.00"",""created_time"":""2026-04-28T00:45:21.515559Z"",""no_price_dollars"":""0.4700"",""taker_side"":""no"",""ticker"":""KXBTC15M-26APR272100-00"",""trade_id"":""29a65380-72c4-7e10-5482-6340bd25042c"",""yes_price_dollars"":""0.5300""}"
KXBTC15M-26APR272100-00,d5b72617-ac84-4803-bd25-0452ef8f846c,1777337121,0.54,5.0,yes,"{""count_fp"":""5.00"",""created_time"":""2026-04-28T00:45:21.451135Z"",""no_price_dollars"":""0.4600"",""taker_side"":""yes"",""ticker"":""KXBTC15M-26APR272100-00"",""trade_id"":""d5b72617-ac84-4803-bd25-0452ef8f846c"",""yes_price_dollars"":""0.5400""}"
KXBTC15M-26APR272100-00,c29f38a9-c4c8-4999-bfbb-be513ebf928d,1777337121,0.55,6.08,yes,"{""count_fp"":""6.08"",""created_time"":""2026-04-28T00:45:21.451135Z"",""no_price_dollars"":""0.4500"",""taker_side"":""yes"",""ticker"":""KXBTC15M-26APR272100-00"",""trade_id"":""c29f38a9-c4c8-4999-bfbb-be513ebf928d"",""yes_price_dollars"":""0.5500""}"
KXBTC15M-26APR272100-00,ae5b927f-765d-4284-a6c9-52761145429d,1777337121,0.55,18.96,yes,"{""count_fp"":""18.96"",""created_time"":""2026-04-28T00:45:21.451135Z"",""no_price_dollars"":""0.4500"",""taker_side"":""yes"",""ticker"":""KXBTC15M-26APR272100-00"",""trade_id"":""ae5b927f-765d-4284-a6c9-52761145429d"",""yes_price_dollars"":""0.5500""}"
KXBTC15M-26APR272100-00,696b522e-d186-49a5-8468-be54a617c307,1777337121,0.54,3.0,yes,"{""count_fp"":""3.00"",""created_time"":""2026-04-28T00:45:21.451135Z"",""no_price_dollars"":""0.4600"",""taker_side"":""yes"",""ticker"":""KXBTC15M-26APR272100-00"",""trade_id"":""696b522e-d186-49a5-8468-be54a617c307"",""yes_price_dollars"":""0.5400""}"
KXBTC15M-26APR272100-00,5de6e52f-3b2b-45e7-af1c-9711f59d1cdb,1777337121,0.54,13.71,yes,"{""count_fp"":""13.71"",""created_time"":""2026-04-28T00:45:21.451135Z"",""no_price_dollars"":""0.4600"",""taker_side"":""yes"",""ticker"":""KXBTC15M-26APR272100-00"",""trade_id"":""5de6e52f-3b2b-45e7-af1c-9711f59d1cdb"",""yes_price_dollars"":""0.5400""}"
KXBTC15M-26APR272100-00,1a321160-7470-411a-a296-ed429ffc6820,1777337121,0.54,0.88,yes,"{""count_fp"":""0.88"",""created_time"":""2026-04-28T00:45:21.451135Z"",""no_price_dollars"":""0.4600"",""taker_side"":""yes"",""ticker"":""KXBTC15M-26APR272100-00"",""trade_id"":""1a321160-7470-411a-a296-ed429ffc6820"",""yes_price_dollars"":""0.5400""}"
KXBTC15M-26APR272100-00,aff7a573-9b1e-5307-71ef-b6fefea388b8,1777337122,0.52,15.0,no,"{""count_fp"":""15.00"",""created_time"":""2026-04-28T00:45:22.525549Z"",""no_price_dollars"":""0.4800"",""taker_side"":""no"",""ticker"":""KXBTC15M-26APR272100-00"",""trade_id"":""aff7a573-9b1e-5307-71ef-b6fefea388b8"",""yes_price_dollars"":""0.5200""}"
KXBTC15M-26APR272100-00,bd3e7048-3f22-7873-9576-cca963e7bf54,1777337122,0.52,3.0,no,"{""count_fp"":""3.00"",""created_time"":""2026-04-28T00:45:22.432656Z"",""no_price_dollars"":""0.4800"",""taker_side"":""no"",""ticker"":""KXBTC15M-26APR272100-00"",""trade_id"":""bd3e7048-3f22-7873-9576-cca963e7bf54"",""yes_price_dollars"":""0.5200""}"
KXBTC15M-26APR272100-00,f8625b1b-ea10-6746-f3a6-463129416be3,1777337123,0.53,3.97,no,"{""count_fp"":""3.97"",""created_time"":""2026-04-28T00:45:23.785059Z"",""no_price_dollars"":""0.4700"",""taker_side"":""no"",""ticker"":""KXBTC15M-26APR272100-00"",""trade_id"":""f8625b1b-ea10-6746-f3a6-463129416be3"",""yes_price_dollars"":""0.5300""}"
KXBTC15M-26APR272100-00,e446adff-dc1a-6899-d926-95f73454dc1c,1777337123,0.53,4.4,no,"{""count_fp"":""4.40"",""created_time"":""2026-04-28T00:45:23.785059Z"",""no_price_dollars"":""0.4700"",""taker_side"":""no"",""ticker"":""KXBTC15M-26APR272100-00"",""trade_id"":""e446adff-dc1a-6899-d926-95f73454dc1c"",""yes_price_dollars"":""0.5300""}"
KXBTC15M-26APR272100-00,a8961f45-b472-6157-d94c-0584374da698,1777337123,0.53,500.0,no,"{""count_fp"":""500.00"",""created_time"":""2026-04-28T00:45:23.785059Z"",""no_price_dollars"":""0.4700"",""taker_side"":""no"",""ticker"":""KXBTC15M-26APR272100-00"",""trade_id"":""a8961f45-b472-6157-d94c-0584374da698"",""yes_price_dollars"":""0.5300""}"
KXBTC15M-26APR272100-00,6e7e12b2-7f26-6c53-da8b-19fa94a6cfc2,1777337123,0.51,78.83,no,"{""count_fp"":""78.83"",""created_time"":""2026-04-28T00:45:23.785059Z"",""no_price_dollars"":""0.4900"",""taker_side"":""no"",""ticker"":""KXBTC15M-26APR272100-00"",""trade_id"":""6e7e12b2-7f26-6c53-da8b-19fa94a6cfc2"",""yes_price_dollars"":""0.5100""}"
KXBTC15M-26APR272100-00,588a65a5-cf30-6b04-fe63-e66dfbbb9d42,1777337123,0.53,14.0,no,"{""count_fp"":""14.00"",""created_time"":""2026-04-28T00:45:23.785059Z"",""no_price_dollars"":""0.4700"",""taker_side"":""no"",""ticker"":""KXBTC15M-26APR272100-00"",""trade_id"":""588a65a5-cf30-6b04-fe63-e66dfbbb9d42"",""yes_price_dollars"":""0.5300""}"
KXBTC15M-26APR272100-00,81815735-748a-6069-cd1b-b6fa536507f0,1777337123,0.53,0.6,no,"{""count_fp"":""0.60"",""created_time"":""2026-04-28T00:45:23.420637Z"",""no_price_dollars"":""0.4700"",""taker_side"":""no"",""ticker"":""KXBTC15M-26APR272100-00"",""trade_id"":""81815735-748a-6069-cd1b-b6fa536507f0"",""yes_price_dollars"":""0.5300""}"
KXBTC15M-26APR272100-00,8b38b5eb-e7ea-63d8-bc3e-15af6fa70fb2,1777337123,0.55,19.59,yes,"{""count_fp"":""19.59"",""created_time"":""2026-04-28T00:45:23.370511Z"",""no_price_dollars"":""0.4500"",""taker_side"":""yes"",""ticker"":""KXBTC15M-26APR272100-00"",""trade_id"":""8b38b5eb-e7ea-63d8-bc3e-15af6fa70fb2"",""yes_price_dollars"":""0.5500""}"
KXBTC15M-26APR272100-00,4e182cb3-a26e-67ea-a734-9bfc947d24d3,1777337123,0.55,10.0,yes,"{""count_fp"":""10.00"",""created_time"":""2026-04-28T00:45:23.370511Z"",""no_price_dollars"":""0.4500"",""taker_side"":""yes"",""ticker"":""KXBTC15M-26APR272100-00"",""trade_id"":""4e182cb3-a26e-67ea-a734-9bfc947d24d3"",""yes_price_dollars"":""0.5500""}"
KXBTC15M-26APR272100-00,168a4753-78b5-6760-aa1d-9c10940a3bb5,1777337123,0.55,3.24,yes,"{""count_fp"":""3.24"",""created_time"":""2026-04-28T00:45:23.370511Z"",""no_price_dollars"":""0.4500"",""taker_side"":""yes"",""ticker"":""KXBTC15M-26APR272100-00"",""trade_id"":""168a4753-78b5-6760-aa1d-9c10940a3bb5"",""yes_price_dollars"":""0.5500""}"
KXBTC15M-26APR272100-00,fc1e9d13-5504-7fe0-b965-02db51bb7fe3,1777337123,0.54,3.0,yes,"{""count_fp"":""3.00"",""created_time"":""2026-04-28T00:45:23.353632Z"",""no_price_dollars"":""0.4600"",""taker_side"":""yes"",""ticker"":""KXBTC15M-26APR272100-00"",""trade_id"":""fc1e9d13-5504-7fe0-b965-02db51bb7fe3"",""yes_price_dollars"":""0.5400""}"
KXBTC15M-26APR272100-00,8ced1c07-7e8d-7398-92ec-d4224c56a4c9,1777337123,0.55,16.5,yes,"{""count_fp"":""16.50"",""created_time"":""2026-04-28T00:45:23.353632Z"",""no_price_dollars"":""0.4500"",""taker_side"":""yes"",""ticker"":""KXBTC15M-26APR272100-00"",""trade_id"":""8ced1c07-7e8d-7398-92ec-d4224c56a4c9"",""yes_price_dollars"":""0.5500""}"
KXBTC15M-26APR272100-00,76fa54ee-a3f0-66a1-14c4-2f2348780e19,1777337123,0.54,5.0,yes,"{""count_fp"":""5.00"",""created_time"":""2026-04-28T00:45:23.087107Z"",""no_price_dollars"":""0.4600"",""taker_side"":""yes"",""ticker"":""KXBTC15M-26APR272100-00"",""trade_id"":""76fa54ee-a3f0-66a1-14c4-2f2348780e19"",""yes_price_dollars"":""0.5400""}"
KXBTC15M-26APR272100-00,082627b4-1882-673c-0273-4da5d0ffb9fa,1777337123,0.54,3.97,yes,"{""count_fp"":""3.97"",""created_time"":""2026-04-28T00:45:23.087107Z"",""no_price_dollars"":""0.4600"",""taker_side"":""yes"",""ticker"":""KXBTC15M-26APR272100-00"",""trade_id"":""082627b4-1882-673c-0273-4da5d0ffb9fa"",""yes_price_dollars"":""0.5400""}"
KXBTC15M-26APR272100-00,ddc89029-effb-5908-7c0b-93bb4202c6d3,1777337124,0.54,1.0,yes,"{""count_fp"":""1.00"",""created_time"":""2026-04-28T00:45:24.887969Z"",""no_price_dollars"":""0.4600"",""taker_side"":""yes"",""ticker"":""KXBTC15M-26APR272100-00"",""trade_id"":""ddc89029-effb-5908-7c0b-93bb4202c6d3"",""yes_price_dollars"":""0.5400""}"
KXBTC15M-26APR272100-00,5db55033-2546-5014-5bbc-611eab3d78ca,1777337124,0.55,3.0,yes,"{""count_fp"":""3.00"",""created_time"":""2026-04-28T00:45:24.887969Z"",""no_price_dollars"":""0.4500"",""taker_side"":""yes"",""ticker"":""KXBTC15M-26APR272100-00"",""trade_id"":""5db55033-2546-5014-5bbc-611eab3d78ca"",""yes_price_dollars"":""0.5500""}"
KXBTC15M-26APR272100-00,54e4df89-4aae-589e-4685-509e10fba4a3,1777337124,0.55,10.0,yes,"{""count_fp"":""10.00"",""created_time"":""2026-04-28T00:45:24.887969Z"",""no_price_dollars"":""0.4500"",""taker_side"":""yes"",""ticker"":""KXBTC15M-26APR272100-00"",""trade_id"":""54e4df89-4aae-589e-4685-509e10fba4a3"",""yes_price_dollars"":""0.5500""}"
KXBTC15M-26APR272100-00,43b2513b-2ffe-58e5-629c-9661891a8bc2,1777337124,0.55,2.47,yes,"{""count_fp"":""2.47"",""created_time"":""2026-04-28T00:45:24.887969Z"",""no_price_dollars"":""0.4500"",""taker_side"":""yes"",""ticker"":""KXBTC15M-26APR272100-00"",""trade_id"":""43b2513b-2ffe-58e5-629c-9661891a8bc2"",""yes_price_dollars"":""0.5500""}"
KXBTC15M-26APR272100-00,2e5bbe7e-073e-59ed-561a-bd6aedc1e794,1777337124,0.54,10.0,yes,"{""count_fp"":""10.00"",""created_time"":""2026-04-28T00:45:24.887969Z"",""no_price_dollars"":""0.4600"",""taker_side"":""yes"",""ticker"":""KXBTC15M-26APR272100-00"",""trade_id"":""2e5bbe7e-073e-59ed-561a-bd6aedc1e794"",""yes_price_dollars"":""0.5400""}"
KXBTC15M-26APR272100-00,4031f7f9-aaf9-4978-7438-5c1398cf2634,1777337124,0.53,3.94,no,"{""count_fp"":""3.94"",""created_time"":""2026-04-28T00:45:24.593822Z"",""no_price_dollars"":""0.4700"",""taker_side"":""no"",""ticker"":""KXBTC15M-26APR272100-00"",""trade_id"":""4031f7f9-aaf9-4978-7438-5c1398cf2634"",""yes_price_dollars"":""0.5300""}"
KXBTC15M-26APR272100-00,8e4cf08f-ec1e-4676-a3c3-ac6ea7b485d9,1777337124,0.55,8.81,yes,"{""count_fp"":""8.81"",""created_time"":""2026-04-28T00:45:24.517697Z"",""no_price_dollars"":""0.4500"",""taker_side"":""yes"",""ticker"":""KXBTC15M-26APR272100-00"",""trade_id"":""8e4cf08f-ec1e-4676-a3c3-ac6ea7b485d9"",""yes_price_dollars"":""0.5500""}"
KXBTC15M-26APR272100-00,f905fd98-a2f3-4c17-2040-da9d3289aaa2,1777337124,0.54,3.0,yes,"{""count_fp"":""3.00"",""created_time"":""2026-04-28T00:45:24.417051Z"",""no_price_dollars"":""0.4600"",""taker_side"":""yes"",""ticker"":""KXBTC15M-26APR272100-00"",""trade_id"":""f905fd98-a2f3-4c17-2040-da9d3289aaa2"",""yes_price_dollars"":""0.5400""}"
KXBTC15M-26APR272100-00,e9178d41-7284-4b73-0665-c8656fa4866f,1777337124,0.56,65.0,yes,"{""count_fp"":""65.00"",""created_time"":""2026-04-28T00:45:24.417051Z"",""no_price_dollars"":""0.4400"",""taker_side"":""yes"",""ticker"":""KXBTC15M-26APR272100-00"",""trade_id"":""e9178d41-7284-4b73-0665-c8656fa4866f"",""yes_price_dollars"":""0.5600""}"
KXBTC15M-26APR272100-00,e33bfa04-ca03-45a4-171c-ae80f4b02da9,1777337124,0.57,2.0,yes,"{""count_fp"":""2.00"",""created_time"":""2026-04-28T00:45:24.417051Z"",""no_price_dollars"":""0.4300"",""taker_side"":""yes"",""ticker"":""KXBTC15M-26APR272100-00"",""trade_id"":""e33bfa04-ca03-45a4-171c-ae80f4b02da9"",""yes_price_dollars"":""0.5700""}"
KXBTC15M-26APR272100-00,c68d60d4-c33a-45cd-2556-fc3eccc7ae4b,1777337124,0.59,5.0,yes,"{""count_fp"":""5.00"",""created_time"":""2026-04-28T00:45:24.417051Z"",""no_price_dollars"":""0.4100"",""taker_side"":""yes"",""ticker"":""KXBTC15M-26APR272100-00"",""trade_id"":""c68d60d4-c33a-45cd-2556-fc3eccc7ae4b"",""yes_price_dollars"":""0.5900""}"
KXBTC15M-26APR272100-00,c28ab176-1e1c-4148-0bcd-5afe302c4b73,1777337124,0.59,2.0,yes,"{""count_fp"":""2.00"",""created_time"":""2026-04-28T00:45:24.417051Z"",""no_price_dollars"":""0.4100"",""taker_side"":""yes"",""ticker"":""KXBTC15M-26APR272100-00"",""trade_id"":""c28ab176-1e1c-4148-0bcd-5afe302c4b73"",""yes_price_dollars"":""0.5900""}"
KXBTC15M-26APR272100-00,bf2b0b25-d5d2-4fe5-1bfa-2de49f93fe83,1777337124,0.55,10.0,yes,"{""count_fp"":""10.00"",""created_time"":""2026-04-28T00:45:24.417051Z"",""no_price_dollars"":""0.4500"",""taker_side"":""yes"",""ticker"":""KXBTC15M-26APR272100-00"",""trade_id"":""bf2b0b25-d5d2-4fe5-1bfa-2de49f93fe83"",""yes_price_dollars"":""0.5500""}"
KXBTC15M-26APR272100-00,b90d9114-157e-493b-16f9-098395473c20,1777337124,0.59,25.0,yes,"{""count_fp"":""25.00"",""created_time"":""2026-04-28T00:45:24.417051Z"",""no_price_dollars"":""0.4100"",""taker_side"":""yes"",""ticker"":""KXBTC15M-26APR272100-00"",""trade_id"":""b90d9114-157e-493b-16f9-098395473c20"",""yes_price_dollars"":""0.5900""}"
KXBTC15M-26APR272100-00,b2db50c9-be86-4d23-2069-a4eb6177cb3f,1777337124,0.57,500.0,yes,"{""count_fp"":""500.00"",""created_time"":""2026-04-28T00:45:24.417051Z"",""no_price_dollars"":""0.4300"",""taker_side"":""yes"",""ticker"":""KXBTC15M-26APR272100-00"",""trade_id"":""b2db50c9-be86-4d23-2069-a4eb6177cb3f"",""yes_price_dollars"":""0.5700""}"
KXBTC15M-26APR272100-00,9ab96e24-3b96-41e9-25dc-222fb0f3c66e,1777337124,0.58,1.0,yes,"{""count_fp"":""1.00"",""created_time"":""2026-04-28T00:45:24.417051Z"",""no_price_dollars"":""0.4200"",""taker_side"":""yes"",""ticker"":""KXBTC15M-26APR272100-00"",""trade_id"":""9ab96e24-3b96-41e9-25dc-222fb0f3c66e"",""yes_price_dollars"":""0.5800""}"
KXBTC15M-26APR272100-00,99ef8d5e-7284-4f1b-34a9-e403c3c5ee1e,1777337124,0.53,16.0,yes,"{""count_fp"":""16.00"",""created_time"":""2026-04-28T00:45:24.417051Z"",""no_price_dollars"":""0.4700"",""taker_side"":""yes"",""ticker"":""KXBTC15M-26APR272100-00"",""trade_id"":""99ef8d5e-7284-4f1b-34a9-e403c3c5ee1e"",""yes_price_dollars"":""0.5300""}"
KXBTC15M-26APR272100-00,9128a288-503e-43b0-1846-856bb14c1bb2,1777337124,0.55,80.41,yes,"{""count_fp"":""80.41"",""created_time"":""2026-04-28T00:45:24.417051Z"",""no_price_dollars"":""0.4500"",""taker_side"":""yes"",""ticker"":""KXBTC15M-26APR272100-00"",""trade_id"":""9128a288-503e-43b0-1846-856bb14c1bb2"",""yes_price_dollars"":""0.5500""}"
KXBTC15M-26APR272100-00,83322b9d-b4c1-4b91-1083-4d91ec4230b4,1777337124,0.59,119.0,yes,"{""count_fp"":""119.00"",""created_time"":""2026-04-28T00:45:24.417051Z"",""no_price_dollars"":""0.4100"",""taker_side"":""yes"",""ticker"":""KXBTC15M-26APR272100-00"",""trade_id"":""83322b9d-b4c1-4b91-1083-4d91ec4230b4"",""yes_price_dollars"":""0.5900""}"
KXBTC15M-26APR272100-00,654d6bbd-02d5-4eba-10ac-ed76d90b27ac,1777337124,0.57,1.0,yes,"{""count_fp"":""1.00"",""created_time"":""2026-04-28T00:45:24.417051Z"",""no_price_dollars"":""0.4300"",""taker_side"":""yes"",""ticker"":""KXBTC15M-26APR272100-00"",""trade_id"":""654d6bbd-02d5-4eba-10ac-ed76d90b27ac"",""yes_price_dollars"":""0.5700""}"
KXBTC15M-26APR272100-00,5f74bb28-6fcb-4962-1317-d7fdba63edb7,1777337124,0.58,2.0,yes,"{""count_fp"":""2.00"",""created_time"":""2026-04-28T00:45:24.417051Z"",""no_price_dollars"":""0.4200"",""taker_side"":""yes"",""ticker"":""KXBTC15M-26APR272100-00"",""trade_id"":""5f74bb28-6fcb-4962-1317-d7fdba63edb7"",""yes_price_dollars"":""0.5800""}"
KXBTC15M-26APR272100-00,5b9720b9-8a79-4c4e-2f2d-728decfe66ef,1777337124,0.55,400.0,yes,"{""count_fp"":""400.00"",""created_time"":""2026-04-28T00:45:24.417051Z"",""no_price_dollars"":""0.4500"",""taker_side"":""yes"",""ticker"":""KXBTC15M-26APR272100-00"",""trade_id"":""5b9720b9-8a79-4c4e-2f2d-728decfe66ef"",""yes_price_dollars"":""0.5500""}"
KXBTC15M-26APR272100-00,580d0e41-bcaf-43a3-1b05-120cc03a3d95,1777337124,0.56,1.0,yes,"{""count_fp"":""1.00"",""created_time"":""2026-04-28T00:45:24.417051Z"",""no_price_dollars"":""0.4400"",""taker_side"":""yes"",""ticker"":""KXBTC15M-26APR272100-00"",""trade_id"":""580d0e41-bcaf-43a3-1b05-120cc03a3d95"",""yes_price_dollars"":""0.5600""}"
KXBTC15M-26APR272100-00,4619a6b2-18d2-4485-0f37-44851a3b9aee,1777337124,0.56,200.0,yes,"{""count_fp"":""200.00"",""created_time"":""2026-04-28T00:45:24.417051Z"",""no_price_dollars"":""0.4400"",""taker_side"":""yes"",""ticker"":""KXBTC15M-26APR272100-00"",""trade_id"":""4619a6b2-18d2-4485-0f37-44851a3b9aee"",""yes_price_dollars"":""0.5600""}"
KXBTC15M-26APR272100-00,45e86a9a-5a0f-4391-1682-05c3567a880c,1777337124,0.54,0.64,yes,"{""count_fp"":""0.64"",""created_time"":""2026-04-28T00:45:24.417051Z"",""no_price_dollars"":""0.4600"",""taker_side"":""yes"",""ticker"":""KXBTC15M-26APR272100-00"",""trade_id"":""45e86a9a-5a0f-4391-1682-05c3567a880c"",""yes_price_dollars"":""0.5400""}"
KXBTC15M-26APR272100-00,27ec2f02-cc36-4e7c-36e0-e5c8ba3d799a,1777337124,0.56,113.03,yes,"{""count_fp"":""113.03"",""created_time"":""2026-04-28T00:45:24.417051Z"",""no_price_dollars"":""0.4400"",""taker_side"":""yes"",""ticker"":""KXBTC15M-26APR272100-00"",""trade_id"":""27ec2f02-cc36-4e7c-36e0-e5c8ba3d799a"",""yes_price_dollars"":""0.5600""}"
KXBTC15M-26APR272100-00,246baa4e-c630-4793-0b07-7c01c1135c01,1777337124,0.59,150.0,yes,"{""count_fp"":""150.00"",""created_time"":""2026-04-28T00:45:24.417051Z"",""no_price_dollars"":""0.4100"",""taker_side"":""yes"",""ticker"":""KXBTC15M-26APR272100-00"",""trade_id"":""246baa4e-c630-4793-0b07-7c01c1135c01"",""yes_price_dollars"":""0.5900""}"
KXBTC15M-26APR272100-00,0b79a0a7-c6c0-45bb-12fc-35706b6856c4,1777337124,0.58,2.0,yes,"{""count_fp"":""2.00"",""created_time"":""2026-04-28T00:45:24.417051Z"",""no_price_dollars"":""0.4200"",""taker_side"":""yes"",""ticker"":""KXBTC15M-26APR272100-00"",""trade_id"":""0b79a0a7-c6c0-45bb-12fc-35706b6856c4"",""yes_price_dollars"":""0.5800""}"
KXBTC15M-26APR272100-00,0421d581-4f48-4192-22c1-30083bba7c94,1777337124,0.6,11.11,yes,"{""count_fp"":""11.11"",""created_time"":""2026-04-28T00:45:24.417051Z"",""no_price_dollars"":""0.4000"",""taker_side"":""yes"",""ticker"":""KXBTC15M-26APR272100-00"",""trade_id"":""0421d581-4f48-4192-22c1-30083bba7c94"",""yes_price_dollars"":""0.6000""}"
KXBTC15M-26APR272100-00,f685f758-dbc5-4854-656d-48374ec02bcc,1777337125,0.54,4.1,no,"{""count_fp"":""4.10"",""created_time"":""2026-04-28T00:45:25.862847Z"",""no_price_dollars"":""0.4600"",""taker_side"":""no"",""ticker"":""KXBTC15M-26APR272100-00"",""trade_id"":""f685f758-dbc5-4854-656d-48374ec02bcc"",""yes_price_dollars"":""0.5400""}"
KXBTC15M-26APR272100-00,d54875e1-3979-7888-4a5c-4c753f667af8,1777337125,0.54,3.94,no,"{""count_fp"":""3.94"",""created_time"":""2026-04-28T00:45:25.758806Z"",""no_price_dollars"":""0.4600"",""taker_side"":""no"",""ticker"":""KXBTC15M-26APR272100-00"",""trade_id"":""d54875e1-3979-7888-4a5c-4c753f667af8"",""yes_price_dollars"":""0.5400""}"
KXBTC15M-26APR272100-00,01de2ce6-04d9-5668-94ec-f63cec610b78,1777337125,0.54,22.11,no,"{""count_fp"":""22.11"",""created_time"":""2026-04-28T00:45:25.643226Z"",""no_price_dollars"":""0.4600"",""taker_side"":""no"",""ticker"":""KXBTC15M-26APR272100-00"",""trade_id"":""01de2ce6-04d9-5668-94ec-f63cec610b78"",""yes_price_dollars"":""0.5400""}"
KXBTC15M-26APR272100-00,9e2cf7ca-e2dd-6b28-0350-650c86877b44,1777337125,0.54,1.97,no,"{""count_fp"":""1.97"",""created_time"":""2026-04-28T00:45:25.434226Z"",""no_price_dollars"":""0.4600"",""taker_side"":""no"",""ticker"":""KXBTC15M-26APR272100-00"",""trade_id"":""9e2cf7ca-e2dd-6b28-0350-650c86877b44"",""yes_price_dollars"":""0.5400""}"
KXBTC15M-26APR272100-00,d48c5a6e-a5a4-5ba9-700c-f0b7a3e50972,1777337126,0.56,184.49,yes,"{""count_fp"":""184.49"",""created_time"":""2026-04-28T00:45:26.727311Z"",""no_price_dollars"":""0.4400"",""taker_side"":""yes"",""ticker"":""KXBTC15M-26APR272100-00"",""trade_id"":""d48c5a6e-a5a4-5ba9-700c-f0b7a3e50972"",""yes_price_dollars"":""0.5600""}"
KXBTC15M-26APR272100-00,96864548-8418-590e-5a1c-7f83f139c080,1777337126,0.55,12.0,yes,"{""count_fp"":""12.00"",""created_time"":""2026-04-28T00:45:26.727311Z"",""no_price_dollars"":""0.4500"",""taker_side"":""yes"",""ticker"":""KXBTC15M-26APR272100-00"",""trade_id"":""96864548-8418-590e-5a1c-7f83f139c080"",""yes_price_dollars"":""0.5500""}"
KXBTC15M-26APR272100-00,6bf9ef40-cf82-50f2-470c-69aeca1b422c,1777337126,0.55,10.0,yes,"{""count_fp"":""10.00"",""created_time"":""2026-04-28T00:45:26.727311Z"",""no_price_dollars"":""0.4500"",""taker_side"":""yes"",""ticker"":""KXBTC15M-26APR272100-00"",""trade_id"":""6bf9ef40-cf82-50f2-470c-69aeca1b422c"",""yes_price_dollars"":""0.5500""}"
KXBTC15M-26APR272100-00,69d454b3-e97e-57ee-4fbd-1b1fa5d23149,1777337126,0.55,108.19,yes,"{""count_fp"":""108.19"",""created_time"":""2026-04-28T00:45:26.727311Z"",""no_price_dollars"":""0.4500"",""taker_side"":""yes"",""ticker"":""KXBTC15M-26APR272100-00"",""trade_id"":""69d454b3-e97e-57ee-4fbd-1b1fa5d23149"",""yes_price_dollars"":""0.5500""}"
KXBTC15M-26APR272100-00,5cd37a2f-8a83-55fe-40ae-6b01f25b3cc0,1777337126,0.55,10.0,yes,"{""count_fp"":""10.00"",""created_time"":""2026-04-28T00:45:26.727311Z"",""no_price_dollars"":""0.4500"",""taker_side"":""yes"",""ticker"":""KXBTC15M-26APR272100-00"",""trade_id"":""5cd37a2f-8a83-55fe-40ae-6b01f25b3cc0"",""yes_price_dollars"":""0.5500""}"
KXBTC15M-26APR272100-00,5b58ea67-06be-50a3-7e29-4793ddb08065,1777337126,0.54,3.0,yes,"{""count_fp"":""3.00"",""created_time"":""2026-04-28T00:45:26.727311Z"",""no_price_dollars"":""0.4600"",""taker_side"":""yes"",""ticker"":""KXBTC15M-26APR272100-00"",""trade_id"":""5b58ea67-06be-50a3-7e29-4793ddb08065"",""yes_price_dollars"":""0.5400""}"
KXBTC15M-26APR272100-00,04ccfbb9-9e02-591a-45ea-eb2bdff4f8b6,1777337126,0.54,19.0,yes,"{""count_fp"":""19.00"",""created_time"":""2026-04-28T00:45:26.727311Z"",""no_price_dollars"":""0.4600"",""taker_side"":""yes"",""ticker"":""KXBTC15M-26APR272100-00"",""trade_id"":""04ccfbb9-9e02-591a-45ea-eb2bdff4f8b6"",""yes_price_dollars"":""0.5400""}"
KXBTC15M-26APR272100-00,d91102b5-07bc-7617-9d86-744d4c37a180,1777337126,0.52,56.95,no,"{""count_fp"":""56.95"",""created_time"":""2026-04-28T00:45:26.585904Z"",""no_price_dollars"":""0.4800"",""taker_side"":""no"",""ticker"":""KXBTC15M-26APR272100-00"",""trade_id"":""d91102b5-07bc-7617-9d86-744d4c37a180"",""yes_price_dollars"":""0.5200""}"
KXBTC15M-26APR272100-00,bdb2be98-6658-7a89-af9a-e4c7afd425bd,1777337126,0.54,0.15,no,"{""count_fp"":""0.15"",""created_time"":""2026-04-28T00:45:26.585904Z"",""no_price_dollars"":""0.4600"",""taker_side"":""no"",""ticker"":""KXBTC15M-26APR272100-00"",""trade_id"":""bdb2be98-6658-7a89-af9a-e4c7afd425bd"",""yes_price_dollars"":""0.5400""}"
KXBTC15M-26APR272100-00,78d16d3e-87f1-7574-9152-c466dc315434,1777337126,0.54,27.4,no,"{""count_fp"":""27.40"",""created_time"":""2026-04-28T00:45:26.585904Z"",""no_price_dollars"":""0.4600"",""taker_side"":""no"",""ticker"":""KXBTC15M-26APR272100-00"",""trade_id"":""78d16d3e-87f1-7574-9152-c466dc315434"",""yes_price_dollars"":""0.5400""}"
KXBTC15M-26APR272100-00,31dfad99-c568-75ec-972d-7cdaa22b396e,1777337126,0.52,16.0,no,"{""count_fp"":""16.00"",""created_time"":""2026-04-28T00:45:26.585904Z"",""no_price_dollars"":""0.4800"",""taker_side"":""no"",""ticker"":""KXBTC15M-26APR272100-00"",""trade_id"":""31dfad99-c568-75ec-972d-7cdaa22b396e"",""yes_price_dollars"":""0.5200""}"
KXBTC15M-26APR272100-00,9c5db6fb-cb95-4c48-24b1-8724e79c7a90,1777337126,0.54,11.0,no,"{""count_fp"":""11.00"",""created_time"":""2026-04-28T00:45:26.402058Z"",""no_price_dollars"":""0.4600"",""taker_side"":""no"",""ticker"":""KXBTC15M-26APR272100-00"",""trade_id"":""9c5db6fb-cb95-4c48-24b1-8724e79c7a90"",""yes_price_dollars"":""0.5400""}"
KXBTC15M-26APR272100-00,81812334-ff5d-5060-4822-65f5f61d3b28,1777337126,0.54,33.28,no,"{""count_fp"":""33.28"",""created_time"":""2026-04-28T00:45:26.304014Z"",""no_price_dollars"":""0.4600"",""taker_side"":""no"",""ticker"":""KXBTC15M-26APR272100-00"",""trade_id"":""81812334-ff5d-5060-4822-65f5f61d3b28"",""yes_price_dollars"":""0.5400""}"
KXBTC15M-26APR272100-00,c59cc2a5-1a51-7ee0-95f1-cbf921de0c24,1777337126,0.54,4.1,no,"{""count_fp"":""4.10"",""created_time"":""2026-04-28T00:45:26.178272Z"",""no_price_dollars"":""0.4600"",""taker_side"":""no"",""ticker"":""KXBTC15M-26APR272100-00"",""trade_id"":""c59cc2a5-1a51-7ee0-95f1-cbf921de0c24"",""yes_price_dollars"":""0.5400""}"
KXBTC15M-26APR272100-00,0da57fdd-6a1d-6044-d60f-0cd589875de4,1777337126,0.54,2.0,no,"{""count_fp"":""2.00"",""created_time"":""2026-04-28T00:45:26.158892Z"",""no_price_dollars"":""0.4600"",""taker_side"":""no"",""ticker"":""KXBTC15M-26APR272100-00"",""trade_id"":""0da57fdd-6a1d-6044-d60f-0cd589875de4"",""yes_price_dollars"":""0.5400""}"
KXBTC15M-26APR272100-00,3e079463-afb1-51e0-0ff4-bc2fdfb60a3c,1777337126,0.54,8.0,no,"{""count_fp"":""8.00"",""created_time"":""2026-04-28T00:45:26.121464Z"",""no_price_dollars"":""0.4600"",""taker_side"":""no"",""ticker"":""KXBTC15M-26APR272100-00"",""trade_id"":""3e079463-afb1-51e0-0ff4-bc2fdfb60a3c"",""yes_price_dollars"":""0.5400""}"
KXBTC15M-26APR272100-00,c6fd6d2e-9525-66d3-5c0f-6b8079cf3eef,1777337127,0.54,2.0,no,"{""count_fp"":""2.00"",""created_time"":""2026-04-28T00:45:27.939706Z"",""no_price_dollars"":""0.4600"",""taker_side"":""no"",""ticker"":""KXBTC15M-26APR272100-00"",""trade_id"":""c6fd6d2e-9525-66d3-5c0f-6b8079cf3eef"",""yes_price_dollars"":""0.5400""}"
KXBTC15M-26APR272100-00,4c43e804-d103-7dba-2208-863c80713630,1777337127,0.55,7.0,no,"{""count_fp"":""7.00"",""created_time"":""2026-04-28T00:45:27.844695Z"",""no_price_dollars"":""0.4500"",""taker_side"":""no"",""ticker"":""KXBTC15M-26APR272100-00"",""trade_id"":""4c43e804-d103-7dba-2208-863c80713630"",""yes_price_dollars"":""0.5500""}"
KXBTC15M-26APR272100-00,4c340f30-882a-7733-15bf-010181438204,1777337127,0.56,3.0,no,"{""count_fp"":""3.00"",""created_time"":""2026-04-28T00:45:27.844695Z"",""no_price_dollars"":""0.4400"",""taker_side"":""no"",""ticker"":""KXBTC15M-26APR272100-00"",""trade_id"":""4c340f30-882a-7733-15bf-010181438204"",""yes_price_dollars"":""0.5600""}"
KXBTC15M-26APR272100-00,49cf09cb-5540-7020-1e8a-06a1b7f93604,1777337127,0.56,10.0,no,"{""count_fp"":""10.00"",""created_time"":""2026-04-28T00:45:27.844695Z"",""no_price_dollars"":""0.4400"",""taker_side"":""no"",""ticker"":""KXBTC15M-26APR272100-00"",""trade_id"":""49cf09cb-5540-7020-1e8a-06a1b7f93604"",""yes_price_dollars"":""0.5600""}"
KXBTC15M-26APR272100-00,cb6f4695-49b4-6ba7-f746-bb62b518825c,1777337127,0.55,500.0,no,"{""count_fp"":""500.00"",""created_time"":""2026-04-28T00:45:27.513727Z"",""no_price_dollars"":""0.4500"",""taker_side"":""no"",""ticker"":""KXBTC15M-26APR272100-00"",""trade_id"":""cb6f4695-49b4-6ba7-f746-bb62b518825c"",""yes_price_dollars"":""0.5500""}"
KXBTC15M-26APR272100-00,71523003-4e35-68a2-e3f9-8ad01053d569,1777337127,0.57,10.0,no,"{""count_fp"":""10.00"",""created_time"":""2026-04-28T00:45:27.513727Z"",""no_price_dollars"":""0.4300"",""taker_side"":""no"",""ticker"":""KXBTC15M-26APR272100-00"",""trade_id"":""71523003-4e35-68a2-e3f9-8ad01053d569"",""yes_price_dollars"":""0.5700""}"
KXBTC15M-26APR272100-00,42b394ea-b827-6625-fa20-8c5adfe59850,1777337127,0.57,3.0,no,"{""count_fp"":""3.00"",""created_time"":""2026-04-28T00:45:27.513727Z"",""no_price_dollars"":""0.4300"",""taker_side"":""no"",""ticker"":""KXBTC15M-26APR272100-00"",""trade_id"":""42b394ea-b827-6625-fa20-8c5adfe59850"",""yes_price_dollars"":""0.5700""}"
KXBTC15M-26APR272100-00,1450530c-4fdd-67a7-c8cd-c6501f856d6f,1777337127,0.54,98.09,no,"{""count_fp"":""98.09"",""created_time"":""2026-04-28T00:45:27.513727Z"",""no_price_dollars"":""0.4600"",""taker_side"":""no"",""ticker"":""KXBTC15M-26APR272100-00"",""trade_id"":""1450530c-4fdd-67a7-c8cd-c6501f856d6f"",""yes_price_dollars"":""0.5400""}"
KXBTC15M-26APR272100-00,ce410903-8ebf-6686-9d42-00e6fab402e7,1777337127,0.58,5.12,yes,"{""count_fp"":""5.12"",""created_time"":""2026-04-28T00:45:27.423329Z"",""no_price_dollars"":""0.4200"",""taker_side"":""yes"",""ticker"":""KXBTC15M-26APR272100-00"",""trade_id"":""ce410903-8ebf-6686-9d42-00e6fab402e7"",""yes_price_dollars"":""0.5800""}"
KXBTC15M-26APR272100-00,d1ef37e1-40cb-6802-a80d-d38501455d38,1777337128,0.55,415.99,no,"{""count_fp"":""415.99"",""created_time"":""2026-04-28T00:45:28.910408Z"",""no_price_dollars"":""0.4500"",""taker_side"":""no"",""ticker"":""KXBTC15M-26APR272100-00"",""trade_id"":""d1ef37e1-40cb-6802-a80d-d38501455d38"",""yes_price_dollars"":""0.5500""}"
KXBTC15M-26APR272100-00,77557de0-6a1a-60da-9d1e-683a92ead9c6,1777337128,0.55,3.0,no,"{""count_fp"":""3.00"",""created_time"":""2026-04-28T00:45:28.910408Z"",""no_price_dollars"":""0.4500"",""taker_side"":""no"",""ticker"":""KXBTC15M-26APR272100-00"",""trade_id"":""77557de0-6a1a-60da-9d1e-683a92ead9c6"",""yes_price_dollars"":""0.5500""}"
KXBTC15M-26APR272100-00,f72472f6-6504-62ec-7900-751af7d71122,1777337129,0.56,2.0,no,"{""count_fp"":""2.00"",""created_time"":""2026-04-28T00:45:29.776212Z"",""no_price_dollars"":""0.4400"",""taker_side"":""no"",""ticker"":""KXBTC15M-26APR272100-00"",""trade_id"":""f72472f6-6504-62ec-7900-751af7d71122"",""yes_price_dollars"":""0.5600""}"
KXBTC15M-26APR272100-00,945517a1-8c42-5e9a-a7ee-2177dd151c19,1777337129,0.57,13.0,yes,"{""count_fp"":""13.00"",""created_time"":""2026-04-28T00:45:29.691381Z"",""no_price_dollars"":""0.4300"",""taker_side"":""yes"",""ticker"":""KXBTC15M-26APR272100-00"",""trade_id"":""945517a1-8c42-5e9a-a7ee-2177dd151c19"",""yes_price_dollars"":""0.5700""}"
KXBTC15M-26APR272100-00,304e798a-0209-50ce-97de-96da04be4746,1777337129,0.58,5.7,yes,"{""count_fp"":""5.70"",""created_time"":""2026-04-28T00:45:29.691381Z"",""no_price_dollars"":""0.4200"",""taker_side"":""yes"",""ticker"":""KXBTC15M-26APR272100-00"",""trade_id"":""304e798a-0209-50ce-97de-96da04be4746"",""yes_price_dollars"":""0.5800""}"
KXBTC15M-26APR272100-00,eedcc33e-aa92-5067-11fa-b1b89868593f,1777337129,0.56,3.2,no,"{""count_fp"":""3.20"",""created_time"":""2026-04-28T00:45:29.606327Z"",""no_price_dollars"":""0.4400"",""taker_side"":""no"",""ticker"":""KXBTC15M-26APR272100-00"",""trade_id"":""eedcc33e-aa92-5067-11fa-b1b89868593f"",""yes_price_dollars"":""0.5600""}"
KXBTC15M-26APR272100-00,2e96dc3e-edac-5b94-60be-cd0ff55c4578,1777337129,0.55,1.0,no,"{""count_fp"":""1.00"",""created_time"":""2026-04-28T00:45:29.541832Z"",""no_price_dollars"":""0.4500"",""taker_side"":""no"",""ticker"":""KXBTC15M-26APR272100-00"",""trade_id"":""2e96dc3e-edac-5b94-60be-cd0ff55c4578"",""yes_price_dollars"":""0.5500""}"
KXBTC15M-26APR272100-00,a7a7f3a0-0299-78c7-a40e-c0c15a4b92f7,1777337129,0.56,379.67,no,"{""count_fp"":""379.67"",""created_time"":""2026-04-28T00:45:29.454832Z"",""no_price_dollars"":""0.4400"",""taker_side"":""no"",""ticker"":""KXBTC15M-26APR272100-00"",""trade_id"":""a7a7f3a0-0299-78c7-a40e-c0c15a4b92f7"",""yes_price_dollars"":""0.5600""}"
KXBTC15M-26APR272100-00,501e64f0-2968-7680-8e72-5c135f491e88,1777337129,0.56,151.88,no,"{""count_fp"":""151.88"",""created_time"":""2026-04-28T00:45:29.454832Z"",""no_price_dollars"":""0.4400"",""taker_side"":""no"",""ticker"":""KXBTC15M-26APR272100-00"",""trade_id"":""501e64f0-2968-7680-8e72-5c135f491e88"",""yes_price_dollars"":""0.5600""}"
KXBTC15M-26APR272100-00,22295884-b224-78e6-834e-1f0c4533ee50,1777337129,0.56,3.0,no,"{""count_fp"":""3.00"",""created_time"":""2026-04-28T00:45:29.454832Z"",""no_price_dollars"":""0.4400"",""taker_side"":""no"",""ticker"":""KXBTC15M-26APR272100-00"",""trade_id"":""22295884-b224-78e6-834e-1f0c4533ee50"",""yes_price_dollars"":""0.5600""}"
KXBTC15M-26APR272100-00,eca66f20-7249-723b-945c-59aa69c522f3,1777337129,0.53,11.41,no,"{""count_fp"":""11.41"",""created_time"":""2026-04-28T00:45:29.181038Z"",""no_price_dollars"":""0.4700"",""taker_side"":""no"",""ticker"":""KXBTC15M-26APR272100-00"",""trade_id"":""eca66f20-7249-723b-945c-59aa69c522f3"",""yes_price_dollars"":""0.5300""}"
KXBTC15M-26APR272100-00,ddf94c7f-6048-7caa-a216-796f665e2649,1777337129,0.54,56.0,no,"{""count_fp"":""56.00"",""created_time"":""2026-04-28T00:45:29.181038Z"",""no_price_dollars"":""0.4600"",""taker_side"":""no"",""ticker"":""KXBTC15M-26APR272100-00"",""trade_id"":""ddf94c7f-6048-7caa-a216-796f665e2649"",""yes_price_dollars"":""0.5400""}"
KXBTC15M-26APR272100-00,cf1a3c7e-f523-71a1-b442-37397058e7ef,1777337129,0.55,13.99,no,"{""count_fp"":""13.99"",""created_time"":""2026-04-28T00:45:29.181038Z"",""no_price_dollars"":""0.4500"",""taker_side"":""no"",""ticker"":""KXBTC15M-26APR272100-00"",""trade_id"":""cf1a3c7e-f523-71a1-b442-37397058e7ef"",""yes_price_dollars"":""0.5500""}"
KXBTC15M-26APR272100-00,b175418d-b5bf-79ea-9a79-5db1e345d1d4,1777337129,0.55,84.01,no,"{""count_fp"":""84.01"",""created_time"":""2026-04-28T00:45:29.181038Z"",""no_price_dollars"":""0.4500"",""taker_side"":""no"",""ticker"":""KXBTC15M-26APR272100-00"",""trade_id"":""b175418d-b5bf-79ea-9a79-5db1e345d1d4"",""yes_price_dollars"":""0.5500""}"
KXBTC15M-26APR272100-00,99cdb49f-aabd-758e-bc10-61f9d69dc69e,1777337129,0.55,13.0,no,"{""count_fp"":""13.00"",""created_time"":""2026-04-28T00:45:29.181038Z"",""no_price_dollars"":""0.4500"",""taker_side"":""no"",""ticker"":""KXBTC15M-26APR272100-00"",""trade_id"":""99cdb49f-aabd-758e-bc10-61f9d69dc69e"",""yes_price_dollars"":""0.5500""}"
KXBTC15M-26APR272100-00,4fc440d1-1dce-710c-bad5-e0a509dd7035,1777337129,0.55,3.0,no,"{""count_fp"":""3.00"",""created_time"":""2026-04-28T00:45:29.181038Z"",""no_price_dollars"":""0.4500"",""taker_side"":""no"",""ticker"":""KXBTC15M-26APR272100-00"",""trade_id"":""4fc440d1-1dce-710c-bad5-e0a509dd7035"",""yes_price_dollars"":""0.5500""}"
KXBTC15M-26APR272100-00,28b9dc17-1525-7fae-a225-915cbd99a1f2,1777337129,0.53,20.0,no,"{""count_fp"":""20.00"",""created_time"":""2026-04-28T00:45:29.181038Z"",""no_price_dollars"":""0.4700"",""taker_side"":""no"",""ticker"":""KXBTC15M-26APR272100-00"",""trade_id"":""28b9dc17-1525-7fae-a225-915cbd99a1f2"",""yes_price_dollars"":""0.5300""}"
KXBTC15M-26APR272100-00,26ac78b5-2211-75b3-a541-1b377544275b,1777337129,0.54,8.1,no,"{""count_fp"":""8.10"",""created_time"":""2026-04-28T00:45:29.181038Z"",""no_price_dollars"":""0.4600"",""taker_side"":""no"",""ticker"":""KXBTC15M-26APR272100-00"",""trade_id"":""26ac78b5-2211-75b3-a541-1b377544275b"",""yes_price_dollars"":""0.5400""}"
KXBTC15M-26APR272100-00,05158b39-c4a4-4cf2-cae6-f7b7a5639fdc,1777337130,0.56,5.0,yes,"{""count_fp"":""5.00"",""created_time"":""2026-04-28T00:45:30.756338Z"",""no_price_dollars"":""0.4400"",""taker_side"":""yes"",""ticker"":""KXBTC15M-26APR272100-00"",""trade_id"":""05158b39-c4a4-4cf2-cae6-f7b7a5639fdc"",""yes_price_dollars"":""0.5600""}"
KXBTC15M-26APR272100-00,40e09e5e-e2e8-4130-5ea6-d01a9a54414a,1777337130,0.54,1.0,no,"{""count_fp"":""1.00"",""created_time"":""2026-04-28T00:45:30.614937Z"",""no_price_dollars"":""0.4600"",""taker_side"":""no"",""ticker"":""KXBTC15M-26APR272100-00"",""trade_id"":""40e09e5e-e2e8-4130-5ea6-d01a9a54414a"",""yes_price_dollars"":""0.5400""}"
KXBTC15M-26APR272100-00,d223c918-b0c3-72c8-8d3c-f44dee943f91,1777337130,0.56,3.0,no,"{""count_fp"":""3.00"",""created_time"":""2026-04-28T00:45:30.568092Z"",""no_price_dollars"":""0.4400"",""taker_side"":""no"",""ticker"":""KXBTC15M-26APR272100-00"",""trade_id"":""d223c918-b0c3-72c8-8d3c-f44dee943f91"",""yes_price_dollars"":""0.5600""}"
KXBTC15M-26APR272100-00,0fde6f36-5f30-7f50-9cdc-0d7ebb83ece2,1777337130,0.56,37.0,no,"{""count_fp"":""37.00"",""created_time"":""2026-04-28T00:45:30.568092Z"",""no_price_dollars"":""0.4400"",""taker_side"":""no"",""ticker"":""KXBTC15M-26APR272100-00"",""trade_id"":""0fde6f36-5f30-7f50-9cdc-0d7ebb83ece2"",""yes_price_dollars"":""0.5600""}"
KXBTC15M-26APR272100-00,9c9dab95-b51c-7e2b-1b9b-1b2756e11036,1777337130,0.57,3.0,yes,"{""count_fp"":""3.00"",""created_time"":""2026-04-28T00:45:30.327732Z"",""no_price_dollars"":""0.4300"",""taker_side"":""yes"",""ticker"":""KXBTC15M-26APR272100-00"",""trade_id"":""9c9dab95-b51c-7e2b-1b9b-1b2756e11036"",""yes_price_dollars"":""0.5700""}"
KXBTC15M-26APR272100-00,8b3e0b68-d0ac-7721-1ef1-f171abd9ad00,1777337130,0.57,7.0,yes,"{""count_fp"":""7.00"",""created_time"":""2026-04-28T00:45:30.327732Z"",""no_price_dollars"":""0.4300"",""taker_side"":""yes"",""ticker"":""KXBTC15M-26APR272100-00"",""trade_id"":""8b3e0b68-d0ac-7721-1ef1-f171abd9ad00"",""yes_price_dollars"":""0.5700""}"
KXBTC15M-26APR272100-00,b9220f6e-5d52-4509-cf8d-895fb72dc4f3,1777337130,0.55,1.0,no,"{""count_fp"":""1.00"",""created_time"":""2026-04-28T00:45:30.149211Z"",""no_price_dollars"":""0.4500"",""taker_side"":""no"",""ticker"":""KXBTC15M-26APR272100-00"",""trade_id"":""b9220f6e-5d52-4509-cf8d-895fb72dc4f3"",""yes_price_dollars"":""0.5500""}"
KXBTC15M-26APR272100-00,957955c3-42c3-4db3-c055-c3e2f2b5d451,1777337130,0.57,3.0,no,"{""count_fp"":""3.00"",""created_time"":""2026-04-28T00:45:30.149211Z"",""no_price_dollars"":""0.4300"",""taker_side"":""no"",""ticker"":""KXBTC15M-26APR272100-00"",""trade_id"":""957955c3-42c3-4db3-c055-c3e2f2b5d451"",""yes_price_dollars"":""0.5700""}"
KXBTC15M-26APR272100-00,0ff13426-8b60-4260-ffe3-5a99b2b2c13e,1777337130,0.54,83.97,no,"{""count_fp"":""83.97"",""created_time"":""2026-04-28T00:45:30.149211Z"",""no_price_dollars"":""0.4600"",""taker_side"":""no"",""ticker"":""KXBTC15M-26APR272100-00"",""trade_id"":""0ff13426-8b60-4260-ffe3-5a99b2b2c13e"",""yes_price_dollars"":""0.5400""}"
KXBTC15M-26APR272100-00,92533648-ae18-6252-a39a-e4caa4ffed4c,1777337131,0.56,8.51,yes,"{""count_fp"":""8.51"",""created_time"":""2026-04-28T00:45:31.752215Z"",""no_price_dollars"":""0.4400"",""taker_side"":""yes"",""ticker"":""KXBTC15M-26APR272100-00"",""trade_id"":""92533648-ae18-6252-a39a-e4caa4ffed4c"",""yes_price_dollars"":""0.5600""}"
KXBTC15M-26APR272100-00,d5919c99-b508-7304-07b6-243e6f3c4c9e,1777337131,0.55,11.55,no,"{""count_fp"":""11.55"",""created_time"":""2026-04-28T00:45:31.439254Z"",""no_price_dollars"":""0.4500"",""taker_side"":""no"",""ticker"":""KXBTC15M-26APR272100-00"",""trade_id"":""d5919c99-b508-7304-07b6-243e6f3c4c9e"",""yes_price_dollars"":""0.5500""}"
KXBTC15M-26APR272100-00,2d606f95-d312-78fe-165a-4dfa8d4a98ab,1777337131,0.55,11.0,no,"{""count_fp"":""11.00"",""created_time"":""2026-04-28T00:45:31.439254Z"",""no_price_dollars"":""0.4500"",""taker_side"":""no"",""ticker"":""KXBTC15M-26APR272100-00"",""trade_id"":""2d606f95-d312-78fe-165a-4dfa8d4a98ab"",""yes_price_dollars"":""0.5500""}"
KXBTC15M-26APR272100-00,cde0a4c9-e5ce-7d36-b7d4-db75a11633cb,1777337131,0.55,2.0,no,"{""count_fp"":""2.00"",""created_time"":""2026-04-28T00:45:31.296523Z"",""no_price_dollars"":""0.4500"",""taker_side"":""no"",""ticker"":""KXBTC15M-26APR272100-00"",""trade_id"":""cde0a4c9-e5ce-7d36-b7d4-db75a11633cb"",""yes_price_dollars"":""0.5500""}"
KXBTC15M-26APR272100-00,b8478068-ec38-7440-6bf8-388f6eab9e0a,1777337132,0.56,54.32,no,"{""count_fp"":""54.32"",""created_time"":""2026-04-28T00:45:32.367527Z"",""no_price_dollars"":""0.4400"",""taker_side"":""no"",""ticker"":""KXBTC15M-26APR272100-00"",""trade_id"":""b8478068-ec38-7440-6bf8-388f6eab9e0a"",""yes_price_dollars"":""0.5600""}"
KXBTC15M-26APR272100-00,b65fdc59-c379-4a66-1eea-f58e29354a78,1777337132,0.57,5.1,yes,"{""count_fp"":""5.10"",""created_time"":""2026-04-28T00:45:32.156739Z"",""no_price_dollars"":""0.4300"",""taker_side"":""yes"",""ticker"":""KXBTC15M-26APR272100-00"",""trade_id"":""b65fdc59-c379-4a66-1eea-f58e29354a78"",""yes_price_dollars"":""0.5700""}"
KXBTC15M-26APR272100-00,3abfabc4-7c34-4da6-1818-cd971019b139,1777337132,0.58,3.0,yes,"{""count_fp"":""3.00"",""created_time"":""2026-04-28T00:45:32.156739Z"",""no_price_dollars"":""0.4200"",""taker_side"":""yes"",""ticker"":""KXBTC15M-26APR272100-00"",""trade_id"":""3abfabc4-7c34-4da6-1818-cd971019b139"",""yes_price_dollars"":""0.5800""}"
KXBTC15M-26APR272100-00,372e520d-b3d0-4978-0dac-5f873e6cf1ce,1777337132,0.58,5.22,yes,"{""count_fp"":""5.22"",""created_time"":""2026-04-28T00:45:32.156739Z"",""no_price_dollars"":""0.4200"",""taker_side"":""yes"",""ticker"":""KXBTC15M-26APR272100-00"",""trade_id"":""372e520d-b3d0-4978-0dac-5f873e6cf1ce"",""yes_price_dollars"":""0.5800""}"
KXBTC15M-26APR272100-00,a7be112d-ddc0-766a-2b6e-12ec6c75d970,1777337132,0.57,12.0,yes,"{""count_fp"":""12.00"",""created_time"":""2026-04-28T00:45:32.110407Z"",""no_price_dollars"":""0.4300"",""taker_side"":""yes"",""ticker"":""KXBTC15M-26APR272100-00"",""trade_id"":""a7be112d-ddc0-766a-2b6e-12ec6c75d970"",""yes_price_dollars"":""0.5700""}"
KXBTC15M-26APR272100-00,5acb2548-29cd-793e-1d7d-efdd2d6ebdb8,1777337132,0.57,1.39,yes,"{""count_fp"":""1.39"",""created_time"":""2026-04-28T00:45:32.110407Z"",""no_price_dollars"":""0.4300"",""taker_side"":""yes"",""ticker"":""KXBTC15M-26APR272100-00"",""trade_id"":""5acb2548-29cd-793e-1d7d-efdd2d6ebdb8"",""yes_price_dollars"":""0.5700""}"
KXBTC15M-26APR272100-00,3ca47b82-5f55-52bd-f3d5-45f73a9b3fce,1777337132,0.56,20.0,no,"{""count_fp"":""20.00"",""created_time"":""2026-04-28T00:45:32.058171Z"",""no_price_dollars"":""0.4400"",""taker_side"":""no"",""ticker"":""KXBTC15M-26APR272100-00"",""trade_id"":""3ca47b82-5f55-52bd-f3d5-45f73a9b3fce"",""yes_price_dollars"":""0.5600""}"
KXBTC15M-26APR272100-00,2ca53da7-d658-565c-d1f7-cfcb0ba0bc36,1777337132,0.56,44.24,no,"{""count_fp"":""44.24"",""created_time"":""2026-04-28T00:45:32.058171Z"",""no_price_dollars"":""0.4400"",""taker_side"":""no"",""ticker"":""KXBTC15M-26APR272100-00"",""trade_id"":""2ca53da7-d658-565c-d1f7-cfcb0ba0bc36"",""yes_price_dollars"":""0.5600""}"
KXBTC15M-26APR272100-00,d9962c86-1212-5e32-85cf-ba1afc10d548,1777337133,0.58,10.0,no,"{""count_fp"":""10.00"",""created_time"":""2026-04-28T00:45:33.903143Z"",""no_price_dollars"":""0.4200"",""taker_side"":""no"",""ticker"":""KXBTC15M-26APR272100-00"",""trade_id"":""d9962c86-1212-5e32-85cf-ba1afc10d548"",""yes_price_dollars"":""0.5800""}"
KXBTC15M-26APR272100-00,98521dd1-acf5-5a13-8430-cf374779c5df,1777337133,0.58,13.53,no,"{""count_fp"":""13.53"",""created_time"":""2026-04-28T00:45:33.903143Z"",""no_price_dollars"":""0.4200"",""taker_side"":""no"",""ticker"":""KXBTC15M-26APR272100-00"",""trade_id"":""98521dd1-acf5-5a13-8430-cf374779c5df"",""yes_price_dollars"":""0.5800""}"
KXBTC15M-26APR272100-00,b0f2fe81-3078-5d8a-2599-f9884e9501fa,1777337133,0.59,21.0,yes,"{""count_fp"":""21.00"",""created_time"":""2026-04-28T00:45:33.428493Z"",""no_price_dollars"":""0.4100"",""taker_side"":""yes"",""ticker"":""KXBTC15M-26APR272100-00"",""trade_id"":""b0f2fe81-3078-5d8a-2599-f9884e9501fa"",""yes_price_dollars"":""0.5900""}"
KXBTC15M-26APR272100-00,a12fcda2-5cd0-5a1a-1a55-8f535404c88a,1777337133,0.6,31.0,yes,"{""count_fp"":""31.00"",""created_time"":""2026-04-28T00:45:33.428493Z"",""no_price_dollars"":""0.4000"",""taker_side"":""yes"",""ticker"":""KXBTC15M-26APR272100-00"",""trade_id"":""a12fcda2-5cd0-5a1a-1a55-8f535404c88a"",""yes_price_dollars"":""0.6000""}"
KXBTC15M-26APR272100-00,6641a403-67d0-5294-1bbd-760645b60ddb,1777337133,0.59,3.0,yes,"{""count_fp"":""3.00"",""created_time"":""2026-04-28T00:45:33.428493Z"",""no_price_dollars"":""0.4100"",""taker_side"":""yes"",""ticker"":""KXBTC15M-26APR272100-00"",""trade_id"":""6641a403-67d0-5294-1bbd-760645b60ddb"",""yes_price_dollars"":""0.5900""}"
KXBTC15M-26APR272100-00,f80227ef-99ba-4538-ac25-17a0d2932db2,1777337133,0.63,139.0,yes,"{""count_fp"":""139.00"",""created_time"":""2026-04-28T00:45:33.057744Z"",""no_price_dollars"":""0.3700"",""taker_side"":""yes"",""ticker"":""KXBTC15M-26APR272100-00"",""trade_id"":""f80227ef-99ba-4538-ac25-17a0d2932db2"",""yes_price_dollars"":""0.6300""}"
KXBTC15M-26APR272100-00,ec9e73c6-902c-4cb9-be00-8ab4f82c8e5f,1777337133,0.59,21.0,yes,"{""count_fp"":""21.00"",""created_time"":""2026-04-28T00:45:33.057744Z"",""no_price_dollars"":""0.4100"",""taker_side"":""yes"",""ticker"":""KXBTC15M-26APR272100-00"",""trade_id"":""ec9e73c6-902c-4cb9-be00-8ab4f82c8e5f"",""yes_price_dollars"":""0.5900""}"
KXBTC15M-26APR272100-00,e9622de3-9df2-4d72-a493-af14985434a8,1777337133,0.62,2.0,yes,"{""count_fp"":""2.00"",""created_time"":""2026-04-28T00:45:33.057744Z"",""no_price_dollars"":""0.3800"",""taker_side"":""yes"",""ticker"":""KXBTC15M-26APR272100-00"",""trade_id"":""e9622de3-9df2-4d72-a493-af14985434a8"",""yes_price_dollars"":""0.6200""}"
KXBTC15M-26APR272100-00,e54b9a64-1872-45b3-985b-41ec7987b542,1777337133,0.65,150.0,yes,"{""count_fp"":""150.00"",""created_time"":""2026-04-28T00:45:33.057744Z"",""no_price_dollars"":""0.3500"",""taker_side"":""yes"",""ticker"":""KXBTC15M-26APR272100-00"",""trade_id"":""e54b9a64-1872-45b3-985b-41ec7987b542"",""yes_price_dollars"":""0.6500""}"
KXBTC15M-26APR272100-00,c86ca120-2a4e-436e-9b93-f5279b2988d0,1777337133,0.6,10.0,yes,"{""count_fp"":""10.00"",""created_time"":""2026-04-28T00:45:33.057744Z"",""no_price_dollars"":""0.4000"",""taker_side"":""yes"",""ticker"":""KXBTC15M-26APR272100-00"",""trade_id"":""c86ca120-2a4e-436e-9b93-f5279b2988d0"",""yes_price_dollars"":""0.6000""}"
KXBTC15M-26APR272100-00,bc8a047e-b70c-4c55-baa9-760b488721fd,1777337133,0.58,5.0,yes,"{""count_fp"":""5.00"",""created_time"":""2026-04-28T00:45:33.057744Z"",""no_price_dollars"":""0.4200"",""taker_side"":""yes"",""ticker"":""KXBTC15M-26APR272100-00"",""trade_id"":""bc8a047e-b70c-4c55-baa9-760b488721fd"",""yes_price_dollars"":""0.5800""}"
KXBTC15M-26APR272100-00,b5b80c5d-8cbc-4481-abd4-3375d4f65786,1777337133,0.6,500.0,yes,"{""count_fp"":""500.00"",""created_time"":""2026-04-28T00:45:33.057744Z"",""no_price_dollars"":""0.4000"",""taker_side"":""yes"",""ticker"":""KXBTC15M-26APR272100-00"",""trade_id"":""b5b80c5d-8cbc-4481-abd4-3375d4f65786"",""yes_price_dollars"":""0.6000""}"
KXBTC15M-26APR272100-00,acf59dcd-e80b-4233-b486-b65bf4ca217b,1777337133,0.59,117.0,yes,"{""count_fp"":""117.00"",""created_time"":""2026-04-28T00:45:33.057744Z"",""no_price_dollars"":""0.4100"",""taker_side"":""yes"",""ticker"":""KXBTC15M-26APR272100-00"",""trade_id"":""acf59dcd-e80b-4233-b486-b65bf4ca217b"",""yes_price_dollars"":""0.5900""}"
KXBTC15M-26APR272100-00,aa20f0d3-311e-453a-a91a-b77fbe32b8f0,1777337133,0.59,5.0,yes,"{""count_fp"":""5.00"",""created_time"":""2026-04-28T00:45:33.057744Z"",""no_price_dollars"":""0.4100"",""taker_side"":""yes"",""ticker"":""KXBTC15M-26APR272100-00"",""trade_id"":""aa20f0d3-311e-453a-a91a-b77fbe32b8f0"",""yes_price_dollars"":""0.5900""}"
KXBTC15M-26APR272100-00,94be6638-9ebc-4b6e-8b3a-696db9bd938d,1777337133,0.58,403.78,yes,"{""count_fp"":""403.78"",""created_time"":""2026-04-28T00:45:33.057744Z"",""no_price_dollars"":""0.4200"",""taker_side"":""yes"",""ticker"":""KXBTC15M-26APR272100-00"",""trade_id"":""94be6638-9ebc-4b6e-8b3a-696db9bd938d"",""yes_price_dollars"":""0.5800""}"
KXBTC15M-26APR272100-00,9268d1fa-675a-45f5-9158-f0b5763f89c6,1777337133,0.6,7.0,yes,"{""count_fp"":""7.00"",""created_time"":""2026-04-28T00:45:33.057744Z"",""no_price_dollars"":""0.4000"",""taker_side"":""yes"",""ticker"":""KXBTC15M-26APR272100-00"",""trade_id"":""9268d1fa-675a-45f5-9158-f0b5763f89c6"",""yes_price_dollars"":""0.6000""}"
KXBTC15M-26APR272100-00,8f396a33-1f3b-47fa-bd30-544a7e9f1857,1777337133,0.6,400.0,yes,"{""count_fp"":""400.00"",""created_time"":""2026-04-28T00:45:33.057744Z"",""no_price_dollars"":""0.4000"",""taker_side"":""yes"",""ticker"":""KXBTC15M-26APR272100-00"",""trade_id"":""8f396a33-1f3b-47fa-bd30-544a7e9f1857"",""yes_price_dollars"":""0.6000""}"
KXBTC15M-26APR272100-00,61c0a25b-6af0-43df-ada5-0c53bf9280eb,1777337133,0.62,51.0,yes,"{""count_fp"":""51.00"",""created_time"":""2026-04-28T00:45:33.057744Z"",""no_price_dollars"":""0.3800"",""taker_side"":""yes"",""ticker"":""KXBTC15M-26APR272100-00"",""trade_id"":""61c0a25b-6af0-43df-ada5-0c53bf9280eb"",""yes_price_dollars"":""0.6200""}"
KXBTC15M-26APR272100-00,53aed81b-b069-430c-ba03-adadcb22e227,1777337133,0.63,65.0,yes,"{""count_fp"":""65.00"",""created_time"":""2026-04-28T00:45:33.057744Z"",""no_price_dollars"":""0.3700"",""taker_side"":""yes"",""ticker"":""KXBTC15M-26APR272100-00"",""trade_id"":""53aed81b-b069-430c-ba03-adadcb22e227"",""yes_price_dollars"":""0.6300""}"
KXBTC15M-26APR272100-00,4c2441bb-2191-4142-9f6a-07123ea68912,1777337133,0.65,4.0,yes,"{""count_fp"":""4.00"",""created_time"":""2026-04-28T00:45:33.057744Z"",""no_price_dollars"":""0.3500"",""taker_side"":""yes"",""ticker"":""KXBTC15M-26APR272100-00"",""trade_id"":""4c2441bb-2191-4142-9f6a-07123ea68912"",""yes_price_dollars"":""0.6500""}"
KXBTC15M-26APR272100-00,492175b5-ad09-4fb6-872e-b83423f5f0dd,1777337133,0.64,139.0,yes,"{""count_fp"":""139.00"",""created_time"":""2026-04-28T00:45:33.057744Z"",""no_price_dollars"":""0.3600"",""taker_side"":""yes"",""ticker"":""KXBTC15M-26APR272100-00"",""trade_id"":""492175b5-ad09-4fb6-872e-b83423f5f0dd"",""yes_price_dollars"":""0.6400""}"
KXBTC15M-26APR272100-00,458f5232-27de-4679-a3de-f2b4ec216d80,1777337133,0.63,2.0,yes,"{""count_fp"":""2.00"",""created_time"":""2026-04-28T00:45:33.057744Z"",""no_price_dollars"":""0.3700"",""taker_side"":""yes"",""ticker"":""KXBTC15M-26APR272100-00"",""trade_id"":""458f5232-27de-4679-a3de-f2b4ec216d80"",""yes_price_dollars"":""0.6300""}"
KXBTC15M-26APR272100-00,4407f7be-431c-4fd1-b1e9-d860f8a4f1be,1777337133,0.61,132.0,yes,"{""count_fp"":""132.00"",""created_time"":""2026-04-28T00:45:33.057744Z"",""no_price_dollars"":""0.3900"",""taker_side"":""yes"",""ticker"":""KXBTC15M-26APR272100-00"",""trade_id"":""4407f7be-431c-4fd1-b1e9-d860f8a4f1be"",""yes_price_dollars"":""0.6100""}"
KXBTC15M-26APR272100-00,3f758101-d628-43f0-a309-35a13aa071ad,1777337133,0.64,2.0,yes,"{""count_fp"":""2.00"",""created_time"":""2026-04-28T00:45:33.057744Z"",""no_price_dollars"":""0.3600"",""taker_side"":""yes"",""ticker"":""KXBTC15M-26APR272100-00"",""trade_id"":""3f758101-d628-43f0-a309-35a13aa071ad"",""yes_price_dollars"":""0.6400""}"
KXBTC15M-26APR272100-00,311375a7-82c2-4b5b-b508-edbee9b33edb,1777337133,0.59,3.0,yes,"{""count_fp"":""3.00"",""created_time"":""2026-04-28T00:45:33.057744Z"",""no_price_dollars"":""0.4100"",""taker_side"":""yes"",""ticker"":""KXBTC15M-26APR272100-00"",""trade_id"":""311375a7-82c2-4b5b-b508-edbee9b33edb"",""yes_price_dollars"":""0.5900""}"
KXBTC15M-26APR272100-00,27d90df2-bb41-4467-9a65-a8f06e1e807f,1777337133,0.59,56.0,yes,"{""count_fp"":""56.00"",""created_time"":""2026-04-28T00:45:33.057744Z"",""no_price_dollars"":""0.4100"",""taker_side"":""yes"",""ticker"":""KXBTC15M-26APR272100-00"",""trade_id"":""27d90df2-bb41-4467-9a65-a8f06e1e807f"",""yes_price_dollars"":""0.5900""}"
KXBTC15M-26APR272100-00,24c85ba7-e966-4722-a9d4-020f49330118,1777337133,0.67,954.97,yes,"{""count_fp"":""954.97"",""created_time"":""2026-04-28T00:45:33.057744Z"",""no_price_dollars"":""0.3300"",""taker_side"":""yes"",""ticker"":""KXBTC15M-26APR272100-00"",""trade_id"":""24c85ba7-e966-4722-a9d4-020f49330118"",""yes_price_dollars"":""0.6700""}"
KXBTC15M-26APR272100-00,2314c49f-6fdc-4812-a826-b6002831d120,1777337133,0.6,107.89,yes,"{""count_fp"":""107.89"",""created_time"":""2026-04-28T00:45:33.057744Z"",""no_price_dollars"":""0.4000"",""taker_side"":""yes"",""ticker"":""KXBTC15M-26APR272100-00"",""trade_id"":""2314c49f-6fdc-4812-a826-b6002831d120"",""yes_price_dollars"":""0.6000""}"
KXBTC15M-26APR272100-00,180a1483-7d58-448b-bba9-7ad2e3df8369,1777337133,0.58,30.0,yes,"{""count_fp"":""30.00"",""created_time"":""2026-04-28T00:45:33.057744Z"",""no_price_dollars"":""0.4200"",""taker_side"":""yes"",""ticker"":""KXBTC15M-26APR272100-00"",""trade_id"":""180a1483-7d58-448b-bba9-7ad2e3df8369"",""yes_price_dollars"":""0.5800""}"
KXBTC15M-26APR272100-00,15eb55e5-978d-4612-b948-f473ccb5042b,1777337133,0.62,2.0,yes,"{""count_fp"":""2.00"",""created_time"":""2026-04-28T00:45:33.057744Z"",""no_price_dollars"":""0.3800"",""taker_side"":""yes"",""ticker"":""KXBTC15M-26APR272100-00"",""trade_id"":""15eb55e5-978d-4612-b948-f473ccb5042b"",""yes_price_dollars"":""0.6200""}"
KXBTC15M-26APR272100-00,1338a843-c7b3-4145-b040-f03d9329a9ad,1777337133,0.65,138.0,yes,"{""count_fp"":""138.00"",""created_time"":""2026-04-28T00:45:33.057744Z"",""no_price_dollars"":""0.3500"",""taker_side"":""yes"",""ticker"":""KXBTC15M-26APR272100-00"",""trade_id"":""1338a843-c7b3-4145-b040-f03d9329a9ad"",""yes_price_dollars"":""0.6500""}"
KXBTC15M-26APR272100-00,131491eb-a336-46f6-b303-9fb7df6658f6,1777337133,0.6,10.0,yes,"{""count_fp"":""10.00"",""created_time"":""2026-04-28T00:45:33.057744Z"",""no_price_dollars"":""0.4000"",""taker_side"":""yes"",""ticker"":""KXBTC15M-26APR272100-00"",""trade_id"":""131491eb-a336-46f6-b303-9fb7df6658f6"",""yes_price_dollars"":""0.6000""}"
KXBTC15M-26APR272100-00,0c5407c9-5b84-4c86-b45c-5ddda0607f8e,1777337133,0.62,132.0,yes,"{""count_fp"":""132.00"",""created_time"":""2026-04-28T00:45:33.057744Z"",""no_price_dollars"":""0.3800"",""taker_side"":""yes"",""ticker"":""KXBTC15M-26APR272100-00"",""trade_id"":""0c5407c9-5b84-4c86-b45c-5ddda0607f8e"",""yes_price_dollars"":""0.6200""}"
KXBTC15M-26APR272100-00,073a0171-b3d8-421d-a135-e2c4264b5881,1777337133,0.64,10.0,yes,"{""count_fp"":""10.00"",""created_time"":""2026-04-28T00:45:33.057744Z"",""no_price_dollars"":""0.3600"",""taker_side"":""yes"",""ticker"":""KXBTC15M-26APR272100-00"",""trade_id"":""073a0171-b3d8-421d-a135-e2c4264b5881"",""yes_price_dollars"":""0.6400""}"
KXBTC15M-26APR272100-00,afe38689-7a20-4f5a-b787-30acc4550fc4,1777337134,0.59,1.0,yes,"{""count_fp"":""1.00"",""created_time"":""2026-04-28T00:45:34.420129Z"",""no_price_dollars"":""0.4100"",""taker_side"":""yes"",""ticker"":""KXBTC15M-26APR272100-00"",""trade_id"":""afe38689-7a20-4f5a-b787-30acc4550fc4"",""yes_price_dollars"":""0.5900""}"
KXBTC15M-26APR272100-00,28de2b96-72b9-78bf-c69d-04009212eb27,1777337135,0.58,1.0,no,"{""count_fp"":""1.00"",""created_time"":""2026-04-28T00:45:35.851369Z"",""no_price_dollars"":""0.4200"",""taker_side"":""no"",""ticker"":""KXBTC15M-26APR272100-00"",""trade_id"":""28de2b96-72b9-78bf-c69d-04009212eb27"",""yes_price_dollars"":""0.5800""}"
KXBTC15M-26APR272100-00,021f4760-2546-7fbc-4ecc-9d561cb154a9,1777337135,0.59,0.93,yes,"{""count_fp"":""0.93"",""created_time"":""2026-04-28T00:45:35.631684Z"",""no_price_dollars"":""0.4100"",""taker_side"":""yes"",""ticker"":""KXBTC15M-26APR272100-00"",""trade_id"":""021f4760-2546-7fbc-4ecc-9d561cb154a9"",""yes_price_dollars"":""0.5900""}"
KXBTC15M-26APR272100-00,d495d8fe-727a-534e-537d-27ab206ba5e4,1777337135,0.59,10.0,yes,"{""count_fp"":""10.00"",""created_time"":""2026-04-28T00:45:35.265452Z"",""no_price_dollars"":""0.4100"",""taker_side"":""yes"",""ticker"":""KXBTC15M-26APR272100-00"",""trade_id"":""d495d8fe-727a-534e-537d-27ab206ba5e4"",""yes_price_dollars"":""0.5900""}"
KXBTC15M-26APR272100-00,957fd8c4-2cf9-5589-5601-f66137568ab6,1777337135,0.59,8.0,yes,"{""count_fp"":""8.00"",""created_time"":""2026-04-28T00:45:35.265452Z"",""no_price_dollars"":""0.4100"",""taker_side"":""yes"",""ticker"":""KXBTC15M-26APR272100-00"",""trade_id"":""957fd8c4-2cf9-5589-5601-f66137568ab6"",""yes_price_dollars"":""0.5900""}"
KXBTC15M-26APR272100-00,8f43930c-2e05-518f-490d-12f75c344942,1777337135,0.59,19.9,yes,"{""count_fp"":""19.90"",""created_time"":""2026-04-28T00:45:35.265452Z"",""no_price_dollars"":""0.4100"",""taker_side"":""yes"",""ticker"":""KXBTC15M-26APR272100-00"",""trade_id"":""8f43930c-2e05-518f-490d-12f75c344942"",""yes_price_dollars"":""0.5900""}"
KXBTC15M-26APR272100-00,78a60ccd-6f97-5ec2-4bbb-1501327a9f84,1777337135,0.6,3.0,yes,"{""count_fp"":""3.00"",""created_time"":""2026-04-28T00:45:35.265452Z"",""no_price_dollars"":""0.4000"",""taker_side"":""yes"",""ticker"":""KXBTC15M-26APR272100-00"",""trade_id"":""78a60ccd-6f97-5ec2-4bbb-1501327a9f84"",""yes_price_dollars"":""0.6000""}"
KXBTC15M-26APR272100-00,37ecf889-b827-58a8-7e91-10c976d3d2d8,1777337135,0.59,1.1,yes,"{""count_fp"":""1.10"",""created_time"":""2026-04-28T00:45:35.265452Z"",""no_price_dollars"":""0.4100"",""taker_side"":""yes"",""ticker"":""KXBTC15M-26APR272100-00"",""trade_id"":""37ecf889-b827-58a8-7e91-10c976d3d2d8"",""yes_price_dollars"":""0.5900""}"
KXBTC15M-26APR272100-00,0f74dce7-7e8c-5d12-4181-8e16a7b1c9da,1777337135,0.6,125.51,yes,"{""count_fp"":""125.51"",""created_time"":""2026-04-28T00:45:35.265452Z"",""no_price_dollars"":""0.4000"",""taker_side"":""yes"",""ticker"":""KXBTC15M-26APR272100-00"",""trade_id"":""0f74dce7-7e8c-5d12-4181-8e16a7b1c9da"",""yes_price_dollars"":""0.6000""}"
KXBTC15M-26APR272100-00,cb77a90b-aac9-64ab-08f5-19cfd7646d1f,1777337135,0.58,17.49,no,"{""count_fp"":""17.49"",""created_time"":""2026-04-28T00:45:35.245293Z"",""no_price_dollars"":""0.4200"",""taker_side"":""no"",""ticker"":""KXBTC15M-26APR272100-00"",""trade_id"":""cb77a90b-aac9-64ab-08f5-19cfd7646d1f"",""yes_price_dollars"":""0.5800""}"
KXBTC15M-26APR272100-00,2ec5c44c-8195-6ecb-0f0a-4b37306abb97,1777337135,0.58,21.86,no,"{""count_fp"":""21.86"",""created_time"":""2026-04-28T00:45:35.188816Z"",""no_price_dollars"":""0.4200"",""taker_side"":""no"",""ticker"":""KXBTC15M-26APR272100-00"",""trade_id"":""2ec5c44c-8195-6ecb-0f0a-4b37306abb97"",""yes_price_dollars"":""0.5800""}"
KXBTC15M-26APR272100-00,b6e839c7-0689-75f2-421c-a2cb649dbcc9,1777337136,0.57,5.0,no,"{""count_fp"":""5.00"",""created_time"":""2026-04-28T00:45:36.904346Z"",""no_price_dollars"":""0.4300"",""taker_side"":""no"",""ticker"":""KXBTC15M-26APR272100-00"",""trade_id"":""b6e839c7-0689-75f2-421c-a2cb649dbcc9"",""yes_price_dollars"":""0.5700""}"
KXBTC15M-26APR272100-00,6aa1ea33-9f4e-7e08-5b7f-c3942491ff2c,1777337136,0.56,11.0,no,"{""count_fp"":""11.00"",""created_time"":""2026-04-28T00:45:36.904346Z"",""no_price_dollars"":""0.4400"",""taker_side"":""no"",""ticker"":""KXBTC15M-26APR272100-00"",""trade_id"":""6aa1ea33-9f4e-7e08-5b7f-c3942491ff2c"",""yes_price_dollars"":""0.5600""}"
KXBTC15M-26APR272100-00,19ce7113-0afd-4bcb-a44d-548445d29e6f,1777337136,0.58,63.12,no,"{""count_fp"":""63.12"",""created_time"":""2026-04-28T00:45:36.895852Z"",""no_price_dollars"":""0.4200"",""taker_side"":""no"",""ticker"":""KXBTC15M-26APR272100-00"",""trade_id"":""19ce7113-0afd-4bcb-a44d-548445d29e6f"",""yes_price_dollars"":""0.5800""}"
KXBTC15M-26APR272100-00,3b4a27d3-3af5-45c3-d8e5-1377be47cbea,1777337136,0.59,16.47,yes,"{""count_fp"":""16.47"",""created_time"":""2026-04-28T00:45:36.813305Z"",""no_price_dollars"":""0.4100"",""taker_side"":""yes"",""ticker"":""KXBTC15M-26APR272100-00"",""trade_id"":""3b4a27d3-3af5-45c3-d8e5-1377be47cbea"",""yes_price_dollars"":""0.5900""}"
KXBTC15M-26APR272100-00,a72fd187-d6f5-75d7-a42d-e4359ddbdf6e,1777337136,0.59,1.0,yes,"{""count_fp"":""1.00"",""created_time"":""2026-04-28T00:45:36.320953Z"",""no_price_dollars"":""0.4100"",""taker_side"":""yes"",""ticker"":""KXBTC15M-26APR272100-00"",""trade_id"":""a72fd187-d6f5-75d7-a42d-e4359ddbdf6e"",""yes_price_dollars"":""0.5900""}"
KXBTC15M-26APR272100-00,03670189-3a01-5cd3-f7e4-76caca4f6b8a,1777337136,0.59,2.0,yes,"{""count_fp"":""2.00"",""created_time"":""2026-04-28T00:45:36.045487Z"",""no_price_dollars"":""0.4100"",""taker_side"":""yes"",""ticker"":""KXBTC15M-26APR272100-00"",""trade_id"":""03670189-3a01-5cd3-f7e4-76caca4f6b8a"",""yes_price_dollars"":""0.5900""}"
KXBTC15M-26APR272100-00,bac40476-58bc-6fb2-7190-ecd123ecaa46,1777337137,0.55,2.0,yes,"{""count_fp"":""2.00"",""created_time"":""2026-04-28T00:45:37.947721Z"",""no_price_dollars"":""0.4500"",""taker_side"":""yes"",""ticker"":""KXBTC15M-26APR272100-00"",""trade_id"":""bac40476-58bc-6fb2-7190-ecd123ecaa46"",""yes_price_dollars"":""0.5500""}"
KXBTC15M-26APR272100-00,458cb994-04f0-7152-48bf-356eebf1526e,1777337137,0.55,5.23,yes,"{""count_fp"":""5.23"",""created_time"":""2026-04-28T00:45:37.820657Z"",""no_price_dollars"":""0.4500"",""taker_side"":""yes"",""ticker"":""KXBTC15M-26APR272100-00"",""trade_id"":""458cb994-04f0-7152-48bf-356eebf1526e"",""yes_price_dollars"":""0.5500""}"
KXBTC15M-26APR272100-00,d71cd1e1-22bc-7b92-7319-7425fbe8d9ee,1777337137,0.55,11.0,yes,"{""count_fp"":""11.00"",""created_time"":""2026-04-28T00:45:37.793015Z"",""no_price_dollars"":""0.4500"",""taker_side"":""yes"",""ticker"":""KXBTC15M-26APR272100-00"",""trade_id"":""d71cd1e1-22bc-7b92-7319-7425fbe8d9ee"",""yes_price_dollars"":""0.5500""}"
KXBTC15M-26APR272100-00,4d3cdccb-6c48-55c2-9577-b56eb17c66da,1777337137,0.55,8.23,yes,"{""count_fp"":""8.23"",""created_time"":""2026-04-28T00:45:37.771612Z"",""no_price_dollars"":""0.4500"",""taker_side"":""yes"",""ticker"":""KXBTC15M-26APR272100-00"",""trade_id"":""4d3cdccb-6c48-55c2-9577-b56eb17c66da"",""yes_price_dollars"":""0.5500""}"
KXBTC15M-26APR272100-00,84d6e6b9-8fd4-55e2-de0d-e4e5def5df92,1777337137,0.55,15.0,yes,"{""count_fp"":""15.00"",""created_time"":""2026-04-28T00:45:37.547747Z"",""no_price_dollars"":""0.4500"",""taker_side"":""yes"",""ticker"":""KXBTC15M-26APR272100-00"",""trade_id"":""84d6e6b9-8fd4-55e2-de0d-e4e5def5df92"",""yes_price_dollars"":""0.5500""}"
KXBTC15M-26APR272100-00,cd8f5d49-949c-4226-6db8-c5994997d212,1777337137,0.55,3.29,yes,"{""count_fp"":""3.29"",""created_time"":""2026-04-28T00:45:37.417659Z"",""no_price_dollars"":""0.4500"",""taker_side"":""yes"",""ticker"":""KXBTC15M-26APR272100-00"",""trade_id"":""cd8f5d49-949c-4226-6db8-c5994997d212"",""yes_price_dollars"":""0.5500""}"
KXBTC15M-26APR272100-00,498d8c60-b298-44ea-b919-755d95534f06,1777337137,0.55,100.0,yes,"{""count_fp"":""100.00"",""created_time"":""2026-04-28T00:45:37.337078Z"",""no_price_dollars"":""0.4500"",""taker_side"":""yes"",""ticker"":""KXBTC15M-26APR272100-00"",""trade_id"":""498d8c60-b298-44ea-b919-755d95534f06"",""yes_price_dollars"":""0.5500""}"
KXBTC15M-26APR272100-00,ca52a2bf-81d4-6d16-68e4-c7300d50ddc2,1777337137,0.55,1.19,yes,"{""count_fp"":""1.19"",""created_time"":""2026-04-28T00:45:37.283735Z"",""no_price_dollars"":""0.4500"",""taker_side"":""yes"",""ticker"":""KXBTC15M-26APR272100-00"",""trade_id"":""ca52a2bf-81d4-6d16-68e4-c7300d50ddc2"",""yes_price_dollars"":""0.5500""}"
KXBTC15M-26APR272100-00,9e18086d-dee3-6084-7124-44aa42d9ccca,1777337137,0.55,3.0,yes,"{""count_fp"":""3.00"",""created_time"":""2026-04-28T00:45:37.283735Z"",""no_price_dollars"":""0.4500"",""taker_side"":""yes"",""ticker"":""KXBTC15M-26APR272100-00"",""trade_id"":""9e18086d-dee3-6084-7124-44aa42d9ccca"",""yes_price_dollars"":""0.5500""}"
KXBTC15M-26APR272100-00,33b91dc4-549c-6c81-76d5-1b0588536753,1777337137,0.55,32.0,yes,"{""count_fp"":""32.00"",""created_time"":""2026-04-28T00:45:37.283735Z"",""no_price_dollars"":""0.4500"",""taker_side"":""yes"",""ticker"":""KXBTC15M-26APR272100-00"",""trade_id"":""33b91dc4-549c-6c81-76d5-1b0588536753"",""yes_price_dollars"":""0.5500""}"
KXBTC15M-26APR272100-00,8aca6c9c-5810-45e6-8e75-1cba5c7f33ca,1777337137,0.56,6.81,yes,"{""count_fp"":""6.81"",""created_time"":""2026-04-28T00:45:37.169552Z"",""no_price_dollars"":""0.4400"",""taker_side"":""yes"",""ticker"":""KXBTC15M-26APR272100-00"",""trade_id"":""8aca6c9c-5810-45e6-8e75-1cba5c7f33ca"",""yes_price_dollars"":""0.5600""}"
KXBTC15M-26APR272100-00,8dae1de0-61ea-5e48-d3e4-a3c47d21a852,1777337137,0.56,25.0,no,"{""count_fp"":""25.00"",""created_time"":""2026-04-28T00:45:37.112631Z"",""no_price_dollars"":""0.4400"",""taker_side"":""no"",""ticker"":""KXBTC15M-26APR272100-00"",""trade_id"":""8dae1de0-61ea-5e48-d3e4-a3c47d21a852"",""yes_price_dollars"":""0.5600""}"
KXBTC15M-26APR272100-00,be0709fe-11f4-7eea-6ea7-c1b0406a34cf,1777337137,0.57,3.0,yes,"{""count_fp"":""3.00"",""created_time"":""2026-04-28T00:45:37.028751Z"",""no_price_dollars"":""0.4300"",""taker_side"":""yes"",""ticker"":""KXBTC15M-26APR272100-00"",""trade_id"":""be0709fe-11f4-7eea-6ea7-c1b0406a34cf"",""yes_price_dollars"":""0.5700""}"
KXBTC15M-26APR272100-00,9c90fb29-6d18-70ae-4e68-869e3ef64e3e,1777337137,0.57,2.0,yes,"{""count_fp"":""2.00"",""created_time"":""2026-04-28T00:45:37.028751Z"",""no_price_dollars"":""0.4300"",""taker_side"":""yes"",""ticker"":""KXBTC15M-26APR272100-00"",""trade_id"":""9c90fb29-6d18-70ae-4e68-869e3ef64e3e"",""yes_price_dollars"":""0.5700""}"
KXBTC15M-26APR272100-00,fc89c9a2-cd54-793e-7caa-7c8bd2b89f0e,1777337138,0.53,170.31,yes,"{""count_fp"":""170.31"",""created_time"":""2026-04-28T00:45:38.739142Z"",""no_price_dollars"":""0.4700"",""taker_side"":""yes"",""ticker"":""KXBTC15M-26APR272100-00"",""trade_id"":""fc89c9a2-cd54-793e-7caa-7c8bd2b89f0e"",""yes_price_dollars"":""0.5300""}"
KXBTC15M-26APR272100-00,04303207-4604-7c16-2fa2-1e20bfc62c1a,1777337138,0.53,3.0,yes,"{""count_fp"":""3.00"",""created_time"":""2026-04-28T00:45:38.720009Z"",""no_price_dollars"":""0.4700"",""taker_side"":""yes"",""ticker"":""KXBTC15M-26APR272100-00"",""trade_id"":""04303207-4604-7c16-2fa2-1e20bfc62c1a"",""yes_price_dollars"":""0.5300""}"
KXBTC15M-26APR272100-00,dbc19c67-b9a4-43da-8724-10b31a77d856,1777337138,0.53,25.54,yes,"{""count_fp"":""25.54"",""created_time"":""2026-04-28T00:45:38.600836Z"",""no_price_dollars"":""0.4700"",""taker_side"":""yes"",""ticker"":""KXBTC15M-26APR272100-00"",""trade_id"":""dbc19c67-b9a4-43da-8724-10b31a77d856"",""yes_price_dollars"":""0.5300""}"
