ticker,trade_id,ts,yes_price,count,taker_side,raw_json
KXBTC15M-26APR271615-15,732a75c9-bffc-6cbf-ca86-99cc51a3a737,1777320001,0.5,7.0,yes,"{""count_fp"":""7.00"",""created_time"":""2026-04-27T20:00:01.882981Z"",""no_price_dollars"":""0.5000"",""taker_side"":""yes"",""ticker"":""KXBTC15M-26APR271615-15"",""trade_id"":""732a75c9-bffc-6cbf-ca86-99cc51a3a737"",""yes_price_dollars"":""0.5000""}"
KXBTC15M-26APR271615-15,a04183f6-725c-521b-54af-926c8a67b44b,1777320001,0.5,7.0,yes,"{""count_fp"":""7.00"",""created_time"":""2026-04-27T20:00:01.639963Z"",""no_price_dollars"":""0.5000"",""taker_side"":""yes"",""ticker"":""KXBTC15M-26APR271615-15"",""trade_id"":""a04183f6-725c-521b-54af-926c8a67b44b"",""yes_price_dollars"":""0.5000""}"
KXBTC15M-26APR271615-15,f5e1d5ac-60df-5a1a-066e-ca9ff8e764f0,1777320001,0.51,12.0,no,"{""count_fp"":""12.00"",""created_time"":""2026-04-27T20:00:01.475671Z"",""no_price_dollars"":""0.4900"",""taker_side"":""no"",""ticker"":""KXBTC15M-26APR271615-15"",""trade_id"":""f5e1d5ac-60df-5a1a-066e-ca9ff8e764f0"",""yes_price_dollars"":""0.5100""}"
KXBTC15M-26APR271615-15,a672fca9-71a1-5fcb-ecc9-8ccf3908d92e,1777320001,0.58,20.0,yes,"{""count_fp"":""20.00"",""created_time"":""2026-04-27T20:00:01.184768Z"",""no_price_dollars"":""0.4200"",""taker_side"":""yes"",""ticker"":""KXBTC15M-26APR271615-15"",""trade_id"":""a672fca9-71a1-5fcb-ecc9-8ccf3908d92e"",""yes_price_dollars"":""0.5800""}"
KXBTC15M-26APR271615-15,f9ec2a18-4a57-62b2-f195-27b3534a46c8,1777320001,0.51,3.0,no,"{""count_fp"":""3.00"",""created_time"":""2026-04-27T20:00:01.043082Z"",""no_price_dollars"":""0.4900"",""taker_side"":""no"",""ticker"":""KXBTC15M-26APR271615-15"",""trade_id"":""f9ec2a18-4a57-62b2-f195-27b3534a46c8"",""yes_price_dollars"":""0.5100""}"
KXBTC15M-26APR271615-15,9f1a7844-d628-6ef8-ee98-43c2920cf443,1777320001,0.51,8.0,no,"{""count_fp"":""8.00"",""created_time"":""2026-04-27T20:00:01.043082Z"",""no_price_dollars"":""0.4900"",""taker_side"":""no"",""ticker"":""KXBTC15M-26APR271615-15"",""trade_id"":""9f1a7844-d628-6ef8-ee98-43c2920cf443"",""yes_price_dollars"":""0.5100""}"
KXBTC15M-26APR271615-15,bd12a442-d763-46ae-8ef0-34b3dde79af0,1777320002,0.5,6.0,yes,"{""count_fp"":""6.00"",""created_time"":""2026-04-27T20:00:02.944434Z"",""no_price_dollars"":""0.5000"",""taker_side"":""yes"",""ticker"":""KXBTC15M-26APR271615-15"",""trade_id"":""bd12a442-d763-46ae-8ef0-34b3dde79af0"",""yes_price_dollars"":""0.5000""}"
KXBTC15M-26APR271615-15,8cd5283a-6b3f-708e-928d-8f323358daa0,1777320002,0.5,6.0,yes,"{""count_fp"":""6.00"",""created_time"":""2026-04-27T20:00:02.757112Z"",""no_price_dollars"":""0.5000"",""taker_side"":""yes"",""ticker"":""KXBTC15M-26APR271615-15"",""trade_id"":""8cd5283a-6b3f-708e-928d-8f323358daa0"",""yes_price_dollars"":""0.5000""}"
KXBTC15M-26APR271615-15,c2cf4daf-19fb-77ee-abc6-9d13888f4a88,1777320002,0.5,3.0,yes,"{""count_fp"":""3.00"",""created_time"":""2026-04-27T20:00:02.589392Z"",""no_price_dollars"":""0.5000"",""taker_side"":""yes"",""ticker"":""KXBTC15M-26APR271615-15"",""trade_id"":""c2cf4daf-19fb-77ee-abc6-9d13888f4a88"",""yes_price_dollars"":""0.5000""}"
KXBTC15M-26APR271615-15,3e230474-7756-7a30-aa4c-45bca0af2256,1777320002,0.5,9.0,yes,"{""count_fp"":""9.00"",""created_time"":""2026-04-27T20:00:02.589392Z"",""no_price_dollars"":""0.5000"",""taker_side"":""yes"",""ticker"":""KXBTC15M-26APR271615-15"",""trade_id"":""3e230474-7756-7a30-aa4c-45bca0af2256"",""yes_price_dollars"":""0.5000""}"
KXBTC15M-26APR271615-15,c862f35d-098a-4900-d6fd-1c91d6b53162,1777320002,0.5,6.0,yes,"{""count_fp"":""6.00"",""created_time"":""2026-04-27T20:00:02.539547Z"",""no_price_dollars"":""0.5000"",""taker_side"":""yes"",""ticker"":""KXBTC15M-26APR271615-15"",""trade_id"":""c862f35d-098a-4900-d6fd-1c91d6b53162"",""yes_price_dollars"":""0.5000""}"
KXBTC15M-26APR271615-15,a375538c-0494-563f-6364-e0714099f7e3,1777320002,0.5,7.0,yes,"{""count_fp"":""7.00"",""created_time"":""2026-04-27T20:00:02.089394Z"",""no_price_dollars"":""0.5000"",""taker_side"":""yes"",""ticker"":""KXBTC15M-26APR271615-15"",""trade_id"":""a375538c-0494-563f-6364-e0714099f7e3"",""yes_price_dollars"":""0.5000""}"
KXBTC15M-26APR271615-15,fdcafebe-9e5e-4f18-4ee3-311536c589dd,1777320003,0.5,7.0,yes,"{""count_fp"":""7.00"",""created_time"":""2026-04-27T20:00:03.832605Z"",""no_price_dollars"":""0.5000"",""taker_side"":""yes"",""ticker"":""KXBTC15M-26APR271615-15"",""trade_id"":""fdcafebe-9e5e-4f18-4ee3-311536c589dd"",""yes_price_dollars"":""0.5000""}"
KXBTC15M-26APR271615-15,78c1c144-7816-450c-2f17-2d556cc55f41,1777320003,0.5,6.0,yes,"{""count_fp"":""6.00"",""created_time"":""2026-04-27T20:00:03.592646Z"",""no_price_dollars"":""0.5000"",""taker_side"":""yes"",""ticker"":""KXBTC15M-26APR271615-15"",""trade_id"":""78c1c144-7816-450c-2f17-2d556cc55f41"",""yes_price_dollars"":""0.5000""}"
KXBTC15M-26APR271615-15,cd473201-6cc3-53a4-520a-cd73711ac468,1777320003,0.49,2.0,no,"{""count_fp"":""2.00"",""created_time"":""2026-04-27T20:00:03.471047Z"",""no_price_dollars"":""0.5100"",""taker_side"":""no"",""ticker"":""KXBTC15M-26APR271615-15"",""trade_id"":""cd473201-6cc3-53a4-520a-cd73711ac468"",""yes_price_dollars"":""0.4900""}"
KXBTC15M-26APR271615-15,09706d11-98b2-5963-66e0-f6a4e715cd78,1777320003,0.49,1.0,no,"{""count_fp"":""1.00"",""created_time"":""2026-04-27T20:00:03.471047Z"",""no_price_dollars"":""0.5100"",""taker_side"":""no"",""ticker"":""KXBTC15M-26APR271615-15"",""trade_id"":""09706d11-98b2-5963-66e0-f6a4e715cd78"",""yes_price_dollars"":""0.4900""}"
KXBTC15M-26APR271615-15,fde7860e-a35e-6700-8ba2-e5dda68d1c79,1777320003,0.5,6.0,yes,"{""count_fp"":""6.00"",""created_time"":""2026-04-27T20:00:03.393943Z"",""no_price_dollars"":""0.5000"",""taker_side"":""yes"",""ticker"":""KXBTC15M-26APR271615-15"",""trade_id"":""fde7860e-a35e-6700-8ba2-e5dda68d1c79"",""yes_price_dollars"":""0.5000""}"
KXBTC15M-26APR271615-15,9e0deab8-aefb-6c82-e66c-dd0b44ac1d5c,1777320003,0.5,10.0,yes,"{""count_fp"":""10.00"",""created_time"":""2026-04-27T20:00:03.302027Z"",""no_price_dollars"":""0.5000"",""taker_side"":""yes"",""ticker"":""KXBTC15M-26APR271615-15"",""trade_id"":""9e0deab8-aefb-6c82-e66c-dd0b44ac1d5c"",""yes_price_dollars"":""0.5000""}"
KXBTC15M-26APR271615-15,0e28e962-c4af-6dce-abb3-9b2dc71ca0d8,1777320003,0.5,18.0,yes,"{""count_fp"":""18.00"",""created_time"":""2026-04-27T20:00:03.297033Z"",""no_price_dollars"":""0.5000"",""taker_side"":""yes"",""ticker"":""KXBTC15M-26APR271615-15"",""trade_id"":""0e28e962-c4af-6dce-abb3-9b2dc71ca0d8"",""yes_price_dollars"":""0.5000""}"
KXBTC15M-26APR271615-15,36fe154a-5d9b-405a-9be3-e9065a920664,1777320003,0.5,5.0,yes,"{""count_fp"":""5.00"",""created_time"":""2026-04-27T20:00:03.230377Z"",""no_price_dollars"":""0.5000"",""taker_side"":""yes"",""ticker"":""KXBTC15M-26APR271615-15"",""trade_id"":""36fe154a-5d9b-405a-9be3-e9065a920664"",""yes_price_dollars"":""0.5000""}"
KXBTC15M-26APR271615-15,278adac0-15af-4e16-8dcd-c699ad558ef8,1777320003,0.5,3.0,yes,"{""count_fp"":""3.00"",""created_time"":""2026-04-27T20:00:03.230377Z"",""no_price_dollars"":""0.5000"",""taker_side"":""yes"",""ticker"":""KXBTC15M-26APR271615-15"",""trade_id"":""278adac0-15af-4e16-8dcd-c699ad558ef8"",""yes_price_dollars"":""0.5000""}"
KXBTC15M-26APR271615-15,e23035ef-bac2-7c5b-2648-4ad3b445a38d,1777320003,0.49,1.47,no,"{""count_fp"":""1.47"",""created_time"":""2026-04-27T20:00:03.119167Z"",""no_price_dollars"":""0.5100"",""taker_side"":""no"",""ticker"":""KXBTC15M-26APR271615-15"",""trade_id"":""e23035ef-bac2-7c5b-2648-4ad3b445a38d"",""yes_price_dollars"":""0.4900""}"
KXBTC15M-26APR271615-15,355b2fc5-649e-7f32-08a7-1dc740eb594e,1777320003,0.49,8.0,no,"{""count_fp"":""8.00"",""created_time"":""2026-04-27T20:00:03.119167Z"",""no_price_dollars"":""0.5100"",""taker_side"":""no"",""ticker"":""KXBTC15M-26APR271615-15"",""trade_id"":""355b2fc5-649e-7f32-08a7-1dc740eb594e"",""yes_price_dollars"":""0.4900""}"
KXBTC15M-26APR271615-15,2d5839d2-b125-5bf4-c2b8-16205b5d5ee8,1777320004,0.59,1.64,yes,"{""count_fp"":""1.64"",""created_time"":""2026-04-27T20:00:04.944786Z"",""no_price_dollars"":""0.4100"",""taker_side"":""yes"",""ticker"":""KXBTC15M-26APR271615-15"",""trade_id"":""2d5839d2-b125-5bf4-c2b8-16205b5d5ee8"",""yes_price_dollars"":""0.5900""}"
KXBTC15M-26APR271615-15,4b7bf564-7425-4a30-8c4b-1a78b035275a,1777320004,0.58,10.0,yes,"{""count_fp"":""10.00"",""created_time"":""2026-04-27T20:00:04.916857Z"",""no_price_dollars"":""0.4200"",""taker_side"":""yes"",""ticker"":""KXBTC15M-26APR271615-15"",""trade_id"":""4b7bf564-7425-4a30-8c4b-1a78b035275a"",""yes_price_dollars"":""0.5800""}"
KXBTC15M-26APR271615-15,c048ccff-e608-4cc0-9fe2-77906822c2f6,1777320004,0.56,1.0,no,"{""count_fp"":""1.00"",""created_time"":""2026-04-27T20:00:04.785378Z"",""no_price_dollars"":""0.4400"",""taker_side"":""no"",""ticker"":""KXBTC15M-26APR271615-15"",""trade_id"":""c048ccff-e608-4cc0-9fe2-77906822c2f6"",""yes_price_dollars"":""0.5600""}"
KXBTC15M-26APR271615-15,84938190-0cef-4a2b-b85e-f230d3e91501,1777320004,0.54,96.0,no,"{""count_fp"":""96.00"",""created_time"":""2026-04-27T20:00:04.785378Z"",""no_price_dollars"":""0.4600"",""taker_side"":""no"",""ticker"":""KXBTC15M-26APR271615-15"",""trade_id"":""84938190-0cef-4a2b-b85e-f230d3e91501"",""yes_price_dollars"":""0.5400""}"
KXBTC15M-26APR271615-15,1db2dafb-920b-4cb4-a4b1-791b684025f8,1777320004,0.56,3.0,no,"{""count_fp"":""3.00"",""created_time"":""2026-04-27T20:00:04.785378Z"",""no_price_dollars"":""0.4400"",""taker_side"":""no"",""ticker"":""KXBTC15M-26APR271615-15"",""trade_id"":""1db2dafb-920b-4cb4-a4b1-791b684025f8"",""yes_price_dollars"":""0.5600""}"
KXBTC15M-26APR271615-15,724fd22f-f57c-6665-b773-674c6ea157b5,1777320004,0.56,4.47,no,"{""count_fp"":""4.47"",""created_time"":""2026-04-27T20:00:04.645392Z"",""no_price_dollars"":""0.4400"",""taker_side"":""no"",""ticker"":""KXBTC15M-26APR271615-15"",""trade_id"":""724fd22f-f57c-6665-b773-674c6ea157b5"",""yes_price_dollars"":""0.5600""}"
KXBTC15M-26APR271615-15,2935d27a-225d-6cd5-bf08-1033afbf94c9,1777320004,0.56,5.0,no,"{""count_fp"":""5.00"",""created_time"":""2026-04-27T20:00:04.645392Z"",""no_price_dollars"":""0.4400"",""taker_side"":""no"",""ticker"":""KXBTC15M-26APR271615-15"",""trade_id"":""2935d27a-225d-6cd5-bf08-1033afbf94c9"",""yes_price_dollars"":""0.5600""}"
KXBTC15M-26APR271615-15,5f16bbc9-3c1d-5c64-e732-dcf29574b0a8,1777320004,0.59,7.0,yes,"{""count_fp"":""7.00"",""created_time"":""2026-04-27T20:00:04.465811Z"",""no_price_dollars"":""0.4100"",""taker_side"":""yes"",""ticker"":""KXBTC15M-26APR271615-15"",""trade_id"":""5f16bbc9-3c1d-5c64-e732-dcf29574b0a8"",""yes_price_dollars"":""0.5900""}"
KXBTC15M-26APR271615-15,522ec5e1-b857-5d18-e7b7-29b71799ce60,1777320004,0.55,1.0,yes,"{""count_fp"":""1.00"",""created_time"":""2026-04-27T20:00:04.420616Z"",""no_price_dollars"":""0.4500"",""taker_side"":""yes"",""ticker"":""KXBTC15M-26APR271615-15"",""trade_id"":""522ec5e1-b857-5d18-e7b7-29b71799ce60"",""yes_price_dollars"":""0.5500""}"
KXBTC15M-26APR271615-15,771402d7-012e-5d94-fcba-aab1d06acc09,1777320004,0.5,3.0,yes,"{""count_fp"":""3.00"",""created_time"":""2026-04-27T20:00:04.348777Z"",""no_price_dollars"":""0.5000"",""taker_side"":""yes"",""ticker"":""KXBTC15M-26APR271615-15"",""trade_id"":""771402d7-012e-5d94-fcba-aab1d06acc09"",""yes_price_dollars"":""0.5000""}"
KXBTC15M-26APR271615-15,516b35d8-bafe-5011-e0c6-189e3396c9be,1777320004,0.5,30.0,yes,"{""count_fp"":""30.00"",""created_time"":""2026-04-27T20:00:04.348777Z"",""no_price_dollars"":""0.5000"",""taker_side"":""yes"",""ticker"":""KXBTC15M-26APR271615-15"",""trade_id"":""516b35d8-bafe-5011-e0c6-189e3396c9be"",""yes_price_dollars"":""0.5000""}"
KXBTC15M-26APR271615-15,ff430e9a-0b72-7478-5b67-174e99ba2645,1777320004,0.5,6.0,yes,"{""count_fp"":""6.00"",""created_time"":""2026-04-27T20:00:04.237305Z"",""no_price_dollars"":""0.5000"",""taker_side"":""yes"",""ticker"":""KXBTC15M-26APR271615-15"",""trade_id"":""ff430e9a-0b72-7478-5b67-174e99ba2645"",""yes_price_dollars"":""0.5000""}"
KXBTC15M-26APR271615-15,59f45359-05fa-46c4-b6dc-fc5d16f17985,1777320004,0.5,6.0,yes,"{""count_fp"":""6.00"",""created_time"":""2026-04-27T20:00:04.033963Z"",""no_price_dollars"":""0.5000"",""taker_side"":""yes"",""ticker"":""KXBTC15M-26APR271615-15"",""trade_id"":""59f45359-05fa-46c4-b6dc-fc5d16f17985"",""yes_price_dollars"":""0.5000""}"
KXBTC15M-26APR271615-15,96635f76-6636-42b2-81b6-ce5345f86457,1777320005,0.56,1.0,no,"{""count_fp"":""1.00"",""created_time"":""2026-04-27T20:00:05.276433Z"",""no_price_dollars"":""0.4400"",""taker_side"":""no"",""ticker"":""KXBTC15M-26APR271615-15"",""trade_id"":""96635f76-6636-42b2-81b6-ce5345f86457"",""yes_price_dollars"":""0.5600""}"
KXBTC15M-26APR271615-15,73adee1e-7a2b-743b-e180-cf2ee75fd868,1777320006,0.57,19.77,yes,"{""count_fp"":""19.77"",""created_time"":""2026-04-27T20:00:06.344957Z"",""no_price_dollars"":""0.4300"",""taker_side"":""yes"",""ticker"":""KXBTC15M-26APR271615-15"",""trade_id"":""73adee1e-7a2b-743b-e180-cf2ee75fd868"",""yes_price_dollars"":""0.5700""}"
KXBTC15M-26APR271615-15,ecd1c29d-0a92-5d36-2452-e7a625cdeab5,1777320007,0.56,52.79,yes,"{""count_fp"":""52.79"",""created_time"":""2026-04-27T20:00:07.850059Z"",""no_price_dollars"":""0.4400"",""taker_side"":""yes"",""ticker"":""KXBTC15M-26APR271615-15"",""trade_id"":""ecd1c29d-0a92-5d36-2452-e7a625cdeab5"",""yes_price_dollars"":""0.5600""}"
KXBTC15M-26APR271615-15,dacb5a27-a5f0-6e94-93dc-de959ad8e333,1777320007,0.54,78.57,no,"{""count_fp"":""78.57"",""created_time"":""2026-04-27T20:00:07.839637Z"",""no_price_dollars"":""0.4600"",""taker_side"":""no"",""ticker"":""KXBTC15M-26APR271615-15"",""trade_id"":""dacb5a27-a5f0-6e94-93dc-de959ad8e333"",""yes_price_dollars"":""0.5400""}"
KXBTC15M-26APR271615-15,94c7ec1f-a4d3-5af7-e409-f05f1ab9fbe8,1777320007,0.56,2.0,no,"{""count_fp"":""2.00"",""created_time"":""2026-04-27T20:00:07.823296Z"",""no_price_dollars"":""0.4400"",""taker_side"":""no"",""ticker"":""KXBTC15M-26APR271615-15"",""trade_id"":""94c7ec1f-a4d3-5af7-e409-f05f1ab9fbe8"",""yes_price_dollars"":""0.5600""}"
KXBTC15M-26APR271615-15,3079b74b-facf-4a93-f10a-2f32761bd978,1777320007,0.57,16.74,yes,"{""count_fp"":""16.74"",""created_time"":""2026-04-27T20:00:07.359609Z"",""no_price_dollars"":""0.4300"",""taker_side"":""yes"",""ticker"":""KXBTC15M-26APR271615-15"",""trade_id"":""3079b74b-facf-4a93-f10a-2f32761bd978"",""yes_price_dollars"":""0.5700""}"
KXBTC15M-26APR271615-15,d3c6a2be-86e9-7dc3-0f5b-8878c26f51e3,1777320007,0.56,1.0,no,"{""count_fp"":""1.00"",""created_time"":""2026-04-27T20:00:07.334598Z"",""no_price_dollars"":""0.4400"",""taker_side"":""no"",""ticker"":""KXBTC15M-26APR271615-15"",""trade_id"":""d3c6a2be-86e9-7dc3-0f5b-8878c26f51e3"",""yes_price_dollars"":""0.5600""}"
KXBTC15M-26APR271615-15,a998398a-2f0f-7aaf-067c-f6a57a349a30,1777320007,0.56,8.0,no,"{""count_fp"":""8.00"",""created_time"":""2026-04-27T20:00:07.334598Z"",""no_price_dollars"":""0.4400"",""taker_side"":""no"",""ticker"":""KXBTC15M-26APR271615-15"",""trade_id"":""a998398a-2f0f-7aaf-067c-f6a57a349a30"",""yes_price_dollars"":""0.5600""}"
KXBTC15M-26APR271615-15,9b1aaa03-2ec7-5762-f030-0ccfd1785785,1777320008,0.53,6.21,no,"{""count_fp"":""6.21"",""created_time"":""2026-04-27T20:00:08.950265Z"",""no_price_dollars"":""0.4700"",""taker_side"":""no"",""ticker"":""KXBTC15M-26APR271615-15"",""trade_id"":""9b1aaa03-2ec7-5762-f030-0ccfd1785785"",""yes_price_dollars"":""0.5300""}"
KXBTC15M-26APR271615-15,c45afde0-123e-5ac6-fbc9-5193ebfff1a5,1777320008,0.56,25.98,yes,"{""count_fp"":""25.98"",""created_time"":""2026-04-27T20:00:08.728126Z"",""no_price_dollars"":""0.4400"",""taker_side"":""yes"",""ticker"":""KXBTC15M-26APR271615-15"",""trade_id"":""c45afde0-123e-5ac6-fbc9-5193ebfff1a5"",""yes_price_dollars"":""0.5600""}"
KXBTC15M-26APR271615-15,366dc794-0e3a-5e72-201b-3c9e26057b79,1777320008,0.56,7.83,yes,"{""count_fp"":""7.83"",""created_time"":""2026-04-27T20:00:08.013937Z"",""no_price_dollars"":""0.4400"",""taker_side"":""yes"",""ticker"":""KXBTC15M-26APR271615-15"",""trade_id"":""366dc794-0e3a-5e72-201b-3c9e26057b79"",""yes_price_dollars"":""0.5600""}"
KXBTC15M-26APR271615-15,4dcd5098-697a-6142-0438-adb6f1fca515,1777320009,0.56,24.64,yes,"{""count_fp"":""24.64"",""created_time"":""2026-04-27T20:00:09.926757Z"",""no_price_dollars"":""0.4400"",""taker_side"":""yes"",""ticker"":""KXBTC15M-26APR271615-15"",""trade_id"":""4dcd5098-697a-6142-0438-adb6f1fca515"",""yes_price_dollars"":""0.5600""}"
KXBTC15M-26APR271615-15,257c883e-25a0-69b2-2814-14589f533559,1777320009,0.55,10.0,yes,"{""count_fp"":""10.00"",""created_time"":""2026-04-27T20:00:09.926757Z"",""no_price_dollars"":""0.4500"",""taker_side"":""yes"",""ticker"":""KXBTC15M-26APR271615-15"",""trade_id"":""257c883e-25a0-69b2-2814-14589f533559"",""yes_price_dollars"":""0.5500""}"
KXBTC15M-26APR271615-15,8e3eef39-1942-7df6-859d-31b9f979a931,1777320009,0.56,10.39,yes,"{""count_fp"":""10.39"",""created_time"":""2026-04-27T20:00:09.599123Z"",""no_price_dollars"":""0.4400"",""taker_side"":""yes"",""ticker"":""KXBTC15M-26APR271615-15"",""trade_id"":""8e3eef39-1942-7df6-859d-31b9f979a931"",""yes_price_dollars"":""0.5600""}"
KXBTC15M-26APR271615-15,9df65184-d0f2-43ae-a93c-424e91f48b65,1777320009,0.56,5.0,yes,"{""count_fp"":""5.00"",""created_time"":""2026-04-27T20:00:09.495075Z"",""no_price_dollars"":""0.4400"",""taker_side"":""yes"",""ticker"":""KXBTC15M-26APR271615-15"",""trade_id"":""9df65184-d0f2-43ae-a93c-424e91f48b65"",""yes_price_dollars"":""0.5600""}"
KXBTC15M-26APR271615-15,e865e4cd-d537-4ef4-1287-b6cc590bae65,1777320009,0.51,3.58,no,"{""count_fp"":""3.58"",""created_time"":""2026-04-27T20:00:09.183009Z"",""no_price_dollars"":""0.4900"",""taker_side"":""no"",""ticker"":""KXBTC15M-26APR271615-15"",""trade_id"":""e865e4cd-d537-4ef4-1287-b6cc590bae65"",""yes_price_dollars"":""0.5100""}"
KXBTC15M-26APR271615-15,b2385fda-1fdb-421b-2b91-ccb60df3a013,1777320009,0.53,1.0,no,"{""count_fp"":""1.00"",""created_time"":""2026-04-27T20:00:09.183009Z"",""no_price_dollars"":""0.4700"",""taker_side"":""no"",""ticker"":""KXBTC15M-26APR271615-15"",""trade_id"":""b2385fda-1fdb-421b-2b91-ccb60df3a013"",""yes_price_dollars"":""0.5300""}"
KXBTC15M-26APR271615-15,b0f1a75d-65f3-4b8e-2481-46f02fcbb951,1777320009,0.53,93.79,no,"{""count_fp"":""93.79"",""created_time"":""2026-04-27T20:00:09.183009Z"",""no_price_dollars"":""0.4700"",""taker_side"":""no"",""ticker"":""KXBTC15M-26APR271615-15"",""trade_id"":""b0f1a75d-65f3-4b8e-2481-46f02fcbb951"",""yes_price_dollars"":""0.5300""}"
KXBTC15M-26APR271615-15,57fa7907-0c76-58ee-66ee-45e1fa9c90f1,1777320010,0.56,18.05,yes,"{""count_fp"":""18.05"",""created_time"":""2026-04-27T20:00:10.761299Z"",""no_price_dollars"":""0.4400"",""taker_side"":""yes"",""ticker"":""KXBTC15M-26APR271615-15"",""trade_id"":""57fa7907-0c76-58ee-66ee-45e1fa9c90f1"",""yes_price_dollars"":""0.5600""}"
KXBTC15M-26APR271615-15,2520ed7e-4552-5379-52e1-3de4b96885eb,1777320010,0.55,1.0,yes,"{""count_fp"":""1.00"",""created_time"":""2026-04-27T20:00:10.761299Z"",""no_price_dollars"":""0.4500"",""taker_side"":""yes"",""ticker"":""KXBTC15M-26APR271615-15"",""trade_id"":""2520ed7e-4552-5379-52e1-3de4b96885eb"",""yes_price_dollars"":""0.5500""}"
KXBTC15M-26APR271615-15,b7c9d897-f331-656a-c0a7-338d4792b5df,1777320010,0.55,1.0,yes,"{""count_fp"":""1.00"",""created_time"":""2026-04-27T20:00:10.611593Z"",""no_price_dollars"":""0.4500"",""taker_side"":""yes"",""ticker"":""KXBTC15M-26APR271615-15"",""trade_id"":""b7c9d897-f331-656a-c0a7-338d4792b5df"",""yes_price_dollars"":""0.5500""}"
KXBTC15M-26APR271615-15,77da480d-9c6e-640e-fe2c-56e6b7888da5,1777320010,0.56,7.66,yes,"{""count_fp"":""7.66"",""created_time"":""2026-04-27T20:00:10.611593Z"",""no_price_dollars"":""0.4400"",""taker_side"":""yes"",""ticker"":""KXBTC15M-26APR271615-15"",""trade_id"":""77da480d-9c6e-640e-fe2c-56e6b7888da5"",""yes_price_dollars"":""0.5600""}"
KXBTC15M-26APR271615-15,5e5fb065-76b4-4071-80d8-05102244264d,1777320010,0.55,1.0,yes,"{""count_fp"":""1.00"",""created_time"":""2026-04-27T20:00:10.216425Z"",""no_price_dollars"":""0.4500"",""taker_side"":""yes"",""ticker"":""KXBTC15M-26APR271615-15"",""trade_id"":""5e5fb065-76b4-4071-80d8-05102244264d"",""yes_price_dollars"":""0.5500""}"
KXBTC15M-26APR271615-15,0660a464-6a46-47ca-9a14-3b607ca5e29d,1777320010,0.56,41.0,yes,"{""count_fp"":""41.00"",""created_time"":""2026-04-27T20:00:10.216425Z"",""no_price_dollars"":""0.4400"",""taker_side"":""yes"",""ticker"":""KXBTC15M-26APR271615-15"",""trade_id"":""0660a464-6a46-47ca-9a14-3b607ca5e29d"",""yes_price_dollars"":""0.5600""}"
KXBTC15M-26APR271615-15,fda72f81-a63a-5f0e-2897-09f944241a71,1777320011,0.56,4.66,yes,"{""count_fp"":""4.66"",""created_time"":""2026-04-27T20:00:11.935279Z"",""no_price_dollars"":""0.4400"",""taker_side"":""yes"",""ticker"":""KXBTC15M-26APR271615-15"",""trade_id"":""fda72f81-a63a-5f0e-2897-09f944241a71"",""yes_price_dollars"":""0.5600""}"
KXBTC15M-26APR271615-15,be5e7ebe-d275-5724-1cd3-fbbf04bee38d,1777320011,0.58,6.85,yes,"{""count_fp"":""6.85"",""created_time"":""2026-04-27T20:00:11.935279Z"",""no_price_dollars"":""0.4200"",""taker_side"":""yes"",""ticker"":""KXBTC15M-26APR271615-15"",""trade_id"":""be5e7ebe-d275-5724-1cd3-fbbf04bee38d"",""yes_price_dollars"":""0.5800""}"
KXBTC15M-26APR271615-15,9c1c511a-4dc2-548c-0e3f-ffbe4926ae2f,1777320011,0.56,4.0,yes,"{""count_fp"":""4.00"",""created_time"":""2026-04-27T20:00:11.935279Z"",""no_price_dollars"":""0.4400"",""taker_side"":""yes"",""ticker"":""KXBTC15M-26APR271615-15"",""trade_id"":""9c1c511a-4dc2-548c-0e3f-ffbe4926ae2f"",""yes_price_dollars"":""0.5600""}"
KXBTC15M-26APR271615-15,59273145-cf51-554c-3fcd-54a62c59a635,1777320011,0.55,1.0,yes,"{""count_fp"":""1.00"",""created_time"":""2026-04-27T20:00:11.935279Z"",""no_price_dollars"":""0.4500"",""taker_side"":""yes"",""ticker"":""KXBTC15M-26APR271615-15"",""trade_id"":""59273145-cf51-554c-3fcd-54a62c59a635"",""yes_price_dollars"":""0.5500""}"
KXBTC15M-26APR271615-15,ae9be2e2-52f4-599a-c9bb-00ed087fbf22,1777320011,0.54,1.0,no,"{""count_fp"":""1.00"",""created_time"":""2026-04-27T20:00:11.703507Z"",""no_price_dollars"":""0.4600"",""taker_side"":""no"",""ticker"":""KXBTC15M-26APR271615-15"",""trade_id"":""ae9be2e2-52f4-599a-c9bb-00ed087fbf22"",""yes_price_dollars"":""0.5400""}"
KXBTC15M-26APR271615-15,5dcc3d75-7a1b-647e-47ce-f85ce961d3a1,1777320011,0.54,80.01,no,"{""count_fp"":""80.01"",""created_time"":""2026-04-27T20:00:11.076554Z"",""no_price_dollars"":""0.4600"",""taker_side"":""no"",""ticker"":""KXBTC15M-26APR271615-15"",""trade_id"":""5dcc3d75-7a1b-647e-47ce-f85ce961d3a1"",""yes_price_dollars"":""0.5400""}"
KXBTC15M-26APR271615-15,cde76568-0328-76da-f45d-0c481a49412e,1777320012,0.54,14.66,no,"{""count_fp"":""14.66"",""created_time"":""2026-04-27T20:00:12.123967Z"",""no_price_dollars"":""0.4600"",""taker_side"":""no"",""ticker"":""KXBTC15M-26APR271615-15"",""trade_id"":""cde76568-0328-76da-f45d-0c481a49412e"",""yes_price_dollars"":""0.5400""}"
KXBTC15M-26APR271615-15,ceba9f29-998c-7a55-ae13-1ee2bab777bd,1777320013,0.53,56.05,no,"{""count_fp"":""56.05"",""created_time"":""2026-04-27T20:00:13.891185Z"",""no_price_dollars"":""0.4700"",""taker_side"":""no"",""ticker"":""KXBTC15M-26APR271615-15"",""trade_id"":""ceba9f29-998c-7a55-ae13-1ee2bab777bd"",""yes_price_dollars"":""0.5300""}"
KXBTC15M-26APR271615-15,abcbe12f-cafa-7adb-ab8b-4a6c1b0e5b37,1777320013,0.55,91.0,no,"{""count_fp"":""91.00"",""created_time"":""2026-04-27T20:00:13.891185Z"",""no_price_dollars"":""0.4500"",""taker_side"":""no"",""ticker"":""KXBTC15M-26APR271615-15"",""trade_id"":""abcbe12f-cafa-7adb-ab8b-4a6c1b0e5b37"",""yes_price_dollars"":""0.5500""}"
KXBTC15M-26APR271615-15,9dc81333-7126-7407-a51c-dfd72228129b,1777320013,0.54,34.0,no,"{""count_fp"":""34.00"",""created_time"":""2026-04-27T20:00:13.891185Z"",""no_price_dollars"":""0.4600"",""taker_side"":""no"",""ticker"":""KXBTC15M-26APR271615-15"",""trade_id"":""9dc81333-7126-7407-a51c-dfd72228129b"",""yes_price_dollars"":""0.5400""}"
KXBTC15M-26APR271615-15,5505b9b7-fb20-7498-a6a0-4dc8f242622d,1777320013,0.55,3.0,no,"{""count_fp"":""3.00"",""created_time"":""2026-04-27T20:00:13.891185Z"",""no_price_dollars"":""0.4500"",""taker_side"":""no"",""ticker"":""KXBTC15M-26APR271615-15"",""trade_id"":""5505b9b7-fb20-7498-a6a0-4dc8f242622d"",""yes_price_dollars"":""0.5500""}"
KXBTC15M-26APR271615-15,4c3822ec-d36d-7eca-842e-8131984c64ec,1777320013,0.54,25.42,no,"{""count_fp"":""25.42"",""created_time"":""2026-04-27T20:00:13.891185Z"",""no_price_dollars"":""0.4600"",""taker_side"":""no"",""ticker"":""KXBTC15M-26APR271615-15"",""trade_id"":""4c3822ec-d36d-7eca-842e-8131984c64ec"",""yes_price_dollars"":""0.5400""}"
KXBTC15M-26APR271615-15,900f80c8-61b6-5df7-dd86-a4ade19685cb,1777320013,0.55,9.0,no,"{""count_fp"":""9.00"",""created_time"":""2026-04-27T20:00:13.889165Z"",""no_price_dollars"":""0.4500"",""taker_side"":""no"",""ticker"":""KXBTC15M-26APR271615-15"",""trade_id"":""900f80c8-61b6-5df7-dd86-a4ade19685cb"",""yes_price_dollars"":""0.5500""}"
KXBTC15M-26APR271615-15,83a3c3db-b0a9-5309-f00d-df208453ba5a,1777320013,0.55,1.0,no,"{""count_fp"":""1.00"",""created_time"":""2026-04-27T20:00:13.889165Z"",""no_price_dollars"":""0.4500"",""taker_side"":""no"",""ticker"":""KXBTC15M-26APR271615-15"",""trade_id"":""83a3c3db-b0a9-5309-f00d-df208453ba5a"",""yes_price_dollars"":""0.5500""}"
KXBTC15M-26APR271615-15,79d503b5-a2f1-65ad-d282-290bac3f42e8,1777320013,0.56,3.0,yes,"{""count_fp"":""3.00"",""created_time"":""2026-04-27T20:00:13.733601Z"",""no_price_dollars"":""0.4400"",""taker_side"":""yes"",""ticker"":""KXBTC15M-26APR271615-15"",""trade_id"":""79d503b5-a2f1-65ad-d282-290bac3f42e8"",""yes_price_dollars"":""0.5600""}"
KXBTC15M-26APR271615-15,40ae4778-0369-604c-d7b3-4b5eb598d6ac,1777320013,0.56,1.0,yes,"{""count_fp"":""1.00"",""created_time"":""2026-04-27T20:00:13.733601Z"",""no_price_dollars"":""0.4400"",""taker_side"":""yes"",""ticker"":""KXBTC15M-26APR271615-15"",""trade_id"":""40ae4778-0369-604c-d7b3-4b5eb598d6ac"",""yes_price_dollars"":""0.5600""}"
KXBTC15M-26APR271615-15,1c1dc0ab-0ffd-6769-f8ea-a50a4cd18e8b,1777320013,0.58,12.57,yes,"{""count_fp"":""12.57"",""created_time"":""2026-04-27T20:00:13.733601Z"",""no_price_dollars"":""0.4200"",""taker_side"":""yes"",""ticker"":""KXBTC15M-26APR271615-15"",""trade_id"":""1c1dc0ab-0ffd-6769-f8ea-a50a4cd18e8b"",""yes_price_dollars"":""0.5800""}"
KXBTC15M-26APR271615-15,bc7e26d3-3799-7895-b258-825093124e2b,1777320013,0.55,56.0,no,"{""count_fp"":""56.00"",""created_time"":""2026-04-27T20:00:13.667187Z"",""no_price_dollars"":""0.4500"",""taker_side"":""no"",""ticker"":""KXBTC15M-26APR271615-15"",""trade_id"":""bc7e26d3-3799-7895-b258-825093124e2b"",""yes_price_dollars"":""0.5500""}"
KXBTC15M-26APR271615-15,95968831-7b9d-705e-9bea-5ccea5b727bc,1777320013,0.54,14.58,no,"{""count_fp"":""14.58"",""created_time"":""2026-04-27T20:00:13.667187Z"",""no_price_dollars"":""0.4600"",""taker_side"":""no"",""ticker"":""KXBTC15M-26APR271615-15"",""trade_id"":""95968831-7b9d-705e-9bea-5ccea5b727bc"",""yes_price_dollars"":""0.5400""}"
KXBTC15M-26APR271615-15,11f83388-69e3-780a-b4d3-04f66f1a3961,1777320013,0.55,96.99,no,"{""count_fp"":""96.99"",""created_time"":""2026-04-27T20:00:13.667187Z"",""no_price_dollars"":""0.4500"",""taker_side"":""no"",""ticker"":""KXBTC15M-26APR271615-15"",""trade_id"":""11f83388-69e3-780a-b4d3-04f66f1a3961"",""yes_price_dollars"":""0.5500""}"
KXBTC15M-26APR271615-15,ff6b317b-7fc3-48d2-8406-988f6e949eb1,1777320013,0.55,3.0,no,"{""count_fp"":""3.00"",""created_time"":""2026-04-27T20:00:13.631954Z"",""no_price_dollars"":""0.4500"",""taker_side"":""no"",""ticker"":""KXBTC15M-26APR271615-15"",""trade_id"":""ff6b317b-7fc3-48d2-8406-988f6e949eb1"",""yes_price_dollars"":""0.5500""}"
KXBTC15M-26APR271615-15,de770f8c-e7da-6986-0477-3f81fc912cae,1777320014,0.55,1.0,no,"{""count_fp"":""1.00"",""created_time"":""2026-04-27T20:00:14.986653Z"",""no_price_dollars"":""0.4500"",""taker_side"":""no"",""ticker"":""KXBTC15M-26APR271615-15"",""trade_id"":""de770f8c-e7da-6986-0477-3f81fc912cae"",""yes_price_dollars"":""0.5500""}"
KXBTC15M-26APR271615-15,ba17f583-a374-665a-0a0f-33bfc8bfe613,1777320014,0.54,29.74,no,"{""count_fp"":""29.74"",""created_time"":""2026-04-27T20:00:14.986653Z"",""no_price_dollars"":""0.4600"",""taker_side"":""no"",""ticker"":""KXBTC15M-26APR271615-15"",""trade_id"":""ba17f583-a374-665a-0a0f-33bfc8bfe613"",""yes_price_dollars"":""0.5400""}"
KXBTC15M-26APR271615-15,b4fd5edb-e4eb-68e0-0460-8ec21da14fba,1777320014,0.54,3.0,no,"{""count_fp"":""3.00"",""created_time"":""2026-04-27T20:00:14.986653Z"",""no_price_dollars"":""0.4600"",""taker_side"":""no"",""ticker"":""KXBTC15M-26APR271615-15"",""trade_id"":""b4fd5edb-e4eb-68e0-0460-8ec21da14fba"",""yes_price_dollars"":""0.5400""}"
KXBTC15M-26APR271615-15,b2003ea6-0985-6126-1123-4f1b71b9fc7e,1777320014,0.55,100.0,no,"{""count_fp"":""100.00"",""created_time"":""2026-04-27T20:00:14.986653Z"",""no_price_dollars"":""0.4500"",""taker_side"":""no"",""ticker"":""KXBTC15M-26APR271615-15"",""trade_id"":""b2003ea6-0985-6126-1123-4f1b71b9fc7e"",""yes_price_dollars"":""0.5500""}"
KXBTC15M-26APR271615-15,5d9d19af-36d4-6c99-0db5-cab1284e2409,1777320014,0.53,70.91,no,"{""count_fp"":""70.91"",""created_time"":""2026-04-27T20:00:14.986653Z"",""no_price_dollars"":""0.4700"",""taker_side"":""no"",""ticker"":""KXBTC15M-26APR271615-15"",""trade_id"":""5d9d19af-36d4-6c99-0db5-cab1284e2409"",""yes_price_dollars"":""0.5300""}"
KXBTC15M-26APR271615-15,43051ecd-108b-67ea-14ea-a161923f4a6c,1777320014,0.55,40.0,no,"{""count_fp"":""40.00"",""created_time"":""2026-04-27T20:00:14.986653Z"",""no_price_dollars"":""0.4500"",""taker_side"":""no"",""ticker"":""KXBTC15M-26APR271615-15"",""trade_id"":""43051ecd-108b-67ea-14ea-a161923f4a6c"",""yes_price_dollars"":""0.5500""}"
KXBTC15M-26APR271615-15,32b884a5-2f21-6286-2081-c018c91a05f7,1777320014,0.56,8.16,no,"{""count_fp"":""8.16"",""created_time"":""2026-04-27T20:00:14.986653Z"",""no_price_dollars"":""0.4400"",""taker_side"":""no"",""ticker"":""KXBTC15M-26APR271615-15"",""trade_id"":""32b884a5-2f21-6286-2081-c018c91a05f7"",""yes_price_dollars"":""0.5600""}"
KXBTC15M-26APR271615-15,2ee351d4-9e91-6c2e-1640-db23baaac2fd,1777320014,0.55,10.0,no,"{""count_fp"":""10.00"",""created_time"":""2026-04-27T20:00:14.986653Z"",""no_price_dollars"":""0.4500"",""taker_side"":""no"",""ticker"":""KXBTC15M-26APR271615-15"",""trade_id"":""2ee351d4-9e91-6c2e-1640-db23baaac2fd"",""yes_price_dollars"":""0.5500""}"
KXBTC15M-26APR271615-15,ccc667e2-4cb3-53ba-42fc-b00c59b21ccd,1777320014,0.56,3.77,no,"{""count_fp"":""3.77"",""created_time"":""2026-04-27T20:00:14.918058Z"",""no_price_dollars"":""0.4400"",""taker_side"":""no"",""ticker"":""KXBTC15M-26APR271615-15"",""trade_id"":""ccc667e2-4cb3-53ba-42fc-b00c59b21ccd"",""yes_price_dollars"":""0.5600""}"
KXBTC15M-26APR271615-15,46601d21-ce01-524a-54dd-6b08dea5dcdf,1777320014,0.56,31.84,no,"{""count_fp"":""31.84"",""created_time"":""2026-04-27T20:00:14.918058Z"",""no_price_dollars"":""0.4400"",""taker_side"":""no"",""ticker"":""KXBTC15M-26APR271615-15"",""trade_id"":""46601d21-ce01-524a-54dd-6b08dea5dcdf"",""yes_price_dollars"":""0.5600""}"
KXBTC15M-26APR271615-15,e5b84b44-e7ab-4e6e-b44e-548abe1421b1,1777320014,0.56,3.0,no,"{""count_fp"":""3.00"",""created_time"":""2026-04-27T20:00:14.876369Z"",""no_price_dollars"":""0.4400"",""taker_side"":""no"",""ticker"":""KXBTC15M-26APR271615-15"",""trade_id"":""e5b84b44-e7ab-4e6e-b44e-548abe1421b1"",""yes_price_dollars"":""0.5600""}"
KXBTC15M-26APR271615-15,a3d68a95-b5dc-528d-a249-4acc28160032,1777320014,0.57,1.0,yes,"{""count_fp"":""1.00"",""created_time"":""2026-04-27T20:00:14.391598Z"",""no_price_dollars"":""0.4300"",""taker_side"":""yes"",""ticker"":""KXBTC15M-26APR271615-15"",""trade_id"":""a3d68a95-b5dc-528d-a249-4acc28160032"",""yes_price_dollars"":""0.5700""}"
KXBTC15M-26APR271615-15,a4595b3f-e0b0-657a-0d4f-301681d90d25,1777320014,0.56,9.24,no,"{""count_fp"":""9.24"",""created_time"":""2026-04-27T20:00:14.275574Z"",""no_price_dollars"":""0.4400"",""taker_side"":""no"",""ticker"":""KXBTC15M-26APR271615-15"",""trade_id"":""a4595b3f-e0b0-657a-0d4f-301681d90d25"",""yes_price_dollars"":""0.5600""}"
KXBTC15M-26APR271615-15,2df197e2-b0d3-6f9e-168e-eaf24f824151,1777320014,0.56,1.23,no,"{""count_fp"":""1.23"",""created_time"":""2026-04-27T20:00:14.275574Z"",""no_price_dollars"":""0.4400"",""taker_side"":""no"",""ticker"":""KXBTC15M-26APR271615-15"",""trade_id"":""2df197e2-b0d3-6f9e-168e-eaf24f824151"",""yes_price_dollars"":""0.5600""}"
KXBTC15M-26APR271615-15,3271e941-5778-541a-6611-069395b21a31,1777320014,0.56,30.76,no,"{""count_fp"":""30.76"",""created_time"":""2026-04-27T20:00:14.233484Z"",""no_price_dollars"":""0.4400"",""taker_side"":""no"",""ticker"":""KXBTC15M-26APR271615-15"",""trade_id"":""3271e941-5778-541a-6611-069395b21a31"",""yes_price_dollars"":""0.5600""}"
KXBTC15M-26APR271615-15,e79111b2-bca0-623e-50cc-7cfd3de0e457,1777320014,0.54,10.26,no,"{""count_fp"":""10.26"",""created_time"":""2026-04-27T20:00:14.104202Z"",""no_price_dollars"":""0.4600"",""taker_side"":""no"",""ticker"":""KXBTC15M-26APR271615-15"",""trade_id"":""e79111b2-bca0-623e-50cc-7cfd3de0e457"",""yes_price_dollars"":""0.5400""}"
KXBTC15M-26APR271615-15,6efba1a7-4820-672b-5bb4-46691125f120,1777320014,0.55,3.0,no,"{""count_fp"":""3.00"",""created_time"":""2026-04-27T20:00:14.104202Z"",""no_price_dollars"":""0.4500"",""taker_side"":""no"",""ticker"":""KXBTC15M-26APR271615-15"",""trade_id"":""6efba1a7-4820-672b-5bb4-46691125f120"",""yes_price_dollars"":""0.5500""}"
KXBTC15M-26APR271615-15,3986d3e0-a0b6-6cb5-7c35-b24a436ab827,1777320014,0.55,1.0,no,"{""count_fp"":""1.00"",""created_time"":""2026-04-27T20:00:14.104202Z"",""no_price_dollars"":""0.4500"",""taker_side"":""no"",""ticker"":""KXBTC15M-26APR271615-15"",""trade_id"":""3986d3e0-a0b6-6cb5-7c35-b24a436ab827"",""yes_price_dollars"":""0.5500""}"
KXBTC15M-26APR271615-15,32b659e4-2e3f-6586-5619-d8c75ff14d97,1777320014,0.55,40.0,no,"{""count_fp"":""40.00"",""created_time"":""2026-04-27T20:00:14.104202Z"",""no_price_dollars"":""0.4500"",""taker_side"":""no"",""ticker"":""KXBTC15M-26APR271615-15"",""trade_id"":""32b659e4-2e3f-6586-5619-d8c75ff14d97"",""yes_price_dollars"":""0.5500""}"
KXBTC15M-26APR271615-15,2e0f404e-18c3-6056-7326-b12c2b81904a,1777320014,0.56,40.0,no,"{""count_fp"":""40.00"",""created_time"":""2026-04-27T20:00:14.104202Z"",""no_price_dollars"":""0.4400"",""taker_side"":""no"",""ticker"":""KXBTC15M-26APR271615-15"",""trade_id"":""2e0f404e-18c3-6056-7326-b12c2b81904a"",""yes_price_dollars"":""0.5600""}"
KXBTC15M-26APR271615-15,7c0ce9e8-c12c-6306-684f-8cbc8a6b56a4,1777320015,0.56,38.51,no,"{""count_fp"":""38.51"",""created_time"":""2026-04-27T20:00:15.891165Z"",""no_price_dollars"":""0.4400"",""taker_side"":""no"",""ticker"":""KXBTC15M-26APR271615-15"",""trade_id"":""7c0ce9e8-c12c-6306-684f-8cbc8a6b56a4"",""yes_price_dollars"":""0.5600""}"
KXBTC15M-26APR271615-15,aff44076-3ce0-6e0a-653d-592b97598a50,1777320015,0.56,1.13,no,"{""count_fp"":""1.13"",""created_time"":""2026-04-27T20:00:15.575703Z"",""no_price_dollars"":""0.4400"",""taker_side"":""no"",""ticker"":""KXBTC15M-26APR271615-15"",""trade_id"":""aff44076-3ce0-6e0a-653d-592b97598a50"",""yes_price_dollars"":""0.5600""}"
KXBTC15M-26APR271615-15,96aa0587-d134-6bb4-4ae3-8eb37db02c14,1777320015,0.56,1.0,no,"{""count_fp"":""1.00"",""created_time"":""2026-04-27T20:00:15.575703Z"",""no_price_dollars"":""0.4400"",""taker_side"":""no"",""ticker"":""KXBTC15M-26APR271615-15"",""trade_id"":""96aa0587-d134-6bb4-4ae3-8eb37db02c14"",""yes_price_dollars"":""0.5600""}"
KXBTC15M-26APR271615-15,85957822-6608-5a5a-3366-755f24600940,1777320015,0.56,40.79,no,"{""count_fp"":""40.79"",""created_time"":""2026-04-27T20:00:15.429797Z"",""no_price_dollars"":""0.4400"",""taker_side"":""no"",""ticker"":""KXBTC15M-26APR271615-15"",""trade_id"":""85957822-6608-5a5a-3366-755f24600940"",""yes_price_dollars"":""0.5600""}"
KXBTC15M-26APR271615-15,9e7f2fd4-ff3a-5dc3-fd73-6c529165be9c,1777320015,0.56,20.0,no,"{""count_fp"":""20.00"",""created_time"":""2026-04-27T20:00:15.205269Z"",""no_price_dollars"":""0.4400"",""taker_side"":""no"",""ticker"":""KXBTC15M-26APR271615-15"",""trade_id"":""9e7f2fd4-ff3a-5dc3-fd73-6c529165be9c"",""yes_price_dollars"":""0.5600""}"
KXBTC15M-26APR271615-15,42f8858b-fb82-70e8-9f79-7fae42fe28cc,1777320015,0.56,1.0,yes,"{""count_fp"":""1.00"",""created_time"":""2026-04-27T20:00:15.161973Z"",""no_price_dollars"":""0.4400"",""taker_side"":""yes"",""ticker"":""KXBTC15M-26APR271615-15"",""trade_id"":""42f8858b-fb82-70e8-9f79-7fae42fe28cc"",""yes_price_dollars"":""0.5600""}"
KXBTC15M-26APR271615-15,63f91410-9f77-6bcc-490e-c3fb8bfc3c51,1777320015,0.56,2.03,yes,"{""count_fp"":""2.03"",""created_time"":""2026-04-27T20:00:15.076614Z"",""no_price_dollars"":""0.4400"",""taker_side"":""yes"",""ticker"":""KXBTC15M-26APR271615-15"",""trade_id"":""63f91410-9f77-6bcc-490e-c3fb8bfc3c51"",""yes_price_dollars"":""0.5600""}"
KXBTC15M-26APR271615-15,4e261e03-f953-4ace-060f-b14d2a2865cf,1777320016,0.57,1.0,yes,"{""count_fp"":""1.00"",""created_time"":""2026-04-27T20:00:16.293202Z"",""no_price_dollars"":""0.4300"",""taker_side"":""yes"",""ticker"":""KXBTC15M-26APR271615-15"",""trade_id"":""4e261e03-f953-4ace-060f-b14d2a2865cf"",""yes_price_dollars"":""0.5700""}"
KXBTC15M-26APR271615-15,2daa0c85-013d-4fe1-14f7-3d94b54b848f,1777320016,0.57,10.0,yes,"{""count_fp"":""10.00"",""created_time"":""2026-04-27T20:00:16.293202Z"",""no_price_dollars"":""0.4300"",""taker_side"":""yes"",""ticker"":""KXBTC15M-26APR271615-15"",""trade_id"":""2daa0c85-013d-4fe1-14f7-3d94b54b848f"",""yes_price_dollars"":""0.5700""}"
KXBTC15M-26APR271615-15,43d6e5df-15db-7b36-1954-3779996e4e41,1777320016,0.56,64.19,no,"{""count_fp"":""64.19"",""created_time"":""2026-04-27T20:00:16.113347Z"",""no_price_dollars"":""0.4400"",""taker_side"":""no"",""ticker"":""KXBTC15M-26APR271615-15"",""trade_id"":""43d6e5df-15db-7b36-1954-3779996e4e41"",""yes_price_dollars"":""0.5600""}"
KXBTC15M-26APR271615-15,57f5541e-30dd-77a5-029e-830459cb34c7,1777320017,0.58,4.99,yes,"{""count_fp"":""4.99"",""created_time"":""2026-04-27T20:00:17.580724Z"",""no_price_dollars"":""0.4200"",""taker_side"":""yes"",""ticker"":""KXBTC15M-26APR271615-15"",""trade_id"":""57f5541e-30dd-77a5-029e-830459cb34c7"",""yes_price_dollars"":""0.5800""}"
KXBTC15M-26APR271615-15,d97a647d-3ba3-60f2-35f2-adb255039c25,1777320017,0.57,0.72,no,"{""count_fp"":""0.72"",""created_time"":""2026-04-27T20:00:17.315758Z"",""no_price_dollars"":""0.4300"",""taker_side"":""no"",""ticker"":""KXBTC15M-26APR271615-15"",""trade_id"":""d97a647d-3ba3-60f2-35f2-adb255039c25"",""yes_price_dollars"":""0.5700""}"
KXBTC15M-26APR271615-15,d05aeb57-410d-6698-2af9-15e0b6dcec02,1777320017,0.57,18.14,no,"{""count_fp"":""18.14"",""created_time"":""2026-04-27T20:00:17.315758Z"",""no_price_dollars"":""0.4300"",""taker_side"":""no"",""ticker"":""KXBTC15M-26APR271615-15"",""trade_id"":""d05aeb57-410d-6698-2af9-15e0b6dcec02"",""yes_price_dollars"":""0.5700""}"
KXBTC15M-26APR271615-15,4fc60f74-e7a9-6e37-27ef-6faa4611a598,1777320017,0.57,3.0,no,"{""count_fp"":""3.00"",""created_time"":""2026-04-27T20:00:17.315758Z"",""no_price_dollars"":""0.4300"",""taker_side"":""no"",""ticker"":""KXBTC15M-26APR271615-15"",""trade_id"":""4fc60f74-e7a9-6e37-27ef-6faa4611a598"",""yes_price_dollars"":""0.5700""}"
KXBTC15M-26APR271615-15,60c7c1e7-26c0-519b-dd56-15a49a7bcaff,1777320018,0.56,10.95,no,"{""count_fp"":""10.95"",""created_time"":""2026-04-27T20:00:18.876465Z"",""no_price_dollars"":""0.4400"",""taker_side"":""no"",""ticker"":""KXBTC15M-26APR271615-15"",""trade_id"":""60c7c1e7-26c0-519b-dd56-15a49a7bcaff"",""yes_price_dollars"":""0.5600""}"
KXBTC15M-26APR271615-15,4f6f1bf0-6c94-4a94-e1ed-4ca4f5265503,1777320018,0.56,182.39,no,"{""count_fp"":""182.39"",""created_time"":""2026-04-27T20:00:18.512964Z"",""no_price_dollars"":""0.4400"",""taker_side"":""no"",""ticker"":""KXBTC15M-26APR271615-15"",""trade_id"":""4f6f1bf0-6c94-4a94-e1ed-4ca4f5265503"",""yes_price_dollars"":""0.5600""}"
KXBTC15M-26APR271615-15,a85a9102-555c-4324-854a-6bc040c41dab,1777320018,0.57,35.67,no,"{""count_fp"":""35.67"",""created_time"":""2026-04-27T20:00:18.437049Z"",""no_price_dollars"":""0.4300"",""taker_side"":""no"",""ticker"":""KXBTC15M-26APR271615-15"",""trade_id"":""a85a9102-555c-4324-854a-6bc040c41dab"",""yes_price_dollars"":""0.5700""}"
KXBTC15M-26APR271615-15,bffdb842-3708-54c0-c5dc-7382acfa92f7,1777320018,0.57,44.53,no,"{""count_fp"":""44.53"",""created_time"":""2026-04-27T20:00:18.422623Z"",""no_price_dollars"":""0.4300"",""taker_side"":""no"",""ticker"":""KXBTC15M-26APR271615-15"",""trade_id"":""bffdb842-3708-54c0-c5dc-7382acfa92f7"",""yes_price_dollars"":""0.5700""}"
KXBTC15M-26APR271615-15,f10f7391-e0aa-7f7d-9ef7-87727223a7da,1777320018,0.57,9.71,no,"{""count_fp"":""9.71"",""created_time"":""2026-04-27T20:00:18.415636Z"",""no_price_dollars"":""0.4300"",""taker_side"":""no"",""ticker"":""KXBTC15M-26APR271615-15"",""trade_id"":""f10f7391-e0aa-7f7d-9ef7-87727223a7da"",""yes_price_dollars"":""0.5700""}"
KXBTC15M-26APR271615-15,ce4c853d-2fe4-7e98-afc1-a349fc491b5f,1777320018,0.57,12.87,no,"{""count_fp"":""12.87"",""created_time"":""2026-04-27T20:00:18.415636Z"",""no_price_dollars"":""0.4300"",""taker_side"":""no"",""ticker"":""KXBTC15M-26APR271615-15"",""trade_id"":""ce4c853d-2fe4-7e98-afc1-a349fc491b5f"",""yes_price_dollars"":""0.5700""}"
KXBTC15M-26APR271615-15,391d3298-615e-7c95-32eb-9253ad90e1ee,1777320018,0.57,52.03,no,"{""count_fp"":""52.03"",""created_time"":""2026-04-27T20:00:18.403421Z"",""no_price_dollars"":""0.4300"",""taker_side"":""no"",""ticker"":""KXBTC15M-26APR271615-15"",""trade_id"":""391d3298-615e-7c95-32eb-9253ad90e1ee"",""yes_price_dollars"":""0.5700""}"
KXBTC15M-26APR271615-15,6465ae63-19f5-4229-492c-1df674d70ad7,1777320018,0.58,4.68,yes,"{""count_fp"":""4.68"",""created_time"":""2026-04-27T20:00:18.206235Z"",""no_price_dollars"":""0.4200"",""taker_side"":""yes"",""ticker"":""KXBTC15M-26APR271615-15"",""trade_id"":""6465ae63-19f5-4229-492c-1df674d70ad7"",""yes_price_dollars"":""0.5800""}"
KXBTC15M-26APR271615-15,fbcffbe5-9192-5516-8d99-d6a0c468e3d5,1777320020,0.57,6.25,yes,"{""count_fp"":""6.25"",""created_time"":""2026-04-27T20:00:20.551574Z"",""no_price_dollars"":""0.4300"",""taker_side"":""yes"",""ticker"":""KXBTC15M-26APR271615-15"",""trade_id"":""fbcffbe5-9192-5516-8d99-d6a0c468e3d5"",""yes_price_dollars"":""0.5700""}"
KXBTC15M-26APR271615-15,04dc0a4f-3734-4802-9f4c-18e18585156a,1777320021,0.56,262.43,no,"{""count_fp"":""262.43"",""created_time"":""2026-04-27T20:00:21.914374Z"",""no_price_dollars"":""0.4400"",""taker_side"":""no"",""ticker"":""KXBTC15M-26APR271615-15"",""trade_id"":""04dc0a4f-3734-4802-9f4c-18e18585156a"",""yes_price_dollars"":""0.5600""}"
KXBTC15M-26APR271615-15,b10e24d3-be8a-5feb-6a03-da6c35cfef6a,1777320021,0.57,22.28,yes,"{""count_fp"":""22.28"",""created_time"":""2026-04-27T20:00:21.910712Z"",""no_price_dollars"":""0.4300"",""taker_side"":""yes"",""ticker"":""KXBTC15M-26APR271615-15"",""trade_id"":""b10e24d3-be8a-5feb-6a03-da6c35cfef6a"",""yes_price_dollars"":""0.5700""}"
KXBTC15M-26APR271615-15,8ca2770d-850c-78d6-db24-7f153851c82a,1777320021,0.56,0.93,no,"{""count_fp"":""0.93"",""created_time"":""2026-04-27T20:00:21.849177Z"",""no_price_dollars"":""0.4400"",""taker_side"":""no"",""ticker"":""KXBTC15M-26APR271615-15"",""trade_id"":""8ca2770d-850c-78d6-db24-7f153851c82a"",""yes_price_dollars"":""0.5600""}"
KXBTC15M-26APR271615-15,6e57a573-8ec5-76c3-c2d5-607f2aa79a19,1777320021,0.56,10.0,no,"{""count_fp"":""10.00"",""created_time"":""2026-04-27T20:00:21.849177Z"",""no_price_dollars"":""0.4400"",""taker_side"":""no"",""ticker"":""KXBTC15M-26APR271615-15"",""trade_id"":""6e57a573-8ec5-76c3-c2d5-607f2aa79a19"",""yes_price_dollars"":""0.5600""}"
KXBTC15M-26APR271615-15,3eb60cb1-9cf9-4343-b3fa-00d79977d58d,1777320021,0.56,21.86,no,"{""count_fp"":""21.86"",""created_time"":""2026-04-27T20:00:21.742949Z"",""no_price_dollars"":""0.4400"",""taker_side"":""no"",""ticker"":""KXBTC15M-26APR271615-15"",""trade_id"":""3eb60cb1-9cf9-4343-b3fa-00d79977d58d"",""yes_price_dollars"":""0.5600""}"
KXBTC15M-26APR271615-15,9f23a688-a1f2-5b87-2f19-c13be7520592,1777320021,0.57,34.05,yes,"{""count_fp"":""34.05"",""created_time"":""2026-04-27T20:00:21.493325Z"",""no_price_dollars"":""0.4300"",""taker_side"":""yes"",""ticker"":""KXBTC15M-26APR271615-15"",""trade_id"":""9f23a688-a1f2-5b87-2f19-c13be7520592"",""yes_price_dollars"":""0.5700""}"
KXBTC15M-26APR271615-15,e6cc79ae-f995-748b-c236-931489bb9995,1777320021,0.56,9.0,no,"{""count_fp"":""9.00"",""created_time"":""2026-04-27T20:00:21.489214Z"",""no_price_dollars"":""0.4400"",""taker_side"":""no"",""ticker"":""KXBTC15M-26APR271615-15"",""trade_id"":""e6cc79ae-f995-748b-c236-931489bb9995"",""yes_price_dollars"":""0.5600""}"
KXBTC15M-26APR271615-15,ced882b5-48ee-744a-29b4-a59cd3a1b9ba,1777320021,0.57,3.13,yes,"{""count_fp"":""3.13"",""created_time"":""2026-04-27T20:00:21.458716Z"",""no_price_dollars"":""0.4300"",""taker_side"":""yes"",""ticker"":""KXBTC15M-26APR271615-15"",""trade_id"":""ced882b5-48ee-744a-29b4-a59cd3a1b9ba"",""yes_price_dollars"":""0.5700""}"
KXBTC15M-26APR271615-15,751babdb-61ca-7fe3-2d56-79f23504d22e,1777320021,0.57,18.43,yes,"{""count_fp"":""18.43"",""created_time"":""2026-04-27T20:00:21.458716Z"",""no_price_dollars"":""0.4300"",""taker_side"":""yes"",""ticker"":""KXBTC15M-26APR271615-15"",""trade_id"":""751babdb-61ca-7fe3-2d56-79f23504d22e"",""yes_price_dollars"":""0.5700""}"
KXBTC15M-26APR271615-15,fe770f6c-8016-7152-3c12-ebb2fa79546e,1777320021,0.57,21.87,yes,"{""count_fp"":""21.87"",""created_time"":""2026-04-27T20:00:21.447421Z"",""no_price_dollars"":""0.4300"",""taker_side"":""yes"",""ticker"":""KXBTC15M-26APR271615-15"",""trade_id"":""fe770f6c-8016-7152-3c12-ebb2fa79546e"",""yes_price_dollars"":""0.5700""}"
KXBTC15M-26APR271615-15,90287615-ad86-7ef3-39d9-69c89a5a6006,1777320021,0.57,5.0,yes,"{""count_fp"":""5.00"",""created_time"":""2026-04-27T20:00:21.447421Z"",""no_price_dollars"":""0.4300"",""taker_side"":""yes"",""ticker"":""KXBTC15M-26APR271615-15"",""trade_id"":""90287615-ad86-7ef3-39d9-69c89a5a6006"",""yes_price_dollars"":""0.5700""}"
KXBTC15M-26APR271615-15,628ab028-67ba-75a6-11ad-52e93e16a665,1777320021,0.57,10.0,yes,"{""count_fp"":""10.00"",""created_time"":""2026-04-27T20:00:21.447421Z"",""no_price_dollars"":""0.4300"",""taker_side"":""yes"",""ticker"":""KXBTC15M-26APR271615-15"",""trade_id"":""628ab028-67ba-75a6-11ad-52e93e16a665"",""yes_price_dollars"":""0.5700""}"
KXBTC15M-26APR271615-15,89dbdb65-0a59-7f90-0a02-8458e1daf959,1777320021,0.57,0.96,yes,"{""count_fp"":""0.96"",""created_time"":""2026-04-27T20:00:21.210304Z"",""no_price_dollars"":""0.4300"",""taker_side"":""yes"",""ticker"":""KXBTC15M-26APR271615-15"",""trade_id"":""89dbdb65-0a59-7f90-0a02-8458e1daf959"",""yes_price_dollars"":""0.5700""}"
KXBTC15M-26APR271615-15,3539ab7a-eba6-7c3a-396e-afad56234d7d,1777320021,0.57,32.08,yes,"{""count_fp"":""32.08"",""created_time"":""2026-04-27T20:00:21.210304Z"",""no_price_dollars"":""0.4300"",""taker_side"":""yes"",""ticker"":""KXBTC15M-26APR271615-15"",""trade_id"":""3539ab7a-eba6-7c3a-396e-afad56234d7d"",""yes_price_dollars"":""0.5700""}"
KXBTC15M-26APR271615-15,a0b1bfc4-10b0-43a4-997e-d136fb4718a7,1777320021,0.56,217.69,no,"{""count_fp"":""217.69"",""created_time"":""2026-04-27T20:00:21.058378Z"",""no_price_dollars"":""0.4400"",""taker_side"":""no"",""ticker"":""KXBTC15M-26APR271615-15"",""trade_id"":""a0b1bfc4-10b0-43a4-997e-d136fb4718a7"",""yes_price_dollars"":""0.5600""}"
KXBTC15M-26APR271615-15,6e94417e-a835-4369-9876-d6dadaf7c1fa,1777320021,0.56,1.0,no,"{""count_fp"":""1.00"",""created_time"":""2026-04-27T20:00:21.058378Z"",""no_price_dollars"":""0.4400"",""taker_side"":""no"",""ticker"":""KXBTC15M-26APR271615-15"",""trade_id"":""6e94417e-a835-4369-9876-d6dadaf7c1fa"",""yes_price_dollars"":""0.5600""}"
KXBTC15M-26APR271615-15,3144eb75-bbef-49aa-b42d-c7d27f382895,1777320022,0.57,32.8,no,"{""count_fp"":""32.80"",""created_time"":""2026-04-27T20:00:22.455967Z"",""no_price_dollars"":""0.4300"",""taker_side"":""no"",""ticker"":""KXBTC15M-26APR271615-15"",""trade_id"":""3144eb75-bbef-49aa-b42d-c7d27f382895"",""yes_price_dollars"":""0.5700""}"
KXBTC15M-26APR271615-15,9baedb5b-402f-5c3a-6e18-1cf7d273c815,1777320022,0.57,34.32,no,"{""count_fp"":""34.32"",""created_time"":""2026-04-27T20:00:22.349476Z"",""no_price_dollars"":""0.4300"",""taker_side"":""no"",""ticker"":""KXBTC15M-26APR271615-15"",""trade_id"":""9baedb5b-402f-5c3a-6e18-1cf7d273c815"",""yes_price_dollars"":""0.5700""}"
KXBTC15M-26APR271615-15,5f892749-d22b-5e94-6849-bef7cd855d4e,1777320022,0.57,11.58,no,"{""count_fp"":""11.58"",""created_time"":""2026-04-27T20:00:22.349476Z"",""no_price_dollars"":""0.4300"",""taker_side"":""no"",""ticker"":""KXBTC15M-26APR271615-15"",""trade_id"":""5f892749-d22b-5e94-6849-bef7cd855d4e"",""yes_price_dollars"":""0.5700""}"
KXBTC15M-26APR271615-15,0499cfc4-e9d7-77bc-31ce-63f890cfc5c2,1777320022,0.57,24.05,no,"{""count_fp"":""24.05"",""created_time"":""2026-04-27T20:00:22.225308Z"",""no_price_dollars"":""0.4300"",""taker_side"":""no"",""ticker"":""KXBTC15M-26APR271615-15"",""trade_id"":""0499cfc4-e9d7-77bc-31ce-63f890cfc5c2"",""yes_price_dollars"":""0.5700""}"
KXBTC15M-26APR271615-15,a40a5d4f-e4f9-7415-5637-5d5bfe452597,1777320022,0.58,37.72,yes,"{""count_fp"":""37.72"",""created_time"":""2026-04-27T20:00:22.175662Z"",""no_price_dollars"":""0.4200"",""taker_side"":""yes"",""ticker"":""KXBTC15M-26APR271615-15"",""trade_id"":""a40a5d4f-e4f9-7415-5637-5d5bfe452597"",""yes_price_dollars"":""0.5800""}"
KXBTC15M-26APR271615-15,7b6361f2-299f-609c-ed0d-d79be37f3dca,1777320022,0.57,4.37,no,"{""count_fp"":""4.37"",""created_time"":""2026-04-27T20:00:22.152669Z"",""no_price_dollars"":""0.4300"",""taker_side"":""no"",""ticker"":""KXBTC15M-26APR271615-15"",""trade_id"":""7b6361f2-299f-609c-ed0d-d79be37f3dca"",""yes_price_dollars"":""0.5700""}"
KXBTC15M-26APR271615-15,ec0da688-9ae5-4051-03cb-00fdcd2a9a3b,1777320022,0.58,22.0,yes,"{""count_fp"":""22.00"",""created_time"":""2026-04-27T20:00:22.139921Z"",""no_price_dollars"":""0.4200"",""taker_side"":""yes"",""ticker"":""KXBTC15M-26APR271615-15"",""trade_id"":""ec0da688-9ae5-4051-03cb-00fdcd2a9a3b"",""yes_price_dollars"":""0.5800""}"
KXBTC15M-26APR271615-15,5d74e257-369a-469f-32ca-20a505f2eafe,1777320022,0.57,23.67,yes,"{""count_fp"":""23.67"",""created_time"":""2026-04-27T20:00:22.123494Z"",""no_price_dollars"":""0.4300"",""taker_side"":""yes"",""ticker"":""KXBTC15M-26APR271615-15"",""trade_id"":""5d74e257-369a-469f-32ca-20a505f2eafe"",""yes_price_dollars"":""0.5700""}"
KXBTC15M-26APR271615-15,c9cc40ce-0ef7-57be-be32-8d6f3992e6e1,1777320023,0.57,568.55,no,"{""count_fp"":""568.55"",""created_time"":""2026-04-27T20:00:23.955541Z"",""no_price_dollars"":""0.4300"",""taker_side"":""no"",""ticker"":""KXBTC15M-26APR271615-15"",""trade_id"":""c9cc40ce-0ef7-57be-be32-8d6f3992e6e1"",""yes_price_dollars"":""0.5700""}"
KXBTC15M-26APR271615-15,902f0f07-33cd-5aec-a300-ad3488ffa601,1777320023,0.57,800.0,no,"{""count_fp"":""800.00"",""created_time"":""2026-04-27T20:00:23.955541Z"",""no_price_dollars"":""0.4300"",""taker_side"":""no"",""ticker"":""KXBTC15M-26APR271615-15"",""trade_id"":""902f0f07-33cd-5aec-a300-ad3488ffa601"",""yes_price_dollars"":""0.5700""}"
KXBTC15M-26APR271615-15,7d3b1875-e3f1-566f-b5a2-75bcd32cfcc9,1777320023,0.57,99.14,no,"{""count_fp"":""99.14"",""created_time"":""2026-04-27T20:00:23.955541Z"",""no_price_dollars"":""0.4300"",""taker_side"":""no"",""ticker"":""KXBTC15M-26APR271615-15"",""trade_id"":""7d3b1875-e3f1-566f-b5a2-75bcd32cfcc9"",""yes_price_dollars"":""0.5700""}"
KXBTC15M-26APR271615-15,4abc1336-912c-58b2-a852-33cb97e6d52a,1777320023,0.57,489.31,no,"{""count_fp"":""489.31"",""created_time"":""2026-04-27T20:00:23.955541Z"",""no_price_dollars"":""0.4300"",""taker_side"":""no"",""ticker"":""KXBTC15M-26APR271615-15"",""trade_id"":""4abc1336-912c-58b2-a852-33cb97e6d52a"",""yes_price_dollars"":""0.5700""}"
KXBTC15M-26APR271615-15,474178c1-f23f-5dcf-ac20-662184faaf5c,1777320023,0.57,40.0,no,"{""count_fp"":""40.00"",""created_time"":""2026-04-27T20:00:23.955541Z"",""no_price_dollars"":""0.4300"",""taker_side"":""no"",""ticker"":""KXBTC15M-26APR271615-15"",""trade_id"":""474178c1-f23f-5dcf-ac20-662184faaf5c"",""yes_price_dollars"":""0.5700""}"
KXBTC15M-26APR271615-15,25424a09-4250-5623-b020-e4a2ae82d6d1,1777320023,0.57,3.0,no,"{""count_fp"":""3.00"",""created_time"":""2026-04-27T20:00:23.955541Z"",""no_price_dollars"":""0.4300"",""taker_side"":""no"",""ticker"":""KXBTC15M-26APR271615-15"",""trade_id"":""25424a09-4250-5623-b020-e4a2ae82d6d1"",""yes_price_dollars"":""0.5700""}"
KXBTC15M-26APR271615-15,bb8998d5-1215-6c79-6f1c-6ac317a00a3f,1777320023,0.58,1.0,yes,"{""count_fp"":""1.00"",""created_time"":""2026-04-27T20:00:23.897725Z"",""no_price_dollars"":""0.4200"",""taker_side"":""yes"",""ticker"":""KXBTC15M-26APR271615-15"",""trade_id"":""bb8998d5-1215-6c79-6f1c-6ac317a00a3f"",""yes_price_dollars"":""0.5800""}"
KXBTC15M-26APR271615-15,f9a83af4-41e0-6fd2-a29a-b113ee6e8042,1777320023,0.57,10.69,no,"{""count_fp"":""10.69"",""created_time"":""2026-04-27T20:00:23.750855Z"",""no_price_dollars"":""0.4300"",""taker_side"":""no"",""ticker"":""KXBTC15M-26APR271615-15"",""trade_id"":""f9a83af4-41e0-6fd2-a29a-b113ee6e8042"",""yes_price_dollars"":""0.5700""}"
KXBTC15M-26APR271615-15,dbedc72d-54d1-5c51-1bb7-13a88765c4db,1777320023,0.58,5.59,yes,"{""count_fp"":""5.59"",""created_time"":""2026-04-27T20:00:23.198228Z"",""no_price_dollars"":""0.4200"",""taker_side"":""yes"",""ticker"":""KXBTC15M-26APR271615-15"",""trade_id"":""dbedc72d-54d1-5c51-1bb7-13a88765c4db"",""yes_price_dollars"":""0.5800""}"
KXBTC15M-26APR271615-15,d58b55c5-40a5-6395-9e33-1e4f8ba08827,1777320023,0.58,1.66,yes,"{""count_fp"":""1.66"",""created_time"":""2026-04-27T20:00:23.051349Z"",""no_price_dollars"":""0.4200"",""taker_side"":""yes"",""ticker"":""KXBTC15M-26APR271615-15"",""trade_id"":""d58b55c5-40a5-6395-9e33-1e4f8ba08827"",""yes_price_dollars"":""0.5800""}"
KXBTC15M-26APR271615-15,a1d01c77-2ba2-7ea6-4dcb-d78cf6031ce5,1777320024,0.57,26.88,no,"{""count_fp"":""26.88"",""created_time"":""2026-04-27T20:00:24.900759Z"",""no_price_dollars"":""0.4300"",""taker_side"":""no"",""ticker"":""KXBTC15M-26APR271615-15"",""trade_id"":""a1d01c77-2ba2-7ea6-4dcb-d78cf6031ce5"",""yes_price_dollars"":""0.5700""}"
KXBTC15M-26APR271615-15,ba022b36-35e6-45d6-01d9-a853eb904e85,1777320024,0.57,9.0,no,"{""count_fp"":""9.00"",""created_time"":""2026-04-27T20:00:24.778715Z"",""no_price_dollars"":""0.4300"",""taker_side"":""no"",""ticker"":""KXBTC15M-26APR271615-15"",""trade_id"":""ba022b36-35e6-45d6-01d9-a853eb904e85"",""yes_price_dollars"":""0.5700""}"
KXBTC15M-26APR271615-15,bd02479e-e039-6d39-b150-47fe8f4a863b,1777320024,0.58,0.5,yes,"{""count_fp"":""0.50"",""created_time"":""2026-04-27T20:00:24.757654Z"",""no_price_dollars"":""0.4200"",""taker_side"":""yes"",""ticker"":""KXBTC15M-26APR271615-15"",""trade_id"":""bd02479e-e039-6d39-b150-47fe8f4a863b"",""yes_price_dollars"":""0.5800""}"
KXBTC15M-26APR271615-15,c41e14e7-f1dc-4121-1e3d-8a6a50150095,1777320024,0.57,204.07,no,"{""count_fp"":""204.07"",""created_time"":""2026-04-27T20:00:24.695792Z"",""no_price_dollars"":""0.4300"",""taker_side"":""no"",""ticker"":""KXBTC15M-26APR271615-15"",""trade_id"":""c41e14e7-f1dc-4121-1e3d-8a6a50150095"",""yes_price_dollars"":""0.5700""}"
KXBTC15M-26APR271615-15,8ac1d5de-d16e-4db2-37a0-7c2a0f3187b1,1777320024,0.57,19.56,no,"{""count_fp"":""19.56"",""created_time"":""2026-04-27T20:00:24.695792Z"",""no_price_dollars"":""0.4300"",""taker_side"":""no"",""ticker"":""KXBTC15M-26APR271615-15"",""trade_id"":""8ac1d5de-d16e-4db2-37a0-7c2a0f3187b1"",""yes_price_dollars"":""0.5700""}"
KXBTC15M-26APR271615-15,fef157d8-6275-7718-47a9-47ecf0a172e5,1777320024,0.57,40.0,no,"{""count_fp"":""40.00"",""created_time"":""2026-04-27T20:00:24.685335Z"",""no_price_dollars"":""0.4300"",""taker_side"":""no"",""ticker"":""KXBTC15M-26APR271615-15"",""trade_id"":""fef157d8-6275-7718-47a9-47ecf0a172e5"",""yes_price_dollars"":""0.5700""}"
KXBTC15M-26APR271615-15,ee4302a5-6682-7d00-6570-f57c2c9ad036,1777320024,0.57,100.0,no,"{""count_fp"":""100.00"",""created_time"":""2026-04-27T20:00:24.685335Z"",""no_price_dollars"":""0.4300"",""taker_side"":""no"",""ticker"":""KXBTC15M-26APR271615-15"",""trade_id"":""ee4302a5-6682-7d00-6570-f57c2c9ad036"",""yes_price_dollars"":""0.5700""}"
KXBTC15M-26APR271615-15,e9497e66-a191-798c-536f-56cc5c1e7ef9,1777320024,0.57,28.0,no,"{""count_fp"":""28.00"",""created_time"":""2026-04-27T20:00:24.685335Z"",""no_price_dollars"":""0.4300"",""taker_side"":""no"",""ticker"":""KXBTC15M-26APR271615-15"",""trade_id"":""e9497e66-a191-798c-536f-56cc5c1e7ef9"",""yes_price_dollars"":""0.5700""}"
KXBTC15M-26APR271615-15,81c314e3-3471-7b69-7671-e3b39bb97c3c,1777320024,0.57,100.0,no,"{""count_fp"":""100.00"",""created_time"":""2026-04-27T20:00:24.685335Z"",""no_price_dollars"":""0.4300"",""taker_side"":""no"",""ticker"":""KXBTC15M-26APR271615-15"",""trade_id"":""81c314e3-3471-7b69-7671-e3b39bb97c3c"",""yes_price_dollars"":""0.5700""}"
KXBTC15M-26APR271615-15,5ce12c1a-0664-7abd-7cec-2daadff100a5,1777320024,0.57,195.93,no,"{""count_fp"":""195.93"",""created_time"":""2026-04-27T20:00:24.685335Z"",""no_price_dollars"":""0.4300"",""taker_side"":""no"",""ticker"":""KXBTC15M-26APR271615-15"",""trade_id"":""5ce12c1a-0664-7abd-7cec-2daadff100a5"",""yes_price_dollars"":""0.5700""}"
KXBTC15M-26APR271615-15,1a50f9f6-e77c-7bd1-6527-7d815ac6ae8d,1777320024,0.57,10.0,no,"{""count_fp"":""10.00"",""created_time"":""2026-04-27T20:00:24.685335Z"",""no_price_dollars"":""0.4300"",""taker_side"":""no"",""ticker"":""KXBTC15M-26APR271615-15"",""trade_id"":""1a50f9f6-e77c-7bd1-6527-7d815ac6ae8d"",""yes_price_dollars"":""0.5700""}"
KXBTC15M-26APR271615-15,132e6b11-9c9b-7c5a-4508-5e6a525b23b9,1777320024,0.57,532.42,no,"{""count_fp"":""532.42"",""created_time"":""2026-04-27T20:00:24.685335Z"",""no_price_dollars"":""0.4300"",""taker_side"":""no"",""ticker"":""KXBTC15M-26APR271615-15"",""trade_id"":""132e6b11-9c9b-7c5a-4508-5e6a525b23b9"",""yes_price_dollars"":""0.5700""}"
KXBTC15M-26APR271615-15,bd66c164-4e8d-6959-a865-8a0194265a1b,1777320024,0.58,2.78,yes,"{""count_fp"":""2.78"",""created_time"":""2026-04-27T20:00:24.520829Z"",""no_price_dollars"":""0.4200"",""taker_side"":""yes"",""ticker"":""KXBTC15M-26APR271615-15"",""trade_id"":""bd66c164-4e8d-6959-a865-8a0194265a1b"",""yes_price_dollars"":""0.5800""}"
KXBTC15M-26APR271615-15,b8ca99e8-afdd-64b1-855d-1548ce233957,1777320024,0.58,10.04,yes,"{""count_fp"":""10.04"",""created_time"":""2026-04-27T20:00:24.036431Z"",""no_price_dollars"":""0.4200"",""taker_side"":""yes"",""ticker"":""KXBTC15M-26APR271615-15"",""trade_id"":""b8ca99e8-afdd-64b1-855d-1548ce233957"",""yes_price_dollars"":""0.5800""}"
KXBTC15M-26APR271615-15,4cb1d250-fbbe-54da-a440-69ffb9c43181,1777320025,0.57,26.83,no,"{""count_fp"":""26.83"",""created_time"":""2026-04-27T20:00:25.948449Z"",""no_price_dollars"":""0.4300"",""taker_side"":""no"",""ticker"":""KXBTC15M-26APR271615-15"",""trade_id"":""4cb1d250-fbbe-54da-a440-69ffb9c43181"",""yes_price_dollars"":""0.5700""}"
KXBTC15M-26APR271615-15,088ba051-7d2e-76ce-845c-5b412aa336b5,1777320025,0.57,24.52,no,"{""count_fp"":""24.52"",""created_time"":""2026-04-27T20:00:25.820951Z"",""no_price_dollars"":""0.4300"",""taker_side"":""no"",""ticker"":""KXBTC15M-26APR271615-15"",""trade_id"":""088ba051-7d2e-76ce-845c-5b412aa336b5"",""yes_price_dollars"":""0.5700""}"
KXBTC15M-26APR271615-15,c333df46-e7b2-6206-5ffe-8d787d3a4f09,1777320025,0.57,20.32,no,"{""count_fp"":""20.32"",""created_time"":""2026-04-27T20:00:25.465754Z"",""no_price_dollars"":""0.4300"",""taker_side"":""no"",""ticker"":""KXBTC15M-26APR271615-15"",""trade_id"":""c333df46-e7b2-6206-5ffe-8d787d3a4f09"",""yes_price_dollars"":""0.5700""}"
KXBTC15M-26APR271615-15,8fca70ef-930a-4c36-f61a-8b4dd4cafb0d,1777320025,0.57,29.79,no,"{""count_fp"":""29.79"",""created_time"":""2026-04-27T20:00:25.452675Z"",""no_price_dollars"":""0.4300"",""taker_side"":""no"",""ticker"":""KXBTC15M-26APR271615-15"",""trade_id"":""8fca70ef-930a-4c36-f61a-8b4dd4cafb0d"",""yes_price_dollars"":""0.5700""}"
KXBTC15M-26APR271615-15,e7946224-cd32-6e52-be60-21d8db475c75,1777320025,0.57,24.99,no,"{""count_fp"":""24.99"",""created_time"":""2026-04-27T20:00:25.415356Z"",""no_price_dollars"":""0.4300"",""taker_side"":""no"",""ticker"":""KXBTC15M-26APR271615-15"",""trade_id"":""e7946224-cd32-6e52-be60-21d8db475c75"",""yes_price_dollars"":""0.5700""}"
KXBTC15M-26APR271615-15,84d94d1f-6705-6f45-48ee-498edd46d0d3,1777320025,0.58,16.65,yes,"{""count_fp"":""16.65"",""created_time"":""2026-04-27T20:00:25.330572Z"",""no_price_dollars"":""0.4200"",""taker_side"":""yes"",""ticker"":""KXBTC15M-26APR271615-15"",""trade_id"":""84d94d1f-6705-6f45-48ee-498edd46d0d3"",""yes_price_dollars"":""0.5800""}"
KXBTC15M-26APR271615-15,ea51399c-c7b2-693e-2f34-72d406eccbe9,1777320025,0.57,3.0,no,"{""count_fp"":""3.00"",""created_time"":""2026-04-27T20:00:25.313629Z"",""no_price_dollars"":""0.4300"",""taker_side"":""no"",""ticker"":""KXBTC15M-26APR271615-15"",""trade_id"":""ea51399c-c7b2-693e-2f34-72d406eccbe9"",""yes_price_dollars"":""0.5700""}"
KXBTC15M-26APR271615-15,257cfdad-c7ca-4376-65d7-b193f5283a8d,1777320025,0.57,55.9,no,"{""count_fp"":""55.90"",""created_time"":""2026-04-27T20:00:25.206378Z"",""no_price_dollars"":""0.4300"",""taker_side"":""no"",""ticker"":""KXBTC15M-26APR271615-15"",""trade_id"":""257cfdad-c7ca-4376-65d7-b193f5283a8d"",""yes_price_dollars"":""0.5700""}"
KXBTC15M-26APR271615-15,1ad989e8-c6fa-7daa-298b-bc19ccdf9b91,1777320025,0.57,64.85,no,"{""count_fp"":""64.85"",""created_time"":""2026-04-27T20:00:25.196534Z"",""no_price_dollars"":""0.4300"",""taker_side"":""no"",""ticker"":""KXBTC15M-26APR271615-15"",""trade_id"":""1ad989e8-c6fa-7daa-298b-bc19ccdf9b91"",""yes_price_dollars"":""0.5700""}"
KXBTC15M-26APR271615-15,d76ff0ca-e856-62a2-63c4-f3603b594e9d,1777320025,0.57,4.47,no,"{""count_fp"":""4.47"",""created_time"":""2026-04-27T20:00:25.137493Z"",""no_price_dollars"":""0.4300"",""taker_side"":""no"",""ticker"":""KXBTC15M-26APR271615-15"",""trade_id"":""d76ff0ca-e856-62a2-63c4-f3603b594e9d"",""yes_price_dollars"":""0.5700""}"
KXBTC15M-26APR271615-15,8085a4b0-daa3-6538-9c6b-8efc2c3b8322,1777320026,0.56,50.0,no,"{""count_fp"":""50.00"",""created_time"":""2026-04-27T20:00:26.805344Z"",""no_price_dollars"":""0.4400"",""taker_side"":""no"",""ticker"":""KXBTC15M-26APR271615-15"",""trade_id"":""8085a4b0-daa3-6538-9c6b-8efc2c3b8322"",""yes_price_dollars"":""0.5600""}"
KXBTC15M-26APR271615-15,80aa19c6-6574-7f16-d7bd-a02f3a4717d2,1777320026,0.57,5.02,yes,"{""count_fp"":""5.02"",""created_time"":""2026-04-27T20:00:26.590531Z"",""no_price_dollars"":""0.4300"",""taker_side"":""yes"",""ticker"":""KXBTC15M-26APR271615-15"",""trade_id"":""80aa19c6-6574-7f16-d7bd-a02f3a4717d2"",""yes_price_dollars"":""0.5700""}"
KXBTC15M-26APR271615-15,e842b71a-cfa1-7638-0724-bf8e370b99d7,1777320026,0.56,0.66,no,"{""count_fp"":""0.66"",""created_time"":""2026-04-27T20:00:26.256021Z"",""no_price_dollars"":""0.4400"",""taker_side"":""no"",""ticker"":""KXBTC15M-26APR271615-15"",""trade_id"":""e842b71a-cfa1-7638-0724-bf8e370b99d7"",""yes_price_dollars"":""0.5600""}"
KXBTC15M-26APR271615-15,3879d53f-a242-78d5-0055-064b188428c3,1777320026,0.56,2.34,no,"{""count_fp"":""2.34"",""created_time"":""2026-04-27T20:00:26.256021Z"",""no_price_dollars"":""0.4400"",""taker_side"":""no"",""ticker"":""KXBTC15M-26APR271615-15"",""trade_id"":""3879d53f-a242-78d5-0055-064b188428c3"",""yes_price_dollars"":""0.5600""}"
KXBTC15M-26APR271615-15,72ec4605-898a-46f9-fc1c-e4dd34a43557,1777320026,0.56,53.66,no,"{""count_fp"":""53.66"",""created_time"":""2026-04-27T20:00:26.237506Z"",""no_price_dollars"":""0.4400"",""taker_side"":""no"",""ticker"":""KXBTC15M-26APR271615-15"",""trade_id"":""72ec4605-898a-46f9-fc1c-e4dd34a43557"",""yes_price_dollars"":""0.5600""}"
KXBTC15M-26APR271615-15,72a70c7c-6f55-6b75-2d50-d29e77fcbcb7,1777320026,0.58,16.74,yes,"{""count_fp"":""16.74"",""created_time"":""2026-04-27T20:00:26.115247Z"",""no_price_dollars"":""0.4200"",""taker_side"":""yes"",""ticker"":""KXBTC15M-26APR271615-15"",""trade_id"":""72a70c7c-6f55-6b75-2d50-d29e77fcbcb7"",""yes_price_dollars"":""0.5800""}"
KXBTC15M-26APR271615-15,921ef6f7-7d92-48d2-2358-643ff7af8a45,1777320026,0.57,149.49,no,"{""count_fp"":""149.49"",""created_time"":""2026-04-27T20:00:26.030425Z"",""no_price_dollars"":""0.4300"",""taker_side"":""no"",""ticker"":""KXBTC15M-26APR271615-15"",""trade_id"":""921ef6f7-7d92-48d2-2358-643ff7af8a45"",""yes_price_dollars"":""0.5700""}"
KXBTC15M-26APR271615-15,7d26c3f4-b1d5-4b2b-1dbb-7998f0e0d622,1777320026,0.57,47.3,no,"{""count_fp"":""47.30"",""created_time"":""2026-04-27T20:00:26.030425Z"",""no_price_dollars"":""0.4300"",""taker_side"":""no"",""ticker"":""KXBTC15M-26APR271615-15"",""trade_id"":""7d26c3f4-b1d5-4b2b-1dbb-7998f0e0d622"",""yes_price_dollars"":""0.5700""}"
KXBTC15M-26APR271615-15,ca5c053c-d715-73f2-841d-797a7a255090,1777320027,0.57,1.0,yes,"{""count_fp"":""1.00"",""created_time"":""2026-04-27T20:00:27.686588Z"",""no_price_dollars"":""0.4300"",""taker_side"":""yes"",""ticker"":""KXBTC15M-26APR271615-15"",""trade_id"":""ca5c053c-d715-73f2-841d-797a7a255090"",""yes_price_dollars"":""0.5700""}"
KXBTC15M-26APR271615-15,3af97760-e735-79da-bede-41614b205e8f,1777320027,0.57,2.4,yes,"{""count_fp"":""2.40"",""created_time"":""2026-04-27T20:00:27.686588Z"",""no_price_dollars"":""0.4300"",""taker_side"":""yes"",""ticker"":""KXBTC15M-26APR271615-15"",""trade_id"":""3af97760-e735-79da-bede-41614b205e8f"",""yes_price_dollars"":""0.5700""}"
KXBTC15M-26APR271615-15,dd2e110e-f9da-4b12-376b-559e4271baf9,1777320027,0.57,10.0,yes,"{""count_fp"":""10.00"",""created_time"":""2026-04-27T20:00:27.194175Z"",""no_price_dollars"":""0.4300"",""taker_side"":""yes"",""ticker"":""KXBTC15M-26APR271615-15"",""trade_id"":""dd2e110e-f9da-4b12-376b-559e4271baf9"",""yes_price_dollars"":""0.5700""}"
KXBTC15M-26APR271615-15,71ee34ff-886a-4ad5-21c7-da7c8446aeab,1777320027,0.57,3.0,yes,"{""count_fp"":""3.00"",""created_time"":""2026-04-27T20:00:27.194175Z"",""no_price_dollars"":""0.4300"",""taker_side"":""yes"",""ticker"":""KXBTC15M-26APR271615-15"",""trade_id"":""71ee34ff-886a-4ad5-21c7-da7c8446aeab"",""yes_price_dollars"":""0.5700""}"
KXBTC15M-26APR271615-15,32b999ed-b1a5-4919-2dda-3ebf2168e59b,1777320027,0.58,27.24,yes,"{""count_fp"":""27.24"",""created_time"":""2026-04-27T20:00:27.194175Z"",""no_price_dollars"":""0.4200"",""taker_side"":""yes"",""ticker"":""KXBTC15M-26APR271615-15"",""trade_id"":""32b999ed-b1a5-4919-2dda-3ebf2168e59b"",""yes_price_dollars"":""0.5800""}"
KXBTC15M-26APR271615-15,0c627a13-4cfa-48d9-31db-3227e9024522,1777320027,0.57,10.0,yes,"{""count_fp"":""10.00"",""created_time"":""2026-04-27T20:00:27.194175Z"",""no_price_dollars"":""0.4300"",""taker_side"":""yes"",""ticker"":""KXBTC15M-26APR271615-15"",""trade_id"":""0c627a13-4cfa-48d9-31db-3227e9024522"",""yes_price_dollars"":""0.5700""}"
KXBTC15M-26APR271615-15,16339291-6098-60cb-8e07-6c03130d5ae7,1777320028,0.57,59.03,yes,"{""count_fp"":""59.03"",""created_time"":""2026-04-27T20:00:28.858134Z"",""no_price_dollars"":""0.4300"",""taker_side"":""yes"",""ticker"":""KXBTC15M-26APR271615-15"",""trade_id"":""16339291-6098-60cb-8e07-6c03130d5ae7"",""yes_price_dollars"":""0.5700""}"
KXBTC15M-26APR271615-15,a5763ab2-4425-5475-9e3f-93f1fc518f21,1777320028,0.57,1.0,yes,"{""count_fp"":""1.00"",""created_time"":""2026-04-27T20:00:28.269794Z"",""no_price_dollars"":""0.4300"",""taker_side"":""yes"",""ticker"":""KXBTC15M-26APR271615-15"",""trade_id"":""a5763ab2-4425-5475-9e3f-93f1fc518f21"",""yes_price_dollars"":""0.5700""}"
KXBTC15M-26APR271615-15,a19b9eb9-3d9c-56a3-a3e0-3a3c321a4103,1777320028,0.57,32.56,yes,"{""count_fp"":""32.56"",""created_time"":""2026-04-27T20:00:28.269794Z"",""no_price_dollars"":""0.4300"",""taker_side"":""yes"",""ticker"":""KXBTC15M-26APR271615-15"",""trade_id"":""a19b9eb9-3d9c-56a3-a3e0-3a3c321a4103"",""yes_price_dollars"":""0.5700""}"
KXBTC15M-26APR271615-15,078d9a34-5d55-4888-4ed8-38d49e0738d7,1777320029,0.56,9.84,no,"{""count_fp"":""9.84"",""created_time"":""2026-04-27T20:00:29.853752Z"",""no_price_dollars"":""0.4400"",""taker_side"":""no"",""ticker"":""KXBTC15M-26APR271615-15"",""trade_id"":""078d9a34-5d55-4888-4ed8-38d49e0738d7"",""yes_price_dollars"":""0.5600""}"
KXBTC15M-26APR271615-15,442e95c7-6afc-5f1b-7d03-d90e85a466d7,1777320029,0.57,37.26,yes,"{""count_fp"":""37.26"",""created_time"":""2026-04-27T20:00:29.144437Z"",""no_price_dollars"":""0.4300"",""taker_side"":""yes"",""ticker"":""KXBTC15M-26APR271615-15"",""trade_id"":""442e95c7-6afc-5f1b-7d03-d90e85a466d7"",""yes_price_dollars"":""0.5700""}"
KXBTC15M-26APR271615-15,dd108cdb-4b28-7d0b-9432-34db225b8cff,1777320029,0.57,20.41,yes,"{""count_fp"":""20.41"",""created_time"":""2026-04-27T20:00:29.112158Z"",""no_price_dollars"":""0.4300"",""taker_side"":""yes"",""ticker"":""KXBTC15M-26APR271615-15"",""trade_id"":""dd108cdb-4b28-7d0b-9432-34db225b8cff"",""yes_price_dollars"":""0.5700""}"
KXBTC15M-26APR271615-15,ee131673-5bfc-500b-7d02-14321531a24b,1777320030,0.57,22.37,yes,"{""count_fp"":""22.37"",""created_time"":""2026-04-27T20:00:30.881252Z"",""no_price_dollars"":""0.4300"",""taker_side"":""yes"",""ticker"":""KXBTC15M-26APR271615-15"",""trade_id"":""ee131673-5bfc-500b-7d02-14321531a24b"",""yes_price_dollars"":""0.5700""}"
KXBTC15M-26APR271615-15,1ddbf16d-bbd5-6c80-655d-f35d24abd053,1777320030,0.56,2.18,no,"{""count_fp"":""2.18"",""created_time"":""2026-04-27T20:00:30.851538Z"",""no_price_dollars"":""0.4400"",""taker_side"":""no"",""ticker"":""KXBTC15M-26APR271615-15"",""trade_id"":""1ddbf16d-bbd5-6c80-655d-f35d24abd053"",""yes_price_dollars"":""0.5600""}"
KXBTC15M-26APR271615-15,5fc6c170-4da5-7dec-f5b4-fc16ef90e567,1777320030,0.56,9.81,no,"{""count_fp"":""9.81"",""created_time"":""2026-04-27T20:00:30.139635Z"",""no_price_dollars"":""0.4400"",""taker_side"":""no"",""ticker"":""KXBTC15M-26APR271615-15"",""trade_id"":""5fc6c170-4da5-7dec-f5b4-fc16ef90e567"",""yes_price_dollars"":""0.5600""}"
KXBTC15M-26APR271615-15,a46f1816-1b0d-776c-6c18-273025b04977,1777320031,0.56,10.93,no,"{""count_fp"":""10.93"",""created_time"":""2026-04-27T20:00:31.843379Z"",""no_price_dollars"":""0.4400"",""taker_side"":""no"",""ticker"":""KXBTC15M-26APR271615-15"",""trade_id"":""a46f1816-1b0d-776c-6c18-273025b04977"",""yes_price_dollars"":""0.5600""}"
KXBTC15M-26APR271615-15,f4e189fc-d020-48ab-a289-b0e9941146ff,1777320031,0.57,1.36,yes,"{""count_fp"":""1.36"",""created_time"":""2026-04-27T20:00:31.593356Z"",""no_price_dollars"":""0.4300"",""taker_side"":""yes"",""ticker"":""KXBTC15M-26APR271615-15"",""trade_id"":""f4e189fc-d020-48ab-a289-b0e9941146ff"",""yes_price_dollars"":""0.5700""}"
KXBTC15M-26APR271615-15,8d055cb5-8df0-4f27-5ca3-9125d238f25f,1777320031,0.57,8.51,yes,"{""count_fp"":""8.51"",""created_time"":""2026-04-27T20:00:31.188333Z"",""no_price_dollars"":""0.4300"",""taker_side"":""yes"",""ticker"":""KXBTC15M-26APR271615-15"",""trade_id"":""8d055cb5-8df0-4f27-5ca3-9125d238f25f"",""yes_price_dollars"":""0.5700""}"
KXBTC15M-26APR271615-15,f3d00ab3-57b1-5ec8-328f-f0ee20f1ec2f,1777320032,0.56,21.86,no,"{""count_fp"":""21.86"",""created_time"":""2026-04-27T20:00:32.487675Z"",""no_price_dollars"":""0.4400"",""taker_side"":""no"",""ticker"":""KXBTC15M-26APR271615-15"",""trade_id"":""f3d00ab3-57b1-5ec8-328f-f0ee20f1ec2f"",""yes_price_dollars"":""0.5600""}"
KXBTC15M-26APR271615-15,3bae11d6-a349-7660-5d67-85eb883b41d7,1777320032,0.56,43.73,no,"{""count_fp"":""43.73"",""created_time"":""2026-04-27T20:00:32.452119Z"",""no_price_dollars"":""0.4400"",""taker_side"":""no"",""ticker"":""KXBTC15M-26APR271615-15"",""trade_id"":""3bae11d6-a349-7660-5d67-85eb883b41d7"",""yes_price_dollars"":""0.5600""}"
KXBTC15M-26APR271615-15,a685a502-9205-5730-dc46-3152c1b87feb,1777320032,0.56,12.24,no,"{""count_fp"":""12.24"",""created_time"":""2026-04-27T20:00:32.304722Z"",""no_price_dollars"":""0.4400"",""taker_side"":""no"",""ticker"":""KXBTC15M-26APR271615-15"",""trade_id"":""a685a502-9205-5730-dc46-3152c1b87feb"",""yes_price_dollars"":""0.5600""}"
KXBTC15M-26APR271615-15,ec267f46-908d-6fd8-32f3-646d76616db3,1777320033,0.56,5.0,no,"{""count_fp"":""5.00"",""created_time"":""2026-04-27T20:00:33.664894Z"",""no_price_dollars"":""0.4400"",""taker_side"":""no"",""ticker"":""KXBTC15M-26APR271615-15"",""trade_id"":""ec267f46-908d-6fd8-32f3-646d76616db3"",""yes_price_dollars"":""0.5600""}"
KXBTC15M-26APR271615-15,b3971841-5d3c-78cb-4009-3115fc4f7b03,1777320033,0.57,170.31,yes,"{""count_fp"":""170.31"",""created_time"":""2026-04-27T20:00:33.511563Z"",""no_price_dollars"":""0.4300"",""taker_side"":""yes"",""ticker"":""KXBTC15M-26APR271615-15"",""trade_id"":""b3971841-5d3c-78cb-4009-3115fc4f7b03"",""yes_price_dollars"":""0.5700""}"
KXBTC15M-26APR271615-15,f9f03521-e12c-79bf-8da1-6f1814fe050f,1777320033,0.57,18.73,yes,"{""count_fp"":""18.73"",""created_time"":""2026-04-27T20:00:33.290915Z"",""no_price_dollars"":""0.4300"",""taker_side"":""yes"",""ticker"":""KXBTC15M-26APR271615-15"",""trade_id"":""f9f03521-e12c-79bf-8da1-6f1814fe050f"",""yes_price_dollars"":""0.5700""}"
KXBTC15M-26APR271615-15,5b0d487c-b0c9-6954-5122-9c81b05f76e7,1777320033,0.56,43.3,no,"{""count_fp"":""43.30"",""created_time"":""2026-04-27T20:00:33.171995Z"",""no_price_dollars"":""0.4400"",""taker_side"":""no"",""ticker"":""KXBTC15M-26APR271615-15"",""trade_id"":""5b0d487c-b0c9-6954-5122-9c81b05f76e7"",""yes_price_dollars"":""0.5600""}"
KXBTC15M-26APR271615-15,12976cdf-8b38-6adf-aa6c-5add4ba4fc6f,1777320033,0.57,8.0,yes,"{""count_fp"":""8.00"",""created_time"":""2026-04-27T20:00:33.018478Z"",""no_price_dollars"":""0.4300"",""taker_side"":""yes"",""ticker"":""KXBTC15M-26APR271615-15"",""trade_id"":""12976cdf-8b38-6adf-aa6c-5add4ba4fc6f"",""yes_price_dollars"":""0.5700""}"
KXBTC15M-26APR271615-15,8b7cd2e0-0c21-47fc-520b-3e878b2936ab,1777320034,0.56,91.85,no,"{""count_fp"":""91.85"",""created_time"":""2026-04-27T20:00:34.823283Z"",""no_price_dollars"":""0.4400"",""taker_side"":""no"",""ticker"":""KXBTC15M-26APR271615-15"",""trade_id"":""8b7cd2e0-0c21-47fc-520b-3e878b2936ab"",""yes_price_dollars"":""0.5600""}"
KXBTC15M-26APR271615-15,eceaa739-e859-5b64-8491-bf218eb68587,1777320034,0.56,69.98,no,"{""count_fp"":""69.98"",""created_time"":""2026-04-27T20:00:34.822584Z"",""no_price_dollars"":""0.4400"",""taker_side"":""no"",""ticker"":""KXBTC15M-26APR271615-15"",""trade_id"":""eceaa739-e859-5b64-8491-bf218eb68587"",""yes_price_dollars"":""0.5600""}"
KXBTC15M-26APR271615-15,15114b1b-fed5-5a80-7fde-ed2b02a7bb67,1777320034,0.56,5.0,no,"{""count_fp"":""5.00"",""created_time"":""2026-04-27T20:00:34.568416Z"",""no_price_dollars"":""0.4400"",""taker_side"":""no"",""ticker"":""KXBTC15M-26APR271615-15"",""trade_id"":""15114b1b-fed5-5a80-7fde-ed2b02a7bb67"",""yes_price_dollars"":""0.5600""}"
KXBTC15M-26APR271615-15,ffe65edd-30c4-641b-ead8-9d3fd69cdd1b,1777320034,0.57,17.03,yes,"{""count_fp"":""17.03"",""created_time"":""2026-04-27T20:00:34.247927Z"",""no_price_dollars"":""0.4300"",""taker_side"":""yes"",""ticker"":""KXBTC15M-26APR271615-15"",""trade_id"":""ffe65edd-30c4-641b-ead8-9d3fd69cdd1b"",""yes_price_dollars"":""0.5700""}"
KXBTC15M-26APR271615-15,34e26150-d60f-4387-f30a-4768edd223b3,1777320035,0.56,5.0,no,"{""count_fp"":""5.00"",""created_time"":""2026-04-27T20:00:35.973085Z"",""no_price_dollars"":""0.4400"",""taker_side"":""no"",""ticker"":""KXBTC15M-26APR271615-15"",""trade_id"":""34e26150-d60f-4387-f30a-4768edd223b3"",""yes_price_dollars"":""0.5600""}"
KXBTC15M-26APR271615-15,a2a085bf-39e4-6533-39cc-12220e363307,1777320035,0.57,1.7,yes,"{""count_fp"":""1.70"",""created_time"":""2026-04-27T20:00:35.898626Z"",""no_price_dollars"":""0.4300"",""taker_side"":""yes"",""ticker"":""KXBTC15M-26APR271615-15"",""trade_id"":""a2a085bf-39e4-6533-39cc-12220e363307"",""yes_price_dollars"":""0.5700""}"
KXBTC15M-26APR271615-15,462b0c7b-f038-5b83-46c3-12490155fbaf,1777320035,0.57,1.0,yes,"{""count_fp"":""1.00"",""created_time"":""2026-04-27T20:00:35.750961Z"",""no_price_dollars"":""0.4300"",""taker_side"":""yes"",""ticker"":""KXBTC15M-26APR271615-15"",""trade_id"":""462b0c7b-f038-5b83-46c3-12490155fbaf"",""yes_price_dollars"":""0.5700""}"
KXBTC15M-26APR271615-15,e0899f18-6615-6640-3f1e-504dd0b0af83,1777320035,0.56,72.17,no,"{""count_fp"":""72.17"",""created_time"":""2026-04-27T20:00:35.639691Z"",""no_price_dollars"":""0.4400"",""taker_side"":""no"",""ticker"":""KXBTC15M-26APR271615-15"",""trade_id"":""e0899f18-6615-6640-3f1e-504dd0b0af83"",""yes_price_dollars"":""0.5600""}"
KXBTC15M-26APR271615-15,e1a20087-5ce0-53ff-7156-033bacfed997,1777320035,0.57,306.56,yes,"{""count_fp"":""306.56"",""created_time"":""2026-04-27T20:00:35.356582Z"",""no_price_dollars"":""0.4300"",""taker_side"":""yes"",""ticker"":""KXBTC15M-26APR271615-15"",""trade_id"":""e1a20087-5ce0-53ff-7156-033bacfed997"",""yes_price_dollars"":""0.5700""}"
KXBTC15M-26APR271615-15,734011d1-5911-5e10-bf5b-2fea125e2dbb,1777320035,0.56,56.86,no,"{""count_fp"":""56.86"",""created_time"":""2026-04-27T20:00:35.168965Z"",""no_price_dollars"":""0.4400"",""taker_side"":""no"",""ticker"":""KXBTC15M-26APR271615-15"",""trade_id"":""734011d1-5911-5e10-bf5b-2fea125e2dbb"",""yes_price_dollars"":""0.5600""}"
KXBTC15M-26APR271615-15,7e41dfbd-7625-6d1c-09a8-18103ded821b,1777320035,0.56,5.0,no,"{""count_fp"":""5.00"",""created_time"":""2026-04-27T20:00:35.150298Z"",""no_price_dollars"":""0.4400"",""taker_side"":""no"",""ticker"":""KXBTC15M-26APR271615-15"",""trade_id"":""7e41dfbd-7625-6d1c-09a8-18103ded821b"",""yes_price_dollars"":""0.5600""}"
KXBTC15M-26APR271615-15,fbc62a01-ea78-6163-553c-0dba613ac9fb,1777320035,0.57,8.51,yes,"{""count_fp"":""8.51"",""created_time"":""2026-04-27T20:00:35.098787Z"",""no_price_dollars"":""0.4300"",""taker_side"":""yes"",""ticker"":""KXBTC15M-26APR271615-15"",""trade_id"":""fbc62a01-ea78-6163-553c-0dba613ac9fb"",""yes_price_dollars"":""0.5700""}"
KXBTC15M-26APR271615-15,499e7832-ff4c-532f-5673-50766aa302b3,1777320036,0.57,6.8,yes,"{""count_fp"":""6.80"",""created_time"":""2026-04-27T20:00:36.782316Z"",""no_price_dollars"":""0.4300"",""taker_side"":""yes"",""ticker"":""KXBTC15M-26APR271615-15"",""trade_id"":""499e7832-ff4c-532f-5673-50766aa302b3"",""yes_price_dollars"":""0.5700""}"
KXBTC15M-26APR271615-15,e69334fb-1a25-4e85-a85e-3b733720c8f1,1777320036,0.56,5.0,no,"{""count_fp"":""5.00"",""created_time"":""2026-04-27T20:00:36.745469Z"",""no_price_dollars"":""0.4400"",""taker_side"":""no"",""ticker"":""KXBTC15M-26APR271615-15"",""trade_id"":""e69334fb-1a25-4e85-a85e-3b733720c8f1"",""yes_price_dollars"":""0.5600""}"
KXBTC15M-26APR271615-15,c726e1e5-711e-5e2c-0c56-126e9e74a8b0,1777320036,0.56,5.0,no,"{""count_fp"":""5.00"",""created_time"":""2026-04-27T20:00:36.652928Z"",""no_price_dollars"":""0.4400"",""taker_side"":""no"",""ticker"":""KXBTC15M-26APR271615-15"",""trade_id"":""c726e1e5-711e-5e2c-0c56-126e9e74a8b0"",""yes_price_dollars"":""0.5600""}"
KXBTC15M-26APR271615-15,8fc2dcd6-2d62-5a2f-0364-0a5211d7f02b,1777320036,0.56,1.0,no,"{""count_fp"":""1.00"",""created_time"":""2026-04-27T20:00:36.652928Z"",""no_price_dollars"":""0.4400"",""taker_side"":""no"",""ticker"":""KXBTC15M-26APR271615-15"",""trade_id"":""8fc2dcd6-2d62-5a2f-0364-0a5211d7f02b"",""yes_price_dollars"":""0.5600""}"
KXBTC15M-26APR271615-15,266ad011-41d9-55e9-3fc6-a71712c48a99,1777320036,0.56,19.0,no,"{""count_fp"":""19.00"",""created_time"":""2026-04-27T20:00:36.652928Z"",""no_price_dollars"":""0.4400"",""taker_side"":""no"",""ticker"":""KXBTC15M-26APR271615-15"",""trade_id"":""266ad011-41d9-55e9-3fc6-a71712c48a99"",""yes_price_dollars"":""0.5600""}"
KXBTC15M-26APR271615-15,9c1381f9-2f60-560e-0e2d-a908296b5b3e,1777320036,0.56,50.0,no,"{""count_fp"":""50.00"",""created_time"":""2026-04-27T20:00:36.503908Z"",""no_price_dollars"":""0.4400"",""taker_side"":""no"",""ticker"":""KXBTC15M-26APR271615-15"",""trade_id"":""9c1381f9-2f60-560e-0e2d-a908296b5b3e"",""yes_price_dollars"":""0.5600""}"
KXBTC15M-26APR271615-15,d1e6a242-9f03-5d0f-2c80-b0f1bb78188f,1777320036,0.56,2.49,no,"{""count_fp"":""2.49"",""created_time"":""2026-04-27T20:00:36.488136Z"",""no_price_dollars"":""0.4400"",""taker_side"":""no"",""ticker"":""KXBTC15M-26APR271615-15"",""trade_id"":""d1e6a242-9f03-5d0f-2c80-b0f1bb78188f"",""yes_price_dollars"":""0.5600""}"
KXBTC15M-26APR271615-15,928ebd95-5690-500e-04d8-be3652c1303a,1777320036,0.56,32.5,no,"{""count_fp"":""32.50"",""created_time"":""2026-04-27T20:00:36.488136Z"",""no_price_dollars"":""0.4400"",""taker_side"":""no"",""ticker"":""KXBTC15M-26APR271615-15"",""trade_id"":""928ebd95-5690-500e-04d8-be3652c1303a"",""yes_price_dollars"":""0.5600""}"
KXBTC15M-26APR271615-15,8a03fcad-e1b7-70ff-18e3-22083269e29b,1777320036,0.56,1.42,no,"{""count_fp"":""1.42"",""created_time"":""2026-04-27T20:00:36.265795Z"",""no_price_dollars"":""0.4400"",""taker_side"":""no"",""ticker"":""KXBTC15M-26APR271615-15"",""trade_id"":""8a03fcad-e1b7-70ff-18e3-22083269e29b"",""yes_price_dollars"":""0.5600""}"
KXBTC15M-26APR271615-15,1f1897c3-45c4-5a77-fc60-1589aaf3cb0f,1777320036,0.57,3.4,yes,"{""count_fp"":""3.40"",""created_time"":""2026-04-27T20:00:36.186888Z"",""no_price_dollars"":""0.4300"",""taker_side"":""yes"",""ticker"":""KXBTC15M-26APR271615-15"",""trade_id"":""1f1897c3-45c4-5a77-fc60-1589aaf3cb0f"",""yes_price_dollars"":""0.5700""}"
KXBTC15M-26APR271615-15,85d4027e-6e2b-4dd7-cc36-ae7458058b6f,1777320036,0.56,1.09,no,"{""count_fp"":""1.09"",""created_time"":""2026-04-27T20:00:36.108681Z"",""no_price_dollars"":""0.4400"",""taker_side"":""no"",""ticker"":""KXBTC15M-26APR271615-15"",""trade_id"":""85d4027e-6e2b-4dd7-cc36-ae7458058b6f"",""yes_price_dollars"":""0.5600""}"
KXBTC15M-26APR271615-15,f9ccabd9-56b9-6fbd-9cb9-f15307ab4229,1777320037,0.56,5.0,no,"{""count_fp"":""5.00"",""created_time"":""2026-04-27T20:00:37.488548Z"",""no_price_dollars"":""0.4400"",""taker_side"":""no"",""ticker"":""KXBTC15M-26APR271615-15"",""trade_id"":""f9ccabd9-56b9-6fbd-9cb9-f15307ab4229"",""yes_price_dollars"":""0.5600""}"
KXBTC15M-26APR271615-15,e0685f21-f484-443f-94e5-4c9bb24680e3,1777320037,0.57,17.03,yes,"{""count_fp"":""17.03"",""created_time"":""2026-04-27T20:00:37.485222Z"",""no_price_dollars"":""0.4300"",""taker_side"":""yes"",""ticker"":""KXBTC15M-26APR271615-15"",""trade_id"":""e0685f21-f484-443f-94e5-4c9bb24680e3"",""yes_price_dollars"":""0.5700""}"
KXBTC15M-26APR271615-15,c9d33181-2565-4821-3c9a-dbc60e04328d,1777320037,0.56,32.8,no,"{""count_fp"":""32.80"",""created_time"":""2026-04-27T20:00:37.181538Z"",""no_price_dollars"":""0.4400"",""taker_side"":""no"",""ticker"":""KXBTC15M-26APR271615-15"",""trade_id"":""c9d33181-2565-4821-3c9a-dbc60e04328d"",""yes_price_dollars"":""0.5600""}"
KXBTC15M-26APR271615-15,956a469d-c298-4b3f-474e-e193b0f4af7f,1777320038,0.57,1.0,yes,"{""count_fp"":""1.00"",""created_time"":""2026-04-27T20:00:38.935021Z"",""no_price_dollars"":""0.4300"",""taker_side"":""yes"",""ticker"":""KXBTC15M-26APR271615-15"",""trade_id"":""956a469d-c298-4b3f-474e-e193b0f4af7f"",""yes_price_dollars"":""0.5700""}"
KXBTC15M-26APR271615-15,96d9a78a-c90c-7162-19f4-2bf3d5f03e9a,1777320038,0.56,44.52,no,"{""count_fp"":""44.52"",""created_time"":""2026-04-27T20:00:38.812985Z"",""no_price_dollars"":""0.4400"",""taker_side"":""no"",""ticker"":""KXBTC15M-26APR271615-15"",""trade_id"":""96d9a78a-c90c-7162-19f4-2bf3d5f03e9a"",""yes_price_dollars"":""0.5600""}"
KXBTC15M-26APR271615-15,7cb94a4a-3745-7504-116d-d5bdacb655ab,1777320038,0.56,6.6,no,"{""count_fp"":""6.60"",""created_time"":""2026-04-27T20:00:38.812985Z"",""no_price_dollars"":""0.4400"",""taker_side"":""no"",""ticker"":""KXBTC15M-26APR271615-15"",""trade_id"":""7cb94a4a-3745-7504-116d-d5bdacb655ab"",""yes_price_dollars"":""0.5600""}"
KXBTC15M-26APR271615-15,1dfb89fc-27b0-76ea-276e-55e8ef458d34,1777320038,0.56,500.0,no,"{""count_fp"":""500.00"",""created_time"":""2026-04-27T20:00:38.812985Z"",""no_price_dollars"":""0.4400"",""taker_side"":""no"",""ticker"":""KXBTC15M-26APR271615-15"",""trade_id"":""1dfb89fc-27b0-76ea-276e-55e8ef458d34"",""yes_price_dollars"":""0.5600""}"
KXBTC15M-26APR271615-15,9082adb4-e661-6e5c-7b03-ab2ae6bfc78f,1777320038,0.56,5.0,no,"{""count_fp"":""5.00"",""created_time"":""2026-04-27T20:00:38.617142Z"",""no_price_dollars"":""0.4400"",""taker_side"":""no"",""ticker"":""KXBTC15M-26APR271615-15"",""trade_id"":""9082adb4-e661-6e5c-7b03-ab2ae6bfc78f"",""yes_price_dollars"":""0.5600""}"
KXBTC15M-26APR271615-15,cf8677fe-ce19-5df0-f767-e86acd59c48f,1777320038,0.56,4.37,no,"{""count_fp"":""4.37"",""created_time"":""2026-04-27T20:00:38.181171Z"",""no_price_dollars"":""0.4400"",""taker_side"":""no"",""ticker"":""KXBTC15M-26APR271615-15"",""trade_id"":""cf8677fe-ce19-5df0-f767-e86acd59c48f"",""yes_price_dollars"":""0.5600""}"
KXBTC15M-26APR271615-15,a5538054-d159-460c-da0e-ec00c3e24dd7,1777320038,0.56,17.85,no,"{""count_fp"":""17.85"",""created_time"":""2026-04-27T20:00:38.104249Z"",""no_price_dollars"":""0.4400"",""taker_side"":""no"",""ticker"":""KXBTC15M-26APR271615-15"",""trade_id"":""a5538054-d159-460c-da0e-ec00c3e24dd7"",""yes_price_dollars"":""0.5600""}"
KXBTC15M-26APR271615-15,a18edb32-d499-4a39-d836-8136564796ed,1777320038,0.56,6.2,no,"{""count_fp"":""6.20"",""created_time"":""2026-04-27T20:00:38.104249Z"",""no_price_dollars"":""0.4400"",""taker_side"":""no"",""ticker"":""KXBTC15M-26APR271615-15"",""trade_id"":""a18edb32-d499-4a39-d836-8136564796ed"",""yes_price_dollars"":""0.5600""}"
KXBTC15M-26APR271615-15,763d2d2f-80d0-4a3b-83fd-0eed33d60fcf,1777320039,0.57,93.67,yes,"{""count_fp"":""93.67"",""created_time"":""2026-04-27T20:00:39.964292Z"",""no_price_dollars"":""0.4300"",""taker_side"":""yes"",""ticker"":""KXBTC15M-26APR271615-15"",""trade_id"":""763d2d2f-80d0-4a3b-83fd-0eed33d60fcf"",""yes_price_dollars"":""0.5700""}"
KXBTC15M-26APR271615-15,e01ffce8-9ea0-523c-dae6-0e1363fb7f2a,1777320039,0.56,2.18,no,"{""count_fp"":""2.18"",""created_time"":""2026-04-27T20:00:39.950165Z"",""no_price_dollars"":""0.4400"",""taker_side"":""no"",""ticker"":""KXBTC15M-26APR271615-15"",""trade_id"":""e01ffce8-9ea0-523c-dae6-0e1363fb7f2a"",""yes_price_dollars"":""0.5600""}"
KXBTC15M-26APR271615-15,aa3f308b-ae7c-5262-99fc-d3c23fbfe000,1777320039,0.56,1.02,no,"{""count_fp"":""1.02"",""created_time"":""2026-04-27T20:00:39.948544Z"",""no_price_dollars"":""0.4400"",""taker_side"":""no"",""ticker"":""KXBTC15M-26APR271615-15"",""trade_id"":""aa3f308b-ae7c-5262-99fc-d3c23fbfe000"",""yes_price_dollars"":""0.5600""}"
KXBTC15M-26APR271615-15,6fc6c193-507c-5120-82e0-aad56aa9b4de,1777320039,0.56,3.35,no,"{""count_fp"":""3.35"",""created_time"":""2026-04-27T20:00:39.948544Z"",""no_price_dollars"":""0.4400"",""taker_side"":""no"",""ticker"":""KXBTC15M-26APR271615-15"",""trade_id"":""6fc6c193-507c-5120-82e0-aad56aa9b4de"",""yes_price_dollars"":""0.5600""}"
KXBTC15M-26APR271615-15,9096ef8a-c81c-6cea-4060-be2734f5d454,1777320039,0.56,5.0,no,"{""count_fp"":""5.00"",""created_time"":""2026-04-27T20:00:39.431034Z"",""no_price_dollars"":""0.4400"",""taker_side"":""no"",""ticker"":""KXBTC15M-26APR271615-15"",""trade_id"":""9096ef8a-c81c-6cea-4060-be2734f5d454"",""yes_price_dollars"":""0.5600""}"
KXBTC15M-26APR271615-15,da7c4b1e-2b14-4fb3-601e-3600c2906e3b,1777320039,0.57,8.5,yes,"{""count_fp"":""8.50"",""created_time"":""2026-04-27T20:00:39.201643Z"",""no_price_dollars"":""0.4300"",""taker_side"":""yes"",""ticker"":""KXBTC15M-26APR271615-15"",""trade_id"":""da7c4b1e-2b14-4fb3-601e-3600c2906e3b"",""yes_price_dollars"":""0.5700""}"
KXBTC15M-26APR271615-15,f9d2b104-6fe0-4856-1a26-2c06d2e94250,1777320039,0.56,18.68,no,"{""count_fp"":""18.68"",""created_time"":""2026-04-27T20:00:39.144281Z"",""no_price_dollars"":""0.4400"",""taker_side"":""no"",""ticker"":""KXBTC15M-26APR271615-15"",""trade_id"":""f9d2b104-6fe0-4856-1a26-2c06d2e94250"",""yes_price_dollars"":""0.5600""}"
KXBTC15M-26APR271615-15,bb539acf-820e-49d5-1824-f537b8ea7c09,1777320039,0.56,1.0,no,"{""count_fp"":""1.00"",""created_time"":""2026-04-27T20:00:39.144281Z"",""no_price_dollars"":""0.4400"",""taker_side"":""no"",""ticker"":""KXBTC15M-26APR271615-15"",""trade_id"":""bb539acf-820e-49d5-1824-f537b8ea7c09"",""yes_price_dollars"":""0.5600""}"
KXBTC15M-26APR271615-15,8245b97d-ff6c-4de7-be6b-e1dabc0978fb,1777320039,0.57,17.03,yes,"{""count_fp"":""17.03"",""created_time"":""2026-04-27T20:00:39.136247Z"",""no_price_dollars"":""0.4300"",""taker_side"":""yes"",""ticker"":""KXBTC15M-26APR271615-15"",""trade_id"":""8245b97d-ff6c-4de7-be6b-e1dabc0978fb"",""yes_price_dollars"":""0.5700""}"
KXBTC15M-26APR271615-15,ff57546d-77c7-62d0-e359-4aeb9eab0c9b,1777320040,0.57,1.42,yes,"{""count_fp"":""1.42"",""created_time"":""2026-04-27T20:00:40.999552Z"",""no_price_dollars"":""0.4300"",""taker_side"":""yes"",""ticker"":""KXBTC15M-26APR271615-15"",""trade_id"":""ff57546d-77c7-62d0-e359-4aeb9eab0c9b"",""yes_price_dollars"":""0.5700""}"
KXBTC15M-26APR271615-15,d4b71216-c811-66ea-ccf4-0e1286e27679,1777320040,0.57,2.49,yes,"{""count_fp"":""2.49"",""created_time"":""2026-04-27T20:00:40.999552Z"",""no_price_dollars"":""0.4300"",""taker_side"":""yes"",""ticker"":""KXBTC15M-26APR271615-15"",""trade_id"":""d4b71216-c811-66ea-ccf4-0e1286e27679"",""yes_price_dollars"":""0.5700""}"
KXBTC15M-26APR271615-15,c33a11c5-faaa-698a-e07c-fef0c194d7e0,1777320040,0.57,1.0,yes,"{""count_fp"":""1.00"",""created_time"":""2026-04-27T20:00:40.999552Z"",""no_price_dollars"":""0.4300"",""taker_side"":""yes"",""ticker"":""KXBTC15M-26APR271615-15"",""trade_id"":""c33a11c5-faaa-698a-e07c-fef0c194d7e0"",""yes_price_dollars"":""0.5700""}"
KXBTC15M-26APR271615-15,ab65f75f-518a-66d5-fec5-31f970871f14,1777320040,0.57,25.0,yes,"{""count_fp"":""25.00"",""created_time"":""2026-04-27T20:00:40.999552Z"",""no_price_dollars"":""0.4300"",""taker_side"":""yes"",""ticker"":""KXBTC15M-26APR271615-15"",""trade_id"":""ab65f75f-518a-66d5-fec5-31f970871f14"",""yes_price_dollars"":""0.5700""}"
KXBTC15M-26APR271615-15,a71ab2bf-c088-60cb-e385-8ee08f9c3b77,1777320040,0.57,55.35,yes,"{""count_fp"":""55.35"",""created_time"":""2026-04-27T20:00:40.999552Z"",""no_price_dollars"":""0.4300"",""taker_side"":""yes"",""ticker"":""KXBTC15M-26APR271615-15"",""trade_id"":""a71ab2bf-c088-60cb-e385-8ee08f9c3b77"",""yes_price_dollars"":""0.5700""}"
KXBTC15M-26APR271615-15,5f2c168e-9aba-635c-e59a-1faddf39cab5,1777320040,0.57,1.09,yes,"{""count_fp"":""1.09"",""created_time"":""2026-04-27T20:00:40.999552Z"",""no_price_dollars"":""0.4300"",""taker_side"":""yes"",""ticker"":""KXBTC15M-26APR271615-15"",""trade_id"":""5f2c168e-9aba-635c-e59a-1faddf39cab5"",""yes_price_dollars"":""0.5700""}"
KXBTC15M-26APR271615-15,49d21fbd-654f-6c18-ddb0-73a29c3022ff,1777320040,0.57,40.0,yes,"{""count_fp"":""40.00"",""created_time"":""2026-04-27T20:00:40.999552Z"",""no_price_dollars"":""0.4300"",""taker_side"":""yes"",""ticker"":""KXBTC15M-26APR271615-15"",""trade_id"":""49d21fbd-654f-6c18-ddb0-73a29c3022ff"",""yes_price_dollars"":""0.5700""}"
KXBTC15M-26APR271615-15,30d4cb12-eb65-6eea-d7f4-1860df723d04,1777320040,0.57,5.0,yes,"{""count_fp"":""5.00"",""created_time"":""2026-04-27T20:00:40.999552Z"",""no_price_dollars"":""0.4300"",""taker_side"":""yes"",""ticker"":""KXBTC15M-26APR271615-15"",""trade_id"":""30d4cb12-eb65-6eea-d7f4-1860df723d04"",""yes_price_dollars"":""0.5700""}"
KXBTC15M-26APR271615-15,10082c95-d735-6306-f14b-b1b17f2e94d3,1777320040,0.57,6.0,yes,"{""count_fp"":""6.00"",""created_time"":""2026-04-27T20:00:40.999552Z"",""no_price_dollars"":""0.4300"",""taker_side"":""yes"",""ticker"":""KXBTC15M-26APR271615-15"",""trade_id"":""10082c95-d735-6306-f14b-b1b17f2e94d3"",""yes_price_dollars"":""0.5700""}"
KXBTC15M-26APR271615-15,0ad4de57-0f3b-61c4-eb7f-1aed4108d7eb,1777320040,0.57,30.0,yes,"{""count_fp"":""30.00"",""created_time"":""2026-04-27T20:00:40.999552Z"",""no_price_dollars"":""0.4300"",""taker_side"":""yes"",""ticker"":""KXBTC15M-26APR271615-15"",""trade_id"":""0ad4de57-0f3b-61c4-eb7f-1aed4108d7eb"",""yes_price_dollars"":""0.5700""}"
KXBTC15M-26APR271615-15,035268ff-6ef1-67d4-ec1a-7b5e56744dc6,1777320040,0.57,5.0,yes,"{""count_fp"":""5.00"",""created_time"":""2026-04-27T20:00:40.999552Z"",""no_price_dollars"":""0.4300"",""taker_side"":""yes"",""ticker"":""KXBTC15M-26APR271615-15"",""trade_id"":""035268ff-6ef1-67d4-ec1a-7b5e56744dc6"",""yes_price_dollars"":""0.5700""}"
KXBTC15M-26APR271615-15,0b9df3d8-d3d0-5a20-4a94-60392d425eda,1777320040,0.56,5.0,no,"{""count_fp"":""5.00"",""created_time"":""2026-04-27T20:00:40.938777Z"",""no_price_dollars"":""0.4400"",""taker_side"":""no"",""ticker"":""KXBTC15M-26APR271615-15"",""trade_id"":""0b9df3d8-d3d0-5a20-4a94-60392d425eda"",""yes_price_dollars"":""0.5600""}"
KXBTC15M-26APR271615-15,f64fa3df-84e8-471f-23b0-280b04dff9bf,1777320040,0.57,34.06,yes,"{""count_fp"":""34.06"",""created_time"":""2026-04-27T20:00:40.667363Z"",""no_price_dollars"":""0.4300"",""taker_side"":""yes"",""ticker"":""KXBTC15M-26APR271615-15"",""trade_id"":""f64fa3df-84e8-471f-23b0-280b04dff9bf"",""yes_price_dollars"":""0.5700""}"
KXBTC15M-26APR271615-15,6573e756-4b8c-5a90-f7dd-ab86f2d4659e,1777320040,0.56,3.0,no,"{""count_fp"":""3.00"",""created_time"":""2026-04-27T20:00:40.522821Z"",""no_price_dollars"":""0.4400"",""taker_side"":""no"",""ticker"":""KXBTC15M-26APR271615-15"",""trade_id"":""6573e756-4b8c-5a90-f7dd-ab86f2d4659e"",""yes_price_dollars"":""0.5600""}"
KXBTC15M-26APR271615-15,ce7a6643-e9d0-7084-a64b-c62b2f25f522,1777320040,0.56,1.26,no,"{""count_fp"":""1.26"",""created_time"":""2026-04-27T20:00:40.475924Z"",""no_price_dollars"":""0.4400"",""taker_side"":""no"",""ticker"":""KXBTC15M-26APR271615-15"",""trade_id"":""ce7a6643-e9d0-7084-a64b-c62b2f25f522"",""yes_price_dollars"":""0.5600""}"
KXBTC15M-26APR271615-15,51676a46-4230-7283-089a-babfedf14cfb,1777320040,0.57,25.54,yes,"{""count_fp"":""25.54"",""created_time"":""2026-04-27T20:00:40.206438Z"",""no_price_dollars"":""0.4300"",""taker_side"":""yes"",""ticker"":""KXBTC15M-26APR271615-15"",""trade_id"":""51676a46-4230-7283-089a-babfedf14cfb"",""yes_price_dollars"":""0.5700""}"
KXBTC15M-26APR271615-15,cbc902d1-9a08-76a8-1e39-c58d055f6272,1777320040,0.56,5.0,no,"{""count_fp"":""5.00"",""created_time"":""2026-04-27T20:00:40.191758Z"",""no_price_dollars"":""0.4400"",""taker_side"":""no"",""ticker"":""KXBTC15M-26APR271615-15"",""trade_id"":""cbc902d1-9a08-76a8-1e39-c58d055f6272"",""yes_price_dollars"":""0.5600""}"
KXBTC15M-26APR271615-15,a3896cd8-4476-6e7b-7417-54c68264a640,1777320041,0.56,3.0,no,"{""count_fp"":""3.00"",""created_time"":""2026-04-27T20:00:41.933795Z"",""no_price_dollars"":""0.4400"",""taker_side"":""no"",""ticker"":""KXBTC15M-26APR271615-15"",""trade_id"":""a3896cd8-4476-6e7b-7417-54c68264a640"",""yes_price_dollars"":""0.5600""}"
KXBTC15M-26APR271615-15,f95013cc-592e-44bb-5789-8f65a0905b44,1777320041,0.56,17.49,no,"{""count_fp"":""17.49"",""created_time"":""2026-04-27T20:00:41.927099Z"",""no_price_dollars"":""0.4400"",""taker_side"":""no"",""ticker"":""KXBTC15M-26APR271615-15"",""trade_id"":""f95013cc-592e-44bb-5789-8f65a0905b44"",""yes_price_dollars"":""0.5600""}"
KXBTC15M-26APR271615-15,7bee5f5d-9ce2-587b-f525-d16f7733b688,1777320041,0.56,185.89,no,"{""count_fp"":""185.89"",""created_time"":""2026-04-27T20:00:41.743498Z"",""no_price_dollars"":""0.4400"",""taker_side"":""no"",""ticker"":""KXBTC15M-26APR271615-15"",""trade_id"":""7bee5f5d-9ce2-587b-f525-d16f7733b688"",""yes_price_dollars"":""0.5600""}"
KXBTC15M-26APR271615-15,a95d8e4a-dd20-747e-734b-3010f68d1e02,1777320041,0.56,24.79,no,"{""count_fp"":""24.79"",""created_time"":""2026-04-27T20:00:41.638737Z"",""no_price_dollars"":""0.4400"",""taker_side"":""no"",""ticker"":""KXBTC15M-26APR271615-15"",""trade_id"":""a95d8e4a-dd20-747e-734b-3010f68d1e02"",""yes_price_dollars"":""0.5600""}"
KXBTC15M-26APR271615-15,1ec91f4f-e778-74e8-6d3f-6073c647015e,1777320041,0.56,9.21,no,"{""count_fp"":""9.21"",""created_time"":""2026-04-27T20:00:41.638737Z"",""no_price_dollars"":""0.4400"",""taker_side"":""no"",""ticker"":""KXBTC15M-26APR271615-15"",""trade_id"":""1ec91f4f-e778-74e8-6d3f-6073c647015e"",""yes_price_dollars"":""0.5600""}"
KXBTC15M-26APR271615-15,3332637b-a4b3-7f08-c048-c451740bc226,1777320041,0.57,1.0,yes,"{""count_fp"":""1.00"",""created_time"":""2026-04-27T20:00:41.633733Z"",""no_price_dollars"":""0.4300"",""taker_side"":""yes"",""ticker"":""KXBTC15M-26APR271615-15"",""trade_id"":""3332637b-a4b3-7f08-c048-c451740bc226"",""yes_price_dollars"":""0.5700""}"
KXBTC15M-26APR271615-15,e2d42ce2-7a4a-7283-ccdf-41b7d77bf674,1777320042,0.56,32.8,no,"{""count_fp"":""32.80"",""created_time"":""2026-04-27T20:00:42.749334Z"",""no_price_dollars"":""0.4400"",""taker_side"":""no"",""ticker"":""KXBTC15M-26APR271615-15"",""trade_id"":""e2d42ce2-7a4a-7283-ccdf-41b7d77bf674"",""yes_price_dollars"":""0.5600""}"
KXBTC15M-26APR271615-15,2f207ece-ca12-5017-b00e-2097f47884f4,1777320042,0.56,10.93,no,"{""count_fp"":""10.93"",""created_time"":""2026-04-27T20:00:42.536161Z"",""no_price_dollars"":""0.4400"",""taker_side"":""no"",""ticker"":""KXBTC15M-26APR271615-15"",""trade_id"":""2f207ece-ca12-5017-b00e-2097f47884f4"",""yes_price_dollars"":""0.5600""}"
KXBTC15M-26APR271615-15,48304b80-6a2e-6b37-5ebc-ab46662842a4,1777320042,0.56,94.04,no,"{""count_fp"":""94.04"",""created_time"":""2026-04-27T20:00:42.536074Z"",""no_price_dollars"":""0.4400"",""taker_side"":""no"",""ticker"":""KXBTC15M-26APR271615-15"",""trade_id"":""48304b80-6a2e-6b37-5ebc-ab46662842a4"",""yes_price_dollars"":""0.5600""}"
KXBTC15M-26APR271615-15,34967115-dfca-75db-c65d-34f3ec679a80,1777320042,0.56,43.73,no,"{""count_fp"":""43.73"",""created_time"":""2026-04-27T20:00:42.519704Z"",""no_price_dollars"":""0.4400"",""taker_side"":""no"",""ticker"":""KXBTC15M-26APR271615-15"",""trade_id"":""34967115-dfca-75db-c65d-34f3ec679a80"",""yes_price_dollars"":""0.5600""}"
KXBTC15M-26APR271615-15,e6b3ab2d-5b32-789f-6d6c-43d52039f9c9,1777320042,0.57,1.0,yes,"{""count_fp"":""1.00"",""created_time"":""2026-04-27T20:00:42.438162Z"",""no_price_dollars"":""0.4300"",""taker_side"":""yes"",""ticker"":""KXBTC15M-26APR271615-15"",""trade_id"":""e6b3ab2d-5b32-789f-6d6c-43d52039f9c9"",""yes_price_dollars"":""0.5700""}"
KXBTC15M-26APR271615-15,22254e2a-4569-7297-46af-64c48ddaa14e,1777320042,0.57,3.2,yes,"{""count_fp"":""3.20"",""created_time"":""2026-04-27T20:00:42.438162Z"",""no_price_dollars"":""0.4300"",""taker_side"":""yes"",""ticker"":""KXBTC15M-26APR271615-15"",""trade_id"":""22254e2a-4569-7297-46af-64c48ddaa14e"",""yes_price_dollars"":""0.5700""}"
KXBTC15M-26APR271615-15,04ae73c5-fe92-6767-0222-dae1bc1ecf38,1777320042,0.56,21.86,no,"{""count_fp"":""21.86"",""created_time"":""2026-04-27T20:00:42.297386Z"",""no_price_dollars"":""0.4400"",""taker_side"":""no"",""ticker"":""KXBTC15M-26APR271615-15"",""trade_id"":""04ae73c5-fe92-6767-0222-dae1bc1ecf38"",""yes_price_dollars"":""0.5600""}"
KXBTC15M-26APR271615-15,7c05d1e0-b45a-56e3-bfb0-c7b28d3ee728,1777320042,0.56,24.05,no,"{""count_fp"":""24.05"",""created_time"":""2026-04-27T20:00:42.042134Z"",""no_price_dollars"":""0.4400"",""taker_side"":""no"",""ticker"":""KXBTC15M-26APR271615-15"",""trade_id"":""7c05d1e0-b45a-56e3-bfb0-c7b28d3ee728"",""yes_price_dollars"":""0.5600""}"
KXBTC15M-26APR271615-15,eeb0a623-128b-5ae5-4160-9a5a7eb3fccd,1777320043,0.56,1.0,no,"{""count_fp"":""1.00"",""created_time"":""2026-04-27T20:00:43.906343Z"",""no_price_dollars"":""0.4400"",""taker_side"":""no"",""ticker"":""KXBTC15M-26APR271615-15"",""trade_id"":""eeb0a623-128b-5ae5-4160-9a5a7eb3fccd"",""yes_price_dollars"":""0.5600""}"
KXBTC15M-26APR271615-15,c09adf23-aa99-52c6-4027-01185dbce4f1,1777320043,0.56,15.0,no,"{""count_fp"":""15.00"",""created_time"":""2026-04-27T20:00:43.906343Z"",""no_price_dollars"":""0.4400"",""taker_side"":""no"",""ticker"":""KXBTC15M-26APR271615-15"",""trade_id"":""c09adf23-aa99-52c6-4027-01185dbce4f1"",""yes_price_dollars"":""0.5600""}"
