ticker,trade_id,ts,yes_price,count,taker_side,raw_json
KXBTC15M-26APR280915-15,4a2d1ed4-e8a8-5f2f-a904-0dffadc0321c,1777381200,0.52,12.0,no,"{""count_fp"":""12.00"",""created_time"":""2026-04-28T13:00:00.835325Z"",""no_price_dollars"":""0.4800"",""taker_side"":""no"",""ticker"":""KXBTC15M-26APR280915-15"",""trade_id"":""4a2d1ed4-e8a8-5f2f-a904-0dffadc0321c"",""yes_price_dollars"":""0.5200""}"
KXBTC15M-26APR280915-15,7e74b5c8-2df4-532b-d9cd-9aacc84518c8,1777381200,0.52,14.0,no,"{""count_fp"":""14.00"",""created_time"":""2026-04-28T13:00:00.654705Z"",""no_price_dollars"":""0.4800"",""taker_side"":""no"",""ticker"":""KXBTC15M-26APR280915-15"",""trade_id"":""7e74b5c8-2df4-532b-d9cd-9aacc84518c8"",""yes_price_dollars"":""0.5200""}"
KXBTC15M-26APR280915-15,dc3daafd-7d01-7fe8-3c7b-c215236f5674,1777381201,0.58,1.0,yes,"{""count_fp"":""1.00"",""created_time"":""2026-04-28T13:00:01.765716Z"",""no_price_dollars"":""0.4200"",""taker_side"":""yes"",""ticker"":""KXBTC15M-26APR280915-15"",""trade_id"":""dc3daafd-7d01-7fe8-3c7b-c215236f5674"",""yes_price_dollars"":""0.5800""}"
KXBTC15M-26APR280915-15,cda0d702-5e8d-788d-0444-1f9fc492acb6,1777381201,0.58,1.0,yes,"{""count_fp"":""1.00"",""created_time"":""2026-04-28T13:00:01.765716Z"",""no_price_dollars"":""0.4200"",""taker_side"":""yes"",""ticker"":""KXBTC15M-26APR280915-15"",""trade_id"":""cda0d702-5e8d-788d-0444-1f9fc492acb6"",""yes_price_dollars"":""0.5800""}"
KXBTC15M-26APR280915-15,c0765f3d-55ae-7b7e-1b6f-a16bfa2eb692,1777381201,0.58,1.0,yes,"{""count_fp"":""1.00"",""created_time"":""2026-04-28T13:00:01.765716Z"",""no_price_dollars"":""0.4200"",""taker_side"":""yes"",""ticker"":""KXBTC15M-26APR280915-15"",""trade_id"":""c0765f3d-55ae-7b7e-1b6f-a16bfa2eb692"",""yes_price_dollars"":""0.5800""}"
KXBTC15M-26APR280915-15,9149571e-3fa3-4a9e-0af4-d239d7490a21,1777381201,0.56,1.0,no,"{""count_fp"":""1.00"",""created_time"":""2026-04-28T13:00:01.170924Z"",""no_price_dollars"":""0.4400"",""taker_side"":""no"",""ticker"":""KXBTC15M-26APR280915-15"",""trade_id"":""9149571e-3fa3-4a9e-0af4-d239d7490a21"",""yes_price_dollars"":""0.5600""}"
KXBTC15M-26APR280915-15,7590d72a-97ac-485e-0cb8-3e6456a496c3,1777381201,0.57,1.0,yes,"{""count_fp"":""1.00"",""created_time"":""2026-04-28T13:00:01.018233Z"",""no_price_dollars"":""0.4300"",""taker_side"":""yes"",""ticker"":""KXBTC15M-26APR280915-15"",""trade_id"":""7590d72a-97ac-485e-0cb8-3e6456a496c3"",""yes_price_dollars"":""0.5700""}"
KXBTC15M-26APR280915-15,54038b9f-145e-4895-0cf1-d4eeecde731b,1777381201,0.54,1.0,yes,"{""count_fp"":""1.00"",""created_time"":""2026-04-28T13:00:01.018233Z"",""no_price_dollars"":""0.4600"",""taker_side"":""yes"",""ticker"":""KXBTC15M-26APR280915-15"",""trade_id"":""54038b9f-145e-4895-0cf1-d4eeecde731b"",""yes_price_dollars"":""0.5400""}"
KXBTC15M-26APR280915-15,1f9dd386-d15a-4b95-3c4d-390ccd848e99,1777381201,0.55,1.0,yes,"{""count_fp"":""1.00"",""created_time"":""2026-04-28T13:00:01.018233Z"",""no_price_dollars"":""0.4500"",""taker_side"":""yes"",""ticker"":""KXBTC15M-26APR280915-15"",""trade_id"":""1f9dd386-d15a-4b95-3c4d-390ccd848e99"",""yes_price_dollars"":""0.5500""}"
KXBTC15M-26APR280915-15,176a7d9c-9a21-42e0-2e89-d8b851723d03,1777381201,0.56,1.0,yes,"{""count_fp"":""1.00"",""created_time"":""2026-04-28T13:00:01.018233Z"",""no_price_dollars"":""0.4400"",""taker_side"":""yes"",""ticker"":""KXBTC15M-26APR280915-15"",""trade_id"":""176a7d9c-9a21-42e0-2e89-d8b851723d03"",""yes_price_dollars"":""0.5600""}"
KXBTC15M-26APR280915-15,9ef63c47-a936-618d-4eff-1512c109e107,1777381203,0.58,2.0,yes,"{""count_fp"":""2.00"",""created_time"":""2026-04-28T13:00:03.785802Z"",""no_price_dollars"":""0.4200"",""taker_side"":""yes"",""ticker"":""KXBTC15M-26APR280915-15"",""trade_id"":""9ef63c47-a936-618d-4eff-1512c109e107"",""yes_price_dollars"":""0.5800""}"
KXBTC15M-26APR280915-15,dc15740c-c136-52d2-4321-da2fd283688a,1777381203,0.58,25.0,yes,"{""count_fp"":""25.00"",""created_time"":""2026-04-28T13:00:03.115266Z"",""no_price_dollars"":""0.4200"",""taker_side"":""yes"",""ticker"":""KXBTC15M-26APR280915-15"",""trade_id"":""dc15740c-c136-52d2-4321-da2fd283688a"",""yes_price_dollars"":""0.5800""}"
KXBTC15M-26APR280915-15,d655d5a5-644a-586f-52ab-b72ad12b4522,1777381203,0.55,30.0,yes,"{""count_fp"":""30.00"",""created_time"":""2026-04-28T13:00:03.115266Z"",""no_price_dollars"":""0.4500"",""taker_side"":""yes"",""ticker"":""KXBTC15M-26APR280915-15"",""trade_id"":""d655d5a5-644a-586f-52ab-b72ad12b4522"",""yes_price_dollars"":""0.5500""}"
KXBTC15M-26APR280915-15,94280608-90ff-58c0-5ffd-e8ce758f6de5,1777381203,0.58,16.0,yes,"{""count_fp"":""16.00"",""created_time"":""2026-04-28T13:00:03.115266Z"",""no_price_dollars"":""0.4200"",""taker_side"":""yes"",""ticker"":""KXBTC15M-26APR280915-15"",""trade_id"":""94280608-90ff-58c0-5ffd-e8ce758f6de5"",""yes_price_dollars"":""0.5800""}"
KXBTC15M-26APR280915-15,4cbbd738-7b72-5535-6212-ac621850cf63,1777381203,0.58,11.74,yes,"{""count_fp"":""11.74"",""created_time"":""2026-04-28T13:00:03.115266Z"",""no_price_dollars"":""0.4200"",""taker_side"":""yes"",""ticker"":""KXBTC15M-26APR280915-15"",""trade_id"":""4cbbd738-7b72-5535-6212-ac621850cf63"",""yes_price_dollars"":""0.5800""}"
KXBTC15M-26APR280915-15,1f7c318b-e1a9-5453-68b1-7020194f6aef,1777381203,0.55,1.0,yes,"{""count_fp"":""1.00"",""created_time"":""2026-04-28T13:00:03.115266Z"",""no_price_dollars"":""0.4500"",""taker_side"":""yes"",""ticker"":""KXBTC15M-26APR280915-15"",""trade_id"":""1f7c318b-e1a9-5453-68b1-7020194f6aef"",""yes_price_dollars"":""0.5500""}"
KXBTC15M-26APR280915-15,875e42f3-4832-6802-c662-a20477d96f70,1777381204,0.54,38.0,yes,"{""count_fp"":""38.00"",""created_time"":""2026-04-28T13:00:04.415473Z"",""no_price_dollars"":""0.4600"",""taker_side"":""yes"",""ticker"":""KXBTC15M-26APR280915-15"",""trade_id"":""875e42f3-4832-6802-c662-a20477d96f70"",""yes_price_dollars"":""0.5400""}"
KXBTC15M-26APR280915-15,f92d5ddb-4edf-4a55-6639-7e42ce440d95,1777381204,0.55,16.0,no,"{""count_fp"":""16.00"",""created_time"":""2026-04-28T13:00:04.402791Z"",""no_price_dollars"":""0.4500"",""taker_side"":""no"",""ticker"":""KXBTC15M-26APR280915-15"",""trade_id"":""f92d5ddb-4edf-4a55-6639-7e42ce440d95"",""yes_price_dollars"":""0.5500""}"
KXBTC15M-26APR280915-15,f15ff246-e2b9-4be8-6a89-0fac4f3bc38f,1777381204,0.54,56.0,no,"{""count_fp"":""56.00"",""created_time"":""2026-04-28T13:00:04.402791Z"",""no_price_dollars"":""0.4600"",""taker_side"":""no"",""ticker"":""KXBTC15M-26APR280915-15"",""trade_id"":""f15ff246-e2b9-4be8-6a89-0fac4f3bc38f"",""yes_price_dollars"":""0.5400""}"
KXBTC15M-26APR280915-15,3ff3fe45-bb8c-4708-7c3d-cf06061c640b,1777381204,0.55,10.0,no,"{""count_fp"":""10.00"",""created_time"":""2026-04-28T13:00:04.402791Z"",""no_price_dollars"":""0.4500"",""taker_side"":""no"",""ticker"":""KXBTC15M-26APR280915-15"",""trade_id"":""3ff3fe45-bb8c-4708-7c3d-cf06061c640b"",""yes_price_dollars"":""0.5500""}"
KXBTC15M-26APR280915-15,086178ea-0ce1-7793-9c00-29bd4810f336,1777381205,0.57,3.39,yes,"{""count_fp"":""3.39"",""created_time"":""2026-04-28T13:00:05.156336Z"",""no_price_dollars"":""0.4300"",""taker_side"":""yes"",""ticker"":""KXBTC15M-26APR280915-15"",""trade_id"":""086178ea-0ce1-7793-9c00-29bd4810f336"",""yes_price_dollars"":""0.5700""}"
KXBTC15M-26APR280915-15,b9476032-3984-4086-5282-8eb64f56b6f9,1777381206,0.57,10.42,yes,"{""count_fp"":""10.42"",""created_time"":""2026-04-28T13:00:06.120832Z"",""no_price_dollars"":""0.4300"",""taker_side"":""yes"",""ticker"":""KXBTC15M-26APR280915-15"",""trade_id"":""b9476032-3984-4086-5282-8eb64f56b6f9"",""yes_price_dollars"":""0.5700""}"
KXBTC15M-26APR280915-15,a9eaebc7-8a45-42cf-7b01-1d4c50a0c9ba,1777381206,0.57,6.61,yes,"{""count_fp"":""6.61"",""created_time"":""2026-04-28T13:00:06.120832Z"",""no_price_dollars"":""0.4300"",""taker_side"":""yes"",""ticker"":""KXBTC15M-26APR280915-15"",""trade_id"":""a9eaebc7-8a45-42cf-7b01-1d4c50a0c9ba"",""yes_price_dollars"":""0.5700""}"
KXBTC15M-26APR280915-15,3c286691-f47f-4945-3ac5-3c4c380b2b87,1777381207,0.56,3.4,yes,"{""count_fp"":""3.40"",""created_time"":""2026-04-28T13:00:07.291814Z"",""no_price_dollars"":""0.4400"",""taker_side"":""yes"",""ticker"":""KXBTC15M-26APR280915-15"",""trade_id"":""3c286691-f47f-4945-3ac5-3c4c380b2b87"",""yes_price_dollars"":""0.5600""}"
KXBTC15M-26APR280915-15,e25954ee-9a92-55a4-5e5e-95647ff3aaa1,1777381207,0.56,70.15,yes,"{""count_fp"":""70.15"",""created_time"":""2026-04-28T13:00:07.054367Z"",""no_price_dollars"":""0.4400"",""taker_side"":""yes"",""ticker"":""KXBTC15M-26APR280915-15"",""trade_id"":""e25954ee-9a92-55a4-5e5e-95647ff3aaa1"",""yes_price_dollars"":""0.5600""}"
KXBTC15M-26APR280915-15,5d25233d-a7ad-56d1-41db-a4508a0ba682,1777381207,0.56,15.0,yes,"{""count_fp"":""15.00"",""created_time"":""2026-04-28T13:00:07.054367Z"",""no_price_dollars"":""0.4400"",""taker_side"":""yes"",""ticker"":""KXBTC15M-26APR280915-15"",""trade_id"":""5d25233d-a7ad-56d1-41db-a4508a0ba682"",""yes_price_dollars"":""0.5600""}"
KXBTC15M-26APR280915-15,769a5b1a-9c17-5d97-0de7-195d9844df3b,1777381208,0.53,34.64,yes,"{""count_fp"":""34.64"",""created_time"":""2026-04-28T13:00:08.455295Z"",""no_price_dollars"":""0.4700"",""taker_side"":""yes"",""ticker"":""KXBTC15M-26APR280915-15"",""trade_id"":""769a5b1a-9c17-5d97-0de7-195d9844df3b"",""yes_price_dollars"":""0.5300""}"
KXBTC15M-26APR280915-15,af345134-3071-62e6-6096-24dbc56636bd,1777381208,0.5,8.0,no,"{""count_fp"":""8.00"",""created_time"":""2026-04-28T13:00:08.269749Z"",""no_price_dollars"":""0.5000"",""taker_side"":""no"",""ticker"":""KXBTC15M-26APR280915-15"",""trade_id"":""af345134-3071-62e6-6096-24dbc56636bd"",""yes_price_dollars"":""0.5000""}"
KXBTC15M-26APR280915-15,a5d03c71-fca3-607b-7417-5df372ba33a6,1777381208,0.51,8.0,no,"{""count_fp"":""8.00"",""created_time"":""2026-04-28T13:00:08.269749Z"",""no_price_dollars"":""0.4900"",""taker_side"":""no"",""ticker"":""KXBTC15M-26APR280915-15"",""trade_id"":""a5d03c71-fca3-607b-7417-5df372ba33a6"",""yes_price_dollars"":""0.5100""}"
KXBTC15M-26APR280915-15,576bd3ef-eca0-6636-499e-cd9385d26627,1777381208,0.5,33.0,no,"{""count_fp"":""33.00"",""created_time"":""2026-04-28T13:00:08.269749Z"",""no_price_dollars"":""0.5000"",""taker_side"":""no"",""ticker"":""KXBTC15M-26APR280915-15"",""trade_id"":""576bd3ef-eca0-6636-499e-cd9385d26627"",""yes_price_dollars"":""0.5000""}"
KXBTC15M-26APR280915-15,45d5af23-f0b6-616a-7092-f354fe0a40bc,1777381208,0.5,1.0,no,"{""count_fp"":""1.00"",""created_time"":""2026-04-28T13:00:08.269749Z"",""no_price_dollars"":""0.5000"",""taker_side"":""no"",""ticker"":""KXBTC15M-26APR280915-15"",""trade_id"":""45d5af23-f0b6-616a-7092-f354fe0a40bc"",""yes_price_dollars"":""0.5000""}"
KXBTC15M-26APR280915-15,85424815-3629-75ac-3055-b61040602e8b,1777381208,0.53,15.0,no,"{""count_fp"":""15.00"",""created_time"":""2026-04-28T13:00:08.130228Z"",""no_price_dollars"":""0.4700"",""taker_side"":""no"",""ticker"":""KXBTC15M-26APR280915-15"",""trade_id"":""85424815-3629-75ac-3055-b61040602e8b"",""yes_price_dollars"":""0.5300""}"
KXBTC15M-26APR280915-15,e40ca401-55d8-470e-61cc-8bb186619fc3,1777381209,0.5,5.79,no,"{""count_fp"":""5.79"",""created_time"":""2026-04-28T13:00:09.520091Z"",""no_price_dollars"":""0.5000"",""taker_side"":""no"",""ticker"":""KXBTC15M-26APR280915-15"",""trade_id"":""e40ca401-55d8-470e-61cc-8bb186619fc3"",""yes_price_dollars"":""0.5000""}"
KXBTC15M-26APR280915-15,62b91a6e-6050-6686-66ce-9e40bce17adf,1777381210,0.5,1.0,no,"{""count_fp"":""1.00"",""created_time"":""2026-04-28T13:00:10.736241Z"",""no_price_dollars"":""0.5000"",""taker_side"":""no"",""ticker"":""KXBTC15M-26APR280915-15"",""trade_id"":""62b91a6e-6050-6686-66ce-9e40bce17adf"",""yes_price_dollars"":""0.5000""}"
KXBTC15M-26APR280915-15,ecd552f1-1c78-508e-5d89-f1545c447ceb,1777381210,0.5,38.64,no,"{""count_fp"":""38.64"",""created_time"":""2026-04-28T13:00:10.331925Z"",""no_price_dollars"":""0.5000"",""taker_side"":""no"",""ticker"":""KXBTC15M-26APR280915-15"",""trade_id"":""ecd552f1-1c78-508e-5d89-f1545c447ceb"",""yes_price_dollars"":""0.5000""}"
KXBTC15M-26APR280915-15,11db5ab8-c061-6be9-26cd-dc7b628e04a9,1777381211,0.51,19.32,no,"{""count_fp"":""19.32"",""created_time"":""2026-04-28T13:00:11.755079Z"",""no_price_dollars"":""0.4900"",""taker_side"":""no"",""ticker"":""KXBTC15M-26APR280915-15"",""trade_id"":""11db5ab8-c061-6be9-26cd-dc7b628e04a9"",""yes_price_dollars"":""0.5100""}"
KXBTC15M-26APR280915-15,4ca3b3da-b3f5-73e9-cb60-574a48dfad81,1777381211,0.51,3.86,no,"{""count_fp"":""3.86"",""created_time"":""2026-04-28T13:00:11.171272Z"",""no_price_dollars"":""0.4900"",""taker_side"":""no"",""ticker"":""KXBTC15M-26APR280915-15"",""trade_id"":""4ca3b3da-b3f5-73e9-cb60-574a48dfad81"",""yes_price_dollars"":""0.5100""}"
KXBTC15M-26APR280915-15,f77b6b2f-1cba-58a4-914f-bc3c967c42d2,1777381212,0.5,20.0,no,"{""count_fp"":""20.00"",""created_time"":""2026-04-28T13:00:12.803342Z"",""no_price_dollars"":""0.5000"",""taker_side"":""no"",""ticker"":""KXBTC15M-26APR280915-15"",""trade_id"":""f77b6b2f-1cba-58a4-914f-bc3c967c42d2"",""yes_price_dollars"":""0.5000""}"
KXBTC15M-26APR280915-15,f4dc97df-a644-5e9a-8168-d2ea008fbf07,1777381212,0.51,10.0,no,"{""count_fp"":""10.00"",""created_time"":""2026-04-28T13:00:12.803342Z"",""no_price_dollars"":""0.4900"",""taker_side"":""no"",""ticker"":""KXBTC15M-26APR280915-15"",""trade_id"":""f4dc97df-a644-5e9a-8168-d2ea008fbf07"",""yes_price_dollars"":""0.5100""}"
KXBTC15M-26APR280915-15,e2509c54-d3e0-58f2-af8c-83775c91ee33,1777381212,0.5,41.57,no,"{""count_fp"":""41.57"",""created_time"":""2026-04-28T13:00:12.803342Z"",""no_price_dollars"":""0.5000"",""taker_side"":""no"",""ticker"":""KXBTC15M-26APR280915-15"",""trade_id"":""e2509c54-d3e0-58f2-af8c-83775c91ee33"",""yes_price_dollars"":""0.5000""}"
KXBTC15M-26APR280915-15,8be1513c-01a1-5a27-bb82-97b5346a56d9,1777381212,0.5,1.0,no,"{""count_fp"":""1.00"",""created_time"":""2026-04-28T13:00:12.803342Z"",""no_price_dollars"":""0.5000"",""taker_side"":""no"",""ticker"":""KXBTC15M-26APR280915-15"",""trade_id"":""8be1513c-01a1-5a27-bb82-97b5346a56d9"",""yes_price_dollars"":""0.5000""}"
KXBTC15M-26APR280915-15,6146e626-e655-5af3-9a3d-4945325607e0,1777381212,0.5,10.0,no,"{""count_fp"":""10.00"",""created_time"":""2026-04-28T13:00:12.803342Z"",""no_price_dollars"":""0.5000"",""taker_side"":""no"",""ticker"":""KXBTC15M-26APR280915-15"",""trade_id"":""6146e626-e655-5af3-9a3d-4945325607e0"",""yes_price_dollars"":""0.5000""}"
KXBTC15M-26APR280915-15,5697392e-2ef4-54a0-ac2a-2266408ee471,1777381212,0.5,12.59,no,"{""count_fp"":""12.59"",""created_time"":""2026-04-28T13:00:12.803342Z"",""no_price_dollars"":""0.5000"",""taker_side"":""no"",""ticker"":""KXBTC15M-26APR280915-15"",""trade_id"":""5697392e-2ef4-54a0-ac2a-2266408ee471"",""yes_price_dollars"":""0.5000""}"
KXBTC15M-26APR280915-15,2ffa0863-7efa-5fcf-09cf-592b1ed928c6,1777381213,0.52,3.0,yes,"{""count_fp"":""3.00"",""created_time"":""2026-04-28T13:00:13.389641Z"",""no_price_dollars"":""0.4800"",""taker_side"":""yes"",""ticker"":""KXBTC15M-26APR280915-15"",""trade_id"":""2ffa0863-7efa-5fcf-09cf-592b1ed928c6"",""yes_price_dollars"":""0.5200""}"
KXBTC15M-26APR280915-15,c1d51dff-65ef-516a-31cd-4c74d9c23ec7,1777381213,0.51,6.3,yes,"{""count_fp"":""6.30"",""created_time"":""2026-04-28T13:00:13.334752Z"",""no_price_dollars"":""0.4900"",""taker_side"":""yes"",""ticker"":""KXBTC15M-26APR280915-15"",""trade_id"":""c1d51dff-65ef-516a-31cd-4c74d9c23ec7"",""yes_price_dollars"":""0.5100""}"
KXBTC15M-26APR280915-15,1528d38d-19d4-544a-3f4d-3dcf4faad25a,1777381213,0.51,3.0,yes,"{""count_fp"":""3.00"",""created_time"":""2026-04-28T13:00:13.334752Z"",""no_price_dollars"":""0.4900"",""taker_side"":""yes"",""ticker"":""KXBTC15M-26APR280915-15"",""trade_id"":""1528d38d-19d4-544a-3f4d-3dcf4faad25a"",""yes_price_dollars"":""0.5100""}"
KXBTC15M-26APR280915-15,76ca42d5-93a3-6334-d3ac-df9db8aa7e22,1777381214,0.51,37.53,yes,"{""count_fp"":""37.53"",""created_time"":""2026-04-28T13:00:14.761229Z"",""no_price_dollars"":""0.4900"",""taker_side"":""yes"",""ticker"":""KXBTC15M-26APR280915-15"",""trade_id"":""76ca42d5-93a3-6334-d3ac-df9db8aa7e22"",""yes_price_dollars"":""0.5100""}"
KXBTC15M-26APR280915-15,f6a6958c-d7ac-5e9a-e734-d3f2b1cd7c4c,1777381214,0.5,6.3,no,"{""count_fp"":""6.30"",""created_time"":""2026-04-28T13:00:14.746595Z"",""no_price_dollars"":""0.5000"",""taker_side"":""no"",""ticker"":""KXBTC15M-26APR280915-15"",""trade_id"":""f6a6958c-d7ac-5e9a-e734-d3f2b1cd7c4c"",""yes_price_dollars"":""0.5000""}"
KXBTC15M-26APR280915-15,af409e6c-20fc-5e53-ea04-8b784b28b743,1777381214,0.48,30.0,no,"{""count_fp"":""30.00"",""created_time"":""2026-04-28T13:00:14.746595Z"",""no_price_dollars"":""0.5200"",""taker_side"":""no"",""ticker"":""KXBTC15M-26APR280915-15"",""trade_id"":""af409e6c-20fc-5e53-ea04-8b784b28b743"",""yes_price_dollars"":""0.4800""}"
KXBTC15M-26APR280915-15,aace2988-1b51-5a0b-c280-cc9062ebacb0,1777381214,0.49,56.0,no,"{""count_fp"":""56.00"",""created_time"":""2026-04-28T13:00:14.746595Z"",""no_price_dollars"":""0.5100"",""taker_side"":""no"",""ticker"":""KXBTC15M-26APR280915-15"",""trade_id"":""aace2988-1b51-5a0b-c280-cc9062ebacb0"",""yes_price_dollars"":""0.4900""}"
KXBTC15M-26APR280915-15,a00f44de-4543-59f1-ea93-659d4754b7c3,1777381214,0.48,8.0,no,"{""count_fp"":""8.00"",""created_time"":""2026-04-28T13:00:14.746595Z"",""no_price_dollars"":""0.5200"",""taker_side"":""no"",""ticker"":""KXBTC15M-26APR280915-15"",""trade_id"":""a00f44de-4543-59f1-ea93-659d4754b7c3"",""yes_price_dollars"":""0.4800""}"
KXBTC15M-26APR280915-15,8e9c8dbb-26c6-5f90-c01f-fb2284fa50ed,1777381214,0.48,20.0,no,"{""count_fp"":""20.00"",""created_time"":""2026-04-28T13:00:14.746595Z"",""no_price_dollars"":""0.5200"",""taker_side"":""no"",""ticker"":""KXBTC15M-26APR280915-15"",""trade_id"":""8e9c8dbb-26c6-5f90-c01f-fb2284fa50ed"",""yes_price_dollars"":""0.4800""}"
KXBTC15M-26APR280915-15,7bdf256e-1f7c-5dea-fa26-e92d24055282,1777381214,0.48,0.7,no,"{""count_fp"":""0.70"",""created_time"":""2026-04-28T13:00:14.746595Z"",""no_price_dollars"":""0.5200"",""taker_side"":""no"",""ticker"":""KXBTC15M-26APR280915-15"",""trade_id"":""7bdf256e-1f7c-5dea-fa26-e92d24055282"",""yes_price_dollars"":""0.4800""}"
KXBTC15M-26APR280915-15,70110229-22e0-57d2-c30c-5f20472dcc63,1777381214,0.49,8.0,no,"{""count_fp"":""8.00"",""created_time"":""2026-04-28T13:00:14.746595Z"",""no_price_dollars"":""0.5100"",""taker_side"":""no"",""ticker"":""KXBTC15M-26APR280915-15"",""trade_id"":""70110229-22e0-57d2-c30c-5f20472dcc63"",""yes_price_dollars"":""0.4900""}"
KXBTC15M-26APR280915-15,1f947e4a-bd81-5441-ec66-84537b9134ba,1777381214,0.49,40.0,no,"{""count_fp"":""40.00"",""created_time"":""2026-04-28T13:00:14.746595Z"",""no_price_dollars"":""0.5100"",""taker_side"":""no"",""ticker"":""KXBTC15M-26APR280915-15"",""trade_id"":""1f947e4a-bd81-5441-ec66-84537b9134ba"",""yes_price_dollars"":""0.4900""}"
KXBTC15M-26APR280915-15,474ed620-1074-6340-8228-9f9c455c7c89,1777381214,0.5,3.86,no,"{""count_fp"":""3.86"",""created_time"":""2026-04-28T13:00:14.440193Z"",""no_price_dollars"":""0.5000"",""taker_side"":""no"",""ticker"":""KXBTC15M-26APR280915-15"",""trade_id"":""474ed620-1074-6340-8228-9f9c455c7c89"",""yes_price_dollars"":""0.5000""}"
KXBTC15M-26APR280915-15,fd23e9ef-e1fa-6c07-c4da-8511cb3db976,1777381214,0.52,17.0,yes,"{""count_fp"":""17.00"",""created_time"":""2026-04-28T13:00:14.407503Z"",""no_price_dollars"":""0.4800"",""taker_side"":""yes"",""ticker"":""KXBTC15M-26APR280915-15"",""trade_id"":""fd23e9ef-e1fa-6c07-c4da-8511cb3db976"",""yes_price_dollars"":""0.5200""}"
KXBTC15M-26APR280915-15,b44b8321-5041-63bb-e177-07a5e2a3f65f,1777381214,0.51,14.66,yes,"{""count_fp"":""14.66"",""created_time"":""2026-04-28T13:00:14.407503Z"",""no_price_dollars"":""0.4900"",""taker_side"":""yes"",""ticker"":""KXBTC15M-26APR280915-15"",""trade_id"":""b44b8321-5041-63bb-e177-07a5e2a3f65f"",""yes_price_dollars"":""0.5100""}"
KXBTC15M-26APR280915-15,a1ea8837-a89f-60af-daac-ca6c82416413,1777381214,0.51,1.85,yes,"{""count_fp"":""1.85"",""created_time"":""2026-04-28T13:00:14.407503Z"",""no_price_dollars"":""0.4900"",""taker_side"":""yes"",""ticker"":""KXBTC15M-26APR280915-15"",""trade_id"":""a1ea8837-a89f-60af-daac-ca6c82416413"",""yes_price_dollars"":""0.5100""}"
KXBTC15M-26APR280915-15,5fafd537-d899-6dfd-d654-17762c1f67b8,1777381214,0.51,3.0,yes,"{""count_fp"":""3.00"",""created_time"":""2026-04-28T13:00:14.407503Z"",""no_price_dollars"":""0.4900"",""taker_side"":""yes"",""ticker"":""KXBTC15M-26APR280915-15"",""trade_id"":""5fafd537-d899-6dfd-d654-17762c1f67b8"",""yes_price_dollars"":""0.5100""}"
KXBTC15M-26APR280915-15,484b3db6-60cb-6a67-f4f2-5bed2fedecc0,1777381214,0.52,10.32,yes,"{""count_fp"":""10.32"",""created_time"":""2026-04-28T13:00:14.407503Z"",""no_price_dollars"":""0.4800"",""taker_side"":""yes"",""ticker"":""KXBTC15M-26APR280915-15"",""trade_id"":""484b3db6-60cb-6a67-f4f2-5bed2fedecc0"",""yes_price_dollars"":""0.5200""}"
KXBTC15M-26APR280915-15,9338b79d-20d3-5c20-27c3-dbb57a946088,1777381214,0.51,3.0,yes,"{""count_fp"":""3.00"",""created_time"":""2026-04-28T13:00:14.031594Z"",""no_price_dollars"":""0.4900"",""taker_side"":""yes"",""ticker"":""KXBTC15M-26APR280915-15"",""trade_id"":""9338b79d-20d3-5c20-27c3-dbb57a946088"",""yes_price_dollars"":""0.5100""}"
KXBTC15M-26APR280915-15,70d582c9-815f-508f-38a2-03e39c7fb737,1777381214,0.51,38.15,yes,"{""count_fp"":""38.15"",""created_time"":""2026-04-28T13:00:14.031594Z"",""no_price_dollars"":""0.4900"",""taker_side"":""yes"",""ticker"":""KXBTC15M-26APR280915-15"",""trade_id"":""70d582c9-815f-508f-38a2-03e39c7fb737"",""yes_price_dollars"":""0.5100""}"
KXBTC15M-26APR280915-15,34839a28-0f72-56b2-0c9a-3ec537f18fdf,1777381214,0.51,14.66,yes,"{""count_fp"":""14.66"",""created_time"":""2026-04-28T13:00:14.031594Z"",""no_price_dollars"":""0.4900"",""taker_side"":""yes"",""ticker"":""KXBTC15M-26APR280915-15"",""trade_id"":""34839a28-0f72-56b2-0c9a-3ec537f18fdf"",""yes_price_dollars"":""0.5100""}"
KXBTC15M-26APR280915-15,1ffa57b2-017b-47b4-0ba9-a841a62d19f6,1777381215,0.5,22.64,yes,"{""count_fp"":""22.64"",""created_time"":""2026-04-28T13:00:15.481061Z"",""no_price_dollars"":""0.5000"",""taker_side"":""yes"",""ticker"":""KXBTC15M-26APR280915-15"",""trade_id"":""1ffa57b2-017b-47b4-0ba9-a841a62d19f6"",""yes_price_dollars"":""0.5000""}"
KXBTC15M-26APR280915-15,e94ac13f-d6c3-5e04-c612-76b1b81aea96,1777381215,0.5,2.65,yes,"{""count_fp"":""2.65"",""created_time"":""2026-04-28T13:00:15.419082Z"",""no_price_dollars"":""0.5000"",""taker_side"":""yes"",""ticker"":""KXBTC15M-26APR280915-15"",""trade_id"":""e94ac13f-d6c3-5e04-c612-76b1b81aea96"",""yes_price_dollars"":""0.5000""}"
KXBTC15M-26APR280915-15,d9ddf985-4318-5e7d-c478-fac333abe1f1,1777381215,0.5,3.0,yes,"{""count_fp"":""3.00"",""created_time"":""2026-04-28T13:00:15.419082Z"",""no_price_dollars"":""0.5000"",""taker_side"":""yes"",""ticker"":""KXBTC15M-26APR280915-15"",""trade_id"":""d9ddf985-4318-5e7d-c478-fac333abe1f1"",""yes_price_dollars"":""0.5000""}"
KXBTC15M-26APR280915-15,d7a11461-60cd-5376-ec7c-f03c42d80045,1777381215,0.5,13.27,yes,"{""count_fp"":""13.27"",""created_time"":""2026-04-28T13:00:15.419082Z"",""no_price_dollars"":""0.5000"",""taker_side"":""yes"",""ticker"":""KXBTC15M-26APR280915-15"",""trade_id"":""d7a11461-60cd-5376-ec7c-f03c42d80045"",""yes_price_dollars"":""0.5000""}"
KXBTC15M-26APR280915-15,653c7256-0377-4cd0-8969-cf334c67f546,1777381216,0.5,25.12,yes,"{""count_fp"":""25.12"",""created_time"":""2026-04-28T13:00:16.922786Z"",""no_price_dollars"":""0.5000"",""taker_side"":""yes"",""ticker"":""KXBTC15M-26APR280915-15"",""trade_id"":""653c7256-0377-4cd0-8969-cf334c67f546"",""yes_price_dollars"":""0.5000""}"
KXBTC15M-26APR280915-15,f847a1ad-92ed-7538-2a0d-916e80311a2f,1777381217,0.49,9.66,yes,"{""count_fp"":""9.66"",""created_time"":""2026-04-28T13:00:17.895283Z"",""no_price_dollars"":""0.5100"",""taker_side"":""yes"",""ticker"":""KXBTC15M-26APR280915-15"",""trade_id"":""f847a1ad-92ed-7538-2a0d-916e80311a2f"",""yes_price_dollars"":""0.4900""}"
KXBTC15M-26APR280915-15,6d7801af-a28b-68b5-2aa2-54f5411555ef,1777381217,0.47,27.75,no,"{""count_fp"":""27.75"",""created_time"":""2026-04-28T13:00:17.255585Z"",""no_price_dollars"":""0.5300"",""taker_side"":""no"",""ticker"":""KXBTC15M-26APR280915-15"",""trade_id"":""6d7801af-a28b-68b5-2aa2-54f5411555ef"",""yes_price_dollars"":""0.4700""}"
KXBTC15M-26APR280915-15,320dfb3e-1450-660e-04db-6518ae5980ab,1777381217,0.47,8.0,no,"{""count_fp"":""8.00"",""created_time"":""2026-04-28T13:00:17.255585Z"",""no_price_dollars"":""0.5300"",""taker_side"":""no"",""ticker"":""KXBTC15M-26APR280915-15"",""trade_id"":""320dfb3e-1450-660e-04db-6518ae5980ab"",""yes_price_dollars"":""0.4700""}"
KXBTC15M-26APR280915-15,1a58ed98-3608-626c-2df2-e9a7e03036d5,1777381217,0.49,10.0,no,"{""count_fp"":""10.00"",""created_time"":""2026-04-28T13:00:17.255585Z"",""no_price_dollars"":""0.5100"",""taker_side"":""no"",""ticker"":""KXBTC15M-26APR280915-15"",""trade_id"":""1a58ed98-3608-626c-2df2-e9a7e03036d5"",""yes_price_dollars"":""0.4900""}"
KXBTC15M-26APR280915-15,2226f72e-aeb3-6ea0-a0a5-f0f45fa14106,1777381217,0.5,50.0,yes,"{""count_fp"":""50.00"",""created_time"":""2026-04-28T13:00:17.140241Z"",""no_price_dollars"":""0.5000"",""taker_side"":""yes"",""ticker"":""KXBTC15M-26APR280915-15"",""trade_id"":""2226f72e-aeb3-6ea0-a0a5-f0f45fa14106"",""yes_price_dollars"":""0.5000""}"
KXBTC15M-26APR280915-15,ce7a4fe5-aa77-5652-3b84-b98bd58166d7,1777381218,0.49,10.0,no,"{""count_fp"":""10.00"",""created_time"":""2026-04-28T13:00:18.786127Z"",""no_price_dollars"":""0.5100"",""taker_side"":""no"",""ticker"":""KXBTC15M-26APR280915-15"",""trade_id"":""ce7a4fe5-aa77-5652-3b84-b98bd58166d7"",""yes_price_dollars"":""0.4900""}"
KXBTC15M-26APR280915-15,5e3cf022-5788-5b28-368f-bf3facab78b3,1777381218,0.48,40.0,no,"{""count_fp"":""40.00"",""created_time"":""2026-04-28T13:00:18.786127Z"",""no_price_dollars"":""0.5200"",""taker_side"":""no"",""ticker"":""KXBTC15M-26APR280915-15"",""trade_id"":""5e3cf022-5788-5b28-368f-bf3facab78b3"",""yes_price_dollars"":""0.4800""}"
KXBTC15M-26APR280915-15,24f19dd1-c7b7-5351-3e53-04e3033df4ea,1777381218,0.49,34.32,no,"{""count_fp"":""34.32"",""created_time"":""2026-04-28T13:00:18.786127Z"",""no_price_dollars"":""0.5100"",""taker_side"":""no"",""ticker"":""KXBTC15M-26APR280915-15"",""trade_id"":""24f19dd1-c7b7-5351-3e53-04e3033df4ea"",""yes_price_dollars"":""0.4900""}"
KXBTC15M-26APR280915-15,133352b2-60e6-51c7-0c09-f438b372f2ee,1777381218,0.48,173.93,no,"{""count_fp"":""173.93"",""created_time"":""2026-04-28T13:00:18.786127Z"",""no_price_dollars"":""0.5200"",""taker_side"":""no"",""ticker"":""KXBTC15M-26APR280915-15"",""trade_id"":""133352b2-60e6-51c7-0c09-f438b372f2ee"",""yes_price_dollars"":""0.4800""}"
KXBTC15M-26APR280915-15,b8728b37-e65c-666c-ebea-6a06d6eaf1b8,1777381219,0.5,28.0,yes,"{""count_fp"":""28.00"",""created_time"":""2026-04-28T13:00:19.340253Z"",""no_price_dollars"":""0.5000"",""taker_side"":""yes"",""ticker"":""KXBTC15M-26APR280915-15"",""trade_id"":""b8728b37-e65c-666c-ebea-6a06d6eaf1b8"",""yes_price_dollars"":""0.5000""}"
KXBTC15M-26APR280915-15,5de35862-5a7d-68d7-d9d5-dc2e91a35316,1777381219,0.5,16.0,yes,"{""count_fp"":""16.00"",""created_time"":""2026-04-28T13:00:19.340253Z"",""no_price_dollars"":""0.5000"",""taker_side"":""yes"",""ticker"":""KXBTC15M-26APR280915-15"",""trade_id"":""5de35862-5a7d-68d7-d9d5-dc2e91a35316"",""yes_price_dollars"":""0.5000""}"
KXBTC15M-26APR280915-15,41e4f4ab-2e81-6e14-f545-07b54891ea78,1777381219,0.5,50.57,yes,"{""count_fp"":""50.57"",""created_time"":""2026-04-28T13:00:19.340253Z"",""no_price_dollars"":""0.5000"",""taker_side"":""yes"",""ticker"":""KXBTC15M-26APR280915-15"",""trade_id"":""41e4f4ab-2e81-6e14-f545-07b54891ea78"",""yes_price_dollars"":""0.5000""}"
KXBTC15M-26APR280915-15,004f2310-0698-7a60-54a7-2c626b1b74b4,1777381219,0.5,2.0,yes,"{""count_fp"":""2.00"",""created_time"":""2026-04-28T13:00:19.295655Z"",""no_price_dollars"":""0.5000"",""taker_side"":""yes"",""ticker"":""KXBTC15M-26APR280915-15"",""trade_id"":""004f2310-0698-7a60-54a7-2c626b1b74b4"",""yes_price_dollars"":""0.5000""}"
KXBTC15M-26APR280915-15,7aa325e4-50d6-4020-3c49-f382d42e12e5,1777381219,0.49,40.0,no,"{""count_fp"":""40.00"",""created_time"":""2026-04-28T13:00:19.089779Z"",""no_price_dollars"":""0.5100"",""taker_side"":""no"",""ticker"":""KXBTC15M-26APR280915-15"",""trade_id"":""7aa325e4-50d6-4020-3c49-f382d42e12e5"",""yes_price_dollars"":""0.4900""}"
KXBTC15M-26APR280915-15,268b4a45-cf86-402b-30d0-348d281e162a,1777381219,0.48,41.25,no,"{""count_fp"":""41.25"",""created_time"":""2026-04-28T13:00:19.089779Z"",""no_price_dollars"":""0.5200"",""taker_side"":""no"",""ticker"":""KXBTC15M-26APR280915-15"",""trade_id"":""268b4a45-cf86-402b-30d0-348d281e162a"",""yes_price_dollars"":""0.4800""}"
KXBTC15M-26APR280915-15,5506a541-6a32-4062-afe4-27aeb6fcb468,1777381220,0.48,2.0,yes,"{""count_fp"":""2.00"",""created_time"":""2026-04-28T13:00:20.884285Z"",""no_price_dollars"":""0.5200"",""taker_side"":""yes"",""ticker"":""KXBTC15M-26APR280915-15"",""trade_id"":""5506a541-6a32-4062-afe4-27aeb6fcb468"",""yes_price_dollars"":""0.4800""}"
KXBTC15M-26APR280915-15,5ed0502a-2880-5e9a-5b62-f76499d521f0,1777381220,0.48,3.0,no,"{""count_fp"":""3.00"",""created_time"":""2026-04-28T13:00:20.772801Z"",""no_price_dollars"":""0.5200"",""taker_side"":""no"",""ticker"":""KXBTC15M-26APR280915-15"",""trade_id"":""5ed0502a-2880-5e9a-5b62-f76499d521f0"",""yes_price_dollars"":""0.4800""}"
KXBTC15M-26APR280915-15,a057d34e-1c49-5ae3-bc93-6b2d152ebbee,1777381220,0.5,0.19,yes,"{""count_fp"":""0.19"",""created_time"":""2026-04-28T13:00:20.322081Z"",""no_price_dollars"":""0.5000"",""taker_side"":""yes"",""ticker"":""KXBTC15M-26APR280915-15"",""trade_id"":""a057d34e-1c49-5ae3-bc93-6b2d152ebbee"",""yes_price_dollars"":""0.5000""}"
KXBTC15M-26APR280915-15,e514c531-3db5-7a7b-1a6b-02d147866eb2,1777381220,0.5,10.89,yes,"{""count_fp"":""10.89"",""created_time"":""2026-04-28T13:00:20.184209Z"",""no_price_dollars"":""0.5000"",""taker_side"":""yes"",""ticker"":""KXBTC15M-26APR280915-15"",""trade_id"":""e514c531-3db5-7a7b-1a6b-02d147866eb2"",""yes_price_dollars"":""0.5000""}"
KXBTC15M-26APR280915-15,bec775e5-0903-7811-0cf3-8a5b5f34f235,1777381220,0.5,3.0,yes,"{""count_fp"":""3.00"",""created_time"":""2026-04-28T13:00:20.184209Z"",""no_price_dollars"":""0.5000"",""taker_side"":""yes"",""ticker"":""KXBTC15M-26APR280915-15"",""trade_id"":""bec775e5-0903-7811-0cf3-8a5b5f34f235"",""yes_price_dollars"":""0.5000""}"
KXBTC15M-26APR280915-15,3e412c23-eded-7428-3bb6-dde75f962050,1777381220,0.5,5.43,yes,"{""count_fp"":""5.43"",""created_time"":""2026-04-28T13:00:20.184209Z"",""no_price_dollars"":""0.5000"",""taker_side"":""yes"",""ticker"":""KXBTC15M-26APR280915-15"",""trade_id"":""3e412c23-eded-7428-3bb6-dde75f962050"",""yes_price_dollars"":""0.5000""}"
KXBTC15M-26APR280915-15,4eddf3be-30c2-659a-11e7-d8f57cf9841c,1777381221,0.48,27.05,yes,"{""count_fp"":""27.05"",""created_time"":""2026-04-28T13:00:21.831473Z"",""no_price_dollars"":""0.5200"",""taker_side"":""yes"",""ticker"":""KXBTC15M-26APR280915-15"",""trade_id"":""4eddf3be-30c2-659a-11e7-d8f57cf9841c"",""yes_price_dollars"":""0.4800""}"
KXBTC15M-26APR280915-15,7883a106-7f32-632a-9f71-17f453ec56b0,1777381221,0.48,6.0,yes,"{""count_fp"":""6.00"",""created_time"":""2026-04-28T13:00:21.779569Z"",""no_price_dollars"":""0.5200"",""taker_side"":""yes"",""ticker"":""KXBTC15M-26APR280915-15"",""trade_id"":""7883a106-7f32-632a-9f71-17f453ec56b0"",""yes_price_dollars"":""0.4800""}"
KXBTC15M-26APR280915-15,cf756178-3d8f-6da4-f8bd-41a9c5aae3ae,1777381222,0.48,5.79,yes,"{""count_fp"":""5.79"",""created_time"":""2026-04-28T13:00:22.397514Z"",""no_price_dollars"":""0.5200"",""taker_side"":""yes"",""ticker"":""KXBTC15M-26APR280915-15"",""trade_id"":""cf756178-3d8f-6da4-f8bd-41a9c5aae3ae"",""yes_price_dollars"":""0.4800""}"
KXBTC15M-26APR280915-15,b42537ad-c5fd-7323-b785-6b7d64e11a41,1777381222,0.47,3.0,no,"{""count_fp"":""3.00"",""created_time"":""2026-04-28T13:00:22.312548Z"",""no_price_dollars"":""0.5300"",""taker_side"":""no"",""ticker"":""KXBTC15M-26APR280915-15"",""trade_id"":""b42537ad-c5fd-7323-b785-6b7d64e11a41"",""yes_price_dollars"":""0.4700""}"
KXBTC15M-26APR280915-15,aadc9bc9-4ca2-7093-9db7-734df74568d8,1777381222,0.46,1.0,no,"{""count_fp"":""1.00"",""created_time"":""2026-04-28T13:00:22.312548Z"",""no_price_dollars"":""0.5400"",""taker_side"":""no"",""ticker"":""KXBTC15M-26APR280915-15"",""trade_id"":""aadc9bc9-4ca2-7093-9db7-734df74568d8"",""yes_price_dollars"":""0.4600""}"
KXBTC15M-26APR280915-15,983d2123-6390-70ef-92fc-2ae1ebb5c044,1777381222,0.47,20.0,no,"{""count_fp"":""20.00"",""created_time"":""2026-04-28T13:00:22.312548Z"",""no_price_dollars"":""0.5300"",""taker_side"":""no"",""ticker"":""KXBTC15M-26APR280915-15"",""trade_id"":""983d2123-6390-70ef-92fc-2ae1ebb5c044"",""yes_price_dollars"":""0.4700""}"
KXBTC15M-26APR280915-15,88ce4e18-38ac-7472-bbd5-c93fc4039fad,1777381222,0.47,40.0,no,"{""count_fp"":""40.00"",""created_time"":""2026-04-28T13:00:22.312548Z"",""no_price_dollars"":""0.5300"",""taker_side"":""no"",""ticker"":""KXBTC15M-26APR280915-15"",""trade_id"":""88ce4e18-38ac-7472-bbd5-c93fc4039fad"",""yes_price_dollars"":""0.4700""}"
KXBTC15M-26APR280915-15,84ddd30d-373c-7cfd-8003-89289080cf21,1777381222,0.47,15.0,no,"{""count_fp"":""15.00"",""created_time"":""2026-04-28T13:00:22.312548Z"",""no_price_dollars"":""0.5300"",""taker_side"":""no"",""ticker"":""KXBTC15M-26APR280915-15"",""trade_id"":""84ddd30d-373c-7cfd-8003-89289080cf21"",""yes_price_dollars"":""0.4700""}"
KXBTC15M-26APR280915-15,6d070a14-f618-79e8-b7c7-b5d357e6caca,1777381222,0.46,30.0,no,"{""count_fp"":""30.00"",""created_time"":""2026-04-28T13:00:22.312548Z"",""no_price_dollars"":""0.5400"",""taker_side"":""no"",""ticker"":""KXBTC15M-26APR280915-15"",""trade_id"":""6d070a14-f618-79e8-b7c7-b5d357e6caca"",""yes_price_dollars"":""0.4600""}"
KXBTC15M-26APR280915-15,53dfbcac-7a3f-7e4b-af10-40db1dcaadfc,1777381222,0.47,20.0,no,"{""count_fp"":""20.00"",""created_time"":""2026-04-28T13:00:22.312548Z"",""no_price_dollars"":""0.5300"",""taker_side"":""no"",""ticker"":""KXBTC15M-26APR280915-15"",""trade_id"":""53dfbcac-7a3f-7e4b-af10-40db1dcaadfc"",""yes_price_dollars"":""0.4700""}"
KXBTC15M-26APR280915-15,2eb1726a-8173-707e-9608-d950c87c2bfe,1777381222,0.46,8.0,no,"{""count_fp"":""8.00"",""created_time"":""2026-04-28T13:00:22.312548Z"",""no_price_dollars"":""0.5400"",""taker_side"":""no"",""ticker"":""KXBTC15M-26APR280915-15"",""trade_id"":""2eb1726a-8173-707e-9608-d950c87c2bfe"",""yes_price_dollars"":""0.4600""}"
KXBTC15M-26APR280915-15,225d091d-d46f-7ac1-a9c5-8e1b6bfa218b,1777381222,0.47,2.25,no,"{""count_fp"":""2.25"",""created_time"":""2026-04-28T13:00:22.312548Z"",""no_price_dollars"":""0.5300"",""taker_side"":""no"",""ticker"":""KXBTC15M-26APR280915-15"",""trade_id"":""225d091d-d46f-7ac1-a9c5-8e1b6bfa218b"",""yes_price_dollars"":""0.4700""}"
KXBTC15M-26APR280915-15,1e998ff6-e6a1-7ad4-8cc6-1ee66e52d417,1777381222,0.46,3.19,no,"{""count_fp"":""3.19"",""created_time"":""2026-04-28T13:00:22.312548Z"",""no_price_dollars"":""0.5400"",""taker_side"":""no"",""ticker"":""KXBTC15M-26APR280915-15"",""trade_id"":""1e998ff6-e6a1-7ad4-8cc6-1ee66e52d417"",""yes_price_dollars"":""0.4600""}"
KXBTC15M-26APR280915-15,b87bcc7a-d42b-6078-24d0-533b2d63f646,1777381222,0.48,3.0,yes,"{""count_fp"":""3.00"",""created_time"":""2026-04-28T13:00:22.251852Z"",""no_price_dollars"":""0.5200"",""taker_side"":""yes"",""ticker"":""KXBTC15M-26APR280915-15"",""trade_id"":""b87bcc7a-d42b-6078-24d0-533b2d63f646"",""yes_price_dollars"":""0.4800""}"
KXBTC15M-26APR280915-15,e6ce3d00-f2ab-7e30-3572-3a4bed189e9a,1777381222,0.48,9.66,yes,"{""count_fp"":""9.66"",""created_time"":""2026-04-28T13:00:22.238905Z"",""no_price_dollars"":""0.5200"",""taker_side"":""yes"",""ticker"":""KXBTC15M-26APR280915-15"",""trade_id"":""e6ce3d00-f2ab-7e30-3572-3a4bed189e9a"",""yes_price_dollars"":""0.4800""}"
KXBTC15M-26APR280915-15,91a3b148-0b16-525a-17c9-dbd04803b230,1777381222,0.48,3.02,yes,"{""count_fp"":""3.02"",""created_time"":""2026-04-28T13:00:22.038791Z"",""no_price_dollars"":""0.5200"",""taker_side"":""yes"",""ticker"":""KXBTC15M-26APR280915-15"",""trade_id"":""91a3b148-0b16-525a-17c9-dbd04803b230"",""yes_price_dollars"":""0.4800""}"
KXBTC15M-26APR280915-15,1a41d19b-b14d-5a7e-2b07-a016a0f1aad6,1777381222,0.49,16.3,yes,"{""count_fp"":""16.30"",""created_time"":""2026-04-28T13:00:22.038791Z"",""no_price_dollars"":""0.5100"",""taker_side"":""yes"",""ticker"":""KXBTC15M-26APR280915-15"",""trade_id"":""1a41d19b-b14d-5a7e-2b07-a016a0f1aad6"",""yes_price_dollars"":""0.4900""}"
KXBTC15M-26APR280915-15,e3468ae1-b13f-40f1-38e9-aec799822259,1777381223,0.47,23.82,yes,"{""count_fp"":""23.82"",""created_time"":""2026-04-28T13:00:23.991826Z"",""no_price_dollars"":""0.5300"",""taker_side"":""yes"",""ticker"":""KXBTC15M-26APR280915-15"",""trade_id"":""e3468ae1-b13f-40f1-38e9-aec799822259"",""yes_price_dollars"":""0.4700""}"
KXBTC15M-26APR280915-15,131bac1e-e7d2-4240-1610-d1e67ee1bcf0,1777381223,0.47,26.11,yes,"{""count_fp"":""26.11"",""created_time"":""2026-04-28T13:00:23.991826Z"",""no_price_dollars"":""0.5300"",""taker_side"":""yes"",""ticker"":""KXBTC15M-26APR280915-15"",""trade_id"":""131bac1e-e7d2-4240-1610-d1e67ee1bcf0"",""yes_price_dollars"":""0.4700""}"
KXBTC15M-26APR280915-15,ce341a80-3f83-5741-966e-61c086a00949,1777381223,0.47,16.18,yes,"{""count_fp"":""16.18"",""created_time"":""2026-04-28T13:00:23.623842Z"",""no_price_dollars"":""0.5300"",""taker_side"":""yes"",""ticker"":""KXBTC15M-26APR280915-15"",""trade_id"":""ce341a80-3f83-5741-966e-61c086a00949"",""yes_price_dollars"":""0.4700""}"
KXBTC15M-26APR280915-15,9698f437-2777-5dcc-b8b3-3bbf9f7fb3dc,1777381223,0.46,3.82,yes,"{""count_fp"":""3.82"",""created_time"":""2026-04-28T13:00:23.623842Z"",""no_price_dollars"":""0.5400"",""taker_side"":""yes"",""ticker"":""KXBTC15M-26APR280915-15"",""trade_id"":""9698f437-2777-5dcc-b8b3-3bbf9f7fb3dc"",""yes_price_dollars"":""0.4600""}"
KXBTC15M-26APR280915-15,0f1a539b-6ccb-44f4-2ec9-68c08a2d64f4,1777381223,0.46,36.18,yes,"{""count_fp"":""36.18"",""created_time"":""2026-04-28T13:00:23.535941Z"",""no_price_dollars"":""0.5400"",""taker_side"":""yes"",""ticker"":""KXBTC15M-26APR280915-15"",""trade_id"":""0f1a539b-6ccb-44f4-2ec9-68c08a2d64f4"",""yes_price_dollars"":""0.4600""}"
KXBTC15M-26APR280915-15,ccc4d35e-595a-7190-d7e2-56bb9f9f3096,1777381223,0.46,3.0,no,"{""count_fp"":""3.00"",""created_time"":""2026-04-28T13:00:23.449562Z"",""no_price_dollars"":""0.5400"",""taker_side"":""no"",""ticker"":""KXBTC15M-26APR280915-15"",""trade_id"":""ccc4d35e-595a-7190-d7e2-56bb9f9f3096"",""yes_price_dollars"":""0.4600""}"
KXBTC15M-26APR280915-15,cc4878ad-0e77-736c-c1d9-afc6ceb5edb2,1777381223,0.46,1.0,no,"{""count_fp"":""1.00"",""created_time"":""2026-04-28T13:00:23.449562Z"",""no_price_dollars"":""0.5400"",""taker_side"":""no"",""ticker"":""KXBTC15M-26APR280915-15"",""trade_id"":""cc4878ad-0e77-736c-c1d9-afc6ceb5edb2"",""yes_price_dollars"":""0.4600""}"
KXBTC15M-26APR280915-15,16ed451c-42a1-75c8-e1bd-853ab4670377,1777381223,0.46,16.81,no,"{""count_fp"":""16.81"",""created_time"":""2026-04-28T13:00:23.449562Z"",""no_price_dollars"":""0.5400"",""taker_side"":""no"",""ticker"":""KXBTC15M-26APR280915-15"",""trade_id"":""16ed451c-42a1-75c8-e1bd-853ab4670377"",""yes_price_dollars"":""0.4600""}"
KXBTC15M-26APR280915-15,a4c40362-13e7-4534-6be6-e2800050434a,1777381223,0.48,21.55,yes,"{""count_fp"":""21.55"",""created_time"":""2026-04-28T13:00:23.150797Z"",""no_price_dollars"":""0.5200"",""taker_side"":""yes"",""ticker"":""KXBTC15M-26APR280915-15"",""trade_id"":""a4c40362-13e7-4534-6be6-e2800050434a"",""yes_price_dollars"":""0.4800""}"
KXBTC15M-26APR280915-15,8f587ad0-88a1-4d7a-54a7-721adb05982e,1777381223,0.48,1.0,yes,"{""count_fp"":""1.00"",""created_time"":""2026-04-28T13:00:23.150797Z"",""no_price_dollars"":""0.5200"",""taker_side"":""yes"",""ticker"":""KXBTC15M-26APR280915-15"",""trade_id"":""8f587ad0-88a1-4d7a-54a7-721adb05982e"",""yes_price_dollars"":""0.4800""}"
KXBTC15M-26APR280915-15,3591347e-7b3b-4a01-499a-8582d867e1e5,1777381223,0.48,81.32,yes,"{""count_fp"":""81.32"",""created_time"":""2026-04-28T13:00:23.150797Z"",""no_price_dollars"":""0.5200"",""taker_side"":""yes"",""ticker"":""KXBTC15M-26APR280915-15"",""trade_id"":""3591347e-7b3b-4a01-499a-8582d867e1e5"",""yes_price_dollars"":""0.4800""}"
KXBTC15M-26APR280915-15,137cfc98-0bfb-4c46-5db7-39cd8dd28761,1777381223,0.48,12.07,yes,"{""count_fp"":""12.07"",""created_time"":""2026-04-28T13:00:23.150797Z"",""no_price_dollars"":""0.5200"",""taker_side"":""yes"",""ticker"":""KXBTC15M-26APR280915-15"",""trade_id"":""137cfc98-0bfb-4c46-5db7-39cd8dd28761"",""yes_price_dollars"":""0.4800""}"
KXBTC15M-26APR280915-15,df851299-f3f6-646f-8869-a08f27bb0e90,1777381224,0.46,10.05,yes,"{""count_fp"":""10.05"",""created_time"":""2026-04-28T13:00:24.501294Z"",""no_price_dollars"":""0.5400"",""taker_side"":""yes"",""ticker"":""KXBTC15M-26APR280915-15"",""trade_id"":""df851299-f3f6-646f-8869-a08f27bb0e90"",""yes_price_dollars"":""0.4600""}"
KXBTC15M-26APR280915-15,6aba2b30-99ea-6f78-f120-b92f6ca5bc48,1777381224,0.47,20.1,yes,"{""count_fp"":""20.10"",""created_time"":""2026-04-28T13:00:24.180278Z"",""no_price_dollars"":""0.5300"",""taker_side"":""yes"",""ticker"":""KXBTC15M-26APR280915-15"",""trade_id"":""6aba2b30-99ea-6f78-f120-b92f6ca5bc48"",""yes_price_dollars"":""0.4700""}"
KXBTC15M-26APR280915-15,ee5f0ca9-3e9a-4e4c-8b97-8d313c503c70,1777381224,0.47,8.0,yes,"{""count_fp"":""8.00"",""created_time"":""2026-04-28T13:00:24.173681Z"",""no_price_dollars"":""0.5300"",""taker_side"":""yes"",""ticker"":""KXBTC15M-26APR280915-15"",""trade_id"":""ee5f0ca9-3e9a-4e4c-8b97-8d313c503c70"",""yes_price_dollars"":""0.4700""}"
KXBTC15M-26APR280915-15,e5660a92-50c2-64eb-191f-a529b198150e,1777381225,0.45,16.0,no,"{""count_fp"":""16.00"",""created_time"":""2026-04-28T13:00:25.774182Z"",""no_price_dollars"":""0.5500"",""taker_side"":""no"",""ticker"":""KXBTC15M-26APR280915-15"",""trade_id"":""e5660a92-50c2-64eb-191f-a529b198150e"",""yes_price_dollars"":""0.4500""}"
KXBTC15M-26APR280915-15,89412b38-af4f-68f3-518f-9b2513b2a937,1777381225,0.45,1.0,no,"{""count_fp"":""1.00"",""created_time"":""2026-04-28T13:00:25.474426Z"",""no_price_dollars"":""0.5500"",""taker_side"":""no"",""ticker"":""KXBTC15M-26APR280915-15"",""trade_id"":""89412b38-af4f-68f3-518f-9b2513b2a937"",""yes_price_dollars"":""0.4500""}"
KXBTC15M-26APR280915-15,75fbabe1-870a-6052-5c97-39563a611a40,1777381225,0.45,3.0,no,"{""count_fp"":""3.00"",""created_time"":""2026-04-28T13:00:25.474426Z"",""no_price_dollars"":""0.5500"",""taker_side"":""no"",""ticker"":""KXBTC15M-26APR280915-15"",""trade_id"":""75fbabe1-870a-6052-5c97-39563a611a40"",""yes_price_dollars"":""0.4500""}"
KXBTC15M-26APR280915-15,663d8b33-7ed3-6192-618a-0fef7b26f9f4,1777381225,0.45,3.0,no,"{""count_fp"":""3.00"",""created_time"":""2026-04-28T13:00:25.474426Z"",""no_price_dollars"":""0.5500"",""taker_side"":""no"",""ticker"":""KXBTC15M-26APR280915-15"",""trade_id"":""663d8b33-7ed3-6192-618a-0fef7b26f9f4"",""yes_price_dollars"":""0.4500""}"
KXBTC15M-26APR280915-15,5e6b897e-6eda-6633-41e3-4ce62871b4da,1777381225,0.45,69.57,no,"{""count_fp"":""69.57"",""created_time"":""2026-04-28T13:00:25.474426Z"",""no_price_dollars"":""0.5500"",""taker_side"":""no"",""ticker"":""KXBTC15M-26APR280915-15"",""trade_id"":""5e6b897e-6eda-6633-41e3-4ce62871b4da"",""yes_price_dollars"":""0.4500""}"
KXBTC15M-26APR280915-15,5d2c7253-9422-678d-7c6a-58ea420f9d2b,1777381225,0.45,8.0,no,"{""count_fp"":""8.00"",""created_time"":""2026-04-28T13:00:25.474426Z"",""no_price_dollars"":""0.5500"",""taker_side"":""no"",""ticker"":""KXBTC15M-26APR280915-15"",""trade_id"":""5d2c7253-9422-678d-7c6a-58ea420f9d2b"",""yes_price_dollars"":""0.4500""}"
KXBTC15M-26APR280915-15,26bf37d8-cbf4-619e-6d11-1d1c41e90916,1777381225,0.45,30.0,no,"{""count_fp"":""30.00"",""created_time"":""2026-04-28T13:00:25.474426Z"",""no_price_dollars"":""0.5500"",""taker_side"":""no"",""ticker"":""KXBTC15M-26APR280915-15"",""trade_id"":""26bf37d8-cbf4-619e-6d11-1d1c41e90916"",""yes_price_dollars"":""0.4500""}"
KXBTC15M-26APR280915-15,8535f341-9ab0-42d4-4cfd-38476d92099a,1777381226,0.45,12.33,no,"{""count_fp"":""12.33"",""created_time"":""2026-04-28T13:00:26.921716Z"",""no_price_dollars"":""0.5500"",""taker_side"":""no"",""ticker"":""KXBTC15M-26APR280915-15"",""trade_id"":""8535f341-9ab0-42d4-4cfd-38476d92099a"",""yes_price_dollars"":""0.4500""}"
KXBTC15M-26APR280915-15,4b00bb2a-daf7-600b-6857-70c3b91a52a9,1777381226,0.46,1.0,yes,"{""count_fp"":""1.00"",""created_time"":""2026-04-28T13:00:26.835614Z"",""no_price_dollars"":""0.5400"",""taker_side"":""yes"",""ticker"":""KXBTC15M-26APR280915-15"",""trade_id"":""4b00bb2a-daf7-600b-6857-70c3b91a52a9"",""yes_price_dollars"":""0.4600""}"
KXBTC15M-26APR280915-15,ea858d96-e750-40a4-dd95-70dce780faf6,1777381226,0.45,16.0,no,"{""count_fp"":""16.00"",""created_time"":""2026-04-28T13:00:26.803241Z"",""no_price_dollars"":""0.5500"",""taker_side"":""no"",""ticker"":""KXBTC15M-26APR280915-15"",""trade_id"":""ea858d96-e750-40a4-dd95-70dce780faf6"",""yes_price_dollars"":""0.4500""}"
KXBTC15M-26APR280915-15,f2bb4cad-c7e7-60c3-f93c-bff69adeffb9,1777381226,0.46,52.36,yes,"{""count_fp"":""52.36"",""created_time"":""2026-04-28T13:00:26.304294Z"",""no_price_dollars"":""0.5400"",""taker_side"":""yes"",""ticker"":""KXBTC15M-26APR280915-15"",""trade_id"":""f2bb4cad-c7e7-60c3-f93c-bff69adeffb9"",""yes_price_dollars"":""0.4600""}"
KXBTC15M-26APR280915-15,c7442ad3-fdf7-746b-5583-d3be61daabb1,1777381226,0.46,10.05,yes,"{""count_fp"":""10.05"",""created_time"":""2026-04-28T13:00:26.223732Z"",""no_price_dollars"":""0.5400"",""taker_side"":""yes"",""ticker"":""KXBTC15M-26APR280915-15"",""trade_id"":""c7442ad3-fdf7-746b-5583-d3be61daabb1"",""yes_price_dollars"":""0.4600""}"
KXBTC15M-26APR280915-15,86c5336a-ed72-6827-a330-bd330beb18dc,1777381227,0.45,5.67,no,"{""count_fp"":""5.67"",""created_time"":""2026-04-28T13:00:27.990055Z"",""no_price_dollars"":""0.5500"",""taker_side"":""no"",""ticker"":""KXBTC15M-26APR280915-15"",""trade_id"":""86c5336a-ed72-6827-a330-bd330beb18dc"",""yes_price_dollars"":""0.4500""}"
KXBTC15M-26APR280915-15,0a80af6a-8fd2-65a7-969c-55af3d17d83c,1777381227,0.45,38.39,no,"{""count_fp"":""38.39"",""created_time"":""2026-04-28T13:00:27.990055Z"",""no_price_dollars"":""0.5500"",""taker_side"":""no"",""ticker"":""KXBTC15M-26APR280915-15"",""trade_id"":""0a80af6a-8fd2-65a7-969c-55af3d17d83c"",""yes_price_dollars"":""0.4500""}"
KXBTC15M-26APR280915-15,43856c55-d37c-5238-ad62-1b6b3bd5a5f6,1777381227,0.45,11.67,no,"{""count_fp"":""11.67"",""created_time"":""2026-04-28T13:00:27.827071Z"",""no_price_dollars"":""0.5500"",""taker_side"":""no"",""ticker"":""KXBTC15M-26APR280915-15"",""trade_id"":""43856c55-d37c-5238-ad62-1b6b3bd5a5f6"",""yes_price_dollars"":""0.4500""}"
KXBTC15M-26APR280915-15,30b3e54e-88ca-501f-9155-bbfcd17661c8,1777381227,0.45,4.33,no,"{""count_fp"":""4.33"",""created_time"":""2026-04-28T13:00:27.827071Z"",""no_price_dollars"":""0.5500"",""taker_side"":""no"",""ticker"":""KXBTC15M-26APR280915-15"",""trade_id"":""30b3e54e-88ca-501f-9155-bbfcd17661c8"",""yes_price_dollars"":""0.4500""}"
KXBTC15M-26APR280915-15,6b6fcc95-ad7b-7e13-263c-9cda5230df19,1777381227,0.46,209.47,yes,"{""count_fp"":""209.47"",""created_time"":""2026-04-28T13:00:27.783638Z"",""no_price_dollars"":""0.5400"",""taker_side"":""yes"",""ticker"":""KXBTC15M-26APR280915-15"",""trade_id"":""6b6fcc95-ad7b-7e13-263c-9cda5230df19"",""yes_price_dollars"":""0.4600""}"
KXBTC15M-26APR280915-15,134b6795-728b-718b-ee77-f728429f6995,1777381227,0.46,6.28,yes,"{""count_fp"":""6.28"",""created_time"":""2026-04-28T13:00:27.238863Z"",""no_price_dollars"":""0.5400"",""taker_side"":""yes"",""ticker"":""KXBTC15M-26APR280915-15"",""trade_id"":""134b6795-728b-718b-ee77-f728429f6995"",""yes_price_dollars"":""0.4600""}"
KXBTC15M-26APR280915-15,7f38fe7b-8cd7-7ad3-be11-22fb8fd15de9,1777381228,0.46,1.0,yes,"{""count_fp"":""1.00"",""created_time"":""2026-04-28T13:00:28.810838Z"",""no_price_dollars"":""0.5400"",""taker_side"":""yes"",""ticker"":""KXBTC15M-26APR280915-15"",""trade_id"":""7f38fe7b-8cd7-7ad3-be11-22fb8fd15de9"",""yes_price_dollars"":""0.4600""}"
KXBTC15M-26APR280915-15,6590e47a-fd37-6a03-3139-82e49ffd9875,1777381228,0.46,3.37,yes,"{""count_fp"":""3.37"",""created_time"":""2026-04-28T13:00:28.624162Z"",""no_price_dollars"":""0.5400"",""taker_side"":""yes"",""ticker"":""KXBTC15M-26APR280915-15"",""trade_id"":""6590e47a-fd37-6a03-3139-82e49ffd9875"",""yes_price_dollars"":""0.4600""}"
KXBTC15M-26APR280915-15,f4d6b0a8-f93f-481b-8917-b91fa2a9cbce,1777381228,0.44,3.0,no,"{""count_fp"":""3.00"",""created_time"":""2026-04-28T13:00:28.493895Z"",""no_price_dollars"":""0.5600"",""taker_side"":""no"",""ticker"":""KXBTC15M-26APR280915-15"",""trade_id"":""f4d6b0a8-f93f-481b-8917-b91fa2a9cbce"",""yes_price_dollars"":""0.4400""}"
KXBTC15M-26APR280915-15,e549e443-c950-4933-b072-3d336c1fb912,1777381228,0.44,69.31,no,"{""count_fp"":""69.31"",""created_time"":""2026-04-28T13:00:28.493895Z"",""no_price_dollars"":""0.5600"",""taker_side"":""no"",""ticker"":""KXBTC15M-26APR280915-15"",""trade_id"":""e549e443-c950-4933-b072-3d336c1fb912"",""yes_price_dollars"":""0.4400""}"
KXBTC15M-26APR280915-15,cb368802-5172-4771-b3de-aedacf8b129c,1777381228,0.44,3.0,no,"{""count_fp"":""3.00"",""created_time"":""2026-04-28T13:00:28.493895Z"",""no_price_dollars"":""0.5600"",""taker_side"":""no"",""ticker"":""KXBTC15M-26APR280915-15"",""trade_id"":""cb368802-5172-4771-b3de-aedacf8b129c"",""yes_price_dollars"":""0.4400""}"
KXBTC15M-26APR280915-15,c5e3055d-b662-4601-902a-f34a84a8d338,1777381228,0.44,1.0,no,"{""count_fp"":""1.00"",""created_time"":""2026-04-28T13:00:28.493895Z"",""no_price_dollars"":""0.5600"",""taker_side"":""no"",""ticker"":""KXBTC15M-26APR280915-15"",""trade_id"":""c5e3055d-b662-4601-902a-f34a84a8d338"",""yes_price_dollars"":""0.4400""}"
KXBTC15M-26APR280915-15,b491c881-41e8-43fc-ac9c-7db5650bf2d4,1777381228,0.44,17.0,no,"{""count_fp"":""17.00"",""created_time"":""2026-04-28T13:00:28.493895Z"",""no_price_dollars"":""0.5600"",""taker_side"":""no"",""ticker"":""KXBTC15M-26APR280915-15"",""trade_id"":""b491c881-41e8-43fc-ac9c-7db5650bf2d4"",""yes_price_dollars"":""0.4400""}"
KXBTC15M-26APR280915-15,7446e6d3-9ba5-4151-ad24-fe93fcc34072,1777381228,0.44,40.0,no,"{""count_fp"":""40.00"",""created_time"":""2026-04-28T13:00:28.493895Z"",""no_price_dollars"":""0.5600"",""taker_side"":""no"",""ticker"":""KXBTC15M-26APR280915-15"",""trade_id"":""7446e6d3-9ba5-4151-ad24-fe93fcc34072"",""yes_price_dollars"":""0.4400""}"
KXBTC15M-26APR280915-15,6a4ce9c9-ba8a-4b93-8f9b-b00303fb1ff0,1777381228,0.45,1.61,no,"{""count_fp"":""1.61"",""created_time"":""2026-04-28T13:00:28.493895Z"",""no_price_dollars"":""0.5500"",""taker_side"":""no"",""ticker"":""KXBTC15M-26APR280915-15"",""trade_id"":""6a4ce9c9-ba8a-4b93-8f9b-b00303fb1ff0"",""yes_price_dollars"":""0.4500""}"
KXBTC15M-26APR280915-15,027311d5-575b-4e9e-906a-25c479dbb199,1777381228,0.45,56.0,no,"{""count_fp"":""56.00"",""created_time"":""2026-04-28T13:00:28.493895Z"",""no_price_dollars"":""0.5500"",""taker_side"":""no"",""ticker"":""KXBTC15M-26APR280915-15"",""trade_id"":""027311d5-575b-4e9e-906a-25c479dbb199"",""yes_price_dollars"":""0.4500""}"
KXBTC15M-26APR280915-15,5501c704-8407-7de7-a4d5-64f39f9e2f01,1777381228,0.46,20.94,yes,"{""count_fp"":""20.94"",""created_time"":""2026-04-28T13:00:28.248633Z"",""no_price_dollars"":""0.5400"",""taker_side"":""yes"",""ticker"":""KXBTC15M-26APR280915-15"",""trade_id"":""5501c704-8407-7de7-a4d5-64f39f9e2f01"",""yes_price_dollars"":""0.4600""}"
KXBTC15M-26APR280915-15,5f5b1462-b873-40b3-9a7b-4b3e695d3671,1777381228,0.46,2.09,yes,"{""count_fp"":""2.09"",""created_time"":""2026-04-28T13:00:28.044763Z"",""no_price_dollars"":""0.5400"",""taker_side"":""yes"",""ticker"":""KXBTC15M-26APR280915-15"",""trade_id"":""5f5b1462-b873-40b3-9a7b-4b3e695d3671"",""yes_price_dollars"":""0.4600""}"
KXBTC15M-26APR280915-15,ae694e2b-f80e-6fa1-b5d6-943f8f41339d,1777381230,0.45,10.0,no,"{""count_fp"":""10.00"",""created_time"":""2026-04-28T13:00:30.854277Z"",""no_price_dollars"":""0.5500"",""taker_side"":""no"",""ticker"":""KXBTC15M-26APR280915-15"",""trade_id"":""ae694e2b-f80e-6fa1-b5d6-943f8f41339d"",""yes_price_dollars"":""0.4500""}"
KXBTC15M-26APR280915-15,6bb734e9-235f-5a83-b200-a6ebb79054b5,1777381230,0.46,0.14,yes,"{""count_fp"":""0.14"",""created_time"":""2026-04-28T13:00:30.808349Z"",""no_price_dollars"":""0.5400"",""taker_side"":""yes"",""ticker"":""KXBTC15M-26APR280915-15"",""trade_id"":""6bb734e9-235f-5a83-b200-a6ebb79054b5"",""yes_price_dollars"":""0.4600""}"
KXBTC15M-26APR280915-15,4d05c41f-60a7-7767-69a1-d9c5b0354acd,1777381230,0.46,2.0,yes,"{""count_fp"":""2.00"",""created_time"":""2026-04-28T13:00:30.779469Z"",""no_price_dollars"":""0.5400"",""taker_side"":""yes"",""ticker"":""KXBTC15M-26APR280915-15"",""trade_id"":""4d05c41f-60a7-7767-69a1-d9c5b0354acd"",""yes_price_dollars"":""0.4600""}"
KXBTC15M-26APR280915-15,81fd7f60-f7d3-7d57-134f-e20fcf74bc51,1777381230,0.46,16.17,yes,"{""count_fp"":""16.17"",""created_time"":""2026-04-28T13:00:30.343876Z"",""no_price_dollars"":""0.5400"",""taker_side"":""yes"",""ticker"":""KXBTC15M-26APR280915-15"",""trade_id"":""81fd7f60-f7d3-7d57-134f-e20fcf74bc51"",""yes_price_dollars"":""0.4600""}"
KXBTC15M-26APR280915-15,2603e609-d758-7477-ceae-33aaa8e2c4cb,1777381230,0.45,9.0,yes,"{""count_fp"":""9.00"",""created_time"":""2026-04-28T13:00:30.333158Z"",""no_price_dollars"":""0.5500"",""taker_side"":""yes"",""ticker"":""KXBTC15M-26APR280915-15"",""trade_id"":""2603e609-d758-7477-ceae-33aaa8e2c4cb"",""yes_price_dollars"":""0.4500""}"
KXBTC15M-26APR280915-15,06e12a09-c58f-77f3-cbd4-70fe7ca02fa5,1777381230,0.46,3.9,yes,"{""count_fp"":""3.90"",""created_time"":""2026-04-28T13:00:30.333158Z"",""no_price_dollars"":""0.5400"",""taker_side"":""yes"",""ticker"":""KXBTC15M-26APR280915-15"",""trade_id"":""06e12a09-c58f-77f3-cbd4-70fe7ca02fa5"",""yes_price_dollars"":""0.4600""}"
KXBTC15M-26APR280915-15,0e538546-42f3-5ce3-e623-d411bc0817dd,1777381230,0.46,16.41,yes,"{""count_fp"":""16.41"",""created_time"":""2026-04-28T13:00:30.056756Z"",""no_price_dollars"":""0.5400"",""taker_side"":""yes"",""ticker"":""KXBTC15M-26APR280915-15"",""trade_id"":""0e538546-42f3-5ce3-e623-d411bc0817dd"",""yes_price_dollars"":""0.4600""}"
KXBTC15M-26APR280915-15,6ce9cd94-3d73-4807-058e-069ff943fc5d,1777381230,0.46,209.47,yes,"{""count_fp"":""209.47"",""created_time"":""2026-04-28T13:00:30.025752Z"",""no_price_dollars"":""0.5400"",""taker_side"":""yes"",""ticker"":""KXBTC15M-26APR280915-15"",""trade_id"":""6ce9cd94-3d73-4807-058e-069ff943fc5d"",""yes_price_dollars"":""0.4600""}"
KXBTC15M-26APR280915-15,c93c4a1c-0e5d-5005-07ff-a745e5fb697a,1777381231,0.45,1.0,no,"{""count_fp"":""1.00"",""created_time"":""2026-04-28T13:00:31.251447Z"",""no_price_dollars"":""0.5500"",""taker_side"":""no"",""ticker"":""KXBTC15M-26APR280915-15"",""trade_id"":""c93c4a1c-0e5d-5005-07ff-a745e5fb697a"",""yes_price_dollars"":""0.4500""}"
KXBTC15M-26APR280915-15,baca7599-6351-46f5-56a8-ce97c97e2e36,1777381231,0.45,8.81,no,"{""count_fp"":""8.81"",""created_time"":""2026-04-28T13:00:31.239039Z"",""no_price_dollars"":""0.5500"",""taker_side"":""no"",""ticker"":""KXBTC15M-26APR280915-15"",""trade_id"":""baca7599-6351-46f5-56a8-ce97c97e2e36"",""yes_price_dollars"":""0.4500""}"
KXBTC15M-26APR280915-15,7824002d-8827-7887-524f-bc0f69bd07bd,1777381231,0.46,374.95,yes,"{""count_fp"":""374.95"",""created_time"":""2026-04-28T13:00:31.033494Z"",""no_price_dollars"":""0.5400"",""taker_side"":""yes"",""ticker"":""KXBTC15M-26APR280915-15"",""trade_id"":""7824002d-8827-7887-524f-bc0f69bd07bd"",""yes_price_dollars"":""0.4600""}"
KXBTC15M-26APR280915-15,61c5c3f1-05b0-67b3-24be-25da6cba3e1e,1777381232,0.44,42.29,no,"{""count_fp"":""42.29"",""created_time"":""2026-04-28T13:00:32.650956Z"",""no_price_dollars"":""0.5600"",""taker_side"":""no"",""ticker"":""KXBTC15M-26APR280915-15"",""trade_id"":""61c5c3f1-05b0-67b3-24be-25da6cba3e1e"",""yes_price_dollars"":""0.4400""}"
KXBTC15M-26APR280915-15,ad4db59a-a5bb-6a07-b8f5-0ed86aed1e45,1777381232,0.46,41.89,yes,"{""count_fp"":""41.89"",""created_time"":""2026-04-28T13:00:32.552155Z"",""no_price_dollars"":""0.5400"",""taker_side"":""yes"",""ticker"":""KXBTC15M-26APR280915-15"",""trade_id"":""ad4db59a-a5bb-6a07-b8f5-0ed86aed1e45"",""yes_price_dollars"":""0.4600""}"
KXBTC15M-26APR280915-15,e761c0a1-3a35-51cd-93d1-6480da14091a,1777381232,0.45,35.25,no,"{""count_fp"":""35.25"",""created_time"":""2026-04-28T13:00:32.446424Z"",""no_price_dollars"":""0.5500"",""taker_side"":""no"",""ticker"":""KXBTC15M-26APR280915-15"",""trade_id"":""e761c0a1-3a35-51cd-93d1-6480da14091a"",""yes_price_dollars"":""0.4500""}"
KXBTC15M-26APR280915-15,f58fd10b-2e5d-581d-8f0a-0acb88d602ca,1777381232,0.45,29.0,no,"{""count_fp"":""29.00"",""created_time"":""2026-04-28T13:00:32.391827Z"",""no_price_dollars"":""0.5500"",""taker_side"":""no"",""ticker"":""KXBTC15M-26APR280915-15"",""trade_id"":""f58fd10b-2e5d-581d-8f0a-0acb88d602ca"",""yes_price_dollars"":""0.4500""}"
KXBTC15M-26APR280915-15,77ca300b-3407-708b-f4bd-0659f52515e5,1777381233,0.46,22.0,yes,"{""count_fp"":""22.00"",""created_time"":""2026-04-28T13:00:33.908486Z"",""no_price_dollars"":""0.5400"",""taker_side"":""yes"",""ticker"":""KXBTC15M-26APR280915-15"",""trade_id"":""77ca300b-3407-708b-f4bd-0659f52515e5"",""yes_price_dollars"":""0.4600""}"
KXBTC15M-26APR280915-15,f99f576d-4191-43a7-5c52-a77f54a94bf6,1777381233,0.44,3.0,no,"{""count_fp"":""3.00"",""created_time"":""2026-04-28T13:00:33.801079Z"",""no_price_dollars"":""0.5600"",""taker_side"":""no"",""ticker"":""KXBTC15M-26APR280915-15"",""trade_id"":""f99f576d-4191-43a7-5c52-a77f54a94bf6"",""yes_price_dollars"":""0.4400""}"
KXBTC15M-26APR280915-15,24ab83fc-e411-4ea3-5942-13799c371c77,1777381233,0.44,1.0,no,"{""count_fp"":""1.00"",""created_time"":""2026-04-28T13:00:33.801079Z"",""no_price_dollars"":""0.5600"",""taker_side"":""no"",""ticker"":""KXBTC15M-26APR280915-15"",""trade_id"":""24ab83fc-e411-4ea3-5942-13799c371c77"",""yes_price_dollars"":""0.4400""}"
KXBTC15M-26APR280915-15,b2bc8896-3d66-5ed8-9d22-f4742cb2ba27,1777381233,0.45,16.08,yes,"{""count_fp"":""16.08"",""created_time"":""2026-04-28T13:00:33.678162Z"",""no_price_dollars"":""0.5500"",""taker_side"":""yes"",""ticker"":""KXBTC15M-26APR280915-15"",""trade_id"":""b2bc8896-3d66-5ed8-9d22-f4742cb2ba27"",""yes_price_dollars"":""0.4500""}"
KXBTC15M-26APR280915-15,da348612-045f-719c-a1d4-a849e73cb814,1777381233,0.45,10.0,yes,"{""count_fp"":""10.00"",""created_time"":""2026-04-28T13:00:33.492906Z"",""no_price_dollars"":""0.5500"",""taker_side"":""yes"",""ticker"":""KXBTC15M-26APR280915-15"",""trade_id"":""da348612-045f-719c-a1d4-a849e73cb814"",""yes_price_dollars"":""0.4500""}"
KXBTC15M-26APR280915-15,a0ca2beb-a102-76cc-9130-016f9bcb49a7,1777381233,0.45,10.94,yes,"{""count_fp"":""10.94"",""created_time"":""2026-04-28T13:00:33.492906Z"",""no_price_dollars"":""0.5500"",""taker_side"":""yes"",""ticker"":""KXBTC15M-26APR280915-15"",""trade_id"":""a0ca2beb-a102-76cc-9130-016f9bcb49a7"",""yes_price_dollars"":""0.4500""}"
KXBTC15M-26APR280915-15,768873ab-1649-62f5-6d87-0e64a4044ca5,1777381233,0.45,1.0,yes,"{""count_fp"":""1.00"",""created_time"":""2026-04-28T13:00:33.172288Z"",""no_price_dollars"":""0.5500"",""taker_side"":""yes"",""ticker"":""KXBTC15M-26APR280915-15"",""trade_id"":""768873ab-1649-62f5-6d87-0e64a4044ca5"",""yes_price_dollars"":""0.4500""}"
KXBTC15M-26APR280915-15,2c6fe6cf-3973-7d07-bc18-bae46a701521,1777381234,0.46,0.96,yes,"{""count_fp"":""0.96"",""created_time"":""2026-04-28T13:00:34.673375Z"",""no_price_dollars"":""0.5400"",""taker_side"":""yes"",""ticker"":""KXBTC15M-26APR280915-15"",""trade_id"":""2c6fe6cf-3973-7d07-bc18-bae46a701521"",""yes_price_dollars"":""0.4600""}"
KXBTC15M-26APR280915-15,0e104bbe-20c7-79bf-4246-068b71b056b9,1777381234,0.46,1.0,yes,"{""count_fp"":""1.00"",""created_time"":""2026-04-28T13:00:34.125623Z"",""no_price_dollars"":""0.5400"",""taker_side"":""yes"",""ticker"":""KXBTC15M-26APR280915-15"",""trade_id"":""0e104bbe-20c7-79bf-4246-068b71b056b9"",""yes_price_dollars"":""0.4600""}"
KXBTC15M-26APR280915-15,0947b3b3-9c47-5c87-1033-e32a21f9049d,1777381235,0.46,4.17,yes,"{""count_fp"":""4.17"",""created_time"":""2026-04-28T13:00:35.420478Z"",""no_price_dollars"":""0.5400"",""taker_side"":""yes"",""ticker"":""KXBTC15M-26APR280915-15"",""trade_id"":""0947b3b3-9c47-5c87-1033-e32a21f9049d"",""yes_price_dollars"":""0.4600""}"
KXBTC15M-26APR280915-15,e28ce31e-f584-78a0-a5b4-ac02938d7350,1777381237,0.45,5.37,yes,"{""count_fp"":""5.37"",""created_time"":""2026-04-28T13:00:37.991974Z"",""no_price_dollars"":""0.5500"",""taker_side"":""yes"",""ticker"":""KXBTC15M-26APR280915-15"",""trade_id"":""e28ce31e-f584-78a0-a5b4-ac02938d7350"",""yes_price_dollars"":""0.4500""}"
KXBTC15M-26APR280915-15,8bdb94f0-a4a1-75c4-83c6-f7774eef6780,1777381237,0.45,3.0,yes,"{""count_fp"":""3.00"",""created_time"":""2026-04-28T13:00:37.991974Z"",""no_price_dollars"":""0.5500"",""taker_side"":""yes"",""ticker"":""KXBTC15M-26APR280915-15"",""trade_id"":""8bdb94f0-a4a1-75c4-83c6-f7774eef6780"",""yes_price_dollars"":""0.4500""}"
KXBTC15M-26APR280915-15,1635a530-4be3-42e0-5a19-8455351054e9,1777381237,0.45,53.48,yes,"{""count_fp"":""53.48"",""created_time"":""2026-04-28T13:00:37.653784Z"",""no_price_dollars"":""0.5500"",""taker_side"":""yes"",""ticker"":""KXBTC15M-26APR280915-15"",""trade_id"":""1635a530-4be3-42e0-5a19-8455351054e9"",""yes_price_dollars"":""0.4500""}"
KXBTC15M-26APR280915-15,f5af4277-5560-7c08-ffc7-6b61a60e7da4,1777381237,0.44,2.0,no,"{""count_fp"":""2.00"",""created_time"":""2026-04-28T13:00:37.521199Z"",""no_price_dollars"":""0.5600"",""taker_side"":""no"",""ticker"":""KXBTC15M-26APR280915-15"",""trade_id"":""f5af4277-5560-7c08-ffc7-6b61a60e7da4"",""yes_price_dollars"":""0.4400""}"
KXBTC15M-26APR280915-15,542e3f3d-a561-710d-ec4b-f9114ead8bfe,1777381237,0.44,33.73,no,"{""count_fp"":""33.73"",""created_time"":""2026-04-28T13:00:37.521199Z"",""no_price_dollars"":""0.5600"",""taker_side"":""no"",""ticker"":""KXBTC15M-26APR280915-15"",""trade_id"":""542e3f3d-a561-710d-ec4b-f9114ead8bfe"",""yes_price_dollars"":""0.4400""}"
KXBTC15M-26APR280915-15,180d7fb7-0299-7058-d678-71c3580875c4,1777381237,0.44,1.0,no,"{""count_fp"":""1.00"",""created_time"":""2026-04-28T13:00:37.521199Z"",""no_price_dollars"":""0.5600"",""taker_side"":""no"",""ticker"":""KXBTC15M-26APR280915-15"",""trade_id"":""180d7fb7-0299-7058-d678-71c3580875c4"",""yes_price_dollars"":""0.4400""}"
KXBTC15M-26APR280915-15,0527f114-08dd-787f-d2b7-4611d233f3c0,1777381237,0.44,20.7,no,"{""count_fp"":""20.70"",""created_time"":""2026-04-28T13:00:37.521199Z"",""no_price_dollars"":""0.5600"",""taker_side"":""no"",""ticker"":""KXBTC15M-26APR280915-15"",""trade_id"":""0527f114-08dd-787f-d2b7-4611d233f3c0"",""yes_price_dollars"":""0.4400""}"
KXBTC15M-26APR280915-15,05c25747-1031-6dcf-c9a9-43e7d846ce8c,1777381237,0.44,9.3,no,"{""count_fp"":""9.30"",""created_time"":""2026-04-28T13:00:37.169843Z"",""no_price_dollars"":""0.5600"",""taker_side"":""no"",""ticker"":""KXBTC15M-26APR280915-15"",""trade_id"":""05c25747-1031-6dcf-c9a9-43e7d846ce8c"",""yes_price_dollars"":""0.4400""}"
KXBTC15M-26APR280915-15,a3c0054a-1730-734c-e35c-d844cac00670,1777381239,0.45,27.26,yes,"{""count_fp"":""27.26"",""created_time"":""2026-04-28T13:00:39.787442Z"",""no_price_dollars"":""0.5500"",""taker_side"":""yes"",""ticker"":""KXBTC15M-26APR280915-15"",""trade_id"":""a3c0054a-1730-734c-e35c-d844cac00670"",""yes_price_dollars"":""0.4500""}"
KXBTC15M-26APR280915-15,d1670f2a-133c-5bff-4f81-6968362b4833,1777381240,0.46,5.0,yes,"{""count_fp"":""5.00"",""created_time"":""2026-04-28T13:00:40.563844Z"",""no_price_dollars"":""0.5400"",""taker_side"":""yes"",""ticker"":""KXBTC15M-26APR280915-15"",""trade_id"":""d1670f2a-133c-5bff-4f81-6968362b4833"",""yes_price_dollars"":""0.4600""}"
KXBTC15M-26APR280915-15,7fab8f08-22dc-4283-f302-876b5960419b,1777381240,0.46,15.0,yes,"{""count_fp"":""15.00"",""created_time"":""2026-04-28T13:00:40.543321Z"",""no_price_dollars"":""0.5400"",""taker_side"":""yes"",""ticker"":""KXBTC15M-26APR280915-15"",""trade_id"":""7fab8f08-22dc-4283-f302-876b5960419b"",""yes_price_dollars"":""0.4600""}"
KXBTC15M-26APR280915-15,652be682-1a3c-4b30-f395-81901f2bec38,1777381240,0.45,5.37,yes,"{""count_fp"":""5.37"",""created_time"":""2026-04-28T13:00:40.543321Z"",""no_price_dollars"":""0.5500"",""taker_side"":""yes"",""ticker"":""KXBTC15M-26APR280915-15"",""trade_id"":""652be682-1a3c-4b30-f395-81901f2bec38"",""yes_price_dollars"":""0.4500""}"
KXBTC15M-26APR280915-15,154da246-7a92-4c7b-2c0d-60a447b39cf6,1777381240,0.44,34.64,no,"{""count_fp"":""34.64"",""created_time"":""2026-04-28T13:00:40.233736Z"",""no_price_dollars"":""0.5600"",""taker_side"":""no"",""ticker"":""KXBTC15M-26APR280915-15"",""trade_id"":""154da246-7a92-4c7b-2c0d-60a447b39cf6"",""yes_price_dollars"":""0.4400""}"
KXBTC15M-26APR280915-15,f50169a6-5b19-4d38-ed85-b9af50706ff3,1777381240,0.44,80.97,no,"{""count_fp"":""80.97"",""created_time"":""2026-04-28T13:00:40.161761Z"",""no_price_dollars"":""0.5600"",""taker_side"":""no"",""ticker"":""KXBTC15M-26APR280915-15"",""trade_id"":""f50169a6-5b19-4d38-ed85-b9af50706ff3"",""yes_price_dollars"":""0.4400""}"
KXBTC15M-26APR280915-15,8c91b8a0-e686-4917-ee4a-9e45a4d4ae6e,1777381240,0.44,137.3,no,"{""count_fp"":""137.30"",""created_time"":""2026-04-28T13:00:40.161761Z"",""no_price_dollars"":""0.5600"",""taker_side"":""no"",""ticker"":""KXBTC15M-26APR280915-15"",""trade_id"":""8c91b8a0-e686-4917-ee4a-9e45a4d4ae6e"",""yes_price_dollars"":""0.4400""}"
KXBTC15M-26APR280915-15,a7bb4aa2-3939-6225-facd-4c5b2be8642a,1777381240,0.44,6.27,no,"{""count_fp"":""6.27"",""created_time"":""2026-04-28T13:00:40.103582Z"",""no_price_dollars"":""0.5600"",""taker_side"":""no"",""ticker"":""KXBTC15M-26APR280915-15"",""trade_id"":""a7bb4aa2-3939-6225-facd-4c5b2be8642a"",""yes_price_dollars"":""0.4400""}"
KXBTC15M-26APR280915-15,7361c486-6b89-670c-fe69-7fa9835f6e1b,1777381240,0.44,19.03,no,"{""count_fp"":""19.03"",""created_time"":""2026-04-28T13:00:40.103582Z"",""no_price_dollars"":""0.5600"",""taker_side"":""no"",""ticker"":""KXBTC15M-26APR280915-15"",""trade_id"":""7361c486-6b89-670c-fe69-7fa9835f6e1b"",""yes_price_dollars"":""0.4400""}"
KXBTC15M-26APR280915-15,55c1f641-eefe-6f07-f4dd-2559fcdfc8a8,1777381240,0.44,9.34,no,"{""count_fp"":""9.34"",""created_time"":""2026-04-28T13:00:40.103582Z"",""no_price_dollars"":""0.5600"",""taker_side"":""no"",""ticker"":""KXBTC15M-26APR280915-15"",""trade_id"":""55c1f641-eefe-6f07-f4dd-2559fcdfc8a8"",""yes_price_dollars"":""0.4400""}"
KXBTC15M-26APR280915-15,c1e581a9-b522-57d9-f01e-1d64dfca2abd,1777381241,0.5,17.94,no,"{""count_fp"":""17.94"",""created_time"":""2026-04-28T13:00:41.582876Z"",""no_price_dollars"":""0.5000"",""taker_side"":""no"",""ticker"":""KXBTC15M-26APR280915-15"",""trade_id"":""c1e581a9-b522-57d9-f01e-1d64dfca2abd"",""yes_price_dollars"":""0.5000""}"
KXBTC15M-26APR280915-15,8a3e6a68-5bc9-7926-d91f-7f05dbef1468,1777381241,0.5,1.54,yes,"{""count_fp"":""1.54"",""created_time"":""2026-04-28T13:00:41.348475Z"",""no_price_dollars"":""0.5000"",""taker_side"":""yes"",""ticker"":""KXBTC15M-26APR280915-15"",""trade_id"":""8a3e6a68-5bc9-7926-d91f-7f05dbef1468"",""yes_price_dollars"":""0.5000""}"
KXBTC15M-26APR280915-15,592322da-c101-790f-c360-8b45ed9a81da,1777381241,0.5,1.86,yes,"{""count_fp"":""1.86"",""created_time"":""2026-04-28T13:00:41.348475Z"",""no_price_dollars"":""0.5000"",""taker_side"":""yes"",""ticker"":""KXBTC15M-26APR280915-15"",""trade_id"":""592322da-c101-790f-c360-8b45ed9a81da"",""yes_price_dollars"":""0.5000""}"
KXBTC15M-26APR280915-15,4c671649-043f-7bd2-d411-a037fbf1418e,1777381241,0.5,2.0,yes,"{""count_fp"":""2.00"",""created_time"":""2026-04-28T13:00:41.348475Z"",""no_price_dollars"":""0.5000"",""taker_side"":""yes"",""ticker"":""KXBTC15M-26APR280915-15"",""trade_id"":""4c671649-043f-7bd2-d411-a037fbf1418e"",""yes_price_dollars"":""0.5000""}"
KXBTC15M-26APR280915-15,3a949f25-bade-73e6-c9ad-c35f6dfb612c,1777381241,0.5,15.51,yes,"{""count_fp"":""15.51"",""created_time"":""2026-04-28T13:00:41.348475Z"",""no_price_dollars"":""0.5000"",""taker_side"":""yes"",""ticker"":""KXBTC15M-26APR280915-15"",""trade_id"":""3a949f25-bade-73e6-c9ad-c35f6dfb612c"",""yes_price_dollars"":""0.5000""}"
KXBTC15M-26APR280915-15,08eeb36c-e81a-7f38-e39b-e79b9fa9333f,1777381241,0.5,1.0,yes,"{""count_fp"":""1.00"",""created_time"":""2026-04-28T13:00:41.348475Z"",""no_price_dollars"":""0.5000"",""taker_side"":""yes"",""ticker"":""KXBTC15M-26APR280915-15"",""trade_id"":""08eeb36c-e81a-7f38-e39b-e79b9fa9333f"",""yes_price_dollars"":""0.5000""}"
KXBTC15M-26APR280915-15,4b7f4557-000d-7c9b-9709-e1943edbe24e,1777381241,0.5,27.06,yes,"{""count_fp"":""27.06"",""created_time"":""2026-04-28T13:00:41.299307Z"",""no_price_dollars"":""0.5000"",""taker_side"":""yes"",""ticker"":""KXBTC15M-26APR280915-15"",""trade_id"":""4b7f4557-000d-7c9b-9709-e1943edbe24e"",""yes_price_dollars"":""0.5000""}"
KXBTC15M-26APR280915-15,ad9f6871-edcb-77eb-9194-eefb630e7281,1777381241,0.49,45.78,yes,"{""count_fp"":""45.78"",""created_time"":""2026-04-28T13:00:41.250634Z"",""no_price_dollars"":""0.5100"",""taker_side"":""yes"",""ticker"":""KXBTC15M-26APR280915-15"",""trade_id"":""ad9f6871-edcb-77eb-9194-eefb630e7281"",""yes_price_dollars"":""0.4900""}"
KXBTC15M-26APR280915-15,f7e35b70-5a89-7aa9-0eb7-95791554c0ac,1777381241,0.49,10.79,yes,"{""count_fp"":""10.79"",""created_time"":""2026-04-28T13:00:41.244585Z"",""no_price_dollars"":""0.5100"",""taker_side"":""yes"",""ticker"":""KXBTC15M-26APR280915-15"",""trade_id"":""f7e35b70-5a89-7aa9-0eb7-95791554c0ac"",""yes_price_dollars"":""0.4900""}"
KXBTC15M-26APR280915-15,06406267-3063-78b7-3549-bfe031ca6d65,1777381241,0.49,10.22,yes,"{""count_fp"":""10.22"",""created_time"":""2026-04-28T13:00:41.244585Z"",""no_price_dollars"":""0.5100"",""taker_side"":""yes"",""ticker"":""KXBTC15M-26APR280915-15"",""trade_id"":""06406267-3063-78b7-3549-bfe031ca6d65"",""yes_price_dollars"":""0.4900""}"
KXBTC15M-26APR280915-15,c6d10400-a919-5b89-2648-6b54a3e66073,1777381241,0.47,5.0,yes,"{""count_fp"":""5.00"",""created_time"":""2026-04-28T13:00:41.237834Z"",""no_price_dollars"":""0.5300"",""taker_side"":""yes"",""ticker"":""KXBTC15M-26APR280915-15"",""trade_id"":""c6d10400-a919-5b89-2648-6b54a3e66073"",""yes_price_dollars"":""0.4700""}"
KXBTC15M-26APR280915-15,8bf117af-8c98-5597-2d61-f2c69585cbf3,1777381241,0.47,5.0,yes,"{""count_fp"":""5.00"",""created_time"":""2026-04-28T13:00:41.237834Z"",""no_price_dollars"":""0.5300"",""taker_side"":""yes"",""ticker"":""KXBTC15M-26APR280915-15"",""trade_id"":""8bf117af-8c98-5597-2d61-f2c69585cbf3"",""yes_price_dollars"":""0.4700""}"
KXBTC15M-26APR280915-15,7007423a-8066-5c73-0348-004443c377bc,1777381241,0.47,1.0,yes,"{""count_fp"":""1.00"",""created_time"":""2026-04-28T13:00:41.237834Z"",""no_price_dollars"":""0.5300"",""taker_side"":""yes"",""ticker"":""KXBTC15M-26APR280915-15"",""trade_id"":""7007423a-8066-5c73-0348-004443c377bc"",""yes_price_dollars"":""0.4700""}"
KXBTC15M-26APR280915-15,5c4ec8c9-671a-542d-082f-998a7718eee3,1777381241,0.47,2.0,yes,"{""count_fp"":""2.00"",""created_time"":""2026-04-28T13:00:41.237834Z"",""no_price_dollars"":""0.5300"",""taker_side"":""yes"",""ticker"":""KXBTC15M-26APR280915-15"",""trade_id"":""5c4ec8c9-671a-542d-082f-998a7718eee3"",""yes_price_dollars"":""0.4700""}"
KXBTC15M-26APR280915-15,1bc61fd1-7932-554e-3ffe-ef08f516dda4,1777381241,0.47,3.0,yes,"{""count_fp"":""3.00"",""created_time"":""2026-04-28T13:00:41.237834Z"",""no_price_dollars"":""0.5300"",""taker_side"":""yes"",""ticker"":""KXBTC15M-26APR280915-15"",""trade_id"":""1bc61fd1-7932-554e-3ffe-ef08f516dda4"",""yes_price_dollars"":""0.4700""}"
KXBTC15M-26APR280915-15,51aff1eb-760e-7548-0ecb-8ef8ad8dbf94,1777381242,0.49,48.0,no,"{""count_fp"":""48.00"",""created_time"":""2026-04-28T13:00:42.995936Z"",""no_price_dollars"":""0.5100"",""taker_side"":""no"",""ticker"":""KXBTC15M-26APR280915-15"",""trade_id"":""51aff1eb-760e-7548-0ecb-8ef8ad8dbf94"",""yes_price_dollars"":""0.4900""}"
KXBTC15M-26APR280915-15,4ecc9d0c-3bd4-7a79-36a4-5961bb5bd8a8,1777381242,0.49,26.0,no,"{""count_fp"":""26.00"",""created_time"":""2026-04-28T13:00:42.995936Z"",""no_price_dollars"":""0.5100"",""taker_side"":""no"",""ticker"":""KXBTC15M-26APR280915-15"",""trade_id"":""4ecc9d0c-3bd4-7a79-36a4-5961bb5bd8a8"",""yes_price_dollars"":""0.4900""}"
KXBTC15M-26APR280915-15,274f5f65-0c90-7e73-188f-6588bb836355,1777381242,0.49,20.0,no,"{""count_fp"":""20.00"",""created_time"":""2026-04-28T13:00:42.995936Z"",""no_price_dollars"":""0.5100"",""taker_side"":""no"",""ticker"":""KXBTC15M-26APR280915-15"",""trade_id"":""274f5f65-0c90-7e73-188f-6588bb836355"",""yes_price_dollars"":""0.4900""}"
KXBTC15M-26APR280915-15,138db5f3-4303-78b9-2e88-9a11211a9fe0,1777381242,0.49,56.0,no,"{""count_fp"":""56.00"",""created_time"":""2026-04-28T13:00:42.995936Z"",""no_price_dollars"":""0.5100"",""taker_side"":""no"",""ticker"":""KXBTC15M-26APR280915-15"",""trade_id"":""138db5f3-4303-78b9-2e88-9a11211a9fe0"",""yes_price_dollars"":""0.4900""}"
KXBTC15M-26APR280915-15,e544bbec-4894-68be-051c-a7b5e337432a,1777381242,0.51,3.0,yes,"{""count_fp"":""3.00"",""created_time"":""2026-04-28T13:00:42.621315Z"",""no_price_dollars"":""0.4900"",""taker_side"":""yes"",""ticker"":""KXBTC15M-26APR280915-15"",""trade_id"":""e544bbec-4894-68be-051c-a7b5e337432a"",""yes_price_dollars"":""0.5100""}"
KXBTC15M-26APR280915-15,7f5a9bce-ab23-6ccd-185c-0a765adfdaf9,1777381242,0.51,17.0,yes,"{""count_fp"":""17.00"",""created_time"":""2026-04-28T13:00:42.621315Z"",""no_price_dollars"":""0.4900"",""taker_side"":""yes"",""ticker"":""KXBTC15M-26APR280915-15"",""trade_id"":""7f5a9bce-ab23-6ccd-185c-0a765adfdaf9"",""yes_price_dollars"":""0.5100""}"
KXBTC15M-26APR280915-15,6b6dc898-0358-75b1-1eb9-782a86832ec7,1777381242,0.5,3.0,no,"{""count_fp"":""3.00"",""created_time"":""2026-04-28T13:00:42.390966Z"",""no_price_dollars"":""0.5000"",""taker_side"":""no"",""ticker"":""KXBTC15M-26APR280915-15"",""trade_id"":""6b6dc898-0358-75b1-1eb9-782a86832ec7"",""yes_price_dollars"":""0.5000""}"
KXBTC15M-26APR280915-15,beb02e23-971b-6080-8325-b35c3227bf73,1777381243,0.51,3.0,yes,"{""count_fp"":""3.00"",""created_time"":""2026-04-28T13:00:43.989348Z"",""no_price_dollars"":""0.4900"",""taker_side"":""yes"",""ticker"":""KXBTC15M-26APR280915-15"",""trade_id"":""beb02e23-971b-6080-8325-b35c3227bf73"",""yes_price_dollars"":""0.5100""}"
KXBTC15M-26APR280915-15,725b30aa-14db-6a7f-8eb4-a39cf6477b54,1777381243,0.52,15.0,yes,"{""count_fp"":""15.00"",""created_time"":""2026-04-28T13:00:43.989348Z"",""no_price_dollars"":""0.4800"",""taker_side"":""yes"",""ticker"":""KXBTC15M-26APR280915-15"",""trade_id"":""725b30aa-14db-6a7f-8eb4-a39cf6477b54"",""yes_price_dollars"":""0.5200""}"
KXBTC15M-26APR280915-15,71fde0c3-c0b7-6047-dc17-600c129a376f,1777381243,0.5,13.85,no,"{""count_fp"":""13.85"",""created_time"":""2026-04-28T13:00:43.968536Z"",""no_price_dollars"":""0.5000"",""taker_side"":""no"",""ticker"":""KXBTC15M-26APR280915-15"",""trade_id"":""71fde0c3-c0b7-6047-dc17-600c129a376f"",""yes_price_dollars"":""0.5000""}"
KXBTC15M-26APR280915-15,05b03e99-0373-7def-007a-516edd9228cf,1777381243,0.5,3.0,no,"{""count_fp"":""3.00"",""created_time"":""2026-04-28T13:00:43.888179Z"",""no_price_dollars"":""0.5000"",""taker_side"":""no"",""ticker"":""KXBTC15M-26APR280915-15"",""trade_id"":""05b03e99-0373-7def-007a-516edd9228cf"",""yes_price_dollars"":""0.5000""}"
KXBTC15M-26APR280915-15,e71963fc-c97f-74d8-22c8-abfeba9f2a3a,1777381243,0.5,19.32,no,"{""count_fp"":""19.32"",""created_time"":""2026-04-28T13:00:43.721217Z"",""no_price_dollars"":""0.5000"",""taker_side"":""no"",""ticker"":""KXBTC15M-26APR280915-15"",""trade_id"":""e71963fc-c97f-74d8-22c8-abfeba9f2a3a"",""yes_price_dollars"":""0.5000""}"
KXBTC15M-26APR280915-15,944e2f06-180b-4ac7-d32d-a4d168fb39f7,1777381243,0.48,19.32,yes,"{""count_fp"":""19.32"",""created_time"":""2026-04-28T13:00:43.078791Z"",""no_price_dollars"":""0.5200"",""taker_side"":""yes"",""ticker"":""KXBTC15M-26APR280915-15"",""trade_id"":""944e2f06-180b-4ac7-d32d-a4d168fb39f7"",""yes_price_dollars"":""0.4800""}"
KXBTC15M-26APR280915-15,cfddc12b-06a1-55f5-30e8-6bd177f3a8dd,1777381243,0.48,3.0,no,"{""count_fp"":""3.00"",""created_time"":""2026-04-28T13:00:43.013021Z"",""no_price_dollars"":""0.5200"",""taker_side"":""no"",""ticker"":""KXBTC15M-26APR280915-15"",""trade_id"":""cfddc12b-06a1-55f5-30e8-6bd177f3a8dd"",""yes_price_dollars"":""0.4800""}"
KXBTC15M-26APR280915-15,2d801937-08b9-5204-329f-e21835b1eb26,1777381243,0.48,1.0,no,"{""count_fp"":""1.00"",""created_time"":""2026-04-28T13:00:43.013021Z"",""no_price_dollars"":""0.5200"",""taker_side"":""no"",""ticker"":""KXBTC15M-26APR280915-15"",""trade_id"":""2d801937-08b9-5204-329f-e21835b1eb26"",""yes_price_dollars"":""0.4800""}"
KXBTC15M-26APR280915-15,626e8741-a12a-45f2-5bbf-f2515455ff4f,1777381244,0.51,5.0,no,"{""count_fp"":""5.00"",""created_time"":""2026-04-28T13:00:44.654869Z"",""no_price_dollars"":""0.4900"",""taker_side"":""no"",""ticker"":""KXBTC15M-26APR280915-15"",""trade_id"":""626e8741-a12a-45f2-5bbf-f2515455ff4f"",""yes_price_dollars"":""0.5100""}"
KXBTC15M-26APR280915-15,30f62a26-917f-718b-0bea-ce6754049d43,1777381244,0.5,2.0,no,"{""count_fp"":""2.00"",""created_time"":""2026-04-28T13:00:44.003044Z"",""no_price_dollars"":""0.5000"",""taker_side"":""no"",""ticker"":""KXBTC15M-26APR280915-15"",""trade_id"":""30f62a26-917f-718b-0bea-ce6754049d43"",""yes_price_dollars"":""0.5000""}"
KXBTC15M-26APR280915-15,ede3aaeb-0214-6edb-fb41-07ed372515ad,1777381245,0.5,19.3,no,"{""count_fp"":""19.30"",""created_time"":""2026-04-28T13:00:45.977786Z"",""no_price_dollars"":""0.5000"",""taker_side"":""no"",""ticker"":""KXBTC15M-26APR280915-15"",""trade_id"":""ede3aaeb-0214-6edb-fb41-07ed372515ad"",""yes_price_dollars"":""0.5000""}"
KXBTC15M-26APR280915-15,febf2674-6bfa-55ba-0b3d-786cda9b1d9f,1777381245,0.51,13.52,no,"{""count_fp"":""13.52"",""created_time"":""2026-04-28T13:00:45.031415Z"",""no_price_dollars"":""0.4900"",""taker_side"":""no"",""ticker"":""KXBTC15M-26APR280915-15"",""trade_id"":""febf2674-6bfa-55ba-0b3d-786cda9b1d9f"",""yes_price_dollars"":""0.5100""}"
KXBTC15M-26APR280915-15,dab2b84d-716b-49cc-f836-0aed89c400fe,1777381246,0.5,3.0,no,"{""count_fp"":""3.00"",""created_time"":""2026-04-28T13:00:46.384707Z"",""no_price_dollars"":""0.5000"",""taker_side"":""no"",""ticker"":""KXBTC15M-26APR280915-15"",""trade_id"":""dab2b84d-716b-49cc-f836-0aed89c400fe"",""yes_price_dollars"":""0.5000""}"
KXBTC15M-26APR280915-15,02935c35-514d-5e90-2f82-b7ef5115ce75,1777381247,0.49,13.53,no,"{""count_fp"":""13.53"",""created_time"":""2026-04-28T13:00:47.952529Z"",""no_price_dollars"":""0.5100"",""taker_side"":""no"",""ticker"":""KXBTC15M-26APR280915-15"",""trade_id"":""02935c35-514d-5e90-2f82-b7ef5115ce75"",""yes_price_dollars"":""0.4900""}"
KXBTC15M-26APR280915-15,a6172cdf-65b7-44bc-4f1c-276dbc0eba8e,1777381247,0.5,9.66,no,"{""count_fp"":""9.66"",""created_time"":""2026-04-28T13:00:47.635241Z"",""no_price_dollars"":""0.5000"",""taker_side"":""no"",""ticker"":""KXBTC15M-26APR280915-15"",""trade_id"":""a6172cdf-65b7-44bc-4f1c-276dbc0eba8e"",""yes_price_dollars"":""0.5000""}"
KXBTC15M-26APR280915-15,924a01a0-65ac-79c7-fc01-3cfcc9b6b62b,1777381248,0.51,9.34,yes,"{""count_fp"":""9.34"",""created_time"":""2026-04-28T13:00:48.746282Z"",""no_price_dollars"":""0.4900"",""taker_side"":""yes"",""ticker"":""KXBTC15M-26APR280915-15"",""trade_id"":""924a01a0-65ac-79c7-fc01-3cfcc9b6b62b"",""yes_price_dollars"":""0.5100""}"
KXBTC15M-26APR280915-15,87fe9322-6d54-567c-598f-0eb0e5d39c4f,1777381248,0.51,56.0,yes,"{""count_fp"":""56.00"",""created_time"":""2026-04-28T13:00:48.600687Z"",""no_price_dollars"":""0.4900"",""taker_side"":""yes"",""ticker"":""KXBTC15M-26APR280915-15"",""trade_id"":""87fe9322-6d54-567c-598f-0eb0e5d39c4f"",""yes_price_dollars"":""0.5100""}"
KXBTC15M-26APR280915-15,2735ffa7-6a1b-5445-4b2f-d497900aca01,1777381248,0.51,38.78,yes,"{""count_fp"":""38.78"",""created_time"":""2026-04-28T13:00:48.600687Z"",""no_price_dollars"":""0.4900"",""taker_side"":""yes"",""ticker"":""KXBTC15M-26APR280915-15"",""trade_id"":""2735ffa7-6a1b-5445-4b2f-d497900aca01"",""yes_price_dollars"":""0.5100""}"
KXBTC15M-26APR280915-15,eb47ed8a-fd79-6c79-4f3e-4bd88fde7189,1777381248,0.5,13.0,no,"{""count_fp"":""13.00"",""created_time"":""2026-04-28T13:00:48.559766Z"",""no_price_dollars"":""0.5000"",""taker_side"":""no"",""ticker"":""KXBTC15M-26APR280915-15"",""trade_id"":""eb47ed8a-fd79-6c79-4f3e-4bd88fde7189"",""yes_price_dollars"":""0.5000""}"
KXBTC15M-26APR280915-15,b42708fe-deee-6850-7734-7fd7c914af26,1777381248,0.5,3.0,no,"{""count_fp"":""3.00"",""created_time"":""2026-04-28T13:00:48.559766Z"",""no_price_dollars"":""0.5000"",""taker_side"":""no"",""ticker"":""KXBTC15M-26APR280915-15"",""trade_id"":""b42708fe-deee-6850-7734-7fd7c914af26"",""yes_price_dollars"":""0.5000""}"
KXBTC15M-26APR280915-15,ead409d6-1b47-53a9-8d3a-8f74092a323b,1777381248,0.51,92.18,yes,"{""count_fp"":""92.18"",""created_time"":""2026-04-28T13:00:48.173434Z"",""no_price_dollars"":""0.4900"",""taker_side"":""yes"",""ticker"":""KXBTC15M-26APR280915-15"",""trade_id"":""ead409d6-1b47-53a9-8d3a-8f74092a323b"",""yes_price_dollars"":""0.5100""}"
KXBTC15M-26APR280915-15,a0398746-d676-5ad2-9838-ad82e6b67a7a,1777381248,0.5,10.0,yes,"{""count_fp"":""10.00"",""created_time"":""2026-04-28T13:00:48.173434Z"",""no_price_dollars"":""0.5000"",""taker_side"":""yes"",""ticker"":""KXBTC15M-26APR280915-15"",""trade_id"":""a0398746-d676-5ad2-9838-ad82e6b67a7a"",""yes_price_dollars"":""0.5000""}"
KXBTC15M-26APR280915-15,2930e2a0-f535-5126-9097-d7aebdfe09f8,1777381248,0.51,40.0,yes,"{""count_fp"":""40.00"",""created_time"":""2026-04-28T13:00:48.173434Z"",""no_price_dollars"":""0.4900"",""taker_side"":""yes"",""ticker"":""KXBTC15M-26APR280915-15"",""trade_id"":""2930e2a0-f535-5126-9097-d7aebdfe09f8"",""yes_price_dollars"":""0.5100""}"
KXBTC15M-26APR280915-15,b0de4a3e-ff51-4360-b01c-c86e52140a8d,1777381249,0.5,3.0,no,"{""count_fp"":""3.00"",""created_time"":""2026-04-28T13:00:49.358701Z"",""no_price_dollars"":""0.5000"",""taker_side"":""no"",""ticker"":""KXBTC15M-26APR280915-15"",""trade_id"":""b0de4a3e-ff51-4360-b01c-c86e52140a8d"",""yes_price_dollars"":""0.5000""}"
KXBTC15M-26APR280915-15,da9b883e-970d-6c56-0757-d39d781e9e8a,1777381250,0.53,19.94,yes,"{""count_fp"":""19.94"",""created_time"":""2026-04-28T13:00:50.617544Z"",""no_price_dollars"":""0.4700"",""taker_side"":""yes"",""ticker"":""KXBTC15M-26APR280915-15"",""trade_id"":""da9b883e-970d-6c56-0757-d39d781e9e8a"",""yes_price_dollars"":""0.5300""}"
KXBTC15M-26APR280915-15,a782af39-77c3-6ea1-2703-b123375ddb9c,1777381250,0.53,3.0,yes,"{""count_fp"":""3.00"",""created_time"":""2026-04-28T13:00:50.617544Z"",""no_price_dollars"":""0.4700"",""taker_side"":""yes"",""ticker"":""KXBTC15M-26APR280915-15"",""trade_id"":""a782af39-77c3-6ea1-2703-b123375ddb9c"",""yes_price_dollars"":""0.5300""}"
KXBTC15M-26APR280915-15,de9b0a7d-b75d-4bda-1a3f-87086a879f72,1777381250,0.53,23.74,yes,"{""count_fp"":""23.74"",""created_time"":""2026-04-28T13:00:50.605969Z"",""no_price_dollars"":""0.4700"",""taker_side"":""yes"",""ticker"":""KXBTC15M-26APR280915-15"",""trade_id"":""de9b0a7d-b75d-4bda-1a3f-87086a879f72"",""yes_price_dollars"":""0.5300""}"
KXBTC15M-26APR280915-15,d86e9d23-4979-5cc6-0034-9041c48d6b1e,1777381250,0.53,1.0,yes,"{""count_fp"":""1.00"",""created_time"":""2026-04-28T13:00:50.605506Z"",""no_price_dollars"":""0.4700"",""taker_side"":""yes"",""ticker"":""KXBTC15M-26APR280915-15"",""trade_id"":""d86e9d23-4979-5cc6-0034-9041c48d6b1e"",""yes_price_dollars"":""0.5300""}"
KXBTC15M-26APR280915-15,7690db2a-f6ad-59fa-1e61-ccc7655c62bd,1777381250,0.52,3.0,yes,"{""count_fp"":""3.00"",""created_time"":""2026-04-28T13:00:50.602951Z"",""no_price_dollars"":""0.4800"",""taker_side"":""yes"",""ticker"":""KXBTC15M-26APR280915-15"",""trade_id"":""7690db2a-f6ad-59fa-1e61-ccc7655c62bd"",""yes_price_dollars"":""0.5200""}"
KXBTC15M-26APR280915-15,1568974e-26c6-7b42-5ea7-a5b41188a9f5,1777381251,0.54,1.0,yes,"{""count_fp"":""1.00"",""created_time"":""2026-04-28T13:00:51.911243Z"",""no_price_dollars"":""0.4600"",""taker_side"":""yes"",""ticker"":""KXBTC15M-26APR280915-15"",""trade_id"":""1568974e-26c6-7b42-5ea7-a5b41188a9f5"",""yes_price_dollars"":""0.5400""}"
KXBTC15M-26APR280915-15,4578a549-ec81-4d11-8f54-f0731db4d621,1777381251,0.53,14.0,no,"{""count_fp"":""14.00"",""created_time"":""2026-04-28T13:00:51.374093Z"",""no_price_dollars"":""0.4700"",""taker_side"":""no"",""ticker"":""KXBTC15M-26APR280915-15"",""trade_id"":""4578a549-ec81-4d11-8f54-f0731db4d621"",""yes_price_dollars"":""0.5300""}"
KXBTC15M-26APR280915-15,209f4c62-0811-466e-b0ae-b65a65907c9a,1777381251,0.53,32.0,no,"{""count_fp"":""32.00"",""created_time"":""2026-04-28T13:00:51.374093Z"",""no_price_dollars"":""0.4700"",""taker_side"":""no"",""ticker"":""KXBTC15M-26APR280915-15"",""trade_id"":""209f4c62-0811-466e-b0ae-b65a65907c9a"",""yes_price_dollars"":""0.5300""}"
KXBTC15M-26APR280915-15,372ba39d-0015-7756-8bba-242c5db21fca,1777381251,0.53,5.0,no,"{""count_fp"":""5.00"",""created_time"":""2026-04-28T13:00:51.131982Z"",""no_price_dollars"":""0.4700"",""taker_side"":""no"",""ticker"":""KXBTC15M-26APR280915-15"",""trade_id"":""372ba39d-0015-7756-8bba-242c5db21fca"",""yes_price_dollars"":""0.5300""}"
KXBTC15M-26APR280915-15,eb2948b4-7f05-758e-0607-4b8db0d7904e,1777381251,0.53,3.0,no,"{""count_fp"":""3.00"",""created_time"":""2026-04-28T13:00:51.030978Z"",""no_price_dollars"":""0.4700"",""taker_side"":""no"",""ticker"":""KXBTC15M-26APR280915-15"",""trade_id"":""eb2948b4-7f05-758e-0607-4b8db0d7904e"",""yes_price_dollars"":""0.5300""}"
KXBTC15M-26APR280915-15,361eca59-1e5e-5615-3ed4-85194d704f91,1777381252,0.52,0.38,no,"{""count_fp"":""0.38"",""created_time"":""2026-04-28T13:00:52.955982Z"",""no_price_dollars"":""0.4800"",""taker_side"":""no"",""ticker"":""KXBTC15M-26APR280915-15"",""trade_id"":""361eca59-1e5e-5615-3ed4-85194d704f91"",""yes_price_dollars"":""0.5200""}"
KXBTC15M-26APR280915-15,26296963-fea9-500a-26b6-e67eef7909d7,1777381252,0.53,20.0,no,"{""count_fp"":""20.00"",""created_time"":""2026-04-28T13:00:52.955982Z"",""no_price_dollars"":""0.4700"",""taker_side"":""no"",""ticker"":""KXBTC15M-26APR280915-15"",""trade_id"":""26296963-fea9-500a-26b6-e67eef7909d7"",""yes_price_dollars"":""0.5300""}"
KXBTC15M-26APR280915-15,f3fda0b8-a8c4-6888-60b2-91ac834102e0,1777381252,0.54,22.32,yes,"{""count_fp"":""22.32"",""created_time"":""2026-04-28T13:00:52.363534Z"",""no_price_dollars"":""0.4600"",""taker_side"":""yes"",""ticker"":""KXBTC15M-26APR280915-15"",""trade_id"":""f3fda0b8-a8c4-6888-60b2-91ac834102e0"",""yes_price_dollars"":""0.5400""}"
KXBTC15M-26APR280915-15,2c536ae9-cf42-62f6-664a-8cac15293c3d,1777381252,0.54,1.0,yes,"{""count_fp"":""1.00"",""created_time"":""2026-04-28T13:00:52.363534Z"",""no_price_dollars"":""0.4600"",""taker_side"":""yes"",""ticker"":""KXBTC15M-26APR280915-15"",""trade_id"":""2c536ae9-cf42-62f6-664a-8cac15293c3d"",""yes_price_dollars"":""0.5400""}"
KXBTC15M-26APR280915-15,ff0195f3-029f-7267-9e6b-0889bf022877,1777381252,0.53,8.0,no,"{""count_fp"":""8.00"",""created_time"":""2026-04-28T13:00:52.333984Z"",""no_price_dollars"":""0.4700"",""taker_side"":""no"",""ticker"":""KXBTC15M-26APR280915-15"",""trade_id"":""ff0195f3-029f-7267-9e6b-0889bf022877"",""yes_price_dollars"":""0.5300""}"
KXBTC15M-26APR280915-15,e107422c-57f3-7b36-b509-d7e6a193ebd2,1777381252,0.53,0.2,no,"{""count_fp"":""0.20"",""created_time"":""2026-04-28T13:00:52.333984Z"",""no_price_dollars"":""0.4700"",""taker_side"":""no"",""ticker"":""KXBTC15M-26APR280915-15"",""trade_id"":""e107422c-57f3-7b36-b509-d7e6a193ebd2"",""yes_price_dollars"":""0.5300""}"
KXBTC15M-26APR280915-15,5dd99a28-3216-48ae-629f-572ebe20733d,1777381252,0.54,1.0,yes,"{""count_fp"":""1.00"",""created_time"":""2026-04-28T13:00:52.195Z"",""no_price_dollars"":""0.4600"",""taker_side"":""yes"",""ticker"":""KXBTC15M-26APR280915-15"",""trade_id"":""5dd99a28-3216-48ae-629f-572ebe20733d"",""yes_price_dollars"":""0.5400""}"
KXBTC15M-26APR280915-15,a318b54d-96f7-7990-c8fe-9aac71a73efb,1777381252,0.53,20.0,no,"{""count_fp"":""20.00"",""created_time"":""2026-04-28T13:00:52.132073Z"",""no_price_dollars"":""0.4700"",""taker_side"":""no"",""ticker"":""KXBTC15M-26APR280915-15"",""trade_id"":""a318b54d-96f7-7990-c8fe-9aac71a73efb"",""yes_price_dollars"":""0.5300""}"
KXBTC15M-26APR280915-15,41915cce-d4a7-786b-c123-11fd9fddd6ba,1777381252,0.53,10.0,no,"{""count_fp"":""10.00"",""created_time"":""2026-04-28T13:00:52.132073Z"",""no_price_dollars"":""0.4700"",""taker_side"":""no"",""ticker"":""KXBTC15M-26APR280915-15"",""trade_id"":""41915cce-d4a7-786b-c123-11fd9fddd6ba"",""yes_price_dollars"":""0.5300""}"
KXBTC15M-26APR280915-15,1605651d-0af3-7507-c596-b43bb868feb7,1777381252,0.53,7.0,no,"{""count_fp"":""7.00"",""created_time"":""2026-04-28T13:00:52.132073Z"",""no_price_dollars"":""0.4700"",""taker_side"":""no"",""ticker"":""KXBTC15M-26APR280915-15"",""trade_id"":""1605651d-0af3-7507-c596-b43bb868feb7"",""yes_price_dollars"":""0.5300""}"
KXBTC15M-26APR280915-15,aec61ad8-b2e2-59e0-88f7-0fb845b52f5c,1777381253,0.52,30.0,no,"{""count_fp"":""30.00"",""created_time"":""2026-04-28T13:00:53.376095Z"",""no_price_dollars"":""0.4800"",""taker_side"":""no"",""ticker"":""KXBTC15M-26APR280915-15"",""trade_id"":""aec61ad8-b2e2-59e0-88f7-0fb845b52f5c"",""yes_price_dollars"":""0.5200""}"
KXBTC15M-26APR280915-15,a94e0036-892b-5630-b767-b30e9d04501a,1777381253,0.52,15.0,no,"{""count_fp"":""15.00"",""created_time"":""2026-04-28T13:00:53.376095Z"",""no_price_dollars"":""0.4800"",""taker_side"":""no"",""ticker"":""KXBTC15M-26APR280915-15"",""trade_id"":""a94e0036-892b-5630-b767-b30e9d04501a"",""yes_price_dollars"":""0.5200""}"
KXBTC15M-26APR280915-15,6a3454b7-cae9-5b5c-8136-b619b3734e29,1777381253,0.52,20.0,no,"{""count_fp"":""20.00"",""created_time"":""2026-04-28T13:00:53.376095Z"",""no_price_dollars"":""0.4800"",""taker_side"":""no"",""ticker"":""KXBTC15M-26APR280915-15"",""trade_id"":""6a3454b7-cae9-5b5c-8136-b619b3734e29"",""yes_price_dollars"":""0.5200""}"
KXBTC15M-26APR280915-15,1c5135ff-3255-76dd-d389-69e24f5554a1,1777381253,0.52,65.17,no,"{""count_fp"":""65.17"",""created_time"":""2026-04-28T13:00:53.363078Z"",""no_price_dollars"":""0.4800"",""taker_side"":""no"",""ticker"":""KXBTC15M-26APR280915-15"",""trade_id"":""1c5135ff-3255-76dd-d389-69e24f5554a1"",""yes_price_dollars"":""0.5200""}"
KXBTC15M-26APR280915-15,eadd9fa0-a561-6191-e8fe-05961902673d,1777381253,0.52,21.46,no,"{""count_fp"":""21.46"",""created_time"":""2026-04-28T13:00:53.362216Z"",""no_price_dollars"":""0.4800"",""taker_side"":""no"",""ticker"":""KXBTC15M-26APR280915-15"",""trade_id"":""eadd9fa0-a561-6191-e8fe-05961902673d"",""yes_price_dollars"":""0.5200""}"
KXBTC15M-26APR280915-15,6425a768-6f5c-7bfb-980a-9f799762ee4d,1777381254,0.51,9.13,yes,"{""count_fp"":""9.13"",""created_time"":""2026-04-28T13:00:54.605609Z"",""no_price_dollars"":""0.4900"",""taker_side"":""yes"",""ticker"":""KXBTC15M-26APR280915-15"",""trade_id"":""6425a768-6f5c-7bfb-980a-9f799762ee4d"",""yes_price_dollars"":""0.5100""}"
KXBTC15M-26APR280915-15,51db693b-e0ac-45e3-0066-a2fdcb57529d,1777381254,0.51,1.79,yes,"{""count_fp"":""1.79"",""created_time"":""2026-04-28T13:00:54.517466Z"",""no_price_dollars"":""0.4900"",""taker_side"":""yes"",""ticker"":""KXBTC15M-26APR280915-15"",""trade_id"":""51db693b-e0ac-45e3-0066-a2fdcb57529d"",""yes_price_dollars"":""0.5100""}"
KXBTC15M-26APR280915-15,deafb3d6-c078-4df9-af8b-308864761ebb,1777381254,0.5,5.79,no,"{""count_fp"":""5.79"",""created_time"":""2026-04-28T13:00:54.436957Z"",""no_price_dollars"":""0.5000"",""taker_side"":""no"",""ticker"":""KXBTC15M-26APR280915-15"",""trade_id"":""deafb3d6-c078-4df9-af8b-308864761ebb"",""yes_price_dollars"":""0.5000""}"
KXBTC15M-26APR280915-15,49cc200b-5044-4ea7-ac3f-fed33bb7538d,1777381254,0.51,5.48,yes,"{""count_fp"":""5.48"",""created_time"":""2026-04-28T13:00:54.309811Z"",""no_price_dollars"":""0.4900"",""taker_side"":""yes"",""ticker"":""KXBTC15M-26APR280915-15"",""trade_id"":""49cc200b-5044-4ea7-ac3f-fed33bb7538d"",""yes_price_dollars"":""0.5100""}"
KXBTC15M-26APR280915-15,70c5dca7-b91a-7047-05fe-8a5d6b781330,1777381255,0.49,13.0,no,"{""count_fp"":""13.00"",""created_time"":""2026-04-28T13:00:55.838918Z"",""no_price_dollars"":""0.5100"",""taker_side"":""no"",""ticker"":""KXBTC15M-26APR280915-15"",""trade_id"":""70c5dca7-b91a-7047-05fe-8a5d6b781330"",""yes_price_dollars"":""0.4900""}"
KXBTC15M-26APR280915-15,1a924f9a-51a6-56d3-3536-5f91488acf1c,1777381255,0.49,10.0,no,"{""count_fp"":""10.00"",""created_time"":""2026-04-28T13:00:55.637513Z"",""no_price_dollars"":""0.5100"",""taker_side"":""no"",""ticker"":""KXBTC15M-26APR280915-15"",""trade_id"":""1a924f9a-51a6-56d3-3536-5f91488acf1c"",""yes_price_dollars"":""0.4900""}"
KXBTC15M-26APR280915-15,f39395dd-6086-78c7-cf3f-360259c864f0,1777381255,0.49,13.42,no,"{""count_fp"":""13.42"",""created_time"":""2026-04-28T13:00:55.551758Z"",""no_price_dollars"":""0.5100"",""taker_side"":""no"",""ticker"":""KXBTC15M-26APR280915-15"",""trade_id"":""f39395dd-6086-78c7-cf3f-360259c864f0"",""yes_price_dollars"":""0.4900""}"
KXBTC15M-26APR280915-15,cffe57db-cbd2-7fe9-da69-aebc2738719f,1777381255,0.5,4.34,no,"{""count_fp"":""4.34"",""created_time"":""2026-04-28T13:00:55.551758Z"",""no_price_dollars"":""0.5000"",""taker_side"":""no"",""ticker"":""KXBTC15M-26APR280915-15"",""trade_id"":""cffe57db-cbd2-7fe9-da69-aebc2738719f"",""yes_price_dollars"":""0.5000""}"
KXBTC15M-26APR280915-15,9b5957b4-21df-7148-f302-ff5eb080fc3d,1777381255,0.5,20.0,no,"{""count_fp"":""20.00"",""created_time"":""2026-04-28T13:00:55.551758Z"",""no_price_dollars"":""0.5000"",""taker_side"":""no"",""ticker"":""KXBTC15M-26APR280915-15"",""trade_id"":""9b5957b4-21df-7148-f302-ff5eb080fc3d"",""yes_price_dollars"":""0.5000""}"
KXBTC15M-26APR280915-15,9e15d105-a526-635d-3af8-3c98f3f75ceb,1777381255,0.5,9.66,no,"{""count_fp"":""9.66"",""created_time"":""2026-04-28T13:00:55.117716Z"",""no_price_dollars"":""0.5000"",""taker_side"":""no"",""ticker"":""KXBTC15M-26APR280915-15"",""trade_id"":""9e15d105-a526-635d-3af8-3c98f3f75ceb"",""yes_price_dollars"":""0.5000""}"
KXBTC15M-26APR280915-15,8c1b77e7-8583-56ca-207c-3db9963f5a55,1777381256,0.49,0.2,yes,"{""count_fp"":""0.20"",""created_time"":""2026-04-28T13:00:56.958106Z"",""no_price_dollars"":""0.5100"",""taker_side"":""yes"",""ticker"":""KXBTC15M-26APR280915-15"",""trade_id"":""8c1b77e7-8583-56ca-207c-3db9963f5a55"",""yes_price_dollars"":""0.4900""}"
KXBTC15M-26APR280915-15,88a4adbf-9565-525e-204e-31933a351d8c,1777381256,0.5,10.0,yes,"{""count_fp"":""10.00"",""created_time"":""2026-04-28T13:00:56.958106Z"",""no_price_dollars"":""0.5000"",""taker_side"":""yes"",""ticker"":""KXBTC15M-26APR280915-15"",""trade_id"":""88a4adbf-9565-525e-204e-31933a351d8c"",""yes_price_dollars"":""0.5000""}"
KXBTC15M-26APR280915-15,800d13e7-4ad5-5bf4-171e-b9bbe02d600d,1777381256,0.5,1.0,yes,"{""count_fp"":""1.00"",""created_time"":""2026-04-28T13:00:56.958106Z"",""no_price_dollars"":""0.5000"",""taker_side"":""yes"",""ticker"":""KXBTC15M-26APR280915-15"",""trade_id"":""800d13e7-4ad5-5bf4-171e-b9bbe02d600d"",""yes_price_dollars"":""0.5000""}"
KXBTC15M-26APR280915-15,6026104e-3e57-5f55-28e6-b9a38ed068e3,1777381256,0.5,5.0,yes,"{""count_fp"":""5.00"",""created_time"":""2026-04-28T13:00:56.958106Z"",""no_price_dollars"":""0.5000"",""taker_side"":""yes"",""ticker"":""KXBTC15M-26APR280915-15"",""trade_id"":""6026104e-3e57-5f55-28e6-b9a38ed068e3"",""yes_price_dollars"":""0.5000""}"
KXBTC15M-26APR280915-15,02aa44a9-836f-51bd-198f-d9867d4b5081,1777381256,0.5,34.98,yes,"{""count_fp"":""34.98"",""created_time"":""2026-04-28T13:00:56.958106Z"",""no_price_dollars"":""0.5000"",""taker_side"":""yes"",""ticker"":""KXBTC15M-26APR280915-15"",""trade_id"":""02aa44a9-836f-51bd-198f-d9867d4b5081"",""yes_price_dollars"":""0.5000""}"
KXBTC15M-26APR280915-15,00e95156-d2c9-4703-f422-b493da16695c,1777381256,0.49,3.0,no,"{""count_fp"":""3.00"",""created_time"":""2026-04-28T13:00:56.439484Z"",""no_price_dollars"":""0.5100"",""taker_side"":""no"",""ticker"":""KXBTC15M-26APR280915-15"",""trade_id"":""00e95156-d2c9-4703-f422-b493da16695c"",""yes_price_dollars"":""0.4900""}"
KXBTC15M-26APR280915-15,9b710bb0-74ad-4bc1-306e-293e48ff5668,1777381257,0.47,3.0,no,"{""count_fp"":""3.00"",""created_time"":""2026-04-28T13:00:57.058941Z"",""no_price_dollars"":""0.5300"",""taker_side"":""no"",""ticker"":""KXBTC15M-26APR280915-15"",""trade_id"":""9b710bb0-74ad-4bc1-306e-293e48ff5668"",""yes_price_dollars"":""0.4700""}"
KXBTC15M-26APR280915-15,12c891a8-7897-6805-d202-559895a01a63,1777381257,0.48,20.0,no,"{""count_fp"":""20.00"",""created_time"":""2026-04-28T13:00:57.038019Z"",""no_price_dollars"":""0.5200"",""taker_side"":""no"",""ticker"":""KXBTC15M-26APR280915-15"",""trade_id"":""12c891a8-7897-6805-d202-559895a01a63"",""yes_price_dollars"":""0.4800""}"
KXBTC15M-26APR280915-15,021eeb5c-9301-689e-d19e-92b0c6081ed0,1777381257,0.48,3.0,no,"{""count_fp"":""3.00"",""created_time"":""2026-04-28T13:00:57.038019Z"",""no_price_dollars"":""0.5200"",""taker_side"":""no"",""ticker"":""KXBTC15M-26APR280915-15"",""trade_id"":""021eeb5c-9301-689e-d19e-92b0c6081ed0"",""yes_price_dollars"":""0.4800""}"
KXBTC15M-26APR280915-15,f9d2d57d-09ed-4374-6e05-117bd7a8ff0e,1777381259,0.47,9.0,yes,"{""count_fp"":""9.00"",""created_time"":""2026-04-28T13:00:59.997466Z"",""no_price_dollars"":""0.5300"",""taker_side"":""yes"",""ticker"":""KXBTC15M-26APR280915-15"",""trade_id"":""f9d2d57d-09ed-4374-6e05-117bd7a8ff0e"",""yes_price_dollars"":""0.4700""}"
KXBTC15M-26APR280915-15,9418140b-dcf1-5b84-8a01-a2b2ec1e1a0e,1777381259,0.47,1.73,yes,"{""count_fp"":""1.73"",""created_time"":""2026-04-28T13:00:59.432456Z"",""no_price_dollars"":""0.5300"",""taker_side"":""yes"",""ticker"":""KXBTC15M-26APR280915-15"",""trade_id"":""9418140b-dcf1-5b84-8a01-a2b2ec1e1a0e"",""yes_price_dollars"":""0.4700""}"
KXBTC15M-26APR280915-15,77a39b13-6a41-615c-37b0-61775cf0480a,1777381259,0.47,1.0,yes,"{""count_fp"":""1.00"",""created_time"":""2026-04-28T13:00:59.036067Z"",""no_price_dollars"":""0.5300"",""taker_side"":""yes"",""ticker"":""KXBTC15M-26APR280915-15"",""trade_id"":""77a39b13-6a41-615c-37b0-61775cf0480a"",""yes_price_dollars"":""0.4700""}"
KXBTC15M-26APR280915-15,50cbb405-6772-4695-2cc6-7f1f548933c7,1777381260,0.46,3.0,no,"{""count_fp"":""3.00"",""created_time"":""2026-04-28T13:01:00.434745Z"",""no_price_dollars"":""0.5400"",""taker_side"":""no"",""ticker"":""KXBTC15M-26APR280915-15"",""trade_id"":""50cbb405-6772-4695-2cc6-7f1f548933c7"",""yes_price_dollars"":""0.4600""}"
KXBTC15M-26APR280915-15,7caa8a83-b089-6888-690e-f5aba5999946,1777381260,0.47,20.51,yes,"{""count_fp"":""20.51"",""created_time"":""2026-04-28T13:01:00.163836Z"",""no_price_dollars"":""0.5300"",""taker_side"":""yes"",""ticker"":""KXBTC15M-26APR280915-15"",""trade_id"":""7caa8a83-b089-6888-690e-f5aba5999946"",""yes_price_dollars"":""0.4700""}"
KXBTC15M-26APR280915-15,61f05074-61d5-51f5-8bf1-a8dd61a67433,1777381261,0.46,4.1,yes,"{""count_fp"":""4.10"",""created_time"":""2026-04-28T13:01:01.745485Z"",""no_price_dollars"":""0.5400"",""taker_side"":""yes"",""ticker"":""KXBTC15M-26APR280915-15"",""trade_id"":""61f05074-61d5-51f5-8bf1-a8dd61a67433"",""yes_price_dollars"":""0.4600""}"
KXBTC15M-26APR280915-15,84aa3188-1116-5b8f-138a-d5378308af21,1777381261,0.45,1.0,no,"{""count_fp"":""1.00"",""created_time"":""2026-04-28T13:01:01.657173Z"",""no_price_dollars"":""0.5500"",""taker_side"":""no"",""ticker"":""KXBTC15M-26APR280915-15"",""trade_id"":""84aa3188-1116-5b8f-138a-d5378308af21"",""yes_price_dollars"":""0.4500""}"
