ticker,trade_id,ts,yes_price,count,taker_side,raw_json
KXBTC15M-26APR271930-30,073c9d58-2e81-4323-25b2-cf4dcf918c47,1777331701,0.5,200.0,no,"{""count_fp"":""200.00"",""created_time"":""2026-04-27T23:15:01.148088Z"",""no_price_dollars"":""0.5000"",""taker_side"":""no"",""ticker"":""KXBTC15M-26APR271930-30"",""trade_id"":""073c9d58-2e81-4323-25b2-cf4dcf918c47"",""yes_price_dollars"":""0.5000""}"
KXBTC15M-26APR271930-30,3911a018-b30b-7985-fd10-b264b6606d15,1777331704,0.48,18.0,yes,"{""count_fp"":""18.00"",""created_time"":""2026-04-27T23:15:04.609259Z"",""no_price_dollars"":""0.5200"",""taker_side"":""yes"",""ticker"":""KXBTC15M-26APR271930-30"",""trade_id"":""3911a018-b30b-7985-fd10-b264b6606d15"",""yes_price_dollars"":""0.4800""}"
KXBTC15M-26APR271930-30,ec8d3854-d77e-61cf-2e7a-34df1730c95b,1777331704,0.45,56.0,no,"{""count_fp"":""56.00"",""created_time"":""2026-04-27T23:15:04.345027Z"",""no_price_dollars"":""0.5500"",""taker_side"":""no"",""ticker"":""KXBTC15M-26APR271930-30"",""trade_id"":""ec8d3854-d77e-61cf-2e7a-34df1730c95b"",""yes_price_dollars"":""0.4500""}"
KXBTC15M-26APR271930-30,cfe96f60-baf0-64e8-1349-5e12f75dbab6,1777331704,0.45,10.0,no,"{""count_fp"":""10.00"",""created_time"":""2026-04-27T23:15:04.345027Z"",""no_price_dollars"":""0.5500"",""taker_side"":""no"",""ticker"":""KXBTC15M-26APR271930-30"",""trade_id"":""cfe96f60-baf0-64e8-1349-5e12f75dbab6"",""yes_price_dollars"":""0.4500""}"
KXBTC15M-26APR271930-30,9ac68343-e18b-6926-071e-a1f3398c3eb3,1777331704,0.44,25.13,no,"{""count_fp"":""25.13"",""created_time"":""2026-04-27T23:15:04.345027Z"",""no_price_dollars"":""0.5600"",""taker_side"":""no"",""ticker"":""KXBTC15M-26APR271930-30"",""trade_id"":""9ac68343-e18b-6926-071e-a1f3398c3eb3"",""yes_price_dollars"":""0.4400""}"
KXBTC15M-26APR271930-30,6354436e-e4c6-6819-270e-ed4c08d9ce35,1777331704,0.45,13.0,no,"{""count_fp"":""13.00"",""created_time"":""2026-04-27T23:15:04.345027Z"",""no_price_dollars"":""0.5500"",""taker_side"":""no"",""ticker"":""KXBTC15M-26APR271930-30"",""trade_id"":""6354436e-e4c6-6819-270e-ed4c08d9ce35"",""yes_price_dollars"":""0.4500""}"
KXBTC15M-26APR271930-30,4296d253-1332-6e4d-36cd-13b3a7ecd3da,1777331704,0.45,1.0,no,"{""count_fp"":""1.00"",""created_time"":""2026-04-27T23:15:04.345027Z"",""no_price_dollars"":""0.5500"",""taker_side"":""no"",""ticker"":""KXBTC15M-26APR271930-30"",""trade_id"":""4296d253-1332-6e4d-36cd-13b3a7ecd3da"",""yes_price_dollars"":""0.4500""}"
KXBTC15M-26APR271930-30,cb14f913-b3ec-7da1-d221-85c3078c8945,1777331706,0.47,35.0,no,"{""count_fp"":""35.00"",""created_time"":""2026-04-27T23:15:06.849169Z"",""no_price_dollars"":""0.5300"",""taker_side"":""no"",""ticker"":""KXBTC15M-26APR271930-30"",""trade_id"":""cb14f913-b3ec-7da1-d221-85c3078c8945"",""yes_price_dollars"":""0.4700""}"
KXBTC15M-26APR271930-30,6c00c5e1-9c7f-7fbd-cc9a-58b62ecd40c0,1777331706,0.46,7.57,no,"{""count_fp"":""7.57"",""created_time"":""2026-04-27T23:15:06.849169Z"",""no_price_dollars"":""0.5400"",""taker_side"":""no"",""ticker"":""KXBTC15M-26APR271930-30"",""trade_id"":""6c00c5e1-9c7f-7fbd-cc9a-58b62ecd40c0"",""yes_price_dollars"":""0.4600""}"
KXBTC15M-26APR271930-30,bf5cdcad-2b44-525a-a3ba-4c671b504f59,1777331706,0.48,0.05,yes,"{""count_fp"":""0.05"",""created_time"":""2026-04-27T23:15:06.721214Z"",""no_price_dollars"":""0.5200"",""taker_side"":""yes"",""ticker"":""KXBTC15M-26APR271930-30"",""trade_id"":""bf5cdcad-2b44-525a-a3ba-4c671b504f59"",""yes_price_dollars"":""0.4800""}"
KXBTC15M-26APR271930-30,50914e5b-9d86-5895-a2f1-05ced52aad8e,1777331706,0.48,10.0,yes,"{""count_fp"":""10.00"",""created_time"":""2026-04-27T23:15:06.721214Z"",""no_price_dollars"":""0.5200"",""taker_side"":""yes"",""ticker"":""KXBTC15M-26APR271930-30"",""trade_id"":""50914e5b-9d86-5895-a2f1-05ced52aad8e"",""yes_price_dollars"":""0.4800""}"
KXBTC15M-26APR271930-30,a4a1995e-2de3-7746-e0c5-1dcd25b31d57,1777331707,0.44,39.28,no,"{""count_fp"":""39.28"",""created_time"":""2026-04-27T23:15:07.116155Z"",""no_price_dollars"":""0.5600"",""taker_side"":""no"",""ticker"":""KXBTC15M-26APR271930-30"",""trade_id"":""a4a1995e-2de3-7746-e0c5-1dcd25b31d57"",""yes_price_dollars"":""0.4400""}"
KXBTC15M-26APR271930-30,22b33ded-3790-7d7d-ec4e-40c71d0faf32,1777331707,0.46,5.0,no,"{""count_fp"":""5.00"",""created_time"":""2026-04-27T23:15:07.116155Z"",""no_price_dollars"":""0.5400"",""taker_side"":""no"",""ticker"":""KXBTC15M-26APR271930-30"",""trade_id"":""22b33ded-3790-7d7d-ec4e-40c71d0faf32"",""yes_price_dollars"":""0.4600""}"
KXBTC15M-26APR271930-30,b074747e-57d6-7687-1fc5-fec2000c13db,1777331708,0.49,5.0,yes,"{""count_fp"":""5.00"",""created_time"":""2026-04-27T23:15:08.380748Z"",""no_price_dollars"":""0.5100"",""taker_side"":""yes"",""ticker"":""KXBTC15M-26APR271930-30"",""trade_id"":""b074747e-57d6-7687-1fc5-fec2000c13db"",""yes_price_dollars"":""0.4900""}"
KXBTC15M-26APR271930-30,aa608e03-1a78-7074-2bf1-23a339c02fc3,1777331708,0.49,5.0,yes,"{""count_fp"":""5.00"",""created_time"":""2026-04-27T23:15:08.380748Z"",""no_price_dollars"":""0.5100"",""taker_side"":""yes"",""ticker"":""KXBTC15M-26APR271930-30"",""trade_id"":""aa608e03-1a78-7074-2bf1-23a339c02fc3"",""yes_price_dollars"":""0.4900""}"
KXBTC15M-26APR271930-30,92a36a2d-e832-7f03-2373-c717d5392bf4,1777331708,0.5,1.0,yes,"{""count_fp"":""1.00"",""created_time"":""2026-04-27T23:15:08.380748Z"",""no_price_dollars"":""0.5000"",""taker_side"":""yes"",""ticker"":""KXBTC15M-26APR271930-30"",""trade_id"":""92a36a2d-e832-7f03-2373-c717d5392bf4"",""yes_price_dollars"":""0.5000""}"
KXBTC15M-26APR271930-30,7dbe7c5e-e548-7b67-131b-5bf99e8fc650,1777331708,0.5,0.43,yes,"{""count_fp"":""0.43"",""created_time"":""2026-04-27T23:15:08.380748Z"",""no_price_dollars"":""0.5000"",""taker_side"":""yes"",""ticker"":""KXBTC15M-26APR271930-30"",""trade_id"":""7dbe7c5e-e548-7b67-131b-5bf99e8fc650"",""yes_price_dollars"":""0.5000""}"
KXBTC15M-26APR271930-30,64603c26-21d2-79b7-3f33-b69c4e3a086a,1777331708,0.49,5.0,yes,"{""count_fp"":""5.00"",""created_time"":""2026-04-27T23:15:08.380748Z"",""no_price_dollars"":""0.5100"",""taker_side"":""yes"",""ticker"":""KXBTC15M-26APR271930-30"",""trade_id"":""64603c26-21d2-79b7-3f33-b69c4e3a086a"",""yes_price_dollars"":""0.4900""}"
KXBTC15M-26APR271930-30,196a3e5c-eb91-77a0-0360-bc3f4c498d81,1777331708,0.5,120.0,yes,"{""count_fp"":""120.00"",""created_time"":""2026-04-27T23:15:08.380748Z"",""no_price_dollars"":""0.5000"",""taker_side"":""yes"",""ticker"":""KXBTC15M-26APR271930-30"",""trade_id"":""196a3e5c-eb91-77a0-0360-bc3f4c498d81"",""yes_price_dollars"":""0.5000""}"
KXBTC15M-26APR271930-30,f81aee03-47e5-4c79-6cc2-2b51255dc6bb,1777331708,0.49,3.0,yes,"{""count_fp"":""3.00"",""created_time"":""2026-04-27T23:15:08.062322Z"",""no_price_dollars"":""0.5100"",""taker_side"":""yes"",""ticker"":""KXBTC15M-26APR271930-30"",""trade_id"":""f81aee03-47e5-4c79-6cc2-2b51255dc6bb"",""yes_price_dollars"":""0.4900""}"
KXBTC15M-26APR271930-30,ee44293e-06a8-4648-51eb-a95c3f8a7e34,1777331708,0.49,3.0,yes,"{""count_fp"":""3.00"",""created_time"":""2026-04-27T23:15:08.062322Z"",""no_price_dollars"":""0.5100"",""taker_side"":""yes"",""ticker"":""KXBTC15M-26APR271930-30"",""trade_id"":""ee44293e-06a8-4648-51eb-a95c3f8a7e34"",""yes_price_dollars"":""0.4900""}"
KXBTC15M-26APR271930-30,e49e88db-8eca-4b2f-5f51-061a3460fe72,1777331708,0.49,4.0,yes,"{""count_fp"":""4.00"",""created_time"":""2026-04-27T23:15:08.062322Z"",""no_price_dollars"":""0.5100"",""taker_side"":""yes"",""ticker"":""KXBTC15M-26APR271930-30"",""trade_id"":""e49e88db-8eca-4b2f-5f51-061a3460fe72"",""yes_price_dollars"":""0.4900""}"
KXBTC15M-26APR271930-30,c63f59bf-f9d5-53c5-23fe-3e120cb13cc8,1777331709,0.48,12.74,no,"{""count_fp"":""12.74"",""created_time"":""2026-04-27T23:15:09.983405Z"",""no_price_dollars"":""0.5200"",""taker_side"":""no"",""ticker"":""KXBTC15M-26APR271930-30"",""trade_id"":""c63f59bf-f9d5-53c5-23fe-3e120cb13cc8"",""yes_price_dollars"":""0.4800""}"
KXBTC15M-26APR271930-30,8f1b6bb6-fcef-58ad-1e82-44024c3530ac,1777331709,0.47,5.52,no,"{""count_fp"":""5.52"",""created_time"":""2026-04-27T23:15:09.983405Z"",""no_price_dollars"":""0.5300"",""taker_side"":""no"",""ticker"":""KXBTC15M-26APR271930-30"",""trade_id"":""8f1b6bb6-fcef-58ad-1e82-44024c3530ac"",""yes_price_dollars"":""0.4700""}"
KXBTC15M-26APR271930-30,a5782846-842a-5ebb-b729-7f3bd770eff5,1777331709,0.54,73.0,yes,"{""count_fp"":""73.00"",""created_time"":""2026-04-27T23:15:09.738094Z"",""no_price_dollars"":""0.4600"",""taker_side"":""yes"",""ticker"":""KXBTC15M-26APR271930-30"",""trade_id"":""a5782846-842a-5ebb-b729-7f3bd770eff5"",""yes_price_dollars"":""0.5400""}"
KXBTC15M-26APR271930-30,e349f1d4-6c95-66cd-c83c-d22773608124,1777331709,0.48,18.26,no,"{""count_fp"":""18.26"",""created_time"":""2026-04-27T23:15:09.592747Z"",""no_price_dollars"":""0.5200"",""taker_side"":""no"",""ticker"":""KXBTC15M-26APR271930-30"",""trade_id"":""e349f1d4-6c95-66cd-c83c-d22773608124"",""yes_price_dollars"":""0.4800""}"
KXBTC15M-26APR271930-30,f9218908-e1b2-5617-dd10-36bd7cbfdca5,1777331709,0.54,5.0,yes,"{""count_fp"":""5.00"",""created_time"":""2026-04-27T23:15:09.582184Z"",""no_price_dollars"":""0.4600"",""taker_side"":""yes"",""ticker"":""KXBTC15M-26APR271930-30"",""trade_id"":""f9218908-e1b2-5617-dd10-36bd7cbfdca5"",""yes_price_dollars"":""0.5400""}"
KXBTC15M-26APR271930-30,50303ac5-4e47-6f72-1b41-ce0f46069b5b,1777331709,0.45,0.59,no,"{""count_fp"":""0.59"",""created_time"":""2026-04-27T23:15:09.216192Z"",""no_price_dollars"":""0.5500"",""taker_side"":""no"",""ticker"":""KXBTC15M-26APR271930-30"",""trade_id"":""50303ac5-4e47-6f72-1b41-ce0f46069b5b"",""yes_price_dollars"":""0.4500""}"
KXBTC15M-26APR271930-30,2be75e90-5e7b-6bf9-1788-5708169be130,1777331709,0.45,32.7,no,"{""count_fp"":""32.70"",""created_time"":""2026-04-27T23:15:09.216192Z"",""no_price_dollars"":""0.5500"",""taker_side"":""no"",""ticker"":""KXBTC15M-26APR271930-30"",""trade_id"":""2be75e90-5e7b-6bf9-1788-5708169be130"",""yes_price_dollars"":""0.4500""}"
KXBTC15M-26APR271930-30,b104ee1d-f72e-4942-6a40-1729d8149ae8,1777331709,0.5,32.0,no,"{""count_fp"":""32.00"",""created_time"":""2026-04-27T23:15:09.172498Z"",""no_price_dollars"":""0.5000"",""taker_side"":""no"",""ticker"":""KXBTC15M-26APR271930-30"",""trade_id"":""b104ee1d-f72e-4942-6a40-1729d8149ae8"",""yes_price_dollars"":""0.5000""}"
KXBTC15M-26APR271930-30,83386ee8-324d-444e-7bd6-1d68247b066a,1777331709,0.47,44.63,no,"{""count_fp"":""44.63"",""created_time"":""2026-04-27T23:15:09.172498Z"",""no_price_dollars"":""0.5300"",""taker_side"":""no"",""ticker"":""KXBTC15M-26APR271930-30"",""trade_id"":""83386ee8-324d-444e-7bd6-1d68247b066a"",""yes_price_dollars"":""0.4700""}"
KXBTC15M-26APR271930-30,b65dbc3d-b786-7d97-1c7a-221498786e4d,1777331710,0.54,1.79,yes,"{""count_fp"":""1.79"",""created_time"":""2026-04-27T23:15:10.980557Z"",""no_price_dollars"":""0.4600"",""taker_side"":""yes"",""ticker"":""KXBTC15M-26APR271930-30"",""trade_id"":""b65dbc3d-b786-7d97-1c7a-221498786e4d"",""yes_price_dollars"":""0.5400""}"
KXBTC15M-26APR271930-30,cde7d2f2-977a-451f-5079-4ca0e9bec057,1777331710,0.52,19.38,no,"{""count_fp"":""19.38"",""created_time"":""2026-04-27T23:15:10.922779Z"",""no_price_dollars"":""0.4800"",""taker_side"":""no"",""ticker"":""KXBTC15M-26APR271930-30"",""trade_id"":""cde7d2f2-977a-451f-5079-4ca0e9bec057"",""yes_price_dollars"":""0.5200""}"
KXBTC15M-26APR271930-30,292e4a5f-e97a-715f-8d41-bdc3638aae97,1777331710,0.52,10.0,no,"{""count_fp"":""10.00"",""created_time"":""2026-04-27T23:15:10.395341Z"",""no_price_dollars"":""0.4800"",""taker_side"":""no"",""ticker"":""KXBTC15M-26APR271930-30"",""trade_id"":""292e4a5f-e97a-715f-8d41-bdc3638aae97"",""yes_price_dollars"":""0.5200""}"
KXBTC15M-26APR271930-30,9f34ba68-b9c6-4307-36bd-63cb7d5d3997,1777331710,0.52,104.6,no,"{""count_fp"":""104.60"",""created_time"":""2026-04-27T23:15:10.382855Z"",""no_price_dollars"":""0.4800"",""taker_side"":""no"",""ticker"":""KXBTC15M-26APR271930-30"",""trade_id"":""9f34ba68-b9c6-4307-36bd-63cb7d5d3997"",""yes_price_dollars"":""0.5200""}"
KXBTC15M-26APR271930-30,ae00e92c-ca95-7efe-f970-94a38a91cb37,1777331710,0.53,81.0,yes,"{""count_fp"":""81.00"",""created_time"":""2026-04-27T23:15:10.251852Z"",""no_price_dollars"":""0.4700"",""taker_side"":""yes"",""ticker"":""KXBTC15M-26APR271930-30"",""trade_id"":""ae00e92c-ca95-7efe-f970-94a38a91cb37"",""yes_price_dollars"":""0.5300""}"
KXBTC15M-26APR271930-30,e4d98a46-36bb-6a16-42f9-0f51bf141a4b,1777331710,0.47,2.0,no,"{""count_fp"":""2.00"",""created_time"":""2026-04-27T23:15:10.210041Z"",""no_price_dollars"":""0.5300"",""taker_side"":""no"",""ticker"":""KXBTC15M-26APR271930-30"",""trade_id"":""e4d98a46-36bb-6a16-42f9-0f51bf141a4b"",""yes_price_dollars"":""0.4700""}"
KXBTC15M-26APR271930-30,e04df829-f8ef-6409-5914-ce1a81782608,1777331710,0.47,111.78,no,"{""count_fp"":""111.78"",""created_time"":""2026-04-27T23:15:10.210041Z"",""no_price_dollars"":""0.5300"",""taker_side"":""no"",""ticker"":""KXBTC15M-26APR271930-30"",""trade_id"":""e04df829-f8ef-6409-5914-ce1a81782608"",""yes_price_dollars"":""0.4700""}"
KXBTC15M-26APR271930-30,df1d421d-c04b-66ab-6a46-28f62ae9beeb,1777331710,0.41,16.94,no,"{""count_fp"":""16.94"",""created_time"":""2026-04-27T23:15:10.210041Z"",""no_price_dollars"":""0.5900"",""taker_side"":""no"",""ticker"":""KXBTC15M-26APR271930-30"",""trade_id"":""df1d421d-c04b-66ab-6a46-28f62ae9beeb"",""yes_price_dollars"":""0.4100""}"
KXBTC15M-26APR271930-30,a335d04c-c39a-60c4-552f-0bc189f5afb8,1777331710,0.43,10.0,no,"{""count_fp"":""10.00"",""created_time"":""2026-04-27T23:15:10.210041Z"",""no_price_dollars"":""0.5700"",""taker_side"":""no"",""ticker"":""KXBTC15M-26APR271930-30"",""trade_id"":""a335d04c-c39a-60c4-552f-0bc189f5afb8"",""yes_price_dollars"":""0.4300""}"
KXBTC15M-26APR271930-30,78427c76-7ef5-666d-40fe-614e6ac672cf,1777331710,0.41,5.0,no,"{""count_fp"":""5.00"",""created_time"":""2026-04-27T23:15:10.210041Z"",""no_price_dollars"":""0.5900"",""taker_side"":""no"",""ticker"":""KXBTC15M-26APR271930-30"",""trade_id"":""78427c76-7ef5-666d-40fe-614e6ac672cf"",""yes_price_dollars"":""0.4100""}"
KXBTC15M-26APR271930-30,74b27b48-ca19-6d01-63f4-26363e7cd38e,1777331710,0.45,1.0,no,"{""count_fp"":""1.00"",""created_time"":""2026-04-27T23:15:10.210041Z"",""no_price_dollars"":""0.5500"",""taker_side"":""no"",""ticker"":""KXBTC15M-26APR271930-30"",""trade_id"":""74b27b48-ca19-6d01-63f4-26363e7cd38e"",""yes_price_dollars"":""0.4500""}"
KXBTC15M-26APR271930-30,701d6e39-3dcb-6408-6089-436683b8c107,1777331710,0.48,65.0,no,"{""count_fp"":""65.00"",""created_time"":""2026-04-27T23:15:10.210041Z"",""no_price_dollars"":""0.5200"",""taker_side"":""no"",""ticker"":""KXBTC15M-26APR271930-30"",""trade_id"":""701d6e39-3dcb-6408-6089-436683b8c107"",""yes_price_dollars"":""0.4800""}"
KXBTC15M-26APR271930-30,630e784c-9b57-6ed0-5128-86b47b06d900,1777331710,0.46,200.0,no,"{""count_fp"":""200.00"",""created_time"":""2026-04-27T23:15:10.210041Z"",""no_price_dollars"":""0.5400"",""taker_side"":""no"",""ticker"":""KXBTC15M-26APR271930-30"",""trade_id"":""630e784c-9b57-6ed0-5128-86b47b06d900"",""yes_price_dollars"":""0.4600""}"
KXBTC15M-26APR271930-30,417e25a2-4f42-6047-6e33-e07324ee8f19,1777331710,0.47,5.0,no,"{""count_fp"":""5.00"",""created_time"":""2026-04-27T23:15:10.210041Z"",""no_price_dollars"":""0.5300"",""taker_side"":""no"",""ticker"":""KXBTC15M-26APR271930-30"",""trade_id"":""417e25a2-4f42-6047-6e33-e07324ee8f19"",""yes_price_dollars"":""0.4700""}"
KXBTC15M-26APR271930-30,eb1b4d20-6b51-6f96-a18d-05589f6127bf,1777331710,0.53,12.0,yes,"{""count_fp"":""12.00"",""created_time"":""2026-04-27T23:15:10.118821Z"",""no_price_dollars"":""0.4700"",""taker_side"":""yes"",""ticker"":""KXBTC15M-26APR271930-30"",""trade_id"":""eb1b4d20-6b51-6f96-a18d-05589f6127bf"",""yes_price_dollars"":""0.5300""}"
KXBTC15M-26APR271930-30,efd61706-4c99-50be-dc5b-c830d522bcbc,1777331711,0.53,4.02,no,"{""count_fp"":""4.02"",""created_time"":""2026-04-27T23:15:11.851888Z"",""no_price_dollars"":""0.4700"",""taker_side"":""no"",""ticker"":""KXBTC15M-26APR271930-30"",""trade_id"":""efd61706-4c99-50be-dc5b-c830d522bcbc"",""yes_price_dollars"":""0.5300""}"
KXBTC15M-26APR271930-30,cca94159-9899-66e2-4105-24a08c5f60b8,1777331711,0.53,12.0,no,"{""count_fp"":""12.00"",""created_time"":""2026-04-27T23:15:11.850916Z"",""no_price_dollars"":""0.4700"",""taker_side"":""no"",""ticker"":""KXBTC15M-26APR271930-30"",""trade_id"":""cca94159-9899-66e2-4105-24a08c5f60b8"",""yes_price_dollars"":""0.5300""}"
KXBTC15M-26APR271930-30,72ab36e9-edce-64e2-7fb7-045b0a40d1f1,1777331711,0.53,34.0,no,"{""count_fp"":""34.00"",""created_time"":""2026-04-27T23:15:11.850916Z"",""no_price_dollars"":""0.4700"",""taker_side"":""no"",""ticker"":""KXBTC15M-26APR271930-30"",""trade_id"":""72ab36e9-edce-64e2-7fb7-045b0a40d1f1"",""yes_price_dollars"":""0.5300""}"
KXBTC15M-26APR271930-30,ebe75f36-ada2-4ab7-65d8-72b189af93f0,1777331711,0.55,30.0,yes,"{""count_fp"":""30.00"",""created_time"":""2026-04-27T23:15:11.539668Z"",""no_price_dollars"":""0.4500"",""taker_side"":""yes"",""ticker"":""KXBTC15M-26APR271930-30"",""trade_id"":""ebe75f36-ada2-4ab7-65d8-72b189af93f0"",""yes_price_dollars"":""0.5500""}"
KXBTC15M-26APR271930-30,cfb7fa75-2fda-4b0f-55eb-76895657773d,1777331711,0.54,3.28,yes,"{""count_fp"":""3.28"",""created_time"":""2026-04-27T23:15:11.539668Z"",""no_price_dollars"":""0.4600"",""taker_side"":""yes"",""ticker"":""KXBTC15M-26APR271930-30"",""trade_id"":""cfb7fa75-2fda-4b0f-55eb-76895657773d"",""yes_price_dollars"":""0.5400""}"
KXBTC15M-26APR271930-30,c4183010-2e61-45ed-505b-7650559a2363,1777331711,0.56,17.93,yes,"{""count_fp"":""17.93"",""created_time"":""2026-04-27T23:15:11.539668Z"",""no_price_dollars"":""0.4400"",""taker_side"":""yes"",""ticker"":""KXBTC15M-26APR271930-30"",""trade_id"":""c4183010-2e61-45ed-505b-7650559a2363"",""yes_price_dollars"":""0.5600""}"
KXBTC15M-26APR271930-30,be7cbc9f-63ba-49fb-5d39-e3f1fa253c41,1777331711,0.54,10.0,yes,"{""count_fp"":""10.00"",""created_time"":""2026-04-27T23:15:11.539668Z"",""no_price_dollars"":""0.4600"",""taker_side"":""yes"",""ticker"":""KXBTC15M-26APR271930-30"",""trade_id"":""be7cbc9f-63ba-49fb-5d39-e3f1fa253c41"",""yes_price_dollars"":""0.5400""}"
KXBTC15M-26APR271930-30,5bc00e15-bfe5-449f-69dc-7fb0cf79cd98,1777331711,0.54,7.0,yes,"{""count_fp"":""7.00"",""created_time"":""2026-04-27T23:15:11.539668Z"",""no_price_dollars"":""0.4600"",""taker_side"":""yes"",""ticker"":""KXBTC15M-26APR271930-30"",""trade_id"":""5bc00e15-bfe5-449f-69dc-7fb0cf79cd98"",""yes_price_dollars"":""0.5400""}"
KXBTC15M-26APR271930-30,1665d03e-dbc2-4ab6-59f4-88b9c469f1f5,1777331711,0.55,20.0,yes,"{""count_fp"":""20.00"",""created_time"":""2026-04-27T23:15:11.539668Z"",""no_price_dollars"":""0.4500"",""taker_side"":""yes"",""ticker"":""KXBTC15M-26APR271930-30"",""trade_id"":""1665d03e-dbc2-4ab6-59f4-88b9c469f1f5"",""yes_price_dollars"":""0.5500""}"
KXBTC15M-26APR271930-30,c4dd9a5e-1416-6f27-255c-8aaf7e2e15dd,1777331711,0.54,16.93,yes,"{""count_fp"":""16.93"",""created_time"":""2026-04-27T23:15:11.500654Z"",""no_price_dollars"":""0.4600"",""taker_side"":""yes"",""ticker"":""KXBTC15M-26APR271930-30"",""trade_id"":""c4dd9a5e-1416-6f27-255c-8aaf7e2e15dd"",""yes_price_dollars"":""0.5400""}"
KXBTC15M-26APR271930-30,88c9f670-5222-7077-03c4-f39acaacc993,1777331711,0.52,1.0,no,"{""count_fp"":""1.00"",""created_time"":""2026-04-27T23:15:11.236912Z"",""no_price_dollars"":""0.4800"",""taker_side"":""no"",""ticker"":""KXBTC15M-26APR271930-30"",""trade_id"":""88c9f670-5222-7077-03c4-f39acaacc993"",""yes_price_dollars"":""0.5200""}"
KXBTC15M-26APR271930-30,670d4bfb-f776-5203-4f06-8524da62fdef,1777331712,0.53,9.13,no,"{""count_fp"":""9.13"",""created_time"":""2026-04-27T23:15:12.997153Z"",""no_price_dollars"":""0.4700"",""taker_side"":""no"",""ticker"":""KXBTC15M-26APR271930-30"",""trade_id"":""670d4bfb-f776-5203-4f06-8524da62fdef"",""yes_price_dollars"":""0.5300""}"
KXBTC15M-26APR271930-30,58560595-361a-7c63-70e4-f93f222dd3db,1777331712,0.53,283.76,no,"{""count_fp"":""283.76"",""created_time"":""2026-04-27T23:15:12.904206Z"",""no_price_dollars"":""0.4700"",""taker_side"":""no"",""ticker"":""KXBTC15M-26APR271930-30"",""trade_id"":""58560595-361a-7c63-70e4-f93f222dd3db"",""yes_price_dollars"":""0.5300""}"
KXBTC15M-26APR271930-30,8676fb4a-50c3-737f-7cfe-47047f4f27e7,1777331712,0.55,8.81,yes,"{""count_fp"":""8.81"",""created_time"":""2026-04-27T23:15:12.671049Z"",""no_price_dollars"":""0.4500"",""taker_side"":""yes"",""ticker"":""KXBTC15M-26APR271930-30"",""trade_id"":""8676fb4a-50c3-737f-7cfe-47047f4f27e7"",""yes_price_dollars"":""0.5500""}"
KXBTC15M-26APR271930-30,bc9d9a2a-bc6a-54d7-31c4-f2e225683fe7,1777331712,0.52,40.2,no,"{""count_fp"":""40.20"",""created_time"":""2026-04-27T23:15:12.645991Z"",""no_price_dollars"":""0.4800"",""taker_side"":""no"",""ticker"":""KXBTC15M-26APR271930-30"",""trade_id"":""bc9d9a2a-bc6a-54d7-31c4-f2e225683fe7"",""yes_price_dollars"":""0.5200""}"
KXBTC15M-26APR271930-30,fd977191-ce06-57a7-ed45-25cb9f545c7b,1777331712,0.52,11.25,no,"{""count_fp"":""11.25"",""created_time"":""2026-04-27T23:15:12.286661Z"",""no_price_dollars"":""0.4800"",""taker_side"":""no"",""ticker"":""KXBTC15M-26APR271930-30"",""trade_id"":""fd977191-ce06-57a7-ed45-25cb9f545c7b"",""yes_price_dollars"":""0.5200""}"
KXBTC15M-26APR271930-30,b445239d-06b4-65a3-e7cd-f90644f024e0,1777331713,0.55,4.02,yes,"{""count_fp"":""4.02"",""created_time"":""2026-04-27T23:15:13.997186Z"",""no_price_dollars"":""0.4500"",""taker_side"":""yes"",""ticker"":""KXBTC15M-26APR271930-30"",""trade_id"":""b445239d-06b4-65a3-e7cd-f90644f024e0"",""yes_price_dollars"":""0.5500""}"
KXBTC15M-26APR271930-30,5f41cb06-e594-6d61-e9da-f439787e8b7e,1777331713,0.55,31.23,yes,"{""count_fp"":""31.23"",""created_time"":""2026-04-27T23:15:13.997186Z"",""no_price_dollars"":""0.4500"",""taker_side"":""yes"",""ticker"":""KXBTC15M-26APR271930-30"",""trade_id"":""5f41cb06-e594-6d61-e9da-f439787e8b7e"",""yes_price_dollars"":""0.5500""}"
KXBTC15M-26APR271930-30,2c729ac6-7942-609f-8f4c-49c55ef3c1eb,1777331713,0.54,12.0,no,"{""count_fp"":""12.00"",""created_time"":""2026-04-27T23:15:13.796871Z"",""no_price_dollars"":""0.4600"",""taker_side"":""no"",""ticker"":""KXBTC15M-26APR271930-30"",""trade_id"":""2c729ac6-7942-609f-8f4c-49c55ef3c1eb"",""yes_price_dollars"":""0.5400""}"
KXBTC15M-26APR271930-30,a086dea8-c2f6-5247-bea6-d59537163ecb,1777331713,0.54,0.1,no,"{""count_fp"":""0.10"",""created_time"":""2026-04-27T23:15:13.792448Z"",""no_price_dollars"":""0.4600"",""taker_side"":""no"",""ticker"":""KXBTC15M-26APR271930-30"",""trade_id"":""a086dea8-c2f6-5247-bea6-d59537163ecb"",""yes_price_dollars"":""0.5400""}"
KXBTC15M-26APR271930-30,2f5c06f5-5792-5414-acb0-8e85c2581b70,1777331713,0.54,9.95,no,"{""count_fp"":""9.95"",""created_time"":""2026-04-27T23:15:13.792448Z"",""no_price_dollars"":""0.4600"",""taker_side"":""no"",""ticker"":""KXBTC15M-26APR271930-30"",""trade_id"":""2f5c06f5-5792-5414-acb0-8e85c2581b70"",""yes_price_dollars"":""0.5400""}"
KXBTC15M-26APR271930-30,ecce94d9-757a-5e34-885e-685d5c187a64,1777331713,0.54,10.05,no,"{""count_fp"":""10.05"",""created_time"":""2026-04-27T23:15:13.722126Z"",""no_price_dollars"":""0.4600"",""taker_side"":""no"",""ticker"":""KXBTC15M-26APR271930-30"",""trade_id"":""ecce94d9-757a-5e34-885e-685d5c187a64"",""yes_price_dollars"":""0.5400""}"
KXBTC15M-26APR271930-30,ee3e1d59-b5b1-6182-0b19-fa9f07b6392c,1777331713,0.56,30.0,yes,"{""count_fp"":""30.00"",""created_time"":""2026-04-27T23:15:13.548535Z"",""no_price_dollars"":""0.4400"",""taker_side"":""yes"",""ticker"":""KXBTC15M-26APR271930-30"",""trade_id"":""ee3e1d59-b5b1-6182-0b19-fa9f07b6392c"",""yes_price_dollars"":""0.5600""}"
KXBTC15M-26APR271930-30,975e42bb-dfca-6ee0-32dc-69517e3f7eee,1777331713,0.56,3.0,yes,"{""count_fp"":""3.00"",""created_time"":""2026-04-27T23:15:13.548535Z"",""no_price_dollars"":""0.4400"",""taker_side"":""yes"",""ticker"":""KXBTC15M-26APR271930-30"",""trade_id"":""975e42bb-dfca-6ee0-32dc-69517e3f7eee"",""yes_price_dollars"":""0.5600""}"
KXBTC15M-26APR271930-30,76543c6c-4330-6d59-1e5c-d17373d9aa47,1777331713,0.55,5.0,yes,"{""count_fp"":""5.00"",""created_time"":""2026-04-27T23:15:13.548535Z"",""no_price_dollars"":""0.4500"",""taker_side"":""yes"",""ticker"":""KXBTC15M-26APR271930-30"",""trade_id"":""76543c6c-4330-6d59-1e5c-d17373d9aa47"",""yes_price_dollars"":""0.5500""}"
KXBTC15M-26APR271930-30,6a6bb43f-6314-63e9-3f8c-bb320454d094,1777331713,0.56,212.21,yes,"{""count_fp"":""212.21"",""created_time"":""2026-04-27T23:15:13.548535Z"",""no_price_dollars"":""0.4400"",""taker_side"":""yes"",""ticker"":""KXBTC15M-26APR271930-30"",""trade_id"":""6a6bb43f-6314-63e9-3f8c-bb320454d094"",""yes_price_dollars"":""0.5600""}"
KXBTC15M-26APR271930-30,53967f3e-5fb5-6229-264c-e6359b1ffeeb,1777331713,0.56,2.07,yes,"{""count_fp"":""2.07"",""created_time"":""2026-04-27T23:15:13.548535Z"",""no_price_dollars"":""0.4400"",""taker_side"":""yes"",""ticker"":""KXBTC15M-26APR271930-30"",""trade_id"":""53967f3e-5fb5-6229-264c-e6359b1ffeeb"",""yes_price_dollars"":""0.5600""}"
KXBTC15M-26APR271930-30,20d38675-d0ff-6fa3-32d1-9cb67d642573,1777331713,0.55,3.19,yes,"{""count_fp"":""3.19"",""created_time"":""2026-04-27T23:15:13.548535Z"",""no_price_dollars"":""0.4500"",""taker_side"":""yes"",""ticker"":""KXBTC15M-26APR271930-30"",""trade_id"":""20d38675-d0ff-6fa3-32d1-9cb67d642573"",""yes_price_dollars"":""0.5500""}"
KXBTC15M-26APR271930-30,b7e55913-bed6-633f-385c-6b8ae9b5120b,1777331713,0.53,20.51,no,"{""count_fp"":""20.51"",""created_time"":""2026-04-27T23:15:13.072159Z"",""no_price_dollars"":""0.4700"",""taker_side"":""no"",""ticker"":""KXBTC15M-26APR271930-30"",""trade_id"":""b7e55913-bed6-633f-385c-6b8ae9b5120b"",""yes_price_dollars"":""0.5300""}"
KXBTC15M-26APR271930-30,b76e64c5-6f37-48c5-bf22-2ee584e11e94,1777331714,0.56,8.43,yes,"{""count_fp"":""8.43"",""created_time"":""2026-04-27T23:15:14.920156Z"",""no_price_dollars"":""0.4400"",""taker_side"":""yes"",""ticker"":""KXBTC15M-26APR271930-30"",""trade_id"":""b76e64c5-6f37-48c5-bf22-2ee584e11e94"",""yes_price_dollars"":""0.5600""}"
KXBTC15M-26APR271930-30,6b6a1c31-824e-7313-6f32-cc29a776ef5b,1777331714,0.54,643.08,no,"{""count_fp"":""643.08"",""created_time"":""2026-04-27T23:15:14.809961Z"",""no_price_dollars"":""0.4600"",""taker_side"":""no"",""ticker"":""KXBTC15M-26APR271930-30"",""trade_id"":""6b6a1c31-824e-7313-6f32-cc29a776ef5b"",""yes_price_dollars"":""0.5400""}"
KXBTC15M-26APR271930-30,380408f5-291f-48b5-a5c7-fe44accb20a0,1777331714,0.56,8.63,yes,"{""count_fp"":""8.63"",""created_time"":""2026-04-27T23:15:14.524907Z"",""no_price_dollars"":""0.4400"",""taker_side"":""yes"",""ticker"":""KXBTC15M-26APR271930-30"",""trade_id"":""380408f5-291f-48b5-a5c7-fe44accb20a0"",""yes_price_dollars"":""0.5600""}"
KXBTC15M-26APR271930-30,e4fd74ec-0442-5bd7-b57a-ae1c9e27613f,1777331714,0.54,10.05,no,"{""count_fp"":""10.05"",""created_time"":""2026-04-27T23:15:14.486153Z"",""no_price_dollars"":""0.4600"",""taker_side"":""no"",""ticker"":""KXBTC15M-26APR271930-30"",""trade_id"":""e4fd74ec-0442-5bd7-b57a-ae1c9e27613f"",""yes_price_dollars"":""0.5400""}"
KXBTC15M-26APR271930-30,49d34aeb-1e22-7a90-2e3c-ba519f4eb2e1,1777331714,0.55,46.61,yes,"{""count_fp"":""46.61"",""created_time"":""2026-04-27T23:15:14.352353Z"",""no_price_dollars"":""0.4500"",""taker_side"":""yes"",""ticker"":""KXBTC15M-26APR271930-30"",""trade_id"":""49d34aeb-1e22-7a90-2e3c-ba519f4eb2e1"",""yes_price_dollars"":""0.5500""}"
KXBTC15M-26APR271930-30,02bb2f20-48c8-7db9-2dcd-ef3839356a7a,1777331714,0.55,22.77,yes,"{""count_fp"":""22.77"",""created_time"":""2026-04-27T23:15:14.352353Z"",""no_price_dollars"":""0.4500"",""taker_side"":""yes"",""ticker"":""KXBTC15M-26APR271930-30"",""trade_id"":""02bb2f20-48c8-7db9-2dcd-ef3839356a7a"",""yes_price_dollars"":""0.5500""}"
KXBTC15M-26APR271930-30,de6e1c12-c12e-7b23-4c35-73052f463a27,1777331714,0.54,25.0,no,"{""count_fp"":""25.00"",""created_time"":""2026-04-27T23:15:14.271842Z"",""no_price_dollars"":""0.4600"",""taker_side"":""no"",""ticker"":""KXBTC15M-26APR271930-30"",""trade_id"":""de6e1c12-c12e-7b23-4c35-73052f463a27"",""yes_price_dollars"":""0.5400""}"
KXBTC15M-26APR271930-30,e10e4c19-81ba-4cb7-707b-2df1ba238f17,1777331714,0.54,14.36,no,"{""count_fp"":""14.36"",""created_time"":""2026-04-27T23:15:14.207443Z"",""no_price_dollars"":""0.4600"",""taker_side"":""no"",""ticker"":""KXBTC15M-26APR271930-30"",""trade_id"":""e10e4c19-81ba-4cb7-707b-2df1ba238f17"",""yes_price_dollars"":""0.5400""}"
KXBTC15M-26APR271930-30,7d838d43-7a9b-5c8c-8f91-a17e88be87e2,1777331715,0.55,9.0,no,"{""count_fp"":""9.00"",""created_time"":""2026-04-27T23:15:15.834508Z"",""no_price_dollars"":""0.4500"",""taker_side"":""no"",""ticker"":""KXBTC15M-26APR271930-30"",""trade_id"":""7d838d43-7a9b-5c8c-8f91-a17e88be87e2"",""yes_price_dollars"":""0.5500""}"
KXBTC15M-26APR271930-30,4c8703ad-5c86-55db-a89a-a9710b8eaa2b,1777331715,0.54,63.41,no,"{""count_fp"":""63.41"",""created_time"":""2026-04-27T23:15:15.834508Z"",""no_price_dollars"":""0.4600"",""taker_side"":""no"",""ticker"":""KXBTC15M-26APR271930-30"",""trade_id"":""4c8703ad-5c86-55db-a89a-a9710b8eaa2b"",""yes_price_dollars"":""0.5400""}"
KXBTC15M-26APR271930-30,875d2979-3a2b-4d68-f073-100c26021d02,1777331715,0.55,10.0,no,"{""count_fp"":""10.00"",""created_time"":""2026-04-27T23:15:15.421338Z"",""no_price_dollars"":""0.4500"",""taker_side"":""no"",""ticker"":""KXBTC15M-26APR271930-30"",""trade_id"":""875d2979-3a2b-4d68-f073-100c26021d02"",""yes_price_dollars"":""0.5500""}"
KXBTC15M-26APR271930-30,09d57831-ba5b-4ea1-a519-73b9cbf66ae4,1777331715,0.56,5.17,yes,"{""count_fp"":""5.17"",""created_time"":""2026-04-27T23:15:15.250268Z"",""no_price_dollars"":""0.4400"",""taker_side"":""yes"",""ticker"":""KXBTC15M-26APR271930-30"",""trade_id"":""09d57831-ba5b-4ea1-a519-73b9cbf66ae4"",""yes_price_dollars"":""0.5600""}"
KXBTC15M-26APR271930-30,206060ed-ba56-7d5f-45ae-1a01a07acd0b,1777331715,0.54,10.05,no,"{""count_fp"":""10.05"",""created_time"":""2026-04-27T23:15:15.194003Z"",""no_price_dollars"":""0.4600"",""taker_side"":""no"",""ticker"":""KXBTC15M-26APR271930-30"",""trade_id"":""206060ed-ba56-7d5f-45ae-1a01a07acd0b"",""yes_price_dollars"":""0.5400""}"
KXBTC15M-26APR271930-30,5be65d69-8aca-4f77-5363-152cf7cfbde7,1777331715,0.54,10.09,no,"{""count_fp"":""10.09"",""created_time"":""2026-04-27T23:15:15.161293Z"",""no_price_dollars"":""0.4600"",""taker_side"":""no"",""ticker"":""KXBTC15M-26APR271930-30"",""trade_id"":""5be65d69-8aca-4f77-5363-152cf7cfbde7"",""yes_price_dollars"":""0.5400""}"
KXBTC15M-26APR271930-30,0e26ef51-fd56-4a3b-6996-4a2841d89307,1777331716,0.54,3.0,no,"{""count_fp"":""3.00"",""created_time"":""2026-04-27T23:15:16.820627Z"",""no_price_dollars"":""0.4600"",""taker_side"":""no"",""ticker"":""KXBTC15M-26APR271930-30"",""trade_id"":""0e26ef51-fd56-4a3b-6996-4a2841d89307"",""yes_price_dollars"":""0.5400""}"
KXBTC15M-26APR271930-30,8332d867-61d6-48d3-e261-43892cc5511b,1777331716,0.54,20.94,no,"{""count_fp"":""20.94"",""created_time"":""2026-04-27T23:15:16.610387Z"",""no_price_dollars"":""0.4600"",""taker_side"":""no"",""ticker"":""KXBTC15M-26APR271930-30"",""trade_id"":""8332d867-61d6-48d3-e261-43892cc5511b"",""yes_price_dollars"":""0.5400""}"
KXBTC15M-26APR271930-30,b6aa536f-28fa-5f07-2d89-e607d0c48243,1777331716,0.54,1.0,no,"{""count_fp"":""1.00"",""created_time"":""2026-04-27T23:15:16.588413Z"",""no_price_dollars"":""0.4600"",""taker_side"":""no"",""ticker"":""KXBTC15M-26APR271930-30"",""trade_id"":""b6aa536f-28fa-5f07-2d89-e607d0c48243"",""yes_price_dollars"":""0.5400""}"
KXBTC15M-26APR271930-30,deb0f8ec-9233-7370-817a-8fb8def44b0a,1777331716,0.55,40.3,yes,"{""count_fp"":""40.30"",""created_time"":""2026-04-27T23:15:16.445226Z"",""no_price_dollars"":""0.4500"",""taker_side"":""yes"",""ticker"":""KXBTC15M-26APR271930-30"",""trade_id"":""deb0f8ec-9233-7370-817a-8fb8def44b0a"",""yes_price_dollars"":""0.5500""}"
KXBTC15M-26APR271930-30,9257b50f-f1d1-772a-bc8c-3cdf38051b6f,1777331716,0.55,3.0,yes,"{""count_fp"":""3.00"",""created_time"":""2026-04-27T23:15:16.445226Z"",""no_price_dollars"":""0.4500"",""taker_side"":""yes"",""ticker"":""KXBTC15M-26APR271930-30"",""trade_id"":""9257b50f-f1d1-772a-bc8c-3cdf38051b6f"",""yes_price_dollars"":""0.5500""}"
KXBTC15M-26APR271930-30,6522e72b-e43a-44a3-a308-78a7e66cb1c3,1777331716,0.54,4.0,no,"{""count_fp"":""4.00"",""created_time"":""2026-04-27T23:15:16.217743Z"",""no_price_dollars"":""0.4600"",""taker_side"":""no"",""ticker"":""KXBTC15M-26APR271930-30"",""trade_id"":""6522e72b-e43a-44a3-a308-78a7e66cb1c3"",""yes_price_dollars"":""0.5400""}"
KXBTC15M-26APR271930-30,5fec8e4b-43db-75f0-e25a-640b64fd4c76,1777331717,0.55,1.73,yes,"{""count_fp"":""1.73"",""created_time"":""2026-04-27T23:15:17.924401Z"",""no_price_dollars"":""0.4500"",""taker_side"":""yes"",""ticker"":""KXBTC15M-26APR271930-30"",""trade_id"":""5fec8e4b-43db-75f0-e25a-640b64fd4c76"",""yes_price_dollars"":""0.5500""}"
KXBTC15M-26APR271930-30,ab9c35e6-b593-407e-4344-b5dcadfa69b3,1777331717,0.54,1.0,no,"{""count_fp"":""1.00"",""created_time"":""2026-04-27T23:15:17.896373Z"",""no_price_dollars"":""0.4600"",""taker_side"":""no"",""ticker"":""KXBTC15M-26APR271930-30"",""trade_id"":""ab9c35e6-b593-407e-4344-b5dcadfa69b3"",""yes_price_dollars"":""0.5400""}"
KXBTC15M-26APR271930-30,98518288-df1f-40f0-810d-7f9068442dfa,1777331717,0.55,8.81,yes,"{""count_fp"":""8.81"",""created_time"":""2026-04-27T23:15:17.500676Z"",""no_price_dollars"":""0.4500"",""taker_side"":""yes"",""ticker"":""KXBTC15M-26APR271930-30"",""trade_id"":""98518288-df1f-40f0-810d-7f9068442dfa"",""yes_price_dollars"":""0.5500""}"
KXBTC15M-26APR271930-30,f9bbf22a-b3cb-459f-1878-4cb5f7df7f71,1777331718,0.55,8.81,yes,"{""count_fp"":""8.81"",""created_time"":""2026-04-27T23:15:18.916665Z"",""no_price_dollars"":""0.4500"",""taker_side"":""yes"",""ticker"":""KXBTC15M-26APR271930-30"",""trade_id"":""f9bbf22a-b3cb-459f-1878-4cb5f7df7f71"",""yes_price_dollars"":""0.5500""}"
KXBTC15M-26APR271930-30,701931eb-27db-768a-02f5-e51e5335b82f,1777331718,0.54,2.0,no,"{""count_fp"":""2.00"",""created_time"":""2026-04-27T23:15:18.762504Z"",""no_price_dollars"":""0.4600"",""taker_side"":""no"",""ticker"":""KXBTC15M-26APR271930-30"",""trade_id"":""701931eb-27db-768a-02f5-e51e5335b82f"",""yes_price_dollars"":""0.5400""}"
KXBTC15M-26APR271930-30,569f9da0-f817-53e8-fd32-a174aa2c3ad6,1777331718,0.55,40.0,yes,"{""count_fp"":""40.00"",""created_time"":""2026-04-27T23:15:18.670469Z"",""no_price_dollars"":""0.4500"",""taker_side"":""yes"",""ticker"":""KXBTC15M-26APR271930-30"",""trade_id"":""569f9da0-f817-53e8-fd32-a174aa2c3ad6"",""yes_price_dollars"":""0.5500""}"
KXBTC15M-26APR271930-30,1badfcd6-201b-5766-c43f-09d41b9eb893,1777331718,0.54,3.53,no,"{""count_fp"":""3.53"",""created_time"":""2026-04-27T23:15:18.453831Z"",""no_price_dollars"":""0.4600"",""taker_side"":""no"",""ticker"":""KXBTC15M-26APR271930-30"",""trade_id"":""1badfcd6-201b-5766-c43f-09d41b9eb893"",""yes_price_dollars"":""0.5400""}"
KXBTC15M-26APR271930-30,0d25cf7b-1bd5-5c26-fb80-b9be80a770e4,1777331718,0.53,16.98,no,"{""count_fp"":""16.98"",""created_time"":""2026-04-27T23:15:18.453831Z"",""no_price_dollars"":""0.4700"",""taker_side"":""no"",""ticker"":""KXBTC15M-26APR271930-30"",""trade_id"":""0d25cf7b-1bd5-5c26-fb80-b9be80a770e4"",""yes_price_dollars"":""0.5300""}"
KXBTC15M-26APR271930-30,666c56c4-7a37-4168-56e6-f21b7582008a,1777331718,0.55,5.28,yes,"{""count_fp"":""5.28"",""created_time"":""2026-04-27T23:15:18.216025Z"",""no_price_dollars"":""0.4500"",""taker_side"":""yes"",""ticker"":""KXBTC15M-26APR271930-30"",""trade_id"":""666c56c4-7a37-4168-56e6-f21b7582008a"",""yes_price_dollars"":""0.5500""}"
KXBTC15M-26APR271930-30,93c26cba-95ef-6126-08e4-937672f857ff,1777331718,0.54,10.47,no,"{""count_fp"":""10.47"",""created_time"":""2026-04-27T23:15:18.075486Z"",""no_price_dollars"":""0.4600"",""taker_side"":""no"",""ticker"":""KXBTC15M-26APR271930-30"",""trade_id"":""93c26cba-95ef-6126-08e4-937672f857ff"",""yes_price_dollars"":""0.5400""}"
KXBTC15M-26APR271930-30,b2ee1002-3637-70a8-758e-d05b0fd2ba9e,1777331718,0.55,8.66,yes,"{""count_fp"":""8.66"",""created_time"":""2026-04-27T23:15:18.046213Z"",""no_price_dollars"":""0.4500"",""taker_side"":""yes"",""ticker"":""KXBTC15M-26APR271930-30"",""trade_id"":""b2ee1002-3637-70a8-758e-d05b0fd2ba9e"",""yes_price_dollars"":""0.5500""}"
KXBTC15M-26APR271930-30,63aea792-6ef1-54c0-5381-72185b4c5169,1777331719,0.53,52.18,no,"{""count_fp"":""52.18"",""created_time"":""2026-04-27T23:15:19.990604Z"",""no_price_dollars"":""0.4700"",""taker_side"":""no"",""ticker"":""KXBTC15M-26APR271930-30"",""trade_id"":""63aea792-6ef1-54c0-5381-72185b4c5169"",""yes_price_dollars"":""0.5300""}"
KXBTC15M-26APR271930-30,53be0e88-b594-7a5a-2a9d-0b9b684ef004,1777331719,0.55,8.81,yes,"{""count_fp"":""8.81"",""created_time"":""2026-04-27T23:15:19.165862Z"",""no_price_dollars"":""0.4500"",""taker_side"":""yes"",""ticker"":""KXBTC15M-26APR271930-30"",""trade_id"":""53be0e88-b594-7a5a-2a9d-0b9b684ef004"",""yes_price_dollars"":""0.5500""}"
KXBTC15M-26APR271930-30,a050c2c7-4131-50aa-3dc4-5c9133582c88,1777331719,0.53,37.02,no,"{""count_fp"":""37.02"",""created_time"":""2026-04-27T23:15:19.155668Z"",""no_price_dollars"":""0.4700"",""taker_side"":""no"",""ticker"":""KXBTC15M-26APR271930-30"",""trade_id"":""a050c2c7-4131-50aa-3dc4-5c9133582c88"",""yes_price_dollars"":""0.5300""}"
KXBTC15M-26APR271930-30,2e968d7a-6ed1-57d0-10a3-10c68e007fd1,1777331719,0.53,5.98,no,"{""count_fp"":""5.98"",""created_time"":""2026-04-27T23:15:19.155668Z"",""no_price_dollars"":""0.4700"",""taker_side"":""no"",""ticker"":""KXBTC15M-26APR271930-30"",""trade_id"":""2e968d7a-6ed1-57d0-10a3-10c68e007fd1"",""yes_price_dollars"":""0.5300""}"
KXBTC15M-26APR271930-30,d113cf2a-e0bf-4b3e-bcbe-b58d2699490b,1777331719,0.54,44.0,no,"{""count_fp"":""44.00"",""created_time"":""2026-04-27T23:15:19.090784Z"",""no_price_dollars"":""0.4600"",""taker_side"":""no"",""ticker"":""KXBTC15M-26APR271930-30"",""trade_id"":""d113cf2a-e0bf-4b3e-bcbe-b58d2699490b"",""yes_price_dollars"":""0.5400""}"
KXBTC15M-26APR271930-30,2ea46ffa-0751-41ce-9be4-4f5662298c9c,1777331719,0.53,2.0,no,"{""count_fp"":""2.00"",""created_time"":""2026-04-27T23:15:19.090784Z"",""no_price_dollars"":""0.4700"",""taker_side"":""no"",""ticker"":""KXBTC15M-26APR271930-30"",""trade_id"":""2ea46ffa-0751-41ce-9be4-4f5662298c9c"",""yes_price_dollars"":""0.5300""}"
KXBTC15M-26APR271930-30,e655b8d2-8813-4bc1-bb44-504f87dd2fe9,1777331719,0.55,34.0,yes,"{""count_fp"":""34.00"",""created_time"":""2026-04-27T23:15:19.072359Z"",""no_price_dollars"":""0.4500"",""taker_side"":""yes"",""ticker"":""KXBTC15M-26APR271930-30"",""trade_id"":""e655b8d2-8813-4bc1-bb44-504f87dd2fe9"",""yes_price_dollars"":""0.5500""}"
KXBTC15M-26APR271930-30,abff124b-5150-4312-a321-787638060a7c,1777331719,0.55,0.06,yes,"{""count_fp"":""0.06"",""created_time"":""2026-04-27T23:15:19.072359Z"",""no_price_dollars"":""0.4500"",""taker_side"":""yes"",""ticker"":""KXBTC15M-26APR271930-30"",""trade_id"":""abff124b-5150-4312-a321-787638060a7c"",""yes_price_dollars"":""0.5500""}"
KXBTC15M-26APR271930-30,6bbf3c27-6453-46a3-b47f-7931c5d9abf1,1777331719,0.55,1.19,yes,"{""count_fp"":""1.19"",""created_time"":""2026-04-27T23:15:19.072359Z"",""no_price_dollars"":""0.4500"",""taker_side"":""yes"",""ticker"":""KXBTC15M-26APR271930-30"",""trade_id"":""6bbf3c27-6453-46a3-b47f-7931c5d9abf1"",""yes_price_dollars"":""0.5500""}"
KXBTC15M-26APR271930-30,ecde9744-5c6f-53bc-fe27-83116250762e,1777331720,0.55,8.81,yes,"{""count_fp"":""8.81"",""created_time"":""2026-04-27T23:15:20.762849Z"",""no_price_dollars"":""0.4500"",""taker_side"":""yes"",""ticker"":""KXBTC15M-26APR271930-30"",""trade_id"":""ecde9744-5c6f-53bc-fe27-83116250762e"",""yes_price_dollars"":""0.5500""}"
KXBTC15M-26APR271930-30,f31eedab-13e5-701c-f170-e17d0afb35f9,1777331721,0.53,10.05,no,"{""count_fp"":""10.05"",""created_time"":""2026-04-27T23:15:21.771328Z"",""no_price_dollars"":""0.4700"",""taker_side"":""no"",""ticker"":""KXBTC15M-26APR271930-30"",""trade_id"":""f31eedab-13e5-701c-f170-e17d0afb35f9"",""yes_price_dollars"":""0.5300""}"
KXBTC15M-26APR271930-30,4f7617b7-0427-6f1c-aa1f-f2828d08f6c7,1777331721,0.55,17.62,yes,"{""count_fp"":""17.62"",""created_time"":""2026-04-27T23:15:21.643288Z"",""no_price_dollars"":""0.4500"",""taker_side"":""yes"",""ticker"":""KXBTC15M-26APR271930-30"",""trade_id"":""4f7617b7-0427-6f1c-aa1f-f2828d08f6c7"",""yes_price_dollars"":""0.5500""}"
KXBTC15M-26APR271930-30,d7f4d9ae-23fd-49f5-d236-985bbdbeea1e,1777331721,0.55,5.0,yes,"{""count_fp"":""5.00"",""created_time"":""2026-04-27T23:15:21.518381Z"",""no_price_dollars"":""0.4500"",""taker_side"":""yes"",""ticker"":""KXBTC15M-26APR271930-30"",""trade_id"":""d7f4d9ae-23fd-49f5-d236-985bbdbeea1e"",""yes_price_dollars"":""0.5500""}"
KXBTC15M-26APR271930-30,acf458be-c4d3-4c40-c2d9-5c042caab4ee,1777331721,0.55,67.0,yes,"{""count_fp"":""67.00"",""created_time"":""2026-04-27T23:15:21.518381Z"",""no_price_dollars"":""0.4500"",""taker_side"":""yes"",""ticker"":""KXBTC15M-26APR271930-30"",""trade_id"":""acf458be-c4d3-4c40-c2d9-5c042caab4ee"",""yes_price_dollars"":""0.5500""}"
KXBTC15M-26APR271930-30,5379d5b4-6931-4467-dfb0-5de9eb37b875,1777331721,0.55,8.0,yes,"{""count_fp"":""8.00"",""created_time"":""2026-04-27T23:15:21.518381Z"",""no_price_dollars"":""0.4500"",""taker_side"":""yes"",""ticker"":""KXBTC15M-26APR271930-30"",""trade_id"":""5379d5b4-6931-4467-dfb0-5de9eb37b875"",""yes_price_dollars"":""0.5500""}"
KXBTC15M-26APR271930-30,383f6072-043d-657c-0f8b-9d986e14ad4d,1777331721,0.53,16.41,no,"{""count_fp"":""16.41"",""created_time"":""2026-04-27T23:15:21.195424Z"",""no_price_dollars"":""0.4700"",""taker_side"":""no"",""ticker"":""KXBTC15M-26APR271930-30"",""trade_id"":""383f6072-043d-657c-0f8b-9d986e14ad4d"",""yes_price_dollars"":""0.5300""}"
KXBTC15M-26APR271930-30,8e5667cd-766d-5304-5fa5-83e86cad410d,1777331721,0.53,102.57,no,"{""count_fp"":""102.57"",""created_time"":""2026-04-27T23:15:21.073904Z"",""no_price_dollars"":""0.4700"",""taker_side"":""no"",""ticker"":""KXBTC15M-26APR271930-30"",""trade_id"":""8e5667cd-766d-5304-5fa5-83e86cad410d"",""yes_price_dollars"":""0.5300""}"
KXBTC15M-26APR271930-30,5569b884-bab9-53b8-8ff2-ef89293b8489,1777331721,0.53,12.29,no,"{""count_fp"":""12.29"",""created_time"":""2026-04-27T23:15:21.031958Z"",""no_price_dollars"":""0.4700"",""taker_side"":""no"",""ticker"":""KXBTC15M-26APR271930-30"",""trade_id"":""5569b884-bab9-53b8-8ff2-ef89293b8489"",""yes_price_dollars"":""0.5300""}"
KXBTC15M-26APR271930-30,ea56a474-1df7-6f62-a79a-89e535838eda,1777331722,0.54,15.0,no,"{""count_fp"":""15.00"",""created_time"":""2026-04-27T23:15:22.440542Z"",""no_price_dollars"":""0.4600"",""taker_side"":""no"",""ticker"":""KXBTC15M-26APR271930-30"",""trade_id"":""ea56a474-1df7-6f62-a79a-89e535838eda"",""yes_price_dollars"":""0.5400""}"
KXBTC15M-26APR271930-30,2cc418e4-4cf1-69c4-8b5a-ca6fea48d069,1777331722,0.53,17.0,no,"{""count_fp"":""17.00"",""created_time"":""2026-04-27T23:15:22.440542Z"",""no_price_dollars"":""0.4700"",""taker_side"":""no"",""ticker"":""KXBTC15M-26APR271930-30"",""trade_id"":""2cc418e4-4cf1-69c4-8b5a-ca6fea48d069"",""yes_price_dollars"":""0.5300""}"
KXBTC15M-26APR271930-30,ddf8183a-a2a3-7ab4-0450-c1df2983b97a,1777331722,0.55,44.06,yes,"{""count_fp"":""44.06"",""created_time"":""2026-04-27T23:15:22.392047Z"",""no_price_dollars"":""0.4500"",""taker_side"":""yes"",""ticker"":""KXBTC15M-26APR271930-30"",""trade_id"":""ddf8183a-a2a3-7ab4-0450-c1df2983b97a"",""yes_price_dollars"":""0.5500""}"
KXBTC15M-26APR271930-30,fb5a48c1-9107-4958-356e-90d911355ed6,1777331722,0.55,12.33,yes,"{""count_fp"":""12.33"",""created_time"":""2026-04-27T23:15:22.234622Z"",""no_price_dollars"":""0.4500"",""taker_side"":""yes"",""ticker"":""KXBTC15M-26APR271930-30"",""trade_id"":""fb5a48c1-9107-4958-356e-90d911355ed6"",""yes_price_dollars"":""0.5500""}"
KXBTC15M-26APR271930-30,6c1b5098-407d-78b0-b7f9-a1ed3e806891,1777331722,0.53,18.25,no,"{""count_fp"":""18.25"",""created_time"":""2026-04-27T23:15:22.214585Z"",""no_price_dollars"":""0.4700"",""taker_side"":""no"",""ticker"":""KXBTC15M-26APR271930-30"",""trade_id"":""6c1b5098-407d-78b0-b7f9-a1ed3e806891"",""yes_price_dollars"":""0.5300""}"
KXBTC15M-26APR271930-30,ab3ae819-14bb-69d8-a201-247ba76d4ce6,1777331723,0.55,7.05,yes,"{""count_fp"":""7.05"",""created_time"":""2026-04-27T23:15:23.752024Z"",""no_price_dollars"":""0.4500"",""taker_side"":""yes"",""ticker"":""KXBTC15M-26APR271930-30"",""trade_id"":""ab3ae819-14bb-69d8-a201-247ba76d4ce6"",""yes_price_dollars"":""0.5500""}"
KXBTC15M-26APR271930-30,41455f56-076d-7534-52b2-0335dff166ad,1777331723,0.53,16.0,no,"{""count_fp"":""16.00"",""created_time"":""2026-04-27T23:15:23.446999Z"",""no_price_dollars"":""0.4700"",""taker_side"":""no"",""ticker"":""KXBTC15M-26APR271930-30"",""trade_id"":""41455f56-076d-7534-52b2-0335dff166ad"",""yes_price_dollars"":""0.5300""}"
KXBTC15M-26APR271930-30,2e288c87-327b-7202-4f51-86247f562485,1777331723,0.54,3.0,no,"{""count_fp"":""3.00"",""created_time"":""2026-04-27T23:15:23.446999Z"",""no_price_dollars"":""0.4600"",""taker_side"":""no"",""ticker"":""KXBTC15M-26APR271930-30"",""trade_id"":""2e288c87-327b-7202-4f51-86247f562485"",""yes_price_dollars"":""0.5400""}"
KXBTC15M-26APR271930-30,cd406d01-66ff-7f4c-dcfe-a6e009a3e6fa,1777331723,0.55,35.23,yes,"{""count_fp"":""35.23"",""created_time"":""2026-04-27T23:15:23.068937Z"",""no_price_dollars"":""0.4500"",""taker_side"":""yes"",""ticker"":""KXBTC15M-26APR271930-30"",""trade_id"":""cd406d01-66ff-7f4c-dcfe-a6e009a3e6fa"",""yes_price_dollars"":""0.5500""}"
KXBTC15M-26APR271930-30,b555da77-6dd7-4fbc-e7a1-8519f8ebc78a,1777331723,0.55,0.44,yes,"{""count_fp"":""0.44"",""created_time"":""2026-04-27T23:15:23.030022Z"",""no_price_dollars"":""0.4500"",""taker_side"":""yes"",""ticker"":""KXBTC15M-26APR271930-30"",""trade_id"":""b555da77-6dd7-4fbc-e7a1-8519f8ebc78a"",""yes_price_dollars"":""0.5500""}"
KXBTC15M-26APR271930-30,eb44e34c-02ba-653b-9245-658708c10983,1777331724,0.53,57.48,no,"{""count_fp"":""57.48"",""created_time"":""2026-04-27T23:15:24.513919Z"",""no_price_dollars"":""0.4700"",""taker_side"":""no"",""ticker"":""KXBTC15M-26APR271930-30"",""trade_id"":""eb44e34c-02ba-653b-9245-658708c10983"",""yes_price_dollars"":""0.5300""}"
KXBTC15M-26APR271930-30,9d519676-a05e-61db-93a3-9a549436b1cf,1777331724,0.53,500.0,no,"{""count_fp"":""500.00"",""created_time"":""2026-04-27T23:15:24.450441Z"",""no_price_dollars"":""0.4700"",""taker_side"":""no"",""ticker"":""KXBTC15M-26APR271930-30"",""trade_id"":""9d519676-a05e-61db-93a3-9a549436b1cf"",""yes_price_dollars"":""0.5300""}"
KXBTC15M-26APR271930-30,dad28c83-3ff2-5be3-b3ae-a22cdd5889ef,1777331724,0.53,7.56,no,"{""count_fp"":""7.56"",""created_time"":""2026-04-27T23:15:24.326492Z"",""no_price_dollars"":""0.4700"",""taker_side"":""no"",""ticker"":""KXBTC15M-26APR271930-30"",""trade_id"":""dad28c83-3ff2-5be3-b3ae-a22cdd5889ef"",""yes_price_dollars"":""0.5300""}"
KXBTC15M-26APR271930-30,abf5b753-a8bd-54ad-aa9a-106f3f593925,1777331724,0.54,10.0,no,"{""count_fp"":""10.00"",""created_time"":""2026-04-27T23:15:24.326492Z"",""no_price_dollars"":""0.4600"",""taker_side"":""no"",""ticker"":""KXBTC15M-26APR271930-30"",""trade_id"":""abf5b753-a8bd-54ad-aa9a-106f3f593925"",""yes_price_dollars"":""0.5400""}"
KXBTC15M-26APR271930-30,8772646b-a7d6-5781-b71e-3f37c81fcf1f,1777331724,0.54,3.0,no,"{""count_fp"":""3.00"",""created_time"":""2026-04-27T23:15:24.326492Z"",""no_price_dollars"":""0.4600"",""taker_side"":""no"",""ticker"":""KXBTC15M-26APR271930-30"",""trade_id"":""8772646b-a7d6-5781-b71e-3f37c81fcf1f"",""yes_price_dollars"":""0.5400""}"
KXBTC15M-26APR271930-30,3b4b5e2d-7346-5dd1-6009-930f5e071d0d,1777331724,0.54,3.0,no,"{""count_fp"":""3.00"",""created_time"":""2026-04-27T23:15:24.015176Z"",""no_price_dollars"":""0.4600"",""taker_side"":""no"",""ticker"":""KXBTC15M-26APR271930-30"",""trade_id"":""3b4b5e2d-7346-5dd1-6009-930f5e071d0d"",""yes_price_dollars"":""0.5400""}"
KXBTC15M-26APR271930-30,37d297d3-6821-55e8-6f62-36aaa186714d,1777331724,0.53,157.0,no,"{""count_fp"":""157.00"",""created_time"":""2026-04-27T23:15:24.015176Z"",""no_price_dollars"":""0.4700"",""taker_side"":""no"",""ticker"":""KXBTC15M-26APR271930-30"",""trade_id"":""37d297d3-6821-55e8-6f62-36aaa186714d"",""yes_price_dollars"":""0.5300""}"
KXBTC15M-26APR271930-30,c9dc507e-9daa-410e-2652-c79fe59a8269,1777331725,0.54,8.81,yes,"{""count_fp"":""8.81"",""created_time"":""2026-04-27T23:15:25.937247Z"",""no_price_dollars"":""0.4600"",""taker_side"":""yes"",""ticker"":""KXBTC15M-26APR271930-30"",""trade_id"":""c9dc507e-9daa-410e-2652-c79fe59a8269"",""yes_price_dollars"":""0.5400""}"
KXBTC15M-26APR271930-30,053639e6-b122-4583-61c3-23996bbdccb3,1777331725,0.53,8.2,no,"{""count_fp"":""8.20"",""created_time"":""2026-04-27T23:15:25.879836Z"",""no_price_dollars"":""0.4700"",""taker_side"":""no"",""ticker"":""KXBTC15M-26APR271930-30"",""trade_id"":""053639e6-b122-4583-61c3-23996bbdccb3"",""yes_price_dollars"":""0.5300""}"
KXBTC15M-26APR271930-30,35077dc2-cbbe-758b-7f7d-20ec14d10a3b,1777331725,0.53,6.44,no,"{""count_fp"":""6.44"",""created_time"":""2026-04-27T23:15:25.650807Z"",""no_price_dollars"":""0.4700"",""taker_side"":""no"",""ticker"":""KXBTC15M-26APR271930-30"",""trade_id"":""35077dc2-cbbe-758b-7f7d-20ec14d10a3b"",""yes_price_dollars"":""0.5300""}"
KXBTC15M-26APR271930-30,624ad4fb-8fb2-76de-bcad-163c21986fc1,1777331725,0.54,3.52,yes,"{""count_fp"":""3.52"",""created_time"":""2026-04-27T23:15:25.540205Z"",""no_price_dollars"":""0.4600"",""taker_side"":""yes"",""ticker"":""KXBTC15M-26APR271930-30"",""trade_id"":""624ad4fb-8fb2-76de-bcad-163c21986fc1"",""yes_price_dollars"":""0.5400""}"
KXBTC15M-26APR271930-30,fa7b4a20-1932-4136-a608-020beef493a6,1777331725,0.55,0.76,yes,"{""count_fp"":""0.76"",""created_time"":""2026-04-27T23:15:25.182152Z"",""no_price_dollars"":""0.4500"",""taker_side"":""yes"",""ticker"":""KXBTC15M-26APR271930-30"",""trade_id"":""fa7b4a20-1932-4136-a608-020beef493a6"",""yes_price_dollars"":""0.5500""}"
KXBTC15M-26APR271930-30,86440ad1-2650-490e-820a-3f535d0623c7,1777331725,0.55,1.0,yes,"{""count_fp"":""1.00"",""created_time"":""2026-04-27T23:15:25.182152Z"",""no_price_dollars"":""0.4500"",""taker_side"":""yes"",""ticker"":""KXBTC15M-26APR271930-30"",""trade_id"":""86440ad1-2650-490e-820a-3f535d0623c7"",""yes_price_dollars"":""0.5500""}"
KXBTC15M-26APR271930-30,f0e99beb-c6d0-72ad-56db-1645e8061384,1777331726,0.54,29.0,no,"{""count_fp"":""29.00"",""created_time"":""2026-04-27T23:15:26.802162Z"",""no_price_dollars"":""0.4600"",""taker_side"":""no"",""ticker"":""KXBTC15M-26APR271930-30"",""trade_id"":""f0e99beb-c6d0-72ad-56db-1645e8061384"",""yes_price_dollars"":""0.5400""}"
KXBTC15M-26APR271930-30,b5e16e2d-b22d-7a79-68e8-257b1060960f,1777331726,0.53,51.06,no,"{""count_fp"":""51.06"",""created_time"":""2026-04-27T23:15:26.802162Z"",""no_price_dollars"":""0.4700"",""taker_side"":""no"",""ticker"":""KXBTC15M-26APR271930-30"",""trade_id"":""b5e16e2d-b22d-7a79-68e8-257b1060960f"",""yes_price_dollars"":""0.5300""}"
KXBTC15M-26APR271930-30,27bceeca-f2a0-7c67-58d2-a8dacb008ff0,1777331726,0.53,1.0,no,"{""count_fp"":""1.00"",""created_time"":""2026-04-27T23:15:26.802162Z"",""no_price_dollars"":""0.4700"",""taker_side"":""no"",""ticker"":""KXBTC15M-26APR271930-30"",""trade_id"":""27bceeca-f2a0-7c67-58d2-a8dacb008ff0"",""yes_price_dollars"":""0.5300""}"
KXBTC15M-26APR271930-30,21b8aa02-2818-7a75-5e8d-f365ae866729,1777331726,0.53,1.0,no,"{""count_fp"":""1.00"",""created_time"":""2026-04-27T23:15:26.802162Z"",""no_price_dollars"":""0.4700"",""taker_side"":""no"",""ticker"":""KXBTC15M-26APR271930-30"",""trade_id"":""21b8aa02-2818-7a75-5e8d-f365ae866729"",""yes_price_dollars"":""0.5300""}"
KXBTC15M-26APR271930-30,77f03e33-3f67-64e2-1cdc-7b5470505712,1777331726,0.55,15.14,yes,"{""count_fp"":""15.14"",""created_time"":""2026-04-27T23:15:26.534181Z"",""no_price_dollars"":""0.4500"",""taker_side"":""yes"",""ticker"":""KXBTC15M-26APR271930-30"",""trade_id"":""77f03e33-3f67-64e2-1cdc-7b5470505712"",""yes_price_dollars"":""0.5500""}"
KXBTC15M-26APR271930-30,2f64cf9f-996b-6cba-3aa1-71dea963a77b,1777331726,0.55,11.29,yes,"{""count_fp"":""11.29"",""created_time"":""2026-04-27T23:15:26.534181Z"",""no_price_dollars"":""0.4500"",""taker_side"":""yes"",""ticker"":""KXBTC15M-26APR271930-30"",""trade_id"":""2f64cf9f-996b-6cba-3aa1-71dea963a77b"",""yes_price_dollars"":""0.5500""}"
KXBTC15M-26APR271930-30,783a4f1a-299a-6ed7-17af-94f3c66b226b,1777331726,0.53,30.81,no,"{""count_fp"":""30.81"",""created_time"":""2026-04-27T23:15:26.373439Z"",""no_price_dollars"":""0.4700"",""taker_side"":""no"",""ticker"":""KXBTC15M-26APR271930-30"",""trade_id"":""783a4f1a-299a-6ed7-17af-94f3c66b226b"",""yes_price_dollars"":""0.5300""}"
KXBTC15M-26APR271930-30,86b5dba5-13e4-7e0b-7aab-922b516b87ab,1777331726,0.55,1.43,yes,"{""count_fp"":""1.43"",""created_time"":""2026-04-27T23:15:26.217803Z"",""no_price_dollars"":""0.4500"",""taker_side"":""yes"",""ticker"":""KXBTC15M-26APR271930-30"",""trade_id"":""86b5dba5-13e4-7e0b-7aab-922b516b87ab"",""yes_price_dollars"":""0.5500""}"
KXBTC15M-26APR271930-30,44ac312f-52af-7c6e-73f8-79bb5de8242e,1777331726,0.55,31.86,yes,"{""count_fp"":""31.86"",""created_time"":""2026-04-27T23:15:26.217803Z"",""no_price_dollars"":""0.4500"",""taker_side"":""yes"",""ticker"":""KXBTC15M-26APR271930-30"",""trade_id"":""44ac312f-52af-7c6e-73f8-79bb5de8242e"",""yes_price_dollars"":""0.5500""}"
KXBTC15M-26APR271930-30,89f4b2e8-8fbe-7b1b-8c3c-59c1f027d397,1777331726,0.53,30.77,no,"{""count_fp"":""30.77"",""created_time"":""2026-04-27T23:15:26.181151Z"",""no_price_dollars"":""0.4700"",""taker_side"":""no"",""ticker"":""KXBTC15M-26APR271930-30"",""trade_id"":""89f4b2e8-8fbe-7b1b-8c3c-59c1f027d397"",""yes_price_dollars"":""0.5300""}"
KXBTC15M-26APR271930-30,92c92101-bfec-5da3-8a78-98743c9a2a57,1777331726,0.55,7.05,yes,"{""count_fp"":""7.05"",""created_time"":""2026-04-27T23:15:26.159585Z"",""no_price_dollars"":""0.4500"",""taker_side"":""yes"",""ticker"":""KXBTC15M-26APR271930-30"",""trade_id"":""92c92101-bfec-5da3-8a78-98743c9a2a57"",""yes_price_dollars"":""0.5500""}"
KXBTC15M-26APR271930-30,d87614e6-f888-79cb-6bb4-0296d8e16b4b,1777331726,0.55,1.52,yes,"{""count_fp"":""1.52"",""created_time"":""2026-04-27T23:15:26.013559Z"",""no_price_dollars"":""0.4500"",""taker_side"":""yes"",""ticker"":""KXBTC15M-26APR271930-30"",""trade_id"":""d87614e6-f888-79cb-6bb4-0296d8e16b4b"",""yes_price_dollars"":""0.5500""}"
KXBTC15M-26APR271930-30,192b8d1d-58d6-798a-502f-161e1f28b091,1777331726,0.54,7.67,yes,"{""count_fp"":""7.67"",""created_time"":""2026-04-27T23:15:26.013559Z"",""no_price_dollars"":""0.4600"",""taker_side"":""yes"",""ticker"":""KXBTC15M-26APR271930-30"",""trade_id"":""192b8d1d-58d6-798a-502f-161e1f28b091"",""yes_price_dollars"":""0.5400""}"
KXBTC15M-26APR271930-30,b5ff9452-bb52-6bbb-4d31-20d645d7580b,1777331727,0.57,48.87,no,"{""count_fp"":""48.87"",""created_time"":""2026-04-27T23:15:27.848177Z"",""no_price_dollars"":""0.4300"",""taker_side"":""no"",""ticker"":""KXBTC15M-26APR271930-30"",""trade_id"":""b5ff9452-bb52-6bbb-4d31-20d645d7580b"",""yes_price_dollars"":""0.5700""}"
KXBTC15M-26APR271930-30,8c39c5ad-a420-69a3-6a26-7f526219bd6a,1777331727,0.57,3.0,no,"{""count_fp"":""3.00"",""created_time"":""2026-04-27T23:15:27.848177Z"",""no_price_dollars"":""0.4300"",""taker_side"":""no"",""ticker"":""KXBTC15M-26APR271930-30"",""trade_id"":""8c39c5ad-a420-69a3-6a26-7f526219bd6a"",""yes_price_dollars"":""0.5700""}"
KXBTC15M-26APR271930-30,1230ead1-a18f-537f-2377-48aeacd8934e,1777331727,0.57,0.49,yes,"{""count_fp"":""0.49"",""created_time"":""2026-04-27T23:15:27.785675Z"",""no_price_dollars"":""0.4300"",""taker_side"":""yes"",""ticker"":""KXBTC15M-26APR271930-30"",""trade_id"":""1230ead1-a18f-537f-2377-48aeacd8934e"",""yes_price_dollars"":""0.5700""}"
KXBTC15M-26APR271930-30,cefb70d5-6faf-7d47-2182-752ec800ea6a,1777331727,0.57,0.51,yes,"{""count_fp"":""0.51"",""created_time"":""2026-04-27T23:15:27.782118Z"",""no_price_dollars"":""0.4300"",""taker_side"":""yes"",""ticker"":""KXBTC15M-26APR271930-30"",""trade_id"":""cefb70d5-6faf-7d47-2182-752ec800ea6a"",""yes_price_dollars"":""0.5700""}"
KXBTC15M-26APR271930-30,acd0b1f7-fd8a-7ed4-1bd8-6d453b8ed708,1777331727,0.57,6.49,yes,"{""count_fp"":""6.49"",""created_time"":""2026-04-27T23:15:27.782118Z"",""no_price_dollars"":""0.4300"",""taker_side"":""yes"",""ticker"":""KXBTC15M-26APR271930-30"",""trade_id"":""acd0b1f7-fd8a-7ed4-1bd8-6d453b8ed708"",""yes_price_dollars"":""0.5700""}"
KXBTC15M-26APR271930-30,663d344b-9b9a-7fbc-0f12-0c618965db41,1777331727,0.57,5.0,yes,"{""count_fp"":""5.00"",""created_time"":""2026-04-27T23:15:27.782118Z"",""no_price_dollars"":""0.4300"",""taker_side"":""yes"",""ticker"":""KXBTC15M-26APR271930-30"",""trade_id"":""663d344b-9b9a-7fbc-0f12-0c618965db41"",""yes_price_dollars"":""0.5700""}"
KXBTC15M-26APR271930-30,54f1cbc3-4f8e-7e18-18ea-81550bc79056,1777331727,0.57,30.0,yes,"{""count_fp"":""30.00"",""created_time"":""2026-04-27T23:15:27.782118Z"",""no_price_dollars"":""0.4300"",""taker_side"":""yes"",""ticker"":""KXBTC15M-26APR271930-30"",""trade_id"":""54f1cbc3-4f8e-7e18-18ea-81550bc79056"",""yes_price_dollars"":""0.5700""}"
KXBTC15M-26APR271930-30,0f47ef7d-bb47-7850-2b50-6058eb13e677,1777331727,0.57,13.0,yes,"{""count_fp"":""13.00"",""created_time"":""2026-04-27T23:15:27.782118Z"",""no_price_dollars"":""0.4300"",""taker_side"":""yes"",""ticker"":""KXBTC15M-26APR271930-30"",""trade_id"":""0f47ef7d-bb47-7850-2b50-6058eb13e677"",""yes_price_dollars"":""0.5700""}"
KXBTC15M-26APR271930-30,a0296c5e-fdc6-6540-404a-dc2eaeee6668,1777331727,0.57,8.45,yes,"{""count_fp"":""8.45"",""created_time"":""2026-04-27T23:15:27.359442Z"",""no_price_dollars"":""0.4300"",""taker_side"":""yes"",""ticker"":""KXBTC15M-26APR271930-30"",""trade_id"":""a0296c5e-fdc6-6540-404a-dc2eaeee6668"",""yes_price_dollars"":""0.5700""}"
KXBTC15M-26APR271930-30,dadac301-8a0a-5af8-a170-98d26cffc3e0,1777331727,0.57,5.06,yes,"{""count_fp"":""5.06"",""created_time"":""2026-04-27T23:15:27.266066Z"",""no_price_dollars"":""0.4300"",""taker_side"":""yes"",""ticker"":""KXBTC15M-26APR271930-30"",""trade_id"":""dadac301-8a0a-5af8-a170-98d26cffc3e0"",""yes_price_dollars"":""0.5700""}"
KXBTC15M-26APR271930-30,e877030d-d562-4e1b-b811-58732a91be6f,1777331728,0.57,5.12,no,"{""count_fp"":""5.12"",""created_time"":""2026-04-27T23:15:28.670695Z"",""no_price_dollars"":""0.4300"",""taker_side"":""no"",""ticker"":""KXBTC15M-26APR271930-30"",""trade_id"":""e877030d-d562-4e1b-b811-58732a91be6f"",""yes_price_dollars"":""0.5700""}"
KXBTC15M-26APR271930-30,0a197399-bad2-63cf-d9ad-8ff7f93942d3,1777331728,0.57,43.73,no,"{""count_fp"":""43.73"",""created_time"":""2026-04-27T23:15:28.573985Z"",""no_price_dollars"":""0.4300"",""taker_side"":""no"",""ticker"":""KXBTC15M-26APR271930-30"",""trade_id"":""0a197399-bad2-63cf-d9ad-8ff7f93942d3"",""yes_price_dollars"":""0.5700""}"
KXBTC15M-26APR271930-30,57e61cf2-c6a2-6de7-74cf-36d1eeb9b1db,1777331728,0.57,2.0,no,"{""count_fp"":""2.00"",""created_time"":""2026-04-27T23:15:28.294545Z"",""no_price_dollars"":""0.4300"",""taker_side"":""no"",""ticker"":""KXBTC15M-26APR271930-30"",""trade_id"":""57e61cf2-c6a2-6de7-74cf-36d1eeb9b1db"",""yes_price_dollars"":""0.5700""}"
KXBTC15M-26APR271930-30,14f0a0d9-4424-7d3b-8fd9-12a47f7aeb2c,1777331729,0.58,33.54,no,"{""count_fp"":""33.54"",""created_time"":""2026-04-27T23:15:29.888428Z"",""no_price_dollars"":""0.4200"",""taker_side"":""no"",""ticker"":""KXBTC15M-26APR271930-30"",""trade_id"":""14f0a0d9-4424-7d3b-8fd9-12a47f7aeb2c"",""yes_price_dollars"":""0.5800""}"
KXBTC15M-26APR271930-30,fa2134db-9917-481d-c2c1-d91e9ad08b30,1777331729,0.6,17.9,yes,"{""count_fp"":""17.90"",""created_time"":""2026-04-27T23:15:29.879805Z"",""no_price_dollars"":""0.4000"",""taker_side"":""yes"",""ticker"":""KXBTC15M-26APR271930-30"",""trade_id"":""fa2134db-9917-481d-c2c1-d91e9ad08b30"",""yes_price_dollars"":""0.6000""}"
KXBTC15M-26APR271930-30,c21cacaf-4fa7-4044-c168-6b545386150d,1777331729,0.58,3.0,no,"{""count_fp"":""3.00"",""created_time"":""2026-04-27T23:15:29.775142Z"",""no_price_dollars"":""0.4200"",""taker_side"":""no"",""ticker"":""KXBTC15M-26APR271930-30"",""trade_id"":""c21cacaf-4fa7-4044-c168-6b545386150d"",""yes_price_dollars"":""0.5800""}"
KXBTC15M-26APR271930-30,3b77157a-e4c4-410f-e8ea-b54ac37354bc,1777331729,0.58,19.36,no,"{""count_fp"":""19.36"",""created_time"":""2026-04-27T23:15:29.775142Z"",""no_price_dollars"":""0.4200"",""taker_side"":""no"",""ticker"":""KXBTC15M-26APR271930-30"",""trade_id"":""3b77157a-e4c4-410f-e8ea-b54ac37354bc"",""yes_price_dollars"":""0.5800""}"
KXBTC15M-26APR271930-30,fa63480f-0dab-6379-3f3b-450c10de1f8c,1777331729,0.6,31.13,yes,"{""count_fp"":""31.13"",""created_time"":""2026-04-27T23:15:29.476962Z"",""no_price_dollars"":""0.4000"",""taker_side"":""yes"",""ticker"":""KXBTC15M-26APR271930-30"",""trade_id"":""fa63480f-0dab-6379-3f3b-450c10de1f8c"",""yes_price_dollars"":""0.6000""}"
KXBTC15M-26APR271930-30,de739298-f80b-654c-266d-a9905a38ed17,1777331729,0.59,7.0,yes,"{""count_fp"":""7.00"",""created_time"":""2026-04-27T23:15:29.476962Z"",""no_price_dollars"":""0.4100"",""taker_side"":""yes"",""ticker"":""KXBTC15M-26APR271930-30"",""trade_id"":""de739298-f80b-654c-266d-a9905a38ed17"",""yes_price_dollars"":""0.5900""}"
KXBTC15M-26APR271930-30,6911e28c-ed02-6ed7-193c-83c08b2a6a23,1777331729,0.6,25.0,yes,"{""count_fp"":""25.00"",""created_time"":""2026-04-27T23:15:29.476962Z"",""no_price_dollars"":""0.4000"",""taker_side"":""yes"",""ticker"":""KXBTC15M-26APR271930-30"",""trade_id"":""6911e28c-ed02-6ed7-193c-83c08b2a6a23"",""yes_price_dollars"":""0.6000""}"
KXBTC15M-26APR271930-30,12c12408-a21d-6939-18f8-d5bab85f5863,1777331729,0.59,6.0,yes,"{""count_fp"":""6.00"",""created_time"":""2026-04-27T23:15:29.476962Z"",""no_price_dollars"":""0.4100"",""taker_side"":""yes"",""ticker"":""KXBTC15M-26APR271930-30"",""trade_id"":""12c12408-a21d-6939-18f8-d5bab85f5863"",""yes_price_dollars"":""0.5900""}"
KXBTC15M-26APR271930-30,0603ade7-db6f-6d91-3dbc-c551a487d82e,1777331729,0.59,25.0,yes,"{""count_fp"":""25.00"",""created_time"":""2026-04-27T23:15:29.476962Z"",""no_price_dollars"":""0.4100"",""taker_side"":""yes"",""ticker"":""KXBTC15M-26APR271930-30"",""trade_id"":""0603ade7-db6f-6d91-3dbc-c551a487d82e"",""yes_price_dollars"":""0.5900""}"
KXBTC15M-26APR271930-30,5eb54722-94a1-618d-6abb-ce67296fd069,1777331729,0.58,8.54,yes,"{""count_fp"":""8.54"",""created_time"":""2026-04-27T23:15:29.083885Z"",""no_price_dollars"":""0.4200"",""taker_side"":""yes"",""ticker"":""KXBTC15M-26APR271930-30"",""trade_id"":""5eb54722-94a1-618d-6abb-ce67296fd069"",""yes_price_dollars"":""0.5800""}"
KXBTC15M-26APR271930-30,56e85c40-dadf-6fd3-65d1-ac82b339b003,1777331729,0.58,5.0,yes,"{""count_fp"":""5.00"",""created_time"":""2026-04-27T23:15:29.083885Z"",""no_price_dollars"":""0.4200"",""taker_side"":""yes"",""ticker"":""KXBTC15M-26APR271930-30"",""trade_id"":""56e85c40-dadf-6fd3-65d1-ac82b339b003"",""yes_price_dollars"":""0.5800""}"
KXBTC15M-26APR271930-30,1cd51c98-d12d-6066-559d-7207e3e951e0,1777331729,0.58,3.0,yes,"{""count_fp"":""3.00"",""created_time"":""2026-04-27T23:15:29.083885Z"",""no_price_dollars"":""0.4200"",""taker_side"":""yes"",""ticker"":""KXBTC15M-26APR271930-30"",""trade_id"":""1cd51c98-d12d-6066-559d-7207e3e951e0"",""yes_price_dollars"":""0.5800""}"
KXBTC15M-26APR271930-30,5c63f117-dab9-6a8c-7ae8-5cfed992b6dd,1777331730,0.59,25.0,no,"{""count_fp"":""25.00"",""created_time"":""2026-04-27T23:15:30.977364Z"",""no_price_dollars"":""0.4100"",""taker_side"":""no"",""ticker"":""KXBTC15M-26APR271930-30"",""trade_id"":""5c63f117-dab9-6a8c-7ae8-5cfed992b6dd"",""yes_price_dollars"":""0.5900""}"
KXBTC15M-26APR271930-30,4d6ef73d-1f95-785d-aaf8-fe8852ff018a,1777331730,0.59,44.72,no,"{""count_fp"":""44.72"",""created_time"":""2026-04-27T23:15:30.864232Z"",""no_price_dollars"":""0.4100"",""taker_side"":""no"",""ticker"":""KXBTC15M-26APR271930-30"",""trade_id"":""4d6ef73d-1f95-785d-aaf8-fe8852ff018a"",""yes_price_dollars"":""0.5900""}"
KXBTC15M-26APR271930-30,1cbaa2ad-8f5b-535d-d8f3-0a48e560e554,1777331730,0.6,8.1,yes,"{""count_fp"":""8.10"",""created_time"":""2026-04-27T23:15:30.752Z"",""no_price_dollars"":""0.4000"",""taker_side"":""yes"",""ticker"":""KXBTC15M-26APR271930-30"",""trade_id"":""1cbaa2ad-8f5b-535d-d8f3-0a48e560e554"",""yes_price_dollars"":""0.6000""}"
KXBTC15M-26APR271930-30,3b34ca39-8636-6da8-1a54-924ce8ce6b59,1777331730,0.58,21.9,no,"{""count_fp"":""21.90"",""created_time"":""2026-04-27T23:15:30.024438Z"",""no_price_dollars"":""0.4200"",""taker_side"":""no"",""ticker"":""KXBTC15M-26APR271930-30"",""trade_id"":""3b34ca39-8636-6da8-1a54-924ce8ce6b59"",""yes_price_dollars"":""0.5800""}"
KXBTC15M-26APR271930-30,08b9c17e-4ac0-6237-2734-542b72abddcc,1777331730,0.58,3.1,no,"{""count_fp"":""3.10"",""created_time"":""2026-04-27T23:15:30.024438Z"",""no_price_dollars"":""0.4200"",""taker_side"":""no"",""ticker"":""KXBTC15M-26APR271930-30"",""trade_id"":""08b9c17e-4ac0-6237-2734-542b72abddcc"",""yes_price_dollars"":""0.5800""}"
KXBTC15M-26APR271930-30,48c2bcfb-a84b-4a21-fe66-238c0441c738,1777331731,0.6,6.48,yes,"{""count_fp"":""6.48"",""created_time"":""2026-04-27T23:15:31.978834Z"",""no_price_dollars"":""0.4000"",""taker_side"":""yes"",""ticker"":""KXBTC15M-26APR271930-30"",""trade_id"":""48c2bcfb-a84b-4a21-fe66-238c0441c738"",""yes_price_dollars"":""0.6000""}"
KXBTC15M-26APR271930-30,5fbce8aa-eec3-7ae1-b875-09b3adc465fc,1777331731,0.6,0.16,yes,"{""count_fp"":""0.16"",""created_time"":""2026-04-27T23:15:31.670823Z"",""no_price_dollars"":""0.4000"",""taker_side"":""yes"",""ticker"":""KXBTC15M-26APR271930-30"",""trade_id"":""5fbce8aa-eec3-7ae1-b875-09b3adc465fc"",""yes_price_dollars"":""0.6000""}"
KXBTC15M-26APR271930-30,c79c024c-6237-5cfd-a5de-ebf17d63b480,1777331731,0.6,2.77,yes,"{""count_fp"":""2.77"",""created_time"":""2026-04-27T23:15:31.268411Z"",""no_price_dollars"":""0.4000"",""taker_side"":""yes"",""ticker"":""KXBTC15M-26APR271930-30"",""trade_id"":""c79c024c-6237-5cfd-a5de-ebf17d63b480"",""yes_price_dollars"":""0.6000""}"
KXBTC15M-26APR271930-30,c1e4b63e-f505-6ee8-e327-122f25314aed,1777331732,0.59,4.68,no,"{""count_fp"":""4.68"",""created_time"":""2026-04-27T23:15:32.932274Z"",""no_price_dollars"":""0.4100"",""taker_side"":""no"",""ticker"":""KXBTC15M-26APR271930-30"",""trade_id"":""c1e4b63e-f505-6ee8-e327-122f25314aed"",""yes_price_dollars"":""0.5900""}"
KXBTC15M-26APR271930-30,7b15b6f5-5a51-4eac-7130-863846f670b1,1777331732,0.59,1.0,no,"{""count_fp"":""1.00"",""created_time"":""2026-04-27T23:15:32.197386Z"",""no_price_dollars"":""0.4100"",""taker_side"":""no"",""ticker"":""KXBTC15M-26APR271930-30"",""trade_id"":""7b15b6f5-5a51-4eac-7130-863846f670b1"",""yes_price_dollars"":""0.5900""}"
KXBTC15M-26APR271930-30,4b48ad5b-94e1-5e69-e405-2ec632a973d2,1777331733,0.59,11.71,no,"{""count_fp"":""11.71"",""created_time"":""2026-04-27T23:15:33.920785Z"",""no_price_dollars"":""0.4100"",""taker_side"":""no"",""ticker"":""KXBTC15M-26APR271930-30"",""trade_id"":""4b48ad5b-94e1-5e69-e405-2ec632a973d2"",""yes_price_dollars"":""0.5900""}"
KXBTC15M-26APR271930-30,825754fa-ac79-7035-e2dc-779e10a5ec82,1777331733,0.59,7.02,no,"{""count_fp"":""7.02"",""created_time"":""2026-04-27T23:15:33.673332Z"",""no_price_dollars"":""0.4100"",""taker_side"":""no"",""ticker"":""KXBTC15M-26APR271930-30"",""trade_id"":""825754fa-ac79-7035-e2dc-779e10a5ec82"",""yes_price_dollars"":""0.5900""}"
KXBTC15M-26APR271930-30,d6a57524-293d-7d38-d3e4-bdf4312c7b1d,1777331733,0.59,23.42,no,"{""count_fp"":""23.42"",""created_time"":""2026-04-27T23:15:33.197562Z"",""no_price_dollars"":""0.4100"",""taker_side"":""no"",""ticker"":""KXBTC15M-26APR271930-30"",""trade_id"":""d6a57524-293d-7d38-d3e4-bdf4312c7b1d"",""yes_price_dollars"":""0.5900""}"
KXBTC15M-26APR271930-30,4b5bade3-9bd9-6710-1117-edeecca694ed,1777331733,0.59,0.68,no,"{""count_fp"":""0.68"",""created_time"":""2026-04-27T23:15:33.022081Z"",""no_price_dollars"":""0.4100"",""taker_side"":""no"",""ticker"":""KXBTC15M-26APR271930-30"",""trade_id"":""4b5bade3-9bd9-6710-1117-edeecca694ed"",""yes_price_dollars"":""0.5900""}"
KXBTC15M-26APR271930-30,d5e6e47a-974d-71c0-7c67-9df2f5f3d835,1777331733,0.59,11.71,no,"{""count_fp"":""11.71"",""created_time"":""2026-04-27T23:15:33.014017Z"",""no_price_dollars"":""0.4100"",""taker_side"":""no"",""ticker"":""KXBTC15M-26APR271930-30"",""trade_id"":""d5e6e47a-974d-71c0-7c67-9df2f5f3d835"",""yes_price_dollars"":""0.5900""}"
KXBTC15M-26APR271930-30,bbbd1e36-18bc-4310-5500-33c545443cb9,1777331734,0.62,56.0,yes,"{""count_fp"":""56.00"",""created_time"":""2026-04-27T23:15:34.662872Z"",""no_price_dollars"":""0.3800"",""taker_side"":""yes"",""ticker"":""KXBTC15M-26APR271930-30"",""trade_id"":""bbbd1e36-18bc-4310-5500-33c545443cb9"",""yes_price_dollars"":""0.6200""}"
KXBTC15M-26APR271930-30,ab6211a6-3c16-47c6-4427-2fdf9725f7d4,1777331734,0.61,5.0,yes,"{""count_fp"":""5.00"",""created_time"":""2026-04-27T23:15:34.662872Z"",""no_price_dollars"":""0.3900"",""taker_side"":""yes"",""ticker"":""KXBTC15M-26APR271930-30"",""trade_id"":""ab6211a6-3c16-47c6-4427-2fdf9725f7d4"",""yes_price_dollars"":""0.6100""}"
KXBTC15M-26APR271930-30,5f6cc040-8603-479d-49d6-0100e1652352,1777331734,0.62,184.53,yes,"{""count_fp"":""184.53"",""created_time"":""2026-04-27T23:15:34.662872Z"",""no_price_dollars"":""0.3800"",""taker_side"":""yes"",""ticker"":""KXBTC15M-26APR271930-30"",""trade_id"":""5f6cc040-8603-479d-49d6-0100e1652352"",""yes_price_dollars"":""0.6200""}"
KXBTC15M-26APR271930-30,419d3a0d-1dcf-45c2-7b51-1e5ea84e7f1c,1777331734,0.61,61.46,yes,"{""count_fp"":""61.46"",""created_time"":""2026-04-27T23:15:34.662872Z"",""no_price_dollars"":""0.3900"",""taker_side"":""yes"",""ticker"":""KXBTC15M-26APR271930-30"",""trade_id"":""419d3a0d-1dcf-45c2-7b51-1e5ea84e7f1c"",""yes_price_dollars"":""0.6100""}"
KXBTC15M-26APR271930-30,15222434-b109-40a1-691a-feb02b0b37e3,1777331734,0.62,2.0,yes,"{""count_fp"":""2.00"",""created_time"":""2026-04-27T23:15:34.662872Z"",""no_price_dollars"":""0.3800"",""taker_side"":""yes"",""ticker"":""KXBTC15M-26APR271930-30"",""trade_id"":""15222434-b109-40a1-691a-feb02b0b37e3"",""yes_price_dollars"":""0.6200""}"
KXBTC15M-26APR271930-30,9446b86d-da4f-4d4e-4f71-cca158bf8828,1777331734,0.61,2.0,yes,"{""count_fp"":""2.00"",""created_time"":""2026-04-27T23:15:34.508396Z"",""no_price_dollars"":""0.3900"",""taker_side"":""yes"",""ticker"":""KXBTC15M-26APR271930-30"",""trade_id"":""9446b86d-da4f-4d4e-4f71-cca158bf8828"",""yes_price_dollars"":""0.6100""}"
KXBTC15M-26APR271930-30,87855e62-189f-5526-6d3b-9f2ab900cd2c,1777331734,0.61,2.0,yes,"{""count_fp"":""2.00"",""created_time"":""2026-04-27T23:15:34.478739Z"",""no_price_dollars"":""0.3900"",""taker_side"":""yes"",""ticker"":""KXBTC15M-26APR271930-30"",""trade_id"":""87855e62-189f-5526-6d3b-9f2ab900cd2c"",""yes_price_dollars"":""0.6100""}"
KXBTC15M-26APR271930-30,97b5dcf9-b453-59b2-ade2-db487ab6e0e0,1777331734,0.61,6.54,yes,"{""count_fp"":""6.54"",""created_time"":""2026-04-27T23:15:34.471215Z"",""no_price_dollars"":""0.3900"",""taker_side"":""yes"",""ticker"":""KXBTC15M-26APR271930-30"",""trade_id"":""97b5dcf9-b453-59b2-ade2-db487ab6e0e0"",""yes_price_dollars"":""0.6100""}"
KXBTC15M-26APR271930-30,757a4d07-7591-54b8-bd1a-7f04886ae7d6,1777331734,0.6,10.0,yes,"{""count_fp"":""10.00"",""created_time"":""2026-04-27T23:15:34.471215Z"",""no_price_dollars"":""0.4000"",""taker_side"":""yes"",""ticker"":""KXBTC15M-26APR271930-30"",""trade_id"":""757a4d07-7591-54b8-bd1a-7f04886ae7d6"",""yes_price_dollars"":""0.6000""}"
KXBTC15M-26APR271930-30,57f8e8df-7917-50b1-a29f-aab1957d8258,1777331734,0.6,33.46,yes,"{""count_fp"":""33.46"",""created_time"":""2026-04-27T23:15:34.471215Z"",""no_price_dollars"":""0.4000"",""taker_side"":""yes"",""ticker"":""KXBTC15M-26APR271930-30"",""trade_id"":""57f8e8df-7917-50b1-a29f-aab1957d8258"",""yes_price_dollars"":""0.6000""}"
KXBTC15M-26APR271930-30,47ef19ad-7391-4169-6202-041966bd2c0f,1777331734,0.59,1.0,no,"{""count_fp"":""1.00"",""created_time"":""2026-04-27T23:15:34.192234Z"",""no_price_dollars"":""0.4100"",""taker_side"":""no"",""ticker"":""KXBTC15M-26APR271930-30"",""trade_id"":""47ef19ad-7391-4169-6202-041966bd2c0f"",""yes_price_dollars"":""0.5900""}"
KXBTC15M-26APR271930-30,9fccd4a4-33be-69d0-4823-66eab5b448c1,1777331734,0.59,28.0,no,"{""count_fp"":""28.00"",""created_time"":""2026-04-27T23:15:34.056882Z"",""no_price_dollars"":""0.4100"",""taker_side"":""no"",""ticker"":""KXBTC15M-26APR271930-30"",""trade_id"":""9fccd4a4-33be-69d0-4823-66eab5b448c1"",""yes_price_dollars"":""0.5900""}"
KXBTC15M-26APR271930-30,9ca0da3e-4f53-6724-45ae-1ebe0755338e,1777331734,0.59,1.0,no,"{""count_fp"":""1.00"",""created_time"":""2026-04-27T23:15:34.056882Z"",""no_price_dollars"":""0.4100"",""taker_side"":""no"",""ticker"":""KXBTC15M-26APR271930-30"",""trade_id"":""9ca0da3e-4f53-6724-45ae-1ebe0755338e"",""yes_price_dollars"":""0.5900""}"
KXBTC15M-26APR271930-30,8a197e18-fdc1-6c3d-64d3-db776ec9a3bb,1777331734,0.59,112.98,no,"{""count_fp"":""112.98"",""created_time"":""2026-04-27T23:15:34.056882Z"",""no_price_dollars"":""0.4100"",""taker_side"":""no"",""ticker"":""KXBTC15M-26APR271930-30"",""trade_id"":""8a197e18-fdc1-6c3d-64d3-db776ec9a3bb"",""yes_price_dollars"":""0.5900""}"
KXBTC15M-26APR271930-30,869efbc6-2ad5-6b39-4048-108161c981fe,1777331734,0.59,80.55,no,"{""count_fp"":""80.55"",""created_time"":""2026-04-27T23:15:34.056882Z"",""no_price_dollars"":""0.4100"",""taker_side"":""no"",""ticker"":""KXBTC15M-26APR271930-30"",""trade_id"":""869efbc6-2ad5-6b39-4048-108161c981fe"",""yes_price_dollars"":""0.5900""}"
KXBTC15M-26APR271930-30,41ae8afb-80f1-6236-4485-bcaac5607c78,1777331734,0.59,10.0,no,"{""count_fp"":""10.00"",""created_time"":""2026-04-27T23:15:34.056882Z"",""no_price_dollars"":""0.4100"",""taker_side"":""no"",""ticker"":""KXBTC15M-26APR271930-30"",""trade_id"":""41ae8afb-80f1-6236-4485-bcaac5607c78"",""yes_price_dollars"":""0.5900""}"
KXBTC15M-26APR271930-30,e77daeec-9787-5e25-9525-73c68a81c6ef,1777331735,0.65,4.0,yes,"{""count_fp"":""4.00"",""created_time"":""2026-04-27T23:15:35.832136Z"",""no_price_dollars"":""0.3500"",""taker_side"":""yes"",""ticker"":""KXBTC15M-26APR271930-30"",""trade_id"":""e77daeec-9787-5e25-9525-73c68a81c6ef"",""yes_price_dollars"":""0.6500""}"
KXBTC15M-26APR271930-30,079a4a0d-8a65-54cc-8ade-872d3f19e231,1777331735,0.65,1.0,yes,"{""count_fp"":""1.00"",""created_time"":""2026-04-27T23:15:35.832136Z"",""no_price_dollars"":""0.3500"",""taker_side"":""yes"",""ticker"":""KXBTC15M-26APR271930-30"",""trade_id"":""079a4a0d-8a65-54cc-8ade-872d3f19e231"",""yes_price_dollars"":""0.6500""}"
KXBTC15M-26APR271930-30,6e050c77-caa7-608d-5b6b-0cf90e540029,1777331735,0.64,11.0,no,"{""count_fp"":""11.00"",""created_time"":""2026-04-27T23:15:35.793468Z"",""no_price_dollars"":""0.3600"",""taker_side"":""no"",""ticker"":""KXBTC15M-26APR271930-30"",""trade_id"":""6e050c77-caa7-608d-5b6b-0cf90e540029"",""yes_price_dollars"":""0.6400""}"
KXBTC15M-26APR271930-30,163507e4-0fad-6c05-6d26-4c2883564e77,1777331735,0.64,173.74,no,"{""count_fp"":""173.74"",""created_time"":""2026-04-27T23:15:35.793468Z"",""no_price_dollars"":""0.3600"",""taker_side"":""no"",""ticker"":""KXBTC15M-26APR271930-30"",""trade_id"":""163507e4-0fad-6c05-6d26-4c2883564e77"",""yes_price_dollars"":""0.6400""}"
KXBTC15M-26APR271930-30,374f18cf-830a-7647-47a8-4543d653eba5,1777331735,0.62,5.0,yes,"{""count_fp"":""5.00"",""created_time"":""2026-04-27T23:15:35.163341Z"",""no_price_dollars"":""0.3800"",""taker_side"":""yes"",""ticker"":""KXBTC15M-26APR271930-30"",""trade_id"":""374f18cf-830a-7647-47a8-4543d653eba5"",""yes_price_dollars"":""0.6200""}"
KXBTC15M-26APR271930-30,6666a1d6-62c6-54ef-61f8-7d9c74f45a52,1777331735,0.62,3.0,yes,"{""count_fp"":""3.00"",""created_time"":""2026-04-27T23:15:35.152249Z"",""no_price_dollars"":""0.3800"",""taker_side"":""yes"",""ticker"":""KXBTC15M-26APR271930-30"",""trade_id"":""6666a1d6-62c6-54ef-61f8-7d9c74f45a52"",""yes_price_dollars"":""0.6200""}"
KXBTC15M-26APR271930-30,c254e2cc-79cf-7491-5173-8c93621e2f62,1777331735,0.62,151.85,yes,"{""count_fp"":""151.85"",""created_time"":""2026-04-27T23:15:35.080948Z"",""no_price_dollars"":""0.3800"",""taker_side"":""yes"",""ticker"":""KXBTC15M-26APR271930-30"",""trade_id"":""c254e2cc-79cf-7491-5173-8c93621e2f62"",""yes_price_dollars"":""0.6200""}"
KXBTC15M-26APR271930-30,cdf50e83-337c-59af-ae2d-873618a96284,1777331736,0.65,5.0,yes,"{""count_fp"":""5.00"",""created_time"":""2026-04-27T23:15:36.407213Z"",""no_price_dollars"":""0.3500"",""taker_side"":""yes"",""ticker"":""KXBTC15M-26APR271930-30"",""trade_id"":""cdf50e83-337c-59af-ae2d-873618a96284"",""yes_price_dollars"":""0.6500""}"
KXBTC15M-26APR271930-30,95697326-491b-59e3-85e3-601ea04322a6,1777331736,0.65,24.83,yes,"{""count_fp"":""24.83"",""created_time"":""2026-04-27T23:15:36.407213Z"",""no_price_dollars"":""0.3500"",""taker_side"":""yes"",""ticker"":""KXBTC15M-26APR271930-30"",""trade_id"":""95697326-491b-59e3-85e3-601ea04322a6"",""yes_price_dollars"":""0.6500""}"
KXBTC15M-26APR271930-30,d5fc291f-aec7-49ff-7194-207b48f36e99,1777331737,0.66,22.06,yes,"{""count_fp"":""22.06"",""created_time"":""2026-04-27T23:15:37.964225Z"",""no_price_dollars"":""0.3400"",""taker_side"":""yes"",""ticker"":""KXBTC15M-26APR271930-30"",""trade_id"":""d5fc291f-aec7-49ff-7194-207b48f36e99"",""yes_price_dollars"":""0.6600""}"
KXBTC15M-26APR271930-30,ac2b6e90-1871-5859-9eef-857a63a9e273,1777331737,0.64,10.0,no,"{""count_fp"":""10.00"",""created_time"":""2026-04-27T23:15:37.747689Z"",""no_price_dollars"":""0.3600"",""taker_side"":""no"",""ticker"":""KXBTC15M-26APR271930-30"",""trade_id"":""ac2b6e90-1871-5859-9eef-857a63a9e273"",""yes_price_dollars"":""0.6400""}"
KXBTC15M-26APR271930-30,ddbd1972-e6cf-7ecf-ac97-931068cf4b99,1777331737,0.66,11.69,yes,"{""count_fp"":""11.69"",""created_time"":""2026-04-27T23:15:37.701309Z"",""no_price_dollars"":""0.3400"",""taker_side"":""yes"",""ticker"":""KXBTC15M-26APR271930-30"",""trade_id"":""ddbd1972-e6cf-7ecf-ac97-931068cf4b99"",""yes_price_dollars"":""0.6600""}"
KXBTC15M-26APR271930-30,71a78e23-cc6d-7c59-980f-8786ffda0e8e,1777331737,0.65,3.0,yes,"{""count_fp"":""3.00"",""created_time"":""2026-04-27T23:15:37.701309Z"",""no_price_dollars"":""0.3500"",""taker_side"":""yes"",""ticker"":""KXBTC15M-26APR271930-30"",""trade_id"":""71a78e23-cc6d-7c59-980f-8786ffda0e8e"",""yes_price_dollars"":""0.6500""}"
KXBTC15M-26APR271930-30,d70641d2-6c39-7ded-28c9-43ac95f6da2f,1777331737,0.64,43.18,no,"{""count_fp"":""43.18"",""created_time"":""2026-04-27T23:15:37.689354Z"",""no_price_dollars"":""0.3600"",""taker_side"":""no"",""ticker"":""KXBTC15M-26APR271930-30"",""trade_id"":""d70641d2-6c39-7ded-28c9-43ac95f6da2f"",""yes_price_dollars"":""0.6400""}"
KXBTC15M-26APR271930-30,8ef8b1f6-d8b6-6928-f9a9-2f75c0b05b5d,1777331737,0.65,14.91,yes,"{""count_fp"":""14.91"",""created_time"":""2026-04-27T23:15:37.412739Z"",""no_price_dollars"":""0.3500"",""taker_side"":""yes"",""ticker"":""KXBTC15M-26APR271930-30"",""trade_id"":""8ef8b1f6-d8b6-6928-f9a9-2f75c0b05b5d"",""yes_price_dollars"":""0.6500""}"
KXBTC15M-26APR271930-30,bbf5e538-fb22-44f8-bc0d-fbae63938d65,1777331737,0.65,143.37,yes,"{""count_fp"":""143.37"",""created_time"":""2026-04-27T23:15:37.395283Z"",""no_price_dollars"":""0.3500"",""taker_side"":""yes"",""ticker"":""KXBTC15M-26APR271930-30"",""trade_id"":""bbf5e538-fb22-44f8-bc0d-fbae63938d65"",""yes_price_dollars"":""0.6500""}"
KXBTC15M-26APR271930-30,5010bf62-a147-49ec-b4da-129ea421bdbc,1777331737,0.65,6.79,yes,"{""count_fp"":""6.79"",""created_time"":""2026-04-27T23:15:37.395283Z"",""no_price_dollars"":""0.3500"",""taker_side"":""yes"",""ticker"":""KXBTC15M-26APR271930-30"",""trade_id"":""5010bf62-a147-49ec-b4da-129ea421bdbc"",""yes_price_dollars"":""0.6500""}"
KXBTC15M-26APR271930-30,5028378c-7207-691b-d2d1-872e781378c2,1777331737,0.65,14.07,yes,"{""count_fp"":""14.07"",""created_time"":""2026-04-27T23:15:37.387756Z"",""no_price_dollars"":""0.3500"",""taker_side"":""yes"",""ticker"":""KXBTC15M-26APR271930-30"",""trade_id"":""5028378c-7207-691b-d2d1-872e781378c2"",""yes_price_dollars"":""0.6500""}"
KXBTC15M-26APR271930-30,205aee5f-b319-61b4-f7eb-0ecc4ca81813,1777331737,0.65,3.0,yes,"{""count_fp"":""3.00"",""created_time"":""2026-04-27T23:15:37.387756Z"",""no_price_dollars"":""0.3500"",""taker_side"":""yes"",""ticker"":""KXBTC15M-26APR271930-30"",""trade_id"":""205aee5f-b319-61b4-f7eb-0ecc4ca81813"",""yes_price_dollars"":""0.6500""}"
KXBTC15M-26APR271930-30,1193cb90-a5d7-69e0-f607-bbd689950348,1777331737,0.65,5.21,yes,"{""count_fp"":""5.21"",""created_time"":""2026-04-27T23:15:37.387756Z"",""no_price_dollars"":""0.3500"",""taker_side"":""yes"",""ticker"":""KXBTC15M-26APR271930-30"",""trade_id"":""1193cb90-a5d7-69e0-f607-bbd689950348"",""yes_price_dollars"":""0.6500""}"
KXBTC15M-26APR271930-30,2755b1ea-754f-717f-cbb3-74374c0f7bde,1777331737,0.65,51.0,yes,"{""count_fp"":""51.00"",""created_time"":""2026-04-27T23:15:37.210472Z"",""no_price_dollars"":""0.3500"",""taker_side"":""yes"",""ticker"":""KXBTC15M-26APR271930-30"",""trade_id"":""2755b1ea-754f-717f-cbb3-74374c0f7bde"",""yes_price_dollars"":""0.6500""}"
KXBTC15M-26APR271930-30,1abaf03b-3fbd-53b5-a823-724faf5c015b,1777331737,0.64,11.71,no,"{""count_fp"":""11.71"",""created_time"":""2026-04-27T23:15:37.020014Z"",""no_price_dollars"":""0.3600"",""taker_side"":""no"",""ticker"":""KXBTC15M-26APR271930-30"",""trade_id"":""1abaf03b-3fbd-53b5-a823-724faf5c015b"",""yes_price_dollars"":""0.6400""}"
KXBTC15M-26APR271930-30,cb00eb03-5a65-4639-d85b-77e437d573c3,1777331738,0.64,26.58,no,"{""count_fp"":""26.58"",""created_time"":""2026-04-27T23:15:38.490183Z"",""no_price_dollars"":""0.3600"",""taker_side"":""no"",""ticker"":""KXBTC15M-26APR271930-30"",""trade_id"":""cb00eb03-5a65-4639-d85b-77e437d573c3"",""yes_price_dollars"":""0.6400""}"
KXBTC15M-26APR271930-30,63a9369c-f6c1-6cf5-466b-b2b91d8c3ecb,1777331738,0.64,95.96,no,"{""count_fp"":""95.96"",""created_time"":""2026-04-27T23:15:38.440038Z"",""no_price_dollars"":""0.3600"",""taker_side"":""no"",""ticker"":""KXBTC15M-26APR271930-30"",""trade_id"":""63a9369c-f6c1-6cf5-466b-b2b91d8c3ecb"",""yes_price_dollars"":""0.6400""}"
KXBTC15M-26APR271930-30,06f54b64-bc99-58d9-c79f-d7145166d35b,1777331738,0.64,2.39,no,"{""count_fp"":""2.39"",""created_time"":""2026-04-27T23:15:38.130761Z"",""no_price_dollars"":""0.3600"",""taker_side"":""no"",""ticker"":""KXBTC15M-26APR271930-30"",""trade_id"":""06f54b64-bc99-58d9-c79f-d7145166d35b"",""yes_price_dollars"":""0.6400""}"
KXBTC15M-26APR271930-30,ebeb1458-a6c5-4f34-6161-f8d63fd06841,1777331738,0.65,3.0,yes,"{""count_fp"":""3.00"",""created_time"":""2026-04-27T23:15:38.049243Z"",""no_price_dollars"":""0.3500"",""taker_side"":""yes"",""ticker"":""KXBTC15M-26APR271930-30"",""trade_id"":""ebeb1458-a6c5-4f34-6161-f8d63fd06841"",""yes_price_dollars"":""0.6500""}"
KXBTC15M-26APR271930-30,a2a5d77d-90a1-7719-90a2-f90d1eca5397,1777331738,0.64,4.06,no,"{""count_fp"":""4.06"",""created_time"":""2026-04-27T23:15:38.048614Z"",""no_price_dollars"":""0.3600"",""taker_side"":""no"",""ticker"":""KXBTC15M-26APR271930-30"",""trade_id"":""a2a5d77d-90a1-7719-90a2-f90d1eca5397"",""yes_price_dollars"":""0.6400""}"
KXBTC15M-26APR271930-30,c98ac419-340f-6f1a-0bad-0d79ff9f3900,1777331739,0.65,5.0,yes,"{""count_fp"":""5.00"",""created_time"":""2026-04-27T23:15:39.779189Z"",""no_price_dollars"":""0.3500"",""taker_side"":""yes"",""ticker"":""KXBTC15M-26APR271930-30"",""trade_id"":""c98ac419-340f-6f1a-0bad-0d79ff9f3900"",""yes_price_dollars"":""0.6500""}"
KXBTC15M-26APR271930-30,c8b7405c-9bf3-6dc6-2f39-d35271f1ed94,1777331739,0.66,56.0,yes,"{""count_fp"":""56.00"",""created_time"":""2026-04-27T23:15:39.779189Z"",""no_price_dollars"":""0.3400"",""taker_side"":""yes"",""ticker"":""KXBTC15M-26APR271930-30"",""trade_id"":""c8b7405c-9bf3-6dc6-2f39-d35271f1ed94"",""yes_price_dollars"":""0.6600""}"
KXBTC15M-26APR271930-30,6d1eb1f0-c152-6640-1708-bf2fb75b66aa,1777331739,0.66,164.48,yes,"{""count_fp"":""164.48"",""created_time"":""2026-04-27T23:15:39.779189Z"",""no_price_dollars"":""0.3400"",""taker_side"":""yes"",""ticker"":""KXBTC15M-26APR271930-30"",""trade_id"":""6d1eb1f0-c152-6640-1708-bf2fb75b66aa"",""yes_price_dollars"":""0.6600""}"
KXBTC15M-26APR271930-30,39160622-174d-6721-3293-5bad26dffcd6,1777331739,0.65,5.06,yes,"{""count_fp"":""5.06"",""created_time"":""2026-04-27T23:15:39.779189Z"",""no_price_dollars"":""0.3500"",""taker_side"":""yes"",""ticker"":""KXBTC15M-26APR271930-30"",""trade_id"":""39160622-174d-6721-3293-5bad26dffcd6"",""yes_price_dollars"":""0.6500""}"
KXBTC15M-26APR271930-30,250250da-b967-6668-0593-3bc932a9a836,1777331739,0.65,10.0,yes,"{""count_fp"":""10.00"",""created_time"":""2026-04-27T23:15:39.779189Z"",""no_price_dollars"":""0.3500"",""taker_side"":""yes"",""ticker"":""KXBTC15M-26APR271930-30"",""trade_id"":""250250da-b967-6668-0593-3bc932a9a836"",""yes_price_dollars"":""0.6500""}"
KXBTC15M-26APR271930-30,92a06007-ca34-707d-1c00-5de1358e4e03,1777331739,0.64,5.06,no,"{""count_fp"":""5.06"",""created_time"":""2026-04-27T23:15:39.692599Z"",""no_price_dollars"":""0.3600"",""taker_side"":""no"",""ticker"":""KXBTC15M-26APR271930-30"",""trade_id"":""92a06007-ca34-707d-1c00-5de1358e4e03"",""yes_price_dollars"":""0.6400""}"
KXBTC15M-26APR271930-30,90b8297e-f8ad-4240-51bd-eb813a3eb772,1777331739,0.64,26.43,no,"{""count_fp"":""26.43"",""created_time"":""2026-04-27T23:15:39.681913Z"",""no_price_dollars"":""0.3600"",""taker_side"":""no"",""ticker"":""KXBTC15M-26APR271930-30"",""trade_id"":""90b8297e-f8ad-4240-51bd-eb813a3eb772"",""yes_price_dollars"":""0.6400""}"
KXBTC15M-26APR271930-30,cf3a73a0-40b1-65bd-c104-b83469a97af1,1777331739,0.65,2.5,yes,"{""count_fp"":""2.50"",""created_time"":""2026-04-27T23:15:39.595615Z"",""no_price_dollars"":""0.3500"",""taker_side"":""yes"",""ticker"":""KXBTC15M-26APR271930-30"",""trade_id"":""cf3a73a0-40b1-65bd-c104-b83469a97af1"",""yes_price_dollars"":""0.6500""}"
KXBTC15M-26APR271930-30,4b988a89-6c8a-62f8-c64d-cc84f8b9c839,1777331739,0.66,8.78,yes,"{""count_fp"":""8.78"",""created_time"":""2026-04-27T23:15:39.595615Z"",""no_price_dollars"":""0.3400"",""taker_side"":""yes"",""ticker"":""KXBTC15M-26APR271930-30"",""trade_id"":""4b988a89-6c8a-62f8-c64d-cc84f8b9c839"",""yes_price_dollars"":""0.6600""}"
KXBTC15M-26APR271930-30,32d42192-e745-6496-c113-421991555479,1777331739,0.66,3.0,yes,"{""count_fp"":""3.00"",""created_time"":""2026-04-27T23:15:39.595615Z"",""no_price_dollars"":""0.3400"",""taker_side"":""yes"",""ticker"":""KXBTC15M-26APR271930-30"",""trade_id"":""32d42192-e745-6496-c113-421991555479"",""yes_price_dollars"":""0.6600""}"
KXBTC15M-26APR271930-30,949af5db-f9b1-463d-927c-b19cdca63109,1777331739,0.65,7.5,yes,"{""count_fp"":""7.50"",""created_time"":""2026-04-27T23:15:39.594174Z"",""no_price_dollars"":""0.3500"",""taker_side"":""yes"",""ticker"":""KXBTC15M-26APR271930-30"",""trade_id"":""949af5db-f9b1-463d-927c-b19cdca63109"",""yes_price_dollars"":""0.6500""}"
KXBTC15M-26APR271930-30,fbce6eab-8eba-4707-5856-e8a144eb9e9f,1777331739,0.63,1000.28,no,"{""count_fp"":""1000.28"",""created_time"":""2026-04-27T23:15:39.334235Z"",""no_price_dollars"":""0.3700"",""taker_side"":""no"",""ticker"":""KXBTC15M-26APR271930-30"",""trade_id"":""fbce6eab-8eba-4707-5856-e8a144eb9e9f"",""yes_price_dollars"":""0.6300""}"
KXBTC15M-26APR271930-30,f29073c9-7ec5-4142-588f-0321883a1c44,1777331739,0.63,56.0,no,"{""count_fp"":""56.00"",""created_time"":""2026-04-27T23:15:39.334235Z"",""no_price_dollars"":""0.3700"",""taker_side"":""no"",""ticker"":""KXBTC15M-26APR271930-30"",""trade_id"":""f29073c9-7ec5-4142-588f-0321883a1c44"",""yes_price_dollars"":""0.6300""}"
KXBTC15M-26APR271930-30,f0fb2b55-cd4a-48f3-56a8-509ad45dbf2f,1777331739,0.62,141.49,no,"{""count_fp"":""141.49"",""created_time"":""2026-04-27T23:15:39.334235Z"",""no_price_dollars"":""0.3800"",""taker_side"":""no"",""ticker"":""KXBTC15M-26APR271930-30"",""trade_id"":""f0fb2b55-cd4a-48f3-56a8-509ad45dbf2f"",""yes_price_dollars"":""0.6200""}"
KXBTC15M-26APR271930-30,eee6d85c-086f-4cbf-464a-e9ed2f0b319c,1777331739,0.64,10.0,no,"{""count_fp"":""10.00"",""created_time"":""2026-04-27T23:15:39.334235Z"",""no_price_dollars"":""0.3600"",""taker_side"":""no"",""ticker"":""KXBTC15M-26APR271930-30"",""trade_id"":""eee6d85c-086f-4cbf-464a-e9ed2f0b319c"",""yes_price_dollars"":""0.6400""}"
KXBTC15M-26APR271930-30,dea50f06-b6bd-460d-6710-03093890c58f,1777331739,0.64,132.38,no,"{""count_fp"":""132.38"",""created_time"":""2026-04-27T23:15:39.334235Z"",""no_price_dollars"":""0.3600"",""taker_side"":""no"",""ticker"":""KXBTC15M-26APR271930-30"",""trade_id"":""dea50f06-b6bd-460d-6710-03093890c58f"",""yes_price_dollars"":""0.6400""}"
KXBTC15M-26APR271930-30,a038e122-fa9b-49e8-4f28-71dbcf6c5af8,1777331739,0.64,58.0,no,"{""count_fp"":""58.00"",""created_time"":""2026-04-27T23:15:39.334235Z"",""no_price_dollars"":""0.3600"",""taker_side"":""no"",""ticker"":""KXBTC15M-26APR271930-30"",""trade_id"":""a038e122-fa9b-49e8-4f28-71dbcf6c5af8"",""yes_price_dollars"":""0.6400""}"
KXBTC15M-26APR271930-30,38073dea-acfe-4f01-70c0-04b4b8dd8b17,1777331739,0.63,100.0,no,"{""count_fp"":""100.00"",""created_time"":""2026-04-27T23:15:39.334235Z"",""no_price_dollars"":""0.3700"",""taker_side"":""no"",""ticker"":""KXBTC15M-26APR271930-30"",""trade_id"":""38073dea-acfe-4f01-70c0-04b4b8dd8b17"",""yes_price_dollars"":""0.6300""}"
KXBTC15M-26APR271930-30,066360f3-7d60-47c5-59c8-019682224e1d,1777331739,0.64,3.0,no,"{""count_fp"":""3.00"",""created_time"":""2026-04-27T23:15:39.334235Z"",""no_price_dollars"":""0.3600"",""taker_side"":""no"",""ticker"":""KXBTC15M-26APR271930-30"",""trade_id"":""066360f3-7d60-47c5-59c8-019682224e1d"",""yes_price_dollars"":""0.6400""}"
KXBTC15M-26APR271930-30,a9ac5003-8851-6df4-baf4-470c49465546,1777331740,0.64,3.52,no,"{""count_fp"":""3.52"",""created_time"":""2026-04-27T23:15:40.868424Z"",""no_price_dollars"":""0.3600"",""taker_side"":""no"",""ticker"":""KXBTC15M-26APR271930-30"",""trade_id"":""a9ac5003-8851-6df4-baf4-470c49465546"",""yes_price_dollars"":""0.6400""}"
KXBTC15M-26APR271930-30,6035be73-b58d-7480-60eb-b3936a5601b6,1777331740,0.64,20.0,no,"{""count_fp"":""20.00"",""created_time"":""2026-04-27T23:15:40.825855Z"",""no_price_dollars"":""0.3600"",""taker_side"":""no"",""ticker"":""KXBTC15M-26APR271930-30"",""trade_id"":""6035be73-b58d-7480-60eb-b3936a5601b6"",""yes_price_dollars"":""0.6400""}"
KXBTC15M-26APR271930-30,75a0874f-723d-61d0-b187-46957b1f0f82,1777331740,0.64,5.31,no,"{""count_fp"":""5.31"",""created_time"":""2026-04-27T23:15:40.622035Z"",""no_price_dollars"":""0.3600"",""taker_side"":""no"",""ticker"":""KXBTC15M-26APR271930-30"",""trade_id"":""75a0874f-723d-61d0-b187-46957b1f0f82"",""yes_price_dollars"":""0.6400""}"
KXBTC15M-26APR271930-30,c022efd0-bbc4-4d00-783d-e37dab8c1731,1777331740,0.66,9.7,yes,"{""count_fp"":""9.70"",""created_time"":""2026-04-27T23:15:40.234685Z"",""no_price_dollars"":""0.3400"",""taker_side"":""yes"",""ticker"":""KXBTC15M-26APR271930-30"",""trade_id"":""c022efd0-bbc4-4d00-783d-e37dab8c1731"",""yes_price_dollars"":""0.6600""}"
KXBTC15M-26APR271930-30,9e6f27b4-cc89-4aaa-770a-05ae7dd3d4b4,1777331740,0.66,114.0,yes,"{""count_fp"":""114.00"",""created_time"":""2026-04-27T23:15:40.234685Z"",""no_price_dollars"":""0.3400"",""taker_side"":""yes"",""ticker"":""KXBTC15M-26APR271930-30"",""trade_id"":""9e6f27b4-cc89-4aaa-770a-05ae7dd3d4b4"",""yes_price_dollars"":""0.6600""}"
KXBTC15M-26APR271930-30,51da2fbb-6c5e-4f20-4ac4-123570ae6f05,1777331740,0.66,5.0,yes,"{""count_fp"":""5.00"",""created_time"":""2026-04-27T23:15:40.234685Z"",""no_price_dollars"":""0.3400"",""taker_side"":""yes"",""ticker"":""KXBTC15M-26APR271930-30"",""trade_id"":""51da2fbb-6c5e-4f20-4ac4-123570ae6f05"",""yes_price_dollars"":""0.6600""}"
KXBTC15M-26APR271930-30,43364e7b-bf08-480a-5432-34b76794b2d7,1777331740,0.66,3.0,yes,"{""count_fp"":""3.00"",""created_time"":""2026-04-27T23:15:40.234685Z"",""no_price_dollars"":""0.3400"",""taker_side"":""yes"",""ticker"":""KXBTC15M-26APR271930-30"",""trade_id"":""43364e7b-bf08-480a-5432-34b76794b2d7"",""yes_price_dollars"":""0.6600""}"
KXBTC15M-26APR271930-30,aa574c6b-d74c-4501-e963-f96d993fe95f,1777331740,0.64,4.94,no,"{""count_fp"":""4.94"",""created_time"":""2026-04-27T23:15:40.020738Z"",""no_price_dollars"":""0.3600"",""taker_side"":""no"",""ticker"":""KXBTC15M-26APR271930-30"",""trade_id"":""aa574c6b-d74c-4501-e963-f96d993fe95f"",""yes_price_dollars"":""0.6400""}"
KXBTC15M-26APR271930-30,48af0c64-e781-4958-c3f6-f71f0f048ee6,1777331740,0.64,0.06,no,"{""count_fp"":""0.06"",""created_time"":""2026-04-27T23:15:40.020738Z"",""no_price_dollars"":""0.3600"",""taker_side"":""no"",""ticker"":""KXBTC15M-26APR271930-30"",""trade_id"":""48af0c64-e781-4958-c3f6-f71f0f048ee6"",""yes_price_dollars"":""0.6400""}"
KXBTC15M-26APR271930-30,8cd80988-a4eb-67ea-82e0-e734e5c5d193,1777331741,0.65,2.91,yes,"{""count_fp"":""2.91"",""created_time"":""2026-04-27T23:15:41.908511Z"",""no_price_dollars"":""0.3500"",""taker_side"":""yes"",""ticker"":""KXBTC15M-26APR271930-30"",""trade_id"":""8cd80988-a4eb-67ea-82e0-e734e5c5d193"",""yes_price_dollars"":""0.6500""}"
KXBTC15M-26APR271930-30,cebf204d-e6bd-6d1c-0013-2573581f4a66,1777331741,0.64,200.0,no,"{""count_fp"":""200.00"",""created_time"":""2026-04-27T23:15:41.463629Z"",""no_price_dollars"":""0.3600"",""taker_side"":""no"",""ticker"":""KXBTC15M-26APR271930-30"",""trade_id"":""cebf204d-e6bd-6d1c-0013-2573581f4a66"",""yes_price_dollars"":""0.6400""}"
KXBTC15M-26APR271930-30,79ac4928-0a61-69c4-7dee-55efdc0cf7f2,1777331741,0.64,0.53,no,"{""count_fp"":""0.53"",""created_time"":""2026-04-27T23:15:41.303947Z"",""no_price_dollars"":""0.3600"",""taker_side"":""no"",""ticker"":""KXBTC15M-26APR271930-30"",""trade_id"":""79ac4928-0a61-69c4-7dee-55efdc0cf7f2"",""yes_price_dollars"":""0.6400""}"
KXBTC15M-26APR271930-30,19b63306-2589-628c-451b-d91b520a0656,1777331741,0.64,37.22,no,"{""count_fp"":""37.22"",""created_time"":""2026-04-27T23:15:41.244912Z"",""no_price_dollars"":""0.3600"",""taker_side"":""no"",""ticker"":""KXBTC15M-26APR271930-30"",""trade_id"":""19b63306-2589-628c-451b-d91b520a0656"",""yes_price_dollars"":""0.6400""}"
KXBTC15M-26APR271930-30,739463bb-0165-7a64-89a3-565eb2a64d72,1777331742,0.64,11.51,no,"{""count_fp"":""11.51"",""created_time"":""2026-04-27T23:15:42.953146Z"",""no_price_dollars"":""0.3600"",""taker_side"":""no"",""ticker"":""KXBTC15M-26APR271930-30"",""trade_id"":""739463bb-0165-7a64-89a3-565eb2a64d72"",""yes_price_dollars"":""0.6400""}"
KXBTC15M-26APR271930-30,b3b622a4-b7ad-7aa8-b6c4-0a4515633a1a,1777331742,0.64,10.63,no,"{""count_fp"":""10.63"",""created_time"":""2026-04-27T23:15:42.710101Z"",""no_price_dollars"":""0.3600"",""taker_side"":""no"",""ticker"":""KXBTC15M-26APR271930-30"",""trade_id"":""b3b622a4-b7ad-7aa8-b6c4-0a4515633a1a"",""yes_price_dollars"":""0.6400""}"
KXBTC15M-26APR271930-30,9cf0d18d-a859-611c-65d7-95be31112cb2,1777331742,0.64,0.05,no,"{""count_fp"":""0.05"",""created_time"":""2026-04-27T23:15:42.701481Z"",""no_price_dollars"":""0.3600"",""taker_side"":""no"",""ticker"":""KXBTC15M-26APR271930-30"",""trade_id"":""9cf0d18d-a859-611c-65d7-95be31112cb2"",""yes_price_dollars"":""0.6400""}"
KXBTC15M-26APR271930-30,210ad795-1d01-44e0-7e25-c37d56076192,1777331742,0.64,94.13,no,"{""count_fp"":""94.13"",""created_time"":""2026-04-27T23:15:42.344781Z"",""no_price_dollars"":""0.3600"",""taker_side"":""no"",""ticker"":""KXBTC15M-26APR271930-30"",""trade_id"":""210ad795-1d01-44e0-7e25-c37d56076192"",""yes_price_dollars"":""0.6400""}"
KXBTC15M-26APR271930-30,e91b619e-93a1-7e2a-619e-40b8b8793ea4,1777331743,0.64,8.1,no,"{""count_fp"":""8.10"",""created_time"":""2026-04-27T23:15:43.671573Z"",""no_price_dollars"":""0.3600"",""taker_side"":""no"",""ticker"":""KXBTC15M-26APR271930-30"",""trade_id"":""e91b619e-93a1-7e2a-619e-40b8b8793ea4"",""yes_price_dollars"":""0.6400""}"
KXBTC15M-26APR271930-30,d092fc73-23c3-726e-5367-014b2f203f22,1777331743,0.64,3.0,no,"{""count_fp"":""3.00"",""created_time"":""2026-04-27T23:15:43.671573Z"",""no_price_dollars"":""0.3600"",""taker_side"":""no"",""ticker"":""KXBTC15M-26APR271930-30"",""trade_id"":""d092fc73-23c3-726e-5367-014b2f203f22"",""yes_price_dollars"":""0.6400""}"
KXBTC15M-26APR271930-30,70384c53-136d-796c-6a27-f3f5f77c98da,1777331743,0.64,24.15,no,"{""count_fp"":""24.15"",""created_time"":""2026-04-27T23:15:43.671573Z"",""no_price_dollars"":""0.3600"",""taker_side"":""no"",""ticker"":""KXBTC15M-26APR271930-30"",""trade_id"":""70384c53-136d-796c-6a27-f3f5f77c98da"",""yes_price_dollars"":""0.6400""}"
KXBTC15M-26APR271930-30,335e7022-b96b-78ee-0a99-2d3750739fa3,1777331743,0.65,3.0,yes,"{""count_fp"":""3.00"",""created_time"":""2026-04-27T23:15:43.137089Z"",""no_price_dollars"":""0.3500"",""taker_side"":""yes"",""ticker"":""KXBTC15M-26APR271930-30"",""trade_id"":""335e7022-b96b-78ee-0a99-2d3750739fa3"",""yes_price_dollars"":""0.6500""}"
KXBTC15M-26APR271930-30,1a2171e5-bbc8-62e6-bedb-41eba59b741c,1777331744,0.64,7.97,no,"{""count_fp"":""7.97"",""created_time"":""2026-04-27T23:15:44.884177Z"",""no_price_dollars"":""0.3600"",""taker_side"":""no"",""ticker"":""KXBTC15M-26APR271930-30"",""trade_id"":""1a2171e5-bbc8-62e6-bedb-41eba59b741c"",""yes_price_dollars"":""0.6400""}"
KXBTC15M-26APR271930-30,0c89d30f-e330-68d2-3e59-b604b4ddb694,1777331744,0.64,5.31,no,"{""count_fp"":""5.31"",""created_time"":""2026-04-27T23:15:44.781133Z"",""no_price_dollars"":""0.3600"",""taker_side"":""no"",""ticker"":""KXBTC15M-26APR271930-30"",""trade_id"":""0c89d30f-e330-68d2-3e59-b604b4ddb694"",""yes_price_dollars"":""0.6400""}"
KXBTC15M-26APR271930-30,fe3e1f71-87de-585d-ff92-ee47e32f372f,1777331744,0.64,10.0,no,"{""count_fp"":""10.00"",""created_time"":""2026-04-27T23:15:44.358217Z"",""no_price_dollars"":""0.3600"",""taker_side"":""no"",""ticker"":""KXBTC15M-26APR271930-30"",""trade_id"":""fe3e1f71-87de-585d-ff92-ee47e32f372f"",""yes_price_dollars"":""0.6400""}"
KXBTC15M-26APR271930-30,fdd0debb-76f0-5352-c14a-b311bc9b5a68,1777331744,0.64,30.7,no,"{""count_fp"":""30.70"",""created_time"":""2026-04-27T23:15:44.358217Z"",""no_price_dollars"":""0.3600"",""taker_side"":""no"",""ticker"":""KXBTC15M-26APR271930-30"",""trade_id"":""fdd0debb-76f0-5352-c14a-b311bc9b5a68"",""yes_price_dollars"":""0.6400""}"
KXBTC15M-26APR271930-30,e545f598-86ed-5e76-f55e-416932d5c1a4,1777331744,0.64,20.3,no,"{""count_fp"":""20.30"",""created_time"":""2026-04-27T23:15:44.358217Z"",""no_price_dollars"":""0.3600"",""taker_side"":""no"",""ticker"":""KXBTC15M-26APR271930-30"",""trade_id"":""e545f598-86ed-5e76-f55e-416932d5c1a4"",""yes_price_dollars"":""0.6400""}"
KXBTC15M-26APR271930-30,4817993e-7582-516e-ff26-a65cb14e7e1c,1777331744,0.64,27.0,no,"{""count_fp"":""27.00"",""created_time"":""2026-04-27T23:15:44.358217Z"",""no_price_dollars"":""0.3600"",""taker_side"":""no"",""ticker"":""KXBTC15M-26APR271930-30"",""trade_id"":""4817993e-7582-516e-ff26-a65cb14e7e1c"",""yes_price_dollars"":""0.6400""}"
KXBTC15M-26APR271930-30,33abc849-5704-68f2-c355-1083c2d92cc4,1777331745,0.64,13.27,no,"{""count_fp"":""13.27"",""created_time"":""2026-04-27T23:15:45.891198Z"",""no_price_dollars"":""0.3600"",""taker_side"":""no"",""ticker"":""KXBTC15M-26APR271930-30"",""trade_id"":""33abc849-5704-68f2-c355-1083c2d92cc4"",""yes_price_dollars"":""0.6400""}"
KXBTC15M-26APR271930-30,b847e3f3-8c7c-731a-0d63-cdebeff9f18c,1777331745,0.64,13.29,no,"{""count_fp"":""13.29"",""created_time"":""2026-04-27T23:15:45.870884Z"",""no_price_dollars"":""0.3600"",""taker_side"":""no"",""ticker"":""KXBTC15M-26APR271930-30"",""trade_id"":""b847e3f3-8c7c-731a-0d63-cdebeff9f18c"",""yes_price_dollars"":""0.6400""}"
KXBTC15M-26APR271930-30,221bc99d-eee8-7daa-adbc-f57b41ed4074,1777331745,0.64,66.46,no,"{""count_fp"":""66.46"",""created_time"":""2026-04-27T23:15:45.805866Z"",""no_price_dollars"":""0.3600"",""taker_side"":""no"",""ticker"":""KXBTC15M-26APR271930-30"",""trade_id"":""221bc99d-eee8-7daa-adbc-f57b41ed4074"",""yes_price_dollars"":""0.6400""}"
