ticker,trade_id,ts,yes_price,count,taker_side,raw_json
KXBTC15M-26APR280130-30,2ab60d62-b3c7-5394-401b-d075ae094399,1777353300,0.5,1.0,no,"{""count_fp"":""1.00"",""created_time"":""2026-04-28T05:15:00.926671Z"",""no_price_dollars"":""0.5000"",""taker_side"":""no"",""ticker"":""KXBTC15M-26APR280130-30"",""trade_id"":""2ab60d62-b3c7-5394-401b-d075ae094399"",""yes_price_dollars"":""0.5000""}"
KXBTC15M-26APR280130-30,73936075-8a8c-745e-5eb5-76adb9eac7cd,1777353300,0.5,9.0,yes,"{""count_fp"":""9.00"",""created_time"":""2026-04-28T05:15:00.633273Z"",""no_price_dollars"":""0.5000"",""taker_side"":""yes"",""ticker"":""KXBTC15M-26APR280130-30"",""trade_id"":""73936075-8a8c-745e-5eb5-76adb9eac7cd"",""yes_price_dollars"":""0.5000""}"
KXBTC15M-26APR280130-30,f1e34f25-92c7-4727-fc3c-6a890f53ee60,1777353301,0.51,120.0,no,"{""count_fp"":""120.00"",""created_time"":""2026-04-28T05:15:01.681611Z"",""no_price_dollars"":""0.4900"",""taker_side"":""no"",""ticker"":""KXBTC15M-26APR280130-30"",""trade_id"":""f1e34f25-92c7-4727-fc3c-6a890f53ee60"",""yes_price_dollars"":""0.5100""}"
KXBTC15M-26APR280130-30,609b3145-bac7-563b-d77e-83b26ebb0028,1777353301,0.51,1.0,no,"{""count_fp"":""1.00"",""created_time"":""2026-04-28T05:15:01.517952Z"",""no_price_dollars"":""0.4900"",""taker_side"":""no"",""ticker"":""KXBTC15M-26APR280130-30"",""trade_id"":""609b3145-bac7-563b-d77e-83b26ebb0028"",""yes_price_dollars"":""0.5100""}"
KXBTC15M-26APR280130-30,8b4753ff-ad9f-7197-c949-a12295dfaa08,1777353303,0.55,29.0,no,"{""count_fp"":""29.00"",""created_time"":""2026-04-28T05:15:03.643523Z"",""no_price_dollars"":""0.4500"",""taker_side"":""no"",""ticker"":""KXBTC15M-26APR280130-30"",""trade_id"":""8b4753ff-ad9f-7197-c949-a12295dfaa08"",""yes_price_dollars"":""0.5500""}"
KXBTC15M-26APR280130-30,52187cae-b623-7b91-0c2f-59095731ad31,1777353303,0.54,11.0,no,"{""count_fp"":""11.00"",""created_time"":""2026-04-28T05:15:03.361685Z"",""no_price_dollars"":""0.4600"",""taker_side"":""no"",""ticker"":""KXBTC15M-26APR280130-30"",""trade_id"":""52187cae-b623-7b91-0c2f-59095731ad31"",""yes_price_dollars"":""0.5400""}"
KXBTC15M-26APR280130-30,fabba86c-5c19-6987-0ea9-dd01392270bb,1777353303,0.55,100.0,yes,"{""count_fp"":""100.00"",""created_time"":""2026-04-28T05:15:03.123089Z"",""no_price_dollars"":""0.4500"",""taker_side"":""yes"",""ticker"":""KXBTC15M-26APR280130-30"",""trade_id"":""fabba86c-5c19-6987-0ea9-dd01392270bb"",""yes_price_dollars"":""0.5500""}"
KXBTC15M-26APR280130-30,a440f5d1-2d44-6a7d-14f5-462f830886af,1777353303,0.55,1.0,yes,"{""count_fp"":""1.00"",""created_time"":""2026-04-28T05:15:03.123089Z"",""no_price_dollars"":""0.4500"",""taker_side"":""yes"",""ticker"":""KXBTC15M-26APR280130-30"",""trade_id"":""a440f5d1-2d44-6a7d-14f5-462f830886af"",""yes_price_dollars"":""0.5500""}"
KXBTC15M-26APR280130-30,9faf2f5f-d9ed-6d8d-2430-583cac8db0c8,1777353303,0.56,1.0,yes,"{""count_fp"":""1.00"",""created_time"":""2026-04-28T05:15:03.123089Z"",""no_price_dollars"":""0.4400"",""taker_side"":""yes"",""ticker"":""KXBTC15M-26APR280130-30"",""trade_id"":""9faf2f5f-d9ed-6d8d-2430-583cac8db0c8"",""yes_price_dollars"":""0.5600""}"
KXBTC15M-26APR280130-30,6a092ca0-49c0-6d0a-1e35-828316cfeb50,1777353303,0.55,56.0,yes,"{""count_fp"":""56.00"",""created_time"":""2026-04-28T05:15:03.123089Z"",""no_price_dollars"":""0.4500"",""taker_side"":""yes"",""ticker"":""KXBTC15M-26APR280130-30"",""trade_id"":""6a092ca0-49c0-6d0a-1e35-828316cfeb50"",""yes_price_dollars"":""0.5500""}"
KXBTC15M-26APR280130-30,19626073-18c7-621a-2a99-cd8f70d950a7,1777353303,0.54,34.0,yes,"{""count_fp"":""34.00"",""created_time"":""2026-04-28T05:15:03.123089Z"",""no_price_dollars"":""0.4600"",""taker_side"":""yes"",""ticker"":""KXBTC15M-26APR280130-30"",""trade_id"":""19626073-18c7-621a-2a99-cd8f70d950a7"",""yes_price_dollars"":""0.5400""}"
KXBTC15M-26APR280130-30,12e39b2c-bc56-69c5-04d9-e7675fb8c160,1777353303,0.57,7.0,yes,"{""count_fp"":""7.00"",""created_time"":""2026-04-28T05:15:03.123089Z"",""no_price_dollars"":""0.4300"",""taker_side"":""yes"",""ticker"":""KXBTC15M-26APR280130-30"",""trade_id"":""12e39b2c-bc56-69c5-04d9-e7675fb8c160"",""yes_price_dollars"":""0.5700""}"
KXBTC15M-26APR280130-30,0f55e898-1913-693c-3c93-704d197e4da2,1777353303,0.57,1.0,yes,"{""count_fp"":""1.00"",""created_time"":""2026-04-28T05:15:03.123089Z"",""no_price_dollars"":""0.4300"",""taker_side"":""yes"",""ticker"":""KXBTC15M-26APR280130-30"",""trade_id"":""0f55e898-1913-693c-3c93-704d197e4da2"",""yes_price_dollars"":""0.5700""}"
KXBTC15M-26APR280130-30,e9f58425-b59c-6f63-32c5-91e8b5ccf31d,1777353303,0.54,59.0,yes,"{""count_fp"":""59.00"",""created_time"":""2026-04-28T05:15:03.089334Z"",""no_price_dollars"":""0.4600"",""taker_side"":""yes"",""ticker"":""KXBTC15M-26APR280130-30"",""trade_id"":""e9f58425-b59c-6f63-32c5-91e8b5ccf31d"",""yes_price_dollars"":""0.5400""}"
KXBTC15M-26APR280130-30,dc666dac-c007-60ce-3937-e6406aa720b7,1777353303,0.54,20.0,yes,"{""count_fp"":""20.00"",""created_time"":""2026-04-28T05:15:03.089334Z"",""no_price_dollars"":""0.4600"",""taker_side"":""yes"",""ticker"":""KXBTC15M-26APR280130-30"",""trade_id"":""dc666dac-c007-60ce-3937-e6406aa720b7"",""yes_price_dollars"":""0.5400""}"
KXBTC15M-26APR280130-30,d282c70b-30b1-6a6b-1b7a-b7cfb61ed8a1,1777353303,0.54,1.0,yes,"{""count_fp"":""1.00"",""created_time"":""2026-04-28T05:15:03.089334Z"",""no_price_dollars"":""0.4600"",""taker_side"":""yes"",""ticker"":""KXBTC15M-26APR280130-30"",""trade_id"":""d282c70b-30b1-6a6b-1b7a-b7cfb61ed8a1"",""yes_price_dollars"":""0.5400""}"
KXBTC15M-26APR280130-30,c0680499-f2a5-6532-3b2d-5361ba5d1d42,1777353303,0.54,28.0,yes,"{""count_fp"":""28.00"",""created_time"":""2026-04-28T05:15:03.089334Z"",""no_price_dollars"":""0.4600"",""taker_side"":""yes"",""ticker"":""KXBTC15M-26APR280130-30"",""trade_id"":""c0680499-f2a5-6532-3b2d-5361ba5d1d42"",""yes_price_dollars"":""0.5400""}"
KXBTC15M-26APR280130-30,97c59208-3117-6479-0975-d1c22bd8db22,1777353303,0.54,64.0,yes,"{""count_fp"":""64.00"",""created_time"":""2026-04-28T05:15:03.089334Z"",""no_price_dollars"":""0.4600"",""taker_side"":""yes"",""ticker"":""KXBTC15M-26APR280130-30"",""trade_id"":""97c59208-3117-6479-0975-d1c22bd8db22"",""yes_price_dollars"":""0.5400""}"
KXBTC15M-26APR280130-30,8b09da54-8b2b-6a98-2216-8dd150f41ac2,1777353303,0.54,28.0,yes,"{""count_fp"":""28.00"",""created_time"":""2026-04-28T05:15:03.089334Z"",""no_price_dollars"":""0.4600"",""taker_side"":""yes"",""ticker"":""KXBTC15M-26APR280130-30"",""trade_id"":""8b09da54-8b2b-6a98-2216-8dd150f41ac2"",""yes_price_dollars"":""0.5400""}"
KXBTC15M-26APR280130-30,0701810c-b56e-5359-8e0c-83ff38ea5f0f,1777353304,0.53,0.3,no,"{""count_fp"":""0.30"",""created_time"":""2026-04-28T05:15:04.711919Z"",""no_price_dollars"":""0.4700"",""taker_side"":""no"",""ticker"":""KXBTC15M-26APR280130-30"",""trade_id"":""0701810c-b56e-5359-8e0c-83ff38ea5f0f"",""yes_price_dollars"":""0.5300""}"
KXBTC15M-26APR280130-30,c3256555-de9e-7e9d-3706-7658720b609f,1777353304,0.53,24.0,no,"{""count_fp"":""24.00"",""created_time"":""2026-04-28T05:15:04.587701Z"",""no_price_dollars"":""0.4700"",""taker_side"":""no"",""ticker"":""KXBTC15M-26APR280130-30"",""trade_id"":""c3256555-de9e-7e9d-3706-7658720b609f"",""yes_price_dollars"":""0.5300""}"
KXBTC15M-26APR280130-30,43412265-c5f9-7aaf-13fc-1c1fafd862b8,1777353304,0.53,10.0,no,"{""count_fp"":""10.00"",""created_time"":""2026-04-28T05:15:04.587701Z"",""no_price_dollars"":""0.4700"",""taker_side"":""no"",""ticker"":""KXBTC15M-26APR280130-30"",""trade_id"":""43412265-c5f9-7aaf-13fc-1c1fafd862b8"",""yes_price_dollars"":""0.5300""}"
KXBTC15M-26APR280130-30,c4b17585-dea2-4e58-7334-523d088afdee,1777353305,0.54,42.94,yes,"{""count_fp"":""42.94"",""created_time"":""2026-04-28T05:15:05.228882Z"",""no_price_dollars"":""0.4600"",""taker_side"":""yes"",""ticker"":""KXBTC15M-26APR280130-30"",""trade_id"":""c4b17585-dea2-4e58-7334-523d088afdee"",""yes_price_dollars"":""0.5400""}"
KXBTC15M-26APR280130-30,f1bb0885-4ec2-7600-6343-1cfb2ee121ce,1777353306,0.54,77.06,yes,"{""count_fp"":""77.06"",""created_time"":""2026-04-28T05:15:06.695917Z"",""no_price_dollars"":""0.4600"",""taker_side"":""yes"",""ticker"":""KXBTC15M-26APR280130-30"",""trade_id"":""f1bb0885-4ec2-7600-6343-1cfb2ee121ce"",""yes_price_dollars"":""0.5400""}"
KXBTC15M-26APR280130-30,df9567c6-334e-7a6e-7126-880931943bd9,1777353306,0.54,30.0,yes,"{""count_fp"":""30.00"",""created_time"":""2026-04-28T05:15:06.695917Z"",""no_price_dollars"":""0.4600"",""taker_side"":""yes"",""ticker"":""KXBTC15M-26APR280130-30"",""trade_id"":""df9567c6-334e-7a6e-7126-880931943bd9"",""yes_price_dollars"":""0.5400""}"
KXBTC15M-26APR280130-30,d286f475-f718-715d-53c3-2ba18b5ae7c9,1777353306,0.56,30.0,yes,"{""count_fp"":""30.00"",""created_time"":""2026-04-28T05:15:06.695917Z"",""no_price_dollars"":""0.4400"",""taker_side"":""yes"",""ticker"":""KXBTC15M-26APR280130-30"",""trade_id"":""d286f475-f718-715d-53c3-2ba18b5ae7c9"",""yes_price_dollars"":""0.5600""}"
KXBTC15M-26APR280130-30,d08fcc0f-e47a-710c-5722-7d53f0ca5cad,1777353306,0.55,11.0,yes,"{""count_fp"":""11.00"",""created_time"":""2026-04-28T05:15:06.695917Z"",""no_price_dollars"":""0.4500"",""taker_side"":""yes"",""ticker"":""KXBTC15M-26APR280130-30"",""trade_id"":""d08fcc0f-e47a-710c-5722-7d53f0ca5cad"",""yes_price_dollars"":""0.5500""}"
KXBTC15M-26APR280130-30,cf7fb8f1-4d2f-7a3b-60f9-51c985083370,1777353306,0.55,10.0,yes,"{""count_fp"":""10.00"",""created_time"":""2026-04-28T05:15:06.695917Z"",""no_price_dollars"":""0.4500"",""taker_side"":""yes"",""ticker"":""KXBTC15M-26APR280130-30"",""trade_id"":""cf7fb8f1-4d2f-7a3b-60f9-51c985083370"",""yes_price_dollars"":""0.5500""}"
KXBTC15M-26APR280130-30,b5eceb27-af50-7b75-4177-a38ed449d8b4,1777353306,0.56,1.44,yes,"{""count_fp"":""1.44"",""created_time"":""2026-04-28T05:15:06.695917Z"",""no_price_dollars"":""0.4400"",""taker_side"":""yes"",""ticker"":""KXBTC15M-26APR280130-30"",""trade_id"":""b5eceb27-af50-7b75-4177-a38ed449d8b4"",""yes_price_dollars"":""0.5600""}"
KXBTC15M-26APR280130-30,4802602f-7ab9-7929-4da7-4936a874f2fb,1777353306,0.54,10.0,yes,"{""count_fp"":""10.00"",""created_time"":""2026-04-28T05:15:06.695917Z"",""no_price_dollars"":""0.4600"",""taker_side"":""yes"",""ticker"":""KXBTC15M-26APR280130-30"",""trade_id"":""4802602f-7ab9-7929-4da7-4936a874f2fb"",""yes_price_dollars"":""0.5400""}"
KXBTC15M-26APR280130-30,1c680e1b-b337-7310-651e-54aae7acc2df,1777353306,0.56,1.0,yes,"{""count_fp"":""1.00"",""created_time"":""2026-04-28T05:15:06.695917Z"",""no_price_dollars"":""0.4400"",""taker_side"":""yes"",""ticker"":""KXBTC15M-26APR280130-30"",""trade_id"":""1c680e1b-b337-7310-651e-54aae7acc2df"",""yes_price_dollars"":""0.5600""}"
KXBTC15M-26APR280130-30,00509ba7-4bc5-7ad9-7a6c-68caae468b96,1777353306,0.54,5.0,yes,"{""count_fp"":""5.00"",""created_time"":""2026-04-28T05:15:06.695917Z"",""no_price_dollars"":""0.4600"",""taker_side"":""yes"",""ticker"":""KXBTC15M-26APR280130-30"",""trade_id"":""00509ba7-4bc5-7ad9-7a6c-68caae468b96"",""yes_price_dollars"":""0.5400""}"
KXBTC15M-26APR280130-30,91afb9e8-215d-67ab-e6f7-97d2baff32b3,1777353307,0.54,10.0,no,"{""count_fp"":""10.00"",""created_time"":""2026-04-28T05:15:07.802004Z"",""no_price_dollars"":""0.4600"",""taker_side"":""no"",""ticker"":""KXBTC15M-26APR280130-30"",""trade_id"":""91afb9e8-215d-67ab-e6f7-97d2baff32b3"",""yes_price_dollars"":""0.5400""}"
KXBTC15M-26APR280130-30,f382ce7a-6035-5352-87d7-dbf9c06ec6e7,1777353308,0.5,19.91,no,"{""count_fp"":""19.91"",""created_time"":""2026-04-28T05:15:08.958031Z"",""no_price_dollars"":""0.5000"",""taker_side"":""no"",""ticker"":""KXBTC15M-26APR280130-30"",""trade_id"":""f382ce7a-6035-5352-87d7-dbf9c06ec6e7"",""yes_price_dollars"":""0.5000""}"
KXBTC15M-26APR280130-30,e8569de2-45bd-5c87-8dda-3812c441ba2f,1777353308,0.54,140.0,no,"{""count_fp"":""140.00"",""created_time"":""2026-04-28T05:15:08.958031Z"",""no_price_dollars"":""0.4600"",""taker_side"":""no"",""ticker"":""KXBTC15M-26APR280130-30"",""trade_id"":""e8569de2-45bd-5c87-8dda-3812c441ba2f"",""yes_price_dollars"":""0.5400""}"
KXBTC15M-26APR280130-30,9df16228-b77d-5fa2-86ee-7927119cbe39,1777353308,0.54,1.44,no,"{""count_fp"":""1.44"",""created_time"":""2026-04-28T05:15:08.958031Z"",""no_price_dollars"":""0.4600"",""taker_side"":""no"",""ticker"":""KXBTC15M-26APR280130-30"",""trade_id"":""9df16228-b77d-5fa2-86ee-7927119cbe39"",""yes_price_dollars"":""0.5400""}"
KXBTC15M-26APR280130-30,9a215bec-a077-5e70-8265-65ec0e01e353,1777353308,0.52,1.0,no,"{""count_fp"":""1.00"",""created_time"":""2026-04-28T05:15:08.958031Z"",""no_price_dollars"":""0.4800"",""taker_side"":""no"",""ticker"":""KXBTC15M-26APR280130-30"",""trade_id"":""9a215bec-a077-5e70-8265-65ec0e01e353"",""yes_price_dollars"":""0.5200""}"
KXBTC15M-26APR280130-30,7a54ecba-631f-5a21-92ba-3ade859a3852,1777353308,0.51,10.0,no,"{""count_fp"":""10.00"",""created_time"":""2026-04-28T05:15:08.958031Z"",""no_price_dollars"":""0.4900"",""taker_side"":""no"",""ticker"":""KXBTC15M-26APR280130-30"",""trade_id"":""7a54ecba-631f-5a21-92ba-3ade859a3852"",""yes_price_dollars"":""0.5100""}"
KXBTC15M-26APR280130-30,78586a03-d002-5cd2-bd4f-58d658488fc5,1777353308,0.54,20.0,no,"{""count_fp"":""20.00"",""created_time"":""2026-04-28T05:15:08.958031Z"",""no_price_dollars"":""0.4600"",""taker_side"":""no"",""ticker"":""KXBTC15M-26APR280130-30"",""trade_id"":""78586a03-d002-5cd2-bd4f-58d658488fc5"",""yes_price_dollars"":""0.5400""}"
KXBTC15M-26APR280130-30,398d2d93-f6e4-5ae3-a365-2c03663dd2ea,1777353308,0.51,5.0,no,"{""count_fp"":""5.00"",""created_time"":""2026-04-28T05:15:08.958031Z"",""no_price_dollars"":""0.4900"",""taker_side"":""no"",""ticker"":""KXBTC15M-26APR280130-30"",""trade_id"":""398d2d93-f6e4-5ae3-a365-2c03663dd2ea"",""yes_price_dollars"":""0.5100""}"
KXBTC15M-26APR280130-30,27ae3bfa-002c-514d-aeaa-299d7c47f095,1777353308,0.51,55.0,no,"{""count_fp"":""55.00"",""created_time"":""2026-04-28T05:15:08.958031Z"",""no_price_dollars"":""0.4900"",""taker_side"":""no"",""ticker"":""KXBTC15M-26APR280130-30"",""trade_id"":""27ae3bfa-002c-514d-aeaa-299d7c47f095"",""yes_price_dollars"":""0.5100""}"
KXBTC15M-26APR280130-30,0fc9981a-e837-5172-a674-8aed6846a2ae,1777353308,0.52,56.0,no,"{""count_fp"":""56.00"",""created_time"":""2026-04-28T05:15:08.958031Z"",""no_price_dollars"":""0.4800"",""taker_side"":""no"",""ticker"":""KXBTC15M-26APR280130-30"",""trade_id"":""0fc9981a-e837-5172-a674-8aed6846a2ae"",""yes_price_dollars"":""0.5200""}"
KXBTC15M-26APR280130-30,02fb1dec-50b4-524d-9e52-b3c1e050e620,1777353308,0.53,1.0,no,"{""count_fp"":""1.00"",""created_time"":""2026-04-28T05:15:08.958031Z"",""no_price_dollars"":""0.4700"",""taker_side"":""no"",""ticker"":""KXBTC15M-26APR280130-30"",""trade_id"":""02fb1dec-50b4-524d-9e52-b3c1e050e620"",""yes_price_dollars"":""0.5300""}"
KXBTC15M-26APR280130-30,db766fdf-18f4-6bb7-6db6-b3e8b37ddb0f,1777353308,0.55,30.0,yes,"{""count_fp"":""30.00"",""created_time"":""2026-04-28T05:15:08.258502Z"",""no_price_dollars"":""0.4500"",""taker_side"":""yes"",""ticker"":""KXBTC15M-26APR280130-30"",""trade_id"":""db766fdf-18f4-6bb7-6db6-b3e8b37ddb0f"",""yes_price_dollars"":""0.5500""}"
KXBTC15M-26APR280130-30,66e9b423-6a85-657a-63da-42ab7f922089,1777353308,0.55,4.06,yes,"{""count_fp"":""4.06"",""created_time"":""2026-04-28T05:15:08.258502Z"",""no_price_dollars"":""0.4500"",""taker_side"":""yes"",""ticker"":""KXBTC15M-26APR280130-30"",""trade_id"":""66e9b423-6a85-657a-63da-42ab7f922089"",""yes_price_dollars"":""0.5500""}"
KXBTC15M-26APR280130-30,0d3cdfc1-6737-411d-2da8-54cf25a2a3a5,1777353309,0.51,8.0,no,"{""count_fp"":""8.00"",""created_time"":""2026-04-28T05:15:09.683233Z"",""no_price_dollars"":""0.4900"",""taker_side"":""no"",""ticker"":""KXBTC15M-26APR280130-30"",""trade_id"":""0d3cdfc1-6737-411d-2da8-54cf25a2a3a5"",""yes_price_dollars"":""0.5100""}"
KXBTC15M-26APR280130-30,c4a5b0a1-ced7-66f0-ccf9-e90a3d595d42,1777353310,0.54,231.55,yes,"{""count_fp"":""231.55"",""created_time"":""2026-04-28T05:15:10.831489Z"",""no_price_dollars"":""0.4600"",""taker_side"":""yes"",""ticker"":""KXBTC15M-26APR280130-30"",""trade_id"":""c4a5b0a1-ced7-66f0-ccf9-e90a3d595d42"",""yes_price_dollars"":""0.5400""}"
KXBTC15M-26APR280130-30,17da9397-3eed-64c4-ca5a-8ea75502969c,1777353310,0.52,3.0,yes,"{""count_fp"":""3.00"",""created_time"":""2026-04-28T05:15:10.831489Z"",""no_price_dollars"":""0.4800"",""taker_side"":""yes"",""ticker"":""KXBTC15M-26APR280130-30"",""trade_id"":""17da9397-3eed-64c4-ca5a-8ea75502969c"",""yes_price_dollars"":""0.5200""}"
KXBTC15M-26APR280130-30,cef98714-1afd-7639-3ffa-e805252c8172,1777353310,0.53,14.62,yes,"{""count_fp"":""14.62"",""created_time"":""2026-04-28T05:15:10.653247Z"",""no_price_dollars"":""0.4700"",""taker_side"":""yes"",""ticker"":""KXBTC15M-26APR280130-30"",""trade_id"":""cef98714-1afd-7639-3ffa-e805252c8172"",""yes_price_dollars"":""0.5300""}"
KXBTC15M-26APR280130-30,36bf858b-60f4-7879-3439-8c63a31028d4,1777353310,0.52,3.0,yes,"{""count_fp"":""3.00"",""created_time"":""2026-04-28T05:15:10.653247Z"",""no_price_dollars"":""0.4800"",""taker_side"":""yes"",""ticker"":""KXBTC15M-26APR280130-30"",""trade_id"":""36bf858b-60f4-7879-3439-8c63a31028d4"",""yes_price_dollars"":""0.5200""}"
KXBTC15M-26APR280130-30,536e6f5d-7cc5-50f1-a64d-2f9c7f3d1b43,1777353310,0.51,2.0,no,"{""count_fp"":""2.00"",""created_time"":""2026-04-28T05:15:10.639518Z"",""no_price_dollars"":""0.4900"",""taker_side"":""no"",""ticker"":""KXBTC15M-26APR280130-30"",""trade_id"":""536e6f5d-7cc5-50f1-a64d-2f9c7f3d1b43"",""yes_price_dollars"":""0.5100""}"
KXBTC15M-26APR280130-30,2e37a29f-1b7f-5b8d-9009-efed2298f35d,1777353310,0.51,135.49,no,"{""count_fp"":""135.49"",""created_time"":""2026-04-28T05:15:10.639518Z"",""no_price_dollars"":""0.4900"",""taker_side"":""no"",""ticker"":""KXBTC15M-26APR280130-30"",""trade_id"":""2e37a29f-1b7f-5b8d-9009-efed2298f35d"",""yes_price_dollars"":""0.5100""}"
KXBTC15M-26APR280130-30,864f369f-17ae-73d0-1a71-b4438721acb8,1777353310,0.52,1.0,no,"{""count_fp"":""1.00"",""created_time"":""2026-04-28T05:15:10.548168Z"",""no_price_dollars"":""0.4800"",""taker_side"":""no"",""ticker"":""KXBTC15M-26APR280130-30"",""trade_id"":""864f369f-17ae-73d0-1a71-b4438721acb8"",""yes_price_dollars"":""0.5200""}"
KXBTC15M-26APR280130-30,566ef3d3-f13e-79e8-2ed7-4c7e0fa4052b,1777353310,0.52,19.0,no,"{""count_fp"":""19.00"",""created_time"":""2026-04-28T05:15:10.548168Z"",""no_price_dollars"":""0.4800"",""taker_side"":""no"",""ticker"":""KXBTC15M-26APR280130-30"",""trade_id"":""566ef3d3-f13e-79e8-2ed7-4c7e0fa4052b"",""yes_price_dollars"":""0.5200""}"
KXBTC15M-26APR280130-30,6f335701-a632-4e38-9ab7-4f5fc8abcd9f,1777353310,0.52,1.0,no,"{""count_fp"":""1.00"",""created_time"":""2026-04-28T05:15:10.207271Z"",""no_price_dollars"":""0.4800"",""taker_side"":""no"",""ticker"":""KXBTC15M-26APR280130-30"",""trade_id"":""6f335701-a632-4e38-9ab7-4f5fc8abcd9f"",""yes_price_dollars"":""0.5200""}"
KXBTC15M-26APR280130-30,77ef4677-5911-4655-e409-c74a2c0bf133,1777353310,0.53,3.0,yes,"{""count_fp"":""3.00"",""created_time"":""2026-04-28T05:15:10.179845Z"",""no_price_dollars"":""0.4700"",""taker_side"":""yes"",""ticker"":""KXBTC15M-26APR280130-30"",""trade_id"":""77ef4677-5911-4655-e409-c74a2c0bf133"",""yes_price_dollars"":""0.5300""}"
KXBTC15M-26APR280130-30,0f609a1a-5a92-42c2-e24f-c562b9fcc004,1777353310,0.54,2.28,yes,"{""count_fp"":""2.28"",""created_time"":""2026-04-28T05:15:10.179845Z"",""no_price_dollars"":""0.4600"",""taker_side"":""yes"",""ticker"":""KXBTC15M-26APR280130-30"",""trade_id"":""0f609a1a-5a92-42c2-e24f-c562b9fcc004"",""yes_price_dollars"":""0.5400""}"
KXBTC15M-26APR280130-30,8f63701c-9347-7130-e567-bcc629ab3d26,1777353311,0.53,77.0,yes,"{""count_fp"":""77.00"",""created_time"":""2026-04-28T05:15:11.950408Z"",""no_price_dollars"":""0.4700"",""taker_side"":""yes"",""ticker"":""KXBTC15M-26APR280130-30"",""trade_id"":""8f63701c-9347-7130-e567-bcc629ab3d26"",""yes_price_dollars"":""0.5300""}"
KXBTC15M-26APR280130-30,45bba659-b855-7ac4-e49b-99f7a8e472e3,1777353311,0.52,3.0,yes,"{""count_fp"":""3.00"",""created_time"":""2026-04-28T05:15:11.950408Z"",""no_price_dollars"":""0.4800"",""taker_side"":""yes"",""ticker"":""KXBTC15M-26APR280130-30"",""trade_id"":""45bba659-b855-7ac4-e49b-99f7a8e472e3"",""yes_price_dollars"":""0.5200""}"
KXBTC15M-26APR280130-30,fd2e23e3-dfd9-5c4a-6535-003701544dd3,1777353311,0.5,41.94,no,"{""count_fp"":""41.94"",""created_time"":""2026-04-28T05:15:11.768169Z"",""no_price_dollars"":""0.5000"",""taker_side"":""no"",""ticker"":""KXBTC15M-26APR280130-30"",""trade_id"":""fd2e23e3-dfd9-5c4a-6535-003701544dd3"",""yes_price_dollars"":""0.5000""}"
KXBTC15M-26APR280130-30,e481a4e4-4066-5c47-7d89-303931269795,1777353311,0.51,20.0,no,"{""count_fp"":""20.00"",""created_time"":""2026-04-28T05:15:11.768169Z"",""no_price_dollars"":""0.4900"",""taker_side"":""no"",""ticker"":""KXBTC15M-26APR280130-30"",""trade_id"":""e481a4e4-4066-5c47-7d89-303931269795"",""yes_price_dollars"":""0.5100""}"
KXBTC15M-26APR280130-30,b28241ac-3f03-5140-7681-faa58af7a5ee,1777353311,0.51,3.0,no,"{""count_fp"":""3.00"",""created_time"":""2026-04-28T05:15:11.768169Z"",""no_price_dollars"":""0.4900"",""taker_side"":""no"",""ticker"":""KXBTC15M-26APR280130-30"",""trade_id"":""b28241ac-3f03-5140-7681-faa58af7a5ee"",""yes_price_dollars"":""0.5100""}"
KXBTC15M-26APR280130-30,8d88cd24-a733-5059-52f6-d7fbf2f2a299,1777353311,0.52,2.51,no,"{""count_fp"":""2.51"",""created_time"":""2026-04-28T05:15:11.768169Z"",""no_price_dollars"":""0.4800"",""taker_side"":""no"",""ticker"":""KXBTC15M-26APR280130-30"",""trade_id"":""8d88cd24-a733-5059-52f6-d7fbf2f2a299"",""yes_price_dollars"":""0.5200""}"
KXBTC15M-26APR280130-30,087a5f80-0259-5441-64e1-d144f6bbd0df,1777353311,0.52,20.0,no,"{""count_fp"":""20.00"",""created_time"":""2026-04-28T05:15:11.768169Z"",""no_price_dollars"":""0.4800"",""taker_side"":""no"",""ticker"":""KXBTC15M-26APR280130-30"",""trade_id"":""087a5f80-0259-5441-64e1-d144f6bbd0df"",""yes_price_dollars"":""0.5200""}"
KXBTC15M-26APR280130-30,bc8f3dcb-f5eb-411c-b3a1-fb5a05bb69ce,1777353311,0.53,1.0,yes,"{""count_fp"":""1.00"",""created_time"":""2026-04-28T05:15:11.592254Z"",""no_price_dollars"":""0.4700"",""taker_side"":""yes"",""ticker"":""KXBTC15M-26APR280130-30"",""trade_id"":""bc8f3dcb-f5eb-411c-b3a1-fb5a05bb69ce"",""yes_price_dollars"":""0.5300""}"
KXBTC15M-26APR280130-30,0823f491-2777-5f31-632b-58f23178834d,1777353311,0.51,4.0,no,"{""count_fp"":""4.00"",""created_time"":""2026-04-28T05:15:11.155173Z"",""no_price_dollars"":""0.4900"",""taker_side"":""no"",""ticker"":""KXBTC15M-26APR280130-30"",""trade_id"":""0823f491-2777-5f31-632b-58f23178834d"",""yes_price_dollars"":""0.5100""}"
KXBTC15M-26APR280130-30,ecd3be1a-cb62-6f1d-15fe-206b5416fdc3,1777353311,0.53,3.0,yes,"{""count_fp"":""3.00"",""created_time"":""2026-04-28T05:15:11.073704Z"",""no_price_dollars"":""0.4700"",""taker_side"":""yes"",""ticker"":""KXBTC15M-26APR280130-30"",""trade_id"":""ecd3be1a-cb62-6f1d-15fe-206b5416fdc3"",""yes_price_dollars"":""0.5300""}"
KXBTC15M-26APR280130-30,07dc83b0-8967-6eca-3b3a-e6b1d4b3070d,1777353311,0.53,3.0,yes,"{""count_fp"":""3.00"",""created_time"":""2026-04-28T05:15:11.073704Z"",""no_price_dollars"":""0.4700"",""taker_side"":""yes"",""ticker"":""KXBTC15M-26APR280130-30"",""trade_id"":""07dc83b0-8967-6eca-3b3a-e6b1d4b3070d"",""yes_price_dollars"":""0.5300""}"
KXBTC15M-26APR280130-30,56ab04ef-6deb-4e80-c6da-77d3278b88c6,1777353312,0.53,18.26,yes,"{""count_fp"":""18.26"",""created_time"":""2026-04-28T05:15:12.864318Z"",""no_price_dollars"":""0.4700"",""taker_side"":""yes"",""ticker"":""KXBTC15M-26APR280130-30"",""trade_id"":""56ab04ef-6deb-4e80-c6da-77d3278b88c6"",""yes_price_dollars"":""0.5300""}"
KXBTC15M-26APR280130-30,a63ceacd-a54f-6d0e-39ad-2d0718de8f3a,1777353312,0.51,19.0,no,"{""count_fp"":""19.00"",""created_time"":""2026-04-28T05:15:12.390185Z"",""no_price_dollars"":""0.4900"",""taker_side"":""no"",""ticker"":""KXBTC15M-26APR280130-30"",""trade_id"":""a63ceacd-a54f-6d0e-39ad-2d0718de8f3a"",""yes_price_dollars"":""0.5100""}"
KXBTC15M-26APR280130-30,325700e0-ed83-6890-fb23-bbe04c4df932,1777353312,0.53,1.81,yes,"{""count_fp"":""1.81"",""created_time"":""2026-04-28T05:15:12.359424Z"",""no_price_dollars"":""0.4700"",""taker_side"":""yes"",""ticker"":""KXBTC15M-26APR280130-30"",""trade_id"":""325700e0-ed83-6890-fb23-bbe04c4df932"",""yes_price_dollars"":""0.5300""}"
KXBTC15M-26APR280130-30,836b8b0b-bf1f-5998-fc24-28fdf49d8a42,1777353313,0.53,36.53,yes,"{""count_fp"":""36.53"",""created_time"":""2026-04-28T05:15:13.953174Z"",""no_price_dollars"":""0.4700"",""taker_side"":""yes"",""ticker"":""KXBTC15M-26APR280130-30"",""trade_id"":""836b8b0b-bf1f-5998-fc24-28fdf49d8a42"",""yes_price_dollars"":""0.5300""}"
KXBTC15M-26APR280130-30,a0843179-c8ce-784d-435d-6845f1e3c4d3,1777353313,0.52,9.85,no,"{""count_fp"":""9.85"",""created_time"":""2026-04-28T05:15:13.505483Z"",""no_price_dollars"":""0.4800"",""taker_side"":""no"",""ticker"":""KXBTC15M-26APR280130-30"",""trade_id"":""a0843179-c8ce-784d-435d-6845f1e3c4d3"",""yes_price_dollars"":""0.5200""}"
KXBTC15M-26APR280130-30,e39ebc4a-7fff-5044-5bb6-0a6bd0c3db4a,1777353313,0.53,67.58,yes,"{""count_fp"":""67.58"",""created_time"":""2026-04-28T05:15:13.443927Z"",""no_price_dollars"":""0.4700"",""taker_side"":""yes"",""ticker"":""KXBTC15M-26APR280130-30"",""trade_id"":""e39ebc4a-7fff-5044-5bb6-0a6bd0c3db4a"",""yes_price_dollars"":""0.5300""}"
KXBTC15M-26APR280130-30,71dda8df-426f-6094-b603-da777591c936,1777353313,0.53,17.94,yes,"{""count_fp"":""17.94"",""created_time"":""2026-04-28T05:15:13.014205Z"",""no_price_dollars"":""0.4700"",""taker_side"":""yes"",""ticker"":""KXBTC15M-26APR280130-30"",""trade_id"":""71dda8df-426f-6094-b603-da777591c936"",""yes_price_dollars"":""0.5300""}"
KXBTC15M-26APR280130-30,a840c3a5-1c68-51b9-cead-995ccd0f94cc,1777353314,0.52,5.0,no,"{""count_fp"":""5.00"",""created_time"":""2026-04-28T05:15:14.798761Z"",""no_price_dollars"":""0.4800"",""taker_side"":""no"",""ticker"":""KXBTC15M-26APR280130-30"",""trade_id"":""a840c3a5-1c68-51b9-cead-995ccd0f94cc"",""yes_price_dollars"":""0.5200""}"
KXBTC15M-26APR280130-30,e4c3f73e-7ee7-6564-3e48-53304973484d,1777353314,0.52,5.93,no,"{""count_fp"":""5.93"",""created_time"":""2026-04-28T05:15:14.623985Z"",""no_price_dollars"":""0.4800"",""taker_side"":""no"",""ticker"":""KXBTC15M-26APR280130-30"",""trade_id"":""e4c3f73e-7ee7-6564-3e48-53304973484d"",""yes_price_dollars"":""0.5200""}"
KXBTC15M-26APR280130-30,9bfb4877-f0b8-6dd5-0642-06b688f5ace4,1777353314,0.52,1.07,no,"{""count_fp"":""1.07"",""created_time"":""2026-04-28T05:15:14.623985Z"",""no_price_dollars"":""0.4800"",""taker_side"":""no"",""ticker"":""KXBTC15M-26APR280130-30"",""trade_id"":""9bfb4877-f0b8-6dd5-0642-06b688f5ace4"",""yes_price_dollars"":""0.5200""}"
KXBTC15M-26APR280130-30,7b12b2d4-c6a5-4a8c-20b2-8b20c92a7598,1777353314,0.52,9.85,no,"{""count_fp"":""9.85"",""created_time"":""2026-04-28T05:15:14.402444Z"",""no_price_dollars"":""0.4800"",""taker_side"":""no"",""ticker"":""KXBTC15M-26APR280130-30"",""trade_id"":""7b12b2d4-c6a5-4a8c-20b2-8b20c92a7598"",""yes_price_dollars"":""0.5200""}"
KXBTC15M-26APR280130-30,59750d2c-5f3b-49dc-1454-056b0d322f8d,1777353314,0.52,4.07,no,"{""count_fp"":""4.07"",""created_time"":""2026-04-28T05:15:14.402444Z"",""no_price_dollars"":""0.4800"",""taker_side"":""no"",""ticker"":""KXBTC15M-26APR280130-30"",""trade_id"":""59750d2c-5f3b-49dc-1454-056b0d322f8d"",""yes_price_dollars"":""0.5200""}"
KXBTC15M-26APR280130-30,57d16e16-f502-4cf5-06f1-2d2841027fd3,1777353314,0.52,0.15,no,"{""count_fp"":""0.15"",""created_time"":""2026-04-28T05:15:14.402444Z"",""no_price_dollars"":""0.4800"",""taker_side"":""no"",""ticker"":""KXBTC15M-26APR280130-30"",""trade_id"":""57d16e16-f502-4cf5-06f1-2d2841027fd3"",""yes_price_dollars"":""0.5200""}"
KXBTC15M-26APR280130-30,83e975da-a9aa-4215-ea22-08c04ee72eeb,1777353314,0.52,10.0,no,"{""count_fp"":""10.00"",""created_time"":""2026-04-28T05:15:14.180868Z"",""no_price_dollars"":""0.4800"",""taker_side"":""no"",""ticker"":""KXBTC15M-26APR280130-30"",""trade_id"":""83e975da-a9aa-4215-ea22-08c04ee72eeb"",""yes_price_dollars"":""0.5200""}"
KXBTC15M-26APR280130-30,ec0c39d2-5771-5372-a04d-2aeae8bdad47,1777353315,0.52,3.58,yes,"{""count_fp"":""3.58"",""created_time"":""2026-04-28T05:15:15.983545Z"",""no_price_dollars"":""0.4800"",""taker_side"":""yes"",""ticker"":""KXBTC15M-26APR280130-30"",""trade_id"":""ec0c39d2-5771-5372-a04d-2aeae8bdad47"",""yes_price_dollars"":""0.5200""}"
KXBTC15M-26APR280130-30,9488306a-ca45-5212-cbfd-e52845bdacce,1777353315,0.51,19.68,no,"{""count_fp"":""19.68"",""created_time"":""2026-04-28T05:15:15.615159Z"",""no_price_dollars"":""0.4900"",""taker_side"":""no"",""ticker"":""KXBTC15M-26APR280130-30"",""trade_id"":""9488306a-ca45-5212-cbfd-e52845bdacce"",""yes_price_dollars"":""0.5100""}"
KXBTC15M-26APR280130-30,fb9b888f-0fb7-6a58-e98c-b0d1291075cd,1777353315,0.51,40.0,no,"{""count_fp"":""40.00"",""created_time"":""2026-04-28T05:15:15.565141Z"",""no_price_dollars"":""0.4900"",""taker_side"":""no"",""ticker"":""KXBTC15M-26APR280130-30"",""trade_id"":""fb9b888f-0fb7-6a58-e98c-b0d1291075cd"",""yes_price_dollars"":""0.5100""}"
KXBTC15M-26APR280130-30,f06d97f2-09fe-6f4d-e247-9aff2640926a,1777353315,0.52,7.11,no,"{""count_fp"":""7.11"",""created_time"":""2026-04-28T05:15:15.565141Z"",""no_price_dollars"":""0.4800"",""taker_side"":""no"",""ticker"":""KXBTC15M-26APR280130-30"",""trade_id"":""f06d97f2-09fe-6f4d-e247-9aff2640926a"",""yes_price_dollars"":""0.5200""}"
KXBTC15M-26APR280130-30,ef2d8116-423c-660e-cae5-b8f5d94ed789,1777353315,0.52,7.94,no,"{""count_fp"":""7.94"",""created_time"":""2026-04-28T05:15:15.565141Z"",""no_price_dollars"":""0.4800"",""taker_side"":""no"",""ticker"":""KXBTC15M-26APR280130-30"",""trade_id"":""ef2d8116-423c-660e-cae5-b8f5d94ed789"",""yes_price_dollars"":""0.5200""}"
KXBTC15M-26APR280130-30,968f1064-6656-6438-db42-8bcda4353c68,1777353315,0.52,4.95,no,"{""count_fp"":""4.95"",""created_time"":""2026-04-28T05:15:15.565141Z"",""no_price_dollars"":""0.4800"",""taker_side"":""no"",""ticker"":""KXBTC15M-26APR280130-30"",""trade_id"":""968f1064-6656-6438-db42-8bcda4353c68"",""yes_price_dollars"":""0.5200""}"
KXBTC15M-26APR280130-30,82b0f2a0-abef-4f20-af5e-8f8bfbaa5a6e,1777353315,0.53,18.26,yes,"{""count_fp"":""18.26"",""created_time"":""2026-04-28T05:15:15.419298Z"",""no_price_dollars"":""0.4700"",""taker_side"":""yes"",""ticker"":""KXBTC15M-26APR280130-30"",""trade_id"":""82b0f2a0-abef-4f20-af5e-8f8bfbaa5a6e"",""yes_price_dollars"":""0.5300""}"
KXBTC15M-26APR280130-30,8fa79c4f-ed94-74f4-e8c6-5186bd8f742e,1777353315,0.52,4.95,no,"{""count_fp"":""4.95"",""created_time"":""2026-04-28T05:15:15.365946Z"",""no_price_dollars"":""0.4800"",""taker_side"":""no"",""ticker"":""KXBTC15M-26APR280130-30"",""trade_id"":""8fa79c4f-ed94-74f4-e8c6-5186bd8f742e"",""yes_price_dollars"":""0.5200""}"
KXBTC15M-26APR280130-30,8787fb9a-c723-70f7-d0d0-e59a201ee23b,1777353315,0.52,5.0,no,"{""count_fp"":""5.00"",""created_time"":""2026-04-28T05:15:15.365946Z"",""no_price_dollars"":""0.4800"",""taker_side"":""no"",""ticker"":""KXBTC15M-26APR280130-30"",""trade_id"":""8787fb9a-c723-70f7-d0d0-e59a201ee23b"",""yes_price_dollars"":""0.5200""}"
KXBTC15M-26APR280130-30,6bd9ab8b-e18c-76ce-e76f-ba68553e0a81,1777353315,0.52,2.11,no,"{""count_fp"":""2.11"",""created_time"":""2026-04-28T05:15:15.365946Z"",""no_price_dollars"":""0.4800"",""taker_side"":""no"",""ticker"":""KXBTC15M-26APR280130-30"",""trade_id"":""6bd9ab8b-e18c-76ce-e76f-ba68553e0a81"",""yes_price_dollars"":""0.5200""}"
KXBTC15M-26APR280130-30,83e502a0-bd58-695d-c8bb-07ebee7dab88,1777353315,0.52,8.0,no,"{""count_fp"":""8.00"",""created_time"":""2026-04-28T05:15:15.255115Z"",""no_price_dollars"":""0.4800"",""taker_side"":""no"",""ticker"":""KXBTC15M-26APR280130-30"",""trade_id"":""83e502a0-bd58-695d-c8bb-07ebee7dab88"",""yes_price_dollars"":""0.5200""}"
KXBTC15M-26APR280130-30,545e74b4-6290-6ee0-f0c2-74f33b886ede,1777353315,0.52,2.05,no,"{""count_fp"":""2.05"",""created_time"":""2026-04-28T05:15:15.255115Z"",""no_price_dollars"":""0.4800"",""taker_side"":""no"",""ticker"":""KXBTC15M-26APR280130-30"",""trade_id"":""545e74b4-6290-6ee0-f0c2-74f33b886ede"",""yes_price_dollars"":""0.5200""}"
KXBTC15M-26APR280130-30,b6bd16b7-930f-53e7-b4f6-74b3bf78dad7,1777353316,0.5,3.0,no,"{""count_fp"":""3.00"",""created_time"":""2026-04-28T05:15:16.609534Z"",""no_price_dollars"":""0.5000"",""taker_side"":""no"",""ticker"":""KXBTC15M-26APR280130-30"",""trade_id"":""b6bd16b7-930f-53e7-b4f6-74b3bf78dad7"",""yes_price_dollars"":""0.5000""}"
KXBTC15M-26APR280130-30,f08342da-57f9-4992-6923-7367c2d67e32,1777353316,0.51,18.75,no,"{""count_fp"":""18.75"",""created_time"":""2026-04-28T05:15:16.600084Z"",""no_price_dollars"":""0.4900"",""taker_side"":""no"",""ticker"":""KXBTC15M-26APR280130-30"",""trade_id"":""f08342da-57f9-4992-6923-7367c2d67e32"",""yes_price_dollars"":""0.5100""}"
KXBTC15M-26APR280130-30,ea047822-fa07-47d7-62ca-160e2aa927fb,1777353316,0.5,12.85,no,"{""count_fp"":""12.85"",""created_time"":""2026-04-28T05:15:16.600084Z"",""no_price_dollars"":""0.5000"",""taker_side"":""no"",""ticker"":""KXBTC15M-26APR280130-30"",""trade_id"":""ea047822-fa07-47d7-62ca-160e2aa927fb"",""yes_price_dollars"":""0.5000""}"
KXBTC15M-26APR280130-30,dd63c939-10d5-4c24-666f-22fcd58c62ec,1777353316,0.5,3.0,no,"{""count_fp"":""3.00"",""created_time"":""2026-04-28T05:15:16.600084Z"",""no_price_dollars"":""0.5000"",""taker_side"":""no"",""ticker"":""KXBTC15M-26APR280130-30"",""trade_id"":""dd63c939-10d5-4c24-666f-22fcd58c62ec"",""yes_price_dollars"":""0.5000""}"
KXBTC15M-26APR280130-30,b7b10528-1f54-42f0-4954-ff97849bd3c2,1777353316,0.51,1.25,no,"{""count_fp"":""1.25"",""created_time"":""2026-04-28T05:15:16.600084Z"",""no_price_dollars"":""0.4900"",""taker_side"":""no"",""ticker"":""KXBTC15M-26APR280130-30"",""trade_id"":""b7b10528-1f54-42f0-4954-ff97849bd3c2"",""yes_price_dollars"":""0.5100""}"
KXBTC15M-26APR280130-30,642a78e9-45b5-42e2-5cfe-03363f492b10,1777353316,0.5,56.0,no,"{""count_fp"":""56.00"",""created_time"":""2026-04-28T05:15:16.600084Z"",""no_price_dollars"":""0.5000"",""taker_side"":""no"",""ticker"":""KXBTC15M-26APR280130-30"",""trade_id"":""642a78e9-45b5-42e2-5cfe-03363f492b10"",""yes_price_dollars"":""0.5000""}"
KXBTC15M-26APR280130-30,3f248b0e-5150-4a34-4856-8a31b5ba5de8,1777353316,0.5,40.0,no,"{""count_fp"":""40.00"",""created_time"":""2026-04-28T05:15:16.600084Z"",""no_price_dollars"":""0.5000"",""taker_side"":""no"",""ticker"":""KXBTC15M-26APR280130-30"",""trade_id"":""3f248b0e-5150-4a34-4856-8a31b5ba5de8"",""yes_price_dollars"":""0.5000""}"
KXBTC15M-26APR280130-30,1b4c2b82-6011-43fe-4af0-44ba0efa80fb,1777353316,0.5,38.15,no,"{""count_fp"":""38.15"",""created_time"":""2026-04-28T05:15:16.600084Z"",""no_price_dollars"":""0.5000"",""taker_side"":""no"",""ticker"":""KXBTC15M-26APR280130-30"",""trade_id"":""1b4c2b82-6011-43fe-4af0-44ba0efa80fb"",""yes_price_dollars"":""0.5000""}"
KXBTC15M-26APR280130-30,ae474e85-16ca-78d0-caa3-d1887c1dac19,1777353316,0.51,40.0,no,"{""count_fp"":""40.00"",""created_time"":""2026-04-28T05:15:16.476744Z"",""no_price_dollars"":""0.4900"",""taker_side"":""no"",""ticker"":""KXBTC15M-26APR280130-30"",""trade_id"":""ae474e85-16ca-78d0-caa3-d1887c1dac19"",""yes_price_dollars"":""0.5100""}"
KXBTC15M-26APR280130-30,a94d4892-2504-75bc-f4d1-c045178330d2,1777353316,0.51,9.52,no,"{""count_fp"":""9.52"",""created_time"":""2026-04-28T05:15:16.476744Z"",""no_price_dollars"":""0.4900"",""taker_side"":""no"",""ticker"":""KXBTC15M-26APR280130-30"",""trade_id"":""a94d4892-2504-75bc-f4d1-c045178330d2"",""yes_price_dollars"":""0.5100""}"
KXBTC15M-26APR280130-30,7483a38a-6238-7628-d599-2e989701c3ef,1777353316,0.51,18.43,no,"{""count_fp"":""18.43"",""created_time"":""2026-04-28T05:15:16.476744Z"",""no_price_dollars"":""0.4900"",""taker_side"":""no"",""ticker"":""KXBTC15M-26APR280130-30"",""trade_id"":""7483a38a-6238-7628-d599-2e989701c3ef"",""yes_price_dollars"":""0.5100""}"
KXBTC15M-26APR280130-30,6a6dc756-86e0-7fec-f2ca-871f483c027e,1777353316,0.51,20.0,no,"{""count_fp"":""20.00"",""created_time"":""2026-04-28T05:15:16.476744Z"",""no_price_dollars"":""0.4900"",""taker_side"":""no"",""ticker"":""KXBTC15M-26APR280130-30"",""trade_id"":""6a6dc756-86e0-7fec-f2ca-871f483c027e"",""yes_price_dollars"":""0.5100""}"
KXBTC15M-26APR280130-30,5afd1df9-8989-704b-e90e-f5a9ae411953,1777353316,0.51,9.23,no,"{""count_fp"":""9.23"",""created_time"":""2026-04-28T05:15:16.476744Z"",""no_price_dollars"":""0.4900"",""taker_side"":""no"",""ticker"":""KXBTC15M-26APR280130-30"",""trade_id"":""5afd1df9-8989-704b-e90e-f5a9ae411953"",""yes_price_dollars"":""0.5100""}"
KXBTC15M-26APR280130-30,d59f2603-b24b-5ffb-1b04-0cd4af56e958,1777353316,0.51,10.77,no,"{""count_fp"":""10.77"",""created_time"":""2026-04-28T05:15:16.251872Z"",""no_price_dollars"":""0.4900"",""taker_side"":""no"",""ticker"":""KXBTC15M-26APR280130-30"",""trade_id"":""d59f2603-b24b-5ffb-1b04-0cd4af56e958"",""yes_price_dollars"":""0.5100""}"
KXBTC15M-26APR280130-30,827234f7-b318-5d80-0963-f26ee3b9835f,1777353316,0.51,4.23,no,"{""count_fp"":""4.23"",""created_time"":""2026-04-28T05:15:16.251872Z"",""no_price_dollars"":""0.4900"",""taker_side"":""no"",""ticker"":""KXBTC15M-26APR280130-30"",""trade_id"":""827234f7-b318-5d80-0963-f26ee3b9835f"",""yes_price_dollars"":""0.5100""}"
KXBTC15M-26APR280130-30,f3f280d1-60bd-5812-fadb-61079e8737ba,1777353316,0.51,20.32,no,"{""count_fp"":""20.32"",""created_time"":""2026-04-28T05:15:16.053158Z"",""no_price_dollars"":""0.4900"",""taker_side"":""no"",""ticker"":""KXBTC15M-26APR280130-30"",""trade_id"":""f3f280d1-60bd-5812-fadb-61079e8737ba"",""yes_price_dollars"":""0.5100""}"
KXBTC15M-26APR280130-30,b43a92f8-bf87-578b-fb2b-fec50315da5c,1777353316,0.51,9.23,no,"{""count_fp"":""9.23"",""created_time"":""2026-04-28T05:15:16.053158Z"",""no_price_dollars"":""0.4900"",""taker_side"":""no"",""ticker"":""KXBTC15M-26APR280130-30"",""trade_id"":""b43a92f8-bf87-578b-fb2b-fec50315da5c"",""yes_price_dollars"":""0.5100""}"
KXBTC15M-26APR280130-30,f6316c83-9fa7-5878-2aec-7aafa507fdb0,1777353317,0.5,1.93,no,"{""count_fp"":""1.93"",""created_time"":""2026-04-28T05:15:17.996468Z"",""no_price_dollars"":""0.5000"",""taker_side"":""no"",""ticker"":""KXBTC15M-26APR280130-30"",""trade_id"":""f6316c83-9fa7-5878-2aec-7aafa507fdb0"",""yes_price_dollars"":""0.5000""}"
KXBTC15M-26APR280130-30,a12d260a-86e6-7a7c-d232-a6f32623e7fe,1777353317,0.51,21.0,yes,"{""count_fp"":""21.00"",""created_time"":""2026-04-28T05:15:17.794816Z"",""no_price_dollars"":""0.4900"",""taker_side"":""yes"",""ticker"":""KXBTC15M-26APR280130-30"",""trade_id"":""a12d260a-86e6-7a7c-d232-a6f32623e7fe"",""yes_price_dollars"":""0.5100""}"
KXBTC15M-26APR280130-30,91864947-82d8-7ab8-eb31-8499b47e4c01,1777353317,0.51,38.18,yes,"{""count_fp"":""38.18"",""created_time"":""2026-04-28T05:15:17.794816Z"",""no_price_dollars"":""0.4900"",""taker_side"":""yes"",""ticker"":""KXBTC15M-26APR280130-30"",""trade_id"":""91864947-82d8-7ab8-eb31-8499b47e4c01"",""yes_price_dollars"":""0.5100""}"
KXBTC15M-26APR280130-30,061ba1df-0fd8-79eb-cab7-d4155e6a2b0d,1777353317,0.52,29.26,yes,"{""count_fp"":""29.26"",""created_time"":""2026-04-28T05:15:17.794816Z"",""no_price_dollars"":""0.4800"",""taker_side"":""yes"",""ticker"":""KXBTC15M-26APR280130-30"",""trade_id"":""061ba1df-0fd8-79eb-cab7-d4155e6a2b0d"",""yes_price_dollars"":""0.5200""}"
KXBTC15M-26APR280130-30,d2e55826-66ac-4200-bb45-dc1dc7cd4c25,1777353317,0.51,1.82,yes,"{""count_fp"":""1.82"",""created_time"":""2026-04-28T05:15:17.674838Z"",""no_price_dollars"":""0.4900"",""taker_side"":""yes"",""ticker"":""KXBTC15M-26APR280130-30"",""trade_id"":""d2e55826-66ac-4200-bb45-dc1dc7cd4c25"",""yes_price_dollars"":""0.5100""}"
KXBTC15M-26APR280130-30,dbebb5f6-6f2f-62e0-a5ba-056c0d549752,1777353317,0.53,341.28,yes,"{""count_fp"":""341.28"",""created_time"":""2026-04-28T05:15:17.630982Z"",""no_price_dollars"":""0.4700"",""taker_side"":""yes"",""ticker"":""KXBTC15M-26APR280130-30"",""trade_id"":""dbebb5f6-6f2f-62e0-a5ba-056c0d549752"",""yes_price_dollars"":""0.5300""}"
KXBTC15M-26APR280130-30,d7864d02-3da5-690e-aeac-43d1586f8f60,1777353317,0.52,40.0,yes,"{""count_fp"":""40.00"",""created_time"":""2026-04-28T05:15:17.630982Z"",""no_price_dollars"":""0.4800"",""taker_side"":""yes"",""ticker"":""KXBTC15M-26APR280130-30"",""trade_id"":""d7864d02-3da5-690e-aeac-43d1586f8f60"",""yes_price_dollars"":""0.5200""}"
KXBTC15M-26APR280130-30,b21803da-47ed-6948-bc5a-eacb9f3fe3ed,1777353317,0.51,20.0,yes,"{""count_fp"":""20.00"",""created_time"":""2026-04-28T05:15:17.630982Z"",""no_price_dollars"":""0.4900"",""taker_side"":""yes"",""ticker"":""KXBTC15M-26APR280130-30"",""trade_id"":""b21803da-47ed-6948-bc5a-eacb9f3fe3ed"",""yes_price_dollars"":""0.5100""}"
KXBTC15M-26APR280130-30,7ff92472-8ffd-626f-87ef-58c0fda21377,1777353317,0.51,15.85,yes,"{""count_fp"":""15.85"",""created_time"":""2026-04-28T05:15:17.630982Z"",""no_price_dollars"":""0.4900"",""taker_side"":""yes"",""ticker"":""KXBTC15M-26APR280130-30"",""trade_id"":""7ff92472-8ffd-626f-87ef-58c0fda21377"",""yes_price_dollars"":""0.5100""}"
KXBTC15M-26APR280130-30,71ccb864-2951-6da8-b807-a8615f9fd6b9,1777353317,0.52,3.0,yes,"{""count_fp"":""3.00"",""created_time"":""2026-04-28T05:15:17.630982Z"",""no_price_dollars"":""0.4800"",""taker_side"":""yes"",""ticker"":""KXBTC15M-26APR280130-30"",""trade_id"":""71ccb864-2951-6da8-b807-a8615f9fd6b9"",""yes_price_dollars"":""0.5200""}"
KXBTC15M-26APR280130-30,6ee05fb7-652f-6611-96c4-0c47743e0409,1777353317,0.51,17.85,yes,"{""count_fp"":""17.85"",""created_time"":""2026-04-28T05:15:17.630982Z"",""no_price_dollars"":""0.4900"",""taker_side"":""yes"",""ticker"":""KXBTC15M-26APR280130-30"",""trade_id"":""6ee05fb7-652f-6611-96c4-0c47743e0409"",""yes_price_dollars"":""0.5100""}"
KXBTC15M-26APR280130-30,29b1a207-c477-6f13-9ffb-ab0bb2eaf91a,1777353317,0.51,20.0,yes,"{""count_fp"":""20.00"",""created_time"":""2026-04-28T05:15:17.630982Z"",""no_price_dollars"":""0.4900"",""taker_side"":""yes"",""ticker"":""KXBTC15M-26APR280130-30"",""trade_id"":""29b1a207-c477-6f13-9ffb-ab0bb2eaf91a"",""yes_price_dollars"":""0.5100""}"
KXBTC15M-26APR280130-30,245df14b-3123-5969-ddaa-58135daf7fc9,1777353317,0.51,13.02,yes,"{""count_fp"":""13.02"",""created_time"":""2026-04-28T05:15:17.622529Z"",""no_price_dollars"":""0.4900"",""taker_side"":""yes"",""ticker"":""KXBTC15M-26APR280130-30"",""trade_id"":""245df14b-3123-5969-ddaa-58135daf7fc9"",""yes_price_dollars"":""0.5100""}"
KXBTC15M-26APR280130-30,d2d869f8-2a69-69ec-067e-d6c61a43a385,1777353317,0.5,20.0,no,"{""count_fp"":""20.00"",""created_time"":""2026-04-28T05:15:17.107789Z"",""no_price_dollars"":""0.5000"",""taker_side"":""no"",""ticker"":""KXBTC15M-26APR280130-30"",""trade_id"":""d2d869f8-2a69-69ec-067e-d6c61a43a385"",""yes_price_dollars"":""0.5000""}"
KXBTC15M-26APR280130-30,d1516ce5-ac57-602a-2117-0dac3455cfd4,1777353317,0.49,400.0,no,"{""count_fp"":""400.00"",""created_time"":""2026-04-28T05:15:17.107789Z"",""no_price_dollars"":""0.5100"",""taker_side"":""no"",""ticker"":""KXBTC15M-26APR280130-30"",""trade_id"":""d1516ce5-ac57-602a-2117-0dac3455cfd4"",""yes_price_dollars"":""0.4900""}"
KXBTC15M-26APR280130-30,b774a511-9481-6bb9-23f9-0c0cbc2a84a3,1777353317,0.5,3.0,no,"{""count_fp"":""3.00"",""created_time"":""2026-04-28T05:15:17.107789Z"",""no_price_dollars"":""0.5000"",""taker_side"":""no"",""ticker"":""KXBTC15M-26APR280130-30"",""trade_id"":""b774a511-9481-6bb9-23f9-0c0cbc2a84a3"",""yes_price_dollars"":""0.5000""}"
KXBTC15M-26APR280130-30,9778f47b-651e-68be-2a8b-8a07472ff6b9,1777353317,0.49,302.29,no,"{""count_fp"":""302.29"",""created_time"":""2026-04-28T05:15:17.107789Z"",""no_price_dollars"":""0.5100"",""taker_side"":""no"",""ticker"":""KXBTC15M-26APR280130-30"",""trade_id"":""9778f47b-651e-68be-2a8b-8a07472ff6b9"",""yes_price_dollars"":""0.4900""}"
KXBTC15M-26APR280130-30,7dc799e5-266a-6cf7-1089-f8a62754995d,1777353317,0.49,40.0,no,"{""count_fp"":""40.00"",""created_time"":""2026-04-28T05:15:17.107789Z"",""no_price_dollars"":""0.5100"",""taker_side"":""no"",""ticker"":""KXBTC15M-26APR280130-30"",""trade_id"":""7dc799e5-266a-6cf7-1089-f8a62754995d"",""yes_price_dollars"":""0.4900""}"
KXBTC15M-26APR280130-30,645af2b9-a739-6923-3ce7-127d33f6fd3a,1777353317,0.49,2.0,no,"{""count_fp"":""2.00"",""created_time"":""2026-04-28T05:15:17.107789Z"",""no_price_dollars"":""0.5100"",""taker_side"":""no"",""ticker"":""KXBTC15M-26APR280130-30"",""trade_id"":""645af2b9-a739-6923-3ce7-127d33f6fd3a"",""yes_price_dollars"":""0.4900""}"
KXBTC15M-26APR280130-30,5cb01b74-aa85-62dc-243c-9a5c5b4ec7d1,1777353317,0.5,20.0,no,"{""count_fp"":""20.00"",""created_time"":""2026-04-28T05:15:17.107789Z"",""no_price_dollars"":""0.5000"",""taker_side"":""no"",""ticker"":""KXBTC15M-26APR280130-30"",""trade_id"":""5cb01b74-aa85-62dc-243c-9a5c5b4ec7d1"",""yes_price_dollars"":""0.5000""}"
KXBTC15M-26APR280130-30,50cee8f4-3fd0-69a3-18cd-8c198d8dbfe6,1777353317,0.5,2.0,no,"{""count_fp"":""2.00"",""created_time"":""2026-04-28T05:15:17.107789Z"",""no_price_dollars"":""0.5000"",""taker_side"":""no"",""ticker"":""KXBTC15M-26APR280130-30"",""trade_id"":""50cee8f4-3fd0-69a3-18cd-8c198d8dbfe6"",""yes_price_dollars"":""0.5000""}"
KXBTC15M-26APR280130-30,488c80d6-52dc-6f28-1168-2f54fefde250,1777353317,0.49,20.0,no,"{""count_fp"":""20.00"",""created_time"":""2026-04-28T05:15:17.107789Z"",""no_price_dollars"":""0.5100"",""taker_side"":""no"",""ticker"":""KXBTC15M-26APR280130-30"",""trade_id"":""488c80d6-52dc-6f28-1168-2f54fefde250"",""yes_price_dollars"":""0.4900""}"
KXBTC15M-26APR280130-30,1a94fa1b-43f9-6a5f-3736-4ef598acb61f,1777353317,0.49,65.0,no,"{""count_fp"":""65.00"",""created_time"":""2026-04-28T05:15:17.107789Z"",""no_price_dollars"":""0.5100"",""taker_side"":""no"",""ticker"":""KXBTC15M-26APR280130-30"",""trade_id"":""1a94fa1b-43f9-6a5f-3736-4ef598acb61f"",""yes_price_dollars"":""0.4900""}"
KXBTC15M-26APR280130-30,19139a59-e053-6756-1d48-d6a6156d526d,1777353317,0.5,40.0,no,"{""count_fp"":""40.00"",""created_time"":""2026-04-28T05:15:17.107789Z"",""no_price_dollars"":""0.5000"",""taker_side"":""no"",""ticker"":""KXBTC15M-26APR280130-30"",""trade_id"":""19139a59-e053-6756-1d48-d6a6156d526d"",""yes_price_dollars"":""0.5000""}"
KXBTC15M-26APR280130-30,0c2710c9-8143-7969-2ce6-1b51137b57e9,1777353317,0.51,9.13,yes,"{""count_fp"":""9.13"",""created_time"":""2026-04-28T05:15:17.043123Z"",""no_price_dollars"":""0.4900"",""taker_side"":""yes"",""ticker"":""KXBTC15M-26APR280130-30"",""trade_id"":""0c2710c9-8143-7969-2ce6-1b51137b57e9"",""yes_price_dollars"":""0.5100""}"
KXBTC15M-26APR280130-30,80bf0b25-ec42-54d4-0316-64cbcf7efc16,1777353319,0.48,2.0,yes,"{""count_fp"":""2.00"",""created_time"":""2026-04-28T05:15:19.775328Z"",""no_price_dollars"":""0.5200"",""taker_side"":""yes"",""ticker"":""KXBTC15M-26APR280130-30"",""trade_id"":""80bf0b25-ec42-54d4-0316-64cbcf7efc16"",""yes_price_dollars"":""0.4800""}"
KXBTC15M-26APR280130-30,f57c9d22-008a-4998-5670-93c51230f37a,1777353319,0.49,2.79,yes,"{""count_fp"":""2.79"",""created_time"":""2026-04-28T05:15:19.746971Z"",""no_price_dollars"":""0.5100"",""taker_side"":""yes"",""ticker"":""KXBTC15M-26APR280130-30"",""trade_id"":""f57c9d22-008a-4998-5670-93c51230f37a"",""yes_price_dollars"":""0.4900""}"
KXBTC15M-26APR280130-30,ec21252c-76eb-58f2-ce76-4ef7cbfe4786,1777353319,0.47,40.0,yes,"{""count_fp"":""40.00"",""created_time"":""2026-04-28T05:15:19.735029Z"",""no_price_dollars"":""0.5300"",""taker_side"":""yes"",""ticker"":""KXBTC15M-26APR280130-30"",""trade_id"":""ec21252c-76eb-58f2-ce76-4ef7cbfe4786"",""yes_price_dollars"":""0.4700""}"
KXBTC15M-26APR280130-30,b5bb4b44-36d1-5fbc-dae9-6e90eca79589,1777353319,0.48,40.0,yes,"{""count_fp"":""40.00"",""created_time"":""2026-04-28T05:15:19.735029Z"",""no_price_dollars"":""0.5200"",""taker_side"":""yes"",""ticker"":""KXBTC15M-26APR280130-30"",""trade_id"":""b5bb4b44-36d1-5fbc-dae9-6e90eca79589"",""yes_price_dollars"":""0.4800""}"
KXBTC15M-26APR280130-30,a766336b-61c9-5c1d-dde9-964074d58c2d,1777353319,0.49,40.0,yes,"{""count_fp"":""40.00"",""created_time"":""2026-04-28T05:15:19.735029Z"",""no_price_dollars"":""0.5100"",""taker_side"":""yes"",""ticker"":""KXBTC15M-26APR280130-30"",""trade_id"":""a766336b-61c9-5c1d-dde9-964074d58c2d"",""yes_price_dollars"":""0.4900""}"
KXBTC15M-26APR280130-30,76c7fa5b-223d-5956-dc13-2ce72216755e,1777353319,0.5,10.1,yes,"{""count_fp"":""10.10"",""created_time"":""2026-04-28T05:15:19.735029Z"",""no_price_dollars"":""0.5000"",""taker_side"":""yes"",""ticker"":""KXBTC15M-26APR280130-30"",""trade_id"":""76c7fa5b-223d-5956-dc13-2ce72216755e"",""yes_price_dollars"":""0.5000""}"
KXBTC15M-26APR280130-30,440db7bc-1d86-5a6f-fa6d-6b688896d2ae,1777353319,0.49,3.0,yes,"{""count_fp"":""3.00"",""created_time"":""2026-04-28T05:15:19.735029Z"",""no_price_dollars"":""0.5100"",""taker_side"":""yes"",""ticker"":""KXBTC15M-26APR280130-30"",""trade_id"":""440db7bc-1d86-5a6f-fa6d-6b688896d2ae"",""yes_price_dollars"":""0.4900""}"
KXBTC15M-26APR280130-30,1908c6d3-87b9-5701-d00a-3d53a5ef9cc2,1777353319,0.5,73.37,yes,"{""count_fp"":""73.37"",""created_time"":""2026-04-28T05:15:19.735029Z"",""no_price_dollars"":""0.5000"",""taker_side"":""yes"",""ticker"":""KXBTC15M-26APR280130-30"",""trade_id"":""1908c6d3-87b9-5701-d00a-3d53a5ef9cc2"",""yes_price_dollars"":""0.5000""}"
KXBTC15M-26APR280130-30,ac6fc64c-82c2-7e06-1720-99432cd5629f,1777353319,0.47,20.0,no,"{""count_fp"":""20.00"",""created_time"":""2026-04-28T05:15:19.707638Z"",""no_price_dollars"":""0.5300"",""taker_side"":""no"",""ticker"":""KXBTC15M-26APR280130-30"",""trade_id"":""ac6fc64c-82c2-7e06-1720-99432cd5629f"",""yes_price_dollars"":""0.4700""}"
KXBTC15M-26APR280130-30,6ca9f97a-d263-5c44-9f64-4a0fbe8a5380,1777353319,0.48,3.0,no,"{""count_fp"":""3.00"",""created_time"":""2026-04-28T05:15:19.697347Z"",""no_price_dollars"":""0.5200"",""taker_side"":""no"",""ticker"":""KXBTC15M-26APR280130-30"",""trade_id"":""6ca9f97a-d263-5c44-9f64-4a0fbe8a5380"",""yes_price_dollars"":""0.4800""}"
KXBTC15M-26APR280130-30,040ff942-4fb5-77ee-5d61-a4da34343b4a,1777353319,0.5,2.0,yes,"{""count_fp"":""2.00"",""created_time"":""2026-04-28T05:15:19.684411Z"",""no_price_dollars"":""0.5000"",""taker_side"":""yes"",""ticker"":""KXBTC15M-26APR280130-30"",""trade_id"":""040ff942-4fb5-77ee-5d61-a4da34343b4a"",""yes_price_dollars"":""0.5000""}"
KXBTC15M-26APR280130-30,aa3d2a06-d3e5-76da-546a-9b463c40a072,1777353319,0.5,27.9,yes,"{""count_fp"":""27.90"",""created_time"":""2026-04-28T05:15:19.633645Z"",""no_price_dollars"":""0.5000"",""taker_side"":""yes"",""ticker"":""KXBTC15M-26APR280130-30"",""trade_id"":""aa3d2a06-d3e5-76da-546a-9b463c40a072"",""yes_price_dollars"":""0.5000""}"
KXBTC15M-26APR280130-30,e0d18876-1da3-4f17-90d5-377f5381b983,1777353319,0.5,28.51,no,"{""count_fp"":""28.51"",""created_time"":""2026-04-28T05:15:19.578407Z"",""no_price_dollars"":""0.5000"",""taker_side"":""no"",""ticker"":""KXBTC15M-26APR280130-30"",""trade_id"":""e0d18876-1da3-4f17-90d5-377f5381b983"",""yes_price_dollars"":""0.5000""}"
KXBTC15M-26APR280130-30,702751d0-525e-432a-8665-ef22a51cd56d,1777353319,0.5,3.0,no,"{""count_fp"":""3.00"",""created_time"":""2026-04-28T05:15:19.578407Z"",""no_price_dollars"":""0.5000"",""taker_side"":""no"",""ticker"":""KXBTC15M-26APR280130-30"",""trade_id"":""702751d0-525e-432a-8665-ef22a51cd56d"",""yes_price_dollars"":""0.5000""}"
KXBTC15M-26APR280130-30,46136b10-3d43-427a-a30c-9bd45d1eabf4,1777353319,0.5,20.0,no,"{""count_fp"":""20.00"",""created_time"":""2026-04-28T05:15:19.578407Z"",""no_price_dollars"":""0.5000"",""taker_side"":""no"",""ticker"":""KXBTC15M-26APR280130-30"",""trade_id"":""46136b10-3d43-427a-a30c-9bd45d1eabf4"",""yes_price_dollars"":""0.5000""}"
KXBTC15M-26APR280130-30,3ffbf149-f5ff-442f-88b5-fb2a37d38404,1777353319,0.5,500.0,no,"{""count_fp"":""500.00"",""created_time"":""2026-04-28T05:15:19.578407Z"",""no_price_dollars"":""0.5000"",""taker_side"":""no"",""ticker"":""KXBTC15M-26APR280130-30"",""trade_id"":""3ffbf149-f5ff-442f-88b5-fb2a37d38404"",""yes_price_dollars"":""0.5000""}"
KXBTC15M-26APR280130-30,35d8968d-508f-6cf3-e3e2-a6f052a87f0f,1777353319,0.5,1.49,no,"{""count_fp"":""1.49"",""created_time"":""2026-04-28T05:15:19.571364Z"",""no_price_dollars"":""0.5000"",""taker_side"":""no"",""ticker"":""KXBTC15M-26APR280130-30"",""trade_id"":""35d8968d-508f-6cf3-e3e2-a6f052a87f0f"",""yes_price_dollars"":""0.5000""}"
KXBTC15M-26APR280130-30,010d0076-78c6-6ee7-d397-cd8aab1f15dc,1777353319,0.5,20.0,no,"{""count_fp"":""20.00"",""created_time"":""2026-04-28T05:15:19.571364Z"",""no_price_dollars"":""0.5000"",""taker_side"":""no"",""ticker"":""KXBTC15M-26APR280130-30"",""trade_id"":""010d0076-78c6-6ee7-d397-cd8aab1f15dc"",""yes_price_dollars"":""0.5000""}"
KXBTC15M-26APR280130-30,05bc18cd-e449-7987-e11f-6a7314170407,1777353319,0.52,18.59,yes,"{""count_fp"":""18.59"",""created_time"":""2026-04-28T05:15:19.554594Z"",""no_price_dollars"":""0.4800"",""taker_side"":""yes"",""ticker"":""KXBTC15M-26APR280130-30"",""trade_id"":""05bc18cd-e449-7987-e11f-6a7314170407"",""yes_price_dollars"":""0.5200""}"
KXBTC15M-26APR280130-30,e1a0d8d8-2e05-6fe2-fdd5-cb9dddbd062c,1777353319,0.52,30.0,yes,"{""count_fp"":""30.00"",""created_time"":""2026-04-28T05:15:19.183456Z"",""no_price_dollars"":""0.4800"",""taker_side"":""yes"",""ticker"":""KXBTC15M-26APR280130-30"",""trade_id"":""e1a0d8d8-2e05-6fe2-fdd5-cb9dddbd062c"",""yes_price_dollars"":""0.5200""}"
KXBTC15M-26APR280130-30,d45e907c-6107-6f29-fbeb-8ba4826bc8bf,1777353319,0.52,4.0,yes,"{""count_fp"":""4.00"",""created_time"":""2026-04-28T05:15:19.183456Z"",""no_price_dollars"":""0.4800"",""taker_side"":""yes"",""ticker"":""KXBTC15M-26APR280130-30"",""trade_id"":""d45e907c-6107-6f29-fbeb-8ba4826bc8bf"",""yes_price_dollars"":""0.5200""}"
KXBTC15M-26APR280130-30,a09243ed-d4c5-6927-d4d4-a24fe84bf8bf,1777353319,0.52,2.33,yes,"{""count_fp"":""2.33"",""created_time"":""2026-04-28T05:15:19.183456Z"",""no_price_dollars"":""0.4800"",""taker_side"":""yes"",""ticker"":""KXBTC15M-26APR280130-30"",""trade_id"":""a09243ed-d4c5-6927-d4d4-a24fe84bf8bf"",""yes_price_dollars"":""0.5200""}"
KXBTC15M-26APR280130-30,93067975-4894-6b5f-cf84-248fef03cca9,1777353319,0.52,9.26,yes,"{""count_fp"":""9.26"",""created_time"":""2026-04-28T05:15:19.183456Z"",""no_price_dollars"":""0.4800"",""taker_side"":""yes"",""ticker"":""KXBTC15M-26APR280130-30"",""trade_id"":""93067975-4894-6b5f-cf84-248fef03cca9"",""yes_price_dollars"":""0.5200""}"
KXBTC15M-26APR280130-30,64cbb373-a790-6976-f14c-47d14af5584c,1777353319,0.52,20.0,yes,"{""count_fp"":""20.00"",""created_time"":""2026-04-28T05:15:19.183456Z"",""no_price_dollars"":""0.4800"",""taker_side"":""yes"",""ticker"":""KXBTC15M-26APR280130-30"",""trade_id"":""64cbb373-a790-6976-f14c-47d14af5584c"",""yes_price_dollars"":""0.5200""}"
KXBTC15M-26APR280130-30,23ea5b78-f213-6c37-d1ec-cdbe9ba484ae,1777353319,0.52,20.0,yes,"{""count_fp"":""20.00"",""created_time"":""2026-04-28T05:15:19.183456Z"",""no_price_dollars"":""0.4800"",""taker_side"":""yes"",""ticker"":""KXBTC15M-26APR280130-30"",""trade_id"":""23ea5b78-f213-6c37-d1ec-cdbe9ba484ae"",""yes_price_dollars"":""0.5200""}"
KXBTC15M-26APR280130-30,025a7273-3aa0-6685-c6c0-48da000d1714,1777353319,0.52,3.0,yes,"{""count_fp"":""3.00"",""created_time"":""2026-04-28T05:15:19.183456Z"",""no_price_dollars"":""0.4800"",""taker_side"":""yes"",""ticker"":""KXBTC15M-26APR280130-30"",""trade_id"":""025a7273-3aa0-6685-c6c0-48da000d1714"",""yes_price_dollars"":""0.5200""}"
KXBTC15M-26APR280130-30,ab03f040-1e18-7d17-bbc4-6c0589134b35,1777353319,0.52,1.48,yes,"{""count_fp"":""1.48"",""created_time"":""2026-04-28T05:15:19.007116Z"",""no_price_dollars"":""0.4800"",""taker_side"":""yes"",""ticker"":""KXBTC15M-26APR280130-30"",""trade_id"":""ab03f040-1e18-7d17-bbc4-6c0589134b35"",""yes_price_dollars"":""0.5200""}"
KXBTC15M-26APR280130-30,9e8e4f28-e1aa-4347-5240-10111b8a72af,1777353320,0.47,2.79,yes,"{""count_fp"":""2.79"",""created_time"":""2026-04-28T05:15:20.336346Z"",""no_price_dollars"":""0.5300"",""taker_side"":""yes"",""ticker"":""KXBTC15M-26APR280130-30"",""trade_id"":""9e8e4f28-e1aa-4347-5240-10111b8a72af"",""yes_price_dollars"":""0.4700""}"
KXBTC15M-26APR280130-30,64446cfa-3966-6fd3-01ee-5fc9872fe203,1777353320,0.47,18.6,yes,"{""count_fp"":""18.60"",""created_time"":""2026-04-28T05:15:20.215761Z"",""no_price_dollars"":""0.5300"",""taker_side"":""yes"",""ticker"":""KXBTC15M-26APR280130-30"",""trade_id"":""64446cfa-3966-6fd3-01ee-5fc9872fe203"",""yes_price_dollars"":""0.4700""}"
KXBTC15M-26APR280130-30,57b81398-b9f5-4cd5-d4bc-3a4c0bdd51d2,1777353321,0.47,99.39,yes,"{""count_fp"":""99.39"",""created_time"":""2026-04-28T05:15:21.364436Z"",""no_price_dollars"":""0.5300"",""taker_side"":""yes"",""ticker"":""KXBTC15M-26APR280130-30"",""trade_id"":""57b81398-b9f5-4cd5-d4bc-3a4c0bdd51d2"",""yes_price_dollars"":""0.4700""}"
KXBTC15M-26APR280130-30,3a805c3f-1259-55e5-8d16-a1f7e496312a,1777353321,0.47,42.85,yes,"{""count_fp"":""42.85"",""created_time"":""2026-04-28T05:15:21.359885Z"",""no_price_dollars"":""0.5300"",""taker_side"":""yes"",""ticker"":""KXBTC15M-26APR280130-30"",""trade_id"":""3a805c3f-1259-55e5-8d16-a1f7e496312a"",""yes_price_dollars"":""0.4700""}"
KXBTC15M-26APR280130-30,e3e94913-18cf-5858-8ef0-96282e8c658e,1777353321,0.47,2.05,yes,"{""count_fp"":""2.05"",""created_time"":""2026-04-28T05:15:21.355344Z"",""no_price_dollars"":""0.5300"",""taker_side"":""yes"",""ticker"":""KXBTC15M-26APR280130-30"",""trade_id"":""e3e94913-18cf-5858-8ef0-96282e8c658e"",""yes_price_dollars"":""0.4700""}"
KXBTC15M-26APR280130-30,5aaac02a-eabf-6bc8-e4df-1ca2b878326e,1777353321,0.47,39.98,yes,"{""count_fp"":""39.98"",""created_time"":""2026-04-28T05:15:21.270399Z"",""no_price_dollars"":""0.5300"",""taker_side"":""yes"",""ticker"":""KXBTC15M-26APR280130-30"",""trade_id"":""5aaac02a-eabf-6bc8-e4df-1ca2b878326e"",""yes_price_dollars"":""0.4700""}"
KXBTC15M-26APR280130-30,5cf85dc6-3512-767b-24f1-aff7f0b6ea49,1777353322,0.51,9.3,yes,"{""count_fp"":""9.30"",""created_time"":""2026-04-28T05:15:22.332255Z"",""no_price_dollars"":""0.4900"",""taker_side"":""yes"",""ticker"":""KXBTC15M-26APR280130-30"",""trade_id"":""5cf85dc6-3512-767b-24f1-aff7f0b6ea49"",""yes_price_dollars"":""0.5100""}"
KXBTC15M-26APR280130-30,e9ef884f-fcb0-4a11-3be4-35543a60520b,1777353322,0.51,1.0,yes,"{""count_fp"":""1.00"",""created_time"":""2026-04-28T05:15:22.053923Z"",""no_price_dollars"":""0.4900"",""taker_side"":""yes"",""ticker"":""KXBTC15M-26APR280130-30"",""trade_id"":""e9ef884f-fcb0-4a11-3be4-35543a60520b"",""yes_price_dollars"":""0.5100""}"
KXBTC15M-26APR280130-30,9dd4746b-549a-41af-26e7-2ae80fa50ec1,1777353322,0.51,3.0,yes,"{""count_fp"":""3.00"",""created_time"":""2026-04-28T05:15:22.053923Z"",""no_price_dollars"":""0.4900"",""taker_side"":""yes"",""ticker"":""KXBTC15M-26APR280130-30"",""trade_id"":""9dd4746b-549a-41af-26e7-2ae80fa50ec1"",""yes_price_dollars"":""0.5100""}"
KXBTC15M-26APR280130-30,b810a106-4e7c-7dfc-46ba-9dce1a12da50,1777353322,0.5,3.0,no,"{""count_fp"":""3.00"",""created_time"":""2026-04-28T05:15:22.045985Z"",""no_price_dollars"":""0.5000"",""taker_side"":""no"",""ticker"":""KXBTC15M-26APR280130-30"",""trade_id"":""b810a106-4e7c-7dfc-46ba-9dce1a12da50"",""yes_price_dollars"":""0.5000""}"
KXBTC15M-26APR280130-30,5ca3e3cd-eff2-7288-6cfb-354dc5eeae24,1777353322,0.5,24.84,no,"{""count_fp"":""24.84"",""created_time"":""2026-04-28T05:15:22.045985Z"",""no_price_dollars"":""0.5000"",""taker_side"":""no"",""ticker"":""KXBTC15M-26APR280130-30"",""trade_id"":""5ca3e3cd-eff2-7288-6cfb-354dc5eeae24"",""yes_price_dollars"":""0.5000""}"
KXBTC15M-26APR280130-30,374ce34d-778e-7b2e-5d63-9aaecc267bcc,1777353322,0.5,40.0,no,"{""count_fp"":""40.00"",""created_time"":""2026-04-28T05:15:22.045985Z"",""no_price_dollars"":""0.5000"",""taker_side"":""no"",""ticker"":""KXBTC15M-26APR280130-30"",""trade_id"":""374ce34d-778e-7b2e-5d63-9aaecc267bcc"",""yes_price_dollars"":""0.5000""}"
KXBTC15M-26APR280130-30,d28a0670-7502-5f98-5301-db96f8f75ce0,1777353323,0.51,43.35,no,"{""count_fp"":""43.35"",""created_time"":""2026-04-28T05:15:23.984665Z"",""no_price_dollars"":""0.4900"",""taker_side"":""no"",""ticker"":""KXBTC15M-26APR280130-30"",""trade_id"":""d28a0670-7502-5f98-5301-db96f8f75ce0"",""yes_price_dollars"":""0.5100""}"
KXBTC15M-26APR280130-30,7f9ae2f7-c83e-5130-e644-774dfad074f0,1777353323,0.51,52.17,no,"{""count_fp"":""52.17"",""created_time"":""2026-04-28T05:15:23.934308Z"",""no_price_dollars"":""0.4900"",""taker_side"":""no"",""ticker"":""KXBTC15M-26APR280130-30"",""trade_id"":""7f9ae2f7-c83e-5130-e644-774dfad074f0"",""yes_price_dollars"":""0.5100""}"
KXBTC15M-26APR280130-30,2cbd3ed5-20ea-41b8-e2bd-cc263f798e10,1777353323,0.51,30.49,no,"{""count_fp"":""30.49"",""created_time"":""2026-04-28T05:15:23.676008Z"",""no_price_dollars"":""0.4900"",""taker_side"":""no"",""ticker"":""KXBTC15M-26APR280130-30"",""trade_id"":""2cbd3ed5-20ea-41b8-e2bd-cc263f798e10"",""yes_price_dollars"":""0.5100""}"
KXBTC15M-26APR280130-30,f7d0bed4-3961-4ce7-7e19-9a06d8f7730d,1777353323,0.51,9.3,yes,"{""count_fp"":""9.30"",""created_time"":""2026-04-28T05:15:23.475337Z"",""no_price_dollars"":""0.4900"",""taker_side"":""yes"",""ticker"":""KXBTC15M-26APR280130-30"",""trade_id"":""f7d0bed4-3961-4ce7-7e19-9a06d8f7730d"",""yes_price_dollars"":""0.5100""}"
KXBTC15M-26APR280130-30,7b62fbfe-93c3-489f-647e-c3dca2bfcd32,1777353323,0.51,2.7,yes,"{""count_fp"":""2.70"",""created_time"":""2026-04-28T05:15:23.475337Z"",""no_price_dollars"":""0.4900"",""taker_side"":""yes"",""ticker"":""KXBTC15M-26APR280130-30"",""trade_id"":""7b62fbfe-93c3-489f-647e-c3dca2bfcd32"",""yes_price_dollars"":""0.5100""}"
KXBTC15M-26APR280130-30,62649743-1ec2-4ea5-70c1-211e28baea47,1777353323,0.51,7.7,yes,"{""count_fp"":""7.70"",""created_time"":""2026-04-28T05:15:23.475337Z"",""no_price_dollars"":""0.4900"",""taker_side"":""yes"",""ticker"":""KXBTC15M-26APR280130-30"",""trade_id"":""62649743-1ec2-4ea5-70c1-211e28baea47"",""yes_price_dollars"":""0.5100""}"
KXBTC15M-26APR280130-30,59221242-feb4-42d9-4350-567cadfd06c4,1777353323,0.51,0.3,yes,"{""count_fp"":""0.30"",""created_time"":""2026-04-28T05:15:23.475337Z"",""no_price_dollars"":""0.4900"",""taker_side"":""yes"",""ticker"":""KXBTC15M-26APR280130-30"",""trade_id"":""59221242-feb4-42d9-4350-567cadfd06c4"",""yes_price_dollars"":""0.5100""}"
KXBTC15M-26APR280130-30,4119547f-8562-4420-4410-a94d9f74a304,1777353323,0.52,35.9,yes,"{""count_fp"":""35.90"",""created_time"":""2026-04-28T05:15:23.475337Z"",""no_price_dollars"":""0.4800"",""taker_side"":""yes"",""ticker"":""KXBTC15M-26APR280130-30"",""trade_id"":""4119547f-8562-4420-4410-a94d9f74a304"",""yes_price_dollars"":""0.5200""}"
KXBTC15M-26APR280130-30,211baf77-8ce6-776c-24e2-b41eef48dbb8,1777353323,0.5,1.79,no,"{""count_fp"":""1.79"",""created_time"":""2026-04-28T05:15:23.446064Z"",""no_price_dollars"":""0.5000"",""taker_side"":""no"",""ticker"":""KXBTC15M-26APR280130-30"",""trade_id"":""211baf77-8ce6-776c-24e2-b41eef48dbb8"",""yes_price_dollars"":""0.5000""}"
KXBTC15M-26APR280130-30,2582cab7-d752-4abf-792e-9012cf174461,1777353323,0.51,7.7,yes,"{""count_fp"":""7.70"",""created_time"":""2026-04-28T05:15:23.129094Z"",""no_price_dollars"":""0.4900"",""taker_side"":""yes"",""ticker"":""KXBTC15M-26APR280130-30"",""trade_id"":""2582cab7-d752-4abf-792e-9012cf174461"",""yes_price_dollars"":""0.5100""}"
KXBTC15M-26APR280130-30,0f3eecb1-6a9f-458f-679f-0ab2a6d223a6,1777353323,0.51,0.3,yes,"{""count_fp"":""0.30"",""created_time"":""2026-04-28T05:15:23.129094Z"",""no_price_dollars"":""0.4900"",""taker_side"":""yes"",""ticker"":""KXBTC15M-26APR280130-30"",""trade_id"":""0f3eecb1-6a9f-458f-679f-0ab2a6d223a6"",""yes_price_dollars"":""0.5100""}"
KXBTC15M-26APR280130-30,105e4fb3-0892-6bc8-f946-22ac8c00ff70,1777353324,0.51,19.7,no,"{""count_fp"":""19.70"",""created_time"":""2026-04-28T05:15:24.849201Z"",""no_price_dollars"":""0.4900"",""taker_side"":""no"",""ticker"":""KXBTC15M-26APR280130-30"",""trade_id"":""105e4fb3-0892-6bc8-f946-22ac8c00ff70"",""yes_price_dollars"":""0.5100""}"
KXBTC15M-26APR280130-30,abe1f03b-1472-52a8-4c15-f6847c855920,1777353324,0.51,289.85,no,"{""count_fp"":""289.85"",""created_time"":""2026-04-28T05:15:24.518341Z"",""no_price_dollars"":""0.4900"",""taker_side"":""no"",""ticker"":""KXBTC15M-26APR280130-30"",""trade_id"":""abe1f03b-1472-52a8-4c15-f6847c855920"",""yes_price_dollars"":""0.5100""}"
KXBTC15M-26APR280130-30,55723b31-eeaa-433c-84c3-27aa41cbddfc,1777353324,0.51,15.75,no,"{""count_fp"":""15.75"",""created_time"":""2026-04-28T05:15:24.038976Z"",""no_price_dollars"":""0.4900"",""taker_side"":""no"",""ticker"":""KXBTC15M-26APR280130-30"",""trade_id"":""55723b31-eeaa-433c-84c3-27aa41cbddfc"",""yes_price_dollars"":""0.5100""}"
KXBTC15M-26APR280130-30,350a4c22-5d12-6f88-1236-cd59dd126b5c,1777353325,0.5,37.61,no,"{""count_fp"":""37.61"",""created_time"":""2026-04-28T05:15:25.642613Z"",""no_price_dollars"":""0.5000"",""taker_side"":""no"",""ticker"":""KXBTC15M-26APR280130-30"",""trade_id"":""350a4c22-5d12-6f88-1236-cd59dd126b5c"",""yes_price_dollars"":""0.5000""}"
KXBTC15M-26APR280130-30,296d7287-3b85-6619-0904-d1e30f31e513,1777353325,0.5,1.0,no,"{""count_fp"":""1.00"",""created_time"":""2026-04-28T05:15:25.642613Z"",""no_price_dollars"":""0.5000"",""taker_side"":""no"",""ticker"":""KXBTC15M-26APR280130-30"",""trade_id"":""296d7287-3b85-6619-0904-d1e30f31e513"",""yes_price_dollars"":""0.5000""}"
KXBTC15M-26APR280130-30,a8d87827-0091-5fb9-0f30-c72767d9764d,1777353325,0.51,32.91,no,"{""count_fp"":""32.91"",""created_time"":""2026-04-28T05:15:25.278138Z"",""no_price_dollars"":""0.4900"",""taker_side"":""no"",""ticker"":""KXBTC15M-26APR280130-30"",""trade_id"":""a8d87827-0091-5fb9-0f30-c72767d9764d"",""yes_price_dollars"":""0.5100""}"
KXBTC15M-26APR280130-30,a3887a5d-ac47-7903-0630-11689ec486dd,1777353325,0.51,20.0,no,"{""count_fp"":""20.00"",""created_time"":""2026-04-28T05:15:25.258311Z"",""no_price_dollars"":""0.4900"",""taker_side"":""no"",""ticker"":""KXBTC15M-26APR280130-30"",""trade_id"":""a3887a5d-ac47-7903-0630-11689ec486dd"",""yes_price_dollars"":""0.5100""}"
KXBTC15M-26APR280130-30,8bf6d2af-58e5-712e-0400-5dfdcc093285,1777353325,0.51,3.0,no,"{""count_fp"":""3.00"",""created_time"":""2026-04-28T05:15:25.258311Z"",""no_price_dollars"":""0.4900"",""taker_side"":""no"",""ticker"":""KXBTC15M-26APR280130-30"",""trade_id"":""8bf6d2af-58e5-712e-0400-5dfdcc093285"",""yes_price_dollars"":""0.5100""}"
KXBTC15M-26APR280130-30,7ea77412-6927-7ec6-2de7-c73672787353,1777353325,0.51,10.0,no,"{""count_fp"":""10.00"",""created_time"":""2026-04-28T05:15:25.258311Z"",""no_price_dollars"":""0.4900"",""taker_side"":""no"",""ticker"":""KXBTC15M-26APR280130-30"",""trade_id"":""7ea77412-6927-7ec6-2de7-c73672787353"",""yes_price_dollars"":""0.5100""}"
KXBTC15M-26APR280130-30,7aab2df6-bb2d-72ca-2c1f-0ccd3fd55629,1777353325,0.51,1.27,no,"{""count_fp"":""1.27"",""created_time"":""2026-04-28T05:15:25.258311Z"",""no_price_dollars"":""0.4900"",""taker_side"":""no"",""ticker"":""KXBTC15M-26APR280130-30"",""trade_id"":""7aab2df6-bb2d-72ca-2c1f-0ccd3fd55629"",""yes_price_dollars"":""0.5100""}"
KXBTC15M-26APR280130-30,21ea9412-b0c1-7bd9-338c-6f9e7f7ce215,1777353325,0.51,5.13,no,"{""count_fp"":""5.13"",""created_time"":""2026-04-28T05:15:25.258311Z"",""no_price_dollars"":""0.4900"",""taker_side"":""no"",""ticker"":""KXBTC15M-26APR280130-30"",""trade_id"":""21ea9412-b0c1-7bd9-338c-6f9e7f7ce215"",""yes_price_dollars"":""0.5100""}"
KXBTC15M-26APR280130-30,d7db98bd-b477-41f2-42ab-ac61770ecba3,1777353325,0.51,10.0,no,"{""count_fp"":""10.00"",""created_time"":""2026-04-28T05:15:25.197049Z"",""no_price_dollars"":""0.4900"",""taker_side"":""no"",""ticker"":""KXBTC15M-26APR280130-30"",""trade_id"":""d7db98bd-b477-41f2-42ab-ac61770ecba3"",""yes_price_dollars"":""0.5100""}"
KXBTC15M-26APR280130-30,c119054b-b1e1-5557-d8b9-0c92df9c23a3,1777353326,0.52,7.55,yes,"{""count_fp"":""7.55"",""created_time"":""2026-04-28T05:15:26.834488Z"",""no_price_dollars"":""0.4800"",""taker_side"":""yes"",""ticker"":""KXBTC15M-26APR280130-30"",""trade_id"":""c119054b-b1e1-5557-d8b9-0c92df9c23a3"",""yes_price_dollars"":""0.5200""}"
KXBTC15M-26APR280130-30,1d3acf34-295a-521c-cda5-d73172ec9268,1777353326,0.52,4.1,yes,"{""count_fp"":""4.10"",""created_time"":""2026-04-28T05:15:26.834488Z"",""no_price_dollars"":""0.4800"",""taker_side"":""yes"",""ticker"":""KXBTC15M-26APR280130-30"",""trade_id"":""1d3acf34-295a-521c-cda5-d73172ec9268"",""yes_price_dollars"":""0.5200""}"
KXBTC15M-26APR280130-30,07a7718d-8761-5937-e67e-0758e196082f,1777353326,0.51,81.5,yes,"{""count_fp"":""81.50"",""created_time"":""2026-04-28T05:15:26.834488Z"",""no_price_dollars"":""0.4900"",""taker_side"":""yes"",""ticker"":""KXBTC15M-26APR280130-30"",""trade_id"":""07a7718d-8761-5937-e67e-0758e196082f"",""yes_price_dollars"":""0.5100""}"
KXBTC15M-26APR280130-30,6895880b-0812-4f63-2392-4adb8e5910d7,1777353326,0.51,20.0,yes,"{""count_fp"":""20.00"",""created_time"":""2026-04-28T05:15:26.790069Z"",""no_price_dollars"":""0.4900"",""taker_side"":""yes"",""ticker"":""KXBTC15M-26APR280130-30"",""trade_id"":""6895880b-0812-4f63-2392-4adb8e5910d7"",""yes_price_dollars"":""0.5100""}"
KXBTC15M-26APR280130-30,6231eb5f-431d-47d7-31a4-b8a9587bdf8b,1777353326,0.51,17.91,yes,"{""count_fp"":""17.91"",""created_time"":""2026-04-28T05:15:26.790069Z"",""no_price_dollars"":""0.4900"",""taker_side"":""yes"",""ticker"":""KXBTC15M-26APR280130-30"",""trade_id"":""6231eb5f-431d-47d7-31a4-b8a9587bdf8b"",""yes_price_dollars"":""0.5100""}"
KXBTC15M-26APR280130-30,0a274475-9d45-7f83-d627-801513e9e2db,1777353326,0.51,3.72,yes,"{""count_fp"":""3.72"",""created_time"":""2026-04-28T05:15:26.741015Z"",""no_price_dollars"":""0.4900"",""taker_side"":""yes"",""ticker"":""KXBTC15M-26APR280130-30"",""trade_id"":""0a274475-9d45-7f83-d627-801513e9e2db"",""yes_price_dollars"":""0.5100""}"
KXBTC15M-26APR280130-30,4ef642f9-9bd1-71f3-a610-16502b8eaa13,1777353326,0.51,18.6,yes,"{""count_fp"":""18.60"",""created_time"":""2026-04-28T05:15:26.685882Z"",""no_price_dollars"":""0.4900"",""taker_side"":""yes"",""ticker"":""KXBTC15M-26APR280130-30"",""trade_id"":""4ef642f9-9bd1-71f3-a610-16502b8eaa13"",""yes_price_dollars"":""0.5100""}"
KXBTC15M-26APR280130-30,c6a5861b-0fdb-72a8-c8cb-5ed86c53361d,1777353326,0.51,40.0,yes,"{""count_fp"":""40.00"",""created_time"":""2026-04-28T05:15:26.210232Z"",""no_price_dollars"":""0.4900"",""taker_side"":""yes"",""ticker"":""KXBTC15M-26APR280130-30"",""trade_id"":""c6a5861b-0fdb-72a8-c8cb-5ed86c53361d"",""yes_price_dollars"":""0.5100""}"
KXBTC15M-26APR280130-30,823e9439-d9a5-7cd3-dc45-4b925758b30f,1777353326,0.51,23.25,yes,"{""count_fp"":""23.25"",""created_time"":""2026-04-28T05:15:26.210232Z"",""no_price_dollars"":""0.4900"",""taker_side"":""yes"",""ticker"":""KXBTC15M-26APR280130-30"",""trade_id"":""823e9439-d9a5-7cd3-dc45-4b925758b30f"",""yes_price_dollars"":""0.5100""}"
KXBTC15M-26APR280130-30,1f44345e-1a05-5ae7-4397-1d6c440f426f,1777353327,0.51,1.53,yes,"{""count_fp"":""1.53"",""created_time"":""2026-04-28T05:15:27.881464Z"",""no_price_dollars"":""0.4900"",""taker_side"":""yes"",""ticker"":""KXBTC15M-26APR280130-30"",""trade_id"":""1f44345e-1a05-5ae7-4397-1d6c440f426f"",""yes_price_dollars"":""0.5100""}"
KXBTC15M-26APR280130-30,4cc5b537-0bf2-66c8-3c17-5c94677f3010,1777353327,0.5,2.16,no,"{""count_fp"":""2.16"",""created_time"":""2026-04-28T05:15:27.463718Z"",""no_price_dollars"":""0.5000"",""taker_side"":""no"",""ticker"":""KXBTC15M-26APR280130-30"",""trade_id"":""4cc5b537-0bf2-66c8-3c17-5c94677f3010"",""yes_price_dollars"":""0.5000""}"
KXBTC15M-26APR280130-30,a3baf13a-b429-6386-5f7d-faa27d780eda,1777353328,0.5,10.0,no,"{""count_fp"":""10.00"",""created_time"":""2026-04-28T05:15:28.739027Z"",""no_price_dollars"":""0.5000"",""taker_side"":""no"",""ticker"":""KXBTC15M-26APR280130-30"",""trade_id"":""a3baf13a-b429-6386-5f7d-faa27d780eda"",""yes_price_dollars"":""0.5000""}"
KXBTC15M-26APR280130-30,f6cd99c7-5885-703f-f60c-1427fd4fa977,1777353329,0.51,18.95,yes,"{""count_fp"":""18.95"",""created_time"":""2026-04-28T05:15:29.169907Z"",""no_price_dollars"":""0.4900"",""taker_side"":""yes"",""ticker"":""KXBTC15M-26APR280130-30"",""trade_id"":""f6cd99c7-5885-703f-f60c-1427fd4fa977"",""yes_price_dollars"":""0.5100""}"
KXBTC15M-26APR280130-30,18a840bc-8d8d-481e-9edb-9e1ea49e86ef,1777353330,0.49,1.0,no,"{""count_fp"":""1.00"",""created_time"":""2026-04-28T05:15:30.907952Z"",""no_price_dollars"":""0.5100"",""taker_side"":""no"",""ticker"":""KXBTC15M-26APR280130-30"",""trade_id"":""18a840bc-8d8d-481e-9edb-9e1ea49e86ef"",""yes_price_dollars"":""0.4900""}"
KXBTC15M-26APR280130-30,5f7aaba4-2694-7c0d-cacf-aa7d2f203447,1777353330,0.5,2.84,yes,"{""count_fp"":""2.84"",""created_time"":""2026-04-28T05:15:30.541903Z"",""no_price_dollars"":""0.5000"",""taker_side"":""yes"",""ticker"":""KXBTC15M-26APR280130-30"",""trade_id"":""5f7aaba4-2694-7c0d-cacf-aa7d2f203447"",""yes_price_dollars"":""0.5000""}"
KXBTC15M-26APR280130-30,2004e234-19c0-56ed-efa7-c8500657927b,1777353330,0.5,5.68,yes,"{""count_fp"":""5.68"",""created_time"":""2026-04-28T05:15:30.359094Z"",""no_price_dollars"":""0.5000"",""taker_side"":""yes"",""ticker"":""KXBTC15M-26APR280130-30"",""trade_id"":""2004e234-19c0-56ed-efa7-c8500657927b"",""yes_price_dollars"":""0.5000""}"
KXBTC15M-26APR280130-30,7a8ee37b-c98c-4389-66fe-433bf1190587,1777353330,0.5,1.32,yes,"{""count_fp"":""1.32"",""created_time"":""2026-04-28T05:15:30.339367Z"",""no_price_dollars"":""0.5000"",""taker_side"":""yes"",""ticker"":""KXBTC15M-26APR280130-30"",""trade_id"":""7a8ee37b-c98c-4389-66fe-433bf1190587"",""yes_price_dollars"":""0.5000""}"
KXBTC15M-26APR280130-30,3592d45f-f65d-7297-3187-9c28185285f7,1777353330,0.51,7.2,yes,"{""count_fp"":""7.20"",""created_time"":""2026-04-28T05:15:30.247966Z"",""no_price_dollars"":""0.4900"",""taker_side"":""yes"",""ticker"":""KXBTC15M-26APR280130-30"",""trade_id"":""3592d45f-f65d-7297-3187-9c28185285f7"",""yes_price_dollars"":""0.5100""}"
KXBTC15M-26APR280130-30,b3d43478-49f1-60d7-9686-4512d5a000fa,1777353330,0.5,20.0,no,"{""count_fp"":""20.00"",""created_time"":""2026-04-28T05:15:30.089946Z"",""no_price_dollars"":""0.5000"",""taker_side"":""no"",""ticker"":""KXBTC15M-26APR280130-30"",""trade_id"":""b3d43478-49f1-60d7-9686-4512d5a000fa"",""yes_price_dollars"":""0.5000""}"
KXBTC15M-26APR280130-30,55650d95-5885-6206-beb1-9d1b56a6424f,1777353330,0.49,35.71,no,"{""count_fp"":""35.71"",""created_time"":""2026-04-28T05:15:30.089946Z"",""no_price_dollars"":""0.5100"",""taker_side"":""no"",""ticker"":""KXBTC15M-26APR280130-30"",""trade_id"":""55650d95-5885-6206-beb1-9d1b56a6424f"",""yes_price_dollars"":""0.4900""}"
KXBTC15M-26APR280130-30,02028024-49eb-6084-bf85-5b0551b3019f,1777353330,0.5,1.1,no,"{""count_fp"":""1.10"",""created_time"":""2026-04-28T05:15:30.089946Z"",""no_price_dollars"":""0.5000"",""taker_side"":""no"",""ticker"":""KXBTC15M-26APR280130-30"",""trade_id"":""02028024-49eb-6084-bf85-5b0551b3019f"",""yes_price_dollars"":""0.5000""}"
KXBTC15M-26APR280130-30,cdcb0679-3b88-5829-064b-220f4b6f7dab,1777353331,0.5,1.89,yes,"{""count_fp"":""1.89"",""created_time"":""2026-04-28T05:15:31.273164Z"",""no_price_dollars"":""0.5000"",""taker_side"":""yes"",""ticker"":""KXBTC15M-26APR280130-30"",""trade_id"":""cdcb0679-3b88-5829-064b-220f4b6f7dab"",""yes_price_dollars"":""0.5000""}"
KXBTC15M-26APR280130-30,e756d94d-d414-6ad5-dd04-ab8fb5ef936b,1777353331,0.5,20.0,yes,"{""count_fp"":""20.00"",""created_time"":""2026-04-28T05:15:31.193307Z"",""no_price_dollars"":""0.5000"",""taker_side"":""yes"",""ticker"":""KXBTC15M-26APR280130-30"",""trade_id"":""e756d94d-d414-6ad5-dd04-ab8fb5ef936b"",""yes_price_dollars"":""0.5000""}"
KXBTC15M-26APR280130-30,5992d15d-8865-4b69-62e8-0279d61e9f54,1777353332,0.5,28.98,yes,"{""count_fp"":""28.98"",""created_time"":""2026-04-28T05:15:32.881756Z"",""no_price_dollars"":""0.5000"",""taker_side"":""yes"",""ticker"":""KXBTC15M-26APR280130-30"",""trade_id"":""5992d15d-8865-4b69-62e8-0279d61e9f54"",""yes_price_dollars"":""0.5000""}"
KXBTC15M-26APR280130-30,7a3fda4a-f329-5185-f22f-b6c66e09aa20,1777353332,0.5,1.0,yes,"{""count_fp"":""1.00"",""created_time"":""2026-04-28T05:15:32.468919Z"",""no_price_dollars"":""0.5000"",""taker_side"":""yes"",""ticker"":""KXBTC15M-26APR280130-30"",""trade_id"":""7a3fda4a-f329-5185-f22f-b6c66e09aa20"",""yes_price_dollars"":""0.5000""}"
KXBTC15M-26APR280130-30,bbba9ed7-2ba9-6f22-f3d7-9028646dd60b,1777353332,0.49,1.29,no,"{""count_fp"":""1.29"",""created_time"":""2026-04-28T05:15:32.407131Z"",""no_price_dollars"":""0.5100"",""taker_side"":""no"",""ticker"":""KXBTC15M-26APR280130-30"",""trade_id"":""bbba9ed7-2ba9-6f22-f3d7-9028646dd60b"",""yes_price_dollars"":""0.4900""}"
KXBTC15M-26APR280130-30,0f53a9fc-9288-6da0-f115-c540283b08e2,1777353332,0.49,0.9,no,"{""count_fp"":""0.90"",""created_time"":""2026-04-28T05:15:32.407131Z"",""no_price_dollars"":""0.5100"",""taker_side"":""no"",""ticker"":""KXBTC15M-26APR280130-30"",""trade_id"":""0f53a9fc-9288-6da0-f115-c540283b08e2"",""yes_price_dollars"":""0.4900""}"
KXBTC15M-26APR280130-30,65afce16-2157-6785-e644-bc511e42104d,1777353332,0.5,40.03,yes,"{""count_fp"":""40.03"",""created_time"":""2026-04-28T05:15:32.343352Z"",""no_price_dollars"":""0.5000"",""taker_side"":""yes"",""ticker"":""KXBTC15M-26APR280130-30"",""trade_id"":""65afce16-2157-6785-e644-bc511e42104d"",""yes_price_dollars"":""0.5000""}"
KXBTC15M-26APR280130-30,09d9fb99-f458-6a05-f37b-e896a3af311b,1777353332,0.5,8.27,yes,"{""count_fp"":""8.27"",""created_time"":""2026-04-28T05:15:32.343352Z"",""no_price_dollars"":""0.5000"",""taker_side"":""yes"",""ticker"":""KXBTC15M-26APR280130-30"",""trade_id"":""09d9fb99-f458-6a05-f37b-e896a3af311b"",""yes_price_dollars"":""0.5000""}"
KXBTC15M-26APR280130-30,628ee388-649c-76df-584b-d4e58b0dbe12,1777353333,0.5,1.0,yes,"{""count_fp"":""1.00"",""created_time"":""2026-04-28T05:15:33.847774Z"",""no_price_dollars"":""0.5000"",""taker_side"":""yes"",""ticker"":""KXBTC15M-26APR280130-30"",""trade_id"":""628ee388-649c-76df-584b-d4e58b0dbe12"",""yes_price_dollars"":""0.5000""}"
KXBTC15M-26APR280130-30,4b66f9ae-1234-6aef-8fb3-3f26997c5b36,1777353333,0.5,7.66,yes,"{""count_fp"":""7.66"",""created_time"":""2026-04-28T05:15:33.558204Z"",""no_price_dollars"":""0.5000"",""taker_side"":""yes"",""ticker"":""KXBTC15M-26APR280130-30"",""trade_id"":""4b66f9ae-1234-6aef-8fb3-3f26997c5b36"",""yes_price_dollars"":""0.5000""}"
KXBTC15M-26APR280130-30,07b391a3-243f-6530-aa82-74d5db5b11c7,1777353333,0.5,2.0,yes,"{""count_fp"":""2.00"",""created_time"":""2026-04-28T05:15:33.558204Z"",""no_price_dollars"":""0.5000"",""taker_side"":""yes"",""ticker"":""KXBTC15M-26APR280130-30"",""trade_id"":""07b391a3-243f-6530-aa82-74d5db5b11c7"",""yes_price_dollars"":""0.5000""}"
KXBTC15M-26APR280130-30,aad30e37-0523-6430-2405-e635e90f5ea7,1777353333,0.49,7.9,no,"{""count_fp"":""7.90"",""created_time"":""2026-04-28T05:15:33.517162Z"",""no_price_dollars"":""0.5100"",""taker_side"":""no"",""ticker"":""KXBTC15M-26APR280130-30"",""trade_id"":""aad30e37-0523-6430-2405-e635e90f5ea7"",""yes_price_dollars"":""0.4900""}"
KXBTC15M-26APR280130-30,28be1ef4-a3f0-6c64-0929-59956ab9778e,1777353333,0.49,2.1,no,"{""count_fp"":""2.10"",""created_time"":""2026-04-28T05:15:33.517162Z"",""no_price_dollars"":""0.5100"",""taker_side"":""no"",""ticker"":""KXBTC15M-26APR280130-30"",""trade_id"":""28be1ef4-a3f0-6c64-0929-59956ab9778e"",""yes_price_dollars"":""0.4900""}"
KXBTC15M-26APR280130-30,d4e05510-91e1-613d-68f0-883e3454e0b4,1777353333,0.5,52.17,yes,"{""count_fp"":""52.17"",""created_time"":""2026-04-28T05:15:33.357259Z"",""no_price_dollars"":""0.5000"",""taker_side"":""yes"",""ticker"":""KXBTC15M-26APR280130-30"",""trade_id"":""d4e05510-91e1-613d-68f0-883e3454e0b4"",""yes_price_dollars"":""0.5000""}"
KXBTC15M-26APR280130-30,eded3112-f638-42cb-082f-e99b70586a0a,1777353334,0.5,2.37,yes,"{""count_fp"":""2.37"",""created_time"":""2026-04-28T05:15:34.943484Z"",""no_price_dollars"":""0.5000"",""taker_side"":""yes"",""ticker"":""KXBTC15M-26APR280130-30"",""trade_id"":""eded3112-f638-42cb-082f-e99b70586a0a"",""yes_price_dollars"":""0.5000""}"
KXBTC15M-26APR280130-30,0f9e4a7a-e532-451a-368a-a28bfc98b4cb,1777353334,0.5,190.86,yes,"{""count_fp"":""190.86"",""created_time"":""2026-04-28T05:15:34.943484Z"",""no_price_dollars"":""0.5000"",""taker_side"":""yes"",""ticker"":""KXBTC15M-26APR280130-30"",""trade_id"":""0f9e4a7a-e532-451a-368a-a28bfc98b4cb"",""yes_price_dollars"":""0.5000""}"
KXBTC15M-26APR280130-30,29559c8b-c830-51e7-e6a4-92a12898b5ca,1777353334,0.5,7.72,yes,"{""count_fp"":""7.72"",""created_time"":""2026-04-28T05:15:34.831371Z"",""no_price_dollars"":""0.5000"",""taker_side"":""yes"",""ticker"":""KXBTC15M-26APR280130-30"",""trade_id"":""29559c8b-c830-51e7-e6a4-92a12898b5ca"",""yes_price_dollars"":""0.5000""}"
KXBTC15M-26APR280130-30,530f5872-3863-5be0-cf70-9e0a550244e7,1777353334,0.49,37.0,no,"{""count_fp"":""37.00"",""created_time"":""2026-04-28T05:15:34.738168Z"",""no_price_dollars"":""0.5100"",""taker_side"":""no"",""ticker"":""KXBTC15M-26APR280130-30"",""trade_id"":""530f5872-3863-5be0-cf70-9e0a550244e7"",""yes_price_dollars"":""0.4900""}"
KXBTC15M-26APR280130-30,f99bfc72-e86c-698b-e684-6c17fddd2496,1777353334,0.5,0.25,yes,"{""count_fp"":""0.25"",""created_time"":""2026-04-28T05:15:34.591157Z"",""no_price_dollars"":""0.5000"",""taker_side"":""yes"",""ticker"":""KXBTC15M-26APR280130-30"",""trade_id"":""f99bfc72-e86c-698b-e684-6c17fddd2496"",""yes_price_dollars"":""0.5000""}"
KXBTC15M-26APR280130-30,4d6314b3-164b-44e4-3de2-e06cfc59c503,1777353334,0.49,18.95,no,"{""count_fp"":""18.95"",""created_time"":""2026-04-28T05:15:34.580972Z"",""no_price_dollars"":""0.5100"",""taker_side"":""no"",""ticker"":""KXBTC15M-26APR280130-30"",""trade_id"":""4d6314b3-164b-44e4-3de2-e06cfc59c503"",""yes_price_dollars"":""0.4900""}"
KXBTC15M-26APR280130-30,9cb4fc18-0d83-67a8-9c4d-fc02877f65a3,1777353334,0.49,62.56,no,"{""count_fp"":""62.56"",""created_time"":""2026-04-28T05:15:34.147637Z"",""no_price_dollars"":""0.5100"",""taker_side"":""no"",""ticker"":""KXBTC15M-26APR280130-30"",""trade_id"":""9cb4fc18-0d83-67a8-9c4d-fc02877f65a3"",""yes_price_dollars"":""0.4900""}"
KXBTC15M-26APR280130-30,d9df4fc3-17af-48a0-6d9f-bc954cd29767,1777353334,0.49,5.68,no,"{""count_fp"":""5.68"",""created_time"":""2026-04-28T05:15:34.094411Z"",""no_price_dollars"":""0.5100"",""taker_side"":""no"",""ticker"":""KXBTC15M-26APR280130-30"",""trade_id"":""d9df4fc3-17af-48a0-6d9f-bc954cd29767"",""yes_price_dollars"":""0.4900""}"
KXBTC15M-26APR280130-30,60cd9f30-85ab-7a10-d94d-c94ad8e75633,1777353334,0.49,28.43,no,"{""count_fp"":""28.43"",""created_time"":""2026-04-28T05:15:34.016866Z"",""no_price_dollars"":""0.5100"",""taker_side"":""no"",""ticker"":""KXBTC15M-26APR280130-30"",""trade_id"":""60cd9f30-85ab-7a10-d94d-c94ad8e75633"",""yes_price_dollars"":""0.4900""}"
KXBTC15M-26APR280130-30,7f822113-e703-4ed8-6aad-a57905d35d93,1777353335,0.49,9.47,no,"{""count_fp"":""9.47"",""created_time"":""2026-04-28T05:15:35.848189Z"",""no_price_dollars"":""0.5100"",""taker_side"":""no"",""ticker"":""KXBTC15M-26APR280130-30"",""trade_id"":""7f822113-e703-4ed8-6aad-a57905d35d93"",""yes_price_dollars"":""0.4900""}"
KXBTC15M-26APR280130-30,b7509778-5d03-5d5c-8d0a-00b1efd68f5b,1777353335,0.49,187.68,no,"{""count_fp"":""187.68"",""created_time"":""2026-04-28T05:15:35.822097Z"",""no_price_dollars"":""0.5100"",""taker_side"":""no"",""ticker"":""KXBTC15M-26APR280130-30"",""trade_id"":""b7509778-5d03-5d5c-8d0a-00b1efd68f5b"",""yes_price_dollars"":""0.4900""}"
KXBTC15M-26APR280130-30,4f203017-1952-446e-388f-8cf9bb2ec817,1777353335,0.5,2.0,yes,"{""count_fp"":""2.00"",""created_time"":""2026-04-28T05:15:35.221335Z"",""no_price_dollars"":""0.5000"",""taker_side"":""yes"",""ticker"":""KXBTC15M-26APR280130-30"",""trade_id"":""4f203017-1952-446e-388f-8cf9bb2ec817"",""yes_price_dollars"":""0.5000""}"
KXBTC15M-26APR280130-30,87c60ece-db7b-65e8-015f-33152980319f,1777353336,0.49,47.39,no,"{""count_fp"":""47.39"",""created_time"":""2026-04-28T05:15:36.938348Z"",""no_price_dollars"":""0.5100"",""taker_side"":""no"",""ticker"":""KXBTC15M-26APR280130-30"",""trade_id"":""87c60ece-db7b-65e8-015f-33152980319f"",""yes_price_dollars"":""0.4900""}"
KXBTC15M-26APR280130-30,695a5a7d-dc8b-71a4-c367-56484750d90f,1777353336,0.49,1.89,no,"{""count_fp"":""1.89"",""created_time"":""2026-04-28T05:15:36.743966Z"",""no_price_dollars"":""0.5100"",""taker_side"":""no"",""ticker"":""KXBTC15M-26APR280130-30"",""trade_id"":""695a5a7d-dc8b-71a4-c367-56484750d90f"",""yes_price_dollars"":""0.4900""}"
KXBTC15M-26APR280130-30,6dc7efd0-eb7b-67f8-4ea3-a23a5eb9b61b,1777353336,0.49,18.56,no,"{""count_fp"":""18.56"",""created_time"":""2026-04-28T05:15:36.465704Z"",""no_price_dollars"":""0.5100"",""taker_side"":""no"",""ticker"":""KXBTC15M-26APR280130-30"",""trade_id"":""6dc7efd0-eb7b-67f8-4ea3-a23a5eb9b61b"",""yes_price_dollars"":""0.4900""}"
KXBTC15M-26APR280130-30,9364b90f-2246-659a-c42e-bb69c570c8af,1777353336,0.5,1.0,yes,"{""count_fp"":""1.00"",""created_time"":""2026-04-28T05:15:36.452101Z"",""no_price_dollars"":""0.5000"",""taker_side"":""yes"",""ticker"":""KXBTC15M-26APR280130-30"",""trade_id"":""9364b90f-2246-659a-c42e-bb69c570c8af"",""yes_price_dollars"":""0.5000""}"
KXBTC15M-26APR280130-30,1d6d7d03-3ba3-6d84-b1e3-89fa8185f15b,1777353336,0.49,50.0,no,"{""count_fp"":""50.00"",""created_time"":""2026-04-28T05:15:36.177278Z"",""no_price_dollars"":""0.5100"",""taker_side"":""no"",""ticker"":""KXBTC15M-26APR280130-30"",""trade_id"":""1d6d7d03-3ba3-6d84-b1e3-89fa8185f15b"",""yes_price_dollars"":""0.4900""}"
KXBTC15M-26APR280130-30,c667c731-0e7a-4f86-b49f-77fe4a36803f,1777353337,0.5,1.0,yes,"{""count_fp"":""1.00"",""created_time"":""2026-04-28T05:15:37.687582Z"",""no_price_dollars"":""0.5000"",""taker_side"":""yes"",""ticker"":""KXBTC15M-26APR280130-30"",""trade_id"":""c667c731-0e7a-4f86-b49f-77fe4a36803f"",""yes_price_dollars"":""0.5000""}"
KXBTC15M-26APR280130-30,c507a27e-4b0c-5138-3d7d-364711ec97c2,1777353337,0.49,40.0,no,"{""count_fp"":""40.00"",""created_time"":""2026-04-28T05:15:37.577465Z"",""no_price_dollars"":""0.5100"",""taker_side"":""no"",""ticker"":""KXBTC15M-26APR280130-30"",""trade_id"":""c507a27e-4b0c-5138-3d7d-364711ec97c2"",""yes_price_dollars"":""0.4900""}"
KXBTC15M-26APR280130-30,866ba324-85e9-5ea0-3e90-04559bf25d39,1777353337,0.49,20.0,no,"{""count_fp"":""20.00"",""created_time"":""2026-04-28T05:15:37.577465Z"",""no_price_dollars"":""0.5100"",""taker_side"":""no"",""ticker"":""KXBTC15M-26APR280130-30"",""trade_id"":""866ba324-85e9-5ea0-3e90-04559bf25d39"",""yes_price_dollars"":""0.4900""}"
KXBTC15M-26APR280130-30,67f2ef25-fde2-55a9-29a4-de39bd6fe72c,1777353337,0.48,32.54,no,"{""count_fp"":""32.54"",""created_time"":""2026-04-28T05:15:37.577465Z"",""no_price_dollars"":""0.5200"",""taker_side"":""no"",""ticker"":""KXBTC15M-26APR280130-30"",""trade_id"":""67f2ef25-fde2-55a9-29a4-de39bd6fe72c"",""yes_price_dollars"":""0.4800""}"
KXBTC15M-26APR280130-30,67aaa26e-dd06-5c09-1dd9-d03375e21af1,1777353337,0.49,1.0,no,"{""count_fp"":""1.00"",""created_time"":""2026-04-28T05:15:37.577465Z"",""no_price_dollars"":""0.5100"",""taker_side"":""no"",""ticker"":""KXBTC15M-26APR280130-30"",""trade_id"":""67aaa26e-dd06-5c09-1dd9-d03375e21af1"",""yes_price_dollars"":""0.4900""}"
KXBTC15M-26APR280130-30,112c2990-29f7-54a7-1a32-86bdee0c17ba,1777353337,0.49,0.92,no,"{""count_fp"":""0.92"",""created_time"":""2026-04-28T05:15:37.577465Z"",""no_price_dollars"":""0.5100"",""taker_side"":""no"",""ticker"":""KXBTC15M-26APR280130-30"",""trade_id"":""112c2990-29f7-54a7-1a32-86bdee0c17ba"",""yes_price_dollars"":""0.4900""}"
KXBTC15M-26APR280130-30,09c4f580-d968-5dee-35cb-bd13a89bf8ea,1777353337,0.49,20.0,no,"{""count_fp"":""20.00"",""created_time"":""2026-04-28T05:15:37.577465Z"",""no_price_dollars"":""0.5100"",""taker_side"":""no"",""ticker"":""KXBTC15M-26APR280130-30"",""trade_id"":""09c4f580-d968-5dee-35cb-bd13a89bf8ea"",""yes_price_dollars"":""0.4900""}"
KXBTC15M-26APR280130-30,041783a0-80b2-5758-379b-3727040c9b1f,1777353337,0.49,2.0,no,"{""count_fp"":""2.00"",""created_time"":""2026-04-28T05:15:37.577465Z"",""no_price_dollars"":""0.5100"",""taker_side"":""no"",""ticker"":""KXBTC15M-26APR280130-30"",""trade_id"":""041783a0-80b2-5758-379b-3727040c9b1f"",""yes_price_dollars"":""0.4900""}"
KXBTC15M-26APR280130-30,b3418c35-7c0f-5548-ad5e-222e1e3d4b8b,1777353337,0.49,5.0,no,"{""count_fp"":""5.00"",""created_time"":""2026-04-28T05:15:37.410883Z"",""no_price_dollars"":""0.5100"",""taker_side"":""no"",""ticker"":""KXBTC15M-26APR280130-30"",""trade_id"":""b3418c35-7c0f-5548-ad5e-222e1e3d4b8b"",""yes_price_dollars"":""0.4900""}"
KXBTC15M-26APR280130-30,5f8696b9-6326-74de-7cb8-cccec6123a23,1777353338,0.5,19.32,yes,"{""count_fp"":""19.32"",""created_time"":""2026-04-28T05:15:38.913136Z"",""no_price_dollars"":""0.5000"",""taker_side"":""yes"",""ticker"":""KXBTC15M-26APR280130-30"",""trade_id"":""5f8696b9-6326-74de-7cb8-cccec6123a23"",""yes_price_dollars"":""0.5000""}"
KXBTC15M-26APR280130-30,49b8957d-f132-669e-f750-9450d31d36cf,1777353338,0.5,11.59,yes,"{""count_fp"":""11.59"",""created_time"":""2026-04-28T05:15:38.596771Z"",""no_price_dollars"":""0.5000"",""taker_side"":""yes"",""ticker"":""KXBTC15M-26APR280130-30"",""trade_id"":""49b8957d-f132-669e-f750-9450d31d36cf"",""yes_price_dollars"":""0.5000""}"
KXBTC15M-26APR280130-30,c8e15330-fd26-6fe3-4fea-b73dd3bbc2b1,1777353338,0.49,37.91,no,"{""count_fp"":""37.91"",""created_time"":""2026-04-28T05:15:38.525326Z"",""no_price_dollars"":""0.5100"",""taker_side"":""no"",""ticker"":""KXBTC15M-26APR280130-30"",""trade_id"":""c8e15330-fd26-6fe3-4fea-b73dd3bbc2b1"",""yes_price_dollars"":""0.4900""}"
KXBTC15M-26APR280130-30,2a658a9c-a22a-48c2-713a-685821b3b32f,1777353338,0.5,386.47,yes,"{""count_fp"":""386.47"",""created_time"":""2026-04-28T05:15:38.469658Z"",""no_price_dollars"":""0.5000"",""taker_side"":""yes"",""ticker"":""KXBTC15M-26APR280130-30"",""trade_id"":""2a658a9c-a22a-48c2-713a-685821b3b32f"",""yes_price_dollars"":""0.5000""}"
KXBTC15M-26APR280130-30,ffda3d4a-2512-62f2-a891-c1590458e823,1777353338,0.5,1.0,yes,"{""count_fp"":""1.00"",""created_time"":""2026-04-28T05:15:38.436311Z"",""no_price_dollars"":""0.5000"",""taker_side"":""yes"",""ticker"":""KXBTC15M-26APR280130-30"",""trade_id"":""ffda3d4a-2512-62f2-a891-c1590458e823"",""yes_price_dollars"":""0.5000""}"
KXBTC15M-26APR280130-30,a3a836a3-0e1a-55fe-c9f6-47a55524bdf7,1777353338,0.5,19.32,yes,"{""count_fp"":""19.32"",""created_time"":""2026-04-28T05:15:38.389781Z"",""no_price_dollars"":""0.5000"",""taker_side"":""yes"",""ticker"":""KXBTC15M-26APR280130-30"",""trade_id"":""a3a836a3-0e1a-55fe-c9f6-47a55524bdf7"",""yes_price_dollars"":""0.5000""}"
KXBTC15M-26APR280130-30,8a290803-44ba-5aee-43d4-fcedc9e074b7,1777353338,0.5,57.97,yes,"{""count_fp"":""57.97"",""created_time"":""2026-04-28T05:15:38.327774Z"",""no_price_dollars"":""0.5000"",""taker_side"":""yes"",""ticker"":""KXBTC15M-26APR280130-30"",""trade_id"":""8a290803-44ba-5aee-43d4-fcedc9e074b7"",""yes_price_dollars"":""0.5000""}"
KXBTC15M-26APR280130-30,de7837ab-2b8e-7e0e-e030-9cb286f2cb8b,1777353338,0.5,0.46,yes,"{""count_fp"":""0.46"",""created_time"":""2026-04-28T05:15:38.195928Z"",""no_price_dollars"":""0.5000"",""taker_side"":""yes"",""ticker"":""KXBTC15M-26APR280130-30"",""trade_id"":""de7837ab-2b8e-7e0e-e030-9cb286f2cb8b"",""yes_price_dollars"":""0.5000""}"
KXBTC15M-26APR280130-30,19e771f1-170e-427e-f389-887e7ef539af,1777353338,0.5,48.3,yes,"{""count_fp"":""48.30"",""created_time"":""2026-04-28T05:15:38.093596Z"",""no_price_dollars"":""0.5000"",""taker_side"":""yes"",""ticker"":""KXBTC15M-26APR280130-30"",""trade_id"":""19e771f1-170e-427e-f389-887e7ef539af"",""yes_price_dollars"":""0.5000""}"
KXBTC15M-26APR280130-30,8482d2ba-70a4-6e1e-f558-ba914a866c45,1777353339,0.49,14.25,no,"{""count_fp"":""14.25"",""created_time"":""2026-04-28T05:15:39.687429Z"",""no_price_dollars"":""0.5100"",""taker_side"":""no"",""ticker"":""KXBTC15M-26APR280130-30"",""trade_id"":""8482d2ba-70a4-6e1e-f558-ba914a866c45"",""yes_price_dollars"":""0.4900""}"
KXBTC15M-26APR280130-30,cc3a0db1-a768-57ca-67f7-af4631ed82f1,1777353339,0.49,0.92,no,"{""count_fp"":""0.92"",""created_time"":""2026-04-28T05:15:39.509199Z"",""no_price_dollars"":""0.5100"",""taker_side"":""no"",""ticker"":""KXBTC15M-26APR280130-30"",""trade_id"":""cc3a0db1-a768-57ca-67f7-af4631ed82f1"",""yes_price_dollars"":""0.4900""}"
KXBTC15M-26APR280130-30,cab8202f-d51f-56e8-4fb6-c21675d0d00f,1777353339,0.49,288.45,no,"{""count_fp"":""288.45"",""created_time"":""2026-04-28T05:15:39.509199Z"",""no_price_dollars"":""0.5100"",""taker_side"":""no"",""ticker"":""KXBTC15M-26APR280130-30"",""trade_id"":""cab8202f-d51f-56e8-4fb6-c21675d0d00f"",""yes_price_dollars"":""0.4900""}"
KXBTC15M-26APR280130-30,7741b8c8-c9b9-53b4-45bf-f5f8ff4ccec4,1777353339,0.49,20.0,no,"{""count_fp"":""20.00"",""created_time"":""2026-04-28T05:15:39.509199Z"",""no_price_dollars"":""0.5100"",""taker_side"":""no"",""ticker"":""KXBTC15M-26APR280130-30"",""trade_id"":""7741b8c8-c9b9-53b4-45bf-f5f8ff4ccec4"",""yes_price_dollars"":""0.4900""}"
KXBTC15M-26APR280130-30,34a0faee-4b85-5f54-5e10-176d6bd07913,1777353339,0.49,3.0,no,"{""count_fp"":""3.00"",""created_time"":""2026-04-28T05:15:39.509199Z"",""no_price_dollars"":""0.5100"",""taker_side"":""no"",""ticker"":""KXBTC15M-26APR280130-30"",""trade_id"":""34a0faee-4b85-5f54-5e10-176d6bd07913"",""yes_price_dollars"":""0.4900""}"
KXBTC15M-26APR280130-30,0cc10dec-d902-5a0b-7168-33add97678fd,1777353339,0.49,24.4,no,"{""count_fp"":""24.40"",""created_time"":""2026-04-28T05:15:39.509199Z"",""no_price_dollars"":""0.5100"",""taker_side"":""no"",""ticker"":""KXBTC15M-26APR280130-30"",""trade_id"":""0cc10dec-d902-5a0b-7168-33add97678fd"",""yes_price_dollars"":""0.4900""}"
KXBTC15M-26APR280130-30,b028bd96-f7fa-6c43-c019-37256af0b8c9,1777353339,0.49,18.84,no,"{""count_fp"":""18.84"",""created_time"":""2026-04-28T05:15:39.436298Z"",""no_price_dollars"":""0.5100"",""taker_side"":""no"",""ticker"":""KXBTC15M-26APR280130-30"",""trade_id"":""b028bd96-f7fa-6c43-c019-37256af0b8c9"",""yes_price_dollars"":""0.4900""}"
KXBTC15M-26APR280130-30,1d3d2e79-01b6-7eb6-cf8e-4d91d1442557,1777353340,0.5,1.0,yes,"{""count_fp"":""1.00"",""created_time"":""2026-04-28T05:15:40.456702Z"",""no_price_dollars"":""0.5000"",""taker_side"":""yes"",""ticker"":""KXBTC15M-26APR280130-30"",""trade_id"":""1d3d2e79-01b6-7eb6-cf8e-4d91d1442557"",""yes_price_dollars"":""0.5000""}"
KXBTC15M-26APR280130-30,b0d90540-fd46-57ba-5a60-60e026638d13,1777353340,0.5,20.0,yes,"{""count_fp"":""20.00"",""created_time"":""2026-04-28T05:15:40.409902Z"",""no_price_dollars"":""0.5000"",""taker_side"":""yes"",""ticker"":""KXBTC15M-26APR280130-30"",""trade_id"":""b0d90540-fd46-57ba-5a60-60e026638d13"",""yes_price_dollars"":""0.5000""}"
KXBTC15M-26APR280130-30,eaf314f1-0827-5802-2ff8-0b55fa6afd0f,1777353341,0.49,0.92,no,"{""count_fp"":""0.92"",""created_time"":""2026-04-28T05:15:41.741096Z"",""no_price_dollars"":""0.5100"",""taker_side"":""no"",""ticker"":""KXBTC15M-26APR280130-30"",""trade_id"":""eaf314f1-0827-5802-2ff8-0b55fa6afd0f"",""yes_price_dollars"":""0.4900""}"
KXBTC15M-26APR280130-30,34fc7188-cefc-5dc8-03ee-c7fca2031da3,1777353341,0.49,20.0,no,"{""count_fp"":""20.00"",""created_time"":""2026-04-28T05:15:41.741096Z"",""no_price_dollars"":""0.5100"",""taker_side"":""no"",""ticker"":""KXBTC15M-26APR280130-30"",""trade_id"":""34fc7188-cefc-5dc8-03ee-c7fca2031da3"",""yes_price_dollars"":""0.4900""}"
KXBTC15M-26APR280130-30,345f8742-7304-5022-09c6-0ab61e0b8739,1777353341,0.49,20.75,no,"{""count_fp"":""20.75"",""created_time"":""2026-04-28T05:15:41.741096Z"",""no_price_dollars"":""0.5100"",""taker_side"":""no"",""ticker"":""KXBTC15M-26APR280130-30"",""trade_id"":""345f8742-7304-5022-09c6-0ab61e0b8739"",""yes_price_dollars"":""0.4900""}"
KXBTC15M-26APR280130-30,f50b5769-f21a-518a-c025-1052d8f9e6d7,1777353341,0.5,9.66,yes,"{""count_fp"":""9.66"",""created_time"":""2026-04-28T05:15:41.617179Z"",""no_price_dollars"":""0.5000"",""taker_side"":""yes"",""ticker"":""KXBTC15M-26APR280130-30"",""trade_id"":""f50b5769-f21a-518a-c025-1052d8f9e6d7"",""yes_price_dollars"":""0.5000""}"
KXBTC15M-26APR280130-30,406962a1-10f6-642e-f9f0-203619874487,1777353341,0.5,2.0,yes,"{""count_fp"":""2.00"",""created_time"":""2026-04-28T05:15:41.157647Z"",""no_price_dollars"":""0.5000"",""taker_side"":""yes"",""ticker"":""KXBTC15M-26APR280130-30"",""trade_id"":""406962a1-10f6-642e-f9f0-203619874487"",""yes_price_dollars"":""0.5000""}"
KXBTC15M-26APR280130-30,a263daa5-24bc-7cc2-5494-170a36198cf5,1777353341,0.49,4.0,no,"{""count_fp"":""4.00"",""created_time"":""2026-04-28T05:15:41.142984Z"",""no_price_dollars"":""0.5100"",""taker_side"":""no"",""ticker"":""KXBTC15M-26APR280130-30"",""trade_id"":""a263daa5-24bc-7cc2-5494-170a36198cf5"",""yes_price_dollars"":""0.4900""}"
KXBTC15M-26APR280130-30,491e5725-4d30-5662-daa4-f9b455f29f71,1777353341,0.49,1.0,no,"{""count_fp"":""1.00"",""created_time"":""2026-04-28T05:15:41.004095Z"",""no_price_dollars"":""0.5100"",""taker_side"":""no"",""ticker"":""KXBTC15M-26APR280130-30"",""trade_id"":""491e5725-4d30-5662-daa4-f9b455f29f71"",""yes_price_dollars"":""0.4900""}"
KXBTC15M-26APR280130-30,194928df-cdb7-791e-0d09-cb71a570d767,1777353342,0.48,1.0,yes,"{""count_fp"":""1.00"",""created_time"":""2026-04-28T05:15:42.461196Z"",""no_price_dollars"":""0.5200"",""taker_side"":""yes"",""ticker"":""KXBTC15M-26APR280130-30"",""trade_id"":""194928df-cdb7-791e-0d09-cb71a570d767"",""yes_price_dollars"":""0.4800""}"
KXBTC15M-26APR280130-30,22aea638-35dc-449d-e854-fd5c85dbc22d,1777353342,0.48,1.43,no,"{""count_fp"":""1.43"",""created_time"":""2026-04-28T05:15:42.061915Z"",""no_price_dollars"":""0.5200"",""taker_side"":""no"",""ticker"":""KXBTC15M-26APR280130-30"",""trade_id"":""22aea638-35dc-449d-e854-fd5c85dbc22d"",""yes_price_dollars"":""0.4800""}"
KXBTC15M-26APR280130-30,0d287ff6-b7ed-7629-08cc-fdcadd3757c6,1777353343,0.47,3.64,no,"{""count_fp"":""3.64"",""created_time"":""2026-04-28T05:15:43.769543Z"",""no_price_dollars"":""0.5300"",""taker_side"":""no"",""ticker"":""KXBTC15M-26APR280130-30"",""trade_id"":""0d287ff6-b7ed-7629-08cc-fdcadd3757c6"",""yes_price_dollars"":""0.4700""}"
KXBTC15M-26APR280130-30,eafafcd1-5159-4e9d-60d0-624de144855a,1777353343,0.47,16.44,no,"{""count_fp"":""16.44"",""created_time"":""2026-04-28T05:15:43.674686Z"",""no_price_dollars"":""0.5300"",""taker_side"":""no"",""ticker"":""KXBTC15M-26APR280130-30"",""trade_id"":""eafafcd1-5159-4e9d-60d0-624de144855a"",""yes_price_dollars"":""0.4700""}"
KXBTC15M-26APR280130-30,09894d52-7dff-490a-62e8-a47a6acdb4fb,1777353343,0.48,18.6,yes,"{""count_fp"":""18.60"",""created_time"":""2026-04-28T05:15:43.649746Z"",""no_price_dollars"":""0.5200"",""taker_side"":""yes"",""ticker"":""KXBTC15M-26APR280130-30"",""trade_id"":""09894d52-7dff-490a-62e8-a47a6acdb4fb"",""yes_price_dollars"":""0.4800""}"
KXBTC15M-26APR280130-30,38acc9a3-167d-5d61-e77e-4900f63e6396,1777353343,0.47,5.47,no,"{""count_fp"":""5.47"",""created_time"":""2026-04-28T05:15:43.477756Z"",""no_price_dollars"":""0.5300"",""taker_side"":""no"",""ticker"":""KXBTC15M-26APR280130-30"",""trade_id"":""38acc9a3-167d-5d61-e77e-4900f63e6396"",""yes_price_dollars"":""0.4700""}"
KXBTC15M-26APR280130-30,265c6d51-c97d-7085-0d35-3766d5f9f5ea,1777353343,0.47,20.89,no,"{""count_fp"":""20.89"",""created_time"":""2026-04-28T05:15:43.132545Z"",""no_price_dollars"":""0.5300"",""taker_side"":""no"",""ticker"":""KXBTC15M-26APR280130-30"",""trade_id"":""265c6d51-c97d-7085-0d35-3766d5f9f5ea"",""yes_price_dollars"":""0.4700""}"
KXBTC15M-26APR280130-30,72c1079d-9705-66bd-3944-f802f3c74d36,1777353343,0.47,21.35,no,"{""count_fp"":""21.35"",""created_time"":""2026-04-28T05:15:43.072166Z"",""no_price_dollars"":""0.5300"",""taker_side"":""no"",""ticker"":""KXBTC15M-26APR280130-30"",""trade_id"":""72c1079d-9705-66bd-3944-f802f3c74d36"",""yes_price_dollars"":""0.4700""}"
