ticker,trade_id,ts,yes_price,count,taker_side,raw_json
KXBTC15M-26APR280030-30,20c64279-0071-54da-171f-0e0051053061,1777349700,0.5,1.0,yes,"{""count_fp"":""1.00"",""created_time"":""2026-04-28T04:15:00.829664Z"",""no_price_dollars"":""0.5000"",""taker_side"":""yes"",""ticker"":""KXBTC15M-26APR280030-30"",""trade_id"":""20c64279-0071-54da-171f-0e0051053061"",""yes_price_dollars"":""0.5000""}"
KXBTC15M-26APR280030-30,43cf4fdd-87bd-6966-75b8-c5534c56d5a9,1777349700,0.5,10.0,yes,"{""count_fp"":""10.00"",""created_time"":""2026-04-28T04:15:00.628168Z"",""no_price_dollars"":""0.5000"",""taker_side"":""yes"",""ticker"":""KXBTC15M-26APR280030-30"",""trade_id"":""43cf4fdd-87bd-6966-75b8-c5534c56d5a9"",""yes_price_dollars"":""0.5000""}"
KXBTC15M-26APR280030-30,87d22574-9eb3-4082-99e6-6b642756a505,1777349701,0.5,6.0,no,"{""count_fp"":""6.00"",""created_time"":""2026-04-28T04:15:01.700756Z"",""no_price_dollars"":""0.5000"",""taker_side"":""no"",""ticker"":""KXBTC15M-26APR280030-30"",""trade_id"":""87d22574-9eb3-4082-99e6-6b642756a505"",""yes_price_dollars"":""0.5000""}"
KXBTC15M-26APR280030-30,92a3b0bb-3e26-6b07-9441-c45c65eef8fb,1777349701,0.5,18.0,yes,"{""count_fp"":""18.00"",""created_time"":""2026-04-28T04:15:01.636346Z"",""no_price_dollars"":""0.5000"",""taker_side"":""yes"",""ticker"":""KXBTC15M-26APR280030-30"",""trade_id"":""92a3b0bb-3e26-6b07-9441-c45c65eef8fb"",""yes_price_dollars"":""0.5000""}"
KXBTC15M-26APR280030-30,c0401198-6662-532f-73fd-b17edc368a2b,1777349701,0.5,4.0,yes,"{""count_fp"":""4.00"",""created_time"":""2026-04-28T04:15:01.449535Z"",""no_price_dollars"":""0.5000"",""taker_side"":""yes"",""ticker"":""KXBTC15M-26APR280030-30"",""trade_id"":""c0401198-6662-532f-73fd-b17edc368a2b"",""yes_price_dollars"":""0.5000""}"
KXBTC15M-26APR280030-30,a6d8a8fa-8b4f-406e-5b00-fd37b7565636,1777349701,0.49,2.0,no,"{""count_fp"":""2.00"",""created_time"":""2026-04-28T04:15:01.353013Z"",""no_price_dollars"":""0.5100"",""taker_side"":""no"",""ticker"":""KXBTC15M-26APR280030-30"",""trade_id"":""a6d8a8fa-8b4f-406e-5b00-fd37b7565636"",""yes_price_dollars"":""0.4900""}"
KXBTC15M-26APR280030-30,e392a8ff-54cf-6592-cc18-c4ed2e2bfa2a,1777349701,0.49,1.0,no,"{""count_fp"":""1.00"",""created_time"":""2026-04-28T04:15:01.329406Z"",""no_price_dollars"":""0.5100"",""taker_side"":""no"",""ticker"":""KXBTC15M-26APR280030-30"",""trade_id"":""e392a8ff-54cf-6592-cc18-c4ed2e2bfa2a"",""yes_price_dollars"":""0.4900""}"
KXBTC15M-26APR280030-30,da673923-3873-6bea-7e37-a0c6501dbba9,1777349702,0.5,3.0,no,"{""count_fp"":""3.00"",""created_time"":""2026-04-28T04:15:02.506608Z"",""no_price_dollars"":""0.5000"",""taker_side"":""no"",""ticker"":""KXBTC15M-26APR280030-30"",""trade_id"":""da673923-3873-6bea-7e37-a0c6501dbba9"",""yes_price_dollars"":""0.5000""}"
KXBTC15M-26APR280030-30,87c6ba7a-8b83-573a-2d64-2e1bff6388d1,1777349703,0.5,1.54,no,"{""count_fp"":""1.54"",""created_time"":""2026-04-28T04:15:03.602172Z"",""no_price_dollars"":""0.5000"",""taker_side"":""no"",""ticker"":""KXBTC15M-26APR280030-30"",""trade_id"":""87c6ba7a-8b83-573a-2d64-2e1bff6388d1"",""yes_price_dollars"":""0.5000""}"
KXBTC15M-26APR280030-30,299e01e7-5700-6680-93e5-cf96425aec10,1777349704,0.53,3.65,yes,"{""count_fp"":""3.65"",""created_time"":""2026-04-28T04:15:04.901593Z"",""no_price_dollars"":""0.4700"",""taker_side"":""yes"",""ticker"":""KXBTC15M-26APR280030-30"",""trade_id"":""299e01e7-5700-6680-93e5-cf96425aec10"",""yes_price_dollars"":""0.5300""}"
KXBTC15M-26APR280030-30,73fb6c1b-2306-6e7d-9956-25603c2ae198,1777349704,0.51,19.32,no,"{""count_fp"":""19.32"",""created_time"":""2026-04-28T04:15:04.810471Z"",""no_price_dollars"":""0.4900"",""taker_side"":""no"",""ticker"":""KXBTC15M-26APR280030-30"",""trade_id"":""73fb6c1b-2306-6e7d-9956-25603c2ae198"",""yes_price_dollars"":""0.5100""}"
KXBTC15M-26APR280030-30,b3996498-14c0-4344-8a64-de4c3092631c,1777349704,0.53,194.0,yes,"{""count_fp"":""194.00"",""created_time"":""2026-04-28T04:15:04.538414Z"",""no_price_dollars"":""0.4700"",""taker_side"":""yes"",""ticker"":""KXBTC15M-26APR280030-30"",""trade_id"":""b3996498-14c0-4344-8a64-de4c3092631c"",""yes_price_dollars"":""0.5300""}"
KXBTC15M-26APR280030-30,617f7c66-60d1-441d-907e-a8daeff7b159,1777349704,0.53,6.0,yes,"{""count_fp"":""6.00"",""created_time"":""2026-04-28T04:15:04.538414Z"",""no_price_dollars"":""0.4700"",""taker_side"":""yes"",""ticker"":""KXBTC15M-26APR280030-30"",""trade_id"":""617f7c66-60d1-441d-907e-a8daeff7b159"",""yes_price_dollars"":""0.5300""}"
KXBTC15M-26APR280030-30,ba2edb00-8485-6b4d-b531-927c4c975c69,1777349704,0.53,200.0,yes,"{""count_fp"":""200.00"",""created_time"":""2026-04-28T04:15:04.530533Z"",""no_price_dollars"":""0.4700"",""taker_side"":""yes"",""ticker"":""KXBTC15M-26APR280030-30"",""trade_id"":""ba2edb00-8485-6b4d-b531-927c4c975c69"",""yes_price_dollars"":""0.5300""}"
KXBTC15M-26APR280030-30,d0498af4-3c12-5106-0aeb-24f11ef252c2,1777349704,0.53,189.0,yes,"{""count_fp"":""189.00"",""created_time"":""2026-04-28T04:15:04.520483Z"",""no_price_dollars"":""0.4700"",""taker_side"":""yes"",""ticker"":""KXBTC15M-26APR280030-30"",""trade_id"":""d0498af4-3c12-5106-0aeb-24f11ef252c2"",""yes_price_dollars"":""0.5300""}"
KXBTC15M-26APR280030-30,38ef0e87-6135-5821-21c8-ea9935c0902d,1777349704,0.53,11.0,yes,"{""count_fp"":""11.00"",""created_time"":""2026-04-28T04:15:04.520483Z"",""no_price_dollars"":""0.4700"",""taker_side"":""yes"",""ticker"":""KXBTC15M-26APR280030-30"",""trade_id"":""38ef0e87-6135-5821-21c8-ea9935c0902d"",""yes_price_dollars"":""0.5300""}"
KXBTC15M-26APR280030-30,a3a257dd-ac36-781a-5568-ad07e3734502,1777349704,0.53,83.0,yes,"{""count_fp"":""83.00"",""created_time"":""2026-04-28T04:15:04.504365Z"",""no_price_dollars"":""0.4700"",""taker_side"":""yes"",""ticker"":""KXBTC15M-26APR280030-30"",""trade_id"":""a3a257dd-ac36-781a-5568-ad07e3734502"",""yes_price_dollars"":""0.5300""}"
KXBTC15M-26APR280030-30,0a5f4bfd-7b4f-7a45-703f-5baaff31722a,1777349704,0.53,117.0,yes,"{""count_fp"":""117.00"",""created_time"":""2026-04-28T04:15:04.504365Z"",""no_price_dollars"":""0.4700"",""taker_side"":""yes"",""ticker"":""KXBTC15M-26APR280030-30"",""trade_id"":""0a5f4bfd-7b4f-7a45-703f-5baaff31722a"",""yes_price_dollars"":""0.5300""}"
KXBTC15M-26APR280030-30,b0e2aff6-dc9b-40cd-0a5e-c3acb6c97f9a,1777349704,0.53,19.0,yes,"{""count_fp"":""19.00"",""created_time"":""2026-04-28T04:15:04.486579Z"",""no_price_dollars"":""0.4700"",""taker_side"":""yes"",""ticker"":""KXBTC15M-26APR280030-30"",""trade_id"":""b0e2aff6-dc9b-40cd-0a5e-c3acb6c97f9a"",""yes_price_dollars"":""0.5300""}"
KXBTC15M-26APR280030-30,4fd74d02-4f5d-4664-0acb-06c83ab0940a,1777349704,0.53,14.0,yes,"{""count_fp"":""14.00"",""created_time"":""2026-04-28T04:15:04.486579Z"",""no_price_dollars"":""0.4700"",""taker_side"":""yes"",""ticker"":""KXBTC15M-26APR280030-30"",""trade_id"":""4fd74d02-4f5d-4664-0acb-06c83ab0940a"",""yes_price_dollars"":""0.5300""}"
KXBTC15M-26APR280030-30,0251a6e7-01c5-45d7-1092-8c33cb22c121,1777349704,0.53,167.0,yes,"{""count_fp"":""167.00"",""created_time"":""2026-04-28T04:15:04.486579Z"",""no_price_dollars"":""0.4700"",""taker_side"":""yes"",""ticker"":""KXBTC15M-26APR280030-30"",""trade_id"":""0251a6e7-01c5-45d7-1092-8c33cb22c121"",""yes_price_dollars"":""0.5300""}"
KXBTC15M-26APR280030-30,cb35fefd-a19f-7296-5388-1959d4d10d1d,1777349705,0.5,11.82,no,"{""count_fp"":""11.82"",""created_time"":""2026-04-28T04:15:05.595971Z"",""no_price_dollars"":""0.5000"",""taker_side"":""no"",""ticker"":""KXBTC15M-26APR280030-30"",""trade_id"":""cb35fefd-a19f-7296-5388-1959d4d10d1d"",""yes_price_dollars"":""0.5000""}"
KXBTC15M-26APR280030-30,55f545a9-ad93-7041-6b28-dde62fa2bc34,1777349705,0.51,16.0,no,"{""count_fp"":""16.00"",""created_time"":""2026-04-28T04:15:05.595971Z"",""no_price_dollars"":""0.4900"",""taker_side"":""no"",""ticker"":""KXBTC15M-26APR280030-30"",""trade_id"":""55f545a9-ad93-7041-6b28-dde62fa2bc34"",""yes_price_dollars"":""0.5100""}"
KXBTC15M-26APR280030-30,49256760-ebd8-7c62-508d-acefcd3bddb3,1777349705,0.51,10.0,no,"{""count_fp"":""10.00"",""created_time"":""2026-04-28T04:15:05.595971Z"",""no_price_dollars"":""0.4900"",""taker_side"":""no"",""ticker"":""KXBTC15M-26APR280030-30"",""trade_id"":""49256760-ebd8-7c62-508d-acefcd3bddb3"",""yes_price_dollars"":""0.5100""}"
KXBTC15M-26APR280030-30,0d77d3f0-4d98-574c-8d40-40c5072938dc,1777349706,0.53,5.0,yes,"{""count_fp"":""5.00"",""created_time"":""2026-04-28T04:15:06.156564Z"",""no_price_dollars"":""0.4700"",""taker_side"":""yes"",""ticker"":""KXBTC15M-26APR280030-30"",""trade_id"":""0d77d3f0-4d98-574c-8d40-40c5072938dc"",""yes_price_dollars"":""0.5300""}"
KXBTC15M-26APR280030-30,ffbe3391-4ed1-58b4-01df-b057e438c968,1777349707,0.49,1.46,no,"{""count_fp"":""1.46"",""created_time"":""2026-04-28T04:15:07.066786Z"",""no_price_dollars"":""0.5100"",""taker_side"":""no"",""ticker"":""KXBTC15M-26APR280030-30"",""trade_id"":""ffbe3391-4ed1-58b4-01df-b057e438c968"",""yes_price_dollars"":""0.4900""}"
KXBTC15M-26APR280030-30,ff3763cf-79bf-5cae-271d-d6f3cb416f45,1777349707,0.5,76.64,no,"{""count_fp"":""76.64"",""created_time"":""2026-04-28T04:15:07.066786Z"",""no_price_dollars"":""0.5000"",""taker_side"":""no"",""ticker"":""KXBTC15M-26APR280030-30"",""trade_id"":""ff3763cf-79bf-5cae-271d-d6f3cb416f45"",""yes_price_dollars"":""0.5000""}"
KXBTC15M-26APR280030-30,af3a9aed-cb86-5483-2a27-192517539076,1777349707,0.5,16.0,no,"{""count_fp"":""16.00"",""created_time"":""2026-04-28T04:15:07.066786Z"",""no_price_dollars"":""0.5000"",""taker_side"":""no"",""ticker"":""KXBTC15M-26APR280030-30"",""trade_id"":""af3a9aed-cb86-5483-2a27-192517539076"",""yes_price_dollars"":""0.5000""}"
KXBTC15M-26APR280030-30,9aa79500-7cde-515d-16d9-70fc0d563008,1777349707,0.5,45.68,no,"{""count_fp"":""45.68"",""created_time"":""2026-04-28T04:15:07.066786Z"",""no_price_dollars"":""0.5000"",""taker_side"":""no"",""ticker"":""KXBTC15M-26APR280030-30"",""trade_id"":""9aa79500-7cde-515d-16d9-70fc0d563008"",""yes_price_dollars"":""0.5000""}"
KXBTC15M-26APR280030-30,93757604-9d86-5565-30c7-d2b79923bad7,1777349707,0.5,5.0,no,"{""count_fp"":""5.00"",""created_time"":""2026-04-28T04:15:07.066786Z"",""no_price_dollars"":""0.5000"",""taker_side"":""no"",""ticker"":""KXBTC15M-26APR280030-30"",""trade_id"":""93757604-9d86-5565-30c7-d2b79923bad7"",""yes_price_dollars"":""0.5000""}"
KXBTC15M-26APR280030-30,85cd55fe-ebf0-7b27-bb87-dbae3cd2fb66,1777349708,0.51,20.0,yes,"{""count_fp"":""20.00"",""created_time"":""2026-04-28T04:15:08.480027Z"",""no_price_dollars"":""0.4900"",""taker_side"":""yes"",""ticker"":""KXBTC15M-26APR280030-30"",""trade_id"":""85cd55fe-ebf0-7b27-bb87-dbae3cd2fb66"",""yes_price_dollars"":""0.5100""}"
KXBTC15M-26APR280030-30,4ad895a1-7ca8-738a-8c1d-2888bf6f0455,1777349708,0.51,26.51,yes,"{""count_fp"":""26.51"",""created_time"":""2026-04-28T04:15:08.480027Z"",""no_price_dollars"":""0.4900"",""taker_side"":""yes"",""ticker"":""KXBTC15M-26APR280030-30"",""trade_id"":""4ad895a1-7ca8-738a-8c1d-2888bf6f0455"",""yes_price_dollars"":""0.5100""}"
KXBTC15M-26APR280030-30,ae999bb5-189e-5528-784b-df088d43f599,1777349709,0.5,1.0,no,"{""count_fp"":""1.00"",""created_time"":""2026-04-28T04:15:09.645424Z"",""no_price_dollars"":""0.5000"",""taker_side"":""no"",""ticker"":""KXBTC15M-26APR280030-30"",""trade_id"":""ae999bb5-189e-5528-784b-df088d43f599"",""yes_price_dollars"":""0.5000""}"
KXBTC15M-26APR280030-30,8e5413ea-741d-5168-6dea-f1166e26a1e0,1777349709,0.49,9.0,no,"{""count_fp"":""9.00"",""created_time"":""2026-04-28T04:15:09.645424Z"",""no_price_dollars"":""0.5100"",""taker_side"":""no"",""ticker"":""KXBTC15M-26APR280030-30"",""trade_id"":""8e5413ea-741d-5168-6dea-f1166e26a1e0"",""yes_price_dollars"":""0.4900""}"
KXBTC15M-26APR280030-30,77778f0c-bf97-7ac9-b610-54ecedebee59,1777349709,0.5,5.0,no,"{""count_fp"":""5.00"",""created_time"":""2026-04-28T04:15:09.574978Z"",""no_price_dollars"":""0.5000"",""taker_side"":""no"",""ticker"":""KXBTC15M-26APR280030-30"",""trade_id"":""77778f0c-bf97-7ac9-b610-54ecedebee59"",""yes_price_dollars"":""0.5000""}"
KXBTC15M-26APR280030-30,04afadd6-e0b2-75a0-a2ac-1ac5335b6d99,1777349709,0.5,15.0,no,"{""count_fp"":""15.00"",""created_time"":""2026-04-28T04:15:09.574978Z"",""no_price_dollars"":""0.5000"",""taker_side"":""no"",""ticker"":""KXBTC15M-26APR280030-30"",""trade_id"":""04afadd6-e0b2-75a0-a2ac-1ac5335b6d99"",""yes_price_dollars"":""0.5000""}"
KXBTC15M-26APR280030-30,80f3c880-643d-4b02-5ceb-3c1e236d44f6,1777349709,0.52,17.7,yes,"{""count_fp"":""17.70"",""created_time"":""2026-04-28T04:15:09.055836Z"",""no_price_dollars"":""0.4800"",""taker_side"":""yes"",""ticker"":""KXBTC15M-26APR280030-30"",""trade_id"":""80f3c880-643d-4b02-5ceb-3c1e236d44f6"",""yes_price_dollars"":""0.5200""}"
KXBTC15M-26APR280030-30,129f3e1c-13d4-4e87-6fca-bba2f8106d87,1777349709,0.52,10.0,yes,"{""count_fp"":""10.00"",""created_time"":""2026-04-28T04:15:09.055836Z"",""no_price_dollars"":""0.4800"",""taker_side"":""yes"",""ticker"":""KXBTC15M-26APR280030-30"",""trade_id"":""129f3e1c-13d4-4e87-6fca-bba2f8106d87"",""yes_price_dollars"":""0.5200""}"
KXBTC15M-26APR280030-30,de570fd8-17aa-7b1a-d7c2-ef560d6ebd8b,1777349710,0.48,4.0,no,"{""count_fp"":""4.00"",""created_time"":""2026-04-28T04:15:10.369127Z"",""no_price_dollars"":""0.5200"",""taker_side"":""no"",""ticker"":""KXBTC15M-26APR280030-30"",""trade_id"":""de570fd8-17aa-7b1a-d7c2-ef560d6ebd8b"",""yes_price_dollars"":""0.4800""}"
KXBTC15M-26APR280030-30,19da34a5-f430-7059-f668-133626c0c666,1777349710,0.49,2.0,no,"{""count_fp"":""2.00"",""created_time"":""2026-04-28T04:15:10.369127Z"",""no_price_dollars"":""0.5100"",""taker_side"":""no"",""ticker"":""KXBTC15M-26APR280030-30"",""trade_id"":""19da34a5-f430-7059-f668-133626c0c666"",""yes_price_dollars"":""0.4900""}"
KXBTC15M-26APR280030-30,f9172783-f3f3-52ac-6ffc-2823d596f180,1777349710,0.49,10.0,no,"{""count_fp"":""10.00"",""created_time"":""2026-04-28T04:15:10.144793Z"",""no_price_dollars"":""0.5100"",""taker_side"":""no"",""ticker"":""KXBTC15M-26APR280030-30"",""trade_id"":""f9172783-f3f3-52ac-6ffc-2823d596f180"",""yes_price_dollars"":""0.4900""}"
KXBTC15M-26APR280030-30,e2367ded-61c8-59a9-629b-3df78ff3f0c9,1777349710,0.49,37.7,no,"{""count_fp"":""37.70"",""created_time"":""2026-04-28T04:15:10.144793Z"",""no_price_dollars"":""0.5100"",""taker_side"":""no"",""ticker"":""KXBTC15M-26APR280030-30"",""trade_id"":""e2367ded-61c8-59a9-629b-3df78ff3f0c9"",""yes_price_dollars"":""0.4900""}"
KXBTC15M-26APR280030-30,3b2974de-ff9d-5360-6d80-4d71dfab0018,1777349710,0.49,45.54,no,"{""count_fp"":""45.54"",""created_time"":""2026-04-28T04:15:10.144793Z"",""no_price_dollars"":""0.5100"",""taker_side"":""no"",""ticker"":""KXBTC15M-26APR280030-30"",""trade_id"":""3b2974de-ff9d-5360-6d80-4d71dfab0018"",""yes_price_dollars"":""0.4900""}"
KXBTC15M-26APR280030-30,05d3df58-23a5-5981-435f-286b8e767562,1777349710,0.49,2.0,no,"{""count_fp"":""2.00"",""created_time"":""2026-04-28T04:15:10.144793Z"",""no_price_dollars"":""0.5100"",""taker_side"":""no"",""ticker"":""KXBTC15M-26APR280030-30"",""trade_id"":""05d3df58-23a5-5981-435f-286b8e767562"",""yes_price_dollars"":""0.4900""}"
KXBTC15M-26APR280030-30,e01a6159-a17a-4013-9f79-3a9074ed3b7f,1777349711,0.47,2.0,no,"{""count_fp"":""2.00"",""created_time"":""2026-04-28T04:15:11.989815Z"",""no_price_dollars"":""0.5300"",""taker_side"":""no"",""ticker"":""KXBTC15M-26APR280030-30"",""trade_id"":""e01a6159-a17a-4013-9f79-3a9074ed3b7f"",""yes_price_dollars"":""0.4700""}"
KXBTC15M-26APR280030-30,0af12aa8-b048-4d85-9d18-658a06e271a1,1777349711,0.48,0.3,no,"{""count_fp"":""0.30"",""created_time"":""2026-04-28T04:15:11.989815Z"",""no_price_dollars"":""0.5200"",""taker_side"":""no"",""ticker"":""KXBTC15M-26APR280030-30"",""trade_id"":""0af12aa8-b048-4d85-9d18-658a06e271a1"",""yes_price_dollars"":""0.4800""}"
KXBTC15M-26APR280030-30,aaf2cc39-8236-6f1a-5914-f1c42c10d29f,1777349711,0.48,7.0,no,"{""count_fp"":""7.00"",""created_time"":""2026-04-28T04:15:11.971366Z"",""no_price_dollars"":""0.5200"",""taker_side"":""no"",""ticker"":""KXBTC15M-26APR280030-30"",""trade_id"":""aaf2cc39-8236-6f1a-5914-f1c42c10d29f"",""yes_price_dollars"":""0.4800""}"
KXBTC15M-26APR280030-30,95c1ebee-12f9-637a-6bd5-9945d3dc1540,1777349711,0.48,2.0,no,"{""count_fp"":""2.00"",""created_time"":""2026-04-28T04:15:11.971366Z"",""no_price_dollars"":""0.5200"",""taker_side"":""no"",""ticker"":""KXBTC15M-26APR280030-30"",""trade_id"":""95c1ebee-12f9-637a-6bd5-9945d3dc1540"",""yes_price_dollars"":""0.4800""}"
KXBTC15M-26APR280030-30,1f1d8721-931a-633a-6622-691841767411,1777349711,0.48,20.0,no,"{""count_fp"":""20.00"",""created_time"":""2026-04-28T04:15:11.971366Z"",""no_price_dollars"":""0.5200"",""taker_side"":""no"",""ticker"":""KXBTC15M-26APR280030-30"",""trade_id"":""1f1d8721-931a-633a-6622-691841767411"",""yes_price_dollars"":""0.4800""}"
KXBTC15M-26APR280030-30,1d5e2e86-ab78-667d-5062-ceaabfb37c81,1777349711,0.48,27.0,no,"{""count_fp"":""27.00"",""created_time"":""2026-04-28T04:15:11.971366Z"",""no_price_dollars"":""0.5200"",""taker_side"":""no"",""ticker"":""KXBTC15M-26APR280030-30"",""trade_id"":""1d5e2e86-ab78-667d-5062-ceaabfb37c81"",""yes_price_dollars"":""0.4800""}"
KXBTC15M-26APR280030-30,780695a3-1be7-5d6f-4068-46b6a0edb71c,1777349711,0.49,20.0,no,"{""count_fp"":""20.00"",""created_time"":""2026-04-28T04:15:11.549936Z"",""no_price_dollars"":""0.5100"",""taker_side"":""no"",""ticker"":""KXBTC15M-26APR280030-30"",""trade_id"":""780695a3-1be7-5d6f-4068-46b6a0edb71c"",""yes_price_dollars"":""0.4900""}"
KXBTC15M-26APR280030-30,9f6d6411-32b9-5c75-0bea-eae81365fb66,1777349711,0.52,11.0,yes,"{""count_fp"":""11.00"",""created_time"":""2026-04-28T04:15:11.028485Z"",""no_price_dollars"":""0.4800"",""taker_side"":""yes"",""ticker"":""KXBTC15M-26APR280030-30"",""trade_id"":""9f6d6411-32b9-5c75-0bea-eae81365fb66"",""yes_price_dollars"":""0.5200""}"
KXBTC15M-26APR280030-30,7dce5a03-4a70-5719-32cb-8db3dcda4a08,1777349711,0.49,3.0,yes,"{""count_fp"":""3.00"",""created_time"":""2026-04-28T04:15:11.028485Z"",""no_price_dollars"":""0.5100"",""taker_side"":""yes"",""ticker"":""KXBTC15M-26APR280030-30"",""trade_id"":""7dce5a03-4a70-5719-32cb-8db3dcda4a08"",""yes_price_dollars"":""0.4900""}"
KXBTC15M-26APR280030-30,3064b6ea-650c-5086-1781-321ba1390ca3,1777349711,0.51,16.0,yes,"{""count_fp"":""16.00"",""created_time"":""2026-04-28T04:15:11.028485Z"",""no_price_dollars"":""0.4900"",""taker_side"":""yes"",""ticker"":""KXBTC15M-26APR280030-30"",""trade_id"":""3064b6ea-650c-5086-1781-321ba1390ca3"",""yes_price_dollars"":""0.5100""}"
KXBTC15M-26APR280030-30,29d4f951-3198-56f0-1e73-9d6b2f9c3d50,1777349711,0.53,15.51,yes,"{""count_fp"":""15.51"",""created_time"":""2026-04-28T04:15:11.028485Z"",""no_price_dollars"":""0.4700"",""taker_side"":""yes"",""ticker"":""KXBTC15M-26APR280030-30"",""trade_id"":""29d4f951-3198-56f0-1e73-9d6b2f9c3d50"",""yes_price_dollars"":""0.5300""}"
KXBTC15M-26APR280030-30,12418298-4150-55a4-096e-71cb2ec39a72,1777349711,0.5,1.0,yes,"{""count_fp"":""1.00"",""created_time"":""2026-04-28T04:15:11.028485Z"",""no_price_dollars"":""0.5000"",""taker_side"":""yes"",""ticker"":""KXBTC15M-26APR280030-30"",""trade_id"":""12418298-4150-55a4-096e-71cb2ec39a72"",""yes_price_dollars"":""0.5000""}"
KXBTC15M-26APR280030-30,75bfe8ff-5e20-438f-6ea1-4b4a8e1a10ae,1777349712,0.44,0.2,yes,"{""count_fp"":""0.20"",""created_time"":""2026-04-28T04:15:12.431964Z"",""no_price_dollars"":""0.5600"",""taker_side"":""yes"",""ticker"":""KXBTC15M-26APR280030-30"",""trade_id"":""75bfe8ff-5e20-438f-6ea1-4b4a8e1a10ae"",""yes_price_dollars"":""0.4400""}"
KXBTC15M-26APR280030-30,c0a212a9-7c6a-6dd1-4266-c4c57d819d38,1777349712,0.44,30.0,no,"{""count_fp"":""30.00"",""created_time"":""2026-04-28T04:15:12.226653Z"",""no_price_dollars"":""0.5600"",""taker_side"":""no"",""ticker"":""KXBTC15M-26APR280030-30"",""trade_id"":""c0a212a9-7c6a-6dd1-4266-c4c57d819d38"",""yes_price_dollars"":""0.4400""}"
KXBTC15M-26APR280030-30,aa6f9558-2b27-6e1f-60b5-280ff99c489a,1777349712,0.44,20.0,no,"{""count_fp"":""20.00"",""created_time"":""2026-04-28T04:15:12.226653Z"",""no_price_dollars"":""0.5600"",""taker_side"":""no"",""ticker"":""KXBTC15M-26APR280030-30"",""trade_id"":""aa6f9558-2b27-6e1f-60b5-280ff99c489a"",""yes_price_dollars"":""0.4400""}"
KXBTC15M-26APR280030-30,6a62a4df-a2f6-677a-7b67-3c7d9e1a9c9c,1777349712,0.44,1.0,no,"{""count_fp"":""1.00"",""created_time"":""2026-04-28T04:15:12.226653Z"",""no_price_dollars"":""0.5600"",""taker_side"":""no"",""ticker"":""KXBTC15M-26APR280030-30"",""trade_id"":""6a62a4df-a2f6-677a-7b67-3c7d9e1a9c9c"",""yes_price_dollars"":""0.4400""}"
KXBTC15M-26APR280030-30,01125a7f-e361-68e8-67ef-955245f3f6c8,1777349712,0.44,40.0,no,"{""count_fp"":""40.00"",""created_time"":""2026-04-28T04:15:12.226653Z"",""no_price_dollars"":""0.5600"",""taker_side"":""no"",""ticker"":""KXBTC15M-26APR280030-30"",""trade_id"":""01125a7f-e361-68e8-67ef-955245f3f6c8"",""yes_price_dollars"":""0.4400""}"
KXBTC15M-26APR280030-30,d4211d90-12f0-7556-ceee-b8b7fca813c0,1777349712,0.45,20.0,no,"{""count_fp"":""20.00"",""created_time"":""2026-04-28T04:15:12.171244Z"",""no_price_dollars"":""0.5500"",""taker_side"":""no"",""ticker"":""KXBTC15M-26APR280030-30"",""trade_id"":""d4211d90-12f0-7556-ceee-b8b7fca813c0"",""yes_price_dollars"":""0.4500""}"
KXBTC15M-26APR280030-30,a9dea27a-11e4-7f9e-f722-58146b59fa62,1777349712,0.45,30.0,no,"{""count_fp"":""30.00"",""created_time"":""2026-04-28T04:15:12.171244Z"",""no_price_dollars"":""0.5500"",""taker_side"":""no"",""ticker"":""KXBTC15M-26APR280030-30"",""trade_id"":""a9dea27a-11e4-7f9e-f722-58146b59fa62"",""yes_price_dollars"":""0.4500""}"
KXBTC15M-26APR280030-30,3f436a8e-d242-7ba3-fb7e-a2d6052eca58,1777349712,0.45,40.0,no,"{""count_fp"":""40.00"",""created_time"":""2026-04-28T04:15:12.171244Z"",""no_price_dollars"":""0.5500"",""taker_side"":""no"",""ticker"":""KXBTC15M-26APR280030-30"",""trade_id"":""3f436a8e-d242-7ba3-fb7e-a2d6052eca58"",""yes_price_dollars"":""0.4500""}"
KXBTC15M-26APR280030-30,07b5519c-0072-781f-497f-47c4b5c23428,1777349713,0.42,17.0,no,"{""count_fp"":""17.00"",""created_time"":""2026-04-28T04:15:13.737825Z"",""no_price_dollars"":""0.5800"",""taker_side"":""no"",""ticker"":""KXBTC15M-26APR280030-30"",""trade_id"":""07b5519c-0072-781f-497f-47c4b5c23428"",""yes_price_dollars"":""0.4200""}"
KXBTC15M-26APR280030-30,6ad8c6a2-d447-581c-0d26-acf5b895b88a,1777349713,0.44,9.0,yes,"{""count_fp"":""9.00"",""created_time"":""2026-04-28T04:15:13.488787Z"",""no_price_dollars"":""0.5600"",""taker_side"":""yes"",""ticker"":""KXBTC15M-26APR280030-30"",""trade_id"":""6ad8c6a2-d447-581c-0d26-acf5b895b88a"",""yes_price_dollars"":""0.4400""}"
KXBTC15M-26APR280030-30,8d94799e-bb13-629c-8cc6-bd1d1eaf093e,1777349713,0.44,186.05,yes,"{""count_fp"":""186.05"",""created_time"":""2026-04-28T04:15:13.435309Z"",""no_price_dollars"":""0.5600"",""taker_side"":""yes"",""ticker"":""KXBTC15M-26APR280030-30"",""trade_id"":""8d94799e-bb13-629c-8cc6-bd1d1eaf093e"",""yes_price_dollars"":""0.4400""}"
KXBTC15M-26APR280030-30,840250d9-2443-73d4-69da-b7c7e2278282,1777349713,0.44,1.0,yes,"{""count_fp"":""1.00"",""created_time"":""2026-04-28T04:15:13.418209Z"",""no_price_dollars"":""0.5600"",""taker_side"":""yes"",""ticker"":""KXBTC15M-26APR280030-30"",""trade_id"":""840250d9-2443-73d4-69da-b7c7e2278282"",""yes_price_dollars"":""0.4400""}"
KXBTC15M-26APR280030-30,ef520a54-a821-4bbc-14c6-88f07fce99dc,1777349713,0.42,1.0,no,"{""count_fp"":""1.00"",""created_time"":""2026-04-28T04:15:13.326151Z"",""no_price_dollars"":""0.5800"",""taker_side"":""no"",""ticker"":""KXBTC15M-26APR280030-30"",""trade_id"":""ef520a54-a821-4bbc-14c6-88f07fce99dc"",""yes_price_dollars"":""0.4200""}"
KXBTC15M-26APR280030-30,a4e34b66-fa28-4299-1bdd-4711c2710b41,1777349713,0.42,2.0,no,"{""count_fp"":""2.00"",""created_time"":""2026-04-28T04:15:13.326151Z"",""no_price_dollars"":""0.5800"",""taker_side"":""no"",""ticker"":""KXBTC15M-26APR280030-30"",""trade_id"":""a4e34b66-fa28-4299-1bdd-4711c2710b41"",""yes_price_dollars"":""0.4200""}"
KXBTC15M-26APR280030-30,9907e49a-186a-4d1a-0d9a-9c1f386f2eef,1777349713,0.43,0.88,no,"{""count_fp"":""0.88"",""created_time"":""2026-04-28T04:15:13.326151Z"",""no_price_dollars"":""0.5700"",""taker_side"":""no"",""ticker"":""KXBTC15M-26APR280030-30"",""trade_id"":""9907e49a-186a-4d1a-0d9a-9c1f386f2eef"",""yes_price_dollars"":""0.4300""}"
KXBTC15M-26APR280030-30,25ab884d-1726-4007-2c6e-2b90d408eed0,1777349713,0.42,3.12,no,"{""count_fp"":""3.12"",""created_time"":""2026-04-28T04:15:13.326151Z"",""no_price_dollars"":""0.5800"",""taker_side"":""no"",""ticker"":""KXBTC15M-26APR280030-30"",""trade_id"":""25ab884d-1726-4007-2c6e-2b90d408eed0"",""yes_price_dollars"":""0.4200""}"
KXBTC15M-26APR280030-30,cc4dd6b5-f8ea-4e5b-3658-96ead2bd7a29,1777349713,0.43,20.0,no,"{""count_fp"":""20.00"",""created_time"":""2026-04-28T04:15:13.202213Z"",""no_price_dollars"":""0.5700"",""taker_side"":""no"",""ticker"":""KXBTC15M-26APR280030-30"",""trade_id"":""cc4dd6b5-f8ea-4e5b-3658-96ead2bd7a29"",""yes_price_dollars"":""0.4300""}"
KXBTC15M-26APR280030-30,651613d5-04f8-4d83-2cc7-5f57ef451483,1777349713,0.43,1.0,no,"{""count_fp"":""1.00"",""created_time"":""2026-04-28T04:15:13.202213Z"",""no_price_dollars"":""0.5700"",""taker_side"":""no"",""ticker"":""KXBTC15M-26APR280030-30"",""trade_id"":""651613d5-04f8-4d83-2cc7-5f57ef451483"",""yes_price_dollars"":""0.4300""}"
KXBTC15M-26APR280030-30,5d10ea34-6454-4a15-3d0d-12de171ee200,1777349713,0.43,30.0,no,"{""count_fp"":""30.00"",""created_time"":""2026-04-28T04:15:13.202213Z"",""no_price_dollars"":""0.5700"",""taker_side"":""no"",""ticker"":""KXBTC15M-26APR280030-30"",""trade_id"":""5d10ea34-6454-4a15-3d0d-12de171ee200"",""yes_price_dollars"":""0.4300""}"
KXBTC15M-26APR280030-30,15894a12-8de6-4606-0ec8-b3c6f2c2f69b,1777349713,0.43,17.12,no,"{""count_fp"":""17.12"",""created_time"":""2026-04-28T04:15:13.202213Z"",""no_price_dollars"":""0.5700"",""taker_side"":""no"",""ticker"":""KXBTC15M-26APR280030-30"",""trade_id"":""15894a12-8de6-4606-0ec8-b3c6f2c2f69b"",""yes_price_dollars"":""0.4300""}"
KXBTC15M-26APR280030-30,22ad6a60-da03-6bc4-0a13-6dcdc6780b36,1777349714,0.44,4.37,yes,"{""count_fp"":""4.37"",""created_time"":""2026-04-28T04:15:14.865745Z"",""no_price_dollars"":""0.5600"",""taker_side"":""yes"",""ticker"":""KXBTC15M-26APR280030-30"",""trade_id"":""22ad6a60-da03-6bc4-0a13-6dcdc6780b36"",""yes_price_dollars"":""0.4400""}"
KXBTC15M-26APR280030-30,e728bc8e-fce4-5c39-5fed-ca2433f54789,1777349714,0.42,30.36,no,"{""count_fp"":""30.36"",""created_time"":""2026-04-28T04:15:14.660027Z"",""no_price_dollars"":""0.5800"",""taker_side"":""no"",""ticker"":""KXBTC15M-26APR280030-30"",""trade_id"":""e728bc8e-fce4-5c39-5fed-ca2433f54789"",""yes_price_dollars"":""0.4200""}"
KXBTC15M-26APR280030-30,d49e3c9d-87d6-5f47-68e3-bccb10476da0,1777349714,0.42,19.88,no,"{""count_fp"":""19.88"",""created_time"":""2026-04-28T04:15:14.660027Z"",""no_price_dollars"":""0.5800"",""taker_side"":""no"",""ticker"":""KXBTC15M-26APR280030-30"",""trade_id"":""d49e3c9d-87d6-5f47-68e3-bccb10476da0"",""yes_price_dollars"":""0.4200""}"
KXBTC15M-26APR280030-30,f11d3e29-70e7-51fc-810b-138edc426a6a,1777349714,0.44,73.21,yes,"{""count_fp"":""73.21"",""created_time"":""2026-04-28T04:15:14.397759Z"",""no_price_dollars"":""0.5600"",""taker_side"":""yes"",""ticker"":""KXBTC15M-26APR280030-30"",""trade_id"":""f11d3e29-70e7-51fc-810b-138edc426a6a"",""yes_price_dollars"":""0.4400""}"
KXBTC15M-26APR280030-30,be0a551f-88a7-4df2-b546-a1a662984124,1777349715,0.43,16.68,yes,"{""count_fp"":""16.68"",""created_time"":""2026-04-28T04:15:15.890583Z"",""no_price_dollars"":""0.5700"",""taker_side"":""yes"",""ticker"":""KXBTC15M-26APR280030-30"",""trade_id"":""be0a551f-88a7-4df2-b546-a1a662984124"",""yes_price_dollars"":""0.4300""}"
KXBTC15M-26APR280030-30,bb74044e-6d14-4378-8bfa-497d676d27d3,1777349715,0.43,3.0,yes,"{""count_fp"":""3.00"",""created_time"":""2026-04-28T04:15:15.890583Z"",""no_price_dollars"":""0.5700"",""taker_side"":""yes"",""ticker"":""KXBTC15M-26APR280030-30"",""trade_id"":""bb74044e-6d14-4378-8bfa-497d676d27d3"",""yes_price_dollars"":""0.4300""}"
KXBTC15M-26APR280030-30,95195ce7-9fe3-754b-1d2a-fe6bd3d026fb,1777349715,0.42,2.0,no,"{""count_fp"":""2.00"",""created_time"":""2026-04-28T04:15:15.650811Z"",""no_price_dollars"":""0.5800"",""taker_side"":""no"",""ticker"":""KXBTC15M-26APR280030-30"",""trade_id"":""95195ce7-9fe3-754b-1d2a-fe6bd3d026fb"",""yes_price_dollars"":""0.4200""}"
KXBTC15M-26APR280030-30,8c6ef9c8-5f70-7161-2f10-266755649ca4,1777349715,0.42,31.76,no,"{""count_fp"":""31.76"",""created_time"":""2026-04-28T04:15:15.650811Z"",""no_price_dollars"":""0.5800"",""taker_side"":""no"",""ticker"":""KXBTC15M-26APR280030-30"",""trade_id"":""8c6ef9c8-5f70-7161-2f10-266755649ca4"",""yes_price_dollars"":""0.4200""}"
KXBTC15M-26APR280030-30,6c3b42f0-2325-7794-310d-d0d25e699193,1777349715,0.42,8.11,no,"{""count_fp"":""8.11"",""created_time"":""2026-04-28T04:15:15.650811Z"",""no_price_dollars"":""0.5800"",""taker_side"":""no"",""ticker"":""KXBTC15M-26APR280030-30"",""trade_id"":""6c3b42f0-2325-7794-310d-d0d25e699193"",""yes_price_dollars"":""0.4200""}"
KXBTC15M-26APR280030-30,b3f3faff-90c2-44ef-15b9-848d844a04ae,1777349715,0.43,20.0,yes,"{""count_fp"":""20.00"",""created_time"":""2026-04-28T04:15:15.362471Z"",""no_price_dollars"":""0.5700"",""taker_side"":""yes"",""ticker"":""KXBTC15M-26APR280030-30"",""trade_id"":""b3f3faff-90c2-44ef-15b9-848d844a04ae"",""yes_price_dollars"":""0.4300""}"
KXBTC15M-26APR280030-30,c5cea416-9685-5a54-43a5-250be70446b3,1777349715,0.42,4.89,no,"{""count_fp"":""4.89"",""created_time"":""2026-04-28T04:15:15.176965Z"",""no_price_dollars"":""0.5800"",""taker_side"":""no"",""ticker"":""KXBTC15M-26APR280030-30"",""trade_id"":""c5cea416-9685-5a54-43a5-250be70446b3"",""yes_price_dollars"":""0.4200""}"
KXBTC15M-26APR280030-30,9d4c7709-ea44-565e-4c66-a52e126ce4ea,1777349715,0.42,20.0,no,"{""count_fp"":""20.00"",""created_time"":""2026-04-28T04:15:15.176965Z"",""no_price_dollars"":""0.5800"",""taker_side"":""no"",""ticker"":""KXBTC15M-26APR280030-30"",""trade_id"":""9d4c7709-ea44-565e-4c66-a52e126ce4ea"",""yes_price_dollars"":""0.4200""}"
KXBTC15M-26APR280030-30,7952db62-b829-5aca-4836-6fbd76749086,1777349715,0.42,40.0,no,"{""count_fp"":""40.00"",""created_time"":""2026-04-28T04:15:15.176965Z"",""no_price_dollars"":""0.5800"",""taker_side"":""no"",""ticker"":""KXBTC15M-26APR280030-30"",""trade_id"":""7952db62-b829-5aca-4836-6fbd76749086"",""yes_price_dollars"":""0.4200""}"
KXBTC15M-26APR280030-30,6d377ae7-4920-58c9-492c-a57578f7cb1d,1777349715,0.42,18.85,no,"{""count_fp"":""18.85"",""created_time"":""2026-04-28T04:15:15.176965Z"",""no_price_dollars"":""0.5800"",""taker_side"":""no"",""ticker"":""KXBTC15M-26APR280030-30"",""trade_id"":""6d377ae7-4920-58c9-492c-a57578f7cb1d"",""yes_price_dollars"":""0.4200""}"
KXBTC15M-26APR280030-30,236e609a-f27c-5bf5-b7a5-fd50134e9631,1777349715,0.42,6.79,no,"{""count_fp"":""6.79"",""created_time"":""2026-04-28T04:15:15.084535Z"",""no_price_dollars"":""0.5800"",""taker_side"":""no"",""ticker"":""KXBTC15M-26APR280030-30"",""trade_id"":""236e609a-f27c-5bf5-b7a5-fd50134e9631"",""yes_price_dollars"":""0.4200""}"
KXBTC15M-26APR280030-30,0b068abf-345f-577d-b371-47c4c0e3298c,1777349715,0.43,20.0,no,"{""count_fp"":""20.00"",""created_time"":""2026-04-28T04:15:15.084535Z"",""no_price_dollars"":""0.5700"",""taker_side"":""no"",""ticker"":""KXBTC15M-26APR280030-30"",""trade_id"":""0b068abf-345f-577d-b371-47c4c0e3298c"",""yes_price_dollars"":""0.4300""}"
KXBTC15M-26APR280030-30,cd17284d-c4e3-6fdc-3162-5ffc52a8fb3e,1777349716,0.42,36.12,no,"{""count_fp"":""36.12"",""created_time"":""2026-04-28T04:15:16.509301Z"",""no_price_dollars"":""0.5800"",""taker_side"":""no"",""ticker"":""KXBTC15M-26APR280030-30"",""trade_id"":""cd17284d-c4e3-6fdc-3162-5ffc52a8fb3e"",""yes_price_dollars"":""0.4200""}"
KXBTC15M-26APR280030-30,13ebe5f2-e2d1-61cd-25bf-c817f66912b2,1777349716,0.42,14.12,no,"{""count_fp"":""14.12"",""created_time"":""2026-04-28T04:15:16.509301Z"",""no_price_dollars"":""0.5800"",""taker_side"":""no"",""ticker"":""KXBTC15M-26APR280030-30"",""trade_id"":""13ebe5f2-e2d1-61cd-25bf-c817f66912b2"",""yes_price_dollars"":""0.4200""}"
KXBTC15M-26APR280030-30,e12d9113-f09f-61dc-9c57-0d206c8908e3,1777349716,0.43,1.28,yes,"{""count_fp"":""1.28"",""created_time"":""2026-04-28T04:15:16.335195Z"",""no_price_dollars"":""0.5700"",""taker_side"":""yes"",""ticker"":""KXBTC15M-26APR280030-30"",""trade_id"":""e12d9113-f09f-61dc-9c57-0d206c8908e3"",""yes_price_dollars"":""0.4300""}"
KXBTC15M-26APR280030-30,5b9501bd-c707-67f8-9ad2-065e1e4b454e,1777349716,0.44,45.4,yes,"{""count_fp"":""45.40"",""created_time"":""2026-04-28T04:15:16.335195Z"",""no_price_dollars"":""0.5600"",""taker_side"":""yes"",""ticker"":""KXBTC15M-26APR280030-30"",""trade_id"":""5b9501bd-c707-67f8-9ad2-065e1e4b454e"",""yes_price_dollars"":""0.4400""}"
KXBTC15M-26APR280030-30,45cf0735-fb82-6763-9418-c1788780e029,1777349716,0.43,3.32,yes,"{""count_fp"":""3.32"",""created_time"":""2026-04-28T04:15:16.335195Z"",""no_price_dollars"":""0.5700"",""taker_side"":""yes"",""ticker"":""KXBTC15M-26APR280030-30"",""trade_id"":""45cf0735-fb82-6763-9418-c1788780e029"",""yes_price_dollars"":""0.4300""}"
KXBTC15M-26APR280030-30,f295c948-fe31-6eed-a54a-79726adc1d02,1777349716,0.42,1.28,no,"{""count_fp"":""1.28"",""created_time"":""2026-04-28T04:15:16.120832Z"",""no_price_dollars"":""0.5800"",""taker_side"":""no"",""ticker"":""KXBTC15M-26APR280030-30"",""trade_id"":""f295c948-fe31-6eed-a54a-79726adc1d02"",""yes_price_dollars"":""0.4200""}"
KXBTC15M-26APR280030-30,8e27eecb-30ac-6fc5-87f4-ad55672a7ebc,1777349716,0.42,3.24,no,"{""count_fp"":""3.24"",""created_time"":""2026-04-28T04:15:16.120832Z"",""no_price_dollars"":""0.5800"",""taker_side"":""no"",""ticker"":""KXBTC15M-26APR280030-30"",""trade_id"":""8e27eecb-30ac-6fc5-87f4-ad55672a7ebc"",""yes_price_dollars"":""0.4200""}"
KXBTC15M-26APR280030-30,e3792be2-2e70-56b5-a34d-43f99ac05640,1777349716,0.42,5.0,no,"{""count_fp"":""5.00"",""created_time"":""2026-04-28T04:15:16.113936Z"",""no_price_dollars"":""0.5800"",""taker_side"":""no"",""ticker"":""KXBTC15M-26APR280030-30"",""trade_id"":""e3792be2-2e70-56b5-a34d-43f99ac05640"",""yes_price_dollars"":""0.4200""}"
KXBTC15M-26APR280030-30,4e269846-677f-6f78-ae51-004837c96bbd,1777349717,0.43,5.88,yes,"{""count_fp"":""5.88"",""created_time"":""2026-04-28T04:15:17.960415Z"",""no_price_dollars"":""0.5700"",""taker_side"":""yes"",""ticker"":""KXBTC15M-26APR280030-30"",""trade_id"":""4e269846-677f-6f78-ae51-004837c96bbd"",""yes_price_dollars"":""0.4300""}"
KXBTC15M-26APR280030-30,3d5c4cb4-8b7e-65c0-bfc6-4c6cb9b2caaa,1777349717,0.43,3.68,yes,"{""count_fp"":""3.68"",""created_time"":""2026-04-28T04:15:17.960415Z"",""no_price_dollars"":""0.5700"",""taker_side"":""yes"",""ticker"":""KXBTC15M-26APR280030-30"",""trade_id"":""3d5c4cb4-8b7e-65c0-bfc6-4c6cb9b2caaa"",""yes_price_dollars"":""0.4300""}"
KXBTC15M-26APR280030-30,3b76748c-3f7f-6312-aef4-203ae5ef3c4a,1777349717,0.43,1.46,yes,"{""count_fp"":""1.46"",""created_time"":""2026-04-28T04:15:17.960415Z"",""no_price_dollars"":""0.5700"",""taker_side"":""yes"",""ticker"":""KXBTC15M-26APR280030-30"",""trade_id"":""3b76748c-3f7f-6312-aef4-203ae5ef3c4a"",""yes_price_dollars"":""0.4300""}"
KXBTC15M-26APR280030-30,dc2d1981-f4ca-7af8-de86-e7ea636cd3aa,1777349717,0.43,52.32,yes,"{""count_fp"":""52.32"",""created_time"":""2026-04-28T04:15:17.855279Z"",""no_price_dollars"":""0.5700"",""taker_side"":""yes"",""ticker"":""KXBTC15M-26APR280030-30"",""trade_id"":""dc2d1981-f4ca-7af8-de86-e7ea636cd3aa"",""yes_price_dollars"":""0.4300""}"
KXBTC15M-26APR280030-30,b1dfdb24-53dc-7b93-d009-cb4dde79590a,1777349717,0.43,3.0,yes,"{""count_fp"":""3.00"",""created_time"":""2026-04-28T04:15:17.855279Z"",""no_price_dollars"":""0.5700"",""taker_side"":""yes"",""ticker"":""KXBTC15M-26APR280030-30"",""trade_id"":""b1dfdb24-53dc-7b93-d009-cb4dde79590a"",""yes_price_dollars"":""0.4300""}"
KXBTC15M-26APR280030-30,825e5f19-373f-7526-c0ab-cbcd8fc203b1,1777349717,0.43,40.0,yes,"{""count_fp"":""40.00"",""created_time"":""2026-04-28T04:15:17.855279Z"",""no_price_dollars"":""0.5700"",""taker_side"":""yes"",""ticker"":""KXBTC15M-26APR280030-30"",""trade_id"":""825e5f19-373f-7526-c0ab-cbcd8fc203b1"",""yes_price_dollars"":""0.4300""}"
KXBTC15M-26APR280030-30,11edf16b-27e7-7060-f4a1-7886a0fb230b,1777349717,0.43,14.12,yes,"{""count_fp"":""14.12"",""created_time"":""2026-04-28T04:15:17.855279Z"",""no_price_dollars"":""0.5700"",""taker_side"":""yes"",""ticker"":""KXBTC15M-26APR280030-30"",""trade_id"":""11edf16b-27e7-7060-f4a1-7886a0fb230b"",""yes_price_dollars"":""0.4300""}"
KXBTC15M-26APR280030-30,b7d89c51-36e1-605a-6581-1c1a99deabb0,1777349717,0.42,5.0,no,"{""count_fp"":""5.00"",""created_time"":""2026-04-28T04:15:17.665579Z"",""no_price_dollars"":""0.5800"",""taker_side"":""no"",""ticker"":""KXBTC15M-26APR280030-30"",""trade_id"":""b7d89c51-36e1-605a-6581-1c1a99deabb0"",""yes_price_dollars"":""0.4200""}"
KXBTC15M-26APR280030-30,af90b9bd-9e1a-6b81-6655-d9d07f6f2785,1777349717,0.42,5.88,no,"{""count_fp"":""5.88"",""created_time"":""2026-04-28T04:15:17.665579Z"",""no_price_dollars"":""0.5800"",""taker_side"":""no"",""ticker"":""KXBTC15M-26APR280030-30"",""trade_id"":""af90b9bd-9e1a-6b81-6655-d9d07f6f2785"",""yes_price_dollars"":""0.4200""}"
KXBTC15M-26APR280030-30,5a4295af-8e62-6f1d-666b-645e1753c1c7,1777349717,0.41,119.0,no,"{""count_fp"":""119.00"",""created_time"":""2026-04-28T04:15:17.665579Z"",""no_price_dollars"":""0.5900"",""taker_side"":""no"",""ticker"":""KXBTC15M-26APR280030-30"",""trade_id"":""5a4295af-8e62-6f1d-666b-645e1753c1c7"",""yes_price_dollars"":""0.4100""}"
KXBTC15M-26APR280030-30,4c8c9c71-44e7-686d-75b1-2bf2607c0556,1777349717,0.41,5.0,no,"{""count_fp"":""5.00"",""created_time"":""2026-04-28T04:15:17.665579Z"",""no_price_dollars"":""0.5900"",""taker_side"":""no"",""ticker"":""KXBTC15M-26APR280030-30"",""trade_id"":""4c8c9c71-44e7-686d-75b1-2bf2607c0556"",""yes_price_dollars"":""0.4100""}"
KXBTC15M-26APR280030-30,342ef309-8b55-6c0d-71fb-37d86d3f0277,1777349717,0.41,30.01,no,"{""count_fp"":""30.01"",""created_time"":""2026-04-28T04:15:17.665579Z"",""no_price_dollars"":""0.5900"",""taker_side"":""no"",""ticker"":""KXBTC15M-26APR280030-30"",""trade_id"":""342ef309-8b55-6c0d-71fb-37d86d3f0277"",""yes_price_dollars"":""0.4100""}"
KXBTC15M-26APR280030-30,37a2eaa8-9340-79c9-1704-70a7214da2df,1777349718,0.41,5.89,no,"{""count_fp"":""5.89"",""created_time"":""2026-04-28T04:15:18.988812Z"",""no_price_dollars"":""0.5900"",""taker_side"":""no"",""ticker"":""KXBTC15M-26APR280030-30"",""trade_id"":""37a2eaa8-9340-79c9-1704-70a7214da2df"",""yes_price_dollars"":""0.4100""}"
KXBTC15M-26APR280030-30,8d5e60c1-ccd8-7705-7d47-4f7ef54f66a7,1777349718,0.41,8.23,no,"{""count_fp"":""8.23"",""created_time"":""2026-04-28T04:15:18.638664Z"",""no_price_dollars"":""0.5900"",""taker_side"":""no"",""ticker"":""KXBTC15M-26APR280030-30"",""trade_id"":""8d5e60c1-ccd8-7705-7d47-4f7ef54f66a7"",""yes_price_dollars"":""0.4100""}"
KXBTC15M-26APR280030-30,d5be7319-3504-6d6d-aebb-56ecff1a8857,1777349718,0.41,47.0,no,"{""count_fp"":""47.00"",""created_time"":""2026-04-28T04:15:18.151512Z"",""no_price_dollars"":""0.5900"",""taker_side"":""no"",""ticker"":""KXBTC15M-26APR280030-30"",""trade_id"":""d5be7319-3504-6d6d-aebb-56ecff1a8857"",""yes_price_dollars"":""0.4100""}"
KXBTC15M-26APR280030-30,7a63bedc-5459-6aa5-8a5f-ad61f34c5b56,1777349718,0.41,3.0,no,"{""count_fp"":""3.00"",""created_time"":""2026-04-28T04:15:18.151512Z"",""no_price_dollars"":""0.5900"",""taker_side"":""no"",""ticker"":""KXBTC15M-26APR280030-30"",""trade_id"":""7a63bedc-5459-6aa5-8a5f-ad61f34c5b56"",""yes_price_dollars"":""0.4100""}"
KXBTC15M-26APR280030-30,e37fb58d-e228-5632-5755-9265b9d5eb62,1777349718,0.42,22.36,yes,"{""count_fp"":""22.36"",""created_time"":""2026-04-28T04:15:18.047686Z"",""no_price_dollars"":""0.5800"",""taker_side"":""yes"",""ticker"":""KXBTC15M-26APR280030-30"",""trade_id"":""e37fb58d-e228-5632-5755-9265b9d5eb62"",""yes_price_dollars"":""0.4200""}"
KXBTC15M-26APR280030-30,3cc20fd1-0b3c-7f4d-aac5-ed9cf6e76f0b,1777349719,0.41,24.71,no,"{""count_fp"":""24.71"",""created_time"":""2026-04-28T04:15:19.991727Z"",""no_price_dollars"":""0.5900"",""taker_side"":""no"",""ticker"":""KXBTC15M-26APR280030-30"",""trade_id"":""3cc20fd1-0b3c-7f4d-aac5-ed9cf6e76f0b"",""yes_price_dollars"":""0.4100""}"
KXBTC15M-26APR280030-30,664c29f8-72f3-6c6d-bdb3-5723338520ae,1777349719,0.42,0.89,yes,"{""count_fp"":""0.89"",""created_time"":""2026-04-28T04:15:19.466505Z"",""no_price_dollars"":""0.5800"",""taker_side"":""yes"",""ticker"":""KXBTC15M-26APR280030-30"",""trade_id"":""664c29f8-72f3-6c6d-bdb3-5723338520ae"",""yes_price_dollars"":""0.4200""}"
KXBTC15M-26APR280030-30,71a0026d-f0c3-604e-15ab-ed1c7ed37936,1777349719,0.43,6.7,yes,"{""count_fp"":""6.70"",""created_time"":""2026-04-28T04:15:19.408184Z"",""no_price_dollars"":""0.5700"",""taker_side"":""yes"",""ticker"":""KXBTC15M-26APR280030-30"",""trade_id"":""71a0026d-f0c3-604e-15ab-ed1c7ed37936"",""yes_price_dollars"":""0.4300""}"
KXBTC15M-26APR280030-30,fa5153a0-6de1-5f1e-248d-0331fa9eaa47,1777349719,0.42,32.0,yes,"{""count_fp"":""32.00"",""created_time"":""2026-04-28T04:15:19.369449Z"",""no_price_dollars"":""0.5800"",""taker_side"":""yes"",""ticker"":""KXBTC15M-26APR280030-30"",""trade_id"":""fa5153a0-6de1-5f1e-248d-0331fa9eaa47"",""yes_price_dollars"":""0.4200""}"
KXBTC15M-26APR280030-30,22bda7bb-70eb-5446-09cd-c58e75636d56,1777349719,0.43,2.32,yes,"{""count_fp"":""2.32"",""created_time"":""2026-04-28T04:15:19.369449Z"",""no_price_dollars"":""0.5700"",""taker_side"":""yes"",""ticker"":""KXBTC15M-26APR280030-30"",""trade_id"":""22bda7bb-70eb-5446-09cd-c58e75636d56"",""yes_price_dollars"":""0.4300""}"
KXBTC15M-26APR280030-30,cc215921-2b89-7042-cc47-0b672d6abe27,1777349719,0.42,8.0,yes,"{""count_fp"":""8.00"",""created_time"":""2026-04-28T04:15:19.274617Z"",""no_price_dollars"":""0.5800"",""taker_side"":""yes"",""ticker"":""KXBTC15M-26APR280030-30"",""trade_id"":""cc215921-2b89-7042-cc47-0b672d6abe27"",""yes_price_dollars"":""0.4200""}"
KXBTC15M-26APR280030-30,b6200111-dfc0-4cc9-57ab-1fd3f5e42c17,1777349719,0.41,163.11,no,"{""count_fp"":""163.11"",""created_time"":""2026-04-28T04:15:19.198232Z"",""no_price_dollars"":""0.5900"",""taker_side"":""no"",""ticker"":""KXBTC15M-26APR280030-30"",""trade_id"":""b6200111-dfc0-4cc9-57ab-1fd3f5e42c17"",""yes_price_dollars"":""0.4100""}"
KXBTC15M-26APR280030-30,99a90085-7c4d-67f6-a2da-38073bff27fb,1777349720,0.41,10.0,no,"{""count_fp"":""10.00"",""created_time"":""2026-04-28T04:15:20.994298Z"",""no_price_dollars"":""0.5900"",""taker_side"":""no"",""ticker"":""KXBTC15M-26APR280030-30"",""trade_id"":""99a90085-7c4d-67f6-a2da-38073bff27fb"",""yes_price_dollars"":""0.4100""}"
KXBTC15M-26APR280030-30,25d975f6-2d77-5125-d7be-0db453b31646,1777349720,0.42,6.0,yes,"{""count_fp"":""6.00"",""created_time"":""2026-04-28T04:15:20.949196Z"",""no_price_dollars"":""0.5800"",""taker_side"":""yes"",""ticker"":""KXBTC15M-26APR280030-30"",""trade_id"":""25d975f6-2d77-5125-d7be-0db453b31646"",""yes_price_dollars"":""0.4200""}"
KXBTC15M-26APR280030-30,c93f1a08-a195-5a8a-8d8b-bbd10f2ec433,1777349720,0.41,16.47,no,"{""count_fp"":""16.47"",""created_time"":""2026-04-28T04:15:20.836796Z"",""no_price_dollars"":""0.5900"",""taker_side"":""no"",""ticker"":""KXBTC15M-26APR280030-30"",""trade_id"":""c93f1a08-a195-5a8a-8d8b-bbd10f2ec433"",""yes_price_dollars"":""0.4100""}"
KXBTC15M-26APR280030-30,ea9a1fc2-248a-5889-d04f-ee766a2ab6f3,1777349720,0.41,40.0,no,"{""count_fp"":""40.00"",""created_time"":""2026-04-28T04:15:20.762935Z"",""no_price_dollars"":""0.5900"",""taker_side"":""no"",""ticker"":""KXBTC15M-26APR280030-30"",""trade_id"":""ea9a1fc2-248a-5889-d04f-ee766a2ab6f3"",""yes_price_dollars"":""0.4100""}"
KXBTC15M-26APR280030-30,e19cd6ae-2ca0-5484-ff3c-d2d046443adf,1777349720,0.41,120.0,no,"{""count_fp"":""120.00"",""created_time"":""2026-04-28T04:15:20.762935Z"",""no_price_dollars"":""0.5900"",""taker_side"":""no"",""ticker"":""KXBTC15M-26APR280030-30"",""trade_id"":""e19cd6ae-2ca0-5484-ff3c-d2d046443adf"",""yes_price_dollars"":""0.4100""}"
KXBTC15M-26APR280030-30,892c7124-40c3-597b-ed21-660e87244309,1777349720,0.41,1.0,no,"{""count_fp"":""1.00"",""created_time"":""2026-04-28T04:15:20.762935Z"",""no_price_dollars"":""0.5900"",""taker_side"":""no"",""ticker"":""KXBTC15M-26APR280030-30"",""trade_id"":""892c7124-40c3-597b-ed21-660e87244309"",""yes_price_dollars"":""0.4100""}"
KXBTC15M-26APR280030-30,7e9e6401-01fc-5dae-e388-21dac7930f0a,1777349720,0.41,5.88,no,"{""count_fp"":""5.88"",""created_time"":""2026-04-28T04:15:20.762935Z"",""no_price_dollars"":""0.5900"",""taker_side"":""no"",""ticker"":""KXBTC15M-26APR280030-30"",""trade_id"":""7e9e6401-01fc-5dae-e388-21dac7930f0a"",""yes_price_dollars"":""0.4100""}"
KXBTC15M-26APR280030-30,3555244f-4918-50c9-c136-05fe32c6a10b,1777349720,0.41,179.23,no,"{""count_fp"":""179.23"",""created_time"":""2026-04-28T04:15:20.762935Z"",""no_price_dollars"":""0.5900"",""taker_side"":""no"",""ticker"":""KXBTC15M-26APR280030-30"",""trade_id"":""3555244f-4918-50c9-c136-05fe32c6a10b"",""yes_price_dollars"":""0.4100""}"
KXBTC15M-26APR280030-30,3387ea86-7976-514a-d01a-257100e29282,1777349720,0.41,2.0,no,"{""count_fp"":""2.00"",""created_time"":""2026-04-28T04:15:20.762935Z"",""no_price_dollars"":""0.5900"",""taker_side"":""no"",""ticker"":""KXBTC15M-26APR280030-30"",""trade_id"":""3387ea86-7976-514a-d01a-257100e29282"",""yes_price_dollars"":""0.4100""}"
KXBTC15M-26APR280030-30,22e85334-5dd2-52fb-e943-9f1d4fee301d,1777349720,0.41,14.12,no,"{""count_fp"":""14.12"",""created_time"":""2026-04-28T04:15:20.762935Z"",""no_price_dollars"":""0.5900"",""taker_side"":""no"",""ticker"":""KXBTC15M-26APR280030-30"",""trade_id"":""22e85334-5dd2-52fb-e943-9f1d4fee301d"",""yes_price_dollars"":""0.4100""}"
KXBTC15M-26APR280030-30,169dba01-7a19-5ba3-f264-92d325b81607,1777349720,0.41,3.0,no,"{""count_fp"":""3.00"",""created_time"":""2026-04-28T04:15:20.762935Z"",""no_price_dollars"":""0.5900"",""taker_side"":""no"",""ticker"":""KXBTC15M-26APR280030-30"",""trade_id"":""169dba01-7a19-5ba3-f264-92d325b81607"",""yes_price_dollars"":""0.4100""}"
KXBTC15M-26APR280030-30,143a00ce-f431-59a0-dc3f-e9252274f661,1777349720,0.41,30.0,no,"{""count_fp"":""30.00"",""created_time"":""2026-04-28T04:15:20.762935Z"",""no_price_dollars"":""0.5900"",""taker_side"":""no"",""ticker"":""KXBTC15M-26APR280030-30"",""trade_id"":""143a00ce-f431-59a0-dc3f-e9252274f661"",""yes_price_dollars"":""0.4100""}"
KXBTC15M-26APR280030-30,02a4e21f-c655-5266-e728-89ef1d99f7cf,1777349720,0.41,14.47,no,"{""count_fp"":""14.47"",""created_time"":""2026-04-28T04:15:20.762935Z"",""no_price_dollars"":""0.5900"",""taker_side"":""no"",""ticker"":""KXBTC15M-26APR280030-30"",""trade_id"":""02a4e21f-c655-5266-e728-89ef1d99f7cf"",""yes_price_dollars"":""0.4100""}"
KXBTC15M-26APR280030-30,1777243e-641b-4169-dd70-d9888c0ffebe,1777349720,0.42,11.0,yes,"{""count_fp"":""11.00"",""created_time"":""2026-04-28T04:15:20.707952Z"",""no_price_dollars"":""0.5800"",""taker_side"":""yes"",""ticker"":""KXBTC15M-26APR280030-30"",""trade_id"":""1777243e-641b-4169-dd70-d9888c0ffebe"",""yes_price_dollars"":""0.4200""}"
KXBTC15M-26APR280030-30,ff1b4786-d0eb-7e35-c088-15dfe0af803e,1777349720,0.42,17.88,yes,"{""count_fp"":""17.88"",""created_time"":""2026-04-28T04:15:20.674178Z"",""no_price_dollars"":""0.5800"",""taker_side"":""yes"",""ticker"":""KXBTC15M-26APR280030-30"",""trade_id"":""ff1b4786-d0eb-7e35-c088-15dfe0af803e"",""yes_price_dollars"":""0.4200""}"
KXBTC15M-26APR280030-30,fa551ed4-7340-4149-64a6-e47919f81d9b,1777349720,0.41,24.71,no,"{""count_fp"":""24.71"",""created_time"":""2026-04-28T04:15:20.661583Z"",""no_price_dollars"":""0.5900"",""taker_side"":""no"",""ticker"":""KXBTC15M-26APR280030-30"",""trade_id"":""fa551ed4-7340-4149-64a6-e47919f81d9b"",""yes_price_dollars"":""0.4100""}"
KXBTC15M-26APR280030-30,054364bc-042f-628d-130e-d50887d8e0c6,1777349720,0.42,32.04,yes,"{""count_fp"":""32.04"",""created_time"":""2026-04-28T04:15:20.453611Z"",""no_price_dollars"":""0.5800"",""taker_side"":""yes"",""ticker"":""KXBTC15M-26APR280030-30"",""trade_id"":""054364bc-042f-628d-130e-d50887d8e0c6"",""yes_price_dollars"":""0.4200""}"
KXBTC15M-26APR280030-30,d405f57c-42a0-5c19-fafd-58909854a00f,1777349720,0.41,1.0,no,"{""count_fp"":""1.00"",""created_time"":""2026-04-28T04:15:20.418359Z"",""no_price_dollars"":""0.5900"",""taker_side"":""no"",""ticker"":""KXBTC15M-26APR280030-30"",""trade_id"":""d405f57c-42a0-5c19-fafd-58909854a00f"",""yes_price_dollars"":""0.4100""}"
KXBTC15M-26APR280030-30,ae379589-e043-5529-f5b2-193b1a3f5e26,1777349720,0.42,29.0,yes,"{""count_fp"":""29.00"",""created_time"":""2026-04-28T04:15:20.407418Z"",""no_price_dollars"":""0.5800"",""taker_side"":""yes"",""ticker"":""KXBTC15M-26APR280030-30"",""trade_id"":""ae379589-e043-5529-f5b2-193b1a3f5e26"",""yes_price_dollars"":""0.4200""}"
KXBTC15M-26APR280030-30,1b028a78-1028-7c3d-2671-7fa9116a9a57,1777349720,0.41,37.89,no,"{""count_fp"":""37.89"",""created_time"":""2026-04-28T04:15:20.209428Z"",""no_price_dollars"":""0.5900"",""taker_side"":""no"",""ticker"":""KXBTC15M-26APR280030-30"",""trade_id"":""1b028a78-1028-7c3d-2671-7fa9116a9a57"",""yes_price_dollars"":""0.4100""}"
KXBTC15M-26APR280030-30,14118695-19d7-4b79-1088-a6acba5de95a,1777349720,0.42,1.0,yes,"{""count_fp"":""1.00"",""created_time"":""2026-04-28T04:15:20.156712Z"",""no_price_dollars"":""0.5800"",""taker_side"":""yes"",""ticker"":""KXBTC15M-26APR280030-30"",""trade_id"":""14118695-19d7-4b79-1088-a6acba5de95a"",""yes_price_dollars"":""0.4200""}"
KXBTC15M-26APR280030-30,eb0399ac-d7e3-4084-98b1-804a617aa77c,1777349721,0.44,2.0,yes,"{""count_fp"":""2.00"",""created_time"":""2026-04-28T04:15:21.944549Z"",""no_price_dollars"":""0.5600"",""taker_side"":""yes"",""ticker"":""KXBTC15M-26APR280030-30"",""trade_id"":""eb0399ac-d7e3-4084-98b1-804a617aa77c"",""yes_price_dollars"":""0.4400""}"
KXBTC15M-26APR280030-30,35e421ad-e5f7-4af9-a5fa-61a7a1a779af,1777349721,0.44,18.97,yes,"{""count_fp"":""18.97"",""created_time"":""2026-04-28T04:15:21.944549Z"",""no_price_dollars"":""0.5600"",""taker_side"":""yes"",""ticker"":""KXBTC15M-26APR280030-30"",""trade_id"":""35e421ad-e5f7-4af9-a5fa-61a7a1a779af"",""yes_price_dollars"":""0.4400""}"
KXBTC15M-26APR280030-30,f4579b93-6cdc-4e3e-a672-def3aba9d3a7,1777349721,0.43,209.83,no,"{""count_fp"":""209.83"",""created_time"":""2026-04-28T04:15:21.884269Z"",""no_price_dollars"":""0.5700"",""taker_side"":""no"",""ticker"":""KXBTC15M-26APR280030-30"",""trade_id"":""f4579b93-6cdc-4e3e-a672-def3aba9d3a7"",""yes_price_dollars"":""0.4300""}"
KXBTC15M-26APR280030-30,d544c65d-54b3-476d-9ab0-eb879b17b02c,1777349721,0.43,3.0,no,"{""count_fp"":""3.00"",""created_time"":""2026-04-28T04:15:21.884269Z"",""no_price_dollars"":""0.5700"",""taker_side"":""no"",""ticker"":""KXBTC15M-26APR280030-30"",""trade_id"":""d544c65d-54b3-476d-9ab0-eb879b17b02c"",""yes_price_dollars"":""0.4300""}"
KXBTC15M-26APR280030-30,a0aa47f1-925b-48ca-9f7b-1cb916e8e78c,1777349721,0.43,67.17,no,"{""count_fp"":""67.17"",""created_time"":""2026-04-28T04:15:21.884269Z"",""no_price_dollars"":""0.5700"",""taker_side"":""no"",""ticker"":""KXBTC15M-26APR280030-30"",""trade_id"":""a0aa47f1-925b-48ca-9f7b-1cb916e8e78c"",""yes_price_dollars"":""0.4300""}"
KXBTC15M-26APR280030-30,8af7e4e9-e379-48e0-a467-c9a306ba1aaf,1777349721,0.43,1100.0,no,"{""count_fp"":""1100.00"",""created_time"":""2026-04-28T04:15:21.884269Z"",""no_price_dollars"":""0.5700"",""taker_side"":""no"",""ticker"":""KXBTC15M-26APR280030-30"",""trade_id"":""8af7e4e9-e379-48e0-a467-c9a306ba1aaf"",""yes_price_dollars"":""0.4300""}"
KXBTC15M-26APR280030-30,593ec12e-c34c-45b9-ae2f-982c52565ada,1777349721,0.43,120.0,no,"{""count_fp"":""120.00"",""created_time"":""2026-04-28T04:15:21.884269Z"",""no_price_dollars"":""0.5700"",""taker_side"":""no"",""ticker"":""KXBTC15M-26APR280030-30"",""trade_id"":""593ec12e-c34c-45b9-ae2f-982c52565ada"",""yes_price_dollars"":""0.4300""}"
KXBTC15M-26APR280030-30,23dce3d5-ed37-485c-9262-bfa92baac2ec,1777349721,0.43,500.0,no,"{""count_fp"":""500.00"",""created_time"":""2026-04-28T04:15:21.884269Z"",""no_price_dollars"":""0.5700"",""taker_side"":""no"",""ticker"":""KXBTC15M-26APR280030-30"",""trade_id"":""23dce3d5-ed37-485c-9262-bfa92baac2ec"",""yes_price_dollars"":""0.4300""}"
KXBTC15M-26APR280030-30,6c1a3939-c5f4-500b-4c00-7333e094444e,1777349721,0.43,3.0,no,"{""count_fp"":""3.00"",""created_time"":""2026-04-28T04:15:21.773184Z"",""no_price_dollars"":""0.5700"",""taker_side"":""no"",""ticker"":""KXBTC15M-26APR280030-30"",""trade_id"":""6c1a3939-c5f4-500b-4c00-7333e094444e"",""yes_price_dollars"":""0.4300""}"
KXBTC15M-26APR280030-30,2a6e456d-911e-56ae-5443-6c0efd518d5e,1777349721,0.43,35.0,no,"{""count_fp"":""35.00"",""created_time"":""2026-04-28T04:15:21.773184Z"",""no_price_dollars"":""0.5700"",""taker_side"":""no"",""ticker"":""KXBTC15M-26APR280030-30"",""trade_id"":""2a6e456d-911e-56ae-5443-6c0efd518d5e"",""yes_price_dollars"":""0.4300""}"
KXBTC15M-26APR280030-30,1d3bcc56-618f-513a-58cd-a438819772fc,1777349721,0.43,4.83,no,"{""count_fp"":""4.83"",""created_time"":""2026-04-28T04:15:21.773184Z"",""no_price_dollars"":""0.5700"",""taker_side"":""no"",""ticker"":""KXBTC15M-26APR280030-30"",""trade_id"":""1d3bcc56-618f-513a-58cd-a438819772fc"",""yes_price_dollars"":""0.4300""}"
KXBTC15M-26APR280030-30,8213d655-81d2-58da-8e00-42619780a05e,1777349721,0.43,5.0,no,"{""count_fp"":""5.00"",""created_time"":""2026-04-28T04:15:21.575116Z"",""no_price_dollars"":""0.5700"",""taker_side"":""no"",""ticker"":""KXBTC15M-26APR280030-30"",""trade_id"":""8213d655-81d2-58da-8e00-42619780a05e"",""yes_price_dollars"":""0.4300""}"
KXBTC15M-26APR280030-30,a9d9eec7-ae4f-73b2-a5c1-08974a19c03a,1777349721,0.43,244.12,yes,"{""count_fp"":""244.12"",""created_time"":""2026-04-28T04:15:21.402926Z"",""no_price_dollars"":""0.5700"",""taker_side"":""yes"",""ticker"":""KXBTC15M-26APR280030-30"",""trade_id"":""a9d9eec7-ae4f-73b2-a5c1-08974a19c03a"",""yes_price_dollars"":""0.4300""}"
KXBTC15M-26APR280030-30,5cd52fef-f17e-7e6c-b80f-da68b77d3a62,1777349721,0.43,1.0,yes,"{""count_fp"":""1.00"",""created_time"":""2026-04-28T04:15:21.402926Z"",""no_price_dollars"":""0.5700"",""taker_side"":""yes"",""ticker"":""KXBTC15M-26APR280030-30"",""trade_id"":""5cd52fef-f17e-7e6c-b80f-da68b77d3a62"",""yes_price_dollars"":""0.4300""}"
KXBTC15M-26APR280030-30,0c032023-92cb-5dce-168a-4a85b755fc7a,1777349721,0.43,45.4,yes,"{""count_fp"":""45.40"",""created_time"":""2026-04-28T04:15:21.402831Z"",""no_price_dollars"":""0.5700"",""taker_side"":""yes"",""ticker"":""KXBTC15M-26APR280030-30"",""trade_id"":""0c032023-92cb-5dce-168a-4a85b755fc7a"",""yes_price_dollars"":""0.4300""}"
KXBTC15M-26APR280030-30,0c0adf74-d2df-468e-e70d-9c5b48ffb8c0,1777349721,0.42,0.21,yes,"{""count_fp"":""0.21"",""created_time"":""2026-04-28T04:15:21.389041Z"",""no_price_dollars"":""0.5800"",""taker_side"":""yes"",""ticker"":""KXBTC15M-26APR280030-30"",""trade_id"":""0c0adf74-d2df-468e-e70d-9c5b48ffb8c0"",""yes_price_dollars"":""0.4200""}"
KXBTC15M-26APR280030-30,b24b5d38-644f-43a2-d235-1c6b67c2f054,1777349721,0.42,119.79,yes,"{""count_fp"":""119.79"",""created_time"":""2026-04-28T04:15:21.386044Z"",""no_price_dollars"":""0.5800"",""taker_side"":""yes"",""ticker"":""KXBTC15M-26APR280030-30"",""trade_id"":""b24b5d38-644f-43a2-d235-1c6b67c2f054"",""yes_price_dollars"":""0.4200""}"
KXBTC15M-26APR280030-30,789c4d58-82f7-43e1-e680-9bf609b65fc2,1777349721,0.42,366.21,yes,"{""count_fp"":""366.21"",""created_time"":""2026-04-28T04:15:21.386044Z"",""no_price_dollars"":""0.5800"",""taker_side"":""yes"",""ticker"":""KXBTC15M-26APR280030-30"",""trade_id"":""789c4d58-82f7-43e1-e680-9bf609b65fc2"",""yes_price_dollars"":""0.4200""}"
KXBTC15M-26APR280030-30,65934eb3-d067-758d-1578-f807aa0cb4ce,1777349721,0.42,80.08,yes,"{""count_fp"":""80.08"",""created_time"":""2026-04-28T04:15:21.167048Z"",""no_price_dollars"":""0.5800"",""taker_side"":""yes"",""ticker"":""KXBTC15M-26APR280030-30"",""trade_id"":""65934eb3-d067-758d-1578-f807aa0cb4ce"",""yes_price_dollars"":""0.4200""}"
KXBTC15M-26APR280030-30,81664059-9834-6ac2-6991-4ed2a63d4a03,1777349722,0.43,411.9,no,"{""count_fp"":""411.90"",""created_time"":""2026-04-28T04:15:22.786742Z"",""no_price_dollars"":""0.5700"",""taker_side"":""no"",""ticker"":""KXBTC15M-26APR280030-30"",""trade_id"":""81664059-9834-6ac2-6991-4ed2a63d4a03"",""yes_price_dollars"":""0.4300""}"
KXBTC15M-26APR280030-30,edf21dcb-5f94-4a69-9b2a-f717556fd883,1777349723,0.43,12.95,no,"{""count_fp"":""12.95"",""created_time"":""2026-04-28T04:15:23.571278Z"",""no_price_dollars"":""0.5700"",""taker_side"":""no"",""ticker"":""KXBTC15M-26APR280030-30"",""trade_id"":""edf21dcb-5f94-4a69-9b2a-f717556fd883"",""yes_price_dollars"":""0.4300""}"
KXBTC15M-26APR280030-30,d96c6f1d-f71a-4832-9519-bc6c5e297a20,1777349723,0.43,20.0,no,"{""count_fp"":""20.00"",""created_time"":""2026-04-28T04:15:23.571278Z"",""no_price_dollars"":""0.5700"",""taker_side"":""no"",""ticker"":""KXBTC15M-26APR280030-30"",""trade_id"":""d96c6f1d-f71a-4832-9519-bc6c5e297a20"",""yes_price_dollars"":""0.4300""}"
KXBTC15M-26APR280030-30,1d2c4e59-6d94-7e6e-2037-54a5332c75a3,1777349723,0.43,7.66,no,"{""count_fp"":""7.66"",""created_time"":""2026-04-28T04:15:23.423495Z"",""no_price_dollars"":""0.5700"",""taker_side"":""no"",""ticker"":""KXBTC15M-26APR280030-30"",""trade_id"":""1d2c4e59-6d94-7e6e-2037-54a5332c75a3"",""yes_price_dollars"":""0.4300""}"
KXBTC15M-26APR280030-30,3911798e-ed77-5001-5105-8ae207aad967,1777349723,0.44,12.87,yes,"{""count_fp"":""12.87"",""created_time"":""2026-04-28T04:15:23.366869Z"",""no_price_dollars"":""0.5600"",""taker_side"":""yes"",""ticker"":""KXBTC15M-26APR280030-30"",""trade_id"":""3911798e-ed77-5001-5105-8ae207aad967"",""yes_price_dollars"":""0.4400""}"
KXBTC15M-26APR280030-30,f2d2f25c-3ed0-573a-9db2-498d07320feb,1777349723,0.43,25.02,no,"{""count_fp"":""25.02"",""created_time"":""2026-04-28T04:15:23.333097Z"",""no_price_dollars"":""0.5700"",""taker_side"":""no"",""ticker"":""KXBTC15M-26APR280030-30"",""trade_id"":""f2d2f25c-3ed0-573a-9db2-498d07320feb"",""yes_price_dollars"":""0.4300""}"
KXBTC15M-26APR280030-30,2ab7e07f-8304-6a9a-aeef-45b69603c613,1777349723,0.43,82.38,no,"{""count_fp"":""82.38"",""created_time"":""2026-04-28T04:15:23.312454Z"",""no_price_dollars"":""0.5700"",""taker_side"":""no"",""ticker"":""KXBTC15M-26APR280030-30"",""trade_id"":""2ab7e07f-8304-6a9a-aeef-45b69603c613"",""yes_price_dollars"":""0.4300""}"
KXBTC15M-26APR280030-30,d959c632-62c3-72ed-e98d-2cc29767b53b,1777349723,0.44,16.0,yes,"{""count_fp"":""16.00"",""created_time"":""2026-04-28T04:15:23.277938Z"",""no_price_dollars"":""0.5600"",""taker_side"":""yes"",""ticker"":""KXBTC15M-26APR280030-30"",""trade_id"":""d959c632-62c3-72ed-e98d-2cc29767b53b"",""yes_price_dollars"":""0.4400""}"
KXBTC15M-26APR280030-30,053f16b8-03e3-7e0d-7f25-c16301a962eb,1777349723,0.44,38.0,yes,"{""count_fp"":""38.00"",""created_time"":""2026-04-28T04:15:23.082559Z"",""no_price_dollars"":""0.5600"",""taker_side"":""yes"",""ticker"":""KXBTC15M-26APR280030-30"",""trade_id"":""053f16b8-03e3-7e0d-7f25-c16301a962eb"",""yes_price_dollars"":""0.4400""}"
KXBTC15M-26APR280030-30,5b4cce78-f42f-5011-8e46-0257fd9a885f,1777349724,0.44,5.0,yes,"{""count_fp"":""5.00"",""created_time"":""2026-04-28T04:15:24.918499Z"",""no_price_dollars"":""0.5600"",""taker_side"":""yes"",""ticker"":""KXBTC15M-26APR280030-30"",""trade_id"":""5b4cce78-f42f-5011-8e46-0257fd9a885f"",""yes_price_dollars"":""0.4400""}"
KXBTC15M-26APR280030-30,37cf72c3-b9c3-4d7d-ae6f-ea62e7b024d7,1777349724,0.44,1.0,yes,"{""count_fp"":""1.00"",""created_time"":""2026-04-28T04:15:24.816704Z"",""no_price_dollars"":""0.5600"",""taker_side"":""yes"",""ticker"":""KXBTC15M-26APR280030-30"",""trade_id"":""37cf72c3-b9c3-4d7d-ae6f-ea62e7b024d7"",""yes_price_dollars"":""0.4400""}"
KXBTC15M-26APR280030-30,f96b0d71-7a00-5b1d-13ad-49a561f7cd41,1777349724,0.43,2.0,no,"{""count_fp"":""2.00"",""created_time"":""2026-04-28T04:15:24.300741Z"",""no_price_dollars"":""0.5700"",""taker_side"":""no"",""ticker"":""KXBTC15M-26APR280030-30"",""trade_id"":""f96b0d71-7a00-5b1d-13ad-49a561f7cd41"",""yes_price_dollars"":""0.4300""}"
KXBTC15M-26APR280030-30,b8276624-cb37-59e5-3a6e-419102cbb066,1777349724,0.43,3.0,no,"{""count_fp"":""3.00"",""created_time"":""2026-04-28T04:15:24.300741Z"",""no_price_dollars"":""0.5700"",""taker_side"":""no"",""ticker"":""KXBTC15M-26APR280030-30"",""trade_id"":""b8276624-cb37-59e5-3a6e-419102cbb066"",""yes_price_dollars"":""0.4300""}"
KXBTC15M-26APR280030-30,39a2b53d-2b15-5602-07e1-27d0c73f40af,1777349724,0.43,12.03,no,"{""count_fp"":""12.03"",""created_time"":""2026-04-28T04:15:24.300741Z"",""no_price_dollars"":""0.5700"",""taker_side"":""no"",""ticker"":""KXBTC15M-26APR280030-30"",""trade_id"":""39a2b53d-2b15-5602-07e1-27d0c73f40af"",""yes_price_dollars"":""0.4300""}"
KXBTC15M-26APR280030-30,ecafa08f-023e-4091-d66c-1fb45891dd67,1777349725,0.43,10.93,no,"{""count_fp"":""10.93"",""created_time"":""2026-04-28T04:15:25.791745Z"",""no_price_dollars"":""0.5700"",""taker_side"":""no"",""ticker"":""KXBTC15M-26APR280030-30"",""trade_id"":""ecafa08f-023e-4091-d66c-1fb45891dd67"",""yes_price_dollars"":""0.4300""}"
KXBTC15M-26APR280030-30,8dbedd1d-271d-4655-c05a-9f36fe28ae29,1777349725,0.43,500.0,no,"{""count_fp"":""500.00"",""created_time"":""2026-04-28T04:15:25.791745Z"",""no_price_dollars"":""0.5700"",""taker_side"":""no"",""ticker"":""KXBTC15M-26APR280030-30"",""trade_id"":""8dbedd1d-271d-4655-c05a-9f36fe28ae29"",""yes_price_dollars"":""0.4300""}"
KXBTC15M-26APR280030-30,b23b0d50-1d29-78d6-d8b8-a473b8ab032b,1777349725,0.43,238.43,no,"{""count_fp"":""238.43"",""created_time"":""2026-04-28T04:15:25.587062Z"",""no_price_dollars"":""0.5700"",""taker_side"":""no"",""ticker"":""KXBTC15M-26APR280030-30"",""trade_id"":""b23b0d50-1d29-78d6-d8b8-a473b8ab032b"",""yes_price_dollars"":""0.4300""}"
KXBTC15M-26APR280030-30,e390516c-9474-71b9-6509-2ae767bcc464,1777349725,0.44,3.7,yes,"{""count_fp"":""3.70"",""created_time"":""2026-04-28T04:15:25.416359Z"",""no_price_dollars"":""0.5600"",""taker_side"":""yes"",""ticker"":""KXBTC15M-26APR280030-30"",""trade_id"":""e390516c-9474-71b9-6509-2ae767bcc464"",""yes_price_dollars"":""0.4400""}"
KXBTC15M-26APR280030-30,b4c54eb0-9543-7591-5243-88538782a81b,1777349725,0.44,6.3,yes,"{""count_fp"":""6.30"",""created_time"":""2026-04-28T04:15:25.416359Z"",""no_price_dollars"":""0.5600"",""taker_side"":""yes"",""ticker"":""KXBTC15M-26APR280030-30"",""trade_id"":""b4c54eb0-9543-7591-5243-88538782a81b"",""yes_price_dollars"":""0.4400""}"
KXBTC15M-26APR280030-30,dcce37c9-ec8d-744a-fa8a-a9f3ef2124e3,1777349725,0.43,3.18,no,"{""count_fp"":""3.18"",""created_time"":""2026-04-28T04:15:25.256639Z"",""no_price_dollars"":""0.5700"",""taker_side"":""no"",""ticker"":""KXBTC15M-26APR280030-30"",""trade_id"":""dcce37c9-ec8d-744a-fa8a-a9f3ef2124e3"",""yes_price_dollars"":""0.4300""}"
KXBTC15M-26APR280030-30,e31e1260-7b01-79f6-d1be-8b5a9b8d3143,1777349725,0.43,2.55,no,"{""count_fp"":""2.55"",""created_time"":""2026-04-28T04:15:25.177095Z"",""no_price_dollars"":""0.5700"",""taker_side"":""no"",""ticker"":""KXBTC15M-26APR280030-30"",""trade_id"":""e31e1260-7b01-79f6-d1be-8b5a9b8d3143"",""yes_price_dollars"":""0.4300""}"
KXBTC15M-26APR280030-30,dbedf36e-75db-4f41-f826-9559c48f9cef,1777349725,0.44,21.86,yes,"{""count_fp"":""21.86"",""created_time"":""2026-04-28T04:15:25.027309Z"",""no_price_dollars"":""0.5600"",""taker_side"":""yes"",""ticker"":""KXBTC15M-26APR280030-30"",""trade_id"":""dbedf36e-75db-4f41-f826-9559c48f9cef"",""yes_price_dollars"":""0.4400""}"
KXBTC15M-26APR280030-30,5abce3ee-6257-6d17-3a17-ced78102dd61,1777349726,0.44,10.93,yes,"{""count_fp"":""10.93"",""created_time"":""2026-04-28T04:15:26.969253Z"",""no_price_dollars"":""0.5600"",""taker_side"":""yes"",""ticker"":""KXBTC15M-26APR280030-30"",""trade_id"":""5abce3ee-6257-6d17-3a17-ced78102dd61"",""yes_price_dollars"":""0.4400""}"
KXBTC15M-26APR280030-30,6747fd10-aabf-655f-9c04-c00f218ea769,1777349726,0.44,4.37,yes,"{""count_fp"":""4.37"",""created_time"":""2026-04-28T04:15:26.906865Z"",""no_price_dollars"":""0.5600"",""taker_side"":""yes"",""ticker"":""KXBTC15M-26APR280030-30"",""trade_id"":""6747fd10-aabf-655f-9c04-c00f218ea769"",""yes_price_dollars"":""0.4400""}"
KXBTC15M-26APR280030-30,b198703f-56cd-479a-eb16-baf502f2a4ab,1777349726,0.44,1.84,yes,"{""count_fp"":""1.84"",""created_time"":""2026-04-28T04:15:26.763275Z"",""no_price_dollars"":""0.5600"",""taker_side"":""yes"",""ticker"":""KXBTC15M-26APR280030-30"",""trade_id"":""b198703f-56cd-479a-eb16-baf502f2a4ab"",""yes_price_dollars"":""0.4400""}"
KXBTC15M-26APR280030-30,57181695-0147-4f6b-cc8e-5a89af0706a5,1777349726,0.44,2.53,yes,"{""count_fp"":""2.53"",""created_time"":""2026-04-28T04:15:26.763275Z"",""no_price_dollars"":""0.5600"",""taker_side"":""yes"",""ticker"":""KXBTC15M-26APR280030-30"",""trade_id"":""57181695-0147-4f6b-cc8e-5a89af0706a5"",""yes_price_dollars"":""0.4400""}"
KXBTC15M-26APR280030-30,e381dd13-9f65-5d96-2434-46ff9fb5d637,1777349726,0.44,5.59,yes,"{""count_fp"":""5.59"",""created_time"":""2026-04-28T04:15:26.687725Z"",""no_price_dollars"":""0.5600"",""taker_side"":""yes"",""ticker"":""KXBTC15M-26APR280030-30"",""trade_id"":""e381dd13-9f65-5d96-2434-46ff9fb5d637"",""yes_price_dollars"":""0.4400""}"
KXBTC15M-26APR280030-30,0202992e-e354-55de-1247-66977d6984ee,1777349726,0.44,27.21,yes,"{""count_fp"":""27.21"",""created_time"":""2026-04-28T04:15:26.687725Z"",""no_price_dollars"":""0.5600"",""taker_side"":""yes"",""ticker"":""KXBTC15M-26APR280030-30"",""trade_id"":""0202992e-e354-55de-1247-66977d6984ee"",""yes_price_dollars"":""0.4400""}"
KXBTC15M-26APR280030-30,feef1e69-51c8-6b52-5f86-859058aa8d1a,1777349726,0.44,4.37,yes,"{""count_fp"":""4.37"",""created_time"":""2026-04-28T04:15:26.303397Z"",""no_price_dollars"":""0.5600"",""taker_side"":""yes"",""ticker"":""KXBTC15M-26APR280030-30"",""trade_id"":""feef1e69-51c8-6b52-5f86-859058aa8d1a"",""yes_price_dollars"":""0.4400""}"
KXBTC15M-26APR280030-30,fb94ff6e-2460-4c09-8082-c3f9d52a285d,1777349726,0.43,1.0,no,"{""count_fp"":""1.00"",""created_time"":""2026-04-28T04:15:26.216253Z"",""no_price_dollars"":""0.5700"",""taker_side"":""no"",""ticker"":""KXBTC15M-26APR280030-30"",""trade_id"":""fb94ff6e-2460-4c09-8082-c3f9d52a285d"",""yes_price_dollars"":""0.4300""}"
KXBTC15M-26APR280030-30,f43cdaf5-acd2-44ab-966a-b0c794bb4a6a,1777349726,0.43,2.0,no,"{""count_fp"":""2.00"",""created_time"":""2026-04-28T04:15:26.216253Z"",""no_price_dollars"":""0.5700"",""taker_side"":""no"",""ticker"":""KXBTC15M-26APR280030-30"",""trade_id"":""f43cdaf5-acd2-44ab-966a-b0c794bb4a6a"",""yes_price_dollars"":""0.4300""}"
KXBTC15M-26APR280030-30,ba7ef2a6-8cf8-46cc-90f6-77c5342110f7,1777349726,0.43,1.28,no,"{""count_fp"":""1.28"",""created_time"":""2026-04-28T04:15:26.216253Z"",""no_price_dollars"":""0.5700"",""taker_side"":""no"",""ticker"":""KXBTC15M-26APR280030-30"",""trade_id"":""ba7ef2a6-8cf8-46cc-90f6-77c5342110f7"",""yes_price_dollars"":""0.4300""}"
KXBTC15M-26APR280030-30,6d78418b-4a57-4e20-83be-a1d070889a16,1777349726,0.43,3.0,no,"{""count_fp"":""3.00"",""created_time"":""2026-04-28T04:15:26.216253Z"",""no_price_dollars"":""0.5700"",""taker_side"":""no"",""ticker"":""KXBTC15M-26APR280030-30"",""trade_id"":""6d78418b-4a57-4e20-83be-a1d070889a16"",""yes_price_dollars"":""0.4300""}"
KXBTC15M-26APR280030-30,3af29737-25ca-4171-b04d-c8bbefcd432b,1777349726,0.43,25.07,no,"{""count_fp"":""25.07"",""created_time"":""2026-04-28T04:15:26.216253Z"",""no_price_dollars"":""0.5700"",""taker_side"":""no"",""ticker"":""KXBTC15M-26APR280030-30"",""trade_id"":""3af29737-25ca-4171-b04d-c8bbefcd432b"",""yes_price_dollars"":""0.4300""}"
KXBTC15M-26APR280030-30,94f559a5-12fb-49d9-58a1-2b946b4368d1,1777349726,0.44,5.14,yes,"{""count_fp"":""5.14"",""created_time"":""2026-04-28T04:15:26.153291Z"",""no_price_dollars"":""0.5600"",""taker_side"":""yes"",""ticker"":""KXBTC15M-26APR280030-30"",""trade_id"":""94f559a5-12fb-49d9-58a1-2b946b4368d1"",""yes_price_dollars"":""0.4400""}"
KXBTC15M-26APR280030-30,5d565210-a324-4ab2-7137-f4e2540b5c76,1777349726,0.44,1.42,yes,"{""count_fp"":""1.42"",""created_time"":""2026-04-28T04:15:26.153291Z"",""no_price_dollars"":""0.5600"",""taker_side"":""yes"",""ticker"":""KXBTC15M-26APR280030-30"",""trade_id"":""5d565210-a324-4ab2-7137-f4e2540b5c76"",""yes_price_dollars"":""0.4400""}"
KXBTC15M-26APR280030-30,d9193319-834b-5521-eaf4-0864c3f14ac1,1777349726,0.44,7.43,yes,"{""count_fp"":""7.43"",""created_time"":""2026-04-28T04:15:26.080544Z"",""no_price_dollars"":""0.5600"",""taker_side"":""yes"",""ticker"":""KXBTC15M-26APR280030-30"",""trade_id"":""d9193319-834b-5521-eaf4-0864c3f14ac1"",""yes_price_dollars"":""0.4400""}"
KXBTC15M-26APR280030-30,0a8ac1df-5304-5791-f308-c074d3a77d10,1777349726,0.44,36.3,yes,"{""count_fp"":""36.30"",""created_time"":""2026-04-28T04:15:26.080544Z"",""no_price_dollars"":""0.5600"",""taker_side"":""yes"",""ticker"":""KXBTC15M-26APR280030-30"",""trade_id"":""0a8ac1df-5304-5791-f308-c074d3a77d10"",""yes_price_dollars"":""0.4400""}"
KXBTC15M-26APR280030-30,e37648f3-9dab-667b-dc81-07c5f64989a1,1777349727,0.44,43.73,yes,"{""count_fp"":""43.73"",""created_time"":""2026-04-28T04:15:27.966163Z"",""no_price_dollars"":""0.5600"",""taker_side"":""yes"",""ticker"":""KXBTC15M-26APR280030-30"",""trade_id"":""e37648f3-9dab-667b-dc81-07c5f64989a1"",""yes_price_dollars"":""0.4400""}"
KXBTC15M-26APR280030-30,f17bece7-6999-7c59-5d04-4498d4f52ffd,1777349727,0.43,57.9,no,"{""count_fp"":""57.90"",""created_time"":""2026-04-28T04:15:27.800217Z"",""no_price_dollars"":""0.5700"",""taker_side"":""no"",""ticker"":""KXBTC15M-26APR280030-30"",""trade_id"":""f17bece7-6999-7c59-5d04-4498d4f52ffd"",""yes_price_dollars"":""0.4300""}"
KXBTC15M-26APR280030-30,fb5de498-5e8c-5474-e18c-19b0e600e83b,1777349727,0.43,15.32,no,"{""count_fp"":""15.32"",""created_time"":""2026-04-28T04:15:27.495903Z"",""no_price_dollars"":""0.5700"",""taker_side"":""no"",""ticker"":""KXBTC15M-26APR280030-30"",""trade_id"":""fb5de498-5e8c-5474-e18c-19b0e600e83b"",""yes_price_dollars"":""0.4300""}"
KXBTC15M-26APR280030-30,aa94506c-c6c9-5fb1-cb40-4107ef07d0a9,1777349727,0.43,69.83,no,"{""count_fp"":""69.83"",""created_time"":""2026-04-28T04:15:27.495903Z"",""no_price_dollars"":""0.5700"",""taker_side"":""no"",""ticker"":""KXBTC15M-26APR280030-30"",""trade_id"":""aa94506c-c6c9-5fb1-cb40-4107ef07d0a9"",""yes_price_dollars"":""0.4300""}"
KXBTC15M-26APR280030-30,0e5bf923-b443-60af-f489-b0ad0403957d,1777349727,0.44,2.18,yes,"{""count_fp"":""2.18"",""created_time"":""2026-04-28T04:15:27.430584Z"",""no_price_dollars"":""0.5600"",""taker_side"":""yes"",""ticker"":""KXBTC15M-26APR280030-30"",""trade_id"":""0e5bf923-b443-60af-f489-b0ad0403957d"",""yes_price_dollars"":""0.4400""}"
KXBTC15M-26APR280030-30,4a51dc87-f26f-78d7-bb1e-c0b85f11017d,1777349727,0.44,10.93,yes,"{""count_fp"":""10.93"",""created_time"":""2026-04-28T04:15:27.161013Z"",""no_price_dollars"":""0.5600"",""taker_side"":""yes"",""ticker"":""KXBTC15M-26APR280030-30"",""trade_id"":""4a51dc87-f26f-78d7-bb1e-c0b85f11017d"",""yes_price_dollars"":""0.4400""}"
KXBTC15M-26APR280030-30,d63b7f50-429e-6bbf-b207-b1eacaa16e19,1777349728,0.44,51.0,no,"{""count_fp"":""51.00"",""created_time"":""2026-04-28T04:15:28.668474Z"",""no_price_dollars"":""0.5600"",""taker_side"":""no"",""ticker"":""KXBTC15M-26APR280030-30"",""trade_id"":""d63b7f50-429e-6bbf-b207-b1eacaa16e19"",""yes_price_dollars"":""0.4400""}"
KXBTC15M-26APR280030-30,3cc1bf5a-b151-69c8-a804-c41375317641,1777349728,0.44,34.15,no,"{""count_fp"":""34.15"",""created_time"":""2026-04-28T04:15:28.668474Z"",""no_price_dollars"":""0.5600"",""taker_side"":""no"",""ticker"":""KXBTC15M-26APR280030-30"",""trade_id"":""3cc1bf5a-b151-69c8-a804-c41375317641"",""yes_price_dollars"":""0.4400""}"
KXBTC15M-26APR280030-30,60a3f50e-9ecd-51e5-17be-92b96f79d811,1777349728,0.43,15.0,no,"{""count_fp"":""15.00"",""created_time"":""2026-04-28T04:15:28.494172Z"",""no_price_dollars"":""0.5700"",""taker_side"":""no"",""ticker"":""KXBTC15M-26APR280030-30"",""trade_id"":""60a3f50e-9ecd-51e5-17be-92b96f79d811"",""yes_price_dollars"":""0.4300""}"
KXBTC15M-26APR280030-30,7b89272d-e5db-7ceb-e6b5-044b2da90d0d,1777349728,0.44,10.93,yes,"{""count_fp"":""10.93"",""created_time"":""2026-04-28T04:15:28.206164Z"",""no_price_dollars"":""0.5600"",""taker_side"":""yes"",""ticker"":""KXBTC15M-26APR280030-30"",""trade_id"":""7b89272d-e5db-7ceb-e6b5-044b2da90d0d"",""yes_price_dollars"":""0.4400""}"
KXBTC15M-26APR280030-30,a0c8b51c-e845-6a09-570e-c463cbc43cf5,1777349728,0.43,16.74,no,"{""count_fp"":""16.74"",""created_time"":""2026-04-28T04:15:28.186906Z"",""no_price_dollars"":""0.5700"",""taker_side"":""no"",""ticker"":""KXBTC15M-26APR280030-30"",""trade_id"":""a0c8b51c-e845-6a09-570e-c463cbc43cf5"",""yes_price_dollars"":""0.4300""}"
KXBTC15M-26APR280030-30,d5e51f6a-0f41-77ea-4415-50396f6a0aab,1777349729,0.44,4.0,no,"{""count_fp"":""4.00"",""created_time"":""2026-04-28T04:15:29.869426Z"",""no_price_dollars"":""0.5600"",""taker_side"":""no"",""ticker"":""KXBTC15M-26APR280030-30"",""trade_id"":""d5e51f6a-0f41-77ea-4415-50396f6a0aab"",""yes_price_dollars"":""0.4400""}"
KXBTC15M-26APR280030-30,4571b8a0-4bfd-7ba2-4452-940f88ddc82f,1777349729,0.44,17.03,no,"{""count_fp"":""17.03"",""created_time"":""2026-04-28T04:15:29.794604Z"",""no_price_dollars"":""0.5600"",""taker_side"":""no"",""ticker"":""KXBTC15M-26APR280030-30"",""trade_id"":""4571b8a0-4bfd-7ba2-4452-940f88ddc82f"",""yes_price_dollars"":""0.4400""}"
KXBTC15M-26APR280030-30,ea7be860-03e0-5682-26b9-c8a1b94e1101,1777349729,0.45,10.49,yes,"{""count_fp"":""10.49"",""created_time"":""2026-04-28T04:15:29.254308Z"",""no_price_dollars"":""0.5500"",""taker_side"":""yes"",""ticker"":""KXBTC15M-26APR280030-30"",""trade_id"":""ea7be860-03e0-5682-26b9-c8a1b94e1101"",""yes_price_dollars"":""0.4500""}"
KXBTC15M-26APR280030-30,f224d3df-9010-737e-b1bc-ca03474c6c89,1777349729,0.45,20.0,yes,"{""count_fp"":""20.00"",""created_time"":""2026-04-28T04:15:29.130525Z"",""no_price_dollars"":""0.5500"",""taker_side"":""yes"",""ticker"":""KXBTC15M-26APR280030-30"",""trade_id"":""f224d3df-9010-737e-b1bc-ca03474c6c89"",""yes_price_dollars"":""0.4500""}"
KXBTC15M-26APR280030-30,42d0bd1e-c237-4f21-ae3f-a17640c6f7be,1777349730,0.44,40.87,no,"{""count_fp"":""40.87"",""created_time"":""2026-04-28T04:15:30.924939Z"",""no_price_dollars"":""0.5600"",""taker_side"":""no"",""ticker"":""KXBTC15M-26APR280030-30"",""trade_id"":""42d0bd1e-c237-4f21-ae3f-a17640c6f7be"",""yes_price_dollars"":""0.4400""}"
KXBTC15M-26APR280030-30,2f299f9f-1f10-6d92-8c7d-9b371523118d,1777349730,0.45,1.0,yes,"{""count_fp"":""1.00"",""created_time"":""2026-04-28T04:15:30.694272Z"",""no_price_dollars"":""0.5500"",""taker_side"":""yes"",""ticker"":""KXBTC15M-26APR280030-30"",""trade_id"":""2f299f9f-1f10-6d92-8c7d-9b371523118d"",""yes_price_dollars"":""0.4500""}"
KXBTC15M-26APR280030-30,894e3156-2ff6-454b-0d8e-85989fe59537,1777349731,0.45,17.03,yes,"{""count_fp"":""17.03"",""created_time"":""2026-04-28T04:15:31.980051Z"",""no_price_dollars"":""0.5500"",""taker_side"":""yes"",""ticker"":""KXBTC15M-26APR280030-30"",""trade_id"":""894e3156-2ff6-454b-0d8e-85989fe59537"",""yes_price_dollars"":""0.4500""}"
KXBTC15M-26APR280030-30,770f0b73-5c0d-4299-344c-83206536a893,1777349731,0.45,123.7,yes,"{""count_fp"":""123.70"",""created_time"":""2026-04-28T04:15:31.980051Z"",""no_price_dollars"":""0.5500"",""taker_side"":""yes"",""ticker"":""KXBTC15M-26APR280030-30"",""trade_id"":""770f0b73-5c0d-4299-344c-83206536a893"",""yes_price_dollars"":""0.4500""}"
KXBTC15M-26APR280030-30,51761ca8-502c-4782-0813-11b8fd69904f,1777349731,0.45,300.0,yes,"{""count_fp"":""300.00"",""created_time"":""2026-04-28T04:15:31.980051Z"",""no_price_dollars"":""0.5500"",""taker_side"":""yes"",""ticker"":""KXBTC15M-26APR280030-30"",""trade_id"":""51761ca8-502c-4782-0813-11b8fd69904f"",""yes_price_dollars"":""0.4500""}"
KXBTC15M-26APR280030-30,0625b3a8-2179-4435-085d-84332bdb7e34,1777349731,0.45,7.0,yes,"{""count_fp"":""7.00"",""created_time"":""2026-04-28T04:15:31.980051Z"",""no_price_dollars"":""0.5500"",""taker_side"":""yes"",""ticker"":""KXBTC15M-26APR280030-30"",""trade_id"":""0625b3a8-2179-4435-085d-84332bdb7e34"",""yes_price_dollars"":""0.4500""}"
KXBTC15M-26APR280030-30,2dc09e9b-b26d-7bd1-1626-bc172e9ffebf,1777349731,0.45,26.3,yes,"{""count_fp"":""26.30"",""created_time"":""2026-04-28T04:15:31.969075Z"",""no_price_dollars"":""0.5500"",""taker_side"":""yes"",""ticker"":""KXBTC15M-26APR280030-30"",""trade_id"":""2dc09e9b-b26d-7bd1-1626-bc172e9ffebf"",""yes_price_dollars"":""0.4500""}"
KXBTC15M-26APR280030-30,ae79374d-939d-5080-80b5-21827631524b,1777349731,0.45,10.69,yes,"{""count_fp"":""10.69"",""created_time"":""2026-04-28T04:15:31.892588Z"",""no_price_dollars"":""0.5500"",""taker_side"":""yes"",""ticker"":""KXBTC15M-26APR280030-30"",""trade_id"":""ae79374d-939d-5080-80b5-21827631524b"",""yes_price_dollars"":""0.4500""}"
KXBTC15M-26APR280030-30,f5334ce9-c4b9-4ae0-ac62-2cbefba64a07,1777349731,0.45,22.53,yes,"{""count_fp"":""22.53"",""created_time"":""2026-04-28T04:15:31.724796Z"",""no_price_dollars"":""0.5500"",""taker_side"":""yes"",""ticker"":""KXBTC15M-26APR280030-30"",""trade_id"":""f5334ce9-c4b9-4ae0-ac62-2cbefba64a07"",""yes_price_dollars"":""0.4500""}"
KXBTC15M-26APR280030-30,c549d6d6-5d17-4227-a16a-ecb565c2c1cb,1777349731,0.45,24.54,yes,"{""count_fp"":""24.54"",""created_time"":""2026-04-28T04:15:31.724796Z"",""no_price_dollars"":""0.5500"",""taker_side"":""yes"",""ticker"":""KXBTC15M-26APR280030-30"",""trade_id"":""c549d6d6-5d17-4227-a16a-ecb565c2c1cb"",""yes_price_dollars"":""0.4500""}"
KXBTC15M-26APR280030-30,7bfeded0-408f-56fb-bc0a-678a7e7fc93f,1777349731,0.45,11.34,yes,"{""count_fp"":""11.34"",""created_time"":""2026-04-28T04:15:31.704769Z"",""no_price_dollars"":""0.5500"",""taker_side"":""yes"",""ticker"":""KXBTC15M-26APR280030-30"",""trade_id"":""7bfeded0-408f-56fb-bc0a-678a7e7fc93f"",""yes_price_dollars"":""0.4500""}"
KXBTC15M-26APR280030-30,2c22c0ab-45a7-5c67-b7f6-8b09bcf8bedb,1777349731,0.45,2.12,yes,"{""count_fp"":""2.12"",""created_time"":""2026-04-28T04:15:31.551023Z"",""no_price_dollars"":""0.5500"",""taker_side"":""yes"",""ticker"":""KXBTC15M-26APR280030-30"",""trade_id"":""2c22c0ab-45a7-5c67-b7f6-8b09bcf8bedb"",""yes_price_dollars"":""0.4500""}"
KXBTC15M-26APR280030-30,1490560d-8e34-550a-9f72-3faab9904609,1777349731,0.45,14.91,yes,"{""count_fp"":""14.91"",""created_time"":""2026-04-28T04:15:31.551023Z"",""no_price_dollars"":""0.5500"",""taker_side"":""yes"",""ticker"":""KXBTC15M-26APR280030-30"",""trade_id"":""1490560d-8e34-550a-9f72-3faab9904609"",""yes_price_dollars"":""0.4500""}"
KXBTC15M-26APR280030-30,16dbd846-8a3b-740d-9bb4-96406e42b86e,1777349731,0.44,10.0,no,"{""count_fp"":""10.00"",""created_time"":""2026-04-28T04:15:31.529241Z"",""no_price_dollars"":""0.5600"",""taker_side"":""no"",""ticker"":""KXBTC15M-26APR280030-30"",""trade_id"":""16dbd846-8a3b-740d-9bb4-96406e42b86e"",""yes_price_dollars"":""0.4400""}"
KXBTC15M-26APR280030-30,c49aa645-dccf-77b5-9c96-9d369f3e641a,1777349731,0.44,0.17,no,"{""count_fp"":""0.17"",""created_time"":""2026-04-28T04:15:31.432418Z"",""no_price_dollars"":""0.5600"",""taker_side"":""no"",""ticker"":""KXBTC15M-26APR280030-30"",""trade_id"":""c49aa645-dccf-77b5-9c96-9d369f3e641a"",""yes_price_dollars"":""0.4400""}"
KXBTC15M-26APR280030-30,6abc0d3b-6c57-6fdb-4f0e-ca4c9649bca6,1777349732,0.47,2.0,no,"{""count_fp"":""2.00"",""created_time"":""2026-04-28T04:15:32.133133Z"",""no_price_dollars"":""0.5300"",""taker_side"":""no"",""ticker"":""KXBTC15M-26APR280030-30"",""trade_id"":""6abc0d3b-6c57-6fdb-4f0e-ca4c9649bca6"",""yes_price_dollars"":""0.4700""}"
KXBTC15M-26APR280030-30,b03bc94c-8c8b-5751-170c-27ec6f51b246,1777349733,0.49,5.0,no,"{""count_fp"":""5.00"",""created_time"":""2026-04-28T04:15:33.861495Z"",""no_price_dollars"":""0.5100"",""taker_side"":""no"",""ticker"":""KXBTC15M-26APR280030-30"",""trade_id"":""b03bc94c-8c8b-5751-170c-27ec6f51b246"",""yes_price_dollars"":""0.4900""}"
KXBTC15M-26APR280030-30,0a0eda9e-b8d1-589a-0e31-e58ce880d23c,1777349733,0.49,35.0,no,"{""count_fp"":""35.00"",""created_time"":""2026-04-28T04:15:33.861495Z"",""no_price_dollars"":""0.5100"",""taker_side"":""no"",""ticker"":""KXBTC15M-26APR280030-30"",""trade_id"":""0a0eda9e-b8d1-589a-0e31-e58ce880d23c"",""yes_price_dollars"":""0.4900""}"
KXBTC15M-26APR280030-30,f401d58d-865a-614a-6260-3c66bb0b30f9,1777349733,0.48,2.0,yes,"{""count_fp"":""2.00"",""created_time"":""2026-04-28T04:15:33.590674Z"",""no_price_dollars"":""0.5200"",""taker_side"":""yes"",""ticker"":""KXBTC15M-26APR280030-30"",""trade_id"":""f401d58d-865a-614a-6260-3c66bb0b30f9"",""yes_price_dollars"":""0.4800""}"
KXBTC15M-26APR280030-30,7417f773-bb25-770f-76db-f72051fcc3c1,1777349733,0.48,2.0,yes,"{""count_fp"":""2.00"",""created_time"":""2026-04-28T04:15:33.259969Z"",""no_price_dollars"":""0.5200"",""taker_side"":""yes"",""ticker"":""KXBTC15M-26APR280030-30"",""trade_id"":""7417f773-bb25-770f-76db-f72051fcc3c1"",""yes_price_dollars"":""0.4800""}"
KXBTC15M-26APR280030-30,5782b22b-5040-79bf-55d9-2146b4721681,1777349734,0.5,1.66,yes,"{""count_fp"":""1.66"",""created_time"":""2026-04-28T04:15:34.998179Z"",""no_price_dollars"":""0.5000"",""taker_side"":""yes"",""ticker"":""KXBTC15M-26APR280030-30"",""trade_id"":""5782b22b-5040-79bf-55d9-2146b4721681"",""yes_price_dollars"":""0.5000""}"
KXBTC15M-26APR280030-30,a12dcf03-443f-7e31-0950-31e0c987ea22,1777349734,0.49,0.5,no,"{""count_fp"":""0.50"",""created_time"":""2026-04-28T04:15:34.872104Z"",""no_price_dollars"":""0.5100"",""taker_side"":""no"",""ticker"":""KXBTC15M-26APR280030-30"",""trade_id"":""a12dcf03-443f-7e31-0950-31e0c987ea22"",""yes_price_dollars"":""0.4900""}"
KXBTC15M-26APR280030-30,8f8be559-767f-5271-31ce-2f8dbf8be1d6,1777349734,0.49,8.37,no,"{""count_fp"":""8.37"",""created_time"":""2026-04-28T04:15:34.726172Z"",""no_price_dollars"":""0.5100"",""taker_side"":""no"",""ticker"":""KXBTC15M-26APR280030-30"",""trade_id"":""8f8be559-767f-5271-31ce-2f8dbf8be1d6"",""yes_price_dollars"":""0.4900""}"
KXBTC15M-26APR280030-30,d6a7128e-3043-5675-f07b-0aa8e315221e,1777349734,0.49,42.01,no,"{""count_fp"":""42.01"",""created_time"":""2026-04-28T04:15:34.590617Z"",""no_price_dollars"":""0.5100"",""taker_side"":""no"",""ticker"":""KXBTC15M-26APR280030-30"",""trade_id"":""d6a7128e-3043-5675-f07b-0aa8e315221e"",""yes_price_dollars"":""0.4900""}"
KXBTC15M-26APR280030-30,9023d593-b0c3-7e49-6835-f7733dd0aeb6,1777349734,0.49,18.26,no,"{""count_fp"":""18.26"",""created_time"":""2026-04-28T04:15:34.415756Z"",""no_price_dollars"":""0.5100"",""taker_side"":""no"",""ticker"":""KXBTC15M-26APR280030-30"",""trade_id"":""9023d593-b0c3-7e49-6835-f7733dd0aeb6"",""yes_price_dollars"":""0.4900""}"
KXBTC15M-26APR280030-30,cf41879a-66ab-50f5-c1d6-981492cfbdae,1777349734,0.49,275.83,no,"{""count_fp"":""275.83"",""created_time"":""2026-04-28T04:15:34.039817Z"",""no_price_dollars"":""0.5100"",""taker_side"":""no"",""ticker"":""KXBTC15M-26APR280030-30"",""trade_id"":""cf41879a-66ab-50f5-c1d6-981492cfbdae"",""yes_price_dollars"":""0.4900""}"
KXBTC15M-26APR280030-30,9482ed3f-c8bd-7ba8-aab4-e3df782afe3c,1777349735,0.5,39.53,yes,"{""count_fp"":""39.53"",""created_time"":""2026-04-28T04:15:35.887997Z"",""no_price_dollars"":""0.5000"",""taker_side"":""yes"",""ticker"":""KXBTC15M-26APR280030-30"",""trade_id"":""9482ed3f-c8bd-7ba8-aab4-e3df782afe3c"",""yes_price_dollars"":""0.5000""}"
KXBTC15M-26APR280030-30,520871c8-5825-7134-b930-7af2ea05d761,1777349735,0.5,8.77,yes,"{""count_fp"":""8.77"",""created_time"":""2026-04-28T04:15:35.887997Z"",""no_price_dollars"":""0.5000"",""taker_side"":""yes"",""ticker"":""KXBTC15M-26APR280030-30"",""trade_id"":""520871c8-5825-7134-b930-7af2ea05d761"",""yes_price_dollars"":""0.5000""}"
KXBTC15M-26APR280030-30,ee9cb913-2a09-4408-14e0-b9a793f06959,1777349735,0.5,1.23,yes,"{""count_fp"":""1.23"",""created_time"":""2026-04-28T04:15:35.792948Z"",""no_price_dollars"":""0.5000"",""taker_side"":""yes"",""ticker"":""KXBTC15M-26APR280030-30"",""trade_id"":""ee9cb913-2a09-4408-14e0-b9a793f06959"",""yes_price_dollars"":""0.5000""}"
KXBTC15M-26APR280030-30,205cc2ae-235a-4f3e-2eef-fe32069233a4,1777349735,0.5,0.77,yes,"{""count_fp"":""0.77"",""created_time"":""2026-04-28T04:15:35.792948Z"",""no_price_dollars"":""0.5000"",""taker_side"":""yes"",""ticker"":""KXBTC15M-26APR280030-30"",""trade_id"":""205cc2ae-235a-4f3e-2eef-fe32069233a4"",""yes_price_dollars"":""0.5000""}"
KXBTC15M-26APR280030-30,e0302804-5d53-6d1c-6d2b-0c8369cfd64b,1777349735,0.5,1.77,yes,"{""count_fp"":""1.77"",""created_time"":""2026-04-28T04:15:35.461063Z"",""no_price_dollars"":""0.5000"",""taker_side"":""yes"",""ticker"":""KXBTC15M-26APR280030-30"",""trade_id"":""e0302804-5d53-6d1c-6d2b-0c8369cfd64b"",""yes_price_dollars"":""0.5000""}"
KXBTC15M-26APR280030-30,be816c5e-d076-669e-7d66-fec4f4eab7f8,1777349735,0.5,0.23,yes,"{""count_fp"":""0.23"",""created_time"":""2026-04-28T04:15:35.461063Z"",""no_price_dollars"":""0.5000"",""taker_side"":""yes"",""ticker"":""KXBTC15M-26APR280030-30"",""trade_id"":""be816c5e-d076-669e-7d66-fec4f4eab7f8"",""yes_price_dollars"":""0.5000""}"
KXBTC15M-26APR280030-30,f05174e6-868f-74f0-31e9-dd2b8c1f6adf,1777349735,0.5,0.23,yes,"{""count_fp"":""0.23"",""created_time"":""2026-04-28T04:15:35.344097Z"",""no_price_dollars"":""0.5000"",""taker_side"":""yes"",""ticker"":""KXBTC15M-26APR280030-30"",""trade_id"":""f05174e6-868f-74f0-31e9-dd2b8c1f6adf"",""yes_price_dollars"":""0.5000""}"
KXBTC15M-26APR280030-30,b875c81e-79f0-78bb-3b86-a8bd4809d101,1777349735,0.5,36.41,yes,"{""count_fp"":""36.41"",""created_time"":""2026-04-28T04:15:35.344097Z"",""no_price_dollars"":""0.5000"",""taker_side"":""yes"",""ticker"":""KXBTC15M-26APR280030-30"",""trade_id"":""b875c81e-79f0-78bb-3b86-a8bd4809d101"",""yes_price_dollars"":""0.5000""}"
KXBTC15M-26APR280030-30,47825a8f-c695-70a2-3a1d-982c6604dead,1777349735,0.5,1.0,yes,"{""count_fp"":""1.00"",""created_time"":""2026-04-28T04:15:35.344097Z"",""no_price_dollars"":""0.5000"",""taker_side"":""yes"",""ticker"":""KXBTC15M-26APR280030-30"",""trade_id"":""47825a8f-c695-70a2-3a1d-982c6604dead"",""yes_price_dollars"":""0.5000""}"
KXBTC15M-26APR280030-30,2f33abcd-ebd1-75d2-3c9c-c368d5b1c20c,1777349735,0.5,1.0,yes,"{""count_fp"":""1.00"",""created_time"":""2026-04-28T04:15:35.344097Z"",""no_price_dollars"":""0.5000"",""taker_side"":""yes"",""ticker"":""KXBTC15M-26APR280030-30"",""trade_id"":""2f33abcd-ebd1-75d2-3c9c-c368d5b1c20c"",""yes_price_dollars"":""0.5000""}"
KXBTC15M-26APR280030-30,75bd61cc-f688-6593-529b-33a71c22d375,1777349735,0.5,1.93,yes,"{""count_fp"":""1.93"",""created_time"":""2026-04-28T04:15:35.316767Z"",""no_price_dollars"":""0.5000"",""taker_side"":""yes"",""ticker"":""KXBTC15M-26APR280030-30"",""trade_id"":""75bd61cc-f688-6593-529b-33a71c22d375"",""yes_price_dollars"":""0.5000""}"
KXBTC15M-26APR280030-30,836ed8b5-0ca9-4cbc-8038-a656175627ec,1777349736,0.5,4.0,yes,"{""count_fp"":""4.00"",""created_time"":""2026-04-28T04:15:36.949924Z"",""no_price_dollars"":""0.5000"",""taker_side"":""yes"",""ticker"":""KXBTC15M-26APR280030-30"",""trade_id"":""836ed8b5-0ca9-4cbc-8038-a656175627ec"",""yes_price_dollars"":""0.5000""}"
KXBTC15M-26APR280030-30,4d7b276f-d805-52b8-a278-419c4e87f254,1777349736,0.5,1.92,yes,"{""count_fp"":""1.92"",""created_time"":""2026-04-28T04:15:36.742821Z"",""no_price_dollars"":""0.5000"",""taker_side"":""yes"",""ticker"":""KXBTC15M-26APR280030-30"",""trade_id"":""4d7b276f-d805-52b8-a278-419c4e87f254"",""yes_price_dollars"":""0.5000""}"
KXBTC15M-26APR280030-30,80a6a86c-1705-4e88-33c2-a82aee4590d0,1777349736,0.5,1.0,yes,"{""count_fp"":""1.00"",""created_time"":""2026-04-28T04:15:36.662936Z"",""no_price_dollars"":""0.5000"",""taker_side"":""yes"",""ticker"":""KXBTC15M-26APR280030-30"",""trade_id"":""80a6a86c-1705-4e88-33c2-a82aee4590d0"",""yes_price_dollars"":""0.5000""}"
KXBTC15M-26APR280030-30,3dc9b452-5f1d-7b88-0648-917b9cf51280,1777349736,0.5,9.48,yes,"{""count_fp"":""9.48"",""created_time"":""2026-04-28T04:15:36.281367Z"",""no_price_dollars"":""0.5000"",""taker_side"":""yes"",""ticker"":""KXBTC15M-26APR280030-30"",""trade_id"":""3dc9b452-5f1d-7b88-0648-917b9cf51280"",""yes_price_dollars"":""0.5000""}"
KXBTC15M-26APR280030-30,dbaab832-aa6a-6e37-2d7d-d412205b7459,1777349737,0.5,25.0,no,"{""count_fp"":""25.00"",""created_time"":""2026-04-28T04:15:37.836139Z"",""no_price_dollars"":""0.5000"",""taker_side"":""no"",""ticker"":""KXBTC15M-26APR280030-30"",""trade_id"":""dbaab832-aa6a-6e37-2d7d-d412205b7459"",""yes_price_dollars"":""0.5000""}"
KXBTC15M-26APR280030-30,36985e69-858a-593f-1e04-4a5f7bb1678d,1777349737,0.5,2.0,no,"{""count_fp"":""2.00"",""created_time"":""2026-04-28T04:15:37.664319Z"",""no_price_dollars"":""0.5000"",""taker_side"":""no"",""ticker"":""KXBTC15M-26APR280030-30"",""trade_id"":""36985e69-858a-593f-1e04-4a5f7bb1678d"",""yes_price_dollars"":""0.5000""}"
KXBTC15M-26APR280030-30,cdc5a329-6ce9-6994-174a-2b8226c6a5b8,1777349737,0.5,16.07,yes,"{""count_fp"":""16.07"",""created_time"":""2026-04-28T04:15:37.133972Z"",""no_price_dollars"":""0.5000"",""taker_side"":""yes"",""ticker"":""KXBTC15M-26APR280030-30"",""trade_id"":""cdc5a329-6ce9-6994-174a-2b8226c6a5b8"",""yes_price_dollars"":""0.5000""}"
KXBTC15M-26APR280030-30,17fed7ba-6a67-6758-14f6-8d73e6ea11d6,1777349737,0.5,0.93,yes,"{""count_fp"":""0.93"",""created_time"":""2026-04-28T04:15:37.133972Z"",""no_price_dollars"":""0.5000"",""taker_side"":""yes"",""ticker"":""KXBTC15M-26APR280030-30"",""trade_id"":""17fed7ba-6a67-6758-14f6-8d73e6ea11d6"",""yes_price_dollars"":""0.5000""}"
KXBTC15M-26APR280030-30,144484e3-26ee-5ce5-5e80-c7d5ac5306d0,1777349738,0.5,11.02,no,"{""count_fp"":""11.02"",""created_time"":""2026-04-28T04:15:38.853656Z"",""no_price_dollars"":""0.5000"",""taker_side"":""no"",""ticker"":""KXBTC15M-26APR280030-30"",""trade_id"":""144484e3-26ee-5ce5-5e80-c7d5ac5306d0"",""yes_price_dollars"":""0.5000""}"
KXBTC15M-26APR280030-30,22e1558f-2187-5dda-5ef0-806a1c6d854c,1777349738,0.51,1.0,yes,"{""count_fp"":""1.00"",""created_time"":""2026-04-28T04:15:38.696676Z"",""no_price_dollars"":""0.4900"",""taker_side"":""yes"",""ticker"":""KXBTC15M-26APR280030-30"",""trade_id"":""22e1558f-2187-5dda-5ef0-806a1c6d854c"",""yes_price_dollars"":""0.5100""}"
KXBTC15M-26APR280030-30,bd55ee54-6a5a-70ad-bf7b-46ab4a2d393c,1777349738,0.5,15.95,no,"{""count_fp"":""15.95"",""created_time"":""2026-04-28T04:15:38.673745Z"",""no_price_dollars"":""0.5000"",""taker_side"":""no"",""ticker"":""KXBTC15M-26APR280030-30"",""trade_id"":""bd55ee54-6a5a-70ad-bf7b-46ab4a2d393c"",""yes_price_dollars"":""0.5000""}"
KXBTC15M-26APR280030-30,61dd43d7-62a6-7bc7-a4f2-78052c7ca89d,1777349738,0.5,3.0,no,"{""count_fp"":""3.00"",""created_time"":""2026-04-28T04:15:38.673745Z"",""no_price_dollars"":""0.5000"",""taker_side"":""no"",""ticker"":""KXBTC15M-26APR280030-30"",""trade_id"":""61dd43d7-62a6-7bc7-a4f2-78052c7ca89d"",""yes_price_dollars"":""0.5000""}"
KXBTC15M-26APR280030-30,83366494-3f33-555a-46cf-aa433442616c,1777349738,0.51,2.0,yes,"{""count_fp"":""2.00"",""created_time"":""2026-04-28T04:15:38.282915Z"",""no_price_dollars"":""0.4900"",""taker_side"":""yes"",""ticker"":""KXBTC15M-26APR280030-30"",""trade_id"":""83366494-3f33-555a-46cf-aa433442616c"",""yes_price_dollars"":""0.5100""}"
KXBTC15M-26APR280030-30,a7fc6a65-75ce-7cbb-29c5-6267f29b8039,1777349738,0.5,10.0,no,"{""count_fp"":""10.00"",""created_time"":""2026-04-28T04:15:38.001373Z"",""no_price_dollars"":""0.5000"",""taker_side"":""no"",""ticker"":""KXBTC15M-26APR280030-30"",""trade_id"":""a7fc6a65-75ce-7cbb-29c5-6267f29b8039"",""yes_price_dollars"":""0.5000""}"
KXBTC15M-26APR280030-30,5afdf07a-464c-7317-2d8c-09051e1a3a87,1777349739,0.5,19.32,no,"{""count_fp"":""19.32"",""created_time"":""2026-04-28T04:15:39.934946Z"",""no_price_dollars"":""0.5000"",""taker_side"":""no"",""ticker"":""KXBTC15M-26APR280030-30"",""trade_id"":""5afdf07a-464c-7317-2d8c-09051e1a3a87"",""yes_price_dollars"":""0.5000""}"
KXBTC15M-26APR280030-30,7ab358c7-1c6f-55c1-6f74-8548c2eb7c67,1777349739,0.5,2.0,no,"{""count_fp"":""2.00"",""created_time"":""2026-04-28T04:15:39.724255Z"",""no_price_dollars"":""0.5000"",""taker_side"":""no"",""ticker"":""KXBTC15M-26APR280030-30"",""trade_id"":""7ab358c7-1c6f-55c1-6f74-8548c2eb7c67"",""yes_price_dollars"":""0.5000""}"
KXBTC15M-26APR280030-30,5573a46c-a618-5169-6a6e-35bdc5a157f2,1777349739,0.5,0.68,no,"{""count_fp"":""0.68"",""created_time"":""2026-04-28T04:15:39.724255Z"",""no_price_dollars"":""0.5000"",""taker_side"":""no"",""ticker"":""KXBTC15M-26APR280030-30"",""trade_id"":""5573a46c-a618-5169-6a6e-35bdc5a157f2"",""yes_price_dollars"":""0.5000""}"
KXBTC15M-26APR280030-30,49a26375-94fc-5fe3-706a-bf3994a8c75f,1777349739,0.5,20.0,no,"{""count_fp"":""20.00"",""created_time"":""2026-04-28T04:15:39.724255Z"",""no_price_dollars"":""0.5000"",""taker_side"":""no"",""ticker"":""KXBTC15M-26APR280030-30"",""trade_id"":""49a26375-94fc-5fe3-706a-bf3994a8c75f"",""yes_price_dollars"":""0.5000""}"
KXBTC15M-26APR280030-30,2d50610f-ffc7-5552-4572-18d31f85441d,1777349739,0.5,25.5,no,"{""count_fp"":""25.50"",""created_time"":""2026-04-28T04:15:39.724255Z"",""no_price_dollars"":""0.5000"",""taker_side"":""no"",""ticker"":""KXBTC15M-26APR280030-30"",""trade_id"":""2d50610f-ffc7-5552-4572-18d31f85441d"",""yes_price_dollars"":""0.5000""}"
KXBTC15M-26APR280030-30,0d524df7-4f8c-7fb1-4e94-33ba719dfbf6,1777349739,0.5,19.32,no,"{""count_fp"":""19.32"",""created_time"":""2026-04-28T04:15:39.649763Z"",""no_price_dollars"":""0.5000"",""taker_side"":""no"",""ticker"":""KXBTC15M-26APR280030-30"",""trade_id"":""0d524df7-4f8c-7fb1-4e94-33ba719dfbf6"",""yes_price_dollars"":""0.5000""}"
KXBTC15M-26APR280030-30,3bee2bd3-485f-704a-a167-5e6778f50140,1777349739,0.51,8.43,yes,"{""count_fp"":""8.43"",""created_time"":""2026-04-28T04:15:39.118251Z"",""no_price_dollars"":""0.4900"",""taker_side"":""yes"",""ticker"":""KXBTC15M-26APR280030-30"",""trade_id"":""3bee2bd3-485f-704a-a167-5e6778f50140"",""yes_price_dollars"":""0.5100""}"
KXBTC15M-26APR280030-30,1b79d25a-3afa-778f-96dc-24fcd057e3e1,1777349739,0.51,1.04,yes,"{""count_fp"":""1.04"",""created_time"":""2026-04-28T04:15:39.118251Z"",""no_price_dollars"":""0.4900"",""taker_side"":""yes"",""ticker"":""KXBTC15M-26APR280030-30"",""trade_id"":""1b79d25a-3afa-778f-96dc-24fcd057e3e1"",""yes_price_dollars"":""0.5100""}"
KXBTC15M-26APR280030-30,e24a4c90-44db-5ab8-683a-df54686491be,1777349740,0.52,1.0,yes,"{""count_fp"":""1.00"",""created_time"":""2026-04-28T04:15:40.244461Z"",""no_price_dollars"":""0.4800"",""taker_side"":""yes"",""ticker"":""KXBTC15M-26APR280030-30"",""trade_id"":""e24a4c90-44db-5ab8-683a-df54686491be"",""yes_price_dollars"":""0.5200""}"
KXBTC15M-26APR280030-30,21eaccaa-b14b-75c0-81f8-a2824332450a,1777349740,0.52,2.0,yes,"{""count_fp"":""2.00"",""created_time"":""2026-04-28T04:15:40.240504Z"",""no_price_dollars"":""0.4800"",""taker_side"":""yes"",""ticker"":""KXBTC15M-26APR280030-30"",""trade_id"":""21eaccaa-b14b-75c0-81f8-a2824332450a"",""yes_price_dollars"":""0.5200""}"
KXBTC15M-26APR280030-30,feeaf58f-6a2b-7b88-92ef-a3ea777e620e,1777349740,0.52,9.28,yes,"{""count_fp"":""9.28"",""created_time"":""2026-04-28T04:15:40.225818Z"",""no_price_dollars"":""0.4800"",""taker_side"":""yes"",""ticker"":""KXBTC15M-26APR280030-30"",""trade_id"":""feeaf58f-6a2b-7b88-92ef-a3ea777e620e"",""yes_price_dollars"":""0.5200""}"
KXBTC15M-26APR280030-30,236c03bb-e2c1-6741-bba9-437e646e05a5,1777349740,0.51,19.32,no,"{""count_fp"":""19.32"",""created_time"":""2026-04-28T04:15:40.174331Z"",""no_price_dollars"":""0.4900"",""taker_side"":""no"",""ticker"":""KXBTC15M-26APR280030-30"",""trade_id"":""236c03bb-e2c1-6741-bba9-437e646e05a5"",""yes_price_dollars"":""0.5100""}"
KXBTC15M-26APR280030-30,d6163075-3683-551d-7f06-5c41e01f73cf,1777349740,0.52,100.0,no,"{""count_fp"":""100.00"",""created_time"":""2026-04-28T04:15:40.094844Z"",""no_price_dollars"":""0.4800"",""taker_side"":""no"",""ticker"":""KXBTC15M-26APR280030-30"",""trade_id"":""d6163075-3683-551d-7f06-5c41e01f73cf"",""yes_price_dollars"":""0.5200""}"
KXBTC15M-26APR280030-30,cf9ada45-1928-5b36-4dec-6a3aa6b8a445,1777349740,0.51,40.0,no,"{""count_fp"":""40.00"",""created_time"":""2026-04-28T04:15:40.094844Z"",""no_price_dollars"":""0.4900"",""taker_side"":""no"",""ticker"":""KXBTC15M-26APR280030-30"",""trade_id"":""cf9ada45-1928-5b36-4dec-6a3aa6b8a445"",""yes_price_dollars"":""0.5100""}"
KXBTC15M-26APR280030-30,91deec2a-1603-565d-5331-2fe46fc0170f,1777349740,0.52,40.0,no,"{""count_fp"":""40.00"",""created_time"":""2026-04-28T04:15:40.094844Z"",""no_price_dollars"":""0.4800"",""taker_side"":""no"",""ticker"":""KXBTC15M-26APR280030-30"",""trade_id"":""91deec2a-1603-565d-5331-2fe46fc0170f"",""yes_price_dollars"":""0.5200""}"
KXBTC15M-26APR280030-30,643f8a71-d0d0-5143-676a-b601eecb85e7,1777349740,0.52,500.0,no,"{""count_fp"":""500.00"",""created_time"":""2026-04-28T04:15:40.094844Z"",""no_price_dollars"":""0.4800"",""taker_side"":""no"",""ticker"":""KXBTC15M-26APR280030-30"",""trade_id"":""643f8a71-d0d0-5143-676a-b601eecb85e7"",""yes_price_dollars"":""0.5200""}"
KXBTC15M-26APR280030-30,6143c09a-7fad-54ad-6529-e897a987ac79,1777349740,0.51,695.34,no,"{""count_fp"":""695.34"",""created_time"":""2026-04-28T04:15:40.094844Z"",""no_price_dollars"":""0.4900"",""taker_side"":""no"",""ticker"":""KXBTC15M-26APR280030-30"",""trade_id"":""6143c09a-7fad-54ad-6529-e897a987ac79"",""yes_price_dollars"":""0.5100""}"
KXBTC15M-26APR280030-30,c86b700f-1fa9-5495-7c74-7c2fbc9c79d8,1777349740,0.52,2.0,yes,"{""count_fp"":""2.00"",""created_time"":""2026-04-28T04:15:40.006857Z"",""no_price_dollars"":""0.4800"",""taker_side"":""yes"",""ticker"":""KXBTC15M-26APR280030-30"",""trade_id"":""c86b700f-1fa9-5495-7c74-7c2fbc9c79d8"",""yes_price_dollars"":""0.5200""}"
KXBTC15M-26APR280030-30,608d95df-68c0-5d2c-542a-c5647113af1b,1777349740,0.52,51.0,yes,"{""count_fp"":""51.00"",""created_time"":""2026-04-28T04:15:40.006857Z"",""no_price_dollars"":""0.4800"",""taker_side"":""yes"",""ticker"":""KXBTC15M-26APR280030-30"",""trade_id"":""608d95df-68c0-5d2c-542a-c5647113af1b"",""yes_price_dollars"":""0.5200""}"
KXBTC15M-26APR280030-30,435033f9-c656-5f13-788a-70c2612a9348,1777349740,0.52,10.0,yes,"{""count_fp"":""10.00"",""created_time"":""2026-04-28T04:15:40.006857Z"",""no_price_dollars"":""0.4800"",""taker_side"":""yes"",""ticker"":""KXBTC15M-26APR280030-30"",""trade_id"":""435033f9-c656-5f13-788a-70c2612a9348"",""yes_price_dollars"":""0.5200""}"
KXBTC15M-26APR280030-30,37f2f9a4-064f-5dee-4c94-9c372f0ebe29,1777349740,0.52,40.0,yes,"{""count_fp"":""40.00"",""created_time"":""2026-04-28T04:15:40.006857Z"",""no_price_dollars"":""0.4800"",""taker_side"":""yes"",""ticker"":""KXBTC15M-26APR280030-30"",""trade_id"":""37f2f9a4-064f-5dee-4c94-9c372f0ebe29"",""yes_price_dollars"":""0.5200""}"
KXBTC15M-26APR280030-30,f0a9af1d-7e4e-4857-75ff-c1f91e32ffc6,1777349740,0.51,20.0,yes,"{""count_fp"":""20.00"",""created_time"":""2026-04-28T04:15:40.005984Z"",""no_price_dollars"":""0.4900"",""taker_side"":""yes"",""ticker"":""KXBTC15M-26APR280030-30"",""trade_id"":""f0a9af1d-7e4e-4857-75ff-c1f91e32ffc6"",""yes_price_dollars"":""0.5100""}"
KXBTC15M-26APR280030-30,da42fc99-ad5e-4653-4375-750f1e4d1e53,1777349740,0.51,3.0,yes,"{""count_fp"":""3.00"",""created_time"":""2026-04-28T04:15:40.005984Z"",""no_price_dollars"":""0.4900"",""taker_side"":""yes"",""ticker"":""KXBTC15M-26APR280030-30"",""trade_id"":""da42fc99-ad5e-4653-4375-750f1e4d1e53"",""yes_price_dollars"":""0.5100""}"
KXBTC15M-26APR280030-30,45132426-c21e-410f-561f-e0674f29768d,1777349740,0.51,40.0,yes,"{""count_fp"":""40.00"",""created_time"":""2026-04-28T04:15:40.005984Z"",""no_price_dollars"":""0.4900"",""taker_side"":""yes"",""ticker"":""KXBTC15M-26APR280030-30"",""trade_id"":""45132426-c21e-410f-561f-e0674f29768d"",""yes_price_dollars"":""0.5100""}"
