ticker,trade_id,ts,yes_price,count,taker_side,raw_json
KXBTC15M-26APR281130-30,855f392e-defa-68a6-0688-19d80d121eba,1777389300,0.49,2.0,yes,"{""count_fp"":""2.00"",""created_time"":""2026-04-28T15:15:00.646427Z"",""no_price_dollars"":""0.5100"",""taker_side"":""yes"",""ticker"":""KXBTC15M-26APR281130-30"",""trade_id"":""855f392e-defa-68a6-0688-19d80d121eba"",""yes_price_dollars"":""0.4900""}"
KXBTC15M-26APR281130-30,ebad9ab2-5fb4-6092-b969-d31406689fc9,1777389301,0.49,56.0,yes,"{""count_fp"":""56.00"",""created_time"":""2026-04-28T15:15:01.597038Z"",""no_price_dollars"":""0.5100"",""taker_side"":""yes"",""ticker"":""KXBTC15M-26APR281130-30"",""trade_id"":""ebad9ab2-5fb4-6092-b969-d31406689fc9"",""yes_price_dollars"":""0.4900""}"
KXBTC15M-26APR281130-30,d4c4bddd-b88e-63de-bc39-608a43496e36,1777389301,0.49,4.0,yes,"{""count_fp"":""4.00"",""created_time"":""2026-04-28T15:15:01.597038Z"",""no_price_dollars"":""0.5100"",""taker_side"":""yes"",""ticker"":""KXBTC15M-26APR281130-30"",""trade_id"":""d4c4bddd-b88e-63de-bc39-608a43496e36"",""yes_price_dollars"":""0.4900""}"
KXBTC15M-26APR281130-30,b34f683f-31c1-679d-a19f-133164971430,1777389301,0.5,11.0,yes,"{""count_fp"":""11.00"",""created_time"":""2026-04-28T15:15:01.597038Z"",""no_price_dollars"":""0.5000"",""taker_side"":""yes"",""ticker"":""KXBTC15M-26APR281130-30"",""trade_id"":""b34f683f-31c1-679d-a19f-133164971430"",""yes_price_dollars"":""0.5000""}"
KXBTC15M-26APR281130-30,a41c74e4-f3ab-63b6-87ce-cf0f303feaed,1777389301,0.49,5.0,yes,"{""count_fp"":""5.00"",""created_time"":""2026-04-28T15:15:01.597038Z"",""no_price_dollars"":""0.5100"",""taker_side"":""yes"",""ticker"":""KXBTC15M-26APR281130-30"",""trade_id"":""a41c74e4-f3ab-63b6-87ce-cf0f303feaed"",""yes_price_dollars"":""0.4900""}"
KXBTC15M-26APR281130-30,101e8597-2df6-645f-9026-8ead2a6773c3,1777389301,0.49,12.0,yes,"{""count_fp"":""12.00"",""created_time"":""2026-04-28T15:15:01.597038Z"",""no_price_dollars"":""0.5100"",""taker_side"":""yes"",""ticker"":""KXBTC15M-26APR281130-30"",""trade_id"":""101e8597-2df6-645f-9026-8ead2a6773c3"",""yes_price_dollars"":""0.4900""}"
KXBTC15M-26APR281130-30,40bfb60f-3c8e-7066-0822-04970612200a,1777389301,0.49,18.0,yes,"{""count_fp"":""18.00"",""created_time"":""2026-04-28T15:15:01.281185Z"",""no_price_dollars"":""0.5100"",""taker_side"":""yes"",""ticker"":""KXBTC15M-26APR281130-30"",""trade_id"":""40bfb60f-3c8e-7066-0822-04970612200a"",""yes_price_dollars"":""0.4900""}"
KXBTC15M-26APR281130-30,1151960e-2dd6-71f3-da68-321adfe581af,1777389301,0.48,1.0,yes,"{""count_fp"":""1.00"",""created_time"":""2026-04-28T15:15:01.220375Z"",""no_price_dollars"":""0.5200"",""taker_side"":""yes"",""ticker"":""KXBTC15M-26APR281130-30"",""trade_id"":""1151960e-2dd6-71f3-da68-321adfe581af"",""yes_price_dollars"":""0.4800""}"
KXBTC15M-26APR281130-30,3024d8ec-a455-7450-50e7-5cfbb9283725,1777389303,0.5,1.0,no,"{""count_fp"":""1.00"",""created_time"":""2026-04-28T15:15:03.618787Z"",""no_price_dollars"":""0.5000"",""taker_side"":""no"",""ticker"":""KXBTC15M-26APR281130-30"",""trade_id"":""3024d8ec-a455-7450-50e7-5cfbb9283725"",""yes_price_dollars"":""0.5000""}"
KXBTC15M-26APR281130-30,f632fdd8-7170-6e60-d3f1-db9e9bc0ab23,1777389304,0.5,14.0,no,"{""count_fp"":""14.00"",""created_time"":""2026-04-28T15:15:04.050696Z"",""no_price_dollars"":""0.5000"",""taker_side"":""no"",""ticker"":""KXBTC15M-26APR281130-30"",""trade_id"":""f632fdd8-7170-6e60-d3f1-db9e9bc0ab23"",""yes_price_dollars"":""0.5000""}"
KXBTC15M-26APR281130-30,f37f562f-2d44-60d4-f817-e72086f18cfa,1777389304,0.5,150.0,no,"{""count_fp"":""150.00"",""created_time"":""2026-04-28T15:15:04.050696Z"",""no_price_dollars"":""0.5000"",""taker_side"":""no"",""ticker"":""KXBTC15M-26APR281130-30"",""trade_id"":""f37f562f-2d44-60d4-f817-e72086f18cfa"",""yes_price_dollars"":""0.5000""}"
KXBTC15M-26APR281130-30,7339032e-d871-685c-f386-11d06434582d,1777389304,0.5,30.0,no,"{""count_fp"":""30.00"",""created_time"":""2026-04-28T15:15:04.050696Z"",""no_price_dollars"":""0.5000"",""taker_side"":""no"",""ticker"":""KXBTC15M-26APR281130-30"",""trade_id"":""7339032e-d871-685c-f386-11d06434582d"",""yes_price_dollars"":""0.5000""}"
KXBTC15M-26APR281130-30,fba79617-4156-5d79-c3bd-9e3c22b8e806,1777389306,0.43,20.0,yes,"{""count_fp"":""20.00"",""created_time"":""2026-04-28T15:15:06.686234Z"",""no_price_dollars"":""0.5700"",""taker_side"":""yes"",""ticker"":""KXBTC15M-26APR281130-30"",""trade_id"":""fba79617-4156-5d79-c3bd-9e3c22b8e806"",""yes_price_dollars"":""0.4300""}"
KXBTC15M-26APR281130-30,91bce540-f7b9-5385-fd80-610959b5d427,1777389306,0.44,20.0,yes,"{""count_fp"":""20.00"",""created_time"":""2026-04-28T15:15:06.686234Z"",""no_price_dollars"":""0.5600"",""taker_side"":""yes"",""ticker"":""KXBTC15M-26APR281130-30"",""trade_id"":""91bce540-f7b9-5385-fd80-610959b5d427"",""yes_price_dollars"":""0.4400""}"
KXBTC15M-26APR281130-30,fec4b597-660d-5285-745d-f31b37a1e9d9,1777389306,0.41,5.0,no,"{""count_fp"":""5.00"",""created_time"":""2026-04-28T15:15:06.350852Z"",""no_price_dollars"":""0.5900"",""taker_side"":""no"",""ticker"":""KXBTC15M-26APR281130-30"",""trade_id"":""fec4b597-660d-5285-745d-f31b37a1e9d9"",""yes_price_dollars"":""0.4100""}"
KXBTC15M-26APR281130-30,fe980cc5-6397-5d69-55f4-fca4294e397f,1777389306,0.44,1.0,no,"{""count_fp"":""1.00"",""created_time"":""2026-04-28T15:15:06.350852Z"",""no_price_dollars"":""0.5600"",""taker_side"":""no"",""ticker"":""KXBTC15M-26APR281130-30"",""trade_id"":""fe980cc5-6397-5d69-55f4-fca4294e397f"",""yes_price_dollars"":""0.4400""}"
KXBTC15M-26APR281130-30,f99d0311-6d4f-51a1-7f5f-5dc2798c72ae,1777389306,0.44,18.0,no,"{""count_fp"":""18.00"",""created_time"":""2026-04-28T15:15:06.350852Z"",""no_price_dollars"":""0.5600"",""taker_side"":""no"",""ticker"":""KXBTC15M-26APR281130-30"",""trade_id"":""f99d0311-6d4f-51a1-7f5f-5dc2798c72ae"",""yes_price_dollars"":""0.4400""}"
KXBTC15M-26APR281130-30,f9735242-81a8-5c09-4f56-ac2541c0e509,1777389306,0.44,56.0,no,"{""count_fp"":""56.00"",""created_time"":""2026-04-28T15:15:06.350852Z"",""no_price_dollars"":""0.5600"",""taker_side"":""no"",""ticker"":""KXBTC15M-26APR281130-30"",""trade_id"":""f9735242-81a8-5c09-4f56-ac2541c0e509"",""yes_price_dollars"":""0.4400""}"
KXBTC15M-26APR281130-30,dc2992e5-ff64-5919-448a-dbcdf21bf16e,1777389306,0.3,5.0,no,"{""count_fp"":""5.00"",""created_time"":""2026-04-28T15:15:06.350852Z"",""no_price_dollars"":""0.7000"",""taker_side"":""no"",""ticker"":""KXBTC15M-26APR281130-30"",""trade_id"":""dc2992e5-ff64-5919-448a-dbcdf21bf16e"",""yes_price_dollars"":""0.3000""}"
KXBTC15M-26APR281130-30,d6666a1e-e1f2-5f94-60e1-01026f9dfcb4,1777389306,0.43,30.0,no,"{""count_fp"":""30.00"",""created_time"":""2026-04-28T15:15:06.350852Z"",""no_price_dollars"":""0.5700"",""taker_side"":""no"",""ticker"":""KXBTC15M-26APR281130-30"",""trade_id"":""d6666a1e-e1f2-5f94-60e1-01026f9dfcb4"",""yes_price_dollars"":""0.4300""}"
KXBTC15M-26APR281130-30,d0e944d0-e357-5f2b-7aa5-ebb08d1512a2,1777389306,0.4,119.0,no,"{""count_fp"":""119.00"",""created_time"":""2026-04-28T15:15:06.350852Z"",""no_price_dollars"":""0.6000"",""taker_side"":""no"",""ticker"":""KXBTC15M-26APR281130-30"",""trade_id"":""d0e944d0-e357-5f2b-7aa5-ebb08d1512a2"",""yes_price_dollars"":""0.4000""}"
KXBTC15M-26APR281130-30,c1584bce-11ba-5201-4dcc-1e81ffd85123,1777389306,0.25,26.9,no,"{""count_fp"":""26.90"",""created_time"":""2026-04-28T15:15:06.350852Z"",""no_price_dollars"":""0.7500"",""taker_side"":""no"",""ticker"":""KXBTC15M-26APR281130-30"",""trade_id"":""c1584bce-11ba-5201-4dcc-1e81ffd85123"",""yes_price_dollars"":""0.2500""}"
KXBTC15M-26APR281130-30,b1172d27-84ef-53bf-6f34-f9d0f64891d8,1777389306,0.42,1.0,no,"{""count_fp"":""1.00"",""created_time"":""2026-04-28T15:15:06.350852Z"",""no_price_dollars"":""0.5800"",""taker_side"":""no"",""ticker"":""KXBTC15M-26APR281130-30"",""trade_id"":""b1172d27-84ef-53bf-6f34-f9d0f64891d8"",""yes_price_dollars"":""0.4200""}"
KXBTC15M-26APR281130-30,a7eedda1-22c4-5c17-63c0-4b8b0a373a73,1777389306,0.45,30.0,no,"{""count_fp"":""30.00"",""created_time"":""2026-04-28T15:15:06.350852Z"",""no_price_dollars"":""0.5500"",""taker_side"":""no"",""ticker"":""KXBTC15M-26APR281130-30"",""trade_id"":""a7eedda1-22c4-5c17-63c0-4b8b0a373a73"",""yes_price_dollars"":""0.4500""}"
KXBTC15M-26APR281130-30,a5bd4839-c295-5d9f-51e3-9379663a87da,1777389306,0.35,138.0,no,"{""count_fp"":""138.00"",""created_time"":""2026-04-28T15:15:06.350852Z"",""no_price_dollars"":""0.6500"",""taker_side"":""no"",""ticker"":""KXBTC15M-26APR281130-30"",""trade_id"":""a5bd4839-c295-5d9f-51e3-9379663a87da"",""yes_price_dollars"":""0.3500""}"
KXBTC15M-26APR281130-30,a57c8cee-be06-5588-60ca-d644f146067b,1777389306,0.43,1.0,no,"{""count_fp"":""1.00"",""created_time"":""2026-04-28T15:15:06.350852Z"",""no_price_dollars"":""0.5700"",""taker_side"":""no"",""ticker"":""KXBTC15M-26APR281130-30"",""trade_id"":""a57c8cee-be06-5588-60ca-d644f146067b"",""yes_price_dollars"":""0.4300""}"
KXBTC15M-26APR281130-30,9f987b2c-6c0c-58d9-5a8e-421a7b186559,1777389306,0.44,30.0,no,"{""count_fp"":""30.00"",""created_time"":""2026-04-28T15:15:06.350852Z"",""no_price_dollars"":""0.5600"",""taker_side"":""no"",""ticker"":""KXBTC15M-26APR281130-30"",""trade_id"":""9f987b2c-6c0c-58d9-5a8e-421a7b186559"",""yes_price_dollars"":""0.4400""}"
KXBTC15M-26APR281130-30,92db946c-1ba1-5c34-6411-83b35666a702,1777389306,0.42,2.0,no,"{""count_fp"":""2.00"",""created_time"":""2026-04-28T15:15:06.350852Z"",""no_price_dollars"":""0.5800"",""taker_side"":""no"",""ticker"":""KXBTC15M-26APR281130-30"",""trade_id"":""92db946c-1ba1-5c34-6411-83b35666a702"",""yes_price_dollars"":""0.4200""}"
KXBTC15M-26APR281130-30,9279fd4c-6f83-5337-7c96-03c7df1b351c,1777389306,0.38,132.0,no,"{""count_fp"":""132.00"",""created_time"":""2026-04-28T15:15:06.350852Z"",""no_price_dollars"":""0.6200"",""taker_side"":""no"",""ticker"":""KXBTC15M-26APR281130-30"",""trade_id"":""9279fd4c-6f83-5337-7c96-03c7df1b351c"",""yes_price_dollars"":""0.3800""}"
KXBTC15M-26APR281130-30,88fecdc9-1507-5116-4ff6-b8a54aae8787,1777389306,0.37,139.0,no,"{""count_fp"":""139.00"",""created_time"":""2026-04-28T15:15:06.350852Z"",""no_price_dollars"":""0.6300"",""taker_side"":""no"",""ticker"":""KXBTC15M-26APR281130-30"",""trade_id"":""88fecdc9-1507-5116-4ff6-b8a54aae8787"",""yes_price_dollars"":""0.3700""}"
KXBTC15M-26APR281130-30,80132bca-bac2-5b6b-6c1f-e815e2f51c23,1777389306,0.43,20.0,no,"{""count_fp"":""20.00"",""created_time"":""2026-04-28T15:15:06.350852Z"",""no_price_dollars"":""0.5700"",""taker_side"":""no"",""ticker"":""KXBTC15M-26APR281130-30"",""trade_id"":""80132bca-bac2-5b6b-6c1f-e815e2f51c23"",""yes_price_dollars"":""0.4300""}"
KXBTC15M-26APR281130-30,7d8cc76a-4a33-59ae-4eb1-c75833859a66,1777389306,0.43,1.0,no,"{""count_fp"":""1.00"",""created_time"":""2026-04-28T15:15:06.350852Z"",""no_price_dollars"":""0.5700"",""taker_side"":""no"",""ticker"":""KXBTC15M-26APR281130-30"",""trade_id"":""7d8cc76a-4a33-59ae-4eb1-c75833859a66"",""yes_price_dollars"":""0.4300""}"
KXBTC15M-26APR281130-30,7d3267ec-8e63-5f5d-6559-51f9a85500df,1777389306,0.46,0.48,no,"{""count_fp"":""0.48"",""created_time"":""2026-04-28T15:15:06.350852Z"",""no_price_dollars"":""0.5400"",""taker_side"":""no"",""ticker"":""KXBTC15M-26APR281130-30"",""trade_id"":""7d3267ec-8e63-5f5d-6559-51f9a85500df"",""yes_price_dollars"":""0.4600""}"
KXBTC15M-26APR281130-30,6c5b5ee2-6c1c-56d9-7dc4-a0c5c6c46a70,1777389306,0.41,119.0,no,"{""count_fp"":""119.00"",""created_time"":""2026-04-28T15:15:06.350852Z"",""no_price_dollars"":""0.5900"",""taker_side"":""no"",""ticker"":""KXBTC15M-26APR281130-30"",""trade_id"":""6c5b5ee2-6c1c-56d9-7dc4-a0c5c6c46a70"",""yes_price_dollars"":""0.4100""}"
KXBTC15M-26APR281130-30,6afd6c6f-a43e-5428-6095-77298dc3527b,1777389306,0.3,126.0,no,"{""count_fp"":""126.00"",""created_time"":""2026-04-28T15:15:06.350852Z"",""no_price_dollars"":""0.7000"",""taker_side"":""no"",""ticker"":""KXBTC15M-26APR281130-30"",""trade_id"":""6afd6c6f-a43e-5428-6095-77298dc3527b"",""yes_price_dollars"":""0.3000""}"
KXBTC15M-26APR281130-30,65df2d3d-a9e4-5583-6887-cc88d30b901d,1777389306,0.44,65.0,no,"{""count_fp"":""65.00"",""created_time"":""2026-04-28T15:15:06.350852Z"",""no_price_dollars"":""0.5600"",""taker_side"":""no"",""ticker"":""KXBTC15M-26APR281130-30"",""trade_id"":""65df2d3d-a9e4-5583-6887-cc88d30b901d"",""yes_price_dollars"":""0.4400""}"
KXBTC15M-26APR281130-30,63af6bca-1ed9-5180-61e0-3c46f11a6c34,1777389306,0.45,1.0,no,"{""count_fp"":""1.00"",""created_time"":""2026-04-28T15:15:06.350852Z"",""no_price_dollars"":""0.5500"",""taker_side"":""no"",""ticker"":""KXBTC15M-26APR281130-30"",""trade_id"":""63af6bca-1ed9-5180-61e0-3c46f11a6c34"",""yes_price_dollars"":""0.4500""}"
KXBTC15M-26APR281130-30,5d3dc462-d078-5728-695f-05caa0506e81,1777389306,0.35,4.0,no,"{""count_fp"":""4.00"",""created_time"":""2026-04-28T15:15:06.350852Z"",""no_price_dollars"":""0.6500"",""taker_side"":""no"",""ticker"":""KXBTC15M-26APR281130-30"",""trade_id"":""5d3dc462-d078-5728-695f-05caa0506e81"",""yes_price_dollars"":""0.3500""}"
KXBTC15M-26APR281130-30,4b11d0f4-0611-53b8-5676-32db47b84178,1777389306,0.39,132.0,no,"{""count_fp"":""132.00"",""created_time"":""2026-04-28T15:15:06.350852Z"",""no_price_dollars"":""0.6100"",""taker_side"":""no"",""ticker"":""KXBTC15M-26APR281130-30"",""trade_id"":""4b11d0f4-0611-53b8-5676-32db47b84178"",""yes_price_dollars"":""0.3900""}"
KXBTC15M-26APR281130-30,462a0238-43ac-5ef3-5363-d686973c806c,1777389306,0.47,150.0,no,"{""count_fp"":""150.00"",""created_time"":""2026-04-28T15:15:06.350852Z"",""no_price_dollars"":""0.5300"",""taker_side"":""no"",""ticker"":""KXBTC15M-26APR281130-30"",""trade_id"":""462a0238-43ac-5ef3-5363-d686973c806c"",""yes_price_dollars"":""0.4700""}"
KXBTC15M-26APR281130-30,461ddcd7-35b0-5dca-5369-85920e59627e,1777389306,0.45,1.0,no,"{""count_fp"":""1.00"",""created_time"":""2026-04-28T15:15:06.350852Z"",""no_price_dollars"":""0.5500"",""taker_side"":""no"",""ticker"":""KXBTC15M-26APR281130-30"",""trade_id"":""461ddcd7-35b0-5dca-5369-85920e59627e"",""yes_price_dollars"":""0.4500""}"
KXBTC15M-26APR281130-30,28dda4f7-1144-555c-4bef-65a279251516,1777389306,0.41,5.0,no,"{""count_fp"":""5.00"",""created_time"":""2026-04-28T15:15:06.350852Z"",""no_price_dollars"":""0.5900"",""taker_side"":""no"",""ticker"":""KXBTC15M-26APR281130-30"",""trade_id"":""28dda4f7-1144-555c-4bef-65a279251516"",""yes_price_dollars"":""0.4100""}"
KXBTC15M-26APR281130-30,1dfeb0df-00d1-58f5-4dd8-f52b8af85825,1777389306,0.36,139.0,no,"{""count_fp"":""139.00"",""created_time"":""2026-04-28T15:15:06.350852Z"",""no_price_dollars"":""0.6400"",""taker_side"":""no"",""ticker"":""KXBTC15M-26APR281130-30"",""trade_id"":""1dfeb0df-00d1-58f5-4dd8-f52b8af85825"",""yes_price_dollars"":""0.3600""}"
KXBTC15M-26APR281130-30,0f2f97a6-2639-5500-50f0-ee641bfe2194,1777389306,0.44,1.0,no,"{""count_fp"":""1.00"",""created_time"":""2026-04-28T15:15:06.350852Z"",""no_price_dollars"":""0.5600"",""taker_side"":""no"",""ticker"":""KXBTC15M-26APR281130-30"",""trade_id"":""0f2f97a6-2639-5500-50f0-ee641bfe2194"",""yes_price_dollars"":""0.4400""}"
KXBTC15M-26APR281130-30,079cfd14-1f51-54f3-76ae-52ce206b322b,1777389306,0.29,25.0,no,"{""count_fp"":""25.00"",""created_time"":""2026-04-28T15:15:06.350852Z"",""no_price_dollars"":""0.7100"",""taker_side"":""no"",""ticker"":""KXBTC15M-26APR281130-30"",""trade_id"":""079cfd14-1f51-54f3-76ae-52ce206b322b"",""yes_price_dollars"":""0.2900""}"
KXBTC15M-26APR281130-30,02ff5e20-3d25-5b3b-5caf-92bfd3c9e9b1,1777389306,0.45,1.0,no,"{""count_fp"":""1.00"",""created_time"":""2026-04-28T15:15:06.350852Z"",""no_price_dollars"":""0.5500"",""taker_side"":""no"",""ticker"":""KXBTC15M-26APR281130-30"",""trade_id"":""02ff5e20-3d25-5b3b-5caf-92bfd3c9e9b1"",""yes_price_dollars"":""0.4500""}"
KXBTC15M-26APR281130-30,f6d971af-2d47-70e0-65cf-168135f4b7f2,1777389308,0.5,1.54,yes,"{""count_fp"":""1.54"",""created_time"":""2026-04-28T15:15:08.721779Z"",""no_price_dollars"":""0.5000"",""taker_side"":""yes"",""ticker"":""KXBTC15M-26APR281130-30"",""trade_id"":""f6d971af-2d47-70e0-65cf-168135f4b7f2"",""yes_price_dollars"":""0.5000""}"
KXBTC15M-26APR281130-30,ee1009e3-41f4-7917-4fd4-438298a96f53,1777389308,0.48,13.0,yes,"{""count_fp"":""13.00"",""created_time"":""2026-04-28T15:15:08.721779Z"",""no_price_dollars"":""0.5200"",""taker_side"":""yes"",""ticker"":""KXBTC15M-26APR281130-30"",""trade_id"":""ee1009e3-41f4-7917-4fd4-438298a96f53"",""yes_price_dollars"":""0.4800""}"
KXBTC15M-26APR281130-30,a2e6fc8c-e12f-7e1f-47de-debe0208dd0e,1777389308,0.49,56.0,yes,"{""count_fp"":""56.00"",""created_time"":""2026-04-28T15:15:08.721779Z"",""no_price_dollars"":""0.5100"",""taker_side"":""yes"",""ticker"":""KXBTC15M-26APR281130-30"",""trade_id"":""a2e6fc8c-e12f-7e1f-47de-debe0208dd0e"",""yes_price_dollars"":""0.4900""}"
KXBTC15M-26APR281130-30,98a3bc0d-7254-70b9-7aa8-e642468dfefd,1777389308,0.5,1.0,yes,"{""count_fp"":""1.00"",""created_time"":""2026-04-28T15:15:08.721779Z"",""no_price_dollars"":""0.5000"",""taker_side"":""yes"",""ticker"":""KXBTC15M-26APR281130-30"",""trade_id"":""98a3bc0d-7254-70b9-7aa8-e642468dfefd"",""yes_price_dollars"":""0.5000""}"
KXBTC15M-26APR281130-30,7a3dfabb-7f0f-7da5-4101-ab7ccd407bee,1777389308,0.47,13.0,yes,"{""count_fp"":""13.00"",""created_time"":""2026-04-28T15:15:08.721779Z"",""no_price_dollars"":""0.5300"",""taker_side"":""yes"",""ticker"":""KXBTC15M-26APR281130-30"",""trade_id"":""7a3dfabb-7f0f-7da5-4101-ab7ccd407bee"",""yes_price_dollars"":""0.4700""}"
KXBTC15M-26APR281130-30,4c286988-a88f-7025-5c4d-1f4ee1fbdc6d,1777389308,0.48,7.0,yes,"{""count_fp"":""7.00"",""created_time"":""2026-04-28T15:15:08.721779Z"",""no_price_dollars"":""0.5200"",""taker_side"":""yes"",""ticker"":""KXBTC15M-26APR281130-30"",""trade_id"":""4c286988-a88f-7025-5c4d-1f4ee1fbdc6d"",""yes_price_dollars"":""0.4800""}"
KXBTC15M-26APR281130-30,10fbb2b4-698d-7f14-7c38-3dd17726f890,1777389308,0.48,7.0,yes,"{""count_fp"":""7.00"",""created_time"":""2026-04-28T15:15:08.721779Z"",""no_price_dollars"":""0.5200"",""taker_side"":""yes"",""ticker"":""KXBTC15M-26APR281130-30"",""trade_id"":""10fbb2b4-698d-7f14-7c38-3dd17726f890"",""yes_price_dollars"":""0.4800""}"
KXBTC15M-26APR281130-30,94016be7-5729-6aeb-f9c1-e65191c30aa6,1777389308,0.46,5.0,no,"{""count_fp"":""5.00"",""created_time"":""2026-04-28T15:15:08.426718Z"",""no_price_dollars"":""0.5400"",""taker_side"":""no"",""ticker"":""KXBTC15M-26APR281130-30"",""trade_id"":""94016be7-5729-6aeb-f9c1-e65191c30aa6"",""yes_price_dollars"":""0.4600""}"
KXBTC15M-26APR281130-30,f1cdc3c8-d534-7c08-1abf-02de8d963905,1777389309,0.46,8.0,no,"{""count_fp"":""8.00"",""created_time"":""2026-04-28T15:15:09.201584Z"",""no_price_dollars"":""0.5400"",""taker_side"":""no"",""ticker"":""KXBTC15M-26APR281130-30"",""trade_id"":""f1cdc3c8-d534-7c08-1abf-02de8d963905"",""yes_price_dollars"":""0.4600""}"
KXBTC15M-26APR281130-30,f1c82e8b-ec0d-5a72-620d-e543a62a9b4b,1777389309,0.46,12.55,no,"{""count_fp"":""12.55"",""created_time"":""2026-04-28T15:15:09.079573Z"",""no_price_dollars"":""0.5400"",""taker_side"":""no"",""ticker"":""KXBTC15M-26APR281130-30"",""trade_id"":""f1c82e8b-ec0d-5a72-620d-e543a62a9b4b"",""yes_price_dollars"":""0.4600""}"
KXBTC15M-26APR281130-30,9792f33a-a7e0-45d0-d817-a5d255c39e01,1777389310,0.46,16.83,no,"{""count_fp"":""16.83"",""created_time"":""2026-04-28T15:15:10.822341Z"",""no_price_dollars"":""0.5400"",""taker_side"":""no"",""ticker"":""KXBTC15M-26APR281130-30"",""trade_id"":""9792f33a-a7e0-45d0-d817-a5d255c39e01"",""yes_price_dollars"":""0.4600""}"
KXBTC15M-26APR281130-30,3cf629f9-2e87-4d95-ce52-7c75db4703a5,1777389310,0.47,28.0,no,"{""count_fp"":""28.00"",""created_time"":""2026-04-28T15:15:10.822341Z"",""no_price_dollars"":""0.5300"",""taker_side"":""no"",""ticker"":""KXBTC15M-26APR281130-30"",""trade_id"":""3cf629f9-2e87-4d95-ce52-7c75db4703a5"",""yes_price_dollars"":""0.4700""}"
KXBTC15M-26APR281130-30,90a39f4b-c34b-767e-d9cf-bfc456d5148d,1777389310,0.49,3.0,yes,"{""count_fp"":""3.00"",""created_time"":""2026-04-28T15:15:10.597172Z"",""no_price_dollars"":""0.5100"",""taker_side"":""yes"",""ticker"":""KXBTC15M-26APR281130-30"",""trade_id"":""90a39f4b-c34b-767e-d9cf-bfc456d5148d"",""yes_price_dollars"":""0.4900""}"
KXBTC15M-26APR281130-30,4fb6f762-0466-7748-cd05-eb6cf23c78e8,1777389310,0.49,15.95,yes,"{""count_fp"":""15.95"",""created_time"":""2026-04-28T15:15:10.597172Z"",""no_price_dollars"":""0.5100"",""taker_side"":""yes"",""ticker"":""KXBTC15M-26APR281130-30"",""trade_id"":""4fb6f762-0466-7748-cd05-eb6cf23c78e8"",""yes_price_dollars"":""0.4900""}"
KXBTC15M-26APR281130-30,cec1e496-9828-69f4-4442-198668a6b562,1777389310,0.5,9.47,yes,"{""count_fp"":""9.47"",""created_time"":""2026-04-28T15:15:10.366897Z"",""no_price_dollars"":""0.5000"",""taker_side"":""yes"",""ticker"":""KXBTC15M-26APR281130-30"",""trade_id"":""cec1e496-9828-69f4-4442-198668a6b562"",""yes_price_dollars"":""0.5000""}"
KXBTC15M-26APR281130-30,6600d527-98c5-59c3-5840-61a9833ec706,1777389310,0.47,35.88,no,"{""count_fp"":""35.88"",""created_time"":""2026-04-28T15:15:10.365037Z"",""no_price_dollars"":""0.5300"",""taker_side"":""no"",""ticker"":""KXBTC15M-26APR281130-30"",""trade_id"":""6600d527-98c5-59c3-5840-61a9833ec706"",""yes_price_dollars"":""0.4700""}"
KXBTC15M-26APR281130-30,06795b9a-bca2-7d4a-bc70-7ac33e4483dd,1777389311,0.47,18.26,no,"{""count_fp"":""18.26"",""created_time"":""2026-04-28T15:15:11.848741Z"",""no_price_dollars"":""0.5300"",""taker_side"":""no"",""ticker"":""KXBTC15M-26APR281130-30"",""trade_id"":""06795b9a-bca2-7d4a-bc70-7ac33e4483dd"",""yes_price_dollars"":""0.4700""}"
KXBTC15M-26APR281130-30,baf11249-576b-745b-7a32-ea8df7de2386,1777389311,0.48,29.02,yes,"{""count_fp"":""29.02"",""created_time"":""2026-04-28T15:15:11.770687Z"",""no_price_dollars"":""0.5200"",""taker_side"":""yes"",""ticker"":""KXBTC15M-26APR281130-30"",""trade_id"":""baf11249-576b-745b-7a32-ea8df7de2386"",""yes_price_dollars"":""0.4800""}"
KXBTC15M-26APR281130-30,a0e8ced0-218f-66f7-ab3d-98d80666f742,1777389312,0.48,73.93,yes,"{""count_fp"":""73.93"",""created_time"":""2026-04-28T15:15:12.683295Z"",""no_price_dollars"":""0.5200"",""taker_side"":""yes"",""ticker"":""KXBTC15M-26APR281130-30"",""trade_id"":""a0e8ced0-218f-66f7-ab3d-98d80666f742"",""yes_price_dollars"":""0.4800""}"
KXBTC15M-26APR281130-30,b1e46f98-6ab7-6dbf-8948-af9ffc800336,1777389312,0.48,9.47,yes,"{""count_fp"":""9.47"",""created_time"":""2026-04-28T15:15:12.571237Z"",""no_price_dollars"":""0.5200"",""taker_side"":""yes"",""ticker"":""KXBTC15M-26APR281130-30"",""trade_id"":""b1e46f98-6ab7-6dbf-8948-af9ffc800336"",""yes_price_dollars"":""0.4800""}"
KXBTC15M-26APR281130-30,534bca1b-8a2b-5cab-3982-30c2a5bd7e62,1777389312,0.48,2.01,yes,"{""count_fp"":""2.01"",""created_time"":""2026-04-28T15:15:12.420226Z"",""no_price_dollars"":""0.5200"",""taker_side"":""yes"",""ticker"":""KXBTC15M-26APR281130-30"",""trade_id"":""534bca1b-8a2b-5cab-3982-30c2a5bd7e62"",""yes_price_dollars"":""0.4800""}"
KXBTC15M-26APR281130-30,fc2a358e-9632-5802-3da4-e9b27ec6d1dd,1777389312,0.47,8.97,no,"{""count_fp"":""8.97"",""created_time"":""2026-04-28T15:15:12.265952Z"",""no_price_dollars"":""0.5300"",""taker_side"":""no"",""ticker"":""KXBTC15M-26APR281130-30"",""trade_id"":""fc2a358e-9632-5802-3da4-e9b27ec6d1dd"",""yes_price_dollars"":""0.4700""}"
KXBTC15M-26APR281130-30,5fe90e0a-5182-6b7e-786d-d87375a2e159,1777389312,0.47,3.57,no,"{""count_fp"":""3.57"",""created_time"":""2026-04-28T15:15:12.090284Z"",""no_price_dollars"":""0.5300"",""taker_side"":""no"",""ticker"":""KXBTC15M-26APR281130-30"",""trade_id"":""5fe90e0a-5182-6b7e-786d-d87375a2e159"",""yes_price_dollars"":""0.4700""}"
KXBTC15M-26APR281130-30,dd98055b-33e7-7743-77cf-b7e24b48aa76,1777389313,0.48,30.15,yes,"{""count_fp"":""30.15"",""created_time"":""2026-04-28T15:15:13.859872Z"",""no_price_dollars"":""0.5200"",""taker_side"":""yes"",""ticker"":""KXBTC15M-26APR281130-30"",""trade_id"":""dd98055b-33e7-7743-77cf-b7e24b48aa76"",""yes_price_dollars"":""0.4800""}"
KXBTC15M-26APR281130-30,a0ccdf1f-676f-7497-888f-c551cd4219e2,1777389313,0.48,500.0,yes,"{""count_fp"":""500.00"",""created_time"":""2026-04-28T15:15:13.749418Z"",""no_price_dollars"":""0.5200"",""taker_side"":""yes"",""ticker"":""KXBTC15M-26APR281130-30"",""trade_id"":""a0ccdf1f-676f-7497-888f-c551cd4219e2"",""yes_price_dollars"":""0.4800""}"
KXBTC15M-26APR281130-30,39399eb8-bd73-4c0f-640f-d002b3e040de,1777389313,0.48,10.05,yes,"{""count_fp"":""10.05"",""created_time"":""2026-04-28T15:15:13.696616Z"",""no_price_dollars"":""0.5200"",""taker_side"":""yes"",""ticker"":""KXBTC15M-26APR281130-30"",""trade_id"":""39399eb8-bd73-4c0f-640f-d002b3e040de"",""yes_price_dollars"":""0.4800""}"
KXBTC15M-26APR281130-30,90eb808b-7732-5fb6-0b53-b6950b576795,1777389313,0.47,1.0,no,"{""count_fp"":""1.00"",""created_time"":""2026-04-28T15:15:13.527999Z"",""no_price_dollars"":""0.5300"",""taker_side"":""no"",""ticker"":""KXBTC15M-26APR281130-30"",""trade_id"":""90eb808b-7732-5fb6-0b53-b6950b576795"",""yes_price_dollars"":""0.4700""}"
KXBTC15M-26APR281130-30,ec315597-a0ff-4c03-3fab-0b2330a3ca76,1777389313,0.48,40.2,yes,"{""count_fp"":""40.20"",""created_time"":""2026-04-28T15:15:13.515725Z"",""no_price_dollars"":""0.5200"",""taker_side"":""yes"",""ticker"":""KXBTC15M-26APR281130-30"",""trade_id"":""ec315597-a0ff-4c03-3fab-0b2330a3ca76"",""yes_price_dollars"":""0.4800""}"
KXBTC15M-26APR281130-30,efaf9d31-6a70-4718-6e2b-75954a896009,1777389314,0.46,8.94,no,"{""count_fp"":""8.94"",""created_time"":""2026-04-28T15:15:14.936952Z"",""no_price_dollars"":""0.5400"",""taker_side"":""no"",""ticker"":""KXBTC15M-26APR281130-30"",""trade_id"":""efaf9d31-6a70-4718-6e2b-75954a896009"",""yes_price_dollars"":""0.4600""}"
KXBTC15M-26APR281130-30,597b6a89-4eae-7e66-af98-fc2d1b6b7a15,1777389314,0.47,50.25,yes,"{""count_fp"":""50.25"",""created_time"":""2026-04-28T15:15:14.893687Z"",""no_price_dollars"":""0.5300"",""taker_side"":""yes"",""ticker"":""KXBTC15M-26APR281130-30"",""trade_id"":""597b6a89-4eae-7e66-af98-fc2d1b6b7a15"",""yes_price_dollars"":""0.4700""}"
KXBTC15M-26APR281130-30,c560bba5-15d3-7d2c-5cf7-90798db0ceab,1777389314,0.47,25.34,no,"{""count_fp"":""25.34"",""created_time"":""2026-04-28T15:15:14.150079Z"",""no_price_dollars"":""0.5300"",""taker_side"":""no"",""ticker"":""KXBTC15M-26APR281130-30"",""trade_id"":""c560bba5-15d3-7d2c-5cf7-90798db0ceab"",""yes_price_dollars"":""0.4700""}"
KXBTC15M-26APR281130-30,d7e59859-ac65-7f46-a38a-b78a147a626f,1777389314,0.47,23.95,no,"{""count_fp"":""23.95"",""created_time"":""2026-04-28T15:15:14.136175Z"",""no_price_dollars"":""0.5300"",""taker_side"":""no"",""ticker"":""KXBTC15M-26APR281130-30"",""trade_id"":""d7e59859-ac65-7f46-a38a-b78a147a626f"",""yes_price_dollars"":""0.4700""}"
KXBTC15M-26APR281130-30,d01de173-9877-7530-bc01-7546cf59f38f,1777389314,0.47,4.66,no,"{""count_fp"":""4.66"",""created_time"":""2026-04-28T15:15:14.136175Z"",""no_price_dollars"":""0.5300"",""taker_side"":""no"",""ticker"":""KXBTC15M-26APR281130-30"",""trade_id"":""d01de173-9877-7530-bc01-7546cf59f38f"",""yes_price_dollars"":""0.4700""}"
KXBTC15M-26APR281130-30,3244ba01-6d9e-716a-ae21-b41dd6582b89,1777389314,0.47,21.39,no,"{""count_fp"":""21.39"",""created_time"":""2026-04-28T15:15:14.136175Z"",""no_price_dollars"":""0.5300"",""taker_side"":""no"",""ticker"":""KXBTC15M-26APR281130-30"",""trade_id"":""3244ba01-6d9e-716a-ae21-b41dd6582b89"",""yes_price_dollars"":""0.4700""}"
KXBTC15M-26APR281130-30,74de913c-818e-54f1-59f3-5824f8f2526e,1777389315,0.46,138.0,no,"{""count_fp"":""138.00"",""created_time"":""2026-04-28T15:15:15.922237Z"",""no_price_dollars"":""0.5400"",""taker_side"":""no"",""ticker"":""KXBTC15M-26APR281130-30"",""trade_id"":""74de913c-818e-54f1-59f3-5824f8f2526e"",""yes_price_dollars"":""0.4600""}"
KXBTC15M-26APR281130-30,d831bc24-bb24-48bc-d65c-be95b4996d11,1777389315,0.47,56.0,yes,"{""count_fp"":""56.00"",""created_time"":""2026-04-28T15:15:15.846514Z"",""no_price_dollars"":""0.5300"",""taker_side"":""yes"",""ticker"":""KXBTC15M-26APR281130-30"",""trade_id"":""d831bc24-bb24-48bc-d65c-be95b4996d11"",""yes_price_dollars"":""0.4700""}"
KXBTC15M-26APR281130-30,e4b36312-56f4-73c4-9085-0f9c7bf7d745,1777389315,0.46,13.23,no,"{""count_fp"":""13.23"",""created_time"":""2026-04-28T15:15:15.840708Z"",""no_price_dollars"":""0.5400"",""taker_side"":""no"",""ticker"":""KXBTC15M-26APR281130-30"",""trade_id"":""e4b36312-56f4-73c4-9085-0f9c7bf7d745"",""yes_price_dollars"":""0.4600""}"
KXBTC15M-26APR281130-30,d5e72157-eeb7-7cdf-8a99-bd9c3c65adf1,1777389315,0.46,1.0,no,"{""count_fp"":""1.00"",""created_time"":""2026-04-28T15:15:15.840708Z"",""no_price_dollars"":""0.5400"",""taker_side"":""no"",""ticker"":""KXBTC15M-26APR281130-30"",""trade_id"":""d5e72157-eeb7-7cdf-8a99-bd9c3c65adf1"",""yes_price_dollars"":""0.4600""}"
KXBTC15M-26APR281130-30,0741e468-060a-7e09-8a5a-7a0d4d11f042,1777389315,0.46,3.71,no,"{""count_fp"":""3.71"",""created_time"":""2026-04-28T15:15:15.840708Z"",""no_price_dollars"":""0.5400"",""taker_side"":""no"",""ticker"":""KXBTC15M-26APR281130-30"",""trade_id"":""0741e468-060a-7e09-8a5a-7a0d4d11f042"",""yes_price_dollars"":""0.4600""}"
KXBTC15M-26APR281130-30,cc4952d2-5fb8-6704-ece5-27198b673959,1777389315,0.47,40.2,yes,"{""count_fp"":""40.20"",""created_time"":""2026-04-28T15:15:15.776254Z"",""no_price_dollars"":""0.5300"",""taker_side"":""yes"",""ticker"":""KXBTC15M-26APR281130-30"",""trade_id"":""cc4952d2-5fb8-6704-ece5-27198b673959"",""yes_price_dollars"":""0.4700""}"
KXBTC15M-26APR281130-30,f06f81cc-fbae-678d-78c8-8b76ae12b470,1777389315,0.47,9.0,yes,"{""count_fp"":""9.00"",""created_time"":""2026-04-28T15:15:15.322217Z"",""no_price_dollars"":""0.5300"",""taker_side"":""yes"",""ticker"":""KXBTC15M-26APR281130-30"",""trade_id"":""f06f81cc-fbae-678d-78c8-8b76ae12b470"",""yes_price_dollars"":""0.4700""}"
KXBTC15M-26APR281130-30,c0f0e78f-b558-645c-43df-6558839a6ed9,1777389315,0.47,0.86,yes,"{""count_fp"":""0.86"",""created_time"":""2026-04-28T15:15:15.322217Z"",""no_price_dollars"":""0.5300"",""taker_side"":""yes"",""ticker"":""KXBTC15M-26APR281130-30"",""trade_id"":""c0f0e78f-b558-645c-43df-6558839a6ed9"",""yes_price_dollars"":""0.4700""}"
KXBTC15M-26APR281130-30,1e7d2d59-4aee-63d2-727b-75cace71ab65,1777389315,0.47,24.41,yes,"{""count_fp"":""24.41"",""created_time"":""2026-04-28T15:15:15.322217Z"",""no_price_dollars"":""0.5300"",""taker_side"":""yes"",""ticker"":""KXBTC15M-26APR281130-30"",""trade_id"":""1e7d2d59-4aee-63d2-727b-75cace71ab65"",""yes_price_dollars"":""0.4700""}"
KXBTC15M-26APR281130-30,1c13ad65-dfbf-6505-43a8-8cffe606d604,1777389315,0.47,20.0,yes,"{""count_fp"":""20.00"",""created_time"":""2026-04-28T15:15:15.322217Z"",""no_price_dollars"":""0.5300"",""taker_side"":""yes"",""ticker"":""KXBTC15M-26APR281130-30"",""trade_id"":""1c13ad65-dfbf-6505-43a8-8cffe606d604"",""yes_price_dollars"":""0.4700""}"
KXBTC15M-26APR281130-30,2804d01f-38e0-7330-43f8-fb859444ba85,1777389316,0.47,2.01,yes,"{""count_fp"":""2.01"",""created_time"":""2026-04-28T15:15:16.675568Z"",""no_price_dollars"":""0.5300"",""taker_side"":""yes"",""ticker"":""KXBTC15M-26APR281130-30"",""trade_id"":""2804d01f-38e0-7330-43f8-fb859444ba85"",""yes_price_dollars"":""0.4700""}"
KXBTC15M-26APR281130-30,c94131a8-f378-6894-935f-1f84a5459d15,1777389316,0.47,102.57,yes,"{""count_fp"":""102.57"",""created_time"":""2026-04-28T15:15:16.054985Z"",""no_price_dollars"":""0.5300"",""taker_side"":""yes"",""ticker"":""KXBTC15M-26APR281130-30"",""trade_id"":""c94131a8-f378-6894-935f-1f84a5459d15"",""yes_price_dollars"":""0.4700""}"
KXBTC15M-26APR281130-30,6cd65ca8-8e0a-44a4-72a3-2682542bf468,1777389317,0.45,8.79,no,"{""count_fp"":""8.79"",""created_time"":""2026-04-28T15:15:17.654231Z"",""no_price_dollars"":""0.5500"",""taker_side"":""no"",""ticker"":""KXBTC15M-26APR281130-30"",""trade_id"":""6cd65ca8-8e0a-44a4-72a3-2682542bf468"",""yes_price_dollars"":""0.4500""}"
KXBTC15M-26APR281130-30,9d467fd6-47d0-6c5e-2524-789ab0c3d692,1777389317,0.46,3.0,yes,"{""count_fp"":""3.00"",""created_time"":""2026-04-28T15:15:17.493496Z"",""no_price_dollars"":""0.5400"",""taker_side"":""yes"",""ticker"":""KXBTC15M-26APR281130-30"",""trade_id"":""9d467fd6-47d0-6c5e-2524-789ab0c3d692"",""yes_price_dollars"":""0.4600""}"
KXBTC15M-26APR281130-30,1a2b859f-b8bf-6cb0-1ac3-ea4db2c64bda,1777389317,0.46,48.28,yes,"{""count_fp"":""48.28"",""created_time"":""2026-04-28T15:15:17.493496Z"",""no_price_dollars"":""0.5400"",""taker_side"":""yes"",""ticker"":""KXBTC15M-26APR281130-30"",""trade_id"":""1a2b859f-b8bf-6cb0-1ac3-ea4db2c64bda"",""yes_price_dollars"":""0.4600""}"
KXBTC15M-26APR281130-30,24843460-c30a-646a-da06-883f8429a8c4,1777389317,0.46,9.0,no,"{""count_fp"":""9.00"",""created_time"":""2026-04-28T15:15:17.138727Z"",""no_price_dollars"":""0.5400"",""taker_side"":""no"",""ticker"":""KXBTC15M-26APR281130-30"",""trade_id"":""24843460-c30a-646a-da06-883f8429a8c4"",""yes_price_dollars"":""0.4600""}"
KXBTC15M-26APR281130-30,ef1c51f7-f0e2-7967-cb31-505382a09f4b,1777389318,0.41,16.0,no,"{""count_fp"":""16.00"",""created_time"":""2026-04-28T15:15:18.952779Z"",""no_price_dollars"":""0.5900"",""taker_side"":""no"",""ticker"":""KXBTC15M-26APR281130-30"",""trade_id"":""ef1c51f7-f0e2-7967-cb31-505382a09f4b"",""yes_price_dollars"":""0.4100""}"
KXBTC15M-26APR281130-30,ab2ce55e-9bf3-72ef-e057-c22ca9f4fe36,1777389318,0.4,136.74,no,"{""count_fp"":""136.74"",""created_time"":""2026-04-28T15:15:18.952779Z"",""no_price_dollars"":""0.6000"",""taker_side"":""no"",""ticker"":""KXBTC15M-26APR281130-30"",""trade_id"":""ab2ce55e-9bf3-72ef-e057-c22ca9f4fe36"",""yes_price_dollars"":""0.4000""}"
KXBTC15M-26APR281130-30,7480b494-8f66-76a3-c088-713684aaf3f2,1777389318,0.4,1.0,no,"{""count_fp"":""1.00"",""created_time"":""2026-04-28T15:15:18.952779Z"",""no_price_dollars"":""0.6000"",""taker_side"":""no"",""ticker"":""KXBTC15M-26APR281130-30"",""trade_id"":""7480b494-8f66-76a3-c088-713684aaf3f2"",""yes_price_dollars"":""0.4000""}"
KXBTC15M-26APR281130-30,5e10e9ea-3c0d-7761-d128-9a83820c4a3a,1777389318,0.41,225.22,no,"{""count_fp"":""225.22"",""created_time"":""2026-04-28T15:15:18.952779Z"",""no_price_dollars"":""0.5900"",""taker_side"":""no"",""ticker"":""KXBTC15M-26APR281130-30"",""trade_id"":""5e10e9ea-3c0d-7761-d128-9a83820c4a3a"",""yes_price_dollars"":""0.4100""}"
KXBTC15M-26APR281130-30,18a3e774-cd27-71d7-f684-033b92452257,1777389318,0.4,20.0,no,"{""count_fp"":""20.00"",""created_time"":""2026-04-28T15:15:18.952779Z"",""no_price_dollars"":""0.6000"",""taker_side"":""no"",""ticker"":""KXBTC15M-26APR281130-30"",""trade_id"":""18a3e774-cd27-71d7-f684-033b92452257"",""yes_price_dollars"":""0.4000""}"
KXBTC15M-26APR281130-30,f9b6ca62-43c0-7a6b-b595-79a1e1b65dc3,1777389318,0.42,3.0,no,"{""count_fp"":""3.00"",""created_time"":""2026-04-28T15:15:18.909748Z"",""no_price_dollars"":""0.5800"",""taker_side"":""no"",""ticker"":""KXBTC15M-26APR281130-30"",""trade_id"":""f9b6ca62-43c0-7a6b-b595-79a1e1b65dc3"",""yes_price_dollars"":""0.4200""}"
KXBTC15M-26APR281130-30,c5bed8b1-139d-7b23-829c-1d068ec894a2,1777389318,0.43,9.3,no,"{""count_fp"":""9.30"",""created_time"":""2026-04-28T15:15:18.909748Z"",""no_price_dollars"":""0.5700"",""taker_side"":""no"",""ticker"":""KXBTC15M-26APR281130-30"",""trade_id"":""c5bed8b1-139d-7b23-829c-1d068ec894a2"",""yes_price_dollars"":""0.4300""}"
KXBTC15M-26APR281130-30,c4347037-5292-7196-a0d9-9d1345dbbe62,1777389318,0.42,10.0,no,"{""count_fp"":""10.00"",""created_time"":""2026-04-28T15:15:18.909748Z"",""no_price_dollars"":""0.5800"",""taker_side"":""no"",""ticker"":""KXBTC15M-26APR281130-30"",""trade_id"":""c4347037-5292-7196-a0d9-9d1345dbbe62"",""yes_price_dollars"":""0.4200""}"
KXBTC15M-26APR281130-30,b90f3636-6f68-7623-9bd9-52028de7963e,1777389318,0.42,10.0,no,"{""count_fp"":""10.00"",""created_time"":""2026-04-28T15:15:18.909748Z"",""no_price_dollars"":""0.5800"",""taker_side"":""no"",""ticker"":""KXBTC15M-26APR281130-30"",""trade_id"":""b90f3636-6f68-7623-9bd9-52028de7963e"",""yes_price_dollars"":""0.4200""}"
KXBTC15M-26APR281130-30,a71f8af7-1fa9-7e9d-bd25-71e7df1d7c2e,1777389318,0.41,574.78,no,"{""count_fp"":""574.78"",""created_time"":""2026-04-28T15:15:18.909748Z"",""no_price_dollars"":""0.5900"",""taker_side"":""no"",""ticker"":""KXBTC15M-26APR281130-30"",""trade_id"":""a71f8af7-1fa9-7e9d-bd25-71e7df1d7c2e"",""yes_price_dollars"":""0.4100""}"
KXBTC15M-26APR281130-30,a18e1e4e-d281-7652-b893-49f0591049cf,1777389318,0.42,5.0,no,"{""count_fp"":""5.00"",""created_time"":""2026-04-28T15:15:18.909748Z"",""no_price_dollars"":""0.5800"",""taker_side"":""no"",""ticker"":""KXBTC15M-26APR281130-30"",""trade_id"":""a18e1e4e-d281-7652-b893-49f0591049cf"",""yes_price_dollars"":""0.4200""}"
KXBTC15M-26APR281130-30,8c628829-537c-7c9e-bfc6-331d1d52c899,1777389318,0.43,10.0,no,"{""count_fp"":""10.00"",""created_time"":""2026-04-28T15:15:18.909748Z"",""no_price_dollars"":""0.5700"",""taker_side"":""no"",""ticker"":""KXBTC15M-26APR281130-30"",""trade_id"":""8c628829-537c-7c9e-bfc6-331d1d52c899"",""yes_price_dollars"":""0.4300""}"
KXBTC15M-26APR281130-30,3c955634-391d-76d8-9f00-d0f1546df112,1777389318,0.41,56.0,no,"{""count_fp"":""56.00"",""created_time"":""2026-04-28T15:15:18.909748Z"",""no_price_dollars"":""0.5900"",""taker_side"":""no"",""ticker"":""KXBTC15M-26APR281130-30"",""trade_id"":""3c955634-391d-76d8-9f00-d0f1546df112"",""yes_price_dollars"":""0.4100""}"
KXBTC15M-26APR281130-30,2fdfbb7e-6ee0-7c18-82e9-062d16f82a23,1777389318,0.43,150.0,no,"{""count_fp"":""150.00"",""created_time"":""2026-04-28T15:15:18.909748Z"",""no_price_dollars"":""0.5700"",""taker_side"":""no"",""ticker"":""KXBTC15M-26APR281130-30"",""trade_id"":""2fdfbb7e-6ee0-7c18-82e9-062d16f82a23"",""yes_price_dollars"":""0.4300""}"
KXBTC15M-26APR281130-30,7194fe10-496e-69d2-e483-d9967439cce1,1777389318,0.44,7.0,yes,"{""count_fp"":""7.00"",""created_time"":""2026-04-28T15:15:18.784543Z"",""no_price_dollars"":""0.5600"",""taker_side"":""yes"",""ticker"":""KXBTC15M-26APR281130-30"",""trade_id"":""7194fe10-496e-69d2-e483-d9967439cce1"",""yes_price_dollars"":""0.4400""}"
KXBTC15M-26APR281130-30,43e6f6aa-44a0-65cf-f386-0709cd4cfd11,1777389318,0.44,3.45,yes,"{""count_fp"":""3.45"",""created_time"":""2026-04-28T15:15:18.784543Z"",""no_price_dollars"":""0.5600"",""taker_side"":""yes"",""ticker"":""KXBTC15M-26APR281130-30"",""trade_id"":""43e6f6aa-44a0-65cf-f386-0709cd4cfd11"",""yes_price_dollars"":""0.4400""}"
KXBTC15M-26APR281130-30,b26b287d-7ac6-43f5-994e-ae82370a7c52,1777389318,0.45,8.29,no,"{""count_fp"":""8.29"",""created_time"":""2026-04-28T15:15:18.287015Z"",""no_price_dollars"":""0.5500"",""taker_side"":""no"",""ticker"":""KXBTC15M-26APR281130-30"",""trade_id"":""b26b287d-7ac6-43f5-994e-ae82370a7c52"",""yes_price_dollars"":""0.4500""}"
KXBTC15M-26APR281130-30,9f2568ed-9b00-4706-b992-298be91b85a6,1777389318,0.44,20.0,no,"{""count_fp"":""20.00"",""created_time"":""2026-04-28T15:15:18.287015Z"",""no_price_dollars"":""0.5600"",""taker_side"":""no"",""ticker"":""KXBTC15M-26APR281130-30"",""trade_id"":""9f2568ed-9b00-4706-b992-298be91b85a6"",""yes_price_dollars"":""0.4400""}"
KXBTC15M-26APR281130-30,83e4ef46-3115-45bf-a4b4-7b490084659a,1777389318,0.43,0.7,no,"{""count_fp"":""0.70"",""created_time"":""2026-04-28T15:15:18.287015Z"",""no_price_dollars"":""0.5700"",""taker_side"":""no"",""ticker"":""KXBTC15M-26APR281130-30"",""trade_id"":""83e4ef46-3115-45bf-a4b4-7b490084659a"",""yes_price_dollars"":""0.4300""}"
KXBTC15M-26APR281130-30,6299626c-5ba6-4c10-9493-3b5d0d15c708,1777389318,0.45,11.21,no,"{""count_fp"":""11.21"",""created_time"":""2026-04-28T15:15:18.287015Z"",""no_price_dollars"":""0.5500"",""taker_side"":""no"",""ticker"":""KXBTC15M-26APR281130-30"",""trade_id"":""6299626c-5ba6-4c10-9493-3b5d0d15c708"",""yes_price_dollars"":""0.4500""}"
KXBTC15M-26APR281130-30,193ad8ba-38a5-4193-add4-d6883d15253f,1777389318,0.44,3.0,no,"{""count_fp"":""3.00"",""created_time"":""2026-04-28T15:15:18.287015Z"",""no_price_dollars"":""0.5600"",""taker_side"":""no"",""ticker"":""KXBTC15M-26APR281130-30"",""trade_id"":""193ad8ba-38a5-4193-add4-d6883d15253f"",""yes_price_dollars"":""0.4400""}"
KXBTC15M-26APR281130-30,36db1052-7dbc-7440-3105-8f80cc671141,1777389318,0.46,1.0,yes,"{""count_fp"":""1.00"",""created_time"":""2026-04-28T15:15:18.077031Z"",""no_price_dollars"":""0.5400"",""taker_side"":""yes"",""ticker"":""KXBTC15M-26APR281130-30"",""trade_id"":""36db1052-7dbc-7440-3105-8f80cc671141"",""yes_price_dollars"":""0.4600""}"
KXBTC15M-26APR281130-30,dd7ea88a-bcff-55af-5e7f-536cba2856c1,1777389319,0.42,0.83,yes,"{""count_fp"":""0.83"",""created_time"":""2026-04-28T15:15:19.939751Z"",""no_price_dollars"":""0.5800"",""taker_side"":""yes"",""ticker"":""KXBTC15M-26APR281130-30"",""trade_id"":""dd7ea88a-bcff-55af-5e7f-536cba2856c1"",""yes_price_dollars"":""0.4200""}"
KXBTC15M-26APR281130-30,7fc474bb-e743-773b-5d25-428a41992891,1777389319,0.42,10.47,yes,"{""count_fp"":""10.47"",""created_time"":""2026-04-28T15:15:19.481091Z"",""no_price_dollars"":""0.5800"",""taker_side"":""yes"",""ticker"":""KXBTC15M-26APR281130-30"",""trade_id"":""7fc474bb-e743-773b-5d25-428a41992891"",""yes_price_dollars"":""0.4200""}"
KXBTC15M-26APR281130-30,989022df-88ff-5153-7c80-768a9f05ba05,1777389319,0.42,64.93,yes,"{""count_fp"":""64.93"",""created_time"":""2026-04-28T15:15:19.209192Z"",""no_price_dollars"":""0.5800"",""taker_side"":""yes"",""ticker"":""KXBTC15M-26APR281130-30"",""trade_id"":""989022df-88ff-5153-7c80-768a9f05ba05"",""yes_price_dollars"":""0.4200""}"
KXBTC15M-26APR281130-30,75081d7b-4f50-6cc7-eb27-5a80e58c02f1,1777389319,0.43,500.0,yes,"{""count_fp"":""500.00"",""created_time"":""2026-04-28T15:15:19.039685Z"",""no_price_dollars"":""0.5700"",""taker_side"":""yes"",""ticker"":""KXBTC15M-26APR281130-30"",""trade_id"":""75081d7b-4f50-6cc7-eb27-5a80e58c02f1"",""yes_price_dollars"":""0.4300""}"
KXBTC15M-26APR281130-30,0bf1b37f-2cb8-6e90-e585-14f06c44f079,1777389319,0.44,74.43,yes,"{""count_fp"":""74.43"",""created_time"":""2026-04-28T15:15:19.039685Z"",""no_price_dollars"":""0.5600"",""taker_side"":""yes"",""ticker"":""KXBTC15M-26APR281130-30"",""trade_id"":""0bf1b37f-2cb8-6e90-e585-14f06c44f079"",""yes_price_dollars"":""0.4400""}"
KXBTC15M-26APR281130-30,9ad1c17e-4b5a-491f-1c6d-dd4516fdc802,1777389320,0.41,3.51,no,"{""count_fp"":""3.51"",""created_time"":""2026-04-28T15:15:20.754786Z"",""no_price_dollars"":""0.5900"",""taker_side"":""no"",""ticker"":""KXBTC15M-26APR281130-30"",""trade_id"":""9ad1c17e-4b5a-491f-1c6d-dd4516fdc802"",""yes_price_dollars"":""0.4100""}"
KXBTC15M-26APR281130-30,26745864-8f35-4ad4-26b4-0a63846b6d35,1777389320,0.41,3.0,no,"{""count_fp"":""3.00"",""created_time"":""2026-04-28T15:15:20.754786Z"",""no_price_dollars"":""0.5900"",""taker_side"":""no"",""ticker"":""KXBTC15M-26APR281130-30"",""trade_id"":""26745864-8f35-4ad4-26b4-0a63846b6d35"",""yes_price_dollars"":""0.4100""}"
KXBTC15M-26APR281130-30,58185bc8-30d3-5c77-2ca1-669ec3d4a8e1,1777389320,0.42,41.03,yes,"{""count_fp"":""41.03"",""created_time"":""2026-04-28T15:15:20.116809Z"",""no_price_dollars"":""0.5800"",""taker_side"":""yes"",""ticker"":""KXBTC15M-26APR281130-30"",""trade_id"":""58185bc8-30d3-5c77-2ca1-669ec3d4a8e1"",""yes_price_dollars"":""0.4200""}"
KXBTC15M-26APR281130-30,e7213c48-5caf-6493-2014-506b533b689d,1777389321,0.42,22.88,yes,"{""count_fp"":""22.88"",""created_time"":""2026-04-28T15:15:21.911666Z"",""no_price_dollars"":""0.5800"",""taker_side"":""yes"",""ticker"":""KXBTC15M-26APR281130-30"",""trade_id"":""e7213c48-5caf-6493-2014-506b533b689d"",""yes_price_dollars"":""0.4200""}"
KXBTC15M-26APR281130-30,b67abaee-30cf-6127-fa08-25113060cda9,1777389321,0.42,4.57,yes,"{""count_fp"":""4.57"",""created_time"":""2026-04-28T15:15:21.760494Z"",""no_price_dollars"":""0.5800"",""taker_side"":""yes"",""ticker"":""KXBTC15M-26APR281130-30"",""trade_id"":""b67abaee-30cf-6127-fa08-25113060cda9"",""yes_price_dollars"":""0.4200""}"
KXBTC15M-26APR281130-30,3114a365-8257-63e1-9603-8eb28c2da60d,1777389321,0.41,1.0,no,"{""count_fp"":""1.00"",""created_time"":""2026-04-28T15:15:21.278305Z"",""no_price_dollars"":""0.5900"",""taker_side"":""no"",""ticker"":""KXBTC15M-26APR281130-30"",""trade_id"":""3114a365-8257-63e1-9603-8eb28c2da60d"",""yes_price_dollars"":""0.4100""}"
KXBTC15M-26APR281130-30,f0b3a962-aed8-4b9f-dabc-584f0050aeb9,1777389322,0.4,3.13,no,"{""count_fp"":""3.13"",""created_time"":""2026-04-28T15:15:22.872058Z"",""no_price_dollars"":""0.6000"",""taker_side"":""no"",""ticker"":""KXBTC15M-26APR281130-30"",""trade_id"":""f0b3a962-aed8-4b9f-dabc-584f0050aeb9"",""yes_price_dollars"":""0.4000""}"
KXBTC15M-26APR281130-30,3afc8cca-9da6-4bca-fced-d3474d8938a8,1777389322,0.41,5.0,no,"{""count_fp"":""5.00"",""created_time"":""2026-04-28T15:15:22.872058Z"",""no_price_dollars"":""0.5900"",""taker_side"":""no"",""ticker"":""KXBTC15M-26APR281130-30"",""trade_id"":""3afc8cca-9da6-4bca-fced-d3474d8938a8"",""yes_price_dollars"":""0.4100""}"
KXBTC15M-26APR281130-30,c5ebcacf-a35b-68f3-1377-71be51dcff05,1777389322,0.42,1.0,yes,"{""count_fp"":""1.00"",""created_time"":""2026-04-28T15:15:22.719889Z"",""no_price_dollars"":""0.5800"",""taker_side"":""yes"",""ticker"":""KXBTC15M-26APR281130-30"",""trade_id"":""c5ebcacf-a35b-68f3-1377-71be51dcff05"",""yes_price_dollars"":""0.4200""}"
KXBTC15M-26APR281130-30,aba34b77-b1a7-779f-a5b3-8b0378e2f1f5,1777389322,0.42,20.59,yes,"{""count_fp"":""20.59"",""created_time"":""2026-04-28T15:15:22.692348Z"",""no_price_dollars"":""0.5800"",""taker_side"":""yes"",""ticker"":""KXBTC15M-26APR281130-30"",""trade_id"":""aba34b77-b1a7-779f-a5b3-8b0378e2f1f5"",""yes_price_dollars"":""0.4200""}"
KXBTC15M-26APR281130-30,b35412bc-338f-78d3-bdf5-3658b1aca9b9,1777389322,0.42,22.88,yes,"{""count_fp"":""22.88"",""created_time"":""2026-04-28T15:15:22.427068Z"",""no_price_dollars"":""0.5800"",""taker_side"":""yes"",""ticker"":""KXBTC15M-26APR281130-30"",""trade_id"":""b35412bc-338f-78d3-bdf5-3658b1aca9b9"",""yes_price_dollars"":""0.4200""}"
KXBTC15M-26APR281130-30,aab028a6-0a13-452b-a70b-eb1c8f04e391,1777389322,0.42,2.0,yes,"{""count_fp"":""2.00"",""created_time"":""2026-04-28T15:15:22.074336Z"",""no_price_dollars"":""0.5800"",""taker_side"":""yes"",""ticker"":""KXBTC15M-26APR281130-30"",""trade_id"":""aab028a6-0a13-452b-a70b-eb1c8f04e391"",""yes_price_dollars"":""0.4200""}"
KXBTC15M-26APR281130-30,903fc2a1-192b-6d9c-6ff1-4ca8c261d860,1777389323,0.4,9.0,yes,"{""count_fp"":""9.00"",""created_time"":""2026-04-28T15:15:23.923886Z"",""no_price_dollars"":""0.6000"",""taker_side"":""yes"",""ticker"":""KXBTC15M-26APR281130-30"",""trade_id"":""903fc2a1-192b-6d9c-6ff1-4ca8c261d860"",""yes_price_dollars"":""0.4000""}"
KXBTC15M-26APR281130-30,fc544cdd-ae8e-5b1a-bb8d-9c0d0dcd977d,1777389323,0.39,1.0,no,"{""count_fp"":""1.00"",""created_time"":""2026-04-28T15:15:23.646555Z"",""no_price_dollars"":""0.6100"",""taker_side"":""no"",""ticker"":""KXBTC15M-26APR281130-30"",""trade_id"":""fc544cdd-ae8e-5b1a-bb8d-9c0d0dcd977d"",""yes_price_dollars"":""0.3900""}"
KXBTC15M-26APR281130-30,ef3795ba-032f-5357-9cb6-4a46938ec935,1777389323,0.4,30.0,no,"{""count_fp"":""30.00"",""created_time"":""2026-04-28T15:15:23.646555Z"",""no_price_dollars"":""0.6000"",""taker_side"":""no"",""ticker"":""KXBTC15M-26APR281130-30"",""trade_id"":""ef3795ba-032f-5357-9cb6-4a46938ec935"",""yes_price_dollars"":""0.4000""}"
KXBTC15M-26APR281130-30,df5780ce-4a9a-5ef0-9e70-55095c3df822,1777389323,0.39,32.69,no,"{""count_fp"":""32.69"",""created_time"":""2026-04-28T15:15:23.646555Z"",""no_price_dollars"":""0.6100"",""taker_side"":""no"",""ticker"":""KXBTC15M-26APR281130-30"",""trade_id"":""df5780ce-4a9a-5ef0-9e70-55095c3df822"",""yes_price_dollars"":""0.3900""}"
KXBTC15M-26APR281130-30,72810dfb-a05c-5da3-a5f5-6f4ea694a1a9,1777389323,0.4,1.87,no,"{""count_fp"":""1.87"",""created_time"":""2026-04-28T15:15:23.646555Z"",""no_price_dollars"":""0.6000"",""taker_side"":""no"",""ticker"":""KXBTC15M-26APR281130-30"",""trade_id"":""72810dfb-a05c-5da3-a5f5-6f4ea694a1a9"",""yes_price_dollars"":""0.4000""}"
KXBTC15M-26APR281130-30,480cdf3e-920d-5257-abc6-1e87758288ac,1777389323,0.4,5.0,no,"{""count_fp"":""5.00"",""created_time"":""2026-04-28T15:15:23.646555Z"",""no_price_dollars"":""0.6000"",""taker_side"":""no"",""ticker"":""KXBTC15M-26APR281130-30"",""trade_id"":""480cdf3e-920d-5257-abc6-1e87758288ac"",""yes_price_dollars"":""0.4000""}"
KXBTC15M-26APR281130-30,1c506210-5312-514e-a984-7ac7aa48c9ae,1777389323,0.39,1.0,no,"{""count_fp"":""1.00"",""created_time"":""2026-04-28T15:15:23.646555Z"",""no_price_dollars"":""0.6100"",""taker_side"":""no"",""ticker"":""KXBTC15M-26APR281130-30"",""trade_id"":""1c506210-5312-514e-a984-7ac7aa48c9ae"",""yes_price_dollars"":""0.3900""}"
KXBTC15M-26APR281130-30,92a0f0d1-3163-5cf7-332d-493236e36561,1777389323,0.42,123.55,yes,"{""count_fp"":""123.55"",""created_time"":""2026-04-28T15:15:23.017533Z"",""no_price_dollars"":""0.5800"",""taker_side"":""yes"",""ticker"":""KXBTC15M-26APR281130-30"",""trade_id"":""92a0f0d1-3163-5cf7-332d-493236e36561"",""yes_price_dollars"":""0.4200""}"
KXBTC15M-26APR281130-30,fe6a3212-502f-4f30-f218-b119b8372490,1777389324,0.4,11.44,yes,"{""count_fp"":""11.44"",""created_time"":""2026-04-28T15:15:24.964827Z"",""no_price_dollars"":""0.6000"",""taker_side"":""yes"",""ticker"":""KXBTC15M-26APR281130-30"",""trade_id"":""fe6a3212-502f-4f30-f218-b119b8372490"",""yes_price_dollars"":""0.4000""}"
KXBTC15M-26APR281130-30,c2ebb85b-2c13-4020-675c-516891ce4188,1777389324,0.4,6.95,yes,"{""count_fp"":""6.95"",""created_time"":""2026-04-28T15:15:24.436511Z"",""no_price_dollars"":""0.6000"",""taker_side"":""yes"",""ticker"":""KXBTC15M-26APR281130-30"",""trade_id"":""c2ebb85b-2c13-4020-675c-516891ce4188"",""yes_price_dollars"":""0.4000""}"
KXBTC15M-26APR281130-30,0c80b184-059b-4b58-ee13-75672fe7f0f8,1777389324,0.4,2.0,yes,"{""count_fp"":""2.00"",""created_time"":""2026-04-28T15:15:24.129975Z"",""no_price_dollars"":""0.6000"",""taker_side"":""yes"",""ticker"":""KXBTC15M-26APR281130-30"",""trade_id"":""0c80b184-059b-4b58-ee13-75672fe7f0f8"",""yes_price_dollars"":""0.4000""}"
KXBTC15M-26APR281130-30,54624743-dd05-590b-bfd9-1aeead7c51db,1777389325,0.39,6.38,no,"{""count_fp"":""6.38"",""created_time"":""2026-04-28T15:15:25.997434Z"",""no_price_dollars"":""0.6100"",""taker_side"":""no"",""ticker"":""KXBTC15M-26APR281130-30"",""trade_id"":""54624743-dd05-590b-bfd9-1aeead7c51db"",""yes_price_dollars"":""0.3900""}"
KXBTC15M-26APR281130-30,33cfaf3f-1f17-740c-3f96-3701cd891a40,1777389325,0.4,2.0,yes,"{""count_fp"":""2.00"",""created_time"":""2026-04-28T15:15:25.689367Z"",""no_price_dollars"":""0.6000"",""taker_side"":""yes"",""ticker"":""KXBTC15M-26APR281130-30"",""trade_id"":""33cfaf3f-1f17-740c-3f96-3701cd891a40"",""yes_price_dollars"":""0.4000""}"
KXBTC15M-26APR281130-30,79473901-e64b-5540-6fc6-5c6ee5310c2d,1777389325,0.39,1.0,no,"{""count_fp"":""1.00"",""created_time"":""2026-04-28T15:15:25.634466Z"",""no_price_dollars"":""0.6100"",""taker_side"":""no"",""ticker"":""KXBTC15M-26APR281130-30"",""trade_id"":""79473901-e64b-5540-6fc6-5c6ee5310c2d"",""yes_price_dollars"":""0.3900""}"
KXBTC15M-26APR281130-30,20bed652-9329-5cc7-61fe-fe1814fbaa93,1777389325,0.39,0.59,no,"{""count_fp"":""0.59"",""created_time"":""2026-04-28T15:15:25.634466Z"",""no_price_dollars"":""0.6100"",""taker_side"":""no"",""ticker"":""KXBTC15M-26APR281130-30"",""trade_id"":""20bed652-9329-5cc7-61fe-fe1814fbaa93"",""yes_price_dollars"":""0.3900""}"
KXBTC15M-26APR281130-30,c48bcac9-568d-6fa3-e960-3c97b100e6e7,1777389326,0.41,1.0,no,"{""count_fp"":""1.00"",""created_time"":""2026-04-28T15:15:26.981046Z"",""no_price_dollars"":""0.5900"",""taker_side"":""no"",""ticker"":""KXBTC15M-26APR281130-30"",""trade_id"":""c48bcac9-568d-6fa3-e960-3c97b100e6e7"",""yes_price_dollars"":""0.4100""}"
KXBTC15M-26APR281130-30,5ac4ee08-454c-5350-8cd3-b98b9514adaa,1777389326,0.42,1.0,yes,"{""count_fp"":""1.00"",""created_time"":""2026-04-28T15:15:26.967375Z"",""no_price_dollars"":""0.5800"",""taker_side"":""yes"",""ticker"":""KXBTC15M-26APR281130-30"",""trade_id"":""5ac4ee08-454c-5350-8cd3-b98b9514adaa"",""yes_price_dollars"":""0.4200""}"
KXBTC15M-26APR281130-30,d33cd5dc-2007-7e86-b26e-48640fcee8af,1777389326,0.41,19.0,yes,"{""count_fp"":""19.00"",""created_time"":""2026-04-28T15:15:26.311369Z"",""no_price_dollars"":""0.5900"",""taker_side"":""yes"",""ticker"":""KXBTC15M-26APR281130-30"",""trade_id"":""d33cd5dc-2007-7e86-b26e-48640fcee8af"",""yes_price_dollars"":""0.4100""}"
KXBTC15M-26APR281130-30,cd461c3d-be9e-7777-8664-a3b1eea215f7,1777389326,0.41,3.0,yes,"{""count_fp"":""3.00"",""created_time"":""2026-04-28T15:15:26.311369Z"",""no_price_dollars"":""0.5900"",""taker_side"":""yes"",""ticker"":""KXBTC15M-26APR281130-30"",""trade_id"":""cd461c3d-be9e-7777-8664-a3b1eea215f7"",""yes_price_dollars"":""0.4100""}"
KXBTC15M-26APR281130-30,3350401b-491b-675e-cc4d-a4cfc05fb7f8,1777389326,0.4,1.59,no,"{""count_fp"":""1.59"",""created_time"":""2026-04-28T15:15:26.235952Z"",""no_price_dollars"":""0.6000"",""taker_side"":""no"",""ticker"":""KXBTC15M-26APR281130-30"",""trade_id"":""3350401b-491b-675e-cc4d-a4cfc05fb7f8"",""yes_price_dollars"":""0.4000""}"
KXBTC15M-26APR281130-30,9d07df26-b58d-59fb-6267-559c86b934e1,1777389326,0.4,13.77,yes,"{""count_fp"":""13.77"",""created_time"":""2026-04-28T15:15:26.164314Z"",""no_price_dollars"":""0.6000"",""taker_side"":""yes"",""ticker"":""KXBTC15M-26APR281130-30"",""trade_id"":""9d07df26-b58d-59fb-6267-559c86b934e1"",""yes_price_dollars"":""0.4000""}"
KXBTC15M-26APR281130-30,6f833d32-7bcb-51e0-59e8-5b3b8216e170,1777389326,0.4,8.61,yes,"{""count_fp"":""8.61"",""created_time"":""2026-04-28T15:15:26.164314Z"",""no_price_dollars"":""0.6000"",""taker_side"":""yes"",""ticker"":""KXBTC15M-26APR281130-30"",""trade_id"":""6f833d32-7bcb-51e0-59e8-5b3b8216e170"",""yes_price_dollars"":""0.4000""}"
KXBTC15M-26APR281130-30,b97b9103-983f-711a-d0a8-fb95080655b0,1777389327,0.41,4.57,yes,"{""count_fp"":""4.57"",""created_time"":""2026-04-28T15:15:27.988204Z"",""no_price_dollars"":""0.5900"",""taker_side"":""yes"",""ticker"":""KXBTC15M-26APR281130-30"",""trade_id"":""b97b9103-983f-711a-d0a8-fb95080655b0"",""yes_price_dollars"":""0.4100""}"
KXBTC15M-26APR281130-30,c3afbb5c-84ab-4dd9-3f01-420193ce01c1,1777389327,0.41,8.71,no,"{""count_fp"":""8.71"",""created_time"":""2026-04-28T15:15:27.882797Z"",""no_price_dollars"":""0.5900"",""taker_side"":""no"",""ticker"":""KXBTC15M-26APR281130-30"",""trade_id"":""c3afbb5c-84ab-4dd9-3f01-420193ce01c1"",""yes_price_dollars"":""0.4100""}"
KXBTC15M-26APR281130-30,132c1bde-a6f4-4876-0df1-ef490f4ae300,1777389327,0.41,1.0,no,"{""count_fp"":""1.00"",""created_time"":""2026-04-28T15:15:27.882797Z"",""no_price_dollars"":""0.5900"",""taker_side"":""no"",""ticker"":""KXBTC15M-26APR281130-30"",""trade_id"":""132c1bde-a6f4-4876-0df1-ef490f4ae300"",""yes_price_dollars"":""0.4100""}"
KXBTC15M-26APR281130-30,05b1e386-1f4f-4c77-2d58-a2cbe52ef383,1777389327,0.41,30.0,no,"{""count_fp"":""30.00"",""created_time"":""2026-04-28T15:15:27.882797Z"",""no_price_dollars"":""0.5900"",""taker_side"":""no"",""ticker"":""KXBTC15M-26APR281130-30"",""trade_id"":""05b1e386-1f4f-4c77-2d58-a2cbe52ef383"",""yes_price_dollars"":""0.4100""}"
KXBTC15M-26APR281130-30,2029f667-878d-713c-eea9-a241a6b0d8e3,1777389327,0.42,2.0,yes,"{""count_fp"":""2.00"",""created_time"":""2026-04-28T15:15:27.850915Z"",""no_price_dollars"":""0.5800"",""taker_side"":""yes"",""ticker"":""KXBTC15M-26APR281130-30"",""trade_id"":""2029f667-878d-713c-eea9-a241a6b0d8e3"",""yes_price_dollars"":""0.4200""}"
KXBTC15M-26APR281130-30,e0ddf4e6-1c11-559f-0b7c-7c78eec4261b,1777389327,0.41,1.11,no,"{""count_fp"":""1.11"",""created_time"":""2026-04-28T15:15:27.548123Z"",""no_price_dollars"":""0.5900"",""taker_side"":""no"",""ticker"":""KXBTC15M-26APR281130-30"",""trade_id"":""e0ddf4e6-1c11-559f-0b7c-7c78eec4261b"",""yes_price_dollars"":""0.4100""}"
KXBTC15M-26APR281130-30,6abeee9b-4a05-485b-0552-637d131d028f,1777389327,0.41,1.1,no,"{""count_fp"":""1.10"",""created_time"":""2026-04-28T15:15:27.212887Z"",""no_price_dollars"":""0.5900"",""taker_side"":""no"",""ticker"":""KXBTC15M-26APR281130-30"",""trade_id"":""6abeee9b-4a05-485b-0552-637d131d028f"",""yes_price_dollars"":""0.4100""}"
KXBTC15M-26APR281130-30,d23546d7-e8cf-4c72-2ed1-3ad9096b4134,1777389328,0.41,23.2,yes,"{""count_fp"":""23.20"",""created_time"":""2026-04-28T15:15:28.980934Z"",""no_price_dollars"":""0.5900"",""taker_side"":""yes"",""ticker"":""KXBTC15M-26APR281130-30"",""trade_id"":""d23546d7-e8cf-4c72-2ed1-3ad9096b4134"",""yes_price_dollars"":""0.4100""}"
KXBTC15M-26APR281130-30,adf2d641-f1c7-402b-1087-887017838fa1,1777389328,0.41,8.55,yes,"{""count_fp"":""8.55"",""created_time"":""2026-04-28T15:15:28.980934Z"",""no_price_dollars"":""0.5900"",""taker_side"":""yes"",""ticker"":""KXBTC15M-26APR281130-30"",""trade_id"":""adf2d641-f1c7-402b-1087-887017838fa1"",""yes_price_dollars"":""0.4100""}"
KXBTC15M-26APR281130-30,9d182b4c-0353-6e6a-898b-373cd7e05a64,1777389328,0.41,2.23,yes,"{""count_fp"":""2.23"",""created_time"":""2026-04-28T15:15:28.683799Z"",""no_price_dollars"":""0.5900"",""taker_side"":""yes"",""ticker"":""KXBTC15M-26APR281130-30"",""trade_id"":""9d182b4c-0353-6e6a-898b-373cd7e05a64"",""yes_price_dollars"":""0.4100""}"
KXBTC15M-26APR281130-30,688ab6fd-1d7f-50ee-a32e-761735cd6c28,1777389328,0.41,10.0,yes,"{""count_fp"":""10.00"",""created_time"":""2026-04-28T15:15:28.407015Z"",""no_price_dollars"":""0.5900"",""taker_side"":""yes"",""ticker"":""KXBTC15M-26APR281130-30"",""trade_id"":""688ab6fd-1d7f-50ee-a32e-761735cd6c28"",""yes_price_dollars"":""0.4100""}"
KXBTC15M-26APR281130-30,7b205f17-4fe6-5f24-5d21-1fde2f6c0965,1777389330,0.4,468.45,yes,"{""count_fp"":""468.45"",""created_time"":""2026-04-28T15:15:30.997822Z"",""no_price_dollars"":""0.6000"",""taker_side"":""yes"",""ticker"":""KXBTC15M-26APR281130-30"",""trade_id"":""7b205f17-4fe6-5f24-5d21-1fde2f6c0965"",""yes_price_dollars"":""0.4000""}"
KXBTC15M-26APR281130-30,ed3672f6-558a-52d0-b324-f61902191ef9,1777389330,0.4,1.0,yes,"{""count_fp"":""1.00"",""created_time"":""2026-04-28T15:15:30.895862Z"",""no_price_dollars"":""0.6000"",""taker_side"":""yes"",""ticker"":""KXBTC15M-26APR281130-30"",""trade_id"":""ed3672f6-558a-52d0-b324-f61902191ef9"",""yes_price_dollars"":""0.4000""}"
KXBTC15M-26APR281130-30,525acab3-20b8-7ee4-cffe-9c2610ed0557,1777389330,0.39,1.0,no,"{""count_fp"":""1.00"",""created_time"":""2026-04-28T15:15:30.364018Z"",""no_price_dollars"":""0.6100"",""taker_side"":""no"",""ticker"":""KXBTC15M-26APR281130-30"",""trade_id"":""525acab3-20b8-7ee4-cffe-9c2610ed0557"",""yes_price_dollars"":""0.3900""}"
KXBTC15M-26APR281130-30,e79a2d7c-019f-4cce-fd4a-39e9caf3fd14,1777389330,0.4,40.0,yes,"{""count_fp"":""40.00"",""created_time"":""2026-04-28T15:15:30.256252Z"",""no_price_dollars"":""0.6000"",""taker_side"":""yes"",""ticker"":""KXBTC15M-26APR281130-30"",""trade_id"":""e79a2d7c-019f-4cce-fd4a-39e9caf3fd14"",""yes_price_dollars"":""0.4000""}"
KXBTC15M-26APR281130-30,ab497e02-ab76-4d88-c85f-734a838b47dd,1777389330,0.4,64.11,yes,"{""count_fp"":""64.11"",""created_time"":""2026-04-28T15:15:30.256252Z"",""no_price_dollars"":""0.6000"",""taker_side"":""yes"",""ticker"":""KXBTC15M-26APR281130-30"",""trade_id"":""ab497e02-ab76-4d88-c85f-734a838b47dd"",""yes_price_dollars"":""0.4000""}"
KXBTC15M-26APR281130-30,80e32424-7f5e-4d4b-f9cb-abfdf12f5b24,1777389330,0.4,13.0,yes,"{""count_fp"":""13.00"",""created_time"":""2026-04-28T15:15:30.256252Z"",""no_price_dollars"":""0.6000"",""taker_side"":""yes"",""ticker"":""KXBTC15M-26APR281130-30"",""trade_id"":""80e32424-7f5e-4d4b-f9cb-abfdf12f5b24"",""yes_price_dollars"":""0.4000""}"
KXBTC15M-26APR281130-30,ee7ea7d5-7e24-75b0-45fa-e4476f117e6b,1777389330,0.38,3.47,no,"{""count_fp"":""3.47"",""created_time"":""2026-04-28T15:15:30.066446Z"",""no_price_dollars"":""0.6200"",""taker_side"":""no"",""ticker"":""KXBTC15M-26APR281130-30"",""trade_id"":""ee7ea7d5-7e24-75b0-45fa-e4476f117e6b"",""yes_price_dollars"":""0.3800""}"
KXBTC15M-26APR281130-30,58a69e9e-cc4a-77d6-676a-0adf5ed76bed,1777389330,0.39,5.0,no,"{""count_fp"":""5.00"",""created_time"":""2026-04-28T15:15:30.066446Z"",""no_price_dollars"":""0.6100"",""taker_side"":""no"",""ticker"":""KXBTC15M-26APR281130-30"",""trade_id"":""58a69e9e-cc4a-77d6-676a-0adf5ed76bed"",""yes_price_dollars"":""0.3900""}"
KXBTC15M-26APR281130-30,33ea719e-a187-7d90-7ea6-0f289e0b37cf,1777389330,0.38,2.0,no,"{""count_fp"":""2.00"",""created_time"":""2026-04-28T15:15:30.066446Z"",""no_price_dollars"":""0.6200"",""taker_side"":""no"",""ticker"":""KXBTC15M-26APR281130-30"",""trade_id"":""33ea719e-a187-7d90-7ea6-0f289e0b37cf"",""yes_price_dollars"":""0.3800""}"
KXBTC15M-26APR281130-30,c84cbf91-114f-5b4b-0f2b-6af1d2877a47,1777389331,0.37,11.97,yes,"{""count_fp"":""11.97"",""created_time"":""2026-04-28T15:15:31.989828Z"",""no_price_dollars"":""0.6300"",""taker_side"":""yes"",""ticker"":""KXBTC15M-26APR281130-30"",""trade_id"":""c84cbf91-114f-5b4b-0f2b-6af1d2877a47"",""yes_price_dollars"":""0.3700""}"
KXBTC15M-26APR281130-30,6df67135-01ea-63b0-f307-bb7708be9bba,1777389331,0.36,9.12,no,"{""count_fp"":""9.12"",""created_time"":""2026-04-28T15:15:31.906096Z"",""no_price_dollars"":""0.6400"",""taker_side"":""no"",""ticker"":""KXBTC15M-26APR281130-30"",""trade_id"":""6df67135-01ea-63b0-f307-bb7708be9bba"",""yes_price_dollars"":""0.3600""}"
KXBTC15M-26APR281130-30,fc04f32e-a76b-4599-fd2a-67577039d062,1777389331,0.38,2.39,yes,"{""count_fp"":""2.39"",""created_time"":""2026-04-28T15:15:31.692985Z"",""no_price_dollars"":""0.6200"",""taker_side"":""yes"",""ticker"":""KXBTC15M-26APR281130-30"",""trade_id"":""fc04f32e-a76b-4599-fd2a-67577039d062"",""yes_price_dollars"":""0.3800""}"
KXBTC15M-26APR281130-30,c22dfba9-e258-49d8-5102-6591eb02f64e,1777389331,0.39,10.0,no,"{""count_fp"":""10.00"",""created_time"":""2026-04-28T15:15:31.667543Z"",""no_price_dollars"":""0.6100"",""taker_side"":""no"",""ticker"":""KXBTC15M-26APR281130-30"",""trade_id"":""c22dfba9-e258-49d8-5102-6591eb02f64e"",""yes_price_dollars"":""0.3900""}"
KXBTC15M-26APR281130-30,3e8696ee-607a-4935-7124-37affebd203a,1777389331,0.38,5.0,no,"{""count_fp"":""5.00"",""created_time"":""2026-04-28T15:15:31.667543Z"",""no_price_dollars"":""0.6200"",""taker_side"":""no"",""ticker"":""KXBTC15M-26APR281130-30"",""trade_id"":""3e8696ee-607a-4935-7124-37affebd203a"",""yes_price_dollars"":""0.3800""}"
KXBTC15M-26APR281130-30,261b6b04-bd6d-43e9-5024-ecefefffff5d,1777389331,0.38,5.0,no,"{""count_fp"":""5.00"",""created_time"":""2026-04-28T15:15:31.667543Z"",""no_price_dollars"":""0.6200"",""taker_side"":""no"",""ticker"":""KXBTC15M-26APR281130-30"",""trade_id"":""261b6b04-bd6d-43e9-5024-ecefefffff5d"",""yes_price_dollars"":""0.3800""}"
KXBTC15M-26APR281130-30,13251fa0-7d0e-40b9-7736-6ad906749d1c,1777389331,0.38,1.0,no,"{""count_fp"":""1.00"",""created_time"":""2026-04-28T15:15:31.667543Z"",""no_price_dollars"":""0.6200"",""taker_side"":""no"",""ticker"":""KXBTC15M-26APR281130-30"",""trade_id"":""13251fa0-7d0e-40b9-7736-6ad906749d1c"",""yes_price_dollars"":""0.3800""}"
KXBTC15M-26APR281130-30,7a3b34b1-c5a5-6b43-82f3-1d8d906c0302,1777389332,0.38,10.0,yes,"{""count_fp"":""10.00"",""created_time"":""2026-04-28T15:15:32.864803Z"",""no_price_dollars"":""0.6200"",""taker_side"":""yes"",""ticker"":""KXBTC15M-26APR281130-30"",""trade_id"":""7a3b34b1-c5a5-6b43-82f3-1d8d906c0302"",""yes_price_dollars"":""0.3800""}"
KXBTC15M-26APR281130-30,72674186-ee44-58d3-f1cc-fea43850e67b,1777389332,0.37,0.59,yes,"{""count_fp"":""0.59"",""created_time"":""2026-04-28T15:15:32.132217Z"",""no_price_dollars"":""0.6300"",""taker_side"":""yes"",""ticker"":""KXBTC15M-26APR281130-30"",""trade_id"":""72674186-ee44-58d3-f1cc-fea43850e67b"",""yes_price_dollars"":""0.3700""}"
KXBTC15M-26APR281130-30,f574145b-ea52-626b-25ca-891d4fa60d1d,1777389332,0.37,5.0,yes,"{""count_fp"":""5.00"",""created_time"":""2026-04-28T15:15:32.058365Z"",""no_price_dollars"":""0.6300"",""taker_side"":""yes"",""ticker"":""KXBTC15M-26APR281130-30"",""trade_id"":""f574145b-ea52-626b-25ca-891d4fa60d1d"",""yes_price_dollars"":""0.3700""}"
KXBTC15M-26APR281130-30,e5cebbff-de9b-6c1f-146b-cdd3aa0eff67,1777389332,0.37,28.03,yes,"{""count_fp"":""28.03"",""created_time"":""2026-04-28T15:15:32.058365Z"",""no_price_dollars"":""0.6300"",""taker_side"":""yes"",""ticker"":""KXBTC15M-26APR281130-30"",""trade_id"":""e5cebbff-de9b-6c1f-146b-cdd3aa0eff67"",""yes_price_dollars"":""0.3700""}"
KXBTC15M-26APR281130-30,ca60ca23-560a-6428-1f1b-feb4109c339d,1777389332,0.38,16.16,yes,"{""count_fp"":""16.16"",""created_time"":""2026-04-28T15:15:32.058365Z"",""no_price_dollars"":""0.6200"",""taker_side"":""yes"",""ticker"":""KXBTC15M-26APR281130-30"",""trade_id"":""ca60ca23-560a-6428-1f1b-feb4109c339d"",""yes_price_dollars"":""0.3800""}"
KXBTC15M-26APR281130-30,b4093948-3c28-618f-231d-45ed34648f89,1777389332,0.37,10.0,yes,"{""count_fp"":""10.00"",""created_time"":""2026-04-28T15:15:32.058365Z"",""no_price_dollars"":""0.6300"",""taker_side"":""yes"",""ticker"":""KXBTC15M-26APR281130-30"",""trade_id"":""b4093948-3c28-618f-231d-45ed34648f89"",""yes_price_dollars"":""0.3700""}"
KXBTC15M-26APR281130-30,9a3308da-e7db-6001-11d6-acc31c99dfe2,1777389332,0.38,37.61,yes,"{""count_fp"":""37.61"",""created_time"":""2026-04-28T15:15:32.058365Z"",""no_price_dollars"":""0.6200"",""taker_side"":""yes"",""ticker"":""KXBTC15M-26APR281130-30"",""trade_id"":""9a3308da-e7db-6001-11d6-acc31c99dfe2"",""yes_price_dollars"":""0.3800""}"
KXBTC15M-26APR281130-30,7525fd46-9397-6f8b-0904-1254d9307f61,1777389332,0.37,500.0,yes,"{""count_fp"":""500.00"",""created_time"":""2026-04-28T15:15:32.058365Z"",""no_price_dollars"":""0.6300"",""taker_side"":""yes"",""ticker"":""KXBTC15M-26APR281130-30"",""trade_id"":""7525fd46-9397-6f8b-0904-1254d9307f61"",""yes_price_dollars"":""0.3700""}"
KXBTC15M-26APR281130-30,174a2add-d2db-6758-0c56-d28ff4ed90fd,1777389332,0.38,3.0,yes,"{""count_fp"":""3.00"",""created_time"":""2026-04-28T15:15:32.058365Z"",""no_price_dollars"":""0.6200"",""taker_side"":""yes"",""ticker"":""KXBTC15M-26APR281130-30"",""trade_id"":""174a2add-d2db-6758-0c56-d28ff4ed90fd"",""yes_price_dollars"":""0.3800""}"
KXBTC15M-26APR281130-30,098cfea6-4e30-5719-9ec7-28a5e172b95b,1777389333,0.37,15.47,no,"{""count_fp"":""15.47"",""created_time"":""2026-04-28T15:15:33.839225Z"",""no_price_dollars"":""0.6300"",""taker_side"":""no"",""ticker"":""KXBTC15M-26APR281130-30"",""trade_id"":""098cfea6-4e30-5719-9ec7-28a5e172b95b"",""yes_price_dollars"":""0.3700""}"
KXBTC15M-26APR281130-30,c7c1eeed-7510-4f07-4ab8-05ba85b5cb1b,1777389333,0.38,1.0,yes,"{""count_fp"":""1.00"",""created_time"":""2026-04-28T15:15:33.709135Z"",""no_price_dollars"":""0.6200"",""taker_side"":""yes"",""ticker"":""KXBTC15M-26APR281130-30"",""trade_id"":""c7c1eeed-7510-4f07-4ab8-05ba85b5cb1b"",""yes_price_dollars"":""0.3800""}"
KXBTC15M-26APR281130-30,75b48683-e429-406b-bc7b-0034bb133296,1777389333,0.38,11.99,yes,"{""count_fp"":""11.99"",""created_time"":""2026-04-28T15:15:33.126034Z"",""no_price_dollars"":""0.6200"",""taker_side"":""yes"",""ticker"":""KXBTC15M-26APR281130-30"",""trade_id"":""75b48683-e429-406b-bc7b-0034bb133296"",""yes_price_dollars"":""0.3800""}"
KXBTC15M-26APR281130-30,297f57f6-9d09-6db3-5912-b84cf89462c6,1777389333,0.38,1.0,yes,"{""count_fp"":""1.00"",""created_time"":""2026-04-28T15:15:33.100234Z"",""no_price_dollars"":""0.6200"",""taker_side"":""yes"",""ticker"":""KXBTC15M-26APR281130-30"",""trade_id"":""297f57f6-9d09-6db3-5912-b84cf89462c6"",""yes_price_dollars"":""0.3800""}"
KXBTC15M-26APR281130-30,6e344999-d4ff-7a5a-d554-aba911d5720d,1777389334,0.39,1.0,no,"{""count_fp"":""1.00"",""created_time"":""2026-04-28T15:15:34.956105Z"",""no_price_dollars"":""0.6100"",""taker_side"":""no"",""ticker"":""KXBTC15M-26APR281130-30"",""trade_id"":""6e344999-d4ff-7a5a-d554-aba911d5720d"",""yes_price_dollars"":""0.3900""}"
KXBTC15M-26APR281130-30,09f7628c-c4e1-6af1-bce1-c82dd991c037,1777389334,0.39,13.0,no,"{""count_fp"":""13.00"",""created_time"":""2026-04-28T15:15:34.832016Z"",""no_price_dollars"":""0.6100"",""taker_side"":""no"",""ticker"":""KXBTC15M-26APR281130-30"",""trade_id"":""09f7628c-c4e1-6af1-bce1-c82dd991c037"",""yes_price_dollars"":""0.3900""}"
KXBTC15M-26APR281130-30,02382aba-eda7-649e-90cf-b7df5f2c2e41,1777389334,0.39,2.47,no,"{""count_fp"":""2.47"",""created_time"":""2026-04-28T15:15:34.832016Z"",""no_price_dollars"":""0.6100"",""taker_side"":""no"",""ticker"":""KXBTC15M-26APR281130-30"",""trade_id"":""02382aba-eda7-649e-90cf-b7df5f2c2e41"",""yes_price_dollars"":""0.3900""}"
KXBTC15M-26APR281130-30,a82c273b-b90d-6661-7d0d-34a62ed1dc17,1777389334,0.39,27.0,no,"{""count_fp"":""27.00"",""created_time"":""2026-04-28T15:15:34.639344Z"",""no_price_dollars"":""0.6100"",""taker_side"":""no"",""ticker"":""KXBTC15M-26APR281130-30"",""trade_id"":""a82c273b-b90d-6661-7d0d-34a62ed1dc17"",""yes_price_dollars"":""0.3900""}"
KXBTC15M-26APR281130-30,a6a2b512-4640-698d-aaf4-f9af3eaf6b42,1777389334,0.39,10.0,no,"{""count_fp"":""10.00"",""created_time"":""2026-04-28T15:15:34.574553Z"",""no_price_dollars"":""0.6100"",""taker_side"":""no"",""ticker"":""KXBTC15M-26APR281130-30"",""trade_id"":""a6a2b512-4640-698d-aaf4-f9af3eaf6b42"",""yes_price_dollars"":""0.3900""}"
KXBTC15M-26APR281130-30,98cffcaa-b288-6c4a-948d-5768f9126e86,1777389334,0.38,1.05,no,"{""count_fp"":""1.05"",""created_time"":""2026-04-28T15:15:34.574553Z"",""no_price_dollars"":""0.6200"",""taker_side"":""no"",""ticker"":""KXBTC15M-26APR281130-30"",""trade_id"":""98cffcaa-b288-6c4a-948d-5768f9126e86"",""yes_price_dollars"":""0.3800""}"
KXBTC15M-26APR281130-30,5f853e4a-ab54-6610-8a49-26d425e16d7c,1777389334,0.39,40.0,no,"{""count_fp"":""40.00"",""created_time"":""2026-04-28T15:15:34.574553Z"",""no_price_dollars"":""0.6100"",""taker_side"":""no"",""ticker"":""KXBTC15M-26APR281130-30"",""trade_id"":""5f853e4a-ab54-6610-8a49-26d425e16d7c"",""yes_price_dollars"":""0.3900""}"
KXBTC15M-26APR281130-30,ccc939b2-6afa-72ef-8ad1-520feaddfdf2,1777389334,0.39,32.06,yes,"{""count_fp"":""32.06"",""created_time"":""2026-04-28T15:15:34.269177Z"",""no_price_dollars"":""0.6100"",""taker_side"":""yes"",""ticker"":""KXBTC15M-26APR281130-30"",""trade_id"":""ccc939b2-6afa-72ef-8ad1-520feaddfdf2"",""yes_price_dollars"":""0.3900""}"
KXBTC15M-26APR281130-30,a18263da-eb26-470c-0e81-264ea4faf6db,1777389334,0.39,1.0,yes,"{""count_fp"":""1.00"",""created_time"":""2026-04-28T15:15:34.258932Z"",""no_price_dollars"":""0.6100"",""taker_side"":""yes"",""ticker"":""KXBTC15M-26APR281130-30"",""trade_id"":""a18263da-eb26-470c-0e81-264ea4faf6db"",""yes_price_dollars"":""0.3900""}"
KXBTC15M-26APR281130-30,43b255b1-1336-4b6f-02c1-e9895ed9197a,1777389334,0.39,23.94,yes,"{""count_fp"":""23.94"",""created_time"":""2026-04-28T15:15:34.258932Z"",""no_price_dollars"":""0.6100"",""taker_side"":""yes"",""ticker"":""KXBTC15M-26APR281130-30"",""trade_id"":""43b255b1-1336-4b6f-02c1-e9895ed9197a"",""yes_price_dollars"":""0.3900""}"
KXBTC15M-26APR281130-30,152cccb8-f19d-79c3-1f38-a1527ac8c2e7,1777389335,0.4,14.39,yes,"{""count_fp"":""14.39"",""created_time"":""2026-04-28T15:15:35.658081Z"",""no_price_dollars"":""0.6000"",""taker_side"":""yes"",""ticker"":""KXBTC15M-26APR281130-30"",""trade_id"":""152cccb8-f19d-79c3-1f38-a1527ac8c2e7"",""yes_price_dollars"":""0.4000""}"
KXBTC15M-26APR281130-30,6a6940a9-5ecc-7283-7786-27cacc699c87,1777389335,0.4,0.02,yes,"{""count_fp"":""0.02"",""created_time"":""2026-04-28T15:15:35.319554Z"",""no_price_dollars"":""0.6000"",""taker_side"":""yes"",""ticker"":""KXBTC15M-26APR281130-30"",""trade_id"":""6a6940a9-5ecc-7283-7786-27cacc699c87"",""yes_price_dollars"":""0.4000""}"
KXBTC15M-26APR281130-30,1c9e0ae8-7617-7872-414b-3806029cc36f,1777389335,0.4,1.0,yes,"{""count_fp"":""1.00"",""created_time"":""2026-04-28T15:15:35.319554Z"",""no_price_dollars"":""0.6000"",""taker_side"":""yes"",""ticker"":""KXBTC15M-26APR281130-30"",""trade_id"":""1c9e0ae8-7617-7872-414b-3806029cc36f"",""yes_price_dollars"":""0.4000""}"
KXBTC15M-26APR281130-30,2bc7ab6a-8551-7c4d-0972-8dc120ead405,1777389335,0.39,1.0,no,"{""count_fp"":""1.00"",""created_time"":""2026-04-28T15:15:35.302027Z"",""no_price_dollars"":""0.6100"",""taker_side"":""no"",""ticker"":""KXBTC15M-26APR281130-30"",""trade_id"":""2bc7ab6a-8551-7c4d-0972-8dc120ead405"",""yes_price_dollars"":""0.3900""}"
KXBTC15M-26APR281130-30,71225f67-0cc1-7fbd-5fbf-95326a42493d,1777389335,0.39,1.25,no,"{""count_fp"":""1.25"",""created_time"":""2026-04-28T15:15:35.241806Z"",""no_price_dollars"":""0.6100"",""taker_side"":""no"",""ticker"":""KXBTC15M-26APR281130-30"",""trade_id"":""71225f67-0cc1-7fbd-5fbf-95326a42493d"",""yes_price_dollars"":""0.3900""}"
KXBTC15M-26APR281130-30,47f6f6c1-6343-751e-7b38-db79144b2d19,1777389335,0.39,1.53,no,"{""count_fp"":""1.53"",""created_time"":""2026-04-28T15:15:35.241806Z"",""no_price_dollars"":""0.6100"",""taker_side"":""no"",""ticker"":""KXBTC15M-26APR281130-30"",""trade_id"":""47f6f6c1-6343-751e-7b38-db79144b2d19"",""yes_price_dollars"":""0.3900""}"
KXBTC15M-26APR281130-30,cdb24e13-d215-540d-58ee-dddd00acaa38,1777389336,0.39,28.03,yes,"{""count_fp"":""28.03"",""created_time"":""2026-04-28T15:15:36.908529Z"",""no_price_dollars"":""0.6100"",""taker_side"":""yes"",""ticker"":""KXBTC15M-26APR281130-30"",""trade_id"":""cdb24e13-d215-540d-58ee-dddd00acaa38"",""yes_price_dollars"":""0.3900""}"
KXBTC15M-26APR281130-30,bd6e750d-114d-56a2-51cd-dd1d03c24bce,1777389336,0.4,1.97,yes,"{""count_fp"":""1.97"",""created_time"":""2026-04-28T15:15:36.908529Z"",""no_price_dollars"":""0.6000"",""taker_side"":""yes"",""ticker"":""KXBTC15M-26APR281130-30"",""trade_id"":""bd6e750d-114d-56a2-51cd-dd1d03c24bce"",""yes_price_dollars"":""0.4000""}"
KXBTC15M-26APR281130-30,8d032af0-70f8-5def-4132-784078f87e28,1777389336,0.39,10.0,yes,"{""count_fp"":""10.00"",""created_time"":""2026-04-28T15:15:36.908529Z"",""no_price_dollars"":""0.6100"",""taker_side"":""yes"",""ticker"":""KXBTC15M-26APR281130-30"",""trade_id"":""8d032af0-70f8-5def-4132-784078f87e28"",""yes_price_dollars"":""0.3900""}"
KXBTC15M-26APR281130-30,a356186f-1c8d-697b-633a-b3c9d15681e1,1777389336,0.38,7.73,no,"{""count_fp"":""7.73"",""created_time"":""2026-04-28T15:15:36.886009Z"",""no_price_dollars"":""0.6200"",""taker_side"":""no"",""ticker"":""KXBTC15M-26APR281130-30"",""trade_id"":""a356186f-1c8d-697b-633a-b3c9d15681e1"",""yes_price_dollars"":""0.3800""}"
KXBTC15M-26APR281130-30,5f02f41f-26e9-4f99-bb16-ef7654eb3cf8,1777389336,0.39,11.97,yes,"{""count_fp"":""11.97"",""created_time"":""2026-04-28T15:15:36.756628Z"",""no_price_dollars"":""0.6100"",""taker_side"":""yes"",""ticker"":""KXBTC15M-26APR281130-30"",""trade_id"":""5f02f41f-26e9-4f99-bb16-ef7654eb3cf8"",""yes_price_dollars"":""0.3900""}"
KXBTC15M-26APR281130-30,a0766d62-d3e9-504b-b3d4-52edf15e19e5,1777389336,0.38,46.91,no,"{""count_fp"":""46.91"",""created_time"":""2026-04-28T15:15:36.484964Z"",""no_price_dollars"":""0.6200"",""taker_side"":""no"",""ticker"":""KXBTC15M-26APR281130-30"",""trade_id"":""a0766d62-d3e9-504b-b3d4-52edf15e19e5"",""yes_price_dollars"":""0.3800""}"
KXBTC15M-26APR281130-30,efbf2d45-a62a-61f4-58a8-2af85b8b757c,1777389336,0.39,0.69,no,"{""count_fp"":""0.69"",""created_time"":""2026-04-28T15:15:36.276415Z"",""no_price_dollars"":""0.6100"",""taker_side"":""no"",""ticker"":""KXBTC15M-26APR281130-30"",""trade_id"":""efbf2d45-a62a-61f4-58a8-2af85b8b757c"",""yes_price_dollars"":""0.3900""}"
KXBTC15M-26APR281130-30,bbb5bb5a-d189-6447-4b6f-aa03b7f41be1,1777389336,0.38,41.82,no,"{""count_fp"":""41.82"",""created_time"":""2026-04-28T15:15:36.276415Z"",""no_price_dollars"":""0.6200"",""taker_side"":""no"",""ticker"":""KXBTC15M-26APR281130-30"",""trade_id"":""bbb5bb5a-d189-6447-4b6f-aa03b7f41be1"",""yes_price_dollars"":""0.3800""}"
KXBTC15M-26APR281130-30,a32c1b40-79dc-6914-72f2-bd9a8aac92c2,1777389336,0.38,3.0,no,"{""count_fp"":""3.00"",""created_time"":""2026-04-28T15:15:36.276415Z"",""no_price_dollars"":""0.6200"",""taker_side"":""no"",""ticker"":""KXBTC15M-26APR281130-30"",""trade_id"":""a32c1b40-79dc-6914-72f2-bd9a8aac92c2"",""yes_price_dollars"":""0.3800""}"
KXBTC15M-26APR281130-30,8d37941d-d1d1-6db7-79f0-9a8c2c5524d4,1777389336,0.39,40.0,no,"{""count_fp"":""40.00"",""created_time"":""2026-04-28T15:15:36.276415Z"",""no_price_dollars"":""0.6100"",""taker_side"":""no"",""ticker"":""KXBTC15M-26APR281130-30"",""trade_id"":""8d37941d-d1d1-6db7-79f0-9a8c2c5524d4"",""yes_price_dollars"":""0.3900""}"
KXBTC15M-26APR281130-30,699139dd-1b10-66ee-62de-8c759244f79a,1777389336,0.38,38.95,no,"{""count_fp"":""38.95"",""created_time"":""2026-04-28T15:15:36.276415Z"",""no_price_dollars"":""0.6200"",""taker_side"":""no"",""ticker"":""KXBTC15M-26APR281130-30"",""trade_id"":""699139dd-1b10-66ee-62de-8c759244f79a"",""yes_price_dollars"":""0.3800""}"
KXBTC15M-26APR281130-30,55a1665d-8fc9-63d1-41d8-62e53c0ac089,1777389336,0.39,2.75,no,"{""count_fp"":""2.75"",""created_time"":""2026-04-28T15:15:36.276415Z"",""no_price_dollars"":""0.6100"",""taker_side"":""no"",""ticker"":""KXBTC15M-26APR281130-30"",""trade_id"":""55a1665d-8fc9-63d1-41d8-62e53c0ac089"",""yes_price_dollars"":""0.3900""}"
KXBTC15M-26APR281130-30,c4e18513-d781-7186-4d47-0fa63b42c0aa,1777389336,0.4,1.58,yes,"{""count_fp"":""1.58"",""created_time"":""2026-04-28T15:15:36.163688Z"",""no_price_dollars"":""0.6000"",""taker_side"":""yes"",""ticker"":""KXBTC15M-26APR281130-30"",""trade_id"":""c4e18513-d781-7186-4d47-0fa63b42c0aa"",""yes_price_dollars"":""0.4000""}"
KXBTC15M-26APR281130-30,6e5847da-78c5-7537-4723-8e557a782393,1777389336,0.4,5.61,yes,"{""count_fp"":""5.61"",""created_time"":""2026-04-28T15:15:36.163688Z"",""no_price_dollars"":""0.6000"",""taker_side"":""yes"",""ticker"":""KXBTC15M-26APR281130-30"",""trade_id"":""6e5847da-78c5-7537-4723-8e557a782393"",""yes_price_dollars"":""0.4000""}"
KXBTC15M-26APR281130-30,8e10f6f2-700a-4d26-bdee-d8c834d9a1de,1777389337,0.37,3.0,no,"{""count_fp"":""3.00"",""created_time"":""2026-04-28T15:15:37.825492Z"",""no_price_dollars"":""0.6300"",""taker_side"":""no"",""ticker"":""KXBTC15M-26APR281130-30"",""trade_id"":""8e10f6f2-700a-4d26-bdee-d8c834d9a1de"",""yes_price_dollars"":""0.3700""}"
KXBTC15M-26APR281130-30,2151f7ce-77f3-45d6-aa3c-9f863416a199,1777389337,0.37,30.0,no,"{""count_fp"":""30.00"",""created_time"":""2026-04-28T15:15:37.825492Z"",""no_price_dollars"":""0.6300"",""taker_side"":""no"",""ticker"":""KXBTC15M-26APR281130-30"",""trade_id"":""2151f7ce-77f3-45d6-aa3c-9f863416a199"",""yes_price_dollars"":""0.3700""}"
KXBTC15M-26APR281130-30,adcf526b-a2f9-66ab-5bc0-ef86654c583e,1777389337,0.38,7.44,yes,"{""count_fp"":""7.44"",""created_time"":""2026-04-28T15:15:37.453378Z"",""no_price_dollars"":""0.6200"",""taker_side"":""yes"",""ticker"":""KXBTC15M-26APR281130-30"",""trade_id"":""adcf526b-a2f9-66ab-5bc0-ef86654c583e"",""yes_price_dollars"":""0.3800""}"
KXBTC15M-26APR281130-30,2515cf35-fd65-6cba-7362-7139ad72a10e,1777389337,0.38,40.0,yes,"{""count_fp"":""40.00"",""created_time"":""2026-04-28T15:15:37.453378Z"",""no_price_dollars"":""0.6200"",""taker_side"":""yes"",""ticker"":""KXBTC15M-26APR281130-30"",""trade_id"":""2515cf35-fd65-6cba-7362-7139ad72a10e"",""yes_price_dollars"":""0.3800""}"
KXBTC15M-26APR281130-30,19a518d6-999c-6494-5897-a4ecf59fa7cc,1777389337,0.38,3.0,yes,"{""count_fp"":""3.00"",""created_time"":""2026-04-28T15:15:37.453378Z"",""no_price_dollars"":""0.6200"",""taker_side"":""yes"",""ticker"":""KXBTC15M-26APR281130-30"",""trade_id"":""19a518d6-999c-6494-5897-a4ecf59fa7cc"",""yes_price_dollars"":""0.3800""}"
KXBTC15M-26APR281130-30,f795a9f0-b4b6-6ec1-2314-a62f218ac1c1,1777389337,0.37,1.0,no,"{""count_fp"":""1.00"",""created_time"":""2026-04-28T15:15:37.402638Z"",""no_price_dollars"":""0.6300"",""taker_side"":""no"",""ticker"":""KXBTC15M-26APR281130-30"",""trade_id"":""f795a9f0-b4b6-6ec1-2314-a62f218ac1c1"",""yes_price_dollars"":""0.3700""}"
KXBTC15M-26APR281130-30,e3f55178-18d9-6ceb-01d3-b72645dc72c6,1777389337,0.36,40.0,no,"{""count_fp"":""40.00"",""created_time"":""2026-04-28T15:15:37.402638Z"",""no_price_dollars"":""0.6400"",""taker_side"":""no"",""ticker"":""KXBTC15M-26APR281130-30"",""trade_id"":""e3f55178-18d9-6ceb-01d3-b72645dc72c6"",""yes_price_dollars"":""0.3600""}"
KXBTC15M-26APR281130-30,c98eec2e-9ed7-6b92-383a-688ce333948e,1777389337,0.36,1.0,no,"{""count_fp"":""1.00"",""created_time"":""2026-04-28T15:15:37.402638Z"",""no_price_dollars"":""0.6400"",""taker_side"":""no"",""ticker"":""KXBTC15M-26APR281130-30"",""trade_id"":""c98eec2e-9ed7-6b92-383a-688ce333948e"",""yes_price_dollars"":""0.3600""}"
KXBTC15M-26APR281130-30,b19c0993-4ce2-6bc0-3dc2-17c6547ab3ce,1777389337,0.37,4.0,no,"{""count_fp"":""4.00"",""created_time"":""2026-04-28T15:15:37.402638Z"",""no_price_dollars"":""0.6300"",""taker_side"":""no"",""ticker"":""KXBTC15M-26APR281130-30"",""trade_id"":""b19c0993-4ce2-6bc0-3dc2-17c6547ab3ce"",""yes_price_dollars"":""0.3700""}"
KXBTC15M-26APR281130-30,a898afc3-4fe7-666b-3983-06dd508c3ad8,1777389337,0.36,54.0,no,"{""count_fp"":""54.00"",""created_time"":""2026-04-28T15:15:37.402638Z"",""no_price_dollars"":""0.6400"",""taker_side"":""no"",""ticker"":""KXBTC15M-26APR281130-30"",""trade_id"":""a898afc3-4fe7-666b-3983-06dd508c3ad8"",""yes_price_dollars"":""0.3600""}"
KXBTC15M-26APR281130-30,b91cc115-7f14-6aab-5dc9-5917f588c382,1777389337,0.37,10.0,no,"{""count_fp"":""10.00"",""created_time"":""2026-04-28T15:15:37.299779Z"",""no_price_dollars"":""0.6300"",""taker_side"":""no"",""ticker"":""KXBTC15M-26APR281130-30"",""trade_id"":""b91cc115-7f14-6aab-5dc9-5917f588c382"",""yes_price_dollars"":""0.3700""}"
KXBTC15M-26APR281130-30,7ba0e94c-30d8-65c3-960e-50ae7ae6d116,1777389337,0.37,5.59,no,"{""count_fp"":""5.59"",""created_time"":""2026-04-28T15:15:37.299446Z"",""no_price_dollars"":""0.6300"",""taker_side"":""no"",""ticker"":""KXBTC15M-26APR281130-30"",""trade_id"":""7ba0e94c-30d8-65c3-960e-50ae7ae6d116"",""yes_price_dollars"":""0.3700""}"
KXBTC15M-26APR281130-30,66a507e9-8aa7-623e-b926-852f1763b0a2,1777389337,0.38,6.88,no,"{""count_fp"":""6.88"",""created_time"":""2026-04-28T15:15:37.299446Z"",""no_price_dollars"":""0.6200"",""taker_side"":""no"",""ticker"":""KXBTC15M-26APR281130-30"",""trade_id"":""66a507e9-8aa7-623e-b926-852f1763b0a2"",""yes_price_dollars"":""0.3800""}"
KXBTC15M-26APR281130-30,6bb1da62-5497-4c6e-38b1-8b2b51bd1f02,1777389337,0.38,10.0,no,"{""count_fp"":""10.00"",""created_time"":""2026-04-28T15:15:37.294754Z"",""no_price_dollars"":""0.6200"",""taker_side"":""no"",""ticker"":""KXBTC15M-26APR281130-30"",""trade_id"":""6bb1da62-5497-4c6e-38b1-8b2b51bd1f02"",""yes_price_dollars"":""0.3800""}"
KXBTC15M-26APR281130-30,a165345b-fa77-4eb2-2c03-ddc0e5307b7e,1777389337,0.38,39.12,no,"{""count_fp"":""39.12"",""created_time"":""2026-04-28T15:15:37.291966Z"",""no_price_dollars"":""0.6200"",""taker_side"":""no"",""ticker"":""KXBTC15M-26APR281130-30"",""trade_id"":""a165345b-fa77-4eb2-2c03-ddc0e5307b7e"",""yes_price_dollars"":""0.3800""}"
KXBTC15M-26APR281130-30,96ce13f8-d1f7-496f-34b7-fa6def974d54,1777389337,0.38,30.0,no,"{""count_fp"":""30.00"",""created_time"":""2026-04-28T15:15:37.291966Z"",""no_price_dollars"":""0.6200"",""taker_side"":""no"",""ticker"":""KXBTC15M-26APR281130-30"",""trade_id"":""96ce13f8-d1f7-496f-34b7-fa6def974d54"",""yes_price_dollars"":""0.3800""}"
KXBTC15M-26APR281130-30,47d40b31-e899-65ab-64e8-aeef98ceed49,1777389337,0.38,7.85,no,"{""count_fp"":""7.85"",""created_time"":""2026-04-28T15:15:37.098325Z"",""no_price_dollars"":""0.6200"",""taker_side"":""no"",""ticker"":""KXBTC15M-26APR281130-30"",""trade_id"":""47d40b31-e899-65ab-64e8-aeef98ceed49"",""yes_price_dollars"":""0.3800""}"
KXBTC15M-26APR281130-30,a0072eef-efc4-7443-036a-008778f502fe,1777389338,0.38,2.0,yes,"{""count_fp"":""2.00"",""created_time"":""2026-04-28T15:15:38.761291Z"",""no_price_dollars"":""0.6200"",""taker_side"":""yes"",""ticker"":""KXBTC15M-26APR281130-30"",""trade_id"":""a0072eef-efc4-7443-036a-008778f502fe"",""yes_price_dollars"":""0.3800""}"
KXBTC15M-26APR281130-30,f60753c7-225e-4902-5d0f-5389b33a728b,1777389338,0.37,1.0,no,"{""count_fp"":""1.00"",""created_time"":""2026-04-28T15:15:38.311363Z"",""no_price_dollars"":""0.6300"",""taker_side"":""no"",""ticker"":""KXBTC15M-26APR281130-30"",""trade_id"":""f60753c7-225e-4902-5d0f-5389b33a728b"",""yes_price_dollars"":""0.3700""}"
KXBTC15M-26APR281130-30,f2c4db76-159c-43b4-73b7-e7cfbbe5257a,1777389338,0.37,6.0,no,"{""count_fp"":""6.00"",""created_time"":""2026-04-28T15:15:38.311363Z"",""no_price_dollars"":""0.6300"",""taker_side"":""no"",""ticker"":""KXBTC15M-26APR281130-30"",""trade_id"":""f2c4db76-159c-43b4-73b7-e7cfbbe5257a"",""yes_price_dollars"":""0.3700""}"
KXBTC15M-26APR281130-30,b5a3d370-b606-43b6-64d0-257de1e6f3c5,1777389338,0.37,12.19,no,"{""count_fp"":""12.19"",""created_time"":""2026-04-28T15:15:38.311363Z"",""no_price_dollars"":""0.6300"",""taker_side"":""no"",""ticker"":""KXBTC15M-26APR281130-30"",""trade_id"":""b5a3d370-b606-43b6-64d0-257de1e6f3c5"",""yes_price_dollars"":""0.3700""}"
KXBTC15M-26APR281130-30,b460956c-682b-443a-7456-cc0c032d8a11,1777389338,0.37,10.0,no,"{""count_fp"":""10.00"",""created_time"":""2026-04-28T15:15:38.311363Z"",""no_price_dollars"":""0.6300"",""taker_side"":""no"",""ticker"":""KXBTC15M-26APR281130-30"",""trade_id"":""b460956c-682b-443a-7456-cc0c032d8a11"",""yes_price_dollars"":""0.3700""}"
KXBTC15M-26APR281130-30,5d5e6d53-83d6-4147-4024-a4078348cfa0,1777389338,0.37,3.0,no,"{""count_fp"":""3.00"",""created_time"":""2026-04-28T15:15:38.311363Z"",""no_price_dollars"":""0.6300"",""taker_side"":""no"",""ticker"":""KXBTC15M-26APR281130-30"",""trade_id"":""5d5e6d53-83d6-4147-4024-a4078348cfa0"",""yes_price_dollars"":""0.3700""}"
KXBTC15M-26APR281130-30,59927132-a5aa-438a-6fa2-fe2042c7a240,1777389338,0.37,10.0,no,"{""count_fp"":""10.00"",""created_time"":""2026-04-28T15:15:38.311363Z"",""no_price_dollars"":""0.6300"",""taker_side"":""no"",""ticker"":""KXBTC15M-26APR281130-30"",""trade_id"":""59927132-a5aa-438a-6fa2-fe2042c7a240"",""yes_price_dollars"":""0.3700""}"
KXBTC15M-26APR281130-30,10b4349a-4349-49ac-7b7f-98fd6045e246,1777389338,0.37,50.35,no,"{""count_fp"":""50.35"",""created_time"":""2026-04-28T15:15:38.311363Z"",""no_price_dollars"":""0.6300"",""taker_side"":""no"",""ticker"":""KXBTC15M-26APR281130-30"",""trade_id"":""10b4349a-4349-49ac-7b7f-98fd6045e246"",""yes_price_dollars"":""0.3700""}"
KXBTC15M-26APR281130-30,b88ed875-fe11-5134-cef3-11f49475ebf7,1777389338,0.38,10.0,yes,"{""count_fp"":""10.00"",""created_time"":""2026-04-28T15:15:38.173914Z"",""no_price_dollars"":""0.6200"",""taker_side"":""yes"",""ticker"":""KXBTC15M-26APR281130-30"",""trade_id"":""b88ed875-fe11-5134-cef3-11f49475ebf7"",""yes_price_dollars"":""0.3800""}"
KXBTC15M-26APR281130-30,d44db1ab-1b91-416c-c1b4-ae325be65982,1777389339,0.38,32.24,yes,"{""count_fp"":""32.24"",""created_time"":""2026-04-28T15:15:39.974433Z"",""no_price_dollars"":""0.6200"",""taker_side"":""yes"",""ticker"":""KXBTC15M-26APR281130-30"",""trade_id"":""d44db1ab-1b91-416c-c1b4-ae325be65982"",""yes_price_dollars"":""0.3800""}"
KXBTC15M-26APR281130-30,ca238f2d-0dc5-4df8-e288-18c74fbfb140,1777389339,0.38,10.0,yes,"{""count_fp"":""10.00"",""created_time"":""2026-04-28T15:15:39.974433Z"",""no_price_dollars"":""0.6200"",""taker_side"":""yes"",""ticker"":""KXBTC15M-26APR281130-30"",""trade_id"":""ca238f2d-0dc5-4df8-e288-18c74fbfb140"",""yes_price_dollars"":""0.3800""}"
KXBTC15M-26APR281130-30,c7aa5f45-e660-4159-f5b6-57f53b58a094,1777389339,0.38,10.0,yes,"{""count_fp"":""10.00"",""created_time"":""2026-04-28T15:15:39.974433Z"",""no_price_dollars"":""0.6200"",""taker_side"":""yes"",""ticker"":""KXBTC15M-26APR281130-30"",""trade_id"":""c7aa5f45-e660-4159-f5b6-57f53b58a094"",""yes_price_dollars"":""0.3800""}"
KXBTC15M-26APR281130-30,c038c2d9-bd27-4d1d-f46d-57adb2231d37,1777389339,0.39,27.19,yes,"{""count_fp"":""27.19"",""created_time"":""2026-04-28T15:15:39.974433Z"",""no_price_dollars"":""0.6100"",""taker_side"":""yes"",""ticker"":""KXBTC15M-26APR281130-30"",""trade_id"":""c038c2d9-bd27-4d1d-f46d-57adb2231d37"",""yes_price_dollars"":""0.3900""}"
KXBTC15M-26APR281130-30,672125e1-95cc-4d2c-d629-91ae41352d10,1777389339,0.38,1.0,yes,"{""count_fp"":""1.00"",""created_time"":""2026-04-28T15:15:39.974433Z"",""no_price_dollars"":""0.6200"",""taker_side"":""yes"",""ticker"":""KXBTC15M-26APR281130-30"",""trade_id"":""672125e1-95cc-4d2c-d629-91ae41352d10"",""yes_price_dollars"":""0.3800""}"
KXBTC15M-26APR281130-30,18bfb5d7-4045-4497-ebd9-e6b916eb1675,1777389339,0.38,40.0,yes,"{""count_fp"":""40.00"",""created_time"":""2026-04-28T15:15:39.974433Z"",""no_price_dollars"":""0.6200"",""taker_side"":""yes"",""ticker"":""KXBTC15M-26APR281130-30"",""trade_id"":""18bfb5d7-4045-4497-ebd9-e6b916eb1675"",""yes_price_dollars"":""0.3800""}"
KXBTC15M-26APR281130-30,1dfcf765-7760-71b2-19af-998fea3eb838,1777389339,0.37,1.0,no,"{""count_fp"":""1.00"",""created_time"":""2026-04-28T15:15:39.802989Z"",""no_price_dollars"":""0.6300"",""taker_side"":""no"",""ticker"":""KXBTC15M-26APR281130-30"",""trade_id"":""1dfcf765-7760-71b2-19af-998fea3eb838"",""yes_price_dollars"":""0.3700""}"
KXBTC15M-26APR281130-30,cece0b2c-b8da-6e70-f124-d0c39ba8537d,1777389339,0.37,1.0,no,"{""count_fp"":""1.00"",""created_time"":""2026-04-28T15:15:39.631524Z"",""no_price_dollars"":""0.6300"",""taker_side"":""no"",""ticker"":""KXBTC15M-26APR281130-30"",""trade_id"":""cece0b2c-b8da-6e70-f124-d0c39ba8537d"",""yes_price_dollars"":""0.3700""}"
KXBTC15M-26APR281130-30,cb1a5d81-6f0e-68d7-c10f-5f635e666a11,1777389339,0.37,11.18,no,"{""count_fp"":""11.18"",""created_time"":""2026-04-28T15:15:39.631524Z"",""no_price_dollars"":""0.6300"",""taker_side"":""no"",""ticker"":""KXBTC15M-26APR281130-30"",""trade_id"":""cb1a5d81-6f0e-68d7-c10f-5f635e666a11"",""yes_price_dollars"":""0.3700""}"
KXBTC15M-26APR281130-30,b2824a0d-af9d-60a2-ee5d-68d303c5ebad,1777389339,0.37,20.0,no,"{""count_fp"":""20.00"",""created_time"":""2026-04-28T15:15:39.631524Z"",""no_price_dollars"":""0.6300"",""taker_side"":""no"",""ticker"":""KXBTC15M-26APR281130-30"",""trade_id"":""b2824a0d-af9d-60a2-ee5d-68d303c5ebad"",""yes_price_dollars"":""0.3700""}"
KXBTC15M-26APR281130-30,31e27331-1861-6698-d290-a04de70a5f32,1777389339,0.37,60.65,no,"{""count_fp"":""60.65"",""created_time"":""2026-04-28T15:15:39.631524Z"",""no_price_dollars"":""0.6300"",""taker_side"":""no"",""ticker"":""KXBTC15M-26APR281130-30"",""trade_id"":""31e27331-1861-6698-d290-a04de70a5f32"",""yes_price_dollars"":""0.3700""}"
KXBTC15M-26APR281130-30,a7ecc2e4-f479-410c-47eb-c0c5217ffbf2,1777389339,0.38,18.11,yes,"{""count_fp"":""18.11"",""created_time"":""2026-04-28T15:15:39.410128Z"",""no_price_dollars"":""0.6200"",""taker_side"":""yes"",""ticker"":""KXBTC15M-26APR281130-30"",""trade_id"":""a7ecc2e4-f479-410c-47eb-c0c5217ffbf2"",""yes_price_dollars"":""0.3800""}"
KXBTC15M-26APR281130-30,a5ec90d4-8ec8-40ff-67b8-ce7024fddd2a,1777389339,0.38,2.02,yes,"{""count_fp"":""2.02"",""created_time"":""2026-04-28T15:15:39.410128Z"",""no_price_dollars"":""0.6200"",""taker_side"":""yes"",""ticker"":""KXBTC15M-26APR281130-30"",""trade_id"":""a5ec90d4-8ec8-40ff-67b8-ce7024fddd2a"",""yes_price_dollars"":""0.3800""}"
KXBTC15M-26APR281130-30,79f18286-bfdf-4656-6ce3-dfb943e8dc88,1777389339,0.38,2.56,yes,"{""count_fp"":""2.56"",""created_time"":""2026-04-28T15:15:39.410128Z"",""no_price_dollars"":""0.6200"",""taker_side"":""yes"",""ticker"":""KXBTC15M-26APR281130-30"",""trade_id"":""79f18286-bfdf-4656-6ce3-dfb943e8dc88"",""yes_price_dollars"":""0.3800""}"
KXBTC15M-26APR281130-30,b6aaead7-0fc4-529b-d0fb-bade4a17fd92,1777389339,0.38,23.99,yes,"{""count_fp"":""23.99"",""created_time"":""2026-04-28T15:15:39.320229Z"",""no_price_dollars"":""0.6200"",""taker_side"":""yes"",""ticker"":""KXBTC15M-26APR281130-30"",""trade_id"":""b6aaead7-0fc4-529b-d0fb-bade4a17fd92"",""yes_price_dollars"":""0.3800""}"
KXBTC15M-26APR281130-30,4d5dc7a5-e3bc-657b-1699-3878a497a8ce,1777389339,0.38,11.99,yes,"{""count_fp"":""11.99"",""created_time"":""2026-04-28T15:15:39.244096Z"",""no_price_dollars"":""0.6200"",""taker_side"":""yes"",""ticker"":""KXBTC15M-26APR281130-30"",""trade_id"":""4d5dc7a5-e3bc-657b-1699-3878a497a8ce"",""yes_price_dollars"":""0.3800""}"
KXBTC15M-26APR281130-30,eb62a4d8-fe19-62f8-7740-6c47d45c81db,1777389340,0.37,14.0,no,"{""count_fp"":""14.00"",""created_time"":""2026-04-28T15:15:40.983333Z"",""no_price_dollars"":""0.6300"",""taker_side"":""no"",""ticker"":""KXBTC15M-26APR281130-30"",""trade_id"":""eb62a4d8-fe19-62f8-7740-6c47d45c81db"",""yes_price_dollars"":""0.3700""}"
KXBTC15M-26APR281130-30,142b0e4c-2885-690b-4273-d6ca9c23dd87,1777389340,0.37,26.2,no,"{""count_fp"":""26.20"",""created_time"":""2026-04-28T15:15:40.983333Z"",""no_price_dollars"":""0.6300"",""taker_side"":""no"",""ticker"":""KXBTC15M-26APR281130-30"",""trade_id"":""142b0e4c-2885-690b-4273-d6ca9c23dd87"",""yes_price_dollars"":""0.3700""}"
KXBTC15M-26APR281130-30,f9afd7bd-8b80-4bdb-b39c-c6dbc951f5ef,1777389340,0.39,92.96,yes,"{""count_fp"":""92.96"",""created_time"":""2026-04-28T15:15:40.217511Z"",""no_price_dollars"":""0.6100"",""taker_side"":""yes"",""ticker"":""KXBTC15M-26APR281130-30"",""trade_id"":""f9afd7bd-8b80-4bdb-b39c-c6dbc951f5ef"",""yes_price_dollars"":""0.3900""}"
KXBTC15M-26APR281130-30,c0bda8d8-6cec-4eee-ac4c-c1bfe7ff6988,1777389340,0.38,10.0,yes,"{""count_fp"":""10.00"",""created_time"":""2026-04-28T15:15:40.217511Z"",""no_price_dollars"":""0.6200"",""taker_side"":""yes"",""ticker"":""KXBTC15M-26APR281130-30"",""trade_id"":""c0bda8d8-6cec-4eee-ac4c-c1bfe7ff6988"",""yes_price_dollars"":""0.3800""}"
KXBTC15M-26APR281130-30,bd1028a2-51ab-4d68-b467-cd4385ba8267,1777389340,0.38,10.0,yes,"{""count_fp"":""10.00"",""created_time"":""2026-04-28T15:15:40.217511Z"",""no_price_dollars"":""0.6200"",""taker_side"":""yes"",""ticker"":""KXBTC15M-26APR281130-30"",""trade_id"":""bd1028a2-51ab-4d68-b467-cd4385ba8267"",""yes_price_dollars"":""0.3800""}"
KXBTC15M-26APR281130-30,98cdf301-5ffb-41ad-bff6-749442a148bf,1777389340,0.39,12.81,yes,"{""count_fp"":""12.81"",""created_time"":""2026-04-28T15:15:40.217511Z"",""no_price_dollars"":""0.6100"",""taker_side"":""yes"",""ticker"":""KXBTC15M-26APR281130-30"",""trade_id"":""98cdf301-5ffb-41ad-bff6-749442a148bf"",""yes_price_dollars"":""0.3900""}"
KXBTC15M-26APR281130-30,15b8bb08-a1c4-4595-843d-353659b77423,1777389340,0.38,60.65,yes,"{""count_fp"":""60.65"",""created_time"":""2026-04-28T15:15:40.217511Z"",""no_price_dollars"":""0.6200"",""taker_side"":""yes"",""ticker"":""KXBTC15M-26APR281130-30"",""trade_id"":""15b8bb08-a1c4-4595-843d-353659b77423"",""yes_price_dollars"":""0.3800""}"
KXBTC15M-26APR281130-30,07e553ce-4090-4fd0-ad92-9fd32cf623b3,1777389340,0.38,17.45,yes,"{""count_fp"":""17.45"",""created_time"":""2026-04-28T15:15:40.217511Z"",""no_price_dollars"":""0.6200"",""taker_side"":""yes"",""ticker"":""KXBTC15M-26APR281130-30"",""trade_id"":""07e553ce-4090-4fd0-ad92-9fd32cf623b3"",""yes_price_dollars"":""0.3800""}"
KXBTC15M-26APR281130-30,010f5ffb-5812-4129-87d7-b88ae0dd8912,1777389340,0.38,40.0,yes,"{""count_fp"":""40.00"",""created_time"":""2026-04-28T15:15:40.217511Z"",""no_price_dollars"":""0.6200"",""taker_side"":""yes"",""ticker"":""KXBTC15M-26APR281130-30"",""trade_id"":""010f5ffb-5812-4129-87d7-b88ae0dd8912"",""yes_price_dollars"":""0.3800""}"
KXBTC15M-26APR281130-30,f8fbd9b8-5f51-47dd-48bd-1427caa9df24,1777389340,0.37,6.0,no,"{""count_fp"":""6.00"",""created_time"":""2026-04-28T15:15:40.046384Z"",""no_price_dollars"":""0.6300"",""taker_side"":""no"",""ticker"":""KXBTC15M-26APR281130-30"",""trade_id"":""f8fbd9b8-5f51-47dd-48bd-1427caa9df24"",""yes_price_dollars"":""0.3700""}"
KXBTC15M-26APR281130-30,bc789aa0-447a-40a4-69fc-ea7ea4580b26,1777389340,0.37,8.82,no,"{""count_fp"":""8.82"",""created_time"":""2026-04-28T15:15:40.046384Z"",""no_price_dollars"":""0.6300"",""taker_side"":""no"",""ticker"":""KXBTC15M-26APR281130-30"",""trade_id"":""bc789aa0-447a-40a4-69fc-ea7ea4580b26"",""yes_price_dollars"":""0.3700""}"
KXBTC15M-26APR281130-30,086a5b9d-1c70-4c62-58a4-1d3ad2ffbebe,1777389340,0.37,8.38,no,"{""count_fp"":""8.38"",""created_time"":""2026-04-28T15:15:40.046384Z"",""no_price_dollars"":""0.6300"",""taker_side"":""no"",""ticker"":""KXBTC15M-26APR281130-30"",""trade_id"":""086a5b9d-1c70-4c62-58a4-1d3ad2ffbebe"",""yes_price_dollars"":""0.3700""}"
KXBTC15M-26APR281130-30,caddc073-1db1-616e-c619-c9361eabae36,1777389341,0.37,4.0,no,"{""count_fp"":""4.00"",""created_time"":""2026-04-28T15:15:41.825668Z"",""no_price_dollars"":""0.6300"",""taker_side"":""no"",""ticker"":""KXBTC15M-26APR281130-30"",""trade_id"":""caddc073-1db1-616e-c619-c9361eabae36"",""yes_price_dollars"":""0.3700""}"
KXBTC15M-26APR281130-30,f1920002-84c4-6b4f-3e4e-887f1c2f1c9f,1777389341,0.38,126.1,yes,"{""count_fp"":""126.10"",""created_time"":""2026-04-28T15:15:41.683517Z"",""no_price_dollars"":""0.6200"",""taker_side"":""yes"",""ticker"":""KXBTC15M-26APR281130-30"",""trade_id"":""f1920002-84c4-6b4f-3e4e-887f1c2f1c9f"",""yes_price_dollars"":""0.3800""}"
KXBTC15M-26APR281130-30,92c3aaff-18ec-6ce7-5474-d07e38aeb947,1777389341,0.38,293.4,yes,"{""count_fp"":""293.40"",""created_time"":""2026-04-28T15:15:41.315152Z"",""no_price_dollars"":""0.6200"",""taker_side"":""yes"",""ticker"":""KXBTC15M-26APR281130-30"",""trade_id"":""92c3aaff-18ec-6ce7-5474-d07e38aeb947"",""yes_price_dollars"":""0.3800""}"
KXBTC15M-26APR281130-30,26867e53-51a8-64c6-5b81-3108a01c7bd2,1777389341,0.38,3.0,yes,"{""count_fp"":""3.00"",""created_time"":""2026-04-28T15:15:41.315152Z"",""no_price_dollars"":""0.6200"",""taker_side"":""yes"",""ticker"":""KXBTC15M-26APR281130-30"",""trade_id"":""26867e53-51a8-64c6-5b81-3108a01c7bd2"",""yes_price_dollars"":""0.3800""}"
KXBTC15M-26APR281130-30,667c9560-9a76-657b-9528-030c8a061dd3,1777389341,0.39,12.29,yes,"{""count_fp"":""12.29"",""created_time"":""2026-04-28T15:15:41.207707Z"",""no_price_dollars"":""0.6100"",""taker_side"":""yes"",""ticker"":""KXBTC15M-26APR281130-30"",""trade_id"":""667c9560-9a76-657b-9528-030c8a061dd3"",""yes_price_dollars"":""0.3900""}"
KXBTC15M-26APR281130-30,c7ad96a1-1d2d-52cb-2c09-2d5f32a9bcdf,1777389341,0.38,40.0,yes,"{""count_fp"":""40.00"",""created_time"":""2026-04-28T15:15:41.100474Z"",""no_price_dollars"":""0.6200"",""taker_side"":""yes"",""ticker"":""KXBTC15M-26APR281130-30"",""trade_id"":""c7ad96a1-1d2d-52cb-2c09-2d5f32a9bcdf"",""yes_price_dollars"":""0.3800""}"
KXBTC15M-26APR281130-30,b2dc8fee-1192-5870-0a51-dc10fb4a01b6,1777389341,0.38,0.44,yes,"{""count_fp"":""0.44"",""created_time"":""2026-04-28T15:15:41.100474Z"",""no_price_dollars"":""0.6200"",""taker_side"":""yes"",""ticker"":""KXBTC15M-26APR281130-30"",""trade_id"":""b2dc8fee-1192-5870-0a51-dc10fb4a01b6"",""yes_price_dollars"":""0.3800""}"
KXBTC15M-26APR281130-30,6e5874c5-ed44-5066-0e8e-fa96a4aa668c,1777389341,0.38,10.0,yes,"{""count_fp"":""10.00"",""created_time"":""2026-04-28T15:15:41.100474Z"",""no_price_dollars"":""0.6200"",""taker_side"":""yes"",""ticker"":""KXBTC15M-26APR281130-30"",""trade_id"":""6e5874c5-ed44-5066-0e8e-fa96a4aa668c"",""yes_price_dollars"":""0.3800""}"
KXBTC15M-26APR281130-30,8435e49a-a988-7270-9f17-9370c80f87d8,1777389342,0.36,25.22,yes,"{""count_fp"":""25.22"",""created_time"":""2026-04-28T15:15:42.990596Z"",""no_price_dollars"":""0.6400"",""taker_side"":""yes"",""ticker"":""KXBTC15M-26APR281130-30"",""trade_id"":""8435e49a-a988-7270-9f17-9370c80f87d8"",""yes_price_dollars"":""0.3600""}"
KXBTC15M-26APR281130-30,fd335faf-d098-4404-f4d6-f0c3ea80a798,1777389342,0.36,2.26,yes,"{""count_fp"":""2.26"",""created_time"":""2026-04-28T15:15:42.985683Z"",""no_price_dollars"":""0.6400"",""taker_side"":""yes"",""ticker"":""KXBTC15M-26APR281130-30"",""trade_id"":""fd335faf-d098-4404-f4d6-f0c3ea80a798"",""yes_price_dollars"":""0.3600""}"
KXBTC15M-26APR281130-30,dab69379-552f-5885-aa32-24f9e3212b45,1777389343,0.36,11.0,yes,"{""count_fp"":""11.00"",""created_time"":""2026-04-28T15:15:43.698139Z"",""no_price_dollars"":""0.6400"",""taker_side"":""yes"",""ticker"":""KXBTC15M-26APR281130-30"",""trade_id"":""dab69379-552f-5885-aa32-24f9e3212b45"",""yes_price_dollars"":""0.3600""}"
