ticker,trade_id,ts,yes_price,count,taker_side,raw_json
KXBTC15M-26APR280015-15,e7137ce7-6544-6dee-61b9-28c9fd1b129d,1777348801,0.5,26.0,yes,"{""count_fp"":""26.00"",""created_time"":""2026-04-28T04:00:01.524791Z"",""no_price_dollars"":""0.5000"",""taker_side"":""yes"",""ticker"":""KXBTC15M-26APR280015-15"",""trade_id"":""e7137ce7-6544-6dee-61b9-28c9fd1b129d"",""yes_price_dollars"":""0.5000""}"
KXBTC15M-26APR280015-15,d4ca0180-ecb4-68d8-65ec-24a42975c9d6,1777348801,0.5,20.0,yes,"{""count_fp"":""20.00"",""created_time"":""2026-04-28T04:00:01.524791Z"",""no_price_dollars"":""0.5000"",""taker_side"":""yes"",""ticker"":""KXBTC15M-26APR280015-15"",""trade_id"":""d4ca0180-ecb4-68d8-65ec-24a42975c9d6"",""yes_price_dollars"":""0.5000""}"
KXBTC15M-26APR280015-15,d06c1dc3-91f0-6f86-517c-acd6a37471d0,1777348801,0.49,20.0,yes,"{""count_fp"":""20.00"",""created_time"":""2026-04-28T04:00:01.524791Z"",""no_price_dollars"":""0.5100"",""taker_side"":""yes"",""ticker"":""KXBTC15M-26APR280015-15"",""trade_id"":""d06c1dc3-91f0-6f86-517c-acd6a37471d0"",""yes_price_dollars"":""0.4900""}"
KXBTC15M-26APR280015-15,8d7e14f7-3bcf-6896-7b16-9228549fe208,1777348801,0.48,20.0,yes,"{""count_fp"":""20.00"",""created_time"":""2026-04-28T04:00:01.524791Z"",""no_price_dollars"":""0.5200"",""taker_side"":""yes"",""ticker"":""KXBTC15M-26APR280015-15"",""trade_id"":""8d7e14f7-3bcf-6896-7b16-9228549fe208"",""yes_price_dollars"":""0.4800""}"
KXBTC15M-26APR280015-15,7bbb5318-ea76-645a-4e1c-a7457502993d,1777348801,0.5,23.0,yes,"{""count_fp"":""23.00"",""created_time"":""2026-04-28T04:00:01.524791Z"",""no_price_dollars"":""0.5000"",""taker_side"":""yes"",""ticker"":""KXBTC15M-26APR280015-15"",""trade_id"":""7bbb5318-ea76-645a-4e1c-a7457502993d"",""yes_price_dollars"":""0.5000""}"
KXBTC15M-26APR280015-15,4dc0813b-1033-6903-6bb9-de037215c0ed,1777348801,0.48,10.0,yes,"{""count_fp"":""10.00"",""created_time"":""2026-04-28T04:00:01.524791Z"",""no_price_dollars"":""0.5200"",""taker_side"":""yes"",""ticker"":""KXBTC15M-26APR280015-15"",""trade_id"":""4dc0813b-1033-6903-6bb9-de037215c0ed"",""yes_price_dollars"":""0.4800""}"
KXBTC15M-26APR280015-15,4cf75db8-d554-694e-4cf4-b95eadc2a2d9,1777348801,0.5,1.0,yes,"{""count_fp"":""1.00"",""created_time"":""2026-04-28T04:00:01.524791Z"",""no_price_dollars"":""0.5000"",""taker_side"":""yes"",""ticker"":""KXBTC15M-26APR280015-15"",""trade_id"":""4cf75db8-d554-694e-4cf4-b95eadc2a2d9"",""yes_price_dollars"":""0.5000""}"
KXBTC15M-26APR280015-15,ec87da5f-6db5-6058-ed1e-7c8c86604dc4,1777348804,0.48,150.0,no,"{""count_fp"":""150.00"",""created_time"":""2026-04-28T04:00:04.910792Z"",""no_price_dollars"":""0.5200"",""taker_side"":""no"",""ticker"":""KXBTC15M-26APR280015-15"",""trade_id"":""ec87da5f-6db5-6058-ed1e-7c8c86604dc4"",""yes_price_dollars"":""0.4800""}"
KXBTC15M-26APR280015-15,c95df617-c5ef-6164-f8dd-d14781b36674,1777348804,0.48,20.0,no,"{""count_fp"":""20.00"",""created_time"":""2026-04-28T04:00:04.910792Z"",""no_price_dollars"":""0.5200"",""taker_side"":""no"",""ticker"":""KXBTC15M-26APR280015-15"",""trade_id"":""c95df617-c5ef-6164-f8dd-d14781b36674"",""yes_price_dollars"":""0.4800""}"
KXBTC15M-26APR280015-15,b421a0f4-d143-6ab0-f84a-69ef84d26e8f,1777348804,0.48,30.0,no,"{""count_fp"":""30.00"",""created_time"":""2026-04-28T04:00:04.910792Z"",""no_price_dollars"":""0.5200"",""taker_side"":""no"",""ticker"":""KXBTC15M-26APR280015-15"",""trade_id"":""b421a0f4-d143-6ab0-f84a-69ef84d26e8f"",""yes_price_dollars"":""0.4800""}"
KXBTC15M-26APR280015-15,ab004a5b-017c-570d-ed3a-41f1ad3b0399,1777348806,0.49,12.0,yes,"{""count_fp"":""12.00"",""created_time"":""2026-04-28T04:00:06.580706Z"",""no_price_dollars"":""0.5100"",""taker_side"":""yes"",""ticker"":""KXBTC15M-26APR280015-15"",""trade_id"":""ab004a5b-017c-570d-ed3a-41f1ad3b0399"",""yes_price_dollars"":""0.4900""}"
KXBTC15M-26APR280015-15,d56e4bf5-47c0-7cfd-6b25-428f69ef97c1,1777348806,0.49,49.26,yes,"{""count_fp"":""49.26"",""created_time"":""2026-04-28T04:00:06.117245Z"",""no_price_dollars"":""0.5100"",""taker_side"":""yes"",""ticker"":""KXBTC15M-26APR280015-15"",""trade_id"":""d56e4bf5-47c0-7cfd-6b25-428f69ef97c1"",""yes_price_dollars"":""0.4900""}"
KXBTC15M-26APR280015-15,2adb266f-940e-6d82-4464-276d1c66f2ed,1777348807,0.48,37.21,no,"{""count_fp"":""37.21"",""created_time"":""2026-04-28T04:00:07.976927Z"",""no_price_dollars"":""0.5200"",""taker_side"":""no"",""ticker"":""KXBTC15M-26APR280015-15"",""trade_id"":""2adb266f-940e-6d82-4464-276d1c66f2ed"",""yes_price_dollars"":""0.4800""}"
KXBTC15M-26APR280015-15,43e2ad2d-4032-7a82-805d-6480ef16d681,1777348807,0.48,5.0,no,"{""count_fp"":""5.00"",""created_time"":""2026-04-28T04:00:07.163398Z"",""no_price_dollars"":""0.5200"",""taker_side"":""no"",""ticker"":""KXBTC15M-26APR280015-15"",""trade_id"":""43e2ad2d-4032-7a82-805d-6480ef16d681"",""yes_price_dollars"":""0.4800""}"
KXBTC15M-26APR280015-15,c2202e6e-1dae-6c5a-3b79-e431e6668d09,1777348808,0.48,1.86,no,"{""count_fp"":""1.86"",""created_time"":""2026-04-28T04:00:08.552625Z"",""no_price_dollars"":""0.5200"",""taker_side"":""no"",""ticker"":""KXBTC15M-26APR280015-15"",""trade_id"":""c2202e6e-1dae-6c5a-3b79-e431e6668d09"",""yes_price_dollars"":""0.4800""}"
KXBTC15M-26APR280015-15,4ad47cde-cd55-78d6-c40a-19f267c1da4c,1777348809,0.48,39.4,yes,"{""count_fp"":""39.40"",""created_time"":""2026-04-28T04:00:09.956562Z"",""no_price_dollars"":""0.5200"",""taker_side"":""yes"",""ticker"":""KXBTC15M-26APR280015-15"",""trade_id"":""4ad47cde-cd55-78d6-c40a-19f267c1da4c"",""yes_price_dollars"":""0.4800""}"
KXBTC15M-26APR280015-15,f3db5439-e3ce-65ad-3e6b-ed88b988e0cd,1777348809,0.48,56.0,no,"{""count_fp"":""56.00"",""created_time"":""2026-04-28T04:00:09.685521Z"",""no_price_dollars"":""0.5200"",""taker_side"":""no"",""ticker"":""KXBTC15M-26APR280015-15"",""trade_id"":""f3db5439-e3ce-65ad-3e6b-ed88b988e0cd"",""yes_price_dollars"":""0.4800""}"
KXBTC15M-26APR280015-15,b962e2cf-851a-6f32-036a-2c7e0a10fb25,1777348809,0.48,89.93,no,"{""count_fp"":""89.93"",""created_time"":""2026-04-28T04:00:09.685521Z"",""no_price_dollars"":""0.5200"",""taker_side"":""no"",""ticker"":""KXBTC15M-26APR280015-15"",""trade_id"":""b962e2cf-851a-6f32-036a-2c7e0a10fb25"",""yes_price_dollars"":""0.4800""}"
KXBTC15M-26APR280015-15,7a0cb0da-6b86-605e-27f4-6e3e6eb73c61,1777348809,0.48,120.0,no,"{""count_fp"":""120.00"",""created_time"":""2026-04-28T04:00:09.685521Z"",""no_price_dollars"":""0.5200"",""taker_side"":""no"",""ticker"":""KXBTC15M-26APR280015-15"",""trade_id"":""7a0cb0da-6b86-605e-27f4-6e3e6eb73c61"",""yes_price_dollars"":""0.4800""}"
KXBTC15M-26APR280015-15,6865f8de-989b-6b52-3410-a842446fa80c,1777348809,0.48,44.0,no,"{""count_fp"":""44.00"",""created_time"":""2026-04-28T04:00:09.685521Z"",""no_price_dollars"":""0.5200"",""taker_side"":""no"",""ticker"":""KXBTC15M-26APR280015-15"",""trade_id"":""6865f8de-989b-6b52-3410-a842446fa80c"",""yes_price_dollars"":""0.4800""}"
KXBTC15M-26APR280015-15,4b9b3780-09da-67be-3c5f-8b321e4a050c,1777348809,0.48,30.0,no,"{""count_fp"":""30.00"",""created_time"":""2026-04-28T04:00:09.685521Z"",""no_price_dollars"":""0.5200"",""taker_side"":""no"",""ticker"":""KXBTC15M-26APR280015-15"",""trade_id"":""4b9b3780-09da-67be-3c5f-8b321e4a050c"",""yes_price_dollars"":""0.4800""}"
KXBTC15M-26APR280015-15,8e846c47-1d56-50c6-2bff-2488597bb301,1777348809,0.48,10.0,no,"{""count_fp"":""10.00"",""created_time"":""2026-04-28T04:00:09.329744Z"",""no_price_dollars"":""0.5200"",""taker_side"":""no"",""ticker"":""KXBTC15M-26APR280015-15"",""trade_id"":""8e846c47-1d56-50c6-2bff-2488597bb301"",""yes_price_dollars"":""0.4800""}"
KXBTC15M-26APR280015-15,75de21e4-17e5-78f9-b6d2-bcce7d47f1f3,1777348809,0.49,59.25,yes,"{""count_fp"":""59.25"",""created_time"":""2026-04-28T04:00:09.329656Z"",""no_price_dollars"":""0.5100"",""taker_side"":""yes"",""ticker"":""KXBTC15M-26APR280015-15"",""trade_id"":""75de21e4-17e5-78f9-b6d2-bcce7d47f1f3"",""yes_price_dollars"":""0.4900""}"
KXBTC15M-26APR280015-15,37dec787-6264-715d-b2f3-6d95bef3754d,1777348809,0.49,74.74,yes,"{""count_fp"":""74.74"",""created_time"":""2026-04-28T04:00:09.329656Z"",""no_price_dollars"":""0.5100"",""taker_side"":""yes"",""ticker"":""KXBTC15M-26APR280015-15"",""trade_id"":""37dec787-6264-715d-b2f3-6d95bef3754d"",""yes_price_dollars"":""0.4900""}"
KXBTC15M-26APR280015-15,6bdcadc9-fbc6-4d9a-db4a-629a1cea4e05,1777348809,0.48,6.0,no,"{""count_fp"":""6.00"",""created_time"":""2026-04-28T04:00:09.215584Z"",""no_price_dollars"":""0.5200"",""taker_side"":""no"",""ticker"":""KXBTC15M-26APR280015-15"",""trade_id"":""6bdcadc9-fbc6-4d9a-db4a-629a1cea4e05"",""yes_price_dollars"":""0.4800""}"
KXBTC15M-26APR280015-15,486c2b05-8b21-5e7e-a540-ca170b2e1e9b,1777348810,0.47,11.43,no,"{""count_fp"":""11.43"",""created_time"":""2026-04-28T04:00:10.766412Z"",""no_price_dollars"":""0.5300"",""taker_side"":""no"",""ticker"":""KXBTC15M-26APR280015-15"",""trade_id"":""486c2b05-8b21-5e7e-a540-ca170b2e1e9b"",""yes_price_dollars"":""0.4700""}"
KXBTC15M-26APR280015-15,209cb357-5f8b-5050-b20e-32cc5fb3ac85,1777348810,0.47,8.21,no,"{""count_fp"":""8.21"",""created_time"":""2026-04-28T04:00:10.766412Z"",""no_price_dollars"":""0.5300"",""taker_side"":""no"",""ticker"":""KXBTC15M-26APR280015-15"",""trade_id"":""209cb357-5f8b-5050-b20e-32cc5fb3ac85"",""yes_price_dollars"":""0.4700""}"
KXBTC15M-26APR280015-15,c6a5dd17-a919-573a-984d-b41b1f637d3b,1777348810,0.47,8.57,no,"{""count_fp"":""8.57"",""created_time"":""2026-04-28T04:00:10.707019Z"",""no_price_dollars"":""0.5300"",""taker_side"":""no"",""ticker"":""KXBTC15M-26APR280015-15"",""trade_id"":""c6a5dd17-a919-573a-984d-b41b1f637d3b"",""yes_price_dollars"":""0.4700""}"
KXBTC15M-26APR280015-15,c03c8672-7165-5f24-bddf-dbe988592f1c,1777348810,0.47,0.54,no,"{""count_fp"":""0.54"",""created_time"":""2026-04-28T04:00:10.707019Z"",""no_price_dollars"":""0.5300"",""taker_side"":""no"",""ticker"":""KXBTC15M-26APR280015-15"",""trade_id"":""c03c8672-7165-5f24-bddf-dbe988592f1c"",""yes_price_dollars"":""0.4700""}"
KXBTC15M-26APR280015-15,98779232-a585-5fd0-fb71-6bb9639e389c,1777348810,0.47,0.46,no,"{""count_fp"":""0.46"",""created_time"":""2026-04-28T04:00:10.689411Z"",""no_price_dollars"":""0.5300"",""taker_side"":""no"",""ticker"":""KXBTC15M-26APR280015-15"",""trade_id"":""98779232-a585-5fd0-fb71-6bb9639e389c"",""yes_price_dollars"":""0.4700""}"
KXBTC15M-26APR280015-15,56caa0bf-f59c-6387-a70c-a48a148dbbd9,1777348811,0.47,1.86,no,"{""count_fp"":""1.86"",""created_time"":""2026-04-28T04:00:11.920919Z"",""no_price_dollars"":""0.5300"",""taker_side"":""no"",""ticker"":""KXBTC15M-26APR280015-15"",""trade_id"":""56caa0bf-f59c-6387-a70c-a48a148dbbd9"",""yes_price_dollars"":""0.4700""}"
KXBTC15M-26APR280015-15,0f8f21b9-582b-6400-9e3a-c3ed2937ad25,1777348811,0.47,1.79,no,"{""count_fp"":""1.79"",""created_time"":""2026-04-28T04:00:11.920919Z"",""no_price_dollars"":""0.5300"",""taker_side"":""no"",""ticker"":""KXBTC15M-26APR280015-15"",""trade_id"":""0f8f21b9-582b-6400-9e3a-c3ed2937ad25"",""yes_price_dollars"":""0.4700""}"
KXBTC15M-26APR280015-15,a3c412f4-9d45-78de-3afe-1e88c013c278,1777348812,0.48,100.5,yes,"{""count_fp"":""100.50"",""created_time"":""2026-04-28T04:00:12.512958Z"",""no_price_dollars"":""0.5200"",""taker_side"":""yes"",""ticker"":""KXBTC15M-26APR280015-15"",""trade_id"":""a3c412f4-9d45-78de-3afe-1e88c013c278"",""yes_price_dollars"":""0.4800""}"
KXBTC15M-26APR280015-15,6c7d5495-73d7-5cfe-967c-b6cb20cdaa65,1777348812,0.47,1.81,no,"{""count_fp"":""1.81"",""created_time"":""2026-04-28T04:00:12.314421Z"",""no_price_dollars"":""0.5300"",""taker_side"":""no"",""ticker"":""KXBTC15M-26APR280015-15"",""trade_id"":""6c7d5495-73d7-5cfe-967c-b6cb20cdaa65"",""yes_price_dollars"":""0.4700""}"
KXBTC15M-26APR280015-15,31fc46c4-bf19-58aa-7d71-ad3f306aa2fc,1777348812,0.48,100.5,yes,"{""count_fp"":""100.50"",""created_time"":""2026-04-28T04:00:12.184603Z"",""no_price_dollars"":""0.5200"",""taker_side"":""yes"",""ticker"":""KXBTC15M-26APR280015-15"",""trade_id"":""31fc46c4-bf19-58aa-7d71-ad3f306aa2fc"",""yes_price_dollars"":""0.4800""}"
KXBTC15M-26APR280015-15,9eb9cce0-81ab-4292-e428-50ac723f6ed1,1777348812,0.47,45.66,no,"{""count_fp"":""45.66"",""created_time"":""2026-04-28T04:00:12.088515Z"",""no_price_dollars"":""0.5300"",""taker_side"":""no"",""ticker"":""KXBTC15M-26APR280015-15"",""trade_id"":""9eb9cce0-81ab-4292-e428-50ac723f6ed1"",""yes_price_dollars"":""0.4700""}"
KXBTC15M-26APR280015-15,f3c2ade4-d54c-65ca-4dd0-2ccbdb5550c0,1777348812,0.47,7.0,no,"{""count_fp"":""7.00"",""created_time"":""2026-04-28T04:00:12.017592Z"",""no_price_dollars"":""0.5300"",""taker_side"":""no"",""ticker"":""KXBTC15M-26APR280015-15"",""trade_id"":""f3c2ade4-d54c-65ca-4dd0-2ccbdb5550c0"",""yes_price_dollars"":""0.4700""}"
KXBTC15M-26APR280015-15,ef9843b0-0604-6237-6a39-62b05473c08d,1777348812,0.47,3.14,no,"{""count_fp"":""3.14"",""created_time"":""2026-04-28T04:00:12.017592Z"",""no_price_dollars"":""0.5300"",""taker_side"":""no"",""ticker"":""KXBTC15M-26APR280015-15"",""trade_id"":""ef9843b0-0604-6237-6a39-62b05473c08d"",""yes_price_dollars"":""0.4700""}"
KXBTC15M-26APR280015-15,ad389c89-c49e-6280-717f-ae597edd44c5,1777348812,0.47,150.0,no,"{""count_fp"":""150.00"",""created_time"":""2026-04-28T04:00:12.017592Z"",""no_price_dollars"":""0.5300"",""taker_side"":""no"",""ticker"":""KXBTC15M-26APR280015-15"",""trade_id"":""ad389c89-c49e-6280-717f-ae597edd44c5"",""yes_price_dollars"":""0.4700""}"
KXBTC15M-26APR280015-15,a3f22fcb-3147-65b6-7869-6f6728438595,1777348812,0.47,296.53,no,"{""count_fp"":""296.53"",""created_time"":""2026-04-28T04:00:12.017592Z"",""no_price_dollars"":""0.5300"",""taker_side"":""no"",""ticker"":""KXBTC15M-26APR280015-15"",""trade_id"":""a3f22fcb-3147-65b6-7869-6f6728438595"",""yes_price_dollars"":""0.4700""}"
KXBTC15M-26APR280015-15,d2900664-e5bf-6c12-4f85-47c8eac68e91,1777348813,0.47,96.62,no,"{""count_fp"":""96.62"",""created_time"":""2026-04-28T04:00:13.807053Z"",""no_price_dollars"":""0.5300"",""taker_side"":""no"",""ticker"":""KXBTC15M-26APR280015-15"",""trade_id"":""d2900664-e5bf-6c12-4f85-47c8eac68e91"",""yes_price_dollars"":""0.4700""}"
KXBTC15M-26APR280015-15,50c51808-1ba9-43ee-93bb-b5210cb53504,1777348813,0.48,10.0,yes,"{""count_fp"":""10.00"",""created_time"":""2026-04-28T04:00:13.753666Z"",""no_price_dollars"":""0.5200"",""taker_side"":""yes"",""ticker"":""KXBTC15M-26APR280015-15"",""trade_id"":""50c51808-1ba9-43ee-93bb-b5210cb53504"",""yes_price_dollars"":""0.4800""}"
KXBTC15M-26APR280015-15,f2f14436-3cef-7af2-8d4e-619b6fbefc0d,1777348813,0.47,63.93,no,"{""count_fp"":""63.93"",""created_time"":""2026-04-28T04:00:13.120993Z"",""no_price_dollars"":""0.5300"",""taker_side"":""no"",""ticker"":""KXBTC15M-26APR280015-15"",""trade_id"":""f2f14436-3cef-7af2-8d4e-619b6fbefc0d"",""yes_price_dollars"":""0.4700""}"
KXBTC15M-26APR280015-15,0f56c632-9f8b-68f6-894f-f45997632b85,1777348814,0.47,26.0,no,"{""count_fp"":""26.00"",""created_time"":""2026-04-28T04:00:14.737121Z"",""no_price_dollars"":""0.5300"",""taker_side"":""no"",""ticker"":""KXBTC15M-26APR280015-15"",""trade_id"":""0f56c632-9f8b-68f6-894f-f45997632b85"",""yes_price_dollars"":""0.4700""}"
KXBTC15M-26APR280015-15,2e5dd708-010b-5b5e-393b-1dafcffd2c81,1777348815,0.47,10.0,no,"{""count_fp"":""10.00"",""created_time"":""2026-04-28T04:00:15.847394Z"",""no_price_dollars"":""0.5300"",""taker_side"":""no"",""ticker"":""KXBTC15M-26APR280015-15"",""trade_id"":""2e5dd708-010b-5b5e-393b-1dafcffd2c81"",""yes_price_dollars"":""0.4700""}"
KXBTC15M-26APR280015-15,050f24b2-b57b-6a0e-8f38-d40c64aeca29,1777348815,0.47,32.0,no,"{""count_fp"":""32.00"",""created_time"":""2026-04-28T04:00:15.826404Z"",""no_price_dollars"":""0.5300"",""taker_side"":""no"",""ticker"":""KXBTC15M-26APR280015-15"",""trade_id"":""050f24b2-b57b-6a0e-8f38-d40c64aeca29"",""yes_price_dollars"":""0.4700""}"
KXBTC15M-26APR280015-15,d764f335-21f9-605e-89f5-f42d199a1c34,1777348815,0.48,80.4,yes,"{""count_fp"":""80.40"",""created_time"":""2026-04-28T04:00:15.519604Z"",""no_price_dollars"":""0.5200"",""taker_side"":""yes"",""ticker"":""KXBTC15M-26APR280015-15"",""trade_id"":""d764f335-21f9-605e-89f5-f42d199a1c34"",""yes_price_dollars"":""0.4800""}"
KXBTC15M-26APR280015-15,f3bd8a3b-89bc-5cca-129f-c5ffdefd480c,1777348816,0.48,76.2,yes,"{""count_fp"":""76.20"",""created_time"":""2026-04-28T04:00:16.847173Z"",""no_price_dollars"":""0.5200"",""taker_side"":""yes"",""ticker"":""KXBTC15M-26APR280015-15"",""trade_id"":""f3bd8a3b-89bc-5cca-129f-c5ffdefd480c"",""yes_price_dollars"":""0.4800""}"
KXBTC15M-26APR280015-15,c496321e-30a3-5dbd-015e-8fe4d8eae6e4,1777348816,0.48,93.8,yes,"{""count_fp"":""93.80"",""created_time"":""2026-04-28T04:00:16.847173Z"",""no_price_dollars"":""0.5200"",""taker_side"":""yes"",""ticker"":""KXBTC15M-26APR280015-15"",""trade_id"":""c496321e-30a3-5dbd-015e-8fe4d8eae6e4"",""yes_price_dollars"":""0.4800""}"
KXBTC15M-26APR280015-15,781368ba-fc49-41c1-a4e7-c3fac2b93a95,1777348816,0.47,23.46,no,"{""count_fp"":""23.46"",""created_time"":""2026-04-28T04:00:16.778495Z"",""no_price_dollars"":""0.5300"",""taker_side"":""no"",""ticker"":""KXBTC15M-26APR280015-15"",""trade_id"":""781368ba-fc49-41c1-a4e7-c3fac2b93a95"",""yes_price_dollars"":""0.4700""}"
KXBTC15M-26APR280015-15,7963005b-822d-4e9d-fa6a-4b188b31658d,1777348816,0.47,54.9,no,"{""count_fp"":""54.90"",""created_time"":""2026-04-28T04:00:16.763584Z"",""no_price_dollars"":""0.5300"",""taker_side"":""no"",""ticker"":""KXBTC15M-26APR280015-15"",""trade_id"":""7963005b-822d-4e9d-fa6a-4b188b31658d"",""yes_price_dollars"":""0.4700""}"
KXBTC15M-26APR280015-15,67708257-3cb3-4b56-3abe-f6b346ad9845,1777348816,0.47,34.7,no,"{""count_fp"":""34.70"",""created_time"":""2026-04-28T04:00:16.558143Z"",""no_price_dollars"":""0.5300"",""taker_side"":""no"",""ticker"":""KXBTC15M-26APR280015-15"",""trade_id"":""67708257-3cb3-4b56-3abe-f6b346ad9845"",""yes_price_dollars"":""0.4700""}"
KXBTC15M-26APR280015-15,5757e8f5-b64f-7472-a17b-b3a3381724a5,1777348816,0.47,182.66,no,"{""count_fp"":""182.66"",""created_time"":""2026-04-28T04:00:16.439792Z"",""no_price_dollars"":""0.5300"",""taker_side"":""no"",""ticker"":""KXBTC15M-26APR280015-15"",""trade_id"":""5757e8f5-b64f-7472-a17b-b3a3381724a5"",""yes_price_dollars"":""0.4700""}"
KXBTC15M-26APR280015-15,29ca958a-e96b-6ce1-f34e-943812326f60,1777348816,0.48,40.2,yes,"{""count_fp"":""40.20"",""created_time"":""2026-04-28T04:00:16.147082Z"",""no_price_dollars"":""0.5200"",""taker_side"":""yes"",""ticker"":""KXBTC15M-26APR280015-15"",""trade_id"":""29ca958a-e96b-6ce1-f34e-943812326f60"",""yes_price_dollars"":""0.4800""}"
KXBTC15M-26APR280015-15,d1079484-eb16-6c8e-6be3-b56ae0d321b8,1777348817,0.47,22.04,no,"{""count_fp"":""22.04"",""created_time"":""2026-04-28T04:00:17.693719Z"",""no_price_dollars"":""0.5300"",""taker_side"":""no"",""ticker"":""KXBTC15M-26APR280015-15"",""trade_id"":""d1079484-eb16-6c8e-6be3-b56ae0d321b8"",""yes_price_dollars"":""0.4700""}"
KXBTC15M-26APR280015-15,b1ee2ab5-3c85-738d-543b-64b0ffba1ea1,1777348817,0.47,24.15,no,"{""count_fp"":""24.15"",""created_time"":""2026-04-28T04:00:17.412052Z"",""no_price_dollars"":""0.5300"",""taker_side"":""no"",""ticker"":""KXBTC15M-26APR280015-15"",""trade_id"":""b1ee2ab5-3c85-738d-543b-64b0ffba1ea1"",""yes_price_dollars"":""0.4700""}"
KXBTC15M-26APR280015-15,358da0fe-8982-78f2-54b9-90db0d68fa10,1777348817,0.47,7.96,no,"{""count_fp"":""7.96"",""created_time"":""2026-04-28T04:00:17.412052Z"",""no_price_dollars"":""0.5300"",""taker_side"":""no"",""ticker"":""KXBTC15M-26APR280015-15"",""trade_id"":""358da0fe-8982-78f2-54b9-90db0d68fa10"",""yes_price_dollars"":""0.4700""}"
KXBTC15M-26APR280015-15,0318b1e3-39dd-6405-57a9-898d60c3db65,1777348817,0.47,47.49,no,"{""count_fp"":""47.49"",""created_time"":""2026-04-28T04:00:17.171336Z"",""no_price_dollars"":""0.5300"",""taker_side"":""no"",""ticker"":""KXBTC15M-26APR280015-15"",""trade_id"":""0318b1e3-39dd-6405-57a9-898d60c3db65"",""yes_price_dollars"":""0.4700""}"
KXBTC15M-26APR280015-15,e833fb46-247c-5e39-301d-6ff27dfc96fb,1777348818,0.46,40.0,yes,"{""count_fp"":""40.00"",""created_time"":""2026-04-28T04:00:18.304645Z"",""no_price_dollars"":""0.5400"",""taker_side"":""yes"",""ticker"":""KXBTC15M-26APR280015-15"",""trade_id"":""e833fb46-247c-5e39-301d-6ff27dfc96fb"",""yes_price_dollars"":""0.4600""}"
KXBTC15M-26APR280015-15,e09f82d0-ffe2-58dd-16c2-bbdbf2fa7e5a,1777348818,0.46,16.28,yes,"{""count_fp"":""16.28"",""created_time"":""2026-04-28T04:00:18.304645Z"",""no_price_dollars"":""0.5400"",""taker_side"":""yes"",""ticker"":""KXBTC15M-26APR280015-15"",""trade_id"":""e09f82d0-ffe2-58dd-16c2-bbdbf2fa7e5a"",""yes_price_dollars"":""0.4600""}"
KXBTC15M-26APR280015-15,eb9af5f3-1524-62ec-9b3a-abc7d5f33a9a,1777348819,0.44,47.81,no,"{""count_fp"":""47.81"",""created_time"":""2026-04-28T04:00:19.931494Z"",""no_price_dollars"":""0.5600"",""taker_side"":""no"",""ticker"":""KXBTC15M-26APR280015-15"",""trade_id"":""eb9af5f3-1524-62ec-9b3a-abc7d5f33a9a"",""yes_price_dollars"":""0.4400""}"
KXBTC15M-26APR280015-15,b8a29691-dc50-6067-8f29-b3fef6bcefc6,1777348819,0.44,1.0,no,"{""count_fp"":""1.00"",""created_time"":""2026-04-28T04:00:19.931494Z"",""no_price_dollars"":""0.5600"",""taker_side"":""no"",""ticker"":""KXBTC15M-26APR280015-15"",""trade_id"":""b8a29691-dc50-6067-8f29-b3fef6bcefc6"",""yes_price_dollars"":""0.4400""}"
KXBTC15M-26APR280015-15,136c2d66-be44-6432-926b-7f552cd7d381,1777348819,0.44,3.0,no,"{""count_fp"":""3.00"",""created_time"":""2026-04-28T04:00:19.931494Z"",""no_price_dollars"":""0.5600"",""taker_side"":""no"",""ticker"":""KXBTC15M-26APR280015-15"",""trade_id"":""136c2d66-be44-6432-926b-7f552cd7d381"",""yes_price_dollars"":""0.4400""}"
KXBTC15M-26APR280015-15,d40e6b4c-11b6-5eed-0100-69b7c91a446c,1777348819,0.45,9.49,no,"{""count_fp"":""9.49"",""created_time"":""2026-04-28T04:00:19.861163Z"",""no_price_dollars"":""0.5500"",""taker_side"":""no"",""ticker"":""KXBTC15M-26APR280015-15"",""trade_id"":""d40e6b4c-11b6-5eed-0100-69b7c91a446c"",""yes_price_dollars"":""0.4500""}"
KXBTC15M-26APR280015-15,80676048-829f-5d97-0dee-b069f67eddc0,1777348819,0.45,43.38,no,"{""count_fp"":""43.38"",""created_time"":""2026-04-28T04:00:19.861163Z"",""no_price_dollars"":""0.5500"",""taker_side"":""no"",""ticker"":""KXBTC15M-26APR280015-15"",""trade_id"":""80676048-829f-5d97-0dee-b069f67eddc0"",""yes_price_dollars"":""0.4500""}"
KXBTC15M-26APR280015-15,fafd924a-4513-558b-5139-f1b9835c93a8,1777348819,0.45,8.8,no,"{""count_fp"":""8.80"",""created_time"":""2026-04-28T04:00:19.644368Z"",""no_price_dollars"":""0.5500"",""taker_side"":""no"",""ticker"":""KXBTC15M-26APR280015-15"",""trade_id"":""fafd924a-4513-558b-5139-f1b9835c93a8"",""yes_price_dollars"":""0.4500""}"
KXBTC15M-26APR280015-15,15969525-a9ba-7646-3a1a-a43477e442d0,1777348819,0.46,16.08,yes,"{""count_fp"":""16.08"",""created_time"":""2026-04-28T04:00:19.454998Z"",""no_price_dollars"":""0.5400"",""taker_side"":""yes"",""ticker"":""KXBTC15M-26APR280015-15"",""trade_id"":""15969525-a9ba-7646-3a1a-a43477e442d0"",""yes_price_dollars"":""0.4600""}"
KXBTC15M-26APR280015-15,2bb96bf2-bfe6-5396-5378-14f70a2dd06c,1777348819,0.46,12.06,yes,"{""count_fp"":""12.06"",""created_time"":""2026-04-28T04:00:19.273792Z"",""no_price_dollars"":""0.5400"",""taker_side"":""yes"",""ticker"":""KXBTC15M-26APR280015-15"",""trade_id"":""2bb96bf2-bfe6-5396-5378-14f70a2dd06c"",""yes_price_dollars"":""0.4600""}"
KXBTC15M-26APR280015-15,d3a4f9ca-c941-69b8-5c1b-a42475e14810,1777348819,0.45,1.0,no,"{""count_fp"":""1.00"",""created_time"":""2026-04-28T04:00:19.077162Z"",""no_price_dollars"":""0.5500"",""taker_side"":""no"",""ticker"":""KXBTC15M-26APR280015-15"",""trade_id"":""d3a4f9ca-c941-69b8-5c1b-a42475e14810"",""yes_price_dollars"":""0.4500""}"
KXBTC15M-26APR280015-15,1d48d1cb-538b-673b-5b00-e63c0cc029c8,1777348819,0.45,147.82,no,"{""count_fp"":""147.82"",""created_time"":""2026-04-28T04:00:19.077162Z"",""no_price_dollars"":""0.5500"",""taker_side"":""no"",""ticker"":""KXBTC15M-26APR280015-15"",""trade_id"":""1d48d1cb-538b-673b-5b00-e63c0cc029c8"",""yes_price_dollars"":""0.4500""}"
KXBTC15M-26APR280015-15,1ae28c77-b5ef-697a-76f8-f02e69cbb3d3,1777348819,0.45,1.0,no,"{""count_fp"":""1.00"",""created_time"":""2026-04-28T04:00:19.077162Z"",""no_price_dollars"":""0.5500"",""taker_side"":""no"",""ticker"":""KXBTC15M-26APR280015-15"",""trade_id"":""1ae28c77-b5ef-697a-76f8-f02e69cbb3d3"",""yes_price_dollars"":""0.4500""}"
KXBTC15M-26APR280015-15,7f61d578-a735-4823-060c-7113a8d81347,1777348820,0.45,10.05,yes,"{""count_fp"":""10.05"",""created_time"":""2026-04-28T04:00:20.973003Z"",""no_price_dollars"":""0.5500"",""taker_side"":""yes"",""ticker"":""KXBTC15M-26APR280015-15"",""trade_id"":""7f61d578-a735-4823-060c-7113a8d81347"",""yes_price_dollars"":""0.4500""}"
KXBTC15M-26APR280015-15,edaa4cb3-25a9-6a92-2c18-891f6e6cb0cd,1777348820,0.44,40.0,no,"{""count_fp"":""40.00"",""created_time"":""2026-04-28T04:00:20.970773Z"",""no_price_dollars"":""0.5600"",""taker_side"":""no"",""ticker"":""KXBTC15M-26APR280015-15"",""trade_id"":""edaa4cb3-25a9-6a92-2c18-891f6e6cb0cd"",""yes_price_dollars"":""0.4400""}"
KXBTC15M-26APR280015-15,a3956363-d1a6-6f94-33c5-43900e6533a5,1777348820,0.44,192.38,no,"{""count_fp"":""192.38"",""created_time"":""2026-04-28T04:00:20.970773Z"",""no_price_dollars"":""0.5600"",""taker_side"":""no"",""ticker"":""KXBTC15M-26APR280015-15"",""trade_id"":""a3956363-d1a6-6f94-33c5-43900e6533a5"",""yes_price_dollars"":""0.4400""}"
KXBTC15M-26APR280015-15,015c0c00-dcf4-6d04-0750-d3d334221da6,1777348820,0.44,102.19,no,"{""count_fp"":""102.19"",""created_time"":""2026-04-28T04:00:20.970773Z"",""no_price_dollars"":""0.5600"",""taker_side"":""no"",""ticker"":""KXBTC15M-26APR280015-15"",""trade_id"":""015c0c00-dcf4-6d04-0750-d3d334221da6"",""yes_price_dollars"":""0.4400""}"
KXBTC15M-26APR280015-15,272d7f54-8b71-63ff-1a38-b04ec00eb597,1777348821,0.45,87.73,yes,"{""count_fp"":""87.73"",""created_time"":""2026-04-28T04:00:21.791305Z"",""no_price_dollars"":""0.5500"",""taker_side"":""yes"",""ticker"":""KXBTC15M-26APR280015-15"",""trade_id"":""272d7f54-8b71-63ff-1a38-b04ec00eb597"",""yes_price_dollars"":""0.4500""}"
KXBTC15M-26APR280015-15,7b3b1487-9e6e-4fe8-3c73-60ecf731981d,1777348821,0.44,3.0,no,"{""count_fp"":""3.00"",""created_time"":""2026-04-28T04:00:21.558637Z"",""no_price_dollars"":""0.5600"",""taker_side"":""no"",""ticker"":""KXBTC15M-26APR280015-15"",""trade_id"":""7b3b1487-9e6e-4fe8-3c73-60ecf731981d"",""yes_price_dollars"":""0.4400""}"
KXBTC15M-26APR280015-15,6491f93b-251e-6d70-73d2-8b01823e2ab1,1777348822,0.44,1.73,no,"{""count_fp"":""1.73"",""created_time"":""2026-04-28T04:00:22.565346Z"",""no_price_dollars"":""0.5600"",""taker_side"":""no"",""ticker"":""KXBTC15M-26APR280015-15"",""trade_id"":""6491f93b-251e-6d70-73d2-8b01823e2ab1"",""yes_price_dollars"":""0.4400""}"
KXBTC15M-26APR280015-15,733446c2-56e3-5f41-0c83-e7b0243f3ffa,1777348822,0.45,22.71,yes,"{""count_fp"":""22.71"",""created_time"":""2026-04-28T04:00:22.533471Z"",""no_price_dollars"":""0.5500"",""taker_side"":""yes"",""ticker"":""KXBTC15M-26APR280015-15"",""trade_id"":""733446c2-56e3-5f41-0c83-e7b0243f3ffa"",""yes_price_dollars"":""0.4500""}"
KXBTC15M-26APR280015-15,61cd3ff9-7519-5c17-05c0-c195ec8f81cb,1777348822,0.45,22.22,yes,"{""count_fp"":""22.22"",""created_time"":""2026-04-28T04:00:22.533471Z"",""no_price_dollars"":""0.5500"",""taker_side"":""yes"",""ticker"":""KXBTC15M-26APR280015-15"",""trade_id"":""61cd3ff9-7519-5c17-05c0-c195ec8f81cb"",""yes_price_dollars"":""0.4500""}"
KXBTC15M-26APR280015-15,679a7545-73da-531c-665d-b0180077a239,1777348822,0.44,10.0,no,"{""count_fp"":""10.00"",""created_time"":""2026-04-28T04:00:22.057127Z"",""no_price_dollars"":""0.5600"",""taker_side"":""no"",""ticker"":""KXBTC15M-26APR280015-15"",""trade_id"":""679a7545-73da-531c-665d-b0180077a239"",""yes_price_dollars"":""0.4400""}"
KXBTC15M-26APR280015-15,c960d1c8-413c-4459-a3fd-21f0ab40104c,1777348823,0.45,10.69,no,"{""count_fp"":""10.69"",""created_time"":""2026-04-28T04:00:23.775459Z"",""no_price_dollars"":""0.5500"",""taker_side"":""no"",""ticker"":""KXBTC15M-26APR280015-15"",""trade_id"":""c960d1c8-413c-4459-a3fd-21f0ab40104c"",""yes_price_dollars"":""0.4500""}"
KXBTC15M-26APR280015-15,8db83b53-4b4d-4969-9020-6198e17ce3a1,1777348823,0.45,32.61,no,"{""count_fp"":""32.61"",""created_time"":""2026-04-28T04:00:23.775459Z"",""no_price_dollars"":""0.5500"",""taker_side"":""no"",""ticker"":""KXBTC15M-26APR280015-15"",""trade_id"":""8db83b53-4b4d-4969-9020-6198e17ce3a1"",""yes_price_dollars"":""0.4500""}"
KXBTC15M-26APR280015-15,a8aa258a-0707-6de7-fa9e-c87b97f31e4e,1777348823,0.45,3.0,no,"{""count_fp"":""3.00"",""created_time"":""2026-04-28T04:00:23.742769Z"",""no_price_dollars"":""0.5500"",""taker_side"":""no"",""ticker"":""KXBTC15M-26APR280015-15"",""trade_id"":""a8aa258a-0707-6de7-fa9e-c87b97f31e4e"",""yes_price_dollars"":""0.4500""}"
KXBTC15M-26APR280015-15,442d80ab-6bc9-6935-f175-5bb6b1466e69,1777348823,0.45,7.39,no,"{""count_fp"":""7.39"",""created_time"":""2026-04-28T04:00:23.742769Z"",""no_price_dollars"":""0.5500"",""taker_side"":""no"",""ticker"":""KXBTC15M-26APR280015-15"",""trade_id"":""442d80ab-6bc9-6935-f175-5bb6b1466e69"",""yes_price_dollars"":""0.4500""}"
KXBTC15M-26APR280015-15,b7acd818-b036-6cec-ef90-eda31b287f96,1777348823,0.46,33.0,yes,"{""count_fp"":""33.00"",""created_time"":""2026-04-28T04:00:23.295079Z"",""no_price_dollars"":""0.5400"",""taker_side"":""yes"",""ticker"":""KXBTC15M-26APR280015-15"",""trade_id"":""b7acd818-b036-6cec-ef90-eda31b287f96"",""yes_price_dollars"":""0.4600""}"
KXBTC15M-26APR280015-15,86695629-00cb-6229-05f7-9a92ad8536d6,1777348823,0.45,10.69,yes,"{""count_fp"":""10.69"",""created_time"":""2026-04-28T04:00:23.042418Z"",""no_price_dollars"":""0.5500"",""taker_side"":""yes"",""ticker"":""KXBTC15M-26APR280015-15"",""trade_id"":""86695629-00cb-6229-05f7-9a92ad8536d6"",""yes_price_dollars"":""0.4500""}"
KXBTC15M-26APR280015-15,f6b4e126-37b1-580c-9a6b-30fb6e5b7b90,1777348824,0.46,17.0,yes,"{""count_fp"":""17.00"",""created_time"":""2026-04-28T04:00:24.995275Z"",""no_price_dollars"":""0.5400"",""taker_side"":""yes"",""ticker"":""KXBTC15M-26APR280015-15"",""trade_id"":""f6b4e126-37b1-580c-9a6b-30fb6e5b7b90"",""yes_price_dollars"":""0.4600""}"
KXBTC15M-26APR280015-15,a662bdd1-5a0e-546e-b751-68c35f6c1674,1777348824,0.46,14.04,yes,"{""count_fp"":""14.04"",""created_time"":""2026-04-28T04:00:24.995275Z"",""no_price_dollars"":""0.5400"",""taker_side"":""yes"",""ticker"":""KXBTC15M-26APR280015-15"",""trade_id"":""a662bdd1-5a0e-546e-b751-68c35f6c1674"",""yes_price_dollars"":""0.4600""}"
KXBTC15M-26APR280015-15,0d106b4c-2ee8-50bb-bb24-e94c878de323,1777348824,0.46,40.0,yes,"{""count_fp"":""40.00"",""created_time"":""2026-04-28T04:00:24.995275Z"",""no_price_dollars"":""0.5400"",""taker_side"":""yes"",""ticker"":""KXBTC15M-26APR280015-15"",""trade_id"":""0d106b4c-2ee8-50bb-bb24-e94c878de323"",""yes_price_dollars"":""0.4600""}"
KXBTC15M-26APR280015-15,08da2f16-b5cd-5187-846a-1813c01b5724,1777348824,0.46,31.73,yes,"{""count_fp"":""31.73"",""created_time"":""2026-04-28T04:00:24.995275Z"",""no_price_dollars"":""0.5400"",""taker_side"":""yes"",""ticker"":""KXBTC15M-26APR280015-15"",""trade_id"":""08da2f16-b5cd-5187-846a-1813c01b5724"",""yes_price_dollars"":""0.4600""}"
KXBTC15M-26APR280015-15,b04ca656-306b-76fc-0da2-d2c251b7d4aa,1777348824,0.45,5.28,no,"{""count_fp"":""5.28"",""created_time"":""2026-04-28T04:00:24.633743Z"",""no_price_dollars"":""0.5500"",""taker_side"":""no"",""ticker"":""KXBTC15M-26APR280015-15"",""trade_id"":""b04ca656-306b-76fc-0da2-d2c251b7d4aa"",""yes_price_dollars"":""0.4500""}"
KXBTC15M-26APR280015-15,6dd3a03b-0961-435f-5df4-b5db2f93856c,1777348824,0.46,5.26,yes,"{""count_fp"":""5.26"",""created_time"":""2026-04-28T04:00:24.573946Z"",""no_price_dollars"":""0.5400"",""taker_side"":""yes"",""ticker"":""KXBTC15M-26APR280015-15"",""trade_id"":""6dd3a03b-0961-435f-5df4-b5db2f93856c"",""yes_price_dollars"":""0.4600""}"
KXBTC15M-26APR280015-15,0e5bb088-caaa-494d-6a95-1608932f2bba,1777348824,0.46,5.0,yes,"{""count_fp"":""5.00"",""created_time"":""2026-04-28T04:00:24.573946Z"",""no_price_dollars"":""0.5400"",""taker_side"":""yes"",""ticker"":""KXBTC15M-26APR280015-15"",""trade_id"":""0e5bb088-caaa-494d-6a95-1608932f2bba"",""yes_price_dollars"":""0.4600""}"
KXBTC15M-26APR280015-15,3b35b303-157f-7934-8829-682eb64b4df2,1777348824,0.45,6.0,no,"{""count_fp"":""6.00"",""created_time"":""2026-04-28T04:00:24.495312Z"",""no_price_dollars"":""0.5500"",""taker_side"":""no"",""ticker"":""KXBTC15M-26APR280015-15"",""trade_id"":""3b35b303-157f-7934-8829-682eb64b4df2"",""yes_price_dollars"":""0.4500""}"
KXBTC15M-26APR280015-15,efc0fb57-9023-52ae-876f-f0e962df1c57,1777348824,0.45,36.99,no,"{""count_fp"":""36.99"",""created_time"":""2026-04-28T04:00:24.177664Z"",""no_price_dollars"":""0.5500"",""taker_side"":""no"",""ticker"":""KXBTC15M-26APR280015-15"",""trade_id"":""efc0fb57-9023-52ae-876f-f0e962df1c57"",""yes_price_dollars"":""0.4500""}"
KXBTC15M-26APR280015-15,8248270e-0b28-59f9-8387-b982b5b67410,1777348824,0.45,6.31,no,"{""count_fp"":""6.31"",""created_time"":""2026-04-28T04:00:24.177664Z"",""no_price_dollars"":""0.5500"",""taker_side"":""no"",""ticker"":""KXBTC15M-26APR280015-15"",""trade_id"":""8248270e-0b28-59f9-8387-b982b5b67410"",""yes_price_dollars"":""0.4500""}"
KXBTC15M-26APR280015-15,9f556e3d-e14b-560a-6b01-a6095e3ee8e6,1777348824,0.47,0.26,yes,"{""count_fp"":""0.26"",""created_time"":""2026-04-28T04:00:24.023672Z"",""no_price_dollars"":""0.5300"",""taker_side"":""yes"",""ticker"":""KXBTC15M-26APR280015-15"",""trade_id"":""9f556e3d-e14b-560a-6b01-a6095e3ee8e6"",""yes_price_dollars"":""0.4700""}"
KXBTC15M-26APR280015-15,45df7ee6-8c0b-50d3-604a-e9881627f619,1777348824,0.46,10.0,yes,"{""count_fp"":""10.00"",""created_time"":""2026-04-28T04:00:24.023672Z"",""no_price_dollars"":""0.5400"",""taker_side"":""yes"",""ticker"":""KXBTC15M-26APR280015-15"",""trade_id"":""45df7ee6-8c0b-50d3-604a-e9881627f619"",""yes_price_dollars"":""0.4600""}"
KXBTC15M-26APR280015-15,f6316c87-5b7b-5428-819d-408f9dbf857c,1777348825,0.45,8.0,no,"{""count_fp"":""8.00"",""created_time"":""2026-04-28T04:00:25.815515Z"",""no_price_dollars"":""0.5500"",""taker_side"":""no"",""ticker"":""KXBTC15M-26APR280015-15"",""trade_id"":""f6316c87-5b7b-5428-819d-408f9dbf857c"",""yes_price_dollars"":""0.4500""}"
KXBTC15M-26APR280015-15,7821faa5-ab06-7757-85c2-d260829c8bc0,1777348825,0.45,10.0,yes,"{""count_fp"":""10.00"",""created_time"":""2026-04-28T04:00:25.661251Z"",""no_price_dollars"":""0.5500"",""taker_side"":""yes"",""ticker"":""KXBTC15M-26APR280015-15"",""trade_id"":""7821faa5-ab06-7757-85c2-d260829c8bc0"",""yes_price_dollars"":""0.4500""}"
KXBTC15M-26APR280015-15,6965b76b-5b68-7a00-8ce1-0986d758a11c,1777348825,0.46,3.0,yes,"{""count_fp"":""3.00"",""created_time"":""2026-04-28T04:00:25.661251Z"",""no_price_dollars"":""0.5400"",""taker_side"":""yes"",""ticker"":""KXBTC15M-26APR280015-15"",""trade_id"":""6965b76b-5b68-7a00-8ce1-0986d758a11c"",""yes_price_dollars"":""0.4600""}"
KXBTC15M-26APR280015-15,32eaf58b-8fc1-7fac-b284-8b87f48f658b,1777348825,0.46,3.78,yes,"{""count_fp"":""3.78"",""created_time"":""2026-04-28T04:00:25.661251Z"",""no_price_dollars"":""0.5400"",""taker_side"":""yes"",""ticker"":""KXBTC15M-26APR280015-15"",""trade_id"":""32eaf58b-8fc1-7fac-b284-8b87f48f658b"",""yes_price_dollars"":""0.4600""}"
KXBTC15M-26APR280015-15,223d33ce-a9cf-7efe-ad84-38de2b68d8de,1777348825,0.44,5.0,no,"{""count_fp"":""5.00"",""created_time"":""2026-04-28T04:00:25.316124Z"",""no_price_dollars"":""0.5600"",""taker_side"":""no"",""ticker"":""KXBTC15M-26APR280015-15"",""trade_id"":""223d33ce-a9cf-7efe-ad84-38de2b68d8de"",""yes_price_dollars"":""0.4400""}"
KXBTC15M-26APR280015-15,1fbf99f3-bcfb-44b2-ed07-3f128752c99a,1777348826,0.44,6.92,no,"{""count_fp"":""6.92"",""created_time"":""2026-04-28T04:00:26.576875Z"",""no_price_dollars"":""0.5600"",""taker_side"":""no"",""ticker"":""KXBTC15M-26APR280015-15"",""trade_id"":""1fbf99f3-bcfb-44b2-ed07-3f128752c99a"",""yes_price_dollars"":""0.4400""}"
KXBTC15M-26APR280015-15,0e9d9c1d-fbdd-4d84-cf0f-a50b115d1f2b,1777348826,0.46,11.0,yes,"{""count_fp"":""11.00"",""created_time"":""2026-04-28T04:00:26.545506Z"",""no_price_dollars"":""0.5400"",""taker_side"":""yes"",""ticker"":""KXBTC15M-26APR280015-15"",""trade_id"":""0e9d9c1d-fbdd-4d84-cf0f-a50b115d1f2b"",""yes_price_dollars"":""0.4600""}"
KXBTC15M-26APR280015-15,fc71fc48-3153-798a-3748-1f54062e0976,1777348826,0.44,23.3,no,"{""count_fp"":""23.30"",""created_time"":""2026-04-28T04:00:26.521751Z"",""no_price_dollars"":""0.5600"",""taker_side"":""no"",""ticker"":""KXBTC15M-26APR280015-15"",""trade_id"":""fc71fc48-3153-798a-3748-1f54062e0976"",""yes_price_dollars"":""0.4400""}"
KXBTC15M-26APR280015-15,b082f922-efa0-7c6e-179f-aad49e60141c,1777348826,0.45,1.76,no,"{""count_fp"":""1.76"",""created_time"":""2026-04-28T04:00:26.521751Z"",""no_price_dollars"":""0.5500"",""taker_side"":""no"",""ticker"":""KXBTC15M-26APR280015-15"",""trade_id"":""b082f922-efa0-7c6e-179f-aad49e60141c"",""yes_price_dollars"":""0.4500""}"
KXBTC15M-26APR280015-15,83289ba8-395d-7834-0679-614e3c190a10,1777348826,0.45,4.0,no,"{""count_fp"":""4.00"",""created_time"":""2026-04-28T04:00:26.521751Z"",""no_price_dollars"":""0.5500"",""taker_side"":""no"",""ticker"":""KXBTC15M-26APR280015-15"",""trade_id"":""83289ba8-395d-7834-0679-614e3c190a10"",""yes_price_dollars"":""0.4500""}"
KXBTC15M-26APR280015-15,7c7665fb-0183-7b48-21a1-30c05f26bbcf,1777348826,0.45,14.24,no,"{""count_fp"":""14.24"",""created_time"":""2026-04-28T04:00:26.521751Z"",""no_price_dollars"":""0.5500"",""taker_side"":""no"",""ticker"":""KXBTC15M-26APR280015-15"",""trade_id"":""7c7665fb-0183-7b48-21a1-30c05f26bbcf"",""yes_price_dollars"":""0.4500""}"
KXBTC15M-26APR280015-15,450e170d-1607-4088-a397-a2a41fc6c417,1777348826,0.45,1.76,no,"{""count_fp"":""1.76"",""created_time"":""2026-04-28T04:00:26.422815Z"",""no_price_dollars"":""0.5500"",""taker_side"":""no"",""ticker"":""KXBTC15M-26APR280015-15"",""trade_id"":""450e170d-1607-4088-a397-a2a41fc6c417"",""yes_price_dollars"":""0.4500""}"
KXBTC15M-26APR280015-15,5e4fef96-4ab3-46a7-c85a-7b341e69c4e1,1777348827,0.45,1.73,no,"{""count_fp"":""1.73"",""created_time"":""2026-04-28T04:00:27.393328Z"",""no_price_dollars"":""0.5500"",""taker_side"":""no"",""ticker"":""KXBTC15M-26APR280015-15"",""trade_id"":""5e4fef96-4ab3-46a7-c85a-7b341e69c4e1"",""yes_price_dollars"":""0.4500""}"
KXBTC15M-26APR280015-15,3175acae-bd2b-4d42-05f8-78a4fe282026,1777348827,0.44,3.05,no,"{""count_fp"":""3.05"",""created_time"":""2026-04-28T04:00:27.139605Z"",""no_price_dollars"":""0.5600"",""taker_side"":""no"",""ticker"":""KXBTC15M-26APR280015-15"",""trade_id"":""3175acae-bd2b-4d42-05f8-78a4fe282026"",""yes_price_dollars"":""0.4400""}"
KXBTC15M-26APR280015-15,12f226a2-5e41-445d-2f3f-7519b3308f1b,1777348827,0.44,22.93,no,"{""count_fp"":""22.93"",""created_time"":""2026-04-28T04:00:27.139605Z"",""no_price_dollars"":""0.5600"",""taker_side"":""no"",""ticker"":""KXBTC15M-26APR280015-15"",""trade_id"":""12f226a2-5e41-445d-2f3f-7519b3308f1b"",""yes_price_dollars"":""0.4400""}"
KXBTC15M-26APR280015-15,f225a507-6e21-62b4-5135-0edfcda05d7b,1777348827,0.46,10.47,yes,"{""count_fp"":""10.47"",""created_time"":""2026-04-28T04:00:27.058908Z"",""no_price_dollars"":""0.5400"",""taker_side"":""yes"",""ticker"":""KXBTC15M-26APR280015-15"",""trade_id"":""f225a507-6e21-62b4-5135-0edfcda05d7b"",""yes_price_dollars"":""0.4600""}"
KXBTC15M-26APR280015-15,003a0fd9-9f4b-7712-27ae-c90c063fe1c2,1777348828,0.45,3.46,no,"{""count_fp"":""3.46"",""created_time"":""2026-04-28T04:00:28.874271Z"",""no_price_dollars"":""0.5500"",""taker_side"":""no"",""ticker"":""KXBTC15M-26APR280015-15"",""trade_id"":""003a0fd9-9f4b-7712-27ae-c90c063fe1c2"",""yes_price_dollars"":""0.4500""}"
KXBTC15M-26APR280015-15,94198427-9e02-43be-1248-d28204f850cc,1777348828,0.46,20.94,yes,"{""count_fp"":""20.94"",""created_time"":""2026-04-28T04:00:28.752711Z"",""no_price_dollars"":""0.5400"",""taker_side"":""yes"",""ticker"":""KXBTC15M-26APR280015-15"",""trade_id"":""94198427-9e02-43be-1248-d28204f850cc"",""yes_price_dollars"":""0.4600""}"
KXBTC15M-26APR280015-15,08aeb136-8786-4b56-bc9b-3adef6bdce08,1777348828,0.46,104.73,yes,"{""count_fp"":""104.73"",""created_time"":""2026-04-28T04:00:28.625901Z"",""no_price_dollars"":""0.5400"",""taker_side"":""yes"",""ticker"":""KXBTC15M-26APR280015-15"",""trade_id"":""08aeb136-8786-4b56-bc9b-3adef6bdce08"",""yes_price_dollars"":""0.4600""}"
KXBTC15M-26APR280015-15,c2f16007-4ab6-56ca-322b-a91caf23d1f8,1777348828,0.46,180.0,yes,"{""count_fp"":""180.00"",""created_time"":""2026-04-28T04:00:28.591811Z"",""no_price_dollars"":""0.5400"",""taker_side"":""yes"",""ticker"":""KXBTC15M-26APR280015-15"",""trade_id"":""c2f16007-4ab6-56ca-322b-a91caf23d1f8"",""yes_price_dollars"":""0.4600""}"
KXBTC15M-26APR280015-15,d91a7c77-411c-77a6-a29d-86ba7739b89d,1777348828,0.45,10.0,no,"{""count_fp"":""10.00"",""created_time"":""2026-04-28T04:00:28.581918Z"",""no_price_dollars"":""0.5500"",""taker_side"":""no"",""ticker"":""KXBTC15M-26APR280015-15"",""trade_id"":""d91a7c77-411c-77a6-a29d-86ba7739b89d"",""yes_price_dollars"":""0.4500""}"
KXBTC15M-26APR280015-15,8eedde07-f2c3-79ae-8816-4460e9cd5722,1777348828,0.45,28.77,no,"{""count_fp"":""28.77"",""created_time"":""2026-04-28T04:00:28.581918Z"",""no_price_dollars"":""0.5500"",""taker_side"":""no"",""ticker"":""KXBTC15M-26APR280015-15"",""trade_id"":""8eedde07-f2c3-79ae-8816-4460e9cd5722"",""yes_price_dollars"":""0.4500""}"
KXBTC15M-26APR280015-15,094bcea1-b1ea-4aa6-d22c-c6f0caa2385c,1777348828,0.46,1.0,yes,"{""count_fp"":""1.00"",""created_time"":""2026-04-28T04:00:28.335542Z"",""no_price_dollars"":""0.5400"",""taker_side"":""yes"",""ticker"":""KXBTC15M-26APR280015-15"",""trade_id"":""094bcea1-b1ea-4aa6-d22c-c6f0caa2385c"",""yes_price_dollars"":""0.4600""}"
KXBTC15M-26APR280015-15,ba1e1136-0078-4682-a7c0-52a0b74cebdd,1777348828,0.45,10.0,no,"{""count_fp"":""10.00"",""created_time"":""2026-04-28T04:00:28.285581Z"",""no_price_dollars"":""0.5500"",""taker_side"":""no"",""ticker"":""KXBTC15M-26APR280015-15"",""trade_id"":""ba1e1136-0078-4682-a7c0-52a0b74cebdd"",""yes_price_dollars"":""0.4500""}"
KXBTC15M-26APR280015-15,3c50f2a5-8996-691a-f2c1-50afa95fd718,1777348828,0.46,31.42,yes,"{""count_fp"":""31.42"",""created_time"":""2026-04-28T04:00:28.260043Z"",""no_price_dollars"":""0.5400"",""taker_side"":""yes"",""ticker"":""KXBTC15M-26APR280015-15"",""trade_id"":""3c50f2a5-8996-691a-f2c1-50afa95fd718"",""yes_price_dollars"":""0.4600""}"
KXBTC15M-26APR280015-15,85c9cd3c-ce2a-58e2-97a7-7ff8ec84d5e4,1777348829,0.46,20.94,yes,"{""count_fp"":""20.94"",""created_time"":""2026-04-28T04:00:29.971943Z"",""no_price_dollars"":""0.5400"",""taker_side"":""yes"",""ticker"":""KXBTC15M-26APR280015-15"",""trade_id"":""85c9cd3c-ce2a-58e2-97a7-7ff8ec84d5e4"",""yes_price_dollars"":""0.4600""}"
KXBTC15M-26APR280015-15,68aedef3-5a32-7a17-8a5a-4792f4a4ba4a,1777348829,0.45,10.56,no,"{""count_fp"":""10.56"",""created_time"":""2026-04-28T04:00:29.251105Z"",""no_price_dollars"":""0.5500"",""taker_side"":""no"",""ticker"":""KXBTC15M-26APR280015-15"",""trade_id"":""68aedef3-5a32-7a17-8a5a-4792f4a4ba4a"",""yes_price_dollars"":""0.4500""}"
KXBTC15M-26APR280015-15,cab901a0-8ba7-55b2-eae4-7dccf22c892e,1777348829,0.45,1.05,no,"{""count_fp"":""1.05"",""created_time"":""2026-04-28T04:00:29.075174Z"",""no_price_dollars"":""0.5500"",""taker_side"":""no"",""ticker"":""KXBTC15M-26APR280015-15"",""trade_id"":""cab901a0-8ba7-55b2-eae4-7dccf22c892e"",""yes_price_dollars"":""0.4500""}"
KXBTC15M-26APR280015-15,adaf7a50-c8f7-57c2-4ee8-d9e1f54ebcaa,1777348829,0.45,1.0,no,"{""count_fp"":""1.00"",""created_time"":""2026-04-28T04:00:29.054618Z"",""no_price_dollars"":""0.5500"",""taker_side"":""no"",""ticker"":""KXBTC15M-26APR280015-15"",""trade_id"":""adaf7a50-c8f7-57c2-4ee8-d9e1f54ebcaa"",""yes_price_dollars"":""0.4500""}"
KXBTC15M-26APR280015-15,37f07fee-53ba-7233-649b-30508b6a2efe,1777348830,0.45,8.0,no,"{""count_fp"":""8.00"",""created_time"":""2026-04-28T04:00:30.633146Z"",""no_price_dollars"":""0.5500"",""taker_side"":""no"",""ticker"":""KXBTC15M-26APR280015-15"",""trade_id"":""37f07fee-53ba-7233-649b-30508b6a2efe"",""yes_price_dollars"":""0.4500""}"
KXBTC15M-26APR280015-15,44acc187-8052-6cd3-68db-b4d9e6c36fae,1777348830,0.45,8.81,no,"{""count_fp"":""8.81"",""created_time"":""2026-04-28T04:00:30.511719Z"",""no_price_dollars"":""0.5500"",""taker_side"":""no"",""ticker"":""KXBTC15M-26APR280015-15"",""trade_id"":""44acc187-8052-6cd3-68db-b4d9e6c36fae"",""yes_price_dollars"":""0.4500""}"
KXBTC15M-26APR280015-15,270ecdf9-edce-766b-87a7-8dfe5865f00e,1777348830,0.45,17.62,no,"{""count_fp"":""17.62"",""created_time"":""2026-04-28T04:00:30.381663Z"",""no_price_dollars"":""0.5500"",""taker_side"":""no"",""ticker"":""KXBTC15M-26APR280015-15"",""trade_id"":""270ecdf9-edce-766b-87a7-8dfe5865f00e"",""yes_price_dollars"":""0.4500""}"
KXBTC15M-26APR280015-15,04d070e4-ba4e-78eb-8da1-0ceef81bf3da,1777348830,0.45,2.0,no,"{""count_fp"":""2.00"",""created_time"":""2026-04-28T04:00:30.251711Z"",""no_price_dollars"":""0.5500"",""taker_side"":""no"",""ticker"":""KXBTC15M-26APR280015-15"",""trade_id"":""04d070e4-ba4e-78eb-8da1-0ceef81bf3da"",""yes_price_dollars"":""0.4500""}"
KXBTC15M-26APR280015-15,fdfeb297-9d99-605a-2a1e-41c759851c62,1777348831,0.45,30.0,yes,"{""count_fp"":""30.00"",""created_time"":""2026-04-28T04:00:31.908936Z"",""no_price_dollars"":""0.5500"",""taker_side"":""yes"",""ticker"":""KXBTC15M-26APR280015-15"",""trade_id"":""fdfeb297-9d99-605a-2a1e-41c759851c62"",""yes_price_dollars"":""0.4500""}"
KXBTC15M-26APR280015-15,bc1fd63b-f4f5-62ee-35a6-f89803606c4a,1777348831,0.45,1.42,yes,"{""count_fp"":""1.42"",""created_time"":""2026-04-28T04:00:31.908936Z"",""no_price_dollars"":""0.5500"",""taker_side"":""yes"",""ticker"":""KXBTC15M-26APR280015-15"",""trade_id"":""bc1fd63b-f4f5-62ee-35a6-f89803606c4a"",""yes_price_dollars"":""0.4500""}"
KXBTC15M-26APR280015-15,d776f0ed-5c20-72f6-ef8e-75650cf6dcc2,1777348831,0.45,16.38,no,"{""count_fp"":""16.38"",""created_time"":""2026-04-28T04:00:31.623887Z"",""no_price_dollars"":""0.5500"",""taker_side"":""no"",""ticker"":""KXBTC15M-26APR280015-15"",""trade_id"":""d776f0ed-5c20-72f6-ef8e-75650cf6dcc2"",""yes_price_dollars"":""0.4500""}"
KXBTC15M-26APR280015-15,bac142a7-8679-79ef-d95d-319a0710d9ee,1777348831,0.45,3.62,no,"{""count_fp"":""3.62"",""created_time"":""2026-04-28T04:00:31.623887Z"",""no_price_dollars"":""0.5500"",""taker_side"":""no"",""ticker"":""KXBTC15M-26APR280015-15"",""trade_id"":""bac142a7-8679-79ef-d95d-319a0710d9ee"",""yes_price_dollars"":""0.4500""}"
KXBTC15M-26APR280015-15,4407eb4c-0612-4fde-7b9b-8bc0d7dbe530,1777348831,0.46,15.0,yes,"{""count_fp"":""15.00"",""created_time"":""2026-04-28T04:00:31.571419Z"",""no_price_dollars"":""0.5400"",""taker_side"":""yes"",""ticker"":""KXBTC15M-26APR280015-15"",""trade_id"":""4407eb4c-0612-4fde-7b9b-8bc0d7dbe530"",""yes_price_dollars"":""0.4600""}"
KXBTC15M-26APR280015-15,d91718a3-3c36-5195-0f81-51538b68e436,1777348831,0.45,9.23,no,"{""count_fp"":""9.23"",""created_time"":""2026-04-28T04:00:31.561424Z"",""no_price_dollars"":""0.5500"",""taker_side"":""no"",""ticker"":""KXBTC15M-26APR280015-15"",""trade_id"":""d91718a3-3c36-5195-0f81-51538b68e436"",""yes_price_dollars"":""0.4500""}"
KXBTC15M-26APR280015-15,35f446e1-2a89-5385-0660-ae4b859f0c6e,1777348831,0.45,3.0,no,"{""count_fp"":""3.00"",""created_time"":""2026-04-28T04:00:31.561424Z"",""no_price_dollars"":""0.5500"",""taker_side"":""no"",""ticker"":""KXBTC15M-26APR280015-15"",""trade_id"":""35f446e1-2a89-5385-0660-ae4b859f0c6e"",""yes_price_dollars"":""0.4500""}"
KXBTC15M-26APR280015-15,131b4f33-f705-509f-0396-066877a7e566,1777348831,0.45,7.15,no,"{""count_fp"":""7.15"",""created_time"":""2026-04-28T04:00:31.561424Z"",""no_price_dollars"":""0.5500"",""taker_side"":""no"",""ticker"":""KXBTC15M-26APR280015-15"",""trade_id"":""131b4f33-f705-509f-0396-066877a7e566"",""yes_price_dollars"":""0.4500""}"
KXBTC15M-26APR280015-15,c2732647-ee28-7ca6-2bdd-2ad6654caa13,1777348832,0.45,20.0,yes,"{""count_fp"":""20.00"",""created_time"":""2026-04-28T04:00:32.532952Z"",""no_price_dollars"":""0.5500"",""taker_side"":""yes"",""ticker"":""KXBTC15M-26APR280015-15"",""trade_id"":""c2732647-ee28-7ca6-2bdd-2ad6654caa13"",""yes_price_dollars"":""0.4500""}"
KXBTC15M-26APR280015-15,d1aae7fe-ee9c-540e-1786-cc26e14c1243,1777348832,0.45,15.0,yes,"{""count_fp"":""15.00"",""created_time"":""2026-04-28T04:00:32.308581Z"",""no_price_dollars"":""0.5500"",""taker_side"":""yes"",""ticker"":""KXBTC15M-26APR280015-15"",""trade_id"":""d1aae7fe-ee9c-540e-1786-cc26e14c1243"",""yes_price_dollars"":""0.4500""}"
KXBTC15M-26APR280015-15,0a93855b-b1ac-536e-0638-ff2134649e9b,1777348832,0.45,20.0,yes,"{""count_fp"":""20.00"",""created_time"":""2026-04-28T04:00:32.308581Z"",""no_price_dollars"":""0.5500"",""taker_side"":""yes"",""ticker"":""KXBTC15M-26APR280015-15"",""trade_id"":""0a93855b-b1ac-536e-0638-ff2134649e9b"",""yes_price_dollars"":""0.4500""}"
KXBTC15M-26APR280015-15,b4f6bd73-48c9-5176-4c7b-ce26d76ea19a,1777348832,0.45,6.0,yes,"{""count_fp"":""6.00"",""created_time"":""2026-04-28T04:00:32.138082Z"",""no_price_dollars"":""0.5500"",""taker_side"":""yes"",""ticker"":""KXBTC15M-26APR280015-15"",""trade_id"":""b4f6bd73-48c9-5176-4c7b-ce26d76ea19a"",""yes_price_dollars"":""0.4500""}"
KXBTC15M-26APR280015-15,6809d697-0dc4-55fa-2ffb-ec74d6eac673,1777348833,0.45,10.47,yes,"{""count_fp"":""10.47"",""created_time"":""2026-04-28T04:00:33.746287Z"",""no_price_dollars"":""0.5500"",""taker_side"":""yes"",""ticker"":""KXBTC15M-26APR280015-15"",""trade_id"":""6809d697-0dc4-55fa-2ffb-ec74d6eac673"",""yes_price_dollars"":""0.4500""}"
KXBTC15M-26APR280015-15,3449211a-5f18-5a96-9a0c-405bf68f7a97,1777348833,0.45,10.69,yes,"{""count_fp"":""10.69"",""created_time"":""2026-04-28T04:00:33.541096Z"",""no_price_dollars"":""0.5500"",""taker_side"":""yes"",""ticker"":""KXBTC15M-26APR280015-15"",""trade_id"":""3449211a-5f18-5a96-9a0c-405bf68f7a97"",""yes_price_dollars"":""0.4500""}"
KXBTC15M-26APR280015-15,b1868e1f-ea60-57b6-7dcf-d31f4d21e05f,1777348833,0.45,1.15,yes,"{""count_fp"":""1.15"",""created_time"":""2026-04-28T04:00:33.414964Z"",""no_price_dollars"":""0.5500"",""taker_side"":""yes"",""ticker"":""KXBTC15M-26APR280015-15"",""trade_id"":""b1868e1f-ea60-57b6-7dcf-d31f4d21e05f"",""yes_price_dollars"":""0.4500""}"
KXBTC15M-26APR280015-15,6c750920-6ded-403e-e28c-1b0e3253cc99,1777348833,0.44,31.64,no,"{""count_fp"":""31.64"",""created_time"":""2026-04-28T04:00:33.386312Z"",""no_price_dollars"":""0.5600"",""taker_side"":""no"",""ticker"":""KXBTC15M-26APR280015-15"",""trade_id"":""6c750920-6ded-403e-e28c-1b0e3253cc99"",""yes_price_dollars"":""0.4400""}"
KXBTC15M-26APR280015-15,57163133-db92-49d2-c34c-d174605f37df,1777348833,0.44,3.0,no,"{""count_fp"":""3.00"",""created_time"":""2026-04-28T04:00:33.386312Z"",""no_price_dollars"":""0.5600"",""taker_side"":""no"",""ticker"":""KXBTC15M-26APR280015-15"",""trade_id"":""57163133-db92-49d2-c34c-d174605f37df"",""yes_price_dollars"":""0.4400""}"
KXBTC15M-26APR280015-15,3a8f8bba-8659-72ba-602c-9c6d20f48ea1,1777348834,0.44,0.53,no,"{""count_fp"":""0.53"",""created_time"":""2026-04-28T04:00:34.891105Z"",""no_price_dollars"":""0.5600"",""taker_side"":""no"",""ticker"":""KXBTC15M-26APR280015-15"",""trade_id"":""3a8f8bba-8659-72ba-602c-9c6d20f48ea1"",""yes_price_dollars"":""0.4400""}"
KXBTC15M-26APR280015-15,c8975f30-8a18-41d3-e335-75a4241b0500,1777348834,0.45,9.34,yes,"{""count_fp"":""9.34"",""created_time"":""2026-04-28T04:00:34.729722Z"",""no_price_dollars"":""0.5500"",""taker_side"":""yes"",""ticker"":""KXBTC15M-26APR280015-15"",""trade_id"":""c8975f30-8a18-41d3-e335-75a4241b0500"",""yes_price_dollars"":""0.4500""}"
KXBTC15M-26APR280015-15,a42d3938-3210-46de-c37c-4c39811638e7,1777348834,0.45,5.66,yes,"{""count_fp"":""5.66"",""created_time"":""2026-04-28T04:00:34.729722Z"",""no_price_dollars"":""0.5500"",""taker_side"":""yes"",""ticker"":""KXBTC15M-26APR280015-15"",""trade_id"":""a42d3938-3210-46de-c37c-4c39811638e7"",""yes_price_dollars"":""0.4500""}"
KXBTC15M-26APR280015-15,e3c48131-7150-6422-1fe5-c0490972f1c3,1777348834,0.45,4.27,yes,"{""count_fp"":""4.27"",""created_time"":""2026-04-28T04:00:34.411758Z"",""no_price_dollars"":""0.5500"",""taker_side"":""yes"",""ticker"":""KXBTC15M-26APR280015-15"",""trade_id"":""e3c48131-7150-6422-1fe5-c0490972f1c3"",""yes_price_dollars"":""0.4500""}"
KXBTC15M-26APR280015-15,78814e06-1b1c-4d56-60d7-21e10c6751eb,1777348834,0.45,21.39,yes,"{""count_fp"":""21.39"",""created_time"":""2026-04-28T04:00:34.255127Z"",""no_price_dollars"":""0.5500"",""taker_side"":""yes"",""ticker"":""KXBTC15M-26APR280015-15"",""trade_id"":""78814e06-1b1c-4d56-60d7-21e10c6751eb"",""yes_price_dollars"":""0.4500""}"
KXBTC15M-26APR280015-15,bc93d882-0908-68db-7e54-046c2673b160,1777348835,0.45,136.94,yes,"{""count_fp"":""136.94"",""created_time"":""2026-04-28T04:00:35.940896Z"",""no_price_dollars"":""0.5500"",""taker_side"":""yes"",""ticker"":""KXBTC15M-26APR280015-15"",""trade_id"":""bc93d882-0908-68db-7e54-046c2673b160"",""yes_price_dollars"":""0.4500""}"
KXBTC15M-26APR280015-15,0f73f406-3583-47ff-c2cb-f3570ee871e9,1777348835,0.44,5.0,no,"{""count_fp"":""5.00"",""created_time"":""2026-04-28T04:00:35.737959Z"",""no_price_dollars"":""0.5600"",""taker_side"":""no"",""ticker"":""KXBTC15M-26APR280015-15"",""trade_id"":""0f73f406-3583-47ff-c2cb-f3570ee871e9"",""yes_price_dollars"":""0.4400""}"
KXBTC15M-26APR280015-15,7b484d8f-143b-7e4b-cfce-296d8e5bca45,1777348835,0.44,35.47,no,"{""count_fp"":""35.47"",""created_time"":""2026-04-28T04:00:35.460425Z"",""no_price_dollars"":""0.5600"",""taker_side"":""no"",""ticker"":""KXBTC15M-26APR280015-15"",""trade_id"":""7b484d8f-143b-7e4b-cfce-296d8e5bca45"",""yes_price_dollars"":""0.4400""}"
KXBTC15M-26APR280015-15,62185370-a53d-7702-e6e9-dfb6f110432d,1777348835,0.44,7.83,no,"{""count_fp"":""7.83"",""created_time"":""2026-04-28T04:00:35.460425Z"",""no_price_dollars"":""0.5600"",""taker_side"":""no"",""ticker"":""KXBTC15M-26APR280015-15"",""trade_id"":""62185370-a53d-7702-e6e9-dfb6f110432d"",""yes_price_dollars"":""0.4400""}"
KXBTC15M-26APR280015-15,7830f037-82af-6007-ebc0-830358618c4d,1777348836,0.44,17.32,no,"{""count_fp"":""17.32"",""created_time"":""2026-04-28T04:00:36.966013Z"",""no_price_dollars"":""0.5600"",""taker_side"":""no"",""ticker"":""KXBTC15M-26APR280015-15"",""trade_id"":""7830f037-82af-6007-ebc0-830358618c4d"",""yes_price_dollars"":""0.4400""}"
KXBTC15M-26APR280015-15,27e42c36-7f07-451f-53ab-5934a377cab5,1777348836,0.44,8.66,no,"{""count_fp"":""8.66"",""created_time"":""2026-04-28T04:00:36.865495Z"",""no_price_dollars"":""0.5600"",""taker_side"":""no"",""ticker"":""KXBTC15M-26APR280015-15"",""trade_id"":""27e42c36-7f07-451f-53ab-5934a377cab5"",""yes_price_dollars"":""0.4400""}"
KXBTC15M-26APR280015-15,87817cbd-ceeb-563b-5f34-b24d270afce5,1777348836,0.44,25.98,no,"{""count_fp"":""25.98"",""created_time"":""2026-04-28T04:00:36.717551Z"",""no_price_dollars"":""0.5600"",""taker_side"":""no"",""ticker"":""KXBTC15M-26APR280015-15"",""trade_id"":""87817cbd-ceeb-563b-5f34-b24d270afce5"",""yes_price_dollars"":""0.4400""}"
KXBTC15M-26APR280015-15,0ea6a6c2-3450-692f-86d1-76dac7825b4c,1777348836,0.45,2.0,yes,"{""count_fp"":""2.00"",""created_time"":""2026-04-28T04:00:36.658897Z"",""no_price_dollars"":""0.5500"",""taker_side"":""yes"",""ticker"":""KXBTC15M-26APR280015-15"",""trade_id"":""0ea6a6c2-3450-692f-86d1-76dac7825b4c"",""yes_price_dollars"":""0.4500""}"
KXBTC15M-26APR280015-15,eb826617-3258-45a7-4214-6eba76b49804,1777348836,0.45,4.27,yes,"{""count_fp"":""4.27"",""created_time"":""2026-04-28T04:00:36.558469Z"",""no_price_dollars"":""0.5500"",""taker_side"":""yes"",""ticker"":""KXBTC15M-26APR280015-15"",""trade_id"":""eb826617-3258-45a7-4214-6eba76b49804"",""yes_price_dollars"":""0.4500""}"
KXBTC15M-26APR280015-15,bbbf0754-b133-4a9f-c70a-e6490832509d,1777348836,0.44,34.64,no,"{""count_fp"":""34.64"",""created_time"":""2026-04-28T04:00:36.418203Z"",""no_price_dollars"":""0.5600"",""taker_side"":""no"",""ticker"":""KXBTC15M-26APR280015-15"",""trade_id"":""bbbf0754-b133-4a9f-c70a-e6490832509d"",""yes_price_dollars"":""0.4400""}"
KXBTC15M-26APR280015-15,0293972f-3c40-632f-2f7c-8fb22c07ffa8,1777348836,0.45,2.13,yes,"{""count_fp"":""2.13"",""created_time"":""2026-04-28T04:00:36.148729Z"",""no_price_dollars"":""0.5500"",""taker_side"":""yes"",""ticker"":""KXBTC15M-26APR280015-15"",""trade_id"":""0293972f-3c40-632f-2f7c-8fb22c07ffa8"",""yes_price_dollars"":""0.4500""}"
KXBTC15M-26APR280015-15,dfadd727-ea0f-62f3-8cc8-c37648275875,1777348836,0.44,40.0,no,"{""count_fp"":""40.00"",""created_time"":""2026-04-28T04:00:36.065738Z"",""no_price_dollars"":""0.5600"",""taker_side"":""no"",""ticker"":""KXBTC15M-26APR280015-15"",""trade_id"":""dfadd727-ea0f-62f3-8cc8-c37648275875"",""yes_price_dollars"":""0.4400""}"
KXBTC15M-26APR280015-15,ddbbc52c-fb0f-6ca3-3b18-948b7e7479d5,1777348837,0.44,1.73,no,"{""count_fp"":""1.73"",""created_time"":""2026-04-28T04:00:37.839903Z"",""no_price_dollars"":""0.5600"",""taker_side"":""no"",""ticker"":""KXBTC15M-26APR280015-15"",""trade_id"":""ddbbc52c-fb0f-6ca3-3b18-948b7e7479d5"",""yes_price_dollars"":""0.4400""}"
KXBTC15M-26APR280015-15,0f576092-cca2-7afa-7c7a-fde9a50187e4,1777348837,0.45,3.0,yes,"{""count_fp"":""3.00"",""created_time"":""2026-04-28T04:00:37.750239Z"",""no_price_dollars"":""0.5500"",""taker_side"":""yes"",""ticker"":""KXBTC15M-26APR280015-15"",""trade_id"":""0f576092-cca2-7afa-7c7a-fde9a50187e4"",""yes_price_dollars"":""0.4500""}"
KXBTC15M-26APR280015-15,45ad2f02-4286-5822-6927-0f42af0bf010,1777348837,0.45,4.0,yes,"{""count_fp"":""4.00"",""created_time"":""2026-04-28T04:00:37.620887Z"",""no_price_dollars"":""0.5500"",""taker_side"":""yes"",""ticker"":""KXBTC15M-26APR280015-15"",""trade_id"":""45ad2f02-4286-5822-6927-0f42af0bf010"",""yes_price_dollars"":""0.4500""}"
KXBTC15M-26APR280015-15,3eb9cfe2-ac4a-6d9e-662b-33d319b9dc70,1777348837,0.45,2.0,yes,"{""count_fp"":""2.00"",""created_time"":""2026-04-28T04:00:37.620305Z"",""no_price_dollars"":""0.5500"",""taker_side"":""yes"",""ticker"":""KXBTC15M-26APR280015-15"",""trade_id"":""3eb9cfe2-ac4a-6d9e-662b-33d319b9dc70"",""yes_price_dollars"":""0.4500""}"
KXBTC15M-26APR280015-15,60de8969-c6cc-77c3-70b5-1626b8ea3ebc,1777348837,0.45,45.32,yes,"{""count_fp"":""45.32"",""created_time"":""2026-04-28T04:00:37.481786Z"",""no_price_dollars"":""0.5500"",""taker_side"":""yes"",""ticker"":""KXBTC15M-26APR280015-15"",""trade_id"":""60de8969-c6cc-77c3-70b5-1626b8ea3ebc"",""yes_price_dollars"":""0.4500""}"
KXBTC15M-26APR280015-15,4a980feb-63ca-73be-48ef-5a8c64c24364,1777348837,0.45,61.67,yes,"{""count_fp"":""61.67"",""created_time"":""2026-04-28T04:00:37.481786Z"",""no_price_dollars"":""0.5500"",""taker_side"":""yes"",""ticker"":""KXBTC15M-26APR280015-15"",""trade_id"":""4a980feb-63ca-73be-48ef-5a8c64c24364"",""yes_price_dollars"":""0.4500""}"
KXBTC15M-26APR280015-15,6079f480-c771-7ff7-eeb6-83e873f44e80,1777348838,0.44,1.69,no,"{""count_fp"":""1.69"",""created_time"":""2026-04-28T04:00:38.978761Z"",""no_price_dollars"":""0.5600"",""taker_side"":""no"",""ticker"":""KXBTC15M-26APR280015-15"",""trade_id"":""6079f480-c771-7ff7-eeb6-83e873f44e80"",""yes_price_dollars"":""0.4400""}"
KXBTC15M-26APR280015-15,2f753880-134f-7497-d697-fa56d6570ed9,1777348838,0.44,5.23,no,"{""count_fp"":""5.23"",""created_time"":""2026-04-28T04:00:38.978761Z"",""no_price_dollars"":""0.5600"",""taker_side"":""no"",""ticker"":""KXBTC15M-26APR280015-15"",""trade_id"":""2f753880-134f-7497-d697-fa56d6570ed9"",""yes_price_dollars"":""0.4400""}"
KXBTC15M-26APR280015-15,d7f7fd30-69e9-5c00-223a-973fbff1d885,1777348838,0.44,9.0,no,"{""count_fp"":""9.00"",""created_time"":""2026-04-28T04:00:38.679771Z"",""no_price_dollars"":""0.5600"",""taker_side"":""no"",""ticker"":""KXBTC15M-26APR280015-15"",""trade_id"":""d7f7fd30-69e9-5c00-223a-973fbff1d885"",""yes_price_dollars"":""0.4400""}"
KXBTC15M-26APR280015-15,8185684b-f17d-51c3-3180-cc3fbdc76e24,1777348838,0.44,1.85,no,"{""count_fp"":""1.85"",""created_time"":""2026-04-28T04:00:38.679771Z"",""no_price_dollars"":""0.5600"",""taker_side"":""no"",""ticker"":""KXBTC15M-26APR280015-15"",""trade_id"":""8185684b-f17d-51c3-3180-cc3fbdc76e24"",""yes_price_dollars"":""0.4400""}"
KXBTC15M-26APR280015-15,647f46e1-f584-56b3-0ef1-3f416b98f4e5,1777348838,0.44,3.0,no,"{""count_fp"":""3.00"",""created_time"":""2026-04-28T04:00:38.679771Z"",""no_price_dollars"":""0.5600"",""taker_side"":""no"",""ticker"":""KXBTC15M-26APR280015-15"",""trade_id"":""647f46e1-f584-56b3-0ef1-3f416b98f4e5"",""yes_price_dollars"":""0.4400""}"
KXBTC15M-26APR280015-15,eaae6f5c-3eff-779b-bd3d-01d87a8e7129,1777348838,0.44,0.88,no,"{""count_fp"":""0.88"",""created_time"":""2026-04-28T04:00:38.148774Z"",""no_price_dollars"":""0.5600"",""taker_side"":""no"",""ticker"":""KXBTC15M-26APR280015-15"",""trade_id"":""eaae6f5c-3eff-779b-bd3d-01d87a8e7129"",""yes_price_dollars"":""0.4400""}"
KXBTC15M-26APR280015-15,b99e7aae-9cce-5746-7dfc-a17cd192229c,1777348838,0.45,20.0,yes,"{""count_fp"":""20.00"",""created_time"":""2026-04-28T04:00:38.066088Z"",""no_price_dollars"":""0.5500"",""taker_side"":""yes"",""ticker"":""KXBTC15M-26APR280015-15"",""trade_id"":""b99e7aae-9cce-5746-7dfc-a17cd192229c"",""yes_price_dollars"":""0.4500""}"
KXBTC15M-26APR280015-15,1baa4612-f598-6fc4-62ce-128264631df6,1777348839,0.46,5.0,no,"{""count_fp"":""5.00"",""created_time"":""2026-04-28T04:00:39.947317Z"",""no_price_dollars"":""0.5400"",""taker_side"":""no"",""ticker"":""KXBTC15M-26APR280015-15"",""trade_id"":""1baa4612-f598-6fc4-62ce-128264631df6"",""yes_price_dollars"":""0.4600""}"
KXBTC15M-26APR280015-15,480040e1-2c9f-6dba-a21f-dc3e5d417b39,1777348839,0.44,2.0,no,"{""count_fp"":""2.00"",""created_time"":""2026-04-28T04:00:39.417785Z"",""no_price_dollars"":""0.5600"",""taker_side"":""no"",""ticker"":""KXBTC15M-26APR280015-15"",""trade_id"":""480040e1-2c9f-6dba-a21f-dc3e5d417b39"",""yes_price_dollars"":""0.4400""}"
KXBTC15M-26APR280015-15,a91f986b-1d74-4582-dcf1-2c441cf1179d,1777348839,0.46,3.0,yes,"{""count_fp"":""3.00"",""created_time"":""2026-04-28T04:00:39.403234Z"",""no_price_dollars"":""0.5400"",""taker_side"":""yes"",""ticker"":""KXBTC15M-26APR280015-15"",""trade_id"":""a91f986b-1d74-4582-dcf1-2c441cf1179d"",""yes_price_dollars"":""0.4600""}"
KXBTC15M-26APR280015-15,9f3cb4d0-2323-43de-d518-7f0f242c1e2a,1777348839,0.47,39.74,yes,"{""count_fp"":""39.74"",""created_time"":""2026-04-28T04:00:39.403234Z"",""no_price_dollars"":""0.5300"",""taker_side"":""yes"",""ticker"":""KXBTC15M-26APR280015-15"",""trade_id"":""9f3cb4d0-2323-43de-d518-7f0f242c1e2a"",""yes_price_dollars"":""0.4700""}"
KXBTC15M-26APR280015-15,551b7ff1-7a9f-4ed6-d0a8-b1e8ccb45587,1777348839,0.47,6.0,yes,"{""count_fp"":""6.00"",""created_time"":""2026-04-28T04:00:39.403234Z"",""no_price_dollars"":""0.5300"",""taker_side"":""yes"",""ticker"":""KXBTC15M-26APR280015-15"",""trade_id"":""551b7ff1-7a9f-4ed6-d0a8-b1e8ccb45587"",""yes_price_dollars"":""0.4700""}"
KXBTC15M-26APR280015-15,48139638-41f7-475d-fcbc-547df57325ee,1777348839,0.45,20.0,yes,"{""count_fp"":""20.00"",""created_time"":""2026-04-28T04:00:39.403234Z"",""no_price_dollars"":""0.5500"",""taker_side"":""yes"",""ticker"":""KXBTC15M-26APR280015-15"",""trade_id"":""48139638-41f7-475d-fcbc-547df57325ee"",""yes_price_dollars"":""0.4500""}"
KXBTC15M-26APR280015-15,46f54fc9-28a4-4c3c-d304-50f6ed80a6b7,1777348839,0.45,17.0,yes,"{""count_fp"":""17.00"",""created_time"":""2026-04-28T04:00:39.403234Z"",""no_price_dollars"":""0.5500"",""taker_side"":""yes"",""ticker"":""KXBTC15M-26APR280015-15"",""trade_id"":""46f54fc9-28a4-4c3c-d304-50f6ed80a6b7"",""yes_price_dollars"":""0.4500""}"
KXBTC15M-26APR280015-15,37611229-1585-4bc2-d700-7c65f7380bd2,1777348839,0.45,5.0,yes,"{""count_fp"":""5.00"",""created_time"":""2026-04-28T04:00:39.403234Z"",""no_price_dollars"":""0.5500"",""taker_side"":""yes"",""ticker"":""KXBTC15M-26APR280015-15"",""trade_id"":""37611229-1585-4bc2-d700-7c65f7380bd2"",""yes_price_dollars"":""0.4500""}"
KXBTC15M-26APR280015-15,2c429fd7-b3aa-4386-efc3-cd0227563db0,1777348839,0.45,209.33,yes,"{""count_fp"":""209.33"",""created_time"":""2026-04-28T04:00:39.403234Z"",""no_price_dollars"":""0.5500"",""taker_side"":""yes"",""ticker"":""KXBTC15M-26APR280015-15"",""trade_id"":""2c429fd7-b3aa-4386-efc3-cd0227563db0"",""yes_price_dollars"":""0.4500""}"
KXBTC15M-26APR280015-15,1f47b92b-3ddb-454c-c666-e130af9b5913,1777348839,0.47,38.0,yes,"{""count_fp"":""38.00"",""created_time"":""2026-04-28T04:00:39.403234Z"",""no_price_dollars"":""0.5300"",""taker_side"":""yes"",""ticker"":""KXBTC15M-26APR280015-15"",""trade_id"":""1f47b92b-3ddb-454c-c666-e130af9b5913"",""yes_price_dollars"":""0.4700""}"
KXBTC15M-26APR280015-15,17a44891-4a5f-4d5e-c034-2ed1fa5b97d1,1777348839,0.47,274.62,yes,"{""count_fp"":""274.62"",""created_time"":""2026-04-28T04:00:39.403234Z"",""no_price_dollars"":""0.5300"",""taker_side"":""yes"",""ticker"":""KXBTC15M-26APR280015-15"",""trade_id"":""17a44891-4a5f-4d5e-c034-2ed1fa5b97d1"",""yes_price_dollars"":""0.4700""}"
KXBTC15M-26APR280015-15,b69d90c8-aa63-46aa-2858-054e9d2f1c65,1777348839,0.44,30.26,no,"{""count_fp"":""30.26"",""created_time"":""2026-04-28T04:00:39.193541Z"",""no_price_dollars"":""0.5600"",""taker_side"":""no"",""ticker"":""KXBTC15M-26APR280015-15"",""trade_id"":""b69d90c8-aa63-46aa-2858-054e9d2f1c65"",""yes_price_dollars"":""0.4400""}"
KXBTC15M-26APR280015-15,195ecf87-d4f7-48d7-2c2c-fc9abf3431ed,1777348839,0.44,13.04,no,"{""count_fp"":""13.04"",""created_time"":""2026-04-28T04:00:39.193541Z"",""no_price_dollars"":""0.5600"",""taker_side"":""no"",""ticker"":""KXBTC15M-26APR280015-15"",""trade_id"":""195ecf87-d4f7-48d7-2c2c-fc9abf3431ed"",""yes_price_dollars"":""0.4400""}"
KXBTC15M-26APR280015-15,8eb9a1b4-3723-7847-b9c8-9ef3f1ad2d41,1777348839,0.44,1.73,no,"{""count_fp"":""1.73"",""created_time"":""2026-04-28T04:00:39.020675Z"",""no_price_dollars"":""0.5600"",""taker_side"":""no"",""ticker"":""KXBTC15M-26APR280015-15"",""trade_id"":""8eb9a1b4-3723-7847-b9c8-9ef3f1ad2d41"",""yes_price_dollars"":""0.4400""}"
KXBTC15M-26APR280015-15,3abbe886-0383-498a-76da-777cdaf6ec15,1777348840,0.47,2.0,yes,"{""count_fp"":""2.00"",""created_time"":""2026-04-28T04:00:40.768943Z"",""no_price_dollars"":""0.5300"",""taker_side"":""yes"",""ticker"":""KXBTC15M-26APR280015-15"",""trade_id"":""3abbe886-0383-498a-76da-777cdaf6ec15"",""yes_price_dollars"":""0.4700""}"
KXBTC15M-26APR280015-15,e74b8d88-8297-5246-95a2-843bb3d76864,1777348841,0.46,2.0,yes,"{""count_fp"":""2.00"",""created_time"":""2026-04-28T04:00:41.936353Z"",""no_price_dollars"":""0.5400"",""taker_side"":""yes"",""ticker"":""KXBTC15M-26APR280015-15"",""trade_id"":""e74b8d88-8297-5246-95a2-843bb3d76864"",""yes_price_dollars"":""0.4600""}"
KXBTC15M-26APR280015-15,d0bbd599-be7b-5a2e-9147-e80a91fde01f,1777348841,0.46,22.0,yes,"{""count_fp"":""22.00"",""created_time"":""2026-04-28T04:00:41.936353Z"",""no_price_dollars"":""0.5400"",""taker_side"":""yes"",""ticker"":""KXBTC15M-26APR280015-15"",""trade_id"":""d0bbd599-be7b-5a2e-9147-e80a91fde01f"",""yes_price_dollars"":""0.4600""}"
KXBTC15M-26APR280015-15,c8a49155-cad9-589d-9913-86eefc296213,1777348841,0.46,23.59,yes,"{""count_fp"":""23.59"",""created_time"":""2026-04-28T04:00:41.936353Z"",""no_price_dollars"":""0.5400"",""taker_side"":""yes"",""ticker"":""KXBTC15M-26APR280015-15"",""trade_id"":""c8a49155-cad9-589d-9913-86eefc296213"",""yes_price_dollars"":""0.4600""}"
KXBTC15M-26APR280015-15,78ab3ad9-e6a9-55d3-b10f-4d6d6e8d025e,1777348841,0.46,3.0,yes,"{""count_fp"":""3.00"",""created_time"":""2026-04-28T04:00:41.936353Z"",""no_price_dollars"":""0.5400"",""taker_side"":""yes"",""ticker"":""KXBTC15M-26APR280015-15"",""trade_id"":""78ab3ad9-e6a9-55d3-b10f-4d6d6e8d025e"",""yes_price_dollars"":""0.4600""}"
KXBTC15M-26APR280015-15,2b7c2bb8-6e93-58c2-ab84-bd710f973109,1777348841,0.47,138.66,yes,"{""count_fp"":""138.66"",""created_time"":""2026-04-28T04:00:41.936353Z"",""no_price_dollars"":""0.5300"",""taker_side"":""yes"",""ticker"":""KXBTC15M-26APR280015-15"",""trade_id"":""2b7c2bb8-6e93-58c2-ab84-bd710f973109"",""yes_price_dollars"":""0.4700""}"
KXBTC15M-26APR280015-15,2a116701-1bfd-5892-805b-8b37fd2ae434,1777348841,0.46,20.0,yes,"{""count_fp"":""20.00"",""created_time"":""2026-04-28T04:00:41.936353Z"",""no_price_dollars"":""0.5400"",""taker_side"":""yes"",""ticker"":""KXBTC15M-26APR280015-15"",""trade_id"":""2a116701-1bfd-5892-805b-8b37fd2ae434"",""yes_price_dollars"":""0.4600""}"
KXBTC15M-26APR280015-15,f0a96ff1-3359-6901-f86a-1a8a36e39bf3,1777348841,0.46,16.41,yes,"{""count_fp"":""16.41"",""created_time"":""2026-04-28T04:00:41.750878Z"",""no_price_dollars"":""0.5400"",""taker_side"":""yes"",""ticker"":""KXBTC15M-26APR280015-15"",""trade_id"":""f0a96ff1-3359-6901-f86a-1a8a36e39bf3"",""yes_price_dollars"":""0.4600""}"
KXBTC15M-26APR280015-15,d06aed67-26e1-6b6a-bbf5-e6ca522183eb,1777348841,0.46,1.0,no,"{""count_fp"":""1.00"",""created_time"":""2026-04-28T04:00:41.564636Z"",""no_price_dollars"":""0.5400"",""taker_side"":""no"",""ticker"":""KXBTC15M-26APR280015-15"",""trade_id"":""d06aed67-26e1-6b6a-bbf5-e6ca522183eb"",""yes_price_dollars"":""0.4600""}"
KXBTC15M-26APR280015-15,209383be-80f8-6bf6-a0c1-da1ff7276261,1777348841,0.45,30.11,no,"{""count_fp"":""30.11"",""created_time"":""2026-04-28T04:00:41.564636Z"",""no_price_dollars"":""0.5500"",""taker_side"":""no"",""ticker"":""KXBTC15M-26APR280015-15"",""trade_id"":""209383be-80f8-6bf6-a0c1-da1ff7276261"",""yes_price_dollars"":""0.4500""}"
KXBTC15M-26APR280015-15,084c40c8-47fe-6133-8868-09ca8245e8f2,1777348841,0.46,7.0,no,"{""count_fp"":""7.00"",""created_time"":""2026-04-28T04:00:41.564636Z"",""no_price_dollars"":""0.5400"",""taker_side"":""no"",""ticker"":""KXBTC15M-26APR280015-15"",""trade_id"":""084c40c8-47fe-6133-8868-09ca8245e8f2"",""yes_price_dollars"":""0.4600""}"
KXBTC15M-26APR280015-15,ac7497b4-50d2-570b-79c6-ef01fb1c7e16,1777348841,0.46,3.0,no,"{""count_fp"":""3.00"",""created_time"":""2026-04-28T04:00:41.440299Z"",""no_price_dollars"":""0.5400"",""taker_side"":""no"",""ticker"":""KXBTC15M-26APR280015-15"",""trade_id"":""ac7497b4-50d2-570b-79c6-ef01fb1c7e16"",""yes_price_dollars"":""0.4600""}"
KXBTC15M-26APR280015-15,f6a7ecc5-25ff-5712-b9cd-647de2d8a881,1777348841,0.47,4.0,yes,"{""count_fp"":""4.00"",""created_time"":""2026-04-28T04:00:41.354577Z"",""no_price_dollars"":""0.5300"",""taker_side"":""yes"",""ticker"":""KXBTC15M-26APR280015-15"",""trade_id"":""f6a7ecc5-25ff-5712-b9cd-647de2d8a881"",""yes_price_dollars"":""0.4700""}"
KXBTC15M-26APR280015-15,b5fea346-3023-4892-fcb2-7e033e2f3935,1777348841,0.47,61.2,yes,"{""count_fp"":""61.20"",""created_time"":""2026-04-28T04:00:41.148455Z"",""no_price_dollars"":""0.5300"",""taker_side"":""yes"",""ticker"":""KXBTC15M-26APR280015-15"",""trade_id"":""b5fea346-3023-4892-fcb2-7e033e2f3935"",""yes_price_dollars"":""0.4700""}"
KXBTC15M-26APR280015-15,8e2ab7fa-072c-6bfe-ca85-a351d0a74904,1777348842,0.46,6.67,no,"{""count_fp"":""6.67"",""created_time"":""2026-04-28T04:00:42.896581Z"",""no_price_dollars"":""0.5400"",""taker_side"":""no"",""ticker"":""KXBTC15M-26APR280015-15"",""trade_id"":""8e2ab7fa-072c-6bfe-ca85-a351d0a74904"",""yes_price_dollars"":""0.4600""}"
KXBTC15M-26APR280015-15,5c597784-5f0e-6b42-f616-1c06b9791b30,1777348842,0.46,6.0,no,"{""count_fp"":""6.00"",""created_time"":""2026-04-28T04:00:42.896581Z"",""no_price_dollars"":""0.5400"",""taker_side"":""no"",""ticker"":""KXBTC15M-26APR280015-15"",""trade_id"":""5c597784-5f0e-6b42-f616-1c06b9791b30"",""yes_price_dollars"":""0.4600""}"
KXBTC15M-26APR280015-15,4dbb91fe-34a4-6b9e-f813-a4f547bcbfdd,1777348842,0.45,9.89,no,"{""count_fp"":""9.89"",""created_time"":""2026-04-28T04:00:42.896581Z"",""no_price_dollars"":""0.5500"",""taker_side"":""no"",""ticker"":""KXBTC15M-26APR280015-15"",""trade_id"":""4dbb91fe-34a4-6b9e-f813-a4f547bcbfdd"",""yes_price_dollars"":""0.4500""}"
KXBTC15M-26APR280015-15,190185fc-f31a-6500-e5a1-b968db23a32e,1777348842,0.46,20.0,no,"{""count_fp"":""20.00"",""created_time"":""2026-04-28T04:00:42.896581Z"",""no_price_dollars"":""0.5400"",""taker_side"":""no"",""ticker"":""KXBTC15M-26APR280015-15"",""trade_id"":""190185fc-f31a-6500-e5a1-b968db23a32e"",""yes_price_dollars"":""0.4600""}"
KXBTC15M-26APR280015-15,08a2e934-51f2-67ec-da4f-6b9da0e2e74b,1777348842,0.45,12.44,no,"{""count_fp"":""12.44"",""created_time"":""2026-04-28T04:00:42.896581Z"",""no_price_dollars"":""0.5500"",""taker_side"":""no"",""ticker"":""KXBTC15M-26APR280015-15"",""trade_id"":""08a2e934-51f2-67ec-da4f-6b9da0e2e74b"",""yes_price_dollars"":""0.4500""}"
KXBTC15M-26APR280015-15,99df5ea2-0328-45f2-ba14-34734ed1e3bc,1777348842,0.46,1.0,no,"{""count_fp"":""1.00"",""created_time"":""2026-04-28T04:00:42.736969Z"",""no_price_dollars"":""0.5400"",""taker_side"":""no"",""ticker"":""KXBTC15M-26APR280015-15"",""trade_id"":""99df5ea2-0328-45f2-ba14-34734ed1e3bc"",""yes_price_dollars"":""0.4600""}"
KXBTC15M-26APR280015-15,3be4b741-71f0-638e-19fa-a872fc909578,1777348842,0.46,12.33,no,"{""count_fp"":""12.33"",""created_time"":""2026-04-28T04:00:42.619558Z"",""no_price_dollars"":""0.5400"",""taker_side"":""no"",""ticker"":""KXBTC15M-26APR280015-15"",""trade_id"":""3be4b741-71f0-638e-19fa-a872fc909578"",""yes_price_dollars"":""0.4600""}"
KXBTC15M-26APR280015-15,65c0938a-4b2b-6b76-07f4-8e0d796145a1,1777348842,0.47,51.28,yes,"{""count_fp"":""51.28"",""created_time"":""2026-04-28T04:00:42.510951Z"",""no_price_dollars"":""0.5300"",""taker_side"":""yes"",""ticker"":""KXBTC15M-26APR280015-15"",""trade_id"":""65c0938a-4b2b-6b76-07f4-8e0d796145a1"",""yes_price_dollars"":""0.4700""}"
KXBTC15M-26APR280015-15,714b4413-047f-4166-d4a8-d6251ae55f1d,1777348842,0.47,13.41,yes,"{""count_fp"":""13.41"",""created_time"":""2026-04-28T04:00:42.227406Z"",""no_price_dollars"":""0.5300"",""taker_side"":""yes"",""ticker"":""KXBTC15M-26APR280015-15"",""trade_id"":""714b4413-047f-4166-d4a8-d6251ae55f1d"",""yes_price_dollars"":""0.4700""}"
KXBTC15M-26APR280015-15,30b75cfe-34b9-4ce0-f3b5-359813de9f40,1777348842,0.46,3.0,yes,"{""count_fp"":""3.00"",""created_time"":""2026-04-28T04:00:42.227406Z"",""no_price_dollars"":""0.5400"",""taker_side"":""yes"",""ticker"":""KXBTC15M-26APR280015-15"",""trade_id"":""30b75cfe-34b9-4ce0-f3b5-359813de9f40"",""yes_price_dollars"":""0.4600""}"
KXBTC15M-26APR280015-15,f5b9d9da-a2eb-6eb7-a60a-06a7022aacee,1777348843,0.47,38.0,yes,"{""count_fp"":""38.00"",""created_time"":""2026-04-28T04:00:43.892927Z"",""no_price_dollars"":""0.5300"",""taker_side"":""yes"",""ticker"":""KXBTC15M-26APR280015-15"",""trade_id"":""f5b9d9da-a2eb-6eb7-a60a-06a7022aacee"",""yes_price_dollars"":""0.4700""}"
KXBTC15M-26APR280015-15,aa81486a-e579-6172-a8c3-cf187104c531,1777348843,0.47,9.0,yes,"{""count_fp"":""9.00"",""created_time"":""2026-04-28T04:00:43.892927Z"",""no_price_dollars"":""0.5300"",""taker_side"":""yes"",""ticker"":""KXBTC15M-26APR280015-15"",""trade_id"":""aa81486a-e579-6172-a8c3-cf187104c531"",""yes_price_dollars"":""0.4700""}"
KXBTC15M-26APR280015-15,9c4916ee-dfa0-67c5-8853-4ecc485cba88,1777348843,0.47,3.0,yes,"{""count_fp"":""3.00"",""created_time"":""2026-04-28T04:00:43.892927Z"",""no_price_dollars"":""0.5300"",""taker_side"":""yes"",""ticker"":""KXBTC15M-26APR280015-15"",""trade_id"":""9c4916ee-dfa0-67c5-8853-4ecc485cba88"",""yes_price_dollars"":""0.4700""}"
KXBTC15M-26APR280015-15,1a8a7e6d-b65b-6856-8754-f815f0e670c2,1777348843,0.47,1.0,yes,"{""count_fp"":""1.00"",""created_time"":""2026-04-28T04:00:43.892927Z"",""no_price_dollars"":""0.5300"",""taker_side"":""yes"",""ticker"":""KXBTC15M-26APR280015-15"",""trade_id"":""1a8a7e6d-b65b-6856-8754-f815f0e670c2"",""yes_price_dollars"":""0.4700""}"
KXBTC15M-26APR280015-15,8e0f63ea-b1b6-6284-b148-5ee4fa2ed1bb,1777348843,0.45,2.11,no,"{""count_fp"":""2.11"",""created_time"":""2026-04-28T04:00:43.656978Z"",""no_price_dollars"":""0.5500"",""taker_side"":""no"",""ticker"":""KXBTC15M-26APR280015-15"",""trade_id"":""8e0f63ea-b1b6-6284-b148-5ee4fa2ed1bb"",""yes_price_dollars"":""0.4500""}"
KXBTC15M-26APR280015-15,726cdb6b-c097-696f-c242-d9cd1d02b33a,1777348843,0.47,2.0,yes,"{""count_fp"":""2.00"",""created_time"":""2026-04-28T04:00:43.322019Z"",""no_price_dollars"":""0.5300"",""taker_side"":""yes"",""ticker"":""KXBTC15M-26APR280015-15"",""trade_id"":""726cdb6b-c097-696f-c242-d9cd1d02b33a"",""yes_price_dollars"":""0.4700""}"
KXBTC15M-26APR280015-15,0aa0964c-5496-7e35-11c1-01bc3f07db18,1777348844,0.46,10.25,yes,"{""count_fp"":""10.25"",""created_time"":""2026-04-28T04:00:44.991708Z"",""no_price_dollars"":""0.5400"",""taker_side"":""yes"",""ticker"":""KXBTC15M-26APR280015-15"",""trade_id"":""0aa0964c-5496-7e35-11c1-01bc3f07db18"",""yes_price_dollars"":""0.4600""}"
KXBTC15M-26APR280015-15,7db8e52d-6a8a-5e48-94c5-7948a65427dd,1777348844,0.45,261.15,no,"{""count_fp"":""261.15"",""created_time"":""2026-04-28T04:00:44.833333Z"",""no_price_dollars"":""0.5500"",""taker_side"":""no"",""ticker"":""KXBTC15M-26APR280015-15"",""trade_id"":""7db8e52d-6a8a-5e48-94c5-7948a65427dd"",""yes_price_dollars"":""0.4500""}"
KXBTC15M-26APR280015-15,d73504e9-a239-5c9d-3714-100d514ec0fc,1777348844,0.45,1.0,no,"{""count_fp"":""1.00"",""created_time"":""2026-04-28T04:00:44.143957Z"",""no_price_dollars"":""0.5500"",""taker_side"":""no"",""ticker"":""KXBTC15M-26APR280015-15"",""trade_id"":""d73504e9-a239-5c9d-3714-100d514ec0fc"",""yes_price_dollars"":""0.4500""}"
KXBTC15M-26APR280015-15,b060466c-f620-574f-2339-53047d022520,1777348844,0.46,40.0,no,"{""count_fp"":""40.00"",""created_time"":""2026-04-28T04:00:44.143957Z"",""no_price_dollars"":""0.5400"",""taker_side"":""no"",""ticker"":""KXBTC15M-26APR280015-15"",""trade_id"":""b060466c-f620-574f-2339-53047d022520"",""yes_price_dollars"":""0.4600""}"
KXBTC15M-26APR280015-15,91436ca2-6bd8-5092-2a1a-ec4e19508050,1777348844,0.45,12.44,no,"{""count_fp"":""12.44"",""created_time"":""2026-04-28T04:00:44.143957Z"",""no_price_dollars"":""0.5500"",""taker_side"":""no"",""ticker"":""KXBTC15M-26APR280015-15"",""trade_id"":""91436ca2-6bd8-5092-2a1a-ec4e19508050"",""yes_price_dollars"":""0.4500""}"
KXBTC15M-26APR280015-15,7c09ec45-37e4-5ded-0c80-699206634229,1777348844,0.45,40.0,no,"{""count_fp"":""40.00"",""created_time"":""2026-04-28T04:00:44.143957Z"",""no_price_dollars"":""0.5500"",""taker_side"":""no"",""ticker"":""KXBTC15M-26APR280015-15"",""trade_id"":""7c09ec45-37e4-5ded-0c80-699206634229"",""yes_price_dollars"":""0.4500""}"
KXBTC15M-26APR280015-15,31e50280-ee76-5b60-2724-56524e2d698d,1777348844,0.45,90.05,no,"{""count_fp"":""90.05"",""created_time"":""2026-04-28T04:00:44.143957Z"",""no_price_dollars"":""0.5500"",""taker_side"":""no"",""ticker"":""KXBTC15M-26APR280015-15"",""trade_id"":""31e50280-ee76-5b60-2724-56524e2d698d"",""yes_price_dollars"":""0.4500""}"
KXBTC15M-26APR280015-15,3133062d-0f22-5c74-12dd-328c3179b5eb,1777348844,0.45,5.45,no,"{""count_fp"":""5.45"",""created_time"":""2026-04-28T04:00:44.143957Z"",""no_price_dollars"":""0.5500"",""taker_side"":""no"",""ticker"":""KXBTC15M-26APR280015-15"",""trade_id"":""3133062d-0f22-5c74-12dd-328c3179b5eb"",""yes_price_dollars"":""0.4500""}"
KXBTC15M-26APR280015-15,2a10b435-7a17-5922-362d-1ba70b279b3a,1777348844,0.45,2.11,no,"{""count_fp"":""2.11"",""created_time"":""2026-04-28T04:00:44.143957Z"",""no_price_dollars"":""0.5500"",""taker_side"":""no"",""ticker"":""KXBTC15M-26APR280015-15"",""trade_id"":""2a10b435-7a17-5922-362d-1ba70b279b3a"",""yes_price_dollars"":""0.4500""}"
KXBTC15M-26APR280015-15,cf3d7d46-6945-646f-f099-28c1dccdf32e,1777348845,0.46,0.52,yes,"{""count_fp"":""0.52"",""created_time"":""2026-04-28T04:00:45.985785Z"",""no_price_dollars"":""0.5400"",""taker_side"":""yes"",""ticker"":""KXBTC15M-26APR280015-15"",""trade_id"":""cf3d7d46-6945-646f-f099-28c1dccdf32e"",""yes_price_dollars"":""0.4600""}"
KXBTC15M-26APR280015-15,a3865e3d-421c-66d2-f71e-265424a0252e,1777348845,0.46,15.38,yes,"{""count_fp"":""15.38"",""created_time"":""2026-04-28T04:00:45.985785Z"",""no_price_dollars"":""0.5400"",""taker_side"":""yes"",""ticker"":""KXBTC15M-26APR280015-15"",""trade_id"":""a3865e3d-421c-66d2-f71e-265424a0252e"",""yes_price_dollars"":""0.4600""}"
KXBTC15M-26APR280015-15,9cf9fd7e-e121-6db2-e8cc-f3f988a5fbbd,1777348845,0.47,8.1,yes,"{""count_fp"":""8.10"",""created_time"":""2026-04-28T04:00:45.985785Z"",""no_price_dollars"":""0.5300"",""taker_side"":""yes"",""ticker"":""KXBTC15M-26APR280015-15"",""trade_id"":""9cf9fd7e-e121-6db2-e8cc-f3f988a5fbbd"",""yes_price_dollars"":""0.4700""}"
KXBTC15M-26APR280015-15,360516b6-ed64-670d-f923-b29725e07cfb,1777348845,0.46,1.0,yes,"{""count_fp"":""1.00"",""created_time"":""2026-04-28T04:00:45.985785Z"",""no_price_dollars"":""0.5400"",""taker_side"":""yes"",""ticker"":""KXBTC15M-26APR280015-15"",""trade_id"":""360516b6-ed64-670d-f923-b29725e07cfb"",""yes_price_dollars"":""0.4600""}"
KXBTC15M-26APR280015-15,1874cf35-47b5-6117-087e-f4dbea4eba7a,1777348845,0.46,4.1,yes,"{""count_fp"":""4.10"",""created_time"":""2026-04-28T04:00:45.977118Z"",""no_price_dollars"":""0.5400"",""taker_side"":""yes"",""ticker"":""KXBTC15M-26APR280015-15"",""trade_id"":""1874cf35-47b5-6117-087e-f4dbea4eba7a"",""yes_price_dollars"":""0.4600""}"
KXBTC15M-26APR280015-15,58533df4-ddde-63bc-fd2d-6cee1eb1d52d,1777348845,0.45,52.87,no,"{""count_fp"":""52.87"",""created_time"":""2026-04-28T04:00:45.908611Z"",""no_price_dollars"":""0.5500"",""taker_side"":""no"",""ticker"":""KXBTC15M-26APR280015-15"",""trade_id"":""58533df4-ddde-63bc-fd2d-6cee1eb1d52d"",""yes_price_dollars"":""0.4500""}"
KXBTC15M-26APR280015-15,4dbb5005-c76e-6880-b087-c66149bc0d51,1777348845,0.45,43.85,no,"{""count_fp"":""43.85"",""created_time"":""2026-04-28T04:00:45.313638Z"",""no_price_dollars"":""0.5500"",""taker_side"":""no"",""ticker"":""KXBTC15M-26APR280015-15"",""trade_id"":""4dbb5005-c76e-6880-b087-c66149bc0d51"",""yes_price_dollars"":""0.4500""}"
KXBTC15M-26APR280015-15,dff1c5a7-98a6-735d-5a61-f767d82a3e70,1777348845,0.46,9.75,yes,"{""count_fp"":""9.75"",""created_time"":""2026-04-28T04:00:45.240364Z"",""no_price_dollars"":""0.5400"",""taker_side"":""yes"",""ticker"":""KXBTC15M-26APR280015-15"",""trade_id"":""dff1c5a7-98a6-735d-5a61-f767d82a3e70"",""yes_price_dollars"":""0.4600""}"
KXBTC15M-26APR280015-15,dddb90cd-3b8b-7aca-425e-a1cd54b2f613,1777348845,0.46,20.0,yes,"{""count_fp"":""20.00"",""created_time"":""2026-04-28T04:00:45.240364Z"",""no_price_dollars"":""0.5400"",""taker_side"":""yes"",""ticker"":""KXBTC15M-26APR280015-15"",""trade_id"":""dddb90cd-3b8b-7aca-425e-a1cd54b2f613"",""yes_price_dollars"":""0.4600""}"
KXBTC15M-26APR280015-15,796bcd1a-38a9-7b63-5d67-bc0221454022,1777348845,0.46,15.38,yes,"{""count_fp"":""15.38"",""created_time"":""2026-04-28T04:00:45.240364Z"",""no_price_dollars"":""0.5400"",""taker_side"":""yes"",""ticker"":""KXBTC15M-26APR280015-15"",""trade_id"":""796bcd1a-38a9-7b63-5d67-bc0221454022"",""yes_price_dollars"":""0.4600""}"
KXBTC15M-26APR280015-15,6d4384b9-6172-420d-6519-2e68a6deab84,1777348845,0.46,20.0,yes,"{""count_fp"":""20.00"",""created_time"":""2026-04-28T04:00:45.239278Z"",""no_price_dollars"":""0.5400"",""taker_side"":""yes"",""ticker"":""KXBTC15M-26APR280015-15"",""trade_id"":""6d4384b9-6172-420d-6519-2e68a6deab84"",""yes_price_dollars"":""0.4600""}"
KXBTC15M-26APR280015-15,4888488e-b8de-4f4c-a89c-dba6fb386652,1777348846,0.46,5.0,yes,"{""count_fp"":""5.00"",""created_time"":""2026-04-28T04:00:46.990144Z"",""no_price_dollars"":""0.5400"",""taker_side"":""yes"",""ticker"":""KXBTC15M-26APR280015-15"",""trade_id"":""4888488e-b8de-4f4c-a89c-dba6fb386652"",""yes_price_dollars"":""0.4600""}"
KXBTC15M-26APR280015-15,9222ca21-8bfd-61de-ce51-e2ddbc4d324a,1777348846,0.45,15.0,no,"{""count_fp"":""15.00"",""created_time"":""2026-04-28T04:00:46.759769Z"",""no_price_dollars"":""0.5500"",""taker_side"":""no"",""ticker"":""KXBTC15M-26APR280015-15"",""trade_id"":""9222ca21-8bfd-61de-ce51-e2ddbc4d324a"",""yes_price_dollars"":""0.4500""}"
KXBTC15M-26APR280015-15,813ce42c-08fd-6201-fdaf-084028e87113,1777348846,0.45,17.89,no,"{""count_fp"":""17.89"",""created_time"":""2026-04-28T04:00:46.759769Z"",""no_price_dollars"":""0.5500"",""taker_side"":""no"",""ticker"":""KXBTC15M-26APR280015-15"",""trade_id"":""813ce42c-08fd-6201-fdaf-084028e87113"",""yes_price_dollars"":""0.4500""}"
KXBTC15M-26APR280015-15,6bc0d19b-d4c4-6082-f188-7876dc1d9366,1777348846,0.45,2.11,no,"{""count_fp"":""2.11"",""created_time"":""2026-04-28T04:00:46.759769Z"",""no_price_dollars"":""0.5500"",""taker_side"":""no"",""ticker"":""KXBTC15M-26APR280015-15"",""trade_id"":""6bc0d19b-d4c4-6082-f188-7876dc1d9366"",""yes_price_dollars"":""0.4500""}"
KXBTC15M-26APR280015-15,61429959-7e8e-6fec-c1c0-138cd783e04b,1777348846,0.45,20.0,no,"{""count_fp"":""20.00"",""created_time"":""2026-04-28T04:00:46.759769Z"",""no_price_dollars"":""0.5500"",""taker_side"":""no"",""ticker"":""KXBTC15M-26APR280015-15"",""trade_id"":""61429959-7e8e-6fec-c1c0-138cd783e04b"",""yes_price_dollars"":""0.4500""}"
KXBTC15M-26APR280015-15,55e55e2c-025c-6767-d43c-82b36be842f9,1777348846,0.45,40.0,no,"{""count_fp"":""40.00"",""created_time"":""2026-04-28T04:00:46.759769Z"",""no_price_dollars"":""0.5500"",""taker_side"":""no"",""ticker"":""KXBTC15M-26APR280015-15"",""trade_id"":""55e55e2c-025c-6767-d43c-82b36be842f9"",""yes_price_dollars"":""0.4500""}"
KXBTC15M-26APR280015-15,0acffb3b-ed9b-6164-f361-dd987d1ca54a,1777348846,0.45,3.0,no,"{""count_fp"":""3.00"",""created_time"":""2026-04-28T04:00:46.759769Z"",""no_price_dollars"":""0.5500"",""taker_side"":""no"",""ticker"":""KXBTC15M-26APR280015-15"",""trade_id"":""0acffb3b-ed9b-6164-f361-dd987d1ca54a"",""yes_price_dollars"":""0.4500""}"
KXBTC15M-26APR280015-15,09f4a531-eecb-6c29-ebfe-d8aa57048ee8,1777348846,0.45,12.0,no,"{""count_fp"":""12.00"",""created_time"":""2026-04-28T04:00:46.759769Z"",""no_price_dollars"":""0.5500"",""taker_side"":""no"",""ticker"":""KXBTC15M-26APR280015-15"",""trade_id"":""09f4a531-eecb-6c29-ebfe-d8aa57048ee8"",""yes_price_dollars"":""0.4500""}"
KXBTC15M-26APR280015-15,08e9c5b8-7217-6921-ff19-8016b4167ed0,1777348846,0.45,56.0,no,"{""count_fp"":""56.00"",""created_time"":""2026-04-28T04:00:46.759769Z"",""no_price_dollars"":""0.5500"",""taker_side"":""no"",""ticker"":""KXBTC15M-26APR280015-15"",""trade_id"":""08e9c5b8-7217-6921-ff19-8016b4167ed0"",""yes_price_dollars"":""0.4500""}"
KXBTC15M-26APR280015-15,1a3d92d3-596a-4640-9500-a59649b5e961,1777348846,0.45,88.13,no,"{""count_fp"":""88.13"",""created_time"":""2026-04-28T04:00:46.375625Z"",""no_price_dollars"":""0.5500"",""taker_side"":""no"",""ticker"":""KXBTC15M-26APR280015-15"",""trade_id"":""1a3d92d3-596a-4640-9500-a59649b5e961"",""yes_price_dollars"":""0.4500""}"
KXBTC15M-26APR280015-15,778a6c08-4b75-5a4e-4f52-3c361218a771,1777348846,0.47,1.0,yes,"{""count_fp"":""1.00"",""created_time"":""2026-04-28T04:00:46.329967Z"",""no_price_dollars"":""0.5300"",""taker_side"":""yes"",""ticker"":""KXBTC15M-26APR280015-15"",""trade_id"":""778a6c08-4b75-5a4e-4f52-3c361218a771"",""yes_price_dollars"":""0.4700""}"
KXBTC15M-26APR280015-15,655808c3-a846-5db2-5c80-491c99ca2f84,1777348847,0.46,0.25,yes,"{""count_fp"":""0.25"",""created_time"":""2026-04-28T04:00:47.711752Z"",""no_price_dollars"":""0.5400"",""taker_side"":""yes"",""ticker"":""KXBTC15M-26APR280015-15"",""trade_id"":""655808c3-a846-5db2-5c80-491c99ca2f84"",""yes_price_dollars"":""0.4600""}"
KXBTC15M-26APR280015-15,027ca249-81fa-59c8-6124-baa0491cffae,1777348847,0.46,10.0,yes,"{""count_fp"":""10.00"",""created_time"":""2026-04-28T04:00:47.711752Z"",""no_price_dollars"":""0.5400"",""taker_side"":""yes"",""ticker"":""KXBTC15M-26APR280015-15"",""trade_id"":""027ca249-81fa-59c8-6124-baa0491cffae"",""yes_price_dollars"":""0.4600""}"
KXBTC15M-26APR280015-15,be3929a2-00fe-6fbc-4c8e-63d522ce764e,1777348847,0.46,25.0,yes,"{""count_fp"":""25.00"",""created_time"":""2026-04-28T04:00:47.523556Z"",""no_price_dollars"":""0.5400"",""taker_side"":""yes"",""ticker"":""KXBTC15M-26APR280015-15"",""trade_id"":""be3929a2-00fe-6fbc-4c8e-63d522ce764e"",""yes_price_dollars"":""0.4600""}"
KXBTC15M-26APR280015-15,a4d6a2b6-bf13-694b-f214-4dd6f32dd35c,1777348848,0.46,29.32,yes,"{""count_fp"":""29.32"",""created_time"":""2026-04-28T04:00:48.982212Z"",""no_price_dollars"":""0.5400"",""taker_side"":""yes"",""ticker"":""KXBTC15M-26APR280015-15"",""trade_id"":""a4d6a2b6-bf13-694b-f214-4dd6f32dd35c"",""yes_price_dollars"":""0.4600""}"
KXBTC15M-26APR280015-15,0821f15d-a307-7eff-3609-7d57b8d56924,1777348848,0.46,10.47,yes,"{""count_fp"":""10.47"",""created_time"":""2026-04-28T04:00:48.858069Z"",""no_price_dollars"":""0.5400"",""taker_side"":""yes"",""ticker"":""KXBTC15M-26APR280015-15"",""trade_id"":""0821f15d-a307-7eff-3609-7d57b8d56924"",""yes_price_dollars"":""0.4600""}"
KXBTC15M-26APR280015-15,42af8922-9693-7aa0-8fad-ccb4e5df65ac,1777348848,0.45,11.01,no,"{""count_fp"":""11.01"",""created_time"":""2026-04-28T04:00:48.567234Z"",""no_price_dollars"":""0.5500"",""taker_side"":""no"",""ticker"":""KXBTC15M-26APR280015-15"",""trade_id"":""42af8922-9693-7aa0-8fad-ccb4e5df65ac"",""yes_price_dollars"":""0.4500""}"
KXBTC15M-26APR280015-15,33593b8f-4b79-71d7-9c04-b47babeea5be,1777348848,0.45,33.05,no,"{""count_fp"":""33.05"",""created_time"":""2026-04-28T04:00:48.567234Z"",""no_price_dollars"":""0.5500"",""taker_side"":""no"",""ticker"":""KXBTC15M-26APR280015-15"",""trade_id"":""33593b8f-4b79-71d7-9c04-b47babeea5be"",""yes_price_dollars"":""0.4500""}"
KXBTC15M-26APR280015-15,49d34ebb-48e5-6257-4a33-b6a3afac1e9a,1777348848,0.45,3.52,no,"{""count_fp"":""3.52"",""created_time"":""2026-04-28T04:00:48.463694Z"",""no_price_dollars"":""0.5500"",""taker_side"":""no"",""ticker"":""KXBTC15M-26APR280015-15"",""trade_id"":""49d34ebb-48e5-6257-4a33-b6a3afac1e9a"",""yes_price_dollars"":""0.4500""}"
KXBTC15M-26APR280015-15,e35cfebb-6fdb-6898-484b-7f79f5b623ae,1777348848,0.45,3.0,no,"{""count_fp"":""3.00"",""created_time"":""2026-04-28T04:00:48.082118Z"",""no_price_dollars"":""0.5500"",""taker_side"":""no"",""ticker"":""KXBTC15M-26APR280015-15"",""trade_id"":""e35cfebb-6fdb-6898-484b-7f79f5b623ae"",""yes_price_dollars"":""0.4500""}"
KXBTC15M-26APR280015-15,1f990f7e-4629-6f4b-5993-2456e0559ece,1777348848,0.45,3.43,no,"{""count_fp"":""3.43"",""created_time"":""2026-04-28T04:00:48.082118Z"",""no_price_dollars"":""0.5500"",""taker_side"":""no"",""ticker"":""KXBTC15M-26APR280015-15"",""trade_id"":""1f990f7e-4629-6f4b-5993-2456e0559ece"",""yes_price_dollars"":""0.4500""}"
KXBTC15M-26APR280015-15,1f81c795-936d-61a2-4998-26d5cbc01280,1777348848,0.45,20.0,no,"{""count_fp"":""20.00"",""created_time"":""2026-04-28T04:00:48.082118Z"",""no_price_dollars"":""0.5500"",""taker_side"":""no"",""ticker"":""KXBTC15M-26APR280015-15"",""trade_id"":""1f81c795-936d-61a2-4998-26d5cbc01280"",""yes_price_dollars"":""0.4500""}"
KXBTC15M-26APR280015-15,701fd37e-bf3f-42b9-20b6-270f060704e3,1777348849,0.46,0.25,yes,"{""count_fp"":""0.25"",""created_time"":""2026-04-28T04:00:49.979713Z"",""no_price_dollars"":""0.5400"",""taker_side"":""yes"",""ticker"":""KXBTC15M-26APR280015-15"",""trade_id"":""701fd37e-bf3f-42b9-20b6-270f060704e3"",""yes_price_dollars"":""0.4600""}"
KXBTC15M-26APR280015-15,543fadce-e66f-43a7-0dec-7d5c7bca94a6,1777348849,0.46,3.95,yes,"{""count_fp"":""3.95"",""created_time"":""2026-04-28T04:00:49.979713Z"",""no_price_dollars"":""0.5400"",""taker_side"":""yes"",""ticker"":""KXBTC15M-26APR280015-15"",""trade_id"":""543fadce-e66f-43a7-0dec-7d5c7bca94a6"",""yes_price_dollars"":""0.4600""}"
KXBTC15M-26APR280015-15,3e352f01-32f1-42ac-1f9a-e9456643d5ff,1777348849,0.46,5.58,yes,"{""count_fp"":""5.58"",""created_time"":""2026-04-28T04:00:49.979713Z"",""no_price_dollars"":""0.5400"",""taker_side"":""yes"",""ticker"":""KXBTC15M-26APR280015-15"",""trade_id"":""3e352f01-32f1-42ac-1f9a-e9456643d5ff"",""yes_price_dollars"":""0.4600""}"
KXBTC15M-26APR280015-15,0cf14c76-6338-4912-1215-663c40d2129b,1777348849,0.46,0.25,yes,"{""count_fp"":""0.25"",""created_time"":""2026-04-28T04:00:49.979713Z"",""no_price_dollars"":""0.5400"",""taker_side"":""yes"",""ticker"":""KXBTC15M-26APR280015-15"",""trade_id"":""0cf14c76-6338-4912-1215-663c40d2129b"",""yes_price_dollars"":""0.4600""}"
KXBTC15M-26APR280015-15,beb71540-8625-6a24-eaa7-9dd3fd60e30b,1777348849,0.46,10.47,yes,"{""count_fp"":""10.47"",""created_time"":""2026-04-28T04:00:49.974221Z"",""no_price_dollars"":""0.5400"",""taker_side"":""yes"",""ticker"":""KXBTC15M-26APR280015-15"",""trade_id"":""beb71540-8625-6a24-eaa7-9dd3fd60e30b"",""yes_price_dollars"":""0.4600""}"
KXBTC15M-26APR280015-15,a3cdef07-f067-6dab-f6e5-989e6a803ff7,1777348849,0.45,10.0,no,"{""count_fp"":""10.00"",""created_time"":""2026-04-28T04:00:49.868348Z"",""no_price_dollars"":""0.5500"",""taker_side"":""no"",""ticker"":""KXBTC15M-26APR280015-15"",""trade_id"":""a3cdef07-f067-6dab-f6e5-989e6a803ff7"",""yes_price_dollars"":""0.4500""}"
KXBTC15M-26APR280015-15,f6d82b45-3044-4cb0-e319-13d1593e55e2,1777348849,0.45,9.0,no,"{""count_fp"":""9.00"",""created_time"":""2026-04-28T04:00:49.714323Z"",""no_price_dollars"":""0.5500"",""taker_side"":""no"",""ticker"":""KXBTC15M-26APR280015-15"",""trade_id"":""f6d82b45-3044-4cb0-e319-13d1593e55e2"",""yes_price_dollars"":""0.4500""}"
KXBTC15M-26APR280015-15,da085045-3f9f-4e31-c112-38cbde4667b6,1777348849,0.45,1.0,no,"{""count_fp"":""1.00"",""created_time"":""2026-04-28T04:00:49.714323Z"",""no_price_dollars"":""0.5500"",""taker_side"":""no"",""ticker"":""KXBTC15M-26APR280015-15"",""trade_id"":""da085045-3f9f-4e31-c112-38cbde4667b6"",""yes_price_dollars"":""0.4500""}"
KXBTC15M-26APR280015-15,63dc2c88-853f-4903-d354-5f68e3be0c45,1777348849,0.45,0.25,no,"{""count_fp"":""0.25"",""created_time"":""2026-04-28T04:00:49.714323Z"",""no_price_dollars"":""0.5500"",""taker_side"":""no"",""ticker"":""KXBTC15M-26APR280015-15"",""trade_id"":""63dc2c88-853f-4903-d354-5f68e3be0c45"",""yes_price_dollars"":""0.4500""}"
KXBTC15M-26APR280015-15,4df15088-76ab-4e8f-e7d6-4be812b9c9a7,1777348849,0.45,7.37,no,"{""count_fp"":""7.37"",""created_time"":""2026-04-28T04:00:49.714323Z"",""no_price_dollars"":""0.5500"",""taker_side"":""no"",""ticker"":""KXBTC15M-26APR280015-15"",""trade_id"":""4df15088-76ab-4e8f-e7d6-4be812b9c9a7"",""yes_price_dollars"":""0.4500""}"
KXBTC15M-26APR280015-15,f3de434c-ca64-7afb-1053-8a9a3c6fe402,1777348849,0.46,1.0,yes,"{""count_fp"":""1.00"",""created_time"":""2026-04-28T04:00:49.621906Z"",""no_price_dollars"":""0.5400"",""taker_side"":""yes"",""ticker"":""KXBTC15M-26APR280015-15"",""trade_id"":""f3de434c-ca64-7afb-1053-8a9a3c6fe402"",""yes_price_dollars"":""0.4600""}"
KXBTC15M-26APR280015-15,e29509e5-dfa1-74e6-0520-4d4cf3209e4f,1777348849,0.46,11.01,yes,"{""count_fp"":""11.01"",""created_time"":""2026-04-28T04:00:49.621906Z"",""no_price_dollars"":""0.5400"",""taker_side"":""yes"",""ticker"":""KXBTC15M-26APR280015-15"",""trade_id"":""e29509e5-dfa1-74e6-0520-4d4cf3209e4f"",""yes_price_dollars"":""0.4600""}"
KXBTC15M-26APR280015-15,239cbf3e-56d5-7894-1d5b-9153d1e6e48b,1777348849,0.46,3.95,yes,"{""count_fp"":""3.95"",""created_time"":""2026-04-28T04:00:49.621906Z"",""no_price_dollars"":""0.5400"",""taker_side"":""yes"",""ticker"":""KXBTC15M-26APR280015-15"",""trade_id"":""239cbf3e-56d5-7894-1d5b-9153d1e6e48b"",""yes_price_dollars"":""0.4600""}"
KXBTC15M-26APR280015-15,1d437d1e-46cb-74d3-0b4d-acfa04196a58,1777348849,0.46,27.91,yes,"{""count_fp"":""27.91"",""created_time"":""2026-04-28T04:00:49.621906Z"",""no_price_dollars"":""0.5400"",""taker_side"":""yes"",""ticker"":""KXBTC15M-26APR280015-15"",""trade_id"":""1d437d1e-46cb-74d3-0b4d-acfa04196a58"",""yes_price_dollars"":""0.4600""}"
KXBTC15M-26APR280015-15,0a5ce435-c60d-7c02-1857-a2e988d1d9e2,1777348849,0.46,40.0,yes,"{""count_fp"":""40.00"",""created_time"":""2026-04-28T04:00:49.621906Z"",""no_price_dollars"":""0.5400"",""taker_side"":""yes"",""ticker"":""KXBTC15M-26APR280015-15"",""trade_id"":""0a5ce435-c60d-7c02-1857-a2e988d1d9e2"",""yes_price_dollars"":""0.4600""}"
KXBTC15M-26APR280015-15,ee8cd247-c722-59d3-0693-b54a2cd3e2f5,1777348850,0.45,0.5,no,"{""count_fp"":""0.50"",""created_time"":""2026-04-28T04:00:50.936721Z"",""no_price_dollars"":""0.5500"",""taker_side"":""no"",""ticker"":""KXBTC15M-26APR280015-15"",""trade_id"":""ee8cd247-c722-59d3-0693-b54a2cd3e2f5"",""yes_price_dollars"":""0.4500""}"
KXBTC15M-26APR280015-15,e53b98ae-f47f-503e-22cd-ce23d975b993,1777348850,0.45,1.0,no,"{""count_fp"":""1.00"",""created_time"":""2026-04-28T04:00:50.936721Z"",""no_price_dollars"":""0.5500"",""taker_side"":""no"",""ticker"":""KXBTC15M-26APR280015-15"",""trade_id"":""e53b98ae-f47f-503e-22cd-ce23d975b993"",""yes_price_dollars"":""0.4500""}"
KXBTC15M-26APR280015-15,72296433-0796-5d10-007e-163141f9a8f2,1777348850,0.45,7.37,no,"{""count_fp"":""7.37"",""created_time"":""2026-04-28T04:00:50.936721Z"",""no_price_dollars"":""0.5500"",""taker_side"":""no"",""ticker"":""KXBTC15M-26APR280015-15"",""trade_id"":""72296433-0796-5d10-007e-163141f9a8f2"",""yes_price_dollars"":""0.4500""}"
KXBTC15M-26APR280015-15,6b60b8cf-6b37-5842-18e4-c5db6407af41,1777348850,0.44,13.51,no,"{""count_fp"":""13.51"",""created_time"":""2026-04-28T04:00:50.936721Z"",""no_price_dollars"":""0.5600"",""taker_side"":""no"",""ticker"":""KXBTC15M-26APR280015-15"",""trade_id"":""6b60b8cf-6b37-5842-18e4-c5db6407af41"",""yes_price_dollars"":""0.4400""}"
KXBTC15M-26APR280015-15,517128c8-341f-5eb7-2341-b85864c96007,1777348850,0.45,2.63,no,"{""count_fp"":""2.63"",""created_time"":""2026-04-28T04:00:50.936721Z"",""no_price_dollars"":""0.5500"",""taker_side"":""no"",""ticker"":""KXBTC15M-26APR280015-15"",""trade_id"":""517128c8-341f-5eb7-2341-b85864c96007"",""yes_price_dollars"":""0.4500""}"
KXBTC15M-26APR280015-15,12dcf1f8-84d0-5c0c-053b-8d891331aaa2,1777348850,0.45,10.0,no,"{""count_fp"":""10.00"",""created_time"":""2026-04-28T04:00:50.936721Z"",""no_price_dollars"":""0.5500"",""taker_side"":""no"",""ticker"":""KXBTC15M-26APR280015-15"",""trade_id"":""12dcf1f8-84d0-5c0c-053b-8d891331aaa2"",""yes_price_dollars"":""0.4500""}"
KXBTC15M-26APR280015-15,0cd25092-7673-5c8f-0586-63a0e581ca41,1777348850,0.45,11.0,no,"{""count_fp"":""11.00"",""created_time"":""2026-04-28T04:00:50.936721Z"",""no_price_dollars"":""0.5500"",""taker_side"":""no"",""ticker"":""KXBTC15M-26APR280015-15"",""trade_id"":""0cd25092-7673-5c8f-0586-63a0e581ca41"",""yes_price_dollars"":""0.4500""}"
KXBTC15M-26APR280015-15,0372d21a-c2b7-516e-319d-b9c40ccd32c8,1777348850,0.45,40.0,no,"{""count_fp"":""40.00"",""created_time"":""2026-04-28T04:00:50.936721Z"",""no_price_dollars"":""0.5500"",""taker_side"":""no"",""ticker"":""KXBTC15M-26APR280015-15"",""trade_id"":""0372d21a-c2b7-516e-319d-b9c40ccd32c8"",""yes_price_dollars"":""0.4500""}"
KXBTC15M-26APR280015-15,0063782f-501c-5ee7-26ad-b50a100a07c0,1777348850,0.45,19.5,no,"{""count_fp"":""19.50"",""created_time"":""2026-04-28T04:00:50.936721Z"",""no_price_dollars"":""0.5500"",""taker_side"":""no"",""ticker"":""KXBTC15M-26APR280015-15"",""trade_id"":""0063782f-501c-5ee7-26ad-b50a100a07c0"",""yes_price_dollars"":""0.4500""}"
KXBTC15M-26APR280015-15,fb544925-14d6-4376-035f-29d2c18ca512,1777348850,0.46,1.0,yes,"{""count_fp"":""1.00"",""created_time"":""2026-04-28T04:00:50.660267Z"",""no_price_dollars"":""0.5400"",""taker_side"":""yes"",""ticker"":""KXBTC15M-26APR280015-15"",""trade_id"":""fb544925-14d6-4376-035f-29d2c18ca512"",""yes_price_dollars"":""0.4600""}"
KXBTC15M-26APR280015-15,074b311d-d764-4e8e-34d2-596ecd18c6e3,1777348850,0.46,2.7,yes,"{""count_fp"":""2.70"",""created_time"":""2026-04-28T04:00:50.660267Z"",""no_price_dollars"":""0.5400"",""taker_side"":""yes"",""ticker"":""KXBTC15M-26APR280015-15"",""trade_id"":""074b311d-d764-4e8e-34d2-596ecd18c6e3"",""yes_price_dollars"":""0.4600""}"
KXBTC15M-26APR280015-15,e1104a08-2a1f-44c2-ef81-af373727e1c7,1777348851,0.45,12.19,no,"{""count_fp"":""12.19"",""created_time"":""2026-04-28T04:00:51.450861Z"",""no_price_dollars"":""0.5500"",""taker_side"":""no"",""ticker"":""KXBTC15M-26APR280015-15"",""trade_id"":""e1104a08-2a1f-44c2-ef81-af373727e1c7"",""yes_price_dollars"":""0.4500""}"
