ticker,trade_id,ts,yes_price,count,taker_side,raw_json
KXBTC15M-26APR281030-30,35a21814-92f4-731a-50e0-dc59989ade89,1777385700,0.52,2.0,no,"{""count_fp"":""2.00"",""created_time"":""2026-04-28T14:15:00.626564Z"",""no_price_dollars"":""0.4800"",""taker_side"":""no"",""ticker"":""KXBTC15M-26APR281030-30"",""trade_id"":""35a21814-92f4-731a-50e0-dc59989ade89"",""yes_price_dollars"":""0.5200""}"
KXBTC15M-26APR281030-30,c48f8c18-8dc4-6cbd-52f3-7470d16db2f8,1777385700,0.51,21.0,no,"{""count_fp"":""21.00"",""created_time"":""2026-04-28T14:15:00.192308Z"",""no_price_dollars"":""0.4900"",""taker_side"":""no"",""ticker"":""KXBTC15M-26APR281030-30"",""trade_id"":""c48f8c18-8dc4-6cbd-52f3-7470d16db2f8"",""yes_price_dollars"":""0.5100""}"
KXBTC15M-26APR281030-30,20aa55c2-9e18-4e73-68b0-15d8c2084998,1777385702,0.55,4.0,yes,"{""count_fp"":""4.00"",""created_time"":""2026-04-28T14:15:02.801604Z"",""no_price_dollars"":""0.4500"",""taker_side"":""yes"",""ticker"":""KXBTC15M-26APR281030-30"",""trade_id"":""20aa55c2-9e18-4e73-68b0-15d8c2084998"",""yes_price_dollars"":""0.5500""}"
KXBTC15M-26APR281030-30,ddbcabf5-c8c6-77ee-1dc6-c45b3a5f04ef,1777385702,0.54,1.0,yes,"{""count_fp"":""1.00"",""created_time"":""2026-04-28T14:15:02.741193Z"",""no_price_dollars"":""0.4600"",""taker_side"":""yes"",""ticker"":""KXBTC15M-26APR281030-30"",""trade_id"":""ddbcabf5-c8c6-77ee-1dc6-c45b3a5f04ef"",""yes_price_dollars"":""0.5400""}"
KXBTC15M-26APR281030-30,48bf59f4-17fb-779a-18e1-a50a12a4d1f3,1777385702,0.55,1.0,yes,"{""count_fp"":""1.00"",""created_time"":""2026-04-28T14:15:02.741193Z"",""no_price_dollars"":""0.4500"",""taker_side"":""yes"",""ticker"":""KXBTC15M-26APR281030-30"",""trade_id"":""48bf59f4-17fb-779a-18e1-a50a12a4d1f3"",""yes_price_dollars"":""0.5500""}"
KXBTC15M-26APR281030-30,fc654d74-2c8c-7f6e-4856-d276fe2d82b7,1777385703,0.52,3.0,no,"{""count_fp"":""3.00"",""created_time"":""2026-04-28T14:15:03.160356Z"",""no_price_dollars"":""0.4800"",""taker_side"":""no"",""ticker"":""KXBTC15M-26APR281030-30"",""trade_id"":""fc654d74-2c8c-7f6e-4856-d276fe2d82b7"",""yes_price_dollars"":""0.5200""}"
KXBTC15M-26APR281030-30,e24182dc-4289-7fdf-7398-1974abc104e3,1777385703,0.52,8.33,no,"{""count_fp"":""8.33"",""created_time"":""2026-04-28T14:15:03.160356Z"",""no_price_dollars"":""0.4800"",""taker_side"":""no"",""ticker"":""KXBTC15M-26APR281030-30"",""trade_id"":""e24182dc-4289-7fdf-7398-1974abc104e3"",""yes_price_dollars"":""0.5200""}"
KXBTC15M-26APR281030-30,e0987e6b-da2f-79fd-5906-179e8aef6a81,1777385703,0.52,5.0,no,"{""count_fp"":""5.00"",""created_time"":""2026-04-28T14:15:03.160356Z"",""no_price_dollars"":""0.4800"",""taker_side"":""no"",""ticker"":""KXBTC15M-26APR281030-30"",""trade_id"":""e0987e6b-da2f-79fd-5906-179e8aef6a81"",""yes_price_dollars"":""0.5200""}"
KXBTC15M-26APR281030-30,b012bf89-cfa8-7e2d-4582-811babdbc663,1777385703,0.52,15.92,no,"{""count_fp"":""15.92"",""created_time"":""2026-04-28T14:15:03.160356Z"",""no_price_dollars"":""0.4800"",""taker_side"":""no"",""ticker"":""KXBTC15M-26APR281030-30"",""trade_id"":""b012bf89-cfa8-7e2d-4582-811babdbc663"",""yes_price_dollars"":""0.5200""}"
KXBTC15M-26APR281030-30,5d9fee09-3919-7671-7506-c09744e45c92,1777385703,0.52,3.0,no,"{""count_fp"":""3.00"",""created_time"":""2026-04-28T14:15:03.160356Z"",""no_price_dollars"":""0.4800"",""taker_side"":""no"",""ticker"":""KXBTC15M-26APR281030-30"",""trade_id"":""5d9fee09-3919-7671-7506-c09744e45c92"",""yes_price_dollars"":""0.5200""}"
KXBTC15M-26APR281030-30,0864cb12-11c8-73e6-6ed9-a7a6f0e0a79d,1777385703,0.52,15.0,no,"{""count_fp"":""15.00"",""created_time"":""2026-04-28T14:15:03.160356Z"",""no_price_dollars"":""0.4800"",""taker_side"":""no"",""ticker"":""KXBTC15M-26APR281030-30"",""trade_id"":""0864cb12-11c8-73e6-6ed9-a7a6f0e0a79d"",""yes_price_dollars"":""0.5200""}"
KXBTC15M-26APR281030-30,f6ace21b-1be1-50fa-7f16-887aa3d0e434,1777385704,0.52,20.34,no,"{""count_fp"":""20.34"",""created_time"":""2026-04-28T14:15:04.283326Z"",""no_price_dollars"":""0.4800"",""taker_side"":""no"",""ticker"":""KXBTC15M-26APR281030-30"",""trade_id"":""f6ace21b-1be1-50fa-7f16-887aa3d0e434"",""yes_price_dollars"":""0.5200""}"
KXBTC15M-26APR281030-30,76b70a55-0f7d-5d69-471c-56ec829d6c37,1777385704,0.52,5.0,no,"{""count_fp"":""5.00"",""created_time"":""2026-04-28T14:15:04.283326Z"",""no_price_dollars"":""0.4800"",""taker_side"":""no"",""ticker"":""KXBTC15M-26APR281030-30"",""trade_id"":""76b70a55-0f7d-5d69-471c-56ec829d6c37"",""yes_price_dollars"":""0.5200""}"
KXBTC15M-26APR281030-30,6d54c9fa-e174-5771-57ad-71c78c759ee3,1777385704,0.52,57.0,no,"{""count_fp"":""57.00"",""created_time"":""2026-04-28T14:15:04.283326Z"",""no_price_dollars"":""0.4800"",""taker_side"":""no"",""ticker"":""KXBTC15M-26APR281030-30"",""trade_id"":""6d54c9fa-e174-5771-57ad-71c78c759ee3"",""yes_price_dollars"":""0.5200""}"
KXBTC15M-26APR281030-30,548c1346-379d-52ff-7a0a-4cb87bd3dc0b,1777385704,0.52,0.67,no,"{""count_fp"":""0.67"",""created_time"":""2026-04-28T14:15:04.283326Z"",""no_price_dollars"":""0.4800"",""taker_side"":""no"",""ticker"":""KXBTC15M-26APR281030-30"",""trade_id"":""548c1346-379d-52ff-7a0a-4cb87bd3dc0b"",""yes_price_dollars"":""0.5200""}"
KXBTC15M-26APR281030-30,281e324d-0b41-5f62-634c-1bd5741261ef,1777385704,0.52,15.92,no,"{""count_fp"":""15.92"",""created_time"":""2026-04-28T14:15:04.283326Z"",""no_price_dollars"":""0.4800"",""taker_side"":""no"",""ticker"":""KXBTC15M-26APR281030-30"",""trade_id"":""281e324d-0b41-5f62-634c-1bd5741261ef"",""yes_price_dollars"":""0.5200""}"
KXBTC15M-26APR281030-30,a43c30c7-c379-5760-20b6-fdbf4a551658,1777385705,0.54,4.45,yes,"{""count_fp"":""4.45"",""created_time"":""2026-04-28T14:15:05.987204Z"",""no_price_dollars"":""0.4600"",""taker_side"":""yes"",""ticker"":""KXBTC15M-26APR281030-30"",""trade_id"":""a43c30c7-c379-5760-20b6-fdbf4a551658"",""yes_price_dollars"":""0.5400""}"
KXBTC15M-26APR281030-30,45d6e1b8-cb69-5d9d-03d7-c073fad1520f,1777385705,0.54,8.05,yes,"{""count_fp"":""8.05"",""created_time"":""2026-04-28T14:15:05.987204Z"",""no_price_dollars"":""0.4600"",""taker_side"":""yes"",""ticker"":""KXBTC15M-26APR281030-30"",""trade_id"":""45d6e1b8-cb69-5d9d-03d7-c073fad1520f"",""yes_price_dollars"":""0.5400""}"
KXBTC15M-26APR281030-30,b49edc6c-6f75-50e4-ee4b-3b67b54c09f8,1777385705,0.54,8.55,yes,"{""count_fp"":""8.55"",""created_time"":""2026-04-28T14:15:05.773945Z"",""no_price_dollars"":""0.4600"",""taker_side"":""yes"",""ticker"":""KXBTC15M-26APR281030-30"",""trade_id"":""b49edc6c-6f75-50e4-ee4b-3b67b54c09f8"",""yes_price_dollars"":""0.5400""}"
KXBTC15M-26APR281030-30,72de091d-71bf-5ae8-28b9-e23a72396b84,1777385707,0.57,0.31,yes,"{""count_fp"":""0.31"",""created_time"":""2026-04-28T14:15:07.105166Z"",""no_price_dollars"":""0.4300"",""taker_side"":""yes"",""ticker"":""KXBTC15M-26APR281030-30"",""trade_id"":""72de091d-71bf-5ae8-28b9-e23a72396b84"",""yes_price_dollars"":""0.5700""}"
KXBTC15M-26APR281030-30,634b140f-9a81-5664-1ba2-6c8ca891cefa,1777385707,0.56,1.0,yes,"{""count_fp"":""1.00"",""created_time"":""2026-04-28T14:15:07.105166Z"",""no_price_dollars"":""0.4400"",""taker_side"":""yes"",""ticker"":""KXBTC15M-26APR281030-30"",""trade_id"":""634b140f-9a81-5664-1ba2-6c8ca891cefa"",""yes_price_dollars"":""0.5600""}"
KXBTC15M-26APR281030-30,4a4276e6-9035-50ff-2d03-2e0b26fa7542,1777385707,0.55,1.0,yes,"{""count_fp"":""1.00"",""created_time"":""2026-04-28T14:15:07.105166Z"",""no_price_dollars"":""0.4500"",""taker_side"":""yes"",""ticker"":""KXBTC15M-26APR281030-30"",""trade_id"":""4a4276e6-9035-50ff-2d03-2e0b26fa7542"",""yes_price_dollars"":""0.5500""}"
KXBTC15M-26APR281030-30,026992b8-afe5-5475-0416-5ad4298e0d5b,1777385707,0.54,5.95,yes,"{""count_fp"":""5.95"",""created_time"":""2026-04-28T14:15:07.105166Z"",""no_price_dollars"":""0.4600"",""taker_side"":""yes"",""ticker"":""KXBTC15M-26APR281030-30"",""trade_id"":""026992b8-afe5-5475-0416-5ad4298e0d5b"",""yes_price_dollars"":""0.5400""}"
KXBTC15M-26APR281030-30,44c27b6c-c50d-66c1-9ac2-ac75544be513,1777385707,0.54,1.0,yes,"{""count_fp"":""1.00"",""created_time"":""2026-04-28T14:15:07.069357Z"",""no_price_dollars"":""0.4600"",""taker_side"":""yes"",""ticker"":""KXBTC15M-26APR281030-30"",""trade_id"":""44c27b6c-c50d-66c1-9ac2-ac75544be513"",""yes_price_dollars"":""0.5400""}"
KXBTC15M-26APR281030-30,08c2459c-7653-406a-89f2-9f1ae8004950,1777385708,0.53,12.06,no,"{""count_fp"":""12.06"",""created_time"":""2026-04-28T14:15:08.683192Z"",""no_price_dollars"":""0.4700"",""taker_side"":""no"",""ticker"":""KXBTC15M-26APR281030-30"",""trade_id"":""08c2459c-7653-406a-89f2-9f1ae8004950"",""yes_price_dollars"":""0.5300""}"
KXBTC15M-26APR281030-30,e7047f11-6824-6fd1-939c-a3e89bc0b578,1777385708,0.58,111.0,yes,"{""count_fp"":""111.00"",""created_time"":""2026-04-28T14:15:08.072248Z"",""no_price_dollars"":""0.4200"",""taker_side"":""yes"",""ticker"":""KXBTC15M-26APR281030-30"",""trade_id"":""e7047f11-6824-6fd1-939c-a3e89bc0b578"",""yes_price_dollars"":""0.5800""}"
KXBTC15M-26APR281030-30,ac9aebb0-f8f0-6d17-9cd8-72d908d54349,1777385708,0.58,5.0,yes,"{""count_fp"":""5.00"",""created_time"":""2026-04-28T14:15:08.072248Z"",""no_price_dollars"":""0.4200"",""taker_side"":""yes"",""ticker"":""KXBTC15M-26APR281030-30"",""trade_id"":""ac9aebb0-f8f0-6d17-9cd8-72d908d54349"",""yes_price_dollars"":""0.5800""}"
KXBTC15M-26APR281030-30,3011ec9c-8c2c-6771-bed5-8c3fb181ca06,1777385708,0.59,88.02,yes,"{""count_fp"":""88.02"",""created_time"":""2026-04-28T14:15:08.072248Z"",""no_price_dollars"":""0.4100"",""taker_side"":""yes"",""ticker"":""KXBTC15M-26APR281030-30"",""trade_id"":""3011ec9c-8c2c-6771-bed5-8c3fb181ca06"",""yes_price_dollars"":""0.5900""}"
KXBTC15M-26APR281030-30,14965562-99aa-60df-9042-f6b3289d69eb,1777385708,0.58,12.73,yes,"{""count_fp"":""12.73"",""created_time"":""2026-04-28T14:15:08.072248Z"",""no_price_dollars"":""0.4200"",""taker_side"":""yes"",""ticker"":""KXBTC15M-26APR281030-30"",""trade_id"":""14965562-99aa-60df-9042-f6b3289d69eb"",""yes_price_dollars"":""0.5800""}"
KXBTC15M-26APR281030-30,02458e8d-4528-62ec-8940-3b4ff27a6ae2,1777385708,0.58,270.34,yes,"{""count_fp"":""270.34"",""created_time"":""2026-04-28T14:15:08.072248Z"",""no_price_dollars"":""0.4200"",""taker_side"":""yes"",""ticker"":""KXBTC15M-26APR281030-30"",""trade_id"":""02458e8d-4528-62ec-8940-3b4ff27a6ae2"",""yes_price_dollars"":""0.5800""}"
KXBTC15M-26APR281030-30,fd85489a-d5bc-758d-0230-ace0ca5fbb2c,1777385709,0.59,5.0,yes,"{""count_fp"":""5.00"",""created_time"":""2026-04-28T14:15:09.719595Z"",""no_price_dollars"":""0.4100"",""taker_side"":""yes"",""ticker"":""KXBTC15M-26APR281030-30"",""trade_id"":""fd85489a-d5bc-758d-0230-ace0ca5fbb2c"",""yes_price_dollars"":""0.5900""}"
KXBTC15M-26APR281030-30,ccbbc4a6-d9b8-71d9-20b4-5bff61e3ee0a,1777385709,0.59,30.98,yes,"{""count_fp"":""30.98"",""created_time"":""2026-04-28T14:15:09.719595Z"",""no_price_dollars"":""0.4100"",""taker_side"":""yes"",""ticker"":""KXBTC15M-26APR281030-30"",""trade_id"":""ccbbc4a6-d9b8-71d9-20b4-5bff61e3ee0a"",""yes_price_dollars"":""0.5900""}"
KXBTC15M-26APR281030-30,bac6b39c-556c-7fd3-2398-164b6a884218,1777385709,0.58,31.28,yes,"{""count_fp"":""31.28"",""created_time"":""2026-04-28T14:15:09.719595Z"",""no_price_dollars"":""0.4200"",""taker_side"":""yes"",""ticker"":""KXBTC15M-26APR281030-30"",""trade_id"":""bac6b39c-556c-7fd3-2398-164b6a884218"",""yes_price_dollars"":""0.5800""}"
KXBTC15M-26APR281030-30,b2d1f1d6-fc43-7138-05d1-f808d34b713f,1777385709,0.57,2.0,yes,"{""count_fp"":""2.00"",""created_time"":""2026-04-28T14:15:09.719595Z"",""no_price_dollars"":""0.4300"",""taker_side"":""yes"",""ticker"":""KXBTC15M-26APR281030-30"",""trade_id"":""b2d1f1d6-fc43-7138-05d1-f808d34b713f"",""yes_price_dollars"":""0.5700""}"
KXBTC15M-26APR281030-30,b254c5af-b1d2-74c9-33c1-3b645c185f54,1777385709,0.59,25.0,yes,"{""count_fp"":""25.00"",""created_time"":""2026-04-28T14:15:09.719595Z"",""no_price_dollars"":""0.4100"",""taker_side"":""yes"",""ticker"":""KXBTC15M-26APR281030-30"",""trade_id"":""b254c5af-b1d2-74c9-33c1-3b645c185f54"",""yes_price_dollars"":""0.5900""}"
KXBTC15M-26APR281030-30,78ff88d8-acf9-7b5f-1e18-50ef82f232c3,1777385709,0.59,212.78,yes,"{""count_fp"":""212.78"",""created_time"":""2026-04-28T14:15:09.719595Z"",""no_price_dollars"":""0.4100"",""taker_side"":""yes"",""ticker"":""KXBTC15M-26APR281030-30"",""trade_id"":""78ff88d8-acf9-7b5f-1e18-50ef82f232c3"",""yes_price_dollars"":""0.5900""}"
KXBTC15M-26APR281030-30,5889b649-7e89-75c1-3d3d-a24e7cdb7c61,1777385709,0.58,5.0,yes,"{""count_fp"":""5.00"",""created_time"":""2026-04-28T14:15:09.719595Z"",""no_price_dollars"":""0.4200"",""taker_side"":""yes"",""ticker"":""KXBTC15M-26APR281030-30"",""trade_id"":""5889b649-7e89-75c1-3d3d-a24e7cdb7c61"",""yes_price_dollars"":""0.5800""}"
KXBTC15M-26APR281030-30,3fa000f7-b206-7ab1-1582-16f085fc4ef1,1777385709,0.59,5.0,yes,"{""count_fp"":""5.00"",""created_time"":""2026-04-28T14:15:09.719595Z"",""no_price_dollars"":""0.4100"",""taker_side"":""yes"",""ticker"":""KXBTC15M-26APR281030-30"",""trade_id"":""3fa000f7-b206-7ab1-1582-16f085fc4ef1"",""yes_price_dollars"":""0.5900""}"
KXBTC15M-26APR281030-30,32241c3e-cc18-7961-3539-0449b8d64fb7,1777385709,0.58,12.73,yes,"{""count_fp"":""12.73"",""created_time"":""2026-04-28T14:15:09.719595Z"",""no_price_dollars"":""0.4200"",""taker_side"":""yes"",""ticker"":""KXBTC15M-26APR281030-30"",""trade_id"":""32241c3e-cc18-7961-3539-0449b8d64fb7"",""yes_price_dollars"":""0.5800""}"
KXBTC15M-26APR281030-30,ad95a02f-e00c-70f9-698b-dc9583488f70,1777385709,0.56,10.0,yes,"{""count_fp"":""10.00"",""created_time"":""2026-04-28T14:15:09.441394Z"",""no_price_dollars"":""0.4400"",""taker_side"":""yes"",""ticker"":""KXBTC15M-26APR281030-30"",""trade_id"":""ad95a02f-e00c-70f9-698b-dc9583488f70"",""yes_price_dollars"":""0.5600""}"
KXBTC15M-26APR281030-30,446a5afd-150c-7d37-4c2f-a31d06389188,1777385709,0.56,6.78,yes,"{""count_fp"":""6.78"",""created_time"":""2026-04-28T14:15:09.441394Z"",""no_price_dollars"":""0.4400"",""taker_side"":""yes"",""ticker"":""KXBTC15M-26APR281030-30"",""trade_id"":""446a5afd-150c-7d37-4c2f-a31d06389188"",""yes_price_dollars"":""0.5600""}"
KXBTC15M-26APR281030-30,d94bd1ec-26d0-536a-b69f-609d765aace5,1777385710,0.56,38.0,no,"{""count_fp"":""38.00"",""created_time"":""2026-04-28T14:15:10.889101Z"",""no_price_dollars"":""0.4400"",""taker_side"":""no"",""ticker"":""KXBTC15M-26APR281030-30"",""trade_id"":""d94bd1ec-26d0-536a-b69f-609d765aace5"",""yes_price_dollars"":""0.5600""}"
KXBTC15M-26APR281030-30,2963505a-a5e1-55e7-b928-72fedbb6d137,1777385710,0.56,29.03,no,"{""count_fp"":""29.03"",""created_time"":""2026-04-28T14:15:10.889101Z"",""no_price_dollars"":""0.4400"",""taker_side"":""no"",""ticker"":""KXBTC15M-26APR281030-30"",""trade_id"":""2963505a-a5e1-55e7-b928-72fedbb6d137"",""yes_price_dollars"":""0.5600""}"
KXBTC15M-26APR281030-30,5799c346-30ac-5050-e3f7-884dbeb805f9,1777385711,0.57,10.0,yes,"{""count_fp"":""10.00"",""created_time"":""2026-04-28T14:15:11.376435Z"",""no_price_dollars"":""0.4300"",""taker_side"":""yes"",""ticker"":""KXBTC15M-26APR281030-30"",""trade_id"":""5799c346-30ac-5050-e3f7-884dbeb805f9"",""yes_price_dollars"":""0.5700""}"
KXBTC15M-26APR281030-30,4c25eca6-d589-542b-ebae-65ba255be92c,1777385711,0.57,31.87,yes,"{""count_fp"":""31.87"",""created_time"":""2026-04-28T14:15:11.376435Z"",""no_price_dollars"":""0.4300"",""taker_side"":""yes"",""ticker"":""KXBTC15M-26APR281030-30"",""trade_id"":""4c25eca6-d589-542b-ebae-65ba255be92c"",""yes_price_dollars"":""0.5700""}"
KXBTC15M-26APR281030-30,83b9027f-c217-770b-1976-c8093404563a,1777385711,0.58,8.16,yes,"{""count_fp"":""8.16"",""created_time"":""2026-04-28T14:15:11.203213Z"",""no_price_dollars"":""0.4200"",""taker_side"":""yes"",""ticker"":""KXBTC15M-26APR281030-30"",""trade_id"":""83b9027f-c217-770b-1976-c8093404563a"",""yes_price_dollars"":""0.5800""}"
KXBTC15M-26APR281030-30,a7db9b48-248d-5c8a-bc8e-20418cf4801e,1777385711,0.54,9.96,no,"{""count_fp"":""9.96"",""created_time"":""2026-04-28T14:15:11.181459Z"",""no_price_dollars"":""0.4600"",""taker_side"":""no"",""ticker"":""KXBTC15M-26APR281030-30"",""trade_id"":""a7db9b48-248d-5c8a-bc8e-20418cf4801e"",""yes_price_dollars"":""0.5400""}"
KXBTC15M-26APR281030-30,70b3be3c-c971-5eca-9c28-8154513c0751,1777385711,0.57,32.83,no,"{""count_fp"":""32.83"",""created_time"":""2026-04-28T14:15:11.181459Z"",""no_price_dollars"":""0.4300"",""taker_side"":""no"",""ticker"":""KXBTC15M-26APR281030-30"",""trade_id"":""70b3be3c-c971-5eca-9c28-8154513c0751"",""yes_price_dollars"":""0.5700""}"
KXBTC15M-26APR281030-30,8c86d01d-1279-741f-c78e-7a549d9f77bf,1777385711,0.56,20.94,no,"{""count_fp"":""20.94"",""created_time"":""2026-04-28T14:15:11.056281Z"",""no_price_dollars"":""0.4400"",""taker_side"":""no"",""ticker"":""KXBTC15M-26APR281030-30"",""trade_id"":""8c86d01d-1279-741f-c78e-7a549d9f77bf"",""yes_price_dollars"":""0.5600""}"
KXBTC15M-26APR281030-30,30136b31-35d1-6ad5-3a93-30bd4788037a,1777385712,0.58,33.49,yes,"{""count_fp"":""33.49"",""created_time"":""2026-04-28T14:15:12.821339Z"",""no_price_dollars"":""0.4200"",""taker_side"":""yes"",""ticker"":""KXBTC15M-26APR281030-30"",""trade_id"":""30136b31-35d1-6ad5-3a93-30bd4788037a"",""yes_price_dollars"":""0.5800""}"
KXBTC15M-26APR281030-30,507f68d9-4563-56f7-4784-1c7cc396496e,1777385712,0.59,28.93,yes,"{""count_fp"":""28.93"",""created_time"":""2026-04-28T14:15:12.424684Z"",""no_price_dollars"":""0.4100"",""taker_side"":""yes"",""ticker"":""KXBTC15M-26APR281030-30"",""trade_id"":""507f68d9-4563-56f7-4784-1c7cc396496e"",""yes_price_dollars"":""0.5900""}"
KXBTC15M-26APR281030-30,258f21a7-34c4-4400-7fd7-9a251af7cd77,1777385713,0.56,11.79,no,"{""count_fp"":""11.79"",""created_time"":""2026-04-28T14:15:13.847257Z"",""no_price_dollars"":""0.4400"",""taker_side"":""no"",""ticker"":""KXBTC15M-26APR281030-30"",""trade_id"":""258f21a7-34c4-4400-7fd7-9a251af7cd77"",""yes_price_dollars"":""0.5600""}"
KXBTC15M-26APR281030-30,e4d8ce1c-48ff-6ad0-2cb9-ce0202059532,1777385713,0.58,2.44,yes,"{""count_fp"":""2.44"",""created_time"":""2026-04-28T14:15:13.307946Z"",""no_price_dollars"":""0.4200"",""taker_side"":""yes"",""ticker"":""KXBTC15M-26APR281030-30"",""trade_id"":""e4d8ce1c-48ff-6ad0-2cb9-ce0202059532"",""yes_price_dollars"":""0.5800""}"
KXBTC15M-26APR281030-30,7759468b-51e3-6c4f-02e5-185b5a6121e2,1777385713,0.59,38.75,yes,"{""count_fp"":""38.75"",""created_time"":""2026-04-28T14:15:13.307946Z"",""no_price_dollars"":""0.4100"",""taker_side"":""yes"",""ticker"":""KXBTC15M-26APR281030-30"",""trade_id"":""7759468b-51e3-6c4f-02e5-185b5a6121e2"",""yes_price_dollars"":""0.5900""}"
KXBTC15M-26APR281030-30,f3db628e-a5f9-5c05-2026-47f21326e84e,1777385713,0.58,22.51,yes,"{""count_fp"":""22.51"",""created_time"":""2026-04-28T14:15:13.159728Z"",""no_price_dollars"":""0.4200"",""taker_side"":""yes"",""ticker"":""KXBTC15M-26APR281030-30"",""trade_id"":""f3db628e-a5f9-5c05-2026-47f21326e84e"",""yes_price_dollars"":""0.5800""}"
KXBTC15M-26APR281030-30,7d92eb12-88d2-5153-0ebe-2f9c9960f5b2,1777385713,0.58,11.0,yes,"{""count_fp"":""11.00"",""created_time"":""2026-04-28T14:15:13.159728Z"",""no_price_dollars"":""0.4200"",""taker_side"":""yes"",""ticker"":""KXBTC15M-26APR281030-30"",""trade_id"":""7d92eb12-88d2-5153-0ebe-2f9c9960f5b2"",""yes_price_dollars"":""0.5800""}"
KXBTC15M-26APR281030-30,37e5a617-5a73-559c-1d42-e43e083dd95e,1777385713,0.58,17.56,yes,"{""count_fp"":""17.56"",""created_time"":""2026-04-28T14:15:13.159728Z"",""no_price_dollars"":""0.4200"",""taker_side"":""yes"",""ticker"":""KXBTC15M-26APR281030-30"",""trade_id"":""37e5a617-5a73-559c-1d42-e43e083dd95e"",""yes_price_dollars"":""0.5800""}"
KXBTC15M-26APR281030-30,f4a9e466-4897-5142-9680-0732e0b317ed,1777385713,0.56,0.59,no,"{""count_fp"":""0.59"",""created_time"":""2026-04-28T14:15:13.051264Z"",""no_price_dollars"":""0.4400"",""taker_side"":""no"",""ticker"":""KXBTC15M-26APR281030-30"",""trade_id"":""f4a9e466-4897-5142-9680-0732e0b317ed"",""yes_price_dollars"":""0.5600""}"
KXBTC15M-26APR281030-30,95f3e738-786c-4966-6dde-84af79b15674,1777385714,0.56,8.0,yes,"{""count_fp"":""8.00"",""created_time"":""2026-04-28T14:15:14.879363Z"",""no_price_dollars"":""0.4400"",""taker_side"":""yes"",""ticker"":""KXBTC15M-26APR281030-30"",""trade_id"":""95f3e738-786c-4966-6dde-84af79b15674"",""yes_price_dollars"":""0.5600""}"
KXBTC15M-26APR281030-30,c40b3237-de6c-6aaa-5f91-385d8bfd54a4,1777385714,0.56,41.87,yes,"{""count_fp"":""41.87"",""created_time"":""2026-04-28T14:15:14.858967Z"",""no_price_dollars"":""0.4400"",""taker_side"":""yes"",""ticker"":""KXBTC15M-26APR281030-30"",""trade_id"":""c40b3237-de6c-6aaa-5f91-385d8bfd54a4"",""yes_price_dollars"":""0.5600""}"
KXBTC15M-26APR281030-30,7e1b3f56-0768-608a-2b26-3fa441f52ed0,1777385714,0.58,16.47,yes,"{""count_fp"":""16.47"",""created_time"":""2026-04-28T14:15:14.573979Z"",""no_price_dollars"":""0.4200"",""taker_side"":""yes"",""ticker"":""KXBTC15M-26APR281030-30"",""trade_id"":""7e1b3f56-0768-608a-2b26-3fa441f52ed0"",""yes_price_dollars"":""0.5800""}"
KXBTC15M-26APR281030-30,60f2c221-8270-622a-3540-eef6d4ee5480,1777385714,0.58,3.74,yes,"{""count_fp"":""3.74"",""created_time"":""2026-04-28T14:15:14.571697Z"",""no_price_dollars"":""0.4200"",""taker_side"":""yes"",""ticker"":""KXBTC15M-26APR281030-30"",""trade_id"":""60f2c221-8270-622a-3540-eef6d4ee5480"",""yes_price_dollars"":""0.5800""}"
KXBTC15M-26APR281030-30,40e335e5-e73d-60d4-348e-f259c2cf2188,1777385714,0.58,12.73,yes,"{""count_fp"":""12.73"",""created_time"":""2026-04-28T14:15:14.571697Z"",""no_price_dollars"":""0.4200"",""taker_side"":""yes"",""ticker"":""KXBTC15M-26APR281030-30"",""trade_id"":""40e335e5-e73d-60d4-348e-f259c2cf2188"",""yes_price_dollars"":""0.5800""}"
KXBTC15M-26APR281030-30,a7da3156-f6bf-6ef0-c86a-3930e7a988cd,1777385714,0.59,1.63,yes,"{""count_fp"":""1.63"",""created_time"":""2026-04-28T14:15:14.209263Z"",""no_price_dollars"":""0.4100"",""taker_side"":""yes"",""ticker"":""KXBTC15M-26APR281030-30"",""trade_id"":""a7da3156-f6bf-6ef0-c86a-3930e7a988cd"",""yes_price_dollars"":""0.5900""}"
KXBTC15M-26APR281030-30,e113de8d-6d73-5b45-b284-955141d78db0,1777385714,0.58,5.04,no,"{""count_fp"":""5.04"",""created_time"":""2026-04-28T14:15:14.156297Z"",""no_price_dollars"":""0.4200"",""taker_side"":""no"",""ticker"":""KXBTC15M-26APR281030-30"",""trade_id"":""e113de8d-6d73-5b45-b284-955141d78db0"",""yes_price_dollars"":""0.5800""}"
KXBTC15M-26APR281030-30,affe6125-18c8-5763-a4cf-90ecbc989ddf,1777385714,0.53,17.67,no,"{""count_fp"":""17.67"",""created_time"":""2026-04-28T14:15:14.156297Z"",""no_price_dollars"":""0.4700"",""taker_side"":""no"",""ticker"":""KXBTC15M-26APR281030-30"",""trade_id"":""affe6125-18c8-5763-a4cf-90ecbc989ddf"",""yes_price_dollars"":""0.5300""}"
KXBTC15M-26APR281030-30,643b2e80-68d0-55f8-b906-fb4d69eb455b,1777385714,0.56,20.08,no,"{""count_fp"":""20.08"",""created_time"":""2026-04-28T14:15:14.156297Z"",""no_price_dollars"":""0.4400"",""taker_side"":""no"",""ticker"":""KXBTC15M-26APR281030-30"",""trade_id"":""643b2e80-68d0-55f8-b906-fb4d69eb455b"",""yes_price_dollars"":""0.5600""}"
KXBTC15M-26APR281030-30,54409ea0-8958-624f-a08e-51368de5f6e7,1777385715,0.53,32.33,no,"{""count_fp"":""32.33"",""created_time"":""2026-04-28T14:15:15.907027Z"",""no_price_dollars"":""0.4700"",""taker_side"":""no"",""ticker"":""KXBTC15M-26APR281030-30"",""trade_id"":""54409ea0-8958-624f-a08e-51368de5f6e7"",""yes_price_dollars"":""0.5300""}"
KXBTC15M-26APR281030-30,4a2ee4a5-2cd4-409b-504d-4f85747b0920,1777385715,0.54,12.97,no,"{""count_fp"":""12.97"",""created_time"":""2026-04-28T14:15:15.895071Z"",""no_price_dollars"":""0.4600"",""taker_side"":""no"",""ticker"":""KXBTC15M-26APR281030-30"",""trade_id"":""4a2ee4a5-2cd4-409b-504d-4f85747b0920"",""yes_price_dollars"":""0.5400""}"
KXBTC15M-26APR281030-30,e1f08d23-8c8e-6038-77cc-7a55de61d347,1777385715,0.54,22.12,no,"{""count_fp"":""22.12"",""created_time"":""2026-04-28T14:15:15.873278Z"",""no_price_dollars"":""0.4600"",""taker_side"":""no"",""ticker"":""KXBTC15M-26APR281030-30"",""trade_id"":""e1f08d23-8c8e-6038-77cc-7a55de61d347"",""yes_price_dollars"":""0.5400""}"
KXBTC15M-26APR281030-30,d482f7dc-7cb0-62f7-7aeb-48cd5bf7e2d0,1777385715,0.54,11.03,no,"{""count_fp"":""11.03"",""created_time"":""2026-04-28T14:15:15.873278Z"",""no_price_dollars"":""0.4600"",""taker_side"":""no"",""ticker"":""KXBTC15M-26APR281030-30"",""trade_id"":""d482f7dc-7cb0-62f7-7aeb-48cd5bf7e2d0"",""yes_price_dollars"":""0.5400""}"
KXBTC15M-26APR281030-30,97783d47-0e6e-6f78-eb38-75756f78c30f,1777385715,0.54,35.88,no,"{""count_fp"":""35.88"",""created_time"":""2026-04-28T14:15:15.861265Z"",""no_price_dollars"":""0.4600"",""taker_side"":""no"",""ticker"":""KXBTC15M-26APR281030-30"",""trade_id"":""97783d47-0e6e-6f78-eb38-75756f78c30f"",""yes_price_dollars"":""0.5400""}"
KXBTC15M-26APR281030-30,467c3c0f-c984-47f6-da57-dd5d5f244e14,1777385715,0.55,5.02,yes,"{""count_fp"":""5.02"",""created_time"":""2026-04-28T14:15:15.762772Z"",""no_price_dollars"":""0.4500"",""taker_side"":""yes"",""ticker"":""KXBTC15M-26APR281030-30"",""trade_id"":""467c3c0f-c984-47f6-da57-dd5d5f244e14"",""yes_price_dollars"":""0.5500""}"
KXBTC15M-26APR281030-30,ef4ca112-e96c-6fce-289b-e63d0382f7b0,1777385715,0.55,80.39,yes,"{""count_fp"":""80.39"",""created_time"":""2026-04-28T14:15:15.728888Z"",""no_price_dollars"":""0.4500"",""taker_side"":""yes"",""ticker"":""KXBTC15M-26APR281030-30"",""trade_id"":""ef4ca112-e96c-6fce-289b-e63d0382f7b0"",""yes_price_dollars"":""0.5500""}"
KXBTC15M-26APR281030-30,0cc51893-cf00-4552-c7d3-0ad05c6422a4,1777385715,0.56,82.0,yes,"{""count_fp"":""82.00"",""created_time"":""2026-04-28T14:15:15.454353Z"",""no_price_dollars"":""0.4400"",""taker_side"":""yes"",""ticker"":""KXBTC15M-26APR281030-30"",""trade_id"":""0cc51893-cf00-4552-c7d3-0ad05c6422a4"",""yes_price_dollars"":""0.5600""}"
KXBTC15M-26APR281030-30,6c1af1a0-9b01-4b28-8582-5a18c5930394,1777385716,0.51,15.09,yes,"{""count_fp"":""15.09"",""created_time"":""2026-04-28T14:15:16.682623Z"",""no_price_dollars"":""0.4900"",""taker_side"":""yes"",""ticker"":""KXBTC15M-26APR281030-30"",""trade_id"":""6c1af1a0-9b01-4b28-8582-5a18c5930394"",""yes_price_dollars"":""0.5100""}"
KXBTC15M-26APR281030-30,7b5aff36-fc89-5657-3dab-438b0c07d66e,1777385716,0.53,5.02,yes,"{""count_fp"":""5.02"",""created_time"":""2026-04-28T14:15:16.345511Z"",""no_price_dollars"":""0.4700"",""taker_side"":""yes"",""ticker"":""KXBTC15M-26APR281030-30"",""trade_id"":""7b5aff36-fc89-5657-3dab-438b0c07d66e"",""yes_price_dollars"":""0.5300""}"
KXBTC15M-26APR281030-30,fb1456e5-8e22-6d06-ceec-84cd1a104a5e,1777385717,0.51,20.0,no,"{""count_fp"":""20.00"",""created_time"":""2026-04-28T14:15:17.357605Z"",""no_price_dollars"":""0.4900"",""taker_side"":""no"",""ticker"":""KXBTC15M-26APR281030-30"",""trade_id"":""fb1456e5-8e22-6d06-ceec-84cd1a104a5e"",""yes_price_dollars"":""0.5100""}"
KXBTC15M-26APR281030-30,fd00b953-8e97-6774-6809-dcab9e56c8f5,1777385717,0.52,0.27,yes,"{""count_fp"":""0.27"",""created_time"":""2026-04-28T14:15:17.221969Z"",""no_price_dollars"":""0.4800"",""taker_side"":""yes"",""ticker"":""KXBTC15M-26APR281030-30"",""trade_id"":""fd00b953-8e97-6774-6809-dcab9e56c8f5"",""yes_price_dollars"":""0.5200""}"
KXBTC15M-26APR281030-30,09e32b4d-3eb0-746e-ac4b-864a187ed2f3,1777385718,0.51,1.82,yes,"{""count_fp"":""1.82"",""created_time"":""2026-04-28T14:15:18.894137Z"",""no_price_dollars"":""0.4900"",""taker_side"":""yes"",""ticker"":""KXBTC15M-26APR281030-30"",""trade_id"":""09e32b4d-3eb0-746e-ac4b-864a187ed2f3"",""yes_price_dollars"":""0.5100""}"
KXBTC15M-26APR281030-30,2513d611-2664-59c2-c249-7a492aed3a1b,1777385718,0.51,1.0,yes,"{""count_fp"":""1.00"",""created_time"":""2026-04-28T14:15:18.796938Z"",""no_price_dollars"":""0.4900"",""taker_side"":""yes"",""ticker"":""KXBTC15M-26APR281030-30"",""trade_id"":""2513d611-2664-59c2-c249-7a492aed3a1b"",""yes_price_dollars"":""0.5100""}"
KXBTC15M-26APR281030-30,d311bb41-4f78-7f41-0703-6d1fccaaec36,1777385718,0.51,45.0,no,"{""count_fp"":""45.00"",""created_time"":""2026-04-28T14:15:18.781024Z"",""no_price_dollars"":""0.4900"",""taker_side"":""no"",""ticker"":""KXBTC15M-26APR281030-30"",""trade_id"":""d311bb41-4f78-7f41-0703-6d1fccaaec36"",""yes_price_dollars"":""0.5100""}"
KXBTC15M-26APR281030-30,381f7e53-54da-46ee-b4dc-a94714e655d0,1777385718,0.51,9.66,no,"{""count_fp"":""9.66"",""created_time"":""2026-04-28T14:15:18.445879Z"",""no_price_dollars"":""0.4900"",""taker_side"":""no"",""ticker"":""KXBTC15M-26APR281030-30"",""trade_id"":""381f7e53-54da-46ee-b4dc-a94714e655d0"",""yes_price_dollars"":""0.5100""}"
KXBTC15M-26APR281030-30,d502ae46-2a8d-67fb-fecd-12b700d5a28a,1777385718,0.52,5.0,yes,"{""count_fp"":""5.00"",""created_time"":""2026-04-28T14:15:18.118242Z"",""no_price_dollars"":""0.4800"",""taker_side"":""yes"",""ticker"":""KXBTC15M-26APR281030-30"",""trade_id"":""d502ae46-2a8d-67fb-fecd-12b700d5a28a"",""yes_price_dollars"":""0.5200""}"
KXBTC15M-26APR281030-30,4dc18498-5a30-6128-ca75-683d2efafea4,1777385718,0.52,45.0,yes,"{""count_fp"":""45.00"",""created_time"":""2026-04-28T14:15:18.118242Z"",""no_price_dollars"":""0.4800"",""taker_side"":""yes"",""ticker"":""KXBTC15M-26APR281030-30"",""trade_id"":""4dc18498-5a30-6128-ca75-683d2efafea4"",""yes_price_dollars"":""0.5200""}"
KXBTC15M-26APR281030-30,78f6681c-1a0d-53be-f28b-b3da1d8013bf,1777385718,0.51,10.0,no,"{""count_fp"":""10.00"",""created_time"":""2026-04-28T14:15:18.028386Z"",""no_price_dollars"":""0.4900"",""taker_side"":""no"",""ticker"":""KXBTC15M-26APR281030-30"",""trade_id"":""78f6681c-1a0d-53be-f28b-b3da1d8013bf"",""yes_price_dollars"":""0.5100""}"
KXBTC15M-26APR281030-30,57bac303-a64f-521b-e8b7-d52d3588ce9f,1777385718,0.5,6.71,no,"{""count_fp"":""6.71"",""created_time"":""2026-04-28T14:15:18.028386Z"",""no_price_dollars"":""0.5000"",""taker_side"":""no"",""ticker"":""KXBTC15M-26APR281030-30"",""trade_id"":""57bac303-a64f-521b-e8b7-d52d3588ce9f"",""yes_price_dollars"":""0.5000""}"
KXBTC15M-26APR281030-30,4efbc26b-7ad6-5966-c279-4f4d288a08fe,1777385718,0.51,20.0,no,"{""count_fp"":""20.00"",""created_time"":""2026-04-28T14:15:18.028386Z"",""no_price_dollars"":""0.4900"",""taker_side"":""no"",""ticker"":""KXBTC15M-26APR281030-30"",""trade_id"":""4efbc26b-7ad6-5966-c279-4f4d288a08fe"",""yes_price_dollars"":""0.5100""}"
KXBTC15M-26APR281030-30,9d9f10fa-fd2c-5679-46ae-6360415ce6d4,1777385719,0.5,1.0,no,"{""count_fp"":""1.00"",""created_time"":""2026-04-28T14:15:19.736247Z"",""no_price_dollars"":""0.5000"",""taker_side"":""no"",""ticker"":""KXBTC15M-26APR281030-30"",""trade_id"":""9d9f10fa-fd2c-5679-46ae-6360415ce6d4"",""yes_price_dollars"":""0.5000""}"
KXBTC15M-26APR281030-30,603e27d0-5245-5968-5712-c40541e973f7,1777385719,0.5,16.76,no,"{""count_fp"":""16.76"",""created_time"":""2026-04-28T14:15:19.736247Z"",""no_price_dollars"":""0.5000"",""taker_side"":""no"",""ticker"":""KXBTC15M-26APR281030-30"",""trade_id"":""603e27d0-5245-5968-5712-c40541e973f7"",""yes_price_dollars"":""0.5000""}"
KXBTC15M-26APR281030-30,41042ee2-7f57-5101-6afb-51d4bc341d8e,1777385719,0.5,2.26,no,"{""count_fp"":""2.26"",""created_time"":""2026-04-28T14:15:19.736247Z"",""no_price_dollars"":""0.5000"",""taker_side"":""no"",""ticker"":""KXBTC15M-26APR281030-30"",""trade_id"":""41042ee2-7f57-5101-6afb-51d4bc341d8e"",""yes_price_dollars"":""0.5000""}"
KXBTC15M-26APR281030-30,2dbe7fa7-f3f5-4a60-888b-b00a3140cd6b,1777385719,0.5,30.62,no,"{""count_fp"":""30.62"",""created_time"":""2026-04-28T14:15:19.718958Z"",""no_price_dollars"":""0.5000"",""taker_side"":""no"",""ticker"":""KXBTC15M-26APR281030-30"",""trade_id"":""2dbe7fa7-f3f5-4a60-888b-b00a3140cd6b"",""yes_price_dollars"":""0.5000""}"
KXBTC15M-26APR281030-30,2c998130-039d-7104-d02f-ed688a6dd94b,1777385719,0.5,28.36,no,"{""count_fp"":""28.36"",""created_time"":""2026-04-28T14:15:19.706254Z"",""no_price_dollars"":""0.5000"",""taker_side"":""no"",""ticker"":""KXBTC15M-26APR281030-30"",""trade_id"":""2c998130-039d-7104-d02f-ed688a6dd94b"",""yes_price_dollars"":""0.5000""}"
KXBTC15M-26APR281030-30,bba0b123-c019-7e30-0883-1db0ef68e26f,1777385719,0.5,19.62,no,"{""count_fp"":""19.62"",""created_time"":""2026-04-28T14:15:19.361743Z"",""no_price_dollars"":""0.5000"",""taker_side"":""no"",""ticker"":""KXBTC15M-26APR281030-30"",""trade_id"":""bba0b123-c019-7e30-0883-1db0ef68e26f"",""yes_price_dollars"":""0.5000""}"
KXBTC15M-26APR281030-30,733e0259-a4a7-71eb-1cb6-09284c26cc67,1777385719,0.5,3.29,no,"{""count_fp"":""3.29"",""created_time"":""2026-04-28T14:15:19.361743Z"",""no_price_dollars"":""0.5000"",""taker_side"":""no"",""ticker"":""KXBTC15M-26APR281030-30"",""trade_id"":""733e0259-a4a7-71eb-1cb6-09284c26cc67"",""yes_price_dollars"":""0.5000""}"
KXBTC15M-26APR281030-30,f1b02783-64aa-6c4b-1845-c0ec40b30789,1777385720,0.5,1.86,yes,"{""count_fp"":""1.86"",""created_time"":""2026-04-28T14:15:20.507417Z"",""no_price_dollars"":""0.5000"",""taker_side"":""yes"",""ticker"":""KXBTC15M-26APR281030-30"",""trade_id"":""f1b02783-64aa-6c4b-1845-c0ec40b30789"",""yes_price_dollars"":""0.5000""}"
KXBTC15M-26APR281030-30,97fe0f76-d21e-663b-d82e-ecf0f2ae6561,1777385720,0.5,0.17,yes,"{""count_fp"":""0.17"",""created_time"":""2026-04-28T14:15:20.325405Z"",""no_price_dollars"":""0.5000"",""taker_side"":""yes"",""ticker"":""KXBTC15M-26APR281030-30"",""trade_id"":""97fe0f76-d21e-663b-d82e-ecf0f2ae6561"",""yes_price_dollars"":""0.5000""}"
KXBTC15M-26APR281030-30,d5dbd84c-68e6-5d98-261b-69556543c97d,1777385720,0.5,3.0,yes,"{""count_fp"":""3.00"",""created_time"":""2026-04-28T14:15:20.054887Z"",""no_price_dollars"":""0.5000"",""taker_side"":""yes"",""ticker"":""KXBTC15M-26APR281030-30"",""trade_id"":""d5dbd84c-68e6-5d98-261b-69556543c97d"",""yes_price_dollars"":""0.5000""}"
KXBTC15M-26APR281030-30,d28537ac-015b-58a7-2ea3-0d092a0e2eab,1777385720,0.5,18.0,yes,"{""count_fp"":""18.00"",""created_time"":""2026-04-28T14:15:20.054887Z"",""no_price_dollars"":""0.5000"",""taker_side"":""yes"",""ticker"":""KXBTC15M-26APR281030-30"",""trade_id"":""d28537ac-015b-58a7-2ea3-0d092a0e2eab"",""yes_price_dollars"":""0.5000""}"
KXBTC15M-26APR281030-30,8b99275f-af2a-7693-72b3-2aa80f255a41,1777385721,0.47,19.32,yes,"{""count_fp"":""19.32"",""created_time"":""2026-04-28T14:15:21.987872Z"",""no_price_dollars"":""0.5300"",""taker_side"":""yes"",""ticker"":""KXBTC15M-26APR281030-30"",""trade_id"":""8b99275f-af2a-7693-72b3-2aa80f255a41"",""yes_price_dollars"":""0.4700""}"
KXBTC15M-26APR281030-30,aa4ebf78-dae0-44ae-9c6d-8fba6ca2f1c0,1777385721,0.47,29.15,yes,"{""count_fp"":""29.15"",""created_time"":""2026-04-28T14:15:21.882853Z"",""no_price_dollars"":""0.5300"",""taker_side"":""yes"",""ticker"":""KXBTC15M-26APR281030-30"",""trade_id"":""aa4ebf78-dae0-44ae-9c6d-8fba6ca2f1c0"",""yes_price_dollars"":""0.4700""}"
KXBTC15M-26APR281030-30,028e7be7-2912-482f-ba03-11c612bcec61,1777385721,0.47,67.46,yes,"{""count_fp"":""67.46"",""created_time"":""2026-04-28T14:15:21.882853Z"",""no_price_dollars"":""0.5300"",""taker_side"":""yes"",""ticker"":""KXBTC15M-26APR281030-30"",""trade_id"":""028e7be7-2912-482f-ba03-11c612bcec61"",""yes_price_dollars"":""0.4700""}"
KXBTC15M-26APR281030-30,a7e2dff5-aa90-495e-c4d4-6243772e6f8c,1777385721,0.47,1.0,yes,"{""count_fp"":""1.00"",""created_time"":""2026-04-28T14:15:21.691804Z"",""no_price_dollars"":""0.5300"",""taker_side"":""yes"",""ticker"":""KXBTC15M-26APR281030-30"",""trade_id"":""a7e2dff5-aa90-495e-c4d4-6243772e6f8c"",""yes_price_dollars"":""0.4700""}"
KXBTC15M-26APR281030-30,1ed22e4d-0cd8-5d1a-bbf5-7e63ea2b8bd4,1777385721,0.47,9.85,yes,"{""count_fp"":""9.85"",""created_time"":""2026-04-28T14:15:21.435677Z"",""no_price_dollars"":""0.5300"",""taker_side"":""yes"",""ticker"":""KXBTC15M-26APR281030-30"",""trade_id"":""1ed22e4d-0cd8-5d1a-bbf5-7e63ea2b8bd4"",""yes_price_dollars"":""0.4700""}"
KXBTC15M-26APR281030-30,f9e9ff6b-7fb0-6d60-e1c1-ac85d3f3d87d,1777385721,0.46,1.0,no,"{""count_fp"":""1.00"",""created_time"":""2026-04-28T14:15:21.147186Z"",""no_price_dollars"":""0.5400"",""taker_side"":""no"",""ticker"":""KXBTC15M-26APR281030-30"",""trade_id"":""f9e9ff6b-7fb0-6d60-e1c1-ac85d3f3d87d"",""yes_price_dollars"":""0.4600""}"
KXBTC15M-26APR281030-30,ba3756a8-fcbe-6d93-cdfb-a906ae335901,1777385721,0.46,18.33,no,"{""count_fp"":""18.33"",""created_time"":""2026-04-28T14:15:21.147186Z"",""no_price_dollars"":""0.5400"",""taker_side"":""no"",""ticker"":""KXBTC15M-26APR281030-30"",""trade_id"":""ba3756a8-fcbe-6d93-cdfb-a906ae335901"",""yes_price_dollars"":""0.4600""}"
KXBTC15M-26APR281030-30,89526763-1610-60d2-f9df-d11ca1aef336,1777385721,0.46,43.42,no,"{""count_fp"":""43.42"",""created_time"":""2026-04-28T14:15:21.147186Z"",""no_price_dollars"":""0.5400"",""taker_side"":""no"",""ticker"":""KXBTC15M-26APR281030-30"",""trade_id"":""89526763-1610-60d2-f9df-d11ca1aef336"",""yes_price_dollars"":""0.4600""}"
KXBTC15M-26APR281030-30,c99de271-efd6-45af-f606-8e440eb56825,1777385721,0.46,11.67,no,"{""count_fp"":""11.67"",""created_time"":""2026-04-28T14:15:21.146576Z"",""no_price_dollars"":""0.5400"",""taker_side"":""no"",""ticker"":""KXBTC15M-26APR281030-30"",""trade_id"":""c99de271-efd6-45af-f606-8e440eb56825"",""yes_price_dollars"":""0.4600""}"
KXBTC15M-26APR281030-30,8f81e80c-51f5-463a-ec59-6ebf905beea0,1777385721,0.46,1.0,no,"{""count_fp"":""1.00"",""created_time"":""2026-04-28T14:15:21.146576Z"",""no_price_dollars"":""0.5400"",""taker_side"":""no"",""ticker"":""KXBTC15M-26APR281030-30"",""trade_id"":""8f81e80c-51f5-463a-ec59-6ebf905beea0"",""yes_price_dollars"":""0.4600""}"
KXBTC15M-26APR281030-30,67231702-c806-456c-c804-8b606c926896,1777385721,0.47,30.0,no,"{""count_fp"":""30.00"",""created_time"":""2026-04-28T14:15:21.146576Z"",""no_price_dollars"":""0.5300"",""taker_side"":""no"",""ticker"":""KXBTC15M-26APR281030-30"",""trade_id"":""67231702-c806-456c-c804-8b606c926896"",""yes_price_dollars"":""0.4700""}"
KXBTC15M-26APR281030-30,8d72273d-b998-43d2-13a1-a4a9d0a25d48,1777385721,0.48,100.0,no,"{""count_fp"":""100.00"",""created_time"":""2026-04-28T14:15:21.076203Z"",""no_price_dollars"":""0.5200"",""taker_side"":""no"",""ticker"":""KXBTC15M-26APR281030-30"",""trade_id"":""8d72273d-b998-43d2-13a1-a4a9d0a25d48"",""yes_price_dollars"":""0.4800""}"
KXBTC15M-26APR281030-30,7fcd55ae-e96f-44e1-1295-53b303b6b4f3,1777385721,0.48,30.0,no,"{""count_fp"":""30.00"",""created_time"":""2026-04-28T14:15:21.076203Z"",""no_price_dollars"":""0.5200"",""taker_side"":""no"",""ticker"":""KXBTC15M-26APR281030-30"",""trade_id"":""7fcd55ae-e96f-44e1-1295-53b303b6b4f3"",""yes_price_dollars"":""0.4800""}"
KXBTC15M-26APR281030-30,63032553-c3f0-465c-220c-f06ddea0379d,1777385721,0.48,2.36,no,"{""count_fp"":""2.36"",""created_time"":""2026-04-28T14:15:21.076203Z"",""no_price_dollars"":""0.5200"",""taker_side"":""no"",""ticker"":""KXBTC15M-26APR281030-30"",""trade_id"":""63032553-c3f0-465c-220c-f06ddea0379d"",""yes_price_dollars"":""0.4800""}"
KXBTC15M-26APR281030-30,a292613e-bf13-7ea8-1444-bc2bc9060561,1777385721,0.49,13.79,no,"{""count_fp"":""13.79"",""created_time"":""2026-04-28T14:15:21.037372Z"",""no_price_dollars"":""0.5100"",""taker_side"":""no"",""ticker"":""KXBTC15M-26APR281030-30"",""trade_id"":""a292613e-bf13-7ea8-1444-bc2bc9060561"",""yes_price_dollars"":""0.4900""}"
KXBTC15M-26APR281030-30,a1b8baac-928c-5f9a-f6b7-89d907195832,1777385721,0.49,4.0,no,"{""count_fp"":""4.00"",""created_time"":""2026-04-28T14:15:21.037196Z"",""no_price_dollars"":""0.5100"",""taker_side"":""no"",""ticker"":""KXBTC15M-26APR281030-30"",""trade_id"":""a1b8baac-928c-5f9a-f6b7-89d907195832"",""yes_price_dollars"":""0.4900""}"
KXBTC15M-26APR281030-30,724d4f3f-322e-5c89-dde3-dfbf3285ad90,1777385721,0.49,20.11,no,"{""count_fp"":""20.11"",""created_time"":""2026-04-28T14:15:21.037196Z"",""no_price_dollars"":""0.5100"",""taker_side"":""no"",""ticker"":""KXBTC15M-26APR281030-30"",""trade_id"":""724d4f3f-322e-5c89-dde3-dfbf3285ad90"",""yes_price_dollars"":""0.4900""}"
KXBTC15M-26APR281030-30,56f3948b-74c7-551c-fe57-53495f09d8f1,1777385721,0.49,16.21,no,"{""count_fp"":""16.21"",""created_time"":""2026-04-28T14:15:21.037196Z"",""no_price_dollars"":""0.5100"",""taker_side"":""no"",""ticker"":""KXBTC15M-26APR281030-30"",""trade_id"":""56f3948b-74c7-551c-fe57-53495f09d8f1"",""yes_price_dollars"":""0.4900""}"
KXBTC15M-26APR281030-30,05264a2f-5aca-5a67-a139-ed3c2fc3531d,1777385722,0.48,32.16,yes,"{""count_fp"":""32.16"",""created_time"":""2026-04-28T14:15:22.930635Z"",""no_price_dollars"":""0.5200"",""taker_side"":""yes"",""ticker"":""KXBTC15M-26APR281030-30"",""trade_id"":""05264a2f-5aca-5a67-a139-ed3c2fc3531d"",""yes_price_dollars"":""0.4800""}"
KXBTC15M-26APR281030-30,49ecdb89-85dd-745b-c3b8-eccffd5a06dc,1777385722,0.48,25.98,yes,"{""count_fp"":""25.98"",""created_time"":""2026-04-28T14:15:22.082071Z"",""no_price_dollars"":""0.5200"",""taker_side"":""yes"",""ticker"":""KXBTC15M-26APR281030-30"",""trade_id"":""49ecdb89-85dd-745b-c3b8-eccffd5a06dc"",""yes_price_dollars"":""0.4800""}"
KXBTC15M-26APR281030-30,141bd6a6-3d6b-73ed-cf12-272c3ea8896a,1777385722,0.48,3.0,yes,"{""count_fp"":""3.00"",""created_time"":""2026-04-28T14:15:22.082071Z"",""no_price_dollars"":""0.5200"",""taker_side"":""yes"",""ticker"":""KXBTC15M-26APR281030-30"",""trade_id"":""141bd6a6-3d6b-73ed-cf12-272c3ea8896a"",""yes_price_dollars"":""0.4800""}"
KXBTC15M-26APR281030-30,cb4fab4c-afd0-643d-595f-fb12b15089cf,1777385722,0.47,50.0,yes,"{""count_fp"":""50.00"",""created_time"":""2026-04-28T14:15:22.079082Z"",""no_price_dollars"":""0.5300"",""taker_side"":""yes"",""ticker"":""KXBTC15M-26APR281030-30"",""trade_id"":""cb4fab4c-afd0-643d-595f-fb12b15089cf"",""yes_price_dollars"":""0.4700""}"
KXBTC15M-26APR281030-30,bbc4b57f-c17e-4a43-9545-f34eceecc2d5,1777385722,0.47,25.8,yes,"{""count_fp"":""25.80"",""created_time"":""2026-04-28T14:15:22.061364Z"",""no_price_dollars"":""0.5300"",""taker_side"":""yes"",""ticker"":""KXBTC15M-26APR281030-30"",""trade_id"":""bbc4b57f-c17e-4a43-9545-f34eceecc2d5"",""yes_price_dollars"":""0.4700""}"
KXBTC15M-26APR281030-30,99c77127-e55f-6fbd-ada9-f0d39df58d87,1777385723,0.47,2.47,no,"{""count_fp"":""2.47"",""created_time"":""2026-04-28T14:15:23.886248Z"",""no_price_dollars"":""0.5300"",""taker_side"":""no"",""ticker"":""KXBTC15M-26APR281030-30"",""trade_id"":""99c77127-e55f-6fbd-ada9-f0d39df58d87"",""yes_price_dollars"":""0.4700""}"
KXBTC15M-26APR281030-30,71e84212-fc73-6042-948f-d0951e28e30a,1777385723,0.47,118.04,no,"{""count_fp"":""118.04"",""created_time"":""2026-04-28T14:15:23.886248Z"",""no_price_dollars"":""0.5300"",""taker_side"":""no"",""ticker"":""KXBTC15M-26APR281030-30"",""trade_id"":""71e84212-fc73-6042-948f-d0951e28e30a"",""yes_price_dollars"":""0.4700""}"
KXBTC15M-26APR281030-30,64d67879-a380-68cc-acb9-b2a327b6eb22,1777385723,0.47,40.0,no,"{""count_fp"":""40.00"",""created_time"":""2026-04-28T14:15:23.886248Z"",""no_price_dollars"":""0.5300"",""taker_side"":""no"",""ticker"":""KXBTC15M-26APR281030-30"",""trade_id"":""64d67879-a380-68cc-acb9-b2a327b6eb22"",""yes_price_dollars"":""0.4700""}"
KXBTC15M-26APR281030-30,460ad1eb-724e-60eb-8c36-e285443265d6,1777385723,0.47,43.41,no,"{""count_fp"":""43.41"",""created_time"":""2026-04-28T14:15:23.886248Z"",""no_price_dollars"":""0.5300"",""taker_side"":""no"",""ticker"":""KXBTC15M-26APR281030-30"",""trade_id"":""460ad1eb-724e-60eb-8c36-e285443265d6"",""yes_price_dollars"":""0.4700""}"
KXBTC15M-26APR281030-30,443030e7-cd02-409b-e586-9084640a0285,1777385723,0.48,5.9,yes,"{""count_fp"":""5.90"",""created_time"":""2026-04-28T14:15:23.837627Z"",""no_price_dollars"":""0.5200"",""taker_side"":""yes"",""ticker"":""KXBTC15M-26APR281030-30"",""trade_id"":""443030e7-cd02-409b-e586-9084640a0285"",""yes_price_dollars"":""0.4800""}"
KXBTC15M-26APR281030-30,aee57821-5e8a-54d0-5060-fa05a132e49f,1777385723,0.47,11.0,no,"{""count_fp"":""11.00"",""created_time"":""2026-04-28T14:15:23.548509Z"",""no_price_dollars"":""0.5300"",""taker_side"":""no"",""ticker"":""KXBTC15M-26APR281030-30"",""trade_id"":""aee57821-5e8a-54d0-5060-fa05a132e49f"",""yes_price_dollars"":""0.4700""}"
KXBTC15M-26APR281030-30,a940bdd0-9c33-5f09-6d4c-e8413c840fe7,1777385723,0.47,5.53,no,"{""count_fp"":""5.53"",""created_time"":""2026-04-28T14:15:23.548509Z"",""no_price_dollars"":""0.5300"",""taker_side"":""no"",""ticker"":""KXBTC15M-26APR281030-30"",""trade_id"":""a940bdd0-9c33-5f09-6d4c-e8413c840fe7"",""yes_price_dollars"":""0.4700""}"
KXBTC15M-26APR281030-30,4c0c8c4a-cbc5-58a0-7785-be92aca68d2f,1777385723,0.47,20.0,no,"{""count_fp"":""20.00"",""created_time"":""2026-04-28T14:15:23.548509Z"",""no_price_dollars"":""0.5300"",""taker_side"":""no"",""ticker"":""KXBTC15M-26APR281030-30"",""trade_id"":""4c0c8c4a-cbc5-58a0-7785-be92aca68d2f"",""yes_price_dollars"":""0.4700""}"
KXBTC15M-26APR281030-30,fc11db04-8e5e-411b-d17b-ec0ab047b0e9,1777385723,0.48,8.0,yes,"{""count_fp"":""8.00"",""created_time"":""2026-04-28T14:15:23.525522Z"",""no_price_dollars"":""0.5200"",""taker_side"":""yes"",""ticker"":""KXBTC15M-26APR281030-30"",""trade_id"":""fc11db04-8e5e-411b-d17b-ec0ab047b0e9"",""yes_price_dollars"":""0.4800""}"
KXBTC15M-26APR281030-30,d19edc8a-5bfa-6a8c-f05f-6c51d4f6a43b,1777385723,0.47,29.0,no,"{""count_fp"":""29.00"",""created_time"":""2026-04-28T14:15:23.378153Z"",""no_price_dollars"":""0.5300"",""taker_side"":""no"",""ticker"":""KXBTC15M-26APR281030-30"",""trade_id"":""d19edc8a-5bfa-6a8c-f05f-6c51d4f6a43b"",""yes_price_dollars"":""0.4700""}"
KXBTC15M-26APR281030-30,4415d1a0-bbf6-6673-4fa6-6913caca1939,1777385723,0.48,12.5,yes,"{""count_fp"":""12.50"",""created_time"":""2026-04-28T14:15:23.370435Z"",""no_price_dollars"":""0.5200"",""taker_side"":""yes"",""ticker"":""KXBTC15M-26APR281030-30"",""trade_id"":""4415d1a0-bbf6-6673-4fa6-6913caca1939"",""yes_price_dollars"":""0.4800""}"
KXBTC15M-26APR281030-30,9ea7a53d-056a-5b2f-ca02-55c02d81e099,1777385723,0.48,31.0,yes,"{""count_fp"":""31.00"",""created_time"":""2026-04-28T14:15:23.046604Z"",""no_price_dollars"":""0.5200"",""taker_side"":""yes"",""ticker"":""KXBTC15M-26APR281030-30"",""trade_id"":""9ea7a53d-056a-5b2f-ca02-55c02d81e099"",""yes_price_dollars"":""0.4800""}"
KXBTC15M-26APR281030-30,8ea1a220-2712-574f-9357-df101dc5651d,1777385724,0.48,6.0,yes,"{""count_fp"":""6.00"",""created_time"":""2026-04-28T14:15:24.755218Z"",""no_price_dollars"":""0.5200"",""taker_side"":""yes"",""ticker"":""KXBTC15M-26APR281030-30"",""trade_id"":""8ea1a220-2712-574f-9357-df101dc5651d"",""yes_price_dollars"":""0.4800""}"
KXBTC15M-26APR281030-30,bb949b93-5eda-565b-0005-051c682ac069,1777385724,0.48,50.24,yes,"{""count_fp"":""50.24"",""created_time"":""2026-04-28T14:15:24.704484Z"",""no_price_dollars"":""0.5200"",""taker_side"":""yes"",""ticker"":""KXBTC15M-26APR281030-30"",""trade_id"":""bb949b93-5eda-565b-0005-051c682ac069"",""yes_price_dollars"":""0.4800""}"
KXBTC15M-26APR281030-30,89e0607d-f19e-603b-b54e-b2ee7d380de1,1777385724,0.48,2.01,yes,"{""count_fp"":""2.01"",""created_time"":""2026-04-28T14:15:24.667456Z"",""no_price_dollars"":""0.5200"",""taker_side"":""yes"",""ticker"":""KXBTC15M-26APR281030-30"",""trade_id"":""89e0607d-f19e-603b-b54e-b2ee7d380de1"",""yes_price_dollars"":""0.4800""}"
KXBTC15M-26APR281030-30,0e4f9618-3d46-7f13-d0fc-4ebb56331ab1,1777385725,0.48,60.3,yes,"{""count_fp"":""60.30"",""created_time"":""2026-04-28T14:15:25.629949Z"",""no_price_dollars"":""0.5200"",""taker_side"":""yes"",""ticker"":""KXBTC15M-26APR281030-30"",""trade_id"":""0e4f9618-3d46-7f13-d0fc-4ebb56331ab1"",""yes_price_dollars"":""0.4800""}"
KXBTC15M-26APR281030-30,5f86f586-698e-745f-6bc4-52c3dd8bbb75,1777385725,0.48,15.0,yes,"{""count_fp"":""15.00"",""created_time"":""2026-04-28T14:15:25.581246Z"",""no_price_dollars"":""0.5200"",""taker_side"":""yes"",""ticker"":""KXBTC15M-26APR281030-30"",""trade_id"":""5f86f586-698e-745f-6bc4-52c3dd8bbb75"",""yes_price_dollars"":""0.4800""}"
KXBTC15M-26APR281030-30,8ba916df-7c1a-57f3-f3bd-42abeff307e1,1777385725,0.48,0.2,yes,"{""count_fp"":""0.20"",""created_time"":""2026-04-28T14:15:25.400062Z"",""no_price_dollars"":""0.5200"",""taker_side"":""yes"",""ticker"":""KXBTC15M-26APR281030-30"",""trade_id"":""8ba916df-7c1a-57f3-f3bd-42abeff307e1"",""yes_price_dollars"":""0.4800""}"
KXBTC15M-26APR281030-30,edec31bf-c4f9-6fdd-47e7-be8ce098c145,1777385726,0.45,40.0,no,"{""count_fp"":""40.00"",""created_time"":""2026-04-28T14:15:26.818528Z"",""no_price_dollars"":""0.5500"",""taker_side"":""no"",""ticker"":""KXBTC15M-26APR281030-30"",""trade_id"":""edec31bf-c4f9-6fdd-47e7-be8ce098c145"",""yes_price_dollars"":""0.4500""}"
KXBTC15M-26APR281030-30,e8b3e102-c1a2-6802-42bd-de955a7c7c58,1777385726,0.46,40.0,no,"{""count_fp"":""40.00"",""created_time"":""2026-04-28T14:15:26.818528Z"",""no_price_dollars"":""0.5400"",""taker_side"":""no"",""ticker"":""KXBTC15M-26APR281030-30"",""trade_id"":""e8b3e102-c1a2-6802-42bd-de955a7c7c58"",""yes_price_dollars"":""0.4600""}"
KXBTC15M-26APR281030-30,b495afe4-d764-6cd6-4f48-babbe0886d6a,1777385726,0.46,65.84,no,"{""count_fp"":""65.84"",""created_time"":""2026-04-28T14:15:26.818528Z"",""no_price_dollars"":""0.5400"",""taker_side"":""no"",""ticker"":""KXBTC15M-26APR281030-30"",""trade_id"":""b495afe4-d764-6cd6-4f48-babbe0886d6a"",""yes_price_dollars"":""0.4600""}"
KXBTC15M-26APR281030-30,ac7b7993-15ff-6292-7919-2d173ee69ddd,1777385726,0.45,3.0,no,"{""count_fp"":""3.00"",""created_time"":""2026-04-28T14:15:26.818528Z"",""no_price_dollars"":""0.5500"",""taker_side"":""no"",""ticker"":""KXBTC15M-26APR281030-30"",""trade_id"":""ac7b7993-15ff-6292-7919-2d173ee69ddd"",""yes_price_dollars"":""0.4500""}"
KXBTC15M-26APR281030-30,a154e34b-c596-6fcc-4960-c8591ec6f7fc,1777385726,0.45,1.0,no,"{""count_fp"":""1.00"",""created_time"":""2026-04-28T14:15:26.818528Z"",""no_price_dollars"":""0.5500"",""taker_side"":""no"",""ticker"":""KXBTC15M-26APR281030-30"",""trade_id"":""a154e34b-c596-6fcc-4960-c8591ec6f7fc"",""yes_price_dollars"":""0.4500""}"
KXBTC15M-26APR281030-30,9c3d85c5-c6f4-6e7c-6941-1966b4edb7f8,1777385726,0.45,1.0,no,"{""count_fp"":""1.00"",""created_time"":""2026-04-28T14:15:26.818528Z"",""no_price_dollars"":""0.5500"",""taker_side"":""no"",""ticker"":""KXBTC15M-26APR281030-30"",""trade_id"":""9c3d85c5-c6f4-6e7c-6941-1966b4edb7f8"",""yes_price_dollars"":""0.4500""}"
KXBTC15M-26APR281030-30,8a970344-33dc-6648-6103-b8330470ea48,1777385726,0.46,3.0,no,"{""count_fp"":""3.00"",""created_time"":""2026-04-28T14:15:26.818528Z"",""no_price_dollars"":""0.5400"",""taker_side"":""no"",""ticker"":""KXBTC15M-26APR281030-30"",""trade_id"":""8a970344-33dc-6648-6103-b8330470ea48"",""yes_price_dollars"":""0.4600""}"
KXBTC15M-26APR281030-30,51b01924-f47f-6d09-5ab1-9d164deb9f73,1777385726,0.45,3.0,no,"{""count_fp"":""3.00"",""created_time"":""2026-04-28T14:15:26.818528Z"",""no_price_dollars"":""0.5500"",""taker_side"":""no"",""ticker"":""KXBTC15M-26APR281030-30"",""trade_id"":""51b01924-f47f-6d09-5ab1-9d164deb9f73"",""yes_price_dollars"":""0.4500""}"
KXBTC15M-26APR281030-30,20d64657-bd80-645b-66e3-f7d05b73a2d6,1777385726,0.46,3.0,no,"{""count_fp"":""3.00"",""created_time"":""2026-04-28T14:15:26.818528Z"",""no_price_dollars"":""0.5400"",""taker_side"":""no"",""ticker"":""KXBTC15M-26APR281030-30"",""trade_id"":""20d64657-bd80-645b-66e3-f7d05b73a2d6"",""yes_price_dollars"":""0.4600""}"
KXBTC15M-26APR281030-30,08c0d5ae-3767-639e-7dae-992733935f3a,1777385726,0.45,429.69,no,"{""count_fp"":""429.69"",""created_time"":""2026-04-28T14:15:26.818528Z"",""no_price_dollars"":""0.5500"",""taker_side"":""no"",""ticker"":""KXBTC15M-26APR281030-30"",""trade_id"":""08c0d5ae-3767-639e-7dae-992733935f3a"",""yes_price_dollars"":""0.4500""}"
KXBTC15M-26APR281030-30,0784f7ab-2bf4-6aa8-44f5-391aed863db6,1777385726,0.45,8.0,no,"{""count_fp"":""8.00"",""created_time"":""2026-04-28T14:15:26.818528Z"",""no_price_dollars"":""0.5500"",""taker_side"":""no"",""ticker"":""KXBTC15M-26APR281030-30"",""trade_id"":""0784f7ab-2bf4-6aa8-44f5-391aed863db6"",""yes_price_dollars"":""0.4500""}"
KXBTC15M-26APR281030-30,066f12c2-fff0-60e3-57f9-b8dabecfefde,1777385726,0.46,100.0,no,"{""count_fp"":""100.00"",""created_time"":""2026-04-28T14:15:26.818528Z"",""no_price_dollars"":""0.5400"",""taker_side"":""no"",""ticker"":""KXBTC15M-26APR281030-30"",""trade_id"":""066f12c2-fff0-60e3-57f9-b8dabecfefde"",""yes_price_dollars"":""0.4600""}"
KXBTC15M-26APR281030-30,1afabff9-6266-5cbb-3a44-8af5a39ee1a1,1777385726,0.47,10.05,yes,"{""count_fp"":""10.05"",""created_time"":""2026-04-28T14:15:26.580697Z"",""no_price_dollars"":""0.5300"",""taker_side"":""yes"",""ticker"":""KXBTC15M-26APR281030-30"",""trade_id"":""1afabff9-6266-5cbb-3a44-8af5a39ee1a1"",""yes_price_dollars"":""0.4700""}"
KXBTC15M-26APR281030-30,b64ae89b-21d6-501b-8ac9-abaa3d4d6d91,1777385726,0.47,40.2,yes,"{""count_fp"":""40.20"",""created_time"":""2026-04-28T14:15:26.498951Z"",""no_price_dollars"":""0.5300"",""taker_side"":""yes"",""ticker"":""KXBTC15M-26APR281030-30"",""trade_id"":""b64ae89b-21d6-501b-8ac9-abaa3d4d6d91"",""yes_price_dollars"":""0.4700""}"
KXBTC15M-26APR281030-30,b86bfb60-ad6a-53d7-6f3c-9757d9418949,1777385726,0.47,41.98,yes,"{""count_fp"":""41.98"",""created_time"":""2026-04-28T14:15:26.491763Z"",""no_price_dollars"":""0.5300"",""taker_side"":""yes"",""ticker"":""KXBTC15M-26APR281030-30"",""trade_id"":""b86bfb60-ad6a-53d7-6f3c-9757d9418949"",""yes_price_dollars"":""0.4700""}"
KXBTC15M-26APR281030-30,4d9a59f4-6d55-5155-52e0-dcdbd2843b2b,1777385726,0.47,18.32,yes,"{""count_fp"":""18.32"",""created_time"":""2026-04-28T14:15:26.491763Z"",""no_price_dollars"":""0.5300"",""taker_side"":""yes"",""ticker"":""KXBTC15M-26APR281030-30"",""trade_id"":""4d9a59f4-6d55-5155-52e0-dcdbd2843b2b"",""yes_price_dollars"":""0.4700""}"
KXBTC15M-26APR281030-30,e626b361-31cc-64be-03f0-b9a6a66d3706,1777385726,0.46,10.74,no,"{""count_fp"":""10.74"",""created_time"":""2026-04-28T14:15:26.475458Z"",""no_price_dollars"":""0.5400"",""taker_side"":""no"",""ticker"":""KXBTC15M-26APR281030-30"",""trade_id"":""e626b361-31cc-64be-03f0-b9a6a66d3706"",""yes_price_dollars"":""0.4600""}"
KXBTC15M-26APR281030-30,57e656cf-cd1f-77fe-5605-7ead38367bd9,1777385726,0.47,17.0,no,"{""count_fp"":""17.00"",""created_time"":""2026-04-28T14:15:26.096001Z"",""no_price_dollars"":""0.5300"",""taker_side"":""no"",""ticker"":""KXBTC15M-26APR281030-30"",""trade_id"":""57e656cf-cd1f-77fe-5605-7ead38367bd9"",""yes_price_dollars"":""0.4700""}"
KXBTC15M-26APR281030-30,4e8da393-0a13-712d-4d00-815345cf7acc,1777385726,0.47,1.68,no,"{""count_fp"":""1.68"",""created_time"":""2026-04-28T14:15:26.096001Z"",""no_price_dollars"":""0.5300"",""taker_side"":""no"",""ticker"":""KXBTC15M-26APR281030-30"",""trade_id"":""4e8da393-0a13-712d-4d00-815345cf7acc"",""yes_price_dollars"":""0.4700""}"
KXBTC15M-26APR281030-30,4b277894-30fa-7c10-6fdb-39ca6b6e0c99,1777385726,0.47,3.0,no,"{""count_fp"":""3.00"",""created_time"":""2026-04-28T14:15:26.096001Z"",""no_price_dollars"":""0.5300"",""taker_side"":""no"",""ticker"":""KXBTC15M-26APR281030-30"",""trade_id"":""4b277894-30fa-7c10-6fdb-39ca6b6e0c99"",""yes_price_dollars"":""0.4700""}"
KXBTC15M-26APR281030-30,aea7e639-f317-5bed-3751-5bf970aebd70,1777385726,0.47,23.32,no,"{""count_fp"":""23.32"",""created_time"":""2026-04-28T14:15:26.048287Z"",""no_price_dollars"":""0.5300"",""taker_side"":""no"",""ticker"":""KXBTC15M-26APR281030-30"",""trade_id"":""aea7e639-f317-5bed-3751-5bf970aebd70"",""yes_price_dollars"":""0.4700""}"
KXBTC15M-26APR281030-30,7b53aeae-ed8f-7ea3-99f7-7782b7113c77,1777385727,0.46,22.88,no,"{""count_fp"":""22.88"",""created_time"":""2026-04-28T14:15:27.950339Z"",""no_price_dollars"":""0.5400"",""taker_side"":""no"",""ticker"":""KXBTC15M-26APR281030-30"",""trade_id"":""7b53aeae-ed8f-7ea3-99f7-7782b7113c77"",""yes_price_dollars"":""0.4600""}"
KXBTC15M-26APR281030-30,9d3b719f-f82b-7a6f-e9e4-05d8d05c210b,1777385727,0.46,3.02,no,"{""count_fp"":""3.02"",""created_time"":""2026-04-28T14:15:27.841512Z"",""no_price_dollars"":""0.5400"",""taker_side"":""no"",""ticker"":""KXBTC15M-26APR281030-30"",""trade_id"":""9d3b719f-f82b-7a6f-e9e4-05d8d05c210b"",""yes_price_dollars"":""0.4600""}"
KXBTC15M-26APR281030-30,8d8cfa75-f7e3-7d05-d567-e1f984748e84,1777385727,0.46,3.0,no,"{""count_fp"":""3.00"",""created_time"":""2026-04-28T14:15:27.841512Z"",""no_price_dollars"":""0.5400"",""taker_side"":""no"",""ticker"":""KXBTC15M-26APR281030-30"",""trade_id"":""8d8cfa75-f7e3-7d05-d567-e1f984748e84"",""yes_price_dollars"":""0.4600""}"
KXBTC15M-26APR281030-30,98ddc781-1f57-6cff-c0f7-e4358e45ddc6,1777385727,0.47,10.05,yes,"{""count_fp"":""10.05"",""created_time"":""2026-04-28T14:15:27.838799Z"",""no_price_dollars"":""0.5300"",""taker_side"":""yes"",""ticker"":""KXBTC15M-26APR281030-30"",""trade_id"":""98ddc781-1f57-6cff-c0f7-e4358e45ddc6"",""yes_price_dollars"":""0.4700""}"
KXBTC15M-26APR281030-30,175914a9-c947-573b-2663-dc7434f4b5de,1777385727,0.47,50.25,yes,"{""count_fp"":""50.25"",""created_time"":""2026-04-28T14:15:27.225098Z"",""no_price_dollars"":""0.5300"",""taker_side"":""yes"",""ticker"":""KXBTC15M-26APR281030-30"",""trade_id"":""175914a9-c947-573b-2663-dc7434f4b5de"",""yes_price_dollars"":""0.4700""}"
KXBTC15M-26APR281030-30,bf817789-fe91-45ef-c70f-e76ef89d056b,1777385727,0.47,18.0,yes,"{""count_fp"":""18.00"",""created_time"":""2026-04-28T14:15:27.018527Z"",""no_price_dollars"":""0.5300"",""taker_side"":""yes"",""ticker"":""KXBTC15M-26APR281030-30"",""trade_id"":""bf817789-fe91-45ef-c70f-e76ef89d056b"",""yes_price_dollars"":""0.4700""}"
KXBTC15M-26APR281030-30,9bca3ea1-a133-4ebb-f6a7-8845b937b01a,1777385727,0.47,32.0,yes,"{""count_fp"":""32.00"",""created_time"":""2026-04-28T14:15:27.018527Z"",""no_price_dollars"":""0.5300"",""taker_side"":""yes"",""ticker"":""KXBTC15M-26APR281030-30"",""trade_id"":""9bca3ea1-a133-4ebb-f6a7-8845b937b01a"",""yes_price_dollars"":""0.4700""}"
KXBTC15M-26APR281030-30,c12abac3-b5c4-794e-7062-9bf13c322ea2,1777385728,0.45,17.0,no,"{""count_fp"":""17.00"",""created_time"":""2026-04-28T14:15:28.822041Z"",""no_price_dollars"":""0.5500"",""taker_side"":""no"",""ticker"":""KXBTC15M-26APR281030-30"",""trade_id"":""c12abac3-b5c4-794e-7062-9bf13c322ea2"",""yes_price_dollars"":""0.4500""}"
KXBTC15M-26APR281030-30,1345d7f9-4044-74dd-e563-bf618647c0e8,1777385728,0.46,36.92,yes,"{""count_fp"":""36.92"",""created_time"":""2026-04-28T14:15:28.471217Z"",""no_price_dollars"":""0.5400"",""taker_side"":""yes"",""ticker"":""KXBTC15M-26APR281030-30"",""trade_id"":""1345d7f9-4044-74dd-e563-bf618647c0e8"",""yes_price_dollars"":""0.4600""}"
KXBTC15M-26APR281030-30,3635ffdc-05cb-5ef9-cfce-2dcc40ebc8cb,1777385728,0.46,69.33,no,"{""count_fp"":""69.33"",""created_time"":""2026-04-28T14:15:28.246107Z"",""no_price_dollars"":""0.5400"",""taker_side"":""no"",""ticker"":""KXBTC15M-26APR281030-30"",""trade_id"":""3635ffdc-05cb-5ef9-cfce-2dcc40ebc8cb"",""yes_price_dollars"":""0.4600""}"
KXBTC15M-26APR281030-30,34788d03-f363-7531-f015-b16590554467,1777385728,0.46,30.67,no,"{""count_fp"":""30.67"",""created_time"":""2026-04-28T14:15:28.245392Z"",""no_price_dollars"":""0.5400"",""taker_side"":""no"",""ticker"":""KXBTC15M-26APR281030-30"",""trade_id"":""34788d03-f363-7531-f015-b16590554467"",""yes_price_dollars"":""0.4600""}"
KXBTC15M-26APR281030-30,00fbd9cd-77b6-7a86-e4ab-f05d1b203874,1777385728,0.46,23.24,no,"{""count_fp"":""23.24"",""created_time"":""2026-04-28T14:15:28.245392Z"",""no_price_dollars"":""0.5400"",""taker_side"":""no"",""ticker"":""KXBTC15M-26APR281030-30"",""trade_id"":""00fbd9cd-77b6-7a86-e4ab-f05d1b203874"",""yes_price_dollars"":""0.4600""}"
KXBTC15M-26APR281030-30,c6bd2cda-84af-5ac7-0d94-db7148ede156,1777385728,0.47,10.25,yes,"{""count_fp"":""10.25"",""created_time"":""2026-04-28T14:15:28.205365Z"",""no_price_dollars"":""0.5300"",""taker_side"":""yes"",""ticker"":""KXBTC15M-26APR281030-30"",""trade_id"":""c6bd2cda-84af-5ac7-0d94-db7148ede156"",""yes_price_dollars"":""0.4700""}"
KXBTC15M-26APR281030-30,7c555484-a7aa-5e76-e2d3-3f787921a2e8,1777385728,0.46,1.76,no,"{""count_fp"":""1.76"",""created_time"":""2026-04-28T14:15:28.155076Z"",""no_price_dollars"":""0.5400"",""taker_side"":""no"",""ticker"":""KXBTC15M-26APR281030-30"",""trade_id"":""7c555484-a7aa-5e76-e2d3-3f787921a2e8"",""yes_price_dollars"":""0.4600""}"
KXBTC15M-26APR281030-30,4fa3d4b4-d3cf-5b0f-fee1-4e0ab72d07c2,1777385729,0.46,2.0,yes,"{""count_fp"":""2.00"",""created_time"":""2026-04-28T14:15:29.949867Z"",""no_price_dollars"":""0.5400"",""taker_side"":""yes"",""ticker"":""KXBTC15M-26APR281030-30"",""trade_id"":""4fa3d4b4-d3cf-5b0f-fee1-4e0ab72d07c2"",""yes_price_dollars"":""0.4600""}"
KXBTC15M-26APR281030-30,f8e7579b-f70d-684d-ddae-bb776d7b1405,1777385729,0.45,14.0,no,"{""count_fp"":""14.00"",""created_time"":""2026-04-28T14:15:29.936537Z"",""no_price_dollars"":""0.5500"",""taker_side"":""no"",""ticker"":""KXBTC15M-26APR281030-30"",""trade_id"":""f8e7579b-f70d-684d-ddae-bb776d7b1405"",""yes_price_dollars"":""0.4500""}"
KXBTC15M-26APR281030-30,f0757cbe-9c37-67b6-fe98-48b1fcd42196,1777385729,0.44,3.0,no,"{""count_fp"":""3.00"",""created_time"":""2026-04-28T14:15:29.936537Z"",""no_price_dollars"":""0.5600"",""taker_side"":""no"",""ticker"":""KXBTC15M-26APR281030-30"",""trade_id"":""f0757cbe-9c37-67b6-fe98-48b1fcd42196"",""yes_price_dollars"":""0.4400""}"
KXBTC15M-26APR281030-30,edf20e89-4f9b-68f6-c828-2da04be1a085,1777385729,0.44,1.0,no,"{""count_fp"":""1.00"",""created_time"":""2026-04-28T14:15:29.936537Z"",""no_price_dollars"":""0.5600"",""taker_side"":""no"",""ticker"":""KXBTC15M-26APR281030-30"",""trade_id"":""edf20e89-4f9b-68f6-c828-2da04be1a085"",""yes_price_dollars"":""0.4400""}"
KXBTC15M-26APR281030-30,b4923af0-4edc-62da-fd8e-bf19d942f3b6,1777385729,0.45,99.82,no,"{""count_fp"":""99.82"",""created_time"":""2026-04-28T14:15:29.936537Z"",""no_price_dollars"":""0.5500"",""taker_side"":""no"",""ticker"":""KXBTC15M-26APR281030-30"",""trade_id"":""b4923af0-4edc-62da-fd8e-bf19d942f3b6"",""yes_price_dollars"":""0.4500""}"
KXBTC15M-26APR281030-30,8e51f981-cf63-6486-d6eb-4fc8a983863d,1777385729,0.44,16.06,no,"{""count_fp"":""16.06"",""created_time"":""2026-04-28T14:15:29.936537Z"",""no_price_dollars"":""0.5600"",""taker_side"":""no"",""ticker"":""KXBTC15M-26APR281030-30"",""trade_id"":""8e51f981-cf63-6486-d6eb-4fc8a983863d"",""yes_price_dollars"":""0.4400""}"
KXBTC15M-26APR281030-30,7e57158f-f096-6582-cecd-99306f291c89,1777385729,0.45,40.0,no,"{""count_fp"":""40.00"",""created_time"":""2026-04-28T14:15:29.936537Z"",""no_price_dollars"":""0.5500"",""taker_side"":""no"",""ticker"":""KXBTC15M-26APR281030-30"",""trade_id"":""7e57158f-f096-6582-cecd-99306f291c89"",""yes_price_dollars"":""0.4500""}"
KXBTC15M-26APR281030-30,32f771ba-a8f0-6803-db05-85b2af582d49,1777385729,0.44,1.0,no,"{""count_fp"":""1.00"",""created_time"":""2026-04-28T14:15:29.936537Z"",""no_price_dollars"":""0.5600"",""taker_side"":""no"",""ticker"":""KXBTC15M-26APR281030-30"",""trade_id"":""32f771ba-a8f0-6803-db05-85b2af582d49"",""yes_price_dollars"":""0.4400""}"
KXBTC15M-26APR281030-30,741974f9-da6c-7f1a-b1e8-6ffef0837cee,1777385729,0.45,25.18,no,"{""count_fp"":""25.18"",""created_time"":""2026-04-28T14:15:29.880727Z"",""no_price_dollars"":""0.5500"",""taker_side"":""no"",""ticker"":""KXBTC15M-26APR281030-30"",""trade_id"":""741974f9-da6c-7f1a-b1e8-6ffef0837cee"",""yes_price_dollars"":""0.4500""}"
KXBTC15M-26APR281030-30,40aeca85-cc17-760b-6b45-9d4945455b2a,1777385729,0.46,6.15,yes,"{""count_fp"":""6.15"",""created_time"":""2026-04-28T14:15:29.802753Z"",""no_price_dollars"":""0.5400"",""taker_side"":""yes"",""ticker"":""KXBTC15M-26APR281030-30"",""trade_id"":""40aeca85-cc17-760b-6b45-9d4945455b2a"",""yes_price_dollars"":""0.4600""}"
KXBTC15M-26APR281030-30,fb150c5b-5af7-62cb-03d1-dee60ca24c0a,1777385729,0.46,20.94,yes,"{""count_fp"":""20.94"",""created_time"":""2026-04-28T14:15:29.507442Z"",""no_price_dollars"":""0.5400"",""taker_side"":""yes"",""ticker"":""KXBTC15M-26APR281030-30"",""trade_id"":""fb150c5b-5af7-62cb-03d1-dee60ca24c0a"",""yes_price_dollars"":""0.4600""}"
KXBTC15M-26APR281030-30,84b3ae01-e427-49fe-5e60-e5e49bd67c4d,1777385730,0.44,1.0,no,"{""count_fp"":""1.00"",""created_time"":""2026-04-28T14:15:30.659326Z"",""no_price_dollars"":""0.5600"",""taker_side"":""no"",""ticker"":""KXBTC15M-26APR281030-30"",""trade_id"":""84b3ae01-e427-49fe-5e60-e5e49bd67c4d"",""yes_price_dollars"":""0.4400""}"
KXBTC15M-26APR281030-30,e1d7142a-cb4b-6127-7355-70c22ba9d61e,1777385730,0.45,12.71,yes,"{""count_fp"":""12.71"",""created_time"":""2026-04-28T14:15:30.602483Z"",""no_price_dollars"":""0.5500"",""taker_side"":""yes"",""ticker"":""KXBTC15M-26APR281030-30"",""trade_id"":""e1d7142a-cb4b-6127-7355-70c22ba9d61e"",""yes_price_dollars"":""0.4500""}"
KXBTC15M-26APR281030-30,7600525d-da84-598c-a6eb-e546645cd269,1777385731,0.45,1.0,no,"{""count_fp"":""1.00"",""created_time"":""2026-04-28T14:15:31.989808Z"",""no_price_dollars"":""0.5500"",""taker_side"":""no"",""ticker"":""KXBTC15M-26APR281030-30"",""trade_id"":""7600525d-da84-598c-a6eb-e546645cd269"",""yes_price_dollars"":""0.4500""}"
KXBTC15M-26APR281030-30,fe8650fc-1a7e-4d37-f737-7e2ea146d250,1777385731,0.46,1.0,yes,"{""count_fp"":""1.00"",""created_time"":""2026-04-28T14:15:31.351811Z"",""no_price_dollars"":""0.5400"",""taker_side"":""yes"",""ticker"":""KXBTC15M-26APR281030-30"",""trade_id"":""fe8650fc-1a7e-4d37-f737-7e2ea146d250"",""yes_price_dollars"":""0.4600""}"
KXBTC15M-26APR281030-30,4f9b3d41-48da-633b-46ed-7a46b1bf4a38,1777385731,0.46,8.0,yes,"{""count_fp"":""8.00"",""created_time"":""2026-04-28T14:15:31.335045Z"",""no_price_dollars"":""0.5400"",""taker_side"":""yes"",""ticker"":""KXBTC15M-26APR281030-30"",""trade_id"":""4f9b3d41-48da-633b-46ed-7a46b1bf4a38"",""yes_price_dollars"":""0.4600""}"
KXBTC15M-26APR281030-30,3a687cd0-5bac-597c-c1a3-e475714692d9,1777385731,0.45,5.82,no,"{""count_fp"":""5.82"",""created_time"":""2026-04-28T14:15:31.327629Z"",""no_price_dollars"":""0.5500"",""taker_side"":""no"",""ticker"":""KXBTC15M-26APR281030-30"",""trade_id"":""3a687cd0-5bac-597c-c1a3-e475714692d9"",""yes_price_dollars"":""0.4500""}"
KXBTC15M-26APR281030-30,314de216-39aa-5957-c5ac-656219cd9f55,1777385731,0.45,36.48,no,"{""count_fp"":""36.48"",""created_time"":""2026-04-28T14:15:31.327629Z"",""no_price_dollars"":""0.5500"",""taker_side"":""no"",""ticker"":""KXBTC15M-26APR281030-30"",""trade_id"":""314de216-39aa-5957-c5ac-656219cd9f55"",""yes_price_dollars"":""0.4500""}"
KXBTC15M-26APR281030-30,4d929dd1-876e-4f1f-ddda-54173d56b715,1777385731,0.45,3.52,no,"{""count_fp"":""3.52"",""created_time"":""2026-04-28T14:15:31.022952Z"",""no_price_dollars"":""0.5500"",""taker_side"":""no"",""ticker"":""KXBTC15M-26APR281030-30"",""trade_id"":""4d929dd1-876e-4f1f-ddda-54173d56b715"",""yes_price_dollars"":""0.4500""}"
KXBTC15M-26APR281030-30,7df49a46-ce3d-41a4-da80-8e4ff3269517,1777385732,0.43,0.29,no,"{""count_fp"":""0.29"",""created_time"":""2026-04-28T14:15:32.914531Z"",""no_price_dollars"":""0.5700"",""taker_side"":""no"",""ticker"":""KXBTC15M-26APR281030-30"",""trade_id"":""7df49a46-ce3d-41a4-da80-8e4ff3269517"",""yes_price_dollars"":""0.4300""}"
KXBTC15M-26APR281030-30,ae0d79e8-1dcb-412b-acbf-ac5667ffc6dc,1777385732,0.44,20.94,yes,"{""count_fp"":""20.94"",""created_time"":""2026-04-28T14:15:32.637693Z"",""no_price_dollars"":""0.5600"",""taker_side"":""yes"",""ticker"":""KXBTC15M-26APR281030-30"",""trade_id"":""ae0d79e8-1dcb-412b-acbf-ac5667ffc6dc"",""yes_price_dollars"":""0.4400""}"
KXBTC15M-26APR281030-30,ca52497b-f1e7-4064-c8b4-dde125eccf86,1777385732,0.43,1.0,no,"{""count_fp"":""1.00"",""created_time"":""2026-04-28T14:15:32.498105Z"",""no_price_dollars"":""0.5700"",""taker_side"":""no"",""ticker"":""KXBTC15M-26APR281030-30"",""trade_id"":""ca52497b-f1e7-4064-c8b4-dde125eccf86"",""yes_price_dollars"":""0.4300""}"
KXBTC15M-26APR281030-30,1ff72a76-76bd-4390-e525-bbfc92c715cf,1777385732,0.43,0.72,no,"{""count_fp"":""0.72"",""created_time"":""2026-04-28T14:15:32.498105Z"",""no_price_dollars"":""0.5700"",""taker_side"":""no"",""ticker"":""KXBTC15M-26APR281030-30"",""trade_id"":""1ff72a76-76bd-4390-e525-bbfc92c715cf"",""yes_price_dollars"":""0.4300""}"
KXBTC15M-26APR281030-30,b7131d15-4377-5897-7154-b2da9e92ee64,1777385732,0.44,5.34,yes,"{""count_fp"":""5.34"",""created_time"":""2026-04-28T14:15:32.458225Z"",""no_price_dollars"":""0.5600"",""taker_side"":""yes"",""ticker"":""KXBTC15M-26APR281030-30"",""trade_id"":""b7131d15-4377-5897-7154-b2da9e92ee64"",""yes_price_dollars"":""0.4400""}"
KXBTC15M-26APR281030-30,4b6da12c-6f87-4c67-a9c5-6932e9dd971c,1777385732,0.44,2.0,yes,"{""count_fp"":""2.00"",""created_time"":""2026-04-28T14:15:32.419221Z"",""no_price_dollars"":""0.5600"",""taker_side"":""yes"",""ticker"":""KXBTC15M-26APR281030-30"",""trade_id"":""4b6da12c-6f87-4c67-a9c5-6932e9dd971c"",""yes_price_dollars"":""0.4400""}"
KXBTC15M-26APR281030-30,a6223af1-9892-5612-ac16-f3c52c2b9345,1777385732,0.44,58.9,no,"{""count_fp"":""58.90"",""created_time"":""2026-04-28T14:15:32.365624Z"",""no_price_dollars"":""0.5600"",""taker_side"":""no"",""ticker"":""KXBTC15M-26APR281030-30"",""trade_id"":""a6223af1-9892-5612-ac16-f3c52c2b9345"",""yes_price_dollars"":""0.4400""}"
KXBTC15M-26APR281030-30,f16288af-d41e-725a-2046-1d9e7e09bed9,1777385732,0.44,42.62,no,"{""count_fp"":""42.62"",""created_time"":""2026-04-28T14:15:32.348815Z"",""no_price_dollars"":""0.5600"",""taker_side"":""no"",""ticker"":""KXBTC15M-26APR281030-30"",""trade_id"":""f16288af-d41e-725a-2046-1d9e7e09bed9"",""yes_price_dollars"":""0.4400""}"
KXBTC15M-26APR281030-30,d342f51b-a1d2-419a-f416-1b66c76a446d,1777385732,0.44,9.48,no,"{""count_fp"":""9.48"",""created_time"":""2026-04-28T14:15:32.348551Z"",""no_price_dollars"":""0.5600"",""taker_side"":""no"",""ticker"":""KXBTC15M-26APR281030-30"",""trade_id"":""d342f51b-a1d2-419a-f416-1b66c76a446d"",""yes_price_dollars"":""0.4400""}"
KXBTC15M-26APR281030-30,d09fc3d3-bb3b-4e0a-c1bd-98557043cf61,1777385732,0.44,13.94,no,"{""count_fp"":""13.94"",""created_time"":""2026-04-28T14:15:32.348551Z"",""no_price_dollars"":""0.5600"",""taker_side"":""no"",""ticker"":""KXBTC15M-26APR281030-30"",""trade_id"":""d09fc3d3-bb3b-4e0a-c1bd-98557043cf61"",""yes_price_dollars"":""0.4400""}"
KXBTC15M-26APR281030-30,25849ba9-1374-4b9d-efff-d382d5e2afa7,1777385732,0.44,3.0,no,"{""count_fp"":""3.00"",""created_time"":""2026-04-28T14:15:32.348551Z"",""no_price_dollars"":""0.5600"",""taker_side"":""no"",""ticker"":""KXBTC15M-26APR281030-30"",""trade_id"":""25849ba9-1374-4b9d-efff-d382d5e2afa7"",""yes_price_dollars"":""0.4400""}"
KXBTC15M-26APR281030-30,2d54d169-f3c4-7be4-9b95-58645d571a7b,1777385732,0.45,19.21,no,"{""count_fp"":""19.21"",""created_time"":""2026-04-28T14:15:32.331703Z"",""no_price_dollars"":""0.5500"",""taker_side"":""no"",""ticker"":""KXBTC15M-26APR281030-30"",""trade_id"":""2d54d169-f3c4-7be4-9b95-58645d571a7b"",""yes_price_dollars"":""0.4500""}"
KXBTC15M-26APR281030-30,65a2550e-fc08-65c8-1ca8-fc1e2ee8fe53,1777385732,0.45,10.79,no,"{""count_fp"":""10.79"",""created_time"":""2026-04-28T14:15:32.325599Z"",""no_price_dollars"":""0.5500"",""taker_side"":""no"",""ticker"":""KXBTC15M-26APR281030-30"",""trade_id"":""65a2550e-fc08-65c8-1ca8-fc1e2ee8fe53"",""yes_price_dollars"":""0.4500""}"
KXBTC15M-26APR281030-30,56a3b4c1-a900-6844-1b7c-b0ac0e7dc109,1777385732,0.45,76.87,no,"{""count_fp"":""76.87"",""created_time"":""2026-04-28T14:15:32.325599Z"",""no_price_dollars"":""0.5500"",""taker_side"":""no"",""ticker"":""KXBTC15M-26APR281030-30"",""trade_id"":""56a3b4c1-a900-6844-1b7c-b0ac0e7dc109"",""yes_price_dollars"":""0.4500""}"
KXBTC15M-26APR281030-30,9e69ff9a-919a-6974-439b-e5d9a9ffd386,1777385732,0.45,3.95,no,"{""count_fp"":""3.95"",""created_time"":""2026-04-28T14:15:32.320336Z"",""no_price_dollars"":""0.5500"",""taker_side"":""no"",""ticker"":""KXBTC15M-26APR281030-30"",""trade_id"":""9e69ff9a-919a-6974-439b-e5d9a9ffd386"",""yes_price_dollars"":""0.4500""}"
KXBTC15M-26APR281030-30,6d4f9ba4-0c82-68f0-5ddc-0690f8ea0901,1777385732,0.45,16.0,no,"{""count_fp"":""16.00"",""created_time"":""2026-04-28T14:15:32.320336Z"",""no_price_dollars"":""0.5500"",""taker_side"":""no"",""ticker"":""KXBTC15M-26APR281030-30"",""trade_id"":""6d4f9ba4-0c82-68f0-5ddc-0690f8ea0901"",""yes_price_dollars"":""0.4500""}"
KXBTC15M-26APR281030-30,19fe8293-3464-6c38-4bd6-006931dc30e1,1777385732,0.45,22.33,no,"{""count_fp"":""22.33"",""created_time"":""2026-04-28T14:15:32.320336Z"",""no_price_dollars"":""0.5500"",""taker_side"":""no"",""ticker"":""KXBTC15M-26APR281030-30"",""trade_id"":""19fe8293-3464-6c38-4bd6-006931dc30e1"",""yes_price_dollars"":""0.4500""}"
KXBTC15M-26APR281030-30,ba60764a-9cb6-5694-0003-deed38702c7a,1777385732,0.45,26.05,no,"{""count_fp"":""26.05"",""created_time"":""2026-04-28T14:15:32.320167Z"",""no_price_dollars"":""0.5500"",""taker_side"":""no"",""ticker"":""KXBTC15M-26APR281030-30"",""trade_id"":""ba60764a-9cb6-5694-0003-deed38702c7a"",""yes_price_dollars"":""0.4500""}"
KXBTC15M-26APR281030-30,07237829-d563-6493-8049-c61fd4bfff42,1777385732,0.46,9.0,yes,"{""count_fp"":""9.00"",""created_time"":""2026-04-28T14:15:32.251928Z"",""no_price_dollars"":""0.5400"",""taker_side"":""yes"",""ticker"":""KXBTC15M-26APR281030-30"",""trade_id"":""07237829-d563-6493-8049-c61fd4bfff42"",""yes_price_dollars"":""0.4600""}"
KXBTC15M-26APR281030-30,b53b3e24-1c17-4817-7c7c-3b094884391a,1777385732,0.46,40.0,yes,"{""count_fp"":""40.00"",""created_time"":""2026-04-28T14:15:32.155829Z"",""no_price_dollars"":""0.5400"",""taker_side"":""yes"",""ticker"":""KXBTC15M-26APR281030-30"",""trade_id"":""b53b3e24-1c17-4817-7c7c-3b094884391a"",""yes_price_dollars"":""0.4600""}"
KXBTC15M-26APR281030-30,001a4876-ebe8-552c-c925-c0b89d0372e9,1777385732,0.45,66.98,no,"{""count_fp"":""66.98"",""created_time"":""2026-04-28T14:15:32.152681Z"",""no_price_dollars"":""0.5500"",""taker_side"":""no"",""ticker"":""KXBTC15M-26APR281030-30"",""trade_id"":""001a4876-ebe8-552c-c925-c0b89d0372e9"",""yes_price_dollars"":""0.4500""}"
KXBTC15M-26APR281030-30,bb155e4a-6a07-510f-4f91-5e884ce34f26,1777385732,0.46,7.47,yes,"{""count_fp"":""7.47"",""created_time"":""2026-04-28T14:15:32.151448Z"",""no_price_dollars"":""0.5400"",""taker_side"":""yes"",""ticker"":""KXBTC15M-26APR281030-30"",""trade_id"":""bb155e4a-6a07-510f-4f91-5e884ce34f26"",""yes_price_dollars"":""0.4600""}"
KXBTC15M-26APR281030-30,81055ccb-e97e-5f0f-61e2-c6bf9d59713c,1777385732,0.46,3.0,yes,"{""count_fp"":""3.00"",""created_time"":""2026-04-28T14:15:32.151448Z"",""no_price_dollars"":""0.5400"",""taker_side"":""yes"",""ticker"":""KXBTC15M-26APR281030-30"",""trade_id"":""81055ccb-e97e-5f0f-61e2-c6bf9d59713c"",""yes_price_dollars"":""0.4600""}"
KXBTC15M-26APR281030-30,4d7f8835-4cff-6997-8ef1-aba3ed432006,1777385733,0.44,1.0,yes,"{""count_fp"":""1.00"",""created_time"":""2026-04-28T14:15:33.645534Z"",""no_price_dollars"":""0.5600"",""taker_side"":""yes"",""ticker"":""KXBTC15M-26APR281030-30"",""trade_id"":""4d7f8835-4cff-6997-8ef1-aba3ed432006"",""yes_price_dollars"":""0.4400""}"
KXBTC15M-26APR281030-30,7c18b281-6f0f-4857-acb1-a29356c411c6,1777385733,0.44,12.4,yes,"{""count_fp"":""12.40"",""created_time"":""2026-04-28T14:15:33.501952Z"",""no_price_dollars"":""0.5600"",""taker_side"":""yes"",""ticker"":""KXBTC15M-26APR281030-30"",""trade_id"":""7c18b281-6f0f-4857-acb1-a29356c411c6"",""yes_price_dollars"":""0.4400""}"
KXBTC15M-26APR281030-30,55239049-5ec3-70e3-8ff9-60ade672f5a2,1777385733,0.44,22.07,yes,"{""count_fp"":""22.07"",""created_time"":""2026-04-28T14:15:33.427Z"",""no_price_dollars"":""0.5600"",""taker_side"":""yes"",""ticker"":""KXBTC15M-26APR281030-30"",""trade_id"":""55239049-5ec3-70e3-8ff9-60ade672f5a2"",""yes_price_dollars"":""0.4400""}"
KXBTC15M-26APR281030-30,ccfa6c31-df7b-42bb-3922-c1f3c9708322,1777385733,0.44,3.24,yes,"{""count_fp"":""3.24"",""created_time"":""2026-04-28T14:15:33.161145Z"",""no_price_dollars"":""0.5600"",""taker_side"":""yes"",""ticker"":""KXBTC15M-26APR281030-30"",""trade_id"":""ccfa6c31-df7b-42bb-3922-c1f3c9708322"",""yes_price_dollars"":""0.4400""}"
KXBTC15M-26APR281030-30,7c0e7a53-781b-4153-2414-e74a1f74a234,1777385733,0.44,1.16,yes,"{""count_fp"":""1.16"",""created_time"":""2026-04-28T14:15:33.161145Z"",""no_price_dollars"":""0.5600"",""taker_side"":""yes"",""ticker"":""KXBTC15M-26APR281030-30"",""trade_id"":""7c0e7a53-781b-4153-2414-e74a1f74a234"",""yes_price_dollars"":""0.4400""}"
KXBTC15M-26APR281030-30,305eda9f-dd6b-7557-67fe-dd25162821c0,1777385733,0.44,6.56,yes,"{""count_fp"":""6.56"",""created_time"":""2026-04-28T14:15:33.113284Z"",""no_price_dollars"":""0.5600"",""taker_side"":""yes"",""ticker"":""KXBTC15M-26APR281030-30"",""trade_id"":""305eda9f-dd6b-7557-67fe-dd25162821c0"",""yes_price_dollars"":""0.4400""}"
KXBTC15M-26APR281030-30,a83f7cb8-8103-484f-3ab7-70416091c44c,1777385733,0.44,4.0,yes,"{""count_fp"":""4.00"",""created_time"":""2026-04-28T14:15:33.071127Z"",""no_price_dollars"":""0.5600"",""taker_side"":""yes"",""ticker"":""KXBTC15M-26APR281030-30"",""trade_id"":""a83f7cb8-8103-484f-3ab7-70416091c44c"",""yes_price_dollars"":""0.4400""}"
KXBTC15M-26APR281030-30,54eb7cb1-771b-62c7-a46b-5c7c75d58e66,1777385734,0.44,43.73,yes,"{""count_fp"":""43.73"",""created_time"":""2026-04-28T14:15:34.927565Z"",""no_price_dollars"":""0.5600"",""taker_side"":""yes"",""ticker"":""KXBTC15M-26APR281030-30"",""trade_id"":""54eb7cb1-771b-62c7-a46b-5c7c75d58e66"",""yes_price_dollars"":""0.4400""}"
KXBTC15M-26APR281030-30,14e86268-71b3-76cf-0ab7-65a72cb812c6,1777385734,0.44,21.71,yes,"{""count_fp"":""21.71"",""created_time"":""2026-04-28T14:15:34.723016Z"",""no_price_dollars"":""0.5600"",""taker_side"":""yes"",""ticker"":""KXBTC15M-26APR281030-30"",""trade_id"":""14e86268-71b3-76cf-0ab7-65a72cb812c6"",""yes_price_dollars"":""0.4400""}"
KXBTC15M-26APR281030-30,99794b47-aef7-49a8-5c80-d296e04f048e,1777385735,0.42,23.72,no,"{""count_fp"":""23.72"",""created_time"":""2026-04-28T14:15:35.948068Z"",""no_price_dollars"":""0.5800"",""taker_side"":""no"",""ticker"":""KXBTC15M-26APR281030-30"",""trade_id"":""99794b47-aef7-49a8-5c80-d296e04f048e"",""yes_price_dollars"":""0.4200""}"
KXBTC15M-26APR281030-30,75c3f4e4-6949-4c34-67d2-7a5b3f8083a2,1777385735,0.42,5.26,no,"{""count_fp"":""5.26"",""created_time"":""2026-04-28T14:15:35.948068Z"",""no_price_dollars"":""0.5800"",""taker_side"":""no"",""ticker"":""KXBTC15M-26APR281030-30"",""trade_id"":""75c3f4e4-6949-4c34-67d2-7a5b3f8083a2"",""yes_price_dollars"":""0.4200""}"
KXBTC15M-26APR281030-30,91f683c4-44bf-6351-3334-0327a4aa1d80,1777385735,0.42,1.0,no,"{""count_fp"":""1.00"",""created_time"":""2026-04-28T14:15:35.782541Z"",""no_price_dollars"":""0.5800"",""taker_side"":""no"",""ticker"":""KXBTC15M-26APR281030-30"",""trade_id"":""91f683c4-44bf-6351-3334-0327a4aa1d80"",""yes_price_dollars"":""0.4200""}"
KXBTC15M-26APR281030-30,804df0da-8e19-6e28-1144-e481e515718f,1777385735,0.43,0.27,no,"{""count_fp"":""0.27"",""created_time"":""2026-04-28T14:15:35.782541Z"",""no_price_dollars"":""0.5700"",""taker_side"":""no"",""ticker"":""KXBTC15M-26APR281030-30"",""trade_id"":""804df0da-8e19-6e28-1144-e481e515718f"",""yes_price_dollars"":""0.4300""}"
KXBTC15M-26APR281030-30,4ece4c5f-bdf9-6f40-2cad-a7843cc87d5e,1777385735,0.42,34.74,no,"{""count_fp"":""34.74"",""created_time"":""2026-04-28T14:15:35.782541Z"",""no_price_dollars"":""0.5800"",""taker_side"":""no"",""ticker"":""KXBTC15M-26APR281030-30"",""trade_id"":""4ece4c5f-bdf9-6f40-2cad-a7843cc87d5e"",""yes_price_dollars"":""0.4200""}"
KXBTC15M-26APR281030-30,44b7dbd7-002b-6b14-18a2-959f741ba8f6,1777385735,0.42,1.0,no,"{""count_fp"":""1.00"",""created_time"":""2026-04-28T14:15:35.782541Z"",""no_price_dollars"":""0.5800"",""taker_side"":""no"",""ticker"":""KXBTC15M-26APR281030-30"",""trade_id"":""44b7dbd7-002b-6b14-18a2-959f741ba8f6"",""yes_price_dollars"":""0.4200""}"
KXBTC15M-26APR281030-30,18896a92-959e-62b5-3673-06c46e626ed4,1777385735,0.42,3.0,no,"{""count_fp"":""3.00"",""created_time"":""2026-04-28T14:15:35.782541Z"",""no_price_dollars"":""0.5800"",""taker_side"":""no"",""ticker"":""KXBTC15M-26APR281030-30"",""trade_id"":""18896a92-959e-62b5-3673-06c46e626ed4"",""yes_price_dollars"":""0.4200""}"
KXBTC15M-26APR281030-30,10374b41-c57e-6b1d-0a7d-1501c36f10d5,1777385735,0.42,2.0,no,"{""count_fp"":""2.00"",""created_time"":""2026-04-28T14:15:35.782541Z"",""no_price_dollars"":""0.5800"",""taker_side"":""no"",""ticker"":""KXBTC15M-26APR281030-30"",""trade_id"":""10374b41-c57e-6b1d-0a7d-1501c36f10d5"",""yes_price_dollars"":""0.4200""}"
KXBTC15M-26APR281030-30,00ae34aa-e6ac-6d21-06e5-e489ad791a76,1777385735,0.42,25.0,no,"{""count_fp"":""25.00"",""created_time"":""2026-04-28T14:15:35.782541Z"",""no_price_dollars"":""0.5800"",""taker_side"":""no"",""ticker"":""KXBTC15M-26APR281030-30"",""trade_id"":""00ae34aa-e6ac-6d21-06e5-e489ad791a76"",""yes_price_dollars"":""0.4200""}"
KXBTC15M-26APR281030-30,2a318d25-aeee-6582-4e7a-f56bec3ee1d8,1777385735,0.44,10.0,yes,"{""count_fp"":""10.00"",""created_time"":""2026-04-28T14:15:35.576314Z"",""no_price_dollars"":""0.5600"",""taker_side"":""yes"",""ticker"":""KXBTC15M-26APR281030-30"",""trade_id"":""2a318d25-aeee-6582-4e7a-f56bec3ee1d8"",""yes_price_dollars"":""0.4400""}"
KXBTC15M-26APR281030-30,63bd256b-5341-6174-e9ce-17e35990e2cf,1777385735,0.43,1.72,no,"{""count_fp"":""1.72"",""created_time"":""2026-04-28T14:15:35.385239Z"",""no_price_dollars"":""0.5700"",""taker_side"":""no"",""ticker"":""KXBTC15M-26APR281030-30"",""trade_id"":""63bd256b-5341-6174-e9ce-17e35990e2cf"",""yes_price_dollars"":""0.4300""}"
KXBTC15M-26APR281030-30,4a27534a-b0f7-7d7b-2c2e-7ce61f40aa02,1777385735,0.44,54.67,yes,"{""count_fp"":""54.67"",""created_time"":""2026-04-28T14:15:35.319778Z"",""no_price_dollars"":""0.5600"",""taker_side"":""yes"",""ticker"":""KXBTC15M-26APR281030-30"",""trade_id"":""4a27534a-b0f7-7d7b-2c2e-7ce61f40aa02"",""yes_price_dollars"":""0.4400""}"
KXBTC15M-26APR281030-30,01702862-3f7b-578b-335a-1983692d7fae,1777385735,0.44,54.0,yes,"{""count_fp"":""54.00"",""created_time"":""2026-04-28T14:15:35.257868Z"",""no_price_dollars"":""0.5600"",""taker_side"":""yes"",""ticker"":""KXBTC15M-26APR281030-30"",""trade_id"":""01702862-3f7b-578b-335a-1983692d7fae"",""yes_price_dollars"":""0.4400""}"
KXBTC15M-26APR281030-30,367d89aa-4547-4cd4-12bb-f4e72c6b5586,1777385736,0.43,8.74,yes,"{""count_fp"":""8.74"",""created_time"":""2026-04-28T14:15:36.984112Z"",""no_price_dollars"":""0.5700"",""taker_side"":""yes"",""ticker"":""KXBTC15M-26APR281030-30"",""trade_id"":""367d89aa-4547-4cd4-12bb-f4e72c6b5586"",""yes_price_dollars"":""0.4300""}"
KXBTC15M-26APR281030-30,5b59ef47-8d4b-74b0-6f08-b95b5fd20cfe,1777385736,0.43,13.12,yes,"{""count_fp"":""13.12"",""created_time"":""2026-04-28T14:15:36.826836Z"",""no_price_dollars"":""0.5700"",""taker_side"":""yes"",""ticker"":""KXBTC15M-26APR281030-30"",""trade_id"":""5b59ef47-8d4b-74b0-6f08-b95b5fd20cfe"",""yes_price_dollars"":""0.4300""}"
KXBTC15M-26APR281030-30,30a94cda-bb67-44c8-1e6a-2a09ce65db0a,1777385736,0.43,11.72,yes,"{""count_fp"":""11.72"",""created_time"":""2026-04-28T14:15:36.815024Z"",""no_price_dollars"":""0.5700"",""taker_side"":""yes"",""ticker"":""KXBTC15M-26APR281030-30"",""trade_id"":""30a94cda-bb67-44c8-1e6a-2a09ce65db0a"",""yes_price_dollars"":""0.4300""}"
KXBTC15M-26APR281030-30,23797ba0-cd07-4880-f241-a2fce1dcbdc6,1777385736,0.42,0.25,no,"{""count_fp"":""0.25"",""created_time"":""2026-04-28T14:15:36.437361Z"",""no_price_dollars"":""0.5800"",""taker_side"":""no"",""ticker"":""KXBTC15M-26APR281030-30"",""trade_id"":""23797ba0-cd07-4880-f241-a2fce1dcbdc6"",""yes_price_dollars"":""0.4200""}"
KXBTC15M-26APR281030-30,16a98445-e157-659f-8a1e-bd61142aec9a,1777385736,0.43,19.68,yes,"{""count_fp"":""19.68"",""created_time"":""2026-04-28T14:15:36.149134Z"",""no_price_dollars"":""0.5700"",""taker_side"":""yes"",""ticker"":""KXBTC15M-26APR281030-30"",""trade_id"":""16a98445-e157-659f-8a1e-bd61142aec9a"",""yes_price_dollars"":""0.4300""}"
KXBTC15M-26APR281030-30,af5709bb-f8fa-59b5-12f7-f448c4c8314b,1777385736,0.43,2.0,yes,"{""count_fp"":""2.00"",""created_time"":""2026-04-28T14:15:36.014631Z"",""no_price_dollars"":""0.5700"",""taker_side"":""yes"",""ticker"":""KXBTC15M-26APR281030-30"",""trade_id"":""af5709bb-f8fa-59b5-12f7-f448c4c8314b"",""yes_price_dollars"":""0.4300""}"
KXBTC15M-26APR281030-30,96aa9573-13c3-6edd-0749-12c1b2ce3cbe,1777385737,0.42,3.82,no,"{""count_fp"":""3.82"",""created_time"":""2026-04-28T14:15:37.215878Z"",""no_price_dollars"":""0.5800"",""taker_side"":""no"",""ticker"":""KXBTC15M-26APR281030-30"",""trade_id"":""96aa9573-13c3-6edd-0749-12c1b2ce3cbe"",""yes_price_dollars"":""0.4200""}"
KXBTC15M-26APR281030-30,50f1cc36-b573-6a74-2172-45a4ad031102,1777385737,0.42,9.21,no,"{""count_fp"":""9.21"",""created_time"":""2026-04-28T14:15:37.215878Z"",""no_price_dollars"":""0.5800"",""taker_side"":""no"",""ticker"":""KXBTC15M-26APR281030-30"",""trade_id"":""50f1cc36-b573-6a74-2172-45a4ad031102"",""yes_price_dollars"":""0.4200""}"
KXBTC15M-26APR281030-30,a9cbad8e-b1f8-4f91-3183-79c65c73e35a,1777385738,0.42,16.74,no,"{""count_fp"":""16.74"",""created_time"":""2026-04-28T14:15:38.945581Z"",""no_price_dollars"":""0.5800"",""taker_side"":""no"",""ticker"":""KXBTC15M-26APR281030-30"",""trade_id"":""a9cbad8e-b1f8-4f91-3183-79c65c73e35a"",""yes_price_dollars"":""0.4200""}"
KXBTC15M-26APR281030-30,501ec18f-d444-5951-5aa3-f813c83e397e,1777385738,0.42,0.41,no,"{""count_fp"":""0.41"",""created_time"":""2026-04-28T14:15:38.871754Z"",""no_price_dollars"":""0.5800"",""taker_side"":""no"",""ticker"":""KXBTC15M-26APR281030-30"",""trade_id"":""501ec18f-d444-5951-5aa3-f813c83e397e"",""yes_price_dollars"":""0.4200""}"
KXBTC15M-26APR281030-30,e718f2e7-fbc1-6cb3-1f33-64dac2e38215,1777385738,0.43,14.72,yes,"{""count_fp"":""14.72"",""created_time"":""2026-04-28T14:15:38.633294Z"",""no_price_dollars"":""0.5700"",""taker_side"":""yes"",""ticker"":""KXBTC15M-26APR281030-30"",""trade_id"":""e718f2e7-fbc1-6cb3-1f33-64dac2e38215"",""yes_price_dollars"":""0.4300""}"
KXBTC15M-26APR281030-30,dea7a5f3-68cf-645d-22a7-4d045b344c2c,1777385738,0.43,20.0,yes,"{""count_fp"":""20.00"",""created_time"":""2026-04-28T14:15:38.633294Z"",""no_price_dollars"":""0.5700"",""taker_side"":""yes"",""ticker"":""KXBTC15M-26APR281030-30"",""trade_id"":""dea7a5f3-68cf-645d-22a7-4d045b344c2c"",""yes_price_dollars"":""0.4300""}"
KXBTC15M-26APR281030-30,235eff1a-8344-6e87-2bc6-b7ce7d7710dc,1777385738,0.43,10.0,yes,"{""count_fp"":""10.00"",""created_time"":""2026-04-28T14:15:38.633294Z"",""no_price_dollars"":""0.5700"",""taker_side"":""yes"",""ticker"":""KXBTC15M-26APR281030-30"",""trade_id"":""235eff1a-8344-6e87-2bc6-b7ce7d7710dc"",""yes_price_dollars"":""0.4300""}"
KXBTC15M-26APR281030-30,f60ec9ee-2edf-7271-a5bf-aaa61f96915e,1777385738,0.42,2.36,no,"{""count_fp"":""2.36"",""created_time"":""2026-04-28T14:15:38.134054Z"",""no_price_dollars"":""0.5800"",""taker_side"":""no"",""ticker"":""KXBTC15M-26APR281030-30"",""trade_id"":""f60ec9ee-2edf-7271-a5bf-aaa61f96915e"",""yes_price_dollars"":""0.4200""}"
KXBTC15M-26APR281030-30,b06b7434-831f-78cf-a55e-c21a677c9601,1777385738,0.41,119.0,no,"{""count_fp"":""119.00"",""created_time"":""2026-04-28T14:15:38.134054Z"",""no_price_dollars"":""0.5900"",""taker_side"":""no"",""ticker"":""KXBTC15M-26APR281030-30"",""trade_id"":""b06b7434-831f-78cf-a55e-c21a677c9601"",""yes_price_dollars"":""0.4100""}"
KXBTC15M-26APR281030-30,1ba669b2-3606-7bc6-b470-64525eea1910,1777385738,0.42,40.0,no,"{""count_fp"":""40.00"",""created_time"":""2026-04-28T14:15:38.134054Z"",""no_price_dollars"":""0.5800"",""taker_side"":""no"",""ticker"":""KXBTC15M-26APR281030-30"",""trade_id"":""1ba669b2-3606-7bc6-b470-64525eea1910"",""yes_price_dollars"":""0.4200""}"
KXBTC15M-26APR281030-30,177afeda-d5d7-76ae-a747-b2dd223fa791,1777385738,0.41,1.03,no,"{""count_fp"":""1.03"",""created_time"":""2026-04-28T14:15:38.134054Z"",""no_price_dollars"":""0.5900"",""taker_side"":""no"",""ticker"":""KXBTC15M-26APR281030-30"",""trade_id"":""177afeda-d5d7-76ae-a747-b2dd223fa791"",""yes_price_dollars"":""0.4100""}"
KXBTC15M-26APR281030-30,ee59d350-2d53-629a-5194-0edbec246bda,1777385739,0.43,1.72,yes,"{""count_fp"":""1.72"",""created_time"":""2026-04-28T14:15:39.996016Z"",""no_price_dollars"":""0.5700"",""taker_side"":""yes"",""ticker"":""KXBTC15M-26APR281030-30"",""trade_id"":""ee59d350-2d53-629a-5194-0edbec246bda"",""yes_price_dollars"":""0.4300""}"
KXBTC15M-26APR281030-30,2f3059ed-daf8-6f39-9f17-91434495f9be,1777385739,0.42,9.85,no,"{""count_fp"":""9.85"",""created_time"":""2026-04-28T14:15:39.616454Z"",""no_price_dollars"":""0.5800"",""taker_side"":""no"",""ticker"":""KXBTC15M-26APR281030-30"",""trade_id"":""2f3059ed-daf8-6f39-9f17-91434495f9be"",""yes_price_dollars"":""0.4200""}"
KXBTC15M-26APR281030-30,0b45b0d1-eccc-68ab-8132-4834fdf1030b,1777385739,0.42,3.82,no,"{""count_fp"":""3.82"",""created_time"":""2026-04-28T14:15:39.616454Z"",""no_price_dollars"":""0.5800"",""taker_side"":""no"",""ticker"":""KXBTC15M-26APR281030-30"",""trade_id"":""0b45b0d1-eccc-68ab-8132-4834fdf1030b"",""yes_price_dollars"":""0.4200""}"
KXBTC15M-26APR281030-30,0281f54a-03d1-6ee0-b613-fd2ae9be5def,1777385739,0.42,11.48,no,"{""count_fp"":""11.48"",""created_time"":""2026-04-28T14:15:39.616454Z"",""no_price_dollars"":""0.5800"",""taker_side"":""no"",""ticker"":""KXBTC15M-26APR281030-30"",""trade_id"":""0281f54a-03d1-6ee0-b613-fd2ae9be5def"",""yes_price_dollars"":""0.4200""}"
KXBTC15M-26APR281030-30,21a5c4d7-bfd7-789a-386f-c6b162c5331e,1777385739,0.43,145.34,yes,"{""count_fp"":""145.34"",""created_time"":""2026-04-28T14:15:39.309059Z"",""no_price_dollars"":""0.5700"",""taker_side"":""yes"",""ticker"":""KXBTC15M-26APR281030-30"",""trade_id"":""21a5c4d7-bfd7-789a-386f-c6b162c5331e"",""yes_price_dollars"":""0.4300""}"
KXBTC15M-26APR281030-30,2e755258-4fd0-6e75-949d-63ce5216c23a,1777385739,0.42,13.0,no,"{""count_fp"":""13.00"",""created_time"":""2026-04-28T14:15:39.012024Z"",""no_price_dollars"":""0.5800"",""taker_side"":""no"",""ticker"":""KXBTC15M-26APR281030-30"",""trade_id"":""2e755258-4fd0-6e75-949d-63ce5216c23a"",""yes_price_dollars"":""0.4200""}"
KXBTC15M-26APR281030-30,ae53641b-96ab-7f9a-2e64-0ea8dfe61a9e,1777385740,0.43,1.0,yes,"{""count_fp"":""1.00"",""created_time"":""2026-04-28T14:15:40.705992Z"",""no_price_dollars"":""0.5700"",""taker_side"":""yes"",""ticker"":""KXBTC15M-26APR281030-30"",""trade_id"":""ae53641b-96ab-7f9a-2e64-0ea8dfe61a9e"",""yes_price_dollars"":""0.4300""}"
KXBTC15M-26APR281030-30,405ab4c0-cd0d-5738-c32f-57cceababb6b,1777385740,0.42,0.78,no,"{""count_fp"":""0.78"",""created_time"":""2026-04-28T14:15:40.485336Z"",""no_price_dollars"":""0.5800"",""taker_side"":""no"",""ticker"":""KXBTC15M-26APR281030-30"",""trade_id"":""405ab4c0-cd0d-5738-c32f-57cceababb6b"",""yes_price_dollars"":""0.4200""}"
KXBTC15M-26APR281030-30,35ab70fb-2e03-5032-e7ab-a1bc7c54c1a2,1777385740,0.42,9.22,no,"{""count_fp"":""9.22"",""created_time"":""2026-04-28T14:15:40.485336Z"",""no_price_dollars"":""0.5800"",""taker_side"":""no"",""ticker"":""KXBTC15M-26APR281030-30"",""trade_id"":""35ab70fb-2e03-5032-e7ab-a1bc7c54c1a2"",""yes_price_dollars"":""0.4200""}"
KXBTC15M-26APR281030-30,b3d61c0a-c66d-4fec-d390-741d0c957e67,1777385740,0.42,16.74,no,"{""count_fp"":""16.74"",""created_time"":""2026-04-28T14:15:40.209122Z"",""no_price_dollars"":""0.5800"",""taker_side"":""no"",""ticker"":""KXBTC15M-26APR281030-30"",""trade_id"":""b3d61c0a-c66d-4fec-d390-741d0c957e67"",""yes_price_dollars"":""0.4200""}"
KXBTC15M-26APR281030-30,fa62e373-4e5d-5509-e40d-33101a59496c,1777385741,0.38,6.0,yes,"{""count_fp"":""6.00"",""created_time"":""2026-04-28T14:15:41.846826Z"",""no_price_dollars"":""0.6200"",""taker_side"":""yes"",""ticker"":""KXBTC15M-26APR281030-30"",""trade_id"":""fa62e373-4e5d-5509-e40d-33101a59496c"",""yes_price_dollars"":""0.3800""}"
KXBTC15M-26APR281030-30,0d423766-5c21-76ad-5975-594334bd5c3a,1777385741,0.37,18.9,yes,"{""count_fp"":""18.90"",""created_time"":""2026-04-28T14:15:41.682063Z"",""no_price_dollars"":""0.6300"",""taker_side"":""yes"",""ticker"":""KXBTC15M-26APR281030-30"",""trade_id"":""0d423766-5c21-76ad-5975-594334bd5c3a"",""yes_price_dollars"":""0.3700""}"
KXBTC15M-26APR281030-30,b9305abd-9aa6-4c70-158e-5ec26b2d323f,1777385741,0.37,22.69,yes,"{""count_fp"":""22.69"",""created_time"":""2026-04-28T14:15:41.672549Z"",""no_price_dollars"":""0.6300"",""taker_side"":""yes"",""ticker"":""KXBTC15M-26APR281030-30"",""trade_id"":""b9305abd-9aa6-4c70-158e-5ec26b2d323f"",""yes_price_dollars"":""0.3700""}"
KXBTC15M-26APR281030-30,18bdb228-897d-41b5-1d12-4f79343adbfe,1777385741,0.37,2.1,yes,"{""count_fp"":""2.10"",""created_time"":""2026-04-28T14:15:41.672549Z"",""no_price_dollars"":""0.6300"",""taker_side"":""yes"",""ticker"":""KXBTC15M-26APR281030-30"",""trade_id"":""18bdb228-897d-41b5-1d12-4f79343adbfe"",""yes_price_dollars"":""0.3700""}"
KXBTC15M-26APR281030-30,25a5a88c-6536-6cb0-7167-e8e9967ad833,1777385741,0.37,52.96,yes,"{""count_fp"":""52.96"",""created_time"":""2026-04-28T14:15:41.653821Z"",""no_price_dollars"":""0.6300"",""taker_side"":""yes"",""ticker"":""KXBTC15M-26APR281030-30"",""trade_id"":""25a5a88c-6536-6cb0-7167-e8e9967ad833"",""yes_price_dollars"":""0.3700""}"
KXBTC15M-26APR281030-30,da9935e9-5ac6-670c-bee2-edd54458851b,1777385741,0.37,29.3,yes,"{""count_fp"":""29.30"",""created_time"":""2026-04-28T14:15:41.643187Z"",""no_price_dollars"":""0.6300"",""taker_side"":""yes"",""ticker"":""KXBTC15M-26APR281030-30"",""trade_id"":""da9935e9-5ac6-670c-bee2-edd54458851b"",""yes_price_dollars"":""0.3700""}"
KXBTC15M-26APR281030-30,f4413f64-f452-4174-b4b0-f2799b4b406b,1777385741,0.37,122.0,yes,"{""count_fp"":""122.00"",""created_time"":""2026-04-28T14:15:41.641525Z"",""no_price_dollars"":""0.6300"",""taker_side"":""yes"",""ticker"":""KXBTC15M-26APR281030-30"",""trade_id"":""f4413f64-f452-4174-b4b0-f2799b4b406b"",""yes_price_dollars"":""0.3700""}"
KXBTC15M-26APR281030-30,0fc741cf-a032-5314-1cda-96687b86c84f,1777385741,0.37,232.55,yes,"{""count_fp"":""232.55"",""created_time"":""2026-04-28T14:15:41.567683Z"",""no_price_dollars"":""0.6300"",""taker_side"":""yes"",""ticker"":""KXBTC15M-26APR281030-30"",""trade_id"":""0fc741cf-a032-5314-1cda-96687b86c84f"",""yes_price_dollars"":""0.3700""}"
KXBTC15M-26APR281030-30,64020bf4-b0b0-6375-b9d5-6b9b5d77e3d7,1777385741,0.37,20.0,no,"{""count_fp"":""20.00"",""created_time"":""2026-04-28T14:15:41.360872Z"",""no_price_dollars"":""0.6300"",""taker_side"":""no"",""ticker"":""KXBTC15M-26APR281030-30"",""trade_id"":""64020bf4-b0b0-6375-b9d5-6b9b5d77e3d7"",""yes_price_dollars"":""0.3700""}"
KXBTC15M-26APR281030-30,f9486c5c-0f25-4201-f53e-b700540d88ac,1777385741,0.38,20.0,yes,"{""count_fp"":""20.00"",""created_time"":""2026-04-28T14:15:41.257178Z"",""no_price_dollars"":""0.6200"",""taker_side"":""yes"",""ticker"":""KXBTC15M-26APR281030-30"",""trade_id"":""f9486c5c-0f25-4201-f53e-b700540d88ac"",""yes_price_dollars"":""0.3800""}"
KXBTC15M-26APR281030-30,a6102670-fa2c-75bd-a169-b8fcf040ba7f,1777385741,0.37,10.0,no,"{""count_fp"":""10.00"",""created_time"":""2026-04-28T14:15:41.219357Z"",""no_price_dollars"":""0.6300"",""taker_side"":""no"",""ticker"":""KXBTC15M-26APR281030-30"",""trade_id"":""a6102670-fa2c-75bd-a169-b8fcf040ba7f"",""yes_price_dollars"":""0.3700""}"
KXBTC15M-26APR281030-30,01ba659c-8490-56ad-c5c1-f50725da06f7,1777385741,0.37,10.0,no,"{""count_fp"":""10.00"",""created_time"":""2026-04-28T14:15:41.218044Z"",""no_price_dollars"":""0.6300"",""taker_side"":""no"",""ticker"":""KXBTC15M-26APR281030-30"",""trade_id"":""01ba659c-8490-56ad-c5c1-f50725da06f7"",""yes_price_dollars"":""0.3700""}"
KXBTC15M-26APR281030-30,eb636190-ee8f-6cf7-9ef1-c07e0cb07c9d,1777385741,0.36,10.0,no,"{""count_fp"":""10.00"",""created_time"":""2026-04-28T14:15:41.162144Z"",""no_price_dollars"":""0.6400"",""taker_side"":""no"",""ticker"":""KXBTC15M-26APR281030-30"",""trade_id"":""eb636190-ee8f-6cf7-9ef1-c07e0cb07c9d"",""yes_price_dollars"":""0.3600""}"
KXBTC15M-26APR281030-30,5d19d88e-f83d-6974-c62d-905159726021,1777385741,0.37,45.08,no,"{""count_fp"":""45.08"",""created_time"":""2026-04-28T14:15:41.119997Z"",""no_price_dollars"":""0.6300"",""taker_side"":""no"",""ticker"":""KXBTC15M-26APR281030-30"",""trade_id"":""5d19d88e-f83d-6974-c62d-905159726021"",""yes_price_dollars"":""0.3700""}"
KXBTC15M-26APR281030-30,9ea9bff4-479b-5a72-7ecc-089e41d2b5ac,1777385741,0.37,40.0,yes,"{""count_fp"":""40.00"",""created_time"":""2026-04-28T14:15:41.113758Z"",""no_price_dollars"":""0.6300"",""taker_side"":""yes"",""ticker"":""KXBTC15M-26APR281030-30"",""trade_id"":""9ea9bff4-479b-5a72-7ecc-089e41d2b5ac"",""yes_price_dollars"":""0.3700""}"
KXBTC15M-26APR281030-30,9dd68737-b80e-514c-5c4e-c35e88f688b8,1777385741,0.34,40.0,yes,"{""count_fp"":""40.00"",""created_time"":""2026-04-28T14:15:41.113758Z"",""no_price_dollars"":""0.6600"",""taker_side"":""yes"",""ticker"":""KXBTC15M-26APR281030-30"",""trade_id"":""9dd68737-b80e-514c-5c4e-c35e88f688b8"",""yes_price_dollars"":""0.3400""}"
KXBTC15M-26APR281030-30,8a22103c-a6b1-530e-5fae-b62250322a16,1777385741,0.36,40.0,yes,"{""count_fp"":""40.00"",""created_time"":""2026-04-28T14:15:41.113758Z"",""no_price_dollars"":""0.6400"",""taker_side"":""yes"",""ticker"":""KXBTC15M-26APR281030-30"",""trade_id"":""8a22103c-a6b1-530e-5fae-b62250322a16"",""yes_price_dollars"":""0.3600""}"
KXBTC15M-26APR281030-30,b133d700-0e4d-63c5-a5c1-9c27d693a4d6,1777385741,0.33,126.24,no,"{""count_fp"":""126.24"",""created_time"":""2026-04-28T14:15:41.099501Z"",""no_price_dollars"":""0.6700"",""taker_side"":""no"",""ticker"":""KXBTC15M-26APR281030-30"",""trade_id"":""b133d700-0e4d-63c5-a5c1-9c27d693a4d6"",""yes_price_dollars"":""0.3300""}"
KXBTC15M-26APR281030-30,e05413bd-3758-6ae6-021e-7fff435e2889,1777385741,0.33,3.0,no,"{""count_fp"":""3.00"",""created_time"":""2026-04-28T14:15:41.090332Z"",""no_price_dollars"":""0.6700"",""taker_side"":""no"",""ticker"":""KXBTC15M-26APR281030-30"",""trade_id"":""e05413bd-3758-6ae6-021e-7fff435e2889"",""yes_price_dollars"":""0.3300""}"
KXBTC15M-26APR281030-30,9dcd6268-c4b5-6e41-017d-771c64b92276,1777385741,0.33,14.67,no,"{""count_fp"":""14.67"",""created_time"":""2026-04-28T14:15:41.090332Z"",""no_price_dollars"":""0.6700"",""taker_side"":""no"",""ticker"":""KXBTC15M-26APR281030-30"",""trade_id"":""9dcd6268-c4b5-6e41-017d-771c64b92276"",""yes_price_dollars"":""0.3300""}"
KXBTC15M-26APR281030-30,77483060-aff9-68ef-0001-94b5ddd847c0,1777385741,0.38,250.0,no,"{""count_fp"":""250.00"",""created_time"":""2026-04-28T14:15:41.090332Z"",""no_price_dollars"":""0.6200"",""taker_side"":""no"",""ticker"":""KXBTC15M-26APR281030-30"",""trade_id"":""77483060-aff9-68ef-0001-94b5ddd847c0"",""yes_price_dollars"":""0.3800""}"
KXBTC15M-26APR281030-30,4a064935-0d6f-67cb-32ef-88878e130495,1777385741,0.34,3.0,no,"{""count_fp"":""3.00"",""created_time"":""2026-04-28T14:15:41.090332Z"",""no_price_dollars"":""0.6600"",""taker_side"":""no"",""ticker"":""KXBTC15M-26APR281030-30"",""trade_id"":""4a064935-0d6f-67cb-32ef-88878e130495"",""yes_price_dollars"":""0.3400""}"
KXBTC15M-26APR281030-30,b68162c4-d60f-459a-c7ae-c042b095b144,1777385741,0.39,5.0,no,"{""count_fp"":""5.00"",""created_time"":""2026-04-28T14:15:41.071774Z"",""no_price_dollars"":""0.6100"",""taker_side"":""no"",""ticker"":""KXBTC15M-26APR281030-30"",""trade_id"":""b68162c4-d60f-459a-c7ae-c042b095b144"",""yes_price_dollars"":""0.3900""}"
KXBTC15M-26APR281030-30,f44918b4-d763-4364-9129-ef85f440f88f,1777385741,0.35,3.0,no,"{""count_fp"":""3.00"",""created_time"":""2026-04-28T14:15:41.037541Z"",""no_price_dollars"":""0.6500"",""taker_side"":""no"",""ticker"":""KXBTC15M-26APR281030-30"",""trade_id"":""f44918b4-d763-4364-9129-ef85f440f88f"",""yes_price_dollars"":""0.3500""}"
KXBTC15M-26APR281030-30,f2547a0a-d813-4976-b39a-19ec0a85d75a,1777385741,0.36,139.0,no,"{""count_fp"":""139.00"",""created_time"":""2026-04-28T14:15:41.037541Z"",""no_price_dollars"":""0.6400"",""taker_side"":""no"",""ticker"":""KXBTC15M-26APR281030-30"",""trade_id"":""f2547a0a-d813-4976-b39a-19ec0a85d75a"",""yes_price_dollars"":""0.3600""}"
KXBTC15M-26APR281030-30,e739d2c4-0861-4c1a-967d-ef0c86c36b09,1777385741,0.35,40.0,no,"{""count_fp"":""40.00"",""created_time"":""2026-04-28T14:15:41.037541Z"",""no_price_dollars"":""0.6500"",""taker_side"":""no"",""ticker"":""KXBTC15M-26APR281030-30"",""trade_id"":""e739d2c4-0861-4c1a-967d-ef0c86c36b09"",""yes_price_dollars"":""0.3500""}"
