ticker,trade_id,ts,yes_price,count,taker_side,raw_json
KXBTC15M-26APR280000-00,71f88274-452e-61f2-e89b-a960bc61a73d,1777347900,0.48,1.0,yes,"{""count_fp"":""1.00"",""created_time"":""2026-04-28T03:45:00.801411Z"",""no_price_dollars"":""0.5200"",""taker_side"":""yes"",""ticker"":""KXBTC15M-26APR280000-00"",""trade_id"":""71f88274-452e-61f2-e89b-a960bc61a73d"",""yes_price_dollars"":""0.4800""}"
KXBTC15M-26APR280000-00,8cac5a16-fdd9-6552-368b-b233530ce1c2,1777347900,0.47,10.0,yes,"{""count_fp"":""10.00"",""created_time"":""2026-04-28T03:45:00.635297Z"",""no_price_dollars"":""0.5300"",""taker_side"":""yes"",""ticker"":""KXBTC15M-26APR280000-00"",""trade_id"":""8cac5a16-fdd9-6552-368b-b233530ce1c2"",""yes_price_dollars"":""0.4700""}"
KXBTC15M-26APR280000-00,d93d086c-ef63-7b2e-34d5-464c90429af4,1777347901,0.5,12.0,no,"{""count_fp"":""12.00"",""created_time"":""2026-04-28T03:45:01.617902Z"",""no_price_dollars"":""0.5000"",""taker_side"":""no"",""ticker"":""KXBTC15M-26APR280000-00"",""trade_id"":""d93d086c-ef63-7b2e-34d5-464c90429af4"",""yes_price_dollars"":""0.5000""}"
KXBTC15M-26APR280000-00,e50c4f98-24de-7801-1b56-70d4d3372376,1777347901,0.49,27.0,yes,"{""count_fp"":""27.00"",""created_time"":""2026-04-28T03:45:01.609978Z"",""no_price_dollars"":""0.5100"",""taker_side"":""yes"",""ticker"":""KXBTC15M-26APR280000-00"",""trade_id"":""e50c4f98-24de-7801-1b56-70d4d3372376"",""yes_price_dollars"":""0.4900""}"
KXBTC15M-26APR280000-00,5585a539-7457-76ce-3541-2534647f7f76,1777347901,0.49,12.0,yes,"{""count_fp"":""12.00"",""created_time"":""2026-04-28T03:45:01.609978Z"",""no_price_dollars"":""0.5100"",""taker_side"":""yes"",""ticker"":""KXBTC15M-26APR280000-00"",""trade_id"":""5585a539-7457-76ce-3541-2534647f7f76"",""yes_price_dollars"":""0.4900""}"
KXBTC15M-26APR280000-00,243d6862-016a-7ac8-1999-b69b26a55ea9,1777347901,0.5,56.0,yes,"{""count_fp"":""56.00"",""created_time"":""2026-04-28T03:45:01.609978Z"",""no_price_dollars"":""0.5000"",""taker_side"":""yes"",""ticker"":""KXBTC15M-26APR280000-00"",""trade_id"":""243d6862-016a-7ac8-1999-b69b26a55ea9"",""yes_price_dollars"":""0.5000""}"
KXBTC15M-26APR280000-00,318239a6-4bd7-6e86-426b-654733f1be48,1777347904,0.5,1.0,no,"{""count_fp"":""1.00"",""created_time"":""2026-04-28T03:45:04.644645Z"",""no_price_dollars"":""0.5000"",""taker_side"":""no"",""ticker"":""KXBTC15M-26APR280000-00"",""trade_id"":""318239a6-4bd7-6e86-426b-654733f1be48"",""yes_price_dollars"":""0.5000""}"
KXBTC15M-26APR280000-00,03ca2d86-a6d4-56df-edc2-9f48b88e2c44,1777347904,0.51,18.0,yes,"{""count_fp"":""18.00"",""created_time"":""2026-04-28T03:45:04.137516Z"",""no_price_dollars"":""0.4900"",""taker_side"":""yes"",""ticker"":""KXBTC15M-26APR280000-00"",""trade_id"":""03ca2d86-a6d4-56df-edc2-9f48b88e2c44"",""yes_price_dollars"":""0.5100""}"
KXBTC15M-26APR280000-00,9bb5a6e4-335c-790f-3b53-6ae944d4409e,1777347905,0.51,30.08,yes,"{""count_fp"":""30.08"",""created_time"":""2026-04-28T03:45:05.720805Z"",""no_price_dollars"":""0.4900"",""taker_side"":""yes"",""ticker"":""KXBTC15M-26APR280000-00"",""trade_id"":""9bb5a6e4-335c-790f-3b53-6ae944d4409e"",""yes_price_dollars"":""0.5100""}"
KXBTC15M-26APR280000-00,5957d53e-07cf-76fb-13d8-5dd8f7fd01e5,1777347905,0.51,23.0,yes,"{""count_fp"":""23.00"",""created_time"":""2026-04-28T03:45:05.720805Z"",""no_price_dollars"":""0.4900"",""taker_side"":""yes"",""ticker"":""KXBTC15M-26APR280000-00"",""trade_id"":""5957d53e-07cf-76fb-13d8-5dd8f7fd01e5"",""yes_price_dollars"":""0.5100""}"
KXBTC15M-26APR280000-00,c97fd068-9e48-76b7-b229-aac4be530cf0,1777347905,0.51,6.0,yes,"{""count_fp"":""6.00"",""created_time"":""2026-04-28T03:45:05.554477Z"",""no_price_dollars"":""0.4900"",""taker_side"":""yes"",""ticker"":""KXBTC15M-26APR280000-00"",""trade_id"":""c97fd068-9e48-76b7-b229-aac4be530cf0"",""yes_price_dollars"":""0.5100""}"
KXBTC15M-26APR280000-00,aef305d4-b523-78a7-828b-80b68333498d,1777347905,0.51,44.0,yes,"{""count_fp"":""44.00"",""created_time"":""2026-04-28T03:45:05.554477Z"",""no_price_dollars"":""0.4900"",""taker_side"":""yes"",""ticker"":""KXBTC15M-26APR280000-00"",""trade_id"":""aef305d4-b523-78a7-828b-80b68333498d"",""yes_price_dollars"":""0.5100""}"
KXBTC15M-26APR280000-00,6c5b78ca-f08f-45ee-7b83-68f917b3c530,1777347905,0.5,1.0,no,"{""count_fp"":""1.00"",""created_time"":""2026-04-28T03:45:05.284169Z"",""no_price_dollars"":""0.5000"",""taker_side"":""no"",""ticker"":""KXBTC15M-26APR280000-00"",""trade_id"":""6c5b78ca-f08f-45ee-7b83-68f917b3c530"",""yes_price_dollars"":""0.5000""}"
KXBTC15M-26APR280000-00,f8cdc356-ff27-593e-c4df-54655d144ee0,1777347906,0.5,11.0,no,"{""count_fp"":""11.00"",""created_time"":""2026-04-28T03:45:06.491327Z"",""no_price_dollars"":""0.5000"",""taker_side"":""no"",""ticker"":""KXBTC15M-26APR280000-00"",""trade_id"":""f8cdc356-ff27-593e-c4df-54655d144ee0"",""yes_price_dollars"":""0.5000""}"
KXBTC15M-26APR280000-00,c86bdee3-8c42-5988-f4bc-357dacae6519,1777347906,0.5,10.0,no,"{""count_fp"":""10.00"",""created_time"":""2026-04-28T03:45:06.491327Z"",""no_price_dollars"":""0.5000"",""taker_side"":""no"",""ticker"":""KXBTC15M-26APR280000-00"",""trade_id"":""c86bdee3-8c42-5988-f4bc-357dacae6519"",""yes_price_dollars"":""0.5000""}"
KXBTC15M-26APR280000-00,ae2c6dcc-14f9-5da6-e849-336d811be2c7,1777347906,0.5,32.91,no,"{""count_fp"":""32.91"",""created_time"":""2026-04-28T03:45:06.491327Z"",""no_price_dollars"":""0.5000"",""taker_side"":""no"",""ticker"":""KXBTC15M-26APR280000-00"",""trade_id"":""ae2c6dcc-14f9-5da6-e849-336d811be2c7"",""yes_price_dollars"":""0.5000""}"
KXBTC15M-26APR280000-00,df347813-351c-43d8-8f2f-9c52aaf64174,1777347908,0.49,0.75,no,"{""count_fp"":""0.75"",""created_time"":""2026-04-28T03:45:08.824895Z"",""no_price_dollars"":""0.5100"",""taker_side"":""no"",""ticker"":""KXBTC15M-26APR280000-00"",""trade_id"":""df347813-351c-43d8-8f2f-9c52aaf64174"",""yes_price_dollars"":""0.4900""}"
KXBTC15M-26APR280000-00,3c91c29a-7b6d-4a7a-bcc2-0691f8d3ca4f,1777347908,0.5,117.09,no,"{""count_fp"":""117.09"",""created_time"":""2026-04-28T03:45:08.824895Z"",""no_price_dollars"":""0.5000"",""taker_side"":""no"",""ticker"":""KXBTC15M-26APR280000-00"",""trade_id"":""3c91c29a-7b6d-4a7a-bcc2-0691f8d3ca4f"",""yes_price_dollars"":""0.5000""}"
KXBTC15M-26APR280000-00,fcc79ba6-4f27-4b79-d251-bcf28b951a22,1777347908,0.51,3.47,yes,"{""count_fp"":""3.47"",""created_time"":""2026-04-28T03:45:08.345538Z"",""no_price_dollars"":""0.4900"",""taker_side"":""yes"",""ticker"":""KXBTC15M-26APR280000-00"",""trade_id"":""fcc79ba6-4f27-4b79-d251-bcf28b951a22"",""yes_price_dollars"":""0.5100""}"
KXBTC15M-26APR280000-00,d8729300-9d1f-4fa0-f04c-7b1b6e320f43,1777347908,0.51,6.0,yes,"{""count_fp"":""6.00"",""created_time"":""2026-04-28T03:45:08.345538Z"",""no_price_dollars"":""0.4900"",""taker_side"":""yes"",""ticker"":""KXBTC15M-26APR280000-00"",""trade_id"":""d8729300-9d1f-4fa0-f04c-7b1b6e320f43"",""yes_price_dollars"":""0.5100""}"
KXBTC15M-26APR280000-00,44a8c8bc-63dc-5b60-32e5-2abc2f1ff24f,1777347909,0.5,19.32,no,"{""count_fp"":""19.32"",""created_time"":""2026-04-28T03:45:09.492914Z"",""no_price_dollars"":""0.5000"",""taker_side"":""no"",""ticker"":""KXBTC15M-26APR280000-00"",""trade_id"":""44a8c8bc-63dc-5b60-32e5-2abc2f1ff24f"",""yes_price_dollars"":""0.5000""}"
KXBTC15M-26APR280000-00,d5270f29-da54-53a0-3aaa-ea5ac9cd5ac7,1777347909,0.5,17.39,no,"{""count_fp"":""17.39"",""created_time"":""2026-04-28T03:45:09.073662Z"",""no_price_dollars"":""0.5000"",""taker_side"":""no"",""ticker"":""KXBTC15M-26APR280000-00"",""trade_id"":""d5270f29-da54-53a0-3aaa-ea5ac9cd5ac7"",""yes_price_dollars"":""0.5000""}"
KXBTC15M-26APR280000-00,9acd17be-4419-5867-4f23-0e9699bfa33f,1777347911,0.51,4.0,yes,"{""count_fp"":""4.00"",""created_time"":""2026-04-28T03:45:11.718399Z"",""no_price_dollars"":""0.4900"",""taker_side"":""yes"",""ticker"":""KXBTC15M-26APR280000-00"",""trade_id"":""9acd17be-4419-5867-4f23-0e9699bfa33f"",""yes_price_dollars"":""0.5100""}"
KXBTC15M-26APR280000-00,8d71079f-4a59-5646-5c2b-4da13062d51a,1777347911,0.5,11.0,yes,"{""count_fp"":""11.00"",""created_time"":""2026-04-28T03:45:11.718399Z"",""no_price_dollars"":""0.5000"",""taker_side"":""yes"",""ticker"":""KXBTC15M-26APR280000-00"",""trade_id"":""8d71079f-4a59-5646-5c2b-4da13062d51a"",""yes_price_dollars"":""0.5000""}"
KXBTC15M-26APR280000-00,85764570-eba3-5825-65b2-42f7a785727d,1777347911,0.51,5.0,yes,"{""count_fp"":""5.00"",""created_time"":""2026-04-28T03:45:11.718399Z"",""no_price_dollars"":""0.4900"",""taker_side"":""yes"",""ticker"":""KXBTC15M-26APR280000-00"",""trade_id"":""85764570-eba3-5825-65b2-42f7a785727d"",""yes_price_dollars"":""0.5100""}"
KXBTC15M-26APR280000-00,c25c5653-ad77-529b-e826-c6c667c79b10,1777347911,0.47,56.0,no,"{""count_fp"":""56.00"",""created_time"":""2026-04-28T03:45:11.132269Z"",""no_price_dollars"":""0.5300"",""taker_side"":""no"",""ticker"":""KXBTC15M-26APR280000-00"",""trade_id"":""c25c5653-ad77-529b-e826-c6c667c79b10"",""yes_price_dollars"":""0.4700""}"
KXBTC15M-26APR280000-00,a5cb867a-cf3c-530f-c300-efdb9d529a88,1777347911,0.47,10.0,no,"{""count_fp"":""10.00"",""created_time"":""2026-04-28T03:45:11.132269Z"",""no_price_dollars"":""0.5300"",""taker_side"":""no"",""ticker"":""KXBTC15M-26APR280000-00"",""trade_id"":""a5cb867a-cf3c-530f-c300-efdb9d529a88"",""yes_price_dollars"":""0.4700""}"
KXBTC15M-26APR280000-00,8515fa7a-6a17-5885-ed37-e2a6f638f740,1777347911,0.47,225.01,no,"{""count_fp"":""225.01"",""created_time"":""2026-04-28T03:45:11.132269Z"",""no_price_dollars"":""0.5300"",""taker_side"":""no"",""ticker"":""KXBTC15M-26APR280000-00"",""trade_id"":""8515fa7a-6a17-5885-ed37-e2a6f638f740"",""yes_price_dollars"":""0.4700""}"
KXBTC15M-26APR280000-00,84fb9ea3-7964-5546-fc43-6c0d16cdf996,1777347911,0.5,41.25,no,"{""count_fp"":""41.25"",""created_time"":""2026-04-28T03:45:11.132269Z"",""no_price_dollars"":""0.5000"",""taker_side"":""no"",""ticker"":""KXBTC15M-26APR280000-00"",""trade_id"":""84fb9ea3-7964-5546-fc43-6c0d16cdf996"",""yes_price_dollars"":""0.5000""}"
KXBTC15M-26APR280000-00,8213e675-2c0c-540d-c5d1-4ce1c32eb67d,1777347911,0.5,10.0,no,"{""count_fp"":""10.00"",""created_time"":""2026-04-28T03:45:11.132269Z"",""no_price_dollars"":""0.5000"",""taker_side"":""no"",""ticker"":""KXBTC15M-26APR280000-00"",""trade_id"":""8213e675-2c0c-540d-c5d1-4ce1c32eb67d"",""yes_price_dollars"":""0.5000""}"
KXBTC15M-26APR280000-00,81c98c2c-d57d-5841-c7c4-6e44223038e5,1777347911,0.48,20.0,no,"{""count_fp"":""20.00"",""created_time"":""2026-04-28T03:45:11.132269Z"",""no_price_dollars"":""0.5200"",""taker_side"":""no"",""ticker"":""KXBTC15M-26APR280000-00"",""trade_id"":""81c98c2c-d57d-5841-c7c4-6e44223038e5"",""yes_price_dollars"":""0.4800""}"
KXBTC15M-26APR280000-00,3be02124-1f4e-523c-f397-3899549e34f2,1777347911,0.49,5.0,no,"{""count_fp"":""5.00"",""created_time"":""2026-04-28T03:45:11.132269Z"",""no_price_dollars"":""0.5100"",""taker_side"":""no"",""ticker"":""KXBTC15M-26APR280000-00"",""trade_id"":""3be02124-1f4e-523c-f397-3899549e34f2"",""yes_price_dollars"":""0.4900""}"
KXBTC15M-26APR280000-00,2490870a-7934-5d3c-e9e1-0c3d130613d7,1777347911,0.5,83.31,no,"{""count_fp"":""83.31"",""created_time"":""2026-04-28T03:45:11.132269Z"",""no_price_dollars"":""0.5000"",""taker_side"":""no"",""ticker"":""KXBTC15M-26APR280000-00"",""trade_id"":""2490870a-7934-5d3c-e9e1-0c3d130613d7"",""yes_price_dollars"":""0.5000""}"
KXBTC15M-26APR280000-00,11e7b3eb-0c21-5219-c712-8d74cb0fb7ed,1777347911,0.49,10.0,no,"{""count_fp"":""10.00"",""created_time"":""2026-04-28T03:45:11.132269Z"",""no_price_dollars"":""0.5100"",""taker_side"":""no"",""ticker"":""KXBTC15M-26APR280000-00"",""trade_id"":""11e7b3eb-0c21-5219-c712-8d74cb0fb7ed"",""yes_price_dollars"":""0.4900""}"
KXBTC15M-26APR280000-00,08b07dd7-7084-5cdc-097b-d779a2802aef,1777347911,0.5,1.0,no,"{""count_fp"":""1.00"",""created_time"":""2026-04-28T03:45:11.087638Z"",""no_price_dollars"":""0.5000"",""taker_side"":""no"",""ticker"":""KXBTC15M-26APR280000-00"",""trade_id"":""08b07dd7-7084-5cdc-097b-d779a2802aef"",""yes_price_dollars"":""0.5000""}"
KXBTC15M-26APR280000-00,23c63630-c4cc-4ec6-8ba2-518ed511f9e1,1777347912,0.49,131.46,no,"{""count_fp"":""131.46"",""created_time"":""2026-04-28T03:45:12.197157Z"",""no_price_dollars"":""0.5100"",""taker_side"":""no"",""ticker"":""KXBTC15M-26APR280000-00"",""trade_id"":""23c63630-c4cc-4ec6-8ba2-518ed511f9e1"",""yes_price_dollars"":""0.4900""}"
KXBTC15M-26APR280000-00,ff08b919-f226-781c-f3de-229ec35e98b1,1777347913,0.5,10.0,yes,"{""count_fp"":""10.00"",""created_time"":""2026-04-28T03:45:13.895744Z"",""no_price_dollars"":""0.5000"",""taker_side"":""yes"",""ticker"":""KXBTC15M-26APR280000-00"",""trade_id"":""ff08b919-f226-781c-f3de-229ec35e98b1"",""yes_price_dollars"":""0.5000""}"
KXBTC15M-26APR280000-00,235c512a-f68a-5780-6c88-78adbe473c99,1777347913,0.5,1.0,yes,"{""count_fp"":""1.00"",""created_time"":""2026-04-28T03:45:13.357461Z"",""no_price_dollars"":""0.5000"",""taker_side"":""yes"",""ticker"":""KXBTC15M-26APR280000-00"",""trade_id"":""235c512a-f68a-5780-6c88-78adbe473c99"",""yes_price_dollars"":""0.5000""}"
KXBTC15M-26APR280000-00,ed8e3faa-f924-4541-936a-b24d3af3889a,1777347913,0.49,140.7,no,"{""count_fp"":""140.70"",""created_time"":""2026-04-28T03:45:13.234452Z"",""no_price_dollars"":""0.5100"",""taker_side"":""no"",""ticker"":""KXBTC15M-26APR280000-00"",""trade_id"":""ed8e3faa-f924-4541-936a-b24d3af3889a"",""yes_price_dollars"":""0.4900""}"
KXBTC15M-26APR280000-00,e4dff74f-dda0-4d5f-95fc-718c68a9a5c6,1777347913,0.48,11.0,no,"{""count_fp"":""11.00"",""created_time"":""2026-04-28T03:45:13.234452Z"",""no_price_dollars"":""0.5200"",""taker_side"":""no"",""ticker"":""KXBTC15M-26APR280000-00"",""trade_id"":""e4dff74f-dda0-4d5f-95fc-718c68a9a5c6"",""yes_price_dollars"":""0.4800""}"
KXBTC15M-26APR280000-00,e1b384c2-3587-4ba9-89e5-e6cbe37b219b,1777347913,0.49,30.0,no,"{""count_fp"":""30.00"",""created_time"":""2026-04-28T03:45:13.234452Z"",""no_price_dollars"":""0.5100"",""taker_side"":""no"",""ticker"":""KXBTC15M-26APR280000-00"",""trade_id"":""e1b384c2-3587-4ba9-89e5-e6cbe37b219b"",""yes_price_dollars"":""0.4900""}"
KXBTC15M-26APR280000-00,daf80ed8-ff19-43e4-96c1-8479e5656fc0,1777347913,0.46,1.0,no,"{""count_fp"":""1.00"",""created_time"":""2026-04-28T03:45:13.234452Z"",""no_price_dollars"":""0.5400"",""taker_side"":""no"",""ticker"":""KXBTC15M-26APR280000-00"",""trade_id"":""daf80ed8-ff19-43e4-96c1-8479e5656fc0"",""yes_price_dollars"":""0.4600""}"
KXBTC15M-26APR280000-00,8d35f5fe-ea41-449b-8eea-40654c7751a9,1777347913,0.48,10.0,no,"{""count_fp"":""10.00"",""created_time"":""2026-04-28T03:45:13.234452Z"",""no_price_dollars"":""0.5200"",""taker_side"":""no"",""ticker"":""KXBTC15M-26APR280000-00"",""trade_id"":""8d35f5fe-ea41-449b-8eea-40654c7751a9"",""yes_price_dollars"":""0.4800""}"
KXBTC15M-26APR280000-00,8cb6da9e-c4ba-424a-9f4c-40f9f9afa13e,1777347913,0.46,39.33,no,"{""count_fp"":""39.33"",""created_time"":""2026-04-28T03:45:13.234452Z"",""no_price_dollars"":""0.5400"",""taker_side"":""no"",""ticker"":""KXBTC15M-26APR280000-00"",""trade_id"":""8cb6da9e-c4ba-424a-9f4c-40f9f9afa13e"",""yes_price_dollars"":""0.4600""}"
KXBTC15M-26APR280000-00,4008f989-7116-4954-a8a4-170349412f5f,1777347913,0.46,1.0,no,"{""count_fp"":""1.00"",""created_time"":""2026-04-28T03:45:13.234452Z"",""no_price_dollars"":""0.5400"",""taker_side"":""no"",""ticker"":""KXBTC15M-26APR280000-00"",""trade_id"":""4008f989-7116-4954-a8a4-170349412f5f"",""yes_price_dollars"":""0.4600""}"
KXBTC15M-26APR280000-00,2b8565ac-d845-4be3-91c2-cde4909b6ecf,1777347913,0.48,8.88,no,"{""count_fp"":""8.88"",""created_time"":""2026-04-28T03:45:13.234452Z"",""no_price_dollars"":""0.5200"",""taker_side"":""no"",""ticker"":""KXBTC15M-26APR280000-00"",""trade_id"":""2b8565ac-d845-4be3-91c2-cde4909b6ecf"",""yes_price_dollars"":""0.4800""}"
KXBTC15M-26APR280000-00,24187cae-fbf7-4e0a-bd95-c28d82b04688,1777347913,0.48,11.12,no,"{""count_fp"":""11.12"",""created_time"":""2026-04-28T03:45:13.234452Z"",""no_price_dollars"":""0.5200"",""taker_side"":""no"",""ticker"":""KXBTC15M-26APR280000-00"",""trade_id"":""24187cae-fbf7-4e0a-bd95-c28d82b04688"",""yes_price_dollars"":""0.4800""}"
KXBTC15M-26APR280000-00,4fe0b0a5-27f8-50b6-7728-efe4edf7e20a,1777347913,0.51,31.14,yes,"{""count_fp"":""31.14"",""created_time"":""2026-04-28T03:45:13.062787Z"",""no_price_dollars"":""0.4900"",""taker_side"":""yes"",""ticker"":""KXBTC15M-26APR280000-00"",""trade_id"":""4fe0b0a5-27f8-50b6-7728-efe4edf7e20a"",""yes_price_dollars"":""0.5100""}"
KXBTC15M-26APR280000-00,4d50a945-dba1-5c5c-7808-413ab5c9c493,1777347913,0.51,16.0,yes,"{""count_fp"":""16.00"",""created_time"":""2026-04-28T03:45:13.062787Z"",""no_price_dollars"":""0.4900"",""taker_side"":""yes"",""ticker"":""KXBTC15M-26APR280000-00"",""trade_id"":""4d50a945-dba1-5c5c-7808-413ab5c9c493"",""yes_price_dollars"":""0.5100""}"
KXBTC15M-26APR280000-00,ef81dce9-c518-672d-bb08-e1cb3e0eb002,1777347913,0.49,9.3,no,"{""count_fp"":""9.30"",""created_time"":""2026-04-28T03:45:13.023014Z"",""no_price_dollars"":""0.5100"",""taker_side"":""no"",""ticker"":""KXBTC15M-26APR280000-00"",""trade_id"":""ef81dce9-c518-672d-bb08-e1cb3e0eb002"",""yes_price_dollars"":""0.4900""}"
KXBTC15M-26APR280000-00,ea979189-2130-6dc9-c82f-02b8d33393f8,1777347914,0.5,11.96,no,"{""count_fp"":""11.96"",""created_time"":""2026-04-28T03:45:14.972301Z"",""no_price_dollars"":""0.5000"",""taker_side"":""no"",""ticker"":""KXBTC15M-26APR280000-00"",""trade_id"":""ea979189-2130-6dc9-c82f-02b8d33393f8"",""yes_price_dollars"":""0.5000""}"
KXBTC15M-26APR280000-00,bcacfeaf-f6f4-6ec1-ff54-3aabfcea2dd6,1777347914,0.5,44.91,no,"{""count_fp"":""44.91"",""created_time"":""2026-04-28T03:45:14.972301Z"",""no_price_dollars"":""0.5000"",""taker_side"":""no"",""ticker"":""KXBTC15M-26APR280000-00"",""trade_id"":""bcacfeaf-f6f4-6ec1-ff54-3aabfcea2dd6"",""yes_price_dollars"":""0.5000""}"
KXBTC15M-26APR280000-00,e9953410-6f3e-5323-4bd7-22ecee16ef07,1777347914,0.51,39.0,yes,"{""count_fp"":""39.00"",""created_time"":""2026-04-28T03:45:14.811306Z"",""no_price_dollars"":""0.4900"",""taker_side"":""yes"",""ticker"":""KXBTC15M-26APR280000-00"",""trade_id"":""e9953410-6f3e-5323-4bd7-22ecee16ef07"",""yes_price_dollars"":""0.5100""}"
KXBTC15M-26APR280000-00,97c0db31-f514-5ee9-e04e-4bffd31f200a,1777347914,0.5,10.09,no,"{""count_fp"":""10.09"",""created_time"":""2026-04-28T03:45:14.794921Z"",""no_price_dollars"":""0.5000"",""taker_side"":""no"",""ticker"":""KXBTC15M-26APR280000-00"",""trade_id"":""97c0db31-f514-5ee9-e04e-4bffd31f200a"",""yes_price_dollars"":""0.5000""}"
KXBTC15M-26APR280000-00,010430a2-964a-4eb4-d103-d06926000d9e,1777347914,0.5,43.0,yes,"{""count_fp"":""43.00"",""created_time"":""2026-04-28T03:45:14.655685Z"",""no_price_dollars"":""0.5000"",""taker_side"":""yes"",""ticker"":""KXBTC15M-26APR280000-00"",""trade_id"":""010430a2-964a-4eb4-d103-d06926000d9e"",""yes_price_dollars"":""0.5000""}"
KXBTC15M-26APR280000-00,4a655059-f96e-7a68-37b5-4416a616990e,1777347914,0.5,7.0,yes,"{""count_fp"":""7.00"",""created_time"":""2026-04-28T03:45:14.435134Z"",""no_price_dollars"":""0.5000"",""taker_side"":""yes"",""ticker"":""KXBTC15M-26APR280000-00"",""trade_id"":""4a655059-f96e-7a68-37b5-4416a616990e"",""yes_price_dollars"":""0.5000""}"
KXBTC15M-26APR280000-00,3410b69f-7e0a-7378-39e6-d4f8889f5a3d,1777347914,0.5,3.0,yes,"{""count_fp"":""3.00"",""created_time"":""2026-04-28T03:45:14.435134Z"",""no_price_dollars"":""0.5000"",""taker_side"":""yes"",""ticker"":""KXBTC15M-26APR280000-00"",""trade_id"":""3410b69f-7e0a-7378-39e6-d4f8889f5a3d"",""yes_price_dollars"":""0.5000""}"
KXBTC15M-26APR280000-00,05efb3a2-1203-7fe1-6310-af1e9bdb22c4,1777347915,0.5,1.0,no,"{""count_fp"":""1.00"",""created_time"":""2026-04-28T03:45:15.856217Z"",""no_price_dollars"":""0.5000"",""taker_side"":""no"",""ticker"":""KXBTC15M-26APR280000-00"",""trade_id"":""05efb3a2-1203-7fe1-6310-af1e9bdb22c4"",""yes_price_dollars"":""0.5000""}"
KXBTC15M-26APR280000-00,6f69ffb9-0384-64bd-58ed-db710ebae554,1777347915,0.5,27.4,no,"{""count_fp"":""27.40"",""created_time"":""2026-04-28T03:45:15.401031Z"",""no_price_dollars"":""0.5000"",""taker_side"":""no"",""ticker"":""KXBTC15M-26APR280000-00"",""trade_id"":""6f69ffb9-0384-64bd-58ed-db710ebae554"",""yes_price_dollars"":""0.5000""}"
KXBTC15M-26APR280000-00,2ef27287-1028-5e41-66ec-0c330b4ab880,1777347915,0.5,31.05,no,"{""count_fp"":""31.05"",""created_time"":""2026-04-28T03:45:15.374227Z"",""no_price_dollars"":""0.5000"",""taker_side"":""no"",""ticker"":""KXBTC15M-26APR280000-00"",""trade_id"":""2ef27287-1028-5e41-66ec-0c330b4ab880"",""yes_price_dollars"":""0.5000""}"
KXBTC15M-26APR280000-00,179d2184-06d4-7be5-f072-1f24256272a0,1777347915,0.5,4.0,no,"{""count_fp"":""4.00"",""created_time"":""2026-04-28T03:45:15.082763Z"",""no_price_dollars"":""0.5000"",""taker_side"":""no"",""ticker"":""KXBTC15M-26APR280000-00"",""trade_id"":""179d2184-06d4-7be5-f072-1f24256272a0"",""yes_price_dollars"":""0.5000""}"
KXBTC15M-26APR280000-00,ca828f5c-356f-7eae-f448-2903221db410,1777347916,0.5,12.0,no,"{""count_fp"":""12.00"",""created_time"":""2026-04-28T03:45:16.407667Z"",""no_price_dollars"":""0.5000"",""taker_side"":""no"",""ticker"":""KXBTC15M-26APR280000-00"",""trade_id"":""ca828f5c-356f-7eae-f448-2903221db410"",""yes_price_dollars"":""0.5000""}"
KXBTC15M-26APR280000-00,d57f7c0d-acab-66fa-c4bd-6fe5ae1c2acc,1777347917,0.5,1.93,no,"{""count_fp"":""1.93"",""created_time"":""2026-04-28T03:45:17.985957Z"",""no_price_dollars"":""0.5000"",""taker_side"":""no"",""ticker"":""KXBTC15M-26APR280000-00"",""trade_id"":""d57f7c0d-acab-66fa-c4bd-6fe5ae1c2acc"",""yes_price_dollars"":""0.5000""}"
KXBTC15M-26APR280000-00,ea89bea1-99bb-451e-3049-3c2f6f783a78,1777347917,0.5,3.79,no,"{""count_fp"":""3.79"",""created_time"":""2026-04-28T03:45:17.899044Z"",""no_price_dollars"":""0.5000"",""taker_side"":""no"",""ticker"":""KXBTC15M-26APR280000-00"",""trade_id"":""ea89bea1-99bb-451e-3049-3c2f6f783a78"",""yes_price_dollars"":""0.5000""}"
KXBTC15M-26APR280000-00,0d320246-752f-67aa-2750-36f358b34c64,1777347917,0.5,1.0,no,"{""count_fp"":""1.00"",""created_time"":""2026-04-28T03:45:17.393568Z"",""no_price_dollars"":""0.5000"",""taker_side"":""no"",""ticker"":""KXBTC15M-26APR280000-00"",""trade_id"":""0d320246-752f-67aa-2750-36f358b34c64"",""yes_price_dollars"":""0.5000""}"
KXBTC15M-26APR280000-00,3b6efb1d-d50b-4706-7a71-3dc6593d0f98,1777347917,0.5,96.61,no,"{""count_fp"":""96.61"",""created_time"":""2026-04-28T03:45:17.076951Z"",""no_price_dollars"":""0.5000"",""taker_side"":""no"",""ticker"":""KXBTC15M-26APR280000-00"",""trade_id"":""3b6efb1d-d50b-4706-7a71-3dc6593d0f98"",""yes_price_dollars"":""0.5000""}"
KXBTC15M-26APR280000-00,4ce1d354-d3cf-5f10-5880-6b69ff28cc09,1777347918,0.5,7.72,no,"{""count_fp"":""7.72"",""created_time"":""2026-04-28T03:45:18.755367Z"",""no_price_dollars"":""0.5000"",""taker_side"":""no"",""ticker"":""KXBTC15M-26APR280000-00"",""trade_id"":""4ce1d354-d3cf-5f10-5880-6b69ff28cc09"",""yes_price_dollars"":""0.5000""}"
KXBTC15M-26APR280000-00,c5a25960-1fc3-4f13-29b9-34a9735df37a,1777347918,0.51,14.0,yes,"{""count_fp"":""14.00"",""created_time"":""2026-04-28T03:45:18.724388Z"",""no_price_dollars"":""0.4900"",""taker_side"":""yes"",""ticker"":""KXBTC15M-26APR280000-00"",""trade_id"":""c5a25960-1fc3-4f13-29b9-34a9735df37a"",""yes_price_dollars"":""0.5100""}"
KXBTC15M-26APR280000-00,82b7e7f5-ec72-4dcc-330f-d30aedcaadf8,1777347918,0.51,3.0,yes,"{""count_fp"":""3.00"",""created_time"":""2026-04-28T03:45:18.724388Z"",""no_price_dollars"":""0.4900"",""taker_side"":""yes"",""ticker"":""KXBTC15M-26APR280000-00"",""trade_id"":""82b7e7f5-ec72-4dcc-330f-d30aedcaadf8"",""yes_price_dollars"":""0.5100""}"
KXBTC15M-26APR280000-00,68e234e5-3d1a-4b93-2443-888079fdbe93,1777347918,0.51,6.0,yes,"{""count_fp"":""6.00"",""created_time"":""2026-04-28T03:45:18.724388Z"",""no_price_dollars"":""0.4900"",""taker_side"":""yes"",""ticker"":""KXBTC15M-26APR280000-00"",""trade_id"":""68e234e5-3d1a-4b93-2443-888079fdbe93"",""yes_price_dollars"":""0.5100""}"
KXBTC15M-26APR280000-00,6615ba6e-b1f9-406e-0b69-54af1f0796d3,1777347918,0.51,10.0,yes,"{""count_fp"":""10.00"",""created_time"":""2026-04-28T03:45:18.724388Z"",""no_price_dollars"":""0.4900"",""taker_side"":""yes"",""ticker"":""KXBTC15M-26APR280000-00"",""trade_id"":""6615ba6e-b1f9-406e-0b69-54af1f0796d3"",""yes_price_dollars"":""0.5100""}"
KXBTC15M-26APR280000-00,0f68e4b6-8403-44c8-3ac5-fdab30f00837,1777347918,0.51,41.0,yes,"{""count_fp"":""41.00"",""created_time"":""2026-04-28T03:45:18.724388Z"",""no_price_dollars"":""0.4900"",""taker_side"":""yes"",""ticker"":""KXBTC15M-26APR280000-00"",""trade_id"":""0f68e4b6-8403-44c8-3ac5-fdab30f00837"",""yes_price_dollars"":""0.5100""}"
KXBTC15M-26APR280000-00,0c80bcb7-57e6-7417-d9a4-87149749fd4b,1777347918,0.51,5.0,yes,"{""count_fp"":""5.00"",""created_time"":""2026-04-28T03:45:18.589635Z"",""no_price_dollars"":""0.4900"",""taker_side"":""yes"",""ticker"":""KXBTC15M-26APR280000-00"",""trade_id"":""0c80bcb7-57e6-7417-d9a4-87149749fd4b"",""yes_price_dollars"":""0.5100""}"
KXBTC15M-26APR280000-00,2a1f0038-ef97-6b8d-0943-198f2372516c,1777347919,0.5,1.0,no,"{""count_fp"":""1.00"",""created_time"":""2026-04-28T03:45:19.993018Z"",""no_price_dollars"":""0.5000"",""taker_side"":""no"",""ticker"":""KXBTC15M-26APR280000-00"",""trade_id"":""2a1f0038-ef97-6b8d-0943-198f2372516c"",""yes_price_dollars"":""0.5000""}"
KXBTC15M-26APR280000-00,da8d7b20-837f-52e0-0ce2-cbe3a93d85a1,1777347919,0.5,12.28,no,"{""count_fp"":""12.28"",""created_time"":""2026-04-28T03:45:19.760838Z"",""no_price_dollars"":""0.5000"",""taker_side"":""no"",""ticker"":""KXBTC15M-26APR280000-00"",""trade_id"":""da8d7b20-837f-52e0-0ce2-cbe3a93d85a1"",""yes_price_dollars"":""0.5000""}"
KXBTC15M-26APR280000-00,67e100b4-84c2-54a2-0301-3368e3e62ec5,1777347919,0.5,1.0,no,"{""count_fp"":""1.00"",""created_time"":""2026-04-28T03:45:19.760838Z"",""no_price_dollars"":""0.5000"",""taker_side"":""no"",""ticker"":""KXBTC15M-26APR280000-00"",""trade_id"":""67e100b4-84c2-54a2-0301-3368e3e62ec5"",""yes_price_dollars"":""0.5000""}"
KXBTC15M-26APR280000-00,4ac02a98-28ef-5e83-20a3-a951a21c9902,1777347919,0.5,7.0,no,"{""count_fp"":""7.00"",""created_time"":""2026-04-28T03:45:19.760838Z"",""no_price_dollars"":""0.5000"",""taker_side"":""no"",""ticker"":""KXBTC15M-26APR280000-00"",""trade_id"":""4ac02a98-28ef-5e83-20a3-a951a21c9902"",""yes_price_dollars"":""0.5000""}"
KXBTC15M-26APR280000-00,3462121f-8187-59f1-3dc6-4b0a28930c2c,1777347919,0.5,7.46,no,"{""count_fp"":""7.46"",""created_time"":""2026-04-28T03:45:19.760838Z"",""no_price_dollars"":""0.5000"",""taker_side"":""no"",""ticker"":""KXBTC15M-26APR280000-00"",""trade_id"":""3462121f-8187-59f1-3dc6-4b0a28930c2c"",""yes_price_dollars"":""0.5000""}"
KXBTC15M-26APR280000-00,9e1d8b21-a85a-6ad2-4088-b6a07204b5f8,1777347919,0.51,3.0,yes,"{""count_fp"":""3.00"",""created_time"":""2026-04-28T03:45:19.377671Z"",""no_price_dollars"":""0.4900"",""taker_side"":""yes"",""ticker"":""KXBTC15M-26APR280000-00"",""trade_id"":""9e1d8b21-a85a-6ad2-4088-b6a07204b5f8"",""yes_price_dollars"":""0.5100""}"
KXBTC15M-26APR280000-00,3c7d92a7-4b0f-646b-7173-fd6936a268c2,1777347919,0.51,15.0,yes,"{""count_fp"":""15.00"",""created_time"":""2026-04-28T03:45:19.377671Z"",""no_price_dollars"":""0.4900"",""taker_side"":""yes"",""ticker"":""KXBTC15M-26APR280000-00"",""trade_id"":""3c7d92a7-4b0f-646b-7173-fd6936a268c2"",""yes_price_dollars"":""0.5100""}"
KXBTC15M-26APR280000-00,922f4b12-14b1-6476-cfa3-32a25ac512e7,1777347919,0.51,0.28,yes,"{""count_fp"":""0.28"",""created_time"":""2026-04-28T03:45:19.133027Z"",""no_price_dollars"":""0.4900"",""taker_side"":""yes"",""ticker"":""KXBTC15M-26APR280000-00"",""trade_id"":""922f4b12-14b1-6476-cfa3-32a25ac512e7"",""yes_price_dollars"":""0.5100""}"
KXBTC15M-26APR280000-00,6344b2b8-356a-6647-ebf5-164906c9670d,1777347919,0.51,3.0,yes,"{""count_fp"":""3.00"",""created_time"":""2026-04-28T03:45:19.133027Z"",""no_price_dollars"":""0.4900"",""taker_side"":""yes"",""ticker"":""KXBTC15M-26APR280000-00"",""trade_id"":""6344b2b8-356a-6647-ebf5-164906c9670d"",""yes_price_dollars"":""0.5100""}"
KXBTC15M-26APR280000-00,afcb9d0b-8634-5e68-0293-0ee73ac9bc49,1777347920,0.51,3.0,yes,"{""count_fp"":""3.00"",""created_time"":""2026-04-28T03:45:20.598905Z"",""no_price_dollars"":""0.4900"",""taker_side"":""yes"",""ticker"":""KXBTC15M-26APR280000-00"",""trade_id"":""afcb9d0b-8634-5e68-0293-0ee73ac9bc49"",""yes_price_dollars"":""0.5100""}"
KXBTC15M-26APR280000-00,8ab13cf0-7500-50fd-108f-76337276b7d6,1777347920,0.51,90.39,yes,"{""count_fp"":""90.39"",""created_time"":""2026-04-28T03:45:20.598905Z"",""no_price_dollars"":""0.4900"",""taker_side"":""yes"",""ticker"":""KXBTC15M-26APR280000-00"",""trade_id"":""8ab13cf0-7500-50fd-108f-76337276b7d6"",""yes_price_dollars"":""0.5100""}"
KXBTC15M-26APR280000-00,46154d4a-f2ff-6ba9-1121-2ed35a6494e0,1777347920,0.5,38.64,no,"{""count_fp"":""38.64"",""created_time"":""2026-04-28T03:45:20.067399Z"",""no_price_dollars"":""0.5000"",""taker_side"":""no"",""ticker"":""KXBTC15M-26APR280000-00"",""trade_id"":""46154d4a-f2ff-6ba9-1121-2ed35a6494e0"",""yes_price_dollars"":""0.5000""}"
KXBTC15M-26APR280000-00,a53ef072-c9c5-4231-befd-efd627e906fe,1777347921,0.5,0.96,no,"{""count_fp"":""0.96"",""created_time"":""2026-04-28T03:45:21.889443Z"",""no_price_dollars"":""0.5000"",""taker_side"":""no"",""ticker"":""KXBTC15M-26APR280000-00"",""trade_id"":""a53ef072-c9c5-4231-befd-efd627e906fe"",""yes_price_dollars"":""0.5000""}"
KXBTC15M-26APR280000-00,a08409a3-cc09-4a2d-4185-bfa861b070b6,1777347921,0.5,0.02,no,"{""count_fp"":""0.02"",""created_time"":""2026-04-28T03:45:21.835062Z"",""no_price_dollars"":""0.5000"",""taker_side"":""no"",""ticker"":""KXBTC15M-26APR280000-00"",""trade_id"":""a08409a3-cc09-4a2d-4185-bfa861b070b6"",""yes_price_dollars"":""0.5000""}"
KXBTC15M-26APR280000-00,0932c1f2-462b-4b73-6be3-d4922ab235c9,1777347921,0.5,7.98,no,"{""count_fp"":""7.98"",""created_time"":""2026-04-28T03:45:21.835062Z"",""no_price_dollars"":""0.5000"",""taker_side"":""no"",""ticker"":""KXBTC15M-26APR280000-00"",""trade_id"":""0932c1f2-462b-4b73-6be3-d4922ab235c9"",""yes_price_dollars"":""0.5000""}"
KXBTC15M-26APR280000-00,d85944a4-ef1e-4232-0ac5-aa6785ba40f6,1777347921,0.5,5.02,no,"{""count_fp"":""5.02"",""created_time"":""2026-04-28T03:45:21.571403Z"",""no_price_dollars"":""0.5000"",""taker_side"":""no"",""ticker"":""KXBTC15M-26APR280000-00"",""trade_id"":""d85944a4-ef1e-4232-0ac5-aa6785ba40f6"",""yes_price_dollars"":""0.5000""}"
KXBTC15M-26APR280000-00,7df19876-b8ea-4b60-16ac-cc3797ec6328,1777347921,0.5,10.0,no,"{""count_fp"":""10.00"",""created_time"":""2026-04-28T03:45:21.571403Z"",""no_price_dollars"":""0.5000"",""taker_side"":""no"",""ticker"":""KXBTC15M-26APR280000-00"",""trade_id"":""7df19876-b8ea-4b60-16ac-cc3797ec6328"",""yes_price_dollars"":""0.5000""}"
KXBTC15M-26APR280000-00,410fdf5b-e18f-460b-0261-40ed8baeaa45,1777347921,0.5,4.3,no,"{""count_fp"":""4.30"",""created_time"":""2026-04-28T03:45:21.571403Z"",""no_price_dollars"":""0.5000"",""taker_side"":""no"",""ticker"":""KXBTC15M-26APR280000-00"",""trade_id"":""410fdf5b-e18f-460b-0261-40ed8baeaa45"",""yes_price_dollars"":""0.5000""}"
KXBTC15M-26APR280000-00,9fd65630-a4e9-721f-8d8d-b2bcf2f798b0,1777347922,0.5,20.0,no,"{""count_fp"":""20.00"",""created_time"":""2026-04-28T03:45:22.934935Z"",""no_price_dollars"":""0.5000"",""taker_side"":""no"",""ticker"":""KXBTC15M-26APR280000-00"",""trade_id"":""9fd65630-a4e9-721f-8d8d-b2bcf2f798b0"",""yes_price_dollars"":""0.5000""}"
KXBTC15M-26APR280000-00,3c5a7699-8c28-752e-b99f-17c1d37c2417,1777347922,0.5,0.81,no,"{""count_fp"":""0.81"",""created_time"":""2026-04-28T03:45:22.934935Z"",""no_price_dollars"":""0.5000"",""taker_side"":""no"",""ticker"":""KXBTC15M-26APR280000-00"",""trade_id"":""3c5a7699-8c28-752e-b99f-17c1d37c2417"",""yes_price_dollars"":""0.5000""}"
KXBTC15M-26APR280000-00,150847a5-cb86-74ac-8fa7-883e46814eb6,1777347922,0.49,0.44,no,"{""count_fp"":""0.44"",""created_time"":""2026-04-28T03:45:22.934935Z"",""no_price_dollars"":""0.5100"",""taker_side"":""no"",""ticker"":""KXBTC15M-26APR280000-00"",""trade_id"":""150847a5-cb86-74ac-8fa7-883e46814eb6"",""yes_price_dollars"":""0.4900""}"
KXBTC15M-26APR280000-00,8132ecae-9a6c-5682-3b4a-df4fc83b91c7,1777347922,0.5,0.19,no,"{""count_fp"":""0.19"",""created_time"":""2026-04-28T03:45:22.747614Z"",""no_price_dollars"":""0.5000"",""taker_side"":""no"",""ticker"":""KXBTC15M-26APR280000-00"",""trade_id"":""8132ecae-9a6c-5682-3b4a-df4fc83b91c7"",""yes_price_dollars"":""0.5000""}"
KXBTC15M-26APR280000-00,ebe4d036-5264-643b-f049-482b6d9193d5,1777347922,0.51,14.0,yes,"{""count_fp"":""14.00"",""created_time"":""2026-04-28T03:45:22.491956Z"",""no_price_dollars"":""0.4900"",""taker_side"":""yes"",""ticker"":""KXBTC15M-26APR280000-00"",""trade_id"":""ebe4d036-5264-643b-f049-482b6d9193d5"",""yes_price_dollars"":""0.5100""}"
KXBTC15M-26APR280000-00,e6c8356b-6961-6969-c8fa-2fe587521170,1777347922,0.52,0.63,yes,"{""count_fp"":""0.63"",""created_time"":""2026-04-28T03:45:22.491956Z"",""no_price_dollars"":""0.4800"",""taker_side"":""yes"",""ticker"":""KXBTC15M-26APR280000-00"",""trade_id"":""e6c8356b-6961-6969-c8fa-2fe587521170"",""yes_price_dollars"":""0.5200""}"
KXBTC15M-26APR280000-00,77a81ff8-2724-6573-de66-6be8f26facd7,1777347922,0.51,3.0,yes,"{""count_fp"":""3.00"",""created_time"":""2026-04-28T03:45:22.491956Z"",""no_price_dollars"":""0.4900"",""taker_side"":""yes"",""ticker"":""KXBTC15M-26APR280000-00"",""trade_id"":""77a81ff8-2724-6573-de66-6be8f26facd7"",""yes_price_dollars"":""0.5100""}"
KXBTC15M-26APR280000-00,64e57752-2a55-636e-c91b-27f3207c59fa,1777347922,0.51,11.37,yes,"{""count_fp"":""11.37"",""created_time"":""2026-04-28T03:45:22.491956Z"",""no_price_dollars"":""0.4900"",""taker_side"":""yes"",""ticker"":""KXBTC15M-26APR280000-00"",""trade_id"":""64e57752-2a55-636e-c91b-27f3207c59fa"",""yes_price_dollars"":""0.5100""}"
KXBTC15M-26APR280000-00,08e5b4de-932c-6f0e-e82e-bad842453813,1777347923,0.51,3.79,yes,"{""count_fp"":""3.79"",""created_time"":""2026-04-28T03:45:23.707841Z"",""no_price_dollars"":""0.4900"",""taker_side"":""yes"",""ticker"":""KXBTC15M-26APR280000-00"",""trade_id"":""08e5b4de-932c-6f0e-e82e-bad842453813"",""yes_price_dollars"":""0.5100""}"
KXBTC15M-26APR280000-00,e157e861-baf3-674a-488c-52181baa180d,1777347923,0.49,6.06,no,"{""count_fp"":""6.06"",""created_time"":""2026-04-28T03:45:23.630004Z"",""no_price_dollars"":""0.5100"",""taker_side"":""no"",""ticker"":""KXBTC15M-26APR280000-00"",""trade_id"":""e157e861-baf3-674a-488c-52181baa180d"",""yes_price_dollars"":""0.4900""}"
KXBTC15M-26APR280000-00,026250af-ab5b-6402-4b38-7d1983a26ee1,1777347923,0.49,3.4,no,"{""count_fp"":""3.40"",""created_time"":""2026-04-28T03:45:23.630004Z"",""no_price_dollars"":""0.5100"",""taker_side"":""no"",""ticker"":""KXBTC15M-26APR280000-00"",""trade_id"":""026250af-ab5b-6402-4b38-7d1983a26ee1"",""yes_price_dollars"":""0.4900""}"
KXBTC15M-26APR280000-00,b940c15f-6a1e-7794-8f49-c5bc7b48c75a,1777347923,0.49,55.0,no,"{""count_fp"":""55.00"",""created_time"":""2026-04-28T03:45:23.622054Z"",""no_price_dollars"":""0.5100"",""taker_side"":""no"",""ticker"":""KXBTC15M-26APR280000-00"",""trade_id"":""b940c15f-6a1e-7794-8f49-c5bc7b48c75a"",""yes_price_dollars"":""0.4900""}"
KXBTC15M-26APR280000-00,4b7d85ca-7c26-7884-9d33-4f302214df13,1777347923,0.5,7.0,no,"{""count_fp"":""7.00"",""created_time"":""2026-04-28T03:45:23.622054Z"",""no_price_dollars"":""0.5000"",""taker_side"":""no"",""ticker"":""KXBTC15M-26APR280000-00"",""trade_id"":""4b7d85ca-7c26-7884-9d33-4f302214df13"",""yes_price_dollars"":""0.5000""}"
KXBTC15M-26APR280000-00,2470fe7f-9a63-7cd2-9578-417aca623e3e,1777347923,0.49,38.0,no,"{""count_fp"":""38.00"",""created_time"":""2026-04-28T03:45:23.622054Z"",""no_price_dollars"":""0.5100"",""taker_side"":""no"",""ticker"":""KXBTC15M-26APR280000-00"",""trade_id"":""2470fe7f-9a63-7cd2-9578-417aca623e3e"",""yes_price_dollars"":""0.4900""}"
KXBTC15M-26APR280000-00,1d6f1b06-bbb7-72f2-8341-e98c45ad722d,1777347923,0.49,13.94,no,"{""count_fp"":""13.94"",""created_time"":""2026-04-28T03:45:23.622054Z"",""no_price_dollars"":""0.5100"",""taker_side"":""no"",""ticker"":""KXBTC15M-26APR280000-00"",""trade_id"":""1d6f1b06-bbb7-72f2-8341-e98c45ad722d"",""yes_price_dollars"":""0.4900""}"
KXBTC15M-26APR280000-00,9e6a07df-43ed-5b4c-ff7c-9f4a486a3394,1777347923,0.5,10.0,yes,"{""count_fp"":""10.00"",""created_time"":""2026-04-28T03:45:23.582629Z"",""no_price_dollars"":""0.5000"",""taker_side"":""yes"",""ticker"":""KXBTC15M-26APR280000-00"",""trade_id"":""9e6a07df-43ed-5b4c-ff7c-9f4a486a3394"",""yes_price_dollars"":""0.5000""}"
KXBTC15M-26APR280000-00,56d67370-465e-53b3-cf6e-fdc6f5ea7c0a,1777347923,0.5,3.0,yes,"{""count_fp"":""3.00"",""created_time"":""2026-04-28T03:45:23.582629Z"",""no_price_dollars"":""0.5000"",""taker_side"":""yes"",""ticker"":""KXBTC15M-26APR280000-00"",""trade_id"":""56d67370-465e-53b3-cf6e-fdc6f5ea7c0a"",""yes_price_dollars"":""0.5000""}"
KXBTC15M-26APR280000-00,ac33bf7b-52d6-5cb8-754b-fe9d79334a2e,1777347923,0.49,0.56,no,"{""count_fp"":""0.56"",""created_time"":""2026-04-28T03:45:23.360273Z"",""no_price_dollars"":""0.5100"",""taker_side"":""no"",""ticker"":""KXBTC15M-26APR280000-00"",""trade_id"":""ac33bf7b-52d6-5cb8-754b-fe9d79334a2e"",""yes_price_dollars"":""0.4900""}"
KXBTC15M-26APR280000-00,316966ee-648f-40e5-4b2d-aa0e5c3983e1,1777347924,0.49,0.28,yes,"{""count_fp"":""0.28"",""created_time"":""2026-04-28T03:45:24.958791Z"",""no_price_dollars"":""0.5100"",""taker_side"":""yes"",""ticker"":""KXBTC15M-26APR280000-00"",""trade_id"":""316966ee-648f-40e5-4b2d-aa0e5c3983e1"",""yes_price_dollars"":""0.4900""}"
KXBTC15M-26APR280000-00,bf19f129-a427-54e5-ec49-fed7d965bee5,1777347924,0.49,85.3,yes,"{""count_fp"":""85.30"",""created_time"":""2026-04-28T03:45:24.298975Z"",""no_price_dollars"":""0.5100"",""taker_side"":""yes"",""ticker"":""KXBTC15M-26APR280000-00"",""trade_id"":""bf19f129-a427-54e5-ec49-fed7d965bee5"",""yes_price_dollars"":""0.4900""}"
KXBTC15M-26APR280000-00,d258d4a6-5e18-5816-15d9-abe3112a349e,1777347924,0.5,3.0,yes,"{""count_fp"":""3.00"",""created_time"":""2026-04-28T03:45:24.183844Z"",""no_price_dollars"":""0.5000"",""taker_side"":""yes"",""ticker"":""KXBTC15M-26APR280000-00"",""trade_id"":""d258d4a6-5e18-5816-15d9-abe3112a349e"",""yes_price_dollars"":""0.5000""}"
KXBTC15M-26APR280000-00,a5f4e3ec-9238-544b-3db6-f43c241d3e29,1777347924,0.5,11.06,yes,"{""count_fp"":""11.06"",""created_time"":""2026-04-28T03:45:24.183844Z"",""no_price_dollars"":""0.5000"",""taker_side"":""yes"",""ticker"":""KXBTC15M-26APR280000-00"",""trade_id"":""a5f4e3ec-9238-544b-3db6-f43c241d3e29"",""yes_price_dollars"":""0.5000""}"
KXBTC15M-26APR280000-00,77a5a772-1107-7f27-9287-01fd9e537357,1777347924,0.48,0.19,no,"{""count_fp"":""0.19"",""created_time"":""2026-04-28T03:45:24.121079Z"",""no_price_dollars"":""0.5200"",""taker_side"":""no"",""ticker"":""KXBTC15M-26APR280000-00"",""trade_id"":""77a5a772-1107-7f27-9287-01fd9e537357"",""yes_price_dollars"":""0.4800""}"
KXBTC15M-26APR280000-00,165c0663-a39b-7922-b4c6-b717b59d413d,1777347924,0.49,3.6,no,"{""count_fp"":""3.60"",""created_time"":""2026-04-28T03:45:24.121079Z"",""no_price_dollars"":""0.5100"",""taker_side"":""no"",""ticker"":""KXBTC15M-26APR280000-00"",""trade_id"":""165c0663-a39b-7922-b4c6-b717b59d413d"",""yes_price_dollars"":""0.4900""}"
KXBTC15M-26APR280000-00,80ff4bc3-75c8-5c16-b7b7-51345568722b,1777347925,0.49,9.0,yes,"{""count_fp"":""9.00"",""created_time"":""2026-04-28T03:45:25.955174Z"",""no_price_dollars"":""0.5100"",""taker_side"":""yes"",""ticker"":""KXBTC15M-26APR280000-00"",""trade_id"":""80ff4bc3-75c8-5c16-b7b7-51345568722b"",""yes_price_dollars"":""0.4900""}"
KXBTC15M-26APR280000-00,6e49241d-4350-7c56-cde3-aa72659436e7,1777347925,0.49,62.02,yes,"{""count_fp"":""62.02"",""created_time"":""2026-04-28T03:45:25.414463Z"",""no_price_dollars"":""0.5100"",""taker_side"":""yes"",""ticker"":""KXBTC15M-26APR280000-00"",""trade_id"":""6e49241d-4350-7c56-cde3-aa72659436e7"",""yes_price_dollars"":""0.4900""}"
KXBTC15M-26APR280000-00,f400a924-28bb-541d-e88d-1b09d5b555c9,1777347925,0.49,414.42,yes,"{""count_fp"":""414.42"",""created_time"":""2026-04-28T03:45:25.375004Z"",""no_price_dollars"":""0.5100"",""taker_side"":""yes"",""ticker"":""KXBTC15M-26APR280000-00"",""trade_id"":""f400a924-28bb-541d-e88d-1b09d5b555c9"",""yes_price_dollars"":""0.4900""}"
KXBTC15M-26APR280000-00,60559198-e5dc-5f7f-f0ac-40fad8f204a8,1777347925,0.49,56.0,yes,"{""count_fp"":""56.00"",""created_time"":""2026-04-28T03:45:25.375004Z"",""no_price_dollars"":""0.5100"",""taker_side"":""yes"",""ticker"":""KXBTC15M-26APR280000-00"",""trade_id"":""60559198-e5dc-5f7f-f0ac-40fad8f204a8"",""yes_price_dollars"":""0.4900""}"
KXBTC15M-26APR280000-00,1b166e1f-53b0-5caa-e55e-e74421ce2457,1777347925,0.49,471.57,yes,"{""count_fp"":""471.57"",""created_time"":""2026-04-28T03:45:25.375004Z"",""no_price_dollars"":""0.5100"",""taker_side"":""yes"",""ticker"":""KXBTC15M-26APR280000-00"",""trade_id"":""1b166e1f-53b0-5caa-e55e-e74421ce2457"",""yes_price_dollars"":""0.4900""}"
KXBTC15M-26APR280000-00,5359fd31-e723-6deb-86f9-37df3998cbdf,1777347925,0.48,0.38,no,"{""count_fp"":""0.38"",""created_time"":""2026-04-28T03:45:25.028499Z"",""no_price_dollars"":""0.5200"",""taker_side"":""no"",""ticker"":""KXBTC15M-26APR280000-00"",""trade_id"":""5359fd31-e723-6deb-86f9-37df3998cbdf"",""yes_price_dollars"":""0.4800""}"
KXBTC15M-26APR280000-00,ddaa191a-f48c-6cfa-c75c-baf2d0effbc7,1777347926,0.49,98.52,yes,"{""count_fp"":""98.52"",""created_time"":""2026-04-28T03:45:26.924918Z"",""no_price_dollars"":""0.5100"",""taker_side"":""yes"",""ticker"":""KXBTC15M-26APR280000-00"",""trade_id"":""ddaa191a-f48c-6cfa-c75c-baf2d0effbc7"",""yes_price_dollars"":""0.4900""}"
KXBTC15M-26APR280000-00,1e159d53-cd40-47ae-0e32-5b4219ca2e03,1777347926,0.49,1.0,yes,"{""count_fp"":""1.00"",""created_time"":""2026-04-28T03:45:26.548813Z"",""no_price_dollars"":""0.5100"",""taker_side"":""yes"",""ticker"":""KXBTC15M-26APR280000-00"",""trade_id"":""1e159d53-cd40-47ae-0e32-5b4219ca2e03"",""yes_price_dollars"":""0.4900""}"
KXBTC15M-26APR280000-00,9e26d082-372b-7902-95a0-7e52bcd36918,1777347926,0.48,0.57,no,"{""count_fp"":""0.57"",""created_time"":""2026-04-28T03:45:26.327497Z"",""no_price_dollars"":""0.5200"",""taker_side"":""no"",""ticker"":""KXBTC15M-26APR280000-00"",""trade_id"":""9e26d082-372b-7902-95a0-7e52bcd36918"",""yes_price_dollars"":""0.4800""}"
KXBTC15M-26APR280000-00,32c82e54-a4e3-71d7-94a7-10a9c42cbd1f,1777347926,0.48,0.43,no,"{""count_fp"":""0.43"",""created_time"":""2026-04-28T03:45:26.327497Z"",""no_price_dollars"":""0.5200"",""taker_side"":""no"",""ticker"":""KXBTC15M-26APR280000-00"",""trade_id"":""32c82e54-a4e3-71d7-94a7-10a9c42cbd1f"",""yes_price_dollars"":""0.4800""}"
KXBTC15M-26APR280000-00,fcab20b5-da44-497a-8564-62478f6b9ba3,1777347926,0.49,3.0,yes,"{""count_fp"":""3.00"",""created_time"":""2026-04-28T03:45:26.256709Z"",""no_price_dollars"":""0.5100"",""taker_side"":""yes"",""ticker"":""KXBTC15M-26APR280000-00"",""trade_id"":""fcab20b5-da44-497a-8564-62478f6b9ba3"",""yes_price_dollars"":""0.4900""}"
KXBTC15M-26APR280000-00,5788d7dd-2b88-77a7-bfea-5e5f8740a349,1777347927,0.47,9.85,yes,"{""count_fp"":""9.85"",""created_time"":""2026-04-28T03:45:27.930721Z"",""no_price_dollars"":""0.5300"",""taker_side"":""yes"",""ticker"":""KXBTC15M-26APR280000-00"",""trade_id"":""5788d7dd-2b88-77a7-bfea-5e5f8740a349"",""yes_price_dollars"":""0.4700""}"
KXBTC15M-26APR280000-00,28e0a765-672a-4a96-47f0-f93260b0acf6,1777347927,0.46,51.78,no,"{""count_fp"":""51.78"",""created_time"":""2026-04-28T03:45:27.799763Z"",""no_price_dollars"":""0.5400"",""taker_side"":""no"",""ticker"":""KXBTC15M-26APR280000-00"",""trade_id"":""28e0a765-672a-4a96-47f0-f93260b0acf6"",""yes_price_dollars"":""0.4600""}"
KXBTC15M-26APR280000-00,ab5cff79-98b4-7e2e-0bc2-672c13728c23,1777347927,0.49,1.0,yes,"{""count_fp"":""1.00"",""created_time"":""2026-04-28T03:45:27.558148Z"",""no_price_dollars"":""0.5100"",""taker_side"":""yes"",""ticker"":""KXBTC15M-26APR280000-00"",""trade_id"":""ab5cff79-98b4-7e2e-0bc2-672c13728c23"",""yes_price_dollars"":""0.4900""}"
KXBTC15M-26APR280000-00,aaa1913a-62ef-7b9d-acb9-9b8cb19bcf2f,1777347927,0.47,3.0,no,"{""count_fp"":""3.00"",""created_time"":""2026-04-28T03:45:27.540664Z"",""no_price_dollars"":""0.5300"",""taker_side"":""no"",""ticker"":""KXBTC15M-26APR280000-00"",""trade_id"":""aaa1913a-62ef-7b9d-acb9-9b8cb19bcf2f"",""yes_price_dollars"":""0.4700""}"
KXBTC15M-26APR280000-00,941670c2-9967-76d2-a70d-31d00fc84304,1777347927,0.48,2.43,no,"{""count_fp"":""2.43"",""created_time"":""2026-04-28T03:45:27.540664Z"",""no_price_dollars"":""0.5200"",""taker_side"":""no"",""ticker"":""KXBTC15M-26APR280000-00"",""trade_id"":""941670c2-9967-76d2-a70d-31d00fc84304"",""yes_price_dollars"":""0.4800""}"
KXBTC15M-26APR280000-00,31527cf5-6f42-7206-b816-6a363987969e,1777347927,0.46,6.9,no,"{""count_fp"":""6.90"",""created_time"":""2026-04-28T03:45:27.540664Z"",""no_price_dollars"":""0.5400"",""taker_side"":""no"",""ticker"":""KXBTC15M-26APR280000-00"",""trade_id"":""31527cf5-6f42-7206-b816-6a363987969e"",""yes_price_dollars"":""0.4600""}"
KXBTC15M-26APR280000-00,3506ae6e-ae1c-5402-0496-1700d3592913,1777347927,0.49,1.0,yes,"{""count_fp"":""1.00"",""created_time"":""2026-04-28T03:45:27.040146Z"",""no_price_dollars"":""0.5100"",""taker_side"":""yes"",""ticker"":""KXBTC15M-26APR280000-00"",""trade_id"":""3506ae6e-ae1c-5402-0496-1700d3592913"",""yes_price_dollars"":""0.4900""}"
KXBTC15M-26APR280000-00,2dd89aa2-f060-44bb-e64a-f415b5a48cfd,1777347928,0.47,1.0,yes,"{""count_fp"":""1.00"",""created_time"":""2026-04-28T03:45:28.552813Z"",""no_price_dollars"":""0.5300"",""taker_side"":""yes"",""ticker"":""KXBTC15M-26APR280000-00"",""trade_id"":""2dd89aa2-f060-44bb-e64a-f415b5a48cfd"",""yes_price_dollars"":""0.4700""}"
KXBTC15M-26APR280000-00,b8903e0e-8668-402b-2829-bf1adff247f5,1777347928,0.47,2.0,yes,"{""count_fp"":""2.00"",""created_time"":""2026-04-28T03:45:28.043073Z"",""no_price_dollars"":""0.5300"",""taker_side"":""yes"",""ticker"":""KXBTC15M-26APR280000-00"",""trade_id"":""b8903e0e-8668-402b-2829-bf1adff247f5"",""yes_price_dollars"":""0.4700""}"
KXBTC15M-26APR280000-00,fdacdc65-e433-7c9c-976c-51f55232a956,1777347929,0.45,20.0,no,"{""count_fp"":""20.00"",""created_time"":""2026-04-28T03:45:29.906408Z"",""no_price_dollars"":""0.5500"",""taker_side"":""no"",""ticker"":""KXBTC15M-26APR280000-00"",""trade_id"":""fdacdc65-e433-7c9c-976c-51f55232a956"",""yes_price_dollars"":""0.4500""}"
KXBTC15M-26APR280000-00,bbdc9ede-a35d-768e-a248-102b2319a336,1777347929,0.45,100.0,no,"{""count_fp"":""100.00"",""created_time"":""2026-04-28T03:45:29.906408Z"",""no_price_dollars"":""0.5500"",""taker_side"":""no"",""ticker"":""KXBTC15M-26APR280000-00"",""trade_id"":""bbdc9ede-a35d-768e-a248-102b2319a336"",""yes_price_dollars"":""0.4500""}"
KXBTC15M-26APR280000-00,9a451f4e-e4b8-7f0f-9687-14bcc60373a8,1777347929,0.45,3.0,no,"{""count_fp"":""3.00"",""created_time"":""2026-04-28T03:45:29.906408Z"",""no_price_dollars"":""0.5500"",""taker_side"":""no"",""ticker"":""KXBTC15M-26APR280000-00"",""trade_id"":""9a451f4e-e4b8-7f0f-9687-14bcc60373a8"",""yes_price_dollars"":""0.4500""}"
KXBTC15M-26APR280000-00,83c2d880-1ba2-74af-af9f-80cce93b815b,1777347929,0.45,10.0,no,"{""count_fp"":""10.00"",""created_time"":""2026-04-28T03:45:29.906408Z"",""no_price_dollars"":""0.5500"",""taker_side"":""no"",""ticker"":""KXBTC15M-26APR280000-00"",""trade_id"":""83c2d880-1ba2-74af-af9f-80cce93b815b"",""yes_price_dollars"":""0.4500""}"
KXBTC15M-26APR280000-00,5fb10f38-7682-7444-a3e6-7c37567899c8,1777347929,0.45,1.0,no,"{""count_fp"":""1.00"",""created_time"":""2026-04-28T03:45:29.906408Z"",""no_price_dollars"":""0.5500"",""taker_side"":""no"",""ticker"":""KXBTC15M-26APR280000-00"",""trade_id"":""5fb10f38-7682-7444-a3e6-7c37567899c8"",""yes_price_dollars"":""0.4500""}"
KXBTC15M-26APR280000-00,5f5853a2-f836-7662-9e39-b7b9b6e2c821,1777347929,0.45,10.0,no,"{""count_fp"":""10.00"",""created_time"":""2026-04-28T03:45:29.906408Z"",""no_price_dollars"":""0.5500"",""taker_side"":""no"",""ticker"":""KXBTC15M-26APR280000-00"",""trade_id"":""5f5853a2-f836-7662-9e39-b7b9b6e2c821"",""yes_price_dollars"":""0.4500""}"
KXBTC15M-26APR280000-00,27a406c4-497c-772b-8a13-16aeb820cc65,1777347929,0.45,1.0,no,"{""count_fp"":""1.00"",""created_time"":""2026-04-28T03:45:29.906408Z"",""no_price_dollars"":""0.5500"",""taker_side"":""no"",""ticker"":""KXBTC15M-26APR280000-00"",""trade_id"":""27a406c4-497c-772b-8a13-16aeb820cc65"",""yes_price_dollars"":""0.4500""}"
KXBTC15M-26APR280000-00,0db61175-5a93-7c2a-a587-2a5a7b9065f8,1777347929,0.45,120.0,no,"{""count_fp"":""120.00"",""created_time"":""2026-04-28T03:45:29.906408Z"",""no_price_dollars"":""0.5500"",""taker_side"":""no"",""ticker"":""KXBTC15M-26APR280000-00"",""trade_id"":""0db61175-5a93-7c2a-a587-2a5a7b9065f8"",""yes_price_dollars"":""0.4500""}"
KXBTC15M-26APR280000-00,dad9e0a8-a2f8-77d4-6028-ef6ec0748f22,1777347929,0.47,40.94,yes,"{""count_fp"":""40.94"",""created_time"":""2026-04-28T03:45:29.892581Z"",""no_price_dollars"":""0.5300"",""taker_side"":""yes"",""ticker"":""KXBTC15M-26APR280000-00"",""trade_id"":""dad9e0a8-a2f8-77d4-6028-ef6ec0748f22"",""yes_price_dollars"":""0.4700""}"
KXBTC15M-26APR280000-00,d52b561a-a779-7660-e131-edc1f26310ef,1777347929,0.46,3.0,no,"{""count_fp"":""3.00"",""created_time"":""2026-04-28T03:45:29.883152Z"",""no_price_dollars"":""0.5400"",""taker_side"":""no"",""ticker"":""KXBTC15M-26APR280000-00"",""trade_id"":""d52b561a-a779-7660-e131-edc1f26310ef"",""yes_price_dollars"":""0.4600""}"
KXBTC15M-26APR280000-00,d41a5fe7-48ec-7979-fc90-86fc23e8bbf4,1777347929,0.46,30.95,no,"{""count_fp"":""30.95"",""created_time"":""2026-04-28T03:45:29.883152Z"",""no_price_dollars"":""0.5400"",""taker_side"":""no"",""ticker"":""KXBTC15M-26APR280000-00"",""trade_id"":""d41a5fe7-48ec-7979-fc90-86fc23e8bbf4"",""yes_price_dollars"":""0.4600""}"
KXBTC15M-26APR280000-00,d380cc97-6da5-7bc9-e921-bb77f4d684f5,1777347929,0.46,3.0,no,"{""count_fp"":""3.00"",""created_time"":""2026-04-28T03:45:29.883152Z"",""no_price_dollars"":""0.5400"",""taker_side"":""no"",""ticker"":""KXBTC15M-26APR280000-00"",""trade_id"":""d380cc97-6da5-7bc9-e921-bb77f4d684f5"",""yes_price_dollars"":""0.4600""}"
KXBTC15M-26APR280000-00,c6f02579-2f9a-769a-e85c-275c68ecb0ca,1777347929,0.46,4.05,no,"{""count_fp"":""4.05"",""created_time"":""2026-04-28T03:45:29.883152Z"",""no_price_dollars"":""0.5400"",""taker_side"":""no"",""ticker"":""KXBTC15M-26APR280000-00"",""trade_id"":""c6f02579-2f9a-769a-e85c-275c68ecb0ca"",""yes_price_dollars"":""0.4600""}"
KXBTC15M-26APR280000-00,574c5096-c32e-60c6-f797-5d4cebcb5b16,1777347929,0.46,17.94,no,"{""count_fp"":""17.94"",""created_time"":""2026-04-28T03:45:29.811636Z"",""no_price_dollars"":""0.5400"",""taker_side"":""no"",""ticker"":""KXBTC15M-26APR280000-00"",""trade_id"":""574c5096-c32e-60c6-f797-5d4cebcb5b16"",""yes_price_dollars"":""0.4600""}"
KXBTC15M-26APR280000-00,1ece9aad-d743-6e59-119e-40d65a9662fc,1777347929,0.47,1.0,yes,"{""count_fp"":""1.00"",""created_time"":""2026-04-28T03:45:29.726753Z"",""no_price_dollars"":""0.5300"",""taker_side"":""yes"",""ticker"":""KXBTC15M-26APR280000-00"",""trade_id"":""1ece9aad-d743-6e59-119e-40d65a9662fc"",""yes_price_dollars"":""0.4700""}"
KXBTC15M-26APR280000-00,df2b5609-5980-6166-4a33-b7a732543ecf,1777347929,0.47,5.38,yes,"{""count_fp"":""5.38"",""created_time"":""2026-04-28T03:45:29.355921Z"",""no_price_dollars"":""0.5300"",""taker_side"":""yes"",""ticker"":""KXBTC15M-26APR280000-00"",""trade_id"":""df2b5609-5980-6166-4a33-b7a732543ecf"",""yes_price_dollars"":""0.4700""}"
KXBTC15M-26APR280000-00,45a6584a-4dd6-6e7d-4dc0-c9a811d219bb,1777347929,0.47,0.77,yes,"{""count_fp"":""0.77"",""created_time"":""2026-04-28T03:45:29.355921Z"",""no_price_dollars"":""0.5300"",""taker_side"":""yes"",""ticker"":""KXBTC15M-26APR280000-00"",""trade_id"":""45a6584a-4dd6-6e7d-4dc0-c9a811d219bb"",""yes_price_dollars"":""0.4700""}"
KXBTC15M-26APR280000-00,7c26eda1-5298-646a-adfa-ca0fc91daeeb,1777347929,0.47,1.0,yes,"{""count_fp"":""1.00"",""created_time"":""2026-04-28T03:45:29.149452Z"",""no_price_dollars"":""0.5300"",""taker_side"":""yes"",""ticker"":""KXBTC15M-26APR280000-00"",""trade_id"":""7c26eda1-5298-646a-adfa-ca0fc91daeeb"",""yes_price_dollars"":""0.4700""}"
KXBTC15M-26APR280000-00,981edd7e-4378-72b2-df0c-90b267491ba3,1777347929,0.47,3.62,yes,"{""count_fp"":""3.62"",""created_time"":""2026-04-28T03:45:29.056739Z"",""no_price_dollars"":""0.5300"",""taker_side"":""yes"",""ticker"":""KXBTC15M-26APR280000-00"",""trade_id"":""981edd7e-4378-72b2-df0c-90b267491ba3"",""yes_price_dollars"":""0.4700""}"
KXBTC15M-26APR280000-00,819d3d38-fc27-783d-cd60-174fcc38833c,1777347929,0.47,20.0,yes,"{""count_fp"":""20.00"",""created_time"":""2026-04-28T03:45:29.056739Z"",""no_price_dollars"":""0.5300"",""taker_side"":""yes"",""ticker"":""KXBTC15M-26APR280000-00"",""trade_id"":""819d3d38-fc27-783d-cd60-174fcc38833c"",""yes_price_dollars"":""0.4700""}"
KXBTC15M-26APR280000-00,6532c773-f33c-789b-c0ab-af28dcb0904d,1777347929,0.47,7.15,yes,"{""count_fp"":""7.15"",""created_time"":""2026-04-28T03:45:29.056739Z"",""no_price_dollars"":""0.5300"",""taker_side"":""yes"",""ticker"":""KXBTC15M-26APR280000-00"",""trade_id"":""6532c773-f33c-789b-c0ab-af28dcb0904d"",""yes_price_dollars"":""0.4700""}"
KXBTC15M-26APR280000-00,b6ac28dd-192c-6654-3e9a-93df4dbefa54,1777347930,0.46,8.0,yes,"{""count_fp"":""8.00"",""created_time"":""2026-04-28T03:45:30.963088Z"",""no_price_dollars"":""0.5400"",""taker_side"":""yes"",""ticker"":""KXBTC15M-26APR280000-00"",""trade_id"":""b6ac28dd-192c-6654-3e9a-93df4dbefa54"",""yes_price_dollars"":""0.4600""}"
KXBTC15M-26APR280000-00,010c8208-f2bc-6c84-50e0-72421ea21da0,1777347930,0.46,1.0,yes,"{""count_fp"":""1.00"",""created_time"":""2026-04-28T03:45:30.824633Z"",""no_price_dollars"":""0.5400"",""taker_side"":""yes"",""ticker"":""KXBTC15M-26APR280000-00"",""trade_id"":""010c8208-f2bc-6c84-50e0-72421ea21da0"",""yes_price_dollars"":""0.4600""}"
KXBTC15M-26APR280000-00,65eb149c-6bb0-4f70-6b21-531b10944828,1777347930,0.46,20.51,yes,"{""count_fp"":""20.51"",""created_time"":""2026-04-28T03:45:30.472067Z"",""no_price_dollars"":""0.5400"",""taker_side"":""yes"",""ticker"":""KXBTC15M-26APR280000-00"",""trade_id"":""65eb149c-6bb0-4f70-6b21-531b10944828"",""yes_price_dollars"":""0.4600""}"
KXBTC15M-26APR280000-00,3ad5482e-f4b4-62e4-48ab-81521ff7f18c,1777347930,0.46,2.0,yes,"{""count_fp"":""2.00"",""created_time"":""2026-04-28T03:45:30.279812Z"",""no_price_dollars"":""0.5400"",""taker_side"":""yes"",""ticker"":""KXBTC15M-26APR280000-00"",""trade_id"":""3ad5482e-f4b4-62e4-48ab-81521ff7f18c"",""yes_price_dollars"":""0.4600""}"
KXBTC15M-26APR280000-00,fee71c1a-7f03-7d6a-7a94-5e0e679efdf1,1777347931,0.45,117.82,yes,"{""count_fp"":""117.82"",""created_time"":""2026-04-28T03:45:31.939673Z"",""no_price_dollars"":""0.5500"",""taker_side"":""yes"",""ticker"":""KXBTC15M-26APR280000-00"",""trade_id"":""fee71c1a-7f03-7d6a-7a94-5e0e679efdf1"",""yes_price_dollars"":""0.4500""}"
KXBTC15M-26APR280000-00,cdd8b011-5e96-7a5c-62e3-1051f008f58a,1777347931,0.45,20.0,yes,"{""count_fp"":""20.00"",""created_time"":""2026-04-28T03:45:31.939673Z"",""no_price_dollars"":""0.5500"",""taker_side"":""yes"",""ticker"":""KXBTC15M-26APR280000-00"",""trade_id"":""cdd8b011-5e96-7a5c-62e3-1051f008f58a"",""yes_price_dollars"":""0.4500""}"
KXBTC15M-26APR280000-00,5ee53292-b682-748a-5f02-12ca13b41f39,1777347931,0.45,13.0,yes,"{""count_fp"":""13.00"",""created_time"":""2026-04-28T03:45:31.939673Z"",""no_price_dollars"":""0.5500"",""taker_side"":""yes"",""ticker"":""KXBTC15M-26APR280000-00"",""trade_id"":""5ee53292-b682-748a-5f02-12ca13b41f39"",""yes_price_dollars"":""0.4500""}"
KXBTC15M-26APR280000-00,f7e1f4ef-4824-6088-3b10-ef6ff3e76f38,1777347931,0.46,2.0,yes,"{""count_fp"":""2.00"",""created_time"":""2026-04-28T03:45:31.803947Z"",""no_price_dollars"":""0.5400"",""taker_side"":""yes"",""ticker"":""KXBTC15M-26APR280000-00"",""trade_id"":""f7e1f4ef-4824-6088-3b10-ef6ff3e76f38"",""yes_price_dollars"":""0.4600""}"
KXBTC15M-26APR280000-00,ebbea36c-f7a7-6918-c655-b1d9deba1c9a,1777347931,0.45,9.0,no,"{""count_fp"":""9.00"",""created_time"":""2026-04-28T03:45:31.718032Z"",""no_price_dollars"":""0.5500"",""taker_side"":""no"",""ticker"":""KXBTC15M-26APR280000-00"",""trade_id"":""ebbea36c-f7a7-6918-c655-b1d9deba1c9a"",""yes_price_dollars"":""0.4500""}"
KXBTC15M-26APR280000-00,bf82495c-d869-61de-ec17-32ad09caf1ee,1777347931,0.44,3.0,no,"{""count_fp"":""3.00"",""created_time"":""2026-04-28T03:45:31.718032Z"",""no_price_dollars"":""0.5600"",""taker_side"":""no"",""ticker"":""KXBTC15M-26APR280000-00"",""trade_id"":""bf82495c-d869-61de-ec17-32ad09caf1ee"",""yes_price_dollars"":""0.4400""}"
KXBTC15M-26APR280000-00,904272f3-b340-65c5-e76e-0ddca29efe60,1777347931,0.43,1.0,no,"{""count_fp"":""1.00"",""created_time"":""2026-04-28T03:45:31.718032Z"",""no_price_dollars"":""0.5700"",""taker_side"":""no"",""ticker"":""KXBTC15M-26APR280000-00"",""trade_id"":""904272f3-b340-65c5-e76e-0ddca29efe60"",""yes_price_dollars"":""0.4300""}"
KXBTC15M-26APR280000-00,838ace24-2f7d-6192-e587-d2a6cea8e1ae,1777347931,0.44,1.0,no,"{""count_fp"":""1.00"",""created_time"":""2026-04-28T03:45:31.718032Z"",""no_price_dollars"":""0.5600"",""taker_side"":""no"",""ticker"":""KXBTC15M-26APR280000-00"",""trade_id"":""838ace24-2f7d-6192-e587-d2a6cea8e1ae"",""yes_price_dollars"":""0.4400""}"
KXBTC15M-26APR280000-00,394436bd-c12c-6641-f0cc-225ef88418a4,1777347931,0.43,14.42,no,"{""count_fp"":""14.42"",""created_time"":""2026-04-28T03:45:31.718032Z"",""no_price_dollars"":""0.5700"",""taker_side"":""no"",""ticker"":""KXBTC15M-26APR280000-00"",""trade_id"":""394436bd-c12c-6641-f0cc-225ef88418a4"",""yes_price_dollars"":""0.4300""}"
KXBTC15M-26APR280000-00,349d78d0-070c-66f2-e89f-3ad34c5d7d4d,1777347931,0.45,20.0,no,"{""count_fp"":""20.00"",""created_time"":""2026-04-28T03:45:31.718032Z"",""no_price_dollars"":""0.5500"",""taker_side"":""no"",""ticker"":""KXBTC15M-26APR280000-00"",""trade_id"":""349d78d0-070c-66f2-e89f-3ad34c5d7d4d"",""yes_price_dollars"":""0.4500""}"
KXBTC15M-26APR280000-00,0b7c8040-a2d2-6117-f4fe-077fd5dc9d71,1777347931,0.44,3.0,no,"{""count_fp"":""3.00"",""created_time"":""2026-04-28T03:45:31.718032Z"",""no_price_dollars"":""0.5600"",""taker_side"":""no"",""ticker"":""KXBTC15M-26APR280000-00"",""trade_id"":""0b7c8040-a2d2-6117-f4fe-077fd5dc9d71"",""yes_price_dollars"":""0.4400""}"
KXBTC15M-26APR280000-00,cbc20251-27e0-4260-ac67-79a884259414,1777347931,0.46,31.42,yes,"{""count_fp"":""31.42"",""created_time"":""2026-04-28T03:45:31.710209Z"",""no_price_dollars"":""0.5400"",""taker_side"":""yes"",""ticker"":""KXBTC15M-26APR280000-00"",""trade_id"":""cbc20251-27e0-4260-ac67-79a884259414"",""yes_price_dollars"":""0.4600""}"
KXBTC15M-26APR280000-00,9fa1fd2b-660c-6ac0-ca88-886e7862eee8,1777347931,0.46,30.0,yes,"{""count_fp"":""30.00"",""created_time"":""2026-04-28T03:45:31.696128Z"",""no_price_dollars"":""0.5400"",""taker_side"":""yes"",""ticker"":""KXBTC15M-26APR280000-00"",""trade_id"":""9fa1fd2b-660c-6ac0-ca88-886e7862eee8"",""yes_price_dollars"":""0.4600""}"
KXBTC15M-26APR280000-00,45c207c1-5253-765c-1a33-0da0e95acbae,1777347931,0.45,1.0,no,"{""count_fp"":""1.00"",""created_time"":""2026-04-28T03:45:31.565542Z"",""no_price_dollars"":""0.5500"",""taker_side"":""no"",""ticker"":""KXBTC15M-26APR280000-00"",""trade_id"":""45c207c1-5253-765c-1a33-0da0e95acbae"",""yes_price_dollars"":""0.4500""}"
KXBTC15M-26APR280000-00,2999bae1-7d16-4027-c337-5609051a1aba,1777347932,0.44,2.0,yes,"{""count_fp"":""2.00"",""created_time"":""2026-04-28T03:45:32.839128Z"",""no_price_dollars"":""0.5600"",""taker_side"":""yes"",""ticker"":""KXBTC15M-26APR280000-00"",""trade_id"":""2999bae1-7d16-4027-c337-5609051a1aba"",""yes_price_dollars"":""0.4400""}"
KXBTC15M-26APR280000-00,fc61bca7-a3d8-4ab9-83d5-5fde7d18ba9d,1777347932,0.43,13.0,no,"{""count_fp"":""13.00"",""created_time"":""2026-04-28T03:45:32.659079Z"",""no_price_dollars"":""0.5700"",""taker_side"":""no"",""ticker"":""KXBTC15M-26APR280000-00"",""trade_id"":""fc61bca7-a3d8-4ab9-83d5-5fde7d18ba9d"",""yes_price_dollars"":""0.4300""}"
KXBTC15M-26APR280000-00,7d9140ad-b1f4-4208-8aa7-fa676dfe2069,1777347932,0.43,15.2,no,"{""count_fp"":""15.20"",""created_time"":""2026-04-28T03:45:32.659079Z"",""no_price_dollars"":""0.5700"",""taker_side"":""no"",""ticker"":""KXBTC15M-26APR280000-00"",""trade_id"":""7d9140ad-b1f4-4208-8aa7-fa676dfe2069"",""yes_price_dollars"":""0.4300""}"
KXBTC15M-26APR280000-00,4724acb0-5d15-49fa-8376-38dd9b101217,1777347932,0.43,49.8,no,"{""count_fp"":""49.80"",""created_time"":""2026-04-28T03:45:32.659079Z"",""no_price_dollars"":""0.5700"",""taker_side"":""no"",""ticker"":""KXBTC15M-26APR280000-00"",""trade_id"":""4724acb0-5d15-49fa-8376-38dd9b101217"",""yes_price_dollars"":""0.4300""}"
KXBTC15M-26APR280000-00,01e8c39e-4b49-4175-9f65-8b8bcda2da54,1777347932,0.43,3.0,no,"{""count_fp"":""3.00"",""created_time"":""2026-04-28T03:45:32.659079Z"",""no_price_dollars"":""0.5700"",""taker_side"":""no"",""ticker"":""KXBTC15M-26APR280000-00"",""trade_id"":""01e8c39e-4b49-4175-9f65-8b8bcda2da54"",""yes_price_dollars"":""0.4300""}"
KXBTC15M-26APR280000-00,8dd61ce2-e077-684a-d0bf-f18276bf0dd5,1777347932,0.45,1.0,yes,"{""count_fp"":""1.00"",""created_time"":""2026-04-28T03:45:32.353483Z"",""no_price_dollars"":""0.5500"",""taker_side"":""yes"",""ticker"":""KXBTC15M-26APR280000-00"",""trade_id"":""8dd61ce2-e077-684a-d0bf-f18276bf0dd5"",""yes_price_dollars"":""0.4500""}"
KXBTC15M-26APR280000-00,318be781-8f0f-58c2-9c3f-ba60efd6bc15,1777347932,0.45,4.23,yes,"{""count_fp"":""4.23"",""created_time"":""2026-04-28T03:45:32.118746Z"",""no_price_dollars"":""0.5500"",""taker_side"":""yes"",""ticker"":""KXBTC15M-26APR280000-00"",""trade_id"":""318be781-8f0f-58c2-9c3f-ba60efd6bc15"",""yes_price_dollars"":""0.4500""}"
KXBTC15M-26APR280000-00,c29a6858-1d94-4ec1-6c2a-f76e23a6cbda,1777347932,0.43,3.0,no,"{""count_fp"":""3.00"",""created_time"":""2026-04-28T03:45:32.018533Z"",""no_price_dollars"":""0.5700"",""taker_side"":""no"",""ticker"":""KXBTC15M-26APR280000-00"",""trade_id"":""c29a6858-1d94-4ec1-6c2a-f76e23a6cbda"",""yes_price_dollars"":""0.4300""}"
KXBTC15M-26APR280000-00,b80d40dd-fc38-4095-4315-2ac3d93baf78,1777347932,0.43,0.58,no,"{""count_fp"":""0.58"",""created_time"":""2026-04-28T03:45:32.018533Z"",""no_price_dollars"":""0.5700"",""taker_side"":""no"",""ticker"":""KXBTC15M-26APR280000-00"",""trade_id"":""b80d40dd-fc38-4095-4315-2ac3d93baf78"",""yes_price_dollars"":""0.4300""}"
KXBTC15M-26APR280000-00,445b5555-fe21-4cea-472c-3d9af5cad667,1777347932,0.43,6.2,no,"{""count_fp"":""6.20"",""created_time"":""2026-04-28T03:45:32.018533Z"",""no_price_dollars"":""0.5700"",""taker_side"":""no"",""ticker"":""KXBTC15M-26APR280000-00"",""trade_id"":""445b5555-fe21-4cea-472c-3d9af5cad667"",""yes_price_dollars"":""0.4300""}"
KXBTC15M-26APR280000-00,29a330fd-d497-432a-7023-b67e317fbfe0,1777347932,0.44,3.0,no,"{""count_fp"":""3.00"",""created_time"":""2026-04-28T03:45:32.018533Z"",""no_price_dollars"":""0.5600"",""taker_side"":""no"",""ticker"":""KXBTC15M-26APR280000-00"",""trade_id"":""29a330fd-d497-432a-7023-b67e317fbfe0"",""yes_price_dollars"":""0.4400""}"
KXBTC15M-26APR280000-00,1a90bdbf-09fa-4ff5-409b-951dffbd8a4f,1777347932,0.44,20.0,no,"{""count_fp"":""20.00"",""created_time"":""2026-04-28T03:45:32.018533Z"",""no_price_dollars"":""0.5600"",""taker_side"":""no"",""ticker"":""KXBTC15M-26APR280000-00"",""trade_id"":""1a90bdbf-09fa-4ff5-409b-951dffbd8a4f"",""yes_price_dollars"":""0.4400""}"
KXBTC15M-26APR280000-00,800e6b4d-aa9c-7b94-c342-d88adbea7466,1777347933,0.43,29.85,yes,"{""count_fp"":""29.85"",""created_time"":""2026-04-28T03:45:33.975318Z"",""no_price_dollars"":""0.5700"",""taker_side"":""yes"",""ticker"":""KXBTC15M-26APR280000-00"",""trade_id"":""800e6b4d-aa9c-7b94-c342-d88adbea7466"",""yes_price_dollars"":""0.4300""}"
KXBTC15M-26APR280000-00,3d96df5a-de01-7b1c-caaf-28f540695b2c,1777347933,0.43,5.12,yes,"{""count_fp"":""5.12"",""created_time"":""2026-04-28T03:45:33.975318Z"",""no_price_dollars"":""0.5700"",""taker_side"":""yes"",""ticker"":""KXBTC15M-26APR280000-00"",""trade_id"":""3d96df5a-de01-7b1c-caaf-28f540695b2c"",""yes_price_dollars"":""0.4300""}"
KXBTC15M-26APR280000-00,da89587c-4824-5c14-821b-fe69d3cf93b2,1777347933,0.43,2.0,yes,"{""count_fp"":""2.00"",""created_time"":""2026-04-28T03:45:33.942388Z"",""no_price_dollars"":""0.5700"",""taker_side"":""yes"",""ticker"":""KXBTC15M-26APR280000-00"",""trade_id"":""da89587c-4824-5c14-821b-fe69d3cf93b2"",""yes_price_dollars"":""0.4300""}"
KXBTC15M-26APR280000-00,da7187ef-03f4-4824-23b6-303f9931e2ea,1777347933,0.43,4.27,yes,"{""count_fp"":""4.27"",""created_time"":""2026-04-28T03:45:33.488055Z"",""no_price_dollars"":""0.5700"",""taker_side"":""yes"",""ticker"":""KXBTC15M-26APR280000-00"",""trade_id"":""da7187ef-03f4-4824-23b6-303f9931e2ea"",""yes_price_dollars"":""0.4300""}"
KXBTC15M-26APR280000-00,1e27998a-0424-4640-1487-2a0a385206ae,1777347933,0.43,2.0,yes,"{""count_fp"":""2.00"",""created_time"":""2026-04-28T03:45:33.366797Z"",""no_price_dollars"":""0.5700"",""taker_side"":""yes"",""ticker"":""KXBTC15M-26APR280000-00"",""trade_id"":""1e27998a-0424-4640-1487-2a0a385206ae"",""yes_price_dollars"":""0.4300""}"
KXBTC15M-26APR280000-00,c25aafe9-0bf7-65de-c2f7-c29e99297910,1777347933,0.42,2.0,no,"{""count_fp"":""2.00"",""created_time"":""2026-04-28T03:45:33.168721Z"",""no_price_dollars"":""0.5800"",""taker_side"":""no"",""ticker"":""KXBTC15M-26APR280000-00"",""trade_id"":""c25aafe9-0bf7-65de-c2f7-c29e99297910"",""yes_price_dollars"":""0.4200""}"
KXBTC15M-26APR280000-00,a6a0a692-2bba-6b0e-e11e-3fc9248ef24b,1777347933,0.42,4.2,no,"{""count_fp"":""4.20"",""created_time"":""2026-04-28T03:45:33.168721Z"",""no_price_dollars"":""0.5800"",""taker_side"":""no"",""ticker"":""KXBTC15M-26APR280000-00"",""trade_id"":""a6a0a692-2bba-6b0e-e11e-3fc9248ef24b"",""yes_price_dollars"":""0.4200""}"
KXBTC15M-26APR280000-00,a61c7531-250a-6658-d79d-d722958ae331,1777347933,0.42,1.0,no,"{""count_fp"":""1.00"",""created_time"":""2026-04-28T03:45:33.168721Z"",""no_price_dollars"":""0.5800"",""taker_side"":""no"",""ticker"":""KXBTC15M-26APR280000-00"",""trade_id"":""a61c7531-250a-6658-d79d-d722958ae331"",""yes_price_dollars"":""0.4200""}"
KXBTC15M-26APR280000-00,8e31edc9-c118-6e8b-f4ed-ba8e4f790a90,1777347933,0.42,3.0,no,"{""count_fp"":""3.00"",""created_time"":""2026-04-28T03:45:33.168721Z"",""no_price_dollars"":""0.5800"",""taker_side"":""no"",""ticker"":""KXBTC15M-26APR280000-00"",""trade_id"":""8e31edc9-c118-6e8b-f4ed-ba8e4f790a90"",""yes_price_dollars"":""0.4200""}"
KXBTC15M-26APR280000-00,088da438-9928-6938-c4f7-a8664a1a8615,1777347933,0.43,0.8,no,"{""count_fp"":""0.80"",""created_time"":""2026-04-28T03:45:33.168721Z"",""no_price_dollars"":""0.5700"",""taker_side"":""no"",""ticker"":""KXBTC15M-26APR280000-00"",""trade_id"":""088da438-9928-6938-c4f7-a8664a1a8615"",""yes_price_dollars"":""0.4300""}"
KXBTC15M-26APR280000-00,46e8cf71-a9a5-60f0-4bae-ee85b4aec861,1777347934,0.42,16.6,no,"{""count_fp"":""16.60"",""created_time"":""2026-04-28T03:45:34.887902Z"",""no_price_dollars"":""0.5800"",""taker_side"":""no"",""ticker"":""KXBTC15M-26APR280000-00"",""trade_id"":""46e8cf71-a9a5-60f0-4bae-ee85b4aec861"",""yes_price_dollars"":""0.4200""}"
KXBTC15M-26APR280000-00,cb85d8df-9661-4edc-59b3-1a0a9941b083,1777347934,0.43,0.54,yes,"{""count_fp"":""0.54"",""created_time"":""2026-04-28T03:45:34.647181Z"",""no_price_dollars"":""0.5700"",""taker_side"":""yes"",""ticker"":""KXBTC15M-26APR280000-00"",""trade_id"":""cb85d8df-9661-4edc-59b3-1a0a9941b083"",""yes_price_dollars"":""0.4300""}"
KXBTC15M-26APR280000-00,4dbfb786-1df5-47fc-c1d7-866114254899,1777347934,0.42,1.68,no,"{""count_fp"":""1.68"",""created_time"":""2026-04-28T03:45:34.556545Z"",""no_price_dollars"":""0.5800"",""taker_side"":""no"",""ticker"":""KXBTC15M-26APR280000-00"",""trade_id"":""4dbfb786-1df5-47fc-c1d7-866114254899"",""yes_price_dollars"":""0.4200""}"
KXBTC15M-26APR280000-00,9d3ac0ae-7ce1-5b24-f2a9-b40fe2ee42f3,1777347934,0.43,2.0,yes,"{""count_fp"":""2.00"",""created_time"":""2026-04-28T03:45:34.496989Z"",""no_price_dollars"":""0.5700"",""taker_side"":""yes"",""ticker"":""KXBTC15M-26APR280000-00"",""trade_id"":""9d3ac0ae-7ce1-5b24-f2a9-b40fe2ee42f3"",""yes_price_dollars"":""0.4300""}"
KXBTC15M-26APR280000-00,cceec220-13d5-7711-f5e2-c36994ab4b93,1777347934,0.43,1.0,yes,"{""count_fp"":""1.00"",""created_time"":""2026-04-28T03:45:34.081844Z"",""no_price_dollars"":""0.5700"",""taker_side"":""yes"",""ticker"":""KXBTC15M-26APR280000-00"",""trade_id"":""cceec220-13d5-7711-f5e2-c36994ab4b93"",""yes_price_dollars"":""0.4300""}"
KXBTC15M-26APR280000-00,6b762c9e-78e6-7d70-f845-b6ef52b5599f,1777347934,0.43,22.73,yes,"{""count_fp"":""22.73"",""created_time"":""2026-04-28T03:45:34.081844Z"",""no_price_dollars"":""0.5700"",""taker_side"":""yes"",""ticker"":""KXBTC15M-26APR280000-00"",""trade_id"":""6b762c9e-78e6-7d70-f845-b6ef52b5599f"",""yes_price_dollars"":""0.4300""}"
KXBTC15M-26APR280000-00,61bf065e-3e3d-7840-ef75-aa75b19fde6c,1777347934,0.43,20.0,yes,"{""count_fp"":""20.00"",""created_time"":""2026-04-28T03:45:34.081844Z"",""no_price_dollars"":""0.5700"",""taker_side"":""yes"",""ticker"":""KXBTC15M-26APR280000-00"",""trade_id"":""61bf065e-3e3d-7840-ef75-aa75b19fde6c"",""yes_price_dollars"":""0.4300""}"
KXBTC15M-26APR280000-00,eb051155-341e-76be-cbf3-ad2dcd37890b,1777347934,0.42,5.8,no,"{""count_fp"":""5.80"",""created_time"":""2026-04-28T03:45:34.054376Z"",""no_price_dollars"":""0.5800"",""taker_side"":""no"",""ticker"":""KXBTC15M-26APR280000-00"",""trade_id"":""eb051155-341e-76be-cbf3-ad2dcd37890b"",""yes_price_dollars"":""0.4200""}"
KXBTC15M-26APR280000-00,dadf8557-ec19-7f6a-f9b3-8e04b4cb7cc4,1777347934,0.42,3.0,no,"{""count_fp"":""3.00"",""created_time"":""2026-04-28T03:45:34.054376Z"",""no_price_dollars"":""0.5800"",""taker_side"":""no"",""ticker"":""KXBTC15M-26APR280000-00"",""trade_id"":""dadf8557-ec19-7f6a-f9b3-8e04b4cb7cc4"",""yes_price_dollars"":""0.4200""}"
KXBTC15M-26APR280000-00,387bf732-7dc0-7364-d1cd-a1ab9fa13cfa,1777347934,0.41,72.24,no,"{""count_fp"":""72.24"",""created_time"":""2026-04-28T03:45:34.054376Z"",""no_price_dollars"":""0.5900"",""taker_side"":""no"",""ticker"":""KXBTC15M-26APR280000-00"",""trade_id"":""387bf732-7dc0-7364-d1cd-a1ab9fa13cfa"",""yes_price_dollars"":""0.4100""}"
KXBTC15M-26APR280000-00,fa96cdd6-fbba-4fbd-55fb-9841fe94a9a0,1777347935,0.48,1.0,yes,"{""count_fp"":""1.00"",""created_time"":""2026-04-28T03:45:35.965077Z"",""no_price_dollars"":""0.5200"",""taker_side"":""yes"",""ticker"":""KXBTC15M-26APR280000-00"",""trade_id"":""fa96cdd6-fbba-4fbd-55fb-9841fe94a9a0"",""yes_price_dollars"":""0.4800""}"
KXBTC15M-26APR280000-00,ee6da154-7b01-430d-54fc-a4da8cd67127,1777347935,0.48,2.0,yes,"{""count_fp"":""2.00"",""created_time"":""2026-04-28T03:45:35.965077Z"",""no_price_dollars"":""0.5200"",""taker_side"":""yes"",""ticker"":""KXBTC15M-26APR280000-00"",""trade_id"":""ee6da154-7b01-430d-54fc-a4da8cd67127"",""yes_price_dollars"":""0.4800""}"
KXBTC15M-26APR280000-00,a9d6a041-68a4-4ab5-62e6-ebaff94bb0a5,1777347935,0.48,56.0,yes,"{""count_fp"":""56.00"",""created_time"":""2026-04-28T03:45:35.965077Z"",""no_price_dollars"":""0.5200"",""taker_side"":""yes"",""ticker"":""KXBTC15M-26APR280000-00"",""trade_id"":""a9d6a041-68a4-4ab5-62e6-ebaff94bb0a5"",""yes_price_dollars"":""0.4800""}"
KXBTC15M-26APR280000-00,a745b2c1-61a5-4f81-4f70-70a0b108b4f7,1777347935,0.48,100.0,yes,"{""count_fp"":""100.00"",""created_time"":""2026-04-28T03:45:35.965077Z"",""no_price_dollars"":""0.5200"",""taker_side"":""yes"",""ticker"":""KXBTC15M-26APR280000-00"",""trade_id"":""a745b2c1-61a5-4f81-4f70-70a0b108b4f7"",""yes_price_dollars"":""0.4800""}"
KXBTC15M-26APR280000-00,9f956782-5058-4179-527f-df84a50d0f98,1777347935,0.48,2.0,yes,"{""count_fp"":""2.00"",""created_time"":""2026-04-28T03:45:35.965077Z"",""no_price_dollars"":""0.5200"",""taker_side"":""yes"",""ticker"":""KXBTC15M-26APR280000-00"",""trade_id"":""9f956782-5058-4179-527f-df84a50d0f98"",""yes_price_dollars"":""0.4800""}"
KXBTC15M-26APR280000-00,78029657-1fac-45d3-62ce-424965abe28e,1777347935,0.48,5.0,yes,"{""count_fp"":""5.00"",""created_time"":""2026-04-28T03:45:35.965077Z"",""no_price_dollars"":""0.5200"",""taker_side"":""yes"",""ticker"":""KXBTC15M-26APR280000-00"",""trade_id"":""78029657-1fac-45d3-62ce-424965abe28e"",""yes_price_dollars"":""0.4800""}"
KXBTC15M-26APR280000-00,5930cf84-7929-4753-6d3d-94936ee4c3b4,1777347935,0.48,1.0,yes,"{""count_fp"":""1.00"",""created_time"":""2026-04-28T03:45:35.965077Z"",""no_price_dollars"":""0.5200"",""taker_side"":""yes"",""ticker"":""KXBTC15M-26APR280000-00"",""trade_id"":""5930cf84-7929-4753-6d3d-94936ee4c3b4"",""yes_price_dollars"":""0.4800""}"
KXBTC15M-26APR280000-00,1fb4c8e0-b34e-78a1-3e6f-2298a255036e,1777347935,0.47,1.0,yes,"{""count_fp"":""1.00"",""created_time"":""2026-04-28T03:45:35.911189Z"",""no_price_dollars"":""0.5300"",""taker_side"":""yes"",""ticker"":""KXBTC15M-26APR280000-00"",""trade_id"":""1fb4c8e0-b34e-78a1-3e6f-2298a255036e"",""yes_price_dollars"":""0.4700""}"
KXBTC15M-26APR280000-00,0d81b7d0-2c0d-74a1-24e4-5826aa12a465,1777347935,0.46,2.0,yes,"{""count_fp"":""2.00"",""created_time"":""2026-04-28T03:45:35.911189Z"",""no_price_dollars"":""0.5400"",""taker_side"":""yes"",""ticker"":""KXBTC15M-26APR280000-00"",""trade_id"":""0d81b7d0-2c0d-74a1-24e4-5826aa12a465"",""yes_price_dollars"":""0.4600""}"
KXBTC15M-26APR280000-00,0b8b10ed-138d-7fea-087d-180cca6d3e8a,1777347935,0.47,10.0,yes,"{""count_fp"":""10.00"",""created_time"":""2026-04-28T03:45:35.911189Z"",""no_price_dollars"":""0.5300"",""taker_side"":""yes"",""ticker"":""KXBTC15M-26APR280000-00"",""trade_id"":""0b8b10ed-138d-7fea-087d-180cca6d3e8a"",""yes_price_dollars"":""0.4700""}"
KXBTC15M-26APR280000-00,0a4fde79-0fb1-72c5-33d5-4f72139cbb84,1777347935,0.47,8.0,yes,"{""count_fp"":""8.00"",""created_time"":""2026-04-28T03:45:35.911189Z"",""no_price_dollars"":""0.5300"",""taker_side"":""yes"",""ticker"":""KXBTC15M-26APR280000-00"",""trade_id"":""0a4fde79-0fb1-72c5-33d5-4f72139cbb84"",""yes_price_dollars"":""0.4700""}"
KXBTC15M-26APR280000-00,3dff9f42-1e17-4001-3897-bab784c1ab40,1777347935,0.44,66.98,no,"{""count_fp"":""66.98"",""created_time"":""2026-04-28T03:45:35.886572Z"",""no_price_dollars"":""0.5600"",""taker_side"":""no"",""ticker"":""KXBTC15M-26APR280000-00"",""trade_id"":""3dff9f42-1e17-4001-3897-bab784c1ab40"",""yes_price_dollars"":""0.4400""}"
KXBTC15M-26APR280000-00,bcd14ce1-bdeb-531d-b687-0e8b5b393454,1777347935,0.44,10.0,no,"{""count_fp"":""10.00"",""created_time"":""2026-04-28T03:45:35.861085Z"",""no_price_dollars"":""0.5600"",""taker_side"":""no"",""ticker"":""KXBTC15M-26APR280000-00"",""trade_id"":""bcd14ce1-bdeb-531d-b687-0e8b5b393454"",""yes_price_dollars"":""0.4400""}"
KXBTC15M-26APR280000-00,da1face5-e447-732b-b006-0689c1c9ae9a,1777347935,0.45,2.0,yes,"{""count_fp"":""2.00"",""created_time"":""2026-04-28T03:45:35.837359Z"",""no_price_dollars"":""0.5500"",""taker_side"":""yes"",""ticker"":""KXBTC15M-26APR280000-00"",""trade_id"":""da1face5-e447-732b-b006-0689c1c9ae9a"",""yes_price_dollars"":""0.4500""}"
KXBTC15M-26APR280000-00,c5a90c2f-6ffd-74a4-a17c-f952c6f0f547,1777347935,0.45,2.0,yes,"{""count_fp"":""2.00"",""created_time"":""2026-04-28T03:45:35.837359Z"",""no_price_dollars"":""0.5500"",""taker_side"":""yes"",""ticker"":""KXBTC15M-26APR280000-00"",""trade_id"":""c5a90c2f-6ffd-74a4-a17c-f952c6f0f547"",""yes_price_dollars"":""0.4500""}"
KXBTC15M-26APR280000-00,c46707c4-cc24-7190-a4ef-6125a56d864a,1777347935,0.45,1.0,yes,"{""count_fp"":""1.00"",""created_time"":""2026-04-28T03:45:35.837359Z"",""no_price_dollars"":""0.5500"",""taker_side"":""yes"",""ticker"":""KXBTC15M-26APR280000-00"",""trade_id"":""c46707c4-cc24-7190-a4ef-6125a56d864a"",""yes_price_dollars"":""0.4500""}"
KXBTC15M-26APR280000-00,a094ad86-cd0a-70c9-b7c3-49e81e5807b5,1777347935,0.45,2.0,yes,"{""count_fp"":""2.00"",""created_time"":""2026-04-28T03:45:35.837359Z"",""no_price_dollars"":""0.5500"",""taker_side"":""yes"",""ticker"":""KXBTC15M-26APR280000-00"",""trade_id"":""a094ad86-cd0a-70c9-b7c3-49e81e5807b5"",""yes_price_dollars"":""0.4500""}"
KXBTC15M-26APR280000-00,8e6a2a2d-9367-762b-aabb-3ab826b52654,1777347935,0.45,20.0,yes,"{""count_fp"":""20.00"",""created_time"":""2026-04-28T03:45:35.837359Z"",""no_price_dollars"":""0.5500"",""taker_side"":""yes"",""ticker"":""KXBTC15M-26APR280000-00"",""trade_id"":""8e6a2a2d-9367-762b-aabb-3ab826b52654"",""yes_price_dollars"":""0.4500""}"
KXBTC15M-26APR280000-00,792d999f-e0b7-70d2-a0ba-65a7c4f57081,1777347935,0.45,2267.82,yes,"{""count_fp"":""2267.82"",""created_time"":""2026-04-28T03:45:35.837359Z"",""no_price_dollars"":""0.5500"",""taker_side"":""yes"",""ticker"":""KXBTC15M-26APR280000-00"",""trade_id"":""792d999f-e0b7-70d2-a0ba-65a7c4f57081"",""yes_price_dollars"":""0.4500""}"
KXBTC15M-26APR280000-00,0f7ae179-0705-7481-acaa-ee4d90530e90,1777347935,0.45,2.0,yes,"{""count_fp"":""2.00"",""created_time"":""2026-04-28T03:45:35.837359Z"",""no_price_dollars"":""0.5500"",""taker_side"":""yes"",""ticker"":""KXBTC15M-26APR280000-00"",""trade_id"":""0f7ae179-0705-7481-acaa-ee4d90530e90"",""yes_price_dollars"":""0.4500""}"
KXBTC15M-26APR280000-00,1d48c8ad-5447-789e-9568-9c5dbe635f29,1777347935,0.45,102.0,yes,"{""count_fp"":""102.00"",""created_time"":""2026-04-28T03:45:35.836691Z"",""no_price_dollars"":""0.5500"",""taker_side"":""yes"",""ticker"":""KXBTC15M-26APR280000-00"",""trade_id"":""1d48c8ad-5447-789e-9568-9c5dbe635f29"",""yes_price_dollars"":""0.4500""}"
KXBTC15M-26APR280000-00,1e0dbcbc-5f73-4c36-f050-5da5d19e22c1,1777347935,0.45,200.0,yes,"{""count_fp"":""200.00"",""created_time"":""2026-04-28T03:45:35.835091Z"",""no_price_dollars"":""0.5500"",""taker_side"":""yes"",""ticker"":""KXBTC15M-26APR280000-00"",""trade_id"":""1e0dbcbc-5f73-4c36-f050-5da5d19e22c1"",""yes_price_dollars"":""0.4500""}"
KXBTC15M-26APR280000-00,0d03deff-e22f-64c2-640f-3aa3d34646d1,1777347935,0.45,102.0,yes,"{""count_fp"":""102.00"",""created_time"":""2026-04-28T03:45:35.819773Z"",""no_price_dollars"":""0.5500"",""taker_side"":""yes"",""ticker"":""KXBTC15M-26APR280000-00"",""trade_id"":""0d03deff-e22f-64c2-640f-3aa3d34646d1"",""yes_price_dollars"":""0.4500""}"
KXBTC15M-26APR280000-00,7159742c-b82b-404a-5519-60c51b38f4c1,1777347935,0.45,102.0,yes,"{""count_fp"":""102.00"",""created_time"":""2026-04-28T03:45:35.816114Z"",""no_price_dollars"":""0.5500"",""taker_side"":""yes"",""ticker"":""KXBTC15M-26APR280000-00"",""trade_id"":""7159742c-b82b-404a-5519-60c51b38f4c1"",""yes_price_dollars"":""0.4500""}"
KXBTC15M-26APR280000-00,5579e6b1-d459-65bf-3e5b-d64eaf79f18f,1777347935,0.44,0.92,yes,"{""count_fp"":""0.92"",""created_time"":""2026-04-28T03:45:35.802284Z"",""no_price_dollars"":""0.5600"",""taker_side"":""yes"",""ticker"":""KXBTC15M-26APR280000-00"",""trade_id"":""5579e6b1-d459-65bf-3e5b-d64eaf79f18f"",""yes_price_dollars"":""0.4400""}"
KXBTC15M-26APR280000-00,285cdfb8-7b2f-65b2-25e4-0ab72b1a1911,1777347935,0.45,101.08,yes,"{""count_fp"":""101.08"",""created_time"":""2026-04-28T03:45:35.802284Z"",""no_price_dollars"":""0.5500"",""taker_side"":""yes"",""ticker"":""KXBTC15M-26APR280000-00"",""trade_id"":""285cdfb8-7b2f-65b2-25e4-0ab72b1a1911"",""yes_price_dollars"":""0.4500""}"
KXBTC15M-26APR280000-00,57b28c3a-ff29-5fbf-76d9-b158409ad017,1777347935,0.44,99.08,yes,"{""count_fp"":""99.08"",""created_time"":""2026-04-28T03:45:35.800783Z"",""no_price_dollars"":""0.5600"",""taker_side"":""yes"",""ticker"":""KXBTC15M-26APR280000-00"",""trade_id"":""57b28c3a-ff29-5fbf-76d9-b158409ad017"",""yes_price_dollars"":""0.4400""}"
KXBTC15M-26APR280000-00,04d48370-e5c6-5d94-7ae1-9bbd9e3dfbb3,1777347935,0.43,2.92,yes,"{""count_fp"":""2.92"",""created_time"":""2026-04-28T03:45:35.800783Z"",""no_price_dollars"":""0.5700"",""taker_side"":""yes"",""ticker"":""KXBTC15M-26APR280000-00"",""trade_id"":""04d48370-e5c6-5d94-7ae1-9bbd9e3dfbb3"",""yes_price_dollars"":""0.4300""}"
KXBTC15M-26APR280000-00,103dd209-6317-42e5-750c-22c7538dbaba,1777347935,0.42,1.0,no,"{""count_fp"":""1.00"",""created_time"":""2026-04-28T03:45:35.540783Z"",""no_price_dollars"":""0.5800"",""taker_side"":""no"",""ticker"":""KXBTC15M-26APR280000-00"",""trade_id"":""103dd209-6317-42e5-750c-22c7538dbaba"",""yes_price_dollars"":""0.4200""}"
KXBTC15M-26APR280000-00,f3dd78d9-3fe9-5e70-09da-4a0c5ab7a95f,1777347935,0.43,2.13,yes,"{""count_fp"":""2.13"",""created_time"":""2026-04-28T03:45:35.477185Z"",""no_price_dollars"":""0.5700"",""taker_side"":""yes"",""ticker"":""KXBTC15M-26APR280000-00"",""trade_id"":""f3dd78d9-3fe9-5e70-09da-4a0c5ab7a95f"",""yes_price_dollars"":""0.4300""}"
KXBTC15M-26APR280000-00,2ce56f1f-a053-5567-087c-7578e0f5c0b6,1777347935,0.43,18.81,yes,"{""count_fp"":""18.81"",""created_time"":""2026-04-28T03:45:35.477185Z"",""no_price_dollars"":""0.5700"",""taker_side"":""yes"",""ticker"":""KXBTC15M-26APR280000-00"",""trade_id"":""2ce56f1f-a053-5567-087c-7578e0f5c0b6"",""yes_price_dollars"":""0.4300""}"
KXBTC15M-26APR280000-00,12916da9-b895-5bd0-7a27-c20d15af9397,1777347935,0.43,2.0,yes,"{""count_fp"":""2.00"",""created_time"":""2026-04-28T03:45:35.413074Z"",""no_price_dollars"":""0.5700"",""taker_side"":""yes"",""ticker"":""KXBTC15M-26APR280000-00"",""trade_id"":""12916da9-b895-5bd0-7a27-c20d15af9397"",""yes_price_dollars"":""0.4300""}"
KXBTC15M-26APR280000-00,785c3553-8f3f-7ee5-278a-72ab3bb18c7a,1777347935,0.42,8.75,no,"{""count_fp"":""8.75"",""created_time"":""2026-04-28T03:45:35.280441Z"",""no_price_dollars"":""0.5800"",""taker_side"":""no"",""ticker"":""KXBTC15M-26APR280000-00"",""trade_id"":""785c3553-8f3f-7ee5-278a-72ab3bb18c7a"",""yes_price_dollars"":""0.4200""}"
KXBTC15M-26APR280000-00,2d2feb08-4fe9-54f8-c5d9-fd15f201aeb3,1777347935,0.43,2.0,yes,"{""count_fp"":""2.00"",""created_time"":""2026-04-28T03:45:35.017121Z"",""no_price_dollars"":""0.5700"",""taker_side"":""yes"",""ticker"":""KXBTC15M-26APR280000-00"",""trade_id"":""2d2feb08-4fe9-54f8-c5d9-fd15f201aeb3"",""yes_price_dollars"":""0.4300""}"
KXBTC15M-26APR280000-00,ffd7167c-3593-6ac0-ef13-69777e49b405,1777347936,0.53,3.0,yes,"{""count_fp"":""3.00"",""created_time"":""2026-04-28T03:45:36.996243Z"",""no_price_dollars"":""0.4700"",""taker_side"":""yes"",""ticker"":""KXBTC15M-26APR280000-00"",""trade_id"":""ffd7167c-3593-6ac0-ef13-69777e49b405"",""yes_price_dollars"":""0.5300""}"
KXBTC15M-26APR280000-00,b34c7c88-5b65-62b4-c3ac-243ba2e251e8,1777347936,0.52,100.0,yes,"{""count_fp"":""100.00"",""created_time"":""2026-04-28T03:45:36.996243Z"",""no_price_dollars"":""0.4800"",""taker_side"":""yes"",""ticker"":""KXBTC15M-26APR280000-00"",""trade_id"":""b34c7c88-5b65-62b4-c3ac-243ba2e251e8"",""yes_price_dollars"":""0.5200""}"
KXBTC15M-26APR280000-00,3b1d017b-817e-6a73-f21a-79ec47f79738,1777347936,0.52,3.0,yes,"{""count_fp"":""3.00"",""created_time"":""2026-04-28T03:45:36.996243Z"",""no_price_dollars"":""0.4800"",""taker_side"":""yes"",""ticker"":""KXBTC15M-26APR280000-00"",""trade_id"":""3b1d017b-817e-6a73-f21a-79ec47f79738"",""yes_price_dollars"":""0.5200""}"
KXBTC15M-26APR280000-00,3a45dbce-6c7f-5565-4b9c-5a2be352cb3c,1777347936,0.51,15.0,no,"{""count_fp"":""15.00"",""created_time"":""2026-04-28T03:45:36.797196Z"",""no_price_dollars"":""0.4900"",""taker_side"":""no"",""ticker"":""KXBTC15M-26APR280000-00"",""trade_id"":""3a45dbce-6c7f-5565-4b9c-5a2be352cb3c"",""yes_price_dollars"":""0.5100""}"
KXBTC15M-26APR280000-00,ba5cd8eb-b0b8-7c17-6325-2e671427ab50,1777347936,0.51,1.0,yes,"{""count_fp"":""1.00"",""created_time"":""2026-04-28T03:45:36.611613Z"",""no_price_dollars"":""0.4900"",""taker_side"":""yes"",""ticker"":""KXBTC15M-26APR280000-00"",""trade_id"":""ba5cd8eb-b0b8-7c17-6325-2e671427ab50"",""yes_price_dollars"":""0.5100""}"
KXBTC15M-26APR280000-00,a1bb805b-bee6-7a17-41b2-cccb1f11239a,1777347936,0.51,3.0,yes,"{""count_fp"":""3.00"",""created_time"":""2026-04-28T03:45:36.611613Z"",""no_price_dollars"":""0.4900"",""taker_side"":""yes"",""ticker"":""KXBTC15M-26APR280000-00"",""trade_id"":""a1bb805b-bee6-7a17-41b2-cccb1f11239a"",""yes_price_dollars"":""0.5100""}"
KXBTC15M-26APR280000-00,89026afa-e449-7aa9-7a3d-0d9598cdcbcc,1777347936,0.51,1.0,yes,"{""count_fp"":""1.00"",""created_time"":""2026-04-28T03:45:36.611613Z"",""no_price_dollars"":""0.4900"",""taker_side"":""yes"",""ticker"":""KXBTC15M-26APR280000-00"",""trade_id"":""89026afa-e449-7aa9-7a3d-0d9598cdcbcc"",""yes_price_dollars"":""0.5100""}"
KXBTC15M-26APR280000-00,7260a287-47db-79cb-4623-fb11534ea3fa,1777347936,0.51,10.0,yes,"{""count_fp"":""10.00"",""created_time"":""2026-04-28T03:45:36.611613Z"",""no_price_dollars"":""0.4900"",""taker_side"":""yes"",""ticker"":""KXBTC15M-26APR280000-00"",""trade_id"":""7260a287-47db-79cb-4623-fb11534ea3fa"",""yes_price_dollars"":""0.5100""}"
KXBTC15M-26APR280000-00,43586de8-446e-76fd-6073-c7cd24005602,1777347936,0.51,2.0,yes,"{""count_fp"":""2.00"",""created_time"":""2026-04-28T03:45:36.611613Z"",""no_price_dollars"":""0.4900"",""taker_side"":""yes"",""ticker"":""KXBTC15M-26APR280000-00"",""trade_id"":""43586de8-446e-76fd-6073-c7cd24005602"",""yes_price_dollars"":""0.5100""}"
KXBTC15M-26APR280000-00,2154c3d3-389b-7f46-529f-1bf1035848df,1777347936,0.51,1.0,yes,"{""count_fp"":""1.00"",""created_time"":""2026-04-28T03:45:36.611613Z"",""no_price_dollars"":""0.4900"",""taker_side"":""yes"",""ticker"":""KXBTC15M-26APR280000-00"",""trade_id"":""2154c3d3-389b-7f46-529f-1bf1035848df"",""yes_price_dollars"":""0.5100""}"
KXBTC15M-26APR280000-00,1823171b-1ef9-7a64-5741-fa8d0e487bce,1777347936,0.51,1.0,yes,"{""count_fp"":""1.00"",""created_time"":""2026-04-28T03:45:36.611613Z"",""no_price_dollars"":""0.4900"",""taker_side"":""yes"",""ticker"":""KXBTC15M-26APR280000-00"",""trade_id"":""1823171b-1ef9-7a64-5741-fa8d0e487bce"",""yes_price_dollars"":""0.5100""}"
KXBTC15M-26APR280000-00,0f13dcd3-c8c8-735f-5987-6325446cbe46,1777347936,0.51,3.0,yes,"{""count_fp"":""3.00"",""created_time"":""2026-04-28T03:45:36.611613Z"",""no_price_dollars"":""0.4900"",""taker_side"":""yes"",""ticker"":""KXBTC15M-26APR280000-00"",""trade_id"":""0f13dcd3-c8c8-735f-5987-6325446cbe46"",""yes_price_dollars"":""0.5100""}"
KXBTC15M-26APR280000-00,17867d2b-7e4a-69ac-5d8c-5a617b6be69f,1777347936,0.5,0.01,yes,"{""count_fp"":""0.01"",""created_time"":""2026-04-28T03:45:36.608265Z"",""no_price_dollars"":""0.5000"",""taker_side"":""yes"",""ticker"":""KXBTC15M-26APR280000-00"",""trade_id"":""17867d2b-7e4a-69ac-5d8c-5a617b6be69f"",""yes_price_dollars"":""0.5000""}"
KXBTC15M-26APR280000-00,b11e317c-4a14-553b-a691-4b73d727e61e,1777347936,0.5,2.0,yes,"{""count_fp"":""2.00"",""created_time"":""2026-04-28T03:45:36.598012Z"",""no_price_dollars"":""0.5000"",""taker_side"":""yes"",""ticker"":""KXBTC15M-26APR280000-00"",""trade_id"":""b11e317c-4a14-553b-a691-4b73d727e61e"",""yes_price_dollars"":""0.5000""}"
KXBTC15M-26APR280000-00,6ec40c65-be2a-5da8-8738-449125a6cda3,1777347936,0.5,40.0,yes,"{""count_fp"":""40.00"",""created_time"":""2026-04-28T03:45:36.598012Z"",""no_price_dollars"":""0.5000"",""taker_side"":""yes"",""ticker"":""KXBTC15M-26APR280000-00"",""trade_id"":""6ec40c65-be2a-5da8-8738-449125a6cda3"",""yes_price_dollars"":""0.5000""}"
KXBTC15M-26APR280000-00,e2fcd5bf-da7f-597a-4614-cf8ffb978ca1,1777347936,0.5,1.0,yes,"{""count_fp"":""1.00"",""created_time"":""2026-04-28T03:45:36.417668Z"",""no_price_dollars"":""0.5000"",""taker_side"":""yes"",""ticker"":""KXBTC15M-26APR280000-00"",""trade_id"":""e2fcd5bf-da7f-597a-4614-cf8ffb978ca1"",""yes_price_dollars"":""0.5000""}"
KXBTC15M-26APR280000-00,3cae4e47-5f17-50f5-5130-db2be87062c4,1777347936,0.49,17.45,no,"{""count_fp"":""17.45"",""created_time"":""2026-04-28T03:45:36.245623Z"",""no_price_dollars"":""0.5100"",""taker_side"":""no"",""ticker"":""KXBTC15M-26APR280000-00"",""trade_id"":""3cae4e47-5f17-50f5-5130-db2be87062c4"",""yes_price_dollars"":""0.4900""}"
KXBTC15M-26APR280000-00,d0d3b922-2989-53f5-85d7-86d15cfa07f4,1777347936,0.49,64.37,yes,"{""count_fp"":""64.37"",""created_time"":""2026-04-28T03:45:36.132601Z"",""no_price_dollars"":""0.5100"",""taker_side"":""yes"",""ticker"":""KXBTC15M-26APR280000-00"",""trade_id"":""d0d3b922-2989-53f5-85d7-86d15cfa07f4"",""yes_price_dollars"":""0.4900""}"
KXBTC15M-26APR280000-00,bfdd74bf-0e7d-5290-b33f-dc4d8e47f159,1777347936,0.49,1.0,yes,"{""count_fp"":""1.00"",""created_time"":""2026-04-28T03:45:36.132601Z"",""no_price_dollars"":""0.5100"",""taker_side"":""yes"",""ticker"":""KXBTC15M-26APR280000-00"",""trade_id"":""bfdd74bf-0e7d-5290-b33f-dc4d8e47f159"",""yes_price_dollars"":""0.4900""}"
KXBTC15M-26APR280000-00,ba48f365-c60d-5415-b303-3e9461d6b33c,1777347936,0.49,1.0,yes,"{""count_fp"":""1.00"",""created_time"":""2026-04-28T03:45:36.132601Z"",""no_price_dollars"":""0.5100"",""taker_side"":""yes"",""ticker"":""KXBTC15M-26APR280000-00"",""trade_id"":""ba48f365-c60d-5415-b303-3e9461d6b33c"",""yes_price_dollars"":""0.4900""}"
KXBTC15M-26APR280000-00,aa02db64-64a3-5d19-bbe3-4b892cd188e1,1777347936,0.49,0.81,yes,"{""count_fp"":""0.81"",""created_time"":""2026-04-28T03:45:36.132601Z"",""no_price_dollars"":""0.5100"",""taker_side"":""yes"",""ticker"":""KXBTC15M-26APR280000-00"",""trade_id"":""aa02db64-64a3-5d19-bbe3-4b892cd188e1"",""yes_price_dollars"":""0.4900""}"
KXBTC15M-26APR280000-00,a7665191-5baa-50f2-bd97-af9aba31f137,1777347936,0.49,1.0,yes,"{""count_fp"":""1.00"",""created_time"":""2026-04-28T03:45:36.132601Z"",""no_price_dollars"":""0.5100"",""taker_side"":""yes"",""ticker"":""KXBTC15M-26APR280000-00"",""trade_id"":""a7665191-5baa-50f2-bd97-af9aba31f137"",""yes_price_dollars"":""0.4900""}"
KXBTC15M-26APR280000-00,8dec61b5-ef63-5b99-9da0-95b57d40be2f,1777347936,0.49,2.0,yes,"{""count_fp"":""2.00"",""created_time"":""2026-04-28T03:45:36.132601Z"",""no_price_dollars"":""0.5100"",""taker_side"":""yes"",""ticker"":""KXBTC15M-26APR280000-00"",""trade_id"":""8dec61b5-ef63-5b99-9da0-95b57d40be2f"",""yes_price_dollars"":""0.4900""}"
KXBTC15M-26APR280000-00,56cd83b7-baaa-5f5a-a620-fdc86ccafb3b,1777347936,0.49,5.0,yes,"{""count_fp"":""5.00"",""created_time"":""2026-04-28T03:45:36.132601Z"",""no_price_dollars"":""0.5100"",""taker_side"":""yes"",""ticker"":""KXBTC15M-26APR280000-00"",""trade_id"":""56cd83b7-baaa-5f5a-a620-fdc86ccafb3b"",""yes_price_dollars"":""0.4900""}"
KXBTC15M-26APR280000-00,5260716b-fc55-5382-8302-b88ac8d844bd,1777347936,0.49,36.0,yes,"{""count_fp"":""36.00"",""created_time"":""2026-04-28T03:45:36.132601Z"",""no_price_dollars"":""0.5100"",""taker_side"":""yes"",""ticker"":""KXBTC15M-26APR280000-00"",""trade_id"":""5260716b-fc55-5382-8302-b88ac8d844bd"",""yes_price_dollars"":""0.4900""}"
KXBTC15M-26APR280000-00,399a8781-5210-5ecf-b582-449a91d02da2,1777347936,0.49,15.0,yes,"{""count_fp"":""15.00"",""created_time"":""2026-04-28T03:45:36.132601Z"",""no_price_dollars"":""0.5100"",""taker_side"":""yes"",""ticker"":""KXBTC15M-26APR280000-00"",""trade_id"":""399a8781-5210-5ecf-b582-449a91d02da2"",""yes_price_dollars"":""0.4900""}"
KXBTC15M-26APR280000-00,09fcca11-d268-5ad2-b7a1-23abbcf8ecca,1777347936,0.49,15.0,yes,"{""count_fp"":""15.00"",""created_time"":""2026-04-28T03:45:36.132601Z"",""no_price_dollars"":""0.5100"",""taker_side"":""yes"",""ticker"":""KXBTC15M-26APR280000-00"",""trade_id"":""09fcca11-d268-5ad2-b7a1-23abbcf8ecca"",""yes_price_dollars"":""0.4900""}"
KXBTC15M-26APR280000-00,59ff0ba3-e958-78eb-d6af-1283e4e4239e,1777347936,0.49,20.0,yes,"{""count_fp"":""20.00"",""created_time"":""2026-04-28T03:45:36.129886Z"",""no_price_dollars"":""0.5100"",""taker_side"":""yes"",""ticker"":""KXBTC15M-26APR280000-00"",""trade_id"":""59ff0ba3-e958-78eb-d6af-1283e4e4239e"",""yes_price_dollars"":""0.4900""}"
KXBTC15M-26APR280000-00,7b93b0ae-1ae2-5a1e-cf77-70a0e3a77858,1777347936,0.48,16.65,no,"{""count_fp"":""16.65"",""created_time"":""2026-04-28T03:45:36.087579Z"",""no_price_dollars"":""0.5200"",""taker_side"":""no"",""ticker"":""KXBTC15M-26APR280000-00"",""trade_id"":""7b93b0ae-1ae2-5a1e-cf77-70a0e3a77858"",""yes_price_dollars"":""0.4800""}"
KXBTC15M-26APR280000-00,c7bf32eb-ff70-761b-9421-ea661dd0a6ee,1777347936,0.49,1.0,yes,"{""count_fp"":""1.00"",""created_time"":""2026-04-28T03:45:36.059951Z"",""no_price_dollars"":""0.5100"",""taker_side"":""yes"",""ticker"":""KXBTC15M-26APR280000-00"",""trade_id"":""c7bf32eb-ff70-761b-9421-ea661dd0a6ee"",""yes_price_dollars"":""0.4900""}"
KXBTC15M-26APR280000-00,bd3c8c04-3c0e-45b1-0529-e8df1e112a41,1777347936,0.48,3.0,no,"{""count_fp"":""3.00"",""created_time"":""2026-04-28T03:45:36.002993Z"",""no_price_dollars"":""0.5200"",""taker_side"":""no"",""ticker"":""KXBTC15M-26APR280000-00"",""trade_id"":""bd3c8c04-3c0e-45b1-0529-e8df1e112a41"",""yes_price_dollars"":""0.4800""}"
KXBTC15M-26APR280000-00,10fe999f-2fbf-42da-25a1-5c1f80d911a4,1777347936,0.48,5.81,no,"{""count_fp"":""5.81"",""created_time"":""2026-04-28T03:45:36.002993Z"",""no_price_dollars"":""0.5200"",""taker_side"":""no"",""ticker"":""KXBTC15M-26APR280000-00"",""trade_id"":""10fe999f-2fbf-42da-25a1-5c1f80d911a4"",""yes_price_dollars"":""0.4800""}"
KXBTC15M-26APR280000-00,1516ef0e-0c3a-6a81-1342-4b0347290f25,1777347937,0.53,8.37,no,"{""count_fp"":""8.37"",""created_time"":""2026-04-28T03:45:37.982797Z"",""no_price_dollars"":""0.4700"",""taker_side"":""no"",""ticker"":""KXBTC15M-26APR280000-00"",""trade_id"":""1516ef0e-0c3a-6a81-1342-4b0347290f25"",""yes_price_dollars"":""0.5300""}"
KXBTC15M-26APR280000-00,37a0db40-177c-6fd7-c8da-4293bd349856,1777347937,0.53,3.0,yes,"{""count_fp"":""3.00"",""created_time"":""2026-04-28T03:45:37.012793Z"",""no_price_dollars"":""0.4700"",""taker_side"":""yes"",""ticker"":""KXBTC15M-26APR280000-00"",""trade_id"":""37a0db40-177c-6fd7-c8da-4293bd349856"",""yes_price_dollars"":""0.5300""}"
KXBTC15M-26APR280000-00,af4c2806-d103-7444-0d9f-6b69a4ab2806,1777347938,0.53,8.06,no,"{""count_fp"":""8.06"",""created_time"":""2026-04-28T03:45:38.957187Z"",""no_price_dollars"":""0.4700"",""taker_side"":""no"",""ticker"":""KXBTC15M-26APR280000-00"",""trade_id"":""af4c2806-d103-7444-0d9f-6b69a4ab2806"",""yes_price_dollars"":""0.5300""}"
KXBTC15M-26APR280000-00,68bcba03-d563-7e24-075b-60780b053783,1777347938,0.53,11.26,no,"{""count_fp"":""11.26"",""created_time"":""2026-04-28T03:45:38.957187Z"",""no_price_dollars"":""0.4700"",""taker_side"":""no"",""ticker"":""KXBTC15M-26APR280000-00"",""trade_id"":""68bcba03-d563-7e24-075b-60780b053783"",""yes_price_dollars"":""0.5300""}"
KXBTC15M-26APR280000-00,342b0375-5b33-777e-2535-2f173637c9c6,1777347938,0.53,0.31,no,"{""count_fp"":""0.31"",""created_time"":""2026-04-28T03:45:38.957187Z"",""no_price_dollars"":""0.4700"",""taker_side"":""no"",""ticker"":""KXBTC15M-26APR280000-00"",""trade_id"":""342b0375-5b33-777e-2535-2f173637c9c6"",""yes_price_dollars"":""0.5300""}"
KXBTC15M-26APR280000-00,12068ae2-200b-7312-19ed-b3395f28194c,1777347938,0.52,332.29,no,"{""count_fp"":""332.29"",""created_time"":""2026-04-28T03:45:38.957187Z"",""no_price_dollars"":""0.4800"",""taker_side"":""no"",""ticker"":""KXBTC15M-26APR280000-00"",""trade_id"":""12068ae2-200b-7312-19ed-b3395f28194c"",""yes_price_dollars"":""0.5200""}"
KXBTC15M-26APR280000-00,03abb81f-1f6e-7af0-3074-36e6fcda5a0f,1777347938,0.53,0.37,no,"{""count_fp"":""0.37"",""created_time"":""2026-04-28T03:45:38.957187Z"",""no_price_dollars"":""0.4700"",""taker_side"":""no"",""ticker"":""KXBTC15M-26APR280000-00"",""trade_id"":""03abb81f-1f6e-7af0-3074-36e6fcda5a0f"",""yes_price_dollars"":""0.5300""}"
KXBTC15M-26APR280000-00,6d4d9aab-3e65-7668-a860-fb422808cc7b,1777347938,0.53,8.06,no,"{""count_fp"":""8.06"",""created_time"":""2026-04-28T03:45:38.464399Z"",""no_price_dollars"":""0.4700"",""taker_side"":""no"",""ticker"":""KXBTC15M-26APR280000-00"",""trade_id"":""6d4d9aab-3e65-7668-a860-fb422808cc7b"",""yes_price_dollars"":""0.5300""}"
KXBTC15M-26APR280000-00,5044ee4b-206e-7e74-b44a-3948aa050b4b,1777347938,0.53,11.26,no,"{""count_fp"":""11.26"",""created_time"":""2026-04-28T03:45:38.464399Z"",""no_price_dollars"":""0.4700"",""taker_side"":""no"",""ticker"":""KXBTC15M-26APR280000-00"",""trade_id"":""5044ee4b-206e-7e74-b44a-3948aa050b4b"",""yes_price_dollars"":""0.5300""}"
KXBTC15M-26APR280000-00,e4e1c25f-a9ea-471a-abe7-2a1918f07a5c,1777347938,0.53,8.99,no,"{""count_fp"":""8.99"",""created_time"":""2026-04-28T03:45:38.175408Z"",""no_price_dollars"":""0.4700"",""taker_side"":""no"",""ticker"":""KXBTC15M-26APR280000-00"",""trade_id"":""e4e1c25f-a9ea-471a-abe7-2a1918f07a5c"",""yes_price_dollars"":""0.5300""}"
KXBTC15M-26APR280000-00,aec873cf-3ca1-4ebc-a6cf-23829befdda3,1777347938,0.53,0.31,no,"{""count_fp"":""0.31"",""created_time"":""2026-04-28T03:45:38.175408Z"",""no_price_dollars"":""0.4700"",""taker_side"":""no"",""ticker"":""KXBTC15M-26APR280000-00"",""trade_id"":""aec873cf-3ca1-4ebc-a6cf-23829befdda3"",""yes_price_dollars"":""0.5300""}"
KXBTC15M-26APR280000-00,e8b0c502-be6a-75d9-b83b-09bb8e6e8441,1777347938,0.53,11.63,no,"{""count_fp"":""11.63"",""created_time"":""2026-04-28T03:45:38.035323Z"",""no_price_dollars"":""0.4700"",""taker_side"":""no"",""ticker"":""KXBTC15M-26APR280000-00"",""trade_id"":""e8b0c502-be6a-75d9-b83b-09bb8e6e8441"",""yes_price_dollars"":""0.5300""}"
KXBTC15M-26APR280000-00,95e00801-e5a4-7422-9f0e-2ff8b3f5029d,1777347938,0.53,20.0,no,"{""count_fp"":""20.00"",""created_time"":""2026-04-28T03:45:38.035323Z"",""no_price_dollars"":""0.4700"",""taker_side"":""no"",""ticker"":""KXBTC15M-26APR280000-00"",""trade_id"":""95e00801-e5a4-7422-9f0e-2ff8b3f5029d"",""yes_price_dollars"":""0.5300""}"
KXBTC15M-26APR280000-00,2c609510-fa22-7332-a91e-0080e21896dc,1777347938,0.53,7.01,no,"{""count_fp"":""7.01"",""created_time"":""2026-04-28T03:45:38.035323Z"",""no_price_dollars"":""0.4700"",""taker_side"":""no"",""ticker"":""KXBTC15M-26APR280000-00"",""trade_id"":""2c609510-fa22-7332-a91e-0080e21896dc"",""yes_price_dollars"":""0.5300""}"
KXBTC15M-26APR280000-00,94e64be2-9ec7-4dd6-4e08-d85ffa7248d8,1777347939,0.52,6.0,no,"{""count_fp"":""6.00"",""created_time"":""2026-04-28T03:45:39.175775Z"",""no_price_dollars"":""0.4800"",""taker_side"":""no"",""ticker"":""KXBTC15M-26APR280000-00"",""trade_id"":""94e64be2-9ec7-4dd6-4e08-d85ffa7248d8"",""yes_price_dollars"":""0.5200""}"
KXBTC15M-26APR280000-00,cc7e1502-c268-57cd-4577-28da697e3aea,1777347940,0.54,0.74,yes,"{""count_fp"":""0.74"",""created_time"":""2026-04-28T03:45:40.997195Z"",""no_price_dollars"":""0.4600"",""taker_side"":""yes"",""ticker"":""KXBTC15M-26APR280000-00"",""trade_id"":""cc7e1502-c268-57cd-4577-28da697e3aea"",""yes_price_dollars"":""0.5400""}"
KXBTC15M-26APR280000-00,ba176280-a534-5550-6296-560ac842abc7,1777347940,0.54,1.0,yes,"{""count_fp"":""1.00"",""created_time"":""2026-04-28T03:45:40.997195Z"",""no_price_dollars"":""0.4600"",""taker_side"":""yes"",""ticker"":""KXBTC15M-26APR280000-00"",""trade_id"":""ba176280-a534-5550-6296-560ac842abc7"",""yes_price_dollars"":""0.5400""}"
KXBTC15M-26APR280000-00,cf185df6-0f8b-6eee-f84c-9ee547e05a7c,1777347940,0.52,83.13,no,"{""count_fp"":""83.13"",""created_time"":""2026-04-28T03:45:40.706399Z"",""no_price_dollars"":""0.4800"",""taker_side"":""no"",""ticker"":""KXBTC15M-26APR280000-00"",""trade_id"":""cf185df6-0f8b-6eee-f84c-9ee547e05a7c"",""yes_price_dollars"":""0.5200""}"
KXBTC15M-26APR280000-00,7bc6e099-ae29-6db8-fe7c-80fb84f9bd50,1777347940,0.52,17.37,no,"{""count_fp"":""17.37"",""created_time"":""2026-04-28T03:45:40.706399Z"",""no_price_dollars"":""0.4800"",""taker_side"":""no"",""ticker"":""KXBTC15M-26APR280000-00"",""trade_id"":""7bc6e099-ae29-6db8-fe7c-80fb84f9bd50"",""yes_price_dollars"":""0.5200""}"
KXBTC15M-26APR280000-00,669d5cc3-5fb8-701e-32b5-f1f345ee438d,1777347940,0.53,8.0,yes,"{""count_fp"":""8.00"",""created_time"":""2026-04-28T03:45:40.507305Z"",""no_price_dollars"":""0.4700"",""taker_side"":""yes"",""ticker"":""KXBTC15M-26APR280000-00"",""trade_id"":""669d5cc3-5fb8-701e-32b5-f1f345ee438d"",""yes_price_dollars"":""0.5300""}"
