ticker,trade_id,ts,yes_price,count,taker_side,raw_json
KXBTC15M-26APR271815-15,a486e1f1-bccd-5877-0df9-b3c7a5a15d9b,1777327200,0.5,5.0,no,"{""count_fp"":""5.00"",""created_time"":""2026-04-27T22:00:00.776935Z"",""no_price_dollars"":""0.5000"",""taker_side"":""no"",""ticker"":""KXBTC15M-26APR271815-15"",""trade_id"":""a486e1f1-bccd-5877-0df9-b3c7a5a15d9b"",""yes_price_dollars"":""0.5000""}"
KXBTC15M-26APR271815-15,67099881-7250-7ca6-7d92-4af3b0f1d150,1777327200,0.5,5.0,yes,"{""count_fp"":""5.00"",""created_time"":""2026-04-27T22:00:00.499117Z"",""no_price_dollars"":""0.5000"",""taker_side"":""yes"",""ticker"":""KXBTC15M-26APR271815-15"",""trade_id"":""67099881-7250-7ca6-7d92-4af3b0f1d150"",""yes_price_dollars"":""0.5000""}"
KXBTC15M-26APR271815-15,542a8570-4721-7e77-4d56-cb46c3c7da8f,1777327200,0.5,1.0,yes,"{""count_fp"":""1.00"",""created_time"":""2026-04-27T22:00:00.499117Z"",""no_price_dollars"":""0.5000"",""taker_side"":""yes"",""ticker"":""KXBTC15M-26APR271815-15"",""trade_id"":""542a8570-4721-7e77-4d56-cb46c3c7da8f"",""yes_price_dollars"":""0.5000""}"
KXBTC15M-26APR271815-15,36005893-16ea-409f-e2f9-59c2116a0166,1777327201,0.58,5.0,yes,"{""count_fp"":""5.00"",""created_time"":""2026-04-27T22:00:01.143612Z"",""no_price_dollars"":""0.4200"",""taker_side"":""yes"",""ticker"":""KXBTC15M-26APR271815-15"",""trade_id"":""36005893-16ea-409f-e2f9-59c2116a0166"",""yes_price_dollars"":""0.5800""}"
KXBTC15M-26APR271815-15,6aaaa78c-2bc7-7b1b-a8be-95e97cf54495,1777327204,0.52,18.0,no,"{""count_fp"":""18.00"",""created_time"":""2026-04-27T22:00:04.925796Z"",""no_price_dollars"":""0.4800"",""taker_side"":""no"",""ticker"":""KXBTC15M-26APR271815-15"",""trade_id"":""6aaaa78c-2bc7-7b1b-a8be-95e97cf54495"",""yes_price_dollars"":""0.5200""}"
KXBTC15M-26APR271815-15,081f859c-398e-7d41-b2bd-6ca7dc78c652,1777327204,0.51,48.99,no,"{""count_fp"":""48.99"",""created_time"":""2026-04-27T22:00:04.925796Z"",""no_price_dollars"":""0.4900"",""taker_side"":""no"",""ticker"":""KXBTC15M-26APR271815-15"",""trade_id"":""081f859c-398e-7d41-b2bd-6ca7dc78c652"",""yes_price_dollars"":""0.5100""}"
KXBTC15M-26APR271815-15,29a32afc-ffff-659e-dbb2-826e4b962ef6,1777327205,0.52,3.31,no,"{""count_fp"":""3.31"",""created_time"":""2026-04-27T22:00:05.898023Z"",""no_price_dollars"":""0.4800"",""taker_side"":""no"",""ticker"":""KXBTC15M-26APR271815-15"",""trade_id"":""29a32afc-ffff-659e-dbb2-826e4b962ef6"",""yes_price_dollars"":""0.5200""}"
KXBTC15M-26APR271815-15,2b3f0cfc-4493-64f6-5cef-a4c000287296,1777327205,0.52,1.97,no,"{""count_fp"":""1.97"",""created_time"":""2026-04-27T22:00:05.597355Z"",""no_price_dollars"":""0.4800"",""taker_side"":""no"",""ticker"":""KXBTC15M-26APR271815-15"",""trade_id"":""2b3f0cfc-4493-64f6-5cef-a4c000287296"",""yes_price_dollars"":""0.5200""}"
KXBTC15M-26APR271815-15,9bf01c9b-bd10-5f63-3927-43be88544f75,1777327205,0.55,1.0,yes,"{""count_fp"":""1.00"",""created_time"":""2026-04-27T22:00:05.388313Z"",""no_price_dollars"":""0.4500"",""taker_side"":""yes"",""ticker"":""KXBTC15M-26APR271815-15"",""trade_id"":""9bf01c9b-bd10-5f63-3927-43be88544f75"",""yes_price_dollars"":""0.5500""}"
KXBTC15M-26APR271815-15,b471194b-c858-44c9-cfac-f334397b599b,1777327205,0.55,10.0,yes,"{""count_fp"":""10.00"",""created_time"":""2026-04-27T22:00:05.231621Z"",""no_price_dollars"":""0.4500"",""taker_side"":""yes"",""ticker"":""KXBTC15M-26APR271815-15"",""trade_id"":""b471194b-c858-44c9-cfac-f334397b599b"",""yes_price_dollars"":""0.5500""}"
KXBTC15M-26APR271815-15,8ffdcff5-2577-4908-e7d6-a88eb4a2593b,1777327205,0.55,1.0,yes,"{""count_fp"":""1.00"",""created_time"":""2026-04-27T22:00:05.231621Z"",""no_price_dollars"":""0.4500"",""taker_side"":""yes"",""ticker"":""KXBTC15M-26APR271815-15"",""trade_id"":""8ffdcff5-2577-4908-e7d6-a88eb4a2593b"",""yes_price_dollars"":""0.5500""}"
KXBTC15M-26APR271815-15,39f5abff-a468-4d0f-eee9-69e6029a2b45,1777327205,0.55,22.54,yes,"{""count_fp"":""22.54"",""created_time"":""2026-04-27T22:00:05.231621Z"",""no_price_dollars"":""0.4500"",""taker_side"":""yes"",""ticker"":""KXBTC15M-26APR271815-15"",""trade_id"":""39f5abff-a468-4d0f-eee9-69e6029a2b45"",""yes_price_dollars"":""0.5500""}"
KXBTC15M-26APR271815-15,c3ae255c-784c-53a1-8509-e26df5954dc1,1777327206,0.52,15.45,no,"{""count_fp"":""15.45"",""created_time"":""2026-04-27T22:00:06.898803Z"",""no_price_dollars"":""0.4800"",""taker_side"":""no"",""ticker"":""KXBTC15M-26APR271815-15"",""trade_id"":""c3ae255c-784c-53a1-8509-e26df5954dc1"",""yes_price_dollars"":""0.5200""}"
KXBTC15M-26APR271815-15,64ef2486-3d57-507a-9fd9-caa7cd5fb23e,1777327206,0.52,14.7,no,"{""count_fp"":""14.70"",""created_time"":""2026-04-27T22:00:06.898803Z"",""no_price_dollars"":""0.4800"",""taker_side"":""no"",""ticker"":""KXBTC15M-26APR271815-15"",""trade_id"":""64ef2486-3d57-507a-9fd9-caa7cd5fb23e"",""yes_price_dollars"":""0.5200""}"
KXBTC15M-26APR271815-15,c7b59216-be7b-5a82-78c6-12d1d3c7e73e,1777327206,0.52,8.02,no,"{""count_fp"":""8.02"",""created_time"":""2026-04-27T22:00:06.496261Z"",""no_price_dollars"":""0.4800"",""taker_side"":""no"",""ticker"":""KXBTC15M-26APR271815-15"",""trade_id"":""c7b59216-be7b-5a82-78c6-12d1d3c7e73e"",""yes_price_dollars"":""0.5200""}"
KXBTC15M-26APR271815-15,d34008d1-8d04-4baf-86b8-1c17e531d520,1777327207,0.52,10.04,no,"{""count_fp"":""10.04"",""created_time"":""2026-04-27T22:00:07.661737Z"",""no_price_dollars"":""0.4800"",""taker_side"":""no"",""ticker"":""KXBTC15M-26APR271815-15"",""trade_id"":""d34008d1-8d04-4baf-86b8-1c17e531d520"",""yes_price_dollars"":""0.5200""}"
KXBTC15M-26APR271815-15,f9f8795f-c170-6c91-eb9a-4c9f2d4ece45,1777327207,0.52,2.5,no,"{""count_fp"":""2.50"",""created_time"":""2026-04-27T22:00:07.427558Z"",""no_price_dollars"":""0.4800"",""taker_side"":""no"",""ticker"":""KXBTC15M-26APR271815-15"",""trade_id"":""f9f8795f-c170-6c91-eb9a-4c9f2d4ece45"",""yes_price_dollars"":""0.5200""}"
KXBTC15M-26APR271815-15,7cbcc94c-9fbc-6177-c496-f83e66129668,1777327207,0.52,2.5,no,"{""count_fp"":""2.50"",""created_time"":""2026-04-27T22:00:07.427558Z"",""no_price_dollars"":""0.4800"",""taker_side"":""no"",""ticker"":""KXBTC15M-26APR271815-15"",""trade_id"":""7cbcc94c-9fbc-6177-c496-f83e66129668"",""yes_price_dollars"":""0.5200""}"
KXBTC15M-26APR271815-15,df872290-edb4-67c1-18b1-0efd6bcddd6d,1777327207,0.52,10.05,no,"{""count_fp"":""10.05"",""created_time"":""2026-04-27T22:00:07.364766Z"",""no_price_dollars"":""0.4800"",""taker_side"":""no"",""ticker"":""KXBTC15M-26APR271815-15"",""trade_id"":""df872290-edb4-67c1-18b1-0efd6bcddd6d"",""yes_price_dollars"":""0.5200""}"
KXBTC15M-26APR271815-15,4c74fab6-1c30-6427-56f4-96822183db01,1777327208,0.53,9.0,yes,"{""count_fp"":""9.00"",""created_time"":""2026-04-27T22:00:08.875921Z"",""no_price_dollars"":""0.4700"",""taker_side"":""yes"",""ticker"":""KXBTC15M-26APR271815-15"",""trade_id"":""4c74fab6-1c30-6427-56f4-96822183db01"",""yes_price_dollars"":""0.5300""}"
KXBTC15M-26APR271815-15,67f43252-3f90-5eab-b9d8-6843eaef8681,1777327208,0.53,16.14,yes,"{""count_fp"":""16.14"",""created_time"":""2026-04-27T22:00:08.863166Z"",""no_price_dollars"":""0.4700"",""taker_side"":""yes"",""ticker"":""KXBTC15M-26APR271815-15"",""trade_id"":""67f43252-3f90-5eab-b9d8-6843eaef8681"",""yes_price_dollars"":""0.5300""}"
KXBTC15M-26APR271815-15,b7331abc-06a6-6896-cc4d-2cb3acfe399c,1777327208,0.52,17.5,no,"{""count_fp"":""17.50"",""created_time"":""2026-04-27T22:00:08.215885Z"",""no_price_dollars"":""0.4800"",""taker_side"":""no"",""ticker"":""KXBTC15M-26APR271815-15"",""trade_id"":""b7331abc-06a6-6896-cc4d-2cb3acfe399c"",""yes_price_dollars"":""0.5200""}"
KXBTC15M-26APR271815-15,8dfb68a8-ee44-61f1-e5e2-f2d95fbd3cd7,1777327208,0.52,0.5,no,"{""count_fp"":""0.50"",""created_time"":""2026-04-27T22:00:08.215885Z"",""no_price_dollars"":""0.4800"",""taker_side"":""no"",""ticker"":""KXBTC15M-26APR271815-15"",""trade_id"":""8dfb68a8-ee44-61f1-e5e2-f2d95fbd3cd7"",""yes_price_dollars"":""0.5200""}"
KXBTC15M-26APR271815-15,d2a08812-8798-6647-39a6-bbbef9aab34d,1777327208,0.53,12.55,yes,"{""count_fp"":""12.55"",""created_time"":""2026-04-27T22:00:08.091539Z"",""no_price_dollars"":""0.4700"",""taker_side"":""yes"",""ticker"":""KXBTC15M-26APR271815-15"",""trade_id"":""d2a08812-8798-6647-39a6-bbbef9aab34d"",""yes_price_dollars"":""0.5300""}"
KXBTC15M-26APR271815-15,eb55d591-4ca2-7eda-66a3-94e490527f44,1777327208,0.52,0.5,no,"{""count_fp"":""0.50"",""created_time"":""2026-04-27T22:00:08.063478Z"",""no_price_dollars"":""0.4800"",""taker_side"":""no"",""ticker"":""KXBTC15M-26APR271815-15"",""trade_id"":""eb55d591-4ca2-7eda-66a3-94e490527f44"",""yes_price_dollars"":""0.5200""}"
KXBTC15M-26APR271815-15,0837481f-b9e8-78a3-5414-672b74207bf4,1777327208,0.52,1.46,no,"{""count_fp"":""1.46"",""created_time"":""2026-04-27T22:00:08.063478Z"",""no_price_dollars"":""0.4800"",""taker_side"":""no"",""ticker"":""KXBTC15M-26APR271815-15"",""trade_id"":""0837481f-b9e8-78a3-5414-672b74207bf4"",""yes_price_dollars"":""0.5200""}"
KXBTC15M-26APR271815-15,a77b1f07-7e9b-7c9e-fc2e-91ebb706b87f,1777327209,0.52,8.0,no,"{""count_fp"":""8.00"",""created_time"":""2026-04-27T22:00:09.927311Z"",""no_price_dollars"":""0.4800"",""taker_side"":""no"",""ticker"":""KXBTC15M-26APR271815-15"",""trade_id"":""a77b1f07-7e9b-7c9e-fc2e-91ebb706b87f"",""yes_price_dollars"":""0.5200""}"
KXBTC15M-26APR271815-15,c65ba84e-7c87-4e39-0686-8ed5cc14166c,1777327209,0.53,2.0,yes,"{""count_fp"":""2.00"",""created_time"":""2026-04-27T22:00:09.753043Z"",""no_price_dollars"":""0.4700"",""taker_side"":""yes"",""ticker"":""KXBTC15M-26APR271815-15"",""trade_id"":""c65ba84e-7c87-4e39-0686-8ed5cc14166c"",""yes_price_dollars"":""0.5300""}"
KXBTC15M-26APR271815-15,159742e0-eebc-456b-2896-169e1de8358f,1777327209,0.54,8.74,yes,"{""count_fp"":""8.74"",""created_time"":""2026-04-27T22:00:09.753043Z"",""no_price_dollars"":""0.4600"",""taker_side"":""yes"",""ticker"":""KXBTC15M-26APR271815-15"",""trade_id"":""159742e0-eebc-456b-2896-169e1de8358f"",""yes_price_dollars"":""0.5400""}"
KXBTC15M-26APR271815-15,f219c9ee-9db2-4329-ee89-ff7c8761dd4e,1777327209,0.51,6.0,no,"{""count_fp"":""6.00"",""created_time"":""2026-04-27T22:00:09.635027Z"",""no_price_dollars"":""0.4900"",""taker_side"":""no"",""ticker"":""KXBTC15M-26APR271815-15"",""trade_id"":""f219c9ee-9db2-4329-ee89-ff7c8761dd4e"",""yes_price_dollars"":""0.5100""}"
KXBTC15M-26APR271815-15,c2b35140-67f5-549a-3609-917d387c9608,1777327209,0.53,93.84,yes,"{""count_fp"":""93.84"",""created_time"":""2026-04-27T22:00:09.462109Z"",""no_price_dollars"":""0.4700"",""taker_side"":""yes"",""ticker"":""KXBTC15M-26APR271815-15"",""trade_id"":""c2b35140-67f5-549a-3609-917d387c9608"",""yes_price_dollars"":""0.5300""}"
KXBTC15M-26APR271815-15,3056b690-61a4-5cbf-05da-0fda52b76571,1777327209,0.53,79.8,yes,"{""count_fp"":""79.80"",""created_time"":""2026-04-27T22:00:09.462109Z"",""no_price_dollars"":""0.4700"",""taker_side"":""yes"",""ticker"":""KXBTC15M-26APR271815-15"",""trade_id"":""3056b690-61a4-5cbf-05da-0fda52b76571"",""yes_price_dollars"":""0.5300""}"
KXBTC15M-26APR271815-15,2ccbc54f-1c9a-542d-255f-79b3698dc105,1777327209,0.53,5.0,yes,"{""count_fp"":""5.00"",""created_time"":""2026-04-27T22:00:09.462109Z"",""no_price_dollars"":""0.4700"",""taker_side"":""yes"",""ticker"":""KXBTC15M-26APR271815-15"",""trade_id"":""2ccbc54f-1c9a-542d-255f-79b3698dc105"",""yes_price_dollars"":""0.5300""}"
KXBTC15M-26APR271815-15,6ee20640-af74-7467-e824-64f9ce6c05b1,1777327209,0.53,8.97,yes,"{""count_fp"":""8.97"",""created_time"":""2026-04-27T22:00:09.238791Z"",""no_price_dollars"":""0.4700"",""taker_side"":""yes"",""ticker"":""KXBTC15M-26APR271815-15"",""trade_id"":""6ee20640-af74-7467-e824-64f9ce6c05b1"",""yes_price_dollars"":""0.5300""}"
KXBTC15M-26APR271815-15,bfeb12ff-35c8-7bd5-8bfc-b3f3b8788063,1777327209,0.52,9.5,no,"{""count_fp"":""9.50"",""created_time"":""2026-04-27T22:00:09.208769Z"",""no_price_dollars"":""0.4800"",""taker_side"":""no"",""ticker"":""KXBTC15M-26APR271815-15"",""trade_id"":""bfeb12ff-35c8-7bd5-8bfc-b3f3b8788063"",""yes_price_dollars"":""0.5200""}"
KXBTC15M-26APR271815-15,20d5bdcd-7f6d-7a6d-82c9-239c0a195cb5,1777327209,0.52,11.0,no,"{""count_fp"":""11.00"",""created_time"":""2026-04-27T22:00:09.208769Z"",""no_price_dollars"":""0.4800"",""taker_side"":""no"",""ticker"":""KXBTC15M-26APR271815-15"",""trade_id"":""20d5bdcd-7f6d-7a6d-82c9-239c0a195cb5"",""yes_price_dollars"":""0.5200""}"
KXBTC15M-26APR271815-15,f1e8d0d5-e962-5291-20a6-e48aee771ba2,1777327210,0.51,6.0,no,"{""count_fp"":""6.00"",""created_time"":""2026-04-27T22:00:10.999872Z"",""no_price_dollars"":""0.4900"",""taker_side"":""no"",""ticker"":""KXBTC15M-26APR271815-15"",""trade_id"":""f1e8d0d5-e962-5291-20a6-e48aee771ba2"",""yes_price_dollars"":""0.5100""}"
KXBTC15M-26APR271815-15,12f11626-37d6-55a5-8deb-a6357157ef4e,1777327210,0.51,3.94,no,"{""count_fp"":""3.94"",""created_time"":""2026-04-27T22:00:10.853232Z"",""no_price_dollars"":""0.4900"",""taker_side"":""no"",""ticker"":""KXBTC15M-26APR271815-15"",""trade_id"":""12f11626-37d6-55a5-8deb-a6357157ef4e"",""yes_price_dollars"":""0.5100""}"
KXBTC15M-26APR271815-15,b86f6444-193e-4b81-4079-346ebbc2e48e,1777327210,0.51,2.0,no,"{""count_fp"":""2.00"",""created_time"":""2026-04-27T22:00:10.791794Z"",""no_price_dollars"":""0.4900"",""taker_side"":""no"",""ticker"":""KXBTC15M-26APR271815-15"",""trade_id"":""b86f6444-193e-4b81-4079-346ebbc2e48e"",""yes_price_dollars"":""0.5100""}"
KXBTC15M-26APR271815-15,88b7ae88-da23-4542-7997-ec713587149b,1777327210,0.52,5.0,no,"{""count_fp"":""5.00"",""created_time"":""2026-04-27T22:00:10.791794Z"",""no_price_dollars"":""0.4800"",""taker_side"":""no"",""ticker"":""KXBTC15M-26APR271815-15"",""trade_id"":""88b7ae88-da23-4542-7997-ec713587149b"",""yes_price_dollars"":""0.5200""}"
KXBTC15M-26APR271815-15,0782b8dd-7f1b-675e-7d6d-8c72672a2493,1777327210,0.52,6.0,no,"{""count_fp"":""6.00"",""created_time"":""2026-04-27T22:00:10.561246Z"",""no_price_dollars"":""0.4800"",""taker_side"":""no"",""ticker"":""KXBTC15M-26APR271815-15"",""trade_id"":""0782b8dd-7f1b-675e-7d6d-8c72672a2493"",""yes_price_dollars"":""0.5200""}"
KXBTC15M-26APR271815-15,bf04a9dc-885b-732e-e0a9-4dbb1b4a77ef,1777327210,0.52,7.0,no,"{""count_fp"":""7.00"",""created_time"":""2026-04-27T22:00:10.361173Z"",""no_price_dollars"":""0.4800"",""taker_side"":""no"",""ticker"":""KXBTC15M-26APR271815-15"",""trade_id"":""bf04a9dc-885b-732e-e0a9-4dbb1b4a77ef"",""yes_price_dollars"":""0.5200""}"
KXBTC15M-26APR271815-15,0db0f564-7e6f-47ea-81b6-3e09f1739e07,1777327210,0.52,4.0,no,"{""count_fp"":""4.00"",""created_time"":""2026-04-27T22:00:10.145687Z"",""no_price_dollars"":""0.4800"",""taker_side"":""no"",""ticker"":""KXBTC15M-26APR271815-15"",""trade_id"":""0db0f564-7e6f-47ea-81b6-3e09f1739e07"",""yes_price_dollars"":""0.5200""}"
KXBTC15M-26APR271815-15,8f98484f-8657-57ca-c118-fcf0dd0a3f17,1777327210,0.52,7.0,no,"{""count_fp"":""7.00"",""created_time"":""2026-04-27T22:00:10.142343Z"",""no_price_dollars"":""0.4800"",""taker_side"":""no"",""ticker"":""KXBTC15M-26APR271815-15"",""trade_id"":""8f98484f-8657-57ca-c118-fcf0dd0a3f17"",""yes_price_dollars"":""0.5200""}"
KXBTC15M-26APR271815-15,41fbbb6e-ba24-512a-a2dd-aab86ba22c40,1777327211,0.51,3.0,yes,"{""count_fp"":""3.00"",""created_time"":""2026-04-27T22:00:11.954435Z"",""no_price_dollars"":""0.4900"",""taker_side"":""yes"",""ticker"":""KXBTC15M-26APR271815-15"",""trade_id"":""41fbbb6e-ba24-512a-a2dd-aab86ba22c40"",""yes_price_dollars"":""0.5100""}"
KXBTC15M-26APR271815-15,2dea9044-5c1f-5e4e-ab3b-c52628b77dbf,1777327211,0.51,15.0,yes,"{""count_fp"":""15.00"",""created_time"":""2026-04-27T22:00:11.954435Z"",""no_price_dollars"":""0.4900"",""taker_side"":""yes"",""ticker"":""KXBTC15M-26APR271815-15"",""trade_id"":""2dea9044-5c1f-5e4e-ab3b-c52628b77dbf"",""yes_price_dollars"":""0.5100""}"
KXBTC15M-26APR271815-15,b3660328-44b1-510d-95b2-d7388f7fe64e,1777327211,0.51,0.07,no,"{""count_fp"":""0.07"",""created_time"":""2026-04-27T22:00:11.407068Z"",""no_price_dollars"":""0.4900"",""taker_side"":""no"",""ticker"":""KXBTC15M-26APR271815-15"",""trade_id"":""b3660328-44b1-510d-95b2-d7388f7fe64e"",""yes_price_dollars"":""0.5100""}"
KXBTC15M-26APR271815-15,c953f0cb-05dd-6583-0753-fed2694d2433,1777327211,0.51,14.0,no,"{""count_fp"":""14.00"",""created_time"":""2026-04-27T22:00:11.384731Z"",""no_price_dollars"":""0.4900"",""taker_side"":""no"",""ticker"":""KXBTC15M-26APR271815-15"",""trade_id"":""c953f0cb-05dd-6583-0753-fed2694d2433"",""yes_price_dollars"":""0.5100""}"
KXBTC15M-26APR271815-15,bf963d36-4f81-6889-1263-b78e69c07eba,1777327211,0.51,13.93,no,"{""count_fp"":""13.93"",""created_time"":""2026-04-27T22:00:11.384731Z"",""no_price_dollars"":""0.4900"",""taker_side"":""no"",""ticker"":""KXBTC15M-26APR271815-15"",""trade_id"":""bf963d36-4f81-6889-1263-b78e69c07eba"",""yes_price_dollars"":""0.5100""}"
KXBTC15M-26APR271815-15,78e8f664-3112-6add-31f8-11edc5123136,1777327211,0.51,31.0,no,"{""count_fp"":""31.00"",""created_time"":""2026-04-27T22:00:11.384731Z"",""no_price_dollars"":""0.4900"",""taker_side"":""no"",""ticker"":""KXBTC15M-26APR271815-15"",""trade_id"":""78e8f664-3112-6add-31f8-11edc5123136"",""yes_price_dollars"":""0.5100""}"
KXBTC15M-26APR271815-15,5ba86e07-d38e-6009-061b-d54ff82970c6,1777327211,0.51,56.07,no,"{""count_fp"":""56.07"",""created_time"":""2026-04-27T22:00:11.384731Z"",""no_price_dollars"":""0.4900"",""taker_side"":""no"",""ticker"":""KXBTC15M-26APR271815-15"",""trade_id"":""5ba86e07-d38e-6009-061b-d54ff82970c6"",""yes_price_dollars"":""0.5100""}"
KXBTC15M-26APR271815-15,a9883d60-c816-531f-dc5b-e2f8245e16ae,1777327211,0.52,57.97,yes,"{""count_fp"":""57.97"",""created_time"":""2026-04-27T22:00:11.293784Z"",""no_price_dollars"":""0.4800"",""taker_side"":""yes"",""ticker"":""KXBTC15M-26APR271815-15"",""trade_id"":""a9883d60-c816-531f-dc5b-e2f8245e16ae"",""yes_price_dollars"":""0.5200""}"
KXBTC15M-26APR271815-15,a00e5ec7-2cb2-5957-c1d9-ae39b23ba944,1777327211,0.52,3.0,yes,"{""count_fp"":""3.00"",""created_time"":""2026-04-27T22:00:11.293784Z"",""no_price_dollars"":""0.4800"",""taker_side"":""yes"",""ticker"":""KXBTC15M-26APR271815-15"",""trade_id"":""a00e5ec7-2cb2-5957-c1d9-ae39b23ba944"",""yes_price_dollars"":""0.5200""}"
KXBTC15M-26APR271815-15,1fd31db4-f509-5854-d42c-dc4543a1a3ec,1777327211,0.52,129.78,yes,"{""count_fp"":""129.78"",""created_time"":""2026-04-27T22:00:11.293784Z"",""no_price_dollars"":""0.4800"",""taker_side"":""yes"",""ticker"":""KXBTC15M-26APR271815-15"",""trade_id"":""1fd31db4-f509-5854-d42c-dc4543a1a3ec"",""yes_price_dollars"":""0.5200""}"
KXBTC15M-26APR271815-15,1d7cee85-59c2-5d16-e28c-69e1587ebf43,1777327211,0.52,2.0,yes,"{""count_fp"":""2.00"",""created_time"":""2026-04-27T22:00:11.293784Z"",""no_price_dollars"":""0.4800"",""taker_side"":""yes"",""ticker"":""KXBTC15M-26APR271815-15"",""trade_id"":""1d7cee85-59c2-5d16-e28c-69e1587ebf43"",""yes_price_dollars"":""0.5200""}"
KXBTC15M-26APR271815-15,986150b7-a252-7bb5-8447-f0d71c628d52,1777327211,0.51,7.0,no,"{""count_fp"":""7.00"",""created_time"":""2026-04-27T22:00:11.232937Z"",""no_price_dollars"":""0.4900"",""taker_side"":""no"",""ticker"":""KXBTC15M-26APR271815-15"",""trade_id"":""986150b7-a252-7bb5-8447-f0d71c628d52"",""yes_price_dollars"":""0.5100""}"
KXBTC15M-26APR271815-15,c2d80411-cf7b-5420-11ea-a3adbc881876,1777327211,0.52,2.0,yes,"{""count_fp"":""2.00"",""created_time"":""2026-04-27T22:00:11.087563Z"",""no_price_dollars"":""0.4800"",""taker_side"":""yes"",""ticker"":""KXBTC15M-26APR271815-15"",""trade_id"":""c2d80411-cf7b-5420-11ea-a3adbc881876"",""yes_price_dollars"":""0.5200""}"
KXBTC15M-26APR271815-15,6bbd53f3-3255-5800-2221-aee89786a2d4,1777327211,0.52,20.22,yes,"{""count_fp"":""20.22"",""created_time"":""2026-04-27T22:00:11.087563Z"",""no_price_dollars"":""0.4800"",""taker_side"":""yes"",""ticker"":""KXBTC15M-26APR271815-15"",""trade_id"":""6bbd53f3-3255-5800-2221-aee89786a2d4"",""yes_price_dollars"":""0.5200""}"
KXBTC15M-26APR271815-15,4af36120-d3a2-5933-043e-e143c2b15355,1777327211,0.52,3.0,yes,"{""count_fp"":""3.00"",""created_time"":""2026-04-27T22:00:11.087563Z"",""no_price_dollars"":""0.4800"",""taker_side"":""yes"",""ticker"":""KXBTC15M-26APR271815-15"",""trade_id"":""4af36120-d3a2-5933-043e-e143c2b15355"",""yes_price_dollars"":""0.5200""}"
KXBTC15M-26APR271815-15,f69865f4-452f-4eee-30f5-a50462882e5f,1777327212,0.51,1.0,yes,"{""count_fp"":""1.00"",""created_time"":""2026-04-27T22:00:12.819362Z"",""no_price_dollars"":""0.4900"",""taker_side"":""yes"",""ticker"":""KXBTC15M-26APR271815-15"",""trade_id"":""f69865f4-452f-4eee-30f5-a50462882e5f"",""yes_price_dollars"":""0.5100""}"
KXBTC15M-26APR271815-15,c4aac908-57ff-61ee-a9e3-7d7aaa0b97c7,1777327212,0.51,18.95,yes,"{""count_fp"":""18.95"",""created_time"":""2026-04-27T22:00:12.756978Z"",""no_price_dollars"":""0.4900"",""taker_side"":""yes"",""ticker"":""KXBTC15M-26APR271815-15"",""trade_id"":""c4aac908-57ff-61ee-a9e3-7d7aaa0b97c7"",""yes_price_dollars"":""0.5100""}"
KXBTC15M-26APR271815-15,a93faf33-16ad-41a1-6cf9-8bd6b54b6d11,1777327212,0.5,9.65,no,"{""count_fp"":""9.65"",""created_time"":""2026-04-27T22:00:12.606428Z"",""no_price_dollars"":""0.5000"",""taker_side"":""no"",""ticker"":""KXBTC15M-26APR271815-15"",""trade_id"":""a93faf33-16ad-41a1-6cf9-8bd6b54b6d11"",""yes_price_dollars"":""0.5000""}"
KXBTC15M-26APR271815-15,788b346a-e682-680d-d894-54dc1000ec3b,1777327213,0.5,3.86,no,"{""count_fp"":""3.86"",""created_time"":""2026-04-27T22:00:13.850783Z"",""no_price_dollars"":""0.5000"",""taker_side"":""no"",""ticker"":""KXBTC15M-26APR271815-15"",""trade_id"":""788b346a-e682-680d-d894-54dc1000ec3b"",""yes_price_dollars"":""0.5000""}"
KXBTC15M-26APR271815-15,6e6b657a-012f-46ea-c75f-6f8c4fe0e87f,1777327213,0.51,1.82,yes,"{""count_fp"":""1.82"",""created_time"":""2026-04-27T22:00:13.495047Z"",""no_price_dollars"":""0.4900"",""taker_side"":""yes"",""ticker"":""KXBTC15M-26APR271815-15"",""trade_id"":""6e6b657a-012f-46ea-c75f-6f8c4fe0e87f"",""yes_price_dollars"":""0.5100""}"
KXBTC15M-26APR271815-15,d07ad7ea-23a9-6b71-cb98-162ddacda1d5,1777327213,0.5,0.35,no,"{""count_fp"":""0.35"",""created_time"":""2026-04-27T22:00:13.262277Z"",""no_price_dollars"":""0.5000"",""taker_side"":""no"",""ticker"":""KXBTC15M-26APR271815-15"",""trade_id"":""d07ad7ea-23a9-6b71-cb98-162ddacda1d5"",""yes_price_dollars"":""0.5000""}"
KXBTC15M-26APR271815-15,9140025f-1852-6079-f36c-4ec63504a44b,1777327213,0.5,30.56,no,"{""count_fp"":""30.56"",""created_time"":""2026-04-27T22:00:13.262277Z"",""no_price_dollars"":""0.5000"",""taker_side"":""no"",""ticker"":""KXBTC15M-26APR271815-15"",""trade_id"":""9140025f-1852-6079-f36c-4ec63504a44b"",""yes_price_dollars"":""0.5000""}"
KXBTC15M-26APR271815-15,1b777a93-974e-7bcf-c615-4602dd949c7a,1777327214,0.51,12.7,yes,"{""count_fp"":""12.70"",""created_time"":""2026-04-27T22:00:14.840542Z"",""no_price_dollars"":""0.4900"",""taker_side"":""yes"",""ticker"":""KXBTC15M-26APR271815-15"",""trade_id"":""1b777a93-974e-7bcf-c615-4602dd949c7a"",""yes_price_dollars"":""0.5100""}"
KXBTC15M-26APR271815-15,aedf7cc5-5bce-6765-8cee-1548f2f719df,1777327214,0.5,15.45,no,"{""count_fp"":""15.45"",""created_time"":""2026-04-27T22:00:14.367085Z"",""no_price_dollars"":""0.5000"",""taker_side"":""no"",""ticker"":""KXBTC15M-26APR271815-15"",""trade_id"":""aedf7cc5-5bce-6765-8cee-1548f2f719df"",""yes_price_dollars"":""0.5000""}"
KXBTC15M-26APR271815-15,acf13ff8-2421-7046-3dfd-9e856582db00,1777327214,0.51,37.91,yes,"{""count_fp"":""37.91"",""created_time"":""2026-04-27T22:00:14.001512Z"",""no_price_dollars"":""0.4900"",""taker_side"":""yes"",""ticker"":""KXBTC15M-26APR271815-15"",""trade_id"":""acf13ff8-2421-7046-3dfd-9e856582db00"",""yes_price_dollars"":""0.5100""}"
KXBTC15M-26APR271815-15,27d31722-53ac-5d37-67d5-b8c4cebe2918,1777327215,0.5,0.13,no,"{""count_fp"":""0.13"",""created_time"":""2026-04-27T22:00:15.760948Z"",""no_price_dollars"":""0.5000"",""taker_side"":""no"",""ticker"":""KXBTC15M-26APR271815-15"",""trade_id"":""27d31722-53ac-5d37-67d5-b8c4cebe2918"",""yes_price_dollars"":""0.5000""}"
KXBTC15M-26APR271815-15,311fe62f-842e-5949-b9f5-ca8a8eb1a11f,1777327215,0.5,70.13,no,"{""count_fp"":""70.13"",""created_time"":""2026-04-27T22:00:15.752461Z"",""no_price_dollars"":""0.5000"",""taker_side"":""no"",""ticker"":""KXBTC15M-26APR271815-15"",""trade_id"":""311fe62f-842e-5949-b9f5-ca8a8eb1a11f"",""yes_price_dollars"":""0.5000""}"
KXBTC15M-26APR271815-15,0b30a8ee-08ec-5053-b36e-4c61ceb52238,1777327215,0.5,0.87,no,"{""count_fp"":""0.87"",""created_time"":""2026-04-27T22:00:15.752461Z"",""no_price_dollars"":""0.5000"",""taker_side"":""no"",""ticker"":""KXBTC15M-26APR271815-15"",""trade_id"":""0b30a8ee-08ec-5053-b36e-4c61ceb52238"",""yes_price_dollars"":""0.5000""}"
KXBTC15M-26APR271815-15,6a4a6c71-d6f6-7c8f-1c69-92f3d0b48e5a,1777327215,0.51,111.84,yes,"{""count_fp"":""111.84"",""created_time"":""2026-04-27T22:00:15.385153Z"",""no_price_dollars"":""0.4900"",""taker_side"":""yes"",""ticker"":""KXBTC15M-26APR271815-15"",""trade_id"":""6a4a6c71-d6f6-7c8f-1c69-92f3d0b48e5a"",""yes_price_dollars"":""0.5100""}"
KXBTC15M-26APR271815-15,83e93fb5-0046-554f-e1ea-f089f334eaca,1777327215,0.51,72.03,yes,"{""count_fp"":""72.03"",""created_time"":""2026-04-27T22:00:15.303155Z"",""no_price_dollars"":""0.4900"",""taker_side"":""yes"",""ticker"":""KXBTC15M-26APR271815-15"",""trade_id"":""83e93fb5-0046-554f-e1ea-f089f334eaca"",""yes_price_dollars"":""0.5100""}"
KXBTC15M-26APR271815-15,7577ce21-20f6-5767-5772-cd4e76e33c02,1777327216,0.48,1114.7,yes,"{""count_fp"":""1114.70"",""created_time"":""2026-04-27T22:00:16.418133Z"",""no_price_dollars"":""0.5200"",""taker_side"":""yes"",""ticker"":""KXBTC15M-26APR271815-15"",""trade_id"":""7577ce21-20f6-5767-5772-cd4e76e33c02"",""yes_price_dollars"":""0.4800""}"
KXBTC15M-26APR271815-15,f1948409-3df1-4b9a-7cef-f050a1124684,1777327216,0.47,5.0,yes,"{""count_fp"":""5.00"",""created_time"":""2026-04-27T22:00:16.328792Z"",""no_price_dollars"":""0.5300"",""taker_side"":""yes"",""ticker"":""KXBTC15M-26APR271815-15"",""trade_id"":""f1948409-3df1-4b9a-7cef-f050a1124684"",""yes_price_dollars"":""0.4700""}"
KXBTC15M-26APR271815-15,a0009827-0808-4d64-7f62-cc175e9ad01a,1777327216,0.48,65.0,yes,"{""count_fp"":""65.00"",""created_time"":""2026-04-27T22:00:16.328792Z"",""no_price_dollars"":""0.5200"",""taker_side"":""yes"",""ticker"":""KXBTC15M-26APR271815-15"",""trade_id"":""a0009827-0808-4d64-7f62-cc175e9ad01a"",""yes_price_dollars"":""0.4800""}"
KXBTC15M-26APR271815-15,463b3a9f-aff6-42c4-43a1-c4ea0665883f,1777327216,0.47,3.0,yes,"{""count_fp"":""3.00"",""created_time"":""2026-04-27T22:00:16.328792Z"",""no_price_dollars"":""0.5300"",""taker_side"":""yes"",""ticker"":""KXBTC15M-26APR271815-15"",""trade_id"":""463b3a9f-aff6-42c4-43a1-c4ea0665883f"",""yes_price_dollars"":""0.4700""}"
KXBTC15M-26APR271815-15,40480ac2-286a-4d43-69a0-4586bba3c076,1777327216,0.48,209.36,yes,"{""count_fp"":""209.36"",""created_time"":""2026-04-27T22:00:16.328792Z"",""no_price_dollars"":""0.5200"",""taker_side"":""yes"",""ticker"":""KXBTC15M-26APR271815-15"",""trade_id"":""40480ac2-286a-4d43-69a0-4586bba3c076"",""yes_price_dollars"":""0.4800""}"
KXBTC15M-26APR271815-15,0d98248d-4f4e-4777-5668-816530758502,1777327216,0.47,2.0,yes,"{""count_fp"":""2.00"",""created_time"":""2026-04-27T22:00:16.328792Z"",""no_price_dollars"":""0.5300"",""taker_side"":""yes"",""ticker"":""KXBTC15M-26APR271815-15"",""trade_id"":""0d98248d-4f4e-4777-5668-816530758502"",""yes_price_dollars"":""0.4700""}"
KXBTC15M-26APR271815-15,914a8a83-0bbe-76d2-39cb-58dc11a2f7c2,1777327216,0.48,5.0,no,"{""count_fp"":""5.00"",""created_time"":""2026-04-27T22:00:16.094813Z"",""no_price_dollars"":""0.5200"",""taker_side"":""no"",""ticker"":""KXBTC15M-26APR271815-15"",""trade_id"":""914a8a83-0bbe-76d2-39cb-58dc11a2f7c2"",""yes_price_dollars"":""0.4800""}"
KXBTC15M-26APR271815-15,f5999a9e-faf2-7bd7-c281-05d737781fec,1777327217,0.47,18.95,yes,"{""count_fp"":""18.95"",""created_time"":""2026-04-27T22:00:17.181532Z"",""no_price_dollars"":""0.5300"",""taker_side"":""yes"",""ticker"":""KXBTC15M-26APR271815-15"",""trade_id"":""f5999a9e-faf2-7bd7-c281-05d737781fec"",""yes_price_dollars"":""0.4700""}"
KXBTC15M-26APR271815-15,47147aa5-d17b-4021-0dd4-5af86b1a6c12,1777327218,0.48,4.0,yes,"{""count_fp"":""4.00"",""created_time"":""2026-04-27T22:00:18.750535Z"",""no_price_dollars"":""0.5200"",""taker_side"":""yes"",""ticker"":""KXBTC15M-26APR271815-15"",""trade_id"":""47147aa5-d17b-4021-0dd4-5af86b1a6c12"",""yes_price_dollars"":""0.4800""}"
KXBTC15M-26APR271815-15,97789481-3041-4d61-027c-e65bf5baa328,1777327218,0.47,1.0,no,"{""count_fp"":""1.00"",""created_time"":""2026-04-27T22:00:18.400282Z"",""no_price_dollars"":""0.5300"",""taker_side"":""no"",""ticker"":""KXBTC15M-26APR271815-15"",""trade_id"":""97789481-3041-4d61-027c-e65bf5baa328"",""yes_price_dollars"":""0.4700""}"
KXBTC15M-26APR271815-15,ca6dbb7c-e580-4803-f4a8-08d5f55e7ead,1777327218,0.48,111.0,yes,"{""count_fp"":""111.00"",""created_time"":""2026-04-27T22:00:18.340566Z"",""no_price_dollars"":""0.5200"",""taker_side"":""yes"",""ticker"":""KXBTC15M-26APR271815-15"",""trade_id"":""ca6dbb7c-e580-4803-f4a8-08d5f55e7ead"",""yes_price_dollars"":""0.4800""}"
KXBTC15M-26APR271815-15,c7b5b32c-1b43-4849-f4ea-3a22ff38d9e6,1777327218,0.48,32.04,yes,"{""count_fp"":""32.04"",""created_time"":""2026-04-27T22:00:18.340566Z"",""no_price_dollars"":""0.5200"",""taker_side"":""yes"",""ticker"":""KXBTC15M-26APR271815-15"",""trade_id"":""c7b5b32c-1b43-4849-f4ea-3a22ff38d9e6"",""yes_price_dollars"":""0.4800""}"
KXBTC15M-26APR271815-15,b79201e4-a005-49cc-f11c-629312d7cc6e,1777327218,0.47,40.0,yes,"{""count_fp"":""40.00"",""created_time"":""2026-04-27T22:00:18.340566Z"",""no_price_dollars"":""0.5300"",""taker_side"":""yes"",""ticker"":""KXBTC15M-26APR271815-15"",""trade_id"":""b79201e4-a005-49cc-f11c-629312d7cc6e"",""yes_price_dollars"":""0.4700""}"
KXBTC15M-26APR271815-15,838a25f4-c6f2-4a76-fa6c-a63f06684b10,1777327218,0.48,2.0,yes,"{""count_fp"":""2.00"",""created_time"":""2026-04-27T22:00:18.340566Z"",""no_price_dollars"":""0.5200"",""taker_side"":""yes"",""ticker"":""KXBTC15M-26APR271815-15"",""trade_id"":""838a25f4-c6f2-4a76-fa6c-a63f06684b10"",""yes_price_dollars"":""0.4800""}"
KXBTC15M-26APR271815-15,43520e30-e38e-4f9e-d0b5-96d65534abeb,1777327218,0.47,10.0,yes,"{""count_fp"":""10.00"",""created_time"":""2026-04-27T22:00:18.340566Z"",""no_price_dollars"":""0.5300"",""taker_side"":""yes"",""ticker"":""KXBTC15M-26APR271815-15"",""trade_id"":""43520e30-e38e-4f9e-d0b5-96d65534abeb"",""yes_price_dollars"":""0.4700""}"
KXBTC15M-26APR271815-15,01e8e23a-d957-42bc-f7a5-d152f68867fa,1777327218,0.47,2.0,yes,"{""count_fp"":""2.00"",""created_time"":""2026-04-27T22:00:18.340566Z"",""no_price_dollars"":""0.5300"",""taker_side"":""yes"",""ticker"":""KXBTC15M-26APR271815-15"",""trade_id"":""01e8e23a-d957-42bc-f7a5-d152f68867fa"",""yes_price_dollars"":""0.4700""}"
KXBTC15M-26APR271815-15,44900ffd-758e-483d-5b79-c45438e0d58b,1777327219,0.47,26.91,no,"{""count_fp"":""26.91"",""created_time"":""2026-04-27T22:00:19.984173Z"",""no_price_dollars"":""0.5300"",""taker_side"":""no"",""ticker"":""KXBTC15M-26APR271815-15"",""trade_id"":""44900ffd-758e-483d-5b79-c45438e0d58b"",""yes_price_dollars"":""0.4700""}"
KXBTC15M-26APR271815-15,46f332ed-3d16-6555-588f-39da15941f1f,1777327219,0.47,18.26,no,"{""count_fp"":""18.26"",""created_time"":""2026-04-27T22:00:19.805023Z"",""no_price_dollars"":""0.5300"",""taker_side"":""no"",""ticker"":""KXBTC15M-26APR271815-15"",""trade_id"":""46f332ed-3d16-6555-588f-39da15941f1f"",""yes_price_dollars"":""0.4700""}"
KXBTC15M-26APR271815-15,ba04fa3f-d30b-57d6-3e52-2374e0e471e7,1777327219,0.48,20.1,yes,"{""count_fp"":""20.10"",""created_time"":""2026-04-27T22:00:19.783273Z"",""no_price_dollars"":""0.5200"",""taker_side"":""yes"",""ticker"":""KXBTC15M-26APR271815-15"",""trade_id"":""ba04fa3f-d30b-57d6-3e52-2374e0e471e7"",""yes_price_dollars"":""0.4800""}"
KXBTC15M-26APR271815-15,d1bfe03d-8773-4576-845c-338338a428ab,1777327219,0.48,95.64,yes,"{""count_fp"":""95.64"",""created_time"":""2026-04-27T22:00:19.034428Z"",""no_price_dollars"":""0.5200"",""taker_side"":""yes"",""ticker"":""KXBTC15M-26APR271815-15"",""trade_id"":""d1bfe03d-8773-4576-845c-338338a428ab"",""yes_price_dollars"":""0.4800""}"
KXBTC15M-26APR271815-15,9fd4dfd7-3a06-4182-a85e-1eafed90dfe5,1777327219,0.48,2.0,yes,"{""count_fp"":""2.00"",""created_time"":""2026-04-27T22:00:19.034428Z"",""no_price_dollars"":""0.5200"",""taker_side"":""yes"",""ticker"":""KXBTC15M-26APR271815-15"",""trade_id"":""9fd4dfd7-3a06-4182-a85e-1eafed90dfe5"",""yes_price_dollars"":""0.4800""}"
KXBTC15M-26APR271815-15,4124fe76-1d5b-46d5-9f8b-6c6e47c611f2,1777327219,0.48,3.96,yes,"{""count_fp"":""3.96"",""created_time"":""2026-04-27T22:00:19.034428Z"",""no_price_dollars"":""0.5200"",""taker_side"":""yes"",""ticker"":""KXBTC15M-26APR271815-15"",""trade_id"":""4124fe76-1d5b-46d5-9f8b-6c6e47c611f2"",""yes_price_dollars"":""0.4800""}"
KXBTC15M-26APR271815-15,a296666e-3dc2-7729-7953-bc932572394b,1777327219,0.47,5.43,no,"{""count_fp"":""5.43"",""created_time"":""2026-04-27T22:00:19.004184Z"",""no_price_dollars"":""0.5300"",""taker_side"":""no"",""ticker"":""KXBTC15M-26APR271815-15"",""trade_id"":""a296666e-3dc2-7729-7953-bc932572394b"",""yes_price_dollars"":""0.4700""}"
KXBTC15M-26APR271815-15,3ad4bc84-36c2-7e2d-370f-bcd6e6bdac9b,1777327220,0.47,36.53,no,"{""count_fp"":""36.53"",""created_time"":""2026-04-27T22:00:20.881844Z"",""no_price_dollars"":""0.5300"",""taker_side"":""no"",""ticker"":""KXBTC15M-26APR271815-15"",""trade_id"":""3ad4bc84-36c2-7e2d-370f-bcd6e6bdac9b"",""yes_price_dollars"":""0.4700""}"
KXBTC15M-26APR271815-15,f514f36a-4143-4962-02b5-0368bf2930cf,1777327220,0.48,20.1,yes,"{""count_fp"":""20.10"",""created_time"":""2026-04-27T22:00:20.524687Z"",""no_price_dollars"":""0.5200"",""taker_side"":""yes"",""ticker"":""KXBTC15M-26APR271815-15"",""trade_id"":""f514f36a-4143-4962-02b5-0368bf2930cf"",""yes_price_dollars"":""0.4800""}"
KXBTC15M-26APR271815-15,f2b17984-c303-70d6-3160-a28f7be033b7,1777327220,0.48,2.01,yes,"{""count_fp"":""2.01"",""created_time"":""2026-04-27T22:00:20.085299Z"",""no_price_dollars"":""0.5200"",""taker_side"":""yes"",""ticker"":""KXBTC15M-26APR271815-15"",""trade_id"":""f2b17984-c303-70d6-3160-a28f7be033b7"",""yes_price_dollars"":""0.4800""}"
KXBTC15M-26APR271815-15,bb406e00-8387-64d2-2cfb-50eff9ab49eb,1777327221,0.48,2.01,yes,"{""count_fp"":""2.01"",""created_time"":""2026-04-27T22:00:21.757404Z"",""no_price_dollars"":""0.5200"",""taker_side"":""yes"",""ticker"":""KXBTC15M-26APR271815-15"",""trade_id"":""bb406e00-8387-64d2-2cfb-50eff9ab49eb"",""yes_price_dollars"":""0.4800""}"
KXBTC15M-26APR271815-15,d1391eee-c462-7a15-e876-4c52f0b5c3bf,1777327221,0.47,1.26,no,"{""count_fp"":""1.26"",""created_time"":""2026-04-27T22:00:21.270492Z"",""no_price_dollars"":""0.5300"",""taker_side"":""no"",""ticker"":""KXBTC15M-26APR271815-15"",""trade_id"":""d1391eee-c462-7a15-e876-4c52f0b5c3bf"",""yes_price_dollars"":""0.4700""}"
KXBTC15M-26APR271815-15,e8d745b5-87cf-78b2-838e-77305ef12cbb,1777327221,0.48,6.03,yes,"{""count_fp"":""6.03"",""created_time"":""2026-04-27T22:00:21.241462Z"",""no_price_dollars"":""0.5200"",""taker_side"":""yes"",""ticker"":""KXBTC15M-26APR271815-15"",""trade_id"":""e8d745b5-87cf-78b2-838e-77305ef12cbb"",""yes_price_dollars"":""0.4800""}"
KXBTC15M-26APR271815-15,88e0b2c9-ff0b-7cea-ca2f-8baf21dd3203,1777327222,0.48,10.05,yes,"{""count_fp"":""10.05"",""created_time"":""2026-04-27T22:00:22.843155Z"",""no_price_dollars"":""0.5200"",""taker_side"":""yes"",""ticker"":""KXBTC15M-26APR271815-15"",""trade_id"":""88e0b2c9-ff0b-7cea-ca2f-8baf21dd3203"",""yes_price_dollars"":""0.4800""}"
KXBTC15M-26APR271815-15,9f617bac-a866-6ebd-7970-c87cad596aff,1777327222,0.47,15.83,no,"{""count_fp"":""15.83"",""created_time"":""2026-04-27T22:00:22.170453Z"",""no_price_dollars"":""0.5300"",""taker_side"":""no"",""ticker"":""KXBTC15M-26APR271815-15"",""trade_id"":""9f617bac-a866-6ebd-7970-c87cad596aff"",""yes_price_dollars"":""0.4700""}"
KXBTC15M-26APR271815-15,5b4a46ea-830f-6c6a-649f-58744a7537bc,1777327222,0.47,2.33,no,"{""count_fp"":""2.33"",""created_time"":""2026-04-27T22:00:22.170453Z"",""no_price_dollars"":""0.5300"",""taker_side"":""no"",""ticker"":""KXBTC15M-26APR271815-15"",""trade_id"":""5b4a46ea-830f-6c6a-649f-58744a7537bc"",""yes_price_dollars"":""0.4700""}"
KXBTC15M-26APR271815-15,be6ec9ad-27de-7621-e339-e94f369d320b,1777327222,0.47,21.23,no,"{""count_fp"":""21.23"",""created_time"":""2026-04-27T22:00:22.165024Z"",""no_price_dollars"":""0.5300"",""taker_side"":""no"",""ticker"":""KXBTC15M-26APR271815-15"",""trade_id"":""be6ec9ad-27de-7621-e339-e94f369d320b"",""yes_price_dollars"":""0.4700""}"
KXBTC15M-26APR271815-15,1816bdc7-7bab-7552-fc22-21b3c8f1133c,1777327222,0.47,0.67,no,"{""count_fp"":""0.67"",""created_time"":""2026-04-27T22:00:22.165024Z"",""no_price_dollars"":""0.5300"",""taker_side"":""no"",""ticker"":""KXBTC15M-26APR271815-15"",""trade_id"":""1816bdc7-7bab-7552-fc22-21b3c8f1133c"",""yes_price_dollars"":""0.4700""}"
KXBTC15M-26APR271815-15,fbeff702-52ae-44b9-f500-62e8ad902b7b,1777327222,0.47,1.38,no,"{""count_fp"":""1.38"",""created_time"":""2026-04-27T22:00:22.015112Z"",""no_price_dollars"":""0.5300"",""taker_side"":""no"",""ticker"":""KXBTC15M-26APR271815-15"",""trade_id"":""fbeff702-52ae-44b9-f500-62e8ad902b7b"",""yes_price_dollars"":""0.4700""}"
KXBTC15M-26APR271815-15,6026ded8-26fa-6b08-72b9-e3202dc8161d,1777327223,0.38,50.85,yes,"{""count_fp"":""50.85"",""created_time"":""2026-04-27T22:00:23.979202Z"",""no_price_dollars"":""0.6200"",""taker_side"":""yes"",""ticker"":""KXBTC15M-26APR271815-15"",""trade_id"":""6026ded8-26fa-6b08-72b9-e3202dc8161d"",""yes_price_dollars"":""0.3800""}"
KXBTC15M-26APR271815-15,8a803e59-7543-6c1d-6920-df01829a0f33,1777327223,0.37,10.0,no,"{""count_fp"":""10.00"",""created_time"":""2026-04-27T22:00:23.961967Z"",""no_price_dollars"":""0.6300"",""taker_side"":""no"",""ticker"":""KXBTC15M-26APR271815-15"",""trade_id"":""8a803e59-7543-6c1d-6920-df01829a0f33"",""yes_price_dollars"":""0.3700""}"
KXBTC15M-26APR271815-15,977da799-dd8d-56c2-840f-e80e84644b3a,1777327223,0.37,40.0,no,"{""count_fp"":""40.00"",""created_time"":""2026-04-27T22:00:23.904769Z"",""no_price_dollars"":""0.6300"",""taker_side"":""no"",""ticker"":""KXBTC15M-26APR271815-15"",""trade_id"":""977da799-dd8d-56c2-840f-e80e84644b3a"",""yes_price_dollars"":""0.3700""}"
KXBTC15M-26APR271815-15,60d68d53-f89b-5562-8122-e9f4a8286fda,1777327223,0.36,158.0,no,"{""count_fp"":""158.00"",""created_time"":""2026-04-27T22:00:23.904769Z"",""no_price_dollars"":""0.6400"",""taker_side"":""no"",""ticker"":""KXBTC15M-26APR271815-15"",""trade_id"":""60d68d53-f89b-5562-8122-e9f4a8286fda"",""yes_price_dollars"":""0.3600""}"
KXBTC15M-26APR271815-15,26dc0a42-55b2-5d90-9afb-3913248a7521,1777327223,0.38,2.0,no,"{""count_fp"":""2.00"",""created_time"":""2026-04-27T22:00:23.904769Z"",""no_price_dollars"":""0.6200"",""taker_side"":""no"",""ticker"":""KXBTC15M-26APR271815-15"",""trade_id"":""26dc0a42-55b2-5d90-9afb-3913248a7521"",""yes_price_dollars"":""0.3800""}"
KXBTC15M-26APR271815-15,4b912885-1f85-4d41-1f4f-8bac89c07a0b,1777327223,0.39,16.0,yes,"{""count_fp"":""16.00"",""created_time"":""2026-04-27T22:00:23.734951Z"",""no_price_dollars"":""0.6100"",""taker_side"":""yes"",""ticker"":""KXBTC15M-26APR271815-15"",""trade_id"":""4b912885-1f85-4d41-1f4f-8bac89c07a0b"",""yes_price_dollars"":""0.3900""}"
KXBTC15M-26APR271815-15,d04ab9ee-fb68-7c68-6892-b0fecfa66ee4,1777327223,0.42,20.1,yes,"{""count_fp"":""20.10"",""created_time"":""2026-04-27T22:00:23.655645Z"",""no_price_dollars"":""0.5800"",""taker_side"":""yes"",""ticker"":""KXBTC15M-26APR271815-15"",""trade_id"":""d04ab9ee-fb68-7c68-6892-b0fecfa66ee4"",""yes_price_dollars"":""0.4200""}"
KXBTC15M-26APR271815-15,1659c0c7-3e7b-7b68-ad67-f54e19688c5a,1777327223,0.4,40.57,no,"{""count_fp"":""40.57"",""created_time"":""2026-04-27T22:00:23.652727Z"",""no_price_dollars"":""0.6000"",""taker_side"":""no"",""ticker"":""KXBTC15M-26APR271815-15"",""trade_id"":""1659c0c7-3e7b-7b68-ad67-f54e19688c5a"",""yes_price_dollars"":""0.4000""}"
KXBTC15M-26APR271815-15,55d0de06-daaf-71d6-ddc3-9b7de9845cb4,1777327223,0.45,1.0,no,"{""count_fp"":""1.00"",""created_time"":""2026-04-27T22:00:23.606352Z"",""no_price_dollars"":""0.5500"",""taker_side"":""no"",""ticker"":""KXBTC15M-26APR271815-15"",""trade_id"":""55d0de06-daaf-71d6-ddc3-9b7de9845cb4"",""yes_price_dollars"":""0.4500""}"
KXBTC15M-26APR271815-15,1ad10816-0516-5f02-23e7-c72726e94ceb,1777327223,0.47,2.01,yes,"{""count_fp"":""2.01"",""created_time"":""2026-04-27T22:00:23.530151Z"",""no_price_dollars"":""0.5300"",""taker_side"":""yes"",""ticker"":""KXBTC15M-26APR271815-15"",""trade_id"":""1ad10816-0516-5f02-23e7-c72726e94ceb"",""yes_price_dollars"":""0.4700""}"
KXBTC15M-26APR271815-15,a14a3b7e-4336-6fba-d86f-1d78def697f4,1777327223,0.46,90.0,no,"{""count_fp"":""90.00"",""created_time"":""2026-04-27T22:00:23.444068Z"",""no_price_dollars"":""0.5400"",""taker_side"":""no"",""ticker"":""KXBTC15M-26APR271815-15"",""trade_id"":""a14a3b7e-4336-6fba-d86f-1d78def697f4"",""yes_price_dollars"":""0.4600""}"
KXBTC15M-26APR271815-15,1b825c7b-227e-76aa-aeeb-edf8c26421fc,1777327223,0.46,20.11,no,"{""count_fp"":""20.11"",""created_time"":""2026-04-27T22:00:23.434155Z"",""no_price_dollars"":""0.5400"",""taker_side"":""no"",""ticker"":""KXBTC15M-26APR271815-15"",""trade_id"":""1b825c7b-227e-76aa-aeeb-edf8c26421fc"",""yes_price_dollars"":""0.4600""}"
KXBTC15M-26APR271815-15,f40487da-34e4-69a9-6bbc-0b2d07021f5a,1777327223,0.46,32.58,no,"{""count_fp"":""32.58"",""created_time"":""2026-04-27T22:00:23.425876Z"",""no_price_dollars"":""0.5400"",""taker_side"":""no"",""ticker"":""KXBTC15M-26APR271815-15"",""trade_id"":""f40487da-34e4-69a9-6bbc-0b2d07021f5a"",""yes_price_dollars"":""0.4600""}"
KXBTC15M-26APR271815-15,f0c1c628-9115-613d-6198-8ebf1ea5c204,1777327223,0.46,30.0,no,"{""count_fp"":""30.00"",""created_time"":""2026-04-27T22:00:23.425876Z"",""no_price_dollars"":""0.5400"",""taker_side"":""no"",""ticker"":""KXBTC15M-26APR271815-15"",""trade_id"":""f0c1c628-9115-613d-6198-8ebf1ea5c204"",""yes_price_dollars"":""0.4600""}"
KXBTC15M-26APR271815-15,9b6a8bb9-f826-6d35-7be1-9393027a28dc,1777327223,0.46,68.0,no,"{""count_fp"":""68.00"",""created_time"":""2026-04-27T22:00:23.425876Z"",""no_price_dollars"":""0.5400"",""taker_side"":""no"",""ticker"":""KXBTC15M-26APR271815-15"",""trade_id"":""9b6a8bb9-f826-6d35-7be1-9393027a28dc"",""yes_price_dollars"":""0.4600""}"
KXBTC15M-26APR271815-15,52f54e19-8fe2-6607-6455-5148929b1c4d,1777327223,0.46,3.0,no,"{""count_fp"":""3.00"",""created_time"":""2026-04-27T22:00:23.425876Z"",""no_price_dollars"":""0.5400"",""taker_side"":""no"",""ticker"":""KXBTC15M-26APR271815-15"",""trade_id"":""52f54e19-8fe2-6607-6455-5148929b1c4d"",""yes_price_dollars"":""0.4600""}"
KXBTC15M-26APR271815-15,5e666137-769c-6791-1435-a921ad46817a,1777327223,0.46,42.14,no,"{""count_fp"":""42.14"",""created_time"":""2026-04-27T22:00:23.419505Z"",""no_price_dollars"":""0.5400"",""taker_side"":""no"",""ticker"":""KXBTC15M-26APR271815-15"",""trade_id"":""5e666137-769c-6791-1435-a921ad46817a"",""yes_price_dollars"":""0.4600""}"
KXBTC15M-26APR271815-15,4928d30b-23c4-6fbd-b6fa-263381fd5a52,1777327223,0.46,24.39,no,"{""count_fp"":""24.39"",""created_time"":""2026-04-27T22:00:23.415026Z"",""no_price_dollars"":""0.5400"",""taker_side"":""no"",""ticker"":""KXBTC15M-26APR271815-15"",""trade_id"":""4928d30b-23c4-6fbd-b6fa-263381fd5a52"",""yes_price_dollars"":""0.4600""}"
KXBTC15M-26APR271815-15,2fa9ac98-9dfe-7542-75fa-9fac26029557,1777327223,0.47,2.01,yes,"{""count_fp"":""2.01"",""created_time"":""2026-04-27T22:00:23.230662Z"",""no_price_dollars"":""0.5300"",""taker_side"":""yes"",""ticker"":""KXBTC15M-26APR271815-15"",""trade_id"":""2fa9ac98-9dfe-7542-75fa-9fac26029557"",""yes_price_dollars"":""0.4700""}"
KXBTC15M-26APR271815-15,b056aebd-d043-55be-eca4-6c025fe54eb7,1777327223,0.48,4.0,yes,"{""count_fp"":""4.00"",""created_time"":""2026-04-27T22:00:23.156964Z"",""no_price_dollars"":""0.5200"",""taker_side"":""yes"",""ticker"":""KXBTC15M-26APR271815-15"",""trade_id"":""b056aebd-d043-55be-eca4-6c025fe54eb7"",""yes_price_dollars"":""0.4800""}"
KXBTC15M-26APR271815-15,e1c2b904-edbc-7131-ba07-c6bc641507aa,1777327223,0.46,0.89,no,"{""count_fp"":""0.89"",""created_time"":""2026-04-27T22:00:23.141884Z"",""no_price_dollars"":""0.5400"",""taker_side"":""no"",""ticker"":""KXBTC15M-26APR271815-15"",""trade_id"":""e1c2b904-edbc-7131-ba07-c6bc641507aa"",""yes_price_dollars"":""0.4600""}"
KXBTC15M-26APR271815-15,79232f26-fd58-7dbf-ad16-25e7fe1255f8,1777327223,0.47,20.0,no,"{""count_fp"":""20.00"",""created_time"":""2026-04-27T22:00:23.141884Z"",""no_price_dollars"":""0.5300"",""taker_side"":""no"",""ticker"":""KXBTC15M-26APR271815-15"",""trade_id"":""79232f26-fd58-7dbf-ad16-25e7fe1255f8"",""yes_price_dollars"":""0.4700""}"
KXBTC15M-26APR271815-15,3ca47fd9-1df6-7dfd-a04b-df740c0182bf,1777327223,0.47,14.17,no,"{""count_fp"":""14.17"",""created_time"":""2026-04-27T22:00:23.141884Z"",""no_price_dollars"":""0.5300"",""taker_side"":""no"",""ticker"":""KXBTC15M-26APR271815-15"",""trade_id"":""3ca47fd9-1df6-7dfd-a04b-df740c0182bf"",""yes_price_dollars"":""0.4700""}"
KXBTC15M-26APR271815-15,e0133351-f7bc-70e9-50a9-b6ec4a10aba2,1777327224,0.39,1.0,no,"{""count_fp"":""1.00"",""created_time"":""2026-04-27T22:00:24.908553Z"",""no_price_dollars"":""0.6100"",""taker_side"":""no"",""ticker"":""KXBTC15M-26APR271815-15"",""trade_id"":""e0133351-f7bc-70e9-50a9-b6ec4a10aba2"",""yes_price_dollars"":""0.3900""}"
KXBTC15M-26APR271815-15,3a3922c1-289a-4d30-5018-68422b26b64d,1777327224,0.4,30.15,yes,"{""count_fp"":""30.15"",""created_time"":""2026-04-27T22:00:24.786156Z"",""no_price_dollars"":""0.6000"",""taker_side"":""yes"",""ticker"":""KXBTC15M-26APR271815-15"",""trade_id"":""3a3922c1-289a-4d30-5018-68422b26b64d"",""yes_price_dollars"":""0.4000""}"
KXBTC15M-26APR271815-15,df3871e6-f9b2-5a73-7db9-fa9e2652fb93,1777327224,0.4,2.0,yes,"{""count_fp"":""2.00"",""created_time"":""2026-04-27T22:00:24.785673Z"",""no_price_dollars"":""0.6000"",""taker_side"":""yes"",""ticker"":""KXBTC15M-26APR271815-15"",""trade_id"":""df3871e6-f9b2-5a73-7db9-fa9e2652fb93"",""yes_price_dollars"":""0.4000""}"
KXBTC15M-26APR271815-15,d6c8e30f-bc82-528b-4868-23f502a438d3,1777327224,0.4,40.0,yes,"{""count_fp"":""40.00"",""created_time"":""2026-04-27T22:00:24.785673Z"",""no_price_dollars"":""0.6000"",""taker_side"":""yes"",""ticker"":""KXBTC15M-26APR271815-15"",""trade_id"":""d6c8e30f-bc82-528b-4868-23f502a438d3"",""yes_price_dollars"":""0.4000""}"
KXBTC15M-26APR271815-15,bde0a6d6-4083-5ef8-65a0-6a066f1fc0c6,1777327224,0.38,2.0,yes,"{""count_fp"":""2.00"",""created_time"":""2026-04-27T22:00:24.785673Z"",""no_price_dollars"":""0.6200"",""taker_side"":""yes"",""ticker"":""KXBTC15M-26APR271815-15"",""trade_id"":""bde0a6d6-4083-5ef8-65a0-6a066f1fc0c6"",""yes_price_dollars"":""0.3800""}"
KXBTC15M-26APR271815-15,868759bd-915c-5407-4ded-68558b026b5c,1777327224,0.39,2.0,yes,"{""count_fp"":""2.00"",""created_time"":""2026-04-27T22:00:24.785673Z"",""no_price_dollars"":""0.6100"",""taker_side"":""yes"",""ticker"":""KXBTC15M-26APR271815-15"",""trade_id"":""868759bd-915c-5407-4ded-68558b026b5c"",""yes_price_dollars"":""0.3900""}"
KXBTC15M-26APR271815-15,6b0e3dfe-c942-5b28-4e7f-2dea4bb1c259,1777327224,0.4,54.5,yes,"{""count_fp"":""54.50"",""created_time"":""2026-04-27T22:00:24.785673Z"",""no_price_dollars"":""0.6000"",""taker_side"":""yes"",""ticker"":""KXBTC15M-26APR271815-15"",""trade_id"":""6b0e3dfe-c942-5b28-4e7f-2dea4bb1c259"",""yes_price_dollars"":""0.4000""}"
KXBTC15M-26APR271815-15,778c4e69-fc92-6a75-c112-b7d2a6102dac,1777327224,0.38,4.02,yes,"{""count_fp"":""4.02"",""created_time"":""2026-04-27T22:00:24.637896Z"",""no_price_dollars"":""0.6200"",""taker_side"":""yes"",""ticker"":""KXBTC15M-26APR271815-15"",""trade_id"":""778c4e69-fc92-6a75-c112-b7d2a6102dac"",""yes_price_dollars"":""0.3800""}"
KXBTC15M-26APR271815-15,1b3d1335-1a22-48c0-1904-264acdd6a1c9,1777327224,0.38,26.32,yes,"{""count_fp"":""26.32"",""created_time"":""2026-04-27T22:00:24.443018Z"",""no_price_dollars"":""0.6200"",""taker_side"":""yes"",""ticker"":""KXBTC15M-26APR271815-15"",""trade_id"":""1b3d1335-1a22-48c0-1904-264acdd6a1c9"",""yes_price_dollars"":""0.3800""}"
KXBTC15M-26APR271815-15,5963e0be-da12-7cbc-cbce-a84f8cfdf16d,1777327224,0.38,10.0,yes,"{""count_fp"":""10.00"",""created_time"":""2026-04-27T22:00:24.423005Z"",""no_price_dollars"":""0.6200"",""taker_side"":""yes"",""ticker"":""KXBTC15M-26APR271815-15"",""trade_id"":""5963e0be-da12-7cbc-cbce-a84f8cfdf16d"",""yes_price_dollars"":""0.3800""}"
KXBTC15M-26APR271815-15,e4c7d195-4c52-74f8-27b4-2fc3fb29a809,1777327224,0.38,10.05,yes,"{""count_fp"":""10.05"",""created_time"":""2026-04-27T22:00:24.293397Z"",""no_price_dollars"":""0.6200"",""taker_side"":""yes"",""ticker"":""KXBTC15M-26APR271815-15"",""trade_id"":""e4c7d195-4c52-74f8-27b4-2fc3fb29a809"",""yes_price_dollars"":""0.3800""}"
KXBTC15M-26APR271815-15,dba6d44e-bfc9-6612-043c-62e3981a6fd1,1777327225,0.39,3.0,no,"{""count_fp"":""3.00"",""created_time"":""2026-04-27T22:00:25.753513Z"",""no_price_dollars"":""0.6100"",""taker_side"":""no"",""ticker"":""KXBTC15M-26APR271815-15"",""trade_id"":""dba6d44e-bfc9-6612-043c-62e3981a6fd1"",""yes_price_dollars"":""0.3900""}"
KXBTC15M-26APR271815-15,a86d85d0-918f-639d-103d-9670a6b0ef80,1777327225,0.39,0.09,no,"{""count_fp"":""0.09"",""created_time"":""2026-04-27T22:00:25.753513Z"",""no_price_dollars"":""0.6100"",""taker_side"":""no"",""ticker"":""KXBTC15M-26APR271815-15"",""trade_id"":""a86d85d0-918f-639d-103d-9670a6b0ef80"",""yes_price_dollars"":""0.3900""}"
KXBTC15M-26APR271815-15,b0c83e83-17de-6c85-03e4-9d8f88303e1a,1777327225,0.4,10.0,yes,"{""count_fp"":""10.00"",""created_time"":""2026-04-27T22:00:25.589392Z"",""no_price_dollars"":""0.6000"",""taker_side"":""yes"",""ticker"":""KXBTC15M-26APR271815-15"",""trade_id"":""b0c83e83-17de-6c85-03e4-9d8f88303e1a"",""yes_price_dollars"":""0.4000""}"
KXBTC15M-26APR271815-15,953ae9a0-c7fe-6920-2272-7a5d943ff105,1777327225,0.4,500.0,yes,"{""count_fp"":""500.00"",""created_time"":""2026-04-27T22:00:25.589392Z"",""no_price_dollars"":""0.6000"",""taker_side"":""yes"",""ticker"":""KXBTC15M-26APR271815-15"",""trade_id"":""953ae9a0-c7fe-6920-2272-7a5d943ff105"",""yes_price_dollars"":""0.4000""}"
KXBTC15M-26APR271815-15,70e8ce91-29cf-6fe6-0138-ed01232e5368,1777327225,0.4,40.0,yes,"{""count_fp"":""40.00"",""created_time"":""2026-04-27T22:00:25.589392Z"",""no_price_dollars"":""0.6000"",""taker_side"":""yes"",""ticker"":""KXBTC15M-26APR271815-15"",""trade_id"":""70e8ce91-29cf-6fe6-0138-ed01232e5368"",""yes_price_dollars"":""0.4000""}"
KXBTC15M-26APR271815-15,65812c18-38b4-6cb3-23ca-ecd08ed06955,1777327225,0.4,614.79,yes,"{""count_fp"":""614.79"",""created_time"":""2026-04-27T22:00:25.589392Z"",""no_price_dollars"":""0.6000"",""taker_side"":""yes"",""ticker"":""KXBTC15M-26APR271815-15"",""trade_id"":""65812c18-38b4-6cb3-23ca-ecd08ed06955"",""yes_price_dollars"":""0.4000""}"
KXBTC15M-26APR271815-15,34ad9da9-93ab-60dd-2839-5b094e5054b9,1777327225,0.4,5.0,yes,"{""count_fp"":""5.00"",""created_time"":""2026-04-27T22:00:25.589392Z"",""no_price_dollars"":""0.6000"",""taker_side"":""yes"",""ticker"":""KXBTC15M-26APR271815-15"",""trade_id"":""34ad9da9-93ab-60dd-2839-5b094e5054b9"",""yes_price_dollars"":""0.4000""}"
KXBTC15M-26APR271815-15,245beb31-c618-623a-2a42-6a0d6e1c19a4,1777327225,0.4,2.0,yes,"{""count_fp"":""2.00"",""created_time"":""2026-04-27T22:00:25.589392Z"",""no_price_dollars"":""0.6000"",""taker_side"":""yes"",""ticker"":""KXBTC15M-26APR271815-15"",""trade_id"":""245beb31-c618-623a-2a42-6a0d6e1c19a4"",""yes_price_dollars"":""0.4000""}"
KXBTC15M-26APR271815-15,1d136bb1-5324-7491-b056-0b7c310dfdda,1777327225,0.39,27.85,no,"{""count_fp"":""27.85"",""created_time"":""2026-04-27T22:00:25.045901Z"",""no_price_dollars"":""0.6100"",""taker_side"":""no"",""ticker"":""KXBTC15M-26APR271815-15"",""trade_id"":""1d136bb1-5324-7491-b056-0b7c310dfdda"",""yes_price_dollars"":""0.3900""}"
KXBTC15M-26APR271815-15,a28a0722-7fe3-5f43-9a1d-16c0c7720df5,1777327226,0.39,3.0,yes,"{""count_fp"":""3.00"",""created_time"":""2026-04-27T22:00:26.807675Z"",""no_price_dollars"":""0.6100"",""taker_side"":""yes"",""ticker"":""KXBTC15M-26APR271815-15"",""trade_id"":""a28a0722-7fe3-5f43-9a1d-16c0c7720df5"",""yes_price_dollars"":""0.3900""}"
KXBTC15M-26APR271815-15,cd4e7617-b210-67a1-6478-5d2d15aa893d,1777327226,0.39,40.0,no,"{""count_fp"":""40.00"",""created_time"":""2026-04-27T22:00:26.717839Z"",""no_price_dollars"":""0.6100"",""taker_side"":""no"",""ticker"":""KXBTC15M-26APR271815-15"",""trade_id"":""cd4e7617-b210-67a1-6478-5d2d15aa893d"",""yes_price_dollars"":""0.3900""}"
KXBTC15M-26APR271815-15,ca6e4d12-ab4f-6d95-729b-a4dbd0596678,1777327226,0.39,5.91,no,"{""count_fp"":""5.91"",""created_time"":""2026-04-27T22:00:26.717839Z"",""no_price_dollars"":""0.6100"",""taker_side"":""no"",""ticker"":""KXBTC15M-26APR271815-15"",""trade_id"":""ca6e4d12-ab4f-6d95-729b-a4dbd0596678"",""yes_price_dollars"":""0.3900""}"
KXBTC15M-26APR271815-15,89c898c3-8aa9-69be-7cff-9bac564e458b,1777327226,0.38,114.09,no,"{""count_fp"":""114.09"",""created_time"":""2026-04-27T22:00:26.717839Z"",""no_price_dollars"":""0.6200"",""taker_side"":""no"",""ticker"":""KXBTC15M-26APR271815-15"",""trade_id"":""89c898c3-8aa9-69be-7cff-9bac564e458b"",""yes_price_dollars"":""0.3800""}"
KXBTC15M-26APR271815-15,083ddc5f-0fe3-69a8-58d4-2aa4353c07f8,1777327226,0.38,40.0,no,"{""count_fp"":""40.00"",""created_time"":""2026-04-27T22:00:26.717839Z"",""no_price_dollars"":""0.6200"",""taker_side"":""no"",""ticker"":""KXBTC15M-26APR271815-15"",""trade_id"":""083ddc5f-0fe3-69a8-58d4-2aa4353c07f8"",""yes_price_dollars"":""0.3800""}"
KXBTC15M-26APR271815-15,1d45062b-23cb-6c69-a69b-249df454863c,1777327226,0.39,4.0,no,"{""count_fp"":""4.00"",""created_time"":""2026-04-27T22:00:26.653597Z"",""no_price_dollars"":""0.6100"",""taker_side"":""no"",""ticker"":""KXBTC15M-26APR271815-15"",""trade_id"":""1d45062b-23cb-6c69-a69b-249df454863c"",""yes_price_dollars"":""0.3900""}"
KXBTC15M-26APR271815-15,e7cab1f1-eba9-5511-0cbb-ff23a4c5d516,1777327226,0.4,429.97,yes,"{""count_fp"":""429.97"",""created_time"":""2026-04-27T22:00:26.215537Z"",""no_price_dollars"":""0.6000"",""taker_side"":""yes"",""ticker"":""KXBTC15M-26APR271815-15"",""trade_id"":""e7cab1f1-eba9-5511-0cbb-ff23a4c5d516"",""yes_price_dollars"":""0.4000""}"
KXBTC15M-26APR271815-15,95e6a436-8a7a-536f-12a1-45056fd75b20,1777327226,0.4,2.0,yes,"{""count_fp"":""2.00"",""created_time"":""2026-04-27T22:00:26.215537Z"",""no_price_dollars"":""0.6000"",""taker_side"":""yes"",""ticker"":""KXBTC15M-26APR271815-15"",""trade_id"":""95e6a436-8a7a-536f-12a1-45056fd75b20"",""yes_price_dollars"":""0.4000""}"
KXBTC15M-26APR271815-15,625580fd-7bff-5065-0e4b-e5aaa20c08ac,1777327226,0.4,37.77,yes,"{""count_fp"":""37.77"",""created_time"":""2026-04-27T22:00:26.215537Z"",""no_price_dollars"":""0.6000"",""taker_side"":""yes"",""ticker"":""KXBTC15M-26APR271815-15"",""trade_id"":""625580fd-7bff-5065-0e4b-e5aaa20c08ac"",""yes_price_dollars"":""0.4000""}"
KXBTC15M-26APR271815-15,ba446e73-ef07-7111-c901-03a8bf4e0d38,1777327226,0.4,2.23,yes,"{""count_fp"":""2.23"",""created_time"":""2026-04-27T22:00:26.090672Z"",""no_price_dollars"":""0.6000"",""taker_side"":""yes"",""ticker"":""KXBTC15M-26APR271815-15"",""trade_id"":""ba446e73-ef07-7111-c901-03a8bf4e0d38"",""yes_price_dollars"":""0.4000""}"
KXBTC15M-26APR271815-15,b509f8ae-15aa-68ae-773c-53b099b02608,1777327227,0.4,1.0,no,"{""count_fp"":""1.00"",""created_time"":""2026-04-27T22:00:27.984327Z"",""no_price_dollars"":""0.6000"",""taker_side"":""no"",""ticker"":""KXBTC15M-26APR271815-15"",""trade_id"":""b509f8ae-15aa-68ae-773c-53b099b02608"",""yes_price_dollars"":""0.4000""}"
KXBTC15M-26APR271815-15,8ef5a39c-5c6e-7532-60bc-b3eb08053b48,1777327227,0.4,25.0,no,"{""count_fp"":""25.00"",""created_time"":""2026-04-27T22:00:27.601859Z"",""no_price_dollars"":""0.6000"",""taker_side"":""no"",""ticker"":""KXBTC15M-26APR271815-15"",""trade_id"":""8ef5a39c-5c6e-7532-60bc-b3eb08053b48"",""yes_price_dollars"":""0.4000""}"
KXBTC15M-26APR271815-15,bc051c0c-97a1-72bc-3c7b-a0a5cbc5652a,1777327227,0.41,1.0,yes,"{""count_fp"":""1.00"",""created_time"":""2026-04-27T22:00:27.489728Z"",""no_price_dollars"":""0.5900"",""taker_side"":""yes"",""ticker"":""KXBTC15M-26APR271815-15"",""trade_id"":""bc051c0c-97a1-72bc-3c7b-a0a5cbc5652a"",""yes_price_dollars"":""0.4100""}"
KXBTC15M-26APR271815-15,82ac3fdc-f8ad-72cc-263a-f01e410b273e,1777327227,0.41,9.0,yes,"{""count_fp"":""9.00"",""created_time"":""2026-04-27T22:00:27.392874Z"",""no_price_dollars"":""0.5900"",""taker_side"":""yes"",""ticker"":""KXBTC15M-26APR271815-15"",""trade_id"":""82ac3fdc-f8ad-72cc-263a-f01e410b273e"",""yes_price_dollars"":""0.4100""}"
KXBTC15M-26APR271815-15,4619468b-0ec0-7a34-a954-9d2e9b30fe7c,1777327227,0.42,3.86,yes,"{""count_fp"":""3.86"",""created_time"":""2026-04-27T22:00:27.094829Z"",""no_price_dollars"":""0.5800"",""taker_side"":""yes"",""ticker"":""KXBTC15M-26APR271815-15"",""trade_id"":""4619468b-0ec0-7a34-a954-9d2e9b30fe7c"",""yes_price_dollars"":""0.4200""}"
KXBTC15M-26APR271815-15,f10596d7-7855-6fdd-cef9-8d8e59488036,1777327228,0.42,3.94,yes,"{""count_fp"":""3.94"",""created_time"":""2026-04-27T22:00:28.727871Z"",""no_price_dollars"":""0.5800"",""taker_side"":""yes"",""ticker"":""KXBTC15M-26APR271815-15"",""trade_id"":""f10596d7-7855-6fdd-cef9-8d8e59488036"",""yes_price_dollars"":""0.4200""}"
KXBTC15M-26APR271815-15,f6630a52-a9fa-7f1e-9ee7-7745a63fa9b8,1777327228,0.41,5.0,yes,"{""count_fp"":""5.00"",""created_time"":""2026-04-27T22:00:28.348019Z"",""no_price_dollars"":""0.5900"",""taker_side"":""yes"",""ticker"":""KXBTC15M-26APR271815-15"",""trade_id"":""f6630a52-a9fa-7f1e-9ee7-7745a63fa9b8"",""yes_price_dollars"":""0.4100""}"
KXBTC15M-26APR271815-15,ad6888d5-d2a9-7471-b441-09c9e0b65742,1777327228,0.42,18.13,yes,"{""count_fp"":""18.13"",""created_time"":""2026-04-27T22:00:28.348019Z"",""no_price_dollars"":""0.5800"",""taker_side"":""yes"",""ticker"":""KXBTC15M-26APR271815-15"",""trade_id"":""ad6888d5-d2a9-7471-b441-09c9e0b65742"",""yes_price_dollars"":""0.4200""}"
KXBTC15M-26APR271815-15,1ad71faa-6685-7020-b9c5-ad456f355829,1777327228,0.41,40.0,yes,"{""count_fp"":""40.00"",""created_time"":""2026-04-27T22:00:28.348019Z"",""no_price_dollars"":""0.5900"",""taker_side"":""yes"",""ticker"":""KXBTC15M-26APR271815-15"",""trade_id"":""1ad71faa-6685-7020-b9c5-ad456f355829"",""yes_price_dollars"":""0.4100""}"
KXBTC15M-26APR271815-15,a5bc933f-88b2-41ae-f04b-5cb5bdf04ab8,1777327228,0.4,218.97,no,"{""count_fp"":""218.97"",""created_time"":""2026-04-27T22:00:28.325215Z"",""no_price_dollars"":""0.6000"",""taker_side"":""no"",""ticker"":""KXBTC15M-26APR271815-15"",""trade_id"":""a5bc933f-88b2-41ae-f04b-5cb5bdf04ab8"",""yes_price_dollars"":""0.4000""}"
KXBTC15M-26APR271815-15,628ac0f7-cf06-7296-5dc9-99896bdd0bd0,1777327228,0.4,3.19,no,"{""count_fp"":""3.19"",""created_time"":""2026-04-27T22:00:28.025444Z"",""no_price_dollars"":""0.6000"",""taker_side"":""no"",""ticker"":""KXBTC15M-26APR271815-15"",""trade_id"":""628ac0f7-cf06-7296-5dc9-99896bdd0bd0"",""yes_price_dollars"":""0.4000""}"
KXBTC15M-26APR271815-15,bd4bb2d4-d8ad-6f43-67a2-fff54e52792e,1777327229,0.64,32.48,yes,"{""count_fp"":""32.48"",""created_time"":""2026-04-27T22:00:29.951713Z"",""no_price_dollars"":""0.3600"",""taker_side"":""yes"",""ticker"":""KXBTC15M-26APR271815-15"",""trade_id"":""bd4bb2d4-d8ad-6f43-67a2-fff54e52792e"",""yes_price_dollars"":""0.6400""}"
KXBTC15M-26APR271815-15,b741f5c9-b095-4e3f-3832-9a4e86c2bcce,1777327229,0.64,335.0,yes,"{""count_fp"":""335.00"",""created_time"":""2026-04-27T22:00:29.942645Z"",""no_price_dollars"":""0.3600"",""taker_side"":""yes"",""ticker"":""KXBTC15M-26APR271815-15"",""trade_id"":""b741f5c9-b095-4e3f-3832-9a4e86c2bcce"",""yes_price_dollars"":""0.6400""}"
KXBTC15M-26APR271815-15,9ca08f31-0ba9-5e3b-85b7-78703520cf0e,1777327229,0.64,42.44,yes,"{""count_fp"":""42.44"",""created_time"":""2026-04-27T22:00:29.938632Z"",""no_price_dollars"":""0.3600"",""taker_side"":""yes"",""ticker"":""KXBTC15M-26APR271815-15"",""trade_id"":""9ca08f31-0ba9-5e3b-85b7-78703520cf0e"",""yes_price_dollars"":""0.6400""}"
KXBTC15M-26APR271815-15,d3c83b94-80ea-4d2e-0cd3-410aba2d4eac,1777327229,0.64,3.0,yes,"{""count_fp"":""3.00"",""created_time"":""2026-04-27T22:00:29.928523Z"",""no_price_dollars"":""0.3600"",""taker_side"":""yes"",""ticker"":""KXBTC15M-26APR271815-15"",""trade_id"":""d3c83b94-80ea-4d2e-0cd3-410aba2d4eac"",""yes_price_dollars"":""0.6400""}"
KXBTC15M-26APR271815-15,cf6276d2-b159-4597-0781-a45c54da35be,1777327229,0.64,18.62,yes,"{""count_fp"":""18.62"",""created_time"":""2026-04-27T22:00:29.928523Z"",""no_price_dollars"":""0.3600"",""taker_side"":""yes"",""ticker"":""KXBTC15M-26APR271815-15"",""trade_id"":""cf6276d2-b159-4597-0781-a45c54da35be"",""yes_price_dollars"":""0.6400""}"
KXBTC15M-26APR271815-15,7feb958f-2e61-5405-6b79-e2c197261a69,1777327229,0.62,3.0,yes,"{""count_fp"":""3.00"",""created_time"":""2026-04-27T22:00:29.690196Z"",""no_price_dollars"":""0.3800"",""taker_side"":""yes"",""ticker"":""KXBTC15M-26APR271815-15"",""trade_id"":""7feb958f-2e61-5405-6b79-e2c197261a69"",""yes_price_dollars"":""0.6200""}"
KXBTC15M-26APR271815-15,728347fa-6648-5eee-57b0-1dad063566c7,1777327229,0.63,3.0,yes,"{""count_fp"":""3.00"",""created_time"":""2026-04-27T22:00:29.690196Z"",""no_price_dollars"":""0.3700"",""taker_side"":""yes"",""ticker"":""KXBTC15M-26APR271815-15"",""trade_id"":""728347fa-6648-5eee-57b0-1dad063566c7"",""yes_price_dollars"":""0.6300""}"
KXBTC15M-26APR271815-15,7857bc61-9f65-66d1-e865-b8cd3a526201,1777327229,0.61,3.0,yes,"{""count_fp"":""3.00"",""created_time"":""2026-04-27T22:00:29.513728Z"",""no_price_dollars"":""0.3900"",""taker_side"":""yes"",""ticker"":""KXBTC15M-26APR271815-15"",""trade_id"":""7857bc61-9f65-66d1-e865-b8cd3a526201"",""yes_price_dollars"":""0.6100""}"
KXBTC15M-26APR271815-15,04c2b16e-3c2a-6319-fd46-d8e2dd0dddc0,1777327229,0.61,500.0,yes,"{""count_fp"":""500.00"",""created_time"":""2026-04-27T22:00:29.513728Z"",""no_price_dollars"":""0.3900"",""taker_side"":""yes"",""ticker"":""KXBTC15M-26APR271815-15"",""trade_id"":""04c2b16e-3c2a-6319-fd46-d8e2dd0dddc0"",""yes_price_dollars"":""0.6100""}"
KXBTC15M-26APR271815-15,ae453c2c-07d9-6d3a-242e-c5abc1fda070,1777327229,0.6,348.0,yes,"{""count_fp"":""348.00"",""created_time"":""2026-04-27T22:00:29.510659Z"",""no_price_dollars"":""0.4000"",""taker_side"":""yes"",""ticker"":""KXBTC15M-26APR271815-15"",""trade_id"":""ae453c2c-07d9-6d3a-242e-c5abc1fda070"",""yes_price_dollars"":""0.6000""}"
KXBTC15M-26APR271815-15,98fa0712-876f-614c-1e8c-be69b321191f,1777327229,0.6,3.0,yes,"{""count_fp"":""3.00"",""created_time"":""2026-04-27T22:00:29.510659Z"",""no_price_dollars"":""0.4000"",""taker_side"":""yes"",""ticker"":""KXBTC15M-26APR271815-15"",""trade_id"":""98fa0712-876f-614c-1e8c-be69b321191f"",""yes_price_dollars"":""0.6000""}"
KXBTC15M-26APR271815-15,5aab44f6-77a0-6aac-262f-630d516c9499,1777327229,0.6,6.0,yes,"{""count_fp"":""6.00"",""created_time"":""2026-04-27T22:00:29.510659Z"",""no_price_dollars"":""0.4000"",""taker_side"":""yes"",""ticker"":""KXBTC15M-26APR271815-15"",""trade_id"":""5aab44f6-77a0-6aac-262f-630d516c9499"",""yes_price_dollars"":""0.6000""}"
KXBTC15M-26APR271815-15,dd98a54e-8f15-4f57-8986-c9b94103aceb,1777327229,0.59,3.0,yes,"{""count_fp"":""3.00"",""created_time"":""2026-04-27T22:00:29.477644Z"",""no_price_dollars"":""0.4100"",""taker_side"":""yes"",""ticker"":""KXBTC15M-26APR271815-15"",""trade_id"":""dd98a54e-8f15-4f57-8986-c9b94103aceb"",""yes_price_dollars"":""0.5900""}"
KXBTC15M-26APR271815-15,51eccbdf-eb4a-4c5d-86bf-e2394368a753,1777327229,0.59,25.0,yes,"{""count_fp"":""25.00"",""created_time"":""2026-04-27T22:00:29.477644Z"",""no_price_dollars"":""0.4100"",""taker_side"":""yes"",""ticker"":""KXBTC15M-26APR271815-15"",""trade_id"":""51eccbdf-eb4a-4c5d-86bf-e2394368a753"",""yes_price_dollars"":""0.5900""}"
KXBTC15M-26APR271815-15,5a62e4a7-36c7-414e-6fde-8a84c9d5083b,1777327229,0.57,3.0,yes,"{""count_fp"":""3.00"",""created_time"":""2026-04-27T22:00:29.457119Z"",""no_price_dollars"":""0.4300"",""taker_side"":""yes"",""ticker"":""KXBTC15M-26APR271815-15"",""trade_id"":""5a62e4a7-36c7-414e-6fde-8a84c9d5083b"",""yes_price_dollars"":""0.5700""}"
KXBTC15M-26APR271815-15,26334420-9efc-50b9-fe7a-94479d1aa1ad,1777327229,0.55,2.0,yes,"{""count_fp"":""2.00"",""created_time"":""2026-04-27T22:00:29.298597Z"",""no_price_dollars"":""0.4500"",""taker_side"":""yes"",""ticker"":""KXBTC15M-26APR271815-15"",""trade_id"":""26334420-9efc-50b9-fe7a-94479d1aa1ad"",""yes_price_dollars"":""0.5500""}"
KXBTC15M-26APR271815-15,57fbef0a-1a5e-7f23-af67-381aa2ee0e79,1777327229,0.54,1.0,no,"{""count_fp"":""1.00"",""created_time"":""2026-04-27T22:00:29.286903Z"",""no_price_dollars"":""0.4600"",""taker_side"":""no"",""ticker"":""KXBTC15M-26APR271815-15"",""trade_id"":""57fbef0a-1a5e-7f23-af67-381aa2ee0e79"",""yes_price_dollars"":""0.5400""}"
KXBTC15M-26APR271815-15,f37a18a5-2fa9-7bef-ffd3-e549c20f9072,1777327229,0.55,10.0,yes,"{""count_fp"":""10.00"",""created_time"":""2026-04-27T22:00:29.284965Z"",""no_price_dollars"":""0.4500"",""taker_side"":""yes"",""ticker"":""KXBTC15M-26APR271815-15"",""trade_id"":""f37a18a5-2fa9-7bef-ffd3-e549c20f9072"",""yes_price_dollars"":""0.5500""}"
KXBTC15M-26APR271815-15,c6f4bcaa-b096-7854-f4de-b62f972dfc5b,1777327229,0.55,40.0,yes,"{""count_fp"":""40.00"",""created_time"":""2026-04-27T22:00:29.284965Z"",""no_price_dollars"":""0.4500"",""taker_side"":""yes"",""ticker"":""KXBTC15M-26APR271815-15"",""trade_id"":""c6f4bcaa-b096-7854-f4de-b62f972dfc5b"",""yes_price_dollars"":""0.5500""}"
KXBTC15M-26APR271815-15,03f3a9d5-a26a-69d9-546a-1e49d81b2e23,1777327229,0.54,50.0,yes,"{""count_fp"":""50.00"",""created_time"":""2026-04-27T22:00:29.252341Z"",""no_price_dollars"":""0.4600"",""taker_side"":""yes"",""ticker"":""KXBTC15M-26APR271815-15"",""trade_id"":""03f3a9d5-a26a-69d9-546a-1e49d81b2e23"",""yes_price_dollars"":""0.5400""}"
KXBTC15M-26APR271815-15,cc452982-1390-5509-8ae9-4d52682349ca,1777327229,0.53,65.0,yes,"{""count_fp"":""65.00"",""created_time"":""2026-04-27T22:00:29.226794Z"",""no_price_dollars"":""0.4700"",""taker_side"":""yes"",""ticker"":""KXBTC15M-26APR271815-15"",""trade_id"":""cc452982-1390-5509-8ae9-4d52682349ca"",""yes_price_dollars"":""0.5300""}"
KXBTC15M-26APR271815-15,7a616983-cfe7-5105-8ccb-651a088f48c4,1777327229,0.53,1.0,yes,"{""count_fp"":""1.00"",""created_time"":""2026-04-27T22:00:29.226794Z"",""no_price_dollars"":""0.4700"",""taker_side"":""yes"",""ticker"":""KXBTC15M-26APR271815-15"",""trade_id"":""7a616983-cfe7-5105-8ccb-651a088f48c4"",""yes_price_dollars"":""0.5300""}"
KXBTC15M-26APR271815-15,465c8fcf-aa80-4e5a-bea7-35c4ee7b1f89,1777327229,0.52,188.85,yes,"{""count_fp"":""188.85"",""created_time"":""2026-04-27T22:00:29.220581Z"",""no_price_dollars"":""0.4800"",""taker_side"":""yes"",""ticker"":""KXBTC15M-26APR271815-15"",""trade_id"":""465c8fcf-aa80-4e5a-bea7-35c4ee7b1f89"",""yes_price_dollars"":""0.5200""}"
KXBTC15M-26APR271815-15,40bfc5da-a352-5be4-1e3b-ee8020005a0d,1777327229,0.52,450.0,yes,"{""count_fp"":""450.00"",""created_time"":""2026-04-27T22:00:29.219698Z"",""no_price_dollars"":""0.4800"",""taker_side"":""yes"",""ticker"":""KXBTC15M-26APR271815-15"",""trade_id"":""40bfc5da-a352-5be4-1e3b-ee8020005a0d"",""yes_price_dollars"":""0.5200""}"
KXBTC15M-26APR271815-15,0d9b79e2-c0fc-5b9a-058a-8c77b114d0fd,1777327229,0.52,203.0,yes,"{""count_fp"":""203.00"",""created_time"":""2026-04-27T22:00:29.219698Z"",""no_price_dollars"":""0.4800"",""taker_side"":""yes"",""ticker"":""KXBTC15M-26APR271815-15"",""trade_id"":""0d9b79e2-c0fc-5b9a-058a-8c77b114d0fd"",""yes_price_dollars"":""0.5200""}"
KXBTC15M-26APR271815-15,a82ffffe-8938-6646-6e9f-4dcf4c638415,1777327229,0.51,76.15,yes,"{""count_fp"":""76.15"",""created_time"":""2026-04-27T22:00:29.208782Z"",""no_price_dollars"":""0.4900"",""taker_side"":""yes"",""ticker"":""KXBTC15M-26APR271815-15"",""trade_id"":""a82ffffe-8938-6646-6e9f-4dcf4c638415"",""yes_price_dollars"":""0.5100""}"
KXBTC15M-26APR271815-15,5648e9c7-a8d4-5f0e-1458-15ab94f383a1,1777327229,0.51,16.0,yes,"{""count_fp"":""16.00"",""created_time"":""2026-04-27T22:00:29.205989Z"",""no_price_dollars"":""0.4900"",""taker_side"":""yes"",""ticker"":""KXBTC15M-26APR271815-15"",""trade_id"":""5648e9c7-a8d4-5f0e-1458-15ab94f383a1"",""yes_price_dollars"":""0.5100""}"
KXBTC15M-26APR271815-15,65f911f7-d2a4-4a56-8928-313f31f0dedd,1777327229,0.51,16.0,yes,"{""count_fp"":""16.00"",""created_time"":""2026-04-27T22:00:29.197719Z"",""no_price_dollars"":""0.4900"",""taker_side"":""yes"",""ticker"":""KXBTC15M-26APR271815-15"",""trade_id"":""65f911f7-d2a4-4a56-8928-313f31f0dedd"",""yes_price_dollars"":""0.5100""}"
KXBTC15M-26APR271815-15,ed6a4474-5d4e-554b-75ea-c429b38147c5,1777327229,0.5,3.0,yes,"{""count_fp"":""3.00"",""created_time"":""2026-04-27T22:00:29.181552Z"",""no_price_dollars"":""0.5000"",""taker_side"":""yes"",""ticker"":""KXBTC15M-26APR271815-15"",""trade_id"":""ed6a4474-5d4e-554b-75ea-c429b38147c5"",""yes_price_dollars"":""0.5000""}"
KXBTC15M-26APR271815-15,e8e1168d-f46a-5c56-639b-0db32c40213a,1777327229,0.5,10.0,yes,"{""count_fp"":""10.00"",""created_time"":""2026-04-27T22:00:29.181552Z"",""no_price_dollars"":""0.5000"",""taker_side"":""yes"",""ticker"":""KXBTC15M-26APR271815-15"",""trade_id"":""e8e1168d-f46a-5c56-639b-0db32c40213a"",""yes_price_dollars"":""0.5000""}"
KXBTC15M-26APR271815-15,16752936-abb6-6a04-380e-fd2a0f849aa5,1777327229,0.49,3.0,yes,"{""count_fp"":""3.00"",""created_time"":""2026-04-27T22:00:29.179094Z"",""no_price_dollars"":""0.5100"",""taker_side"":""yes"",""ticker"":""KXBTC15M-26APR271815-15"",""trade_id"":""16752936-abb6-6a04-380e-fd2a0f849aa5"",""yes_price_dollars"":""0.4900""}"
KXBTC15M-26APR271815-15,bcf7f6ff-9b21-5d38-f2a6-114d498946d3,1777327229,0.48,1.0,yes,"{""count_fp"":""1.00"",""created_time"":""2026-04-27T22:00:29.162591Z"",""no_price_dollars"":""0.5200"",""taker_side"":""yes"",""ticker"":""KXBTC15M-26APR271815-15"",""trade_id"":""bcf7f6ff-9b21-5d38-f2a6-114d498946d3"",""yes_price_dollars"":""0.4800""}"
KXBTC15M-26APR271815-15,ac632650-647c-5d8d-ca71-570599cb22d1,1777327229,0.48,1.15,yes,"{""count_fp"":""1.15"",""created_time"":""2026-04-27T22:00:29.162591Z"",""no_price_dollars"":""0.5200"",""taker_side"":""yes"",""ticker"":""KXBTC15M-26APR271815-15"",""trade_id"":""ac632650-647c-5d8d-ca71-570599cb22d1"",""yes_price_dollars"":""0.4800""}"
KXBTC15M-26APR271815-15,95e31de0-713d-5003-d61c-a846ac0c99e6,1777327229,0.48,100.0,yes,"{""count_fp"":""100.00"",""created_time"":""2026-04-27T22:00:29.162591Z"",""no_price_dollars"":""0.5200"",""taker_side"":""yes"",""ticker"":""KXBTC15M-26APR271815-15"",""trade_id"":""95e31de0-713d-5003-d61c-a846ac0c99e6"",""yes_price_dollars"":""0.4800""}"
KXBTC15M-26APR271815-15,9043399a-6ab6-595b-c609-aff7cc4a92b9,1777327229,0.48,50.0,yes,"{""count_fp"":""50.00"",""created_time"":""2026-04-27T22:00:29.162591Z"",""no_price_dollars"":""0.5200"",""taker_side"":""yes"",""ticker"":""KXBTC15M-26APR271815-15"",""trade_id"":""9043399a-6ab6-595b-c609-aff7cc4a92b9"",""yes_price_dollars"":""0.4800""}"
KXBTC15M-26APR271815-15,4823d047-8fb2-5102-ea61-736963c0fd77,1777327229,0.48,1.0,yes,"{""count_fp"":""1.00"",""created_time"":""2026-04-27T22:00:29.162591Z"",""no_price_dollars"":""0.5200"",""taker_side"":""yes"",""ticker"":""KXBTC15M-26APR271815-15"",""trade_id"":""4823d047-8fb2-5102-ea61-736963c0fd77"",""yes_price_dollars"":""0.4800""}"
KXBTC15M-26APR271815-15,d4faa5ec-f009-5573-cad1-10b0ee7c7bf7,1777327229,0.47,2.0,yes,"{""count_fp"":""2.00"",""created_time"":""2026-04-27T22:00:29.143609Z"",""no_price_dollars"":""0.5300"",""taker_side"":""yes"",""ticker"":""KXBTC15M-26APR271815-15"",""trade_id"":""d4faa5ec-f009-5573-cad1-10b0ee7c7bf7"",""yes_price_dollars"":""0.4700""}"
KXBTC15M-26APR271815-15,aadb2148-ada4-53bc-d384-16ab0cad2782,1777327229,0.47,110.04,yes,"{""count_fp"":""110.04"",""created_time"":""2026-04-27T22:00:29.143609Z"",""no_price_dollars"":""0.5300"",""taker_side"":""yes"",""ticker"":""KXBTC15M-26APR271815-15"",""trade_id"":""aadb2148-ada4-53bc-d384-16ab0cad2782"",""yes_price_dollars"":""0.4700""}"
KXBTC15M-26APR271815-15,7c4e0c20-09cc-556b-e880-ce5b3179d7d0,1777327229,0.47,5.0,yes,"{""count_fp"":""5.00"",""created_time"":""2026-04-27T22:00:29.143609Z"",""no_price_dollars"":""0.5300"",""taker_side"":""yes"",""ticker"":""KXBTC15M-26APR271815-15"",""trade_id"":""7c4e0c20-09cc-556b-e880-ce5b3179d7d0"",""yes_price_dollars"":""0.4700""}"
KXBTC15M-26APR271815-15,aad9f3ee-a11b-5ea4-7180-ddfb20bf1b11,1777327229,0.42,92.81,yes,"{""count_fp"":""92.81"",""created_time"":""2026-04-27T22:00:29.103059Z"",""no_price_dollars"":""0.5800"",""taker_side"":""yes"",""ticker"":""KXBTC15M-26APR271815-15"",""trade_id"":""aad9f3ee-a11b-5ea4-7180-ddfb20bf1b11"",""yes_price_dollars"":""0.4200""}"
KXBTC15M-26APR271815-15,1dfe1642-ab43-7790-75c6-f179878ac611,1777327229,0.42,85.67,yes,"{""count_fp"":""85.67"",""created_time"":""2026-04-27T22:00:29.092399Z"",""no_price_dollars"":""0.5800"",""taker_side"":""yes"",""ticker"":""KXBTC15M-26APR271815-15"",""trade_id"":""1dfe1642-ab43-7790-75c6-f179878ac611"",""yes_price_dollars"":""0.4200""}"
KXBTC15M-26APR271815-15,afe60732-63c7-433c-4736-7c15cbe8eed9,1777327229,0.42,154.0,yes,"{""count_fp"":""154.00"",""created_time"":""2026-04-27T22:00:29.090327Z"",""no_price_dollars"":""0.5800"",""taker_side"":""yes"",""ticker"":""KXBTC15M-26APR271815-15"",""trade_id"":""afe60732-63c7-433c-4736-7c15cbe8eed9"",""yes_price_dollars"":""0.4200""}"
KXBTC15M-26APR271815-15,9764f14d-8b65-4091-9982-ff4da1dc5f9e,1777327229,0.42,7.93,yes,"{""count_fp"":""7.93"",""created_time"":""2026-04-27T22:00:29.036387Z"",""no_price_dollars"":""0.5800"",""taker_side"":""yes"",""ticker"":""KXBTC15M-26APR271815-15"",""trade_id"":""9764f14d-8b65-4091-9982-ff4da1dc5f9e"",""yes_price_dollars"":""0.4200""}"
KXBTC15M-26APR271815-15,7a6ca43f-83b9-4c31-af95-45353ce39812,1777327229,0.42,335.91,yes,"{""count_fp"":""335.91"",""created_time"":""2026-04-27T22:00:29.036387Z"",""no_price_dollars"":""0.5800"",""taker_side"":""yes"",""ticker"":""KXBTC15M-26APR271815-15"",""trade_id"":""7a6ca43f-83b9-4c31-af95-45353ce39812"",""yes_price_dollars"":""0.4200""}"
KXBTC15M-26APR271815-15,d60c4642-e318-784e-e48c-0116cb263526,1777327230,0.64,13.18,no,"{""count_fp"":""13.18"",""created_time"":""2026-04-27T22:00:30.466055Z"",""no_price_dollars"":""0.3600"",""taker_side"":""no"",""ticker"":""KXBTC15M-26APR271815-15"",""trade_id"":""d60c4642-e318-784e-e48c-0116cb263526"",""yes_price_dollars"":""0.6400""}"
KXBTC15M-26APR271815-15,abfb6c62-82ec-50c5-6655-779b2dfbb486,1777327230,0.66,76.0,yes,"{""count_fp"":""76.00"",""created_time"":""2026-04-27T22:00:30.351145Z"",""no_price_dollars"":""0.3400"",""taker_side"":""yes"",""ticker"":""KXBTC15M-26APR271815-15"",""trade_id"":""abfb6c62-82ec-50c5-6655-779b2dfbb486"",""yes_price_dollars"":""0.6600""}"
KXBTC15M-26APR271815-15,0a49ac20-c2c4-5b65-2108-6cf7c6df39df,1777327230,0.65,1.0,no,"{""count_fp"":""1.00"",""created_time"":""2026-04-27T22:00:30.320928Z"",""no_price_dollars"":""0.3500"",""taker_side"":""no"",""ticker"":""KXBTC15M-26APR271815-15"",""trade_id"":""0a49ac20-c2c4-5b65-2108-6cf7c6df39df"",""yes_price_dollars"":""0.6500""}"
KXBTC15M-26APR271815-15,121375a2-524c-5b3d-73fb-15afef4eda6e,1777327230,0.66,1.0,yes,"{""count_fp"":""1.00"",""created_time"":""2026-04-27T22:00:30.197141Z"",""no_price_dollars"":""0.3400"",""taker_side"":""yes"",""ticker"":""KXBTC15M-26APR271815-15"",""trade_id"":""121375a2-524c-5b3d-73fb-15afef4eda6e"",""yes_price_dollars"":""0.6600""}"
KXBTC15M-26APR271815-15,ca39fc78-7df1-6908-3ec5-c8ae13cc9903,1777327230,0.64,33.41,no,"{""count_fp"":""33.41"",""created_time"":""2026-04-27T22:00:30.166626Z"",""no_price_dollars"":""0.3600"",""taker_side"":""no"",""ticker"":""KXBTC15M-26APR271815-15"",""trade_id"":""ca39fc78-7df1-6908-3ec5-c8ae13cc9903"",""yes_price_dollars"":""0.6400""}"
KXBTC15M-26APR271815-15,b4b925d8-e7e1-63cc-15ec-8f91cb8e41b8,1777327230,0.65,1650.0,no,"{""count_fp"":""1650.00"",""created_time"":""2026-04-27T22:00:30.166626Z"",""no_price_dollars"":""0.3500"",""taker_side"":""no"",""ticker"":""KXBTC15M-26APR271815-15"",""trade_id"":""b4b925d8-e7e1-63cc-15ec-8f91cb8e41b8"",""yes_price_dollars"":""0.6500""}"
KXBTC15M-26APR271815-15,46860d50-8eea-6038-0e53-5535718b2e91,1777327230,0.65,33.0,no,"{""count_fp"":""33.00"",""created_time"":""2026-04-27T22:00:30.166626Z"",""no_price_dollars"":""0.3500"",""taker_side"":""no"",""ticker"":""KXBTC15M-26APR271815-15"",""trade_id"":""46860d50-8eea-6038-0e53-5535718b2e91"",""yes_price_dollars"":""0.6500""}"
KXBTC15M-26APR271815-15,1b4ec87a-bdd4-64ae-2ec5-338bd54d96f2,1777327230,0.64,228.13,no,"{""count_fp"":""228.13"",""created_time"":""2026-04-27T22:00:30.166626Z"",""no_price_dollars"":""0.3600"",""taker_side"":""no"",""ticker"":""KXBTC15M-26APR271815-15"",""trade_id"":""1b4ec87a-bdd4-64ae-2ec5-338bd54d96f2"",""yes_price_dollars"":""0.6400""}"
KXBTC15M-26APR271815-15,b7944ee8-8212-4174-9fa9-e927b8680cdd,1777327230,0.65,7.0,no,"{""count_fp"":""7.00"",""created_time"":""2026-04-27T22:00:30.149799Z"",""no_price_dollars"":""0.3500"",""taker_side"":""no"",""ticker"":""KXBTC15M-26APR271815-15"",""trade_id"":""b7944ee8-8212-4174-9fa9-e927b8680cdd"",""yes_price_dollars"":""0.6500""}"
KXBTC15M-26APR271815-15,4ef2fbb1-c61f-7dbc-f8da-2e1739195d28,1777327230,0.65,3.0,yes,"{""count_fp"":""3.00"",""created_time"":""2026-04-27T22:00:30.103966Z"",""no_price_dollars"":""0.3500"",""taker_side"":""yes"",""ticker"":""KXBTC15M-26APR271815-15"",""trade_id"":""4ef2fbb1-c61f-7dbc-f8da-2e1739195d28"",""yes_price_dollars"":""0.6500""}"
KXBTC15M-26APR271815-15,4b3edc0c-cc08-7369-d164-a2356b5b8c94,1777327230,0.65,4.0,yes,"{""count_fp"":""4.00"",""created_time"":""2026-04-27T22:00:30.103966Z"",""no_price_dollars"":""0.3500"",""taker_side"":""yes"",""ticker"":""KXBTC15M-26APR271815-15"",""trade_id"":""4b3edc0c-cc08-7369-d164-a2356b5b8c94"",""yes_price_dollars"":""0.6500""}"
KXBTC15M-26APR271815-15,69b88f0e-0a29-7a34-9fcb-a65b033d2963,1777327230,0.64,6.59,no,"{""count_fp"":""6.59"",""created_time"":""2026-04-27T22:00:30.099693Z"",""no_price_dollars"":""0.3600"",""taker_side"":""no"",""ticker"":""KXBTC15M-26APR271815-15"",""trade_id"":""69b88f0e-0a29-7a34-9fcb-a65b033d2963"",""yes_price_dollars"":""0.6400""}"
KXBTC15M-26APR271815-15,b82c928c-6d19-7e49-c8a0-0985a0340a2c,1777327230,0.63,1.19,no,"{""count_fp"":""1.19"",""created_time"":""2026-04-27T22:00:30.042334Z"",""no_price_dollars"":""0.3700"",""taker_side"":""no"",""ticker"":""KXBTC15M-26APR271815-15"",""trade_id"":""b82c928c-6d19-7e49-c8a0-0985a0340a2c"",""yes_price_dollars"":""0.6300""}"
KXBTC15M-26APR271815-15,201e02c7-a5bb-7169-cc25-4e8f5384fce4,1777327230,0.64,40.0,no,"{""count_fp"":""40.00"",""created_time"":""2026-04-27T22:00:30.042334Z"",""no_price_dollars"":""0.3600"",""taker_side"":""no"",""ticker"":""KXBTC15M-26APR271815-15"",""trade_id"":""201e02c7-a5bb-7169-cc25-4e8f5384fce4"",""yes_price_dollars"":""0.6400""}"
KXBTC15M-26APR271815-15,481016d1-3c86-7b54-93d9-62fc79f0b782,1777327231,0.58,46.0,no,"{""count_fp"":""46.00"",""created_time"":""2026-04-27T22:00:31.974009Z"",""no_price_dollars"":""0.4200"",""taker_side"":""no"",""ticker"":""KXBTC15M-26APR271815-15"",""trade_id"":""481016d1-3c86-7b54-93d9-62fc79f0b782"",""yes_price_dollars"":""0.5800""}"
KXBTC15M-26APR271815-15,6979e0e3-2a06-7173-d17b-979dc1515862,1777327231,0.6,14.79,yes,"{""count_fp"":""14.79"",""created_time"":""2026-04-27T22:00:31.971061Z"",""no_price_dollars"":""0.4000"",""taker_side"":""yes"",""ticker"":""KXBTC15M-26APR271815-15"",""trade_id"":""6979e0e3-2a06-7173-d17b-979dc1515862"",""yes_price_dollars"":""0.6000""}"
KXBTC15M-26APR271815-15,fbf0cd3d-080d-64d9-6b09-5d58dee87209,1777327231,0.59,3.0,no,"{""count_fp"":""3.00"",""created_time"":""2026-04-27T22:00:31.721909Z"",""no_price_dollars"":""0.4100"",""taker_side"":""no"",""ticker"":""KXBTC15M-26APR271815-15"",""trade_id"":""fbf0cd3d-080d-64d9-6b09-5d58dee87209"",""yes_price_dollars"":""0.5900""}"
KXBTC15M-26APR271815-15,a6a4bc0c-4f1a-6610-6fc9-c6bbd953f42a,1777327231,0.58,11.78,no,"{""count_fp"":""11.78"",""created_time"":""2026-04-27T22:00:31.721909Z"",""no_price_dollars"":""0.4200"",""taker_side"":""no"",""ticker"":""KXBTC15M-26APR271815-15"",""trade_id"":""a6a4bc0c-4f1a-6610-6fc9-c6bbd953f42a"",""yes_price_dollars"":""0.5800""}"
KXBTC15M-26APR271815-15,51c553ec-ca33-6aad-586a-3383847a62a8,1777327231,0.59,40.0,no,"{""count_fp"":""40.00"",""created_time"":""2026-04-27T22:00:31.721909Z"",""no_price_dollars"":""0.4100"",""taker_side"":""no"",""ticker"":""KXBTC15M-26APR271815-15"",""trade_id"":""51c553ec-ca33-6aad-586a-3383847a62a8"",""yes_price_dollars"":""0.5900""}"
KXBTC15M-26APR271815-15,29bf4176-5b3e-45eb-304f-977675690302,1777327231,0.6,21.0,yes,"{""count_fp"":""21.00"",""created_time"":""2026-04-27T22:00:31.579891Z"",""no_price_dollars"":""0.4000"",""taker_side"":""yes"",""ticker"":""KXBTC15M-26APR271815-15"",""trade_id"":""29bf4176-5b3e-45eb-304f-977675690302"",""yes_price_dollars"":""0.6000""}"
KXBTC15M-26APR271815-15,065e7207-ab48-452b-286a-fc3e8dc2a3d4,1777327231,0.59,40.0,yes,"{""count_fp"":""40.00"",""created_time"":""2026-04-27T22:00:31.579891Z"",""no_price_dollars"":""0.4100"",""taker_side"":""yes"",""ticker"":""KXBTC15M-26APR271815-15"",""trade_id"":""065e7207-ab48-452b-286a-fc3e8dc2a3d4"",""yes_price_dollars"":""0.5900""}"
KXBTC15M-26APR271815-15,ca8e72c3-fa2e-5028-59a6-c0708a924a0e,1777327231,0.58,1.0,no,"{""count_fp"":""1.00"",""created_time"":""2026-04-27T22:00:31.546008Z"",""no_price_dollars"":""0.4200"",""taker_side"":""no"",""ticker"":""KXBTC15M-26APR271815-15"",""trade_id"":""ca8e72c3-fa2e-5028-59a6-c0708a924a0e"",""yes_price_dollars"":""0.5800""}"
KXBTC15M-26APR271815-15,7558093a-9b12-6c84-af35-85cac9fb2302,1777327231,0.58,11.03,no,"{""count_fp"":""11.03"",""created_time"":""2026-04-27T22:00:31.470987Z"",""no_price_dollars"":""0.4200"",""taker_side"":""no"",""ticker"":""KXBTC15M-26APR271815-15"",""trade_id"":""7558093a-9b12-6c84-af35-85cac9fb2302"",""yes_price_dollars"":""0.5800""}"
KXBTC15M-26APR271815-15,4f2daa6f-aa06-6e42-9298-62b8d30e920d,1777327231,0.58,3.0,no,"{""count_fp"":""3.00"",""created_time"":""2026-04-27T22:00:31.470987Z"",""no_price_dollars"":""0.4200"",""taker_side"":""no"",""ticker"":""KXBTC15M-26APR271815-15"",""trade_id"":""4f2daa6f-aa06-6e42-9298-62b8d30e920d"",""yes_price_dollars"":""0.5800""}"
KXBTC15M-26APR271815-15,083ff167-a6a9-6a4a-a636-439ee498b122,1777327231,0.58,5.0,no,"{""count_fp"":""5.00"",""created_time"":""2026-04-27T22:00:31.470987Z"",""no_price_dollars"":""0.4200"",""taker_side"":""no"",""ticker"":""KXBTC15M-26APR271815-15"",""trade_id"":""083ff167-a6a9-6a4a-a636-439ee498b122"",""yes_price_dollars"":""0.5800""}"
KXBTC15M-26APR271815-15,e313c9ca-6bc7-5eb4-1c52-fc9ae5094ce2,1777327231,0.61,5.0,no,"{""count_fp"":""5.00"",""created_time"":""2026-04-27T22:00:31.272318Z"",""no_price_dollars"":""0.3900"",""taker_side"":""no"",""ticker"":""KXBTC15M-26APR271815-15"",""trade_id"":""e313c9ca-6bc7-5eb4-1c52-fc9ae5094ce2"",""yes_price_dollars"":""0.6100""}"
KXBTC15M-26APR271815-15,dccac3f4-2042-5490-1341-a0b2c9513f06,1777327231,0.6,19.03,no,"{""count_fp"":""19.03"",""created_time"":""2026-04-27T22:00:31.272318Z"",""no_price_dollars"":""0.4000"",""taker_side"":""no"",""ticker"":""KXBTC15M-26APR271815-15"",""trade_id"":""dccac3f4-2042-5490-1341-a0b2c9513f06"",""yes_price_dollars"":""0.6000""}"
KXBTC15M-26APR271815-15,ff98c5a0-9cba-6bca-cade-c257f1888674,1777327231,0.64,5.0,no,"{""count_fp"":""5.00"",""created_time"":""2026-04-27T22:00:31.108774Z"",""no_price_dollars"":""0.3600"",""taker_side"":""no"",""ticker"":""KXBTC15M-26APR271815-15"",""trade_id"":""ff98c5a0-9cba-6bca-cade-c257f1888674"",""yes_price_dollars"":""0.6400""}"
KXBTC15M-26APR271815-15,cd4315b3-0f55-6745-fb14-e33914ab09a2,1777327231,0.64,10.0,no,"{""count_fp"":""10.00"",""created_time"":""2026-04-27T22:00:31.108774Z"",""no_price_dollars"":""0.3600"",""taker_side"":""no"",""ticker"":""KXBTC15M-26APR271815-15"",""trade_id"":""cd4315b3-0f55-6745-fb14-e33914ab09a2"",""yes_price_dollars"":""0.6400""}"
KXBTC15M-26APR271815-15,b766621c-441c-4be5-4746-9b2ed25e5c73,1777327232,0.58,11.51,no,"{""count_fp"":""11.51"",""created_time"":""2026-04-27T22:00:32.800319Z"",""no_price_dollars"":""0.4200"",""taker_side"":""no"",""ticker"":""KXBTC15M-26APR271815-15"",""trade_id"":""b766621c-441c-4be5-4746-9b2ed25e5c73"",""yes_price_dollars"":""0.5800""}"
KXBTC15M-26APR271815-15,bfc019e8-88f2-5dab-1f67-959df77a0811,1777327232,0.59,32.12,no,"{""count_fp"":""32.12"",""created_time"":""2026-04-27T22:00:32.745518Z"",""no_price_dollars"":""0.4100"",""taker_side"":""no"",""ticker"":""KXBTC15M-26APR271815-15"",""trade_id"":""bfc019e8-88f2-5dab-1f67-959df77a0811"",""yes_price_dollars"":""0.5900""}"
KXBTC15M-26APR271815-15,73923126-e94d-53e3-03d6-1b9c3072ab4f,1777327232,0.58,40.0,no,"{""count_fp"":""40.00"",""created_time"":""2026-04-27T22:00:32.745518Z"",""no_price_dollars"":""0.4200"",""taker_side"":""no"",""ticker"":""KXBTC15M-26APR271815-15"",""trade_id"":""73923126-e94d-53e3-03d6-1b9c3072ab4f"",""yes_price_dollars"":""0.5800""}"
KXBTC15M-26APR271815-15,6ea5f741-774e-5820-2299-3db783dce1f6,1777327232,0.58,430.19,no,"{""count_fp"":""430.19"",""created_time"":""2026-04-27T22:00:32.745518Z"",""no_price_dollars"":""0.4200"",""taker_side"":""no"",""ticker"":""KXBTC15M-26APR271815-15"",""trade_id"":""6ea5f741-774e-5820-2299-3db783dce1f6"",""yes_price_dollars"":""0.5800""}"
KXBTC15M-26APR271815-15,5fc053f6-ff48-5e39-1761-6796367b252b,1777327232,0.58,659.48,no,"{""count_fp"":""659.48"",""created_time"":""2026-04-27T22:00:32.745518Z"",""no_price_dollars"":""0.4200"",""taker_side"":""no"",""ticker"":""KXBTC15M-26APR271815-15"",""trade_id"":""5fc053f6-ff48-5e39-1761-6796367b252b"",""yes_price_dollars"":""0.5800""}"
KXBTC15M-26APR271815-15,44d2b30e-278e-53a9-1de4-6e50fb1f7bc6,1777327232,0.59,10.0,no,"{""count_fp"":""10.00"",""created_time"":""2026-04-27T22:00:32.745518Z"",""no_price_dollars"":""0.4100"",""taker_side"":""no"",""ticker"":""KXBTC15M-26APR271815-15"",""trade_id"":""44d2b30e-278e-53a9-1de4-6e50fb1f7bc6"",""yes_price_dollars"":""0.5900""}"
KXBTC15M-26APR271815-15,c82100a5-18fa-40ef-f94d-23128fd1ce15,1777327232,0.59,7.88,no,"{""count_fp"":""7.88"",""created_time"":""2026-04-27T22:00:32.624628Z"",""no_price_dollars"":""0.4100"",""taker_side"":""no"",""ticker"":""KXBTC15M-26APR271815-15"",""trade_id"":""c82100a5-18fa-40ef-f94d-23128fd1ce15"",""yes_price_dollars"":""0.5900""}"
KXBTC15M-26APR271815-15,f8e54dd7-9362-5c2f-1a4b-1d12fce88116,1777327232,0.6,3.21,yes,"{""count_fp"":""3.21"",""created_time"":""2026-04-27T22:00:32.331368Z"",""no_price_dollars"":""0.4000"",""taker_side"":""yes"",""ticker"":""KXBTC15M-26APR271815-15"",""trade_id"":""f8e54dd7-9362-5c2f-1a4b-1d12fce88116"",""yes_price_dollars"":""0.6000""}"
KXBTC15M-26APR271815-15,a16ff3e4-d953-5fa8-2184-c3f10ab5ce64,1777327232,0.61,7.73,yes,"{""count_fp"":""7.73"",""created_time"":""2026-04-27T22:00:32.331368Z"",""no_price_dollars"":""0.3900"",""taker_side"":""yes"",""ticker"":""KXBTC15M-26APR271815-15"",""trade_id"":""a16ff3e4-d953-5fa8-2184-c3f10ab5ce64"",""yes_price_dollars"":""0.6100""}"
KXBTC15M-26APR271815-15,905545ca-f7d6-5383-364c-c5adeceb2c8f,1777327232,0.61,40.0,yes,"{""count_fp"":""40.00"",""created_time"":""2026-04-27T22:00:32.331368Z"",""no_price_dollars"":""0.3900"",""taker_side"":""yes"",""ticker"":""KXBTC15M-26APR271815-15"",""trade_id"":""905545ca-f7d6-5383-364c-c5adeceb2c8f"",""yes_price_dollars"":""0.6100""}"
KXBTC15M-26APR271815-15,47711034-6791-58f2-26c6-72cd4114757d,1777327232,0.6,40.0,yes,"{""count_fp"":""40.00"",""created_time"":""2026-04-27T22:00:32.331368Z"",""no_price_dollars"":""0.4000"",""taker_side"":""yes"",""ticker"":""KXBTC15M-26APR271815-15"",""trade_id"":""47711034-6791-58f2-26c6-72cd4114757d"",""yes_price_dollars"":""0.6000""}"
KXBTC15M-26APR271815-15,dec9062c-bb3a-5248-2bf9-584accdc28ea,1777327232,0.59,2.01,no,"{""count_fp"":""2.01"",""created_time"":""2026-04-27T22:00:32.325438Z"",""no_price_dollars"":""0.4100"",""taker_side"":""no"",""ticker"":""KXBTC15M-26APR271815-15"",""trade_id"":""dec9062c-bb3a-5248-2bf9-584accdc28ea"",""yes_price_dollars"":""0.5900""}"
KXBTC15M-26APR271815-15,6065bb4a-8eaa-71a7-1343-df368ae20742,1777327232,0.6,1.0,yes,"{""count_fp"":""1.00"",""created_time"":""2026-04-27T22:00:32.227732Z"",""no_price_dollars"":""0.4000"",""taker_side"":""yes"",""ticker"":""KXBTC15M-26APR271815-15"",""trade_id"":""6065bb4a-8eaa-71a7-1343-df368ae20742"",""yes_price_dollars"":""0.6000""}"
KXBTC15M-26APR271815-15,71387581-65da-57e7-59b9-0b46097ef506,1777327232,0.6,4.21,yes,"{""count_fp"":""4.21"",""created_time"":""2026-04-27T22:00:32.145978Z"",""no_price_dollars"":""0.4000"",""taker_side"":""yes"",""ticker"":""KXBTC15M-26APR271815-15"",""trade_id"":""71387581-65da-57e7-59b9-0b46097ef506"",""yes_price_dollars"":""0.6000""}"
KXBTC15M-26APR271815-15,3df27a98-852a-5b8b-4867-510dcca0f43a,1777327232,0.6,5.79,yes,"{""count_fp"":""5.79"",""created_time"":""2026-04-27T22:00:32.145978Z"",""no_price_dollars"":""0.4000"",""taker_side"":""yes"",""ticker"":""KXBTC15M-26APR271815-15"",""trade_id"":""3df27a98-852a-5b8b-4867-510dcca0f43a"",""yes_price_dollars"":""0.6000""}"
KXBTC15M-26APR271815-15,fdb06247-5eb6-443d-9f9b-83c0acb69c1d,1777327233,0.59,27.1,no,"{""count_fp"":""27.10"",""created_time"":""2026-04-27T22:00:33.231292Z"",""no_price_dollars"":""0.4100"",""taker_side"":""no"",""ticker"":""KXBTC15M-26APR271815-15"",""trade_id"":""fdb06247-5eb6-443d-9f9b-83c0acb69c1d"",""yes_price_dollars"":""0.5900""}"
KXBTC15M-26APR271815-15,deb95b7b-3c07-6959-0f64-c6ae935cee85,1777327233,0.62,40.0,yes,"{""count_fp"":""40.00"",""created_time"":""2026-04-27T22:00:33.101783Z"",""no_price_dollars"":""0.3800"",""taker_side"":""yes"",""ticker"":""KXBTC15M-26APR271815-15"",""trade_id"":""deb95b7b-3c07-6959-0f64-c6ae935cee85"",""yes_price_dollars"":""0.6200""}"
KXBTC15M-26APR271815-15,da602bbb-2736-61e7-1a0a-137fc635084a,1777327233,0.61,3.0,yes,"{""count_fp"":""3.00"",""created_time"":""2026-04-27T22:00:33.101783Z"",""no_price_dollars"":""0.3900"",""taker_side"":""yes"",""ticker"":""KXBTC15M-26APR271815-15"",""trade_id"":""da602bbb-2736-61e7-1a0a-137fc635084a"",""yes_price_dollars"":""0.6100""}"
KXBTC15M-26APR271815-15,8af6e3af-ac98-6e04-1a59-115894c1043b,1777327233,0.61,40.0,yes,"{""count_fp"":""40.00"",""created_time"":""2026-04-27T22:00:33.101783Z"",""no_price_dollars"":""0.3900"",""taker_side"":""yes"",""ticker"":""KXBTC15M-26APR271815-15"",""trade_id"":""8af6e3af-ac98-6e04-1a59-115894c1043b"",""yes_price_dollars"":""0.6100""}"
KXBTC15M-26APR271815-15,7efac0cd-ef6c-65ab-33bb-00d65a400f9d,1777327233,0.62,254.17,yes,"{""count_fp"":""254.17"",""created_time"":""2026-04-27T22:00:33.101783Z"",""no_price_dollars"":""0.3800"",""taker_side"":""yes"",""ticker"":""KXBTC15M-26APR271815-15"",""trade_id"":""7efac0cd-ef6c-65ab-33bb-00d65a400f9d"",""yes_price_dollars"":""0.6200""}"
KXBTC15M-26APR271815-15,7cd7f1b7-691a-6b9f-2a5d-6f2b5dd05b30,1777327233,0.61,7.73,yes,"{""count_fp"":""7.73"",""created_time"":""2026-04-27T22:00:33.101783Z"",""no_price_dollars"":""0.3900"",""taker_side"":""yes"",""ticker"":""KXBTC15M-26APR271815-15"",""trade_id"":""7cd7f1b7-691a-6b9f-2a5d-6f2b5dd05b30"",""yes_price_dollars"":""0.6100""}"
KXBTC15M-26APR271815-15,6857834e-7a64-6f3c-0b0a-94f3136dba36,1777327233,0.6,28.0,yes,"{""count_fp"":""28.00"",""created_time"":""2026-04-27T22:00:33.101783Z"",""no_price_dollars"":""0.4000"",""taker_side"":""yes"",""ticker"":""KXBTC15M-26APR271815-15"",""trade_id"":""6857834e-7a64-6f3c-0b0a-94f3136dba36"",""yes_price_dollars"":""0.6000""}"
KXBTC15M-26APR271815-15,2cbc7730-4bd3-646c-3701-b001059c01f0,1777327233,0.61,13.27,yes,"{""count_fp"":""13.27"",""created_time"":""2026-04-27T22:00:33.101783Z"",""no_price_dollars"":""0.3900"",""taker_side"":""yes"",""ticker"":""KXBTC15M-26APR271815-15"",""trade_id"":""2cbc7730-4bd3-646c-3701-b001059c01f0"",""yes_price_dollars"":""0.6100""}"
KXBTC15M-26APR271815-15,ada17522-6f30-52a8-f500-29af942d9ec6,1777327233,0.6,12.0,yes,"{""count_fp"":""12.00"",""created_time"":""2026-04-27T22:00:33.044715Z"",""no_price_dollars"":""0.4000"",""taker_side"":""yes"",""ticker"":""KXBTC15M-26APR271815-15"",""trade_id"":""ada17522-6f30-52a8-f500-29af942d9ec6"",""yes_price_dollars"":""0.6000""}"
KXBTC15M-26APR271815-15,a916522c-f07c-516e-8c82-84209ddca293,1777327234,0.59,7.96,yes,"{""count_fp"":""7.96"",""created_time"":""2026-04-27T22:00:34.740306Z"",""no_price_dollars"":""0.4100"",""taker_side"":""yes"",""ticker"":""KXBTC15M-26APR271815-15"",""trade_id"":""a916522c-f07c-516e-8c82-84209ddca293"",""yes_price_dollars"":""0.5900""}"
KXBTC15M-26APR271815-15,a1a0575a-fbba-4401-12f9-94dabffb4ea5,1777327234,0.58,4.58,no,"{""count_fp"":""4.58"",""created_time"":""2026-04-27T22:00:34.675834Z"",""no_price_dollars"":""0.4200"",""taker_side"":""no"",""ticker"":""KXBTC15M-26APR271815-15"",""trade_id"":""a1a0575a-fbba-4401-12f9-94dabffb4ea5"",""yes_price_dollars"":""0.5800""}"
KXBTC15M-26APR271815-15,b0f8d15e-d844-551e-a6e5-61b12d53676b,1777327234,0.59,1.08,yes,"{""count_fp"":""1.08"",""created_time"":""2026-04-27T22:00:34.458677Z"",""no_price_dollars"":""0.4100"",""taker_side"":""yes"",""ticker"":""KXBTC15M-26APR271815-15"",""trade_id"":""b0f8d15e-d844-551e-a6e5-61b12d53676b"",""yes_price_dollars"":""0.5900""}"
KXBTC15M-26APR271815-15,c9c58d6c-e7e2-5401-f4bf-21e58d13c341,1777327234,0.58,2.05,no,"{""count_fp"":""2.05"",""created_time"":""2026-04-27T22:00:34.433351Z"",""no_price_dollars"":""0.4200"",""taker_side"":""no"",""ticker"":""KXBTC15M-26APR271815-15"",""trade_id"":""c9c58d6c-e7e2-5401-f4bf-21e58d13c341"",""yes_price_dollars"":""0.5800""}"
KXBTC15M-26APR271815-15,ad11f3b6-f0f5-56a7-777d-4bfa789d319c,1777327234,0.58,3.65,no,"{""count_fp"":""3.65"",""created_time"":""2026-04-27T22:00:34.227691Z"",""no_price_dollars"":""0.4200"",""taker_side"":""no"",""ticker"":""KXBTC15M-26APR271815-15"",""trade_id"":""ad11f3b6-f0f5-56a7-777d-4bfa789d319c"",""yes_price_dollars"":""0.5800""}"
KXBTC15M-26APR271815-15,7b9f70bb-c85c-5066-457d-79938ef9e1be,1777327234,0.57,6.01,no,"{""count_fp"":""6.01"",""created_time"":""2026-04-27T22:00:34.227691Z"",""no_price_dollars"":""0.4300"",""taker_side"":""no"",""ticker"":""KXBTC15M-26APR271815-15"",""trade_id"":""7b9f70bb-c85c-5066-457d-79938ef9e1be"",""yes_price_dollars"":""0.5700""}"
KXBTC15M-26APR271815-15,5d81b233-1f59-75d7-2153-96a6ca225e40,1777327234,0.58,36.35,no,"{""count_fp"":""36.35"",""created_time"":""2026-04-27T22:00:34.174983Z"",""no_price_dollars"":""0.4200"",""taker_side"":""no"",""ticker"":""KXBTC15M-26APR271815-15"",""trade_id"":""5d81b233-1f59-75d7-2153-96a6ca225e40"",""yes_price_dollars"":""0.5800""}"
KXBTC15M-26APR271815-15,24897bb7-2479-787d-3b38-fe7cec74944e,1777327234,0.58,30.0,no,"{""count_fp"":""30.00"",""created_time"":""2026-04-27T22:00:34.174983Z"",""no_price_dollars"":""0.4200"",""taker_side"":""no"",""ticker"":""KXBTC15M-26APR271815-15"",""trade_id"":""24897bb7-2479-787d-3b38-fe7cec74944e"",""yes_price_dollars"":""0.5800""}"
KXBTC15M-26APR271815-15,59b93afc-42d3-6817-8fc9-e8c202066aae,1777327234,0.6,7.39,yes,"{""count_fp"":""7.39"",""created_time"":""2026-04-27T22:00:34.105489Z"",""no_price_dollars"":""0.4000"",""taker_side"":""yes"",""ticker"":""KXBTC15M-26APR271815-15"",""trade_id"":""59b93afc-42d3-6817-8fc9-e8c202066aae"",""yes_price_dollars"":""0.6000""}"
KXBTC15M-26APR271815-15,a31ab7a0-175f-420e-cc5f-2ddf4fc3bef1,1777327235,0.58,46.0,no,"{""count_fp"":""46.00"",""created_time"":""2026-04-27T22:00:35.540976Z"",""no_price_dollars"":""0.4200"",""taker_side"":""no"",""ticker"":""KXBTC15M-26APR271815-15"",""trade_id"":""a31ab7a0-175f-420e-cc5f-2ddf4fc3bef1"",""yes_price_dollars"":""0.5800""}"
KXBTC15M-26APR271815-15,bac9e411-b116-71c6-575a-f0fb86a09666,1777327235,0.58,10.0,no,"{""count_fp"":""10.00"",""created_time"":""2026-04-27T22:00:35.497927Z"",""no_price_dollars"":""0.4200"",""taker_side"":""no"",""ticker"":""KXBTC15M-26APR271815-15"",""trade_id"":""bac9e411-b116-71c6-575a-f0fb86a09666"",""yes_price_dollars"":""0.5800""}"
KXBTC15M-26APR271815-15,5c453ecd-a207-76d2-58d1-988209c09cf1,1777327235,0.58,35.12,no,"{""count_fp"":""35.12"",""created_time"":""2026-04-27T22:00:35.497927Z"",""no_price_dollars"":""0.4200"",""taker_side"":""no"",""ticker"":""KXBTC15M-26APR271815-15"",""trade_id"":""5c453ecd-a207-76d2-58d1-988209c09cf1"",""yes_price_dollars"":""0.5800""}"
KXBTC15M-26APR271815-15,5046f476-6b5a-4751-b08e-f46a0faaf20d,1777327235,0.58,16.0,no,"{""count_fp"":""16.00"",""created_time"":""2026-04-27T22:00:35.456701Z"",""no_price_dollars"":""0.4200"",""taker_side"":""no"",""ticker"":""KXBTC15M-26APR271815-15"",""trade_id"":""5046f476-6b5a-4751-b08e-f46a0faaf20d"",""yes_price_dollars"":""0.5800""}"
KXBTC15M-26APR271815-15,b38f1c62-d47a-45bd-96d3-d8cf389d2105,1777327235,0.58,10.0,no,"{""count_fp"":""10.00"",""created_time"":""2026-04-27T22:00:35.408859Z"",""no_price_dollars"":""0.4200"",""taker_side"":""no"",""ticker"":""KXBTC15M-26APR271815-15"",""trade_id"":""b38f1c62-d47a-45bd-96d3-d8cf389d2105"",""yes_price_dollars"":""0.5800""}"
KXBTC15M-26APR271815-15,0b86473d-abc4-49ba-a5bc-3b0674b5afbb,1777327235,0.59,3.29,yes,"{""count_fp"":""3.29"",""created_time"":""2026-04-27T22:00:35.327499Z"",""no_price_dollars"":""0.4100"",""taker_side"":""yes"",""ticker"":""KXBTC15M-26APR271815-15"",""trade_id"":""0b86473d-abc4-49ba-a5bc-3b0674b5afbb"",""yes_price_dollars"":""0.5900""}"
KXBTC15M-26APR271815-15,ff04cc5d-0b79-6c78-a89e-5c233ac5e469,1777327236,0.57,5.75,no,"{""count_fp"":""5.75"",""created_time"":""2026-04-27T22:00:36.579089Z"",""no_price_dollars"":""0.4300"",""taker_side"":""no"",""ticker"":""KXBTC15M-26APR271815-15"",""trade_id"":""ff04cc5d-0b79-6c78-a89e-5c233ac5e469"",""yes_price_dollars"":""0.5700""}"
KXBTC15M-26APR271815-15,2b2675e3-69e8-63c0-b78c-f1ed8053c36e,1777327236,0.57,14.25,no,"{""count_fp"":""14.25"",""created_time"":""2026-04-27T22:00:36.579089Z"",""no_price_dollars"":""0.4300"",""taker_side"":""no"",""ticker"":""KXBTC15M-26APR271815-15"",""trade_id"":""2b2675e3-69e8-63c0-b78c-f1ed8053c36e"",""yes_price_dollars"":""0.5700""}"
KXBTC15M-26APR271815-15,ef572e67-d61c-53fe-23ee-125fe2a8957b,1777327236,0.59,16.47,yes,"{""count_fp"":""16.47"",""created_time"":""2026-04-27T22:00:36.492928Z"",""no_price_dollars"":""0.4100"",""taker_side"":""yes"",""ticker"":""KXBTC15M-26APR271815-15"",""trade_id"":""ef572e67-d61c-53fe-23ee-125fe2a8957b"",""yes_price_dollars"":""0.5900""}"
KXBTC15M-26APR271815-15,863bc278-d01e-453a-b0a1-5b117c929db8,1777327236,0.57,3.0,no,"{""count_fp"":""3.00"",""created_time"":""2026-04-27T22:00:36.429425Z"",""no_price_dollars"":""0.4300"",""taker_side"":""no"",""ticker"":""KXBTC15M-26APR271815-15"",""trade_id"":""863bc278-d01e-453a-b0a1-5b117c929db8"",""yes_price_dollars"":""0.5700""}"
KXBTC15M-26APR271815-15,53207f84-db45-495c-baf4-6bda33cce729,1777327236,0.57,1.25,no,"{""count_fp"":""1.25"",""created_time"":""2026-04-27T22:00:36.429425Z"",""no_price_dollars"":""0.4300"",""taker_side"":""no"",""ticker"":""KXBTC15M-26APR271815-15"",""trade_id"":""53207f84-db45-495c-baf4-6bda33cce729"",""yes_price_dollars"":""0.5700""}"
KXBTC15M-26APR271815-15,2d17a7d6-826f-4859-844c-a6a06a348baa,1777327236,0.57,100.0,no,"{""count_fp"":""100.00"",""created_time"":""2026-04-27T22:00:36.429425Z"",""no_price_dollars"":""0.4300"",""taker_side"":""no"",""ticker"":""KXBTC15M-26APR271815-15"",""trade_id"":""2d17a7d6-826f-4859-844c-a6a06a348baa"",""yes_price_dollars"":""0.5700""}"
KXBTC15M-26APR271815-15,20498e22-f5d4-4cca-910c-d6d433432152,1777327236,0.57,7.56,no,"{""count_fp"":""7.56"",""created_time"":""2026-04-27T22:00:36.429425Z"",""no_price_dollars"":""0.4300"",""taker_side"":""no"",""ticker"":""KXBTC15M-26APR271815-15"",""trade_id"":""20498e22-f5d4-4cca-910c-d6d433432152"",""yes_price_dollars"":""0.5700""}"
