ticker,trade_id,ts,yes_price,count,taker_side,raw_json
KXBTC15M-26APR281330-30,ab53d1a7-2c13-4ed6-cf3e-9869bff5c87f,1777396501,0.52,13.0,no,"{""count_fp"":""13.00"",""created_time"":""2026-04-28T17:15:01.555664Z"",""no_price_dollars"":""0.4800"",""taker_side"":""no"",""ticker"":""KXBTC15M-26APR281330-30"",""trade_id"":""ab53d1a7-2c13-4ed6-cf3e-9869bff5c87f"",""yes_price_dollars"":""0.5200""}"
KXBTC15M-26APR281330-30,77ae90b5-212c-48ea-dc0a-38b934ffbbe0,1777396501,0.52,56.0,no,"{""count_fp"":""56.00"",""created_time"":""2026-04-28T17:15:01.555664Z"",""no_price_dollars"":""0.4800"",""taker_side"":""no"",""ticker"":""KXBTC15M-26APR281330-30"",""trade_id"":""77ae90b5-212c-48ea-dc0a-38b934ffbbe0"",""yes_price_dollars"":""0.5200""}"
KXBTC15M-26APR281330-30,6747e9f9-159e-4fdc-c40c-f2728fcab7fc,1777396501,0.5,51.0,no,"{""count_fp"":""51.00"",""created_time"":""2026-04-28T17:15:01.555664Z"",""no_price_dollars"":""0.5000"",""taker_side"":""no"",""ticker"":""KXBTC15M-26APR281330-30"",""trade_id"":""6747e9f9-159e-4fdc-c40c-f2728fcab7fc"",""yes_price_dollars"":""0.5000""}"
KXBTC15M-26APR281330-30,3326a787-0e0d-59da-805c-728e33c8ff27,1777396501,0.5,2.0,yes,"{""count_fp"":""2.00"",""created_time"":""2026-04-28T17:15:01.231253Z"",""no_price_dollars"":""0.5000"",""taker_side"":""yes"",""ticker"":""KXBTC15M-26APR281330-30"",""trade_id"":""3326a787-0e0d-59da-805c-728e33c8ff27"",""yes_price_dollars"":""0.5000""}"
KXBTC15M-26APR281330-30,8f052ff2-47cf-7751-2dc4-c96e0d51bcc1,1777396502,0.5,3.0,no,"{""count_fp"":""3.00"",""created_time"":""2026-04-28T17:15:02.949243Z"",""no_price_dollars"":""0.5000"",""taker_side"":""no"",""ticker"":""KXBTC15M-26APR281330-30"",""trade_id"":""8f052ff2-47cf-7751-2dc4-c96e0d51bcc1"",""yes_price_dollars"":""0.5000""}"
KXBTC15M-26APR281330-30,de396705-d3f9-74d6-95e1-82876cc45045,1777396504,0.55,1.0,yes,"{""count_fp"":""1.00"",""created_time"":""2026-04-28T17:15:04.091275Z"",""no_price_dollars"":""0.4500"",""taker_side"":""yes"",""ticker"":""KXBTC15M-26APR281330-30"",""trade_id"":""de396705-d3f9-74d6-95e1-82876cc45045"",""yes_price_dollars"":""0.5500""}"
KXBTC15M-26APR281330-30,d2b42d51-81ce-773e-af36-fdc46496e688,1777396504,0.55,5.0,yes,"{""count_fp"":""5.00"",""created_time"":""2026-04-28T17:15:04.091275Z"",""no_price_dollars"":""0.4500"",""taker_side"":""yes"",""ticker"":""KXBTC15M-26APR281330-30"",""trade_id"":""d2b42d51-81ce-773e-af36-fdc46496e688"",""yes_price_dollars"":""0.5500""}"
KXBTC15M-26APR281330-30,ba426e43-88ef-7206-a57a-b8290be30313,1777396504,0.56,1.0,yes,"{""count_fp"":""1.00"",""created_time"":""2026-04-28T17:15:04.091275Z"",""no_price_dollars"":""0.4400"",""taker_side"":""yes"",""ticker"":""KXBTC15M-26APR281330-30"",""trade_id"":""ba426e43-88ef-7206-a57a-b8290be30313"",""yes_price_dollars"":""0.5600""}"
KXBTC15M-26APR281330-30,b9fc6523-4cfb-7e89-a8ec-61442472737c,1777396504,0.54,1.0,yes,"{""count_fp"":""1.00"",""created_time"":""2026-04-28T17:15:04.091275Z"",""no_price_dollars"":""0.4600"",""taker_side"":""yes"",""ticker"":""KXBTC15M-26APR281330-30"",""trade_id"":""b9fc6523-4cfb-7e89-a8ec-61442472737c"",""yes_price_dollars"":""0.5400""}"
KXBTC15M-26APR281330-30,b6bb9889-5c8b-76a3-9a95-1d8ecbd38955,1777396504,0.54,16.0,yes,"{""count_fp"":""16.00"",""created_time"":""2026-04-28T17:15:04.091275Z"",""no_price_dollars"":""0.4600"",""taker_side"":""yes"",""ticker"":""KXBTC15M-26APR281330-30"",""trade_id"":""b6bb9889-5c8b-76a3-9a95-1d8ecbd38955"",""yes_price_dollars"":""0.5400""}"
KXBTC15M-26APR281330-30,aa19faa8-0c39-73a9-9d7b-797efd315e0d,1777396504,0.56,13.0,yes,"{""count_fp"":""13.00"",""created_time"":""2026-04-28T17:15:04.091275Z"",""no_price_dollars"":""0.4400"",""taker_side"":""yes"",""ticker"":""KXBTC15M-26APR281330-30"",""trade_id"":""aa19faa8-0c39-73a9-9d7b-797efd315e0d"",""yes_price_dollars"":""0.5600""}"
KXBTC15M-26APR281330-30,9e2b4556-51ae-7790-829b-2b231758acc1,1777396504,0.55,8.0,yes,"{""count_fp"":""8.00"",""created_time"":""2026-04-28T17:15:04.091275Z"",""no_price_dollars"":""0.4500"",""taker_side"":""yes"",""ticker"":""KXBTC15M-26APR281330-30"",""trade_id"":""9e2b4556-51ae-7790-829b-2b231758acc1"",""yes_price_dollars"":""0.5500""}"
KXBTC15M-26APR281330-30,93ae9084-57e2-705f-995d-3dfdcb1aa117,1777396504,0.54,6.0,yes,"{""count_fp"":""6.00"",""created_time"":""2026-04-28T17:15:04.091275Z"",""no_price_dollars"":""0.4600"",""taker_side"":""yes"",""ticker"":""KXBTC15M-26APR281330-30"",""trade_id"":""93ae9084-57e2-705f-995d-3dfdcb1aa117"",""yes_price_dollars"":""0.5400""}"
KXBTC15M-26APR281330-30,8ad62297-f1be-7b25-b52b-273a6dc50d3e,1777396504,0.54,12.0,yes,"{""count_fp"":""12.00"",""created_time"":""2026-04-28T17:15:04.091275Z"",""no_price_dollars"":""0.4600"",""taker_side"":""yes"",""ticker"":""KXBTC15M-26APR281330-30"",""trade_id"":""8ad62297-f1be-7b25-b52b-273a6dc50d3e"",""yes_price_dollars"":""0.5400""}"
KXBTC15M-26APR281330-30,88ce8f9c-bd33-71b6-9097-f78a5af1fa3c,1777396504,0.54,5.0,yes,"{""count_fp"":""5.00"",""created_time"":""2026-04-28T17:15:04.091275Z"",""no_price_dollars"":""0.4600"",""taker_side"":""yes"",""ticker"":""KXBTC15M-26APR281330-30"",""trade_id"":""88ce8f9c-bd33-71b6-9097-f78a5af1fa3c"",""yes_price_dollars"":""0.5400""}"
KXBTC15M-26APR281330-30,5863c267-47c5-7d9d-8767-756fdb952011,1777396504,0.54,1.0,yes,"{""count_fp"":""1.00"",""created_time"":""2026-04-28T17:15:04.091275Z"",""no_price_dollars"":""0.4600"",""taker_side"":""yes"",""ticker"":""KXBTC15M-26APR281330-30"",""trade_id"":""5863c267-47c5-7d9d-8767-756fdb952011"",""yes_price_dollars"":""0.5400""}"
KXBTC15M-26APR281330-30,549ca647-8a11-70b4-ae47-70dda88c96fb,1777396504,0.56,1.0,yes,"{""count_fp"":""1.00"",""created_time"":""2026-04-28T17:15:04.091275Z"",""no_price_dollars"":""0.4400"",""taker_side"":""yes"",""ticker"":""KXBTC15M-26APR281330-30"",""trade_id"":""549ca647-8a11-70b4-ae47-70dda88c96fb"",""yes_price_dollars"":""0.5600""}"
KXBTC15M-26APR281330-30,2b5b45a2-64e1-7985-89f3-001d509579db,1777396504,0.54,6.0,yes,"{""count_fp"":""6.00"",""created_time"":""2026-04-28T17:15:04.091275Z"",""no_price_dollars"":""0.4600"",""taker_side"":""yes"",""ticker"":""KXBTC15M-26APR281330-30"",""trade_id"":""2b5b45a2-64e1-7985-89f3-001d509579db"",""yes_price_dollars"":""0.5400""}"
KXBTC15M-26APR281330-30,2a868ee8-5578-7ef6-8a8e-20f800f59f34,1777396504,0.55,1.0,yes,"{""count_fp"":""1.00"",""created_time"":""2026-04-28T17:15:04.091275Z"",""no_price_dollars"":""0.4500"",""taker_side"":""yes"",""ticker"":""KXBTC15M-26APR281330-30"",""trade_id"":""2a868ee8-5578-7ef6-8a8e-20f800f59f34"",""yes_price_dollars"":""0.5500""}"
KXBTC15M-26APR281330-30,19116328-1adf-72bc-8dce-b006ad515889,1777396504,0.56,8.73,yes,"{""count_fp"":""8.73"",""created_time"":""2026-04-28T17:15:04.091275Z"",""no_price_dollars"":""0.4400"",""taker_side"":""yes"",""ticker"":""KXBTC15M-26APR281330-30"",""trade_id"":""19116328-1adf-72bc-8dce-b006ad515889"",""yes_price_dollars"":""0.5600""}"
KXBTC15M-26APR281330-30,0d0c3f5a-7346-7722-a3a0-bda0e08190a3,1777396504,0.54,12.0,yes,"{""count_fp"":""12.00"",""created_time"":""2026-04-28T17:15:04.091275Z"",""no_price_dollars"":""0.4600"",""taker_side"":""yes"",""ticker"":""KXBTC15M-26APR281330-30"",""trade_id"":""0d0c3f5a-7346-7722-a3a0-bda0e08190a3"",""yes_price_dollars"":""0.5400""}"
KXBTC15M-26APR281330-30,ff8c777f-0784-7181-280b-e8839c0f0cf7,1777396506,0.55,18.08,yes,"{""count_fp"":""18.08"",""created_time"":""2026-04-28T17:15:06.875762Z"",""no_price_dollars"":""0.4500"",""taker_side"":""yes"",""ticker"":""KXBTC15M-26APR281330-30"",""trade_id"":""ff8c777f-0784-7181-280b-e8839c0f0cf7"",""yes_price_dollars"":""0.5500""}"
KXBTC15M-26APR281330-30,b5a98c25-d393-7879-377b-dafc86232233,1777396506,0.55,16.47,yes,"{""count_fp"":""16.47"",""created_time"":""2026-04-28T17:15:06.875762Z"",""no_price_dollars"":""0.4500"",""taker_side"":""yes"",""ticker"":""KXBTC15M-26APR281330-30"",""trade_id"":""b5a98c25-d393-7879-377b-dafc86232233"",""yes_price_dollars"":""0.5500""}"
KXBTC15M-26APR281330-30,77a2bd53-15ef-4150-0906-58f23033d4c6,1777396506,0.52,4.0,no,"{""count_fp"":""4.00"",""created_time"":""2026-04-28T17:15:06.729734Z"",""no_price_dollars"":""0.4800"",""taker_side"":""no"",""ticker"":""KXBTC15M-26APR281330-30"",""trade_id"":""77a2bd53-15ef-4150-0906-58f23033d4c6"",""yes_price_dollars"":""0.5200""}"
KXBTC15M-26APR281330-30,b27755a6-d3c3-7018-2b45-a1f507efe446,1777396506,0.52,1.0,no,"{""count_fp"":""1.00"",""created_time"":""2026-04-28T17:15:06.138123Z"",""no_price_dollars"":""0.4800"",""taker_side"":""no"",""ticker"":""KXBTC15M-26APR281330-30"",""trade_id"":""b27755a6-d3c3-7018-2b45-a1f507efe446"",""yes_price_dollars"":""0.5200""}"
KXBTC15M-26APR281330-30,5d0e4f04-ccc7-7b3e-2e55-cc07f810efe6,1777396506,0.52,5.0,no,"{""count_fp"":""5.00"",""created_time"":""2026-04-28T17:15:06.138123Z"",""no_price_dollars"":""0.4800"",""taker_side"":""no"",""ticker"":""KXBTC15M-26APR281330-30"",""trade_id"":""5d0e4f04-ccc7-7b3e-2e55-cc07f810efe6"",""yes_price_dollars"":""0.5200""}"
KXBTC15M-26APR281330-30,51e22ffe-ad97-5901-6d31-4cf8bef12d2f,1777396508,0.53,56.0,yes,"{""count_fp"":""56.00"",""created_time"":""2026-04-28T17:15:08.195486Z"",""no_price_dollars"":""0.4700"",""taker_side"":""yes"",""ticker"":""KXBTC15M-26APR281330-30"",""trade_id"":""51e22ffe-ad97-5901-6d31-4cf8bef12d2f"",""yes_price_dollars"":""0.5300""}"
KXBTC15M-26APR281330-30,34e60ce5-47e2-5bef-5bd0-7ba9d7fbd9a3,1777396508,0.53,14.0,yes,"{""count_fp"":""14.00"",""created_time"":""2026-04-28T17:15:08.195486Z"",""no_price_dollars"":""0.4700"",""taker_side"":""yes"",""ticker"":""KXBTC15M-26APR281330-30"",""trade_id"":""34e60ce5-47e2-5bef-5bd0-7ba9d7fbd9a3"",""yes_price_dollars"":""0.5300""}"
KXBTC15M-26APR281330-30,280898b1-307c-5993-6844-58e19faf5620,1777396508,0.53,18.13,yes,"{""count_fp"":""18.13"",""created_time"":""2026-04-28T17:15:08.195486Z"",""no_price_dollars"":""0.4700"",""taker_side"":""yes"",""ticker"":""KXBTC15M-26APR281330-30"",""trade_id"":""280898b1-307c-5993-6844-58e19faf5620"",""yes_price_dollars"":""0.5300""}"
KXBTC15M-26APR281330-30,f7b0cd46-7d2f-65a8-8712-3950393cee30,1777396509,0.53,5.0,yes,"{""count_fp"":""5.00"",""created_time"":""2026-04-28T17:15:09.546637Z"",""no_price_dollars"":""0.4700"",""taker_side"":""yes"",""ticker"":""KXBTC15M-26APR281330-30"",""trade_id"":""f7b0cd46-7d2f-65a8-8712-3950393cee30"",""yes_price_dollars"":""0.5300""}"
KXBTC15M-26APR281330-30,1cfa6f01-be97-68ad-aaeb-8394cd983fd1,1777396509,0.54,30.25,yes,"{""count_fp"":""30.25"",""created_time"":""2026-04-28T17:15:09.546637Z"",""no_price_dollars"":""0.4600"",""taker_side"":""yes"",""ticker"":""KXBTC15M-26APR281330-30"",""trade_id"":""1cfa6f01-be97-68ad-aaeb-8394cd983fd1"",""yes_price_dollars"":""0.5400""}"
KXBTC15M-26APR281330-30,37e9acb9-8268-77fc-72f7-69b41c1ad66a,1777396509,0.55,23.13,yes,"{""count_fp"":""23.13"",""created_time"":""2026-04-28T17:15:09.515092Z"",""no_price_dollars"":""0.4500"",""taker_side"":""yes"",""ticker"":""KXBTC15M-26APR281330-30"",""trade_id"":""37e9acb9-8268-77fc-72f7-69b41c1ad66a"",""yes_price_dollars"":""0.5500""}"
KXBTC15M-26APR281330-30,278484ef-4e99-7faf-77bc-3eb2d48acd78,1777396509,0.55,65.0,yes,"{""count_fp"":""65.00"",""created_time"":""2026-04-28T17:15:09.515092Z"",""no_price_dollars"":""0.4500"",""taker_side"":""yes"",""ticker"":""KXBTC15M-26APR281330-30"",""trade_id"":""278484ef-4e99-7faf-77bc-3eb2d48acd78"",""yes_price_dollars"":""0.5500""}"
KXBTC15M-26APR281330-30,cc7fb1bb-3d29-4127-a3c1-a85cc105f703,1777396509,0.53,5.0,yes,"{""count_fp"":""5.00"",""created_time"":""2026-04-28T17:15:09.494421Z"",""no_price_dollars"":""0.4700"",""taker_side"":""yes"",""ticker"":""KXBTC15M-26APR281330-30"",""trade_id"":""cc7fb1bb-3d29-4127-a3c1-a85cc105f703"",""yes_price_dollars"":""0.5300""}"
KXBTC15M-26APR281330-30,c5526854-6f8b-4065-adb0-83fc4c372f4d,1777396509,0.53,3.81,yes,"{""count_fp"":""3.81"",""created_time"":""2026-04-28T17:15:09.494421Z"",""no_price_dollars"":""0.4700"",""taker_side"":""yes"",""ticker"":""KXBTC15M-26APR281330-30"",""trade_id"":""c5526854-6f8b-4065-adb0-83fc4c372f4d"",""yes_price_dollars"":""0.5300""}"
KXBTC15M-26APR281330-30,ff1c7376-e345-79c0-0085-5d66b2cfaabd,1777396510,0.53,38.55,no,"{""count_fp"":""38.55"",""created_time"":""2026-04-28T17:15:10.856985Z"",""no_price_dollars"":""0.4700"",""taker_side"":""no"",""ticker"":""KXBTC15M-26APR281330-30"",""trade_id"":""ff1c7376-e345-79c0-0085-5d66b2cfaabd"",""yes_price_dollars"":""0.5300""}"
KXBTC15M-26APR281330-30,97c15dfa-4a63-5b99-3f73-38f4e44b83d1,1777396510,0.54,8.94,yes,"{""count_fp"":""8.94"",""created_time"":""2026-04-28T17:15:10.704606Z"",""no_price_dollars"":""0.4600"",""taker_side"":""yes"",""ticker"":""KXBTC15M-26APR281330-30"",""trade_id"":""97c15dfa-4a63-5b99-3f73-38f4e44b83d1"",""yes_price_dollars"":""0.5400""}"
KXBTC15M-26APR281330-30,5f0515a1-caa5-7b54-c103-1d7693de4ca9,1777396510,0.53,9.85,no,"{""count_fp"":""9.85"",""created_time"":""2026-04-28T17:15:10.568158Z"",""no_price_dollars"":""0.4700"",""taker_side"":""no"",""ticker"":""KXBTC15M-26APR281330-30"",""trade_id"":""5f0515a1-caa5-7b54-c103-1d7693de4ca9"",""yes_price_dollars"":""0.5300""}"
KXBTC15M-26APR281330-30,aaec0043-e78b-5e19-10ea-d66f6b8fae5e,1777396510,0.53,40.0,no,"{""count_fp"":""40.00"",""created_time"":""2026-04-28T17:15:10.302996Z"",""no_price_dollars"":""0.4700"",""taker_side"":""no"",""ticker"":""KXBTC15M-26APR281330-30"",""trade_id"":""aaec0043-e78b-5e19-10ea-d66f6b8fae5e"",""yes_price_dollars"":""0.5300""}"
KXBTC15M-26APR281330-30,83d0f41c-80f4-5c03-2b40-b6baffb03f1b,1777396510,0.52,40.0,no,"{""count_fp"":""40.00"",""created_time"":""2026-04-28T17:15:10.302996Z"",""no_price_dollars"":""0.4800"",""taker_side"":""no"",""ticker"":""KXBTC15M-26APR281330-30"",""trade_id"":""83d0f41c-80f4-5c03-2b40-b6baffb03f1b"",""yes_price_dollars"":""0.5200""}"
KXBTC15M-26APR281330-30,3312ff93-916f-575d-043b-74c27940d06a,1777396510,0.51,4.38,no,"{""count_fp"":""4.38"",""created_time"":""2026-04-28T17:15:10.302996Z"",""no_price_dollars"":""0.4900"",""taker_side"":""no"",""ticker"":""KXBTC15M-26APR281330-30"",""trade_id"":""3312ff93-916f-575d-043b-74c27940d06a"",""yes_price_dollars"":""0.5100""}"
KXBTC15M-26APR281330-30,262e64a6-4d72-56ed-3ba3-9203283c180a,1777396510,0.51,10.0,no,"{""count_fp"":""10.00"",""created_time"":""2026-04-28T17:15:10.302996Z"",""no_price_dollars"":""0.4900"",""taker_side"":""no"",""ticker"":""KXBTC15M-26APR281330-30"",""trade_id"":""262e64a6-4d72-56ed-3ba3-9203283c180a"",""yes_price_dollars"":""0.5100""}"
KXBTC15M-26APR281330-30,c2bbbc5c-389c-769a-9c2d-15b4d2982ccd,1777396511,0.54,1.87,no,"{""count_fp"":""1.87"",""created_time"":""2026-04-28T17:15:11.711575Z"",""no_price_dollars"":""0.4600"",""taker_side"":""no"",""ticker"":""KXBTC15M-26APR281330-30"",""trade_id"":""c2bbbc5c-389c-769a-9c2d-15b4d2982ccd"",""yes_price_dollars"":""0.5400""}"
KXBTC15M-26APR281330-30,42f9f26a-423d-7f3c-a71c-c85cb7e2fc6d,1777396511,0.53,4.04,no,"{""count_fp"":""4.04"",""created_time"":""2026-04-28T17:15:11.711575Z"",""no_price_dollars"":""0.4700"",""taker_side"":""no"",""ticker"":""KXBTC15M-26APR281330-30"",""trade_id"":""42f9f26a-423d-7f3c-a71c-c85cb7e2fc6d"",""yes_price_dollars"":""0.5300""}"
KXBTC15M-26APR281330-30,9dd23aa2-3a4c-7baa-020c-395dad51f605,1777396511,0.54,38.13,no,"{""count_fp"":""38.13"",""created_time"":""2026-04-28T17:15:11.230808Z"",""no_price_dollars"":""0.4600"",""taker_side"":""no"",""ticker"":""KXBTC15M-26APR281330-30"",""trade_id"":""9dd23aa2-3a4c-7baa-020c-395dad51f605"",""yes_price_dollars"":""0.5400""}"
KXBTC15M-26APR281330-30,53032bf5-fbb5-6874-1c24-1199aa417679,1777396512,0.53,18.48,no,"{""count_fp"":""18.48"",""created_time"":""2026-04-28T17:15:12.989135Z"",""no_price_dollars"":""0.4700"",""taker_side"":""no"",""ticker"":""KXBTC15M-26APR281330-30"",""trade_id"":""53032bf5-fbb5-6874-1c24-1199aa417679"",""yes_price_dollars"":""0.5300""}"
KXBTC15M-26APR281330-30,29e6dbaa-0a1a-783f-5892-753a98bf9db7,1777396512,0.54,4.4,yes,"{""count_fp"":""4.40"",""created_time"":""2026-04-28T17:15:12.897472Z"",""no_price_dollars"":""0.4600"",""taker_side"":""yes"",""ticker"":""KXBTC15M-26APR281330-30"",""trade_id"":""29e6dbaa-0a1a-783f-5892-753a98bf9db7"",""yes_price_dollars"":""0.5400""}"
KXBTC15M-26APR281330-30,f2eac29e-8d62-55bf-0d47-3fe866b33e87,1777396512,0.54,0.97,yes,"{""count_fp"":""0.97"",""created_time"":""2026-04-28T17:15:12.756831Z"",""no_price_dollars"":""0.4600"",""taker_side"":""yes"",""ticker"":""KXBTC15M-26APR281330-30"",""trade_id"":""f2eac29e-8d62-55bf-0d47-3fe866b33e87"",""yes_price_dollars"":""0.5400""}"
KXBTC15M-26APR281330-30,0ebf654e-d387-5a07-23d9-f3f9484bf9e4,1777396512,0.54,1.0,yes,"{""count_fp"":""1.00"",""created_time"":""2026-04-28T17:15:12.756831Z"",""no_price_dollars"":""0.4600"",""taker_side"":""yes"",""ticker"":""KXBTC15M-26APR281330-30"",""trade_id"":""0ebf654e-d387-5a07-23d9-f3f9484bf9e4"",""yes_price_dollars"":""0.5400""}"
KXBTC15M-26APR281330-30,f120b516-3f30-6fbf-5f98-41864134cda3,1777396513,0.53,1.39,no,"{""count_fp"":""1.39"",""created_time"":""2026-04-28T17:15:13.868728Z"",""no_price_dollars"":""0.4700"",""taker_side"":""no"",""ticker"":""KXBTC15M-26APR281330-30"",""trade_id"":""f120b516-3f30-6fbf-5f98-41864134cda3"",""yes_price_dollars"":""0.5300""}"
KXBTC15M-26APR281330-30,cbbf5773-8550-640d-7b92-efa8ffaca706,1777396513,0.53,29.38,no,"{""count_fp"":""29.38"",""created_time"":""2026-04-28T17:15:13.868728Z"",""no_price_dollars"":""0.4700"",""taker_side"":""no"",""ticker"":""KXBTC15M-26APR281330-30"",""trade_id"":""cbbf5773-8550-640d-7b92-efa8ffaca706"",""yes_price_dollars"":""0.5300""}"
KXBTC15M-26APR281330-30,f4f57539-f1ea-5e49-3b45-24c46668bd43,1777396513,0.54,20.0,yes,"{""count_fp"":""20.00"",""created_time"":""2026-04-28T17:15:13.809326Z"",""no_price_dollars"":""0.4600"",""taker_side"":""yes"",""ticker"":""KXBTC15M-26APR281330-30"",""trade_id"":""f4f57539-f1ea-5e49-3b45-24c46668bd43"",""yes_price_dollars"":""0.5400""}"
KXBTC15M-26APR281330-30,fab56ffa-4a7c-505b-b184-bc05f2dbc48b,1777396513,0.53,10.25,no,"{""count_fp"":""10.25"",""created_time"":""2026-04-28T17:15:13.671399Z"",""no_price_dollars"":""0.4700"",""taker_side"":""no"",""ticker"":""KXBTC15M-26APR281330-30"",""trade_id"":""fab56ffa-4a7c-505b-b184-bc05f2dbc48b"",""yes_price_dollars"":""0.5300""}"
KXBTC15M-26APR281330-30,ad86d613-4382-7e99-6112-07cce2aad1ab,1777396513,0.54,25.67,yes,"{""count_fp"":""25.67"",""created_time"":""2026-04-28T17:15:13.554076Z"",""no_price_dollars"":""0.4600"",""taker_side"":""yes"",""ticker"":""KXBTC15M-26APR281330-30"",""trade_id"":""ad86d613-4382-7e99-6112-07cce2aad1ab"",""yes_price_dollars"":""0.5400""}"
KXBTC15M-26APR281330-30,d2babaca-0d05-4ec4-126e-9ea426f2d225,1777396513,0.53,12.67,no,"{""count_fp"":""12.67"",""created_time"":""2026-04-28T17:15:13.547762Z"",""no_price_dollars"":""0.4700"",""taker_side"":""no"",""ticker"":""KXBTC15M-26APR281330-30"",""trade_id"":""d2babaca-0d05-4ec4-126e-9ea426f2d225"",""yes_price_dollars"":""0.5300""}"
KXBTC15M-26APR281330-30,9c20738f-fc30-4073-201f-ff2647898abf,1777396513,0.53,28.36,no,"{""count_fp"":""28.36"",""created_time"":""2026-04-28T17:15:13.547762Z"",""no_price_dollars"":""0.4700"",""taker_side"":""no"",""ticker"":""KXBTC15M-26APR281330-30"",""trade_id"":""9c20738f-fc30-4073-201f-ff2647898abf"",""yes_price_dollars"":""0.5300""}"
KXBTC15M-26APR281330-30,7ff8053c-8545-6990-055b-0ef7d4d0f76d,1777396513,0.53,2.05,no,"{""count_fp"":""2.05"",""created_time"":""2026-04-28T17:15:13.455304Z"",""no_price_dollars"":""0.4700"",""taker_side"":""no"",""ticker"":""KXBTC15M-26APR281330-30"",""trade_id"":""7ff8053c-8545-6990-055b-0ef7d4d0f76d"",""yes_price_dollars"":""0.5300""}"
KXBTC15M-26APR281330-30,fdaa1486-be22-6be7-9616-2b33915df98b,1777396513,0.54,3.0,yes,"{""count_fp"":""3.00"",""created_time"":""2026-04-28T17:15:13.173397Z"",""no_price_dollars"":""0.4600"",""taker_side"":""yes"",""ticker"":""KXBTC15M-26APR281330-30"",""trade_id"":""fdaa1486-be22-6be7-9616-2b33915df98b"",""yes_price_dollars"":""0.5400""}"
KXBTC15M-26APR281330-30,dd27283b-8e42-6b35-ae79-b4cebbf89c5b,1777396513,0.54,7.88,yes,"{""count_fp"":""7.88"",""created_time"":""2026-04-28T17:15:13.173397Z"",""no_price_dollars"":""0.4600"",""taker_side"":""yes"",""ticker"":""KXBTC15M-26APR281330-30"",""trade_id"":""dd27283b-8e42-6b35-ae79-b4cebbf89c5b"",""yes_price_dollars"":""0.5400""}"
KXBTC15M-26APR281330-30,12a345e1-b646-67e3-8090-59dc65bb893b,1777396513,0.54,6.74,yes,"{""count_fp"":""6.74"",""created_time"":""2026-04-28T17:15:13.173397Z"",""no_price_dollars"":""0.4600"",""taker_side"":""yes"",""ticker"":""KXBTC15M-26APR281330-30"",""trade_id"":""12a345e1-b646-67e3-8090-59dc65bb893b"",""yes_price_dollars"":""0.5400""}"
KXBTC15M-26APR281330-30,27ff4fd1-ea0e-65d9-441f-65eef756d1e7,1777396514,0.54,44.85,yes,"{""count_fp"":""44.85"",""created_time"":""2026-04-28T17:15:14.356391Z"",""no_price_dollars"":""0.4600"",""taker_side"":""yes"",""ticker"":""KXBTC15M-26APR281330-30"",""trade_id"":""27ff4fd1-ea0e-65d9-441f-65eef756d1e7"",""yes_price_dollars"":""0.5400""}"
KXBTC15M-26APR281330-30,8cb4bc20-4af6-580d-7712-b8cd0bbf5523,1777396514,0.54,12.55,yes,"{""count_fp"":""12.55"",""created_time"":""2026-04-28T17:15:14.332475Z"",""no_price_dollars"":""0.4600"",""taker_side"":""yes"",""ticker"":""KXBTC15M-26APR281330-30"",""trade_id"":""8cb4bc20-4af6-580d-7712-b8cd0bbf5523"",""yes_price_dollars"":""0.5400""}"
KXBTC15M-26APR281330-30,f4bf6806-0b5f-77b5-c04d-42a5ffff18a1,1777396514,0.53,40.0,no,"{""count_fp"":""40.00"",""created_time"":""2026-04-28T17:15:14.325961Z"",""no_price_dollars"":""0.4700"",""taker_side"":""no"",""ticker"":""KXBTC15M-26APR281330-30"",""trade_id"":""f4bf6806-0b5f-77b5-c04d-42a5ffff18a1"",""yes_price_dollars"":""0.5300""}"
KXBTC15M-26APR281330-30,ce2614de-2997-79d9-e9a8-6fd2c44b79ba,1777396514,0.51,35.62,no,"{""count_fp"":""35.62"",""created_time"":""2026-04-28T17:15:14.325961Z"",""no_price_dollars"":""0.4900"",""taker_side"":""no"",""ticker"":""KXBTC15M-26APR281330-30"",""trade_id"":""ce2614de-2997-79d9-e9a8-6fd2c44b79ba"",""yes_price_dollars"":""0.5100""}"
KXBTC15M-26APR281330-30,5b32c156-3910-7c22-e8cb-2da05cb76b89,1777396514,0.52,40.0,no,"{""count_fp"":""40.00"",""created_time"":""2026-04-28T17:15:14.325961Z"",""no_price_dollars"":""0.4800"",""taker_side"":""no"",""ticker"":""KXBTC15M-26APR281330-30"",""trade_id"":""5b32c156-3910-7c22-e8cb-2da05cb76b89"",""yes_price_dollars"":""0.5200""}"
KXBTC15M-26APR281330-30,4aaf1577-4614-751d-daf4-5e5d274350ce,1777396514,0.53,83.62,no,"{""count_fp"":""83.62"",""created_time"":""2026-04-28T17:15:14.325961Z"",""no_price_dollars"":""0.4700"",""taker_side"":""no"",""ticker"":""KXBTC15M-26APR281330-30"",""trade_id"":""4aaf1577-4614-751d-daf4-5e5d274350ce"",""yes_price_dollars"":""0.5300""}"
KXBTC15M-26APR281330-30,2367b1fb-3434-7978-c6a5-7db206971e35,1777396514,0.51,134.58,no,"{""count_fp"":""134.58"",""created_time"":""2026-04-28T17:15:14.325961Z"",""no_price_dollars"":""0.4900"",""taker_side"":""no"",""ticker"":""KXBTC15M-26APR281330-30"",""trade_id"":""2367b1fb-3434-7978-c6a5-7db206971e35"",""yes_price_dollars"":""0.5100""}"
KXBTC15M-26APR281330-30,c3f75bca-2de2-796d-161e-f5a5db7a5537,1777396515,0.54,43.05,yes,"{""count_fp"":""43.05"",""created_time"":""2026-04-28T17:15:15.781294Z"",""no_price_dollars"":""0.4600"",""taker_side"":""yes"",""ticker"":""KXBTC15M-26APR281330-30"",""trade_id"":""c3f75bca-2de2-796d-161e-f5a5db7a5537"",""yes_price_dollars"":""0.5400""}"
KXBTC15M-26APR281330-30,eb38fc93-de5e-5f41-6a47-43a67bc9c047,1777396516,0.53,10.0,yes,"{""count_fp"":""10.00"",""created_time"":""2026-04-28T17:15:16.583506Z"",""no_price_dollars"":""0.4700"",""taker_side"":""yes"",""ticker"":""KXBTC15M-26APR281330-30"",""trade_id"":""eb38fc93-de5e-5f41-6a47-43a67bc9c047"",""yes_price_dollars"":""0.5300""}"
KXBTC15M-26APR281330-30,3ddc04cf-20c7-4881-1c5d-200b722f20a5,1777396516,0.53,3.0,yes,"{""count_fp"":""3.00"",""created_time"":""2026-04-28T17:15:16.565056Z"",""no_price_dollars"":""0.4700"",""taker_side"":""yes"",""ticker"":""KXBTC15M-26APR281330-30"",""trade_id"":""3ddc04cf-20c7-4881-1c5d-200b722f20a5"",""yes_price_dollars"":""0.5300""}"
KXBTC15M-26APR281330-30,13e3d745-d57e-4549-0643-0fe01121393f,1777396516,0.53,5.0,yes,"{""count_fp"":""5.00"",""created_time"":""2026-04-28T17:15:16.565056Z"",""no_price_dollars"":""0.4700"",""taker_side"":""yes"",""ticker"":""KXBTC15M-26APR281330-30"",""trade_id"":""13e3d745-d57e-4549-0643-0fe01121393f"",""yes_price_dollars"":""0.5300""}"
KXBTC15M-26APR281330-30,028f718a-3798-584a-76ac-628215c8821b,1777396516,0.52,3.93,no,"{""count_fp"":""3.93"",""created_time"":""2026-04-28T17:15:16.330052Z"",""no_price_dollars"":""0.4800"",""taker_side"":""no"",""ticker"":""KXBTC15M-26APR281330-30"",""trade_id"":""028f718a-3798-584a-76ac-628215c8821b"",""yes_price_dollars"":""0.5200""}"
KXBTC15M-26APR281330-30,ab487ef2-7ec0-5296-3a0e-eb648b8dc927,1777396517,0.52,4.01,no,"{""count_fp"":""4.01"",""created_time"":""2026-04-28T17:15:17.569052Z"",""no_price_dollars"":""0.4800"",""taker_side"":""no"",""ticker"":""KXBTC15M-26APR281330-30"",""trade_id"":""ab487ef2-7ec0-5296-3a0e-eb648b8dc927"",""yes_price_dollars"":""0.5200""}"
KXBTC15M-26APR281330-30,3354a711-a11e-7539-e2e6-ac6e422570df,1777396517,0.53,300.0,yes,"{""count_fp"":""300.00"",""created_time"":""2026-04-28T17:15:17.302697Z"",""no_price_dollars"":""0.4700"",""taker_side"":""yes"",""ticker"":""KXBTC15M-26APR281330-30"",""trade_id"":""3354a711-a11e-7539-e2e6-ac6e422570df"",""yes_price_dollars"":""0.5300""}"
KXBTC15M-26APR281330-30,f0c3b19a-4bea-6b91-be45-2ab26ae750df,1777396517,0.53,91.49,yes,"{""count_fp"":""91.49"",""created_time"":""2026-04-28T17:15:17.217351Z"",""no_price_dollars"":""0.4700"",""taker_side"":""yes"",""ticker"":""KXBTC15M-26APR281330-30"",""trade_id"":""f0c3b19a-4bea-6b91-be45-2ab26ae750df"",""yes_price_dollars"":""0.5300""}"
KXBTC15M-26APR281330-30,4f73102b-b2c9-7b3e-f3a2-b2339305b666,1777396518,0.52,3.57,yes,"{""count_fp"":""3.57"",""created_time"":""2026-04-28T17:15:18.798319Z"",""no_price_dollars"":""0.4800"",""taker_side"":""yes"",""ticker"":""KXBTC15M-26APR281330-30"",""trade_id"":""4f73102b-b2c9-7b3e-f3a2-b2339305b666"",""yes_price_dollars"":""0.5200""}"
KXBTC15M-26APR281330-30,c37afae6-7555-519e-91fc-5acd6bcf15f2,1777396518,0.52,17.94,yes,"{""count_fp"":""17.94"",""created_time"":""2026-04-28T17:15:18.726608Z"",""no_price_dollars"":""0.4800"",""taker_side"":""yes"",""ticker"":""KXBTC15M-26APR281330-30"",""trade_id"":""c37afae6-7555-519e-91fc-5acd6bcf15f2"",""yes_price_dollars"":""0.5200""}"
KXBTC15M-26APR281330-30,c0979056-a081-4c2a-dd9b-0af2e294ab3e,1777396518,0.51,35.51,yes,"{""count_fp"":""35.51"",""created_time"":""2026-04-28T17:15:18.513064Z"",""no_price_dollars"":""0.4900"",""taker_side"":""yes"",""ticker"":""KXBTC15M-26APR281330-30"",""trade_id"":""c0979056-a081-4c2a-dd9b-0af2e294ab3e"",""yes_price_dollars"":""0.5100""}"
KXBTC15M-26APR281330-30,a5099a87-1fb3-7c93-3002-72fb8d1f3408,1777396518,0.5,10.0,no,"{""count_fp"":""10.00"",""created_time"":""2026-04-28T17:15:18.459272Z"",""no_price_dollars"":""0.5000"",""taker_side"":""no"",""ticker"":""KXBTC15M-26APR281330-30"",""trade_id"":""a5099a87-1fb3-7c93-3002-72fb8d1f3408"",""yes_price_dollars"":""0.5000""}"
KXBTC15M-26APR281330-30,3b29ed46-549f-712a-272b-ffbf02c36b85,1777396518,0.5,5.0,no,"{""count_fp"":""5.00"",""created_time"":""2026-04-28T17:15:18.459272Z"",""no_price_dollars"":""0.5000"",""taker_side"":""no"",""ticker"":""KXBTC15M-26APR281330-30"",""trade_id"":""3b29ed46-549f-712a-272b-ffbf02c36b85"",""yes_price_dollars"":""0.5000""}"
KXBTC15M-26APR281330-30,36b37cfb-54e3-7dcd-2893-cf6e1d8309d8,1777396518,0.5,10.28,no,"{""count_fp"":""10.28"",""created_time"":""2026-04-28T17:15:18.459272Z"",""no_price_dollars"":""0.5000"",""taker_side"":""no"",""ticker"":""KXBTC15M-26APR281330-30"",""trade_id"":""36b37cfb-54e3-7dcd-2893-cf6e1d8309d8"",""yes_price_dollars"":""0.5000""}"
KXBTC15M-26APR281330-30,688e9024-2a2d-64de-4d35-0579bfa129ee,1777396518,0.51,30.79,yes,"{""count_fp"":""30.79"",""created_time"":""2026-04-28T17:15:18.289293Z"",""no_price_dollars"":""0.4900"",""taker_side"":""yes"",""ticker"":""KXBTC15M-26APR281330-30"",""trade_id"":""688e9024-2a2d-64de-4d35-0579bfa129ee"",""yes_price_dollars"":""0.5100""}"
KXBTC15M-26APR281330-30,1ba4b6ec-fbe9-7fb6-bff6-6cedcd9c86c2,1777396518,0.51,20.29,yes,"{""count_fp"":""20.29"",""created_time"":""2026-04-28T17:15:18.274114Z"",""no_price_dollars"":""0.4900"",""taker_side"":""yes"",""ticker"":""KXBTC15M-26APR281330-30"",""trade_id"":""1ba4b6ec-fbe9-7fb6-bff6-6cedcd9c86c2"",""yes_price_dollars"":""0.5100""}"
KXBTC15M-26APR281330-30,4887b610-042d-4f0e-0ba6-b98419de3a3e,1777396518,0.51,5.48,yes,"{""count_fp"":""5.48"",""created_time"":""2026-04-28T17:15:18.039965Z"",""no_price_dollars"":""0.4900"",""taker_side"":""yes"",""ticker"":""KXBTC15M-26APR281330-30"",""trade_id"":""4887b610-042d-4f0e-0ba6-b98419de3a3e"",""yes_price_dollars"":""0.5100""}"
KXBTC15M-26APR281330-30,950ee396-518c-585c-50d7-eed2a5092e90,1777396518,0.51,40.0,yes,"{""count_fp"":""40.00"",""created_time"":""2026-04-28T17:15:18.032218Z"",""no_price_dollars"":""0.4900"",""taker_side"":""yes"",""ticker"":""KXBTC15M-26APR281330-30"",""trade_id"":""950ee396-518c-585c-50d7-eed2a5092e90"",""yes_price_dollars"":""0.5100""}"
KXBTC15M-26APR281330-30,8036af3c-7ef1-5eaa-5aa2-3fbe45ecde1c,1777396518,0.51,3.0,yes,"{""count_fp"":""3.00"",""created_time"":""2026-04-28T17:15:18.032218Z"",""no_price_dollars"":""0.4900"",""taker_side"":""yes"",""ticker"":""KXBTC15M-26APR281330-30"",""trade_id"":""8036af3c-7ef1-5eaa-5aa2-3fbe45ecde1c"",""yes_price_dollars"":""0.5100""}"
KXBTC15M-26APR281330-30,2ef7289d-6871-52d6-70a4-472d70417b42,1777396518,0.51,139.66,yes,"{""count_fp"":""139.66"",""created_time"":""2026-04-28T17:15:18.032218Z"",""no_price_dollars"":""0.4900"",""taker_side"":""yes"",""ticker"":""KXBTC15M-26APR281330-30"",""trade_id"":""2ef7289d-6871-52d6-70a4-472d70417b42"",""yes_price_dollars"":""0.5100""}"
KXBTC15M-26APR281330-30,6ec6d6ba-32b3-6873-4a51-4dbcb2477d1f,1777396519,0.51,1.0,no,"{""count_fp"":""1.00"",""created_time"":""2026-04-28T17:15:19.967731Z"",""no_price_dollars"":""0.4900"",""taker_side"":""no"",""ticker"":""KXBTC15M-26APR281330-30"",""trade_id"":""6ec6d6ba-32b3-6873-4a51-4dbcb2477d1f"",""yes_price_dollars"":""0.5100""}"
KXBTC15M-26APR281330-30,d72775a6-9e47-6923-dc21-79a5a487cc1f,1777396519,0.51,54.0,no,"{""count_fp"":""54.00"",""created_time"":""2026-04-28T17:15:19.868088Z"",""no_price_dollars"":""0.4900"",""taker_side"":""no"",""ticker"":""KXBTC15M-26APR281330-30"",""trade_id"":""d72775a6-9e47-6923-dc21-79a5a487cc1f"",""yes_price_dollars"":""0.5100""}"
KXBTC15M-26APR281330-30,12f8eb17-3f33-7c53-a0fe-22683e131cfc,1777396519,0.52,3.86,no,"{""count_fp"":""3.86"",""created_time"":""2026-04-28T17:15:19.452613Z"",""no_price_dollars"":""0.4800"",""taker_side"":""no"",""ticker"":""KXBTC15M-26APR281330-30"",""trade_id"":""12f8eb17-3f33-7c53-a0fe-22683e131cfc"",""yes_price_dollars"":""0.5200""}"
KXBTC15M-26APR281330-30,f932f9a6-9088-5785-a798-d0c70bfc2793,1777396519,0.52,5.0,yes,"{""count_fp"":""5.00"",""created_time"":""2026-04-28T17:15:19.310836Z"",""no_price_dollars"":""0.4800"",""taker_side"":""yes"",""ticker"":""KXBTC15M-26APR281330-30"",""trade_id"":""f932f9a6-9088-5785-a798-d0c70bfc2793"",""yes_price_dollars"":""0.5200""}"
KXBTC15M-26APR281330-30,40aaecc0-5917-5ab5-9c8d-d65afe9b326d,1777396519,0.52,10.0,yes,"{""count_fp"":""10.00"",""created_time"":""2026-04-28T17:15:19.310836Z"",""no_price_dollars"":""0.4800"",""taker_side"":""yes"",""ticker"":""KXBTC15M-26APR281330-30"",""trade_id"":""40aaecc0-5917-5ab5-9c8d-d65afe9b326d"",""yes_price_dollars"":""0.5200""}"
KXBTC15M-26APR281330-30,1cee89d6-97b9-5995-8e57-a4ba2d4668a9,1777396519,0.52,3.0,yes,"{""count_fp"":""3.00"",""created_time"":""2026-04-28T17:15:19.310836Z"",""no_price_dollars"":""0.4800"",""taker_side"":""yes"",""ticker"":""KXBTC15M-26APR281330-30"",""trade_id"":""1cee89d6-97b9-5995-8e57-a4ba2d4668a9"",""yes_price_dollars"":""0.5200""}"
KXBTC15M-26APR281330-30,e801a3ab-711d-71be-79e5-616f1f201efa,1777396519,0.52,25.21,yes,"{""count_fp"":""25.21"",""created_time"":""2026-04-28T17:15:19.228785Z"",""no_price_dollars"":""0.4800"",""taker_side"":""yes"",""ticker"":""KXBTC15M-26APR281330-30"",""trade_id"":""e801a3ab-711d-71be-79e5-616f1f201efa"",""yes_price_dollars"":""0.5200""}"
KXBTC15M-26APR281330-30,fabde921-5519-761a-3818-3468fb304dc2,1777396520,0.52,2.79,yes,"{""count_fp"":""2.79"",""created_time"":""2026-04-28T17:15:20.940781Z"",""no_price_dollars"":""0.4800"",""taker_side"":""yes"",""ticker"":""KXBTC15M-26APR281330-30"",""trade_id"":""fabde921-5519-761a-3818-3468fb304dc2"",""yes_price_dollars"":""0.5200""}"
KXBTC15M-26APR281330-30,0c4aae99-765d-5cf2-36f6-53ed65fed35e,1777396520,0.52,1.0,yes,"{""count_fp"":""1.00"",""created_time"":""2026-04-28T17:15:20.399269Z"",""no_price_dollars"":""0.4800"",""taker_side"":""yes"",""ticker"":""KXBTC15M-26APR281330-30"",""trade_id"":""0c4aae99-765d-5cf2-36f6-53ed65fed35e"",""yes_price_dollars"":""0.5200""}"
KXBTC15M-26APR281330-30,b51a5129-b9ed-4cc2-f6c4-0caeb3b4e222,1777396521,0.52,13.7,yes,"{""count_fp"":""13.70"",""created_time"":""2026-04-28T17:15:21.256103Z"",""no_price_dollars"":""0.4800"",""taker_side"":""yes"",""ticker"":""KXBTC15M-26APR281330-30"",""trade_id"":""b51a5129-b9ed-4cc2-f6c4-0caeb3b4e222"",""yes_price_dollars"":""0.5200""}"
KXBTC15M-26APR281330-30,6dc66dcd-6fd5-7602-a05e-80cd553b60ce,1777396521,0.52,0.4,yes,"{""count_fp"":""0.40"",""created_time"":""2026-04-28T17:15:21.043415Z"",""no_price_dollars"":""0.4800"",""taker_side"":""yes"",""ticker"":""KXBTC15M-26APR281330-30"",""trade_id"":""6dc66dcd-6fd5-7602-a05e-80cd553b60ce"",""yes_price_dollars"":""0.5200""}"
KXBTC15M-26APR281330-30,f08c3910-cc07-4552-e189-a66ffdcd6c07,1777396522,0.5,169.07,no,"{""count_fp"":""169.07"",""created_time"":""2026-04-28T17:15:22.884541Z"",""no_price_dollars"":""0.5000"",""taker_side"":""no"",""ticker"":""KXBTC15M-26APR281330-30"",""trade_id"":""f08c3910-cc07-4552-e189-a66ffdcd6c07"",""yes_price_dollars"":""0.5000""}"
KXBTC15M-26APR281330-30,706abfbe-eaab-583a-43ba-13050b09cb9b,1777396522,0.5,1.27,no,"{""count_fp"":""1.27"",""created_time"":""2026-04-28T17:15:22.780492Z"",""no_price_dollars"":""0.5000"",""taker_side"":""no"",""ticker"":""KXBTC15M-26APR281330-30"",""trade_id"":""706abfbe-eaab-583a-43ba-13050b09cb9b"",""yes_price_dollars"":""0.5000""}"
KXBTC15M-26APR281330-30,fcf0d338-e08e-6e7f-3071-66522983c23f,1777396522,0.51,1.13,no,"{""count_fp"":""1.13"",""created_time"":""2026-04-28T17:15:22.495077Z"",""no_price_dollars"":""0.4900"",""taker_side"":""no"",""ticker"":""KXBTC15M-26APR281330-30"",""trade_id"":""fcf0d338-e08e-6e7f-3071-66522983c23f"",""yes_price_dollars"":""0.5100""}"
KXBTC15M-26APR281330-30,b66abc0f-390e-6913-0579-3591e45c1a13,1777396522,0.51,15.6,no,"{""count_fp"":""15.60"",""created_time"":""2026-04-28T17:15:22.495077Z"",""no_price_dollars"":""0.4900"",""taker_side"":""no"",""ticker"":""KXBTC15M-26APR281330-30"",""trade_id"":""b66abc0f-390e-6913-0579-3591e45c1a13"",""yes_price_dollars"":""0.5100""}"
KXBTC15M-26APR281330-30,a5c48d7b-b54b-699b-0421-c49523694e8c,1777396522,0.51,10.0,no,"{""count_fp"":""10.00"",""created_time"":""2026-04-28T17:15:22.495077Z"",""no_price_dollars"":""0.4900"",""taker_side"":""no"",""ticker"":""KXBTC15M-26APR281330-30"",""trade_id"":""a5c48d7b-b54b-699b-0421-c49523694e8c"",""yes_price_dollars"":""0.5100""}"
KXBTC15M-26APR281330-30,3c68ecd2-8703-6ab9-205e-5325c5a225ec,1777396522,0.5,29.72,no,"{""count_fp"":""29.72"",""created_time"":""2026-04-28T17:15:22.495077Z"",""no_price_dollars"":""0.5000"",""taker_side"":""no"",""ticker"":""KXBTC15M-26APR281330-30"",""trade_id"":""3c68ecd2-8703-6ab9-205e-5325c5a225ec"",""yes_price_dollars"":""0.5000""}"
KXBTC15M-26APR281330-30,0cc7c21d-ea03-6e92-1056-d623ca237353,1777396522,0.5,39.16,no,"{""count_fp"":""39.16"",""created_time"":""2026-04-28T17:15:22.495077Z"",""no_price_dollars"":""0.5000"",""taker_side"":""no"",""ticker"":""KXBTC15M-26APR281330-30"",""trade_id"":""0cc7c21d-ea03-6e92-1056-d623ca237353"",""yes_price_dollars"":""0.5000""}"
KXBTC15M-26APR281330-30,3e461ac0-6b2d-59f2-2bf9-492dc360266a,1777396522,0.52,26.04,yes,"{""count_fp"":""26.04"",""created_time"":""2026-04-28T17:15:22.350963Z"",""no_price_dollars"":""0.4800"",""taker_side"":""yes"",""ticker"":""KXBTC15M-26APR281330-30"",""trade_id"":""3e461ac0-6b2d-59f2-2bf9-492dc360266a"",""yes_price_dollars"":""0.5200""}"
KXBTC15M-26APR281330-30,2ed50069-bf65-49fe-8a50-2bf98632fe4e,1777396522,0.52,37.2,yes,"{""count_fp"":""37.20"",""created_time"":""2026-04-28T17:15:22.338261Z"",""no_price_dollars"":""0.4800"",""taker_side"":""yes"",""ticker"":""KXBTC15M-26APR281330-30"",""trade_id"":""2ed50069-bf65-49fe-8a50-2bf98632fe4e"",""yes_price_dollars"":""0.5200""}"
KXBTC15M-26APR281330-30,ddf39aaf-583e-7ea5-535a-44c8f767c5ba,1777396522,0.51,40.0,no,"{""count_fp"":""40.00"",""created_time"":""2026-04-28T17:15:22.170445Z"",""no_price_dollars"":""0.4900"",""taker_side"":""no"",""ticker"":""KXBTC15M-26APR281330-30"",""trade_id"":""ddf39aaf-583e-7ea5-535a-44c8f767c5ba"",""yes_price_dollars"":""0.5100""}"
KXBTC15M-26APR281330-30,389f1db7-1366-720f-757d-30780be9885f,1777396522,0.51,9.26,no,"{""count_fp"":""9.26"",""created_time"":""2026-04-28T17:15:22.170445Z"",""no_price_dollars"":""0.4900"",""taker_side"":""no"",""ticker"":""KXBTC15M-26APR281330-30"",""trade_id"":""389f1db7-1366-720f-757d-30780be9885f"",""yes_price_dollars"":""0.5100""}"
KXBTC15M-26APR281330-30,2d2b86cb-c019-69be-4097-25150c2b0842,1777396522,0.52,91.16,yes,"{""count_fp"":""91.16"",""created_time"":""2026-04-28T17:15:22.063882Z"",""no_price_dollars"":""0.4800"",""taker_side"":""yes"",""ticker"":""KXBTC15M-26APR281330-30"",""trade_id"":""2d2b86cb-c019-69be-4097-25150c2b0842"",""yes_price_dollars"":""0.5200""}"
KXBTC15M-26APR281330-30,5673fb4d-2f4d-69c6-7752-1d85d412147a,1777396523,0.51,14.51,yes,"{""count_fp"":""14.51"",""created_time"":""2026-04-28T17:15:23.643774Z"",""no_price_dollars"":""0.4900"",""taker_side"":""yes"",""ticker"":""KXBTC15M-26APR281330-30"",""trade_id"":""5673fb4d-2f4d-69c6-7752-1d85d412147a"",""yes_price_dollars"":""0.5100""}"
KXBTC15M-26APR281330-30,12064647-9270-618b-4600-cdb1b5b632a4,1777396523,0.52,22.7,yes,"{""count_fp"":""22.70"",""created_time"":""2026-04-28T17:15:23.643774Z"",""no_price_dollars"":""0.4800"",""taker_side"":""yes"",""ticker"":""KXBTC15M-26APR281330-30"",""trade_id"":""12064647-9270-618b-4600-cdb1b5b632a4"",""yes_price_dollars"":""0.5200""}"
KXBTC15M-26APR281330-30,80d39390-78b8-75fc-7120-3e2345b410d1,1777396523,0.5,5.79,no,"{""count_fp"":""5.79"",""created_time"":""2026-04-28T17:15:23.619427Z"",""no_price_dollars"":""0.5000"",""taker_side"":""no"",""ticker"":""KXBTC15M-26APR281330-30"",""trade_id"":""80d39390-78b8-75fc-7120-3e2345b410d1"",""yes_price_dollars"":""0.5000""}"
KXBTC15M-26APR281330-30,5c4c94f1-944d-5d1a-9055-3a10a8b9bf36,1777396523,0.51,48.29,yes,"{""count_fp"":""48.29"",""created_time"":""2026-04-28T17:15:23.601489Z"",""no_price_dollars"":""0.4900"",""taker_side"":""yes"",""ticker"":""KXBTC15M-26APR281330-30"",""trade_id"":""5c4c94f1-944d-5d1a-9055-3a10a8b9bf36"",""yes_price_dollars"":""0.5100""}"
KXBTC15M-26APR281330-30,18b0bdeb-9971-5df2-6550-f49b23b800b2,1777396523,0.51,37.2,yes,"{""count_fp"":""37.20"",""created_time"":""2026-04-28T17:15:23.486265Z"",""no_price_dollars"":""0.4900"",""taker_side"":""yes"",""ticker"":""KXBTC15M-26APR281330-30"",""trade_id"":""18b0bdeb-9971-5df2-6550-f49b23b800b2"",""yes_price_dollars"":""0.5100""}"
KXBTC15M-26APR281330-30,49f59430-4a65-6806-2649-a2fe6df280a9,1777396523,0.51,2.0,yes,"{""count_fp"":""2.00"",""created_time"":""2026-04-28T17:15:23.020688Z"",""no_price_dollars"":""0.4900"",""taker_side"":""yes"",""ticker"":""KXBTC15M-26APR281330-30"",""trade_id"":""49f59430-4a65-6806-2649-a2fe6df280a9"",""yes_price_dollars"":""0.5100""}"
KXBTC15M-26APR281330-30,e52e4696-41f2-4189-863d-583b6177c754,1777396524,0.51,9.85,no,"{""count_fp"":""9.85"",""created_time"":""2026-04-28T17:15:24.530497Z"",""no_price_dollars"":""0.4900"",""taker_side"":""no"",""ticker"":""KXBTC15M-26APR281330-30"",""trade_id"":""e52e4696-41f2-4189-863d-583b6177c754"",""yes_price_dollars"":""0.5100""}"
KXBTC15M-26APR281330-30,dc8136ba-e05a-4439-853a-f84822b37b94,1777396524,0.51,1.97,no,"{""count_fp"":""1.97"",""created_time"":""2026-04-28T17:15:24.423516Z"",""no_price_dollars"":""0.4900"",""taker_side"":""no"",""ticker"":""KXBTC15M-26APR281330-30"",""trade_id"":""dc8136ba-e05a-4439-853a-f84822b37b94"",""yes_price_dollars"":""0.5100""}"
KXBTC15M-26APR281330-30,fc890853-cb68-4e9c-ee60-78472b14c959,1777396524,0.5,50.23,no,"{""count_fp"":""50.23"",""created_time"":""2026-04-28T17:15:24.205066Z"",""no_price_dollars"":""0.5000"",""taker_side"":""no"",""ticker"":""KXBTC15M-26APR281330-30"",""trade_id"":""fc890853-cb68-4e9c-ee60-78472b14c959"",""yes_price_dollars"":""0.5000""}"
KXBTC15M-26APR281330-30,bbd3b7fb-0883-4702-d2a9-5b5e81357b8f,1777396524,0.5,33.0,no,"{""count_fp"":""33.00"",""created_time"":""2026-04-28T17:15:24.205066Z"",""no_price_dollars"":""0.5000"",""taker_side"":""no"",""ticker"":""KXBTC15M-26APR281330-30"",""trade_id"":""bbd3b7fb-0883-4702-d2a9-5b5e81357b8f"",""yes_price_dollars"":""0.5000""}"
KXBTC15M-26APR281330-30,885676e6-cdd5-455c-d674-930219f5f9fc,1777396524,0.51,27.0,no,"{""count_fp"":""27.00"",""created_time"":""2026-04-28T17:15:24.205066Z"",""no_price_dollars"":""0.4900"",""taker_side"":""no"",""ticker"":""KXBTC15M-26APR281330-30"",""trade_id"":""885676e6-cdd5-455c-d674-930219f5f9fc"",""yes_price_dollars"":""0.5100""}"
KXBTC15M-26APR281330-30,42a32d13-891c-463b-cf38-d426f919e93d,1777396524,0.5,40.0,no,"{""count_fp"":""40.00"",""created_time"":""2026-04-28T17:15:24.205066Z"",""no_price_dollars"":""0.5000"",""taker_side"":""no"",""ticker"":""KXBTC15M-26APR281330-30"",""trade_id"":""42a32d13-891c-463b-cf38-d426f919e93d"",""yes_price_dollars"":""0.5000""}"
KXBTC15M-26APR281330-30,2df9a8b5-e766-4481-fdf5-c342f5aa474e,1777396524,0.51,40.0,no,"{""count_fp"":""40.00"",""created_time"":""2026-04-28T17:15:24.205066Z"",""no_price_dollars"":""0.4900"",""taker_side"":""no"",""ticker"":""KXBTC15M-26APR281330-30"",""trade_id"":""2df9a8b5-e766-4481-fdf5-c342f5aa474e"",""yes_price_dollars"":""0.5100""}"
KXBTC15M-26APR281330-30,13de135d-7fdc-48c6-d80b-c43ea5b0e2f0,1777396524,0.51,3.0,no,"{""count_fp"":""3.00"",""created_time"":""2026-04-28T17:15:24.205066Z"",""no_price_dollars"":""0.4900"",""taker_side"":""no"",""ticker"":""KXBTC15M-26APR281330-30"",""trade_id"":""13de135d-7fdc-48c6-d80b-c43ea5b0e2f0"",""yes_price_dollars"":""0.5100""}"
KXBTC15M-26APR281330-30,ce2d5301-8951-7b39-2607-fa5da81fc9f6,1777396525,0.52,1.0,yes,"{""count_fp"":""1.00"",""created_time"":""2026-04-28T17:15:25.293524Z"",""no_price_dollars"":""0.4800"",""taker_side"":""yes"",""ticker"":""KXBTC15M-26APR281330-30"",""trade_id"":""ce2d5301-8951-7b39-2607-fa5da81fc9f6"",""yes_price_dollars"":""0.5200""}"
KXBTC15M-26APR281330-30,d6b08053-f43c-61e8-4c53-0a92135d7841,1777396525,0.5,189.23,no,"{""count_fp"":""189.23"",""created_time"":""2026-04-28T17:15:25.175498Z"",""no_price_dollars"":""0.5000"",""taker_side"":""no"",""ticker"":""KXBTC15M-26APR281330-30"",""trade_id"":""d6b08053-f43c-61e8-4c53-0a92135d7841"",""yes_price_dollars"":""0.5000""}"
KXBTC15M-26APR281330-30,9a2be133-b7c3-63f5-69b4-54563ae7cba9,1777396525,0.51,4.0,no,"{""count_fp"":""4.00"",""created_time"":""2026-04-28T17:15:25.175498Z"",""no_price_dollars"":""0.4900"",""taker_side"":""no"",""ticker"":""KXBTC15M-26APR281330-30"",""trade_id"":""9a2be133-b7c3-63f5-69b4-54563ae7cba9"",""yes_price_dollars"":""0.5100""}"
KXBTC15M-26APR281330-30,3e21547e-b52a-6b6d-e8ba-1ec6b39be6f0,1777396525,0.51,19.7,no,"{""count_fp"":""19.70"",""created_time"":""2026-04-28T17:15:25.026099Z"",""no_price_dollars"":""0.4900"",""taker_side"":""no"",""ticker"":""KXBTC15M-26APR281330-30"",""trade_id"":""3e21547e-b52a-6b6d-e8ba-1ec6b39be6f0"",""yes_price_dollars"":""0.5100""}"
KXBTC15M-26APR281330-30,6c7cd5bb-3016-540b-8e66-f6823758334b,1777396526,0.51,30.0,yes,"{""count_fp"":""30.00"",""created_time"":""2026-04-28T17:15:26.888021Z"",""no_price_dollars"":""0.4900"",""taker_side"":""yes"",""ticker"":""KXBTC15M-26APR281330-30"",""trade_id"":""6c7cd5bb-3016-540b-8e66-f6823758334b"",""yes_price_dollars"":""0.5100""}"
KXBTC15M-26APR281330-30,573d230c-17ad-53ed-9fbb-b13e93c54258,1777396526,0.51,38.14,yes,"{""count_fp"":""38.14"",""created_time"":""2026-04-28T17:15:26.888021Z"",""no_price_dollars"":""0.4900"",""taker_side"":""yes"",""ticker"":""KXBTC15M-26APR281330-30"",""trade_id"":""573d230c-17ad-53ed-9fbb-b13e93c54258"",""yes_price_dollars"":""0.5100""}"
KXBTC15M-26APR281330-30,3dc26634-c55e-51c8-b9d3-e9c03ee390c9,1777396526,0.51,71.4,yes,"{""count_fp"":""71.40"",""created_time"":""2026-04-28T17:15:26.888021Z"",""no_price_dollars"":""0.4900"",""taker_side"":""yes"",""ticker"":""KXBTC15M-26APR281330-30"",""trade_id"":""3dc26634-c55e-51c8-b9d3-e9c03ee390c9"",""yes_price_dollars"":""0.5100""}"
KXBTC15M-26APR281330-30,85d3cac6-9595-6025-120f-39f8d32a3f80,1777396526,0.51,1.86,yes,"{""count_fp"":""1.86"",""created_time"":""2026-04-28T17:15:26.812405Z"",""no_price_dollars"":""0.4900"",""taker_side"":""yes"",""ticker"":""KXBTC15M-26APR281330-30"",""trade_id"":""85d3cac6-9595-6025-120f-39f8d32a3f80"",""yes_price_dollars"":""0.5100""}"
KXBTC15M-26APR281330-30,949c72e6-e15b-46d7-e306-3e1213711a73,1777396526,0.5,0.38,no,"{""count_fp"":""0.38"",""created_time"":""2026-04-28T17:15:26.579976Z"",""no_price_dollars"":""0.5000"",""taker_side"":""no"",""ticker"":""KXBTC15M-26APR281330-30"",""trade_id"":""949c72e6-e15b-46d7-e306-3e1213711a73"",""yes_price_dollars"":""0.5000""}"
KXBTC15M-26APR281330-30,df4b5fce-fe12-71cc-3d0e-95b1af017e46,1777396526,0.5,56.0,no,"{""count_fp"":""56.00"",""created_time"":""2026-04-28T17:15:26.326704Z"",""no_price_dollars"":""0.5000"",""taker_side"":""no"",""ticker"":""KXBTC15M-26APR281330-30"",""trade_id"":""df4b5fce-fe12-71cc-3d0e-95b1af017e46"",""yes_price_dollars"":""0.5000""}"
KXBTC15M-26APR281330-30,7ae7d345-4223-7012-0225-32592b468b0e,1777396526,0.5,10.0,no,"{""count_fp"":""10.00"",""created_time"":""2026-04-28T17:15:26.326704Z"",""no_price_dollars"":""0.5000"",""taker_side"":""no"",""ticker"":""KXBTC15M-26APR281330-30"",""trade_id"":""7ae7d345-4223-7012-0225-32592b468b0e"",""yes_price_dollars"":""0.5000""}"
KXBTC15M-26APR281330-30,110687e5-686b-7a1f-37fe-1b25f938fd47,1777396526,0.5,10.15,no,"{""count_fp"":""10.15"",""created_time"":""2026-04-28T17:15:26.326704Z"",""no_price_dollars"":""0.5000"",""taker_side"":""no"",""ticker"":""KXBTC15M-26APR281330-30"",""trade_id"":""110687e5-686b-7a1f-37fe-1b25f938fd47"",""yes_price_dollars"":""0.5000""}"
KXBTC15M-26APR281330-30,e9923b3b-da46-4f74-7aa2-2b5bddb7e3e9,1777396527,0.51,1.17,yes,"{""count_fp"":""1.17"",""created_time"":""2026-04-28T17:15:27.861104Z"",""no_price_dollars"":""0.4900"",""taker_side"":""yes"",""ticker"":""KXBTC15M-26APR281330-30"",""trade_id"":""e9923b3b-da46-4f74-7aa2-2b5bddb7e3e9"",""yes_price_dollars"":""0.5100""}"
KXBTC15M-26APR281330-30,78ab4970-d492-4a1d-6c1a-bbb6af01d582,1777396527,0.51,15.0,yes,"{""count_fp"":""15.00"",""created_time"":""2026-04-28T17:15:27.861104Z"",""no_price_dollars"":""0.4900"",""taker_side"":""yes"",""ticker"":""KXBTC15M-26APR281330-30"",""trade_id"":""78ab4970-d492-4a1d-6c1a-bbb6af01d582"",""yes_price_dollars"":""0.5100""}"
KXBTC15M-26APR281330-30,cf8ccd21-b1a6-790d-06c2-15ab308bb9ae,1777396527,0.51,11.98,yes,"{""count_fp"":""11.98"",""created_time"":""2026-04-28T17:15:27.468064Z"",""no_price_dollars"":""0.4900"",""taker_side"":""yes"",""ticker"":""KXBTC15M-26APR281330-30"",""trade_id"":""cf8ccd21-b1a6-790d-06c2-15ab308bb9ae"",""yes_price_dollars"":""0.5100""}"
KXBTC15M-26APR281330-30,444c2173-6157-5dc3-5031-58eca3a00be3,1777396527,0.5,381.16,no,"{""count_fp"":""381.16"",""created_time"":""2026-04-28T17:15:27.412644Z"",""no_price_dollars"":""0.5000"",""taker_side"":""no"",""ticker"":""KXBTC15M-26APR281330-30"",""trade_id"":""444c2173-6157-5dc3-5031-58eca3a00be3"",""yes_price_dollars"":""0.5000""}"
KXBTC15M-26APR281330-30,833b982d-a006-7741-1a47-73483c17f03a,1777396527,0.51,13.02,yes,"{""count_fp"":""13.02"",""created_time"":""2026-04-28T17:15:27.116751Z"",""no_price_dollars"":""0.4900"",""taker_side"":""yes"",""ticker"":""KXBTC15M-26APR281330-30"",""trade_id"":""833b982d-a006-7741-1a47-73483c17f03a"",""yes_price_dollars"":""0.5100""}"
KXBTC15M-26APR281330-30,f6b4f959-dc8f-6a73-d4ae-b62f60a0dc43,1777396527,0.5,9.65,no,"{""count_fp"":""9.65"",""created_time"":""2026-04-28T17:15:27.012524Z"",""no_price_dollars"":""0.5000"",""taker_side"":""no"",""ticker"":""KXBTC15M-26APR281330-30"",""trade_id"":""f6b4f959-dc8f-6a73-d4ae-b62f60a0dc43"",""yes_price_dollars"":""0.5000""}"
KXBTC15M-26APR281330-30,a368fe77-ff96-5ec8-2718-8e79242cf595,1777396528,0.51,2.0,yes,"{""count_fp"":""2.00"",""created_time"":""2026-04-28T17:15:28.438367Z"",""no_price_dollars"":""0.4900"",""taker_side"":""yes"",""ticker"":""KXBTC15M-26APR281330-30"",""trade_id"":""a368fe77-ff96-5ec8-2718-8e79242cf595"",""yes_price_dollars"":""0.5100""}"
KXBTC15M-26APR281330-30,b3f1c05f-f853-5bf6-bdb0-5c048ff10347,1777396528,0.5,193.23,no,"{""count_fp"":""193.23"",""created_time"":""2026-04-28T17:15:28.351339Z"",""no_price_dollars"":""0.5000"",""taker_side"":""no"",""ticker"":""KXBTC15M-26APR281330-30"",""trade_id"":""b3f1c05f-f853-5bf6-bdb0-5c048ff10347"",""yes_price_dollars"":""0.5000""}"
KXBTC15M-26APR281330-30,d2809b4e-449a-6a70-abf4-4cf7049709c9,1777396528,0.51,1.89,yes,"{""count_fp"":""1.89"",""created_time"":""2026-04-28T17:15:28.013914Z"",""no_price_dollars"":""0.4900"",""taker_side"":""yes"",""ticker"":""KXBTC15M-26APR281330-30"",""trade_id"":""d2809b4e-449a-6a70-abf4-4cf7049709c9"",""yes_price_dollars"":""0.5100""}"
KXBTC15M-26APR281330-30,c706b717-76e4-7611-073f-a2373f0c1050,1777396529,0.51,9.47,yes,"{""count_fp"":""9.47"",""created_time"":""2026-04-28T17:15:29.611503Z"",""no_price_dollars"":""0.4900"",""taker_side"":""yes"",""ticker"":""KXBTC15M-26APR281330-30"",""trade_id"":""c706b717-76e4-7611-073f-a2373f0c1050"",""yes_price_dollars"":""0.5100""}"
KXBTC15M-26APR281330-30,c4341bc9-0d88-524d-aef2-db623fbac5d4,1777396529,0.51,2.84,yes,"{""count_fp"":""2.84"",""created_time"":""2026-04-28T17:15:29.245397Z"",""no_price_dollars"":""0.4900"",""taker_side"":""yes"",""ticker"":""KXBTC15M-26APR281330-30"",""trade_id"":""c4341bc9-0d88-524d-aef2-db623fbac5d4"",""yes_price_dollars"":""0.5100""}"
KXBTC15M-26APR281330-30,bbf9666b-86aa-6b4d-a9e4-1bab7458af9d,1777396530,0.49,4.0,no,"{""count_fp"":""4.00"",""created_time"":""2026-04-28T17:15:30.984476Z"",""no_price_dollars"":""0.5100"",""taker_side"":""no"",""ticker"":""KXBTC15M-26APR281330-30"",""trade_id"":""bbf9666b-86aa-6b4d-a9e4-1bab7458af9d"",""yes_price_dollars"":""0.4900""}"
KXBTC15M-26APR281330-30,8aea5a65-156b-62e3-980b-fcac732d8d0e,1777396530,0.48,11.62,no,"{""count_fp"":""11.62"",""created_time"":""2026-04-28T17:15:30.984476Z"",""no_price_dollars"":""0.5200"",""taker_side"":""no"",""ticker"":""KXBTC15M-26APR281330-30"",""trade_id"":""8aea5a65-156b-62e3-980b-fcac732d8d0e"",""yes_price_dollars"":""0.4800""}"
KXBTC15M-26APR281330-30,85d1f7e1-915a-60fc-9727-52520991c22d,1777396530,0.48,4.0,no,"{""count_fp"":""4.00"",""created_time"":""2026-04-28T17:15:30.984476Z"",""no_price_dollars"":""0.5200"",""taker_side"":""no"",""ticker"":""KXBTC15M-26APR281330-30"",""trade_id"":""85d1f7e1-915a-60fc-9727-52520991c22d"",""yes_price_dollars"":""0.4800""}"
KXBTC15M-26APR281330-30,6234f307-59fd-6786-a144-e6e118118056,1777396530,0.48,2.0,no,"{""count_fp"":""2.00"",""created_time"":""2026-04-28T17:15:30.984476Z"",""no_price_dollars"":""0.5200"",""taker_side"":""no"",""ticker"":""KXBTC15M-26APR281330-30"",""trade_id"":""6234f307-59fd-6786-a144-e6e118118056"",""yes_price_dollars"":""0.4800""}"
KXBTC15M-26APR281330-30,5fe492e5-8c88-68c9-8627-07971fdd9471,1777396530,0.48,1.72,no,"{""count_fp"":""1.72"",""created_time"":""2026-04-28T17:15:30.984476Z"",""no_price_dollars"":""0.5200"",""taker_side"":""no"",""ticker"":""KXBTC15M-26APR281330-30"",""trade_id"":""5fe492e5-8c88-68c9-8627-07971fdd9471"",""yes_price_dollars"":""0.4800""}"
KXBTC15M-26APR281330-30,92c05734-14d4-76d4-f17f-80d66daf1a11,1777396530,0.5,1.0,yes,"{""count_fp"":""1.00"",""created_time"":""2026-04-28T17:15:30.638432Z"",""no_price_dollars"":""0.5000"",""taker_side"":""yes"",""ticker"":""KXBTC15M-26APR281330-30"",""trade_id"":""92c05734-14d4-76d4-f17f-80d66daf1a11"",""yes_price_dollars"":""0.5000""}"
KXBTC15M-26APR281330-30,92ee4f1e-84b2-76dc-441e-b82cf0faf20f,1777396530,0.5,5.0,no,"{""count_fp"":""5.00"",""created_time"":""2026-04-28T17:15:30.363434Z"",""no_price_dollars"":""0.5000"",""taker_side"":""no"",""ticker"":""KXBTC15M-26APR281330-30"",""trade_id"":""92ee4f1e-84b2-76dc-441e-b82cf0faf20f"",""yes_price_dollars"":""0.5000""}"
KXBTC15M-26APR281330-30,223226c4-9864-7910-5cf7-7e1d4967a0a1,1777396530,0.5,5.68,no,"{""count_fp"":""5.68"",""created_time"":""2026-04-28T17:15:30.363434Z"",""no_price_dollars"":""0.5000"",""taker_side"":""no"",""ticker"":""KXBTC15M-26APR281330-30"",""trade_id"":""223226c4-9864-7910-5cf7-7e1d4967a0a1"",""yes_price_dollars"":""0.5000""}"
KXBTC15M-26APR281330-30,dfe43e51-aab5-62e6-c560-48884ae1e8ce,1777396530,0.5,17.0,no,"{""count_fp"":""17.00"",""created_time"":""2026-04-28T17:15:30.352776Z"",""no_price_dollars"":""0.5000"",""taker_side"":""no"",""ticker"":""KXBTC15M-26APR281330-30"",""trade_id"":""dfe43e51-aab5-62e6-c560-48884ae1e8ce"",""yes_price_dollars"":""0.5000""}"
KXBTC15M-26APR281330-30,133a8dbe-07c4-6598-eebe-7f9982b31769,1777396530,0.5,10.32,no,"{""count_fp"":""10.32"",""created_time"":""2026-04-28T17:15:30.352776Z"",""no_price_dollars"":""0.5000"",""taker_side"":""no"",""ticker"":""KXBTC15M-26APR281330-30"",""trade_id"":""133a8dbe-07c4-6598-eebe-7f9982b31769"",""yes_price_dollars"":""0.5000""}"
KXBTC15M-26APR281330-30,9609d52d-d2c5-5480-e9ee-6bd9282c4e95,1777396530,0.5,3.0,no,"{""count_fp"":""3.00"",""created_time"":""2026-04-28T17:15:30.339136Z"",""no_price_dollars"":""0.5000"",""taker_side"":""no"",""ticker"":""KXBTC15M-26APR281330-30"",""trade_id"":""9609d52d-d2c5-5480-e9ee-6bd9282c4e95"",""yes_price_dollars"":""0.5000""}"
KXBTC15M-26APR281330-30,4f95e7d5-1c4b-5211-c4c4-a32fea5be0d1,1777396530,0.5,20.0,no,"{""count_fp"":""20.00"",""created_time"":""2026-04-28T17:15:30.339136Z"",""no_price_dollars"":""0.5000"",""taker_side"":""no"",""ticker"":""KXBTC15M-26APR281330-30"",""trade_id"":""4f95e7d5-1c4b-5211-c4c4-a32fea5be0d1"",""yes_price_dollars"":""0.5000""}"
KXBTC15M-26APR281330-30,4b66f564-1e6d-554a-e243-4653e1c8b3be,1777396530,0.5,3.0,no,"{""count_fp"":""3.00"",""created_time"":""2026-04-28T17:15:30.339136Z"",""no_price_dollars"":""0.5000"",""taker_side"":""no"",""ticker"":""KXBTC15M-26APR281330-30"",""trade_id"":""4b66f564-1e6d-554a-e243-4653e1c8b3be"",""yes_price_dollars"":""0.5000""}"
KXBTC15M-26APR281330-30,f168171a-b86f-748e-456b-7989b4724547,1777396530,0.5,19.32,no,"{""count_fp"":""19.32"",""created_time"":""2026-04-28T17:15:30.053022Z"",""no_price_dollars"":""0.5000"",""taker_side"":""no"",""ticker"":""KXBTC15M-26APR281330-30"",""trade_id"":""f168171a-b86f-748e-456b-7989b4724547"",""yes_price_dollars"":""0.5000""}"
KXBTC15M-26APR281330-30,fa0fd5aa-ebf9-5600-b6e4-710f9efdbd7a,1777396531,0.48,1.0,yes,"{""count_fp"":""1.00"",""created_time"":""2026-04-28T17:15:31.613324Z"",""no_price_dollars"":""0.5200"",""taker_side"":""yes"",""ticker"":""KXBTC15M-26APR281330-30"",""trade_id"":""fa0fd5aa-ebf9-5600-b6e4-710f9efdbd7a"",""yes_price_dollars"":""0.4800""}"
KXBTC15M-26APR281330-30,c52795a0-302b-4f24-eb7d-efa2086587d7,1777396532,0.51,5.79,no,"{""count_fp"":""5.79"",""created_time"":""2026-04-28T17:15:32.905483Z"",""no_price_dollars"":""0.4900"",""taker_side"":""no"",""ticker"":""KXBTC15M-26APR281330-30"",""trade_id"":""c52795a0-302b-4f24-eb7d-efa2086587d7"",""yes_price_dollars"":""0.5100""}"
KXBTC15M-26APR281330-30,40efcfa1-8bcf-7258-78f0-726211f16213,1777396532,0.51,9.46,no,"{""count_fp"":""9.46"",""created_time"":""2026-04-28T17:15:32.728434Z"",""no_price_dollars"":""0.4900"",""taker_side"":""no"",""ticker"":""KXBTC15M-26APR281330-30"",""trade_id"":""40efcfa1-8bcf-7258-78f0-726211f16213"",""yes_price_dollars"":""0.5100""}"
KXBTC15M-26APR281330-30,df363e40-1b28-56b5-4c46-ce081df9da36,1777396532,0.5,6.96,yes,"{""count_fp"":""6.96"",""created_time"":""2026-04-28T17:15:32.654213Z"",""no_price_dollars"":""0.5000"",""taker_side"":""yes"",""ticker"":""KXBTC15M-26APR281330-30"",""trade_id"":""df363e40-1b28-56b5-4c46-ce081df9da36"",""yes_price_dollars"":""0.5000""}"
KXBTC15M-26APR281330-30,4486b958-50f0-5fed-a96f-7cd2805ad29a,1777396532,0.5,21.04,yes,"{""count_fp"":""21.04"",""created_time"":""2026-04-28T17:15:32.651804Z"",""no_price_dollars"":""0.5000"",""taker_side"":""yes"",""ticker"":""KXBTC15M-26APR281330-30"",""trade_id"":""4486b958-50f0-5fed-a96f-7cd2805ad29a"",""yes_price_dollars"":""0.5000""}"
KXBTC15M-26APR281330-30,9b83443b-de78-4131-3489-5035a49e957a,1777396532,0.5,28.0,yes,"{""count_fp"":""28.00"",""created_time"":""2026-04-28T17:15:32.334782Z"",""no_price_dollars"":""0.5000"",""taker_side"":""yes"",""ticker"":""KXBTC15M-26APR281330-30"",""trade_id"":""9b83443b-de78-4131-3489-5035a49e957a"",""yes_price_dollars"":""0.5000""}"
KXBTC15M-26APR281330-30,8fb49f2b-2586-4df6-1ee1-3b519e1e1df1,1777396532,0.5,2.0,yes,"{""count_fp"":""2.00"",""created_time"":""2026-04-28T17:15:32.334782Z"",""no_price_dollars"":""0.5000"",""taker_side"":""yes"",""ticker"":""KXBTC15M-26APR281330-30"",""trade_id"":""8fb49f2b-2586-4df6-1ee1-3b519e1e1df1"",""yes_price_dollars"":""0.5000""}"
KXBTC15M-26APR281330-30,666dbc79-b58a-46d8-07ff-89fecb286930,1777396532,0.5,1.0,yes,"{""count_fp"":""1.00"",""created_time"":""2026-04-28T17:15:32.334782Z"",""no_price_dollars"":""0.5000"",""taker_side"":""yes"",""ticker"":""KXBTC15M-26APR281330-30"",""trade_id"":""666dbc79-b58a-46d8-07ff-89fecb286930"",""yes_price_dollars"":""0.5000""}"
KXBTC15M-26APR281330-30,09dbaef8-4489-457c-0fc3-f88b53404e0b,1777396532,0.5,1.0,yes,"{""count_fp"":""1.00"",""created_time"":""2026-04-28T17:15:32.334782Z"",""no_price_dollars"":""0.5000"",""taker_side"":""yes"",""ticker"":""KXBTC15M-26APR281330-30"",""trade_id"":""09dbaef8-4489-457c-0fc3-f88b53404e0b"",""yes_price_dollars"":""0.5000""}"
KXBTC15M-26APR281330-30,72ecc93b-84e3-634a-1243-c1467189588f,1777396534,0.51,8.94,no,"{""count_fp"":""8.94"",""created_time"":""2026-04-28T17:15:34.543308Z"",""no_price_dollars"":""0.4900"",""taker_side"":""no"",""ticker"":""KXBTC15M-26APR281330-30"",""trade_id"":""72ecc93b-84e3-634a-1243-c1467189588f"",""yes_price_dollars"":""0.5100""}"
KXBTC15M-26APR281330-30,285bca34-31d3-60a6-24d7-9669abdbb6a0,1777396534,0.52,40.0,no,"{""count_fp"":""40.00"",""created_time"":""2026-04-28T17:15:34.543308Z"",""no_price_dollars"":""0.4800"",""taker_side"":""no"",""ticker"":""KXBTC15M-26APR281330-30"",""trade_id"":""285bca34-31d3-60a6-24d7-9669abdbb6a0"",""yes_price_dollars"":""0.5200""}"
KXBTC15M-26APR281330-30,d7e9ed90-641b-569c-608f-c1c7ac4a8d7b,1777396534,0.51,17.75,no,"{""count_fp"":""17.75"",""created_time"":""2026-04-28T17:15:34.495734Z"",""no_price_dollars"":""0.4900"",""taker_side"":""no"",""ticker"":""KXBTC15M-26APR281330-30"",""trade_id"":""d7e9ed90-641b-569c-608f-c1c7ac4a8d7b"",""yes_price_dollars"":""0.5100""}"
KXBTC15M-26APR281330-30,c813e24c-dd5f-547e-7cb3-d698d689de83,1777396534,0.51,115.88,no,"{""count_fp"":""115.88"",""created_time"":""2026-04-28T17:15:34.495734Z"",""no_price_dollars"":""0.4900"",""taker_side"":""no"",""ticker"":""KXBTC15M-26APR281330-30"",""trade_id"":""c813e24c-dd5f-547e-7cb3-d698d689de83"",""yes_price_dollars"":""0.5100""}"
KXBTC15M-26APR281330-30,b70bc903-1f6a-56a1-6b54-6eae02e49383,1777396534,0.51,15.6,no,"{""count_fp"":""15.60"",""created_time"":""2026-04-28T17:15:34.495734Z"",""no_price_dollars"":""0.4900"",""taker_side"":""no"",""ticker"":""KXBTC15M-26APR281330-30"",""trade_id"":""b70bc903-1f6a-56a1-6b54-6eae02e49383"",""yes_price_dollars"":""0.5100""}"
KXBTC15M-26APR281330-30,6b85fad5-b516-5da6-7b7d-27c20ea8dde4,1777396534,0.52,40.0,no,"{""count_fp"":""40.00"",""created_time"":""2026-04-28T17:15:34.495734Z"",""no_price_dollars"":""0.4800"",""taker_side"":""no"",""ticker"":""KXBTC15M-26APR281330-30"",""trade_id"":""6b85fad5-b516-5da6-7b7d-27c20ea8dde4"",""yes_price_dollars"":""0.5200""}"
KXBTC15M-26APR281330-30,37b7039e-ca5d-54a8-6d66-9e58d559f01f,1777396534,0.51,1.0,no,"{""count_fp"":""1.00"",""created_time"":""2026-04-28T17:15:34.495734Z"",""no_price_dollars"":""0.4900"",""taker_side"":""no"",""ticker"":""KXBTC15M-26APR281330-30"",""trade_id"":""37b7039e-ca5d-54a8-6d66-9e58d559f01f"",""yes_price_dollars"":""0.5100""}"
KXBTC15M-26APR281330-30,370d40eb-aac5-5fd8-50b9-05898a380ff5,1777396534,0.51,3.0,no,"{""count_fp"":""3.00"",""created_time"":""2026-04-28T17:15:34.495734Z"",""no_price_dollars"":""0.4900"",""taker_side"":""no"",""ticker"":""KXBTC15M-26APR281330-30"",""trade_id"":""370d40eb-aac5-5fd8-50b9-05898a380ff5"",""yes_price_dollars"":""0.5100""}"
KXBTC15M-26APR281330-30,c4f24855-dd6f-5b0e-cc56-463b145588d5,1777396534,0.53,16.08,yes,"{""count_fp"":""16.08"",""created_time"":""2026-04-28T17:15:34.430343Z"",""no_price_dollars"":""0.4700"",""taker_side"":""yes"",""ticker"":""KXBTC15M-26APR281330-30"",""trade_id"":""c4f24855-dd6f-5b0e-cc56-463b145588d5"",""yes_price_dollars"":""0.5300""}"
KXBTC15M-26APR281330-30,a763e69f-9481-58fc-e1ac-1a66101356aa,1777396534,0.53,3.0,yes,"{""count_fp"":""3.00"",""created_time"":""2026-04-28T17:15:34.430343Z"",""no_price_dollars"":""0.4700"",""taker_side"":""yes"",""ticker"":""KXBTC15M-26APR281330-30"",""trade_id"":""a763e69f-9481-58fc-e1ac-1a66101356aa"",""yes_price_dollars"":""0.5300""}"
KXBTC15M-26APR281330-30,a5056f0d-7d40-5aee-e6ca-2d5dc7a19982,1777396534,0.52,8.53,yes,"{""count_fp"":""8.53"",""created_time"":""2026-04-28T17:15:34.430343Z"",""no_price_dollars"":""0.4800"",""taker_side"":""yes"",""ticker"":""KXBTC15M-26APR281330-30"",""trade_id"":""a5056f0d-7d40-5aee-e6ca-2d5dc7a19982"",""yes_price_dollars"":""0.5200""}"
KXBTC15M-26APR281330-30,a05a4a8a-93c4-5af3-c32a-cdb0d212df3d,1777396534,0.52,10.0,yes,"{""count_fp"":""10.00"",""created_time"":""2026-04-28T17:15:34.430343Z"",""no_price_dollars"":""0.4800"",""taker_side"":""yes"",""ticker"":""KXBTC15M-26APR281330-30"",""trade_id"":""a05a4a8a-93c4-5af3-c32a-cdb0d212df3d"",""yes_price_dollars"":""0.5200""}"
KXBTC15M-26APR281330-30,5e1779f3-2679-544b-efbb-15993e610e5e,1777396534,0.52,1.0,yes,"{""count_fp"":""1.00"",""created_time"":""2026-04-28T17:15:34.430343Z"",""no_price_dollars"":""0.4800"",""taker_side"":""yes"",""ticker"":""KXBTC15M-26APR281330-30"",""trade_id"":""5e1779f3-2679-544b-efbb-15993e610e5e"",""yes_price_dollars"":""0.5200""}"
KXBTC15M-26APR281330-30,3fd21842-339c-50d2-d774-e7215d28512d,1777396534,0.53,90.11,yes,"{""count_fp"":""90.11"",""created_time"":""2026-04-28T17:15:34.430343Z"",""no_price_dollars"":""0.4700"",""taker_side"":""yes"",""ticker"":""KXBTC15M-26APR281330-30"",""trade_id"":""3fd21842-339c-50d2-d774-e7215d28512d"",""yes_price_dollars"":""0.5300""}"
KXBTC15M-26APR281330-30,275f5078-3b93-53fa-f9c7-685f3a3d4ab3,1777396534,0.53,2.0,yes,"{""count_fp"":""2.00"",""created_time"":""2026-04-28T17:15:34.430343Z"",""no_price_dollars"":""0.4700"",""taker_side"":""yes"",""ticker"":""KXBTC15M-26APR281330-30"",""trade_id"":""275f5078-3b93-53fa-f9c7-685f3a3d4ab3"",""yes_price_dollars"":""0.5300""}"
KXBTC15M-26APR281330-30,156aa27a-05da-5008-fc42-4f7d01cc4ae7,1777396534,0.52,2.0,yes,"{""count_fp"":""2.00"",""created_time"":""2026-04-28T17:15:34.430343Z"",""no_price_dollars"":""0.4800"",""taker_side"":""yes"",""ticker"":""KXBTC15M-26APR281330-30"",""trade_id"":""156aa27a-05da-5008-fc42-4f7d01cc4ae7"",""yes_price_dollars"":""0.5200""}"
KXBTC15M-26APR281330-30,c0e91175-6aec-47be-3a6c-4b106cecd9e6,1777396534,0.52,11.47,yes,"{""count_fp"":""11.47"",""created_time"":""2026-04-28T17:15:34.101589Z"",""no_price_dollars"":""0.4800"",""taker_side"":""yes"",""ticker"":""KXBTC15M-26APR281330-30"",""trade_id"":""c0e91175-6aec-47be-3a6c-4b106cecd9e6"",""yes_price_dollars"":""0.5200""}"
KXBTC15M-26APR281330-30,758685d7-0ff9-4ce0-2bf0-446c1f38eda2,1777396534,0.52,20.0,yes,"{""count_fp"":""20.00"",""created_time"":""2026-04-28T17:15:34.101589Z"",""no_price_dollars"":""0.4800"",""taker_side"":""yes"",""ticker"":""KXBTC15M-26APR281330-30"",""trade_id"":""758685d7-0ff9-4ce0-2bf0-446c1f38eda2"",""yes_price_dollars"":""0.5200""}"
KXBTC15M-26APR281330-30,fa9a1e25-cf02-6666-2cd7-d5ef5b866f29,1777396535,0.51,29.55,no,"{""count_fp"":""29.55"",""created_time"":""2026-04-28T17:15:35.977717Z"",""no_price_dollars"":""0.4900"",""taker_side"":""no"",""ticker"":""KXBTC15M-26APR281330-30"",""trade_id"":""fa9a1e25-cf02-6666-2cd7-d5ef5b866f29"",""yes_price_dollars"":""0.5100""}"
KXBTC15M-26APR281330-30,7d174415-1ba6-7a11-7b32-6645c9befa37,1777396535,0.52,34.52,yes,"{""count_fp"":""34.52"",""created_time"":""2026-04-28T17:15:35.478194Z"",""no_price_dollars"":""0.4800"",""taker_side"":""yes"",""ticker"":""KXBTC15M-26APR281330-30"",""trade_id"":""7d174415-1ba6-7a11-7b32-6645c9befa37"",""yes_price_dollars"":""0.5200""}"
KXBTC15M-26APR281330-30,b719a648-37f6-7df2-6b0e-2b8b4a5d937d,1777396535,0.51,9.66,no,"{""count_fp"":""9.66"",""created_time"":""2026-04-28T17:15:35.105463Z"",""no_price_dollars"":""0.4900"",""taker_side"":""no"",""ticker"":""KXBTC15M-26APR281330-30"",""trade_id"":""b719a648-37f6-7df2-6b0e-2b8b4a5d937d"",""yes_price_dollars"":""0.5100""}"
KXBTC15M-26APR281330-30,42f8901c-1b97-64a2-f32f-02e0e94ea00b,1777396535,0.51,582.27,no,"{""count_fp"":""582.27"",""created_time"":""2026-04-28T17:15:35.048522Z"",""no_price_dollars"":""0.4900"",""taker_side"":""no"",""ticker"":""KXBTC15M-26APR281330-30"",""trade_id"":""42f8901c-1b97-64a2-f32f-02e0e94ea00b"",""yes_price_dollars"":""0.5100""}"
KXBTC15M-26APR281330-30,9f260dfe-b9ec-7565-4a3b-cbc868fadede,1777396535,0.52,2.0,no,"{""count_fp"":""2.00"",""created_time"":""2026-04-28T17:15:35.018524Z"",""no_price_dollars"":""0.4800"",""taker_side"":""no"",""ticker"":""KXBTC15M-26APR281330-30"",""trade_id"":""9f260dfe-b9ec-7565-4a3b-cbc868fadede"",""yes_price_dollars"":""0.5200""}"
KXBTC15M-26APR281330-30,6c8c4d25-44c5-77c4-4ffd-53caf1f4a0a5,1777396535,0.52,23.5,no,"{""count_fp"":""23.50"",""created_time"":""2026-04-28T17:15:35.018524Z"",""no_price_dollars"":""0.4800"",""taker_side"":""no"",""ticker"":""KXBTC15M-26APR281330-30"",""trade_id"":""6c8c4d25-44c5-77c4-4ffd-53caf1f4a0a5"",""yes_price_dollars"":""0.5200""}"
KXBTC15M-26APR281330-30,b1fa4d09-758b-4ea8-3738-162e61af283c,1777396536,0.51,5.0,no,"{""count_fp"":""5.00"",""created_time"":""2026-04-28T17:15:36.653048Z"",""no_price_dollars"":""0.4900"",""taker_side"":""no"",""ticker"":""KXBTC15M-26APR281330-30"",""trade_id"":""b1fa4d09-758b-4ea8-3738-162e61af283c"",""yes_price_dollars"":""0.5100""}"
KXBTC15M-26APR281330-30,98f461d2-2de3-4fe7-2530-0cabf26f63b4,1777396536,0.51,1.0,no,"{""count_fp"":""1.00"",""created_time"":""2026-04-28T17:15:36.653048Z"",""no_price_dollars"":""0.4900"",""taker_side"":""no"",""ticker"":""KXBTC15M-26APR281330-30"",""trade_id"":""98f461d2-2de3-4fe7-2530-0cabf26f63b4"",""yes_price_dollars"":""0.5100""}"
KXBTC15M-26APR281330-30,69722460-2f27-48fe-7c6f-06fe8d1b8c32,1777396536,0.52,7.7,yes,"{""count_fp"":""7.70"",""created_time"":""2026-04-28T17:15:36.625515Z"",""no_price_dollars"":""0.4800"",""taker_side"":""yes"",""ticker"":""KXBTC15M-26APR281330-30"",""trade_id"":""69722460-2f27-48fe-7c6f-06fe8d1b8c32"",""yes_price_dollars"":""0.5200""}"
KXBTC15M-26APR281330-30,2944570a-db8f-42c7-791b-4bcb01b34062,1777396536,0.52,3.0,yes,"{""count_fp"":""3.00"",""created_time"":""2026-04-28T17:15:36.625515Z"",""no_price_dollars"":""0.4800"",""taker_side"":""yes"",""ticker"":""KXBTC15M-26APR281330-30"",""trade_id"":""2944570a-db8f-42c7-791b-4bcb01b34062"",""yes_price_dollars"":""0.5200""}"
KXBTC15M-26APR281330-30,25cae59a-5c38-4e6b-7730-6db2bf8dd19d,1777396536,0.52,16.7,yes,"{""count_fp"":""16.70"",""created_time"":""2026-04-28T17:15:36.625515Z"",""no_price_dollars"":""0.4800"",""taker_side"":""yes"",""ticker"":""KXBTC15M-26APR281330-30"",""trade_id"":""25cae59a-5c38-4e6b-7730-6db2bf8dd19d"",""yes_price_dollars"":""0.5200""}"
KXBTC15M-26APR281330-30,adeae814-1146-59c7-609b-85b1111396b6,1777396536,0.51,1.0,no,"{""count_fp"":""1.00"",""created_time"":""2026-04-28T17:15:36.358534Z"",""no_price_dollars"":""0.4900"",""taker_side"":""no"",""ticker"":""KXBTC15M-26APR281330-30"",""trade_id"":""adeae814-1146-59c7-609b-85b1111396b6"",""yes_price_dollars"":""0.5100""}"
KXBTC15M-26APR281330-30,08f09682-85ea-592a-6da6-705a206fd5c9,1777396536,0.51,16.79,no,"{""count_fp"":""16.79"",""created_time"":""2026-04-28T17:15:36.358534Z"",""no_price_dollars"":""0.4900"",""taker_side"":""no"",""ticker"":""KXBTC15M-26APR281330-30"",""trade_id"":""08f09682-85ea-592a-6da6-705a206fd5c9"",""yes_price_dollars"":""0.5100""}"
KXBTC15M-26APR281330-30,81f18963-7f9a-558d-1e1d-7f33a50ce9eb,1777396536,0.52,5.48,yes,"{""count_fp"":""5.48"",""created_time"":""2026-04-28T17:15:36.081553Z"",""no_price_dollars"":""0.4800"",""taker_side"":""yes"",""ticker"":""KXBTC15M-26APR281330-30"",""trade_id"":""81f18963-7f9a-558d-1e1d-7f33a50ce9eb"",""yes_price_dollars"":""0.5200""}"
KXBTC15M-26APR281330-30,0c3448b9-d26f-56e9-218a-13ccb74907fc,1777396536,0.52,0.1,yes,"{""count_fp"":""0.10"",""created_time"":""2026-04-28T17:15:36.081553Z"",""no_price_dollars"":""0.4800"",""taker_side"":""yes"",""ticker"":""KXBTC15M-26APR281330-30"",""trade_id"":""0c3448b9-d26f-56e9-218a-13ccb74907fc"",""yes_price_dollars"":""0.5200""}"
KXBTC15M-26APR281330-30,59204b97-d5e3-611b-fb4a-b70645c5383a,1777396537,0.51,15.44,no,"{""count_fp"":""15.44"",""created_time"":""2026-04-28T17:15:37.583106Z"",""no_price_dollars"":""0.4900"",""taker_side"":""no"",""ticker"":""KXBTC15M-26APR281330-30"",""trade_id"":""59204b97-d5e3-611b-fb4a-b70645c5383a"",""yes_price_dollars"":""0.5100""}"
KXBTC15M-26APR281330-30,f77536ac-9ace-6fc2-bedf-28134c9538b0,1777396537,0.5,4.66,no,"{""count_fp"":""4.66"",""created_time"":""2026-04-28T17:15:37.368568Z"",""no_price_dollars"":""0.5000"",""taker_side"":""no"",""ticker"":""KXBTC15M-26APR281330-30"",""trade_id"":""f77536ac-9ace-6fc2-bedf-28134c9538b0"",""yes_price_dollars"":""0.5000""}"
KXBTC15M-26APR281330-30,83932882-a637-6236-9ae6-d1bd217be983,1777396537,0.5,2.0,no,"{""count_fp"":""2.00"",""created_time"":""2026-04-28T17:15:37.368568Z"",""no_price_dollars"":""0.5000"",""taker_side"":""no"",""ticker"":""KXBTC15M-26APR281330-30"",""trade_id"":""83932882-a637-6236-9ae6-d1bd217be983"",""yes_price_dollars"":""0.5000""}"
KXBTC15M-26APR281330-30,097c93ab-b946-637f-8c39-3c21ec8184ac,1777396537,0.5,3.0,no,"{""count_fp"":""3.00"",""created_time"":""2026-04-28T17:15:37.368568Z"",""no_price_dollars"":""0.5000"",""taker_side"":""no"",""ticker"":""KXBTC15M-26APR281330-30"",""trade_id"":""097c93ab-b946-637f-8c39-3c21ec8184ac"",""yes_price_dollars"":""0.5000""}"
KXBTC15M-26APR281330-30,b783f39e-1dab-789e-eae3-d34de5172822,1777396537,0.52,1.86,yes,"{""count_fp"":""1.86"",""created_time"":""2026-04-28T17:15:37.158294Z"",""no_price_dollars"":""0.4800"",""taker_side"":""yes"",""ticker"":""KXBTC15M-26APR281330-30"",""trade_id"":""b783f39e-1dab-789e-eae3-d34de5172822"",""yes_price_dollars"":""0.5200""}"
KXBTC15M-26APR281330-30,e723f72a-b6b0-6ecf-4a4d-89188a668f27,1777396538,0.51,2.0,no,"{""count_fp"":""2.00"",""created_time"":""2026-04-28T17:15:38.665765Z"",""no_price_dollars"":""0.4900"",""taker_side"":""no"",""ticker"":""KXBTC15M-26APR281330-30"",""trade_id"":""e723f72a-b6b0-6ecf-4a4d-89188a668f27"",""yes_price_dollars"":""0.5100""}"
KXBTC15M-26APR281330-30,08f92a59-18a4-4ee3-d1a7-ce0ec2e5a0d3,1777396538,0.51,3.87,no,"{""count_fp"":""3.87"",""created_time"":""2026-04-28T17:15:38.383191Z"",""no_price_dollars"":""0.4900"",""taker_side"":""no"",""ticker"":""KXBTC15M-26APR281330-30"",""trade_id"":""08f92a59-18a4-4ee3-d1a7-ce0ec2e5a0d3"",""yes_price_dollars"":""0.5100""}"
KXBTC15M-26APR281330-30,fbe3c791-d2b8-57af-6689-37a7bd43e1b3,1777396538,0.51,23.5,yes,"{""count_fp"":""23.50"",""created_time"":""2026-04-28T17:15:38.349071Z"",""no_price_dollars"":""0.4900"",""taker_side"":""yes"",""ticker"":""KXBTC15M-26APR281330-30"",""trade_id"":""fbe3c791-d2b8-57af-6689-37a7bd43e1b3"",""yes_price_dollars"":""0.5100""}"
KXBTC15M-26APR281330-30,efff6b06-e2ef-58e2-4aab-b05b63edc99a,1777396538,0.52,30.44,yes,"{""count_fp"":""30.44"",""created_time"":""2026-04-28T17:15:38.349071Z"",""no_price_dollars"":""0.4800"",""taker_side"":""yes"",""ticker"":""KXBTC15M-26APR281330-30"",""trade_id"":""efff6b06-e2ef-58e2-4aab-b05b63edc99a"",""yes_price_dollars"":""0.5200""}"
KXBTC15M-26APR281330-30,d2d8c0a3-4597-54e1-74df-a357c9eefcd6,1777396538,0.51,274.44,yes,"{""count_fp"":""274.44"",""created_time"":""2026-04-28T17:15:38.349071Z"",""no_price_dollars"":""0.4900"",""taker_side"":""yes"",""ticker"":""KXBTC15M-26APR281330-30"",""trade_id"":""d2d8c0a3-4597-54e1-74df-a357c9eefcd6"",""yes_price_dollars"":""0.5100""}"
KXBTC15M-26APR281330-30,cc9370b2-0507-57dc-5ef4-6fb927872609,1777396538,0.53,4.0,yes,"{""count_fp"":""4.00"",""created_time"":""2026-04-28T17:15:38.349071Z"",""no_price_dollars"":""0.4700"",""taker_side"":""yes"",""ticker"":""KXBTC15M-26APR281330-30"",""trade_id"":""cc9370b2-0507-57dc-5ef4-6fb927872609"",""yes_price_dollars"":""0.5300""}"
KXBTC15M-26APR281330-30,b8216bad-cedf-5d7c-4fa3-4321d940c23d,1777396538,0.53,40.0,yes,"{""count_fp"":""40.00"",""created_time"":""2026-04-28T17:15:38.349071Z"",""no_price_dollars"":""0.4700"",""taker_side"":""yes"",""ticker"":""KXBTC15M-26APR281330-30"",""trade_id"":""b8216bad-cedf-5d7c-4fa3-4321d940c23d"",""yes_price_dollars"":""0.5300""}"
KXBTC15M-26APR281330-30,a09228c6-219d-586e-6ecf-ce88d3f97a43,1777396538,0.52,16.7,yes,"{""count_fp"":""16.70"",""created_time"":""2026-04-28T17:15:38.349071Z"",""no_price_dollars"":""0.4800"",""taker_side"":""yes"",""ticker"":""KXBTC15M-26APR281330-30"",""trade_id"":""a09228c6-219d-586e-6ecf-ce88d3f97a43"",""yes_price_dollars"":""0.5200""}"
KXBTC15M-26APR281330-30,724ead46-caf5-5d81-71bf-2cdacf0d7c50,1777396538,0.51,15.0,yes,"{""count_fp"":""15.00"",""created_time"":""2026-04-28T17:15:38.349071Z"",""no_price_dollars"":""0.4900"",""taker_side"":""yes"",""ticker"":""KXBTC15M-26APR281330-30"",""trade_id"":""724ead46-caf5-5d81-71bf-2cdacf0d7c50"",""yes_price_dollars"":""0.5100""}"
KXBTC15M-26APR281330-30,38d9e14c-529f-5d19-6ac2-45a33983a081,1777396538,0.52,1.0,yes,"{""count_fp"":""1.00"",""created_time"":""2026-04-28T17:15:38.349071Z"",""no_price_dollars"":""0.4800"",""taker_side"":""yes"",""ticker"":""KXBTC15M-26APR281330-30"",""trade_id"":""38d9e14c-529f-5d19-6ac2-45a33983a081"",""yes_price_dollars"":""0.5200""}"
KXBTC15M-26APR281330-30,29603dc1-d75a-5cc7-6c87-ae2e33d12d2f,1777396538,0.52,3.0,yes,"{""count_fp"":""3.00"",""created_time"":""2026-04-28T17:15:38.349071Z"",""no_price_dollars"":""0.4800"",""taker_side"":""yes"",""ticker"":""KXBTC15M-26APR281330-30"",""trade_id"":""29603dc1-d75a-5cc7-6c87-ae2e33d12d2f"",""yes_price_dollars"":""0.5200""}"
KXBTC15M-26APR281330-30,0d727ed2-dce8-5dcb-4643-da2598558bd8,1777396538,0.53,206.27,yes,"{""count_fp"":""206.27"",""created_time"":""2026-04-28T17:15:38.349071Z"",""no_price_dollars"":""0.4700"",""taker_side"":""yes"",""ticker"":""KXBTC15M-26APR281330-30"",""trade_id"":""0d727ed2-dce8-5dcb-4643-da2598558bd8"",""yes_price_dollars"":""0.5300""}"
KXBTC15M-26APR281330-30,b1fe2ecd-cbcf-5a74-f9a7-ee1d70ef3971,1777396539,0.52,1.63,yes,"{""count_fp"":""1.63"",""created_time"":""2026-04-28T17:15:39.991021Z"",""no_price_dollars"":""0.4800"",""taker_side"":""yes"",""ticker"":""KXBTC15M-26APR281330-30"",""trade_id"":""b1fe2ecd-cbcf-5a74-f9a7-ee1d70ef3971"",""yes_price_dollars"":""0.5200""}"
KXBTC15M-26APR281330-30,ef7a6767-ae28-56d8-ccdd-39926f92b43d,1777396539,0.51,10.0,no,"{""count_fp"":""10.00"",""created_time"":""2026-04-28T17:15:39.823821Z"",""no_price_dollars"":""0.4900"",""taker_side"":""no"",""ticker"":""KXBTC15M-26APR281330-30"",""trade_id"":""ef7a6767-ae28-56d8-ccdd-39926f92b43d"",""yes_price_dollars"":""0.5100""}"
KXBTC15M-26APR281330-30,e3e551a4-7629-531e-d10e-29176adea612,1777396539,0.5,4.79,no,"{""count_fp"":""4.79"",""created_time"":""2026-04-28T17:15:39.823821Z"",""no_price_dollars"":""0.5000"",""taker_side"":""no"",""ticker"":""KXBTC15M-26APR281330-30"",""trade_id"":""e3e551a4-7629-531e-d10e-29176adea612"",""yes_price_dollars"":""0.5000""}"
KXBTC15M-26APR281330-30,5793a6d2-4a70-50cf-f475-aecb73edd7ab,1777396539,0.51,22.47,no,"{""count_fp"":""22.47"",""created_time"":""2026-04-28T17:15:39.823821Z"",""no_price_dollars"":""0.4900"",""taker_side"":""no"",""ticker"":""KXBTC15M-26APR281330-30"",""trade_id"":""5793a6d2-4a70-50cf-f475-aecb73edd7ab"",""yes_price_dollars"":""0.5100""}"
KXBTC15M-26APR281330-30,4a575343-f6ea-59ee-eaa7-8c78752f22d0,1777396539,0.5,11.34,no,"{""count_fp"":""11.34"",""created_time"":""2026-04-28T17:15:39.823821Z"",""no_price_dollars"":""0.5000"",""taker_side"":""no"",""ticker"":""KXBTC15M-26APR281330-30"",""trade_id"":""4a575343-f6ea-59ee-eaa7-8c78752f22d0"",""yes_price_dollars"":""0.5000""}"
KXBTC15M-26APR281330-30,3b397dcd-b6f0-5783-e9e1-c53f2d83aceb,1777396539,0.51,9.66,no,"{""count_fp"":""9.66"",""created_time"":""2026-04-28T17:15:39.359732Z"",""no_price_dollars"":""0.4900"",""taker_side"":""no"",""ticker"":""KXBTC15M-26APR281330-30"",""trade_id"":""3b397dcd-b6f0-5783-e9e1-c53f2d83aceb"",""yes_price_dollars"":""0.5100""}"
KXBTC15M-26APR281330-30,927a99a5-04ac-4963-11e5-2df264246aeb,1777396539,0.51,2.0,no,"{""count_fp"":""2.00"",""created_time"":""2026-04-28T17:15:39.104305Z"",""no_price_dollars"":""0.4900"",""taker_side"":""no"",""ticker"":""KXBTC15M-26APR281330-30"",""trade_id"":""927a99a5-04ac-4963-11e5-2df264246aeb"",""yes_price_dollars"":""0.5100""}"
KXBTC15M-26APR281330-30,67c8850c-f468-541e-b54a-0228f5ca36dd,1777396540,0.52,3.72,yes,"{""count_fp"":""3.72"",""created_time"":""2026-04-28T17:15:40.891348Z"",""no_price_dollars"":""0.4800"",""taker_side"":""yes"",""ticker"":""KXBTC15M-26APR281330-30"",""trade_id"":""67c8850c-f468-541e-b54a-0228f5ca36dd"",""yes_price_dollars"":""0.5200""}"
KXBTC15M-26APR281330-30,daa47239-bddb-7cca-fbfc-79a3225e9037,1777396540,0.52,8.13,yes,"{""count_fp"":""8.13"",""created_time"":""2026-04-28T17:15:40.662665Z"",""no_price_dollars"":""0.4800"",""taker_side"":""yes"",""ticker"":""KXBTC15M-26APR281330-30"",""trade_id"":""daa47239-bddb-7cca-fbfc-79a3225e9037"",""yes_price_dollars"":""0.5200""}"
KXBTC15M-26APR281330-30,5346844f-6075-765e-f105-4ee321ae36e6,1777396540,0.52,1.0,yes,"{""count_fp"":""1.00"",""created_time"":""2026-04-28T17:15:40.662665Z"",""no_price_dollars"":""0.4800"",""taker_side"":""yes"",""ticker"":""KXBTC15M-26APR281330-30"",""trade_id"":""5346844f-6075-765e-f105-4ee321ae36e6"",""yes_price_dollars"":""0.5200""}"
KXBTC15M-26APR281330-30,fde65376-3fe2-7d23-89b8-f2ee7fe073b5,1777396540,0.52,40.0,yes,"{""count_fp"":""40.00"",""created_time"":""2026-04-28T17:15:40.019687Z"",""no_price_dollars"":""0.4800"",""taker_side"":""yes"",""ticker"":""KXBTC15M-26APR281330-30"",""trade_id"":""fde65376-3fe2-7d23-89b8-f2ee7fe073b5"",""yes_price_dollars"":""0.5200""}"
KXBTC15M-26APR281330-30,f09d5a41-8271-7210-b08c-61e6ecf1dde0,1777396540,0.52,10.0,yes,"{""count_fp"":""10.00"",""created_time"":""2026-04-28T17:15:40.019687Z"",""no_price_dollars"":""0.4800"",""taker_side"":""yes"",""ticker"":""KXBTC15M-26APR281330-30"",""trade_id"":""f09d5a41-8271-7210-b08c-61e6ecf1dde0"",""yes_price_dollars"":""0.5200""}"
KXBTC15M-26APR281330-30,d8c9cb4b-b52c-7b8f-819c-f79961ed4708,1777396540,0.53,65.83,yes,"{""count_fp"":""65.83"",""created_time"":""2026-04-28T17:15:40.019687Z"",""no_price_dollars"":""0.4700"",""taker_side"":""yes"",""ticker"":""KXBTC15M-26APR281330-30"",""trade_id"":""d8c9cb4b-b52c-7b8f-819c-f79961ed4708"",""yes_price_dollars"":""0.5300""}"
KXBTC15M-26APR281330-30,d109878a-61d4-7182-9c43-8d2a6d17169f,1777396540,0.52,1.0,yes,"{""count_fp"":""1.00"",""created_time"":""2026-04-28T17:15:40.019687Z"",""no_price_dollars"":""0.4800"",""taker_side"":""yes"",""ticker"":""KXBTC15M-26APR281330-30"",""trade_id"":""d109878a-61d4-7182-9c43-8d2a6d17169f"",""yes_price_dollars"":""0.5200""}"
KXBTC15M-26APR281330-30,b593f283-5b07-7250-be45-ee72d48371bd,1777396540,0.52,12.28,yes,"{""count_fp"":""12.28"",""created_time"":""2026-04-28T17:15:40.019687Z"",""no_price_dollars"":""0.4800"",""taker_side"":""yes"",""ticker"":""KXBTC15M-26APR281330-30"",""trade_id"":""b593f283-5b07-7250-be45-ee72d48371bd"",""yes_price_dollars"":""0.5200""}"
KXBTC15M-26APR281330-30,8d5ddca9-a353-7bbc-b7f9-9a5b2d8d16e6,1777396540,0.52,8.0,yes,"{""count_fp"":""8.00"",""created_time"":""2026-04-28T17:15:40.019687Z"",""no_price_dollars"":""0.4800"",""taker_side"":""yes"",""ticker"":""KXBTC15M-26APR281330-30"",""trade_id"":""8d5ddca9-a353-7bbc-b7f9-9a5b2d8d16e6"",""yes_price_dollars"":""0.5200""}"
KXBTC15M-26APR281330-30,df188bcd-6795-6605-0ec1-9609b8f6ac7d,1777396541,0.5,17.0,yes,"{""count_fp"":""17.00"",""created_time"":""2026-04-28T17:15:41.847152Z"",""no_price_dollars"":""0.5000"",""taker_side"":""yes"",""ticker"":""KXBTC15M-26APR281330-30"",""trade_id"":""df188bcd-6795-6605-0ec1-9609b8f6ac7d"",""yes_price_dollars"":""0.5000""}"
KXBTC15M-26APR281330-30,119f37df-5ead-51fd-1809-a159931a8a19,1777396541,0.5,3.0,no,"{""count_fp"":""3.00"",""created_time"":""2026-04-28T17:15:41.235735Z"",""no_price_dollars"":""0.5000"",""taker_side"":""no"",""ticker"":""KXBTC15M-26APR281330-30"",""trade_id"":""119f37df-5ead-51fd-1809-a159931a8a19"",""yes_price_dollars"":""0.5000""}"
KXBTC15M-26APR281330-30,82d163ea-3213-725b-355b-f30f91a6398f,1777396541,0.5,31.36,no,"{""count_fp"":""31.36"",""created_time"":""2026-04-28T17:15:41.224709Z"",""no_price_dollars"":""0.5000"",""taker_side"":""no"",""ticker"":""KXBTC15M-26APR281330-30"",""trade_id"":""82d163ea-3213-725b-355b-f30f91a6398f"",""yes_price_dollars"":""0.5000""}"
KXBTC15M-26APR281330-30,c2ab936c-0e17-700b-5dc8-006aab4ef7c3,1777396541,0.5,11.78,no,"{""count_fp"":""11.78"",""created_time"":""2026-04-28T17:15:41.210423Z"",""no_price_dollars"":""0.5000"",""taker_side"":""no"",""ticker"":""KXBTC15M-26APR281330-30"",""trade_id"":""c2ab936c-0e17-700b-5dc8-006aab4ef7c3"",""yes_price_dollars"":""0.5000""}"
KXBTC15M-26APR281330-30,de17ba57-14f8-4ec8-58d3-ac7c9bae36ed,1777396541,0.5,21.3,no,"{""count_fp"":""21.30"",""created_time"":""2026-04-28T17:15:41.182273Z"",""no_price_dollars"":""0.5000"",""taker_side"":""no"",""ticker"":""KXBTC15M-26APR281330-30"",""trade_id"":""de17ba57-14f8-4ec8-58d3-ac7c9bae36ed"",""yes_price_dollars"":""0.5000""}"
KXBTC15M-26APR281330-30,c8f6dca7-3e93-486b-6860-608cb4102e1d,1777396541,0.5,5.0,no,"{""count_fp"":""5.00"",""created_time"":""2026-04-28T17:15:41.182273Z"",""no_price_dollars"":""0.5000"",""taker_side"":""no"",""ticker"":""KXBTC15M-26APR281330-30"",""trade_id"":""c8f6dca7-3e93-486b-6860-608cb4102e1d"",""yes_price_dollars"":""0.5000""}"
KXBTC15M-26APR281330-30,a41f85a5-390a-4db6-6382-1cb4aac06aa6,1777396541,0.5,6.65,no,"{""count_fp"":""6.65"",""created_time"":""2026-04-28T17:15:41.182273Z"",""no_price_dollars"":""0.5000"",""taker_side"":""no"",""ticker"":""KXBTC15M-26APR281330-30"",""trade_id"":""a41f85a5-390a-4db6-6382-1cb4aac06aa6"",""yes_price_dollars"":""0.5000""}"
KXBTC15M-26APR281330-30,5fc26e51-c4c2-4cd6-df62-df17cc273c9a,1777396541,0.5,38.06,no,"{""count_fp"":""38.06"",""created_time"":""2026-04-28T17:15:41.149989Z"",""no_price_dollars"":""0.5000"",""taker_side"":""no"",""ticker"":""KXBTC15M-26APR281330-30"",""trade_id"":""5fc26e51-c4c2-4cd6-df62-df17cc273c9a"",""yes_price_dollars"":""0.5000""}"
KXBTC15M-26APR281330-30,1fa4d6d6-beef-4d58-f60b-a77ddda3a523,1777396541,0.5,3.0,no,"{""count_fp"":""3.00"",""created_time"":""2026-04-28T17:15:41.149989Z"",""no_price_dollars"":""0.5000"",""taker_side"":""no"",""ticker"":""KXBTC15M-26APR281330-30"",""trade_id"":""1fa4d6d6-beef-4d58-f60b-a77ddda3a523"",""yes_price_dollars"":""0.5000""}"
KXBTC15M-26APR281330-30,4aa83562-c5ff-4550-e669-5166051957b8,1777396541,0.51,10.0,no,"{""count_fp"":""10.00"",""created_time"":""2026-04-28T17:15:41.138615Z"",""no_price_dollars"":""0.4900"",""taker_side"":""no"",""ticker"":""KXBTC15M-26APR281330-30"",""trade_id"":""4aa83562-c5ff-4550-e669-5166051957b8"",""yes_price_dollars"":""0.5100""}"
KXBTC15M-26APR281330-30,38124e06-a8df-7ef3-2f0e-f99accd2a366,1777396542,0.5,27.4,yes,"{""count_fp"":""27.40"",""created_time"":""2026-04-28T17:15:42.860024Z"",""no_price_dollars"":""0.5000"",""taker_side"":""yes"",""ticker"":""KXBTC15M-26APR281330-30"",""trade_id"":""38124e06-a8df-7ef3-2f0e-f99accd2a366"",""yes_price_dollars"":""0.5000""}"
KXBTC15M-26APR281330-30,b6d88315-7a4d-4579-0e9a-a98b21f72b71,1777396542,0.5,23.0,yes,"{""count_fp"":""23.00"",""created_time"":""2026-04-28T17:15:42.608749Z"",""no_price_dollars"":""0.5000"",""taker_side"":""yes"",""ticker"":""KXBTC15M-26APR281330-30"",""trade_id"":""b6d88315-7a4d-4579-0e9a-a98b21f72b71"",""yes_price_dollars"":""0.5000""}"
KXBTC15M-26APR281330-30,494148dc-6f8f-46ff-27db-2947dc723f16,1777396542,0.5,54.29,yes,"{""count_fp"":""54.29"",""created_time"":""2026-04-28T17:15:42.608749Z"",""no_price_dollars"":""0.5000"",""taker_side"":""yes"",""ticker"":""KXBTC15M-26APR281330-30"",""trade_id"":""494148dc-6f8f-46ff-27db-2947dc723f16"",""yes_price_dollars"":""0.5000""}"
KXBTC15M-26APR281330-30,aaf30af6-0ef1-66ff-1c80-867003ced9c6,1777396542,0.49,1.0,no,"{""count_fp"":""1.00"",""created_time"":""2026-04-28T17:15:42.092278Z"",""no_price_dollars"":""0.5100"",""taker_side"":""no"",""ticker"":""KXBTC15M-26APR281330-30"",""trade_id"":""aaf30af6-0ef1-66ff-1c80-867003ced9c6"",""yes_price_dollars"":""0.4900""}"
KXBTC15M-26APR281330-30,621af33e-ab37-65c3-3672-815a9aa35d33,1777396542,0.49,0.89,no,"{""count_fp"":""0.89"",""created_time"":""2026-04-28T17:15:42.092278Z"",""no_price_dollars"":""0.5100"",""taker_side"":""no"",""ticker"":""KXBTC15M-26APR281330-30"",""trade_id"":""621af33e-ab37-65c3-3672-815a9aa35d33"",""yes_price_dollars"":""0.4900""}"
KXBTC15M-26APR281330-30,b90a19ab-72bb-7e47-2071-7c234577a252,1777396543,0.5,52.17,yes,"{""count_fp"":""52.17"",""created_time"":""2026-04-28T17:15:43.940917Z"",""no_price_dollars"":""0.5000"",""taker_side"":""yes"",""ticker"":""KXBTC15M-26APR281330-30"",""trade_id"":""b90a19ab-72bb-7e47-2071-7c234577a252"",""yes_price_dollars"":""0.5000""}"
KXBTC15M-26APR281330-30,6382c1a5-b067-45df-3d3f-34bf63b7627e,1777396543,0.5,7.0,yes,"{""count_fp"":""7.00"",""created_time"":""2026-04-28T17:15:43.860538Z"",""no_price_dollars"":""0.5000"",""taker_side"":""yes"",""ticker"":""KXBTC15M-26APR281330-30"",""trade_id"":""6382c1a5-b067-45df-3d3f-34bf63b7627e"",""yes_price_dollars"":""0.5000""}"
KXBTC15M-26APR281330-30,6f58bd89-0803-4ec7-a931-078aed6f0c5e,1777396543,0.5,37.15,yes,"{""count_fp"":""37.15"",""created_time"":""2026-04-28T17:15:43.653619Z"",""no_price_dollars"":""0.5000"",""taker_side"":""yes"",""ticker"":""KXBTC15M-26APR281330-30"",""trade_id"":""6f58bd89-0803-4ec7-a931-078aed6f0c5e"",""yes_price_dollars"":""0.5000""}"
KXBTC15M-26APR281330-30,5eabbb21-413f-7f8b-a4e4-df30474e3982,1777396543,0.5,2.41,yes,"{""count_fp"":""2.41"",""created_time"":""2026-04-28T17:15:43.392135Z"",""no_price_dollars"":""0.5000"",""taker_side"":""yes"",""ticker"":""KXBTC15M-26APR281330-30"",""trade_id"":""5eabbb21-413f-7f8b-a4e4-df30474e3982"",""yes_price_dollars"":""0.5000""}"
KXBTC15M-26APR281330-30,04d2d907-eb83-7f4b-1d33-a3ae0cbc8636,1777396544,0.5,0.96,yes,"{""count_fp"":""0.96"",""created_time"":""2026-04-28T17:15:44.865848Z"",""no_price_dollars"":""0.5000"",""taker_side"":""yes"",""ticker"":""KXBTC15M-26APR281330-30"",""trade_id"":""04d2d907-eb83-7f4b-1d33-a3ae0cbc8636"",""yes_price_dollars"":""0.5000""}"
KXBTC15M-26APR281330-30,477030d2-cc47-4aa3-d203-625c3754ca86,1777396544,0.5,19.32,yes,"{""count_fp"":""19.32"",""created_time"":""2026-04-28T17:15:44.865528Z"",""no_price_dollars"":""0.5000"",""taker_side"":""yes"",""ticker"":""KXBTC15M-26APR281330-30"",""trade_id"":""477030d2-cc47-4aa3-d203-625c3754ca86"",""yes_price_dollars"":""0.5000""}"
KXBTC15M-26APR281330-30,d980ed1f-262f-47e7-5341-460801508746,1777396544,0.5,0.19,yes,"{""count_fp"":""0.19"",""created_time"":""2026-04-28T17:15:44.768197Z"",""no_price_dollars"":""0.5000"",""taker_side"":""yes"",""ticker"":""KXBTC15M-26APR281330-30"",""trade_id"":""d980ed1f-262f-47e7-5341-460801508746"",""yes_price_dollars"":""0.5000""}"
KXBTC15M-26APR281330-30,c9ed35fb-1f2b-6093-c737-ab824b8410b2,1777396544,0.5,46.51,yes,"{""count_fp"":""46.51"",""created_time"":""2026-04-28T17:15:44.767527Z"",""no_price_dollars"":""0.5000"",""taker_side"":""yes"",""ticker"":""KXBTC15M-26APR281330-30"",""trade_id"":""c9ed35fb-1f2b-6093-c737-ab824b8410b2"",""yes_price_dollars"":""0.5000""}"
KXBTC15M-26APR281330-30,9b61e8b5-8c8b-57ef-dc52-bd3f0ffbd396,1777396544,0.5,12.07,yes,"{""count_fp"":""12.07"",""created_time"":""2026-04-28T17:15:44.691555Z"",""no_price_dollars"":""0.5000"",""taker_side"":""yes"",""ticker"":""KXBTC15M-26APR281330-30"",""trade_id"":""9b61e8b5-8c8b-57ef-dc52-bd3f0ffbd396"",""yes_price_dollars"":""0.5000""}"
KXBTC15M-26APR281330-30,9c26385e-7d0b-5be3-c404-3ed04d9785c6,1777396544,0.5,102.33,yes,"{""count_fp"":""102.33"",""created_time"":""2026-04-28T17:15:44.397802Z"",""no_price_dollars"":""0.5000"",""taker_side"":""yes"",""ticker"":""KXBTC15M-26APR281330-30"",""trade_id"":""9c26385e-7d0b-5be3-c404-3ed04d9785c6"",""yes_price_dollars"":""0.5000""}"
KXBTC15M-26APR281330-30,dea33d36-005f-7c83-ec16-be80b4080c5e,1777396545,0.5,41.6,yes,"{""count_fp"":""41.60"",""created_time"":""2026-04-28T17:15:45.876941Z"",""no_price_dollars"":""0.5000"",""taker_side"":""yes"",""ticker"":""KXBTC15M-26APR281330-30"",""trade_id"":""dea33d36-005f-7c83-ec16-be80b4080c5e"",""yes_price_dollars"":""0.5000""}"
KXBTC15M-26APR281330-30,ac60cc3f-0b0e-78a5-cf56-cd2bfbd45f83,1777396545,0.5,88.44,yes,"{""count_fp"":""88.44"",""created_time"":""2026-04-28T17:15:45.876941Z"",""no_price_dollars"":""0.5000"",""taker_side"":""yes"",""ticker"":""KXBTC15M-26APR281330-30"",""trade_id"":""ac60cc3f-0b0e-78a5-cf56-cd2bfbd45f83"",""yes_price_dollars"":""0.5000""}"
KXBTC15M-26APR281330-30,6bf09076-1b5b-481f-ce00-74bceaf7e13a,1777396545,0.5,48.3,yes,"{""count_fp"":""48.30"",""created_time"":""2026-04-28T17:15:45.778958Z"",""no_price_dollars"":""0.5000"",""taker_side"":""yes"",""ticker"":""KXBTC15M-26APR281330-30"",""trade_id"":""6bf09076-1b5b-481f-ce00-74bceaf7e13a"",""yes_price_dollars"":""0.5000""}"
KXBTC15M-26APR281330-30,f1a62264-4773-69af-ea7e-abdc3007f83f,1777396545,0.49,1.0,no,"{""count_fp"":""1.00"",""created_time"":""2026-04-28T17:15:45.754601Z"",""no_price_dollars"":""0.5100"",""taker_side"":""no"",""ticker"":""KXBTC15M-26APR281330-30"",""trade_id"":""f1a62264-4773-69af-ea7e-abdc3007f83f"",""yes_price_dollars"":""0.4900""}"
KXBTC15M-26APR281330-30,070411a5-e566-6785-f173-8b38f97fc0d6,1777396545,0.49,0.86,no,"{""count_fp"":""0.86"",""created_time"":""2026-04-28T17:15:45.754601Z"",""no_price_dollars"":""0.5100"",""taker_side"":""no"",""ticker"":""KXBTC15M-26APR281330-30"",""trade_id"":""070411a5-e566-6785-f173-8b38f97fc0d6"",""yes_price_dollars"":""0.4900""}"
KXBTC15M-26APR281330-30,131732a8-b4d8-5b36-9842-632298b68c29,1777396546,0.48,13.21,no,"{""count_fp"":""13.21"",""created_time"":""2026-04-28T17:15:46.968677Z"",""no_price_dollars"":""0.5200"",""taker_side"":""no"",""ticker"":""KXBTC15M-26APR281330-30"",""trade_id"":""131732a8-b4d8-5b36-9842-632298b68c29"",""yes_price_dollars"":""0.4800""}"
KXBTC15M-26APR281330-30,d360e792-2185-7e98-13c1-29fd0a662537,1777396546,0.49,9.66,yes,"{""count_fp"":""9.66"",""created_time"":""2026-04-28T17:15:46.919664Z"",""no_price_dollars"":""0.5100"",""taker_side"":""yes"",""ticker"":""KXBTC15M-26APR281330-30"",""trade_id"":""d360e792-2185-7e98-13c1-29fd0a662537"",""yes_price_dollars"":""0.4900""}"
KXBTC15M-26APR281330-30,8c468721-fc9d-6974-2f76-6dd81bfa2663,1777396546,0.49,9.66,yes,"{""count_fp"":""9.66"",""created_time"":""2026-04-28T17:15:46.364092Z"",""no_price_dollars"":""0.5100"",""taker_side"":""yes"",""ticker"":""KXBTC15M-26APR281330-30"",""trade_id"":""8c468721-fc9d-6974-2f76-6dd81bfa2663"",""yes_price_dollars"":""0.4900""}"
KXBTC15M-26APR281330-30,1d050e2d-9466-64f9-aa07-137a0dcb212b,1777396546,0.5,10.41,yes,"{""count_fp"":""10.41"",""created_time"":""2026-04-28T17:15:46.171938Z"",""no_price_dollars"":""0.5000"",""taker_side"":""yes"",""ticker"":""KXBTC15M-26APR281330-30"",""trade_id"":""1d050e2d-9466-64f9-aa07-137a0dcb212b"",""yes_price_dollars"":""0.5000""}"
KXBTC15M-26APR281330-30,e55819aa-6524-64e3-97f4-21ddf3e89002,1777396546,0.48,4.0,no,"{""count_fp"":""4.00"",""created_time"":""2026-04-28T17:15:46.169145Z"",""no_price_dollars"":""0.5200"",""taker_side"":""no"",""ticker"":""KXBTC15M-26APR281330-30"",""trade_id"":""e55819aa-6524-64e3-97f4-21ddf3e89002"",""yes_price_dollars"":""0.4800""}"
KXBTC15M-26APR281330-30,a63ab03f-9291-6d7c-a233-4a6d79f015a1,1777396546,0.49,1.0,no,"{""count_fp"":""1.00"",""created_time"":""2026-04-28T17:15:46.169145Z"",""no_price_dollars"":""0.5100"",""taker_side"":""no"",""ticker"":""KXBTC15M-26APR281330-30"",""trade_id"":""a63ab03f-9291-6d7c-a233-4a6d79f015a1"",""yes_price_dollars"":""0.4900""}"
KXBTC15M-26APR281330-30,51f2dc70-82b1-6169-a6b9-c1c8c40752f3,1777396546,0.49,1.0,no,"{""count_fp"":""1.00"",""created_time"":""2026-04-28T17:15:46.169145Z"",""no_price_dollars"":""0.5100"",""taker_side"":""no"",""ticker"":""KXBTC15M-26APR281330-30"",""trade_id"":""51f2dc70-82b1-6169-a6b9-c1c8c40752f3"",""yes_price_dollars"":""0.4900""}"
KXBTC15M-26APR281330-30,26c6b81b-1cc4-63a2-a984-79074fc60a8d,1777396546,0.48,3.47,no,"{""count_fp"":""3.47"",""created_time"":""2026-04-28T17:15:46.169145Z"",""no_price_dollars"":""0.5200"",""taker_side"":""no"",""ticker"":""KXBTC15M-26APR281330-30"",""trade_id"":""26c6b81b-1cc4-63a2-a984-79074fc60a8d"",""yes_price_dollars"":""0.4800""}"
KXBTC15M-26APR281330-30,04f45a95-18fa-6429-a07e-c20287f467ba,1777396546,0.49,9.14,no,"{""count_fp"":""9.14"",""created_time"":""2026-04-28T17:15:46.169145Z"",""no_price_dollars"":""0.5100"",""taker_side"":""no"",""ticker"":""KXBTC15M-26APR281330-30"",""trade_id"":""04f45a95-18fa-6429-a07e-c20287f467ba"",""yes_price_dollars"":""0.4900""}"
KXBTC15M-26APR281330-30,0d3f279b-4575-5a90-0593-cf6bdd014ddf,1777396547,0.49,110.14,yes,"{""count_fp"":""110.14"",""created_time"":""2026-04-28T17:15:47.867783Z"",""no_price_dollars"":""0.5100"",""taker_side"":""yes"",""ticker"":""KXBTC15M-26APR281330-30"",""trade_id"":""0d3f279b-4575-5a90-0593-cf6bdd014ddf"",""yes_price_dollars"":""0.4900""}"
KXBTC15M-26APR281330-30,0b660768-b8c9-5624-7113-609444782b57,1777396547,0.49,9.66,yes,"{""count_fp"":""9.66"",""created_time"":""2026-04-28T17:15:47.862572Z"",""no_price_dollars"":""0.5100"",""taker_side"":""yes"",""ticker"":""KXBTC15M-26APR281330-30"",""trade_id"":""0b660768-b8c9-5624-7113-609444782b57"",""yes_price_dollars"":""0.4900""}"
KXBTC15M-26APR281330-30,99309da3-5e14-6e5a-a45e-db5a0e9080d5,1777396547,0.48,0.4,no,"{""count_fp"":""0.40"",""created_time"":""2026-04-28T17:15:47.725401Z"",""no_price_dollars"":""0.5200"",""taker_side"":""no"",""ticker"":""KXBTC15M-26APR281330-30"",""trade_id"":""99309da3-5e14-6e5a-a45e-db5a0e9080d5"",""yes_price_dollars"":""0.4800""}"
KXBTC15M-26APR281330-30,f5f27991-da55-6ab4-2795-1ce9dc90920f,1777396547,0.49,13.14,yes,"{""count_fp"":""13.14"",""created_time"":""2026-04-28T17:15:47.388047Z"",""no_price_dollars"":""0.5100"",""taker_side"":""yes"",""ticker"":""KXBTC15M-26APR281330-30"",""trade_id"":""f5f27991-da55-6ab4-2795-1ce9dc90920f"",""yes_price_dollars"":""0.4900""}"
KXBTC15M-26APR281330-30,669fc45a-00a9-4528-d94d-b560c0013f56,1777396548,0.49,3.0,yes,"{""count_fp"":""3.00"",""created_time"":""2026-04-28T17:15:48.521235Z"",""no_price_dollars"":""0.5100"",""taker_side"":""yes"",""ticker"":""KXBTC15M-26APR281330-30"",""trade_id"":""669fc45a-00a9-4528-d94d-b560c0013f56"",""yes_price_dollars"":""0.4900""}"
KXBTC15M-26APR281330-30,4e6d09ab-05d4-75f6-e1ec-c03f9804f689,1777396548,0.48,5.56,no,"{""count_fp"":""5.56"",""created_time"":""2026-04-28T17:15:48.177387Z"",""no_price_dollars"":""0.5200"",""taker_side"":""no"",""ticker"":""KXBTC15M-26APR281330-30"",""trade_id"":""4e6d09ab-05d4-75f6-e1ec-c03f9804f689"",""yes_price_dollars"":""0.4800""}"
KXBTC15M-26APR281330-30,71013fab-145a-5055-aaaf-92224336d743,1777396549,0.49,29.55,yes,"{""count_fp"":""29.55"",""created_time"":""2026-04-28T17:15:49.826193Z"",""no_price_dollars"":""0.5100"",""taker_side"":""yes"",""ticker"":""KXBTC15M-26APR281330-30"",""trade_id"":""71013fab-145a-5055-aaaf-92224336d743"",""yes_price_dollars"":""0.4900""}"
KXBTC15M-26APR281330-30,0ca67aa1-4276-47c9-f4cb-dc3b13245387,1777396549,0.49,59.11,yes,"{""count_fp"":""59.11"",""created_time"":""2026-04-28T17:15:49.759777Z"",""no_price_dollars"":""0.5100"",""taker_side"":""yes"",""ticker"":""KXBTC15M-26APR281330-30"",""trade_id"":""0ca67aa1-4276-47c9-f4cb-dc3b13245387"",""yes_price_dollars"":""0.4900""}"
KXBTC15M-26APR281330-30,85de2836-eee4-5a86-4aa8-d9554b198965,1777396549,0.48,17.36,no,"{""count_fp"":""17.36"",""created_time"":""2026-04-28T17:15:49.232303Z"",""no_price_dollars"":""0.5200"",""taker_side"":""no"",""ticker"":""KXBTC15M-26APR281330-30"",""trade_id"":""85de2836-eee4-5a86-4aa8-d9554b198965"",""yes_price_dollars"":""0.4800""}"
KXBTC15M-26APR281330-30,7bb93e23-ec93-5eb1-5c24-eb5f5f0244c6,1777396549,0.48,0.24,no,"{""count_fp"":""0.24"",""created_time"":""2026-04-28T17:15:49.232303Z"",""no_price_dollars"":""0.5200"",""taker_side"":""no"",""ticker"":""KXBTC15M-26APR281330-30"",""trade_id"":""7bb93e23-ec93-5eb1-5c24-eb5f5f0244c6"",""yes_price_dollars"":""0.4800""}"
KXBTC15M-26APR281330-30,73ca4cf1-8219-5e5b-519e-45cb7ead81e5,1777396549,0.48,1.0,no,"{""count_fp"":""1.00"",""created_time"":""2026-04-28T17:15:49.232303Z"",""no_price_dollars"":""0.5200"",""taker_side"":""no"",""ticker"":""KXBTC15M-26APR281330-30"",""trade_id"":""73ca4cf1-8219-5e5b-519e-45cb7ead81e5"",""yes_price_dollars"":""0.4800""}"
KXBTC15M-26APR281330-30,d8d35267-1ed9-76c0-fc21-4c1e6ed7ee3a,1777396549,0.49,18.3,yes,"{""count_fp"":""18.30"",""created_time"":""2026-04-28T17:15:49.017449Z"",""no_price_dollars"":""0.5100"",""taker_side"":""yes"",""ticker"":""KXBTC15M-26APR281330-30"",""trade_id"":""d8d35267-1ed9-76c0-fc21-4c1e6ed7ee3a"",""yes_price_dollars"":""0.4900""}"
KXBTC15M-26APR281330-30,47e678d2-8fd1-7508-c485-a3acdaacfbd2,1777396549,0.49,1.47,yes,"{""count_fp"":""1.47"",""created_time"":""2026-04-28T17:15:49.017449Z"",""no_price_dollars"":""0.5100"",""taker_side"":""yes"",""ticker"":""KXBTC15M-26APR281330-30"",""trade_id"":""47e678d2-8fd1-7508-c485-a3acdaacfbd2"",""yes_price_dollars"":""0.4900""}"
KXBTC15M-26APR281330-30,2ff2cb70-fe82-76f5-ead8-bf47bd6e355b,1777396549,0.49,9.21,yes,"{""count_fp"":""9.21"",""created_time"":""2026-04-28T17:15:49.017449Z"",""no_price_dollars"":""0.5100"",""taker_side"":""yes"",""ticker"":""KXBTC15M-26APR281330-30"",""trade_id"":""2ff2cb70-fe82-76f5-ead8-bf47bd6e355b"",""yes_price_dollars"":""0.4900""}"
KXBTC15M-26APR281330-30,7f27c429-39d4-4a68-c3fa-431f0c9521f8,1777396550,0.48,24.28,no,"{""count_fp"":""24.28"",""created_time"":""2026-04-28T17:15:50.770838Z"",""no_price_dollars"":""0.5200"",""taker_side"":""no"",""ticker"":""KXBTC15M-26APR281330-30"",""trade_id"":""7f27c429-39d4-4a68-c3fa-431f0c9521f8"",""yes_price_dollars"":""0.4800""}"
KXBTC15M-26APR281330-30,57776939-827b-49a5-c9e5-4f021a2ae70e,1777396550,0.48,31.53,no,"{""count_fp"":""31.53"",""created_time"":""2026-04-28T17:15:50.770838Z"",""no_price_dollars"":""0.5200"",""taker_side"":""no"",""ticker"":""KXBTC15M-26APR281330-30"",""trade_id"":""57776939-827b-49a5-c9e5-4f021a2ae70e"",""yes_price_dollars"":""0.4800""}"
KXBTC15M-26APR281330-30,1738ed98-f8b6-6781-614b-24847a0c2173,1777396550,0.49,157.63,yes,"{""count_fp"":""157.63"",""created_time"":""2026-04-28T17:15:50.673129Z"",""no_price_dollars"":""0.5100"",""taker_side"":""yes"",""ticker"":""KXBTC15M-26APR281330-30"",""trade_id"":""1738ed98-f8b6-6781-614b-24847a0c2173"",""yes_price_dollars"":""0.4900""}"
