ticker,trade_id,ts,yes_price,count,taker_side,raw_json
KXBTC15M-26APR280200-00,ea639c96-d122-5548-c240-95eda5847473,1777355100,0.54,1.0,yes,"{""count_fp"":""1.00"",""created_time"":""2026-04-28T05:45:00.988393Z"",""no_price_dollars"":""0.4600"",""taker_side"":""yes"",""ticker"":""KXBTC15M-26APR280200-00"",""trade_id"":""ea639c96-d122-5548-c240-95eda5847473"",""yes_price_dollars"":""0.5400""}"
KXBTC15M-26APR280200-00,ef0c33df-b845-456c-edff-19e0a397fe41,1777355100,0.5,1.0,no,"{""count_fp"":""1.00"",""created_time"":""2026-04-28T05:45:00.903529Z"",""no_price_dollars"":""0.5000"",""taker_side"":""no"",""ticker"":""KXBTC15M-26APR280200-00"",""trade_id"":""ef0c33df-b845-456c-edff-19e0a397fe41"",""yes_price_dollars"":""0.5000""}"
KXBTC15M-26APR280200-00,20d4416a-b31d-608c-1105-ba4d0e0b2449,1777355103,0.5,9.0,no,"{""count_fp"":""9.00"",""created_time"":""2026-04-28T05:45:03.677859Z"",""no_price_dollars"":""0.5000"",""taker_side"":""no"",""ticker"":""KXBTC15M-26APR280200-00"",""trade_id"":""20d4416a-b31d-608c-1105-ba4d0e0b2449"",""yes_price_dollars"":""0.5000""}"
KXBTC15M-26APR280200-00,06db9ec4-53c2-6ec2-0d22-00a5acde5724,1777355103,0.5,0.66,no,"{""count_fp"":""0.66"",""created_time"":""2026-04-28T05:45:03.677859Z"",""no_price_dollars"":""0.5000"",""taker_side"":""no"",""ticker"":""KXBTC15M-26APR280200-00"",""trade_id"":""06db9ec4-53c2-6ec2-0d22-00a5acde5724"",""yes_price_dollars"":""0.5000""}"
KXBTC15M-26APR280200-00,ea05b0e1-a34e-6bd6-fc0f-f2fa606ec208,1777355104,0.5,9.66,no,"{""count_fp"":""9.66"",""created_time"":""2026-04-28T05:45:04.977485Z"",""no_price_dollars"":""0.5000"",""taker_side"":""no"",""ticker"":""KXBTC15M-26APR280200-00"",""trade_id"":""ea05b0e1-a34e-6bd6-fc0f-f2fa606ec208"",""yes_price_dollars"":""0.5000""}"
KXBTC15M-26APR280200-00,b9670a1a-eeaa-5c6a-7669-df280dbd4e10,1777355104,0.5,1.0,no,"{""count_fp"":""1.00"",""created_time"":""2026-04-28T05:45:04.118905Z"",""no_price_dollars"":""0.5000"",""taker_side"":""no"",""ticker"":""KXBTC15M-26APR280200-00"",""trade_id"":""b9670a1a-eeaa-5c6a-7669-df280dbd4e10"",""yes_price_dollars"":""0.5000""}"
KXBTC15M-26APR280200-00,f552bc94-6428-7019-0915-28db66fe99f7,1777355107,0.52,5.0,yes,"{""count_fp"":""5.00"",""created_time"":""2026-04-28T05:45:07.561086Z"",""no_price_dollars"":""0.4800"",""taker_side"":""yes"",""ticker"":""KXBTC15M-26APR280200-00"",""trade_id"":""f552bc94-6428-7019-0915-28db66fe99f7"",""yes_price_dollars"":""0.5200""}"
KXBTC15M-26APR280200-00,d2fd03b7-ceac-7c96-26af-0de1c34ff5b0,1777355107,0.52,4.84,yes,"{""count_fp"":""4.84"",""created_time"":""2026-04-28T05:45:07.561086Z"",""no_price_dollars"":""0.4800"",""taker_side"":""yes"",""ticker"":""KXBTC15M-26APR280200-00"",""trade_id"":""d2fd03b7-ceac-7c96-26af-0de1c34ff5b0"",""yes_price_dollars"":""0.5200""}"
KXBTC15M-26APR280200-00,c16e76e8-1ac7-7a0e-0bcb-f70f05db18d2,1777355107,0.52,121.0,yes,"{""count_fp"":""121.00"",""created_time"":""2026-04-28T05:45:07.561086Z"",""no_price_dollars"":""0.4800"",""taker_side"":""yes"",""ticker"":""KXBTC15M-26APR280200-00"",""trade_id"":""c16e76e8-1ac7-7a0e-0bcb-f70f05db18d2"",""yes_price_dollars"":""0.5200""}"
KXBTC15M-26APR280200-00,bb10d1e7-d9f7-748e-253d-20df273ba87a,1777355107,0.52,4.0,yes,"{""count_fp"":""4.00"",""created_time"":""2026-04-28T05:45:07.561086Z"",""no_price_dollars"":""0.4800"",""taker_side"":""yes"",""ticker"":""KXBTC15M-26APR280200-00"",""trade_id"":""bb10d1e7-d9f7-748e-253d-20df273ba87a"",""yes_price_dollars"":""0.5200""}"
KXBTC15M-26APR280200-00,5e61443e-1331-7000-3385-cd751dd7d2b3,1777355107,0.52,2.0,yes,"{""count_fp"":""2.00"",""created_time"":""2026-04-28T05:45:07.561086Z"",""no_price_dollars"":""0.4800"",""taker_side"":""yes"",""ticker"":""KXBTC15M-26APR280200-00"",""trade_id"":""5e61443e-1331-7000-3385-cd751dd7d2b3"",""yes_price_dollars"":""0.5200""}"
KXBTC15M-26APR280200-00,39969a08-e145-7c5e-0b7c-7862f8d6e3f0,1777355107,0.52,2.0,yes,"{""count_fp"":""2.00"",""created_time"":""2026-04-28T05:45:07.561086Z"",""no_price_dollars"":""0.4800"",""taker_side"":""yes"",""ticker"":""KXBTC15M-26APR280200-00"",""trade_id"":""39969a08-e145-7c5e-0b7c-7862f8d6e3f0"",""yes_price_dollars"":""0.5200""}"
KXBTC15M-26APR280200-00,1d552cd8-b0f7-7df7-1529-ae2e8cfcc709,1777355107,0.52,10.0,yes,"{""count_fp"":""10.00"",""created_time"":""2026-04-28T05:45:07.561086Z"",""no_price_dollars"":""0.4800"",""taker_side"":""yes"",""ticker"":""KXBTC15M-26APR280200-00"",""trade_id"":""1d552cd8-b0f7-7df7-1529-ae2e8cfcc709"",""yes_price_dollars"":""0.5200""}"
KXBTC15M-26APR280200-00,1361c302-dd18-790d-20f4-03a980daa1f1,1777355107,0.52,1.0,yes,"{""count_fp"":""1.00"",""created_time"":""2026-04-28T05:45:07.059163Z"",""no_price_dollars"":""0.4800"",""taker_side"":""yes"",""ticker"":""KXBTC15M-26APR280200-00"",""trade_id"":""1361c302-dd18-790d-20f4-03a980daa1f1"",""yes_price_dollars"":""0.5200""}"
KXBTC15M-26APR280200-00,7fcf811a-b92c-54d9-bc3d-2badc1826f86,1777355108,0.52,0.56,yes,"{""count_fp"":""0.56"",""created_time"":""2026-04-28T05:45:08.802673Z"",""no_price_dollars"":""0.4800"",""taker_side"":""yes"",""ticker"":""KXBTC15M-26APR280200-00"",""trade_id"":""7fcf811a-b92c-54d9-bc3d-2badc1826f86"",""yes_price_dollars"":""0.5200""}"
KXBTC15M-26APR280200-00,05137300-bb70-582e-92de-ac55c8a0173c,1777355108,0.52,3.16,yes,"{""count_fp"":""3.16"",""created_time"":""2026-04-28T05:45:08.802673Z"",""no_price_dollars"":""0.4800"",""taker_side"":""yes"",""ticker"":""KXBTC15M-26APR280200-00"",""trade_id"":""05137300-bb70-582e-92de-ac55c8a0173c"",""yes_price_dollars"":""0.5200""}"
KXBTC15M-26APR280200-00,d5be9f2d-0bc5-75e2-cb2b-d99716b1571f,1777355109,0.52,56.0,yes,"{""count_fp"":""56.00"",""created_time"":""2026-04-28T05:45:09.310163Z"",""no_price_dollars"":""0.4800"",""taker_side"":""yes"",""ticker"":""KXBTC15M-26APR280200-00"",""trade_id"":""d5be9f2d-0bc5-75e2-cb2b-d99716b1571f"",""yes_price_dollars"":""0.5200""}"
KXBTC15M-26APR280200-00,8becffa7-5d88-7499-c4c7-f43b55d794d6,1777355109,0.52,3.44,yes,"{""count_fp"":""3.44"",""created_time"":""2026-04-28T05:45:09.310163Z"",""no_price_dollars"":""0.4800"",""taker_side"":""yes"",""ticker"":""KXBTC15M-26APR280200-00"",""trade_id"":""8becffa7-5d88-7499-c4c7-f43b55d794d6"",""yes_price_dollars"":""0.5200""}"
KXBTC15M-26APR280200-00,4ee77f44-9869-77e0-de42-dccd26b3a61d,1777355109,0.52,29.86,yes,"{""count_fp"":""29.86"",""created_time"":""2026-04-28T05:45:09.310163Z"",""no_price_dollars"":""0.4800"",""taker_side"":""yes"",""ticker"":""KXBTC15M-26APR280200-00"",""trade_id"":""4ee77f44-9869-77e0-de42-dccd26b3a61d"",""yes_price_dollars"":""0.5200""}"
KXBTC15M-26APR280200-00,3e6119e5-b16a-62bb-8aca-2dce476f64e4,1777355110,0.5,8.97,no,"{""count_fp"":""8.97"",""created_time"":""2026-04-28T05:45:10.638553Z"",""no_price_dollars"":""0.5000"",""taker_side"":""no"",""ticker"":""KXBTC15M-26APR280200-00"",""trade_id"":""3e6119e5-b16a-62bb-8aca-2dce476f64e4"",""yes_price_dollars"":""0.5000""}"
KXBTC15M-26APR280200-00,de0abc13-0a21-4b10-338e-1f96c91f6e75,1777355110,0.52,0.14,yes,"{""count_fp"":""0.14"",""created_time"":""2026-04-28T05:45:10.120629Z"",""no_price_dollars"":""0.4800"",""taker_side"":""yes"",""ticker"":""KXBTC15M-26APR280200-00"",""trade_id"":""de0abc13-0a21-4b10-338e-1f96c91f6e75"",""yes_price_dollars"":""0.5200""}"
KXBTC15M-26APR280200-00,5f44b181-ab94-4a9c-3360-27bad5f79e60,1777355110,0.52,4.86,yes,"{""count_fp"":""4.86"",""created_time"":""2026-04-28T05:45:10.120629Z"",""no_price_dollars"":""0.4800"",""taker_side"":""yes"",""ticker"":""KXBTC15M-26APR280200-00"",""trade_id"":""5f44b181-ab94-4a9c-3360-27bad5f79e60"",""yes_price_dollars"":""0.5200""}"
KXBTC15M-26APR280200-00,ffd051a5-2a32-7107-f229-0b52e65c6898,1777355111,0.5,193.23,no,"{""count_fp"":""193.23"",""created_time"":""2026-04-28T05:45:11.800203Z"",""no_price_dollars"":""0.5000"",""taker_side"":""no"",""ticker"":""KXBTC15M-26APR280200-00"",""trade_id"":""ffd051a5-2a32-7107-f229-0b52e65c6898"",""yes_price_dollars"":""0.5000""}"
KXBTC15M-26APR280200-00,214c27d3-170e-72eb-8fa7-3036940920bc,1777355111,0.5,3.86,no,"{""count_fp"":""3.86"",""created_time"":""2026-04-28T05:45:11.646688Z"",""no_price_dollars"":""0.5000"",""taker_side"":""no"",""ticker"":""KXBTC15M-26APR280200-00"",""trade_id"":""214c27d3-170e-72eb-8fa7-3036940920bc"",""yes_price_dollars"":""0.5000""}"
KXBTC15M-26APR280200-00,696c884c-94dc-60ac-27e4-8ac1fcff5c2f,1777355111,0.52,0.97,yes,"{""count_fp"":""0.97"",""created_time"":""2026-04-28T05:45:11.054767Z"",""no_price_dollars"":""0.4800"",""taker_side"":""yes"",""ticker"":""KXBTC15M-26APR280200-00"",""trade_id"":""696c884c-94dc-60ac-27e4-8ac1fcff5c2f"",""yes_price_dollars"":""0.5200""}"
KXBTC15M-26APR280200-00,18f793ec-ffb8-6e6c-1409-90b0448aa8c8,1777355111,0.52,5.14,yes,"{""count_fp"":""5.14"",""created_time"":""2026-04-28T05:45:11.054767Z"",""no_price_dollars"":""0.4800"",""taker_side"":""yes"",""ticker"":""KXBTC15M-26APR280200-00"",""trade_id"":""18f793ec-ffb8-6e6c-1409-90b0448aa8c8"",""yes_price_dollars"":""0.5200""}"
KXBTC15M-26APR280200-00,09423556-3e04-63f3-2088-d3f445a99162,1777355111,0.51,40.0,yes,"{""count_fp"":""40.00"",""created_time"":""2026-04-28T05:45:11.054767Z"",""no_price_dollars"":""0.4900"",""taker_side"":""yes"",""ticker"":""KXBTC15M-26APR280200-00"",""trade_id"":""09423556-3e04-63f3-2088-d3f445a99162"",""yes_price_dollars"":""0.5100""}"
KXBTC15M-26APR280200-00,45150598-6b9f-4246-ee4f-910f660c5f45,1777355112,0.52,38.64,no,"{""count_fp"":""38.64"",""created_time"":""2026-04-28T05:45:12.814844Z"",""no_price_dollars"":""0.4800"",""taker_side"":""no"",""ticker"":""KXBTC15M-26APR280200-00"",""trade_id"":""45150598-6b9f-4246-ee4f-910f660c5f45"",""yes_price_dollars"":""0.5200""}"
KXBTC15M-26APR280200-00,eab5c815-16ec-69e7-5cc7-5d41c37fd83c,1777355112,0.52,10.0,yes,"{""count_fp"":""10.00"",""created_time"":""2026-04-28T05:45:12.463288Z"",""no_price_dollars"":""0.4800"",""taker_side"":""yes"",""ticker"":""KXBTC15M-26APR280200-00"",""trade_id"":""eab5c815-16ec-69e7-5cc7-5d41c37fd83c"",""yes_price_dollars"":""0.5200""}"
KXBTC15M-26APR280200-00,e931bfa6-6b85-6e24-4e6d-92b3ac4c6ee9,1777355112,0.51,3.0,yes,"{""count_fp"":""3.00"",""created_time"":""2026-04-28T05:45:12.463288Z"",""no_price_dollars"":""0.4900"",""taker_side"":""yes"",""ticker"":""KXBTC15M-26APR280200-00"",""trade_id"":""e931bfa6-6b85-6e24-4e6d-92b3ac4c6ee9"",""yes_price_dollars"":""0.5100""}"
KXBTC15M-26APR280200-00,d72d3b66-d229-6879-4cc7-e356cc53b2ca,1777355112,0.53,2.0,yes,"{""count_fp"":""2.00"",""created_time"":""2026-04-28T05:45:12.463288Z"",""no_price_dollars"":""0.4700"",""taker_side"":""yes"",""ticker"":""KXBTC15M-26APR280200-00"",""trade_id"":""d72d3b66-d229-6879-4cc7-e356cc53b2ca"",""yes_price_dollars"":""0.5300""}"
KXBTC15M-26APR280200-00,bdb4f23a-ff73-699d-6435-99c807514332,1777355112,0.52,400.0,yes,"{""count_fp"":""400.00"",""created_time"":""2026-04-28T05:45:12.463288Z"",""no_price_dollars"":""0.4800"",""taker_side"":""yes"",""ticker"":""KXBTC15M-26APR280200-00"",""trade_id"":""bdb4f23a-ff73-699d-6435-99c807514332"",""yes_price_dollars"":""0.5200""}"
KXBTC15M-26APR280200-00,b6a37655-e2cc-6d98-4076-252b7edd8bc7,1777355112,0.52,12.03,yes,"{""count_fp"":""12.03"",""created_time"":""2026-04-28T05:45:12.463288Z"",""no_price_dollars"":""0.4800"",""taker_side"":""yes"",""ticker"":""KXBTC15M-26APR280200-00"",""trade_id"":""b6a37655-e2cc-6d98-4076-252b7edd8bc7"",""yes_price_dollars"":""0.5200""}"
KXBTC15M-26APR280200-00,9d24b39a-dacb-6e30-4cb8-3ce637de3d79,1777355112,0.55,121.0,yes,"{""count_fp"":""121.00"",""created_time"":""2026-04-28T05:45:12.463288Z"",""no_price_dollars"":""0.4500"",""taker_side"":""yes"",""ticker"":""KXBTC15M-26APR280200-00"",""trade_id"":""9d24b39a-dacb-6e30-4cb8-3ce637de3d79"",""yes_price_dollars"":""0.5500""}"
KXBTC15M-26APR280200-00,90904a5b-f9d0-68cb-5ae7-9b896dbc0e30,1777355112,0.52,3.0,yes,"{""count_fp"":""3.00"",""created_time"":""2026-04-28T05:45:12.463288Z"",""no_price_dollars"":""0.4800"",""taker_side"":""yes"",""ticker"":""KXBTC15M-26APR280200-00"",""trade_id"":""90904a5b-f9d0-68cb-5ae7-9b896dbc0e30"",""yes_price_dollars"":""0.5200""}"
KXBTC15M-26APR280200-00,86cd15a1-e3a2-66e8-7eb2-9ed2ba3c45a9,1777355112,0.55,16.0,yes,"{""count_fp"":""16.00"",""created_time"":""2026-04-28T05:45:12.463288Z"",""no_price_dollars"":""0.4500"",""taker_side"":""yes"",""ticker"":""KXBTC15M-26APR280200-00"",""trade_id"":""86cd15a1-e3a2-66e8-7eb2-9ed2ba3c45a9"",""yes_price_dollars"":""0.5500""}"
KXBTC15M-26APR280200-00,80a06d24-5bcf-60ea-55e3-201d65e2dcdd,1777355112,0.52,2.0,yes,"{""count_fp"":""2.00"",""created_time"":""2026-04-28T05:45:12.463288Z"",""no_price_dollars"":""0.4800"",""taker_side"":""yes"",""ticker"":""KXBTC15M-26APR280200-00"",""trade_id"":""80a06d24-5bcf-60ea-55e3-201d65e2dcdd"",""yes_price_dollars"":""0.5200""}"
KXBTC15M-26APR280200-00,787e6f5c-9fd2-695d-66bd-ac5a7b78536a,1777355112,0.56,16.56,yes,"{""count_fp"":""16.56"",""created_time"":""2026-04-28T05:45:12.463288Z"",""no_price_dollars"":""0.4400"",""taker_side"":""yes"",""ticker"":""KXBTC15M-26APR280200-00"",""trade_id"":""787e6f5c-9fd2-695d-66bd-ac5a7b78536a"",""yes_price_dollars"":""0.5600""}"
KXBTC15M-26APR280200-00,6f888837-8a1f-606a-4b56-5eeb7947f2ab,1777355112,0.55,1.0,yes,"{""count_fp"":""1.00"",""created_time"":""2026-04-28T05:45:12.463288Z"",""no_price_dollars"":""0.4500"",""taker_side"":""yes"",""ticker"":""KXBTC15M-26APR280200-00"",""trade_id"":""6f888837-8a1f-606a-4b56-5eeb7947f2ab"",""yes_price_dollars"":""0.5500""}"
KXBTC15M-26APR280200-00,6dc41cb6-8613-65bb-52b1-a378f5c014c4,1777355112,0.51,40.0,yes,"{""count_fp"":""40.00"",""created_time"":""2026-04-28T05:45:12.463288Z"",""no_price_dollars"":""0.4900"",""taker_side"":""yes"",""ticker"":""KXBTC15M-26APR280200-00"",""trade_id"":""6dc41cb6-8613-65bb-52b1-a378f5c014c4"",""yes_price_dollars"":""0.5100""}"
KXBTC15M-26APR280200-00,513a4a7a-bccd-6f2f-67f5-f149ad08b332,1777355112,0.54,56.0,yes,"{""count_fp"":""56.00"",""created_time"":""2026-04-28T05:45:12.463288Z"",""no_price_dollars"":""0.4600"",""taker_side"":""yes"",""ticker"":""KXBTC15M-26APR280200-00"",""trade_id"":""513a4a7a-bccd-6f2f-67f5-f149ad08b332"",""yes_price_dollars"":""0.5400""}"
KXBTC15M-26APR280200-00,50935593-c8e2-66ca-5330-1f857ee697dc,1777355112,0.51,1.49,yes,"{""count_fp"":""1.49"",""created_time"":""2026-04-28T05:45:12.463288Z"",""no_price_dollars"":""0.4900"",""taker_side"":""yes"",""ticker"":""KXBTC15M-26APR280200-00"",""trade_id"":""50935593-c8e2-66ca-5330-1f857ee697dc"",""yes_price_dollars"":""0.5100""}"
KXBTC15M-26APR280200-00,507f20e8-6cd3-657b-5254-f89fa8668764,1777355112,0.55,1.0,yes,"{""count_fp"":""1.00"",""created_time"":""2026-04-28T05:45:12.463288Z"",""no_price_dollars"":""0.4500"",""taker_side"":""yes"",""ticker"":""KXBTC15M-26APR280200-00"",""trade_id"":""507f20e8-6cd3-657b-5254-f89fa8668764"",""yes_price_dollars"":""0.5500""}"
KXBTC15M-26APR280200-00,4e1871a3-343b-69e0-6941-5c6bb6ae26e2,1777355112,0.55,40.0,yes,"{""count_fp"":""40.00"",""created_time"":""2026-04-28T05:45:12.463288Z"",""no_price_dollars"":""0.4500"",""taker_side"":""yes"",""ticker"":""KXBTC15M-26APR280200-00"",""trade_id"":""4e1871a3-343b-69e0-6941-5c6bb6ae26e2"",""yes_price_dollars"":""0.5500""}"
KXBTC15M-26APR280200-00,39e995aa-b934-6e51-7cf7-0474f19145f8,1777355112,0.56,1.0,yes,"{""count_fp"":""1.00"",""created_time"":""2026-04-28T05:45:12.463288Z"",""no_price_dollars"":""0.4400"",""taker_side"":""yes"",""ticker"":""KXBTC15M-26APR280200-00"",""trade_id"":""39e995aa-b934-6e51-7cf7-0474f19145f8"",""yes_price_dollars"":""0.5600""}"
KXBTC15M-26APR280200-00,305b4958-89d2-6ff8-789f-f2d9aec8839c,1777355112,0.54,40.0,yes,"{""count_fp"":""40.00"",""created_time"":""2026-04-28T05:45:12.463288Z"",""no_price_dollars"":""0.4600"",""taker_side"":""yes"",""ticker"":""KXBTC15M-26APR280200-00"",""trade_id"":""305b4958-89d2-6ff8-789f-f2d9aec8839c"",""yes_price_dollars"":""0.5400""}"
KXBTC15M-26APR280200-00,30138d90-7ed0-6ba4-48f9-cab46e059a92,1777355112,0.54,2.0,yes,"{""count_fp"":""2.00"",""created_time"":""2026-04-28T05:45:12.463288Z"",""no_price_dollars"":""0.4600"",""taker_side"":""yes"",""ticker"":""KXBTC15M-26APR280200-00"",""trade_id"":""30138d90-7ed0-6ba4-48f9-cab46e059a92"",""yes_price_dollars"":""0.5400""}"
KXBTC15M-26APR280200-00,1f5c642f-a8fe-6495-7c03-8be287027471,1777355112,0.55,10.0,yes,"{""count_fp"":""10.00"",""created_time"":""2026-04-28T05:45:12.463288Z"",""no_price_dollars"":""0.4500"",""taker_side"":""yes"",""ticker"":""KXBTC15M-26APR280200-00"",""trade_id"":""1f5c642f-a8fe-6495-7c03-8be287027471"",""yes_price_dollars"":""0.5500""}"
KXBTC15M-26APR280200-00,1099ae81-6b2f-6484-6b4b-6fe713b4ccd5,1777355112,0.53,40.0,yes,"{""count_fp"":""40.00"",""created_time"":""2026-04-28T05:45:12.463288Z"",""no_price_dollars"":""0.4700"",""taker_side"":""yes"",""ticker"":""KXBTC15M-26APR280200-00"",""trade_id"":""1099ae81-6b2f-6484-6b4b-6fe713b4ccd5"",""yes_price_dollars"":""0.5300""}"
KXBTC15M-26APR280200-00,05196e23-e2da-6676-56a5-745c2db6898b,1777355112,0.52,40.0,yes,"{""count_fp"":""40.00"",""created_time"":""2026-04-28T05:45:12.463288Z"",""no_price_dollars"":""0.4800"",""taker_side"":""yes"",""ticker"":""KXBTC15M-26APR280200-00"",""trade_id"":""05196e23-e2da-6676-56a5-745c2db6898b"",""yes_price_dollars"":""0.5200""}"
KXBTC15M-26APR280200-00,0148fcd8-3459-67e6-7526-6180736995e5,1777355112,0.53,200.0,yes,"{""count_fp"":""200.00"",""created_time"":""2026-04-28T05:45:12.463288Z"",""no_price_dollars"":""0.4700"",""taker_side"":""yes"",""ticker"":""KXBTC15M-26APR280200-00"",""trade_id"":""0148fcd8-3459-67e6-7526-6180736995e5"",""yes_price_dollars"":""0.5300""}"
KXBTC15M-26APR280200-00,cc73e4eb-cd11-43e6-84d6-a4c71bf27b8a,1777355112,0.51,38.0,yes,"{""count_fp"":""38.00"",""created_time"":""2026-04-28T05:45:12.410528Z"",""no_price_dollars"":""0.4900"",""taker_side"":""yes"",""ticker"":""KXBTC15M-26APR280200-00"",""trade_id"":""cc73e4eb-cd11-43e6-84d6-a4c71bf27b8a"",""yes_price_dollars"":""0.5100""}"
KXBTC15M-26APR280200-00,5e5b5ebd-3e9e-43c6-9ada-1673cd497a54,1777355112,0.51,8.51,yes,"{""count_fp"":""8.51"",""created_time"":""2026-04-28T05:45:12.410528Z"",""no_price_dollars"":""0.4900"",""taker_side"":""yes"",""ticker"":""KXBTC15M-26APR280200-00"",""trade_id"":""5e5b5ebd-3e9e-43c6-9ada-1673cd497a54"",""yes_price_dollars"":""0.5100""}"
KXBTC15M-26APR280200-00,12ae4204-184a-7693-8f07-0a64a0287ca0,1777355112,0.5,50.0,no,"{""count_fp"":""50.00"",""created_time"":""2026-04-28T05:45:12.075871Z"",""no_price_dollars"":""0.5000"",""taker_side"":""no"",""ticker"":""KXBTC15M-26APR280200-00"",""trade_id"":""12ae4204-184a-7693-8f07-0a64a0287ca0"",""yes_price_dollars"":""0.5000""}"
KXBTC15M-26APR280200-00,ac229055-3006-6867-e224-14b1c94417a8,1777355113,0.51,1.0,no,"{""count_fp"":""1.00"",""created_time"":""2026-04-28T05:45:13.960356Z"",""no_price_dollars"":""0.4900"",""taker_side"":""no"",""ticker"":""KXBTC15M-26APR280200-00"",""trade_id"":""ac229055-3006-6867-e224-14b1c94417a8"",""yes_price_dollars"":""0.5100""}"
KXBTC15M-26APR280200-00,d445cda4-d902-76c7-e367-56dc93060030,1777355113,0.5,1.93,no,"{""count_fp"":""1.93"",""created_time"":""2026-04-28T05:45:13.579226Z"",""no_price_dollars"":""0.5000"",""taker_side"":""no"",""ticker"":""KXBTC15M-26APR280200-00"",""trade_id"":""d445cda4-d902-76c7-e367-56dc93060030"",""yes_price_dollars"":""0.5000""}"
KXBTC15M-26APR280200-00,801ba987-df65-5543-7825-13b2fca253ab,1777355113,0.51,40.0,no,"{""count_fp"":""40.00"",""created_time"":""2026-04-28T05:45:13.401354Z"",""no_price_dollars"":""0.4900"",""taker_side"":""no"",""ticker"":""KXBTC15M-26APR280200-00"",""trade_id"":""801ba987-df65-5543-7825-13b2fca253ab"",""yes_price_dollars"":""0.5100""}"
KXBTC15M-26APR280200-00,69eb3fb1-6969-5c33-6996-046f914bae40,1777355113,0.52,121.0,no,"{""count_fp"":""121.00"",""created_time"":""2026-04-28T05:45:13.401354Z"",""no_price_dollars"":""0.4800"",""taker_side"":""no"",""ticker"":""KXBTC15M-26APR280200-00"",""trade_id"":""69eb3fb1-6969-5c33-6996-046f914bae40"",""yes_price_dollars"":""0.5200""}"
KXBTC15M-26APR280200-00,58bee8ba-16ce-5a03-7606-1ddc01f35698,1777355113,0.5,407.3,no,"{""count_fp"":""407.30"",""created_time"":""2026-04-28T05:45:13.401354Z"",""no_price_dollars"":""0.5000"",""taker_side"":""no"",""ticker"":""KXBTC15M-26APR280200-00"",""trade_id"":""58bee8ba-16ce-5a03-7606-1ddc01f35698"",""yes_price_dollars"":""0.5000""}"
KXBTC15M-26APR280200-00,3b3a5fce-81cb-5c96-5fd5-34154a866770,1777355113,0.52,10.05,no,"{""count_fp"":""10.05"",""created_time"":""2026-04-28T05:45:13.401354Z"",""no_price_dollars"":""0.4800"",""taker_side"":""no"",""ticker"":""KXBTC15M-26APR280200-00"",""trade_id"":""3b3a5fce-81cb-5c96-5fd5-34154a866770"",""yes_price_dollars"":""0.5200""}"
KXBTC15M-26APR280200-00,1f6c84fa-b3af-5a26-65ec-d5cb295a49c5,1777355113,0.52,1.36,no,"{""count_fp"":""1.36"",""created_time"":""2026-04-28T05:45:13.401354Z"",""no_price_dollars"":""0.4800"",""taker_side"":""no"",""ticker"":""KXBTC15M-26APR280200-00"",""trade_id"":""1f6c84fa-b3af-5a26-65ec-d5cb295a49c5"",""yes_price_dollars"":""0.5200""}"
KXBTC15M-26APR280200-00,9be19965-3a56-484b-3d90-20dc8829b18c,1777355114,0.51,1.95,no,"{""count_fp"":""1.95"",""created_time"":""2026-04-28T05:45:14.882996Z"",""no_price_dollars"":""0.4900"",""taker_side"":""no"",""ticker"":""KXBTC15M-26APR280200-00"",""trade_id"":""9be19965-3a56-484b-3d90-20dc8829b18c"",""yes_price_dollars"":""0.5100""}"
KXBTC15M-26APR280200-00,38873351-f20e-7d1a-a625-8fafe824e758,1777355114,0.52,1.86,yes,"{""count_fp"":""1.86"",""created_time"":""2026-04-28T05:45:14.817886Z"",""no_price_dollars"":""0.4800"",""taker_side"":""yes"",""ticker"":""KXBTC15M-26APR280200-00"",""trade_id"":""38873351-f20e-7d1a-a625-8fafe824e758"",""yes_price_dollars"":""0.5200""}"
KXBTC15M-26APR280200-00,2449fa5e-0e5e-6a4f-ae33-9c6604b1101c,1777355114,0.51,96.61,no,"{""count_fp"":""96.61"",""created_time"":""2026-04-28T05:45:14.185874Z"",""no_price_dollars"":""0.4900"",""taker_side"":""no"",""ticker"":""KXBTC15M-26APR280200-00"",""trade_id"":""2449fa5e-0e5e-6a4f-ae33-9c6604b1101c"",""yes_price_dollars"":""0.5100""}"
KXBTC15M-26APR280200-00,6b6fa52b-105c-41da-d4e2-774e76184e7a,1777355114,0.52,1.82,yes,"{""count_fp"":""1.82"",""created_time"":""2026-04-28T05:45:14.114926Z"",""no_price_dollars"":""0.4800"",""taker_side"":""yes"",""ticker"":""KXBTC15M-26APR280200-00"",""trade_id"":""6b6fa52b-105c-41da-d4e2-774e76184e7a"",""yes_price_dollars"":""0.5200""}"
KXBTC15M-26APR280200-00,dcd491c9-bf9a-77e2-61b4-be29ae6b85bc,1777355115,0.52,3.72,yes,"{""count_fp"":""3.72"",""created_time"":""2026-04-28T05:45:15.935668Z"",""no_price_dollars"":""0.4800"",""taker_side"":""yes"",""ticker"":""KXBTC15M-26APR280200-00"",""trade_id"":""dcd491c9-bf9a-77e2-61b4-be29ae6b85bc"",""yes_price_dollars"":""0.5200""}"
KXBTC15M-26APR280200-00,f1f989c6-a28b-76b7-a3a7-6da9576c1ebe,1777355116,0.52,20.0,yes,"{""count_fp"":""20.00"",""created_time"":""2026-04-28T05:45:16.382286Z"",""no_price_dollars"":""0.4800"",""taker_side"":""yes"",""ticker"":""KXBTC15M-26APR280200-00"",""trade_id"":""f1f989c6-a28b-76b7-a3a7-6da9576c1ebe"",""yes_price_dollars"":""0.5200""}"
KXBTC15M-26APR280200-00,78e01244-230c-7f2e-81ba-2ef87e87d56b,1777355116,0.53,40.0,yes,"{""count_fp"":""40.00"",""created_time"":""2026-04-28T05:45:16.382286Z"",""no_price_dollars"":""0.4700"",""taker_side"":""yes"",""ticker"":""KXBTC15M-26APR280200-00"",""trade_id"":""78e01244-230c-7f2e-81ba-2ef87e87d56b"",""yes_price_dollars"":""0.5300""}"
KXBTC15M-26APR280200-00,70d345fd-da3e-7392-9e88-c20bf9a1048c,1777355116,0.52,34.42,yes,"{""count_fp"":""34.42"",""created_time"":""2026-04-28T05:45:16.382286Z"",""no_price_dollars"":""0.4800"",""taker_side"":""yes"",""ticker"":""KXBTC15M-26APR280200-00"",""trade_id"":""70d345fd-da3e-7392-9e88-c20bf9a1048c"",""yes_price_dollars"":""0.5200""}"
KXBTC15M-26APR280200-00,66a4b83a-dc32-75cb-b8ae-8cfd2c894233,1777355116,0.52,3.0,yes,"{""count_fp"":""3.00"",""created_time"":""2026-04-28T05:45:16.382286Z"",""no_price_dollars"":""0.4800"",""taker_side"":""yes"",""ticker"":""KXBTC15M-26APR280200-00"",""trade_id"":""66a4b83a-dc32-75cb-b8ae-8cfd2c894233"",""yes_price_dollars"":""0.5200""}"
KXBTC15M-26APR280200-00,39bdefc1-9913-74a8-999f-7d5be390401d,1777355116,0.54,2.0,yes,"{""count_fp"":""2.00"",""created_time"":""2026-04-28T05:45:16.382286Z"",""no_price_dollars"":""0.4600"",""taker_side"":""yes"",""ticker"":""KXBTC15M-26APR280200-00"",""trade_id"":""39bdefc1-9913-74a8-999f-7d5be390401d"",""yes_price_dollars"":""0.5400""}"
KXBTC15M-26APR280200-00,2b03c1be-5a28-791a-aaf2-a6f926bce2ab,1777355116,0.54,40.0,yes,"{""count_fp"":""40.00"",""created_time"":""2026-04-28T05:45:16.382286Z"",""no_price_dollars"":""0.4600"",""taker_side"":""yes"",""ticker"":""KXBTC15M-26APR280200-00"",""trade_id"":""2b03c1be-5a28-791a-aaf2-a6f926bce2ab"",""yes_price_dollars"":""0.5400""}"
KXBTC15M-26APR280200-00,199015e7-1da8-707b-8b0f-2f2d13111a8c,1777355116,0.55,18.58,yes,"{""count_fp"":""18.58"",""created_time"":""2026-04-28T05:45:16.382286Z"",""no_price_dollars"":""0.4500"",""taker_side"":""yes"",""ticker"":""KXBTC15M-26APR280200-00"",""trade_id"":""199015e7-1da8-707b-8b0f-2f2d13111a8c"",""yes_price_dollars"":""0.5500""}"
KXBTC15M-26APR280200-00,06f4d2f6-2f89-7705-b470-96d01a9a1aba,1777355116,0.53,19.0,yes,"{""count_fp"":""19.00"",""created_time"":""2026-04-28T05:45:16.382286Z"",""no_price_dollars"":""0.4700"",""taker_side"":""yes"",""ticker"":""KXBTC15M-26APR280200-00"",""trade_id"":""06f4d2f6-2f89-7705-b470-96d01a9a1aba"",""yes_price_dollars"":""0.5300""}"
KXBTC15M-26APR280200-00,066fea46-0e97-78a8-b8a2-fe82a1da4dc5,1777355116,0.52,2.0,yes,"{""count_fp"":""2.00"",""created_time"":""2026-04-28T05:45:16.382286Z"",""no_price_dollars"":""0.4800"",""taker_side"":""yes"",""ticker"":""KXBTC15M-26APR280200-00"",""trade_id"":""066fea46-0e97-78a8-b8a2-fe82a1da4dc5"",""yes_price_dollars"":""0.5200""}"
KXBTC15M-26APR280200-00,00d2e546-f42e-7489-8497-cb70c90e51b3,1777355116,0.53,2.0,yes,"{""count_fp"":""2.00"",""created_time"":""2026-04-28T05:45:16.382286Z"",""no_price_dollars"":""0.4700"",""taker_side"":""yes"",""ticker"":""KXBTC15M-26APR280200-00"",""trade_id"":""00d2e546-f42e-7489-8497-cb70c90e51b3"",""yes_price_dollars"":""0.5300""}"
KXBTC15M-26APR280200-00,3509c137-6cd2-4e34-0933-3c5c530b1e7b,1777355117,0.52,13.79,no,"{""count_fp"":""13.79"",""created_time"":""2026-04-28T05:45:17.763117Z"",""no_price_dollars"":""0.4800"",""taker_side"":""no"",""ticker"":""KXBTC15M-26APR280200-00"",""trade_id"":""3509c137-6cd2-4e34-0933-3c5c530b1e7b"",""yes_price_dollars"":""0.5200""}"
KXBTC15M-26APR280200-00,d307549c-857a-5f7c-2aa6-fde1f52d82b3,1777355117,0.52,1.0,no,"{""count_fp"":""1.00"",""created_time"":""2026-04-28T05:45:17.442452Z"",""no_price_dollars"":""0.4800"",""taker_side"":""no"",""ticker"":""KXBTC15M-26APR280200-00"",""trade_id"":""d307549c-857a-5f7c-2aa6-fde1f52d82b3"",""yes_price_dollars"":""0.5200""}"
KXBTC15M-26APR280200-00,409c4dbe-5efa-40b8-f426-30e47e7f2247,1777355117,0.52,1.97,no,"{""count_fp"":""1.97"",""created_time"":""2026-04-28T05:45:17.311595Z"",""no_price_dollars"":""0.4800"",""taker_side"":""no"",""ticker"":""KXBTC15M-26APR280200-00"",""trade_id"":""409c4dbe-5efa-40b8-f426-30e47e7f2247"",""yes_price_dollars"":""0.5200""}"
KXBTC15M-26APR280200-00,fa4d2251-c722-4bdd-c222-4a00deff93e5,1777355118,0.52,32.14,no,"{""count_fp"":""32.14"",""created_time"":""2026-04-28T05:45:18.794085Z"",""no_price_dollars"":""0.4800"",""taker_side"":""no"",""ticker"":""KXBTC15M-26APR280200-00"",""trade_id"":""fa4d2251-c722-4bdd-c222-4a00deff93e5"",""yes_price_dollars"":""0.5200""}"
KXBTC15M-26APR280200-00,f723910f-5a0a-403b-a030-a3d36566f107,1777355118,0.52,7.12,no,"{""count_fp"":""7.12"",""created_time"":""2026-04-28T05:45:18.775583Z"",""no_price_dollars"":""0.4800"",""taker_side"":""no"",""ticker"":""KXBTC15M-26APR280200-00"",""trade_id"":""f723910f-5a0a-403b-a030-a3d36566f107"",""yes_price_dollars"":""0.5200""}"
KXBTC15M-26APR280200-00,928bb38a-8d2b-43d5-946d-193beaec29df,1777355118,0.51,83.9,no,"{""count_fp"":""83.90"",""created_time"":""2026-04-28T05:45:18.775583Z"",""no_price_dollars"":""0.4900"",""taker_side"":""no"",""ticker"":""KXBTC15M-26APR280200-00"",""trade_id"":""928bb38a-8d2b-43d5-946d-193beaec29df"",""yes_price_dollars"":""0.5100""}"
KXBTC15M-26APR280200-00,1af52b96-181a-4217-a32f-b059695a36c8,1777355118,0.51,392.36,no,"{""count_fp"":""392.36"",""created_time"":""2026-04-28T05:45:18.775583Z"",""no_price_dollars"":""0.4900"",""taker_side"":""no"",""ticker"":""KXBTC15M-26APR280200-00"",""trade_id"":""1af52b96-181a-4217-a32f-b059695a36c8"",""yes_price_dollars"":""0.5100""}"
KXBTC15M-26APR280200-00,f8061762-3487-411a-49a7-b4afaab10c36,1777355118,0.52,1.97,no,"{""count_fp"":""1.97"",""created_time"":""2026-04-28T05:45:18.468919Z"",""no_price_dollars"":""0.4800"",""taker_side"":""no"",""ticker"":""KXBTC15M-26APR280200-00"",""trade_id"":""f8061762-3487-411a-49a7-b4afaab10c36"",""yes_price_dollars"":""0.5200""}"
KXBTC15M-26APR280200-00,c2ba8013-4513-507e-77cc-a97d9cede6c2,1777355118,0.52,2.01,no,"{""count_fp"":""2.01"",""created_time"":""2026-04-28T05:45:18.422365Z"",""no_price_dollars"":""0.4800"",""taker_side"":""no"",""ticker"":""KXBTC15M-26APR280200-00"",""trade_id"":""c2ba8013-4513-507e-77cc-a97d9cede6c2"",""yes_price_dollars"":""0.5200""}"
KXBTC15M-26APR280200-00,b440b289-b1ce-5b28-0901-a367cd6d95bf,1777355118,0.52,23.24,no,"{""count_fp"":""23.24"",""created_time"":""2026-04-28T05:45:18.066718Z"",""no_price_dollars"":""0.4800"",""taker_side"":""no"",""ticker"":""KXBTC15M-26APR280200-00"",""trade_id"":""b440b289-b1ce-5b28-0901-a367cd6d95bf"",""yes_price_dollars"":""0.5200""}"
KXBTC15M-26APR280200-00,75ef527b-5a90-50d5-2487-8b23ebde1e22,1777355118,0.52,10.05,no,"{""count_fp"":""10.05"",""created_time"":""2026-04-28T05:45:18.066718Z"",""no_price_dollars"":""0.4800"",""taker_side"":""no"",""ticker"":""KXBTC15M-26APR280200-00"",""trade_id"":""75ef527b-5a90-50d5-2487-8b23ebde1e22"",""yes_price_dollars"":""0.5200""}"
KXBTC15M-26APR280200-00,19c993af-5952-5f7f-28e2-5d7516c8788c,1777355118,0.51,546.79,no,"{""count_fp"":""546.79"",""created_time"":""2026-04-28T05:45:18.066718Z"",""no_price_dollars"":""0.4900"",""taker_side"":""no"",""ticker"":""KXBTC15M-26APR280200-00"",""trade_id"":""19c993af-5952-5f7f-28e2-5d7516c8788c"",""yes_price_dollars"":""0.5100""}"
KXBTC15M-26APR280200-00,a90cd155-2317-7f09-5f2d-0f9103fc7d8f,1777355119,0.52,2.0,no,"{""count_fp"":""2.00"",""created_time"":""2026-04-28T05:45:19.984359Z"",""no_price_dollars"":""0.4800"",""taker_side"":""no"",""ticker"":""KXBTC15M-26APR280200-00"",""trade_id"":""a90cd155-2317-7f09-5f2d-0f9103fc7d8f"",""yes_price_dollars"":""0.5200""}"
KXBTC15M-26APR280200-00,ad23947a-ad0b-6ee4-338a-478d8a74a2c9,1777355119,0.52,97.42,yes,"{""count_fp"":""97.42"",""created_time"":""2026-04-28T05:45:19.725268Z"",""no_price_dollars"":""0.4800"",""taker_side"":""yes"",""ticker"":""KXBTC15M-26APR280200-00"",""trade_id"":""ad23947a-ad0b-6ee4-338a-478d8a74a2c9"",""yes_price_dollars"":""0.5200""}"
KXBTC15M-26APR280200-00,88bf9dcf-e4ea-6e0a-2d9f-b37084f47411,1777355119,0.52,25.0,yes,"{""count_fp"":""25.00"",""created_time"":""2026-04-28T05:45:19.725268Z"",""no_price_dollars"":""0.4800"",""taker_side"":""yes"",""ticker"":""KXBTC15M-26APR280200-00"",""trade_id"":""88bf9dcf-e4ea-6e0a-2d9f-b37084f47411"",""yes_price_dollars"":""0.5200""}"
KXBTC15M-26APR280200-00,36e94662-9412-6ac1-01cb-1f23ccf4d280,1777355119,0.52,3.0,yes,"{""count_fp"":""3.00"",""created_time"":""2026-04-28T05:45:19.725268Z"",""no_price_dollars"":""0.4800"",""taker_side"":""yes"",""ticker"":""KXBTC15M-26APR280200-00"",""trade_id"":""36e94662-9412-6ac1-01cb-1f23ccf4d280"",""yes_price_dollars"":""0.5200""}"
KXBTC15M-26APR280200-00,46549015-b7fb-5e9d-36eb-87b7ea901ccf,1777355119,0.51,8.0,no,"{""count_fp"":""8.00"",""created_time"":""2026-04-28T05:45:19.164433Z"",""no_price_dollars"":""0.4900"",""taker_side"":""no"",""ticker"":""KXBTC15M-26APR280200-00"",""trade_id"":""46549015-b7fb-5e9d-36eb-87b7ea901ccf"",""yes_price_dollars"":""0.5100""}"
KXBTC15M-26APR280200-00,237914eb-0da4-5d82-fa61-fc1bd984e299,1777355120,0.51,1.0,yes,"{""count_fp"":""1.00"",""created_time"":""2026-04-28T05:45:20.512315Z"",""no_price_dollars"":""0.4900"",""taker_side"":""yes"",""ticker"":""KXBTC15M-26APR280200-00"",""trade_id"":""237914eb-0da4-5d82-fa61-fc1bd984e299"",""yes_price_dollars"":""0.5100""}"
KXBTC15M-26APR280200-00,bdde9584-6473-5b51-61f5-6698f65312c7,1777355120,0.52,25.8,no,"{""count_fp"":""25.80"",""created_time"":""2026-04-28T05:45:20.327452Z"",""no_price_dollars"":""0.4800"",""taker_side"":""no"",""ticker"":""KXBTC15M-26APR280200-00"",""trade_id"":""bdde9584-6473-5b51-61f5-6698f65312c7"",""yes_price_dollars"":""0.5200""}"
KXBTC15M-26APR280200-00,e934b7fd-52af-4769-582d-4cbe10396637,1777355120,0.52,25.8,no,"{""count_fp"":""25.80"",""created_time"":""2026-04-28T05:45:20.020363Z"",""no_price_dollars"":""0.4800"",""taker_side"":""no"",""ticker"":""KXBTC15M-26APR280200-00"",""trade_id"":""e934b7fd-52af-4769-582d-4cbe10396637"",""yes_price_dollars"":""0.5200""}"
KXBTC15M-26APR280200-00,b2544de8-68eb-4325-6957-103fac0f9297,1777355120,0.52,20.98,no,"{""count_fp"":""20.98"",""created_time"":""2026-04-28T05:45:20.009727Z"",""no_price_dollars"":""0.4800"",""taker_side"":""no"",""ticker"":""KXBTC15M-26APR280200-00"",""trade_id"":""b2544de8-68eb-4325-6957-103fac0f9297"",""yes_price_dollars"":""0.5200""}"
KXBTC15M-26APR280200-00,b4a709e8-ea68-6781-3568-2db4c54d64e7,1777355121,0.5,148.91,no,"{""count_fp"":""148.91"",""created_time"":""2026-04-28T05:45:21.818695Z"",""no_price_dollars"":""0.5000"",""taker_side"":""no"",""ticker"":""KXBTC15M-26APR280200-00"",""trade_id"":""b4a709e8-ea68-6781-3568-2db4c54d64e7"",""yes_price_dollars"":""0.5000""}"
KXBTC15M-26APR280200-00,9826438b-6a77-6aa7-0a2f-b1bfaaeacc94,1777355121,0.5,40.0,no,"{""count_fp"":""40.00"",""created_time"":""2026-04-28T05:45:21.818695Z"",""no_price_dollars"":""0.5000"",""taker_side"":""no"",""ticker"":""KXBTC15M-26APR280200-00"",""trade_id"":""9826438b-6a77-6aa7-0a2f-b1bfaaeacc94"",""yes_price_dollars"":""0.5000""}"
KXBTC15M-26APR280200-00,3d08b30c-1ca6-636e-1101-51f6570d81a4,1777355121,0.5,1.0,no,"{""count_fp"":""1.00"",""created_time"":""2026-04-28T05:45:21.818695Z"",""no_price_dollars"":""0.5000"",""taker_side"":""no"",""ticker"":""KXBTC15M-26APR280200-00"",""trade_id"":""3d08b30c-1ca6-636e-1101-51f6570d81a4"",""yes_price_dollars"":""0.5000""}"
KXBTC15M-26APR280200-00,d91e376b-2dd6-499d-a350-e2f58e1d3019,1777355121,0.51,37.2,yes,"{""count_fp"":""37.20"",""created_time"":""2026-04-28T05:45:21.726752Z"",""no_price_dollars"":""0.4900"",""taker_side"":""yes"",""ticker"":""KXBTC15M-26APR280200-00"",""trade_id"":""d91e376b-2dd6-499d-a350-e2f58e1d3019"",""yes_price_dollars"":""0.5100""}"
KXBTC15M-26APR280200-00,a30827c5-e470-72de-05a1-5811ee260fa9,1777355121,0.51,28.43,yes,"{""count_fp"":""28.43"",""created_time"":""2026-04-28T05:45:21.587496Z"",""no_price_dollars"":""0.4900"",""taker_side"":""yes"",""ticker"":""KXBTC15M-26APR280200-00"",""trade_id"":""a30827c5-e470-72de-05a1-5811ee260fa9"",""yes_price_dollars"":""0.5100""}"
KXBTC15M-26APR280200-00,0bcdbf86-7d3c-7d5e-a3fb-1715a3f8dc95,1777355121,0.51,13.22,yes,"{""count_fp"":""13.22"",""created_time"":""2026-04-28T05:45:21.264587Z"",""no_price_dollars"":""0.4900"",""taker_side"":""yes"",""ticker"":""KXBTC15M-26APR280200-00"",""trade_id"":""0bcdbf86-7d3c-7d5e-a3fb-1715a3f8dc95"",""yes_price_dollars"":""0.5100""}"
KXBTC15M-26APR280200-00,3fe6e640-010b-5f28-c1ec-220c9b228a11,1777355121,0.51,80.0,yes,"{""count_fp"":""80.00"",""created_time"":""2026-04-28T05:45:21.049225Z"",""no_price_dollars"":""0.4900"",""taker_side"":""yes"",""ticker"":""KXBTC15M-26APR280200-00"",""trade_id"":""3fe6e640-010b-5f28-c1ec-220c9b228a11"",""yes_price_dollars"":""0.5100""}"
KXBTC15M-26APR280200-00,13e048da-ac20-4e12-696c-2f00935f7559,1777355122,0.51,99.61,yes,"{""count_fp"":""99.61"",""created_time"":""2026-04-28T05:45:22.782467Z"",""no_price_dollars"":""0.4900"",""taker_side"":""yes"",""ticker"":""KXBTC15M-26APR280200-00"",""trade_id"":""13e048da-ac20-4e12-696c-2f00935f7559"",""yes_price_dollars"":""0.5100""}"
KXBTC15M-26APR280200-00,be9c86f9-9d88-5e7a-5146-1ed27866be69,1777355122,0.51,27.65,yes,"{""count_fp"":""27.65"",""created_time"":""2026-04-28T05:45:22.658598Z"",""no_price_dollars"":""0.4900"",""taker_side"":""yes"",""ticker"":""KXBTC15M-26APR280200-00"",""trade_id"":""be9c86f9-9d88-5e7a-5146-1ed27866be69"",""yes_price_dollars"":""0.5100""}"
KXBTC15M-26APR280200-00,72143918-f41c-5769-e5b4-a6999bc01dcf,1777355122,0.5,48.16,no,"{""count_fp"":""48.16"",""created_time"":""2026-04-28T05:45:22.258404Z"",""no_price_dollars"":""0.5000"",""taker_side"":""no"",""ticker"":""KXBTC15M-26APR280200-00"",""trade_id"":""72143918-f41c-5769-e5b4-a6999bc01dcf"",""yes_price_dollars"":""0.5000""}"
KXBTC15M-26APR280200-00,d388726a-cfd0-4f5a-2dd7-76a025f69631,1777355122,0.51,15.09,yes,"{""count_fp"":""15.09"",""created_time"":""2026-04-28T05:45:22.112443Z"",""no_price_dollars"":""0.4900"",""taker_side"":""yes"",""ticker"":""KXBTC15M-26APR280200-00"",""trade_id"":""d388726a-cfd0-4f5a-2dd7-76a025f69631"",""yes_price_dollars"":""0.5100""}"
KXBTC15M-26APR280200-00,b916081c-874e-494f-3ec3-08fe67775f4c,1777355122,0.51,10.0,yes,"{""count_fp"":""10.00"",""created_time"":""2026-04-28T05:45:22.112443Z"",""no_price_dollars"":""0.4900"",""taker_side"":""yes"",""ticker"":""KXBTC15M-26APR280200-00"",""trade_id"":""b916081c-874e-494f-3ec3-08fe67775f4c"",""yes_price_dollars"":""0.5100""}"
KXBTC15M-26APR280200-00,abf35bef-39cc-4d84-135b-12b65228927d,1777355122,0.51,3.0,yes,"{""count_fp"":""3.00"",""created_time"":""2026-04-28T05:45:22.112443Z"",""no_price_dollars"":""0.4900"",""taker_side"":""yes"",""ticker"":""KXBTC15M-26APR280200-00"",""trade_id"":""abf35bef-39cc-4d84-135b-12b65228927d"",""yes_price_dollars"":""0.5100""}"
KXBTC15M-26APR280200-00,29d3c4d9-f3d0-7b5d-e842-8cfbefa1ff0b,1777355123,0.51,25.0,no,"{""count_fp"":""25.00"",""created_time"":""2026-04-28T05:45:23.720968Z"",""no_price_dollars"":""0.4900"",""taker_side"":""no"",""ticker"":""KXBTC15M-26APR280200-00"",""trade_id"":""29d3c4d9-f3d0-7b5d-e842-8cfbefa1ff0b"",""yes_price_dollars"":""0.5100""}"
KXBTC15M-26APR280200-00,882b69c6-a79d-581c-4115-b8ab10d85471,1777355123,0.52,70.25,yes,"{""count_fp"":""70.25"",""created_time"":""2026-04-28T05:45:23.701755Z"",""no_price_dollars"":""0.4800"",""taker_side"":""yes"",""ticker"":""KXBTC15M-26APR280200-00"",""trade_id"":""882b69c6-a79d-581c-4115-b8ab10d85471"",""yes_price_dollars"":""0.5200""}"
KXBTC15M-26APR280200-00,658f3213-465e-5fca-62be-e3c862fd6ca9,1777355123,0.52,25.0,yes,"{""count_fp"":""25.00"",""created_time"":""2026-04-28T05:45:23.701755Z"",""no_price_dollars"":""0.4800"",""taker_side"":""yes"",""ticker"":""KXBTC15M-26APR280200-00"",""trade_id"":""658f3213-465e-5fca-62be-e3c862fd6ca9"",""yes_price_dollars"":""0.5200""}"
KXBTC15M-26APR280200-00,d8f954e5-1841-6954-3439-0197076d4329,1777355123,0.52,29.75,yes,"{""count_fp"":""29.75"",""created_time"":""2026-04-28T05:45:23.700712Z"",""no_price_dollars"":""0.4800"",""taker_side"":""yes"",""ticker"":""KXBTC15M-26APR280200-00"",""trade_id"":""d8f954e5-1841-6954-3439-0197076d4329"",""yes_price_dollars"":""0.5200""}"
KXBTC15M-26APR280200-00,1ad08982-7428-6c23-3929-7bc34bdf6e86,1777355123,0.52,2.0,yes,"{""count_fp"":""2.00"",""created_time"":""2026-04-28T05:45:23.700712Z"",""no_price_dollars"":""0.4800"",""taker_side"":""yes"",""ticker"":""KXBTC15M-26APR280200-00"",""trade_id"":""1ad08982-7428-6c23-3929-7bc34bdf6e86"",""yes_price_dollars"":""0.5200""}"
KXBTC15M-26APR280200-00,7074a80b-978f-4123-9cf0-6438c7a650cb,1777355123,0.51,40.0,no,"{""count_fp"":""40.00"",""created_time"":""2026-04-28T05:45:23.422505Z"",""no_price_dollars"":""0.4900"",""taker_side"":""no"",""ticker"":""KXBTC15M-26APR280200-00"",""trade_id"":""7074a80b-978f-4123-9cf0-6438c7a650cb"",""yes_price_dollars"":""0.5100""}"
KXBTC15M-26APR280200-00,576debfe-1c6c-46c1-ad27-8d8fba0fd697,1777355123,0.51,9.29,no,"{""count_fp"":""9.29"",""created_time"":""2026-04-28T05:45:23.422505Z"",""no_price_dollars"":""0.4900"",""taker_side"":""no"",""ticker"":""KXBTC15M-26APR280200-00"",""trade_id"":""576debfe-1c6c-46c1-ad27-8d8fba0fd697"",""yes_price_dollars"":""0.5100""}"
KXBTC15M-26APR280200-00,e06cd102-50da-73b0-1aab-c47812fcddcb,1777355124,0.53,20.0,yes,"{""count_fp"":""20.00"",""created_time"":""2026-04-28T05:45:24.646359Z"",""no_price_dollars"":""0.4700"",""taker_side"":""yes"",""ticker"":""KXBTC15M-26APR280200-00"",""trade_id"":""e06cd102-50da-73b0-1aab-c47812fcddcb"",""yes_price_dollars"":""0.5300""}"
KXBTC15M-26APR280200-00,4e7ffb1e-f6aa-7ed1-1969-a5277a974fc1,1777355124,0.53,3.77,yes,"{""count_fp"":""3.77"",""created_time"":""2026-04-28T05:45:24.646359Z"",""no_price_dollars"":""0.4700"",""taker_side"":""yes"",""ticker"":""KXBTC15M-26APR280200-00"",""trade_id"":""4e7ffb1e-f6aa-7ed1-1969-a5277a974fc1"",""yes_price_dollars"":""0.5300""}"
KXBTC15M-26APR280200-00,45596a6a-7260-4661-1f26-7a34098535ef,1777355125,0.52,60.29,no,"{""count_fp"":""60.29"",""created_time"":""2026-04-28T05:45:25.976733Z"",""no_price_dollars"":""0.4800"",""taker_side"":""no"",""ticker"":""KXBTC15M-26APR280200-00"",""trade_id"":""45596a6a-7260-4661-1f26-7a34098535ef"",""yes_price_dollars"":""0.5200""}"
KXBTC15M-26APR280200-00,7de09d0e-e834-7d81-239a-eff0ae62ad1f,1777355125,0.52,6.03,no,"{""count_fp"":""6.03"",""created_time"":""2026-04-28T05:45:25.911614Z"",""no_price_dollars"":""0.4800"",""taker_side"":""no"",""ticker"":""KXBTC15M-26APR280200-00"",""trade_id"":""7de09d0e-e834-7d81-239a-eff0ae62ad1f"",""yes_price_dollars"":""0.5200""}"
KXBTC15M-26APR280200-00,b8011217-2b35-4ffb-fc4a-79ebadb70f02,1777355125,0.53,21.28,yes,"{""count_fp"":""21.28"",""created_time"":""2026-04-28T05:45:25.701761Z"",""no_price_dollars"":""0.4700"",""taker_side"":""yes"",""ticker"":""KXBTC15M-26APR280200-00"",""trade_id"":""b8011217-2b35-4ffb-fc4a-79ebadb70f02"",""yes_price_dollars"":""0.5300""}"
KXBTC15M-26APR280200-00,03d89afb-0c3c-4485-fe31-9d15b243b357,1777355125,0.53,2.0,yes,"{""count_fp"":""2.00"",""created_time"":""2026-04-28T05:45:25.701761Z"",""no_price_dollars"":""0.4700"",""taker_side"":""yes"",""ticker"":""KXBTC15M-26APR280200-00"",""trade_id"":""03d89afb-0c3c-4485-fe31-9d15b243b357"",""yes_price_dollars"":""0.5300""}"
KXBTC15M-26APR280200-00,00f1d99c-7750-41bf-c4ba-cbdaa96285ce,1777355125,0.53,2.0,yes,"{""count_fp"":""2.00"",""created_time"":""2026-04-28T05:45:25.701761Z"",""no_price_dollars"":""0.4700"",""taker_side"":""yes"",""ticker"":""KXBTC15M-26APR280200-00"",""trade_id"":""00f1d99c-7750-41bf-c4ba-cbdaa96285ce"",""yes_price_dollars"":""0.5300""}"
KXBTC15M-26APR280200-00,3acc931a-82f0-4a65-3f14-88b962cd8677,1777355125,0.52,2.51,no,"{""count_fp"":""2.51"",""created_time"":""2026-04-28T05:45:25.700905Z"",""no_price_dollars"":""0.4800"",""taker_side"":""no"",""ticker"":""KXBTC15M-26APR280200-00"",""trade_id"":""3acc931a-82f0-4a65-3f14-88b962cd8677"",""yes_price_dollars"":""0.5200""}"
KXBTC15M-26APR280200-00,55c6e9b8-194c-7241-ab8d-580bf5d03ca7,1777355125,0.52,6.0,no,"{""count_fp"":""6.00"",""created_time"":""2026-04-28T05:45:25.658686Z"",""no_price_dollars"":""0.4800"",""taker_side"":""no"",""ticker"":""KXBTC15M-26APR280200-00"",""trade_id"":""55c6e9b8-194c-7241-ab8d-580bf5d03ca7"",""yes_price_dollars"":""0.5200""}"
KXBTC15M-26APR280200-00,54f39fd3-19f8-41c9-fa4e-4b7cd0026e33,1777355125,0.52,20.1,no,"{""count_fp"":""20.10"",""created_time"":""2026-04-28T05:45:25.596503Z"",""no_price_dollars"":""0.4800"",""taker_side"":""no"",""ticker"":""KXBTC15M-26APR280200-00"",""trade_id"":""54f39fd3-19f8-41c9-fa4e-4b7cd0026e33"",""yes_price_dollars"":""0.5200""}"
KXBTC15M-26APR280200-00,043f233a-4762-4e5d-0b2a-9afce4817671,1777355125,0.53,9.37,yes,"{""count_fp"":""9.37"",""created_time"":""2026-04-28T05:45:25.337364Z"",""no_price_dollars"":""0.4700"",""taker_side"":""yes"",""ticker"":""KXBTC15M-26APR280200-00"",""trade_id"":""043f233a-4762-4e5d-0b2a-9afce4817671"",""yes_price_dollars"":""0.5300""}"
KXBTC15M-26APR280200-00,237e058b-8a67-5ced-8814-00d0c80813c2,1777355126,0.53,25.0,yes,"{""count_fp"":""25.00"",""created_time"":""2026-04-28T05:45:26.914609Z"",""no_price_dollars"":""0.4700"",""taker_side"":""yes"",""ticker"":""KXBTC15M-26APR280200-00"",""trade_id"":""237e058b-8a67-5ced-8814-00d0c80813c2"",""yes_price_dollars"":""0.5300""}"
KXBTC15M-26APR280200-00,e8606a13-3543-7869-0165-43c99576a47e,1777355126,0.53,71.06,yes,"{""count_fp"":""71.06"",""created_time"":""2026-04-28T05:45:26.699082Z"",""no_price_dollars"":""0.4700"",""taker_side"":""yes"",""ticker"":""KXBTC15M-26APR280200-00"",""trade_id"":""e8606a13-3543-7869-0165-43c99576a47e"",""yes_price_dollars"":""0.5300""}"
KXBTC15M-26APR280200-00,49c16f07-3bc1-7ce0-3b73-3968b855131b,1777355126,0.53,2.0,yes,"{""count_fp"":""2.00"",""created_time"":""2026-04-28T05:45:26.699082Z"",""no_price_dollars"":""0.4700"",""taker_side"":""yes"",""ticker"":""KXBTC15M-26APR280200-00"",""trade_id"":""49c16f07-3bc1-7ce0-3b73-3968b855131b"",""yes_price_dollars"":""0.5300""}"
KXBTC15M-26APR280200-00,dcb64ee9-dcad-66ff-8a8c-ed8736df8b41,1777355126,0.53,2.0,yes,"{""count_fp"":""2.00"",""created_time"":""2026-04-28T05:45:26.257253Z"",""no_price_dollars"":""0.4700"",""taker_side"":""yes"",""ticker"":""KXBTC15M-26APR280200-00"",""trade_id"":""dcb64ee9-dcad-66ff-8a8c-ed8736df8b41"",""yes_price_dollars"":""0.5300""}"
KXBTC15M-26APR280200-00,79ccc758-83f1-61a3-b435-b989b7ca285a,1777355126,0.53,50.97,yes,"{""count_fp"":""50.97"",""created_time"":""2026-04-28T05:45:26.257253Z"",""no_price_dollars"":""0.4700"",""taker_side"":""yes"",""ticker"":""KXBTC15M-26APR280200-00"",""trade_id"":""79ccc758-83f1-61a3-b435-b989b7ca285a"",""yes_price_dollars"":""0.5300""}"
KXBTC15M-26APR280200-00,3e32529a-c50e-4674-3d26-132f72721121,1777355126,0.53,2.0,yes,"{""count_fp"":""2.00"",""created_time"":""2026-04-28T05:45:26.172439Z"",""no_price_dollars"":""0.4700"",""taker_side"":""yes"",""ticker"":""KXBTC15M-26APR280200-00"",""trade_id"":""3e32529a-c50e-4674-3d26-132f72721121"",""yes_price_dollars"":""0.5300""}"
KXBTC15M-26APR280200-00,1be85a50-d1b9-456f-2985-d3fe10079dda,1777355126,0.53,19.83,yes,"{""count_fp"":""19.83"",""created_time"":""2026-04-28T05:45:26.172439Z"",""no_price_dollars"":""0.4700"",""taker_side"":""yes"",""ticker"":""KXBTC15M-26APR280200-00"",""trade_id"":""1be85a50-d1b9-456f-2985-d3fe10079dda"",""yes_price_dollars"":""0.5300""}"
KXBTC15M-26APR280200-00,047ac0e9-1537-48f6-07e9-83f3242c182b,1777355126,0.53,22.0,yes,"{""count_fp"":""22.00"",""created_time"":""2026-04-28T05:45:26.172439Z"",""no_price_dollars"":""0.4700"",""taker_side"":""yes"",""ticker"":""KXBTC15M-26APR280200-00"",""trade_id"":""047ac0e9-1537-48f6-07e9-83f3242c182b"",""yes_price_dollars"":""0.5300""}"
KXBTC15M-26APR280200-00,4dcdee7c-0780-76c9-ab28-5340264e638b,1777355126,0.52,16.0,no,"{""count_fp"":""16.00"",""created_time"":""2026-04-28T05:45:26.097196Z"",""no_price_dollars"":""0.4800"",""taker_side"":""no"",""ticker"":""KXBTC15M-26APR280200-00"",""trade_id"":""4dcdee7c-0780-76c9-ab28-5340264e638b"",""yes_price_dollars"":""0.5200""}"
KXBTC15M-26APR280200-00,6f557af7-698c-7505-cb99-cff2812aaf67,1777355126,0.52,40.2,no,"{""count_fp"":""40.20"",""created_time"":""2026-04-28T05:45:26.065758Z"",""no_price_dollars"":""0.4800"",""taker_side"":""no"",""ticker"":""KXBTC15M-26APR280200-00"",""trade_id"":""6f557af7-698c-7505-cb99-cff2812aaf67"",""yes_price_dollars"":""0.5200""}"
KXBTC15M-26APR280200-00,bf67fcc6-9a1c-7cf5-199e-5436cfab430f,1777355126,0.52,100.5,no,"{""count_fp"":""100.50"",""created_time"":""2026-04-28T05:45:26.058818Z"",""no_price_dollars"":""0.4800"",""taker_side"":""no"",""ticker"":""KXBTC15M-26APR280200-00"",""trade_id"":""bf67fcc6-9a1c-7cf5-199e-5436cfab430f"",""yes_price_dollars"":""0.5200""}"
KXBTC15M-26APR280200-00,57644640-8284-7581-4ad2-915db312067b,1777355126,0.52,500.0,no,"{""count_fp"":""500.00"",""created_time"":""2026-04-28T05:45:26.031401Z"",""no_price_dollars"":""0.4800"",""taker_side"":""no"",""ticker"":""KXBTC15M-26APR280200-00"",""trade_id"":""57644640-8284-7581-4ad2-915db312067b"",""yes_price_dollars"":""0.5200""}"
KXBTC15M-26APR280200-00,f8ac3861-8248-584f-7122-d4ed36e9b7ba,1777355127,0.53,1.0,yes,"{""count_fp"":""1.00"",""created_time"":""2026-04-28T05:45:27.709487Z"",""no_price_dollars"":""0.4700"",""taker_side"":""yes"",""ticker"":""KXBTC15M-26APR280200-00"",""trade_id"":""f8ac3861-8248-584f-7122-d4ed36e9b7ba"",""yes_price_dollars"":""0.5300""}"
KXBTC15M-26APR280200-00,ecdffa7e-ff01-52ee-4eb9-9c73f6c6ac02,1777355127,0.54,56.0,yes,"{""count_fp"":""56.00"",""created_time"":""2026-04-28T05:45:27.709487Z"",""no_price_dollars"":""0.4600"",""taker_side"":""yes"",""ticker"":""KXBTC15M-26APR280200-00"",""trade_id"":""ecdffa7e-ff01-52ee-4eb9-9c73f6c6ac02"",""yes_price_dollars"":""0.5400""}"
KXBTC15M-26APR280200-00,eab8ab61-45d4-5e9f-661f-37cd84cffd14,1777355127,0.55,21.42,yes,"{""count_fp"":""21.42"",""created_time"":""2026-04-28T05:45:27.709487Z"",""no_price_dollars"":""0.4500"",""taker_side"":""yes"",""ticker"":""KXBTC15M-26APR280200-00"",""trade_id"":""eab8ab61-45d4-5e9f-661f-37cd84cffd14"",""yes_price_dollars"":""0.5500""}"
KXBTC15M-26APR280200-00,c4d466dd-b8d6-57f9-461b-547ad0d8c579,1777355127,0.55,14.66,yes,"{""count_fp"":""14.66"",""created_time"":""2026-04-28T05:45:27.709487Z"",""no_price_dollars"":""0.4500"",""taker_side"":""yes"",""ticker"":""KXBTC15M-26APR280200-00"",""trade_id"":""c4d466dd-b8d6-57f9-461b-547ad0d8c579"",""yes_price_dollars"":""0.5500""}"
KXBTC15M-26APR280200-00,8975d7e6-682c-50e2-69e2-29803a564159,1777355127,0.54,40.0,yes,"{""count_fp"":""40.00"",""created_time"":""2026-04-28T05:45:27.709487Z"",""no_price_dollars"":""0.4600"",""taker_side"":""yes"",""ticker"":""KXBTC15M-26APR280200-00"",""trade_id"":""8975d7e6-682c-50e2-69e2-29803a564159"",""yes_price_dollars"":""0.5400""}"
KXBTC15M-26APR280200-00,8973789e-1ac2-5107-51b9-e67167b3c5d5,1777355127,0.54,2.0,yes,"{""count_fp"":""2.00"",""created_time"":""2026-04-28T05:45:27.709487Z"",""no_price_dollars"":""0.4600"",""taker_side"":""yes"",""ticker"":""KXBTC15M-26APR280200-00"",""trade_id"":""8973789e-1ac2-5107-51b9-e67167b3c5d5"",""yes_price_dollars"":""0.5400""}"
KXBTC15M-26APR280200-00,44345c84-a063-5a60-5a17-93f3581a0bd7,1777355127,0.53,18.0,yes,"{""count_fp"":""18.00"",""created_time"":""2026-04-28T05:45:27.709487Z"",""no_price_dollars"":""0.4700"",""taker_side"":""yes"",""ticker"":""KXBTC15M-26APR280200-00"",""trade_id"":""44345c84-a063-5a60-5a17-93f3581a0bd7"",""yes_price_dollars"":""0.5300""}"
KXBTC15M-26APR280200-00,11dc66cf-153f-5f68-7259-bacf65837091,1777355127,0.55,89.41,yes,"{""count_fp"":""89.41"",""created_time"":""2026-04-28T05:45:27.709487Z"",""no_price_dollars"":""0.4500"",""taker_side"":""yes"",""ticker"":""KXBTC15M-26APR280200-00"",""trade_id"":""11dc66cf-153f-5f68-7259-bacf65837091"",""yes_price_dollars"":""0.5500""}"
KXBTC15M-26APR280200-00,0336a33e-b059-5275-6bc0-61151517e217,1777355127,0.55,20.0,yes,"{""count_fp"":""20.00"",""created_time"":""2026-04-28T05:45:27.709487Z"",""no_price_dollars"":""0.4500"",""taker_side"":""yes"",""ticker"":""KXBTC15M-26APR280200-00"",""trade_id"":""0336a33e-b059-5275-6bc0-61151517e217"",""yes_price_dollars"":""0.5500""}"
KXBTC15M-26APR280200-00,ee6e7ce9-adba-453c-d8a2-c14ef594bd07,1777355128,0.55,1.0,no,"{""count_fp"":""1.00"",""created_time"":""2026-04-28T05:45:28.757Z"",""no_price_dollars"":""0.4500"",""taker_side"":""no"",""ticker"":""KXBTC15M-26APR280200-00"",""trade_id"":""ee6e7ce9-adba-453c-d8a2-c14ef594bd07"",""yes_price_dollars"":""0.5500""}"
KXBTC15M-26APR280200-00,8c15504f-0007-49f6-74c1-cc3c370c9fbe,1777355128,0.55,15.0,yes,"{""count_fp"":""15.00"",""created_time"":""2026-04-28T05:45:28.402374Z"",""no_price_dollars"":""0.4500"",""taker_side"":""yes"",""ticker"":""KXBTC15M-26APR280200-00"",""trade_id"":""8c15504f-0007-49f6-74c1-cc3c370c9fbe"",""yes_price_dollars"":""0.5500""}"
KXBTC15M-26APR280200-00,2fd0ad71-f9f3-43b5-725e-53e1c58c05b3,1777355128,0.55,85.0,yes,"{""count_fp"":""85.00"",""created_time"":""2026-04-28T05:45:28.402374Z"",""no_price_dollars"":""0.4500"",""taker_side"":""yes"",""ticker"":""KXBTC15M-26APR280200-00"",""trade_id"":""2fd0ad71-f9f3-43b5-725e-53e1c58c05b3"",""yes_price_dollars"":""0.5500""}"
KXBTC15M-26APR280200-00,ac79faa7-4ecf-4c11-c903-cbe855d22cdb,1777355128,0.55,34.32,yes,"{""count_fp"":""34.32"",""created_time"":""2026-04-28T05:45:28.338799Z"",""no_price_dollars"":""0.4500"",""taker_side"":""yes"",""ticker"":""KXBTC15M-26APR280200-00"",""trade_id"":""ac79faa7-4ecf-4c11-c903-cbe855d22cdb"",""yes_price_dollars"":""0.5500""}"
KXBTC15M-26APR280200-00,a7e44efa-1fde-49e4-70ae-fe016fa33380,1777355128,0.54,20.1,no,"{""count_fp"":""20.10"",""created_time"":""2026-04-28T05:45:28.221093Z"",""no_price_dollars"":""0.4600"",""taker_side"":""no"",""ticker"":""KXBTC15M-26APR280200-00"",""trade_id"":""a7e44efa-1fde-49e4-70ae-fe016fa33380"",""yes_price_dollars"":""0.5400""}"
KXBTC15M-26APR280200-00,f0233621-60e3-662d-ad2a-f502bfe76d5f,1777355129,0.54,973.73,no,"{""count_fp"":""973.73"",""created_time"":""2026-04-28T05:45:29.522499Z"",""no_price_dollars"":""0.4600"",""taker_side"":""no"",""ticker"":""KXBTC15M-26APR280200-00"",""trade_id"":""f0233621-60e3-662d-ad2a-f502bfe76d5f"",""yes_price_dollars"":""0.5400""}"
KXBTC15M-26APR280200-00,8ece7073-13d1-6a9d-9804-2a373320688f,1777355129,0.55,3.0,no,"{""count_fp"":""3.00"",""created_time"":""2026-04-28T05:45:29.522499Z"",""no_price_dollars"":""0.4500"",""taker_side"":""no"",""ticker"":""KXBTC15M-26APR280200-00"",""trade_id"":""8ece7073-13d1-6a9d-9804-2a373320688f"",""yes_price_dollars"":""0.5500""}"
KXBTC15M-26APR280200-00,6ce232f7-a2fc-6c91-b352-123d6358d0e5,1777355129,0.55,3.0,no,"{""count_fp"":""3.00"",""created_time"":""2026-04-28T05:45:29.522499Z"",""no_price_dollars"":""0.4500"",""taker_side"":""no"",""ticker"":""KXBTC15M-26APR280200-00"",""trade_id"":""6ce232f7-a2fc-6c91-b352-123d6358d0e5"",""yes_price_dollars"":""0.5500""}"
KXBTC15M-26APR280200-00,5ce9b849-6486-6558-91e7-7a43639f0cf0,1777355129,0.54,19.9,no,"{""count_fp"":""19.90"",""created_time"":""2026-04-28T05:45:29.522499Z"",""no_price_dollars"":""0.4600"",""taker_side"":""no"",""ticker"":""KXBTC15M-26APR280200-00"",""trade_id"":""5ce9b849-6486-6558-91e7-7a43639f0cf0"",""yes_price_dollars"":""0.5400""}"
KXBTC15M-26APR280200-00,3bb6fb1c-7d00-6ca4-a810-0300f3b8cb94,1777355129,0.55,15.0,no,"{""count_fp"":""15.00"",""created_time"":""2026-04-28T05:45:29.522499Z"",""no_price_dollars"":""0.4500"",""taker_side"":""no"",""ticker"":""KXBTC15M-26APR280200-00"",""trade_id"":""3bb6fb1c-7d00-6ca4-a810-0300f3b8cb94"",""yes_price_dollars"":""0.5500""}"
KXBTC15M-26APR280200-00,07402cbe-7f43-6e16-bab2-3ddfe05d3a27,1777355129,0.55,20.0,no,"{""count_fp"":""20.00"",""created_time"":""2026-04-28T05:45:29.522499Z"",""no_price_dollars"":""0.4500"",""taker_side"":""no"",""ticker"":""KXBTC15M-26APR280200-00"",""trade_id"":""07402cbe-7f43-6e16-bab2-3ddfe05d3a27"",""yes_price_dollars"":""0.5500""}"
KXBTC15M-26APR280200-00,026123a8-ce2b-6c57-92df-c7d8109eb734,1777355129,0.55,13.99,no,"{""count_fp"":""13.99"",""created_time"":""2026-04-28T05:45:29.522499Z"",""no_price_dollars"":""0.4500"",""taker_side"":""no"",""ticker"":""KXBTC15M-26APR280200-00"",""trade_id"":""026123a8-ce2b-6c57-92df-c7d8109eb734"",""yes_price_dollars"":""0.5500""}"
KXBTC15M-26APR280200-00,5e890733-1eb8-4340-a160-af2eafe7d204,1777355129,0.55,25.0,no,"{""count_fp"":""25.00"",""created_time"":""2026-04-28T05:45:29.110122Z"",""no_price_dollars"":""0.4500"",""taker_side"":""no"",""ticker"":""KXBTC15M-26APR280200-00"",""trade_id"":""5e890733-1eb8-4340-a160-af2eafe7d204"",""yes_price_dollars"":""0.5500""}"
KXBTC15M-26APR280200-00,7dcea30e-2db3-7a37-8f51-218c230e3c38,1777355130,0.55,6.92,yes,"{""count_fp"":""6.92"",""created_time"":""2026-04-28T05:45:30.514272Z"",""no_price_dollars"":""0.4500"",""taker_side"":""yes"",""ticker"":""KXBTC15M-26APR280200-00"",""trade_id"":""7dcea30e-2db3-7a37-8f51-218c230e3c38"",""yes_price_dollars"":""0.5500""}"
KXBTC15M-26APR280200-00,f443335c-caaf-62a1-f24a-5104ba3ac0ab,1777355130,0.54,127.23,no,"{""count_fp"":""127.23"",""created_time"":""2026-04-28T05:45:30.003151Z"",""no_price_dollars"":""0.4600"",""taker_side"":""no"",""ticker"":""KXBTC15M-26APR280200-00"",""trade_id"":""f443335c-caaf-62a1-f24a-5104ba3ac0ab"",""yes_price_dollars"":""0.5400""}"
KXBTC15M-26APR280200-00,c24542ee-9f18-66cf-cec9-95087f1311ee,1777355130,0.55,40.0,no,"{""count_fp"":""40.00"",""created_time"":""2026-04-28T05:45:30.003151Z"",""no_price_dollars"":""0.4500"",""taker_side"":""no"",""ticker"":""KXBTC15M-26APR280200-00"",""trade_id"":""c24542ee-9f18-66cf-cec9-95087f1311ee"",""yes_price_dollars"":""0.5500""}"
KXBTC15M-26APR280200-00,b82db97c-a8b3-6220-ceaf-cc72ad364b4c,1777355130,0.55,3.0,no,"{""count_fp"":""3.00"",""created_time"":""2026-04-28T05:45:30.003151Z"",""no_price_dollars"":""0.4500"",""taker_side"":""no"",""ticker"":""KXBTC15M-26APR280200-00"",""trade_id"":""b82db97c-a8b3-6220-ceaf-cc72ad364b4c"",""yes_price_dollars"":""0.5500""}"
KXBTC15M-26APR280200-00,5618d7b6-d710-6b8c-fb44-daa8338ca674,1777355130,0.54,500.0,no,"{""count_fp"":""500.00"",""created_time"":""2026-04-28T05:45:30.003151Z"",""no_price_dollars"":""0.4600"",""taker_side"":""no"",""ticker"":""KXBTC15M-26APR280200-00"",""trade_id"":""5618d7b6-d710-6b8c-fb44-daa8338ca674"",""yes_price_dollars"":""0.5400""}"
KXBTC15M-26APR280200-00,29d58d0f-366c-6e85-ea69-570e5520d713,1777355130,0.54,15.53,no,"{""count_fp"":""15.53"",""created_time"":""2026-04-28T05:45:30.003151Z"",""no_price_dollars"":""0.4600"",""taker_side"":""no"",""ticker"":""KXBTC15M-26APR280200-00"",""trade_id"":""29d58d0f-366c-6e85-ea69-570e5520d713"",""yes_price_dollars"":""0.5400""}"
KXBTC15M-26APR280200-00,19308475-3e65-6299-fe84-7a99a7aa638c,1777355130,0.55,20.0,no,"{""count_fp"":""20.00"",""created_time"":""2026-04-28T05:45:30.003151Z"",""no_price_dollars"":""0.4500"",""taker_side"":""no"",""ticker"":""KXBTC15M-26APR280200-00"",""trade_id"":""19308475-3e65-6299-fe84-7a99a7aa638c"",""yes_price_dollars"":""0.5500""}"
KXBTC15M-26APR280200-00,0cc10c1d-24b0-6f26-c4a2-a6c0eddde50b,1777355130,0.55,13.99,no,"{""count_fp"":""13.99"",""created_time"":""2026-04-28T05:45:30.003151Z"",""no_price_dollars"":""0.4500"",""taker_side"":""no"",""ticker"":""KXBTC15M-26APR280200-00"",""trade_id"":""0cc10c1d-24b0-6f26-c4a2-a6c0eddde50b"",""yes_price_dollars"":""0.5500""}"
KXBTC15M-26APR280200-00,c0adc9f7-1dfb-7843-d375-e0b880ce4800,1777355131,0.55,12.0,yes,"{""count_fp"":""12.00"",""created_time"":""2026-04-28T05:45:31.897253Z"",""no_price_dollars"":""0.4500"",""taker_side"":""yes"",""ticker"":""KXBTC15M-26APR280200-00"",""trade_id"":""c0adc9f7-1dfb-7843-d375-e0b880ce4800"",""yes_price_dollars"":""0.5500""}"
KXBTC15M-26APR280200-00,862e952f-6b4c-4ef5-bcd8-d3b918227467,1777355131,0.54,31.44,no,"{""count_fp"":""31.44"",""created_time"":""2026-04-28T05:45:31.406376Z"",""no_price_dollars"":""0.4600"",""taker_side"":""no"",""ticker"":""KXBTC15M-26APR280200-00"",""trade_id"":""862e952f-6b4c-4ef5-bcd8-d3b918227467"",""yes_price_dollars"":""0.5400""}"
KXBTC15M-26APR280200-00,51af9bce-0678-5851-714e-b05bfba94253,1777355131,0.54,31.41,no,"{""count_fp"":""31.41"",""created_time"":""2026-04-28T05:45:31.350194Z"",""no_price_dollars"":""0.4600"",""taker_side"":""no"",""ticker"":""KXBTC15M-26APR280200-00"",""trade_id"":""51af9bce-0678-5851-714e-b05bfba94253"",""yes_price_dollars"":""0.5400""}"
KXBTC15M-26APR280200-00,ba9c4ca9-3129-6705-d059-4014a381b43d,1777355132,0.55,44.06,yes,"{""count_fp"":""44.06"",""created_time"":""2026-04-28T05:45:32.409041Z"",""no_price_dollars"":""0.4500"",""taker_side"":""yes"",""ticker"":""KXBTC15M-26APR280200-00"",""trade_id"":""ba9c4ca9-3129-6705-d059-4014a381b43d"",""yes_price_dollars"":""0.5500""}"
KXBTC15M-26APR280200-00,fd6050b4-83d1-4a41-5169-33309f7256f9,1777355132,0.55,6.0,yes,"{""count_fp"":""6.00"",""created_time"":""2026-04-28T05:45:32.293888Z"",""no_price_dollars"":""0.4500"",""taker_side"":""yes"",""ticker"":""KXBTC15M-26APR280200-00"",""trade_id"":""fd6050b4-83d1-4a41-5169-33309f7256f9"",""yes_price_dollars"":""0.5500""}"
KXBTC15M-26APR280200-00,c0bb2a79-f587-43d2-049e-cd812dc25ff3,1777355133,0.53,10.0,no,"{""count_fp"":""10.00"",""created_time"":""2026-04-28T05:45:33.646307Z"",""no_price_dollars"":""0.4700"",""taker_side"":""no"",""ticker"":""KXBTC15M-26APR280200-00"",""trade_id"":""c0bb2a79-f587-43d2-049e-cd812dc25ff3"",""yes_price_dollars"":""0.5300""}"
KXBTC15M-26APR280200-00,9cc1d458-0415-470b-039d-fd6d7839e634,1777355133,0.53,2.0,no,"{""count_fp"":""2.00"",""created_time"":""2026-04-28T05:45:33.646307Z"",""no_price_dollars"":""0.4700"",""taker_side"":""no"",""ticker"":""KXBTC15M-26APR280200-00"",""trade_id"":""9cc1d458-0415-470b-039d-fd6d7839e634"",""yes_price_dollars"":""0.5300""}"
KXBTC15M-26APR280200-00,754ff73e-f48d-52f5-bad1-1cf313d531e9,1777355133,0.54,13.33,yes,"{""count_fp"":""13.33"",""created_time"":""2026-04-28T05:45:33.633696Z"",""no_price_dollars"":""0.4600"",""taker_side"":""yes"",""ticker"":""KXBTC15M-26APR280200-00"",""trade_id"":""754ff73e-f48d-52f5-bad1-1cf313d531e9"",""yes_price_dollars"":""0.5400""}"
KXBTC15M-26APR280200-00,fbe4b503-aa49-4883-ac3b-428ca6320cfd,1777355133,0.54,34.01,yes,"{""count_fp"":""34.01"",""created_time"":""2026-04-28T05:45:33.546849Z"",""no_price_dollars"":""0.4600"",""taker_side"":""yes"",""ticker"":""KXBTC15M-26APR280200-00"",""trade_id"":""fbe4b503-aa49-4883-ac3b-428ca6320cfd"",""yes_price_dollars"":""0.5400""}"
KXBTC15M-26APR280200-00,f91488c2-d60d-465d-bb45-678777e2693a,1777355133,0.54,2.99,yes,"{""count_fp"":""2.99"",""created_time"":""2026-04-28T05:45:33.546849Z"",""no_price_dollars"":""0.4600"",""taker_side"":""yes"",""ticker"":""KXBTC15M-26APR280200-00"",""trade_id"":""f91488c2-d60d-465d-bb45-678777e2693a"",""yes_price_dollars"":""0.5400""}"
KXBTC15M-26APR280200-00,f363438d-f893-415e-9ec4-7439de3cbacf,1777355133,0.54,3.0,yes,"{""count_fp"":""3.00"",""created_time"":""2026-04-28T05:45:33.546849Z"",""no_price_dollars"":""0.4600"",""taker_side"":""yes"",""ticker"":""KXBTC15M-26APR280200-00"",""trade_id"":""f363438d-f893-415e-9ec4-7439de3cbacf"",""yes_price_dollars"":""0.5400""}"
KXBTC15M-26APR280200-00,3308db60-a221-6485-706a-0f8c48c43742,1777355133,0.54,37.01,yes,"{""count_fp"":""37.01"",""created_time"":""2026-04-28T05:45:33.424687Z"",""no_price_dollars"":""0.4600"",""taker_side"":""yes"",""ticker"":""KXBTC15M-26APR280200-00"",""trade_id"":""3308db60-a221-6485-706a-0f8c48c43742"",""yes_price_dollars"":""0.5400""}"
KXBTC15M-26APR280200-00,fcc0b38d-657a-6c5b-f5c4-daa5481b8719,1777355133,0.54,1.0,no,"{""count_fp"":""1.00"",""created_time"":""2026-04-28T05:45:33.406106Z"",""no_price_dollars"":""0.4600"",""taker_side"":""no"",""ticker"":""KXBTC15M-26APR280200-00"",""trade_id"":""fcc0b38d-657a-6c5b-f5c4-daa5481b8719"",""yes_price_dollars"":""0.5400""}"
KXBTC15M-26APR280200-00,eb2b63f3-db70-6ad1-de4d-ca51a687a48c,1777355133,0.54,20.0,no,"{""count_fp"":""20.00"",""created_time"":""2026-04-28T05:45:33.406106Z"",""no_price_dollars"":""0.4600"",""taker_side"":""no"",""ticker"":""KXBTC15M-26APR280200-00"",""trade_id"":""eb2b63f3-db70-6ad1-de4d-ca51a687a48c"",""yes_price_dollars"":""0.5400""}"
KXBTC15M-26APR280200-00,c194a5b1-627f-6658-fb90-c4ab16d7256b,1777355133,0.54,0.17,no,"{""count_fp"":""0.17"",""created_time"":""2026-04-28T05:45:33.406106Z"",""no_price_dollars"":""0.4600"",""taker_side"":""no"",""ticker"":""KXBTC15M-26APR280200-00"",""trade_id"":""c194a5b1-627f-6658-fb90-c4ab16d7256b"",""yes_price_dollars"":""0.5400""}"
KXBTC15M-26APR280200-00,c15cafd6-30f4-74de-472d-8397c23a93aa,1777355133,0.54,20.0,no,"{""count_fp"":""20.00"",""created_time"":""2026-04-28T05:45:33.380696Z"",""no_price_dollars"":""0.4600"",""taker_side"":""no"",""ticker"":""KXBTC15M-26APR280200-00"",""trade_id"":""c15cafd6-30f4-74de-472d-8397c23a93aa"",""yes_price_dollars"":""0.5400""}"
KXBTC15M-26APR280200-00,b9954918-daa3-7dd0-723a-fbe9fce69237,1777355133,0.54,10.3,no,"{""count_fp"":""10.30"",""created_time"":""2026-04-28T05:45:33.380696Z"",""no_price_dollars"":""0.4600"",""taker_side"":""no"",""ticker"":""KXBTC15M-26APR280200-00"",""trade_id"":""b9954918-daa3-7dd0-723a-fbe9fce69237"",""yes_price_dollars"":""0.5400""}"
KXBTC15M-26APR280200-00,98638120-2bab-7b19-75f7-6d820b0d9117,1777355133,0.54,7.73,no,"{""count_fp"":""7.73"",""created_time"":""2026-04-28T05:45:33.380696Z"",""no_price_dollars"":""0.4600"",""taker_side"":""no"",""ticker"":""KXBTC15M-26APR280200-00"",""trade_id"":""98638120-2bab-7b19-75f7-6d820b0d9117"",""yes_price_dollars"":""0.5400""}"
KXBTC15M-26APR280200-00,6eaac3c2-48d3-7599-9d7e-ce52444ca297,1777355133,0.54,46.6,no,"{""count_fp"":""46.60"",""created_time"":""2026-04-28T05:45:33.380394Z"",""no_price_dollars"":""0.4600"",""taker_side"":""no"",""ticker"":""KXBTC15M-26APR280200-00"",""trade_id"":""6eaac3c2-48d3-7599-9d7e-ce52444ca297"",""yes_price_dollars"":""0.5400""}"
KXBTC15M-26APR280200-00,f3c3cbce-5b41-4dda-3d60-305fa091890c,1777355133,0.55,40.0,yes,"{""count_fp"":""40.00"",""created_time"":""2026-04-28T05:45:33.128281Z"",""no_price_dollars"":""0.4500"",""taker_side"":""yes"",""ticker"":""KXBTC15M-26APR280200-00"",""trade_id"":""f3c3cbce-5b41-4dda-3d60-305fa091890c"",""yes_price_dollars"":""0.5500""}"
KXBTC15M-26APR280200-00,a20089c1-5683-46b5-09b1-5c8be1980af5,1777355133,0.55,1.0,yes,"{""count_fp"":""1.00"",""created_time"":""2026-04-28T05:45:33.128281Z"",""no_price_dollars"":""0.4500"",""taker_side"":""yes"",""ticker"":""KXBTC15M-26APR280200-00"",""trade_id"":""a20089c1-5683-46b5-09b1-5c8be1980af5"",""yes_price_dollars"":""0.5500""}"
KXBTC15M-26APR280200-00,52bdabf3-bcc9-49cd-0f45-1ad85a8d263d,1777355133,0.55,16.7,yes,"{""count_fp"":""16.70"",""created_time"":""2026-04-28T05:45:33.128281Z"",""no_price_dollars"":""0.4500"",""taker_side"":""yes"",""ticker"":""KXBTC15M-26APR280200-00"",""trade_id"":""52bdabf3-bcc9-49cd-0f45-1ad85a8d263d"",""yes_price_dollars"":""0.5500""}"
KXBTC15M-26APR280200-00,1d9a4540-882b-4b1c-22fa-438244cf2ec6,1777355133,0.55,30.0,yes,"{""count_fp"":""30.00"",""created_time"":""2026-04-28T05:45:33.128281Z"",""no_price_dollars"":""0.4500"",""taker_side"":""yes"",""ticker"":""KXBTC15M-26APR280200-00"",""trade_id"":""1d9a4540-882b-4b1c-22fa-438244cf2ec6"",""yes_price_dollars"":""0.5500""}"
KXBTC15M-26APR280200-00,5dd7df6a-91db-76e9-0b77-14e08eafa343,1777355133,0.54,1.67,no,"{""count_fp"":""1.67"",""created_time"":""2026-04-28T05:45:33.112425Z"",""no_price_dollars"":""0.4600"",""taker_side"":""no"",""ticker"":""KXBTC15M-26APR280200-00"",""trade_id"":""5dd7df6a-91db-76e9-0b77-14e08eafa343"",""yes_price_dollars"":""0.5400""}"
KXBTC15M-26APR280200-00,bf51e3f0-4001-585d-0ed9-1192c283b87d,1777355134,0.54,82.07,yes,"{""count_fp"":""82.07"",""created_time"":""2026-04-28T05:45:34.766809Z"",""no_price_dollars"":""0.4600"",""taker_side"":""yes"",""ticker"":""KXBTC15M-26APR280200-00"",""trade_id"":""bf51e3f0-4001-585d-0ed9-1192c283b87d"",""yes_price_dollars"":""0.5400""}"
KXBTC15M-26APR280200-00,abcd44a7-10ae-5007-33d4-7baacda55631,1777355134,0.54,16.0,yes,"{""count_fp"":""16.00"",""created_time"":""2026-04-28T05:45:34.766809Z"",""no_price_dollars"":""0.4600"",""taker_side"":""yes"",""ticker"":""KXBTC15M-26APR280200-00"",""trade_id"":""abcd44a7-10ae-5007-33d4-7baacda55631"",""yes_price_dollars"":""0.5400""}"
KXBTC15M-26APR280200-00,9ff95a56-b4af-5b88-26ff-770367a89edc,1777355134,0.54,7.68,yes,"{""count_fp"":""7.68"",""created_time"":""2026-04-28T05:45:34.766809Z"",""no_price_dollars"":""0.4600"",""taker_side"":""yes"",""ticker"":""KXBTC15M-26APR280200-00"",""trade_id"":""9ff95a56-b4af-5b88-26ff-770367a89edc"",""yes_price_dollars"":""0.5400""}"
KXBTC15M-26APR280200-00,bf4d2fa8-3d2d-79c5-5e70-05400a293315,1777355134,0.54,17.62,yes,"{""count_fp"":""17.62"",""created_time"":""2026-04-28T05:45:34.035883Z"",""no_price_dollars"":""0.4600"",""taker_side"":""yes"",""ticker"":""KXBTC15M-26APR280200-00"",""trade_id"":""bf4d2fa8-3d2d-79c5-5e70-05400a293315"",""yes_price_dollars"":""0.5400""}"
KXBTC15M-26APR280200-00,fd75a6fc-dec8-69db-9595-d9cc9d1f955c,1777355136,0.54,1.0,yes,"{""count_fp"":""1.00"",""created_time"":""2026-04-28T05:45:36.866066Z"",""no_price_dollars"":""0.4600"",""taker_side"":""yes"",""ticker"":""KXBTC15M-26APR280200-00"",""trade_id"":""fd75a6fc-dec8-69db-9595-d9cc9d1f955c"",""yes_price_dollars"":""0.5400""}"
KXBTC15M-26APR280200-00,cdbcd084-8109-6fde-840c-b610a0613dbc,1777355136,0.54,22.88,yes,"{""count_fp"":""22.88"",""created_time"":""2026-04-28T05:45:36.866066Z"",""no_price_dollars"":""0.4600"",""taker_side"":""yes"",""ticker"":""KXBTC15M-26APR280200-00"",""trade_id"":""cdbcd084-8109-6fde-840c-b610a0613dbc"",""yes_price_dollars"":""0.5400""}"
KXBTC15M-26APR280200-00,8b88e0bf-2de5-6d32-90d9-24eba17943d2,1777355136,0.54,14.0,yes,"{""count_fp"":""14.00"",""created_time"":""2026-04-28T05:45:36.866066Z"",""no_price_dollars"":""0.4600"",""taker_side"":""yes"",""ticker"":""KXBTC15M-26APR280200-00"",""trade_id"":""8b88e0bf-2de5-6d32-90d9-24eba17943d2"",""yes_price_dollars"":""0.5400""}"
KXBTC15M-26APR280200-00,6ec7885a-8fd3-6b7d-94bc-c942ab87e328,1777355136,0.54,100.0,yes,"{""count_fp"":""100.00"",""created_time"":""2026-04-28T05:45:36.866066Z"",""no_price_dollars"":""0.4600"",""taker_side"":""yes"",""ticker"":""KXBTC15M-26APR280200-00"",""trade_id"":""6ec7885a-8fd3-6b7d-94bc-c942ab87e328"",""yes_price_dollars"":""0.5400""}"
KXBTC15M-26APR280200-00,56e9d688-488f-6da7-afb5-427ff50b0873,1777355136,0.54,2.0,yes,"{""count_fp"":""2.00"",""created_time"":""2026-04-28T05:45:36.866066Z"",""no_price_dollars"":""0.4600"",""taker_side"":""yes"",""ticker"":""KXBTC15M-26APR280200-00"",""trade_id"":""56e9d688-488f-6da7-afb5-427ff50b0873"",""yes_price_dollars"":""0.5400""}"
KXBTC15M-26APR280200-00,1564a7df-59e5-67a8-bcc8-1aaff1d6784a,1777355136,0.55,38.12,yes,"{""count_fp"":""38.12"",""created_time"":""2026-04-28T05:45:36.866066Z"",""no_price_dollars"":""0.4500"",""taker_side"":""yes"",""ticker"":""KXBTC15M-26APR280200-00"",""trade_id"":""1564a7df-59e5-67a8-bcc8-1aaff1d6784a"",""yes_price_dollars"":""0.5500""}"
KXBTC15M-26APR280200-00,ef39f5d5-8315-6182-841e-f52e43bd09c4,1777355136,0.54,1.79,yes,"{""count_fp"":""1.79"",""created_time"":""2026-04-28T05:45:36.801556Z"",""no_price_dollars"":""0.4600"",""taker_side"":""yes"",""ticker"":""KXBTC15M-26APR280200-00"",""trade_id"":""ef39f5d5-8315-6182-841e-f52e43bd09c4"",""yes_price_dollars"":""0.5400""}"
KXBTC15M-26APR280200-00,06f358ff-e5c7-493e-3faa-fbf2347d26c7,1777355136,0.53,8.0,no,"{""count_fp"":""8.00"",""created_time"":""2026-04-28T05:45:36.771758Z"",""no_price_dollars"":""0.4700"",""taker_side"":""no"",""ticker"":""KXBTC15M-26APR280200-00"",""trade_id"":""06f358ff-e5c7-493e-3faa-fbf2347d26c7"",""yes_price_dollars"":""0.5300""}"
KXBTC15M-26APR280200-00,f4fe2f8e-10b1-4eed-4538-ef2327725859,1777355136,0.54,84.34,yes,"{""count_fp"":""84.34"",""created_time"":""2026-04-28T05:45:36.441699Z"",""no_price_dollars"":""0.4600"",""taker_side"":""yes"",""ticker"":""KXBTC15M-26APR280200-00"",""trade_id"":""f4fe2f8e-10b1-4eed-4538-ef2327725859"",""yes_price_dollars"":""0.5400""}"
KXBTC15M-26APR280200-00,a443740f-24b9-4d8e-678c-4b070f6c3be0,1777355136,0.54,0.33,yes,"{""count_fp"":""0.33"",""created_time"":""2026-04-28T05:45:36.441699Z"",""no_price_dollars"":""0.4600"",""taker_side"":""yes"",""ticker"":""KXBTC15M-26APR280200-00"",""trade_id"":""a443740f-24b9-4d8e-678c-4b070f6c3be0"",""yes_price_dollars"":""0.5400""}"
KXBTC15M-26APR280200-00,48af9e6a-30cb-4522-69da-071311b3a65a,1777355136,0.54,14.0,yes,"{""count_fp"":""14.00"",""created_time"":""2026-04-28T05:45:36.441699Z"",""no_price_dollars"":""0.4600"",""taker_side"":""yes"",""ticker"":""KXBTC15M-26APR280200-00"",""trade_id"":""48af9e6a-30cb-4522-69da-071311b3a65a"",""yes_price_dollars"":""0.5400""}"
KXBTC15M-26APR280200-00,4c3e9fed-a253-4bce-54d5-89ccebee49ff,1777355136,0.53,18.47,no,"{""count_fp"":""18.47"",""created_time"":""2026-04-28T05:45:36.097962Z"",""no_price_dollars"":""0.4700"",""taker_side"":""no"",""ticker"":""KXBTC15M-26APR280200-00"",""trade_id"":""4c3e9fed-a253-4bce-54d5-89ccebee49ff"",""yes_price_dollars"":""0.5300""}"
KXBTC15M-26APR280200-00,49cf84ee-0ddf-5b86-c35c-da8d46f2f5b9,1777355136,0.54,20.0,yes,"{""count_fp"":""20.00"",""created_time"":""2026-04-28T05:45:36.035962Z"",""no_price_dollars"":""0.4600"",""taker_side"":""yes"",""ticker"":""KXBTC15M-26APR280200-00"",""trade_id"":""49cf84ee-0ddf-5b86-c35c-da8d46f2f5b9"",""yes_price_dollars"":""0.5400""}"
KXBTC15M-26APR280200-00,25f66a56-bc03-51e5-e1d7-652016216a58,1777355136,0.54,1.0,yes,"{""count_fp"":""1.00"",""created_time"":""2026-04-28T05:45:36.035962Z"",""no_price_dollars"":""0.4600"",""taker_side"":""yes"",""ticker"":""KXBTC15M-26APR280200-00"",""trade_id"":""25f66a56-bc03-51e5-e1d7-652016216a58"",""yes_price_dollars"":""0.5400""}"
KXBTC15M-26APR280200-00,1bcc8aeb-ad15-501d-e565-34e29be955cd,1777355136,0.54,14.88,yes,"{""count_fp"":""14.88"",""created_time"":""2026-04-28T05:45:36.035962Z"",""no_price_dollars"":""0.4600"",""taker_side"":""yes"",""ticker"":""KXBTC15M-26APR280200-00"",""trade_id"":""1bcc8aeb-ad15-501d-e565-34e29be955cd"",""yes_price_dollars"":""0.5400""}"
KXBTC15M-26APR280200-00,9ff9e839-47ea-4f32-3d78-55fd57f0370f,1777355137,0.55,4.91,yes,"{""count_fp"":""4.91"",""created_time"":""2026-04-28T05:45:37.877622Z"",""no_price_dollars"":""0.4500"",""taker_side"":""yes"",""ticker"":""KXBTC15M-26APR280200-00"",""trade_id"":""9ff9e839-47ea-4f32-3d78-55fd57f0370f"",""yes_price_dollars"":""0.5500""}"
KXBTC15M-26APR280200-00,d79a2ede-f3da-5cda-b397-c839897f028f,1777355137,0.55,17.0,yes,"{""count_fp"":""17.00"",""created_time"":""2026-04-28T05:45:37.301194Z"",""no_price_dollars"":""0.4500"",""taker_side"":""yes"",""ticker"":""KXBTC15M-26APR280200-00"",""trade_id"":""d79a2ede-f3da-5cda-b397-c839897f028f"",""yes_price_dollars"":""0.5500""}"
KXBTC15M-26APR280200-00,f12b7ad1-8ca5-7d84-5e86-8a3befde30be,1777355137,0.55,1.88,yes,"{""count_fp"":""1.88"",""created_time"":""2026-04-28T05:45:37.165535Z"",""no_price_dollars"":""0.4500"",""taker_side"":""yes"",""ticker"":""KXBTC15M-26APR280200-00"",""trade_id"":""f12b7ad1-8ca5-7d84-5e86-8a3befde30be"",""yes_price_dollars"":""0.5500""}"
KXBTC15M-26APR280200-00,d84ef6ff-d99e-75fa-7db5-536705b683c3,1777355137,0.55,14.7,yes,"{""count_fp"":""14.70"",""created_time"":""2026-04-28T05:45:37.165535Z"",""no_price_dollars"":""0.4500"",""taker_side"":""yes"",""ticker"":""KXBTC15M-26APR280200-00"",""trade_id"":""d84ef6ff-d99e-75fa-7db5-536705b683c3"",""yes_price_dollars"":""0.5500""}"
KXBTC15M-26APR280200-00,b724869f-c722-742e-4a59-9e1cd801b598,1777355137,0.55,1.0,yes,"{""count_fp"":""1.00"",""created_time"":""2026-04-28T05:45:37.165535Z"",""no_price_dollars"":""0.4500"",""taker_side"":""yes"",""ticker"":""KXBTC15M-26APR280200-00"",""trade_id"":""b724869f-c722-742e-4a59-9e1cd801b598"",""yes_price_dollars"":""0.5500""}"
KXBTC15M-26APR280200-00,419a2e5a-5d57-52e0-d501-0688a072c021,1777355138,0.53,19.73,yes,"{""count_fp"":""19.73"",""created_time"":""2026-04-28T05:45:38.709826Z"",""no_price_dollars"":""0.4700"",""taker_side"":""yes"",""ticker"":""KXBTC15M-26APR280200-00"",""trade_id"":""419a2e5a-5d57-52e0-d501-0688a072c021"",""yes_price_dollars"":""0.5300""}"
KXBTC15M-26APR280200-00,f900d36c-8a5b-5f0c-7fba-251ebe91a191,1777355138,0.53,1.77,yes,"{""count_fp"":""1.77"",""created_time"":""2026-04-28T05:45:38.680953Z"",""no_price_dollars"":""0.4700"",""taker_side"":""yes"",""ticker"":""KXBTC15M-26APR280200-00"",""trade_id"":""f900d36c-8a5b-5f0c-7fba-251ebe91a191"",""yes_price_dollars"":""0.5300""}"
KXBTC15M-26APR280200-00,6d30c93a-0f61-6136-a0e3-e4a6c90b8d05,1777355138,0.53,13.09,yes,"{""count_fp"":""13.09"",""created_time"":""2026-04-28T05:45:38.301718Z"",""no_price_dollars"":""0.4700"",""taker_side"":""yes"",""ticker"":""KXBTC15M-26APR280200-00"",""trade_id"":""6d30c93a-0f61-6136-a0e3-e4a6c90b8d05"",""yes_price_dollars"":""0.5300""}"
KXBTC15M-26APR280200-00,3e2535c9-8c73-624c-a485-61f68ff1899d,1777355138,0.53,26.91,yes,"{""count_fp"":""26.91"",""created_time"":""2026-04-28T05:45:38.301718Z"",""no_price_dollars"":""0.4700"",""taker_side"":""yes"",""ticker"":""KXBTC15M-26APR280200-00"",""trade_id"":""3e2535c9-8c73-624c-a485-61f68ff1899d"",""yes_price_dollars"":""0.5300""}"
KXBTC15M-26APR280200-00,576932ec-c8e1-5bc6-f617-c9b8c5624f4d,1777355138,0.53,26.91,yes,"{""count_fp"":""26.91"",""created_time"":""2026-04-28T05:45:38.221802Z"",""no_price_dollars"":""0.4700"",""taker_side"":""yes"",""ticker"":""KXBTC15M-26APR280200-00"",""trade_id"":""576932ec-c8e1-5bc6-f617-c9b8c5624f4d"",""yes_price_dollars"":""0.5300""}"
KXBTC15M-26APR280200-00,544aae55-3f9b-5a00-f816-cbb8d6e56f49,1777355138,0.54,93.29,yes,"{""count_fp"":""93.29"",""created_time"":""2026-04-28T05:45:38.150599Z"",""no_price_dollars"":""0.4600"",""taker_side"":""yes"",""ticker"":""KXBTC15M-26APR280200-00"",""trade_id"":""544aae55-3f9b-5a00-f816-cbb8d6e56f49"",""yes_price_dollars"":""0.5400""}"
KXBTC15M-26APR280200-00,364d821e-48c2-491a-04be-02eb6c690788,1777355138,0.53,4.0,no,"{""count_fp"":""4.00"",""created_time"":""2026-04-28T05:45:38.134503Z"",""no_price_dollars"":""0.4700"",""taker_side"":""no"",""ticker"":""KXBTC15M-26APR280200-00"",""trade_id"":""364d821e-48c2-491a-04be-02eb6c690788"",""yes_price_dollars"":""0.5300""}"
KXBTC15M-26APR280200-00,8e076a81-2f8e-44fe-13e1-28e8061f571c,1777355138,0.53,20.19,no,"{""count_fp"":""20.19"",""created_time"":""2026-04-28T05:45:38.131515Z"",""no_price_dollars"":""0.4700"",""taker_side"":""no"",""ticker"":""KXBTC15M-26APR280200-00"",""trade_id"":""8e076a81-2f8e-44fe-13e1-28e8061f571c"",""yes_price_dollars"":""0.5300""}"
KXBTC15M-26APR280200-00,4a91c299-0df2-67a5-73c1-9a818d169c06,1777355138,0.53,1.0,no,"{""count_fp"":""1.00"",""created_time"":""2026-04-28T05:45:38.113071Z"",""no_price_dollars"":""0.4700"",""taker_side"":""no"",""ticker"":""KXBTC15M-26APR280200-00"",""trade_id"":""4a91c299-0df2-67a5-73c1-9a818d169c06"",""yes_price_dollars"":""0.5300""}"
KXBTC15M-26APR280200-00,35a8ca78-0e4b-6138-6a41-43bbc89da0eb,1777355138,0.53,3.0,no,"{""count_fp"":""3.00"",""created_time"":""2026-04-28T05:45:38.113071Z"",""no_price_dollars"":""0.4700"",""taker_side"":""no"",""ticker"":""KXBTC15M-26APR280200-00"",""trade_id"":""35a8ca78-0e4b-6138-6a41-43bbc89da0eb"",""yes_price_dollars"":""0.5300""}"
KXBTC15M-26APR280200-00,0d406bda-7d42-6dca-429d-2e8599a4be14,1777355138,0.53,17.38,no,"{""count_fp"":""17.38"",""created_time"":""2026-04-28T05:45:38.113071Z"",""no_price_dollars"":""0.4700"",""taker_side"":""no"",""ticker"":""KXBTC15M-26APR280200-00"",""trade_id"":""0d406bda-7d42-6dca-429d-2e8599a4be14"",""yes_price_dollars"":""0.5300""}"
KXBTC15M-26APR280200-00,293d025d-0f83-6664-7fa4-a94fd79ea171,1777355138,0.54,9.0,yes,"{""count_fp"":""9.00"",""created_time"":""2026-04-28T05:45:38.098773Z"",""no_price_dollars"":""0.4600"",""taker_side"":""yes"",""ticker"":""KXBTC15M-26APR280200-00"",""trade_id"":""293d025d-0f83-6664-7fa4-a94fd79ea171"",""yes_price_dollars"":""0.5400""}"
KXBTC15M-26APR280200-00,ffc3bc26-486b-4770-3c2d-f7903ef0839d,1777355138,0.54,1.85,yes,"{""count_fp"":""1.85"",""created_time"":""2026-04-28T05:45:38.056747Z"",""no_price_dollars"":""0.4600"",""taker_side"":""yes"",""ticker"":""KXBTC15M-26APR280200-00"",""trade_id"":""ffc3bc26-486b-4770-3c2d-f7903ef0839d"",""yes_price_dollars"":""0.5400""}"
KXBTC15M-26APR280200-00,0c9d5b7a-82e2-4472-15d2-d11f51701216,1777355138,0.54,3.0,yes,"{""count_fp"":""3.00"",""created_time"":""2026-04-28T05:45:38.056747Z"",""no_price_dollars"":""0.4600"",""taker_side"":""yes"",""ticker"":""KXBTC15M-26APR280200-00"",""trade_id"":""0c9d5b7a-82e2-4472-15d2-d11f51701216"",""yes_price_dollars"":""0.5400""}"
KXBTC15M-26APR280200-00,0bfd0dac-49eb-462c-30e3-81dd44738254,1777355138,0.54,40.0,yes,"{""count_fp"":""40.00"",""created_time"":""2026-04-28T05:45:38.056747Z"",""no_price_dollars"":""0.4600"",""taker_side"":""yes"",""ticker"":""KXBTC15M-26APR280200-00"",""trade_id"":""0bfd0dac-49eb-462c-30e3-81dd44738254"",""yes_price_dollars"":""0.5400""}"
KXBTC15M-26APR280200-00,e02a1856-d5a1-6b6b-28f5-aebdedab2d0e,1777355138,0.54,20.0,no,"{""count_fp"":""20.00"",""created_time"":""2026-04-28T05:45:38.016509Z"",""no_price_dollars"":""0.4600"",""taker_side"":""no"",""ticker"":""KXBTC15M-26APR280200-00"",""trade_id"":""e02a1856-d5a1-6b6b-28f5-aebdedab2d0e"",""yes_price_dollars"":""0.5400""}"
KXBTC15M-26APR280200-00,bfa13787-4df1-6282-0b27-b6c38529465a,1777355138,0.54,10.38,no,"{""count_fp"":""10.38"",""created_time"":""2026-04-28T05:45:38.016509Z"",""no_price_dollars"":""0.4600"",""taker_side"":""no"",""ticker"":""KXBTC15M-26APR280200-00"",""trade_id"":""bfa13787-4df1-6282-0b27-b6c38529465a"",""yes_price_dollars"":""0.5400""}"
KXBTC15M-26APR280200-00,ea7754eb-18ad-7402-b6cf-721c4179468e,1777355138,0.54,23.63,no,"{""count_fp"":""23.63"",""created_time"":""2026-04-28T05:45:38.006591Z"",""no_price_dollars"":""0.4600"",""taker_side"":""no"",""ticker"":""KXBTC15M-26APR280200-00"",""trade_id"":""ea7754eb-18ad-7402-b6cf-721c4179468e"",""yes_price_dollars"":""0.5400""}"
KXBTC15M-26APR280200-00,5b8435ed-cbc1-571e-8f38-f9df2550ce7b,1777355139,0.52,4.0,no,"{""count_fp"":""4.00"",""created_time"":""2026-04-28T05:45:39.775318Z"",""no_price_dollars"":""0.4800"",""taker_side"":""no"",""ticker"":""KXBTC15M-26APR280200-00"",""trade_id"":""5b8435ed-cbc1-571e-8f38-f9df2550ce7b"",""yes_price_dollars"":""0.5200""}"
KXBTC15M-26APR280200-00,0dd26af6-a1f9-5296-be2e-74d70810135d,1777355139,0.52,1.0,no,"{""count_fp"":""1.00"",""created_time"":""2026-04-28T05:45:39.775318Z"",""no_price_dollars"":""0.4800"",""taker_side"":""no"",""ticker"":""KXBTC15M-26APR280200-00"",""trade_id"":""0dd26af6-a1f9-5296-be2e-74d70810135d"",""yes_price_dollars"":""0.5200""}"
KXBTC15M-26APR280200-00,abb2a83f-617b-6a14-6382-79d6c44a42c5,1777355139,0.53,0.89,yes,"{""count_fp"":""0.89"",""created_time"":""2026-04-28T05:45:39.485651Z"",""no_price_dollars"":""0.4700"",""taker_side"":""yes"",""ticker"":""KXBTC15M-26APR280200-00"",""trade_id"":""abb2a83f-617b-6a14-6382-79d6c44a42c5"",""yes_price_dollars"":""0.5300""}"
KXBTC15M-26APR280200-00,33d93806-7123-62dc-7d86-ba36cb8fa065,1777355139,0.53,8.97,yes,"{""count_fp"":""8.97"",""created_time"":""2026-04-28T05:45:39.187431Z"",""no_price_dollars"":""0.4700"",""taker_side"":""yes"",""ticker"":""KXBTC15M-26APR280200-00"",""trade_id"":""33d93806-7123-62dc-7d86-ba36cb8fa065"",""yes_price_dollars"":""0.5300""}"
KXBTC15M-26APR280200-00,a7762df0-cd63-6fba-8c97-cd77390ffebd,1777355140,0.53,3.65,yes,"{""count_fp"":""3.65"",""created_time"":""2026-04-28T05:45:40.856983Z"",""no_price_dollars"":""0.4700"",""taker_side"":""yes"",""ticker"":""KXBTC15M-26APR280200-00"",""trade_id"":""a7762df0-cd63-6fba-8c97-cd77390ffebd"",""yes_price_dollars"":""0.5300""}"
KXBTC15M-26APR280200-00,71d55cc9-1247-78d6-3f3d-2f2b24c22151,1777355140,0.53,179.66,yes,"{""count_fp"":""179.66"",""created_time"":""2026-04-28T05:45:40.799759Z"",""no_price_dollars"":""0.4700"",""taker_side"":""yes"",""ticker"":""KXBTC15M-26APR280200-00"",""trade_id"":""71d55cc9-1247-78d6-3f3d-2f2b24c22151"",""yes_price_dollars"":""0.5300""}"
KXBTC15M-26APR280200-00,5c4215ca-a731-7426-30e9-b64a4bb393ea,1777355140,0.53,3.0,yes,"{""count_fp"":""3.00"",""created_time"":""2026-04-28T05:45:40.799759Z"",""no_price_dollars"":""0.4700"",""taker_side"":""yes"",""ticker"":""KXBTC15M-26APR280200-00"",""trade_id"":""5c4215ca-a731-7426-30e9-b64a4bb393ea"",""yes_price_dollars"":""0.5300""}"
KXBTC15M-26APR280200-00,6f6f0a40-c42e-6dd6-aeff-89927a8cffeb,1777355140,0.53,18.26,yes,"{""count_fp"":""18.26"",""created_time"":""2026-04-28T05:45:40.719126Z"",""no_price_dollars"":""0.4700"",""taker_side"":""yes"",""ticker"":""KXBTC15M-26APR280200-00"",""trade_id"":""6f6f0a40-c42e-6dd6-aeff-89927a8cffeb"",""yes_price_dollars"":""0.5300""}"
KXBTC15M-26APR280200-00,fab0298a-e60b-48ae-f964-777fdb1fe847,1777355140,0.52,1.0,no,"{""count_fp"":""1.00"",""created_time"":""2026-04-28T05:45:40.609121Z"",""no_price_dollars"":""0.4800"",""taker_side"":""no"",""ticker"":""KXBTC15M-26APR280200-00"",""trade_id"":""fab0298a-e60b-48ae-f964-777fdb1fe847"",""yes_price_dollars"":""0.5200""}"
KXBTC15M-26APR280200-00,15d77324-89f6-61ce-50d6-9b08ab3cb3cb,1777355140,0.53,3.47,yes,"{""count_fp"":""3.47"",""created_time"":""2026-04-28T05:45:40.537608Z"",""no_price_dollars"":""0.4700"",""taker_side"":""yes"",""ticker"":""KXBTC15M-26APR280200-00"",""trade_id"":""15d77324-89f6-61ce-50d6-9b08ab3cb3cb"",""yes_price_dollars"":""0.5300""}"
KXBTC15M-26APR280200-00,36bc5aaa-ac6a-40d2-58bf-bc3e726716eb,1777355140,0.53,9.66,yes,"{""count_fp"":""9.66"",""created_time"":""2026-04-28T05:45:40.334541Z"",""no_price_dollars"":""0.4700"",""taker_side"":""yes"",""ticker"":""KXBTC15M-26APR280200-00"",""trade_id"":""36bc5aaa-ac6a-40d2-58bf-bc3e726716eb"",""yes_price_dollars"":""0.5300""}"
KXBTC15M-26APR280200-00,8ed6650a-a6d3-4e3c-f3fd-a37df5899d61,1777355140,0.53,348.44,yes,"{""count_fp"":""348.44"",""created_time"":""2026-04-28T05:45:40.270159Z"",""no_price_dollars"":""0.4700"",""taker_side"":""yes"",""ticker"":""KXBTC15M-26APR280200-00"",""trade_id"":""8ed6650a-a6d3-4e3c-f3fd-a37df5899d61"",""yes_price_dollars"":""0.5300""}"
KXBTC15M-26APR280200-00,2d3641d5-127b-4139-cc2b-f448a6dcafe5,1777355140,0.53,16.89,yes,"{""count_fp"":""16.89"",""created_time"":""2026-04-28T05:45:40.270159Z"",""no_price_dollars"":""0.4700"",""taker_side"":""yes"",""ticker"":""KXBTC15M-26APR280200-00"",""trade_id"":""2d3641d5-127b-4139-cc2b-f448a6dcafe5"",""yes_price_dollars"":""0.5300""}"
KXBTC15M-26APR280200-00,506100b4-2bd5-7bc6-72f0-8da5b122b9b7,1777355140,0.52,8.89,no,"{""count_fp"":""8.89"",""created_time"":""2026-04-28T05:45:40.013714Z"",""no_price_dollars"":""0.4800"",""taker_side"":""no"",""ticker"":""KXBTC15M-26APR280200-00"",""trade_id"":""506100b4-2bd5-7bc6-72f0-8da5b122b9b7"",""yes_price_dollars"":""0.5200""}"
KXBTC15M-26APR280200-00,3190327e-792f-404c-945e-644ac6ccae63,1777355141,0.52,6.0,yes,"{""count_fp"":""6.00"",""created_time"":""2026-04-28T05:45:41.745755Z"",""no_price_dollars"":""0.4800"",""taker_side"":""yes"",""ticker"":""KXBTC15M-26APR280200-00"",""trade_id"":""3190327e-792f-404c-945e-644ac6ccae63"",""yes_price_dollars"":""0.5200""}"
KXBTC15M-26APR280200-00,fea15727-97bc-4321-ab48-2ec2dbce1d2f,1777355141,0.52,7.11,no,"{""count_fp"":""7.11"",""created_time"":""2026-04-28T05:45:41.553854Z"",""no_price_dollars"":""0.4800"",""taker_side"":""no"",""ticker"":""KXBTC15M-26APR280200-00"",""trade_id"":""fea15727-97bc-4321-ab48-2ec2dbce1d2f"",""yes_price_dollars"":""0.5200""}"
KXBTC15M-26APR280200-00,f01c1cca-6f45-4074-898a-70c23e4cae3b,1777355141,0.52,8.89,no,"{""count_fp"":""8.89"",""created_time"":""2026-04-28T05:45:41.553854Z"",""no_price_dollars"":""0.4800"",""taker_side"":""no"",""ticker"":""KXBTC15M-26APR280200-00"",""trade_id"":""f01c1cca-6f45-4074-898a-70c23e4cae3b"",""yes_price_dollars"":""0.5200""}"
KXBTC15M-26APR280200-00,b775bb54-6bb2-44b5-931c-92dd234f6bda,1777355141,0.51,10.0,no,"{""count_fp"":""10.00"",""created_time"":""2026-04-28T05:45:41.553854Z"",""no_price_dollars"":""0.4900"",""taker_side"":""no"",""ticker"":""KXBTC15M-26APR280200-00"",""trade_id"":""b775bb54-6bb2-44b5-931c-92dd234f6bda"",""yes_price_dollars"":""0.5100""}"
KXBTC15M-26APR280200-00,b093ecbd-1ee2-4d45-80e5-7bfd885e0a62,1777355141,0.5,20.0,no,"{""count_fp"":""20.00"",""created_time"":""2026-04-28T05:45:41.553854Z"",""no_price_dollars"":""0.5000"",""taker_side"":""no"",""ticker"":""KXBTC15M-26APR280200-00"",""trade_id"":""b093ecbd-1ee2-4d45-80e5-7bfd885e0a62"",""yes_price_dollars"":""0.5000""}"
KXBTC15M-26APR280200-00,758522c8-b7c0-4ae5-b40a-5bc1b5b1c1b3,1777355141,0.5,120.98,no,"{""count_fp"":""120.98"",""created_time"":""2026-04-28T05:45:41.553854Z"",""no_price_dollars"":""0.5000"",""taker_side"":""no"",""ticker"":""KXBTC15M-26APR280200-00"",""trade_id"":""758522c8-b7c0-4ae5-b40a-5bc1b5b1c1b3"",""yes_price_dollars"":""0.5000""}"
KXBTC15M-26APR280200-00,58a8aeef-0833-40da-bd3d-91e6068dadde,1777355141,0.52,4.0,no,"{""count_fp"":""4.00"",""created_time"":""2026-04-28T05:45:41.553854Z"",""no_price_dollars"":""0.4800"",""taker_side"":""no"",""ticker"":""KXBTC15M-26APR280200-00"",""trade_id"":""58a8aeef-0833-40da-bd3d-91e6068dadde"",""yes_price_dollars"":""0.5200""}"
KXBTC15M-26APR280200-00,42b649f7-ad3c-432a-bc63-7114044c5843,1777355141,0.5,40.0,no,"{""count_fp"":""40.00"",""created_time"":""2026-04-28T05:45:41.553854Z"",""no_price_dollars"":""0.5000"",""taker_side"":""no"",""ticker"":""KXBTC15M-26APR280200-00"",""trade_id"":""42b649f7-ad3c-432a-bc63-7114044c5843"",""yes_price_dollars"":""0.5000""}"
KXBTC15M-26APR280200-00,39737c58-eeea-4999-a691-bbfc6cfe77bb,1777355141,0.52,1.0,no,"{""count_fp"":""1.00"",""created_time"":""2026-04-28T05:45:41.553854Z"",""no_price_dollars"":""0.4800"",""taker_side"":""no"",""ticker"":""KXBTC15M-26APR280200-00"",""trade_id"":""39737c58-eeea-4999-a691-bbfc6cfe77bb"",""yes_price_dollars"":""0.5200""}"
KXBTC15M-26APR280200-00,25aa15f4-6423-43ba-b17f-ef8e7dd15da3,1777355141,0.52,32.14,no,"{""count_fp"":""32.14"",""created_time"":""2026-04-28T05:45:41.553854Z"",""no_price_dollars"":""0.4800"",""taker_side"":""no"",""ticker"":""KXBTC15M-26APR280200-00"",""trade_id"":""25aa15f4-6423-43ba-b17f-ef8e7dd15da3"",""yes_price_dollars"":""0.5200""}"
KXBTC15M-26APR280200-00,157a512e-3011-400f-b23b-a1775c674fb1,1777355141,0.52,16.89,no,"{""count_fp"":""16.89"",""created_time"":""2026-04-28T05:45:41.553854Z"",""no_price_dollars"":""0.4800"",""taker_side"":""no"",""ticker"":""KXBTC15M-26APR280200-00"",""trade_id"":""157a512e-3011-400f-b23b-a1775c674fb1"",""yes_price_dollars"":""0.5200""}"
KXBTC15M-26APR280200-00,0cf76ca3-9758-4810-a7fd-0e9e578e4fd2,1777355141,0.51,40.0,no,"{""count_fp"":""40.00"",""created_time"":""2026-04-28T05:45:41.553854Z"",""no_price_dollars"":""0.4900"",""taker_side"":""no"",""ticker"":""KXBTC15M-26APR280200-00"",""trade_id"":""0cf76ca3-9758-4810-a7fd-0e9e578e4fd2"",""yes_price_dollars"":""0.5100""}"
KXBTC15M-26APR280200-00,e033a612-efab-403a-83e5-9a6ed3b4bb6d,1777355141,0.53,27.4,yes,"{""count_fp"":""27.40"",""created_time"":""2026-04-28T05:45:41.469281Z"",""no_price_dollars"":""0.4700"",""taker_side"":""yes"",""ticker"":""KXBTC15M-26APR280200-00"",""trade_id"":""e033a612-efab-403a-83e5-9a6ed3b4bb6d"",""yes_price_dollars"":""0.5300""}"
KXBTC15M-26APR280200-00,fcf89d71-17eb-7ac6-6c2c-70f0c5134129,1777355141,0.53,53.82,yes,"{""count_fp"":""53.82"",""created_time"":""2026-04-28T05:45:41.368563Z"",""no_price_dollars"":""0.4700"",""taker_side"":""yes"",""ticker"":""KXBTC15M-26APR280200-00"",""trade_id"":""fcf89d71-17eb-7ac6-6c2c-70f0c5134129"",""yes_price_dollars"":""0.5300""}"
KXBTC15M-26APR280200-00,27719ed1-cf4b-7f7e-287a-5409adadbf8f,1777355141,0.52,3.97,no,"{""count_fp"":""3.97"",""created_time"":""2026-04-28T05:45:41.010091Z"",""no_price_dollars"":""0.4800"",""taker_side"":""no"",""ticker"":""KXBTC15M-26APR280200-00"",""trade_id"":""27719ed1-cf4b-7f7e-287a-5409adadbf8f"",""yes_price_dollars"":""0.5200""}"
KXBTC15M-26APR280200-00,64e45bbd-fbe2-64d4-68f7-0b069b99b68e,1777355142,0.54,17.89,yes,"{""count_fp"":""17.89"",""created_time"":""2026-04-28T05:45:42.852828Z"",""no_price_dollars"":""0.4600"",""taker_side"":""yes"",""ticker"":""KXBTC15M-26APR280200-00"",""trade_id"":""64e45bbd-fbe2-64d4-68f7-0b069b99b68e"",""yes_price_dollars"":""0.5400""}"
KXBTC15M-26APR280200-00,54f3e9fb-f9f2-4e81-4ba9-4c796b4c32b3,1777355142,0.54,1.0,yes,"{""count_fp"":""1.00"",""created_time"":""2026-04-28T05:45:42.509385Z"",""no_price_dollars"":""0.4600"",""taker_side"":""yes"",""ticker"":""KXBTC15M-26APR280200-00"",""trade_id"":""54f3e9fb-f9f2-4e81-4ba9-4c796b4c32b3"",""yes_price_dollars"":""0.5400""}"
KXBTC15M-26APR280200-00,4f76f2a3-13be-47bc-5b85-ff891b8ebc1e,1777355142,0.54,7.94,yes,"{""count_fp"":""7.94"",""created_time"":""2026-04-28T05:45:42.509385Z"",""no_price_dollars"":""0.4600"",""taker_side"":""yes"",""ticker"":""KXBTC15M-26APR280200-00"",""trade_id"":""4f76f2a3-13be-47bc-5b85-ff891b8ebc1e"",""yes_price_dollars"":""0.5400""}"
KXBTC15M-26APR280200-00,fee62987-2f14-6231-d410-29c2c6efdb84,1777355142,0.53,40.0,no,"{""count_fp"":""40.00"",""created_time"":""2026-04-28T05:45:42.385717Z"",""no_price_dollars"":""0.4700"",""taker_side"":""no"",""ticker"":""KXBTC15M-26APR280200-00"",""trade_id"":""fee62987-2f14-6231-d410-29c2c6efdb84"",""yes_price_dollars"":""0.5300""}"
KXBTC15M-26APR280200-00,eebf27a1-6390-6b57-ee84-cc2485cc4d89,1777355142,0.53,3.0,no,"{""count_fp"":""3.00"",""created_time"":""2026-04-28T05:45:42.385717Z"",""no_price_dollars"":""0.4700"",""taker_side"":""no"",""ticker"":""KXBTC15M-26APR280200-00"",""trade_id"":""eebf27a1-6390-6b57-ee84-cc2485cc4d89"",""yes_price_dollars"":""0.5300""}"
KXBTC15M-26APR280200-00,60911f19-88ef-6353-cfaa-f8410b491142,1777355142,0.53,10.25,no,"{""count_fp"":""10.25"",""created_time"":""2026-04-28T05:45:42.385717Z"",""no_price_dollars"":""0.4700"",""taker_side"":""no"",""ticker"":""KXBTC15M-26APR280200-00"",""trade_id"":""60911f19-88ef-6353-cfaa-f8410b491142"",""yes_price_dollars"":""0.5300""}"
KXBTC15M-26APR280200-00,27448acc-8961-6840-e25a-d820d85f878a,1777355142,0.53,4.19,no,"{""count_fp"":""4.19"",""created_time"":""2026-04-28T05:45:42.385717Z"",""no_price_dollars"":""0.4700"",""taker_side"":""no"",""ticker"":""KXBTC15M-26APR280200-00"",""trade_id"":""27448acc-8961-6840-e25a-d820d85f878a"",""yes_price_dollars"":""0.5300""}"
KXBTC15M-26APR280200-00,7faeb941-de9a-7252-750b-bb59e982e7ec,1777355142,0.53,2.0,yes,"{""count_fp"":""2.00"",""created_time"":""2026-04-28T05:45:42.116893Z"",""no_price_dollars"":""0.4700"",""taker_side"":""yes"",""ticker"":""KXBTC15M-26APR280200-00"",""trade_id"":""7faeb941-de9a-7252-750b-bb59e982e7ec"",""yes_price_dollars"":""0.5300""}"
KXBTC15M-26APR280200-00,09d90e2d-526c-5d12-b599-209658ee7fab,1777355142,0.53,25.32,yes,"{""count_fp"":""25.32"",""created_time"":""2026-04-28T05:45:42.097036Z"",""no_price_dollars"":""0.4700"",""taker_side"":""yes"",""ticker"":""KXBTC15M-26APR280200-00"",""trade_id"":""09d90e2d-526c-5d12-b599-209658ee7fab"",""yes_price_dollars"":""0.5300""}"
KXBTC15M-26APR280200-00,c88deb0a-d3e9-5b7b-902d-63240c8eea0a,1777355142,0.52,28.9,yes,"{""count_fp"":""28.90"",""created_time"":""2026-04-28T05:45:42.072063Z"",""no_price_dollars"":""0.4800"",""taker_side"":""yes"",""ticker"":""KXBTC15M-26APR280200-00"",""trade_id"":""c88deb0a-d3e9-5b7b-902d-63240c8eea0a"",""yes_price_dollars"":""0.5200""}"
KXBTC15M-26APR280200-00,6bd82bfc-ec25-578b-b59a-28a14d6a77aa,1777355142,0.52,50.34,yes,"{""count_fp"":""50.34"",""created_time"":""2026-04-28T05:45:42.069291Z"",""no_price_dollars"":""0.4800"",""taker_side"":""yes"",""ticker"":""KXBTC15M-26APR280200-00"",""trade_id"":""6bd82bfc-ec25-578b-b59a-28a14d6a77aa"",""yes_price_dollars"":""0.5200""}"
KXBTC15M-26APR280200-00,acd710a7-3379-6fa3-421d-a897fadb06da,1777355142,0.52,15.8,yes,"{""count_fp"":""15.80"",""created_time"":""2026-04-28T05:45:42.067779Z"",""no_price_dollars"":""0.4800"",""taker_side"":""yes"",""ticker"":""KXBTC15M-26APR280200-00"",""trade_id"":""acd710a7-3379-6fa3-421d-a897fadb06da"",""yes_price_dollars"":""0.5200""}"
KXBTC15M-26APR280200-00,fb6d4664-300d-752b-c59e-996d8eff9af6,1777355142,0.52,22.88,yes,"{""count_fp"":""22.88"",""created_time"":""2026-04-28T05:45:42.066422Z"",""no_price_dollars"":""0.4800"",""taker_side"":""yes"",""ticker"":""KXBTC15M-26APR280200-00"",""trade_id"":""fb6d4664-300d-752b-c59e-996d8eff9af6"",""yes_price_dollars"":""0.5200""}"
KXBTC15M-26APR280200-00,5a5d4446-db98-5331-6292-3e6ebac877c2,1777355142,0.52,0.92,yes,"{""count_fp"":""0.92"",""created_time"":""2026-04-28T05:45:42.065098Z"",""no_price_dollars"":""0.4800"",""taker_side"":""yes"",""ticker"":""KXBTC15M-26APR280200-00"",""trade_id"":""5a5d4446-db98-5331-6292-3e6ebac877c2"",""yes_price_dollars"":""0.5200""}"
KXBTC15M-26APR280200-00,0e3c1610-d7f5-578b-4a42-d1588ca84722,1777355142,0.52,3.08,yes,"{""count_fp"":""3.08"",""created_time"":""2026-04-28T05:45:42.065098Z"",""no_price_dollars"":""0.4800"",""taker_side"":""yes"",""ticker"":""KXBTC15M-26APR280200-00"",""trade_id"":""0e3c1610-d7f5-578b-4a42-d1588ca84722"",""yes_price_dollars"":""0.5200""}"
KXBTC15M-26APR280200-00,ee256689-3ed3-541e-ff21-c66ff7689a56,1777355142,0.52,20.0,yes,"{""count_fp"":""20.00"",""created_time"":""2026-04-28T05:45:42.065051Z"",""no_price_dollars"":""0.4800"",""taker_side"":""yes"",""ticker"":""KXBTC15M-26APR280200-00"",""trade_id"":""ee256689-3ed3-541e-ff21-c66ff7689a56"",""yes_price_dollars"":""0.5200""}"
KXBTC15M-26APR280200-00,e66676de-fd40-5826-d192-0c056041c3cf,1777355142,0.52,500.0,yes,"{""count_fp"":""500.00"",""created_time"":""2026-04-28T05:45:42.065051Z"",""no_price_dollars"":""0.4800"",""taker_side"":""yes"",""ticker"":""KXBTC15M-26APR280200-00"",""trade_id"":""e66676de-fd40-5826-d192-0c056041c3cf"",""yes_price_dollars"":""0.5200""}"
KXBTC15M-26APR280200-00,e4833356-441b-5928-d712-cb2bc789acfb,1777355142,0.52,90.7,yes,"{""count_fp"":""90.70"",""created_time"":""2026-04-28T05:45:42.065051Z"",""no_price_dollars"":""0.4800"",""taker_side"":""yes"",""ticker"":""KXBTC15M-26APR280200-00"",""trade_id"":""e4833356-441b-5928-d712-cb2bc789acfb"",""yes_price_dollars"":""0.5200""}"
KXBTC15M-26APR280200-00,dd572c3b-b060-574d-e786-9554f34fd676,1777355142,0.52,16.08,yes,"{""count_fp"":""16.08"",""created_time"":""2026-04-28T05:45:42.065051Z"",""no_price_dollars"":""0.4800"",""taker_side"":""yes"",""ticker"":""KXBTC15M-26APR280200-00"",""trade_id"":""dd572c3b-b060-574d-e786-9554f34fd676"",""yes_price_dollars"":""0.5200""}"
KXBTC15M-26APR280200-00,b8b98203-4543-558f-d1b5-0eebf4adceb2,1777355142,0.52,20.0,yes,"{""count_fp"":""20.00"",""created_time"":""2026-04-28T05:45:42.065051Z"",""no_price_dollars"":""0.4800"",""taker_side"":""yes"",""ticker"":""KXBTC15M-26APR280200-00"",""trade_id"":""b8b98203-4543-558f-d1b5-0eebf4adceb2"",""yes_price_dollars"":""0.5200""}"
KXBTC15M-26APR280200-00,9addf38d-2f0d-51e2-e03e-6363ba06c09c,1777355142,0.52,12.22,yes,"{""count_fp"":""12.22"",""created_time"":""2026-04-28T05:45:42.065051Z"",""no_price_dollars"":""0.4800"",""taker_side"":""yes"",""ticker"":""KXBTC15M-26APR280200-00"",""trade_id"":""9addf38d-2f0d-51e2-e03e-6363ba06c09c"",""yes_price_dollars"":""0.5200""}"
KXBTC15M-26APR280200-00,ebc5a68a-871a-5838-038a-f958f70011c6,1777355143,0.53,1.82,yes,"{""count_fp"":""1.82"",""created_time"":""2026-04-28T05:45:43.913245Z"",""no_price_dollars"":""0.4700"",""taker_side"":""yes"",""ticker"":""KXBTC15M-26APR280200-00"",""trade_id"":""ebc5a68a-871a-5838-038a-f958f70011c6"",""yes_price_dollars"":""0.5300""}"
KXBTC15M-26APR280200-00,fbcb7bd9-55ce-430c-2a0c-b4e5321a2bbe,1777355143,0.53,0.54,yes,"{""count_fp"":""0.54"",""created_time"":""2026-04-28T05:45:43.606559Z"",""no_price_dollars"":""0.4700"",""taker_side"":""yes"",""ticker"":""KXBTC15M-26APR280200-00"",""trade_id"":""fbcb7bd9-55ce-430c-2a0c-b4e5321a2bbe"",""yes_price_dollars"":""0.5300""}"
KXBTC15M-26APR280200-00,60c69678-e0e0-52ed-ac36-9eff1efbcd2c,1777355143,0.53,8.85,no,"{""count_fp"":""8.85"",""created_time"":""2026-04-28T05:45:43.454746Z"",""no_price_dollars"":""0.4700"",""taker_side"":""no"",""ticker"":""KXBTC15M-26APR280200-00"",""trade_id"":""60c69678-e0e0-52ed-ac36-9eff1efbcd2c"",""yes_price_dollars"":""0.5300""}"
KXBTC15M-26APR280200-00,1625950b-9746-5f67-8967-ac8e9b81705e,1777355143,0.52,19.4,no,"{""count_fp"":""19.40"",""created_time"":""2026-04-28T05:45:43.454746Z"",""no_price_dollars"":""0.4800"",""taker_side"":""no"",""ticker"":""KXBTC15M-26APR280200-00"",""trade_id"":""1625950b-9746-5f67-8967-ac8e9b81705e"",""yes_price_dollars"":""0.5200""}"
KXBTC15M-26APR280200-00,044c2d6f-50c7-54db-aa61-b77c9d5466d9,1777355143,0.53,11.15,no,"{""count_fp"":""11.15"",""created_time"":""2026-04-28T05:45:43.454746Z"",""no_price_dollars"":""0.4700"",""taker_side"":""no"",""ticker"":""KXBTC15M-26APR280200-00"",""trade_id"":""044c2d6f-50c7-54db-aa61-b77c9d5466d9"",""yes_price_dollars"":""0.5300""}"
KXBTC15M-26APR280200-00,4d435038-a72c-46dc-ca5d-47b4861e1f1f,1777355143,0.53,1.0,no,"{""count_fp"":""1.00"",""created_time"":""2026-04-28T05:45:43.314339Z"",""no_price_dollars"":""0.4700"",""taker_side"":""no"",""ticker"":""KXBTC15M-26APR280200-00"",""trade_id"":""4d435038-a72c-46dc-ca5d-47b4861e1f1f"",""yes_price_dollars"":""0.5300""}"
