ticker,trade_id,ts,yes_price,count,taker_side,raw_json
KXBTC15M-26APR280645-45,681ca078-0cd8-7d82-7bd1-175815d5b37e,1777372203,0.52,1.0,no,"{""count_fp"":""1.00"",""created_time"":""2026-04-28T10:30:03.648394Z"",""no_price_dollars"":""0.4800"",""taker_side"":""no"",""ticker"":""KXBTC15M-26APR280645-45"",""trade_id"":""681ca078-0cd8-7d82-7bd1-175815d5b37e"",""yes_price_dollars"":""0.5200""}"
KXBTC15M-26APR280645-45,d162eddf-00cb-5c72-e741-0b3a1d5039f4,1777372203,0.54,2.58,yes,"{""count_fp"":""2.58"",""created_time"":""2026-04-28T10:30:03.400153Z"",""no_price_dollars"":""0.4600"",""taker_side"":""yes"",""ticker"":""KXBTC15M-26APR280645-45"",""trade_id"":""d162eddf-00cb-5c72-e741-0b3a1d5039f4"",""yes_price_dollars"":""0.5400""}"
KXBTC15M-26APR280645-45,916d1dd8-98e2-52f6-fc0e-a0321fbf5162,1777372203,0.54,1.0,yes,"{""count_fp"":""1.00"",""created_time"":""2026-04-28T10:30:03.400153Z"",""no_price_dollars"":""0.4600"",""taker_side"":""yes"",""ticker"":""KXBTC15M-26APR280645-45"",""trade_id"":""916d1dd8-98e2-52f6-fc0e-a0321fbf5162"",""yes_price_dollars"":""0.5400""}"
KXBTC15M-26APR280645-45,dc569f78-b013-6cd5-a095-4aa92eebcde3,1777372203,0.52,56.0,no,"{""count_fp"":""56.00"",""created_time"":""2026-04-28T10:30:03.230739Z"",""no_price_dollars"":""0.4800"",""taker_side"":""no"",""ticker"":""KXBTC15M-26APR280645-45"",""trade_id"":""dc569f78-b013-6cd5-a095-4aa92eebcde3"",""yes_price_dollars"":""0.5200""}"
KXBTC15M-26APR280645-45,c520fbde-9cf8-689e-8100-498da3e2bb7e,1777372203,0.52,144.0,no,"{""count_fp"":""144.00"",""created_time"":""2026-04-28T10:30:03.230739Z"",""no_price_dollars"":""0.4800"",""taker_side"":""no"",""ticker"":""KXBTC15M-26APR280645-45"",""trade_id"":""c520fbde-9cf8-689e-8100-498da3e2bb7e"",""yes_price_dollars"":""0.5200""}"
KXBTC15M-26APR280645-45,7717dc1b-ddab-7fda-ab79-f2f6461a54c8,1777372206,0.54,16.0,yes,"{""count_fp"":""16.00"",""created_time"":""2026-04-28T10:30:06.498908Z"",""no_price_dollars"":""0.4600"",""taker_side"":""yes"",""ticker"":""KXBTC15M-26APR280645-45"",""trade_id"":""7717dc1b-ddab-7fda-ab79-f2f6461a54c8"",""yes_price_dollars"":""0.5400""}"
KXBTC15M-26APR280645-45,5cb0e29a-3cd9-5a35-fb68-d95a425b6799,1777372208,0.56,10.0,yes,"{""count_fp"":""10.00"",""created_time"":""2026-04-28T10:30:08.981393Z"",""no_price_dollars"":""0.4400"",""taker_side"":""yes"",""ticker"":""KXBTC15M-26APR280645-45"",""trade_id"":""5cb0e29a-3cd9-5a35-fb68-d95a425b6799"",""yes_price_dollars"":""0.5600""}"
KXBTC15M-26APR280645-45,eb62db9b-9861-63b3-ccf6-0b751d42709e,1777372208,0.55,5.0,yes,"{""count_fp"":""5.00"",""created_time"":""2026-04-28T10:30:08.586719Z"",""no_price_dollars"":""0.4500"",""taker_side"":""yes"",""ticker"":""KXBTC15M-26APR280645-45"",""trade_id"":""eb62db9b-9861-63b3-ccf6-0b751d42709e"",""yes_price_dollars"":""0.5500""}"
KXBTC15M-26APR280645-45,d28eca69-8be7-628b-e26f-a134eddb8653,1777372208,0.55,10.0,yes,"{""count_fp"":""10.00"",""created_time"":""2026-04-28T10:30:08.586719Z"",""no_price_dollars"":""0.4500"",""taker_side"":""yes"",""ticker"":""KXBTC15M-26APR280645-45"",""trade_id"":""d28eca69-8be7-628b-e26f-a134eddb8653"",""yes_price_dollars"":""0.5500""}"
KXBTC15M-26APR280645-45,cd37e5f8-b90c-6c48-f364-c7709ea454af,1777372208,0.56,12.0,yes,"{""count_fp"":""12.00"",""created_time"":""2026-04-28T10:30:08.586719Z"",""no_price_dollars"":""0.4400"",""taker_side"":""yes"",""ticker"":""KXBTC15M-26APR280645-45"",""trade_id"":""cd37e5f8-b90c-6c48-f364-c7709ea454af"",""yes_price_dollars"":""0.5600""}"
KXBTC15M-26APR280645-45,ff605e97-7a2f-5862-8cec-a7d6b06ff88d,1777372208,0.56,1.0,yes,"{""count_fp"":""1.00"",""created_time"":""2026-04-28T10:30:08.044561Z"",""no_price_dollars"":""0.4400"",""taker_side"":""yes"",""ticker"":""KXBTC15M-26APR280645-45"",""trade_id"":""ff605e97-7a2f-5862-8cec-a7d6b06ff88d"",""yes_price_dollars"":""0.5600""}"
KXBTC15M-26APR280645-45,ed3445cd-140c-5461-8a2a-91ac61cd1ef1,1777372208,0.55,65.0,yes,"{""count_fp"":""65.00"",""created_time"":""2026-04-28T10:30:08.044561Z"",""no_price_dollars"":""0.4500"",""taker_side"":""yes"",""ticker"":""KXBTC15M-26APR280645-45"",""trade_id"":""ed3445cd-140c-5461-8a2a-91ac61cd1ef1"",""yes_price_dollars"":""0.5500""}"
KXBTC15M-26APR280645-45,d09a64f1-6180-5253-8992-f8f7ede49942,1777372208,0.55,56.0,yes,"{""count_fp"":""56.00"",""created_time"":""2026-04-28T10:30:08.044561Z"",""no_price_dollars"":""0.4500"",""taker_side"":""yes"",""ticker"":""KXBTC15M-26APR280645-45"",""trade_id"":""d09a64f1-6180-5253-8992-f8f7ede49942"",""yes_price_dollars"":""0.5500""}"
KXBTC15M-26APR280645-45,bf4c5e5b-f8b6-55fc-b1c5-72031a0c23d6,1777372208,0.55,1.0,yes,"{""count_fp"":""1.00"",""created_time"":""2026-04-28T10:30:08.044561Z"",""no_price_dollars"":""0.4500"",""taker_side"":""yes"",""ticker"":""KXBTC15M-26APR280645-45"",""trade_id"":""bf4c5e5b-f8b6-55fc-b1c5-72031a0c23d6"",""yes_price_dollars"":""0.5500""}"
KXBTC15M-26APR280645-45,bafe52fa-cd00-58d4-af6e-6c1673a656ef,1777372208,0.56,0.99,yes,"{""count_fp"":""0.99"",""created_time"":""2026-04-28T10:30:08.044561Z"",""no_price_dollars"":""0.4400"",""taker_side"":""yes"",""ticker"":""KXBTC15M-26APR280645-45"",""trade_id"":""bafe52fa-cd00-58d4-af6e-6c1673a656ef"",""yes_price_dollars"":""0.5600""}"
KXBTC15M-26APR280645-45,7f997a61-7e9f-5f4a-a960-338289e36450,1777372208,0.54,4.42,yes,"{""count_fp"":""4.42"",""created_time"":""2026-04-28T10:30:08.044561Z"",""no_price_dollars"":""0.4600"",""taker_side"":""yes"",""ticker"":""KXBTC15M-26APR280645-45"",""trade_id"":""7f997a61-7e9f-5f4a-a960-338289e36450"",""yes_price_dollars"":""0.5400""}"
KXBTC15M-26APR280645-45,47c281f2-c501-51c4-bd58-a88e2b6037b0,1777372208,0.55,1.0,yes,"{""count_fp"":""1.00"",""created_time"":""2026-04-28T10:30:08.044561Z"",""no_price_dollars"":""0.4500"",""taker_side"":""yes"",""ticker"":""KXBTC15M-26APR280645-45"",""trade_id"":""47c281f2-c501-51c4-bd58-a88e2b6037b0"",""yes_price_dollars"":""0.5500""}"
KXBTC15M-26APR280645-45,37261c1c-0542-581c-92ef-69360babb5f1,1777372208,0.55,150.0,yes,"{""count_fp"":""150.00"",""created_time"":""2026-04-28T10:30:08.044561Z"",""no_price_dollars"":""0.4500"",""taker_side"":""yes"",""ticker"":""KXBTC15M-26APR280645-45"",""trade_id"":""37261c1c-0542-581c-92ef-69360babb5f1"",""yes_price_dollars"":""0.5500""}"
KXBTC15M-26APR280645-45,eda0fb12-6f7f-60cc-d66b-25cc3111c43e,1777372209,0.55,35.24,yes,"{""count_fp"":""35.24"",""created_time"":""2026-04-28T10:30:09.885174Z"",""no_price_dollars"":""0.4500"",""taker_side"":""yes"",""ticker"":""KXBTC15M-26APR280645-45"",""trade_id"":""eda0fb12-6f7f-60cc-d66b-25cc3111c43e"",""yes_price_dollars"":""0.5500""}"
KXBTC15M-26APR280645-45,72b0be4c-fbd9-6475-ff45-023d2b3b6335,1777372209,0.56,138.25,yes,"{""count_fp"":""138.25"",""created_time"":""2026-04-28T10:30:09.885174Z"",""no_price_dollars"":""0.4400"",""taker_side"":""yes"",""ticker"":""KXBTC15M-26APR280645-45"",""trade_id"":""72b0be4c-fbd9-6475-ff45-023d2b3b6335"",""yes_price_dollars"":""0.5600""}"
KXBTC15M-26APR280645-45,b8a90532-3c8f-7538-f05e-fc778c3dad7a,1777372209,0.55,1.76,yes,"{""count_fp"":""1.76"",""created_time"":""2026-04-28T10:30:09.880026Z"",""no_price_dollars"":""0.4500"",""taker_side"":""yes"",""ticker"":""KXBTC15M-26APR280645-45"",""trade_id"":""b8a90532-3c8f-7538-f05e-fc778c3dad7a"",""yes_price_dollars"":""0.5500""}"
KXBTC15M-26APR280645-45,5bed1631-217c-6012-c5b4-f6009e53c7ca,1777372210,0.52,10.0,no,"{""count_fp"":""10.00"",""created_time"":""2026-04-28T10:30:10.439802Z"",""no_price_dollars"":""0.4800"",""taker_side"":""no"",""ticker"":""KXBTC15M-26APR280645-45"",""trade_id"":""5bed1631-217c-6012-c5b4-f6009e53c7ca"",""yes_price_dollars"":""0.5200""}"
KXBTC15M-26APR280645-45,3c109391-6c00-65cf-d509-67351e6fde37,1777372210,0.52,2.0,no,"{""count_fp"":""2.00"",""created_time"":""2026-04-28T10:30:10.439802Z"",""no_price_dollars"":""0.4800"",""taker_side"":""no"",""ticker"":""KXBTC15M-26APR280645-45"",""trade_id"":""3c109391-6c00-65cf-d509-67351e6fde37"",""yes_price_dollars"":""0.5200""}"
KXBTC15M-26APR280645-45,f5adf51c-f632-74f0-cbbc-eafad9de5364,1777372210,0.53,5.0,no,"{""count_fp"":""5.00"",""created_time"":""2026-04-28T10:30:10.312397Z"",""no_price_dollars"":""0.4700"",""taker_side"":""no"",""ticker"":""KXBTC15M-26APR280645-45"",""trade_id"":""f5adf51c-f632-74f0-cbbc-eafad9de5364"",""yes_price_dollars"":""0.5300""}"
KXBTC15M-26APR280645-45,f50a1633-2ca3-7c76-d723-77af939796d3,1777372210,0.53,12.94,no,"{""count_fp"":""12.94"",""created_time"":""2026-04-28T10:30:10.312397Z"",""no_price_dollars"":""0.4700"",""taker_side"":""no"",""ticker"":""KXBTC15M-26APR280645-45"",""trade_id"":""f50a1633-2ca3-7c76-d723-77af939796d3"",""yes_price_dollars"":""0.5300""}"
KXBTC15M-26APR280645-45,9e6dfeb9-f732-70df-da89-9df735094897,1777372210,0.53,13.06,no,"{""count_fp"":""13.06"",""created_time"":""2026-04-28T10:30:10.312397Z"",""no_price_dollars"":""0.4700"",""taker_side"":""no"",""ticker"":""KXBTC15M-26APR280645-45"",""trade_id"":""9e6dfeb9-f732-70df-da89-9df735094897"",""yes_price_dollars"":""0.5300""}"
KXBTC15M-26APR280645-45,319a550c-e181-73ae-f6ae-0764d380e88e,1777372210,0.53,30.0,no,"{""count_fp"":""30.00"",""created_time"":""2026-04-28T10:30:10.312397Z"",""no_price_dollars"":""0.4700"",""taker_side"":""no"",""ticker"":""KXBTC15M-26APR280645-45"",""trade_id"":""319a550c-e181-73ae-f6ae-0764d380e88e"",""yes_price_dollars"":""0.5300""}"
KXBTC15M-26APR280645-45,172f9784-82ce-7943-e7d3-296f8b1dc5df,1777372210,0.53,1.0,no,"{""count_fp"":""1.00"",""created_time"":""2026-04-28T10:30:10.312397Z"",""no_price_dollars"":""0.4700"",""taker_side"":""no"",""ticker"":""KXBTC15M-26APR280645-45"",""trade_id"":""172f9784-82ce-7943-e7d3-296f8b1dc5df"",""yes_price_dollars"":""0.5300""}"
KXBTC15M-26APR280645-45,158e4fe9-83d7-77a2-c514-c41b2be3aed6,1777372210,0.53,10.0,no,"{""count_fp"":""10.00"",""created_time"":""2026-04-28T10:30:10.312397Z"",""no_price_dollars"":""0.4700"",""taker_side"":""no"",""ticker"":""KXBTC15M-26APR280645-45"",""trade_id"":""158e4fe9-83d7-77a2-c514-c41b2be3aed6"",""yes_price_dollars"":""0.5300""}"
KXBTC15M-26APR280645-45,a851e7a5-d561-752f-b49c-357bb08fd22d,1777372211,0.53,3.0,yes,"{""count_fp"":""3.00"",""created_time"":""2026-04-28T10:30:11.120945Z"",""no_price_dollars"":""0.4700"",""taker_side"":""yes"",""ticker"":""KXBTC15M-26APR280645-45"",""trade_id"":""a851e7a5-d561-752f-b49c-357bb08fd22d"",""yes_price_dollars"":""0.5300""}"
KXBTC15M-26APR280645-45,56af02b4-378a-4548-3dd5-d4c633dda4e2,1777372212,0.53,3.0,yes,"{""count_fp"":""3.00"",""created_time"":""2026-04-28T10:30:12.582267Z"",""no_price_dollars"":""0.4700"",""taker_side"":""yes"",""ticker"":""KXBTC15M-26APR280645-45"",""trade_id"":""56af02b4-378a-4548-3dd5-d4c633dda4e2"",""yes_price_dollars"":""0.5300""}"
KXBTC15M-26APR280645-45,009536a5-7065-443f-228b-2b3f1b2dd601,1777372212,0.54,9.59,yes,"{""count_fp"":""9.59"",""created_time"":""2026-04-28T10:30:12.582267Z"",""no_price_dollars"":""0.4600"",""taker_side"":""yes"",""ticker"":""KXBTC15M-26APR280645-45"",""trade_id"":""009536a5-7065-443f-228b-2b3f1b2dd601"",""yes_price_dollars"":""0.5400""}"
KXBTC15M-26APR280645-45,a96018f7-98b4-7ee3-551f-e4cc4e2dc15f,1777372212,0.52,29.15,no,"{""count_fp"":""29.15"",""created_time"":""2026-04-28T10:30:12.464351Z"",""no_price_dollars"":""0.4800"",""taker_side"":""no"",""ticker"":""KXBTC15M-26APR280645-45"",""trade_id"":""a96018f7-98b4-7ee3-551f-e4cc4e2dc15f"",""yes_price_dollars"":""0.5200""}"
KXBTC15M-26APR280645-45,4d77af69-7b02-707e-6ed4-17e320937791,1777372212,0.53,1.0,no,"{""count_fp"":""1.00"",""created_time"":""2026-04-28T10:30:12.464351Z"",""no_price_dollars"":""0.4700"",""taker_side"":""no"",""ticker"":""KXBTC15M-26APR280645-45"",""trade_id"":""4d77af69-7b02-707e-6ed4-17e320937791"",""yes_price_dollars"":""0.5300""}"
KXBTC15M-26APR280645-45,50ac858b-559d-4bef-329f-7e06ac7c3991,1777372212,0.54,8.97,yes,"{""count_fp"":""8.97"",""created_time"":""2026-04-28T10:30:12.358137Z"",""no_price_dollars"":""0.4600"",""taker_side"":""yes"",""ticker"":""KXBTC15M-26APR280645-45"",""trade_id"":""50ac858b-559d-4bef-329f-7e06ac7c3991"",""yes_price_dollars"":""0.5400""}"
KXBTC15M-26APR280645-45,199fb79b-e15a-685e-9e89-efd8daaf267c,1777372213,0.53,67.58,yes,"{""count_fp"":""67.58"",""created_time"":""2026-04-28T10:30:13.995382Z"",""no_price_dollars"":""0.4700"",""taker_side"":""yes"",""ticker"":""KXBTC15M-26APR280645-45"",""trade_id"":""199fb79b-e15a-685e-9e89-efd8daaf267c"",""yes_price_dollars"":""0.5300""}"
KXBTC15M-26APR280645-45,f9d1b81f-f081-6db8-c197-4df04560b74f,1777372213,0.53,3.0,yes,"{""count_fp"":""3.00"",""created_time"":""2026-04-28T10:30:13.879585Z"",""no_price_dollars"":""0.4700"",""taker_side"":""yes"",""ticker"":""KXBTC15M-26APR280645-45"",""trade_id"":""f9d1b81f-f081-6db8-c197-4df04560b74f"",""yes_price_dollars"":""0.5300""}"
KXBTC15M-26APR280645-45,2f7aa6e5-625a-6ca6-cb03-cb0a79381e1c,1777372213,0.53,0.52,yes,"{""count_fp"":""0.52"",""created_time"":""2026-04-28T10:30:13.879585Z"",""no_price_dollars"":""0.4700"",""taker_side"":""yes"",""ticker"":""KXBTC15M-26APR280645-45"",""trade_id"":""2f7aa6e5-625a-6ca6-cb03-cb0a79381e1c"",""yes_price_dollars"":""0.5300""}"
KXBTC15M-26APR280645-45,aa33fb1e-634c-4028-ffa8-4d9c6b53c72f,1777372213,0.53,3.0,yes,"{""count_fp"":""3.00"",""created_time"":""2026-04-28T10:30:13.395668Z"",""no_price_dollars"":""0.4700"",""taker_side"":""yes"",""ticker"":""KXBTC15M-26APR280645-45"",""trade_id"":""aa33fb1e-634c-4028-ffa8-4d9c6b53c72f"",""yes_price_dollars"":""0.5300""}"
KXBTC15M-26APR280645-45,4a1d3b62-ae7c-47bf-ed2e-490615148e2f,1777372213,0.53,32.88,yes,"{""count_fp"":""32.88"",""created_time"":""2026-04-28T10:30:13.395668Z"",""no_price_dollars"":""0.4700"",""taker_side"":""yes"",""ticker"":""KXBTC15M-26APR280645-45"",""trade_id"":""4a1d3b62-ae7c-47bf-ed2e-490615148e2f"",""yes_price_dollars"":""0.5300""}"
KXBTC15M-26APR280645-45,d39d0f82-82d8-407f-b5c1-efdc54d0fa53,1777372214,0.52,0.55,no,"{""count_fp"":""0.55"",""created_time"":""2026-04-28T10:30:14.900036Z"",""no_price_dollars"":""0.4800"",""taker_side"":""no"",""ticker"":""KXBTC15M-26APR280645-45"",""trade_id"":""d39d0f82-82d8-407f-b5c1-efdc54d0fa53"",""yes_price_dollars"":""0.5200""}"
KXBTC15M-26APR280645-45,03b0aaca-6688-59e3-6780-9fc53732c4f3,1777372214,0.52,38.18,no,"{""count_fp"":""38.18"",""created_time"":""2026-04-28T10:30:14.665022Z"",""no_price_dollars"":""0.4800"",""taker_side"":""no"",""ticker"":""KXBTC15M-26APR280645-45"",""trade_id"":""03b0aaca-6688-59e3-6780-9fc53732c4f3"",""yes_price_dollars"":""0.5200""}"
KXBTC15M-26APR280645-45,9200519b-ca18-4377-bddc-abdcb50d6c47,1777372214,0.53,3.0,yes,"{""count_fp"":""3.00"",""created_time"":""2026-04-28T10:30:14.453035Z"",""no_price_dollars"":""0.4700"",""taker_side"":""yes"",""ticker"":""KXBTC15M-26APR280645-45"",""trade_id"":""9200519b-ca18-4377-bddc-abdcb50d6c47"",""yes_price_dollars"":""0.5300""}"
KXBTC15M-26APR280645-45,3cb070bf-10ae-44e2-b93d-933d57f1ddd0,1777372214,0.53,6.0,yes,"{""count_fp"":""6.00"",""created_time"":""2026-04-28T10:30:14.453035Z"",""no_price_dollars"":""0.4700"",""taker_side"":""yes"",""ticker"":""KXBTC15M-26APR280645-45"",""trade_id"":""3cb070bf-10ae-44e2-b93d-933d57f1ddd0"",""yes_price_dollars"":""0.5300""}"
KXBTC15M-26APR280645-45,ea6e6675-ae1f-42b7-4cdb-093386ec30cb,1777372215,0.53,3.0,yes,"{""count_fp"":""3.00"",""created_time"":""2026-04-28T10:30:15.667743Z"",""no_price_dollars"":""0.4700"",""taker_side"":""yes"",""ticker"":""KXBTC15M-26APR280645-45"",""trade_id"":""ea6e6675-ae1f-42b7-4cdb-093386ec30cb"",""yes_price_dollars"":""0.5300""}"
KXBTC15M-26APR280645-45,30d1a6c9-c5c0-41d4-7b11-55ffba99ad84,1777372215,0.53,1.0,yes,"{""count_fp"":""1.00"",""created_time"":""2026-04-28T10:30:15.667743Z"",""no_price_dollars"":""0.4700"",""taker_side"":""yes"",""ticker"":""KXBTC15M-26APR280645-45"",""trade_id"":""30d1a6c9-c5c0-41d4-7b11-55ffba99ad84"",""yes_price_dollars"":""0.5300""}"
KXBTC15M-26APR280645-45,86fd57b2-b3e3-4d91-01fc-06c2c82af1aa,1777372216,0.54,12.52,yes,"{""count_fp"":""12.52"",""created_time"":""2026-04-28T10:30:16.813042Z"",""no_price_dollars"":""0.4600"",""taker_side"":""yes"",""ticker"":""KXBTC15M-26APR280645-45"",""trade_id"":""86fd57b2-b3e3-4d91-01fc-06c2c82af1aa"",""yes_price_dollars"":""0.5400""}"
KXBTC15M-26APR280645-45,f5eb2278-8753-5320-6212-1fc645645c53,1777372216,0.53,24.1,no,"{""count_fp"":""24.10"",""created_time"":""2026-04-28T10:30:16.516051Z"",""no_price_dollars"":""0.4700"",""taker_side"":""no"",""ticker"":""KXBTC15M-26APR280645-45"",""trade_id"":""f5eb2278-8753-5320-6212-1fc645645c53"",""yes_price_dollars"":""0.5300""}"
KXBTC15M-26APR280645-45,f15811e4-40ad-68ac-85b0-fd164d319a43,1777372216,0.54,77.18,yes,"{""count_fp"":""77.18"",""created_time"":""2026-04-28T10:30:16.487453Z"",""no_price_dollars"":""0.4600"",""taker_side"":""yes"",""ticker"":""KXBTC15M-26APR280645-45"",""trade_id"":""f15811e4-40ad-68ac-85b0-fd164d319a43"",""yes_price_dollars"":""0.5400""}"
KXBTC15M-26APR280645-45,bb400ef9-8ceb-7027-0f80-2a1f6e452afc,1777372216,0.54,3.0,yes,"{""count_fp"":""3.00"",""created_time"":""2026-04-28T10:30:16.454688Z"",""no_price_dollars"":""0.4600"",""taker_side"":""yes"",""ticker"":""KXBTC15M-26APR280645-45"",""trade_id"":""bb400ef9-8ceb-7027-0f80-2a1f6e452afc"",""yes_price_dollars"":""0.5400""}"
KXBTC15M-26APR280645-45,b91b550b-4bb9-7062-1c7c-4d43132393f5,1777372216,0.54,1.0,yes,"{""count_fp"":""1.00"",""created_time"":""2026-04-28T10:30:16.454688Z"",""no_price_dollars"":""0.4600"",""taker_side"":""yes"",""ticker"":""KXBTC15M-26APR280645-45"",""trade_id"":""b91b550b-4bb9-7062-1c7c-4d43132393f5"",""yes_price_dollars"":""0.5400""}"
KXBTC15M-26APR280645-45,22c61237-cbc9-7be8-151e-9d85ab5284f3,1777372216,0.54,12.0,yes,"{""count_fp"":""12.00"",""created_time"":""2026-04-28T10:30:16.454688Z"",""no_price_dollars"":""0.4600"",""taker_side"":""yes"",""ticker"":""KXBTC15M-26APR280645-45"",""trade_id"":""22c61237-cbc9-7be8-151e-9d85ab5284f3"",""yes_price_dollars"":""0.5400""}"
KXBTC15M-26APR280645-45,2c7bced0-692b-5dc8-8189-ef809fae8c32,1777372217,0.54,11.35,yes,"{""count_fp"":""11.35"",""created_time"":""2026-04-28T10:30:17.612406Z"",""no_price_dollars"":""0.4600"",""taker_side"":""yes"",""ticker"":""KXBTC15M-26APR280645-45"",""trade_id"":""2c7bced0-692b-5dc8-8189-ef809fae8c32"",""yes_price_dollars"":""0.5400""}"
KXBTC15M-26APR280645-45,207c4f0b-36ce-5ac3-9ac2-83eab40c73b5,1777372217,0.54,3.0,yes,"{""count_fp"":""3.00"",""created_time"":""2026-04-28T10:30:17.612406Z"",""no_price_dollars"":""0.4600"",""taker_side"":""yes"",""ticker"":""KXBTC15M-26APR280645-45"",""trade_id"":""207c4f0b-36ce-5ac3-9ac2-83eab40c73b5"",""yes_price_dollars"":""0.5400""}"
KXBTC15M-26APR280645-45,2f32a286-cab0-51a0-1f3d-83c8afaf3fc3,1777372217,0.53,1.0,no,"{""count_fp"":""1.00"",""created_time"":""2026-04-28T10:30:17.482032Z"",""no_price_dollars"":""0.4700"",""taker_side"":""no"",""ticker"":""KXBTC15M-26APR280645-45"",""trade_id"":""2f32a286-cab0-51a0-1f3d-83c8afaf3fc3"",""yes_price_dollars"":""0.5300""}"
KXBTC15M-26APR280645-45,e72d222e-a963-6541-c94f-b0bd33028f5a,1777372217,0.54,3.5,yes,"{""count_fp"":""3.50"",""created_time"":""2026-04-28T10:30:17.131711Z"",""no_price_dollars"":""0.4600"",""taker_side"":""yes"",""ticker"":""KXBTC15M-26APR280645-45"",""trade_id"":""e72d222e-a963-6541-c94f-b0bd33028f5a"",""yes_price_dollars"":""0.5400""}"
KXBTC15M-26APR280645-45,46cea28a-bf4c-740c-e736-c7b010f278b7,1777372217,0.53,4.02,no,"{""count_fp"":""4.02"",""created_time"":""2026-04-28T10:30:17.128771Z"",""no_price_dollars"":""0.4700"",""taker_side"":""no"",""ticker"":""KXBTC15M-26APR280645-45"",""trade_id"":""46cea28a-bf4c-740c-e736-c7b010f278b7"",""yes_price_dollars"":""0.5300""}"
KXBTC15M-26APR280645-45,72c89919-ef90-75f4-3dba-574d6a5f6a93,1777372217,0.53,2.15,no,"{""count_fp"":""2.15"",""created_time"":""2026-04-28T10:30:17.058652Z"",""no_price_dollars"":""0.4700"",""taker_side"":""no"",""ticker"":""KXBTC15M-26APR280645-45"",""trade_id"":""72c89919-ef90-75f4-3dba-574d6a5f6a93"",""yes_price_dollars"":""0.5300""}"
KXBTC15M-26APR280645-45,6e0acf6e-d613-7db4-3034-d3a79c0c059f,1777372217,0.53,7.9,no,"{""count_fp"":""7.90"",""created_time"":""2026-04-28T10:30:17.058652Z"",""no_price_dollars"":""0.4700"",""taker_side"":""no"",""ticker"":""KXBTC15M-26APR280645-45"",""trade_id"":""6e0acf6e-d613-7db4-3034-d3a79c0c059f"",""yes_price_dollars"":""0.5300""}"
KXBTC15M-26APR280645-45,89e1f7a0-08d3-5ce0-e663-28f5ae11898a,1777372218,0.54,8.97,yes,"{""count_fp"":""8.97"",""created_time"":""2026-04-28T10:30:18.540936Z"",""no_price_dollars"":""0.4600"",""taker_side"":""yes"",""ticker"":""KXBTC15M-26APR280645-45"",""trade_id"":""89e1f7a0-08d3-5ce0-e663-28f5ae11898a"",""yes_price_dollars"":""0.5400""}"
KXBTC15M-26APR280645-45,7430fcf7-607b-67b8-2118-cf2da3892bba,1777372218,0.54,3.58,yes,"{""count_fp"":""3.58"",""created_time"":""2026-04-28T10:30:18.230921Z"",""no_price_dollars"":""0.4600"",""taker_side"":""yes"",""ticker"":""KXBTC15M-26APR280645-45"",""trade_id"":""7430fcf7-607b-67b8-2118-cf2da3892bba"",""yes_price_dollars"":""0.5400""}"
KXBTC15M-26APR280645-45,92c794de-118d-5239-fd2d-6f7889384b70,1777372219,0.54,6.0,yes,"{""count_fp"":""6.00"",""created_time"":""2026-04-28T10:30:19.916522Z"",""no_price_dollars"":""0.4600"",""taker_side"":""yes"",""ticker"":""KXBTC15M-26APR280645-45"",""trade_id"":""92c794de-118d-5239-fd2d-6f7889384b70"",""yes_price_dollars"":""0.5400""}"
KXBTC15M-26APR280645-45,f01ae836-b207-4dfc-aba6-f3bdf5ebe4d6,1777372219,0.54,16.1,yes,"{""count_fp"":""16.10"",""created_time"":""2026-04-28T10:30:19.146658Z"",""no_price_dollars"":""0.4600"",""taker_side"":""yes"",""ticker"":""KXBTC15M-26APR280645-45"",""trade_id"":""f01ae836-b207-4dfc-aba6-f3bdf5ebe4d6"",""yes_price_dollars"":""0.5400""}"
KXBTC15M-26APR280645-45,cedfb008-c87d-4b1f-9475-5f99ae713c23,1777372219,0.54,2.9,yes,"{""count_fp"":""2.90"",""created_time"":""2026-04-28T10:30:19.146658Z"",""no_price_dollars"":""0.4600"",""taker_side"":""yes"",""ticker"":""KXBTC15M-26APR280645-45"",""trade_id"":""cedfb008-c87d-4b1f-9475-5f99ae713c23"",""yes_price_dollars"":""0.5400""}"
KXBTC15M-26APR280645-45,c4ab6827-aa1a-66ff-9518-6bad5fe05f43,1777372220,0.54,18.0,yes,"{""count_fp"":""18.00"",""created_time"":""2026-04-28T10:30:20.617742Z"",""no_price_dollars"":""0.4600"",""taker_side"":""yes"",""ticker"":""KXBTC15M-26APR280645-45"",""trade_id"":""c4ab6827-aa1a-66ff-9518-6bad5fe05f43"",""yes_price_dollars"":""0.5400""}"
KXBTC15M-26APR280645-45,2b8fdece-7aa1-69fa-9af8-6fc9db2478a1,1777372220,0.54,12.0,yes,"{""count_fp"":""12.00"",""created_time"":""2026-04-28T10:30:20.617742Z"",""no_price_dollars"":""0.4600"",""taker_side"":""yes"",""ticker"":""KXBTC15M-26APR280645-45"",""trade_id"":""2b8fdece-7aa1-69fa-9af8-6fc9db2478a1"",""yes_price_dollars"":""0.5400""}"
KXBTC15M-26APR280645-45,8a85ef42-7194-65ec-0478-d8a19a79257b,1777372220,0.54,3.0,yes,"{""count_fp"":""3.00"",""created_time"":""2026-04-28T10:30:20.532797Z"",""no_price_dollars"":""0.4600"",""taker_side"":""yes"",""ticker"":""KXBTC15M-26APR280645-45"",""trade_id"":""8a85ef42-7194-65ec-0478-d8a19a79257b"",""yes_price_dollars"":""0.5400""}"
KXBTC15M-26APR280645-45,0efa9bde-0530-61cd-3325-cdb5d57d1589,1777372220,0.54,40.0,yes,"{""count_fp"":""40.00"",""created_time"":""2026-04-28T10:30:20.532797Z"",""no_price_dollars"":""0.4600"",""taker_side"":""yes"",""ticker"":""KXBTC15M-26APR280645-45"",""trade_id"":""0efa9bde-0530-61cd-3325-cdb5d57d1589"",""yes_price_dollars"":""0.5400""}"
KXBTC15M-26APR280645-45,04d3af83-3262-61bf-28ad-5715efb448f3,1777372220,0.54,2.0,yes,"{""count_fp"":""2.00"",""created_time"":""2026-04-28T10:30:20.532797Z"",""no_price_dollars"":""0.4600"",""taker_side"":""yes"",""ticker"":""KXBTC15M-26APR280645-45"",""trade_id"":""04d3af83-3262-61bf-28ad-5715efb448f3"",""yes_price_dollars"":""0.5400""}"
KXBTC15M-26APR280645-45,dd6426a6-c4b1-50da-7783-a4d7d8d672b7,1777372222,0.56,20.0,yes,"{""count_fp"":""20.00"",""created_time"":""2026-04-28T10:30:22.697949Z"",""no_price_dollars"":""0.4400"",""taker_side"":""yes"",""ticker"":""KXBTC15M-26APR280645-45"",""trade_id"":""dd6426a6-c4b1-50da-7783-a4d7d8d672b7"",""yes_price_dollars"":""0.5600""}"
KXBTC15M-26APR280645-45,d4036578-384a-5415-65f5-4047cc2f8461,1777372222,0.57,40.0,yes,"{""count_fp"":""40.00"",""created_time"":""2026-04-28T10:30:22.697949Z"",""no_price_dollars"":""0.4300"",""taker_side"":""yes"",""ticker"":""KXBTC15M-26APR280645-45"",""trade_id"":""d4036578-384a-5415-65f5-4047cc2f8461"",""yes_price_dollars"":""0.5700""}"
KXBTC15M-26APR280645-45,ae4d789e-af79-5c58-7116-caa356dc076a,1777372222,0.57,1.0,yes,"{""count_fp"":""1.00"",""created_time"":""2026-04-28T10:30:22.697949Z"",""no_price_dollars"":""0.4300"",""taker_side"":""yes"",""ticker"":""KXBTC15M-26APR280645-45"",""trade_id"":""ae4d789e-af79-5c58-7116-caa356dc076a"",""yes_price_dollars"":""0.5700""}"
KXBTC15M-26APR280645-45,9dbf1de7-8afe-5d24-41f9-cbc39d7055df,1777372222,0.57,1.0,yes,"{""count_fp"":""1.00"",""created_time"":""2026-04-28T10:30:22.697949Z"",""no_price_dollars"":""0.4300"",""taker_side"":""yes"",""ticker"":""KXBTC15M-26APR280645-45"",""trade_id"":""9dbf1de7-8afe-5d24-41f9-cbc39d7055df"",""yes_price_dollars"":""0.5700""}"
KXBTC15M-26APR280645-45,09620606-df6f-57d1-7871-2a29d1b05402,1777372222,0.57,349.25,yes,"{""count_fp"":""349.25"",""created_time"":""2026-04-28T10:30:22.697949Z"",""no_price_dollars"":""0.4300"",""taker_side"":""yes"",""ticker"":""KXBTC15M-26APR280645-45"",""trade_id"":""09620606-df6f-57d1-7871-2a29d1b05402"",""yes_price_dollars"":""0.5700""}"
KXBTC15M-26APR280645-45,397ed3d1-6b76-64e3-9cb1-2c61975dcf04,1777372222,0.55,1.0,yes,"{""count_fp"":""1.00"",""created_time"":""2026-04-28T10:30:22.020729Z"",""no_price_dollars"":""0.4500"",""taker_side"":""yes"",""ticker"":""KXBTC15M-26APR280645-45"",""trade_id"":""397ed3d1-6b76-64e3-9cb1-2c61975dcf04"",""yes_price_dollars"":""0.5500""}"
KXBTC15M-26APR280645-45,9a15f09d-78f5-5656-6826-23c11f999469,1777372223,0.56,5.0,no,"{""count_fp"":""5.00"",""created_time"":""2026-04-28T10:30:23.836547Z"",""no_price_dollars"":""0.4400"",""taker_side"":""no"",""ticker"":""KXBTC15M-26APR280645-45"",""trade_id"":""9a15f09d-78f5-5656-6826-23c11f999469"",""yes_price_dollars"":""0.5600""}"
KXBTC15M-26APR280645-45,5372e7de-55d5-62fe-4c28-9a02cd8ca415,1777372223,0.56,41.03,no,"{""count_fp"":""41.03"",""created_time"":""2026-04-28T10:30:23.566517Z"",""no_price_dollars"":""0.4400"",""taker_side"":""no"",""ticker"":""KXBTC15M-26APR280645-45"",""trade_id"":""5372e7de-55d5-62fe-4c28-9a02cd8ca415"",""yes_price_dollars"":""0.5600""}"
KXBTC15M-26APR280645-45,b2e16040-d4d4-68da-c372-243019556b69,1777372224,0.57,40.0,yes,"{""count_fp"":""40.00"",""created_time"":""2026-04-28T10:30:24.933419Z"",""no_price_dollars"":""0.4300"",""taker_side"":""yes"",""ticker"":""KXBTC15M-26APR280645-45"",""trade_id"":""b2e16040-d4d4-68da-c372-243019556b69"",""yes_price_dollars"":""0.5700""}"
KXBTC15M-26APR280645-45,6e806400-5a04-61cb-dc33-ce39d8d04600,1777372224,0.57,1.0,yes,"{""count_fp"":""1.00"",""created_time"":""2026-04-28T10:30:24.933419Z"",""no_price_dollars"":""0.4300"",""taker_side"":""yes"",""ticker"":""KXBTC15M-26APR280645-45"",""trade_id"":""6e806400-5a04-61cb-dc33-ce39d8d04600"",""yes_price_dollars"":""0.5700""}"
KXBTC15M-26APR280645-45,6bbd8055-c9ba-6b92-ffb3-8990ec0ae078,1777372224,0.57,1.0,yes,"{""count_fp"":""1.00"",""created_time"":""2026-04-28T10:30:24.933419Z"",""no_price_dollars"":""0.4300"",""taker_side"":""yes"",""ticker"":""KXBTC15M-26APR280645-45"",""trade_id"":""6bbd8055-c9ba-6b92-ffb3-8990ec0ae078"",""yes_price_dollars"":""0.5700""}"
KXBTC15M-26APR280645-45,5b90bca8-2e91-616a-f26f-0e64a9193e12,1777372224,0.57,10.0,yes,"{""count_fp"":""10.00"",""created_time"":""2026-04-28T10:30:24.933419Z"",""no_price_dollars"":""0.4300"",""taker_side"":""yes"",""ticker"":""KXBTC15M-26APR280645-45"",""trade_id"":""5b90bca8-2e91-616a-f26f-0e64a9193e12"",""yes_price_dollars"":""0.5700""}"
KXBTC15M-26APR280645-45,270b9dff-d6e9-6f47-ce2b-4e64d2e34cc4,1777372224,0.57,12.49,yes,"{""count_fp"":""12.49"",""created_time"":""2026-04-28T10:30:24.933419Z"",""no_price_dollars"":""0.4300"",""taker_side"":""yes"",""ticker"":""KXBTC15M-26APR280645-45"",""trade_id"":""270b9dff-d6e9-6f47-ce2b-4e64d2e34cc4"",""yes_price_dollars"":""0.5700""}"
KXBTC15M-26APR280645-45,fb057902-8e4c-4339-aed5-451d904d538b,1777372225,0.57,22.99,yes,"{""count_fp"":""22.99"",""created_time"":""2026-04-28T10:30:25.751001Z"",""no_price_dollars"":""0.4300"",""taker_side"":""yes"",""ticker"":""KXBTC15M-26APR280645-45"",""trade_id"":""fb057902-8e4c-4339-aed5-451d904d538b"",""yes_price_dollars"":""0.5700""}"
KXBTC15M-26APR280645-45,ceb2bef6-9a2c-4705-b36e-7d0ca7f97ff5,1777372225,0.58,8.38,yes,"{""count_fp"":""8.38"",""created_time"":""2026-04-28T10:30:25.751001Z"",""no_price_dollars"":""0.4200"",""taker_side"":""yes"",""ticker"":""KXBTC15M-26APR280645-45"",""trade_id"":""ceb2bef6-9a2c-4705-b36e-7d0ca7f97ff5"",""yes_price_dollars"":""0.5800""}"
KXBTC15M-26APR280645-45,71f09d19-b927-4c84-90c6-111b050649dc,1777372225,0.58,1.0,yes,"{""count_fp"":""1.00"",""created_time"":""2026-04-28T10:30:25.751001Z"",""no_price_dollars"":""0.4200"",""taker_side"":""yes"",""ticker"":""KXBTC15M-26APR280645-45"",""trade_id"":""71f09d19-b927-4c84-90c6-111b050649dc"",""yes_price_dollars"":""0.5800""}"
KXBTC15M-26APR280645-45,0a73d9e5-315f-44ca-aaf0-48682ce148c2,1777372225,0.58,1.0,yes,"{""count_fp"":""1.00"",""created_time"":""2026-04-28T10:30:25.751001Z"",""no_price_dollars"":""0.4200"",""taker_side"":""yes"",""ticker"":""KXBTC15M-26APR280645-45"",""trade_id"":""0a73d9e5-315f-44ca-aaf0-48682ce148c2"",""yes_price_dollars"":""0.5800""}"
KXBTC15M-26APR280645-45,64462ec3-dd15-615a-d09b-c0d96ee892fd,1777372225,0.56,10.69,no,"{""count_fp"":""10.69"",""created_time"":""2026-04-28T10:30:25.104995Z"",""no_price_dollars"":""0.4400"",""taker_side"":""no"",""ticker"":""KXBTC15M-26APR280645-45"",""trade_id"":""64462ec3-dd15-615a-d09b-c0d96ee892fd"",""yes_price_dollars"":""0.5600""}"
KXBTC15M-26APR280645-45,b3890b48-373d-7789-2ea0-0ebdb2d4d001,1777372226,0.58,3.0,yes,"{""count_fp"":""3.00"",""created_time"":""2026-04-28T10:30:26.366571Z"",""no_price_dollars"":""0.4200"",""taker_side"":""yes"",""ticker"":""KXBTC15M-26APR280645-45"",""trade_id"":""b3890b48-373d-7789-2ea0-0ebdb2d4d001"",""yes_price_dollars"":""0.5800""}"
KXBTC15M-26APR280645-45,9156151f-88ff-71fd-2017-a53cee50f43c,1777372226,0.57,100.0,yes,"{""count_fp"":""100.00"",""created_time"":""2026-04-28T10:30:26.366571Z"",""no_price_dollars"":""0.4300"",""taker_side"":""yes"",""ticker"":""KXBTC15M-26APR280645-45"",""trade_id"":""9156151f-88ff-71fd-2017-a53cee50f43c"",""yes_price_dollars"":""0.5700""}"
KXBTC15M-26APR280645-45,774680eb-b698-7261-15e1-fb06652488d5,1777372226,0.58,31.62,yes,"{""count_fp"":""31.62"",""created_time"":""2026-04-28T10:30:26.366571Z"",""no_price_dollars"":""0.4200"",""taker_side"":""yes"",""ticker"":""KXBTC15M-26APR280645-45"",""trade_id"":""774680eb-b698-7261-15e1-fb06652488d5"",""yes_price_dollars"":""0.5800""}"
KXBTC15M-26APR280645-45,3fcf78c7-1bb6-7b14-30f7-87d92b7c44cb,1777372226,0.57,14.0,yes,"{""count_fp"":""14.00"",""created_time"":""2026-04-28T10:30:26.366571Z"",""no_price_dollars"":""0.4300"",""taker_side"":""yes"",""ticker"":""KXBTC15M-26APR280645-45"",""trade_id"":""3fcf78c7-1bb6-7b14-30f7-87d92b7c44cb"",""yes_price_dollars"":""0.5700""}"
KXBTC15M-26APR280645-45,297ca029-ccde-7833-071b-86b0df5d5321,1777372226,0.58,123.24,yes,"{""count_fp"":""123.24"",""created_time"":""2026-04-28T10:30:26.366571Z"",""no_price_dollars"":""0.4200"",""taker_side"":""yes"",""ticker"":""KXBTC15M-26APR280645-45"",""trade_id"":""297ca029-ccde-7833-071b-86b0df5d5321"",""yes_price_dollars"":""0.5800""}"
KXBTC15M-26APR280645-45,2331a25d-a5f9-7b88-30e1-f72ada3393f6,1777372226,0.57,20.0,yes,"{""count_fp"":""20.00"",""created_time"":""2026-04-28T10:30:26.366571Z"",""no_price_dollars"":""0.4300"",""taker_side"":""yes"",""ticker"":""KXBTC15M-26APR280645-45"",""trade_id"":""2331a25d-a5f9-7b88-30e1-f72ada3393f6"",""yes_price_dollars"":""0.5700""}"
KXBTC15M-26APR280645-45,da0006c4-0fde-67ac-2101-028797eebd27,1777372226,0.57,1.0,yes,"{""count_fp"":""1.00"",""created_time"":""2026-04-28T10:30:26.339464Z"",""no_price_dollars"":""0.4300"",""taker_side"":""yes"",""ticker"":""KXBTC15M-26APR280645-45"",""trade_id"":""da0006c4-0fde-67ac-2101-028797eebd27"",""yes_price_dollars"":""0.5700""}"
KXBTC15M-26APR280645-45,edfc402e-e272-5438-8064-57fabb4a0ee3,1777372226,0.57,25.0,yes,"{""count_fp"":""25.00"",""created_time"":""2026-04-28T10:30:26.136664Z"",""no_price_dollars"":""0.4300"",""taker_side"":""yes"",""ticker"":""KXBTC15M-26APR280645-45"",""trade_id"":""edfc402e-e272-5438-8064-57fabb4a0ee3"",""yes_price_dollars"":""0.5700""}"
KXBTC15M-26APR280645-45,996eef8d-8426-7d82-e756-a943df7f8693,1777372227,0.58,53.78,yes,"{""count_fp"":""53.78"",""created_time"":""2026-04-28T10:30:27.882594Z"",""no_price_dollars"":""0.4200"",""taker_side"":""yes"",""ticker"":""KXBTC15M-26APR280645-45"",""trade_id"":""996eef8d-8426-7d82-e756-a943df7f8693"",""yes_price_dollars"":""0.5800""}"
KXBTC15M-26APR280645-45,0e5b82cc-5ad2-7097-f8a0-80062ad19ae4,1777372227,0.58,38.33,yes,"{""count_fp"":""38.33"",""created_time"":""2026-04-28T10:30:27.882594Z"",""no_price_dollars"":""0.4200"",""taker_side"":""yes"",""ticker"":""KXBTC15M-26APR280645-45"",""trade_id"":""0e5b82cc-5ad2-7097-f8a0-80062ad19ae4"",""yes_price_dollars"":""0.5800""}"
KXBTC15M-26APR280645-45,578c4fb3-6f36-7acb-fe15-7150b1bddae4,1777372227,0.58,1.67,yes,"{""count_fp"":""1.67"",""created_time"":""2026-04-28T10:30:27.539327Z"",""no_price_dollars"":""0.4200"",""taker_side"":""yes"",""ticker"":""KXBTC15M-26APR280645-45"",""trade_id"":""578c4fb3-6f36-7acb-fe15-7150b1bddae4"",""yes_price_dollars"":""0.5800""}"
KXBTC15M-26APR280645-45,fd0e4f52-953e-520e-2564-fb3974fa44cb,1777372228,0.57,83.74,yes,"{""count_fp"":""83.74"",""created_time"":""2026-04-28T10:30:28.089716Z"",""no_price_dollars"":""0.4300"",""taker_side"":""yes"",""ticker"":""KXBTC15M-26APR280645-45"",""trade_id"":""fd0e4f52-953e-520e-2564-fb3974fa44cb"",""yes_price_dollars"":""0.5700""}"
KXBTC15M-26APR280645-45,427b8d63-7c60-59f3-a2d8-6f8e528f8e3f,1777372229,0.56,32.8,no,"{""count_fp"":""32.80"",""created_time"":""2026-04-28T10:30:29.348257Z"",""no_price_dollars"":""0.4400"",""taker_side"":""no"",""ticker"":""KXBTC15M-26APR280645-45"",""trade_id"":""427b8d63-7c60-59f3-a2d8-6f8e528f8e3f"",""yes_price_dollars"":""0.5600""}"
KXBTC15M-26APR280645-45,b6ddbb6e-0c6e-5042-6ad5-84faa3a38cd3,1777372229,0.57,4.05,yes,"{""count_fp"":""4.05"",""created_time"":""2026-04-28T10:30:29.007941Z"",""no_price_dollars"":""0.4300"",""taker_side"":""yes"",""ticker"":""KXBTC15M-26APR280645-45"",""trade_id"":""b6ddbb6e-0c6e-5042-6ad5-84faa3a38cd3"",""yes_price_dollars"":""0.5700""}"
KXBTC15M-26APR280645-45,79502e61-3129-521b-755f-c998522a45ea,1777372229,0.57,10.0,yes,"{""count_fp"":""10.00"",""created_time"":""2026-04-28T10:30:29.007941Z"",""no_price_dollars"":""0.4300"",""taker_side"":""yes"",""ticker"":""KXBTC15M-26APR280645-45"",""trade_id"":""79502e61-3129-521b-755f-c998522a45ea"",""yes_price_dollars"":""0.5700""}"
KXBTC15M-26APR280645-45,54ea90e1-1bf0-5552-6bf2-755ffefcf3b3,1777372229,0.57,20.0,yes,"{""count_fp"":""20.00"",""created_time"":""2026-04-28T10:30:29.007941Z"",""no_price_dollars"":""0.4300"",""taker_side"":""yes"",""ticker"":""KXBTC15M-26APR280645-45"",""trade_id"":""54ea90e1-1bf0-5552-6bf2-755ffefcf3b3"",""yes_price_dollars"":""0.5700""}"
KXBTC15M-26APR280645-45,09e75824-255e-6500-d2b3-252cd09c326d,1777372230,0.58,1.02,yes,"{""count_fp"":""1.02"",""created_time"":""2026-04-28T10:30:30.959337Z"",""no_price_dollars"":""0.4200"",""taker_side"":""yes"",""ticker"":""KXBTC15M-26APR280645-45"",""trade_id"":""09e75824-255e-6500-d2b3-252cd09c326d"",""yes_price_dollars"":""0.5800""}"
KXBTC15M-26APR280645-45,7b86a5cd-ae86-57b4-7dc5-fb75445bc6b1,1777372230,0.58,16.0,yes,"{""count_fp"":""16.00"",""created_time"":""2026-04-28T10:30:30.738558Z"",""no_price_dollars"":""0.4200"",""taker_side"":""yes"",""ticker"":""KXBTC15M-26APR280645-45"",""trade_id"":""7b86a5cd-ae86-57b4-7dc5-fb75445bc6b1"",""yes_price_dollars"":""0.5800""}"
KXBTC15M-26APR280645-45,3cc96a7c-56ce-4516-9098-4be0a9e50d93,1777372230,0.57,29.56,yes,"{""count_fp"":""29.56"",""created_time"":""2026-04-28T10:30:30.003793Z"",""no_price_dollars"":""0.4300"",""taker_side"":""yes"",""ticker"":""KXBTC15M-26APR280645-45"",""trade_id"":""3cc96a7c-56ce-4516-9098-4be0a9e50d93"",""yes_price_dollars"":""0.5700""}"
KXBTC15M-26APR280645-45,7ddbe473-fcc4-6063-c1e3-c45a160f8d3e,1777372231,0.58,0.9,no,"{""count_fp"":""0.90"",""created_time"":""2026-04-28T10:30:31.987544Z"",""no_price_dollars"":""0.4200"",""taker_side"":""no"",""ticker"":""KXBTC15M-26APR280645-45"",""trade_id"":""7ddbe473-fcc4-6063-c1e3-c45a160f8d3e"",""yes_price_dollars"":""0.5800""}"
KXBTC15M-26APR280645-45,17050264-1ab0-62f7-fe56-124fd254f4f3,1777372231,0.58,23.2,no,"{""count_fp"":""23.20"",""created_time"":""2026-04-28T10:30:31.987544Z"",""no_price_dollars"":""0.4200"",""taker_side"":""no"",""ticker"":""KXBTC15M-26APR280645-45"",""trade_id"":""17050264-1ab0-62f7-fe56-124fd254f4f3"",""yes_price_dollars"":""0.5800""}"
KXBTC15M-26APR280645-45,cc634d88-2b12-6370-9585-8e5e5a52ced1,1777372231,0.58,3.0,yes,"{""count_fp"":""3.00"",""created_time"":""2026-04-28T10:30:31.778028Z"",""no_price_dollars"":""0.4200"",""taker_side"":""yes"",""ticker"":""KXBTC15M-26APR280645-45"",""trade_id"":""cc634d88-2b12-6370-9585-8e5e5a52ced1"",""yes_price_dollars"":""0.5800""}"
KXBTC15M-26APR280645-45,a6a8e91b-f2be-6e9c-8118-055dfb35c5a5,1777372231,0.58,2.98,yes,"{""count_fp"":""2.98"",""created_time"":""2026-04-28T10:30:31.778028Z"",""no_price_dollars"":""0.4200"",""taker_side"":""yes"",""ticker"":""KXBTC15M-26APR280645-45"",""trade_id"":""a6a8e91b-f2be-6e9c-8118-055dfb35c5a5"",""yes_price_dollars"":""0.5800""}"
KXBTC15M-26APR280645-45,6d5d6f6d-c724-6e91-83b8-f9fc378142a1,1777372231,0.58,16.0,yes,"{""count_fp"":""16.00"",""created_time"":""2026-04-28T10:30:31.778028Z"",""no_price_dollars"":""0.4200"",""taker_side"":""yes"",""ticker"":""KXBTC15M-26APR280645-45"",""trade_id"":""6d5d6f6d-c724-6e91-83b8-f9fc378142a1"",""yes_price_dollars"":""0.5800""}"
KXBTC15M-26APR280645-45,5f6e6e0d-3d9f-63b5-9e36-3cb6a2195955,1777372231,0.58,1.02,yes,"{""count_fp"":""1.02"",""created_time"":""2026-04-28T10:30:31.778028Z"",""no_price_dollars"":""0.4200"",""taker_side"":""yes"",""ticker"":""KXBTC15M-26APR280645-45"",""trade_id"":""5f6e6e0d-3d9f-63b5-9e36-3cb6a2195955"",""yes_price_dollars"":""0.5800""}"
KXBTC15M-26APR280645-45,21b99671-b6f8-6d86-b442-29febd99b938,1777372231,0.59,89.27,yes,"{""count_fp"":""89.27"",""created_time"":""2026-04-28T10:30:31.778028Z"",""no_price_dollars"":""0.4100"",""taker_side"":""yes"",""ticker"":""KXBTC15M-26APR280645-45"",""trade_id"":""21b99671-b6f8-6d86-b442-29febd99b938"",""yes_price_dollars"":""0.5900""}"
KXBTC15M-26APR280645-45,eacda368-d5fe-78f8-60d3-e353f91eac4d,1777372231,0.57,24.59,no,"{""count_fp"":""24.59"",""created_time"":""2026-04-28T10:30:31.442985Z"",""no_price_dollars"":""0.4300"",""taker_side"":""no"",""ticker"":""KXBTC15M-26APR280645-45"",""trade_id"":""eacda368-d5fe-78f8-60d3-e353f91eac4d"",""yes_price_dollars"":""0.5700""}"
KXBTC15M-26APR280645-45,d5f136f2-519d-573c-8f14-9c18300be8e8,1777372232,0.59,5.0,yes,"{""count_fp"":""5.00"",""created_time"":""2026-04-28T10:30:32.301467Z"",""no_price_dollars"":""0.4100"",""taker_side"":""yes"",""ticker"":""KXBTC15M-26APR280645-45"",""trade_id"":""d5f136f2-519d-573c-8f14-9c18300be8e8"",""yes_price_dollars"":""0.5900""}"
KXBTC15M-26APR280645-45,959e50ed-150c-5615-82d4-d50e81bff83d,1777372232,0.59,4.21,yes,"{""count_fp"":""4.21"",""created_time"":""2026-04-28T10:30:32.301467Z"",""no_price_dollars"":""0.4100"",""taker_side"":""yes"",""ticker"":""KXBTC15M-26APR280645-45"",""trade_id"":""959e50ed-150c-5615-82d4-d50e81bff83d"",""yes_price_dollars"":""0.5900""}"
KXBTC15M-26APR280645-45,530b03e4-a1e1-5f8d-982c-fe87d4c2468c,1777372232,0.59,5.0,yes,"{""count_fp"":""5.00"",""created_time"":""2026-04-28T10:30:32.301467Z"",""no_price_dollars"":""0.4100"",""taker_side"":""yes"",""ticker"":""KXBTC15M-26APR280645-45"",""trade_id"":""530b03e4-a1e1-5f8d-982c-fe87d4c2468c"",""yes_price_dollars"":""0.5900""}"
KXBTC15M-26APR280645-45,2d148414-c848-52d6-8f0a-fe779df3cd8c,1777372232,0.59,29.73,yes,"{""count_fp"":""29.73"",""created_time"":""2026-04-28T10:30:32.301467Z"",""no_price_dollars"":""0.4100"",""taker_side"":""yes"",""ticker"":""KXBTC15M-26APR280645-45"",""trade_id"":""2d148414-c848-52d6-8f0a-fe779df3cd8c"",""yes_price_dollars"":""0.5900""}"
KXBTC15M-26APR280645-45,fae59d9a-b726-4ce8-d8fa-204d565c16fd,1777372232,0.57,15.41,no,"{""count_fp"":""15.41"",""created_time"":""2026-04-28T10:30:32.071874Z"",""no_price_dollars"":""0.4300"",""taker_side"":""no"",""ticker"":""KXBTC15M-26APR280645-45"",""trade_id"":""fae59d9a-b726-4ce8-d8fa-204d565c16fd"",""yes_price_dollars"":""0.5700""}"
KXBTC15M-26APR280645-45,ef9a4ace-ed16-44b5-e06f-50f896d60c35,1777372232,0.57,5.0,no,"{""count_fp"":""5.00"",""created_time"":""2026-04-28T10:30:32.071874Z"",""no_price_dollars"":""0.4300"",""taker_side"":""no"",""ticker"":""KXBTC15M-26APR280645-45"",""trade_id"":""ef9a4ace-ed16-44b5-e06f-50f896d60c35"",""yes_price_dollars"":""0.5700""}"
KXBTC15M-26APR280645-45,b9240dc9-1203-43cb-f57f-fcd45cc0b2c9,1777372232,0.57,1.0,no,"{""count_fp"":""1.00"",""created_time"":""2026-04-28T10:30:32.071874Z"",""no_price_dollars"":""0.4300"",""taker_side"":""no"",""ticker"":""KXBTC15M-26APR280645-45"",""trade_id"":""b9240dc9-1203-43cb-f57f-fcd45cc0b2c9"",""yes_price_dollars"":""0.5700""}"
KXBTC15M-26APR280645-45,7e826a29-a829-4786-dfef-86915ae42801,1777372232,0.57,43.59,no,"{""count_fp"":""43.59"",""created_time"":""2026-04-28T10:30:32.071874Z"",""no_price_dollars"":""0.4300"",""taker_side"":""no"",""ticker"":""KXBTC15M-26APR280645-45"",""trade_id"":""7e826a29-a829-4786-dfef-86915ae42801"",""yes_price_dollars"":""0.5700""}"
KXBTC15M-26APR280645-45,7ce0c845-2b1f-40ee-fc65-fe3d4881951e,1777372232,0.57,10.0,no,"{""count_fp"":""10.00"",""created_time"":""2026-04-28T10:30:32.071874Z"",""no_price_dollars"":""0.4300"",""taker_side"":""no"",""ticker"":""KXBTC15M-26APR280645-45"",""trade_id"":""7ce0c845-2b1f-40ee-fc65-fe3d4881951e"",""yes_price_dollars"":""0.5700""}"
KXBTC15M-26APR280645-45,3b9bb1d2-a125-4193-ea8d-094552b10118,1777372232,0.58,20.0,no,"{""count_fp"":""20.00"",""created_time"":""2026-04-28T10:30:32.071874Z"",""no_price_dollars"":""0.4200"",""taker_side"":""no"",""ticker"":""KXBTC15M-26APR280645-45"",""trade_id"":""3b9bb1d2-a125-4193-ea8d-094552b10118"",""yes_price_dollars"":""0.5800""}"
KXBTC15M-26APR280645-45,232e7b0d-2c73-42e8-f7fa-80dc036c9616,1777372232,0.57,5.0,no,"{""count_fp"":""5.00"",""created_time"":""2026-04-28T10:30:32.071874Z"",""no_price_dollars"":""0.4300"",""taker_side"":""no"",""ticker"":""KXBTC15M-26APR280645-45"",""trade_id"":""232e7b0d-2c73-42e8-f7fa-80dc036c9616"",""yes_price_dollars"":""0.5700""}"
KXBTC15M-26APR280645-45,631a063a-fd08-5897-e2e5-2435111387fb,1777372233,0.57,8.18,no,"{""count_fp"":""8.18"",""created_time"":""2026-04-28T10:30:33.902085Z"",""no_price_dollars"":""0.4300"",""taker_side"":""no"",""ticker"":""KXBTC15M-26APR280645-45"",""trade_id"":""631a063a-fd08-5897-e2e5-2435111387fb"",""yes_price_dollars"":""0.5700""}"
KXBTC15M-26APR280645-45,47017490-a711-5daf-cbb8-f5392240dd7e,1777372233,0.58,3.0,no,"{""count_fp"":""3.00"",""created_time"":""2026-04-28T10:30:33.902085Z"",""no_price_dollars"":""0.4200"",""taker_side"":""no"",""ticker"":""KXBTC15M-26APR280645-45"",""trade_id"":""47017490-a711-5daf-cbb8-f5392240dd7e"",""yes_price_dollars"":""0.5800""}"
KXBTC15M-26APR280645-45,ffa039a9-64cc-65e9-ee23-bf819755df7f,1777372233,0.58,40.0,yes,"{""count_fp"":""40.00"",""created_time"":""2026-04-28T10:30:33.172035Z"",""no_price_dollars"":""0.4200"",""taker_side"":""yes"",""ticker"":""KXBTC15M-26APR280645-45"",""trade_id"":""ffa039a9-64cc-65e9-ee23-bf819755df7f"",""yes_price_dollars"":""0.5800""}"
KXBTC15M-26APR280645-45,257b0529-5fd3-676e-fa04-7a2a816ed060,1777372233,0.59,0.15,yes,"{""count_fp"":""0.15"",""created_time"":""2026-04-28T10:30:33.172035Z"",""no_price_dollars"":""0.4100"",""taker_side"":""yes"",""ticker"":""KXBTC15M-26APR280645-45"",""trade_id"":""257b0529-5fd3-676e-fa04-7a2a816ed060"",""yes_price_dollars"":""0.5900""}"
KXBTC15M-26APR280645-45,1f5950f0-f358-6e15-f9c7-860eb98eeb39,1777372233,0.59,20.79,yes,"{""count_fp"":""20.79"",""created_time"":""2026-04-28T10:30:33.172035Z"",""no_price_dollars"":""0.4100"",""taker_side"":""yes"",""ticker"":""KXBTC15M-26APR280645-45"",""trade_id"":""1f5950f0-f358-6e15-f9c7-860eb98eeb39"",""yes_price_dollars"":""0.5900""}"
KXBTC15M-26APR280645-45,c5647462-cd7f-782c-227e-59c25dddd8e3,1777372233,0.58,3.0,no,"{""count_fp"":""3.00"",""created_time"":""2026-04-28T10:30:33.032157Z"",""no_price_dollars"":""0.4200"",""taker_side"":""no"",""ticker"":""KXBTC15M-26APR280645-45"",""trade_id"":""c5647462-cd7f-782c-227e-59c25dddd8e3"",""yes_price_dollars"":""0.5800""}"
KXBTC15M-26APR280645-45,a4e1ce7d-c4a7-793c-2cc4-fd52184be0db,1777372233,0.58,5.74,no,"{""count_fp"":""5.74"",""created_time"":""2026-04-28T10:30:33.032157Z"",""no_price_dollars"":""0.4200"",""taker_side"":""no"",""ticker"":""KXBTC15M-26APR280645-45"",""trade_id"":""a4e1ce7d-c4a7-793c-2cc4-fd52184be0db"",""yes_price_dollars"":""0.5800""}"
KXBTC15M-26APR280645-45,a0ec3fd6-4500-7c6a-89e3-621426071300,1777372234,0.59,100.0,yes,"{""count_fp"":""100.00"",""created_time"":""2026-04-28T10:30:34.677172Z"",""no_price_dollars"":""0.4100"",""taker_side"":""yes"",""ticker"":""KXBTC15M-26APR280645-45"",""trade_id"":""a0ec3fd6-4500-7c6a-89e3-621426071300"",""yes_price_dollars"":""0.5900""}"
KXBTC15M-26APR280645-45,649c3cad-c30f-724f-9d6a-f39327c1fe96,1777372234,0.59,21.0,yes,"{""count_fp"":""21.00"",""created_time"":""2026-04-28T10:30:34.677172Z"",""no_price_dollars"":""0.4100"",""taker_side"":""yes"",""ticker"":""KXBTC15M-26APR280645-45"",""trade_id"":""649c3cad-c30f-724f-9d6a-f39327c1fe96"",""yes_price_dollars"":""0.5900""}"
KXBTC15M-26APR280645-45,328b26b5-95f2-75b9-aac3-6ea545980e94,1777372234,0.59,3.0,yes,"{""count_fp"":""3.00"",""created_time"":""2026-04-28T10:30:34.677172Z"",""no_price_dollars"":""0.4100"",""taker_side"":""yes"",""ticker"":""KXBTC15M-26APR280645-45"",""trade_id"":""328b26b5-95f2-75b9-aac3-6ea545980e94"",""yes_price_dollars"":""0.5900""}"
KXBTC15M-26APR280645-45,2224d4e2-4b3b-71ca-a1f5-6706dd156d80,1777372234,0.59,35.74,yes,"{""count_fp"":""35.74"",""created_time"":""2026-04-28T10:30:34.677172Z"",""no_price_dollars"":""0.4100"",""taker_side"":""yes"",""ticker"":""KXBTC15M-26APR280645-45"",""trade_id"":""2224d4e2-4b3b-71ca-a1f5-6706dd156d80"",""yes_price_dollars"":""0.5900""}"
KXBTC15M-26APR280645-45,b62dc96d-c6c3-71de-33fc-c3c2342dd24c,1777372234,0.59,4.11,yes,"{""count_fp"":""4.11"",""created_time"":""2026-04-28T10:30:34.196253Z"",""no_price_dollars"":""0.4100"",""taker_side"":""yes"",""ticker"":""KXBTC15M-26APR280645-45"",""trade_id"":""b62dc96d-c6c3-71de-33fc-c3c2342dd24c"",""yes_price_dollars"":""0.5900""}"
KXBTC15M-26APR280645-45,1d5d4d69-9d90-40bc-25e8-cb11f1df9c71,1777372235,0.6,2.0,no,"{""count_fp"":""2.00"",""created_time"":""2026-04-28T10:30:35.234299Z"",""no_price_dollars"":""0.4000"",""taker_side"":""no"",""ticker"":""KXBTC15M-26APR280645-45"",""trade_id"":""1d5d4d69-9d90-40bc-25e8-cb11f1df9c71"",""yes_price_dollars"":""0.6000""}"
KXBTC15M-26APR280645-45,feed0052-099f-7989-3710-d4561af5043e,1777372235,0.6,3.0,yes,"{""count_fp"":""3.00"",""created_time"":""2026-04-28T10:30:35.182898Z"",""no_price_dollars"":""0.4000"",""taker_side"":""yes"",""ticker"":""KXBTC15M-26APR280645-45"",""trade_id"":""feed0052-099f-7989-3710-d4561af5043e"",""yes_price_dollars"":""0.6000""}"
KXBTC15M-26APR280645-45,e3876dc2-1a26-7048-375b-fc983091cff5,1777372235,0.61,79.0,yes,"{""count_fp"":""79.00"",""created_time"":""2026-04-28T10:30:35.182898Z"",""no_price_dollars"":""0.3900"",""taker_side"":""yes"",""ticker"":""KXBTC15M-26APR280645-45"",""trade_id"":""e3876dc2-1a26-7048-375b-fc983091cff5"",""yes_price_dollars"":""0.6100""}"
KXBTC15M-26APR280645-45,439bf312-8be4-7e23-13c2-dd2cf26faded,1777372235,0.6,86.0,yes,"{""count_fp"":""86.00"",""created_time"":""2026-04-28T10:30:35.182898Z"",""no_price_dollars"":""0.4000"",""taker_side"":""yes"",""ticker"":""KXBTC15M-26APR280645-45"",""trade_id"":""439bf312-8be4-7e23-13c2-dd2cf26faded"",""yes_price_dollars"":""0.6000""}"
KXBTC15M-26APR280645-45,489ce08b-2ba0-75df-43e0-04366d9e57b9,1777372235,0.6,33.0,yes,"{""count_fp"":""33.00"",""created_time"":""2026-04-28T10:30:35.142374Z"",""no_price_dollars"":""0.4000"",""taker_side"":""yes"",""ticker"":""KXBTC15M-26APR280645-45"",""trade_id"":""489ce08b-2ba0-75df-43e0-04366d9e57b9"",""yes_price_dollars"":""0.6000""}"
KXBTC15M-26APR280645-45,081b3068-d3e7-60b6-8ddd-b074f3a42eb9,1777372235,0.59,1.0,no,"{""count_fp"":""1.00"",""created_time"":""2026-04-28T10:30:35.043739Z"",""no_price_dollars"":""0.4100"",""taker_side"":""no"",""ticker"":""KXBTC15M-26APR280645-45"",""trade_id"":""081b3068-d3e7-60b6-8ddd-b074f3a42eb9"",""yes_price_dollars"":""0.5900""}"
KXBTC15M-26APR280645-45,ad18e20c-b8f4-7d88-b8ae-8745f01d8367,1777372236,0.57,3.4,yes,"{""count_fp"":""3.40"",""created_time"":""2026-04-28T10:30:36.840451Z"",""no_price_dollars"":""0.4300"",""taker_side"":""yes"",""ticker"":""KXBTC15M-26APR280645-45"",""trade_id"":""ad18e20c-b8f4-7d88-b8ae-8745f01d8367"",""yes_price_dollars"":""0.5700""}"
KXBTC15M-26APR280645-45,7298ee42-ba80-756b-ae24-bf46f431883f,1777372236,0.59,0.68,no,"{""count_fp"":""0.68"",""created_time"":""2026-04-28T10:30:36.361933Z"",""no_price_dollars"":""0.4100"",""taker_side"":""no"",""ticker"":""KXBTC15M-26APR280645-45"",""trade_id"":""7298ee42-ba80-756b-ae24-bf46f431883f"",""yes_price_dollars"":""0.5900""}"
KXBTC15M-26APR280645-45,19065476-62ff-4730-ecd9-6479d85bbc66,1777372236,0.59,489.74,no,"{""count_fp"":""489.74"",""created_time"":""2026-04-28T10:30:36.359225Z"",""no_price_dollars"":""0.4100"",""taker_side"":""no"",""ticker"":""KXBTC15M-26APR280645-45"",""trade_id"":""19065476-62ff-4730-ecd9-6479d85bbc66"",""yes_price_dollars"":""0.5900""}"
KXBTC15M-26APR280645-45,0957af60-4cdc-4f57-ea87-4dabd661e3eb,1777372236,0.59,138.26,no,"{""count_fp"":""138.26"",""created_time"":""2026-04-28T10:30:36.359225Z"",""no_price_dollars"":""0.4100"",""taker_side"":""no"",""ticker"":""KXBTC15M-26APR280645-45"",""trade_id"":""0957af60-4cdc-4f57-ea87-4dabd661e3eb"",""yes_price_dollars"":""0.5900""}"
KXBTC15M-26APR280645-45,84a21a43-d39b-6b90-bdd7-580497fc5c3a,1777372236,0.59,3.52,no,"{""count_fp"":""3.52"",""created_time"":""2026-04-28T10:30:36.287006Z"",""no_price_dollars"":""0.4100"",""taker_side"":""no"",""ticker"":""KXBTC15M-26APR280645-45"",""trade_id"":""84a21a43-d39b-6b90-bdd7-580497fc5c3a"",""yes_price_dollars"":""0.5900""}"
KXBTC15M-26APR280645-45,f971ea25-6b8b-6dcc-bdf9-130e20f8123e,1777372236,0.59,126.74,no,"{""count_fp"":""126.74"",""created_time"":""2026-04-28T10:30:36.260872Z"",""no_price_dollars"":""0.4100"",""taker_side"":""no"",""ticker"":""KXBTC15M-26APR280645-45"",""trade_id"":""f971ea25-6b8b-6dcc-bdf9-130e20f8123e"",""yes_price_dollars"":""0.5900""}"
KXBTC15M-26APR280645-45,9c9609e7-69fb-683e-89ec-bcef5ff491ad,1777372236,0.59,39.26,no,"{""count_fp"":""39.26"",""created_time"":""2026-04-28T10:30:36.260872Z"",""no_price_dollars"":""0.4100"",""taker_side"":""no"",""ticker"":""KXBTC15M-26APR280645-45"",""trade_id"":""9c9609e7-69fb-683e-89ec-bcef5ff491ad"",""yes_price_dollars"":""0.5900""}"
KXBTC15M-26APR280645-45,58a53666-0961-664d-ab77-c59ff4a6cffc,1777372236,0.59,28.0,no,"{""count_fp"":""28.00"",""created_time"":""2026-04-28T10:30:36.260872Z"",""no_price_dollars"":""0.4100"",""taker_side"":""no"",""ticker"":""KXBTC15M-26APR280645-45"",""trade_id"":""58a53666-0961-664d-ab77-c59ff4a6cffc"",""yes_price_dollars"":""0.5900""}"
KXBTC15M-26APR280645-45,54f7c236-8618-6e9a-8466-da29f4b996b5,1777372236,0.59,56.0,no,"{""count_fp"":""56.00"",""created_time"":""2026-04-28T10:30:36.260872Z"",""no_price_dollars"":""0.4100"",""taker_side"":""no"",""ticker"":""KXBTC15M-26APR280645-45"",""trade_id"":""54f7c236-8618-6e9a-8466-da29f4b996b5"",""yes_price_dollars"":""0.5900""}"
KXBTC15M-26APR280645-45,8369b941-b7b7-7d9f-1c44-32ad973cc4a8,1777372236,0.6,8.06,yes,"{""count_fp"":""8.06"",""created_time"":""2026-04-28T10:30:36.249573Z"",""no_price_dollars"":""0.4000"",""taker_side"":""yes"",""ticker"":""KXBTC15M-26APR280645-45"",""trade_id"":""8369b941-b7b7-7d9f-1c44-32ad973cc4a8"",""yes_price_dollars"":""0.6000""}"
KXBTC15M-26APR280645-45,fb61ae8a-21da-6e98-362a-380f65af3e9a,1777372237,0.58,1.0,yes,"{""count_fp"":""1.00"",""created_time"":""2026-04-28T10:30:37.592619Z"",""no_price_dollars"":""0.4200"",""taker_side"":""yes"",""ticker"":""KXBTC15M-26APR280645-45"",""trade_id"":""fb61ae8a-21da-6e98-362a-380f65af3e9a"",""yes_price_dollars"":""0.5800""}"
KXBTC15M-26APR280645-45,d9eb3097-18f2-50d4-e436-15c2fa4c5d06,1777372237,0.58,6.21,yes,"{""count_fp"":""6.21"",""created_time"":""2026-04-28T10:30:37.498295Z"",""no_price_dollars"":""0.4200"",""taker_side"":""yes"",""ticker"":""KXBTC15M-26APR280645-45"",""trade_id"":""d9eb3097-18f2-50d4-e436-15c2fa4c5d06"",""yes_price_dollars"":""0.5800""}"
KXBTC15M-26APR280645-45,a56bf67d-fc16-5392-c556-459438e4caec,1777372237,0.57,10.0,yes,"{""count_fp"":""10.00"",""created_time"":""2026-04-28T10:30:37.498295Z"",""no_price_dollars"":""0.4300"",""taker_side"":""yes"",""ticker"":""KXBTC15M-26APR280645-45"",""trade_id"":""a56bf67d-fc16-5392-c556-459438e4caec"",""yes_price_dollars"":""0.5700""}"
KXBTC15M-26APR280645-45,4fe05522-ebe1-7dc7-0575-d250e62f164d,1777372237,0.57,169.62,yes,"{""count_fp"":""169.62"",""created_time"":""2026-04-28T10:30:37.412193Z"",""no_price_dollars"":""0.4300"",""taker_side"":""yes"",""ticker"":""KXBTC15M-26APR280645-45"",""trade_id"":""4fe05522-ebe1-7dc7-0575-d250e62f164d"",""yes_price_dollars"":""0.5700""}"
KXBTC15M-26APR280645-45,589979bd-277c-6b58-4867-8e1859d1f2cb,1777372237,0.57,20.39,yes,"{""count_fp"":""20.39"",""created_time"":""2026-04-28T10:30:37.298938Z"",""no_price_dollars"":""0.4300"",""taker_side"":""yes"",""ticker"":""KXBTC15M-26APR280645-45"",""trade_id"":""589979bd-277c-6b58-4867-8e1859d1f2cb"",""yes_price_dollars"":""0.5700""}"
KXBTC15M-26APR280645-45,2ed5226b-efd1-604b-49e4-fa0a639f5b0d,1777372237,0.57,458.96,yes,"{""count_fp"":""458.96"",""created_time"":""2026-04-28T10:30:37.298938Z"",""no_price_dollars"":""0.4300"",""taker_side"":""yes"",""ticker"":""KXBTC15M-26APR280645-45"",""trade_id"":""2ed5226b-efd1-604b-49e4-fa0a639f5b0d"",""yes_price_dollars"":""0.5700""}"
KXBTC15M-26APR280645-45,784cf365-01c8-7738-cb37-a22513bb5eaf,1777372237,0.57,16.21,yes,"{""count_fp"":""16.21"",""created_time"":""2026-04-28T10:30:37.255358Z"",""no_price_dollars"":""0.4300"",""taker_side"":""yes"",""ticker"":""KXBTC15M-26APR280645-45"",""trade_id"":""784cf365-01c8-7738-cb37-a22513bb5eaf"",""yes_price_dollars"":""0.5700""}"
KXBTC15M-26APR280645-45,25ce0b18-c344-47b8-72eb-b1fc5122742d,1777372238,0.58,16.74,yes,"{""count_fp"":""16.74"",""created_time"":""2026-04-28T10:30:38.980594Z"",""no_price_dollars"":""0.4200"",""taker_side"":""yes"",""ticker"":""KXBTC15M-26APR280645-45"",""trade_id"":""25ce0b18-c344-47b8-72eb-b1fc5122742d"",""yes_price_dollars"":""0.5800""}"
KXBTC15M-26APR280645-45,5b10e297-a464-5c20-080b-9de15a0c2b9d,1777372238,0.58,1.62,yes,"{""count_fp"":""1.62"",""created_time"":""2026-04-28T10:30:38.921253Z"",""no_price_dollars"":""0.4200"",""taker_side"":""yes"",""ticker"":""KXBTC15M-26APR280645-45"",""trade_id"":""5b10e297-a464-5c20-080b-9de15a0c2b9d"",""yes_price_dollars"":""0.5800""}"
KXBTC15M-26APR280645-45,4152b57a-0898-46c4-232e-fcca91f04151,1777372238,0.58,5.0,yes,"{""count_fp"":""5.00"",""created_time"":""2026-04-28T10:30:38.894974Z"",""no_price_dollars"":""0.4200"",""taker_side"":""yes"",""ticker"":""KXBTC15M-26APR280645-45"",""trade_id"":""4152b57a-0898-46c4-232e-fcca91f04151"",""yes_price_dollars"":""0.5800""}"
KXBTC15M-26APR280645-45,20a3f32a-c60c-7ccc-6246-d01e1715780d,1777372238,0.58,5.0,yes,"{""count_fp"":""5.00"",""created_time"":""2026-04-28T10:30:38.579218Z"",""no_price_dollars"":""0.4200"",""taker_side"":""yes"",""ticker"":""KXBTC15M-26APR280645-45"",""trade_id"":""20a3f32a-c60c-7ccc-6246-d01e1715780d"",""yes_price_dollars"":""0.5800""}"
KXBTC15M-26APR280645-45,0b4da49f-a90c-673c-d539-1e038b59aac5,1777372238,0.58,24.31,yes,"{""count_fp"":""24.31"",""created_time"":""2026-04-28T10:30:38.542147Z"",""no_price_dollars"":""0.4200"",""taker_side"":""yes"",""ticker"":""KXBTC15M-26APR280645-45"",""trade_id"":""0b4da49f-a90c-673c-d539-1e038b59aac5"",""yes_price_dollars"":""0.5800""}"
KXBTC15M-26APR280645-45,e5702158-c4a0-43e4-a2c0-b2e06f3608a1,1777372238,0.58,51.92,yes,"{""count_fp"":""51.92"",""created_time"":""2026-04-28T10:30:38.530161Z"",""no_price_dollars"":""0.4200"",""taker_side"":""yes"",""ticker"":""KXBTC15M-26APR280645-45"",""trade_id"":""e5702158-c4a0-43e4-a2c0-b2e06f3608a1"",""yes_price_dollars"":""0.5800""}"
KXBTC15M-26APR280645-45,58e482a8-787a-4dd4-b728-a867b08c6b36,1777372238,0.58,31.82,yes,"{""count_fp"":""31.82"",""created_time"":""2026-04-28T10:30:38.530161Z"",""no_price_dollars"":""0.4200"",""taker_side"":""yes"",""ticker"":""KXBTC15M-26APR280645-45"",""trade_id"":""58e482a8-787a-4dd4-b728-a867b08c6b36"",""yes_price_dollars"":""0.5800""}"
KXBTC15M-26APR280645-45,ee54301c-e572-49d4-95ab-511161b8edae,1777372238,0.58,0.97,yes,"{""count_fp"":""0.97"",""created_time"":""2026-04-28T10:30:38.425518Z"",""no_price_dollars"":""0.4200"",""taker_side"":""yes"",""ticker"":""KXBTC15M-26APR280645-45"",""trade_id"":""ee54301c-e572-49d4-95ab-511161b8edae"",""yes_price_dollars"":""0.5800""}"
KXBTC15M-26APR280645-45,c1a1ba4a-23f5-4b06-b40e-0f5e276ae885,1777372238,0.56,21.39,no,"{""count_fp"":""21.39"",""created_time"":""2026-04-28T10:30:38.407417Z"",""no_price_dollars"":""0.4400"",""taker_side"":""no"",""ticker"":""KXBTC15M-26APR280645-45"",""trade_id"":""c1a1ba4a-23f5-4b06-b40e-0f5e276ae885"",""yes_price_dollars"":""0.5600""}"
KXBTC15M-26APR280645-45,f0f419eb-65de-73ea-d72f-c05394e89439,1777372239,0.57,3.0,yes,"{""count_fp"":""3.00"",""created_time"":""2026-04-28T10:30:39.373789Z"",""no_price_dollars"":""0.4300"",""taker_side"":""yes"",""ticker"":""KXBTC15M-26APR280645-45"",""trade_id"":""f0f419eb-65de-73ea-d72f-c05394e89439"",""yes_price_dollars"":""0.5700""}"
KXBTC15M-26APR280645-45,baab2c8d-b0b1-7587-e610-b8123d03c2c9,1777372239,0.58,38.62,yes,"{""count_fp"":""38.62"",""created_time"":""2026-04-28T10:30:39.373789Z"",""no_price_dollars"":""0.4200"",""taker_side"":""yes"",""ticker"":""KXBTC15M-26APR280645-45"",""trade_id"":""baab2c8d-b0b1-7587-e610-b8123d03c2c9"",""yes_price_dollars"":""0.5800""}"
KXBTC15M-26APR280645-45,b6ea1954-fb7e-78ab-eb97-94d096aea25a,1777372239,0.57,17.0,yes,"{""count_fp"":""17.00"",""created_time"":""2026-04-28T10:30:39.373789Z"",""no_price_dollars"":""0.4300"",""taker_side"":""yes"",""ticker"":""KXBTC15M-26APR280645-45"",""trade_id"":""b6ea1954-fb7e-78ab-eb97-94d096aea25a"",""yes_price_dollars"":""0.5700""}"
KXBTC15M-26APR280645-45,1797b45d-1abd-5937-34c9-1e6ac27ea639,1777372239,0.58,174.18,yes,"{""count_fp"":""174.18"",""created_time"":""2026-04-28T10:30:39.172621Z"",""no_price_dollars"":""0.4200"",""taker_side"":""yes"",""ticker"":""KXBTC15M-26APR280645-45"",""trade_id"":""1797b45d-1abd-5937-34c9-1e6ac27ea639"",""yes_price_dollars"":""0.5800""}"
KXBTC15M-26APR280645-45,e442657a-81b7-70ba-bc17-dbdbb6d4a580,1777372239,0.56,2.16,no,"{""count_fp"":""2.16"",""created_time"":""2026-04-28T10:30:39.161124Z"",""no_price_dollars"":""0.4400"",""taker_side"":""no"",""ticker"":""KXBTC15M-26APR280645-45"",""trade_id"":""e442657a-81b7-70ba-bc17-dbdbb6d4a580"",""yes_price_dollars"":""0.5600""}"
KXBTC15M-26APR280645-45,25581d76-9209-7fda-8774-0c89f3b6ac1d,1777372239,0.56,18.61,no,"{""count_fp"":""18.61"",""created_time"":""2026-04-28T10:30:39.161124Z"",""no_price_dollars"":""0.4400"",""taker_side"":""no"",""ticker"":""KXBTC15M-26APR280645-45"",""trade_id"":""25581d76-9209-7fda-8774-0c89f3b6ac1d"",""yes_price_dollars"":""0.5600""}"
KXBTC15M-26APR280645-45,dde5e667-9670-6520-2264-c084da722371,1777372239,0.58,387.04,yes,"{""count_fp"":""387.04"",""created_time"":""2026-04-28T10:30:39.060591Z"",""no_price_dollars"":""0.4200"",""taker_side"":""yes"",""ticker"":""KXBTC15M-26APR280645-45"",""trade_id"":""dde5e667-9670-6520-2264-c084da722371"",""yes_price_dollars"":""0.5800""}"
KXBTC15M-26APR280645-45,d0767d5d-60cb-66ce-12d6-7307ab7361a1,1777372239,0.58,20.0,yes,"{""count_fp"":""20.00"",""created_time"":""2026-04-28T10:30:39.060591Z"",""no_price_dollars"":""0.4200"",""taker_side"":""yes"",""ticker"":""KXBTC15M-26APR280645-45"",""trade_id"":""d0767d5d-60cb-66ce-12d6-7307ab7361a1"",""yes_price_dollars"":""0.5800""}"
KXBTC15M-26APR280645-45,c3438e70-5686-659f-1529-3945905999bd,1777372239,0.58,1000.76,yes,"{""count_fp"":""1000.76"",""created_time"":""2026-04-28T10:30:39.060591Z"",""no_price_dollars"":""0.4200"",""taker_side"":""yes"",""ticker"":""KXBTC15M-26APR280645-45"",""trade_id"":""c3438e70-5686-659f-1529-3945905999bd"",""yes_price_dollars"":""0.5800""}"
KXBTC15M-26APR280645-45,a3e96c11-afa0-6691-1781-999e8ebc0612,1777372239,0.58,10.0,yes,"{""count_fp"":""10.00"",""created_time"":""2026-04-28T10:30:39.060591Z"",""no_price_dollars"":""0.4200"",""taker_side"":""yes"",""ticker"":""KXBTC15M-26APR280645-45"",""trade_id"":""a3e96c11-afa0-6691-1781-999e8ebc0612"",""yes_price_dollars"":""0.5800""}"
KXBTC15M-26APR280645-45,85a79e43-f645-6c63-247f-d15b69aae3dd,1777372239,0.58,255.26,yes,"{""count_fp"":""255.26"",""created_time"":""2026-04-28T10:30:39.060591Z"",""no_price_dollars"":""0.4200"",""taker_side"":""yes"",""ticker"":""KXBTC15M-26APR280645-45"",""trade_id"":""85a79e43-f645-6c63-247f-d15b69aae3dd"",""yes_price_dollars"":""0.5800""}"
KXBTC15M-26APR280645-45,ee1c1b95-b5e4-5885-1be9-0d524935c125,1777372240,0.56,0.25,no,"{""count_fp"":""0.25"",""created_time"":""2026-04-28T10:30:40.936382Z"",""no_price_dollars"":""0.4400"",""taker_side"":""no"",""ticker"":""KXBTC15M-26APR280645-45"",""trade_id"":""ee1c1b95-b5e4-5885-1be9-0d524935c125"",""yes_price_dollars"":""0.5600""}"
KXBTC15M-26APR280645-45,0a3e0a4d-648f-537a-366a-0226bce09abc,1777372240,0.56,5.39,no,"{""count_fp"":""5.39"",""created_time"":""2026-04-28T10:30:40.936382Z"",""no_price_dollars"":""0.4400"",""taker_side"":""no"",""ticker"":""KXBTC15M-26APR280645-45"",""trade_id"":""0a3e0a4d-648f-537a-366a-0226bce09abc"",""yes_price_dollars"":""0.5600""}"
KXBTC15M-26APR280645-45,f03b7936-0275-6d8b-d1e2-8bd504eca444,1777372240,0.56,10.0,no,"{""count_fp"":""10.00"",""created_time"":""2026-04-28T10:30:40.920452Z"",""no_price_dollars"":""0.4400"",""taker_side"":""no"",""ticker"":""KXBTC15M-26APR280645-45"",""trade_id"":""f03b7936-0275-6d8b-d1e2-8bd504eca444"",""yes_price_dollars"":""0.5600""}"
KXBTC15M-26APR280645-45,b013fecc-ee53-6fec-c0b5-758f421b32fc,1777372240,0.56,10.0,no,"{""count_fp"":""10.00"",""created_time"":""2026-04-28T10:30:40.920452Z"",""no_price_dollars"":""0.4400"",""taker_side"":""no"",""ticker"":""KXBTC15M-26APR280645-45"",""trade_id"":""b013fecc-ee53-6fec-c0b5-758f421b32fc"",""yes_price_dollars"":""0.5600""}"
KXBTC15M-26APR280645-45,a7411dc0-590f-60ce-e2a0-9fd4681d030c,1777372240,0.56,14.61,no,"{""count_fp"":""14.61"",""created_time"":""2026-04-28T10:30:40.920452Z"",""no_price_dollars"":""0.4400"",""taker_side"":""no"",""ticker"":""KXBTC15M-26APR280645-45"",""trade_id"":""a7411dc0-590f-60ce-e2a0-9fd4681d030c"",""yes_price_dollars"":""0.5600""}"
KXBTC15M-26APR280645-45,4c42f160-bd4d-620b-c7fe-f526cb34ec6c,1777372240,0.56,20.0,no,"{""count_fp"":""20.00"",""created_time"":""2026-04-28T10:30:40.920452Z"",""no_price_dollars"":""0.4400"",""taker_side"":""no"",""ticker"":""KXBTC15M-26APR280645-45"",""trade_id"":""4c42f160-bd4d-620b-c7fe-f526cb34ec6c"",""yes_price_dollars"":""0.5600""}"
KXBTC15M-26APR280645-45,9d353859-a2d3-713f-29e1-120b8f278df0,1777372241,0.56,4.0,yes,"{""count_fp"":""4.00"",""created_time"":""2026-04-28T10:30:41.937235Z"",""no_price_dollars"":""0.4400"",""taker_side"":""yes"",""ticker"":""KXBTC15M-26APR280645-45"",""trade_id"":""9d353859-a2d3-713f-29e1-120b8f278df0"",""yes_price_dollars"":""0.5600""}"
KXBTC15M-26APR280645-45,a915231e-148f-701f-c91f-6320c170a4b0,1777372241,0.56,77.06,yes,"{""count_fp"":""77.06"",""created_time"":""2026-04-28T10:30:41.732345Z"",""no_price_dollars"":""0.4400"",""taker_side"":""yes"",""ticker"":""KXBTC15M-26APR280645-45"",""trade_id"":""a915231e-148f-701f-c91f-6320c170a4b0"",""yes_price_dollars"":""0.5600""}"
KXBTC15M-26APR280645-45,d84cb9a6-03ac-6071-af25-d8b92e66a0b0,1777372241,0.56,36.0,yes,"{""count_fp"":""36.00"",""created_time"":""2026-04-28T10:30:41.723593Z"",""no_price_dollars"":""0.4400"",""taker_side"":""yes"",""ticker"":""KXBTC15M-26APR280645-45"",""trade_id"":""d84cb9a6-03ac-6071-af25-d8b92e66a0b0"",""yes_price_dollars"":""0.5600""}"
KXBTC15M-26APR280645-45,80669c4f-38c7-6f9b-b52d-02a36717de90,1777372241,0.56,64.0,yes,"{""count_fp"":""64.00"",""created_time"":""2026-04-28T10:30:41.723593Z"",""no_price_dollars"":""0.4400"",""taker_side"":""yes"",""ticker"":""KXBTC15M-26APR280645-45"",""trade_id"":""80669c4f-38c7-6f9b-b52d-02a36717de90"",""yes_price_dollars"":""0.5600""}"
KXBTC15M-26APR280645-45,c21340d8-2264-7599-1863-0304fd78225c,1777372241,0.56,1.0,yes,"{""count_fp"":""1.00"",""created_time"":""2026-04-28T10:30:41.122552Z"",""no_price_dollars"":""0.4400"",""taker_side"":""yes"",""ticker"":""KXBTC15M-26APR280645-45"",""trade_id"":""c21340d8-2264-7599-1863-0304fd78225c"",""yes_price_dollars"":""0.5600""}"
KXBTC15M-26APR280645-45,ac7244c0-0e3c-7345-587d-df07684ea984,1777372241,0.56,3.0,yes,"{""count_fp"":""3.00"",""created_time"":""2026-04-28T10:30:41.048885Z"",""no_price_dollars"":""0.4400"",""taker_side"":""yes"",""ticker"":""KXBTC15M-26APR280645-45"",""trade_id"":""ac7244c0-0e3c-7345-587d-df07684ea984"",""yes_price_dollars"":""0.5600""}"
KXBTC15M-26APR280645-45,80a6fad5-1199-5c90-f67c-49a0abe9f393,1777372242,0.55,20.0,no,"{""count_fp"":""20.00"",""created_time"":""2026-04-28T10:30:42.589258Z"",""no_price_dollars"":""0.4500"",""taker_side"":""no"",""ticker"":""KXBTC15M-26APR280645-45"",""trade_id"":""80a6fad5-1199-5c90-f67c-49a0abe9f393"",""yes_price_dollars"":""0.5500""}"
KXBTC15M-26APR280645-45,4d5c5c03-ef65-518c-b26f-78b39f258e8b,1777372242,0.55,2.0,no,"{""count_fp"":""2.00"",""created_time"":""2026-04-28T10:30:42.195137Z"",""no_price_dollars"":""0.4500"",""taker_side"":""no"",""ticker"":""KXBTC15M-26APR280645-45"",""trade_id"":""4d5c5c03-ef65-518c-b26f-78b39f258e8b"",""yes_price_dollars"":""0.5500""}"
KXBTC15M-26APR280645-45,80e2966f-62fb-6d5f-054b-9cae9ebf72e8,1777372242,0.56,1.67,yes,"{""count_fp"":""1.67"",""created_time"":""2026-04-28T10:30:42.135958Z"",""no_price_dollars"":""0.4400"",""taker_side"":""yes"",""ticker"":""KXBTC15M-26APR280645-45"",""trade_id"":""80e2966f-62fb-6d5f-054b-9cae9ebf72e8"",""yes_price_dollars"":""0.5600""}"
KXBTC15M-26APR280645-45,383f7e60-13dd-592f-00d1-1a85fd8d8d26,1777372242,0.55,5.0,no,"{""count_fp"":""5.00"",""created_time"":""2026-04-28T10:30:42.035886Z"",""no_price_dollars"":""0.4500"",""taker_side"":""no"",""ticker"":""KXBTC15M-26APR280645-45"",""trade_id"":""383f7e60-13dd-592f-00d1-1a85fd8d8d26"",""yes_price_dollars"":""0.5500""}"
KXBTC15M-26APR280645-45,21d86375-3845-5df4-029a-cc4e1b2bac23,1777372242,0.55,1.42,no,"{""count_fp"":""1.42"",""created_time"":""2026-04-28T10:30:42.035886Z"",""no_price_dollars"":""0.4500"",""taker_side"":""no"",""ticker"":""KXBTC15M-26APR280645-45"",""trade_id"":""21d86375-3845-5df4-029a-cc4e1b2bac23"",""yes_price_dollars"":""0.5500""}"
KXBTC15M-26APR280645-45,6bb5eb30-08c3-76fb-2cba-2866027d9d9c,1777372243,0.56,43.08,yes,"{""count_fp"":""43.08"",""created_time"":""2026-04-28T10:30:43.890023Z"",""no_price_dollars"":""0.4400"",""taker_side"":""yes"",""ticker"":""KXBTC15M-26APR280645-45"",""trade_id"":""6bb5eb30-08c3-76fb-2cba-2866027d9d9c"",""yes_price_dollars"":""0.5600""}"
KXBTC15M-26APR280645-45,ddec5e70-257b-4743-96ff-f03d348b33f4,1777372243,0.56,27.71,yes,"{""count_fp"":""27.71"",""created_time"":""2026-04-28T10:30:43.482228Z"",""no_price_dollars"":""0.4400"",""taker_side"":""yes"",""ticker"":""KXBTC15M-26APR280645-45"",""trade_id"":""ddec5e70-257b-4743-96ff-f03d348b33f4"",""yes_price_dollars"":""0.5600""}"
KXBTC15M-26APR280645-45,904a2091-cc93-69bf-9096-5b4274d967ec,1777372244,0.56,16.74,yes,"{""count_fp"":""16.74"",""created_time"":""2026-04-28T10:30:44.192143Z"",""no_price_dollars"":""0.4400"",""taker_side"":""yes"",""ticker"":""KXBTC15M-26APR280645-45"",""trade_id"":""904a2091-cc93-69bf-9096-5b4274d967ec"",""yes_price_dollars"":""0.5600""}"
KXBTC15M-26APR280645-45,266084c6-d393-5f1b-1441-25c81038e638,1777372245,0.56,42.57,yes,"{""count_fp"":""42.57"",""created_time"":""2026-04-28T10:30:45.399284Z"",""no_price_dollars"":""0.4400"",""taker_side"":""yes"",""ticker"":""KXBTC15M-26APR280645-45"",""trade_id"":""266084c6-d393-5f1b-1441-25c81038e638"",""yes_price_dollars"":""0.5600""}"
KXBTC15M-26APR280645-45,8ff9edfa-0f57-6bab-52b0-bc21af46a48c,1777372245,0.56,3.46,yes,"{""count_fp"":""3.46"",""created_time"":""2026-04-28T10:30:45.314296Z"",""no_price_dollars"":""0.4400"",""taker_side"":""yes"",""ticker"":""KXBTC15M-26APR280645-45"",""trade_id"":""8ff9edfa-0f57-6bab-52b0-bc21af46a48c"",""yes_price_dollars"":""0.5600""}"
KXBTC15M-26APR280645-45,61b2d32d-de4f-6e7b-f52f-63c36488fc5c,1777372246,0.56,1.0,yes,"{""count_fp"":""1.00"",""created_time"":""2026-04-28T10:30:46.704112Z"",""no_price_dollars"":""0.4400"",""taker_side"":""yes"",""ticker"":""KXBTC15M-26APR280645-45"",""trade_id"":""61b2d32d-de4f-6e7b-f52f-63c36488fc5c"",""yes_price_dollars"":""0.5600""}"
KXBTC15M-26APR280645-45,0a5e94d5-9331-407c-400c-c57afeb169b7,1777372246,0.55,0.42,no,"{""count_fp"":""0.42"",""created_time"":""2026-04-28T10:30:46.686697Z"",""no_price_dollars"":""0.4500"",""taker_side"":""no"",""ticker"":""KXBTC15M-26APR280645-45"",""trade_id"":""0a5e94d5-9331-407c-400c-c57afeb169b7"",""yes_price_dollars"":""0.5500""}"
KXBTC15M-26APR280645-45,d2860acf-995f-4367-db5a-b2e15203ab1c,1777372247,0.56,173.23,yes,"{""count_fp"":""173.23"",""created_time"":""2026-04-28T10:30:47.960346Z"",""no_price_dollars"":""0.4400"",""taker_side"":""yes"",""ticker"":""KXBTC15M-26APR280645-45"",""trade_id"":""d2860acf-995f-4367-db5a-b2e15203ab1c"",""yes_price_dollars"":""0.5600""}"
KXBTC15M-26APR280645-45,6312a09c-35e5-7ac8-3360-5226d009ffff,1777372247,0.55,1.11,no,"{""count_fp"":""1.11"",""created_time"":""2026-04-28T10:30:47.073479Z"",""no_price_dollars"":""0.4500"",""taker_side"":""no"",""ticker"":""KXBTC15M-26APR280645-45"",""trade_id"":""6312a09c-35e5-7ac8-3360-5226d009ffff"",""yes_price_dollars"":""0.5500""}"
KXBTC15M-26APR280645-45,0014b07b-9d53-655f-d505-d24f390d0d58,1777372248,0.56,17.32,yes,"{""count_fp"":""17.32"",""created_time"":""2026-04-28T10:30:48.275612Z"",""no_price_dollars"":""0.4400"",""taker_side"":""yes"",""ticker"":""KXBTC15M-26APR280645-45"",""trade_id"":""0014b07b-9d53-655f-d505-d24f390d0d58"",""yes_price_dollars"":""0.5600""}"
KXBTC15M-26APR280645-45,fb285a4a-59b3-60e1-eb35-51ac2d109cc4,1777372249,0.55,1.53,no,"{""count_fp"":""1.53"",""created_time"":""2026-04-28T10:30:49.610552Z"",""no_price_dollars"":""0.4500"",""taker_side"":""no"",""ticker"":""KXBTC15M-26APR280645-45"",""trade_id"":""fb285a4a-59b3-60e1-eb35-51ac2d109cc4"",""yes_price_dollars"":""0.5500""}"
KXBTC15M-26APR280645-45,c8b4acf3-8cde-60b1-d858-e44487db80ce,1777372249,0.55,27.0,no,"{""count_fp"":""27.00"",""created_time"":""2026-04-28T10:30:49.610552Z"",""no_price_dollars"":""0.4500"",""taker_side"":""no"",""ticker"":""KXBTC15M-26APR280645-45"",""trade_id"":""c8b4acf3-8cde-60b1-d858-e44487db80ce"",""yes_price_dollars"":""0.5500""}"
KXBTC15M-26APR280645-45,c6cf3e13-43ac-6405-f507-5998c3133ce1,1777372249,0.55,19.0,no,"{""count_fp"":""19.00"",""created_time"":""2026-04-28T10:30:49.610552Z"",""no_price_dollars"":""0.4500"",""taker_side"":""no"",""ticker"":""KXBTC15M-26APR280645-45"",""trade_id"":""c6cf3e13-43ac-6405-f507-5998c3133ce1"",""yes_price_dollars"":""0.5500""}"
KXBTC15M-26APR280645-45,c1033068-ec58-6668-def6-529dae08c7ae,1777372249,0.55,1.0,no,"{""count_fp"":""1.00"",""created_time"":""2026-04-28T10:30:49.610552Z"",""no_price_dollars"":""0.4500"",""taker_side"":""no"",""ticker"":""KXBTC15M-26APR280645-45"",""trade_id"":""c1033068-ec58-6668-def6-529dae08c7ae"",""yes_price_dollars"":""0.5500""}"
KXBTC15M-26APR280645-45,aebf2e9b-c705-6d1c-c483-906f91886142,1777372249,0.55,1.0,no,"{""count_fp"":""1.00"",""created_time"":""2026-04-28T10:30:49.610552Z"",""no_price_dollars"":""0.4500"",""taker_side"":""no"",""ticker"":""KXBTC15M-26APR280645-45"",""trade_id"":""aebf2e9b-c705-6d1c-c483-906f91886142"",""yes_price_dollars"":""0.5500""}"
KXBTC15M-26APR280645-45,5e3af21f-bf78-6825-db69-271ffbede624,1777372249,0.55,4.0,no,"{""count_fp"":""4.00"",""created_time"":""2026-04-28T10:30:49.610552Z"",""no_price_dollars"":""0.4500"",""taker_side"":""no"",""ticker"":""KXBTC15M-26APR280645-45"",""trade_id"":""5e3af21f-bf78-6825-db69-271ffbede624"",""yes_price_dollars"":""0.5500""}"
KXBTC15M-26APR280645-45,4aeba29d-d29c-6f12-e7f7-727c331bd20a,1777372249,0.55,1.0,no,"{""count_fp"":""1.00"",""created_time"":""2026-04-28T10:30:49.610552Z"",""no_price_dollars"":""0.4500"",""taker_side"":""no"",""ticker"":""KXBTC15M-26APR280645-45"",""trade_id"":""4aeba29d-d29c-6f12-e7f7-727c331bd20a"",""yes_price_dollars"":""0.5500""}"
KXBTC15M-26APR280645-45,08bfecd0-aecd-6024-f7f9-c0701302dafb,1777372249,0.55,13.05,no,"{""count_fp"":""13.05"",""created_time"":""2026-04-28T10:30:49.610552Z"",""no_price_dollars"":""0.4500"",""taker_side"":""no"",""ticker"":""KXBTC15M-26APR280645-45"",""trade_id"":""08bfecd0-aecd-6024-f7f9-c0701302dafb"",""yes_price_dollars"":""0.5500""}"
KXBTC15M-26APR280645-45,e3c5c251-496e-4072-78bf-97d7416cb46d,1777372250,0.57,56.0,yes,"{""count_fp"":""56.00"",""created_time"":""2026-04-28T10:30:50.672516Z"",""no_price_dollars"":""0.4300"",""taker_side"":""yes"",""ticker"":""KXBTC15M-26APR280645-45"",""trade_id"":""e3c5c251-496e-4072-78bf-97d7416cb46d"",""yes_price_dollars"":""0.5700""}"
KXBTC15M-26APR280645-45,b6dcce5a-c084-45c0-6bcf-1528fe0a5b25,1777372250,0.57,3.0,yes,"{""count_fp"":""3.00"",""created_time"":""2026-04-28T10:30:50.672516Z"",""no_price_dollars"":""0.4300"",""taker_side"":""yes"",""ticker"":""KXBTC15M-26APR280645-45"",""trade_id"":""b6dcce5a-c084-45c0-6bcf-1528fe0a5b25"",""yes_price_dollars"":""0.5700""}"
KXBTC15M-26APR280645-45,aeaf1011-8c3c-4c15-5cc3-30ec831d494f,1777372250,0.57,40.0,yes,"{""count_fp"":""40.00"",""created_time"":""2026-04-28T10:30:50.672516Z"",""no_price_dollars"":""0.4300"",""taker_side"":""yes"",""ticker"":""KXBTC15M-26APR280645-45"",""trade_id"":""aeaf1011-8c3c-4c15-5cc3-30ec831d494f"",""yes_price_dollars"":""0.5700""}"
KXBTC15M-26APR280645-45,a91a50b7-42a3-4dd0-43fe-c5d4bb11df34,1777372250,0.56,10.0,yes,"{""count_fp"":""10.00"",""created_time"":""2026-04-28T10:30:50.672516Z"",""no_price_dollars"":""0.4400"",""taker_side"":""yes"",""ticker"":""KXBTC15M-26APR280645-45"",""trade_id"":""a91a50b7-42a3-4dd0-43fe-c5d4bb11df34"",""yes_price_dollars"":""0.5600""}"
KXBTC15M-26APR280645-45,51bd2f08-d757-4470-711f-23e3a68329d1,1777372250,0.57,1.0,yes,"{""count_fp"":""1.00"",""created_time"":""2026-04-28T10:30:50.672516Z"",""no_price_dollars"":""0.4300"",""taker_side"":""yes"",""ticker"":""KXBTC15M-26APR280645-45"",""trade_id"":""51bd2f08-d757-4470-711f-23e3a68329d1"",""yes_price_dollars"":""0.5700""}"
KXBTC15M-26APR280645-45,49ef4880-6633-46d3-4d29-2f83e01e23d8,1777372250,0.56,28.16,yes,"{""count_fp"":""28.16"",""created_time"":""2026-04-28T10:30:50.672516Z"",""no_price_dollars"":""0.4400"",""taker_side"":""yes"",""ticker"":""KXBTC15M-26APR280645-45"",""trade_id"":""49ef4880-6633-46d3-4d29-2f83e01e23d8"",""yes_price_dollars"":""0.5600""}"
KXBTC15M-26APR280645-45,45647aca-f342-4c92-7d72-844d765df811,1777372250,0.57,19.0,yes,"{""count_fp"":""19.00"",""created_time"":""2026-04-28T10:30:50.672516Z"",""no_price_dollars"":""0.4300"",""taker_side"":""yes"",""ticker"":""KXBTC15M-26APR280645-45"",""trade_id"":""45647aca-f342-4c92-7d72-844d765df811"",""yes_price_dollars"":""0.5700""}"
KXBTC15M-26APR280645-45,0f226d91-88d1-4213-626f-cfd60212d689,1777372250,0.57,184.1,yes,"{""count_fp"":""184.10"",""created_time"":""2026-04-28T10:30:50.672516Z"",""no_price_dollars"":""0.4300"",""taker_side"":""yes"",""ticker"":""KXBTC15M-26APR280645-45"",""trade_id"":""0f226d91-88d1-4213-626f-cfd60212d689"",""yes_price_dollars"":""0.5700""}"
KXBTC15M-26APR280645-45,e85e58c4-ff4f-66fd-5f03-ae873748b9fc,1777372250,0.55,4.27,no,"{""count_fp"":""4.27"",""created_time"":""2026-04-28T10:30:50.177668Z"",""no_price_dollars"":""0.4500"",""taker_side"":""no"",""ticker"":""KXBTC15M-26APR280645-45"",""trade_id"":""e85e58c4-ff4f-66fd-5f03-ae873748b9fc"",""yes_price_dollars"":""0.5500""}"
KXBTC15M-26APR280645-45,3ba7e42a-41bb-5ece-3647-cd7e6f5fa42f,1777372251,0.55,2.13,no,"{""count_fp"":""2.13"",""created_time"":""2026-04-28T10:30:51.978041Z"",""no_price_dollars"":""0.4500"",""taker_side"":""no"",""ticker"":""KXBTC15M-26APR280645-45"",""trade_id"":""3ba7e42a-41bb-5ece-3647-cd7e6f5fa42f"",""yes_price_dollars"":""0.5500""}"
KXBTC15M-26APR280645-45,e6e78fa1-6c15-536c-82e8-a727bee8f989,1777372251,0.55,15.0,no,"{""count_fp"":""15.00"",""created_time"":""2026-04-28T10:30:51.051221Z"",""no_price_dollars"":""0.4500"",""taker_side"":""no"",""ticker"":""KXBTC15M-26APR280645-45"",""trade_id"":""e6e78fa1-6c15-536c-82e8-a727bee8f989"",""yes_price_dollars"":""0.5500""}"
KXBTC15M-26APR280645-45,a5566699-72c7-5f68-a4d7-2d898fdc1bf3,1777372251,0.54,27.0,no,"{""count_fp"":""27.00"",""created_time"":""2026-04-28T10:30:51.051221Z"",""no_price_dollars"":""0.4600"",""taker_side"":""no"",""ticker"":""KXBTC15M-26APR280645-45"",""trade_id"":""a5566699-72c7-5f68-a4d7-2d898fdc1bf3"",""yes_price_dollars"":""0.5400""}"
KXBTC15M-26APR280645-45,8dab9b01-0a56-5c49-93a6-7ceea4ef2716,1777372251,0.54,5.0,no,"{""count_fp"":""5.00"",""created_time"":""2026-04-28T10:30:51.051221Z"",""no_price_dollars"":""0.4600"",""taker_side"":""no"",""ticker"":""KXBTC15M-26APR280645-45"",""trade_id"":""8dab9b01-0a56-5c49-93a6-7ceea4ef2716"",""yes_price_dollars"":""0.5400""}"
KXBTC15M-26APR280645-45,6eeba3ef-c081-5c27-96a9-21be23400ba4,1777372251,0.55,56.0,no,"{""count_fp"":""56.00"",""created_time"":""2026-04-28T10:30:51.051221Z"",""no_price_dollars"":""0.4500"",""taker_side"":""no"",""ticker"":""KXBTC15M-26APR280645-45"",""trade_id"":""6eeba3ef-c081-5c27-96a9-21be23400ba4"",""yes_price_dollars"":""0.5500""}"
KXBTC15M-26APR280645-45,5f3599f1-5397-5c2d-a499-83e17e807ae0,1777372251,0.55,34.2,no,"{""count_fp"":""34.20"",""created_time"":""2026-04-28T10:30:51.051221Z"",""no_price_dollars"":""0.4500"",""taker_side"":""no"",""ticker"":""KXBTC15M-26APR280645-45"",""trade_id"":""5f3599f1-5397-5c2d-a499-83e17e807ae0"",""yes_price_dollars"":""0.5500""}"
KXBTC15M-26APR280645-45,51d6d4f1-f170-5605-bf39-28ad75dc84f7,1777372251,0.56,31.45,no,"{""count_fp"":""31.45"",""created_time"":""2026-04-28T10:30:51.051221Z"",""no_price_dollars"":""0.4400"",""taker_side"":""no"",""ticker"":""KXBTC15M-26APR280645-45"",""trade_id"":""51d6d4f1-f170-5605-bf39-28ad75dc84f7"",""yes_price_dollars"":""0.5600""}"
KXBTC15M-26APR280645-45,50b37b02-a420-5b21-a171-973d14d1c41c,1777372251,0.54,27.0,no,"{""count_fp"":""27.00"",""created_time"":""2026-04-28T10:30:51.051221Z"",""no_price_dollars"":""0.4600"",""taker_side"":""no"",""ticker"":""KXBTC15M-26APR280645-45"",""trade_id"":""50b37b02-a420-5b21-a171-973d14d1c41c"",""yes_price_dollars"":""0.5400""}"
KXBTC15M-26APR280645-45,4e00aa64-1473-5cee-96d1-78ec07c28e2d,1777372251,0.55,3.0,no,"{""count_fp"":""3.00"",""created_time"":""2026-04-28T10:30:51.051221Z"",""no_price_dollars"":""0.4500"",""taker_side"":""no"",""ticker"":""KXBTC15M-26APR280645-45"",""trade_id"":""4e00aa64-1473-5cee-96d1-78ec07c28e2d"",""yes_price_dollars"":""0.5500""}"
KXBTC15M-26APR280645-45,0b5b1b6b-f7c3-5da6-b9a9-c31571fe3ab1,1777372251,0.56,10.0,no,"{""count_fp"":""10.00"",""created_time"":""2026-04-28T10:30:51.051221Z"",""no_price_dollars"":""0.4400"",""taker_side"":""no"",""ticker"":""KXBTC15M-26APR280645-45"",""trade_id"":""0b5b1b6b-f7c3-5da6-b9a9-c31571fe3ab1"",""yes_price_dollars"":""0.5600""}"
KXBTC15M-26APR280645-45,0293126a-b61d-5607-bc30-bcdaa6e03d53,1777372251,0.54,213.19,no,"{""count_fp"":""213.19"",""created_time"":""2026-04-28T10:30:51.051221Z"",""no_price_dollars"":""0.4600"",""taker_side"":""no"",""ticker"":""KXBTC15M-26APR280645-45"",""trade_id"":""0293126a-b61d-5607-bc30-bcdaa6e03d53"",""yes_price_dollars"":""0.5400""}"
KXBTC15M-26APR280645-45,ed97bc96-dce3-5bce-cce5-5ff86bd15ec7,1777372252,0.55,10.69,no,"{""count_fp"":""10.69"",""created_time"":""2026-04-28T10:30:52.642124Z"",""no_price_dollars"":""0.4500"",""taker_side"":""no"",""ticker"":""KXBTC15M-26APR280645-45"",""trade_id"":""ed97bc96-dce3-5bce-cce5-5ff86bd15ec7"",""yes_price_dollars"":""0.5500""}"
KXBTC15M-26APR280645-45,75893afa-5273-46c6-6aac-5a450534b1bb,1777372252,0.55,4.28,no,"{""count_fp"":""4.28"",""created_time"":""2026-04-28T10:30:52.376673Z"",""no_price_dollars"":""0.4500"",""taker_side"":""no"",""ticker"":""KXBTC15M-26APR280645-45"",""trade_id"":""75893afa-5273-46c6-6aac-5a450534b1bb"",""yes_price_dollars"":""0.5500""}"
KXBTC15M-26APR280645-45,71e2929e-f18a-4da6-a674-9f5b5b547729,1777372253,0.55,1.06,no,"{""count_fp"":""1.06"",""created_time"":""2026-04-28T10:30:53.721556Z"",""no_price_dollars"":""0.4500"",""taker_side"":""no"",""ticker"":""KXBTC15M-26APR280645-45"",""trade_id"":""71e2929e-f18a-4da6-a674-9f5b5b547729"",""yes_price_dollars"":""0.5500""}"
KXBTC15M-26APR280645-45,131cbe37-71c9-609d-ddc4-1c3f7c1fda81,1777372253,0.56,5.0,yes,"{""count_fp"":""5.00"",""created_time"":""2026-04-28T10:30:53.513593Z"",""no_price_dollars"":""0.4400"",""taker_side"":""yes"",""ticker"":""KXBTC15M-26APR280645-45"",""trade_id"":""131cbe37-71c9-609d-ddc4-1c3f7c1fda81"",""yes_price_dollars"":""0.5600""}"
KXBTC15M-26APR280645-45,fb301d9c-fb79-67cc-729e-0cb81a1f2d5b,1777372253,0.55,10.0,no,"{""count_fp"":""10.00"",""created_time"":""2026-04-28T10:30:53.264408Z"",""no_price_dollars"":""0.4500"",""taker_side"":""no"",""ticker"":""KXBTC15M-26APR280645-45"",""trade_id"":""fb301d9c-fb79-67cc-729e-0cb81a1f2d5b"",""yes_price_dollars"":""0.5500""}"
KXBTC15M-26APR280645-45,365d05a0-2edb-6288-4c94-032a14406b43,1777372253,0.55,9.89,no,"{""count_fp"":""9.89"",""created_time"":""2026-04-28T10:30:53.264408Z"",""no_price_dollars"":""0.4500"",""taker_side"":""no"",""ticker"":""KXBTC15M-26APR280645-45"",""trade_id"":""365d05a0-2edb-6288-4c94-032a14406b43"",""yes_price_dollars"":""0.5500""}"
KXBTC15M-26APR280645-45,04ddcfcf-6b27-6206-4cbc-013ad436e5bf,1777372253,0.55,22.9,no,"{""count_fp"":""22.90"",""created_time"":""2026-04-28T10:30:53.264408Z"",""no_price_dollars"":""0.4500"",""taker_side"":""no"",""ticker"":""KXBTC15M-26APR280645-45"",""trade_id"":""04ddcfcf-6b27-6206-4cbc-013ad436e5bf"",""yes_price_dollars"":""0.5500""}"
KXBTC15M-26APR280645-45,cfa6498e-065d-6c79-2715-6d2745e7a8d1,1777372253,0.56,1.73,yes,"{""count_fp"":""1.73"",""created_time"":""2026-04-28T10:30:53.058883Z"",""no_price_dollars"":""0.4400"",""taker_side"":""yes"",""ticker"":""KXBTC15M-26APR280645-45"",""trade_id"":""cfa6498e-065d-6c79-2715-6d2745e7a8d1"",""yes_price_dollars"":""0.5600""}"
KXBTC15M-26APR280645-45,f476b374-dd66-475a-4ac8-2d50ad32bc61,1777372254,0.55,22.0,no,"{""count_fp"":""22.00"",""created_time"":""2026-04-28T10:30:54.538449Z"",""no_price_dollars"":""0.4500"",""taker_side"":""no"",""ticker"":""KXBTC15M-26APR280645-45"",""trade_id"":""f476b374-dd66-475a-4ac8-2d50ad32bc61"",""yes_price_dollars"":""0.5500""}"
KXBTC15M-26APR280645-45,bb1a63f3-c99e-702a-c9e2-159a5e38dc4d,1777372255,0.55,0.96,no,"{""count_fp"":""0.96"",""created_time"":""2026-04-28T10:30:55.816199Z"",""no_price_dollars"":""0.4500"",""taker_side"":""no"",""ticker"":""KXBTC15M-26APR280645-45"",""trade_id"":""bb1a63f3-c99e-702a-c9e2-159a5e38dc4d"",""yes_price_dollars"":""0.5500""}"
KXBTC15M-26APR280645-45,59a2ff1b-37c6-7285-ba1c-899116e09221,1777372257,0.56,5.19,yes,"{""count_fp"":""5.19"",""created_time"":""2026-04-28T10:30:57.721287Z"",""no_price_dollars"":""0.4400"",""taker_side"":""yes"",""ticker"":""KXBTC15M-26APR280645-45"",""trade_id"":""59a2ff1b-37c6-7285-ba1c-899116e09221"",""yes_price_dollars"":""0.5600""}"
KXBTC15M-26APR280645-45,9b1ba355-1bde-62e9-c723-ef4b83bf8595,1777372257,0.56,1.0,yes,"{""count_fp"":""1.00"",""created_time"":""2026-04-28T10:30:57.031853Z"",""no_price_dollars"":""0.4400"",""taker_side"":""yes"",""ticker"":""KXBTC15M-26APR280645-45"",""trade_id"":""9b1ba355-1bde-62e9-c723-ef4b83bf8595"",""yes_price_dollars"":""0.5600""}"
KXBTC15M-26APR280645-45,b84fd19f-bfb3-7adb-fdcd-c3b08b3e8e22,1777372258,0.56,15.27,no,"{""count_fp"":""15.27"",""created_time"":""2026-04-28T10:30:58.984769Z"",""no_price_dollars"":""0.4400"",""taker_side"":""no"",""ticker"":""KXBTC15M-26APR280645-45"",""trade_id"":""b84fd19f-bfb3-7adb-fdcd-c3b08b3e8e22"",""yes_price_dollars"":""0.5600""}"
KXBTC15M-26APR280645-45,78db2711-7744-7f46-f3be-56a0f3498980,1777372258,0.55,40.72,no,"{""count_fp"":""40.72"",""created_time"":""2026-04-28T10:30:58.984769Z"",""no_price_dollars"":""0.4500"",""taker_side"":""no"",""ticker"":""KXBTC15M-26APR280645-45"",""trade_id"":""78db2711-7744-7f46-f3be-56a0f3498980"",""yes_price_dollars"":""0.5500""}"
KXBTC15M-26APR280645-45,64b239ca-5126-7dde-ce0c-a28b1161ce95,1777372258,0.55,15.98,no,"{""count_fp"":""15.98"",""created_time"":""2026-04-28T10:30:58.984769Z"",""no_price_dollars"":""0.4500"",""taker_side"":""no"",""ticker"":""KXBTC15M-26APR280645-45"",""trade_id"":""64b239ca-5126-7dde-ce0c-a28b1161ce95"",""yes_price_dollars"":""0.5500""}"
KXBTC15M-26APR280645-45,395d4389-6752-7345-ea5c-f7fddc9e3d7c,1777372258,0.56,10.0,no,"{""count_fp"":""10.00"",""created_time"":""2026-04-28T10:30:58.984769Z"",""no_price_dollars"":""0.4400"",""taker_side"":""no"",""ticker"":""KXBTC15M-26APR280645-45"",""trade_id"":""395d4389-6752-7345-ea5c-f7fddc9e3d7c"",""yes_price_dollars"":""0.5600""}"
KXBTC15M-26APR280645-45,1497ff12-bcd9-7bb1-ccff-5eee892adb0f,1777372258,0.56,40.0,no,"{""count_fp"":""40.00"",""created_time"":""2026-04-28T10:30:58.984769Z"",""no_price_dollars"":""0.4400"",""taker_side"":""no"",""ticker"":""KXBTC15M-26APR280645-45"",""trade_id"":""1497ff12-bcd9-7bb1-ccff-5eee892adb0f"",""yes_price_dollars"":""0.5600""}"
KXBTC15M-26APR280645-45,c49d01cf-8d28-7955-9086-ac4e2056168b,1777372258,0.57,30.13,yes,"{""count_fp"":""30.13"",""created_time"":""2026-04-28T10:30:58.200615Z"",""no_price_dollars"":""0.4300"",""taker_side"":""yes"",""ticker"":""KXBTC15M-26APR280645-45"",""trade_id"":""c49d01cf-8d28-7955-9086-ac4e2056168b"",""yes_price_dollars"":""0.5700""}"
KXBTC15M-26APR280645-45,653eff21-824e-7f79-9517-2dffed34f635,1777372258,0.56,3.81,yes,"{""count_fp"":""3.81"",""created_time"":""2026-04-28T10:30:58.200615Z"",""no_price_dollars"":""0.4400"",""taker_side"":""yes"",""ticker"":""KXBTC15M-26APR280645-45"",""trade_id"":""653eff21-824e-7f79-9517-2dffed34f635"",""yes_price_dollars"":""0.5600""}"
KXBTC15M-26APR280645-45,e654aea2-2c0c-4d2a-0dd9-139b2ef03790,1777372259,0.55,12.83,no,"{""count_fp"":""12.83"",""created_time"":""2026-04-28T10:30:59.429954Z"",""no_price_dollars"":""0.4500"",""taker_side"":""no"",""ticker"":""KXBTC15M-26APR280645-45"",""trade_id"":""e654aea2-2c0c-4d2a-0dd9-139b2ef03790"",""yes_price_dollars"":""0.5500""}"
KXBTC15M-26APR280645-45,7d8da6d4-a496-4994-76d4-cc85ed176c67,1777372260,0.56,1.0,yes,"{""count_fp"":""1.00"",""created_time"":""2026-04-28T10:31:00.337215Z"",""no_price_dollars"":""0.4400"",""taker_side"":""yes"",""ticker"":""KXBTC15M-26APR280645-45"",""trade_id"":""7d8da6d4-a496-4994-76d4-cc85ed176c67"",""yes_price_dollars"":""0.5600""}"
KXBTC15M-26APR280645-45,71d50cd0-9d71-550b-388f-0eecba2f8905,1777372261,0.56,1.71,no,"{""count_fp"":""1.71"",""created_time"":""2026-04-28T10:31:01.609549Z"",""no_price_dollars"":""0.4400"",""taker_side"":""no"",""ticker"":""KXBTC15M-26APR280645-45"",""trade_id"":""71d50cd0-9d71-550b-388f-0eecba2f8905"",""yes_price_dollars"":""0.5600""}"
KXBTC15M-26APR280645-45,fb82d577-e4db-7788-2be3-72eac78e5c64,1777372261,0.58,6.51,yes,"{""count_fp"":""6.51"",""created_time"":""2026-04-28T10:31:01.190607Z"",""no_price_dollars"":""0.4200"",""taker_side"":""yes"",""ticker"":""KXBTC15M-26APR280645-45"",""trade_id"":""fb82d577-e4db-7788-2be3-72eac78e5c64"",""yes_price_dollars"":""0.5800""}"
KXBTC15M-26APR280645-45,a714241d-90a6-78f4-3c9d-85ead739757b,1777372261,0.58,1.0,yes,"{""count_fp"":""1.00"",""created_time"":""2026-04-28T10:31:01.190607Z"",""no_price_dollars"":""0.4200"",""taker_side"":""yes"",""ticker"":""KXBTC15M-26APR280645-45"",""trade_id"":""a714241d-90a6-78f4-3c9d-85ead739757b"",""yes_price_dollars"":""0.5800""}"
KXBTC15M-26APR280645-45,a59a69a6-e3c1-7b9f-3adb-3720342f9c39,1777372261,0.58,40.0,yes,"{""count_fp"":""40.00"",""created_time"":""2026-04-28T10:31:01.190607Z"",""no_price_dollars"":""0.4200"",""taker_side"":""yes"",""ticker"":""KXBTC15M-26APR280645-45"",""trade_id"":""a59a69a6-e3c1-7b9f-3adb-3720342f9c39"",""yes_price_dollars"":""0.5800""}"
KXBTC15M-26APR280645-45,8d827701-1781-7883-3801-d5241fdb9e42,1777372261,0.58,20.0,yes,"{""count_fp"":""20.00"",""created_time"":""2026-04-28T10:31:01.190607Z"",""no_price_dollars"":""0.4200"",""taker_side"":""yes"",""ticker"":""KXBTC15M-26APR280645-45"",""trade_id"":""8d827701-1781-7883-3801-d5241fdb9e42"",""yes_price_dollars"":""0.5800""}"
KXBTC15M-26APR280645-45,6a99be5f-f7a8-7fe4-1379-94194ca353d5,1777372261,0.56,6.81,yes,"{""count_fp"":""6.81"",""created_time"":""2026-04-28T10:31:01.190607Z"",""no_price_dollars"":""0.4400"",""taker_side"":""yes"",""ticker"":""KXBTC15M-26APR280645-45"",""trade_id"":""6a99be5f-f7a8-7fe4-1379-94194ca353d5"",""yes_price_dollars"":""0.5600""}"
KXBTC15M-26APR280645-45,5768f6d4-2879-72ff-1330-43d76e94f771,1777372261,0.58,1100.79,yes,"{""count_fp"":""1100.79"",""created_time"":""2026-04-28T10:31:01.190607Z"",""no_price_dollars"":""0.4200"",""taker_side"":""yes"",""ticker"":""KXBTC15M-26APR280645-45"",""trade_id"":""5768f6d4-2879-72ff-1330-43d76e94f771"",""yes_price_dollars"":""0.5800""}"
KXBTC15M-26APR280645-45,373e375e-e369-76d1-0ba7-d29a386c07bd,1777372261,0.56,500.0,yes,"{""count_fp"":""500.00"",""created_time"":""2026-04-28T10:31:01.190607Z"",""no_price_dollars"":""0.4400"",""taker_side"":""yes"",""ticker"":""KXBTC15M-26APR280645-45"",""trade_id"":""373e375e-e369-76d1-0ba7-d29a386c07bd"",""yes_price_dollars"":""0.5600""}"
KXBTC15M-26APR280645-45,32f921ed-868c-73ed-03e8-7ae2a2bbe33f,1777372261,0.57,9.87,yes,"{""count_fp"":""9.87"",""created_time"":""2026-04-28T10:31:01.190607Z"",""no_price_dollars"":""0.4300"",""taker_side"":""yes"",""ticker"":""KXBTC15M-26APR280645-45"",""trade_id"":""32f921ed-868c-73ed-03e8-7ae2a2bbe33f"",""yes_price_dollars"":""0.5700""}"
KXBTC15M-26APR280645-45,6147f8d9-f99d-5bd3-0a85-3321615085e9,1777372262,0.56,0.76,no,"{""count_fp"":""0.76"",""created_time"":""2026-04-28T10:31:02.238163Z"",""no_price_dollars"":""0.4400"",""taker_side"":""no"",""ticker"":""KXBTC15M-26APR280645-45"",""trade_id"":""6147f8d9-f99d-5bd3-0a85-3321615085e9"",""yes_price_dollars"":""0.5600""}"
KXBTC15M-26APR280645-45,5d317c86-54c3-5932-91f8-31e5614c97f9,1777372262,0.57,33.47,yes,"{""count_fp"":""33.47"",""created_time"":""2026-04-28T10:31:02.119979Z"",""no_price_dollars"":""0.4300"",""taker_side"":""yes"",""ticker"":""KXBTC15M-26APR280645-45"",""trade_id"":""5d317c86-54c3-5932-91f8-31e5614c97f9"",""yes_price_dollars"":""0.5700""}"
KXBTC15M-26APR280645-45,b69bc55a-4562-56c4-b543-38ef08862293,1777372263,0.56,1.06,no,"{""count_fp"":""1.06"",""created_time"":""2026-04-28T10:31:03.543998Z"",""no_price_dollars"":""0.4400"",""taker_side"":""no"",""ticker"":""KXBTC15M-26APR280645-45"",""trade_id"":""b69bc55a-4562-56c4-b543-38ef08862293"",""yes_price_dollars"":""0.5600""}"
KXBTC15M-26APR280645-45,56f340bd-8d52-5482-ad73-bae238fcfe64,1777372263,0.56,15.27,no,"{""count_fp"":""15.27"",""created_time"":""2026-04-28T10:31:03.543998Z"",""no_price_dollars"":""0.4400"",""taker_side"":""no"",""ticker"":""KXBTC15M-26APR280645-45"",""trade_id"":""56f340bd-8d52-5482-ad73-bae238fcfe64"",""yes_price_dollars"":""0.5600""}"
KXBTC15M-26APR280645-45,54a58498-0f21-59bf-8a31-a92d83c44c79,1777372263,0.56,5.06,no,"{""count_fp"":""5.06"",""created_time"":""2026-04-28T10:31:03.543998Z"",""no_price_dollars"":""0.4400"",""taker_side"":""no"",""ticker"":""KXBTC15M-26APR280645-45"",""trade_id"":""54a58498-0f21-59bf-8a31-a92d83c44c79"",""yes_price_dollars"":""0.5600""}"
KXBTC15M-26APR280645-45,cf283738-588c-7020-7f85-3cae4f3b23eb,1777372265,0.57,0.44,yes,"{""count_fp"":""0.44"",""created_time"":""2026-04-28T10:31:05.805281Z"",""no_price_dollars"":""0.4300"",""taker_side"":""yes"",""ticker"":""KXBTC15M-26APR280645-45"",""trade_id"":""cf283738-588c-7020-7f85-3cae4f3b23eb"",""yes_price_dollars"":""0.5700""}"
KXBTC15M-26APR280645-45,92062a10-9a57-7d79-7396-005a8a503cd8,1777372265,0.58,1.0,yes,"{""count_fp"":""1.00"",""created_time"":""2026-04-28T10:31:05.805281Z"",""no_price_dollars"":""0.4200"",""taker_side"":""yes"",""ticker"":""KXBTC15M-26APR280645-45"",""trade_id"":""92062a10-9a57-7d79-7396-005a8a503cd8"",""yes_price_dollars"":""0.5800""}"
KXBTC15M-26APR280645-45,884c4753-6a6a-7bdd-66ab-8d21d87dbc52,1777372265,0.58,162.05,yes,"{""count_fp"":""162.05"",""created_time"":""2026-04-28T10:31:05.805281Z"",""no_price_dollars"":""0.4200"",""taker_side"":""yes"",""ticker"":""KXBTC15M-26APR280645-45"",""trade_id"":""884c4753-6a6a-7bdd-66ab-8d21d87dbc52"",""yes_price_dollars"":""0.5800""}"
KXBTC15M-26APR280645-45,e896411e-c470-679c-f926-55f3a092459f,1777372265,0.57,26.56,yes,"{""count_fp"":""26.56"",""created_time"":""2026-04-28T10:31:05.802871Z"",""no_price_dollars"":""0.4300"",""taker_side"":""yes"",""ticker"":""KXBTC15M-26APR280645-45"",""trade_id"":""e896411e-c470-679c-f926-55f3a092459f"",""yes_price_dollars"":""0.5700""}"
KXBTC15M-26APR280645-45,da3ca8e9-75b8-6893-ef42-0acba614c087,1777372265,0.57,10.0,yes,"{""count_fp"":""10.00"",""created_time"":""2026-04-28T10:31:05.802871Z"",""no_price_dollars"":""0.4300"",""taker_side"":""yes"",""ticker"":""KXBTC15M-26APR280645-45"",""trade_id"":""da3ca8e9-75b8-6893-ef42-0acba614c087"",""yes_price_dollars"":""0.5700""}"
KXBTC15M-26APR280645-45,dfecfcdc-abdb-5b3b-ea98-db882d7d849e,1777372266,0.58,40.14,yes,"{""count_fp"":""40.14"",""created_time"":""2026-04-28T10:31:06.222474Z"",""no_price_dollars"":""0.4200"",""taker_side"":""yes"",""ticker"":""KXBTC15M-26APR280645-45"",""trade_id"":""dfecfcdc-abdb-5b3b-ea98-db882d7d849e"",""yes_price_dollars"":""0.5800""}"
KXBTC15M-26APR280645-45,dad45317-ae8f-4e7f-3395-e4d582e5ee32,1777372266,0.58,6.77,yes,"{""count_fp"":""6.77"",""created_time"":""2026-04-28T10:31:06.219095Z"",""no_price_dollars"":""0.4200"",""taker_side"":""yes"",""ticker"":""KXBTC15M-26APR280645-45"",""trade_id"":""dad45317-ae8f-4e7f-3395-e4d582e5ee32"",""yes_price_dollars"":""0.5800""}"
KXBTC15M-26APR280645-45,a6d8cebb-b5c0-48f7-31c2-2542c614a112,1777372266,0.58,20.0,yes,"{""count_fp"":""20.00"",""created_time"":""2026-04-28T10:31:06.219095Z"",""no_price_dollars"":""0.4200"",""taker_side"":""yes"",""ticker"":""KXBTC15M-26APR280645-45"",""trade_id"":""a6d8cebb-b5c0-48f7-31c2-2542c614a112"",""yes_price_dollars"":""0.5800""}"
KXBTC15M-26APR280645-45,2628b8e8-3a1c-4f8c-372f-8e7f2d5a91a4,1777372266,0.58,1.0,yes,"{""count_fp"":""1.00"",""created_time"":""2026-04-28T10:31:06.219095Z"",""no_price_dollars"":""0.4200"",""taker_side"":""yes"",""ticker"":""KXBTC15M-26APR280645-45"",""trade_id"":""2628b8e8-3a1c-4f8c-372f-8e7f2d5a91a4"",""yes_price_dollars"":""0.5800""}"
KXBTC15M-26APR280645-45,5701f923-57d8-6dd3-f675-d41a46ade5e8,1777372267,0.59,2.0,no,"{""count_fp"":""2.00"",""created_time"":""2026-04-28T10:31:07.064723Z"",""no_price_dollars"":""0.4100"",""taker_side"":""no"",""ticker"":""KXBTC15M-26APR280645-45"",""trade_id"":""5701f923-57d8-6dd3-f675-d41a46ade5e8"",""yes_price_dollars"":""0.5900""}"
KXBTC15M-26APR280645-45,fc1bddb2-8329-78e8-9994-56fbea216d63,1777372268,0.6,1.13,yes,"{""count_fp"":""1.13"",""created_time"":""2026-04-28T10:31:08.977592Z"",""no_price_dollars"":""0.4000"",""taker_side"":""yes"",""ticker"":""KXBTC15M-26APR280645-45"",""trade_id"":""fc1bddb2-8329-78e8-9994-56fbea216d63"",""yes_price_dollars"":""0.6000""}"
KXBTC15M-26APR280645-45,d75f00f6-3694-7e2c-8d30-215cb2084c42,1777372268,0.6,1.0,yes,"{""count_fp"":""1.00"",""created_time"":""2026-04-28T10:31:08.977592Z"",""no_price_dollars"":""0.4000"",""taker_side"":""yes"",""ticker"":""KXBTC15M-26APR280645-45"",""trade_id"":""d75f00f6-3694-7e2c-8d30-215cb2084c42"",""yes_price_dollars"":""0.6000""}"
KXBTC15M-26APR280645-45,f51ac424-5292-78bb-722c-759b7ce5256b,1777372270,0.62,20.0,yes,"{""count_fp"":""20.00"",""created_time"":""2026-04-28T10:31:10.568087Z"",""no_price_dollars"":""0.3800"",""taker_side"":""yes"",""ticker"":""KXBTC15M-26APR280645-45"",""trade_id"":""f51ac424-5292-78bb-722c-759b7ce5256b"",""yes_price_dollars"":""0.6200""}"
KXBTC15M-26APR280645-45,f082ce17-5c30-7762-69be-ce31ef26e4e0,1777372270,0.62,3.0,yes,"{""count_fp"":""3.00"",""created_time"":""2026-04-28T10:31:10.568087Z"",""no_price_dollars"":""0.3800"",""taker_side"":""yes"",""ticker"":""KXBTC15M-26APR280645-45"",""trade_id"":""f082ce17-5c30-7762-69be-ce31ef26e4e0"",""yes_price_dollars"":""0.6200""}"
KXBTC15M-26APR280645-45,dae9d8a3-78b1-7b2f-47f1-e23e4aaacdc1,1777372270,0.62,1.0,yes,"{""count_fp"":""1.00"",""created_time"":""2026-04-28T10:31:10.568087Z"",""no_price_dollars"":""0.3800"",""taker_side"":""yes"",""ticker"":""KXBTC15M-26APR280645-45"",""trade_id"":""dae9d8a3-78b1-7b2f-47f1-e23e4aaacdc1"",""yes_price_dollars"":""0.6200""}"
KXBTC15M-26APR280645-45,d8e1991b-98fe-782b-78aa-47c9eec4e7c7,1777372270,0.62,37.0,yes,"{""count_fp"":""37.00"",""created_time"":""2026-04-28T10:31:10.568087Z"",""no_price_dollars"":""0.3800"",""taker_side"":""yes"",""ticker"":""KXBTC15M-26APR280645-45"",""trade_id"":""d8e1991b-98fe-782b-78aa-47c9eec4e7c7"",""yes_price_dollars"":""0.6200""}"
KXBTC15M-26APR280645-45,8f6b22f2-9b68-7625-6a10-7d5bca09d3ab,1777372270,0.62,2.0,yes,"{""count_fp"":""2.00"",""created_time"":""2026-04-28T10:31:10.568087Z"",""no_price_dollars"":""0.3800"",""taker_side"":""yes"",""ticker"":""KXBTC15M-26APR280645-45"",""trade_id"":""8f6b22f2-9b68-7625-6a10-7d5bca09d3ab"",""yes_price_dollars"":""0.6200""}"
KXBTC15M-26APR280645-45,4988bd68-6e58-760d-5d20-30d56f02cd3c,1777372270,0.62,5.0,yes,"{""count_fp"":""5.00"",""created_time"":""2026-04-28T10:31:10.568087Z"",""no_price_dollars"":""0.3800"",""taker_side"":""yes"",""ticker"":""KXBTC15M-26APR280645-45"",""trade_id"":""4988bd68-6e58-760d-5d20-30d56f02cd3c"",""yes_price_dollars"":""0.6200""}"
KXBTC15M-26APR280645-45,c5a018a2-98da-4493-584d-fe2c5dc5c11f,1777372270,0.62,95.0,yes,"{""count_fp"":""95.00"",""created_time"":""2026-04-28T10:31:10.555809Z"",""no_price_dollars"":""0.3800"",""taker_side"":""yes"",""ticker"":""KXBTC15M-26APR280645-45"",""trade_id"":""c5a018a2-98da-4493-584d-fe2c5dc5c11f"",""yes_price_dollars"":""0.6200""}"
KXBTC15M-26APR280645-45,a710b74b-388a-7494-c80e-7998fcf59ce1,1777372270,0.61,53.0,yes,"{""count_fp"":""53.00"",""created_time"":""2026-04-28T10:31:10.505402Z"",""no_price_dollars"":""0.3900"",""taker_side"":""yes"",""ticker"":""KXBTC15M-26APR280645-45"",""trade_id"":""a710b74b-388a-7494-c80e-7998fcf59ce1"",""yes_price_dollars"":""0.6100""}"
KXBTC15M-26APR280645-45,1ccbf834-9c6d-7402-dd56-fb6f5467f6f2,1777372270,0.61,3.0,yes,"{""count_fp"":""3.00"",""created_time"":""2026-04-28T10:31:10.505402Z"",""no_price_dollars"":""0.3900"",""taker_side"":""yes"",""ticker"":""KXBTC15M-26APR280645-45"",""trade_id"":""1ccbf834-9c6d-7402-dd56-fb6f5467f6f2"",""yes_price_dollars"":""0.6100""}"
KXBTC15M-26APR280645-45,dc11aad2-49f4-5ef6-f9fd-a32f83b959fc,1777372270,0.6,16.21,yes,"{""count_fp"":""16.21"",""created_time"":""2026-04-28T10:31:10.035003Z"",""no_price_dollars"":""0.4000"",""taker_side"":""yes"",""ticker"":""KXBTC15M-26APR280645-45"",""trade_id"":""dc11aad2-49f4-5ef6-f9fd-a32f83b959fc"",""yes_price_dollars"":""0.6000""}"
