ticker,trade_id,ts,yes_price,count,taker_side,raw_json
KXBTC15M-26APR272200-00,2452b75d-c3e5-6c2e-d263-0680808f7286,1777340700,0.46,4.0,yes,"{""count_fp"":""4.00"",""created_time"":""2026-04-28T01:45:00.586743Z"",""no_price_dollars"":""0.5400"",""taker_side"":""yes"",""ticker"":""KXBTC15M-26APR272200-00"",""trade_id"":""2452b75d-c3e5-6c2e-d263-0680808f7286"",""yes_price_dollars"":""0.4600""}"
KXBTC15M-26APR272200-00,fef3a510-be55-58ed-2ac9-18140e029c7b,1777340700,0.46,1.0,no,"{""count_fp"":""1.00"",""created_time"":""2026-04-28T01:45:00.336978Z"",""no_price_dollars"":""0.5400"",""taker_side"":""no"",""ticker"":""KXBTC15M-26APR272200-00"",""trade_id"":""fef3a510-be55-58ed-2ac9-18140e029c7b"",""yes_price_dollars"":""0.4600""}"
KXBTC15M-26APR272200-00,597d9b9e-bcfd-590c-445c-d429825ab908,1777340702,0.54,1.0,yes,"{""count_fp"":""1.00"",""created_time"":""2026-04-28T01:45:02.594336Z"",""no_price_dollars"":""0.4600"",""taker_side"":""yes"",""ticker"":""KXBTC15M-26APR272200-00"",""trade_id"":""597d9b9e-bcfd-590c-445c-d429825ab908"",""yes_price_dollars"":""0.5400""}"
KXBTC15M-26APR272200-00,e83d724d-c0d7-6f34-fc34-dd571e894706,1777340703,0.59,11.0,yes,"{""count_fp"":""11.00"",""created_time"":""2026-04-28T01:45:03.689007Z"",""no_price_dollars"":""0.4100"",""taker_side"":""yes"",""ticker"":""KXBTC15M-26APR272200-00"",""trade_id"":""e83d724d-c0d7-6f34-fc34-dd571e894706"",""yes_price_dollars"":""0.5900""}"
KXBTC15M-26APR272200-00,e5871d2a-ebb7-712f-f3a4-45f54e52c013,1777340703,0.54,1.0,yes,"{""count_fp"":""1.00"",""created_time"":""2026-04-28T01:45:03.344317Z"",""no_price_dollars"":""0.4600"",""taker_side"":""yes"",""ticker"":""KXBTC15M-26APR272200-00"",""trade_id"":""e5871d2a-ebb7-712f-f3a4-45f54e52c013"",""yes_price_dollars"":""0.5400""}"
KXBTC15M-26APR272200-00,c8ca31dd-612f-711f-f9af-eb9022e61e92,1777340703,0.58,5.0,yes,"{""count_fp"":""5.00"",""created_time"":""2026-04-28T01:45:03.344317Z"",""no_price_dollars"":""0.4200"",""taker_side"":""yes"",""ticker"":""KXBTC15M-26APR272200-00"",""trade_id"":""c8ca31dd-612f-711f-f9af-eb9022e61e92"",""yes_price_dollars"":""0.5800""}"
KXBTC15M-26APR272200-00,b64ef54f-17af-707b-ec5a-4711ccf31c77,1777340703,0.55,1.0,yes,"{""count_fp"":""1.00"",""created_time"":""2026-04-28T01:45:03.344317Z"",""no_price_dollars"":""0.4500"",""taker_side"":""yes"",""ticker"":""KXBTC15M-26APR272200-00"",""trade_id"":""b64ef54f-17af-707b-ec5a-4711ccf31c77"",""yes_price_dollars"":""0.5500""}"
KXBTC15M-26APR272200-00,b2c2146f-5ad3-720c-c079-d8583d9c3e82,1777340703,0.59,0.56,yes,"{""count_fp"":""0.56"",""created_time"":""2026-04-28T01:45:03.344317Z"",""no_price_dollars"":""0.4100"",""taker_side"":""yes"",""ticker"":""KXBTC15M-26APR272200-00"",""trade_id"":""b2c2146f-5ad3-720c-c079-d8583d9c3e82"",""yes_price_dollars"":""0.5900""}"
KXBTC15M-26APR272200-00,7107c909-8ca2-7f93-f845-3d7a56423528,1777340703,0.57,1.0,yes,"{""count_fp"":""1.00"",""created_time"":""2026-04-28T01:45:03.344317Z"",""no_price_dollars"":""0.4300"",""taker_side"":""yes"",""ticker"":""KXBTC15M-26APR272200-00"",""trade_id"":""7107c909-8ca2-7f93-f845-3d7a56423528"",""yes_price_dollars"":""0.5700""}"
KXBTC15M-26APR272200-00,6e17cd73-8b8b-7097-d0fd-a0ea91abdd00,1777340703,0.55,1.0,yes,"{""count_fp"":""1.00"",""created_time"":""2026-04-28T01:45:03.344317Z"",""no_price_dollars"":""0.4500"",""taker_side"":""yes"",""ticker"":""KXBTC15M-26APR272200-00"",""trade_id"":""6e17cd73-8b8b-7097-d0fd-a0ea91abdd00"",""yes_price_dollars"":""0.5500""}"
KXBTC15M-26APR272200-00,66d7c628-6229-7145-d4c0-ed15f59b8d75,1777340703,0.58,2.0,yes,"{""count_fp"":""2.00"",""created_time"":""2026-04-28T01:45:03.344317Z"",""no_price_dollars"":""0.4200"",""taker_side"":""yes"",""ticker"":""KXBTC15M-26APR272200-00"",""trade_id"":""66d7c628-6229-7145-d4c0-ed15f59b8d75"",""yes_price_dollars"":""0.5800""}"
KXBTC15M-26APR272200-00,4528e681-f606-7d36-cea2-cbf7dd529b65,1777340703,0.56,1.0,yes,"{""count_fp"":""1.00"",""created_time"":""2026-04-28T01:45:03.344317Z"",""no_price_dollars"":""0.4400"",""taker_side"":""yes"",""ticker"":""KXBTC15M-26APR272200-00"",""trade_id"":""4528e681-f606-7d36-cea2-cbf7dd529b65"",""yes_price_dollars"":""0.5600""}"
KXBTC15M-26APR272200-00,2188b992-21a5-7802-c05b-dddcde19efa7,1777340703,0.58,1.0,yes,"{""count_fp"":""1.00"",""created_time"":""2026-04-28T01:45:03.344317Z"",""no_price_dollars"":""0.4200"",""taker_side"":""yes"",""ticker"":""KXBTC15M-26APR272200-00"",""trade_id"":""2188b992-21a5-7802-c05b-dddcde19efa7"",""yes_price_dollars"":""0.5800""}"
KXBTC15M-26APR272200-00,75a7864a-600e-6fea-bc47-149d2886cffc,1777340704,0.55,1.0,no,"{""count_fp"":""1.00"",""created_time"":""2026-04-28T01:45:04.990174Z"",""no_price_dollars"":""0.4500"",""taker_side"":""no"",""ticker"":""KXBTC15M-26APR272200-00"",""trade_id"":""75a7864a-600e-6fea-bc47-149d2886cffc"",""yes_price_dollars"":""0.5500""}"
KXBTC15M-26APR272200-00,0a8877c9-77b7-6106-852f-54a29446ca78,1777340704,0.58,5.0,no,"{""count_fp"":""5.00"",""created_time"":""2026-04-28T01:45:04.990174Z"",""no_price_dollars"":""0.4200"",""taker_side"":""no"",""ticker"":""KXBTC15M-26APR272200-00"",""trade_id"":""0a8877c9-77b7-6106-852f-54a29446ca78"",""yes_price_dollars"":""0.5800""}"
KXBTC15M-26APR272200-00,017fa576-4f24-6b84-b1a5-e0e94c4cfd25,1777340704,0.53,4.05,no,"{""count_fp"":""4.05"",""created_time"":""2026-04-28T01:45:04.990174Z"",""no_price_dollars"":""0.4700"",""taker_side"":""no"",""ticker"":""KXBTC15M-26APR272200-00"",""trade_id"":""017fa576-4f24-6b84-b1a5-e0e94c4cfd25"",""yes_price_dollars"":""0.5300""}"
KXBTC15M-26APR272200-00,e3d8106f-3fd7-7075-090e-a8f3e82ea824,1777340705,0.62,41.44,yes,"{""count_fp"":""41.44"",""created_time"":""2026-04-28T01:45:05.044411Z"",""no_price_dollars"":""0.3800"",""taker_side"":""yes"",""ticker"":""KXBTC15M-26APR272200-00"",""trade_id"":""e3d8106f-3fd7-7075-090e-a8f3e82ea824"",""yes_price_dollars"":""0.6200""}"
KXBTC15M-26APR272200-00,fe5650f9-30a7-77a1-9c99-ba673dacf2c0,1777340705,0.62,90.56,yes,"{""count_fp"":""90.56"",""created_time"":""2026-04-28T01:45:05.030555Z"",""no_price_dollars"":""0.3800"",""taker_side"":""yes"",""ticker"":""KXBTC15M-26APR272200-00"",""trade_id"":""fe5650f9-30a7-77a1-9c99-ba673dacf2c0"",""yes_price_dollars"":""0.6200""}"
KXBTC15M-26APR272200-00,52174729-7c94-75cb-9718-d03b9e7a0803,1777340705,0.61,75.44,yes,"{""count_fp"":""75.44"",""created_time"":""2026-04-28T01:45:05.030555Z"",""no_price_dollars"":""0.3900"",""taker_side"":""yes"",""ticker"":""KXBTC15M-26APR272200-00"",""trade_id"":""52174729-7c94-75cb-9718-d03b9e7a0803"",""yes_price_dollars"":""0.6100""}"
KXBTC15M-26APR272200-00,9da2ec44-c1a8-50e1-564c-cd50485a7ddf,1777340705,0.6,96.44,yes,"{""count_fp"":""96.44"",""created_time"":""2026-04-28T01:45:05.021692Z"",""no_price_dollars"":""0.4000"",""taker_side"":""yes"",""ticker"":""KXBTC15M-26APR272200-00"",""trade_id"":""9da2ec44-c1a8-50e1-564c-cd50485a7ddf"",""yes_price_dollars"":""0.6000""}"
KXBTC15M-26APR272200-00,64a67243-af1c-5453-5b98-757ebc014eb7,1777340705,0.61,56.56,yes,"{""count_fp"":""56.56"",""created_time"":""2026-04-28T01:45:05.021692Z"",""no_price_dollars"":""0.3900"",""taker_side"":""yes"",""ticker"":""KXBTC15M-26APR272200-00"",""trade_id"":""64a67243-af1c-5453-5b98-757ebc014eb7"",""yes_price_dollars"":""0.6100""}"
KXBTC15M-26APR272200-00,3bc6a126-f1cb-55e6-5471-b7bc33ddee6d,1777340705,0.6,13.0,yes,"{""count_fp"":""13.00"",""created_time"":""2026-04-28T01:45:05.021692Z"",""no_price_dollars"":""0.4000"",""taker_side"":""yes"",""ticker"":""KXBTC15M-26APR272200-00"",""trade_id"":""3bc6a126-f1cb-55e6-5471-b7bc33ddee6d"",""yes_price_dollars"":""0.6000""}"
KXBTC15M-26APR272200-00,f74942f7-af97-5b5c-1d41-d412978706ee,1777340705,0.59,103.44,yes,"{""count_fp"":""103.44"",""created_time"":""2026-04-28T01:45:05.000876Z"",""no_price_dollars"":""0.4100"",""taker_side"":""yes"",""ticker"":""KXBTC15M-26APR272200-00"",""trade_id"":""f74942f7-af97-5b5c-1d41-d412978706ee"",""yes_price_dollars"":""0.5900""}"
KXBTC15M-26APR272200-00,f6e585af-8e81-5725-2559-0af921a42a05,1777340705,0.59,10.0,yes,"{""count_fp"":""10.00"",""created_time"":""2026-04-28T01:45:05.000876Z"",""no_price_dollars"":""0.4100"",""taker_side"":""yes"",""ticker"":""KXBTC15M-26APR272200-00"",""trade_id"":""f6e585af-8e81-5725-2559-0af921a42a05"",""yes_price_dollars"":""0.5900""}"
KXBTC15M-26APR272200-00,f48dc656-8487-5fd2-045d-1ca468006ec2,1777340705,0.59,5.0,yes,"{""count_fp"":""5.00"",""created_time"":""2026-04-28T01:45:05.000876Z"",""no_price_dollars"":""0.4100"",""taker_side"":""yes"",""ticker"":""KXBTC15M-26APR272200-00"",""trade_id"":""f48dc656-8487-5fd2-045d-1ca468006ec2"",""yes_price_dollars"":""0.5900""}"
KXBTC15M-26APR272200-00,c83b71b9-bc1c-5f29-1398-05322dc8b59b,1777340705,0.6,22.56,yes,"{""count_fp"":""22.56"",""created_time"":""2026-04-28T01:45:05.000876Z"",""no_price_dollars"":""0.4000"",""taker_side"":""yes"",""ticker"":""KXBTC15M-26APR272200-00"",""trade_id"":""c83b71b9-bc1c-5f29-1398-05322dc8b59b"",""yes_price_dollars"":""0.6000""}"
KXBTC15M-26APR272200-00,7e778d60-03a9-5705-0387-a539394707c9,1777340705,0.59,25.0,yes,"{""count_fp"":""25.00"",""created_time"":""2026-04-28T01:45:05.000876Z"",""no_price_dollars"":""0.4100"",""taker_side"":""yes"",""ticker"":""KXBTC15M-26APR272200-00"",""trade_id"":""7e778d60-03a9-5705-0387-a539394707c9"",""yes_price_dollars"":""0.5900""}"
KXBTC15M-26APR272200-00,8e989b05-8799-7b18-867b-6beb10b3d347,1777340706,0.55,0.47,no,"{""count_fp"":""0.47"",""created_time"":""2026-04-28T01:45:06.252796Z"",""no_price_dollars"":""0.4500"",""taker_side"":""no"",""ticker"":""KXBTC15M-26APR272200-00"",""trade_id"":""8e989b05-8799-7b18-867b-6beb10b3d347"",""yes_price_dollars"":""0.5500""}"
KXBTC15M-26APR272200-00,67fa411c-4bcf-7b90-acb2-af9a3a700ee8,1777340706,0.56,1.0,no,"{""count_fp"":""1.00"",""created_time"":""2026-04-28T01:45:06.252796Z"",""no_price_dollars"":""0.4400"",""taker_side"":""no"",""ticker"":""KXBTC15M-26APR272200-00"",""trade_id"":""67fa411c-4bcf-7b90-acb2-af9a3a700ee8"",""yes_price_dollars"":""0.5600""}"
KXBTC15M-26APR272200-00,4df6dd32-e66c-7fc2-9ccc-a7ed72660062,1777340706,0.56,8.0,no,"{""count_fp"":""8.00"",""created_time"":""2026-04-28T01:45:06.252796Z"",""no_price_dollars"":""0.4400"",""taker_side"":""no"",""ticker"":""KXBTC15M-26APR272200-00"",""trade_id"":""4df6dd32-e66c-7fc2-9ccc-a7ed72660062"",""yes_price_dollars"":""0.5600""}"
KXBTC15M-26APR272200-00,10168dd7-9c24-700a-aea1-5db868979b4d,1777340706,0.55,1.0,no,"{""count_fp"":""1.00"",""created_time"":""2026-04-28T01:45:06.252796Z"",""no_price_dollars"":""0.4500"",""taker_side"":""no"",""ticker"":""KXBTC15M-26APR272200-00"",""trade_id"":""10168dd7-9c24-700a-aea1-5db868979b4d"",""yes_price_dollars"":""0.5500""}"
KXBTC15M-26APR272200-00,df7c2e62-50b8-7c4e-be2f-9f69048b93dc,1777340707,0.57,2.08,no,"{""count_fp"":""2.08"",""created_time"":""2026-04-28T01:45:07.921412Z"",""no_price_dollars"":""0.4300"",""taker_side"":""no"",""ticker"":""KXBTC15M-26APR272200-00"",""trade_id"":""df7c2e62-50b8-7c4e-be2f-9f69048b93dc"",""yes_price_dollars"":""0.5700""}"
KXBTC15M-26APR272200-00,d0a71503-d045-791c-8c6c-1e8bb82d0a8b,1777340707,0.61,1.0,yes,"{""count_fp"":""1.00"",""created_time"":""2026-04-28T01:45:07.819183Z"",""no_price_dollars"":""0.3900"",""taker_side"":""yes"",""ticker"":""KXBTC15M-26APR272200-00"",""trade_id"":""d0a71503-d045-791c-8c6c-1e8bb82d0a8b"",""yes_price_dollars"":""0.6100""}"
KXBTC15M-26APR272200-00,cbde28d0-0510-7a78-b150-0e2e4d8945fc,1777340707,0.64,139.0,yes,"{""count_fp"":""139.00"",""created_time"":""2026-04-28T01:45:07.819183Z"",""no_price_dollars"":""0.3600"",""taker_side"":""yes"",""ticker"":""KXBTC15M-26APR272200-00"",""trade_id"":""cbde28d0-0510-7a78-b150-0e2e4d8945fc"",""yes_price_dollars"":""0.6400""}"
KXBTC15M-26APR272200-00,a9b2cda3-25a6-7558-823e-37e68fdce578,1777340707,0.65,102.39,yes,"{""count_fp"":""102.39"",""created_time"":""2026-04-28T01:45:07.819183Z"",""no_price_dollars"":""0.3500"",""taker_side"":""yes"",""ticker"":""KXBTC15M-26APR272200-00"",""trade_id"":""a9b2cda3-25a6-7558-823e-37e68fdce578"",""yes_price_dollars"":""0.6500""}"
KXBTC15M-26APR272200-00,9e272239-199d-7039-b4a8-3232185f0326,1777340707,0.62,7.0,yes,"{""count_fp"":""7.00"",""created_time"":""2026-04-28T01:45:07.819183Z"",""no_price_dollars"":""0.3800"",""taker_side"":""yes"",""ticker"":""KXBTC15M-26APR272200-00"",""trade_id"":""9e272239-199d-7039-b4a8-3232185f0326"",""yes_price_dollars"":""0.6200""}"
KXBTC15M-26APR272200-00,86c8886f-8bed-7e53-b2df-151b05290fcb,1777340707,0.62,8.61,yes,"{""count_fp"":""8.61"",""created_time"":""2026-04-28T01:45:07.819183Z"",""no_price_dollars"":""0.3800"",""taker_side"":""yes"",""ticker"":""KXBTC15M-26APR272200-00"",""trade_id"":""86c8886f-8bed-7e53-b2df-151b05290fcb"",""yes_price_dollars"":""0.6200""}"
KXBTC15M-26APR272200-00,797bdaab-f086-7d2d-b793-89b4ed17d1f7,1777340707,0.62,1.0,yes,"{""count_fp"":""1.00"",""created_time"":""2026-04-28T01:45:07.819183Z"",""no_price_dollars"":""0.3800"",""taker_side"":""yes"",""ticker"":""KXBTC15M-26APR272200-00"",""trade_id"":""797bdaab-f086-7d2d-b793-89b4ed17d1f7"",""yes_price_dollars"":""0.6200""}"
KXBTC15M-26APR272200-00,63a4a152-bf8c-7db7-8773-9e09f2089b62,1777340707,0.63,56.0,yes,"{""count_fp"":""56.00"",""created_time"":""2026-04-28T01:45:07.819183Z"",""no_price_dollars"":""0.3700"",""taker_side"":""yes"",""ticker"":""KXBTC15M-26APR272200-00"",""trade_id"":""63a4a152-bf8c-7db7-8773-9e09f2089b62"",""yes_price_dollars"":""0.6300""}"
KXBTC15M-26APR272200-00,34167673-aa4b-7f73-ab47-0ae8e00a1963,1777340707,0.64,54.72,yes,"{""count_fp"":""54.72"",""created_time"":""2026-04-28T01:45:07.819183Z"",""no_price_dollars"":""0.3600"",""taker_side"":""yes"",""ticker"":""KXBTC15M-26APR272200-00"",""trade_id"":""34167673-aa4b-7f73-ab47-0ae8e00a1963"",""yes_price_dollars"":""0.6400""}"
KXBTC15M-26APR272200-00,1b141013-6870-5c6e-cd1a-2629d920be8c,1777340707,0.57,10.0,no,"{""count_fp"":""10.00"",""created_time"":""2026-04-28T01:45:07.773279Z"",""no_price_dollars"":""0.4300"",""taker_side"":""no"",""ticker"":""KXBTC15M-26APR272200-00"",""trade_id"":""1b141013-6870-5c6e-cd1a-2629d920be8c"",""yes_price_dollars"":""0.5700""}"
KXBTC15M-26APR272200-00,b30608ee-d247-7eb3-b894-1c3499bb3663,1777340707,0.63,10.28,yes,"{""count_fp"":""10.28"",""created_time"":""2026-04-28T01:45:07.009463Z"",""no_price_dollars"":""0.3700"",""taker_side"":""yes"",""ticker"":""KXBTC15M-26APR272200-00"",""trade_id"":""b30608ee-d247-7eb3-b894-1c3499bb3663"",""yes_price_dollars"":""0.6300""}"
KXBTC15M-26APR272200-00,7c234696-c450-7e22-8ce1-e32906116db3,1777340707,0.61,23.0,yes,"{""count_fp"":""23.00"",""created_time"":""2026-04-28T01:45:07.009463Z"",""no_price_dollars"":""0.3900"",""taker_side"":""yes"",""ticker"":""KXBTC15M-26APR272200-00"",""trade_id"":""7c234696-c450-7e22-8ce1-e32906116db3"",""yes_price_dollars"":""0.6100""}"
KXBTC15M-26APR272200-00,2c644707-45b2-72b5-9896-7deda2620f46,1777340707,0.63,139.0,yes,"{""count_fp"":""139.00"",""created_time"":""2026-04-28T01:45:07.009463Z"",""no_price_dollars"":""0.3700"",""taker_side"":""yes"",""ticker"":""KXBTC15M-26APR272200-00"",""trade_id"":""2c644707-45b2-72b5-9896-7deda2620f46"",""yes_price_dollars"":""0.6300""}"
KXBTC15M-26APR272200-00,a3cf02eb-8b23-5956-cfe7-5418a793ec71,1777340709,0.65,1.0,yes,"{""count_fp"":""1.00"",""created_time"":""2026-04-28T01:45:09.915527Z"",""no_price_dollars"":""0.3500"",""taker_side"":""yes"",""ticker"":""KXBTC15M-26APR272200-00"",""trade_id"":""a3cf02eb-8b23-5956-cfe7-5418a793ec71"",""yes_price_dollars"":""0.6500""}"
KXBTC15M-26APR272200-00,9dca60af-7dcf-56da-d13a-64baf82a7aa0,1777340709,0.66,19.93,yes,"{""count_fp"":""19.93"",""created_time"":""2026-04-28T01:45:09.915527Z"",""no_price_dollars"":""0.3400"",""taker_side"":""yes"",""ticker"":""KXBTC15M-26APR272200-00"",""trade_id"":""9dca60af-7dcf-56da-d13a-64baf82a7aa0"",""yes_price_dollars"":""0.6600""}"
KXBTC15M-26APR272200-00,87ec742c-7892-54a8-d96b-71af12f9f81c,1777340709,0.65,4.0,yes,"{""count_fp"":""4.00"",""created_time"":""2026-04-28T01:45:09.915527Z"",""no_price_dollars"":""0.3500"",""taker_side"":""yes"",""ticker"":""KXBTC15M-26APR272200-00"",""trade_id"":""87ec742c-7892-54a8-d96b-71af12f9f81c"",""yes_price_dollars"":""0.6500""}"
KXBTC15M-26APR272200-00,54fd6580-4302-58c8-f051-e22cbb7b4830,1777340709,0.65,29.09,yes,"{""count_fp"":""29.09"",""created_time"":""2026-04-28T01:45:09.915527Z"",""no_price_dollars"":""0.3500"",""taker_side"":""yes"",""ticker"":""KXBTC15M-26APR272200-00"",""trade_id"":""54fd6580-4302-58c8-f051-e22cbb7b4830"",""yes_price_dollars"":""0.6500""}"
KXBTC15M-26APR272200-00,a2480b18-c769-7cab-956e-bce7bf86fcdb,1777340709,0.58,2.0,yes,"{""count_fp"":""2.00"",""created_time"":""2026-04-28T01:45:09.606567Z"",""no_price_dollars"":""0.4200"",""taker_side"":""yes"",""ticker"":""KXBTC15M-26APR272200-00"",""trade_id"":""a2480b18-c769-7cab-956e-bce7bf86fcdb"",""yes_price_dollars"":""0.5800""}"
KXBTC15M-26APR272200-00,8ba8868c-bb23-7c1c-848e-f019fad0a8a1,1777340709,0.64,10.0,yes,"{""count_fp"":""10.00"",""created_time"":""2026-04-28T01:45:09.606567Z"",""no_price_dollars"":""0.3600"",""taker_side"":""yes"",""ticker"":""KXBTC15M-26APR272200-00"",""trade_id"":""8ba8868c-bb23-7c1c-848e-f019fad0a8a1"",""yes_price_dollars"":""0.6400""}"
KXBTC15M-26APR272200-00,780f7f55-9ea3-7d53-bde1-8774aa81313a,1777340709,0.62,4.0,yes,"{""count_fp"":""4.00"",""created_time"":""2026-04-28T01:45:09.606567Z"",""no_price_dollars"":""0.3800"",""taker_side"":""yes"",""ticker"":""KXBTC15M-26APR272200-00"",""trade_id"":""780f7f55-9ea3-7d53-bde1-8774aa81313a"",""yes_price_dollars"":""0.6200""}"
KXBTC15M-26APR272200-00,5ab20f73-468e-76a0-9ca6-60e5694f992c,1777340709,0.65,5.52,yes,"{""count_fp"":""5.52"",""created_time"":""2026-04-28T01:45:09.606567Z"",""no_price_dollars"":""0.3500"",""taker_side"":""yes"",""ticker"":""KXBTC15M-26APR272200-00"",""trade_id"":""5ab20f73-468e-76a0-9ca6-60e5694f992c"",""yes_price_dollars"":""0.6500""}"
KXBTC15M-26APR272200-00,3ec52a78-695d-74f5-9c1b-5d54a2b9fa8a,1777340709,0.63,1.0,yes,"{""count_fp"":""1.00"",""created_time"":""2026-04-28T01:45:09.606567Z"",""no_price_dollars"":""0.3700"",""taker_side"":""yes"",""ticker"":""KXBTC15M-26APR272200-00"",""trade_id"":""3ec52a78-695d-74f5-9c1b-5d54a2b9fa8a"",""yes_price_dollars"":""0.6300""}"
KXBTC15M-26APR272200-00,f32c19e4-3667-7ccf-bbd9-9663b806be7c,1777340710,0.64,10.0,yes,"{""count_fp"":""10.00"",""created_time"":""2026-04-28T01:45:10.812579Z"",""no_price_dollars"":""0.3600"",""taker_side"":""yes"",""ticker"":""KXBTC15M-26APR272200-00"",""trade_id"":""f32c19e4-3667-7ccf-bbd9-9663b806be7c"",""yes_price_dollars"":""0.6400""}"
KXBTC15M-26APR272200-00,a463d692-2f05-76bb-5748-358c53855949,1777340710,0.64,15.01,yes,"{""count_fp"":""15.01"",""created_time"":""2026-04-28T01:45:10.646498Z"",""no_price_dollars"":""0.3600"",""taker_side"":""yes"",""ticker"":""KXBTC15M-26APR272200-00"",""trade_id"":""a463d692-2f05-76bb-5748-358c53855949"",""yes_price_dollars"":""0.6400""}"
KXBTC15M-26APR272200-00,c9130efc-5789-6813-9ddf-f70a6b1f4d45,1777340710,0.64,7.5,yes,"{""count_fp"":""7.50"",""created_time"":""2026-04-28T01:45:10.628747Z"",""no_price_dollars"":""0.3600"",""taker_side"":""yes"",""ticker"":""KXBTC15M-26APR272200-00"",""trade_id"":""c9130efc-5789-6813-9ddf-f70a6b1f4d45"",""yes_price_dollars"":""0.6400""}"
KXBTC15M-26APR272200-00,f48adc48-b8d7-682c-6895-7ceacf35893a,1777340710,0.67,22.3,yes,"{""count_fp"":""22.30"",""created_time"":""2026-04-28T01:45:10.163122Z"",""no_price_dollars"":""0.3300"",""taker_side"":""yes"",""ticker"":""KXBTC15M-26APR272200-00"",""trade_id"":""f48adc48-b8d7-682c-6895-7ceacf35893a"",""yes_price_dollars"":""0.6700""}"
KXBTC15M-26APR272200-00,3575cdd7-8090-64a8-7062-472f23a92bc1,1777340710,0.66,9.7,yes,"{""count_fp"":""9.70"",""created_time"":""2026-04-28T01:45:10.163122Z"",""no_price_dollars"":""0.3400"",""taker_side"":""yes"",""ticker"":""KXBTC15M-26APR272200-00"",""trade_id"":""3575cdd7-8090-64a8-7062-472f23a92bc1"",""yes_price_dollars"":""0.6600""}"
KXBTC15M-26APR272200-00,1f57684f-2d64-4eab-eb02-4eebead80ae9,1777340710,0.57,21.86,no,"{""count_fp"":""21.86"",""created_time"":""2026-04-28T01:45:10.000794Z"",""no_price_dollars"":""0.4300"",""taker_side"":""no"",""ticker"":""KXBTC15M-26APR272200-00"",""trade_id"":""1f57684f-2d64-4eab-eb02-4eebead80ae9"",""yes_price_dollars"":""0.5700""}"
KXBTC15M-26APR272200-00,e3b9fe37-c7a3-7ee9-cf12-91a67629500b,1777340712,0.63,1.56,yes,"{""count_fp"":""1.56"",""created_time"":""2026-04-28T01:45:12.836893Z"",""no_price_dollars"":""0.3700"",""taker_side"":""yes"",""ticker"":""KXBTC15M-26APR272200-00"",""trade_id"":""e3b9fe37-c7a3-7ee9-cf12-91a67629500b"",""yes_price_dollars"":""0.6300""}"
KXBTC15M-26APR272200-00,84492fcd-9463-700c-fe69-c3a2f8d63ea0,1777340712,0.61,10.0,yes,"{""count_fp"":""10.00"",""created_time"":""2026-04-28T01:45:12.836893Z"",""no_price_dollars"":""0.3900"",""taker_side"":""yes"",""ticker"":""KXBTC15M-26APR272200-00"",""trade_id"":""84492fcd-9463-700c-fe69-c3a2f8d63ea0"",""yes_price_dollars"":""0.6100""}"
KXBTC15M-26APR272200-00,73d6a562-0d04-70d2-c732-2f5d5ab8b49f,1777340712,0.61,12.0,yes,"{""count_fp"":""12.00"",""created_time"":""2026-04-28T01:45:12.836893Z"",""no_price_dollars"":""0.3900"",""taker_side"":""yes"",""ticker"":""KXBTC15M-26APR272200-00"",""trade_id"":""73d6a562-0d04-70d2-c732-2f5d5ab8b49f"",""yes_price_dollars"":""0.6100""}"
KXBTC15M-26APR272200-00,219ae462-2922-7034-e723-a7cd691a1434,1777340712,0.62,3.0,yes,"{""count_fp"":""3.00"",""created_time"":""2026-04-28T01:45:12.836893Z"",""no_price_dollars"":""0.3800"",""taker_side"":""yes"",""ticker"":""KXBTC15M-26APR272200-00"",""trade_id"":""219ae462-2922-7034-e723-a7cd691a1434"",""yes_price_dollars"":""0.6200""}"
KXBTC15M-26APR272200-00,df441c11-c335-4d56-81ab-8f328657559e,1777340712,0.6,1.0,no,"{""count_fp"":""1.00"",""created_time"":""2026-04-28T01:45:12.630636Z"",""no_price_dollars"":""0.4000"",""taker_side"":""no"",""ticker"":""KXBTC15M-26APR272200-00"",""trade_id"":""df441c11-c335-4d56-81ab-8f328657559e"",""yes_price_dollars"":""0.6000""}"
KXBTC15M-26APR272200-00,4d75753e-7cab-4a0a-9a75-e617875cf76c,1777340712,0.6,3.0,no,"{""count_fp"":""3.00"",""created_time"":""2026-04-28T01:45:12.630636Z"",""no_price_dollars"":""0.4000"",""taker_side"":""no"",""ticker"":""KXBTC15M-26APR272200-00"",""trade_id"":""4d75753e-7cab-4a0a-9a75-e617875cf76c"",""yes_price_dollars"":""0.6000""}"
KXBTC15M-26APR272200-00,29ed8714-4075-4267-9d37-7aeb1c57329f,1777340712,0.6,10.0,no,"{""count_fp"":""10.00"",""created_time"":""2026-04-28T01:45:12.630636Z"",""no_price_dollars"":""0.4000"",""taker_side"":""no"",""ticker"":""KXBTC15M-26APR272200-00"",""trade_id"":""29ed8714-4075-4267-9d37-7aeb1c57329f"",""yes_price_dollars"":""0.6000""}"
KXBTC15M-26APR272200-00,20ea2c83-c801-46d4-b753-3682592711eb,1777340712,0.59,19.5,no,"{""count_fp"":""19.50"",""created_time"":""2026-04-28T01:45:12.630636Z"",""no_price_dollars"":""0.4100"",""taker_side"":""no"",""ticker"":""KXBTC15M-26APR272200-00"",""trade_id"":""20ea2c83-c801-46d4-b753-3682592711eb"",""yes_price_dollars"":""0.5900""}"
KXBTC15M-26APR272200-00,d3b45498-b2f4-41c3-e37e-90eff7f22545,1777340712,0.6,0.28,no,"{""count_fp"":""0.28"",""created_time"":""2026-04-28T01:45:12.450654Z"",""no_price_dollars"":""0.4000"",""taker_side"":""no"",""ticker"":""KXBTC15M-26APR272200-00"",""trade_id"":""d3b45498-b2f4-41c3-e37e-90eff7f22545"",""yes_price_dollars"":""0.6000""}"
KXBTC15M-26APR272200-00,90c63818-9b0c-401c-e0d0-28635210567f,1777340712,0.6,19.58,no,"{""count_fp"":""19.58"",""created_time"":""2026-04-28T01:45:12.450654Z"",""no_price_dollars"":""0.4000"",""taker_side"":""no"",""ticker"":""KXBTC15M-26APR272200-00"",""trade_id"":""90c63818-9b0c-401c-e0d0-28635210567f"",""yes_price_dollars"":""0.6000""}"
KXBTC15M-26APR272200-00,7d500786-267d-40bc-fd70-76b5c80e7d7f,1777340712,0.6,13.0,no,"{""count_fp"":""13.00"",""created_time"":""2026-04-28T01:45:12.450654Z"",""no_price_dollars"":""0.4000"",""taker_side"":""no"",""ticker"":""KXBTC15M-26APR272200-00"",""trade_id"":""7d500786-267d-40bc-fd70-76b5c80e7d7f"",""yes_price_dollars"":""0.6000""}"
KXBTC15M-26APR272200-00,47abb8b6-bb51-4a32-e27f-e10cda5bebf7,1777340712,0.6,22.51,no,"{""count_fp"":""22.51"",""created_time"":""2026-04-28T01:45:12.450654Z"",""no_price_dollars"":""0.4000"",""taker_side"":""no"",""ticker"":""KXBTC15M-26APR272200-00"",""trade_id"":""47abb8b6-bb51-4a32-e27f-e10cda5bebf7"",""yes_price_dollars"":""0.6000""}"
KXBTC15M-26APR272200-00,f704690f-a35b-7fab-d1ba-37c2781b826e,1777340712,0.6,3.0,no,"{""count_fp"":""3.00"",""created_time"":""2026-04-28T01:45:12.319579Z"",""no_price_dollars"":""0.4000"",""taker_side"":""no"",""ticker"":""KXBTC15M-26APR272200-00"",""trade_id"":""f704690f-a35b-7fab-d1ba-37c2781b826e"",""yes_price_dollars"":""0.6000""}"
KXBTC15M-26APR272200-00,c4aa9d69-3d3c-7d1b-e780-66b666eeb0f5,1777340712,0.6,19.86,no,"{""count_fp"":""19.86"",""created_time"":""2026-04-28T01:45:12.319579Z"",""no_price_dollars"":""0.4000"",""taker_side"":""no"",""ticker"":""KXBTC15M-26APR272200-00"",""trade_id"":""c4aa9d69-3d3c-7d1b-e780-66b666eeb0f5"",""yes_price_dollars"":""0.6000""}"
KXBTC15M-26APR272200-00,d71d509f-aeb5-62cd-d314-45085a298175,1777340713,0.61,1.0,no,"{""count_fp"":""1.00"",""created_time"":""2026-04-28T01:45:13.715368Z"",""no_price_dollars"":""0.3900"",""taker_side"":""no"",""ticker"":""KXBTC15M-26APR272200-00"",""trade_id"":""d71d509f-aeb5-62cd-d314-45085a298175"",""yes_price_dollars"":""0.6100""}"
KXBTC15M-26APR272200-00,4ab33006-8fc6-40f5-3028-47be4a0f51b6,1777340713,0.63,81.0,yes,"{""count_fp"":""81.00"",""created_time"":""2026-04-28T01:45:13.357721Z"",""no_price_dollars"":""0.3700"",""taker_side"":""yes"",""ticker"":""KXBTC15M-26APR272200-00"",""trade_id"":""4ab33006-8fc6-40f5-3028-47be4a0f51b6"",""yes_price_dollars"":""0.6300""}"
KXBTC15M-26APR272200-00,a900d91b-728a-680d-708e-ddd19455c6a6,1777340713,0.63,1.0,yes,"{""count_fp"":""1.00"",""created_time"":""2026-04-28T01:45:13.313276Z"",""no_price_dollars"":""0.3700"",""taker_side"":""yes"",""ticker"":""KXBTC15M-26APR272200-00"",""trade_id"":""a900d91b-728a-680d-708e-ddd19455c6a6"",""yes_price_dollars"":""0.6300""}"
KXBTC15M-26APR272200-00,283f885a-090a-5a55-aaee-adf6b9e3ecf2,1777340713,0.63,77.35,yes,"{""count_fp"":""77.35"",""created_time"":""2026-04-28T01:45:13.295641Z"",""no_price_dollars"":""0.3700"",""taker_side"":""yes"",""ticker"":""KXBTC15M-26APR272200-00"",""trade_id"":""283f885a-090a-5a55-aaee-adf6b9e3ecf2"",""yes_price_dollars"":""0.6300""}"
KXBTC15M-26APR272200-00,bcf25759-a357-7575-ec47-ae9eb28db007,1777340713,0.63,0.44,yes,"{""count_fp"":""0.44"",""created_time"":""2026-04-28T01:45:13.063037Z"",""no_price_dollars"":""0.3700"",""taker_side"":""yes"",""ticker"":""KXBTC15M-26APR272200-00"",""trade_id"":""bcf25759-a357-7575-ec47-ae9eb28db007"",""yes_price_dollars"":""0.6300""}"
KXBTC15M-26APR272200-00,942f6645-9c73-7fff-e829-d5dcb01a1f24,1777340713,0.62,3.0,yes,"{""count_fp"":""3.00"",""created_time"":""2026-04-28T01:45:13.063037Z"",""no_price_dollars"":""0.3800"",""taker_side"":""yes"",""ticker"":""KXBTC15M-26APR272200-00"",""trade_id"":""942f6645-9c73-7fff-e829-d5dcb01a1f24"",""yes_price_dollars"":""0.6200""}"
KXBTC15M-26APR272200-00,30fca521-c17e-7ff9-e899-b8fc9a65e626,1777340713,0.63,111.55,yes,"{""count_fp"":""111.55"",""created_time"":""2026-04-28T01:45:13.063037Z"",""no_price_dollars"":""0.3700"",""taker_side"":""yes"",""ticker"":""KXBTC15M-26APR272200-00"",""trade_id"":""30fca521-c17e-7ff9-e899-b8fc9a65e626"",""yes_price_dollars"":""0.6300""}"
KXBTC15M-26APR272200-00,e089a0f8-41e9-795c-1403-46459f9349eb,1777340714,0.64,25.71,no,"{""count_fp"":""25.71"",""created_time"":""2026-04-28T01:45:14.988953Z"",""no_price_dollars"":""0.3600"",""taker_side"":""no"",""ticker"":""KXBTC15M-26APR272200-00"",""trade_id"":""e089a0f8-41e9-795c-1403-46459f9349eb"",""yes_price_dollars"":""0.6400""}"
KXBTC15M-26APR272200-00,93a59209-afb5-74e1-0e58-87751f9d9fa3,1777340714,0.64,10.0,no,"{""count_fp"":""10.00"",""created_time"":""2026-04-28T01:45:14.988953Z"",""no_price_dollars"":""0.3600"",""taker_side"":""no"",""ticker"":""KXBTC15M-26APR272200-00"",""trade_id"":""93a59209-afb5-74e1-0e58-87751f9d9fa3"",""yes_price_dollars"":""0.6400""}"
KXBTC15M-26APR272200-00,5e449b3f-d285-6855-9d49-b2d9f04471e6,1777340714,0.65,1.0,yes,"{""count_fp"":""1.00"",""created_time"":""2026-04-28T01:45:14.693025Z"",""no_price_dollars"":""0.3500"",""taker_side"":""yes"",""ticker"":""KXBTC15M-26APR272200-00"",""trade_id"":""5e449b3f-d285-6855-9d49-b2d9f04471e6"",""yes_price_dollars"":""0.6500""}"
KXBTC15M-26APR272200-00,e301c266-ad05-7ae1-8270-6387fb113d5d,1777340714,0.63,4.19,no,"{""count_fp"":""4.19"",""created_time"":""2026-04-28T01:45:14.557414Z"",""no_price_dollars"":""0.3700"",""taker_side"":""no"",""ticker"":""KXBTC15M-26APR272200-00"",""trade_id"":""e301c266-ad05-7ae1-8270-6387fb113d5d"",""yes_price_dollars"":""0.6300""}"
KXBTC15M-26APR272200-00,7b07932b-82a4-7fcd-a9f9-46ecaa33dfe4,1777340714,0.64,3.0,no,"{""count_fp"":""3.00"",""created_time"":""2026-04-28T01:45:14.557414Z"",""no_price_dollars"":""0.3600"",""taker_side"":""no"",""ticker"":""KXBTC15M-26APR272200-00"",""trade_id"":""7b07932b-82a4-7fcd-a9f9-46ecaa33dfe4"",""yes_price_dollars"":""0.6400""}"
KXBTC15M-26APR272200-00,e83b1093-5b6a-5223-57ae-8743ef42247d,1777340714,0.64,3.0,yes,"{""count_fp"":""3.00"",""created_time"":""2026-04-28T01:45:14.281565Z"",""no_price_dollars"":""0.3600"",""taker_side"":""yes"",""ticker"":""KXBTC15M-26APR272200-00"",""trade_id"":""e83b1093-5b6a-5223-57ae-8743ef42247d"",""yes_price_dollars"":""0.6400""}"
KXBTC15M-26APR272200-00,ca4627d0-b697-5b33-6e3b-0bf3140dadce,1777340714,0.65,0.5,yes,"{""count_fp"":""0.50"",""created_time"":""2026-04-28T01:45:14.281565Z"",""no_price_dollars"":""0.3500"",""taker_side"":""yes"",""ticker"":""KXBTC15M-26APR272200-00"",""trade_id"":""ca4627d0-b697-5b33-6e3b-0bf3140dadce"",""yes_price_dollars"":""0.6500""}"
KXBTC15M-26APR272200-00,98388f4b-3497-52aa-7b66-7e2d3454aa26,1777340714,0.64,2.0,yes,"{""count_fp"":""2.00"",""created_time"":""2026-04-28T01:45:14.281565Z"",""no_price_dollars"":""0.3600"",""taker_side"":""yes"",""ticker"":""KXBTC15M-26APR272200-00"",""trade_id"":""98388f4b-3497-52aa-7b66-7e2d3454aa26"",""yes_price_dollars"":""0.6400""}"
KXBTC15M-26APR272200-00,29bb87fc-6d44-5c53-6fc3-9dff59553606,1777340714,0.63,2.0,yes,"{""count_fp"":""2.00"",""created_time"":""2026-04-28T01:45:14.281565Z"",""no_price_dollars"":""0.3700"",""taker_side"":""yes"",""ticker"":""KXBTC15M-26APR272200-00"",""trade_id"":""29bb87fc-6d44-5c53-6fc3-9dff59553606"",""yes_price_dollars"":""0.6300""}"
KXBTC15M-26APR272200-00,ed4a4169-271b-5e94-5973-1e1faf3dd15b,1777340714,0.61,10.0,no,"{""count_fp"":""10.00"",""created_time"":""2026-04-28T01:45:14.246811Z"",""no_price_dollars"":""0.3900"",""taker_side"":""no"",""ticker"":""KXBTC15M-26APR272200-00"",""trade_id"":""ed4a4169-271b-5e94-5973-1e1faf3dd15b"",""yes_price_dollars"":""0.6100""}"
KXBTC15M-26APR272200-00,2675a435-1d25-6325-943e-6a545cd3ea32,1777340715,0.65,12.0,yes,"{""count_fp"":""12.00"",""created_time"":""2026-04-28T01:45:15.373724Z"",""no_price_dollars"":""0.3500"",""taker_side"":""yes"",""ticker"":""KXBTC15M-26APR272200-00"",""trade_id"":""2675a435-1d25-6325-943e-6a545cd3ea32"",""yes_price_dollars"":""0.6500""}"
KXBTC15M-26APR272200-00,75855548-7ae5-5a24-0e22-6c04d89bae13,1777340715,0.64,43.18,no,"{""count_fp"":""43.18"",""created_time"":""2026-04-28T01:45:15.162787Z"",""no_price_dollars"":""0.3600"",""taker_side"":""no"",""ticker"":""KXBTC15M-26APR272200-00"",""trade_id"":""75855548-7ae5-5a24-0e22-6c04d89bae13"",""yes_price_dollars"":""0.6400""}"
KXBTC15M-26APR272200-00,75126cff-1be5-734c-7547-4105e2a3f2cf,1777340715,0.64,5.0,no,"{""count_fp"":""5.00"",""created_time"":""2026-04-28T01:45:15.143495Z"",""no_price_dollars"":""0.3600"",""taker_side"":""no"",""ticker"":""KXBTC15M-26APR272200-00"",""trade_id"":""75126cff-1be5-734c-7547-4105e2a3f2cf"",""yes_price_dollars"":""0.6400""}"
KXBTC15M-26APR272200-00,c46ad665-e457-77a8-0747-35ca10219fc2,1777340716,0.65,3.0,no,"{""count_fp"":""3.00"",""created_time"":""2026-04-28T01:45:16.554186Z"",""no_price_dollars"":""0.3500"",""taker_side"":""no"",""ticker"":""KXBTC15M-26APR272200-00"",""trade_id"":""c46ad665-e457-77a8-0747-35ca10219fc2"",""yes_price_dollars"":""0.6500""}"
KXBTC15M-26APR272200-00,22ed5be5-eb61-7360-1372-1b1501d6804d,1777340716,0.65,8.0,no,"{""count_fp"":""8.00"",""created_time"":""2026-04-28T01:45:16.554186Z"",""no_price_dollars"":""0.3500"",""taker_side"":""no"",""ticker"":""KXBTC15M-26APR272200-00"",""trade_id"":""22ed5be5-eb61-7360-1372-1b1501d6804d"",""yes_price_dollars"":""0.6500""}"
KXBTC15M-26APR272200-00,0460294e-4959-7994-2ffd-495c1eda0d8f,1777340716,0.64,2.27,no,"{""count_fp"":""2.27"",""created_time"":""2026-04-28T01:45:16.554186Z"",""no_price_dollars"":""0.3600"",""taker_side"":""no"",""ticker"":""KXBTC15M-26APR272200-00"",""trade_id"":""0460294e-4959-7994-2ffd-495c1eda0d8f"",""yes_price_dollars"":""0.6400""}"
KXBTC15M-26APR272200-00,c2cbc7e1-fac1-46c8-8c92-05d1e95989b5,1777340716,0.65,1.0,no,"{""count_fp"":""1.00"",""created_time"":""2026-04-28T01:45:16.342734Z"",""no_price_dollars"":""0.3500"",""taker_side"":""no"",""ticker"":""KXBTC15M-26APR272200-00"",""trade_id"":""c2cbc7e1-fac1-46c8-8c92-05d1e95989b5"",""yes_price_dollars"":""0.6500""}"
KXBTC15M-26APR272200-00,920327a2-ed74-4293-a861-b00fa1cc12c5,1777340716,0.65,3.0,no,"{""count_fp"":""3.00"",""created_time"":""2026-04-28T01:45:16.342734Z"",""no_price_dollars"":""0.3500"",""taker_side"":""no"",""ticker"":""KXBTC15M-26APR272200-00"",""trade_id"":""920327a2-ed74-4293-a861-b00fa1cc12c5"",""yes_price_dollars"":""0.6500""}"
KXBTC15M-26APR272200-00,ae0d76a3-cbe9-5990-0391-e8dc0f017a8b,1777340717,0.65,63.67,no,"{""count_fp"":""63.67"",""created_time"":""2026-04-28T01:45:17.915457Z"",""no_price_dollars"":""0.3500"",""taker_side"":""no"",""ticker"":""KXBTC15M-26APR272200-00"",""trade_id"":""ae0d76a3-cbe9-5990-0391-e8dc0f017a8b"",""yes_price_dollars"":""0.6500""}"
KXBTC15M-26APR272200-00,5b82078f-fd81-5394-3ca2-64cba79dcd37,1777340717,0.65,3.0,no,"{""count_fp"":""3.00"",""created_time"":""2026-04-28T01:45:17.915457Z"",""no_price_dollars"":""0.3500"",""taker_side"":""no"",""ticker"":""KXBTC15M-26APR272200-00"",""trade_id"":""5b82078f-fd81-5394-3ca2-64cba79dcd37"",""yes_price_dollars"":""0.6500""}"
KXBTC15M-26APR272200-00,dd137049-b9ad-7bd5-dd51-21b34e18e131,1777340717,0.67,10.0,yes,"{""count_fp"":""10.00"",""created_time"":""2026-04-28T01:45:17.859574Z"",""no_price_dollars"":""0.3300"",""taker_side"":""yes"",""ticker"":""KXBTC15M-26APR272200-00"",""trade_id"":""dd137049-b9ad-7bd5-dd51-21b34e18e131"",""yes_price_dollars"":""0.6700""}"
KXBTC15M-26APR272200-00,d8c2dfe1-6ab0-7757-fcbc-c1d49c74b9a6,1777340717,0.66,6.71,yes,"{""count_fp"":""6.71"",""created_time"":""2026-04-28T01:45:17.859574Z"",""no_price_dollars"":""0.3400"",""taker_side"":""yes"",""ticker"":""KXBTC15M-26APR272200-00"",""trade_id"":""d8c2dfe1-6ab0-7757-fcbc-c1d49c74b9a6"",""yes_price_dollars"":""0.6600""}"
KXBTC15M-26APR272200-00,b33f743d-f1e0-7a98-fc28-20d5dff9902a,1777340717,0.68,511.27,yes,"{""count_fp"":""511.27"",""created_time"":""2026-04-28T01:45:17.859574Z"",""no_price_dollars"":""0.3200"",""taker_side"":""yes"",""ticker"":""KXBTC15M-26APR272200-00"",""trade_id"":""b33f743d-f1e0-7a98-fc28-20d5dff9902a"",""yes_price_dollars"":""0.6800""}"
KXBTC15M-26APR272200-00,a7371268-f9d2-7066-e70c-0df36b8a95a4,1777340717,0.67,3.0,yes,"{""count_fp"":""3.00"",""created_time"":""2026-04-28T01:45:17.859574Z"",""no_price_dollars"":""0.3300"",""taker_side"":""yes"",""ticker"":""KXBTC15M-26APR272200-00"",""trade_id"":""a7371268-f9d2-7066-e70c-0df36b8a95a4"",""yes_price_dollars"":""0.6700""}"
KXBTC15M-26APR272200-00,a4cf65b2-2481-7a03-d63c-32992229cd8c,1777340717,0.67,56.0,yes,"{""count_fp"":""56.00"",""created_time"":""2026-04-28T01:45:17.859574Z"",""no_price_dollars"":""0.3300"",""taker_side"":""yes"",""ticker"":""KXBTC15M-26APR272200-00"",""trade_id"":""a4cf65b2-2481-7a03-d63c-32992229cd8c"",""yes_price_dollars"":""0.6700""}"
KXBTC15M-26APR272200-00,6d39c3f3-6bba-7f27-c124-16ac7c9e8bfa,1777340717,0.68,2.0,yes,"{""count_fp"":""2.00"",""created_time"":""2026-04-28T01:45:17.859574Z"",""no_price_dollars"":""0.3200"",""taker_side"":""yes"",""ticker"":""KXBTC15M-26APR272200-00"",""trade_id"":""6d39c3f3-6bba-7f27-c124-16ac7c9e8bfa"",""yes_price_dollars"":""0.6800""}"
KXBTC15M-26APR272200-00,47357ada-e57c-7c22-e0e6-79c83ac00f3b,1777340717,0.66,862.44,yes,"{""count_fp"":""862.44"",""created_time"":""2026-04-28T01:45:17.859574Z"",""no_price_dollars"":""0.3400"",""taker_side"":""yes"",""ticker"":""KXBTC15M-26APR272200-00"",""trade_id"":""47357ada-e57c-7c22-e0e6-79c83ac00f3b"",""yes_price_dollars"":""0.6600""}"
KXBTC15M-26APR272200-00,7a9a931a-9e4c-5d67-7225-ac2edbaf5b36,1777340717,0.66,7.29,yes,"{""count_fp"":""7.29"",""created_time"":""2026-04-28T01:45:17.455394Z"",""no_price_dollars"":""0.3400"",""taker_side"":""yes"",""ticker"":""KXBTC15M-26APR272200-00"",""trade_id"":""7a9a931a-9e4c-5d67-7225-ac2edbaf5b36"",""yes_price_dollars"":""0.6600""}"
KXBTC15M-26APR272200-00,e4348dfd-6d89-729c-fecd-c1bd4fdfb0ab,1777340717,0.64,21.0,no,"{""count_fp"":""21.00"",""created_time"":""2026-04-28T01:45:17.014986Z"",""no_price_dollars"":""0.3600"",""taker_side"":""no"",""ticker"":""KXBTC15M-26APR272200-00"",""trade_id"":""e4348dfd-6d89-729c-fecd-c1bd4fdfb0ab"",""yes_price_dollars"":""0.6400""}"
KXBTC15M-26APR272200-00,5f860b87-3da6-7627-d013-38258f1b65a8,1777340717,0.65,3.0,no,"{""count_fp"":""3.00"",""created_time"":""2026-04-28T01:45:17.014986Z"",""no_price_dollars"":""0.3500"",""taker_side"":""no"",""ticker"":""KXBTC15M-26APR272200-00"",""trade_id"":""5f860b87-3da6-7627-d013-38258f1b65a8"",""yes_price_dollars"":""0.6500""}"
KXBTC15M-26APR272200-00,0c65edb2-b481-72db-e3d6-197ca2d97a1b,1777340717,0.65,1.0,no,"{""count_fp"":""1.00"",""created_time"":""2026-04-28T01:45:17.014986Z"",""no_price_dollars"":""0.3500"",""taker_side"":""no"",""ticker"":""KXBTC15M-26APR272200-00"",""trade_id"":""0c65edb2-b481-72db-e3d6-197ca2d97a1b"",""yes_price_dollars"":""0.6500""}"
KXBTC15M-26APR272200-00,71ff6517-9f6c-68b8-c6dc-c79ea397d792,1777340718,0.63,88.79,yes,"{""count_fp"":""88.79"",""created_time"":""2026-04-28T01:45:18.900445Z"",""no_price_dollars"":""0.3700"",""taker_side"":""yes"",""ticker"":""KXBTC15M-26APR272200-00"",""trade_id"":""71ff6517-9f6c-68b8-c6dc-c79ea397d792"",""yes_price_dollars"":""0.6300""}"
KXBTC15M-26APR272200-00,9e32cc8e-516b-7947-3c2b-58c69702d276,1777340718,0.64,16.0,yes,"{""count_fp"":""16.00"",""created_time"":""2026-04-28T01:45:18.814229Z"",""no_price_dollars"":""0.3600"",""taker_side"":""yes"",""ticker"":""KXBTC15M-26APR272200-00"",""trade_id"":""9e32cc8e-516b-7947-3c2b-58c69702d276"",""yes_price_dollars"":""0.6400""}"
KXBTC15M-26APR272200-00,557865c7-c442-4961-fcee-fc3dcb5c6bed,1777340718,0.64,3.0,yes,"{""count_fp"":""3.00"",""created_time"":""2026-04-28T01:45:18.749007Z"",""no_price_dollars"":""0.3600"",""taker_side"":""yes"",""ticker"":""KXBTC15M-26APR272200-00"",""trade_id"":""557865c7-c442-4961-fcee-fc3dcb5c6bed"",""yes_price_dollars"":""0.6400""}"
KXBTC15M-26APR272200-00,54f458b2-4537-45ff-f0f9-1bb57ff7a72e,1777340718,0.66,4.0,yes,"{""count_fp"":""4.00"",""created_time"":""2026-04-28T01:45:18.749007Z"",""no_price_dollars"":""0.3400"",""taker_side"":""yes"",""ticker"":""KXBTC15M-26APR272200-00"",""trade_id"":""54f458b2-4537-45ff-f0f9-1bb57ff7a72e"",""yes_price_dollars"":""0.6600""}"
KXBTC15M-26APR272200-00,cd6f93f5-acd9-772a-fa8f-7ad1d6c15649,1777340718,0.65,0.71,no,"{""count_fp"":""0.71"",""created_time"":""2026-04-28T01:45:18.708044Z"",""no_price_dollars"":""0.3500"",""taker_side"":""no"",""ticker"":""KXBTC15M-26APR272200-00"",""trade_id"":""cd6f93f5-acd9-772a-fa8f-7ad1d6c15649"",""yes_price_dollars"":""0.6500""}"
KXBTC15M-26APR272200-00,61c73378-a916-76a8-e34a-2c1e521b702e,1777340718,0.65,100.0,no,"{""count_fp"":""100.00"",""created_time"":""2026-04-28T01:45:18.708044Z"",""no_price_dollars"":""0.3500"",""taker_side"":""no"",""ticker"":""KXBTC15M-26APR272200-00"",""trade_id"":""61c73378-a916-76a8-e34a-2c1e521b702e"",""yes_price_dollars"":""0.6500""}"
KXBTC15M-26APR272200-00,756fd4d2-c965-6a42-384f-542d7ea9494d,1777340718,0.65,489.0,no,"{""count_fp"":""489.00"",""created_time"":""2026-04-28T01:45:18.704323Z"",""no_price_dollars"":""0.3500"",""taker_side"":""no"",""ticker"":""KXBTC15M-26APR272200-00"",""trade_id"":""756fd4d2-c965-6a42-384f-542d7ea9494d"",""yes_price_dollars"":""0.6500""}"
KXBTC15M-26APR272200-00,434bb77a-3a0c-6688-ee12-17f7d11b33d2,1777340718,0.68,7.0,yes,"{""count_fp"":""7.00"",""created_time"":""2026-04-28T01:45:18.348024Z"",""no_price_dollars"":""0.3200"",""taker_side"":""yes"",""ticker"":""KXBTC15M-26APR272200-00"",""trade_id"":""434bb77a-3a0c-6688-ee12-17f7d11b33d2"",""yes_price_dollars"":""0.6800""}"
KXBTC15M-26APR272200-00,8965bd1f-9ff9-63aa-5296-616d0234a7a9,1777340718,0.66,10.29,no,"{""count_fp"":""10.29"",""created_time"":""2026-04-28T01:45:18.334492Z"",""no_price_dollars"":""0.3400"",""taker_side"":""no"",""ticker"":""KXBTC15M-26APR272200-00"",""trade_id"":""8965bd1f-9ff9-63aa-5296-616d0234a7a9"",""yes_price_dollars"":""0.6600""}"
KXBTC15M-26APR272200-00,0de14458-55e0-6e91-4494-8821898f6f87,1777340718,0.66,3.0,no,"{""count_fp"":""3.00"",""created_time"":""2026-04-28T01:45:18.334492Z"",""no_price_dollars"":""0.3400"",""taker_side"":""no"",""ticker"":""KXBTC15M-26APR272200-00"",""trade_id"":""0de14458-55e0-6e91-4494-8821898f6f87"",""yes_price_dollars"":""0.6600""}"
KXBTC15M-26APR272200-00,364eaae0-0f2c-4f36-9071-05346109b2a1,1777340719,0.6,0.43,yes,"{""count_fp"":""0.43"",""created_time"":""2026-04-28T01:45:19.896305Z"",""no_price_dollars"":""0.4000"",""taker_side"":""yes"",""ticker"":""KXBTC15M-26APR272200-00"",""trade_id"":""364eaae0-0f2c-4f36-9071-05346109b2a1"",""yes_price_dollars"":""0.6000""}"
KXBTC15M-26APR272200-00,01bf09f3-7071-67f5-f0ae-f3dc2dbf9130,1777340719,0.59,5.0,no,"{""count_fp"":""5.00"",""created_time"":""2026-04-28T01:45:19.864293Z"",""no_price_dollars"":""0.4100"",""taker_side"":""no"",""ticker"":""KXBTC15M-26APR272200-00"",""trade_id"":""01bf09f3-7071-67f5-f0ae-f3dc2dbf9130"",""yes_price_dollars"":""0.5900""}"
KXBTC15M-26APR272200-00,a255b326-b384-4f90-7429-df12b9388f9b,1777340719,0.6,11.0,no,"{""count_fp"":""11.00"",""created_time"":""2026-04-28T01:45:19.743478Z"",""no_price_dollars"":""0.4000"",""taker_side"":""no"",""ticker"":""KXBTC15M-26APR272200-00"",""trade_id"":""a255b326-b384-4f90-7429-df12b9388f9b"",""yes_price_dollars"":""0.6000""}"
KXBTC15M-26APR272200-00,1a03ed04-a6d8-409a-5800-a9d0288cd6e9,1777340719,0.6,23.0,no,"{""count_fp"":""23.00"",""created_time"":""2026-04-28T01:45:19.743478Z"",""no_price_dollars"":""0.4000"",""taker_side"":""no"",""ticker"":""KXBTC15M-26APR272200-00"",""trade_id"":""1a03ed04-a6d8-409a-5800-a9d0288cd6e9"",""yes_price_dollars"":""0.6000""}"
KXBTC15M-26APR272200-00,9605ded8-6524-747c-fc31-5f4c11ca2e8b,1777340719,0.6,1.0,no,"{""count_fp"":""1.00"",""created_time"":""2026-04-28T01:45:19.656083Z"",""no_price_dollars"":""0.4000"",""taker_side"":""no"",""ticker"":""KXBTC15M-26APR272200-00"",""trade_id"":""9605ded8-6524-747c-fc31-5f4c11ca2e8b"",""yes_price_dollars"":""0.6000""}"
KXBTC15M-26APR272200-00,7f329d30-f017-73bf-d582-0626f2e68f11,1777340719,0.6,6.0,no,"{""count_fp"":""6.00"",""created_time"":""2026-04-28T01:45:19.656083Z"",""no_price_dollars"":""0.4000"",""taker_side"":""no"",""ticker"":""KXBTC15M-26APR272200-00"",""trade_id"":""7f329d30-f017-73bf-d582-0626f2e68f11"",""yes_price_dollars"":""0.6000""}"
KXBTC15M-26APR272200-00,2b35bc12-2c60-4508-a59b-de3046c24bae,1777340719,0.61,7.85,yes,"{""count_fp"":""7.85"",""created_time"":""2026-04-28T01:45:19.556314Z"",""no_price_dollars"":""0.3900"",""taker_side"":""yes"",""ticker"":""KXBTC15M-26APR272200-00"",""trade_id"":""2b35bc12-2c60-4508-a59b-de3046c24bae"",""yes_price_dollars"":""0.6100""}"
KXBTC15M-26APR272200-00,c8e9c1f2-9f38-41dc-a172-40edc302a71a,1777340719,0.61,31.17,yes,"{""count_fp"":""31.17"",""created_time"":""2026-04-28T01:45:19.431124Z"",""no_price_dollars"":""0.3900"",""taker_side"":""yes"",""ticker"":""KXBTC15M-26APR272200-00"",""trade_id"":""c8e9c1f2-9f38-41dc-a172-40edc302a71a"",""yes_price_dollars"":""0.6100""}"
KXBTC15M-26APR272200-00,d0f918ff-b1d7-502f-b07c-7863aed4ee91,1777340719,0.6,4.0,no,"{""count_fp"":""4.00"",""created_time"":""2026-04-28T01:45:19.431066Z"",""no_price_dollars"":""0.4000"",""taker_side"":""no"",""ticker"":""KXBTC15M-26APR272200-00"",""trade_id"":""d0f918ff-b1d7-502f-b07c-7863aed4ee91"",""yes_price_dollars"":""0.6000""}"
KXBTC15M-26APR272200-00,a884f4cc-dc23-572b-afca-8d2b1375655b,1777340719,0.6,2.0,no,"{""count_fp"":""2.00"",""created_time"":""2026-04-28T01:45:19.431066Z"",""no_price_dollars"":""0.4000"",""taker_side"":""no"",""ticker"":""KXBTC15M-26APR272200-00"",""trade_id"":""a884f4cc-dc23-572b-afca-8d2b1375655b"",""yes_price_dollars"":""0.6000""}"
KXBTC15M-26APR272200-00,edbf05d0-ac2c-470c-05e3-388934f69a72,1777340719,0.61,73.14,yes,"{""count_fp"":""73.14"",""created_time"":""2026-04-28T01:45:19.353046Z"",""no_price_dollars"":""0.3900"",""taker_side"":""yes"",""ticker"":""KXBTC15M-26APR272200-00"",""trade_id"":""edbf05d0-ac2c-470c-05e3-388934f69a72"",""yes_price_dollars"":""0.6100""}"
KXBTC15M-26APR272200-00,30327a12-c41c-4b3c-54f8-74faf4324bfe,1777340719,0.61,43.15,yes,"{""count_fp"":""43.15"",""created_time"":""2026-04-28T01:45:19.270236Z"",""no_price_dollars"":""0.3900"",""taker_side"":""yes"",""ticker"":""KXBTC15M-26APR272200-00"",""trade_id"":""30327a12-c41c-4b3c-54f8-74faf4324bfe"",""yes_price_dollars"":""0.6100""}"
KXBTC15M-26APR272200-00,ff4f2e3a-e137-5a1f-8bbf-46635a08e6a3,1777340719,0.6,7.0,no,"{""count_fp"":""7.00"",""created_time"":""2026-04-28T01:45:19.269324Z"",""no_price_dollars"":""0.4000"",""taker_side"":""no"",""ticker"":""KXBTC15M-26APR272200-00"",""trade_id"":""ff4f2e3a-e137-5a1f-8bbf-46635a08e6a3"",""yes_price_dollars"":""0.6000""}"
KXBTC15M-26APR272200-00,ef9275ce-d4b9-534e-ac17-b0c0aa3237cd,1777340719,0.6,43.0,no,"{""count_fp"":""43.00"",""created_time"":""2026-04-28T01:45:19.269324Z"",""no_price_dollars"":""0.4000"",""taker_side"":""no"",""ticker"":""KXBTC15M-26APR272200-00"",""trade_id"":""ef9275ce-d4b9-534e-ac17-b0c0aa3237cd"",""yes_price_dollars"":""0.6000""}"
KXBTC15M-26APR272200-00,75072052-9645-6f76-a6ab-fd1f1edfa701,1777340719,0.6,6.0,no,"{""count_fp"":""6.00"",""created_time"":""2026-04-28T01:45:19.232754Z"",""no_price_dollars"":""0.4000"",""taker_side"":""no"",""ticker"":""KXBTC15M-26APR272200-00"",""trade_id"":""75072052-9645-6f76-a6ab-fd1f1edfa701"",""yes_price_dollars"":""0.6000""}"
KXBTC15M-26APR272200-00,ef8f9ff6-e57c-7f9c-4d71-3571a0c4d3b2,1777340719,0.61,22.18,yes,"{""count_fp"":""22.18"",""created_time"":""2026-04-28T01:45:19.197815Z"",""no_price_dollars"":""0.3900"",""taker_side"":""yes"",""ticker"":""KXBTC15M-26APR272200-00"",""trade_id"":""ef8f9ff6-e57c-7f9c-4d71-3571a0c4d3b2"",""yes_price_dollars"":""0.6100""}"
KXBTC15M-26APR272200-00,9c498e74-a4ed-4666-cb9e-ecb798c43ea9,1777340719,0.6,1.0,no,"{""count_fp"":""1.00"",""created_time"":""2026-04-28T01:45:19.165169Z"",""no_price_dollars"":""0.4000"",""taker_side"":""no"",""ticker"":""KXBTC15M-26APR272200-00"",""trade_id"":""9c498e74-a4ed-4666-cb9e-ecb798c43ea9"",""yes_price_dollars"":""0.6000""}"
KXBTC15M-26APR272200-00,ce15c41b-ce09-6c97-146c-986621ff56b6,1777340719,0.61,1.0,no,"{""count_fp"":""1.00"",""created_time"":""2026-04-28T01:45:19.029451Z"",""no_price_dollars"":""0.3900"",""taker_side"":""no"",""ticker"":""KXBTC15M-26APR272200-00"",""trade_id"":""ce15c41b-ce09-6c97-146c-986621ff56b6"",""yes_price_dollars"":""0.6100""}"
KXBTC15M-26APR272200-00,bed4e83b-8975-689c-296d-b2d6891b9b1b,1777340719,0.61,2.0,no,"{""count_fp"":""2.00"",""created_time"":""2026-04-28T01:45:19.029451Z"",""no_price_dollars"":""0.3900"",""taker_side"":""no"",""ticker"":""KXBTC15M-26APR272200-00"",""trade_id"":""bed4e83b-8975-689c-296d-b2d6891b9b1b"",""yes_price_dollars"":""0.6100""}"
KXBTC15M-26APR272200-00,5a5121fe-b5f5-64b1-2aa1-6b3c97d5f914,1777340719,0.61,30.0,no,"{""count_fp"":""30.00"",""created_time"":""2026-04-28T01:45:19.029451Z"",""no_price_dollars"":""0.3900"",""taker_side"":""no"",""ticker"":""KXBTC15M-26APR272200-00"",""trade_id"":""5a5121fe-b5f5-64b1-2aa1-6b3c97d5f914"",""yes_price_dollars"":""0.6100""}"
KXBTC15M-26APR272200-00,d64f6719-fc3b-5d00-d9ed-a297aa6bee03,1777340719,0.62,3.0,yes,"{""count_fp"":""3.00"",""created_time"":""2026-04-28T01:45:19.010101Z"",""no_price_dollars"":""0.3800"",""taker_side"":""yes"",""ticker"":""KXBTC15M-26APR272200-00"",""trade_id"":""d64f6719-fc3b-5d00-d9ed-a297aa6bee03"",""yes_price_dollars"":""0.6200""}"
KXBTC15M-26APR272200-00,88e8e173-61a0-5e44-c74c-e8baf84aab4e,1777340719,0.62,4.39,yes,"{""count_fp"":""4.39"",""created_time"":""2026-04-28T01:45:19.010101Z"",""no_price_dollars"":""0.3800"",""taker_side"":""yes"",""ticker"":""KXBTC15M-26APR272200-00"",""trade_id"":""88e8e173-61a0-5e44-c74c-e8baf84aab4e"",""yes_price_dollars"":""0.6200""}"
KXBTC15M-26APR272200-00,103b21d7-a8f4-6979-f5c8-3beab97ba20e,1777340720,0.59,23.54,yes,"{""count_fp"":""23.54"",""created_time"":""2026-04-28T01:45:20.871958Z"",""no_price_dollars"":""0.4100"",""taker_side"":""yes"",""ticker"":""KXBTC15M-26APR272200-00"",""trade_id"":""103b21d7-a8f4-6979-f5c8-3beab97ba20e"",""yes_price_dollars"":""0.5900""}"
KXBTC15M-26APR272200-00,9a5f0a84-d1ad-5ebd-5cdb-30c62b584bff,1777340720,0.58,2.0,no,"{""count_fp"":""2.00"",""created_time"":""2026-04-28T01:45:20.848775Z"",""no_price_dollars"":""0.4200"",""taker_side"":""no"",""ticker"":""KXBTC15M-26APR272200-00"",""trade_id"":""9a5f0a84-d1ad-5ebd-5cdb-30c62b584bff"",""yes_price_dollars"":""0.5800""}"
KXBTC15M-26APR272200-00,921bc3fa-3a33-59e4-7ebd-a705f5d4802d,1777340720,0.56,69.06,no,"{""count_fp"":""69.06"",""created_time"":""2026-04-28T01:45:20.848775Z"",""no_price_dollars"":""0.4400"",""taker_side"":""no"",""ticker"":""KXBTC15M-26APR272200-00"",""trade_id"":""921bc3fa-3a33-59e4-7ebd-a705f5d4802d"",""yes_price_dollars"":""0.5600""}"
KXBTC15M-26APR272200-00,201b84ee-ee49-5d60-5a61-0ca50b024a45,1777340720,0.58,0.01,no,"{""count_fp"":""0.01"",""created_time"":""2026-04-28T01:45:20.848775Z"",""no_price_dollars"":""0.4200"",""taker_side"":""no"",""ticker"":""KXBTC15M-26APR272200-00"",""trade_id"":""201b84ee-ee49-5d60-5a61-0ca50b024a45"",""yes_price_dollars"":""0.5800""}"
KXBTC15M-26APR272200-00,89ab61d1-e038-4990-ee5f-a4c4b12300c6,1777340720,0.59,227.79,yes,"{""count_fp"":""227.79"",""created_time"":""2026-04-28T01:45:20.120737Z"",""no_price_dollars"":""0.4100"",""taker_side"":""yes"",""ticker"":""KXBTC15M-26APR272200-00"",""trade_id"":""89ab61d1-e038-4990-ee5f-a4c4b12300c6"",""yes_price_dollars"":""0.5900""}"
KXBTC15M-26APR272200-00,e4e5d8dc-5414-5710-b54f-e8b6400ad4fa,1777340720,0.59,21.33,yes,"{""count_fp"":""21.33"",""created_time"":""2026-04-28T01:45:20.032602Z"",""no_price_dollars"":""0.4100"",""taker_side"":""yes"",""ticker"":""KXBTC15M-26APR272200-00"",""trade_id"":""e4e5d8dc-5414-5710-b54f-e8b6400ad4fa"",""yes_price_dollars"":""0.5900""}"
KXBTC15M-26APR272200-00,c8293612-631b-5c9b-721a-2bf68d8d8ac0,1777340721,0.57,3.0,yes,"{""count_fp"":""3.00"",""created_time"":""2026-04-28T01:45:21.973442Z"",""no_price_dollars"":""0.4300"",""taker_side"":""yes"",""ticker"":""KXBTC15M-26APR272200-00"",""trade_id"":""c8293612-631b-5c9b-721a-2bf68d8d8ac0"",""yes_price_dollars"":""0.5700""}"
KXBTC15M-26APR272200-00,b23bebda-7cd4-58bd-4ab6-98533f16a6be,1777340721,0.58,244.14,yes,"{""count_fp"":""244.14"",""created_time"":""2026-04-28T01:45:21.973442Z"",""no_price_dollars"":""0.4200"",""taker_side"":""yes"",""ticker"":""KXBTC15M-26APR272200-00"",""trade_id"":""b23bebda-7cd4-58bd-4ab6-98533f16a6be"",""yes_price_dollars"":""0.5800""}"
KXBTC15M-26APR272200-00,f7963597-9de8-6fbd-8347-f0706acbabaa,1777340721,0.58,10.0,yes,"{""count_fp"":""10.00"",""created_time"":""2026-04-28T01:45:21.688748Z"",""no_price_dollars"":""0.4200"",""taker_side"":""yes"",""ticker"":""KXBTC15M-26APR272200-00"",""trade_id"":""f7963597-9de8-6fbd-8347-f0706acbabaa"",""yes_price_dollars"":""0.5800""}"
KXBTC15M-26APR272200-00,59ef004e-b15c-4371-b959-1793c14bf70e,1777340721,0.58,10.0,yes,"{""count_fp"":""10.00"",""created_time"":""2026-04-28T01:45:21.685964Z"",""no_price_dollars"":""0.4200"",""taker_side"":""yes"",""ticker"":""KXBTC15M-26APR272200-00"",""trade_id"":""59ef004e-b15c-4371-b959-1793c14bf70e"",""yes_price_dollars"":""0.5800""}"
KXBTC15M-26APR272200-00,ca4787dd-9f7f-6314-e41f-2f8fa9328278,1777340721,0.57,3.27,yes,"{""count_fp"":""3.27"",""created_time"":""2026-04-28T01:45:21.583418Z"",""no_price_dollars"":""0.4300"",""taker_side"":""yes"",""ticker"":""KXBTC15M-26APR272200-00"",""trade_id"":""ca4787dd-9f7f-6314-e41f-2f8fa9328278"",""yes_price_dollars"":""0.5700""}"
KXBTC15M-26APR272200-00,b0e01299-0a8d-6ed3-d905-f0e25fcff70b,1777340721,0.57,3.0,yes,"{""count_fp"":""3.00"",""created_time"":""2026-04-28T01:45:21.583418Z"",""no_price_dollars"":""0.4300"",""taker_side"":""yes"",""ticker"":""KXBTC15M-26APR272200-00"",""trade_id"":""b0e01299-0a8d-6ed3-d905-f0e25fcff70b"",""yes_price_dollars"":""0.5700""}"
KXBTC15M-26APR272200-00,27bd5658-1c3c-6235-d88e-7c1e41828bde,1777340721,0.58,8.73,yes,"{""count_fp"":""8.73"",""created_time"":""2026-04-28T01:45:21.583418Z"",""no_price_dollars"":""0.4200"",""taker_side"":""yes"",""ticker"":""KXBTC15M-26APR272200-00"",""trade_id"":""27bd5658-1c3c-6235-d88e-7c1e41828bde"",""yes_price_dollars"":""0.5800""}"
KXBTC15M-26APR272200-00,776da04c-8f7f-76b8-0fd5-6384a05bc3d8,1777340721,0.57,6.73,yes,"{""count_fp"":""6.73"",""created_time"":""2026-04-28T01:45:21.501113Z"",""no_price_dollars"":""0.4300"",""taker_side"":""yes"",""ticker"":""KXBTC15M-26APR272200-00"",""trade_id"":""776da04c-8f7f-76b8-0fd5-6384a05bc3d8"",""yes_price_dollars"":""0.5700""}"
KXBTC15M-26APR272200-00,db911ea2-b5f8-4a8d-14f4-1991759a228e,1777340721,0.58,29.94,yes,"{""count_fp"":""29.94"",""created_time"":""2026-04-28T01:45:21.322078Z"",""no_price_dollars"":""0.4200"",""taker_side"":""yes"",""ticker"":""KXBTC15M-26APR272200-00"",""trade_id"":""db911ea2-b5f8-4a8d-14f4-1991759a228e"",""yes_price_dollars"":""0.5800""}"
KXBTC15M-26APR272200-00,6a8a1492-143d-4767-3143-fbf483bf71e6,1777340721,0.57,3.0,yes,"{""count_fp"":""3.00"",""created_time"":""2026-04-28T01:45:21.322078Z"",""no_price_dollars"":""0.4300"",""taker_side"":""yes"",""ticker"":""KXBTC15M-26APR272200-00"",""trade_id"":""6a8a1492-143d-4767-3143-fbf483bf71e6"",""yes_price_dollars"":""0.5700""}"
KXBTC15M-26APR272200-00,abc08700-538a-6892-a891-164fee383f94,1777340721,0.56,10.0,yes,"{""count_fp"":""10.00"",""created_time"":""2026-04-28T01:45:21.238876Z"",""no_price_dollars"":""0.4400"",""taker_side"":""yes"",""ticker"":""KXBTC15M-26APR272200-00"",""trade_id"":""abc08700-538a-6892-a891-164fee383f94"",""yes_price_dollars"":""0.5600""}"
KXBTC15M-26APR272200-00,040741f2-b2dc-6f61-ab70-42f99105bbbe,1777340721,0.57,4.59,yes,"{""count_fp"":""4.59"",""created_time"":""2026-04-28T01:45:21.238876Z"",""no_price_dollars"":""0.4300"",""taker_side"":""yes"",""ticker"":""KXBTC15M-26APR272200-00"",""trade_id"":""040741f2-b2dc-6f61-ab70-42f99105bbbe"",""yes_price_dollars"":""0.5700""}"
KXBTC15M-26APR272200-00,cf25d5ac-3230-52b2-3a3b-534b3a4809a5,1777340721,0.56,1.0,no,"{""count_fp"":""1.00"",""created_time"":""2026-04-28T01:45:21.127214Z"",""no_price_dollars"":""0.4400"",""taker_side"":""no"",""ticker"":""KXBTC15M-26APR272200-00"",""trade_id"":""cf25d5ac-3230-52b2-3a3b-534b3a4809a5"",""yes_price_dollars"":""0.5600""}"
KXBTC15M-26APR272200-00,cb3a5ec7-feaf-51e0-2b10-3d58b07bd529,1777340721,0.56,12.94,no,"{""count_fp"":""12.94"",""created_time"":""2026-04-28T01:45:21.127214Z"",""no_price_dollars"":""0.4400"",""taker_side"":""no"",""ticker"":""KXBTC15M-26APR272200-00"",""trade_id"":""cb3a5ec7-feaf-51e0-2b10-3d58b07bd529"",""yes_price_dollars"":""0.5600""}"
KXBTC15M-26APR272200-00,c14df212-8b89-5397-2a1a-1eea2601f724,1777340721,0.55,20.0,no,"{""count_fp"":""20.00"",""created_time"":""2026-04-28T01:45:21.127214Z"",""no_price_dollars"":""0.4500"",""taker_side"":""no"",""ticker"":""KXBTC15M-26APR272200-00"",""trade_id"":""c14df212-8b89-5397-2a1a-1eea2601f724"",""yes_price_dollars"":""0.5500""}"
KXBTC15M-26APR272200-00,bf948b5f-a154-5bd6-25d6-88628254d54f,1777340721,0.55,55.0,no,"{""count_fp"":""55.00"",""created_time"":""2026-04-28T01:45:21.127214Z"",""no_price_dollars"":""0.4500"",""taker_side"":""no"",""ticker"":""KXBTC15M-26APR272200-00"",""trade_id"":""bf948b5f-a154-5bd6-25d6-88628254d54f"",""yes_price_dollars"":""0.5500""}"
KXBTC15M-26APR272200-00,49fff49c-6a98-5a39-06b8-3acdcc37c2bc,1777340721,0.55,56.0,no,"{""count_fp"":""56.00"",""created_time"":""2026-04-28T01:45:21.127214Z"",""no_price_dollars"":""0.4500"",""taker_side"":""no"",""ticker"":""KXBTC15M-26APR272200-00"",""trade_id"":""49fff49c-6a98-5a39-06b8-3acdcc37c2bc"",""yes_price_dollars"":""0.5500""}"
KXBTC15M-26APR272200-00,34d838f7-729a-569b-3081-0d6a9c33e052,1777340721,0.54,236.64,no,"{""count_fp"":""236.64"",""created_time"":""2026-04-28T01:45:21.127214Z"",""no_price_dollars"":""0.4600"",""taker_side"":""no"",""ticker"":""KXBTC15M-26APR272200-00"",""trade_id"":""34d838f7-729a-569b-3081-0d6a9c33e052"",""yes_price_dollars"":""0.5400""}"
KXBTC15M-26APR272200-00,10f03577-3454-5213-07ea-73bba0ac8245,1777340721,0.55,40.0,no,"{""count_fp"":""40.00"",""created_time"":""2026-04-28T01:45:21.127214Z"",""no_price_dollars"":""0.4500"",""taker_side"":""no"",""ticker"":""KXBTC15M-26APR272200-00"",""trade_id"":""10f03577-3454-5213-07ea-73bba0ac8245"",""yes_price_dollars"":""0.5500""}"
KXBTC15M-26APR272200-00,e416efac-c048-73f1-3c35-bc8f19c0c95e,1777340721,0.57,4.29,yes,"{""count_fp"":""4.29"",""created_time"":""2026-04-28T01:45:21.033189Z"",""no_price_dollars"":""0.4300"",""taker_side"":""yes"",""ticker"":""KXBTC15M-26APR272200-00"",""trade_id"":""e416efac-c048-73f1-3c35-bc8f19c0c95e"",""yes_price_dollars"":""0.5700""}"
KXBTC15M-26APR272200-00,d172d7d2-e88a-7e61-1cb6-b9550b36852a,1777340721,0.57,3.0,yes,"{""count_fp"":""3.00"",""created_time"":""2026-04-28T01:45:21.033189Z"",""no_price_dollars"":""0.4300"",""taker_side"":""yes"",""ticker"":""KXBTC15M-26APR272200-00"",""trade_id"":""d172d7d2-e88a-7e61-1cb6-b9550b36852a"",""yes_price_dollars"":""0.5700""}"
KXBTC15M-26APR272200-00,f2e0002e-e771-7958-4333-c3dfe10f94df,1777340722,0.57,0.65,yes,"{""count_fp"":""0.65"",""created_time"":""2026-04-28T01:45:22.961805Z"",""no_price_dollars"":""0.4300"",""taker_side"":""yes"",""ticker"":""KXBTC15M-26APR272200-00"",""trade_id"":""f2e0002e-e771-7958-4333-c3dfe10f94df"",""yes_price_dollars"":""0.5700""}"
KXBTC15M-26APR272200-00,761c2520-4609-63c4-abaa-095906b4d65f,1777340722,0.57,19.0,yes,"{""count_fp"":""19.00"",""created_time"":""2026-04-28T01:45:22.951132Z"",""no_price_dollars"":""0.4300"",""taker_side"":""yes"",""ticker"":""KXBTC15M-26APR272200-00"",""trade_id"":""761c2520-4609-63c4-abaa-095906b4d65f"",""yes_price_dollars"":""0.5700""}"
KXBTC15M-26APR272200-00,a9802f1e-8215-5b6c-bbf0-4d2458c1d613,1777340722,0.56,3.0,yes,"{""count_fp"":""3.00"",""created_time"":""2026-04-28T01:45:22.798405Z"",""no_price_dollars"":""0.4400"",""taker_side"":""yes"",""ticker"":""KXBTC15M-26APR272200-00"",""trade_id"":""a9802f1e-8215-5b6c-bbf0-4d2458c1d613"",""yes_price_dollars"":""0.5600""}"
KXBTC15M-26APR272200-00,58da6749-f569-5838-8112-a4dfc786ef97,1777340722,0.57,8.87,yes,"{""count_fp"":""8.87"",""created_time"":""2026-04-28T01:45:22.798405Z"",""no_price_dollars"":""0.4300"",""taker_side"":""yes"",""ticker"":""KXBTC15M-26APR272200-00"",""trade_id"":""58da6749-f569-5838-8112-a4dfc786ef97"",""yes_price_dollars"":""0.5700""}"
KXBTC15M-26APR272200-00,8cc288fe-0bb1-61cf-64b6-a21dc4211bae,1777340722,0.56,20.0,yes,"{""count_fp"":""20.00"",""created_time"":""2026-04-28T01:45:22.796606Z"",""no_price_dollars"":""0.4400"",""taker_side"":""yes"",""ticker"":""KXBTC15M-26APR272200-00"",""trade_id"":""8cc288fe-0bb1-61cf-64b6-a21dc4211bae"",""yes_price_dollars"":""0.5600""}"
KXBTC15M-26APR272200-00,36386ed4-d472-470f-19e0-a659b2c1f17e,1777340722,0.55,21.39,no,"{""count_fp"":""21.39"",""created_time"":""2026-04-28T01:45:22.405574Z"",""no_price_dollars"":""0.4500"",""taker_side"":""no"",""ticker"":""KXBTC15M-26APR272200-00"",""trade_id"":""36386ed4-d472-470f-19e0-a659b2c1f17e"",""yes_price_dollars"":""0.5500""}"
KXBTC15M-26APR272200-00,3cc7ff81-49a8-6630-7895-c6d5a47ce4f8,1777340722,0.56,7.0,yes,"{""count_fp"":""7.00"",""created_time"":""2026-04-28T01:45:22.405447Z"",""no_price_dollars"":""0.4400"",""taker_side"":""yes"",""ticker"":""KXBTC15M-26APR272200-00"",""trade_id"":""3cc7ff81-49a8-6630-7895-c6d5a47ce4f8"",""yes_price_dollars"":""0.5600""}"
KXBTC15M-26APR272200-00,a44b872c-64f6-54d3-db8c-f988765a5dca,1777340722,0.55,1.0,no,"{""count_fp"":""1.00"",""created_time"":""2026-04-28T01:45:22.185371Z"",""no_price_dollars"":""0.4500"",""taker_side"":""no"",""ticker"":""KXBTC15M-26APR272200-00"",""trade_id"":""a44b872c-64f6-54d3-db8c-f988765a5dca"",""yes_price_dollars"":""0.5500""}"
KXBTC15M-26APR272200-00,dcc4b6b1-1165-6344-8195-75e78b24a9a0,1777340722,0.56,4.71,yes,"{""count_fp"":""4.71"",""created_time"":""2026-04-28T01:45:22.087888Z"",""no_price_dollars"":""0.4400"",""taker_side"":""yes"",""ticker"":""KXBTC15M-26APR272200-00"",""trade_id"":""dcc4b6b1-1165-6344-8195-75e78b24a9a0"",""yes_price_dollars"":""0.5600""}"
KXBTC15M-26APR272200-00,d7ee2734-bc95-634c-b07d-6adc8b7e6e13,1777340722,0.56,12.19,yes,"{""count_fp"":""12.19"",""created_time"":""2026-04-28T01:45:22.087888Z"",""no_price_dollars"":""0.4400"",""taker_side"":""yes"",""ticker"":""KXBTC15M-26APR272200-00"",""trade_id"":""d7ee2734-bc95-634c-b07d-6adc8b7e6e13"",""yes_price_dollars"":""0.5600""}"
KXBTC15M-26APR272200-00,015d6922-0d0e-5fff-3c97-ca11518df372,1777340722,0.55,3.21,no,"{""count_fp"":""3.21"",""created_time"":""2026-04-28T01:45:22.069676Z"",""no_price_dollars"":""0.4500"",""taker_side"":""no"",""ticker"":""KXBTC15M-26APR272200-00"",""trade_id"":""015d6922-0d0e-5fff-3c97-ca11518df372"",""yes_price_dollars"":""0.5500""}"
KXBTC15M-26APR272200-00,94f18a71-f111-54d0-dd9c-abb6f67a3af8,1777340722,0.56,3.29,yes,"{""count_fp"":""3.29"",""created_time"":""2026-04-28T01:45:22.055559Z"",""no_price_dollars"":""0.4400"",""taker_side"":""yes"",""ticker"":""KXBTC15M-26APR272200-00"",""trade_id"":""94f18a71-f111-54d0-dd9c-abb6f67a3af8"",""yes_price_dollars"":""0.5600""}"
KXBTC15M-26APR272200-00,255e5f7d-cb75-7b07-1f68-68df5813422d,1777340723,0.59,1.0,no,"{""count_fp"":""1.00"",""created_time"":""2026-04-28T01:45:23.993579Z"",""no_price_dollars"":""0.4100"",""taker_side"":""no"",""ticker"":""KXBTC15M-26APR272200-00"",""trade_id"":""255e5f7d-cb75-7b07-1f68-68df5813422d"",""yes_price_dollars"":""0.5900""}"
KXBTC15M-26APR272200-00,fae9fe81-77ed-4a32-9f72-b9d90081cb18,1777340723,0.59,10.0,no,"{""count_fp"":""10.00"",""created_time"":""2026-04-28T01:45:23.722564Z"",""no_price_dollars"":""0.4100"",""taker_side"":""no"",""ticker"":""KXBTC15M-26APR272200-00"",""trade_id"":""fae9fe81-77ed-4a32-9f72-b9d90081cb18"",""yes_price_dollars"":""0.5900""}"
KXBTC15M-26APR272200-00,e0399216-7816-40ed-af34-42950fcbb7cd,1777340723,0.59,1.21,no,"{""count_fp"":""1.21"",""created_time"":""2026-04-28T01:45:23.722564Z"",""no_price_dollars"":""0.4100"",""taker_side"":""no"",""ticker"":""KXBTC15M-26APR272200-00"",""trade_id"":""e0399216-7816-40ed-af34-42950fcbb7cd"",""yes_price_dollars"":""0.5900""}"
KXBTC15M-26APR272200-00,664f23d0-e4a2-44da-be46-3fc102c47d7d,1777340723,0.59,3.0,no,"{""count_fp"":""3.00"",""created_time"":""2026-04-28T01:45:23.722564Z"",""no_price_dollars"":""0.4100"",""taker_side"":""no"",""ticker"":""KXBTC15M-26APR272200-00"",""trade_id"":""664f23d0-e4a2-44da-be46-3fc102c47d7d"",""yes_price_dollars"":""0.5900""}"
KXBTC15M-26APR272200-00,0eaaf89d-704c-41f8-807b-014d4b230dd7,1777340723,0.59,9.41,no,"{""count_fp"":""9.41"",""created_time"":""2026-04-28T01:45:23.722564Z"",""no_price_dollars"":""0.4100"",""taker_side"":""no"",""ticker"":""KXBTC15M-26APR272200-00"",""trade_id"":""0eaaf89d-704c-41f8-807b-014d4b230dd7"",""yes_price_dollars"":""0.5900""}"
KXBTC15M-26APR272200-00,b668d8fe-18e9-598a-d2c1-138096b67edf,1777340723,0.59,10.0,yes,"{""count_fp"":""10.00"",""created_time"":""2026-04-28T01:45:23.401171Z"",""no_price_dollars"":""0.4100"",""taker_side"":""yes"",""ticker"":""KXBTC15M-26APR272200-00"",""trade_id"":""b668d8fe-18e9-598a-d2c1-138096b67edf"",""yes_price_dollars"":""0.5900""}"
KXBTC15M-26APR272200-00,bd63db28-615a-7814-26b7-879b6617ce61,1777340724,0.6,1.0,no,"{""count_fp"":""1.00"",""created_time"":""2026-04-28T01:45:24.984103Z"",""no_price_dollars"":""0.4000"",""taker_side"":""no"",""ticker"":""KXBTC15M-26APR272200-00"",""trade_id"":""bd63db28-615a-7814-26b7-879b6617ce61"",""yes_price_dollars"":""0.6000""}"
KXBTC15M-26APR272200-00,c5b33fc1-5140-5004-9f99-6ebdb9c494a9,1777340724,0.6,3.0,no,"{""count_fp"":""3.00"",""created_time"":""2026-04-28T01:45:24.500392Z"",""no_price_dollars"":""0.4000"",""taker_side"":""no"",""ticker"":""KXBTC15M-26APR272200-00"",""trade_id"":""c5b33fc1-5140-5004-9f99-6ebdb9c494a9"",""yes_price_dollars"":""0.6000""}"
KXBTC15M-26APR272200-00,6348065a-45ba-5337-a7dc-0b9ef2419b0e,1777340724,0.59,1.57,no,"{""count_fp"":""1.57"",""created_time"":""2026-04-28T01:45:24.500392Z"",""no_price_dollars"":""0.4100"",""taker_side"":""no"",""ticker"":""KXBTC15M-26APR272200-00"",""trade_id"":""6348065a-45ba-5337-a7dc-0b9ef2419b0e"",""yes_price_dollars"":""0.5900""}"
KXBTC15M-26APR272200-00,fc58ad07-1cb2-6970-0694-bb9866ecbd71,1777340724,0.6,1.0,yes,"{""count_fp"":""1.00"",""created_time"":""2026-04-28T01:45:24.378152Z"",""no_price_dollars"":""0.4000"",""taker_side"":""yes"",""ticker"":""KXBTC15M-26APR272200-00"",""trade_id"":""fc58ad07-1cb2-6970-0694-bb9866ecbd71"",""yes_price_dollars"":""0.6000""}"
KXBTC15M-26APR272200-00,dd9eca1a-f3f6-6e9a-14b0-364647f55277,1777340724,0.62,3.0,yes,"{""count_fp"":""3.00"",""created_time"":""2026-04-28T01:45:24.378152Z"",""no_price_dollars"":""0.3800"",""taker_side"":""yes"",""ticker"":""KXBTC15M-26APR272200-00"",""trade_id"":""dd9eca1a-f3f6-6e9a-14b0-364647f55277"",""yes_price_dollars"":""0.6200""}"
KXBTC15M-26APR272200-00,a0bf506e-8fe6-65c6-086b-72aca1115a94,1777340724,0.62,2.0,yes,"{""count_fp"":""2.00"",""created_time"":""2026-04-28T01:45:24.378152Z"",""no_price_dollars"":""0.3800"",""taker_side"":""yes"",""ticker"":""KXBTC15M-26APR272200-00"",""trade_id"":""a0bf506e-8fe6-65c6-086b-72aca1115a94"",""yes_price_dollars"":""0.6200""}"
KXBTC15M-26APR272200-00,9f5d6d81-9ad4-63b7-24e3-cc88b8cc37ee,1777340724,0.61,2.0,yes,"{""count_fp"":""2.00"",""created_time"":""2026-04-28T01:45:24.378152Z"",""no_price_dollars"":""0.3900"",""taker_side"":""yes"",""ticker"":""KXBTC15M-26APR272200-00"",""trade_id"":""9f5d6d81-9ad4-63b7-24e3-cc88b8cc37ee"",""yes_price_dollars"":""0.6100""}"
KXBTC15M-26APR272200-00,2608a7b7-c11a-79e8-3fa2-a9de57ac266d,1777340724,0.6,1.0,yes,"{""count_fp"":""1.00"",""created_time"":""2026-04-28T01:45:24.286503Z"",""no_price_dollars"":""0.4000"",""taker_side"":""yes"",""ticker"":""KXBTC15M-26APR272200-00"",""trade_id"":""2608a7b7-c11a-79e8-3fa2-a9de57ac266d"",""yes_price_dollars"":""0.6000""}"
KXBTC15M-26APR272200-00,54e404ec-8d1a-5c8f-b253-b11b80da6fe6,1777340727,0.6,71.97,no,"{""count_fp"":""71.97"",""created_time"":""2026-04-28T01:45:27.808252Z"",""no_price_dollars"":""0.4000"",""taker_side"":""no"",""ticker"":""KXBTC15M-26APR272200-00"",""trade_id"":""54e404ec-8d1a-5c8f-b253-b11b80da6fe6"",""yes_price_dollars"":""0.6000""}"
KXBTC15M-26APR272200-00,de28a905-d630-44cf-8f34-3e7963b4143d,1777340727,0.61,4.0,yes,"{""count_fp"":""4.00"",""created_time"":""2026-04-28T01:45:27.732023Z"",""no_price_dollars"":""0.3900"",""taker_side"":""yes"",""ticker"":""KXBTC15M-26APR272200-00"",""trade_id"":""de28a905-d630-44cf-8f34-3e7963b4143d"",""yes_price_dollars"":""0.6100""}"
KXBTC15M-26APR272200-00,99d1de12-30ac-5b5b-14c0-a6bd5a227421,1777340727,0.61,1.59,yes,"{""count_fp"":""1.59"",""created_time"":""2026-04-28T01:45:27.654099Z"",""no_price_dollars"":""0.3900"",""taker_side"":""yes"",""ticker"":""KXBTC15M-26APR272200-00"",""trade_id"":""99d1de12-30ac-5b5b-14c0-a6bd5a227421"",""yes_price_dollars"":""0.6100""}"
KXBTC15M-26APR272200-00,966a70f3-e46a-7eb3-3c63-b9a36e5da05e,1777340727,0.6,7.19,no,"{""count_fp"":""7.19"",""created_time"":""2026-04-28T01:45:27.552238Z"",""no_price_dollars"":""0.4000"",""taker_side"":""no"",""ticker"":""KXBTC15M-26APR272200-00"",""trade_id"":""966a70f3-e46a-7eb3-3c63-b9a36e5da05e"",""yes_price_dollars"":""0.6000""}"
KXBTC15M-26APR272200-00,ed20a636-4201-55ef-52da-3cb55c6cb65a,1777340727,0.6,34.0,no,"{""count_fp"":""34.00"",""created_time"":""2026-04-28T01:45:27.070016Z"",""no_price_dollars"":""0.4000"",""taker_side"":""no"",""ticker"":""KXBTC15M-26APR272200-00"",""trade_id"":""ed20a636-4201-55ef-52da-3cb55c6cb65a"",""yes_price_dollars"":""0.6000""}"
KXBTC15M-26APR272200-00,8d16a3b9-db3e-5863-633a-58418ca0f206,1777340727,0.6,1.99,no,"{""count_fp"":""1.99"",""created_time"":""2026-04-28T01:45:27.070016Z"",""no_price_dollars"":""0.4000"",""taker_side"":""no"",""ticker"":""KXBTC15M-26APR272200-00"",""trade_id"":""8d16a3b9-db3e-5863-633a-58418ca0f206"",""yes_price_dollars"":""0.6000""}"
KXBTC15M-26APR272200-00,849228f4-9974-5890-4ee7-b20dff9cd181,1777340727,0.6,11.99,no,"{""count_fp"":""11.99"",""created_time"":""2026-04-28T01:45:27.070016Z"",""no_price_dollars"":""0.4000"",""taker_side"":""no"",""ticker"":""KXBTC15M-26APR272200-00"",""trade_id"":""849228f4-9974-5890-4ee7-b20dff9cd181"",""yes_price_dollars"":""0.6000""}"
KXBTC15M-26APR272200-00,7b4a8757-c0d3-513e-41b3-9f5ab88762a2,1777340727,0.6,3.0,no,"{""count_fp"":""3.00"",""created_time"":""2026-04-28T01:45:27.070016Z"",""no_price_dollars"":""0.4000"",""taker_side"":""no"",""ticker"":""KXBTC15M-26APR272200-00"",""trade_id"":""7b4a8757-c0d3-513e-41b3-9f5ab88762a2"",""yes_price_dollars"":""0.6000""}"
KXBTC15M-26APR272200-00,0a3bfbf9-0956-5edc-76f5-1466e8e53bf5,1777340727,0.6,9.0,no,"{""count_fp"":""9.00"",""created_time"":""2026-04-28T01:45:27.070016Z"",""no_price_dollars"":""0.4000"",""taker_side"":""no"",""ticker"":""KXBTC15M-26APR272200-00"",""trade_id"":""0a3bfbf9-0956-5edc-76f5-1466e8e53bf5"",""yes_price_dollars"":""0.6000""}"
KXBTC15M-26APR272200-00,3c524687-937d-7626-6de1-900e744f77fd,1777340728,0.58,22.0,no,"{""count_fp"":""22.00"",""created_time"":""2026-04-28T01:45:28.612189Z"",""no_price_dollars"":""0.4200"",""taker_side"":""no"",""ticker"":""KXBTC15M-26APR272200-00"",""trade_id"":""3c524687-937d-7626-6de1-900e744f77fd"",""yes_price_dollars"":""0.5800""}"
KXBTC15M-26APR272200-00,1b4db1d4-2414-5496-0f58-1efa9c45d966,1777340728,0.59,8.0,yes,"{""count_fp"":""8.00"",""created_time"":""2026-04-28T01:45:28.449062Z"",""no_price_dollars"":""0.4100"",""taker_side"":""yes"",""ticker"":""KXBTC15M-26APR272200-00"",""trade_id"":""1b4db1d4-2414-5496-0f58-1efa9c45d966"",""yes_price_dollars"":""0.5900""}"
KXBTC15M-26APR272200-00,fc89a487-ed8c-5c96-3bec-cb6476b5566a,1777340729,0.59,300.0,yes,"{""count_fp"":""300.00"",""created_time"":""2026-04-28T01:45:29.477123Z"",""no_price_dollars"":""0.4100"",""taker_side"":""yes"",""ticker"":""KXBTC15M-26APR272200-00"",""trade_id"":""fc89a487-ed8c-5c96-3bec-cb6476b5566a"",""yes_price_dollars"":""0.5900""}"
KXBTC15M-26APR272200-00,a7167db1-9904-4c5e-1e3c-6352e6ed88e6,1777340729,0.59,0.39,yes,"{""count_fp"":""0.39"",""created_time"":""2026-04-28T01:45:29.468778Z"",""no_price_dollars"":""0.4100"",""taker_side"":""yes"",""ticker"":""KXBTC15M-26APR272200-00"",""trade_id"":""a7167db1-9904-4c5e-1e3c-6352e6ed88e6"",""yes_price_dollars"":""0.5900""}"
KXBTC15M-26APR272200-00,ccc4058b-d26c-4976-c539-4a7db1ad96ba,1777340729,0.59,15.95,yes,"{""count_fp"":""15.95"",""created_time"":""2026-04-28T01:45:29.413507Z"",""no_price_dollars"":""0.4100"",""taker_side"":""yes"",""ticker"":""KXBTC15M-26APR272200-00"",""trade_id"":""ccc4058b-d26c-4976-c539-4a7db1ad96ba"",""yes_price_dollars"":""0.5900""}"
KXBTC15M-26APR272200-00,add90129-6483-7bcb-4228-33e44c6e3a48,1777340730,0.59,1.62,yes,"{""count_fp"":""1.62"",""created_time"":""2026-04-28T01:45:30.929873Z"",""no_price_dollars"":""0.4100"",""taker_side"":""yes"",""ticker"":""KXBTC15M-26APR272200-00"",""trade_id"":""add90129-6483-7bcb-4228-33e44c6e3a48"",""yes_price_dollars"":""0.5900""}"
KXBTC15M-26APR272200-00,d7e253b5-8404-4b83-fece-22bf25a5c10c,1777340730,0.58,2.28,no,"{""count_fp"":""2.28"",""created_time"":""2026-04-28T01:45:30.883189Z"",""no_price_dollars"":""0.4200"",""taker_side"":""no"",""ticker"":""KXBTC15M-26APR272200-00"",""trade_id"":""d7e253b5-8404-4b83-fece-22bf25a5c10c"",""yes_price_dollars"":""0.5800""}"
KXBTC15M-26APR272200-00,0965d9b2-3c5c-7fbb-0a79-0cf85ddb0c49,1777340730,0.59,10.0,yes,"{""count_fp"":""10.00"",""created_time"":""2026-04-28T01:45:30.850989Z"",""no_price_dollars"":""0.4100"",""taker_side"":""yes"",""ticker"":""KXBTC15M-26APR272200-00"",""trade_id"":""0965d9b2-3c5c-7fbb-0a79-0cf85ddb0c49"",""yes_price_dollars"":""0.5900""}"
KXBTC15M-26APR272200-00,b4aaff26-88c4-7a4b-06bc-f731ccae5634,1777340730,0.58,2.28,no,"{""count_fp"":""2.28"",""created_time"":""2026-04-28T01:45:30.840872Z"",""no_price_dollars"":""0.4200"",""taker_side"":""no"",""ticker"":""KXBTC15M-26APR272200-00"",""trade_id"":""b4aaff26-88c4-7a4b-06bc-f731ccae5634"",""yes_price_dollars"":""0.5800""}"
KXBTC15M-26APR272200-00,d5cd2315-5dc7-68ff-6b57-538631cb0fe1,1777340730,0.57,3.0,yes,"{""count_fp"":""3.00"",""created_time"":""2026-04-28T01:45:30.804515Z"",""no_price_dollars"":""0.4300"",""taker_side"":""yes"",""ticker"":""KXBTC15M-26APR272200-00"",""trade_id"":""d5cd2315-5dc7-68ff-6b57-538631cb0fe1"",""yes_price_dollars"":""0.5700""}"
KXBTC15M-26APR272200-00,808b2ed0-dcfe-651c-aa68-340565c9ccc8,1777340730,0.58,1.0,no,"{""count_fp"":""1.00"",""created_time"":""2026-04-28T01:45:30.777098Z"",""no_price_dollars"":""0.4200"",""taker_side"":""no"",""ticker"":""KXBTC15M-26APR272200-00"",""trade_id"":""808b2ed0-dcfe-651c-aa68-340565c9ccc8"",""yes_price_dollars"":""0.5800""}"
KXBTC15M-26APR272200-00,6ee8826a-7ae1-6d42-9458-240fdad46d35,1777340730,0.58,4.0,no,"{""count_fp"":""4.00"",""created_time"":""2026-04-28T01:45:30.777098Z"",""no_price_dollars"":""0.4200"",""taker_side"":""no"",""ticker"":""KXBTC15M-26APR272200-00"",""trade_id"":""6ee8826a-7ae1-6d42-9458-240fdad46d35"",""yes_price_dollars"":""0.5800""}"
KXBTC15M-26APR272200-00,4455e582-8fa1-6e70-a59a-00fe9202a536,1777340730,0.58,20.0,no,"{""count_fp"":""20.00"",""created_time"":""2026-04-28T01:45:30.777098Z"",""no_price_dollars"":""0.4200"",""taker_side"":""no"",""ticker"":""KXBTC15M-26APR272200-00"",""trade_id"":""4455e582-8fa1-6e70-a59a-00fe9202a536"",""yes_price_dollars"":""0.5800""}"
KXBTC15M-26APR272200-00,79d4565e-3688-40ee-b8ae-11feaa067222,1777340730,0.59,3.19,yes,"{""count_fp"":""3.19"",""created_time"":""2026-04-28T01:45:30.176774Z"",""no_price_dollars"":""0.4100"",""taker_side"":""yes"",""ticker"":""KXBTC15M-26APR272200-00"",""trade_id"":""79d4565e-3688-40ee-b8ae-11feaa067222"",""yes_price_dollars"":""0.5900""}"
KXBTC15M-26APR272200-00,09ff2805-1c4c-742e-cbdf-408c1ef1f686,1777340730,0.59,16.47,yes,"{""count_fp"":""16.47"",""created_time"":""2026-04-28T01:45:30.005513Z"",""no_price_dollars"":""0.4100"",""taker_side"":""yes"",""ticker"":""KXBTC15M-26APR272200-00"",""trade_id"":""09ff2805-1c4c-742e-cbdf-408c1ef1f686"",""yes_price_dollars"":""0.5900""}"
KXBTC15M-26APR272200-00,a8ab1509-1db8-5c62-667a-6fac9e9c57f2,1777340731,0.55,19.0,no,"{""count_fp"":""19.00"",""created_time"":""2026-04-28T01:45:31.858781Z"",""no_price_dollars"":""0.4500"",""taker_side"":""no"",""ticker"":""KXBTC15M-26APR272200-00"",""trade_id"":""a8ab1509-1db8-5c62-667a-6fac9e9c57f2"",""yes_price_dollars"":""0.5500""}"
KXBTC15M-26APR272200-00,39f68719-bacc-56fc-7b27-baae7bc3b798,1777340731,0.56,1.0,no,"{""count_fp"":""1.00"",""created_time"":""2026-04-28T01:45:31.858781Z"",""no_price_dollars"":""0.4400"",""taker_side"":""no"",""ticker"":""KXBTC15M-26APR272200-00"",""trade_id"":""39f68719-bacc-56fc-7b27-baae7bc3b798"",""yes_price_dollars"":""0.5600""}"
KXBTC15M-26APR272200-00,d3e27f41-7279-508a-cac3-f52765133a5c,1777340731,0.57,39.88,yes,"{""count_fp"":""39.88"",""created_time"":""2026-04-28T01:45:31.752607Z"",""no_price_dollars"":""0.4300"",""taker_side"":""yes"",""ticker"":""KXBTC15M-26APR272200-00"",""trade_id"":""d3e27f41-7279-508a-cac3-f52765133a5c"",""yes_price_dollars"":""0.5700""}"
KXBTC15M-26APR272200-00,3e4dd264-0f3f-59a0-df02-abda40308d68,1777340731,0.57,3.0,yes,"{""count_fp"":""3.00"",""created_time"":""2026-04-28T01:45:31.752607Z"",""no_price_dollars"":""0.4300"",""taker_side"":""yes"",""ticker"":""KXBTC15M-26APR272200-00"",""trade_id"":""3e4dd264-0f3f-59a0-df02-abda40308d68"",""yes_price_dollars"":""0.5700""}"
KXBTC15M-26APR272200-00,5ac37b49-0ea7-667f-c623-e98431965d64,1777340731,0.58,4.57,no,"{""count_fp"":""4.57"",""created_time"":""2026-04-28T01:45:31.191431Z"",""no_price_dollars"":""0.4200"",""taker_side"":""no"",""ticker"":""KXBTC15M-26APR272200-00"",""trade_id"":""5ac37b49-0ea7-667f-c623-e98431965d64"",""yes_price_dollars"":""0.5800""}"
KXBTC15M-26APR272200-00,d51e3201-1f2f-7d63-fb76-ee097ccf42e0,1777340731,0.58,0.7,no,"{""count_fp"":""0.70"",""created_time"":""2026-04-28T01:45:31.156481Z"",""no_price_dollars"":""0.4200"",""taker_side"":""no"",""ticker"":""KXBTC15M-26APR272200-00"",""trade_id"":""d51e3201-1f2f-7d63-fb76-ee097ccf42e0"",""yes_price_dollars"":""0.5800""}"
KXBTC15M-26APR272200-00,26be2232-dcac-6cb7-14d4-acaf01066dbc,1777340731,0.58,32.44,no,"{""count_fp"":""32.44"",""created_time"":""2026-04-28T01:45:31.045784Z"",""no_price_dollars"":""0.4200"",""taker_side"":""no"",""ticker"":""KXBTC15M-26APR272200-00"",""trade_id"":""26be2232-dcac-6cb7-14d4-acaf01066dbc"",""yes_price_dollars"":""0.5800""}"
KXBTC15M-26APR272200-00,84a7ae47-acda-6c05-227d-c7ef53ee52d2,1777340731,0.59,72.23,yes,"{""count_fp"":""72.23"",""created_time"":""2026-04-28T01:45:31.026876Z"",""no_price_dollars"":""0.4100"",""taker_side"":""yes"",""ticker"":""KXBTC15M-26APR272200-00"",""trade_id"":""84a7ae47-acda-6c05-227d-c7ef53ee52d2"",""yes_price_dollars"":""0.5900""}"
KXBTC15M-26APR272200-00,6e38186b-565b-6027-16aa-4ccb6ebe747f,1777340731,0.59,10.0,yes,"{""count_fp"":""10.00"",""created_time"":""2026-04-28T01:45:31.026876Z"",""no_price_dollars"":""0.4100"",""taker_side"":""yes"",""ticker"":""KXBTC15M-26APR272200-00"",""trade_id"":""6e38186b-565b-6027-16aa-4ccb6ebe747f"",""yes_price_dollars"":""0.5900""}"
KXBTC15M-26APR272200-00,221d5729-e8bb-6d77-1a14-c0793c26b878,1777340731,0.59,8.38,yes,"{""count_fp"":""8.38"",""created_time"":""2026-04-28T01:45:31.026876Z"",""no_price_dollars"":""0.4100"",""taker_side"":""yes"",""ticker"":""KXBTC15M-26APR272200-00"",""trade_id"":""221d5729-e8bb-6d77-1a14-c0793c26b878"",""yes_price_dollars"":""0.5900""}"
KXBTC15M-26APR272200-00,0c90e462-d58d-553e-99b9-24ffa59358ec,1777340732,0.55,41.19,yes,"{""count_fp"":""41.19"",""created_time"":""2026-04-28T01:45:32.875183Z"",""no_price_dollars"":""0.4500"",""taker_side"":""yes"",""ticker"":""KXBTC15M-26APR272200-00"",""trade_id"":""0c90e462-d58d-553e-99b9-24ffa59358ec"",""yes_price_dollars"":""0.5500""}"
KXBTC15M-26APR272200-00,0a3e939b-3785-706e-c514-94905ba379e8,1777340732,0.55,4.94,yes,"{""count_fp"":""4.94"",""created_time"":""2026-04-28T01:45:32.840727Z"",""no_price_dollars"":""0.4500"",""taker_side"":""yes"",""ticker"":""KXBTC15M-26APR272200-00"",""trade_id"":""0a3e939b-3785-706e-c514-94905ba379e8"",""yes_price_dollars"":""0.5500""}"
KXBTC15M-26APR272200-00,dc672f73-bf7d-6caa-bcad-c4a54fcd86c0,1777340732,0.55,8.23,yes,"{""count_fp"":""8.23"",""created_time"":""2026-04-28T01:45:32.802489Z"",""no_price_dollars"":""0.4500"",""taker_side"":""yes"",""ticker"":""KXBTC15M-26APR272200-00"",""trade_id"":""dc672f73-bf7d-6caa-bcad-c4a54fcd86c0"",""yes_price_dollars"":""0.5500""}"
KXBTC15M-26APR272200-00,917c5467-b32d-50aa-6cb2-0be129e61ff4,1777340732,0.55,45.03,yes,"{""count_fp"":""45.03"",""created_time"":""2026-04-28T01:45:32.704863Z"",""no_price_dollars"":""0.4500"",""taker_side"":""yes"",""ticker"":""KXBTC15M-26APR272200-00"",""trade_id"":""917c5467-b32d-50aa-6cb2-0be129e61ff4"",""yes_price_dollars"":""0.5500""}"
KXBTC15M-26APR272200-00,4efbc17c-887d-651e-1802-070873f34e00,1777340732,0.55,12.76,yes,"{""count_fp"":""12.76"",""created_time"":""2026-04-28T01:45:32.563472Z"",""no_price_dollars"":""0.4500"",""taker_side"":""yes"",""ticker"":""KXBTC15M-26APR272200-00"",""trade_id"":""4efbc17c-887d-651e-1802-070873f34e00"",""yes_price_dollars"":""0.5500""}"
KXBTC15M-26APR272200-00,4fe05472-bf3d-782a-f9c1-e632cb9f0a48,1777340732,0.55,0.16,yes,"{""count_fp"":""0.16"",""created_time"":""2026-04-28T01:45:32.426547Z"",""no_price_dollars"":""0.4500"",""taker_side"":""yes"",""ticker"":""KXBTC15M-26APR272200-00"",""trade_id"":""4fe05472-bf3d-782a-f9c1-e632cb9f0a48"",""yes_price_dollars"":""0.5500""}"
KXBTC15M-26APR272200-00,8f29fbb6-0a38-450a-b4e2-0e8c6f7094fa,1777340732,0.55,17.0,no,"{""count_fp"":""17.00"",""created_time"":""2026-04-28T01:45:32.373202Z"",""no_price_dollars"":""0.4500"",""taker_side"":""no"",""ticker"":""KXBTC15M-26APR272200-00"",""trade_id"":""8f29fbb6-0a38-450a-b4e2-0e8c6f7094fa"",""yes_price_dollars"":""0.5500""}"
KXBTC15M-26APR272200-00,7b12ed6c-a5e2-40bd-9f54-33b0a95ebc0d,1777340732,0.54,10.67,no,"{""count_fp"":""10.67"",""created_time"":""2026-04-28T01:45:32.373202Z"",""no_price_dollars"":""0.4600"",""taker_side"":""no"",""ticker"":""KXBTC15M-26APR272200-00"",""trade_id"":""7b12ed6c-a5e2-40bd-9f54-33b0a95ebc0d"",""yes_price_dollars"":""0.5400""}"
KXBTC15M-26APR272200-00,4f261333-251f-45c7-9fd7-44ee0cdefc24,1777340732,0.54,15.0,no,"{""count_fp"":""15.00"",""created_time"":""2026-04-28T01:45:32.373202Z"",""no_price_dollars"":""0.4600"",""taker_side"":""no"",""ticker"":""KXBTC15M-26APR272200-00"",""trade_id"":""4f261333-251f-45c7-9fd7-44ee0cdefc24"",""yes_price_dollars"":""0.5400""}"
KXBTC15M-26APR272200-00,70cb121b-e1e5-70ae-6d21-4184c666c83c,1777340732,0.56,247.14,yes,"{""count_fp"":""247.14"",""created_time"":""2026-04-28T01:45:32.174071Z"",""no_price_dollars"":""0.4400"",""taker_side"":""yes"",""ticker"":""KXBTC15M-26APR272200-00"",""trade_id"":""70cb121b-e1e5-70ae-6d21-4184c666c83c"",""yes_price_dollars"":""0.5600""}"
KXBTC15M-26APR272200-00,fea4eb50-7148-76c6-e119-b4a2e88fefba,1777340733,0.55,3.0,yes,"{""count_fp"":""3.00"",""created_time"":""2026-04-28T01:45:33.978509Z"",""no_price_dollars"":""0.4500"",""taker_side"":""yes"",""ticker"":""KXBTC15M-26APR272200-00"",""trade_id"":""fea4eb50-7148-76c6-e119-b4a2e88fefba"",""yes_price_dollars"":""0.5500""}"
KXBTC15M-26APR272200-00,a78011fb-18fc-75a2-3221-b673aae5796e,1777340733,0.55,17.62,yes,"{""count_fp"":""17.62"",""created_time"":""2026-04-28T01:45:33.858004Z"",""no_price_dollars"":""0.4500"",""taker_side"":""yes"",""ticker"":""KXBTC15M-26APR272200-00"",""trade_id"":""a78011fb-18fc-75a2-3221-b673aae5796e"",""yes_price_dollars"":""0.5500""}"
KXBTC15M-26APR272200-00,c92ff5d2-d7e2-7ea1-40f7-e6bdbfc02b44,1777340733,0.55,10.0,yes,"{""count_fp"":""10.00"",""created_time"":""2026-04-28T01:45:33.363083Z"",""no_price_dollars"":""0.4500"",""taker_side"":""yes"",""ticker"":""KXBTC15M-26APR272200-00"",""trade_id"":""c92ff5d2-d7e2-7ea1-40f7-e6bdbfc02b44"",""yes_price_dollars"":""0.5500""}"
KXBTC15M-26APR272200-00,c6dd4bfe-ccf0-77d0-689d-bfa836972348,1777340733,0.55,13.0,yes,"{""count_fp"":""13.00"",""created_time"":""2026-04-28T01:45:33.363083Z"",""no_price_dollars"":""0.4500"",""taker_side"":""yes"",""ticker"":""KXBTC15M-26APR272200-00"",""trade_id"":""c6dd4bfe-ccf0-77d0-689d-bfa836972348"",""yes_price_dollars"":""0.5500""}"
KXBTC15M-26APR272200-00,2f3454f9-56fe-7739-555e-95888edb2aa6,1777340733,0.55,8.3,yes,"{""count_fp"":""8.30"",""created_time"":""2026-04-28T01:45:33.363083Z"",""no_price_dollars"":""0.4500"",""taker_side"":""yes"",""ticker"":""KXBTC15M-26APR272200-00"",""trade_id"":""2f3454f9-56fe-7739-555e-95888edb2aa6"",""yes_price_dollars"":""0.5500""}"
KXBTC15M-26APR272200-00,2525c610-b650-7212-443f-35134061f49e,1777340733,0.55,104.5,yes,"{""count_fp"":""104.50"",""created_time"":""2026-04-28T01:45:33.363083Z"",""no_price_dollars"":""0.4500"",""taker_side"":""yes"",""ticker"":""KXBTC15M-26APR272200-00"",""trade_id"":""2525c610-b650-7212-443f-35134061f49e"",""yes_price_dollars"":""0.5500""}"
KXBTC15M-26APR272200-00,ce3bb057-ae5e-69b9-4e7e-a1c989538af2,1777340733,0.55,1.7,yes,"{""count_fp"":""1.70"",""created_time"":""2026-04-28T01:45:33.316254Z"",""no_price_dollars"":""0.4500"",""taker_side"":""yes"",""ticker"":""KXBTC15M-26APR272200-00"",""trade_id"":""ce3bb057-ae5e-69b9-4e7e-a1c989538af2"",""yes_price_dollars"":""0.5500""}"
KXBTC15M-26APR272200-00,b28f93f4-ac8d-471a-12df-54fefdca22d4,1777340733,0.55,150.0,yes,"{""count_fp"":""150.00"",""created_time"":""2026-04-28T01:45:33.270803Z"",""no_price_dollars"":""0.4500"",""taker_side"":""yes"",""ticker"":""KXBTC15M-26APR272200-00"",""trade_id"":""b28f93f4-ac8d-471a-12df-54fefdca22d4"",""yes_price_dollars"":""0.5500""}"
KXBTC15M-26APR272200-00,a52a197d-f78c-7a0e-9dde-61e463f7a1e6,1777340734,0.54,176.26,yes,"{""count_fp"":""176.26"",""created_time"":""2026-04-28T01:45:34.848789Z"",""no_price_dollars"":""0.4600"",""taker_side"":""yes"",""ticker"":""KXBTC15M-26APR272200-00"",""trade_id"":""a52a197d-f78c-7a0e-9dde-61e463f7a1e6"",""yes_price_dollars"":""0.5400""}"
KXBTC15M-26APR272200-00,7fcf17eb-b838-77c2-8e68-16a5bfa643c2,1777340734,0.54,42.29,yes,"{""count_fp"":""42.29"",""created_time"":""2026-04-28T01:45:34.825013Z"",""no_price_dollars"":""0.4600"",""taker_side"":""yes"",""ticker"":""KXBTC15M-26APR272200-00"",""trade_id"":""7fcf17eb-b838-77c2-8e68-16a5bfa643c2"",""yes_price_dollars"":""0.5400""}"
KXBTC15M-26APR272200-00,82b7e48d-fd84-67c2-ab30-259f323dded2,1777340734,0.55,5.96,yes,"{""count_fp"":""5.96"",""created_time"":""2026-04-28T01:45:34.546635Z"",""no_price_dollars"":""0.4500"",""taker_side"":""yes"",""ticker"":""KXBTC15M-26APR272200-00"",""trade_id"":""82b7e48d-fd84-67c2-ab30-259f323dded2"",""yes_price_dollars"":""0.5500""}"
KXBTC15M-26APR272200-00,108ab519-3ae4-4202-5736-15a04a97c15e,1777340734,0.55,6.38,yes,"{""count_fp"":""6.38"",""created_time"":""2026-04-28T01:45:34.396269Z"",""no_price_dollars"":""0.4500"",""taker_side"":""yes"",""ticker"":""KXBTC15M-26APR272200-00"",""trade_id"":""108ab519-3ae4-4202-5736-15a04a97c15e"",""yes_price_dollars"":""0.5500""}"
KXBTC15M-26APR272200-00,764bf9a8-f05e-6ce9-5b9f-cb250626cd89,1777340734,0.54,0.41,no,"{""count_fp"":""0.41"",""created_time"":""2026-04-28T01:45:34.146051Z"",""no_price_dollars"":""0.4600"",""taker_side"":""no"",""ticker"":""KXBTC15M-26APR272200-00"",""trade_id"":""764bf9a8-f05e-6ce9-5b9f-cb250626cd89"",""yes_price_dollars"":""0.5400""}"
KXBTC15M-26APR272200-00,eec7c331-4cf8-6f0e-6e4f-35730a884432,1777340735,0.54,20.0,yes,"{""count_fp"":""20.00"",""created_time"":""2026-04-28T01:45:35.698014Z"",""no_price_dollars"":""0.4600"",""taker_side"":""yes"",""ticker"":""KXBTC15M-26APR272200-00"",""trade_id"":""eec7c331-4cf8-6f0e-6e4f-35730a884432"",""yes_price_dollars"":""0.5400""}"
KXBTC15M-26APR272200-00,e424ed6f-fe89-5fd8-258f-c5fe6783cc8c,1777340735,0.53,2.0,no,"{""count_fp"":""2.00"",""created_time"":""2026-04-28T01:45:35.507445Z"",""no_price_dollars"":""0.4700"",""taker_side"":""no"",""ticker"":""KXBTC15M-26APR272200-00"",""trade_id"":""e424ed6f-fe89-5fd8-258f-c5fe6783cc8c"",""yes_price_dollars"":""0.5300""}"
KXBTC15M-26APR272200-00,74250b46-6fb5-6c07-a5cd-846e115f3425,1777340735,0.53,1.0,no,"{""count_fp"":""1.00"",""created_time"":""2026-04-28T01:45:35.353611Z"",""no_price_dollars"":""0.4700"",""taker_side"":""no"",""ticker"":""KXBTC15M-26APR272200-00"",""trade_id"":""74250b46-6fb5-6c07-a5cd-846e115f3425"",""yes_price_dollars"":""0.5300""}"
KXBTC15M-26APR272200-00,e15abef7-7b61-6c8f-0c20-11769fefcff1,1777340735,0.53,1.0,no,"{""count_fp"":""1.00"",""created_time"":""2026-04-28T01:45:35.296832Z"",""no_price_dollars"":""0.4700"",""taker_side"":""no"",""ticker"":""KXBTC15M-26APR272200-00"",""trade_id"":""e15abef7-7b61-6c8f-0c20-11769fefcff1"",""yes_price_dollars"":""0.5300""}"
KXBTC15M-26APR272200-00,f3245649-ab34-5b02-1607-6c71aabaa1ae,1777340736,0.54,35.25,yes,"{""count_fp"":""35.25"",""created_time"":""2026-04-28T01:45:36.355108Z"",""no_price_dollars"":""0.4600"",""taker_side"":""yes"",""ticker"":""KXBTC15M-26APR272200-00"",""trade_id"":""f3245649-ab34-5b02-1607-6c71aabaa1ae"",""yes_price_dollars"":""0.5400""}"
KXBTC15M-26APR272200-00,545ea715-0008-64b6-6f82-d52a37775e66,1777340736,0.54,1.0,yes,"{""count_fp"":""1.00"",""created_time"":""2026-04-28T01:45:36.268931Z"",""no_price_dollars"":""0.4600"",""taker_side"":""yes"",""ticker"":""KXBTC15M-26APR272200-00"",""trade_id"":""545ea715-0008-64b6-6f82-d52a37775e66"",""yes_price_dollars"":""0.5400""}"
KXBTC15M-26APR272200-00,c974cf90-2481-4430-e4bc-27d30e5cc0dc,1777340736,0.53,1.0,no,"{""count_fp"":""1.00"",""created_time"":""2026-04-28T01:45:36.156342Z"",""no_price_dollars"":""0.4700"",""taker_side"":""no"",""ticker"":""KXBTC15M-26APR272200-00"",""trade_id"":""c974cf90-2481-4430-e4bc-27d30e5cc0dc"",""yes_price_dollars"":""0.5300""}"
KXBTC15M-26APR272200-00,2b6e500f-2a5c-7392-0806-190e4263bd1a,1777340736,0.54,3.58,yes,"{""count_fp"":""3.58"",""created_time"":""2026-04-28T01:45:36.146378Z"",""no_price_dollars"":""0.4600"",""taker_side"":""yes"",""ticker"":""KXBTC15M-26APR272200-00"",""trade_id"":""2b6e500f-2a5c-7392-0806-190e4263bd1a"",""yes_price_dollars"":""0.5400""}"
KXBTC15M-26APR272200-00,097debd8-3402-7c03-b97e-620455743870,1777340737,0.54,35.88,yes,"{""count_fp"":""35.88"",""created_time"":""2026-04-28T01:45:37.847062Z"",""no_price_dollars"":""0.4600"",""taker_side"":""yes"",""ticker"":""KXBTC15M-26APR272200-00"",""trade_id"":""097debd8-3402-7c03-b97e-620455743870"",""yes_price_dollars"":""0.5400""}"
KXBTC15M-26APR272200-00,50cb86e3-0482-7176-b7b3-687bdb0a2323,1777340737,0.53,2.05,no,"{""count_fp"":""2.05"",""created_time"":""2026-04-28T01:45:37.637822Z"",""no_price_dollars"":""0.4700"",""taker_side"":""no"",""ticker"":""KXBTC15M-26APR272200-00"",""trade_id"":""50cb86e3-0482-7176-b7b3-687bdb0a2323"",""yes_price_dollars"":""0.5300""}"
KXBTC15M-26APR272200-00,b6533fa2-57df-6511-b8c5-3aaeaf34b377,1777340737,0.53,2.0,no,"{""count_fp"":""2.00"",""created_time"":""2026-04-28T01:45:37.460483Z"",""no_price_dollars"":""0.4700"",""taker_side"":""no"",""ticker"":""KXBTC15M-26APR272200-00"",""trade_id"":""b6533fa2-57df-6511-b8c5-3aaeaf34b377"",""yes_price_dollars"":""0.5300""}"
KXBTC15M-26APR272200-00,86772def-5a86-637a-b9c7-a32c585ad4af,1777340737,0.53,8.0,no,"{""count_fp"":""8.00"",""created_time"":""2026-04-28T01:45:37.460483Z"",""no_price_dollars"":""0.4700"",""taker_side"":""no"",""ticker"":""KXBTC15M-26APR272200-00"",""trade_id"":""86772def-5a86-637a-b9c7-a32c585ad4af"",""yes_price_dollars"":""0.5300""}"
KXBTC15M-26APR272200-00,fa4ca394-91bc-52d2-cd2a-9c7a837dce6e,1777340737,0.54,15.31,yes,"{""count_fp"":""15.31"",""created_time"":""2026-04-28T01:45:37.302371Z"",""no_price_dollars"":""0.4600"",""taker_side"":""yes"",""ticker"":""KXBTC15M-26APR272200-00"",""trade_id"":""fa4ca394-91bc-52d2-cd2a-9c7a837dce6e"",""yes_price_dollars"":""0.5400""}"
KXBTC15M-26APR272200-00,72f292cf-2945-5696-c3a9-7c36b959396b,1777340737,0.54,2.63,yes,"{""count_fp"":""2.63"",""created_time"":""2026-04-28T01:45:37.302371Z"",""no_price_dollars"":""0.4600"",""taker_side"":""yes"",""ticker"":""KXBTC15M-26APR272200-00"",""trade_id"":""72f292cf-2945-5696-c3a9-7c36b959396b"",""yes_price_dollars"":""0.5400""}"
KXBTC15M-26APR272200-00,3b343fd5-3664-53c2-e3f4-64cb72754cf6,1777340737,0.54,26.91,yes,"{""count_fp"":""26.91"",""created_time"":""2026-04-28T01:45:37.286849Z"",""no_price_dollars"":""0.4600"",""taker_side"":""yes"",""ticker"":""KXBTC15M-26APR272200-00"",""trade_id"":""3b343fd5-3664-53c2-e3f4-64cb72754cf6"",""yes_price_dollars"":""0.5400""}"
KXBTC15M-26APR272200-00,b7c42896-f178-5c66-b958-c27afe6aebc6,1777340737,0.54,179.4,yes,"{""count_fp"":""179.40"",""created_time"":""2026-04-28T01:45:37.132033Z"",""no_price_dollars"":""0.4600"",""taker_side"":""yes"",""ticker"":""KXBTC15M-26APR272200-00"",""trade_id"":""b7c42896-f178-5c66-b958-c27afe6aebc6"",""yes_price_dollars"":""0.5400""}"
KXBTC15M-26APR272200-00,e016582d-a651-74ec-0fe6-e926f5534d85,1777340738,0.51,30.0,no,"{""count_fp"":""30.00"",""created_time"":""2026-04-28T01:45:38.782839Z"",""no_price_dollars"":""0.4900"",""taker_side"":""no"",""ticker"":""KXBTC15M-26APR272200-00"",""trade_id"":""e016582d-a651-74ec-0fe6-e926f5534d85"",""yes_price_dollars"":""0.5100""}"
KXBTC15M-26APR272200-00,abb5dac8-0433-7e7a-3e88-ff762a72d53e,1777340738,0.51,20.0,no,"{""count_fp"":""20.00"",""created_time"":""2026-04-28T01:45:38.782839Z"",""no_price_dollars"":""0.4900"",""taker_side"":""no"",""ticker"":""KXBTC15M-26APR272200-00"",""trade_id"":""abb5dac8-0433-7e7a-3e88-ff762a72d53e"",""yes_price_dollars"":""0.5100""}"
KXBTC15M-26APR272200-00,9dcdf481-f8f4-7dbc-1011-6baadcc62a04,1777340738,0.51,20.0,no,"{""count_fp"":""20.00"",""created_time"":""2026-04-28T01:45:38.782839Z"",""no_price_dollars"":""0.4900"",""taker_side"":""no"",""ticker"":""KXBTC15M-26APR272200-00"",""trade_id"":""9dcdf481-f8f4-7dbc-1011-6baadcc62a04"",""yes_price_dollars"":""0.5100""}"
KXBTC15M-26APR272200-00,77d1e66e-ab70-7238-39b2-03beca01ce0c,1777340738,0.52,32.0,no,"{""count_fp"":""32.00"",""created_time"":""2026-04-28T01:45:38.782839Z"",""no_price_dollars"":""0.4800"",""taker_side"":""no"",""ticker"":""KXBTC15M-26APR272200-00"",""trade_id"":""77d1e66e-ab70-7238-39b2-03beca01ce0c"",""yes_price_dollars"":""0.5200""}"
KXBTC15M-26APR272200-00,65bd2bf4-2162-732b-3809-47b3f24f8e2a,1777340738,0.51,80.29,no,"{""count_fp"":""80.29"",""created_time"":""2026-04-28T01:45:38.782839Z"",""no_price_dollars"":""0.4900"",""taker_side"":""no"",""ticker"":""KXBTC15M-26APR272200-00"",""trade_id"":""65bd2bf4-2162-732b-3809-47b3f24f8e2a"",""yes_price_dollars"":""0.5100""}"
KXBTC15M-26APR272200-00,217f6c5f-9e15-76cf-2482-a448bb4aeb14,1777340738,0.51,2.0,no,"{""count_fp"":""2.00"",""created_time"":""2026-04-28T01:45:38.782839Z"",""no_price_dollars"":""0.4900"",""taker_side"":""no"",""ticker"":""KXBTC15M-26APR272200-00"",""trade_id"":""217f6c5f-9e15-76cf-2482-a448bb4aeb14"",""yes_price_dollars"":""0.5100""}"
KXBTC15M-26APR272200-00,11a25b77-85d5-780d-1c80-9d61b7f49f7c,1777340738,0.52,8.01,no,"{""count_fp"":""8.01"",""created_time"":""2026-04-28T01:45:38.782839Z"",""no_price_dollars"":""0.4800"",""taker_side"":""no"",""ticker"":""KXBTC15M-26APR272200-00"",""trade_id"":""11a25b77-85d5-780d-1c80-9d61b7f49f7c"",""yes_price_dollars"":""0.5200""}"
KXBTC15M-26APR272200-00,df840fd6-bd0e-7bd2-ba59-f4ebf39b145b,1777340738,0.53,38.39,no,"{""count_fp"":""38.39"",""created_time"":""2026-04-28T01:45:38.515054Z"",""no_price_dollars"":""0.4700"",""taker_side"":""no"",""ticker"":""KXBTC15M-26APR272200-00"",""trade_id"":""df840fd6-bd0e-7bd2-ba59-f4ebf39b145b"",""yes_price_dollars"":""0.5300""}"
KXBTC15M-26APR272200-00,d82608d6-50da-7871-a747-c186691b5e33,1777340738,0.53,9.0,no,"{""count_fp"":""9.00"",""created_time"":""2026-04-28T01:45:38.515054Z"",""no_price_dollars"":""0.4700"",""taker_side"":""no"",""ticker"":""KXBTC15M-26APR272200-00"",""trade_id"":""d82608d6-50da-7871-a747-c186691b5e33"",""yes_price_dollars"":""0.5300""}"
KXBTC15M-26APR272200-00,587e65f9-6655-7f29-a8bb-5d6410b5b090,1777340738,0.52,23.99,no,"{""count_fp"":""23.99"",""created_time"":""2026-04-28T01:45:38.515054Z"",""no_price_dollars"":""0.4800"",""taker_side"":""no"",""ticker"":""KXBTC15M-26APR272200-00"",""trade_id"":""587e65f9-6655-7f29-a8bb-5d6410b5b090"",""yes_price_dollars"":""0.5200""}"
KXBTC15M-26APR272200-00,9b541947-fa52-6353-fe3a-8a442ff07208,1777340738,0.54,17.94,yes,"{""count_fp"":""17.94"",""created_time"":""2026-04-28T01:45:38.356181Z"",""no_price_dollars"":""0.4600"",""taker_side"":""yes"",""ticker"":""KXBTC15M-26APR272200-00"",""trade_id"":""9b541947-fa52-6353-fe3a-8a442ff07208"",""yes_price_dollars"":""0.5400""}"
KXBTC15M-26APR272200-00,a01e9575-95ee-6d9a-f4bd-1d3f4e93d8fb,1777340738,0.53,1.43,no,"{""count_fp"":""1.43"",""created_time"":""2026-04-28T01:45:38.183317Z"",""no_price_dollars"":""0.4700"",""taker_side"":""no"",""ticker"":""KXBTC15M-26APR272200-00"",""trade_id"":""a01e9575-95ee-6d9a-f4bd-1d3f4e93d8fb"",""yes_price_dollars"":""0.5300""}"
KXBTC15M-26APR272200-00,cca4e076-61c7-5702-2909-e8f2ff92f679,1777340739,0.52,2.33,yes,"{""count_fp"":""2.33"",""created_time"":""2026-04-28T01:45:39.169317Z"",""no_price_dollars"":""0.4800"",""taker_side"":""yes"",""ticker"":""KXBTC15M-26APR272200-00"",""trade_id"":""cca4e076-61c7-5702-2909-e8f2ff92f679"",""yes_price_dollars"":""0.5200""}"
KXBTC15M-26APR272200-00,8ef5f485-2467-7a1a-e7ca-7e64b48851a9,1777340740,0.52,37.0,yes,"{""count_fp"":""37.00"",""created_time"":""2026-04-28T01:45:40.766706Z"",""no_price_dollars"":""0.4800"",""taker_side"":""yes"",""ticker"":""KXBTC15M-26APR272200-00"",""trade_id"":""8ef5f485-2467-7a1a-e7ca-7e64b48851a9"",""yes_price_dollars"":""0.5200""}"
KXBTC15M-26APR272200-00,c27159b3-d91d-44ea-ee82-d25b63377a2a,1777340740,0.51,20.0,no,"{""count_fp"":""20.00"",""created_time"":""2026-04-28T01:45:40.704443Z"",""no_price_dollars"":""0.4900"",""taker_side"":""no"",""ticker"":""KXBTC15M-26APR272200-00"",""trade_id"":""c27159b3-d91d-44ea-ee82-d25b63377a2a"",""yes_price_dollars"":""0.5100""}"
KXBTC15M-26APR272200-00,92fe4eb8-fe77-4925-f26f-a27696d4bb35,1777340740,0.51,20.0,no,"{""count_fp"":""20.00"",""created_time"":""2026-04-28T01:45:40.704443Z"",""no_price_dollars"":""0.4900"",""taker_side"":""no"",""ticker"":""KXBTC15M-26APR272200-00"",""trade_id"":""92fe4eb8-fe77-4925-f26f-a27696d4bb35"",""yes_price_dollars"":""0.5100""}"
KXBTC15M-26APR272200-00,5f6828f2-e975-4917-e16c-40a2bbd98a87,1777340740,0.51,19.84,no,"{""count_fp"":""19.84"",""created_time"":""2026-04-28T01:45:40.704443Z"",""no_price_dollars"":""0.4900"",""taker_side"":""no"",""ticker"":""KXBTC15M-26APR272200-00"",""trade_id"":""5f6828f2-e975-4917-e16c-40a2bbd98a87"",""yes_price_dollars"":""0.5100""}"
KXBTC15M-26APR272200-00,571c0794-6ac6-441f-d033-70c8c305c5af,1777340740,0.51,17.0,no,"{""count_fp"":""17.00"",""created_time"":""2026-04-28T01:45:40.704443Z"",""no_price_dollars"":""0.4900"",""taker_side"":""no"",""ticker"":""KXBTC15M-26APR272200-00"",""trade_id"":""571c0794-6ac6-441f-d033-70c8c305c5af"",""yes_price_dollars"":""0.5100""}"
KXBTC15M-26APR272200-00,ab406e47-81db-6f62-053b-a7a8600c17d1,1777340740,0.52,106.05,yes,"{""count_fp"":""106.05"",""created_time"":""2026-04-28T01:45:40.009532Z"",""no_price_dollars"":""0.4800"",""taker_side"":""yes"",""ticker"":""KXBTC15M-26APR272200-00"",""trade_id"":""ab406e47-81db-6f62-053b-a7a8600c17d1"",""yes_price_dollars"":""0.5200""}"
KXBTC15M-26APR272200-00,3d85d8ff-0b6f-70e2-3448-15c9daf26c59,1777340741,0.52,1.86,yes,"{""count_fp"":""1.86"",""created_time"":""2026-04-28T01:45:41.835526Z"",""no_price_dollars"":""0.4800"",""taker_side"":""yes"",""ticker"":""KXBTC15M-26APR272200-00"",""trade_id"":""3d85d8ff-0b6f-70e2-3448-15c9daf26c59"",""yes_price_dollars"":""0.5200""}"
KXBTC15M-26APR272200-00,12e235ff-ed4f-48ae-85be-5e6b0a922a2d,1777340741,0.52,8.97,yes,"{""count_fp"":""8.97"",""created_time"":""2026-04-28T01:45:41.485361Z"",""no_price_dollars"":""0.4800"",""taker_side"":""yes"",""ticker"":""KXBTC15M-26APR272200-00"",""trade_id"":""12e235ff-ed4f-48ae-85be-5e6b0a922a2d"",""yes_price_dollars"":""0.5200""}"
KXBTC15M-26APR272200-00,e56abb4b-e32f-7116-1f37-fe48895f7c61,1777340741,0.52,1.43,yes,"{""count_fp"":""1.43"",""created_time"":""2026-04-28T01:45:41.122281Z"",""no_price_dollars"":""0.4800"",""taker_side"":""yes"",""ticker"":""KXBTC15M-26APR272200-00"",""trade_id"":""e56abb4b-e32f-7116-1f37-fe48895f7c61"",""yes_price_dollars"":""0.5200""}"
KXBTC15M-26APR272200-00,96b8bbd9-45ab-7ebe-a43f-f3c604ccc535,1777340741,0.52,3.72,yes,"{""count_fp"":""3.72"",""created_time"":""2026-04-28T01:45:41.109636Z"",""no_price_dollars"":""0.4800"",""taker_side"":""yes"",""ticker"":""KXBTC15M-26APR272200-00"",""trade_id"":""96b8bbd9-45ab-7ebe-a43f-f3c604ccc535"",""yes_price_dollars"":""0.5200""}"
