ticker,trade_id,ts,yes_price,count,taker_side,raw_json
KXBTC15M-26APR280145-45,2d955def-78a0-66c9-3475-0508917e9818,1777354200,0.5,8.0,no,"{""count_fp"":""8.00"",""created_time"":""2026-04-28T05:30:00.882357Z"",""no_price_dollars"":""0.5000"",""taker_side"":""no"",""ticker"":""KXBTC15M-26APR280145-45"",""trade_id"":""2d955def-78a0-66c9-3475-0508917e9818"",""yes_price_dollars"":""0.5000""}"
KXBTC15M-26APR280145-45,0af12b05-4324-44b5-60f4-7217f20b5314,1777354200,0.5,1.0,no,"{""count_fp"":""1.00"",""created_time"":""2026-04-28T05:30:00.746044Z"",""no_price_dollars"":""0.5000"",""taker_side"":""no"",""ticker"":""KXBTC15M-26APR280145-45"",""trade_id"":""0af12b05-4324-44b5-60f4-7217f20b5314"",""yes_price_dollars"":""0.5000""}"
KXBTC15M-26APR280145-45,8c76ba4f-d384-4467-4a67-a23984e3aef9,1777354200,0.5,1.0,yes,"{""count_fp"":""1.00"",""created_time"":""2026-04-28T05:30:00.623171Z"",""no_price_dollars"":""0.5000"",""taker_side"":""yes"",""ticker"":""KXBTC15M-26APR280145-45"",""trade_id"":""8c76ba4f-d384-4467-4a67-a23984e3aef9"",""yes_price_dollars"":""0.5000""}"
KXBTC15M-26APR280145-45,1b2c066e-8b29-5479-24c4-cdd57043e903,1777354201,0.47,4.15,no,"{""count_fp"":""4.15"",""created_time"":""2026-04-28T05:30:01.238349Z"",""no_price_dollars"":""0.5300"",""taker_side"":""no"",""ticker"":""KXBTC15M-26APR280145-45"",""trade_id"":""1b2c066e-8b29-5479-24c4-cdd57043e903"",""yes_price_dollars"":""0.4700""}"
KXBTC15M-26APR280145-45,357a4060-6948-4f3f-68f4-b961cb2dd718,1777354201,0.49,1.0,yes,"{""count_fp"":""1.00"",""created_time"":""2026-04-28T05:30:01.107747Z"",""no_price_dollars"":""0.5100"",""taker_side"":""yes"",""ticker"":""KXBTC15M-26APR280145-45"",""trade_id"":""357a4060-6948-4f3f-68f4-b961cb2dd718"",""yes_price_dollars"":""0.4900""}"
KXBTC15M-26APR280145-45,767d7271-23d4-6f28-24b4-b9c2ea8273b9,1777354202,0.46,1.0,no,"{""count_fp"":""1.00"",""created_time"":""2026-04-28T05:30:02.654736Z"",""no_price_dollars"":""0.5400"",""taker_side"":""no"",""ticker"":""KXBTC15M-26APR280145-45"",""trade_id"":""767d7271-23d4-6f28-24b4-b9c2ea8273b9"",""yes_price_dollars"":""0.4600""}"
KXBTC15M-26APR280145-45,5c3472e4-0e0c-6548-1334-6c87209988ae,1777354202,0.46,1.0,no,"{""count_fp"":""1.00"",""created_time"":""2026-04-28T05:30:02.654736Z"",""no_price_dollars"":""0.5400"",""taker_side"":""no"",""ticker"":""KXBTC15M-26APR280145-45"",""trade_id"":""5c3472e4-0e0c-6548-1334-6c87209988ae"",""yes_price_dollars"":""0.4600""}"
KXBTC15M-26APR280145-45,f42a6e90-7ed0-5882-76ab-84a6d229fb15,1777354203,0.47,8.85,yes,"{""count_fp"":""8.85"",""created_time"":""2026-04-28T05:30:03.549622Z"",""no_price_dollars"":""0.5300"",""taker_side"":""yes"",""ticker"":""KXBTC15M-26APR280145-45"",""trade_id"":""f42a6e90-7ed0-5882-76ab-84a6d229fb15"",""yes_price_dollars"":""0.4700""}"
KXBTC15M-26APR280145-45,2d3c277f-e7a8-59b8-42df-97049bd2f2bf,1777354203,0.47,1.36,yes,"{""count_fp"":""1.36"",""created_time"":""2026-04-28T05:30:03.549622Z"",""no_price_dollars"":""0.5300"",""taker_side"":""yes"",""ticker"":""KXBTC15M-26APR280145-45"",""trade_id"":""2d3c277f-e7a8-59b8-42df-97049bd2f2bf"",""yes_price_dollars"":""0.4700""}"
KXBTC15M-26APR280145-45,c91544e1-abfc-50b4-242c-cd2591f04644,1777354203,0.46,20.0,yes,"{""count_fp"":""20.00"",""created_time"":""2026-04-28T05:30:03.434381Z"",""no_price_dollars"":""0.5400"",""taker_side"":""yes"",""ticker"":""KXBTC15M-26APR280145-45"",""trade_id"":""c91544e1-abfc-50b4-242c-cd2591f04644"",""yes_price_dollars"":""0.4600""}"
KXBTC15M-26APR280145-45,a11b5bc6-466d-598b-0532-ae79c92fcac9,1777354203,0.46,12.0,yes,"{""count_fp"":""12.00"",""created_time"":""2026-04-28T05:30:03.434381Z"",""no_price_dollars"":""0.5400"",""taker_side"":""yes"",""ticker"":""KXBTC15M-26APR280145-45"",""trade_id"":""a11b5bc6-466d-598b-0532-ae79c92fcac9"",""yes_price_dollars"":""0.4600""}"
KXBTC15M-26APR280145-45,c0318f45-c0aa-7fd9-d4b3-0f1b054fba56,1777354204,0.47,78.55,no,"{""count_fp"":""78.55"",""created_time"":""2026-04-28T05:30:04.975859Z"",""no_price_dollars"":""0.5300"",""taker_side"":""no"",""ticker"":""KXBTC15M-26APR280145-45"",""trade_id"":""c0318f45-c0aa-7fd9-d4b3-0f1b054fba56"",""yes_price_dollars"":""0.4700""}"
KXBTC15M-26APR280145-45,5630b82b-0a42-73ec-ebdb-a4633c8cb009,1777354204,0.48,11.12,no,"{""count_fp"":""11.12"",""created_time"":""2026-04-28T05:30:04.975859Z"",""no_price_dollars"":""0.5200"",""taker_side"":""no"",""ticker"":""KXBTC15M-26APR280145-45"",""trade_id"":""5630b82b-0a42-73ec-ebdb-a4633c8cb009"",""yes_price_dollars"":""0.4800""}"
KXBTC15M-26APR280145-45,a1f597d4-cbe6-65b9-acb4-45d779fc565c,1777354204,0.49,1.12,no,"{""count_fp"":""1.12"",""created_time"":""2026-04-28T05:30:04.180902Z"",""no_price_dollars"":""0.5100"",""taker_side"":""no"",""ticker"":""KXBTC15M-26APR280145-45"",""trade_id"":""a1f597d4-cbe6-65b9-acb4-45d779fc565c"",""yes_price_dollars"":""0.4900""}"
KXBTC15M-26APR280145-45,320956b1-b74e-680c-9ce0-b67d4c04efd1,1777354204,0.49,8.88,no,"{""count_fp"":""8.88"",""created_time"":""2026-04-28T05:30:04.180902Z"",""no_price_dollars"":""0.5100"",""taker_side"":""no"",""ticker"":""KXBTC15M-26APR280145-45"",""trade_id"":""320956b1-b74e-680c-9ce0-b67d4c04efd1"",""yes_price_dollars"":""0.4900""}"
KXBTC15M-26APR280145-45,de7094c8-6ca4-7f3b-38e8-cc2bcd3f291c,1777354206,0.47,11.24,no,"{""count_fp"":""11.24"",""created_time"":""2026-04-28T05:30:06.895287Z"",""no_price_dollars"":""0.5300"",""taker_side"":""no"",""ticker"":""KXBTC15M-26APR280145-45"",""trade_id"":""de7094c8-6ca4-7f3b-38e8-cc2bcd3f291c"",""yes_price_dollars"":""0.4700""}"
KXBTC15M-26APR280145-45,ac0c75b0-5469-778d-01c7-9c2f350e8ac7,1777354206,0.47,33.61,no,"{""count_fp"":""33.61"",""created_time"":""2026-04-28T05:30:06.895287Z"",""no_price_dollars"":""0.5300"",""taker_side"":""no"",""ticker"":""KXBTC15M-26APR280145-45"",""trade_id"":""ac0c75b0-5469-778d-01c7-9c2f350e8ac7"",""yes_price_dollars"":""0.4700""}"
KXBTC15M-26APR280145-45,7aa0940a-e279-50bd-b45d-96715f0a1583,1777354206,0.49,1.39,no,"{""count_fp"":""1.39"",""created_time"":""2026-04-28T05:30:06.670167Z"",""no_price_dollars"":""0.5100"",""taker_side"":""no"",""ticker"":""KXBTC15M-26APR280145-45"",""trade_id"":""7aa0940a-e279-50bd-b45d-96715f0a1583"",""yes_price_dollars"":""0.4900""}"
KXBTC15M-26APR280145-45,6a2daf80-0ae3-57de-984e-a336b8c28baf,1777354206,0.49,1.12,no,"{""count_fp"":""1.12"",""created_time"":""2026-04-28T05:30:06.670167Z"",""no_price_dollars"":""0.5100"",""taker_side"":""no"",""ticker"":""KXBTC15M-26APR280145-45"",""trade_id"":""6a2daf80-0ae3-57de-984e-a336b8c28baf"",""yes_price_dollars"":""0.4900""}"
KXBTC15M-26APR280145-45,9c470f13-600b-598b-1f71-ecf9710094ef,1777354206,0.5,55.0,yes,"{""count_fp"":""55.00"",""created_time"":""2026-04-28T05:30:06.568024Z"",""no_price_dollars"":""0.5000"",""taker_side"":""yes"",""ticker"":""KXBTC15M-26APR280145-45"",""trade_id"":""9c470f13-600b-598b-1f71-ecf9710094ef"",""yes_price_dollars"":""0.5000""}"
KXBTC15M-26APR280145-45,88449b0e-c6a6-5ed1-3ea5-dd4343f804a2,1777354206,0.5,26.0,yes,"{""count_fp"":""26.00"",""created_time"":""2026-04-28T05:30:06.568024Z"",""no_price_dollars"":""0.5000"",""taker_side"":""yes"",""ticker"":""KXBTC15M-26APR280145-45"",""trade_id"":""88449b0e-c6a6-5ed1-3ea5-dd4343f804a2"",""yes_price_dollars"":""0.5000""}"
KXBTC15M-26APR280145-45,8522e9cc-c3a0-5b94-190b-3fda5a3079f8,1777354206,0.5,32.23,yes,"{""count_fp"":""32.23"",""created_time"":""2026-04-28T05:30:06.568024Z"",""no_price_dollars"":""0.5000"",""taker_side"":""yes"",""ticker"":""KXBTC15M-26APR280145-45"",""trade_id"":""8522e9cc-c3a0-5b94-190b-3fda5a3079f8"",""yes_price_dollars"":""0.5000""}"
KXBTC15M-26APR280145-45,82a7a5ba-0cc5-5221-381c-b6e168bf86ea,1777354206,0.5,25.0,yes,"{""count_fp"":""25.00"",""created_time"":""2026-04-28T05:30:06.568024Z"",""no_price_dollars"":""0.5000"",""taker_side"":""yes"",""ticker"":""KXBTC15M-26APR280145-45"",""trade_id"":""82a7a5ba-0cc5-5221-381c-b6e168bf86ea"",""yes_price_dollars"":""0.5000""}"
KXBTC15M-26APR280145-45,4e5609c9-a292-5ee3-0f7e-a065ae3ee782,1777354206,0.5,55.0,yes,"{""count_fp"":""55.00"",""created_time"":""2026-04-28T05:30:06.568024Z"",""no_price_dollars"":""0.5000"",""taker_side"":""yes"",""ticker"":""KXBTC15M-26APR280145-45"",""trade_id"":""4e5609c9-a292-5ee3-0f7e-a065ae3ee782"",""yes_price_dollars"":""0.5000""}"
KXBTC15M-26APR280145-45,5a8b9a19-19e6-7e3d-e66a-970932a4ae4e,1777354206,0.5,94.0,yes,"{""count_fp"":""94.00"",""created_time"":""2026-04-28T05:30:06.442125Z"",""no_price_dollars"":""0.5000"",""taker_side"":""yes"",""ticker"":""KXBTC15M-26APR280145-45"",""trade_id"":""5a8b9a19-19e6-7e3d-e66a-970932a4ae4e"",""yes_price_dollars"":""0.5000""}"
KXBTC15M-26APR280145-45,1ac0d95f-44af-79d1-c8e8-9c6ff34dfa02,1777354206,0.5,6.0,yes,"{""count_fp"":""6.00"",""created_time"":""2026-04-28T05:30:06.442125Z"",""no_price_dollars"":""0.5000"",""taker_side"":""yes"",""ticker"":""KXBTC15M-26APR280145-45"",""trade_id"":""1ac0d95f-44af-79d1-c8e8-9c6ff34dfa02"",""yes_price_dollars"":""0.5000""}"
KXBTC15M-26APR280145-45,c67db25f-0f34-6fc0-f7d5-5a9d106446d1,1777354207,0.46,5.0,no,"{""count_fp"":""5.00"",""created_time"":""2026-04-28T05:30:07.552124Z"",""no_price_dollars"":""0.5400"",""taker_side"":""no"",""ticker"":""KXBTC15M-26APR280145-45"",""trade_id"":""c67db25f-0f34-6fc0-f7d5-5a9d106446d1"",""yes_price_dollars"":""0.4600""}"
KXBTC15M-26APR280145-45,748339f4-3bc5-602a-c6ff-987773a4779e,1777354207,0.46,1.0,no,"{""count_fp"":""1.00"",""created_time"":""2026-04-28T05:30:07.552124Z"",""no_price_dollars"":""0.5400"",""taker_side"":""no"",""ticker"":""KXBTC15M-26APR280145-45"",""trade_id"":""748339f4-3bc5-602a-c6ff-987773a4779e"",""yes_price_dollars"":""0.4600""}"
KXBTC15M-26APR280145-45,3a644c2c-75df-6f1c-e5a2-13409dfc7b78,1777354207,0.46,10.0,no,"{""count_fp"":""10.00"",""created_time"":""2026-04-28T05:30:07.552124Z"",""no_price_dollars"":""0.5400"",""taker_side"":""no"",""ticker"":""KXBTC15M-26APR280145-45"",""trade_id"":""3a644c2c-75df-6f1c-e5a2-13409dfc7b78"",""yes_price_dollars"":""0.4600""}"
KXBTC15M-26APR280145-45,d39584a9-5824-56b3-00b3-9c3762f2fbb5,1777354208,0.45,10.0,no,"{""count_fp"":""10.00"",""created_time"":""2026-04-28T05:30:08.928995Z"",""no_price_dollars"":""0.5500"",""taker_side"":""no"",""ticker"":""KXBTC15M-26APR280145-45"",""trade_id"":""d39584a9-5824-56b3-00b3-9c3762f2fbb5"",""yes_price_dollars"":""0.4500""}"
KXBTC15M-26APR280145-45,dfff87f4-80cc-4826-687b-f0cbc8eea426,1777354208,0.44,6.0,no,"{""count_fp"":""6.00"",""created_time"":""2026-04-28T05:30:08.899624Z"",""no_price_dollars"":""0.5600"",""taker_side"":""no"",""ticker"":""KXBTC15M-26APR280145-45"",""trade_id"":""dfff87f4-80cc-4826-687b-f0cbc8eea426"",""yes_price_dollars"":""0.4400""}"
KXBTC15M-26APR280145-45,ccff01d7-7cd1-4ea4-56da-f8045a60ea1a,1777354208,0.41,4.0,no,"{""count_fp"":""4.00"",""created_time"":""2026-04-28T05:30:08.899624Z"",""no_price_dollars"":""0.5900"",""taker_side"":""no"",""ticker"":""KXBTC15M-26APR280145-45"",""trade_id"":""ccff01d7-7cd1-4ea4-56da-f8045a60ea1a"",""yes_price_dollars"":""0.4100""}"
KXBTC15M-26APR280145-45,c97d6c8b-0ea3-45cd-7987-200cfe3c207b,1777354208,0.4,119.0,no,"{""count_fp"":""119.00"",""created_time"":""2026-04-28T05:30:08.899624Z"",""no_price_dollars"":""0.6000"",""taker_side"":""no"",""ticker"":""KXBTC15M-26APR280145-45"",""trade_id"":""c97d6c8b-0ea3-45cd-7987-200cfe3c207b"",""yes_price_dollars"":""0.4000""}"
KXBTC15M-26APR280145-45,c5f59fb9-9aac-4d07-5dcc-51536a2f39f5,1777354208,0.42,2.0,no,"{""count_fp"":""2.00"",""created_time"":""2026-04-28T05:30:08.899624Z"",""no_price_dollars"":""0.5800"",""taker_side"":""no"",""ticker"":""KXBTC15M-26APR280145-45"",""trade_id"":""c5f59fb9-9aac-4d07-5dcc-51536a2f39f5"",""yes_price_dollars"":""0.4200""}"
KXBTC15M-26APR280145-45,a7ae89c7-cf8b-4948-7cfa-fc5bb5fc5c58,1777354208,0.41,119.0,no,"{""count_fp"":""119.00"",""created_time"":""2026-04-28T05:30:08.899624Z"",""no_price_dollars"":""0.5900"",""taker_side"":""no"",""ticker"":""KXBTC15M-26APR280145-45"",""trade_id"":""a7ae89c7-cf8b-4948-7cfa-fc5bb5fc5c58"",""yes_price_dollars"":""0.4100""}"
KXBTC15M-26APR280145-45,a4b503ea-3873-4c7d-534d-0c402a0a6bc7,1777354208,0.44,8.0,no,"{""count_fp"":""8.00"",""created_time"":""2026-04-28T05:30:08.899624Z"",""no_price_dollars"":""0.5600"",""taker_side"":""no"",""ticker"":""KXBTC15M-26APR280145-45"",""trade_id"":""a4b503ea-3873-4c7d-534d-0c402a0a6bc7"",""yes_price_dollars"":""0.4400""}"
KXBTC15M-26APR280145-45,8f4a9ffd-3bf6-4e80-731f-0edb524fba0c,1777354208,0.43,10.0,no,"{""count_fp"":""10.00"",""created_time"":""2026-04-28T05:30:08.899624Z"",""no_price_dollars"":""0.5700"",""taker_side"":""no"",""ticker"":""KXBTC15M-26APR280145-45"",""trade_id"":""8f4a9ffd-3bf6-4e80-731f-0edb524fba0c"",""yes_price_dollars"":""0.4300""}"
KXBTC15M-26APR280145-45,7cf66b98-bf50-4140-5ed7-15fed6d8f617,1777354208,0.43,1.0,no,"{""count_fp"":""1.00"",""created_time"":""2026-04-28T05:30:08.899624Z"",""no_price_dollars"":""0.5700"",""taker_side"":""no"",""ticker"":""KXBTC15M-26APR280145-45"",""trade_id"":""7cf66b98-bf50-4140-5ed7-15fed6d8f617"",""yes_price_dollars"":""0.4300""}"
KXBTC15M-26APR280145-45,5f07a352-9121-4c6e-7546-263317697384,1777354208,0.4,1.0,no,"{""count_fp"":""1.00"",""created_time"":""2026-04-28T05:30:08.899624Z"",""no_price_dollars"":""0.6000"",""taker_side"":""no"",""ticker"":""KXBTC15M-26APR280145-45"",""trade_id"":""5f07a352-9121-4c6e-7546-263317697384"",""yes_price_dollars"":""0.4000""}"
KXBTC15M-26APR280145-45,3054ec4a-7b94-4356-45dd-0506348e57b6,1777354208,0.41,5.0,no,"{""count_fp"":""5.00"",""created_time"":""2026-04-28T05:30:08.899624Z"",""no_price_dollars"":""0.5900"",""taker_side"":""no"",""ticker"":""KXBTC15M-26APR280145-45"",""trade_id"":""3054ec4a-7b94-4356-45dd-0506348e57b6"",""yes_price_dollars"":""0.4100""}"
KXBTC15M-26APR280145-45,1c078ccb-6356-45b2-75af-34dd8c77d3d3,1777354208,0.39,15.24,no,"{""count_fp"":""15.24"",""created_time"":""2026-04-28T05:30:08.899624Z"",""no_price_dollars"":""0.6100"",""taker_side"":""no"",""ticker"":""KXBTC15M-26APR280145-45"",""trade_id"":""1c078ccb-6356-45b2-75af-34dd8c77d3d3"",""yes_price_dollars"":""0.3900""}"
KXBTC15M-26APR280145-45,06a32e7c-ffd9-489c-7693-22b5a7058aee,1777354208,0.41,5.0,no,"{""count_fp"":""5.00"",""created_time"":""2026-04-28T05:30:08.899624Z"",""no_price_dollars"":""0.5900"",""taker_side"":""no"",""ticker"":""KXBTC15M-26APR280145-45"",""trade_id"":""06a32e7c-ffd9-489c-7693-22b5a7058aee"",""yes_price_dollars"":""0.4100""}"
KXBTC15M-26APR280145-45,01aeb06c-5af1-4cea-53a7-3189ad66798a,1777354208,0.42,1.0,no,"{""count_fp"":""1.00"",""created_time"":""2026-04-28T05:30:08.899624Z"",""no_price_dollars"":""0.5800"",""taker_side"":""no"",""ticker"":""KXBTC15M-26APR280145-45"",""trade_id"":""01aeb06c-5af1-4cea-53a7-3189ad66798a"",""yes_price_dollars"":""0.4200""}"
KXBTC15M-26APR280145-45,a1975f40-fcc3-6e64-0b56-d77c69733a07,1777354208,0.45,43.0,yes,"{""count_fp"":""43.00"",""created_time"":""2026-04-28T05:30:08.509359Z"",""no_price_dollars"":""0.5500"",""taker_side"":""yes"",""ticker"":""KXBTC15M-26APR280145-45"",""trade_id"":""a1975f40-fcc3-6e64-0b56-d77c69733a07"",""yes_price_dollars"":""0.4500""}"
KXBTC15M-26APR280145-45,1cc350a8-e308-637b-30d4-b4108db523e4,1777354208,0.46,5.3,yes,"{""count_fp"":""5.30"",""created_time"":""2026-04-28T05:30:08.509359Z"",""no_price_dollars"":""0.5400"",""taker_side"":""yes"",""ticker"":""KXBTC15M-26APR280145-45"",""trade_id"":""1cc350a8-e308-637b-30d4-b4108db523e4"",""yes_price_dollars"":""0.4600""}"
KXBTC15M-26APR280145-45,77849dbf-b8ff-4836-415d-51e99fb7afa1,1777354208,0.44,1.0,no,"{""count_fp"":""1.00"",""created_time"":""2026-04-28T05:30:08.355882Z"",""no_price_dollars"":""0.5600"",""taker_side"":""no"",""ticker"":""KXBTC15M-26APR280145-45"",""trade_id"":""77849dbf-b8ff-4836-415d-51e99fb7afa1"",""yes_price_dollars"":""0.4400""}"
KXBTC15M-26APR280145-45,73dd79dc-e8eb-75c0-ec04-98d323f57f74,1777354209,0.46,1.0,yes,"{""count_fp"":""1.00"",""created_time"":""2026-04-28T05:30:09.019689Z"",""no_price_dollars"":""0.5400"",""taker_side"":""yes"",""ticker"":""KXBTC15M-26APR280145-45"",""trade_id"":""73dd79dc-e8eb-75c0-ec04-98d323f57f74"",""yes_price_dollars"":""0.4600""}"
KXBTC15M-26APR280145-45,966c14c9-10b9-710a-e890-620f8cc7972b,1777354210,0.4,10.47,yes,"{""count_fp"":""10.47"",""created_time"":""2026-04-28T05:30:10.354741Z"",""no_price_dollars"":""0.6000"",""taker_side"":""yes"",""ticker"":""KXBTC15M-26APR280145-45"",""trade_id"":""966c14c9-10b9-710a-e890-620f8cc7972b"",""yes_price_dollars"":""0.4000""}"
KXBTC15M-26APR280145-45,92481e42-b0ae-63de-b056-3801252dbaab,1777354210,0.39,59.18,no,"{""count_fp"":""59.18"",""created_time"":""2026-04-28T05:30:10.097691Z"",""no_price_dollars"":""0.6100"",""taker_side"":""no"",""ticker"":""KXBTC15M-26APR280145-45"",""trade_id"":""92481e42-b0ae-63de-b056-3801252dbaab"",""yes_price_dollars"":""0.3900""}"
KXBTC15M-26APR280145-45,522f9cc5-813f-6ff1-aba6-dcbd9fa2ca6a,1777354210,0.45,1.0,no,"{""count_fp"":""1.00"",""created_time"":""2026-04-28T05:30:10.097691Z"",""no_price_dollars"":""0.5500"",""taker_side"":""no"",""ticker"":""KXBTC15M-26APR280145-45"",""trade_id"":""522f9cc5-813f-6ff1-aba6-dcbd9fa2ca6a"",""yes_price_dollars"":""0.4500""}"
KXBTC15M-26APR280145-45,12c7f79b-bd24-68c4-8527-35ed5b35a271,1777354210,0.4,20.0,no,"{""count_fp"":""20.00"",""created_time"":""2026-04-28T05:30:10.097691Z"",""no_price_dollars"":""0.6000"",""taker_side"":""no"",""ticker"":""KXBTC15M-26APR280145-45"",""trade_id"":""12c7f79b-bd24-68c4-8527-35ed5b35a271"",""yes_price_dollars"":""0.4000""}"
KXBTC15M-26APR280145-45,efe47865-e585-485a-a1e0-a34ae95e19ef,1777354211,0.4,0.77,yes,"{""count_fp"":""0.77"",""created_time"":""2026-04-28T05:30:11.917719Z"",""no_price_dollars"":""0.6000"",""taker_side"":""yes"",""ticker"":""KXBTC15M-26APR280145-45"",""trade_id"":""efe47865-e585-485a-a1e0-a34ae95e19ef"",""yes_price_dollars"":""0.4000""}"
KXBTC15M-26APR280145-45,c7679ca7-9499-4d9b-9eed-63d657e7c2df,1777354211,0.4,1.0,yes,"{""count_fp"":""1.00"",""created_time"":""2026-04-28T05:30:11.917719Z"",""no_price_dollars"":""0.6000"",""taker_side"":""yes"",""ticker"":""KXBTC15M-26APR280145-45"",""trade_id"":""c7679ca7-9499-4d9b-9eed-63d657e7c2df"",""yes_price_dollars"":""0.4000""}"
KXBTC15M-26APR280145-45,94527451-a551-4e1a-b928-af2a00d37a8d,1777354211,0.4,0.23,yes,"{""count_fp"":""0.23"",""created_time"":""2026-04-28T05:30:11.917719Z"",""no_price_dollars"":""0.6000"",""taker_side"":""yes"",""ticker"":""KXBTC15M-26APR280145-45"",""trade_id"":""94527451-a551-4e1a-b928-af2a00d37a8d"",""yes_price_dollars"":""0.4000""}"
KXBTC15M-26APR280145-45,b9e1bcb5-4032-4fe2-8a70-279d8b84ed47,1777354211,0.39,47.87,no,"{""count_fp"":""47.87"",""created_time"":""2026-04-28T05:30:11.354238Z"",""no_price_dollars"":""0.6100"",""taker_side"":""no"",""ticker"":""KXBTC15M-26APR280145-45"",""trade_id"":""b9e1bcb5-4032-4fe2-8a70-279d8b84ed47"",""yes_price_dollars"":""0.3900""}"
KXBTC15M-26APR280145-45,c2d3c81f-6c76-48bc-0c74-d62aeaca171c,1777354212,0.44,1.0,yes,"{""count_fp"":""1.00"",""created_time"":""2026-04-28T05:30:12.942876Z"",""no_price_dollars"":""0.5600"",""taker_side"":""yes"",""ticker"":""KXBTC15M-26APR280145-45"",""trade_id"":""c2d3c81f-6c76-48bc-0c74-d62aeaca171c"",""yes_price_dollars"":""0.4400""}"
KXBTC15M-26APR280145-45,b6578bfe-36c9-40f6-2aaf-76bcb34dfa39,1777354212,0.4,6.77,yes,"{""count_fp"":""6.77"",""created_time"":""2026-04-28T05:30:12.942876Z"",""no_price_dollars"":""0.6000"",""taker_side"":""yes"",""ticker"":""KXBTC15M-26APR280145-45"",""trade_id"":""b6578bfe-36c9-40f6-2aaf-76bcb34dfa39"",""yes_price_dollars"":""0.4000""}"
KXBTC15M-26APR280145-45,74854831-35d3-4054-0412-60c30ecb1820,1777354212,0.44,2.7,yes,"{""count_fp"":""2.70"",""created_time"":""2026-04-28T05:30:12.942876Z"",""no_price_dollars"":""0.5600"",""taker_side"":""yes"",""ticker"":""KXBTC15M-26APR280145-45"",""trade_id"":""74854831-35d3-4054-0412-60c30ecb1820"",""yes_price_dollars"":""0.4400""}"
KXBTC15M-26APR280145-45,6c5a91ec-cade-570e-b2f4-6d3e4fb2baff,1777354212,0.39,9.71,no,"{""count_fp"":""9.71"",""created_time"":""2026-04-28T05:30:12.208756Z"",""no_price_dollars"":""0.6100"",""taker_side"":""no"",""ticker"":""KXBTC15M-26APR280145-45"",""trade_id"":""6c5a91ec-cade-570e-b2f4-6d3e4fb2baff"",""yes_price_dollars"":""0.3900""}"
KXBTC15M-26APR280145-45,47661a2b-044c-5bea-8a3d-03c4cb318530,1777354212,0.39,0.29,no,"{""count_fp"":""0.29"",""created_time"":""2026-04-28T05:30:12.208756Z"",""no_price_dollars"":""0.6100"",""taker_side"":""no"",""ticker"":""KXBTC15M-26APR280145-45"",""trade_id"":""47661a2b-044c-5bea-8a3d-03c4cb318530"",""yes_price_dollars"":""0.3900""}"
KXBTC15M-26APR280145-45,9f5d5edf-74ac-535b-765a-a572b069761d,1777354213,0.41,28.42,yes,"{""count_fp"":""28.42"",""created_time"":""2026-04-28T05:30:13.972392Z"",""no_price_dollars"":""0.5900"",""taker_side"":""yes"",""ticker"":""KXBTC15M-26APR280145-45"",""trade_id"":""9f5d5edf-74ac-535b-765a-a572b069761d"",""yes_price_dollars"":""0.4100""}"
KXBTC15M-26APR280145-45,478f3c81-31be-5f8b-5de8-d2d0e2bf754c,1777354213,0.41,8.32,yes,"{""count_fp"":""8.32"",""created_time"":""2026-04-28T05:30:13.972392Z"",""no_price_dollars"":""0.5900"",""taker_side"":""yes"",""ticker"":""KXBTC15M-26APR280145-45"",""trade_id"":""478f3c81-31be-5f8b-5de8-d2d0e2bf754c"",""yes_price_dollars"":""0.4100""}"
KXBTC15M-26APR280145-45,e75aaf58-01f7-6c8a-c243-f11de589bfb3,1777354213,0.4,62.63,no,"{""count_fp"":""62.63"",""created_time"":""2026-04-28T05:30:13.953719Z"",""no_price_dollars"":""0.6000"",""taker_side"":""no"",""ticker"":""KXBTC15M-26APR280145-45"",""trade_id"":""e75aaf58-01f7-6c8a-c243-f11de589bfb3"",""yes_price_dollars"":""0.4000""}"
KXBTC15M-26APR280145-45,4c2f6a50-5bb4-6b9e-fa1a-1390c1a6cfd6,1777354213,0.4,9.18,no,"{""count_fp"":""9.18"",""created_time"":""2026-04-28T05:30:13.953719Z"",""no_price_dollars"":""0.6000"",""taker_side"":""no"",""ticker"":""KXBTC15M-26APR280145-45"",""trade_id"":""4c2f6a50-5bb4-6b9e-fa1a-1390c1a6cfd6"",""yes_price_dollars"":""0.4000""}"
KXBTC15M-26APR280145-45,aa22f803-acbe-41c3-5c04-0a3cca182c70,1777354213,0.41,1.68,yes,"{""count_fp"":""1.68"",""created_time"":""2026-04-28T05:30:13.573089Z"",""no_price_dollars"":""0.5900"",""taker_side"":""yes"",""ticker"":""KXBTC15M-26APR280145-45"",""trade_id"":""aa22f803-acbe-41c3-5c04-0a3cca182c70"",""yes_price_dollars"":""0.4100""}"
KXBTC15M-26APR280145-45,8ea4fddc-fb42-437e-43a9-03ef8ab5f473,1777354213,0.41,30.87,yes,"{""count_fp"":""30.87"",""created_time"":""2026-04-28T05:30:13.573089Z"",""no_price_dollars"":""0.5900"",""taker_side"":""yes"",""ticker"":""KXBTC15M-26APR280145-45"",""trade_id"":""8ea4fddc-fb42-437e-43a9-03ef8ab5f473"",""yes_price_dollars"":""0.4100""}"
KXBTC15M-26APR280145-45,7b89ba7a-0076-775a-53aa-bf66bcf7c1b7,1777354213,0.41,4.69,yes,"{""count_fp"":""4.69"",""created_time"":""2026-04-28T05:30:13.464654Z"",""no_price_dollars"":""0.5900"",""taker_side"":""yes"",""ticker"":""KXBTC15M-26APR280145-45"",""trade_id"":""7b89ba7a-0076-775a-53aa-bf66bcf7c1b7"",""yes_price_dollars"":""0.4100""}"
KXBTC15M-26APR280145-45,68e8a453-ee76-7326-7c5c-a20fa660f38f,1777354213,0.41,4.44,yes,"{""count_fp"":""4.44"",""created_time"":""2026-04-28T05:30:13.121486Z"",""no_price_dollars"":""0.5900"",""taker_side"":""yes"",""ticker"":""KXBTC15M-26APR280145-45"",""trade_id"":""68e8a453-ee76-7326-7c5c-a20fa660f38f"",""yes_price_dollars"":""0.4100""}"
KXBTC15M-26APR280145-45,31bd384e-2308-5dd2-988e-a7bb0687b716,1777354213,0.4,32.82,no,"{""count_fp"":""32.82"",""created_time"":""2026-04-28T05:30:13.058724Z"",""no_price_dollars"":""0.6000"",""taker_side"":""no"",""ticker"":""KXBTC15M-26APR280145-45"",""trade_id"":""31bd384e-2308-5dd2-988e-a7bb0687b716"",""yes_price_dollars"":""0.4000""}"
KXBTC15M-26APR280145-45,b40fdcbb-e4a3-5032-d814-c04fc8903523,1777354214,0.4,18.0,no,"{""count_fp"":""18.00"",""created_time"":""2026-04-28T05:30:14.791422Z"",""no_price_dollars"":""0.6000"",""taker_side"":""no"",""ticker"":""KXBTC15M-26APR280145-45"",""trade_id"":""b40fdcbb-e4a3-5032-d814-c04fc8903523"",""yes_price_dollars"":""0.4000""}"
KXBTC15M-26APR280145-45,e0889916-e7ea-4fba-d475-293588a7d17b,1777354214,0.41,25.76,yes,"{""count_fp"":""25.76"",""created_time"":""2026-04-28T05:30:14.754809Z"",""no_price_dollars"":""0.5900"",""taker_side"":""yes"",""ticker"":""KXBTC15M-26APR280145-45"",""trade_id"":""e0889916-e7ea-4fba-d475-293588a7d17b"",""yes_price_dollars"":""0.4100""}"
KXBTC15M-26APR280145-45,8c86c1ec-d67f-6402-a4c3-f4c71e493c5f,1777354214,0.4,4.83,no,"{""count_fp"":""4.83"",""created_time"":""2026-04-28T05:30:14.717103Z"",""no_price_dollars"":""0.6000"",""taker_side"":""no"",""ticker"":""KXBTC15M-26APR280145-45"",""trade_id"":""8c86c1ec-d67f-6402-a4c3-f4c71e493c5f"",""yes_price_dollars"":""0.4000""}"
KXBTC15M-26APR280145-45,fe8c3e6d-6d5b-712e-dba6-dcba091efb93,1777354214,0.4,2.26,no,"{""count_fp"":""2.26"",""created_time"":""2026-04-28T05:30:14.190239Z"",""no_price_dollars"":""0.6000"",""taker_side"":""no"",""ticker"":""KXBTC15M-26APR280145-45"",""trade_id"":""fe8c3e6d-6d5b-712e-dba6-dcba091efb93"",""yes_price_dollars"":""0.4000""}"
KXBTC15M-26APR280145-45,dd42317d-24b0-6f63-0862-6dfc1346cfc9,1777354214,0.41,11.58,yes,"{""count_fp"":""11.58"",""created_time"":""2026-04-28T05:30:14.114864Z"",""no_price_dollars"":""0.5900"",""taker_side"":""yes"",""ticker"":""KXBTC15M-26APR280145-45"",""trade_id"":""dd42317d-24b0-6f63-0862-6dfc1346cfc9"",""yes_price_dollars"":""0.4100""}"
KXBTC15M-26APR280145-45,c06759f7-0b44-600e-0516-f7d1d095f799,1777354214,0.41,20.0,yes,"{""count_fp"":""20.00"",""created_time"":""2026-04-28T05:30:14.114864Z"",""no_price_dollars"":""0.5900"",""taker_side"":""yes"",""ticker"":""KXBTC15M-26APR280145-45"",""trade_id"":""c06759f7-0b44-600e-0516-f7d1d095f799"",""yes_price_dollars"":""0.4100""}"
KXBTC15M-26APR280145-45,526c0d61-e699-6918-16e5-d10798c1e051,1777354214,0.42,12.35,yes,"{""count_fp"":""12.35"",""created_time"":""2026-04-28T05:30:14.114864Z"",""no_price_dollars"":""0.5800"",""taker_side"":""yes"",""ticker"":""KXBTC15M-26APR280145-45"",""trade_id"":""526c0d61-e699-6918-16e5-d10798c1e051"",""yes_price_dollars"":""0.4200""}"
KXBTC15M-26APR280145-45,a6044a5b-325f-7200-b3cc-a89badc20653,1777354215,0.41,48.95,yes,"{""count_fp"":""48.95"",""created_time"":""2026-04-28T05:30:15.931507Z"",""no_price_dollars"":""0.5900"",""taker_side"":""yes"",""ticker"":""KXBTC15M-26APR280145-45"",""trade_id"":""a6044a5b-325f-7200-b3cc-a89badc20653"",""yes_price_dollars"":""0.4100""}"
KXBTC15M-26APR280145-45,34700e93-ec64-71fd-b96a-9b63b64ca9d2,1777354215,0.41,9.17,yes,"{""count_fp"":""9.17"",""created_time"":""2026-04-28T05:30:15.931507Z"",""no_price_dollars"":""0.5900"",""taker_side"":""yes"",""ticker"":""KXBTC15M-26APR280145-45"",""trade_id"":""34700e93-ec64-71fd-b96a-9b63b64ca9d2"",""yes_price_dollars"":""0.4100""}"
KXBTC15M-26APR280145-45,ec2002a8-ec96-4476-c5f3-53ca454a3b0b,1777354215,0.4,1.0,no,"{""count_fp"":""1.00"",""created_time"":""2026-04-28T05:30:15.814728Z"",""no_price_dollars"":""0.6000"",""taker_side"":""no"",""ticker"":""KXBTC15M-26APR280145-45"",""trade_id"":""ec2002a8-ec96-4476-c5f3-53ca454a3b0b"",""yes_price_dollars"":""0.4000""}"
KXBTC15M-26APR280145-45,ebabdb8a-bcaf-449f-df12-51f34e3da4c4,1777354215,0.4,21.0,no,"{""count_fp"":""21.00"",""created_time"":""2026-04-28T05:30:15.814728Z"",""no_price_dollars"":""0.6000"",""taker_side"":""no"",""ticker"":""KXBTC15M-26APR280145-45"",""trade_id"":""ebabdb8a-bcaf-449f-df12-51f34e3da4c4"",""yes_price_dollars"":""0.4000""}"
KXBTC15M-26APR280145-45,eb2b2613-4e8d-4be0-edcf-05db346711b9,1777354215,0.4,3.0,no,"{""count_fp"":""3.00"",""created_time"":""2026-04-28T05:30:15.814728Z"",""no_price_dollars"":""0.6000"",""taker_side"":""no"",""ticker"":""KXBTC15M-26APR280145-45"",""trade_id"":""eb2b2613-4e8d-4be0-edcf-05db346711b9"",""yes_price_dollars"":""0.4000""}"
KXBTC15M-26APR280145-45,cb8ebb7e-c9e7-4c89-f8aa-79f970d2d78c,1777354215,0.4,112.18,no,"{""count_fp"":""112.18"",""created_time"":""2026-04-28T05:30:15.814728Z"",""no_price_dollars"":""0.6000"",""taker_side"":""no"",""ticker"":""KXBTC15M-26APR280145-45"",""trade_id"":""cb8ebb7e-c9e7-4c89-f8aa-79f970d2d78c"",""yes_price_dollars"":""0.4000""}"
KXBTC15M-26APR280145-45,706b3a59-1138-4b45-d90a-eef73cd63327,1777354215,0.4,40.0,no,"{""count_fp"":""40.00"",""created_time"":""2026-04-28T05:30:15.814728Z"",""no_price_dollars"":""0.6000"",""taker_side"":""no"",""ticker"":""KXBTC15M-26APR280145-45"",""trade_id"":""706b3a59-1138-4b45-d90a-eef73cd63327"",""yes_price_dollars"":""0.4000""}"
KXBTC15M-26APR280145-45,4d04bad3-0e03-4bbd-ff09-099ca49910fc,1777354215,0.4,56.0,no,"{""count_fp"":""56.00"",""created_time"":""2026-04-28T05:30:15.814728Z"",""no_price_dollars"":""0.6000"",""taker_side"":""no"",""ticker"":""KXBTC15M-26APR280145-45"",""trade_id"":""4d04bad3-0e03-4bbd-ff09-099ca49910fc"",""yes_price_dollars"":""0.4000""}"
KXBTC15M-26APR280145-45,26a85d66-6263-4592-c41d-598006c3112e,1777354215,0.4,5.0,no,"{""count_fp"":""5.00"",""created_time"":""2026-04-28T05:30:15.814728Z"",""no_price_dollars"":""0.6000"",""taker_side"":""no"",""ticker"":""KXBTC15M-26APR280145-45"",""trade_id"":""26a85d66-6263-4592-c41d-598006c3112e"",""yes_price_dollars"":""0.4000""}"
KXBTC15M-26APR280145-45,962d9e32-6728-6db5-e908-193577988d1a,1777354215,0.41,19.32,yes,"{""count_fp"":""19.32"",""created_time"":""2026-04-28T05:30:15.591699Z"",""no_price_dollars"":""0.5900"",""taker_side"":""yes"",""ticker"":""KXBTC15M-26APR280145-45"",""trade_id"":""962d9e32-6728-6db5-e908-193577988d1a"",""yes_price_dollars"":""0.4100""}"
KXBTC15M-26APR280145-45,ff145020-0824-690d-0c6b-a5b3f59b3cea,1777354215,0.41,11.51,yes,"{""count_fp"":""11.51"",""created_time"":""2026-04-28T05:30:15.456837Z"",""no_price_dollars"":""0.5900"",""taker_side"":""yes"",""ticker"":""KXBTC15M-26APR280145-45"",""trade_id"":""ff145020-0824-690d-0c6b-a5b3f59b3cea"",""yes_price_dollars"":""0.4100""}"
KXBTC15M-26APR280145-45,2ecd059f-babc-6089-5c81-5719f78625d4,1777354215,0.41,20.0,no,"{""count_fp"":""20.00"",""created_time"":""2026-04-28T05:30:15.411012Z"",""no_price_dollars"":""0.5900"",""taker_side"":""no"",""ticker"":""KXBTC15M-26APR280145-45"",""trade_id"":""2ecd059f-babc-6089-5c81-5719f78625d4"",""yes_price_dollars"":""0.4100""}"
KXBTC15M-26APR280145-45,39014d45-d3b9-7174-f60c-d7177f2f473d,1777354215,0.42,1.0,yes,"{""count_fp"":""1.00"",""created_time"":""2026-04-28T05:30:15.030112Z"",""no_price_dollars"":""0.5800"",""taker_side"":""yes"",""ticker"":""KXBTC15M-26APR280145-45"",""trade_id"":""39014d45-d3b9-7174-f60c-d7177f2f473d"",""yes_price_dollars"":""0.4200""}"
KXBTC15M-26APR280145-45,679ae938-5ece-6c42-a3a5-2393c70fbfe1,1777354216,0.39,9.0,no,"{""count_fp"":""9.00"",""created_time"":""2026-04-28T05:30:16.993384Z"",""no_price_dollars"":""0.6100"",""taker_side"":""no"",""ticker"":""KXBTC15M-26APR280145-45"",""trade_id"":""679ae938-5ece-6c42-a3a5-2393c70fbfe1"",""yes_price_dollars"":""0.3900""}"
KXBTC15M-26APR280145-45,c2090507-2d2b-5011-1304-fa528de2c3ae,1777354216,0.4,2.34,yes,"{""count_fp"":""2.34"",""created_time"":""2026-04-28T05:30:16.810118Z"",""no_price_dollars"":""0.6000"",""taker_side"":""yes"",""ticker"":""KXBTC15M-26APR280145-45"",""trade_id"":""c2090507-2d2b-5011-1304-fa528de2c3ae"",""yes_price_dollars"":""0.4000""}"
KXBTC15M-26APR280145-45,ecaf97fc-6e8f-65de-b4b3-52bccef50707,1777354216,0.39,1.76,no,"{""count_fp"":""1.76"",""created_time"":""2026-04-28T05:30:16.689737Z"",""no_price_dollars"":""0.6100"",""taker_side"":""no"",""ticker"":""KXBTC15M-26APR280145-45"",""trade_id"":""ecaf97fc-6e8f-65de-b4b3-52bccef50707"",""yes_price_dollars"":""0.3900""}"
KXBTC15M-26APR280145-45,8cce8fc7-d48b-6b94-96d1-8fe435efdb34,1777354216,0.39,3.0,no,"{""count_fp"":""3.00"",""created_time"":""2026-04-28T05:30:16.689737Z"",""no_price_dollars"":""0.6100"",""taker_side"":""no"",""ticker"":""KXBTC15M-26APR280145-45"",""trade_id"":""8cce8fc7-d48b-6b94-96d1-8fe435efdb34"",""yes_price_dollars"":""0.3900""}"
KXBTC15M-26APR280145-45,b5ba4ce0-cfbb-6764-ac21-434a08faceb7,1777354216,0.4,52.05,yes,"{""count_fp"":""52.05"",""created_time"":""2026-04-28T05:30:16.674664Z"",""no_price_dollars"":""0.6000"",""taker_side"":""yes"",""ticker"":""KXBTC15M-26APR280145-45"",""trade_id"":""b5ba4ce0-cfbb-6764-ac21-434a08faceb7"",""yes_price_dollars"":""0.4000""}"
KXBTC15M-26APR280145-45,2dbb6f83-c0d5-616a-a6a1-74e0993f2980,1777354216,0.4,38.0,yes,"{""count_fp"":""38.00"",""created_time"":""2026-04-28T05:30:16.674664Z"",""no_price_dollars"":""0.6000"",""taker_side"":""yes"",""ticker"":""KXBTC15M-26APR280145-45"",""trade_id"":""2dbb6f83-c0d5-616a-a6a1-74e0993f2980"",""yes_price_dollars"":""0.4000""}"
KXBTC15M-26APR280145-45,b67440a4-d90d-5a06-6bbc-ec8cce4659ec,1777354216,0.4,2.0,yes,"{""count_fp"":""2.00"",""created_time"":""2026-04-28T05:30:16.570134Z"",""no_price_dollars"":""0.6000"",""taker_side"":""yes"",""ticker"":""KXBTC15M-26APR280145-45"",""trade_id"":""b67440a4-d90d-5a06-6bbc-ec8cce4659ec"",""yes_price_dollars"":""0.4000""}"
KXBTC15M-26APR280145-45,4a176d30-f141-6e6d-cfe7-74a670b6c748,1777354216,0.39,3.0,no,"{""count_fp"":""3.00"",""created_time"":""2026-04-28T05:30:16.220675Z"",""no_price_dollars"":""0.6100"",""taker_side"":""no"",""ticker"":""KXBTC15M-26APR280145-45"",""trade_id"":""4a176d30-f141-6e6d-cfe7-74a670b6c748"",""yes_price_dollars"":""0.3900""}"
KXBTC15M-26APR280145-45,00e7bec8-844f-6d65-c90f-303d94bb2cac,1777354216,0.39,394.2,no,"{""count_fp"":""394.20"",""created_time"":""2026-04-28T05:30:16.220675Z"",""no_price_dollars"":""0.6100"",""taker_side"":""no"",""ticker"":""KXBTC15M-26APR280145-45"",""trade_id"":""00e7bec8-844f-6d65-c90f-303d94bb2cac"",""yes_price_dollars"":""0.3900""}"
KXBTC15M-26APR280145-45,4cd009aa-b059-6c3b-186b-bfc6a5aa962c,1777354217,0.38,2.0,no,"{""count_fp"":""2.00"",""created_time"":""2026-04-28T05:30:17.907815Z"",""no_price_dollars"":""0.6200"",""taker_side"":""no"",""ticker"":""KXBTC15M-26APR280145-45"",""trade_id"":""4cd009aa-b059-6c3b-186b-bfc6a5aa962c"",""yes_price_dollars"":""0.3800""}"
KXBTC15M-26APR280145-45,0c6bade2-d245-6493-1173-e46cbb8339ab,1777354217,0.38,27.92,no,"{""count_fp"":""27.92"",""created_time"":""2026-04-28T05:30:17.907815Z"",""no_price_dollars"":""0.6200"",""taker_side"":""no"",""ticker"":""KXBTC15M-26APR280145-45"",""trade_id"":""0c6bade2-d245-6493-1173-e46cbb8339ab"",""yes_price_dollars"":""0.3800""}"
KXBTC15M-26APR280145-45,c644c1bd-1805-7097-e500-6e86311073ab,1777354217,0.38,22.97,no,"{""count_fp"":""22.97"",""created_time"":""2026-04-28T05:30:17.892847Z"",""no_price_dollars"":""0.6200"",""taker_side"":""no"",""ticker"":""KXBTC15M-26APR280145-45"",""trade_id"":""c644c1bd-1805-7097-e500-6e86311073ab"",""yes_price_dollars"":""0.3800""}"
KXBTC15M-26APR280145-45,4698528d-731d-5e83-d740-76889e2caf7f,1777354217,0.38,28.76,no,"{""count_fp"":""28.76"",""created_time"":""2026-04-28T05:30:17.865964Z"",""no_price_dollars"":""0.6200"",""taker_side"":""no"",""ticker"":""KXBTC15M-26APR280145-45"",""trade_id"":""4698528d-731d-5e83-d740-76889e2caf7f"",""yes_price_dollars"":""0.3800""}"
KXBTC15M-26APR280145-45,515d507c-2479-42ef-3bc4-ede6b069a70f,1777354217,0.38,52.35,no,"{""count_fp"":""52.35"",""created_time"":""2026-04-28T05:30:17.856104Z"",""no_price_dollars"":""0.6200"",""taker_side"":""no"",""ticker"":""KXBTC15M-26APR280145-45"",""trade_id"":""515d507c-2479-42ef-3bc4-ede6b069a70f"",""yes_price_dollars"":""0.3800""}"
KXBTC15M-26APR280145-45,3cebe17f-ad63-4580-318c-d37152f258b8,1777354217,0.39,17.0,no,"{""count_fp"":""17.00"",""created_time"":""2026-04-28T05:30:17.815439Z"",""no_price_dollars"":""0.6100"",""taker_side"":""no"",""ticker"":""KXBTC15M-26APR280145-45"",""trade_id"":""3cebe17f-ad63-4580-318c-d37152f258b8"",""yes_price_dollars"":""0.3900""}"
KXBTC15M-26APR280145-45,9fc7a780-3580-5f7f-e521-bd685a05422f,1777354217,0.39,10.0,no,"{""count_fp"":""10.00"",""created_time"":""2026-04-28T05:30:17.793256Z"",""no_price_dollars"":""0.6100"",""taker_side"":""no"",""ticker"":""KXBTC15M-26APR280145-45"",""trade_id"":""9fc7a780-3580-5f7f-e521-bd685a05422f"",""yes_price_dollars"":""0.3900""}"
KXBTC15M-26APR280145-45,14398dd7-f0eb-78f8-26b5-bdb15cbf5827,1777354217,0.4,7.02,yes,"{""count_fp"":""7.02"",""created_time"":""2026-04-28T05:30:17.737906Z"",""no_price_dollars"":""0.6000"",""taker_side"":""yes"",""ticker"":""KXBTC15M-26APR280145-45"",""trade_id"":""14398dd7-f0eb-78f8-26b5-bdb15cbf5827"",""yes_price_dollars"":""0.4000""}"
KXBTC15M-26APR280145-45,d39ba016-4154-5c97-e8d4-5e6aab91849b,1777354217,0.39,0.77,no,"{""count_fp"":""0.77"",""created_time"":""2026-04-28T05:30:17.549349Z"",""no_price_dollars"":""0.6100"",""taker_side"":""no"",""ticker"":""KXBTC15M-26APR280145-45"",""trade_id"":""d39ba016-4154-5c97-e8d4-5e6aab91849b"",""yes_price_dollars"":""0.3900""}"
KXBTC15M-26APR280145-45,4e5a366c-c156-5a12-ebc8-816d4c22f5d9,1777354217,0.39,31.0,no,"{""count_fp"":""31.00"",""created_time"":""2026-04-28T05:30:17.549349Z"",""no_price_dollars"":""0.6100"",""taker_side"":""no"",""ticker"":""KXBTC15M-26APR280145-45"",""trade_id"":""4e5a366c-c156-5a12-ebc8-816d4c22f5d9"",""yes_price_dollars"":""0.3900""}"
KXBTC15M-26APR280145-45,cf15eaca-6997-7f68-c5ca-4d1a719e3d4f,1777354217,0.4,4.77,yes,"{""count_fp"":""4.77"",""created_time"":""2026-04-28T05:30:17.010973Z"",""no_price_dollars"":""0.6000"",""taker_side"":""yes"",""ticker"":""KXBTC15M-26APR280145-45"",""trade_id"":""cf15eaca-6997-7f68-c5ca-4d1a719e3d4f"",""yes_price_dollars"":""0.4000""}"
KXBTC15M-26APR280145-45,080a4ed6-ad44-46f4-e451-bcd9c9ae4243,1777354218,0.34,27.34,yes,"{""count_fp"":""27.34"",""created_time"":""2026-04-28T05:30:18.802549Z"",""no_price_dollars"":""0.6600"",""taker_side"":""yes"",""ticker"":""KXBTC15M-26APR280145-45"",""trade_id"":""080a4ed6-ad44-46f4-e451-bcd9c9ae4243"",""yes_price_dollars"":""0.3400""}"
KXBTC15M-26APR280145-45,6d8279b6-754c-5ccb-d85a-b02cd739b3b6,1777354218,0.34,32.02,yes,"{""count_fp"":""32.02"",""created_time"":""2026-04-28T05:30:18.791221Z"",""no_price_dollars"":""0.6600"",""taker_side"":""yes"",""ticker"":""KXBTC15M-26APR280145-45"",""trade_id"":""6d8279b6-754c-5ccb-d85a-b02cd739b3b6"",""yes_price_dollars"":""0.3400""}"
KXBTC15M-26APR280145-45,4650b0eb-8018-5b34-ed2d-39f731ace123,1777354218,0.34,37.52,yes,"{""count_fp"":""37.52"",""created_time"":""2026-04-28T05:30:18.791221Z"",""no_price_dollars"":""0.6600"",""taker_side"":""yes"",""ticker"":""KXBTC15M-26APR280145-45"",""trade_id"":""4650b0eb-8018-5b34-ed2d-39f731ace123"",""yes_price_dollars"":""0.3400""}"
KXBTC15M-26APR280145-45,3d3e4a3f-fae8-6763-73a4-2b336201f6c6,1777354218,0.34,47.98,yes,"{""count_fp"":""47.98"",""created_time"":""2026-04-28T05:30:18.673954Z"",""no_price_dollars"":""0.6600"",""taker_side"":""yes"",""ticker"":""KXBTC15M-26APR280145-45"",""trade_id"":""3d3e4a3f-fae8-6763-73a4-2b336201f6c6"",""yes_price_dollars"":""0.3400""}"
KXBTC15M-26APR280145-45,c8bd072c-4abe-4a9b-333e-ca0bb57cc883,1777354218,0.35,113.59,no,"{""count_fp"":""113.59"",""created_time"":""2026-04-28T05:30:18.551907Z"",""no_price_dollars"":""0.6500"",""taker_side"":""no"",""ticker"":""KXBTC15M-26APR280145-45"",""trade_id"":""c8bd072c-4abe-4a9b-333e-ca0bb57cc883"",""yes_price_dollars"":""0.3500""}"
KXBTC15M-26APR280145-45,7c198533-0334-41e6-0406-36bd6256f32e,1777354218,0.35,4.0,no,"{""count_fp"":""4.00"",""created_time"":""2026-04-28T05:30:18.551907Z"",""no_price_dollars"":""0.6500"",""taker_side"":""no"",""ticker"":""KXBTC15M-26APR280145-45"",""trade_id"":""7c198533-0334-41e6-0406-36bd6256f32e"",""yes_price_dollars"":""0.3500""}"
KXBTC15M-26APR280145-45,9dfe7e70-6fba-40e7-cf8e-13d71745d31b,1777354218,0.35,24.41,no,"{""count_fp"":""24.41"",""created_time"":""2026-04-28T05:30:18.551817Z"",""no_price_dollars"":""0.6500"",""taker_side"":""no"",""ticker"":""KXBTC15M-26APR280145-45"",""trade_id"":""9dfe7e70-6fba-40e7-cf8e-13d71745d31b"",""yes_price_dollars"":""0.3500""}"
KXBTC15M-26APR280145-45,e186ab9f-a7f3-4458-c012-8deecdcbf9b5,1777354218,0.36,3.0,yes,"{""count_fp"":""3.00"",""created_time"":""2026-04-28T05:30:18.516767Z"",""no_price_dollars"":""0.6400"",""taker_side"":""yes"",""ticker"":""KXBTC15M-26APR280145-45"",""trade_id"":""e186ab9f-a7f3-4458-c012-8deecdcbf9b5"",""yes_price_dollars"":""0.3600""}"
KXBTC15M-26APR280145-45,ba1e565c-d3a0-5e95-22ee-458d72d8e09f,1777354218,0.36,10.22,no,"{""count_fp"":""10.22"",""created_time"":""2026-04-28T05:30:18.502353Z"",""no_price_dollars"":""0.6400"",""taker_side"":""no"",""ticker"":""KXBTC15M-26APR280145-45"",""trade_id"":""ba1e565c-d3a0-5e95-22ee-458d72d8e09f"",""yes_price_dollars"":""0.3600""}"
KXBTC15M-26APR280145-45,c116e2dc-50a8-56dd-2d6b-908670faed8f,1777354218,0.36,9.78,no,"{""count_fp"":""9.78"",""created_time"":""2026-04-28T05:30:18.474005Z"",""no_price_dollars"":""0.6400"",""taker_side"":""no"",""ticker"":""KXBTC15M-26APR280145-45"",""trade_id"":""c116e2dc-50a8-56dd-2d6b-908670faed8f"",""yes_price_dollars"":""0.3600""}"
KXBTC15M-26APR280145-45,6d2a2b14-efd0-5345-0c6a-486d3744cefb,1777354218,0.36,11.43,no,"{""count_fp"":""11.43"",""created_time"":""2026-04-28T05:30:18.474005Z"",""no_price_dollars"":""0.6400"",""taker_side"":""no"",""ticker"":""KXBTC15M-26APR280145-45"",""trade_id"":""6d2a2b14-efd0-5345-0c6a-486d3744cefb"",""yes_price_dollars"":""0.3600""}"
KXBTC15M-26APR280145-45,2e14d203-6568-6161-945d-69105df478cf,1777354218,0.36,35.64,no,"{""count_fp"":""35.64"",""created_time"":""2026-04-28T05:30:18.458369Z"",""no_price_dollars"":""0.6400"",""taker_side"":""no"",""ticker"":""KXBTC15M-26APR280145-45"",""trade_id"":""2e14d203-6568-6161-945d-69105df478cf"",""yes_price_dollars"":""0.3600""}"
KXBTC15M-26APR280145-45,76869522-a6b0-6895-5326-b35e4dc30163,1777354218,0.36,91.93,no,"{""count_fp"":""91.93"",""created_time"":""2026-04-28T05:30:18.447047Z"",""no_price_dollars"":""0.6400"",""taker_side"":""no"",""ticker"":""KXBTC15M-26APR280145-45"",""trade_id"":""76869522-a6b0-6895-5326-b35e4dc30163"",""yes_price_dollars"":""0.3600""}"
KXBTC15M-26APR280145-45,fb660e6a-2a9f-7ef9-0b02-0233349d9b2b,1777354218,0.37,0.16,no,"{""count_fp"":""0.16"",""created_time"":""2026-04-28T05:30:18.436031Z"",""no_price_dollars"":""0.6300"",""taker_side"":""no"",""ticker"":""KXBTC15M-26APR280145-45"",""trade_id"":""fb660e6a-2a9f-7ef9-0b02-0233349d9b2b"",""yes_price_dollars"":""0.3700""}"
KXBTC15M-26APR280145-45,b1b07468-4fef-4c4d-0f25-bfb5c8a78c4b,1777354218,0.37,94.0,no,"{""count_fp"":""94.00"",""created_time"":""2026-04-28T05:30:18.429995Z"",""no_price_dollars"":""0.6300"",""taker_side"":""no"",""ticker"":""KXBTC15M-26APR280145-45"",""trade_id"":""b1b07468-4fef-4c4d-0f25-bfb5c8a78c4b"",""yes_price_dollars"":""0.3700""}"
KXBTC15M-26APR280145-45,14db2367-e0d9-4487-d960-d1580ed18604,1777354218,0.38,3.0,yes,"{""count_fp"":""3.00"",""created_time"":""2026-04-28T05:30:18.130973Z"",""no_price_dollars"":""0.6200"",""taker_side"":""yes"",""ticker"":""KXBTC15M-26APR280145-45"",""trade_id"":""14db2367-e0d9-4487-d960-d1580ed18604"",""yes_price_dollars"":""0.3800""}"
KXBTC15M-26APR280145-45,fd94b6f5-2759-794f-210b-5d96c7e6c178,1777354218,0.38,3.35,yes,"{""count_fp"":""3.35"",""created_time"":""2026-04-28T05:30:18.126672Z"",""no_price_dollars"":""0.6200"",""taker_side"":""yes"",""ticker"":""KXBTC15M-26APR280145-45"",""trade_id"":""fd94b6f5-2759-794f-210b-5d96c7e6c178"",""yes_price_dollars"":""0.3800""}"
KXBTC15M-26APR280145-45,84572b55-1447-708d-2a1f-988bfb9f45a7,1777354218,0.37,10.0,no,"{""count_fp"":""10.00"",""created_time"":""2026-04-28T05:30:18.027641Z"",""no_price_dollars"":""0.6300"",""taker_side"":""no"",""ticker"":""KXBTC15M-26APR280145-45"",""trade_id"":""84572b55-1447-708d-2a1f-988bfb9f45a7"",""yes_price_dollars"":""0.3700""}"
KXBTC15M-26APR280145-45,8b021354-fa47-69dd-b70b-2edf9fbe4e37,1777354218,0.37,10.0,no,"{""count_fp"":""10.00"",""created_time"":""2026-04-28T05:30:18.026319Z"",""no_price_dollars"":""0.6300"",""taker_side"":""no"",""ticker"":""KXBTC15M-26APR280145-45"",""trade_id"":""8b021354-fa47-69dd-b70b-2edf9fbe4e37"",""yes_price_dollars"":""0.3700""}"
KXBTC15M-26APR280145-45,f1f9e76c-54bc-7fd8-0b11-1d6759a21a97,1777354219,0.34,24.85,yes,"{""count_fp"":""24.85"",""created_time"":""2026-04-28T05:30:19.915879Z"",""no_price_dollars"":""0.6600"",""taker_side"":""yes"",""ticker"":""KXBTC15M-26APR280145-45"",""trade_id"":""f1f9e76c-54bc-7fd8-0b11-1d6759a21a97"",""yes_price_dollars"":""0.3400""}"
KXBTC15M-26APR280145-45,326f32c0-8c9a-5738-8272-2974c7fb58ba,1777354219,0.33,28.48,no,"{""count_fp"":""28.48"",""created_time"":""2026-04-28T05:30:19.672845Z"",""no_price_dollars"":""0.6700"",""taker_side"":""no"",""ticker"":""KXBTC15M-26APR280145-45"",""trade_id"":""326f32c0-8c9a-5738-8272-2974c7fb58ba"",""yes_price_dollars"":""0.3300""}"
KXBTC15M-26APR280145-45,18e42a1d-8473-70a9-2932-bd35f2f40ecf,1777354219,0.33,20.0,no,"{""count_fp"":""20.00"",""created_time"":""2026-04-28T05:30:19.600588Z"",""no_price_dollars"":""0.6700"",""taker_side"":""no"",""ticker"":""KXBTC15M-26APR280145-45"",""trade_id"":""18e42a1d-8473-70a9-2932-bd35f2f40ecf"",""yes_price_dollars"":""0.3300""}"
KXBTC15M-26APR280145-45,0a85ec41-9006-73a4-16f6-ab36ab520bde,1777354219,0.33,19.85,no,"{""count_fp"":""19.85"",""created_time"":""2026-04-28T05:30:19.600588Z"",""no_price_dollars"":""0.6700"",""taker_side"":""no"",""ticker"":""KXBTC15M-26APR280145-45"",""trade_id"":""0a85ec41-9006-73a4-16f6-ab36ab520bde"",""yes_price_dollars"":""0.3300""}"
KXBTC15M-26APR280145-45,bab48d4d-36c3-452b-1a6e-e7501cf58a2d,1777354219,0.34,25.93,no,"{""count_fp"":""25.93"",""created_time"":""2026-04-28T05:30:19.504957Z"",""no_price_dollars"":""0.6600"",""taker_side"":""no"",""ticker"":""KXBTC15M-26APR280145-45"",""trade_id"":""bab48d4d-36c3-452b-1a6e-e7501cf58a2d"",""yes_price_dollars"":""0.3400""}"
KXBTC15M-26APR280145-45,826241c8-b18c-6bec-a4c6-5be3c1790913,1777354219,0.35,2.5,yes,"{""count_fp"":""2.50"",""created_time"":""2026-04-28T05:30:19.412574Z"",""no_price_dollars"":""0.6500"",""taker_side"":""yes"",""ticker"":""KXBTC15M-26APR280145-45"",""trade_id"":""826241c8-b18c-6bec-a4c6-5be3c1790913"",""yes_price_dollars"":""0.3500""}"
KXBTC15M-26APR280145-45,a1d3fd2d-7900-57f0-d37d-afe26a860a23,1777354219,0.35,3.95,yes,"{""count_fp"":""3.95"",""created_time"":""2026-04-28T05:30:19.406013Z"",""no_price_dollars"":""0.6500"",""taker_side"":""yes"",""ticker"":""KXBTC15M-26APR280145-45"",""trade_id"":""a1d3fd2d-7900-57f0-d37d-afe26a860a23"",""yes_price_dollars"":""0.3500""}"
KXBTC15M-26APR280145-45,66296330-3aa5-59eb-cd97-7bcc15366566,1777354219,0.35,40.0,yes,"{""count_fp"":""40.00"",""created_time"":""2026-04-28T05:30:19.406013Z"",""no_price_dollars"":""0.6500"",""taker_side"":""yes"",""ticker"":""KXBTC15M-26APR280145-45"",""trade_id"":""66296330-3aa5-59eb-cd97-7bcc15366566"",""yes_price_dollars"":""0.3500""}"
KXBTC15M-26APR280145-45,ba44d9bd-e6d9-652b-86a9-eecbef4d585e,1777354219,0.35,43.75,yes,"{""count_fp"":""43.75"",""created_time"":""2026-04-28T05:30:19.307723Z"",""no_price_dollars"":""0.6500"",""taker_side"":""yes"",""ticker"":""KXBTC15M-26APR280145-45"",""trade_id"":""ba44d9bd-e6d9-652b-86a9-eecbef4d585e"",""yes_price_dollars"":""0.3500""}"
KXBTC15M-26APR280145-45,c6e399c8-c06f-55c2-e440-e898cf27eb9b,1777354219,0.34,22.0,yes,"{""count_fp"":""22.00"",""created_time"":""2026-04-28T05:30:19.229266Z"",""no_price_dollars"":""0.6600"",""taker_side"":""yes"",""ticker"":""KXBTC15M-26APR280145-45"",""trade_id"":""c6e399c8-c06f-55c2-e440-e898cf27eb9b"",""yes_price_dollars"":""0.3400""}"
KXBTC15M-26APR280145-45,8d857310-f089-5697-ce9c-53f2d4b3fa89,1777354219,0.35,0.23,yes,"{""count_fp"":""0.23"",""created_time"":""2026-04-28T05:30:19.229266Z"",""no_price_dollars"":""0.6500"",""taker_side"":""yes"",""ticker"":""KXBTC15M-26APR280145-45"",""trade_id"":""8d857310-f089-5697-ce9c-53f2d4b3fa89"",""yes_price_dollars"":""0.3500""}"
KXBTC15M-26APR280145-45,2df3f333-e907-56c0-e4a1-c0a6ed93c067,1777354219,0.34,1.76,yes,"{""count_fp"":""1.76"",""created_time"":""2026-04-28T05:30:19.229266Z"",""no_price_dollars"":""0.6600"",""taker_side"":""yes"",""ticker"":""KXBTC15M-26APR280145-45"",""trade_id"":""2df3f333-e907-56c0-e4a1-c0a6ed93c067"",""yes_price_dollars"":""0.3400""}"
KXBTC15M-26APR280145-45,d74d9374-48a3-759c-3f40-09e2f6cd99ab,1777354219,0.34,23.26,yes,"{""count_fp"":""23.26"",""created_time"":""2026-04-28T05:30:19.220592Z"",""no_price_dollars"":""0.6600"",""taker_side"":""yes"",""ticker"":""KXBTC15M-26APR280145-45"",""trade_id"":""d74d9374-48a3-759c-3f40-09e2f6cd99ab"",""yes_price_dollars"":""0.3400""}"
KXBTC15M-26APR280145-45,ee2d0925-6cbf-7608-7251-3bb9ea938f0f,1777354219,0.34,74.01,yes,"{""count_fp"":""74.01"",""created_time"":""2026-04-28T05:30:19.212733Z"",""no_price_dollars"":""0.6600"",""taker_side"":""yes"",""ticker"":""KXBTC15M-26APR280145-45"",""trade_id"":""ee2d0925-6cbf-7608-7251-3bb9ea938f0f"",""yes_price_dollars"":""0.3400""}"
KXBTC15M-26APR280145-45,30854e82-7268-74e0-3bbf-bb4baab17087,1777354219,0.34,30.0,yes,"{""count_fp"":""30.00"",""created_time"":""2026-04-28T05:30:19.039538Z"",""no_price_dollars"":""0.6600"",""taker_side"":""yes"",""ticker"":""KXBTC15M-26APR280145-45"",""trade_id"":""30854e82-7268-74e0-3bbf-bb4baab17087"",""yes_price_dollars"":""0.3400""}"
KXBTC15M-26APR280145-45,ad150197-391f-6cc2-8715-7eb54c37c5f4,1777354220,0.34,9.0,yes,"{""count_fp"":""9.00"",""created_time"":""2026-04-28T05:30:20.882632Z"",""no_price_dollars"":""0.6600"",""taker_side"":""yes"",""ticker"":""KXBTC15M-26APR280145-45"",""trade_id"":""ad150197-391f-6cc2-8715-7eb54c37c5f4"",""yes_price_dollars"":""0.3400""}"
KXBTC15M-26APR280145-45,9ce9b649-76fd-6967-a8fb-897cd8599fb8,1777354220,0.34,1.76,yes,"{""count_fp"":""1.76"",""created_time"":""2026-04-28T05:30:20.882632Z"",""no_price_dollars"":""0.6600"",""taker_side"":""yes"",""ticker"":""KXBTC15M-26APR280145-45"",""trade_id"":""9ce9b649-76fd-6967-a8fb-897cd8599fb8"",""yes_price_dollars"":""0.3400""}"
KXBTC15M-26APR280145-45,6cf68e78-0f3b-6bb5-9621-39f1e0555155,1777354220,0.34,3.24,yes,"{""count_fp"":""3.24"",""created_time"":""2026-04-28T05:30:20.882632Z"",""no_price_dollars"":""0.6600"",""taker_side"":""yes"",""ticker"":""KXBTC15M-26APR280145-45"",""trade_id"":""6cf68e78-0f3b-6bb5-9621-39f1e0555155"",""yes_price_dollars"":""0.3400""}"
KXBTC15M-26APR280145-45,c91ee367-602f-5322-8f31-8a55282aebf8,1777354220,0.34,1.0,yes,"{""count_fp"":""1.00"",""created_time"":""2026-04-28T05:30:20.413359Z"",""no_price_dollars"":""0.6600"",""taker_side"":""yes"",""ticker"":""KXBTC15M-26APR280145-45"",""trade_id"":""c91ee367-602f-5322-8f31-8a55282aebf8"",""yes_price_dollars"":""0.3400""}"
KXBTC15M-26APR280145-45,d6404609-ec66-450d-dd29-0e7154b11196,1777354220,0.33,3.0,no,"{""count_fp"":""3.00"",""created_time"":""2026-04-28T05:30:20.352061Z"",""no_price_dollars"":""0.6700"",""taker_side"":""no"",""ticker"":""KXBTC15M-26APR280145-45"",""trade_id"":""d6404609-ec66-450d-dd29-0e7154b11196"",""yes_price_dollars"":""0.3300""}"
KXBTC15M-26APR280145-45,afb93e5f-142c-41f0-c950-19e8b8957ee7,1777354220,0.33,129.23,no,"{""count_fp"":""129.23"",""created_time"":""2026-04-28T05:30:20.352061Z"",""no_price_dollars"":""0.6700"",""taker_side"":""no"",""ticker"":""KXBTC15M-26APR280145-45"",""trade_id"":""afb93e5f-142c-41f0-c950-19e8b8957ee7"",""yes_price_dollars"":""0.3300""}"
KXBTC15M-26APR280145-45,8fa4b41b-1f1f-4154-eb9c-55e02b83c6bd,1777354220,0.33,39.0,no,"{""count_fp"":""39.00"",""created_time"":""2026-04-28T05:30:20.352061Z"",""no_price_dollars"":""0.6700"",""taker_side"":""no"",""ticker"":""KXBTC15M-26APR280145-45"",""trade_id"":""8fa4b41b-1f1f-4154-eb9c-55e02b83c6bd"",""yes_price_dollars"":""0.3300""}"
KXBTC15M-26APR280145-45,1ec3d6df-b0b9-4b23-ab5f-43a1f4ad7ce2,1777354220,0.34,16.45,yes,"{""count_fp"":""16.45"",""created_time"":""2026-04-28T05:30:20.323222Z"",""no_price_dollars"":""0.6600"",""taker_side"":""yes"",""ticker"":""KXBTC15M-26APR280145-45"",""trade_id"":""1ec3d6df-b0b9-4b23-ab5f-43a1f4ad7ce2"",""yes_price_dollars"":""0.3400""}"
KXBTC15M-26APR280145-45,15fa89b0-3a49-5d5f-221a-264be15c502e,1777354220,0.34,14.05,yes,"{""count_fp"":""14.05"",""created_time"":""2026-04-28T05:30:20.203945Z"",""no_price_dollars"":""0.6600"",""taker_side"":""yes"",""ticker"":""KXBTC15M-26APR280145-45"",""trade_id"":""15fa89b0-3a49-5d5f-221a-264be15c502e"",""yes_price_dollars"":""0.3400""}"
KXBTC15M-26APR280145-45,5686427b-e08b-6774-5f65-5adf7b635541,1777354220,0.33,1.0,no,"{""count_fp"":""1.00"",""created_time"":""2026-04-28T05:30:20.184744Z"",""no_price_dollars"":""0.6700"",""taker_side"":""no"",""ticker"":""KXBTC15M-26APR280145-45"",""trade_id"":""5686427b-e08b-6774-5f65-5adf7b635541"",""yes_price_dollars"":""0.3300""}"
KXBTC15M-26APR280145-45,a1894296-a28c-5544-cf19-c0022fffb5b7,1777354221,0.33,14.58,no,"{""count_fp"":""14.58"",""created_time"":""2026-04-28T05:30:21.819037Z"",""no_price_dollars"":""0.6700"",""taker_side"":""no"",""ticker"":""KXBTC15M-26APR280145-45"",""trade_id"":""a1894296-a28c-5544-cf19-c0022fffb5b7"",""yes_price_dollars"":""0.3300""}"
KXBTC15M-26APR280145-45,1d2d3a4f-9cdf-7935-0f01-382569e6d9ef,1777354221,0.34,7.87,yes,"{""count_fp"":""7.87"",""created_time"":""2026-04-28T05:30:21.531098Z"",""no_price_dollars"":""0.6600"",""taker_side"":""yes"",""ticker"":""KXBTC15M-26APR280145-45"",""trade_id"":""1d2d3a4f-9cdf-7935-0f01-382569e6d9ef"",""yes_price_dollars"":""0.3400""}"
KXBTC15M-26APR280145-45,d22129fb-eae7-78bd-7cf8-adb3284c078f,1777354221,0.34,1.0,yes,"{""count_fp"":""1.00"",""created_time"":""2026-04-28T05:30:21.527759Z"",""no_price_dollars"":""0.6600"",""taker_side"":""yes"",""ticker"":""KXBTC15M-26APR280145-45"",""trade_id"":""d22129fb-eae7-78bd-7cf8-adb3284c078f"",""yes_price_dollars"":""0.3400""}"
KXBTC15M-26APR280145-45,9063b79f-fc40-7c48-c449-8b1bdbdb3bbb,1777354221,0.33,10.0,no,"{""count_fp"":""10.00"",""created_time"":""2026-04-28T05:30:21.507651Z"",""no_price_dollars"":""0.6700"",""taker_side"":""no"",""ticker"":""KXBTC15M-26APR280145-45"",""trade_id"":""9063b79f-fc40-7c48-c449-8b1bdbdb3bbb"",""yes_price_dollars"":""0.3300""}"
KXBTC15M-26APR280145-45,c753c1ae-1098-5ce0-1e1c-9b14055acc0f,1777354221,0.33,5.0,no,"{""count_fp"":""5.00"",""created_time"":""2026-04-28T05:30:21.283456Z"",""no_price_dollars"":""0.6700"",""taker_side"":""no"",""ticker"":""KXBTC15M-26APR280145-45"",""trade_id"":""c753c1ae-1098-5ce0-1e1c-9b14055acc0f"",""yes_price_dollars"":""0.3300""}"
KXBTC15M-26APR280145-45,8dc68497-52d7-69fd-10d1-4decfb801e03,1777354221,0.34,7.98,yes,"{""count_fp"":""7.98"",""created_time"":""2026-04-28T05:30:21.147268Z"",""no_price_dollars"":""0.6600"",""taker_side"":""yes"",""ticker"":""KXBTC15M-26APR280145-45"",""trade_id"":""8dc68497-52d7-69fd-10d1-4decfb801e03"",""yes_price_dollars"":""0.3400""}"
KXBTC15M-26APR280145-45,68b44710-2ffd-61db-2c8d-42403854924e,1777354221,0.34,34.09,yes,"{""count_fp"":""34.09"",""created_time"":""2026-04-28T05:30:21.147268Z"",""no_price_dollars"":""0.6600"",""taker_side"":""yes"",""ticker"":""KXBTC15M-26APR280145-45"",""trade_id"":""68b44710-2ffd-61db-2c8d-42403854924e"",""yes_price_dollars"":""0.3400""}"
KXBTC15M-26APR280145-45,a0d2f8bd-e771-745b-8bf7-47b199a569f2,1777354221,0.34,43.83,yes,"{""count_fp"":""43.83"",""created_time"":""2026-04-28T05:30:21.136026Z"",""no_price_dollars"":""0.6600"",""taker_side"":""yes"",""ticker"":""KXBTC15M-26APR280145-45"",""trade_id"":""a0d2f8bd-e771-745b-8bf7-47b199a569f2"",""yes_price_dollars"":""0.3400""}"
KXBTC15M-26APR280145-45,5b64726e-7431-4b67-5653-79014a256bc6,1777354221,0.34,21.83,yes,"{""count_fp"":""21.83"",""created_time"":""2026-04-28T05:30:21.135155Z"",""no_price_dollars"":""0.6600"",""taker_side"":""yes"",""ticker"":""KXBTC15M-26APR280145-45"",""trade_id"":""5b64726e-7431-4b67-5653-79014a256bc6"",""yes_price_dollars"":""0.3400""}"
KXBTC15M-26APR280145-45,c264bfb1-f830-4f20-a6a5-e303feac370b,1777354221,0.33,72.0,no,"{""count_fp"":""72.00"",""created_time"":""2026-04-28T05:30:21.069316Z"",""no_price_dollars"":""0.6700"",""taker_side"":""no"",""ticker"":""KXBTC15M-26APR280145-45"",""trade_id"":""c264bfb1-f830-4f20-a6a5-e303feac370b"",""yes_price_dollars"":""0.3300""}"
KXBTC15M-26APR280145-45,e90ef999-a36c-5594-0f8e-cee1fe5c3597,1777354222,0.33,27.46,yes,"{""count_fp"":""27.46"",""created_time"":""2026-04-28T05:30:22.960562Z"",""no_price_dollars"":""0.6700"",""taker_side"":""yes"",""ticker"":""KXBTC15M-26APR280145-45"",""trade_id"":""e90ef999-a36c-5594-0f8e-cee1fe5c3597"",""yes_price_dollars"":""0.3300""}"
KXBTC15M-26APR280145-45,e2a08283-0040-5ff0-7703-684c8ecd3a9b,1777354222,0.33,81.32,yes,"{""count_fp"":""81.32"",""created_time"":""2026-04-28T05:30:22.920512Z"",""no_price_dollars"":""0.6700"",""taker_side"":""yes"",""ticker"":""KXBTC15M-26APR280145-45"",""trade_id"":""e2a08283-0040-5ff0-7703-684c8ecd3a9b"",""yes_price_dollars"":""0.3300""}"
KXBTC15M-26APR280145-45,b60dce7f-7778-50a2-4b2b-26825fe2bb50,1777354222,0.33,3.0,yes,"{""count_fp"":""3.00"",""created_time"":""2026-04-28T05:30:22.920512Z"",""no_price_dollars"":""0.6700"",""taker_side"":""yes"",""ticker"":""KXBTC15M-26APR280145-45"",""trade_id"":""b60dce7f-7778-50a2-4b2b-26825fe2bb50"",""yes_price_dollars"":""0.3300""}"
KXBTC15M-26APR280145-45,d56efb29-a1d4-5865-a494-1e38726973d8,1777354222,0.34,2.81,yes,"{""count_fp"":""2.81"",""created_time"":""2026-04-28T05:30:22.703726Z"",""no_price_dollars"":""0.6600"",""taker_side"":""yes"",""ticker"":""KXBTC15M-26APR280145-45"",""trade_id"":""d56efb29-a1d4-5865-a494-1e38726973d8"",""yes_price_dollars"":""0.3400""}"
KXBTC15M-26APR280145-45,139ec7c1-b3ec-6d51-777f-fc049fc02804,1777354222,0.34,12.0,yes,"{""count_fp"":""12.00"",""created_time"":""2026-04-28T05:30:22.695777Z"",""no_price_dollars"":""0.6600"",""taker_side"":""yes"",""ticker"":""KXBTC15M-26APR280145-45"",""trade_id"":""139ec7c1-b3ec-6d51-777f-fc049fc02804"",""yes_price_dollars"":""0.3400""}"
KXBTC15M-26APR280145-45,dff6f415-828e-53d7-4103-bce27e3a3b2e,1777354222,0.33,16.04,no,"{""count_fp"":""16.04"",""created_time"":""2026-04-28T05:30:22.652662Z"",""no_price_dollars"":""0.6700"",""taker_side"":""no"",""ticker"":""KXBTC15M-26APR280145-45"",""trade_id"":""dff6f415-828e-53d7-4103-bce27e3a3b2e"",""yes_price_dollars"":""0.3300""}"
KXBTC15M-26APR280145-45,76520a2c-1e66-5faf-ae61-7e719f63a0da,1777354222,0.33,7.29,no,"{""count_fp"":""7.29"",""created_time"":""2026-04-28T05:30:22.649949Z"",""no_price_dollars"":""0.6700"",""taker_side"":""no"",""ticker"":""KXBTC15M-26APR280145-45"",""trade_id"":""76520a2c-1e66-5faf-ae61-7e719f63a0da"",""yes_price_dollars"":""0.3300""}"
KXBTC15M-26APR280145-45,51b782d3-40e3-577d-fe94-8b5d63d8d53b,1777354222,0.33,3.02,no,"{""count_fp"":""3.02"",""created_time"":""2026-04-28T05:30:22.649611Z"",""no_price_dollars"":""0.6700"",""taker_side"":""no"",""ticker"":""KXBTC15M-26APR280145-45"",""trade_id"":""51b782d3-40e3-577d-fe94-8b5d63d8d53b"",""yes_price_dollars"":""0.3300""}"
KXBTC15M-26APR280145-45,4743cbba-5d7e-512f-f48b-c7dfa10c9c6a,1777354222,0.33,40.02,no,"{""count_fp"":""40.02"",""created_time"":""2026-04-28T05:30:22.649611Z"",""no_price_dollars"":""0.6700"",""taker_side"":""no"",""ticker"":""KXBTC15M-26APR280145-45"",""trade_id"":""4743cbba-5d7e-512f-f48b-c7dfa10c9c6a"",""yes_price_dollars"":""0.3300""}"
KXBTC15M-26APR280145-45,d5a2eec1-bbcf-7649-7b4f-83e8919e20b3,1777354222,0.33,3.87,no,"{""count_fp"":""3.87"",""created_time"":""2026-04-28T05:30:22.647479Z"",""no_price_dollars"":""0.6700"",""taker_side"":""no"",""ticker"":""KXBTC15M-26APR280145-45"",""trade_id"":""d5a2eec1-bbcf-7649-7b4f-83e8919e20b3"",""yes_price_dollars"":""0.3300""}"
KXBTC15M-26APR280145-45,930ca237-4ad5-71cf-5ef4-2459313c1baa,1777354222,0.33,47.14,no,"{""count_fp"":""47.14"",""created_time"":""2026-04-28T05:30:22.647479Z"",""no_price_dollars"":""0.6700"",""taker_side"":""no"",""ticker"":""KXBTC15M-26APR280145-45"",""trade_id"":""930ca237-4ad5-71cf-5ef4-2459313c1baa"",""yes_price_dollars"":""0.3300""}"
KXBTC15M-26APR280145-45,cb36b74f-c7bb-4da0-4179-923af2cca0ac,1777354222,0.33,18.23,no,"{""count_fp"":""18.23"",""created_time"":""2026-04-28T05:30:22.607003Z"",""no_price_dollars"":""0.6700"",""taker_side"":""no"",""ticker"":""KXBTC15M-26APR280145-45"",""trade_id"":""cb36b74f-c7bb-4da0-4179-923af2cca0ac"",""yes_price_dollars"":""0.3300""}"
KXBTC15M-26APR280145-45,0b46d14f-d9b5-43b7-4813-6417309d7a6e,1777354222,0.33,8.86,no,"{""count_fp"":""8.86"",""created_time"":""2026-04-28T05:30:22.607003Z"",""no_price_dollars"":""0.6700"",""taker_side"":""no"",""ticker"":""KXBTC15M-26APR280145-45"",""trade_id"":""0b46d14f-d9b5-43b7-4813-6417309d7a6e"",""yes_price_dollars"":""0.3300""}"
KXBTC15M-26APR280145-45,e6a22ce5-6d34-5a4c-c5d5-ce5a830dba3b,1777354222,0.33,3.0,no,"{""count_fp"":""3.00"",""created_time"":""2026-04-28T05:30:22.500079Z"",""no_price_dollars"":""0.6700"",""taker_side"":""no"",""ticker"":""KXBTC15M-26APR280145-45"",""trade_id"":""e6a22ce5-6d34-5a4c-c5d5-ce5a830dba3b"",""yes_price_dollars"":""0.3300""}"
KXBTC15M-26APR280145-45,2c4bf3a5-66fb-5c58-e598-22a6fbc12860,1777354222,0.33,18.77,no,"{""count_fp"":""18.77"",""created_time"":""2026-04-28T05:30:22.500079Z"",""no_price_dollars"":""0.6700"",""taker_side"":""no"",""ticker"":""KXBTC15M-26APR280145-45"",""trade_id"":""2c4bf3a5-66fb-5c58-e598-22a6fbc12860"",""yes_price_dollars"":""0.3300""}"
KXBTC15M-26APR280145-45,73130659-ff0f-7182-48ec-314c066120ff,1777354223,0.32,135.2,no,"{""count_fp"":""135.20"",""created_time"":""2026-04-28T05:30:23.921205Z"",""no_price_dollars"":""0.6800"",""taker_side"":""no"",""ticker"":""KXBTC15M-26APR280145-45"",""trade_id"":""73130659-ff0f-7182-48ec-314c066120ff"",""yes_price_dollars"":""0.3200""}"
KXBTC15M-26APR280145-45,e9a04f12-1273-7772-7738-967ce0af7077,1777354223,0.32,10.0,no,"{""count_fp"":""10.00"",""created_time"":""2026-04-28T05:30:23.712777Z"",""no_price_dollars"":""0.6800"",""taker_side"":""no"",""ticker"":""KXBTC15M-26APR280145-45"",""trade_id"":""e9a04f12-1273-7772-7738-967ce0af7077"",""yes_price_dollars"":""0.3200""}"
KXBTC15M-26APR280145-45,ca74af97-564d-7c33-2252-0bee5cbc4c6c,1777354223,0.33,5.0,yes,"{""count_fp"":""5.00"",""created_time"":""2026-04-28T05:30:23.630751Z"",""no_price_dollars"":""0.6700"",""taker_side"":""yes"",""ticker"":""KXBTC15M-26APR280145-45"",""trade_id"":""ca74af97-564d-7c33-2252-0bee5cbc4c6c"",""yes_price_dollars"":""0.3300""}"
KXBTC15M-26APR280145-45,8f0f8b78-05f0-7b5e-1839-b7380ba4017d,1777354223,0.33,10.0,yes,"{""count_fp"":""10.00"",""created_time"":""2026-04-28T05:30:23.630751Z"",""no_price_dollars"":""0.6700"",""taker_side"":""yes"",""ticker"":""KXBTC15M-26APR280145-45"",""trade_id"":""8f0f8b78-05f0-7b5e-1839-b7380ba4017d"",""yes_price_dollars"":""0.3300""}"
KXBTC15M-26APR280145-45,f4ba11b1-ec5e-587a-49ff-759708721a0c,1777354223,0.32,3.0,no,"{""count_fp"":""3.00"",""created_time"":""2026-04-28T05:30:23.135371Z"",""no_price_dollars"":""0.6800"",""taker_side"":""no"",""ticker"":""KXBTC15M-26APR280145-45"",""trade_id"":""f4ba11b1-ec5e-587a-49ff-759708721a0c"",""yes_price_dollars"":""0.3200""}"
KXBTC15M-26APR280145-45,6ff125da-c231-5a09-48bb-f692356a04bb,1777354223,0.32,3.0,no,"{""count_fp"":""3.00"",""created_time"":""2026-04-28T05:30:23.135371Z"",""no_price_dollars"":""0.6800"",""taker_side"":""no"",""ticker"":""KXBTC15M-26APR280145-45"",""trade_id"":""6ff125da-c231-5a09-48bb-f692356a04bb"",""yes_price_dollars"":""0.3200""}"
KXBTC15M-26APR280145-45,5e0f353e-6a94-577d-76a0-c87487935f39,1777354223,0.32,40.0,no,"{""count_fp"":""40.00"",""created_time"":""2026-04-28T05:30:23.135371Z"",""no_price_dollars"":""0.6800"",""taker_side"":""no"",""ticker"":""KXBTC15M-26APR280145-45"",""trade_id"":""5e0f353e-6a94-577d-76a0-c87487935f39"",""yes_price_dollars"":""0.3200""}"
KXBTC15M-26APR280145-45,423bb122-3274-5870-56ed-039c8b25f917,1777354223,0.32,1.17,no,"{""count_fp"":""1.17"",""created_time"":""2026-04-28T05:30:23.135371Z"",""no_price_dollars"":""0.6800"",""taker_side"":""no"",""ticker"":""KXBTC15M-26APR280145-45"",""trade_id"":""423bb122-3274-5870-56ed-039c8b25f917"",""yes_price_dollars"":""0.3200""}"
KXBTC15M-26APR280145-45,9fca6ed9-b19e-6e8f-15c4-91b0c6624a39,1777354223,0.33,22.0,yes,"{""count_fp"":""22.00"",""created_time"":""2026-04-28T05:30:23.006936Z"",""no_price_dollars"":""0.6700"",""taker_side"":""yes"",""ticker"":""KXBTC15M-26APR280145-45"",""trade_id"":""9fca6ed9-b19e-6e8f-15c4-91b0c6624a39"",""yes_price_dollars"":""0.3300""}"
KXBTC15M-26APR280145-45,8eb05dfb-1342-64a1-327d-f1d647ecd82b,1777354223,0.33,0.06,yes,"{""count_fp"":""0.06"",""created_time"":""2026-04-28T05:30:23.006936Z"",""no_price_dollars"":""0.6700"",""taker_side"":""yes"",""ticker"":""KXBTC15M-26APR280145-45"",""trade_id"":""8eb05dfb-1342-64a1-327d-f1d647ecd82b"",""yes_price_dollars"":""0.3300""}"
KXBTC15M-26APR280145-45,6cc2bf55-6cb2-7324-68b0-a7c41d4cc340,1777354224,0.34,1.0,yes,"{""count_fp"":""1.00"",""created_time"":""2026-04-28T05:30:24.959476Z"",""no_price_dollars"":""0.6600"",""taker_side"":""yes"",""ticker"":""KXBTC15M-26APR280145-45"",""trade_id"":""6cc2bf55-6cb2-7324-68b0-a7c41d4cc340"",""yes_price_dollars"":""0.3400""}"
KXBTC15M-26APR280145-45,0694a665-a9d0-7f42-4c61-75540e6eae4f,1777354224,0.34,11.0,yes,"{""count_fp"":""11.00"",""created_time"":""2026-04-28T05:30:24.959476Z"",""no_price_dollars"":""0.6600"",""taker_side"":""yes"",""ticker"":""KXBTC15M-26APR280145-45"",""trade_id"":""0694a665-a9d0-7f42-4c61-75540e6eae4f"",""yes_price_dollars"":""0.3400""}"
KXBTC15M-26APR280145-45,f81d0103-40e7-7ad6-5f03-170c8b76a6f0,1777354224,0.33,16.0,yes,"{""count_fp"":""16.00"",""created_time"":""2026-04-28T05:30:24.516663Z"",""no_price_dollars"":""0.6700"",""taker_side"":""yes"",""ticker"":""KXBTC15M-26APR280145-45"",""trade_id"":""f81d0103-40e7-7ad6-5f03-170c8b76a6f0"",""yes_price_dollars"":""0.3300""}"
KXBTC15M-26APR280145-45,f09944d3-ec75-78b3-616c-7f57a01259e0,1777354224,0.33,1.0,yes,"{""count_fp"":""1.00"",""created_time"":""2026-04-28T05:30:24.516663Z"",""no_price_dollars"":""0.6700"",""taker_side"":""yes"",""ticker"":""KXBTC15M-26APR280145-45"",""trade_id"":""f09944d3-ec75-78b3-616c-7f57a01259e0"",""yes_price_dollars"":""0.3300""}"
KXBTC15M-26APR280145-45,3b83ac71-e945-74da-53b8-64b8ae9397b4,1777354224,0.33,5.0,yes,"{""count_fp"":""5.00"",""created_time"":""2026-04-28T05:30:24.516663Z"",""no_price_dollars"":""0.6700"",""taker_side"":""yes"",""ticker"":""KXBTC15M-26APR280145-45"",""trade_id"":""3b83ac71-e945-74da-53b8-64b8ae9397b4"",""yes_price_dollars"":""0.3300""}"
KXBTC15M-26APR280145-45,d4ae2cb6-57a5-6f83-db24-68ca48aef818,1777354224,0.33,16.0,yes,"{""count_fp"":""16.00"",""created_time"":""2026-04-28T05:30:24.147514Z"",""no_price_dollars"":""0.6700"",""taker_side"":""yes"",""ticker"":""KXBTC15M-26APR280145-45"",""trade_id"":""d4ae2cb6-57a5-6f83-db24-68ca48aef818"",""yes_price_dollars"":""0.3300""}"
KXBTC15M-26APR280145-45,4350201c-ecef-65d6-3edb-7a3b3ad96023,1777354224,0.32,94.13,no,"{""count_fp"":""94.13"",""created_time"":""2026-04-28T05:30:24.059067Z"",""no_price_dollars"":""0.6800"",""taker_side"":""no"",""ticker"":""KXBTC15M-26APR280145-45"",""trade_id"":""4350201c-ecef-65d6-3edb-7a3b3ad96023"",""yes_price_dollars"":""0.3200""}"
KXBTC15M-26APR280145-45,178d4601-62f0-5aba-0f7e-44254c2b287f,1777354225,0.34,2.83,yes,"{""count_fp"":""2.83"",""created_time"":""2026-04-28T05:30:25.793339Z"",""no_price_dollars"":""0.6600"",""taker_side"":""yes"",""ticker"":""KXBTC15M-26APR280145-45"",""trade_id"":""178d4601-62f0-5aba-0f7e-44254c2b287f"",""yes_price_dollars"":""0.3400""}"
KXBTC15M-26APR280145-45,7dafa818-e03d-6239-b13e-06ce67539bb1,1777354225,0.33,2.87,no,"{""count_fp"":""2.87"",""created_time"":""2026-04-28T05:30:25.047249Z"",""no_price_dollars"":""0.6700"",""taker_side"":""no"",""ticker"":""KXBTC15M-26APR280145-45"",""trade_id"":""7dafa818-e03d-6239-b13e-06ce67539bb1"",""yes_price_dollars"":""0.3300""}"
KXBTC15M-26APR280145-45,279432a9-d8da-61d9-f630-f7bdbb64d127,1777354226,0.34,38.0,yes,"{""count_fp"":""38.00"",""created_time"":""2026-04-28T05:30:26.340515Z"",""no_price_dollars"":""0.6600"",""taker_side"":""yes"",""ticker"":""KXBTC15M-26APR280145-45"",""trade_id"":""279432a9-d8da-61d9-f630-f7bdbb64d127"",""yes_price_dollars"":""0.3400""}"
KXBTC15M-26APR280145-45,eaf81606-7954-41c0-70cd-63ef920b55c3,1777354226,0.33,0.68,no,"{""count_fp"":""0.68"",""created_time"":""2026-04-28T05:30:26.259907Z"",""no_price_dollars"":""0.6700"",""taker_side"":""no"",""ticker"":""KXBTC15M-26APR280145-45"",""trade_id"":""eaf81606-7954-41c0-70cd-63ef920b55c3"",""yes_price_dollars"":""0.3300""}"
KXBTC15M-26APR280145-45,bfab8fa7-0039-4aef-7a03-16008c9b73d0,1777354226,0.33,6.08,no,"{""count_fp"":""6.08"",""created_time"":""2026-04-28T05:30:26.259907Z"",""no_price_dollars"":""0.6700"",""taker_side"":""no"",""ticker"":""KXBTC15M-26APR280145-45"",""trade_id"":""bfab8fa7-0039-4aef-7a03-16008c9b73d0"",""yes_price_dollars"":""0.3300""}"
KXBTC15M-26APR280145-45,1af6db1a-8de1-4d3d-6ca6-e5be8305bcac,1777354226,0.33,22.0,no,"{""count_fp"":""22.00"",""created_time"":""2026-04-28T05:30:26.259907Z"",""no_price_dollars"":""0.6700"",""taker_side"":""no"",""ticker"":""KXBTC15M-26APR280145-45"",""trade_id"":""1af6db1a-8de1-4d3d-6ca6-e5be8305bcac"",""yes_price_dollars"":""0.3300""}"
KXBTC15M-26APR280145-45,1cb56d31-d6eb-45f2-681b-c99036dcb9a2,1777354226,0.34,28.13,yes,"{""count_fp"":""28.13"",""created_time"":""2026-04-28T05:30:26.034129Z"",""no_price_dollars"":""0.6600"",""taker_side"":""yes"",""ticker"":""KXBTC15M-26APR280145-45"",""trade_id"":""1cb56d31-d6eb-45f2-681b-c99036dcb9a2"",""yes_price_dollars"":""0.3400""}"
KXBTC15M-26APR280145-45,bff26fbe-db33-50ca-abb5-08ff8984304a,1777354226,0.34,1.42,yes,"{""count_fp"":""1.42"",""created_time"":""2026-04-28T05:30:26.009804Z"",""no_price_dollars"":""0.6600"",""taker_side"":""yes"",""ticker"":""KXBTC15M-26APR280145-45"",""trade_id"":""bff26fbe-db33-50ca-abb5-08ff8984304a"",""yes_price_dollars"":""0.3400""}"
KXBTC15M-26APR280145-45,5b5d1402-4cf4-5a46-82b5-92a40a55275b,1777354226,0.34,8.17,yes,"{""count_fp"":""8.17"",""created_time"":""2026-04-28T05:30:26.009804Z"",""no_price_dollars"":""0.6600"",""taker_side"":""yes"",""ticker"":""KXBTC15M-26APR280145-45"",""trade_id"":""5b5d1402-4cf4-5a46-82b5-92a40a55275b"",""yes_price_dollars"":""0.3400""}"
KXBTC15M-26APR280145-45,b1f97ede-a518-5c89-4f46-ffdf900386d1,1777354227,0.34,2.79,yes,"{""count_fp"":""2.79"",""created_time"":""2026-04-28T05:30:27.615194Z"",""no_price_dollars"":""0.6600"",""taker_side"":""yes"",""ticker"":""KXBTC15M-26APR280145-45"",""trade_id"":""b1f97ede-a518-5c89-4f46-ffdf900386d1"",""yes_price_dollars"":""0.3400""}"
KXBTC15M-26APR280145-45,b1955ae4-5324-6715-ec90-7a97e18104f9,1777354227,0.34,5.62,yes,"{""count_fp"":""5.62"",""created_time"":""2026-04-28T05:30:27.582906Z"",""no_price_dollars"":""0.6600"",""taker_side"":""yes"",""ticker"":""KXBTC15M-26APR280145-45"",""trade_id"":""b1955ae4-5324-6715-ec90-7a97e18104f9"",""yes_price_dollars"":""0.3400""}"
KXBTC15M-26APR280145-45,6c9577f5-a384-40a9-17d6-4f076cb48036,1777354227,0.33,1.0,no,"{""count_fp"":""1.00"",""created_time"":""2026-04-28T05:30:27.540349Z"",""no_price_dollars"":""0.6700"",""taker_side"":""no"",""ticker"":""KXBTC15M-26APR280145-45"",""trade_id"":""6c9577f5-a384-40a9-17d6-4f076cb48036"",""yes_price_dollars"":""0.3300""}"
KXBTC15M-26APR280145-45,b4956f53-a8f8-63fd-670c-cc860b44cafa,1777354227,0.33,19.25,no,"{""count_fp"":""19.25"",""created_time"":""2026-04-28T05:30:27.527Z"",""no_price_dollars"":""0.6700"",""taker_side"":""no"",""ticker"":""KXBTC15M-26APR280145-45"",""trade_id"":""b4956f53-a8f8-63fd-670c-cc860b44cafa"",""yes_price_dollars"":""0.3300""}"
KXBTC15M-26APR280145-45,7a1248b9-40c1-6f82-632a-05ea4dcab612,1777354227,0.33,7.0,no,"{""count_fp"":""7.00"",""created_time"":""2026-04-28T05:30:27.527Z"",""no_price_dollars"":""0.6700"",""taker_side"":""no"",""ticker"":""KXBTC15M-26APR280145-45"",""trade_id"":""7a1248b9-40c1-6f82-632a-05ea4dcab612"",""yes_price_dollars"":""0.3300""}"
KXBTC15M-26APR280145-45,5a339e60-f700-4b11-0607-57e76ce75991,1777354227,0.34,50.14,yes,"{""count_fp"":""50.14"",""created_time"":""2026-04-28T05:30:27.345033Z"",""no_price_dollars"":""0.6600"",""taker_side"":""yes"",""ticker"":""KXBTC15M-26APR280145-45"",""trade_id"":""5a339e60-f700-4b11-0607-57e76ce75991"",""yes_price_dollars"":""0.3400""}"
KXBTC15M-26APR280145-45,0a641c4d-eed2-4c31-0c8d-c6d3a015d59a,1777354227,0.34,6.08,yes,"{""count_fp"":""6.08"",""created_time"":""2026-04-28T05:30:27.345033Z"",""no_price_dollars"":""0.6600"",""taker_side"":""yes"",""ticker"":""KXBTC15M-26APR280145-45"",""trade_id"":""0a641c4d-eed2-4c31-0c8d-c6d3a015d59a"",""yes_price_dollars"":""0.3400""}"
KXBTC15M-26APR280145-45,2abe8271-4285-5c7c-3334-b54bd51d6cf7,1777354227,0.34,2.74,yes,"{""count_fp"":""2.74"",""created_time"":""2026-04-28T05:30:27.139132Z"",""no_price_dollars"":""0.6600"",""taker_side"":""yes"",""ticker"":""KXBTC15M-26APR280145-45"",""trade_id"":""2abe8271-4285-5c7c-3334-b54bd51d6cf7"",""yes_price_dollars"":""0.3400""}"
KXBTC15M-26APR280145-45,febf4d21-23f1-7cf4-262c-05117307a9a3,1777354227,0.34,1.4,yes,"{""count_fp"":""1.40"",""created_time"":""2026-04-28T05:30:27.115907Z"",""no_price_dollars"":""0.6600"",""taker_side"":""yes"",""ticker"":""KXBTC15M-26APR280145-45"",""trade_id"":""febf4d21-23f1-7cf4-262c-05117307a9a3"",""yes_price_dollars"":""0.3400""}"
KXBTC15M-26APR280145-45,fd423e00-6ca7-5ed2-479e-a865a0bd772b,1777354228,0.32,49.63,no,"{""count_fp"":""49.63"",""created_time"":""2026-04-28T05:30:28.992637Z"",""no_price_dollars"":""0.6800"",""taker_side"":""no"",""ticker"":""KXBTC15M-26APR280145-45"",""trade_id"":""fd423e00-6ca7-5ed2-479e-a865a0bd772b"",""yes_price_dollars"":""0.3200""}"
KXBTC15M-26APR280145-45,e233c060-a0bb-58b7-502b-9eef54d58697,1777354228,0.33,121.0,no,"{""count_fp"":""121.00"",""created_time"":""2026-04-28T05:30:28.992637Z"",""no_price_dollars"":""0.6700"",""taker_side"":""no"",""ticker"":""KXBTC15M-26APR280145-45"",""trade_id"":""e233c060-a0bb-58b7-502b-9eef54d58697"",""yes_price_dollars"":""0.3300""}"
KXBTC15M-26APR280145-45,d4898df0-4912-5f00-505e-b96a768ecea9,1777354228,0.33,56.0,no,"{""count_fp"":""56.00"",""created_time"":""2026-04-28T05:30:28.992637Z"",""no_price_dollars"":""0.6700"",""taker_side"":""no"",""ticker"":""KXBTC15M-26APR280145-45"",""trade_id"":""d4898df0-4912-5f00-505e-b96a768ecea9"",""yes_price_dollars"":""0.3300""}"
KXBTC15M-26APR280145-45,c650e686-5c09-57c8-7418-016b1bd7551d,1777354228,0.33,43.0,no,"{""count_fp"":""43.00"",""created_time"":""2026-04-28T05:30:28.992637Z"",""no_price_dollars"":""0.6700"",""taker_side"":""no"",""ticker"":""KXBTC15M-26APR280145-45"",""trade_id"":""c650e686-5c09-57c8-7418-016b1bd7551d"",""yes_price_dollars"":""0.3300""}"
KXBTC15M-26APR280145-45,876a47c5-cb98-5733-7027-584fcb51b1f1,1777354228,0.33,15.29,no,"{""count_fp"":""15.29"",""created_time"":""2026-04-28T05:30:28.992637Z"",""no_price_dollars"":""0.6700"",""taker_side"":""no"",""ticker"":""KXBTC15M-26APR280145-45"",""trade_id"":""876a47c5-cb98-5733-7027-584fcb51b1f1"",""yes_price_dollars"":""0.3300""}"
KXBTC15M-26APR280145-45,062805d0-491c-51b2-5512-a221a762f9a0,1777354228,0.33,1.0,no,"{""count_fp"":""1.00"",""created_time"":""2026-04-28T05:30:28.992637Z"",""no_price_dollars"":""0.6700"",""taker_side"":""no"",""ticker"":""KXBTC15M-26APR280145-45"",""trade_id"":""062805d0-491c-51b2-5512-a221a762f9a0"",""yes_price_dollars"":""0.3300""}"
KXBTC15M-26APR280145-45,c58e5715-e307-6fb5-e552-fd708f44a03f,1777354228,0.33,2.29,no,"{""count_fp"":""2.29"",""created_time"":""2026-04-28T05:30:28.924415Z"",""no_price_dollars"":""0.6700"",""taker_side"":""no"",""ticker"":""KXBTC15M-26APR280145-45"",""trade_id"":""c58e5715-e307-6fb5-e552-fd708f44a03f"",""yes_price_dollars"":""0.3300""}"
KXBTC15M-26APR280145-45,7b718b39-6bd4-67e7-eb1a-b938ca4763c9,1777354228,0.33,24.71,no,"{""count_fp"":""24.71"",""created_time"":""2026-04-28T05:30:28.924415Z"",""no_price_dollars"":""0.6700"",""taker_side"":""no"",""ticker"":""KXBTC15M-26APR280145-45"",""trade_id"":""7b718b39-6bd4-67e7-eb1a-b938ca4763c9"",""yes_price_dollars"":""0.3300""}"
KXBTC15M-26APR280145-45,5538f53e-2573-7d5d-867e-ce5afc7035f7,1777354228,0.33,4.0,no,"{""count_fp"":""4.00"",""created_time"":""2026-04-28T05:30:28.864787Z"",""no_price_dollars"":""0.6700"",""taker_side"":""no"",""ticker"":""KXBTC15M-26APR280145-45"",""trade_id"":""5538f53e-2573-7d5d-867e-ce5afc7035f7"",""yes_price_dollars"":""0.3300""}"
KXBTC15M-26APR280145-45,100da65e-352b-43e5-cde5-77fea64a951b,1777354228,0.33,1.0,no,"{""count_fp"":""1.00"",""created_time"":""2026-04-28T05:30:28.797468Z"",""no_price_dollars"":""0.6700"",""taker_side"":""no"",""ticker"":""KXBTC15M-26APR280145-45"",""trade_id"":""100da65e-352b-43e5-cde5-77fea64a951b"",""yes_price_dollars"":""0.3300""}"
KXBTC15M-26APR280145-45,4a392f84-4e40-5eb5-74e0-64b5d5be54b5,1777354228,0.34,21.92,yes,"{""count_fp"":""21.92"",""created_time"":""2026-04-28T05:30:28.748853Z"",""no_price_dollars"":""0.6600"",""taker_side"":""yes"",""ticker"":""KXBTC15M-26APR280145-45"",""trade_id"":""4a392f84-4e40-5eb5-74e0-64b5d5be54b5"",""yes_price_dollars"":""0.3400""}"
KXBTC15M-26APR280145-45,3c368ff8-ba0c-4699-d876-03450fd8bbc1,1777354228,0.34,4.68,yes,"{""count_fp"":""4.68"",""created_time"":""2026-04-28T05:30:28.415883Z"",""no_price_dollars"":""0.6600"",""taker_side"":""yes"",""ticker"":""KXBTC15M-26APR280145-45"",""trade_id"":""3c368ff8-ba0c-4699-d876-03450fd8bbc1"",""yes_price_dollars"":""0.3400""}"
KXBTC15M-26APR280145-45,faded294-cb7c-63ed-7b86-980a3a74c315,1777354228,0.34,12.65,yes,"{""count_fp"":""12.65"",""created_time"":""2026-04-28T05:30:28.103927Z"",""no_price_dollars"":""0.6600"",""taker_side"":""yes"",""ticker"":""KXBTC15M-26APR280145-45"",""trade_id"":""faded294-cb7c-63ed-7b86-980a3a74c315"",""yes_price_dollars"":""0.3400""}"
KXBTC15M-26APR280145-45,d3000852-faa1-4787-ac3f-dd6ee3c7a92e,1777354229,0.34,3.0,no,"{""count_fp"":""3.00"",""created_time"":""2026-04-28T05:30:29.551724Z"",""no_price_dollars"":""0.6600"",""taker_side"":""no"",""ticker"":""KXBTC15M-26APR280145-45"",""trade_id"":""d3000852-faa1-4787-ac3f-dd6ee3c7a92e"",""yes_price_dollars"":""0.3400""}"
KXBTC15M-26APR280145-45,96180f17-c539-49a7-a782-07c773613a96,1777354229,0.33,7.0,no,"{""count_fp"":""7.00"",""created_time"":""2026-04-28T05:30:29.551724Z"",""no_price_dollars"":""0.6700"",""taker_side"":""no"",""ticker"":""KXBTC15M-26APR280145-45"",""trade_id"":""96180f17-c539-49a7-a782-07c773613a96"",""yes_price_dollars"":""0.3300""}"
KXBTC15M-26APR280145-45,160835a8-b6e5-73ea-034c-8a612cb942e0,1777354230,0.35,30.0,yes,"{""count_fp"":""30.00"",""created_time"":""2026-04-28T05:30:30.623298Z"",""no_price_dollars"":""0.6500"",""taker_side"":""yes"",""ticker"":""KXBTC15M-26APR280145-45"",""trade_id"":""160835a8-b6e5-73ea-034c-8a612cb942e0"",""yes_price_dollars"":""0.3500""}"
KXBTC15M-26APR280145-45,216c415b-a4be-5e92-8e1f-0790de3a3322,1777354230,0.34,20.0,no,"{""count_fp"":""20.00"",""created_time"":""2026-04-28T05:30:30.493966Z"",""no_price_dollars"":""0.6600"",""taker_side"":""no"",""ticker"":""KXBTC15M-26APR280145-45"",""trade_id"":""216c415b-a4be-5e92-8e1f-0790de3a3322"",""yes_price_dollars"":""0.3400""}"
KXBTC15M-26APR280145-45,d4611132-644e-44c3-db9d-d255b0247825,1777354230,0.35,40.0,yes,"{""count_fp"":""40.00"",""created_time"":""2026-04-28T05:30:30.325937Z"",""no_price_dollars"":""0.6500"",""taker_side"":""yes"",""ticker"":""KXBTC15M-26APR280145-45"",""trade_id"":""d4611132-644e-44c3-db9d-d255b0247825"",""yes_price_dollars"":""0.3500""}"
KXBTC15M-26APR280145-45,5acdae5a-8589-4242-f9d1-a7b67640ec3c,1777354230,0.35,159.96,yes,"{""count_fp"":""159.96"",""created_time"":""2026-04-28T05:30:30.325937Z"",""no_price_dollars"":""0.6500"",""taker_side"":""yes"",""ticker"":""KXBTC15M-26APR280145-45"",""trade_id"":""5acdae5a-8589-4242-f9d1-a7b67640ec3c"",""yes_price_dollars"":""0.3500""}"
KXBTC15M-26APR280145-45,0380e205-70dc-4304-fcd9-34fa1cac5a69,1777354230,0.35,5.0,yes,"{""count_fp"":""5.00"",""created_time"":""2026-04-28T05:30:30.325937Z"",""no_price_dollars"":""0.6500"",""taker_side"":""yes"",""ticker"":""KXBTC15M-26APR280145-45"",""trade_id"":""0380e205-70dc-4304-fcd9-34fa1cac5a69"",""yes_price_dollars"":""0.3500""}"
KXBTC15M-26APR280145-45,941c51c2-6222-535e-65cb-62ef0eee6212,1777354231,0.34,7.39,no,"{""count_fp"":""7.39"",""created_time"":""2026-04-28T05:30:31.892077Z"",""no_price_dollars"":""0.6600"",""taker_side"":""no"",""ticker"":""KXBTC15M-26APR280145-45"",""trade_id"":""941c51c2-6222-535e-65cb-62ef0eee6212"",""yes_price_dollars"":""0.3400""}"
KXBTC15M-26APR280145-45,4c1d3442-de0a-5746-cdec-6b35910e8612,1777354231,0.34,14.79,no,"{""count_fp"":""14.79"",""created_time"":""2026-04-28T05:30:31.817288Z"",""no_price_dollars"":""0.6600"",""taker_side"":""no"",""ticker"":""KXBTC15M-26APR280145-45"",""trade_id"":""4c1d3442-de0a-5746-cdec-6b35910e8612"",""yes_price_dollars"":""0.3400""}"
KXBTC15M-26APR280145-45,c1e289a0-6fde-5656-e413-86f1d943f306,1777354231,0.34,45.87,no,"{""count_fp"":""45.87"",""created_time"":""2026-04-28T05:30:31.392628Z"",""no_price_dollars"":""0.6600"",""taker_side"":""no"",""ticker"":""KXBTC15M-26APR280145-45"",""trade_id"":""c1e289a0-6fde-5656-e413-86f1d943f306"",""yes_price_dollars"":""0.3400""}"
KXBTC15M-26APR280145-45,d81374de-e9c6-406e-ed28-fa36b62cb1c2,1777354231,0.34,7.33,no,"{""count_fp"":""7.33"",""created_time"":""2026-04-28T05:30:31.375577Z"",""no_price_dollars"":""0.6600"",""taker_side"":""no"",""ticker"":""KXBTC15M-26APR280145-45"",""trade_id"":""d81374de-e9c6-406e-ed28-fa36b62cb1c2"",""yes_price_dollars"":""0.3400""}"
KXBTC15M-26APR280145-45,330c85a3-e901-7f1a-1c64-a17b304a8244,1777354231,0.35,13.66,yes,"{""count_fp"":""13.66"",""created_time"":""2026-04-28T05:30:31.067714Z"",""no_price_dollars"":""0.6500"",""taker_side"":""yes"",""ticker"":""KXBTC15M-26APR280145-45"",""trade_id"":""330c85a3-e901-7f1a-1c64-a17b304a8244"",""yes_price_dollars"":""0.3500""}"
KXBTC15M-26APR280145-45,cdf363eb-24c9-65fe-2147-b86e999f4a45,1777354232,0.35,2.0,yes,"{""count_fp"":""2.00"",""created_time"":""2026-04-28T05:30:32.865358Z"",""no_price_dollars"":""0.6500"",""taker_side"":""yes"",""ticker"":""KXBTC15M-26APR280145-45"",""trade_id"":""cdf363eb-24c9-65fe-2147-b86e999f4a45"",""yes_price_dollars"":""0.3500""}"
KXBTC15M-26APR280145-45,e29bd042-3d45-4fee-a637-0fc8328b38d8,1777354232,0.35,102.67,yes,"{""count_fp"":""102.67"",""created_time"":""2026-04-28T05:30:32.800513Z"",""no_price_dollars"":""0.6500"",""taker_side"":""yes"",""ticker"":""KXBTC15M-26APR280145-45"",""trade_id"":""e29bd042-3d45-4fee-a637-0fc8328b38d8"",""yes_price_dollars"":""0.3500""}"
KXBTC15M-26APR280145-45,88c71868-5131-4a6a-9d56-297bc7c9a385,1777354232,0.35,32.61,yes,"{""count_fp"":""32.61"",""created_time"":""2026-04-28T05:30:32.800513Z"",""no_price_dollars"":""0.6500"",""taker_side"":""yes"",""ticker"":""KXBTC15M-26APR280145-45"",""trade_id"":""88c71868-5131-4a6a-9d56-297bc7c9a385"",""yes_price_dollars"":""0.3500""}"
KXBTC15M-26APR280145-45,650e67ba-a2e4-4f99-a6a4-4e5aa91edd69,1777354232,0.34,1.43,no,"{""count_fp"":""1.43"",""created_time"":""2026-04-28T05:30:32.611399Z"",""no_price_dollars"":""0.6600"",""taker_side"":""no"",""ticker"":""KXBTC15M-26APR280145-45"",""trade_id"":""650e67ba-a2e4-4f99-a6a4-4e5aa91edd69"",""yes_price_dollars"":""0.3400""}"
KXBTC15M-26APR280145-45,d951af0b-4ddc-72d1-93a0-1f7d10c5ab09,1777354232,0.34,2.29,no,"{""count_fp"":""2.29"",""created_time"":""2026-04-28T05:30:32.503517Z"",""no_price_dollars"":""0.6600"",""taker_side"":""no"",""ticker"":""KXBTC15M-26APR280145-45"",""trade_id"":""d951af0b-4ddc-72d1-93a0-1f7d10c5ab09"",""yes_price_dollars"":""0.3400""}"
KXBTC15M-26APR280145-45,a9b87610-ba8e-75f2-91a5-07fdea2c56ea,1777354232,0.34,3.62,no,"{""count_fp"":""3.62"",""created_time"":""2026-04-28T05:30:32.503517Z"",""no_price_dollars"":""0.6600"",""taker_side"":""no"",""ticker"":""KXBTC15M-26APR280145-45"",""trade_id"":""a9b87610-ba8e-75f2-91a5-07fdea2c56ea"",""yes_price_dollars"":""0.3400""}"
KXBTC15M-26APR280145-45,9c0b73ff-19a1-6e92-2140-1ed6d72e09d8,1777354232,0.35,27.32,yes,"{""count_fp"":""27.32"",""created_time"":""2026-04-28T05:30:32.041279Z"",""no_price_dollars"":""0.6500"",""taker_side"":""yes"",""ticker"":""KXBTC15M-26APR280145-45"",""trade_id"":""9c0b73ff-19a1-6e92-2140-1ed6d72e09d8"",""yes_price_dollars"":""0.3500""}"
KXBTC15M-26APR280145-45,eebf60bb-3944-5a80-97a6-29e626edb69b,1777354233,0.35,38.25,yes,"{""count_fp"":""38.25"",""created_time"":""2026-04-28T05:30:33.981612Z"",""no_price_dollars"":""0.6500"",""taker_side"":""yes"",""ticker"":""KXBTC15M-26APR280145-45"",""trade_id"":""eebf60bb-3944-5a80-97a6-29e626edb69b"",""yes_price_dollars"":""0.3500""}"
KXBTC15M-26APR280145-45,e3dc5411-8660-72d1-f795-13c3763f7cf1,1777354233,0.34,1.47,no,"{""count_fp"":""1.47"",""created_time"":""2026-04-28T05:30:33.976505Z"",""no_price_dollars"":""0.6600"",""taker_side"":""no"",""ticker"":""KXBTC15M-26APR280145-45"",""trade_id"":""e3dc5411-8660-72d1-f795-13c3763f7cf1"",""yes_price_dollars"":""0.3400""}"
KXBTC15M-26APR280145-45,555efbc8-a7c4-4224-12dd-95329e268c17,1777354233,0.35,10.93,yes,"{""count_fp"":""10.93"",""created_time"":""2026-04-28T05:30:33.881605Z"",""no_price_dollars"":""0.6500"",""taker_side"":""yes"",""ticker"":""KXBTC15M-26APR280145-45"",""trade_id"":""555efbc8-a7c4-4224-12dd-95329e268c17"",""yes_price_dollars"":""0.3500""}"
KXBTC15M-26APR280145-45,090edddf-d0c8-42b4-8403-b1cfebc32317,1777354233,0.35,170.0,yes,"{""count_fp"":""170.00"",""created_time"":""2026-04-28T05:30:33.703791Z"",""no_price_dollars"":""0.6500"",""taker_side"":""yes"",""ticker"":""KXBTC15M-26APR280145-45"",""trade_id"":""090edddf-d0c8-42b4-8403-b1cfebc32317"",""yes_price_dollars"":""0.3500""}"
KXBTC15M-26APR280145-45,6409fe54-05d8-5901-397f-3210d5f089e1,1777354233,0.34,11.11,no,"{""count_fp"":""11.11"",""created_time"":""2026-04-28T05:30:33.624383Z"",""no_price_dollars"":""0.6600"",""taker_side"":""no"",""ticker"":""KXBTC15M-26APR280145-45"",""trade_id"":""6409fe54-05d8-5901-397f-3210d5f089e1"",""yes_price_dollars"":""0.3400""}"
KXBTC15M-26APR280145-45,9dc4cd03-efd9-741c-d80b-3c3bbc78bab8,1777354233,0.35,13.66,yes,"{""count_fp"":""13.66"",""created_time"":""2026-04-28T05:30:33.371171Z"",""no_price_dollars"":""0.6500"",""taker_side"":""yes"",""ticker"":""KXBTC15M-26APR280145-45"",""trade_id"":""9dc4cd03-efd9-741c-d80b-3c3bbc78bab8"",""yes_price_dollars"":""0.3500""}"
KXBTC15M-26APR280145-45,5ad7a8a1-1ed8-7ae4-c93e-71656cdae417,1777354233,0.35,46.65,yes,"{""count_fp"":""46.65"",""created_time"":""2026-04-28T05:30:33.371171Z"",""no_price_dollars"":""0.6500"",""taker_side"":""yes"",""ticker"":""KXBTC15M-26APR280145-45"",""trade_id"":""5ad7a8a1-1ed8-7ae4-c93e-71656cdae417"",""yes_price_dollars"":""0.3500""}"
KXBTC15M-26APR280145-45,400ebaac-d98d-742c-dfa1-d56c2e7c8611,1777354233,0.35,8.0,yes,"{""count_fp"":""8.00"",""created_time"":""2026-04-28T05:30:33.371171Z"",""no_price_dollars"":""0.6500"",""taker_side"":""yes"",""ticker"":""KXBTC15M-26APR280145-45"",""trade_id"":""400ebaac-d98d-742c-dfa1-d56c2e7c8611"",""yes_price_dollars"":""0.3500""}"
KXBTC15M-26APR280145-45,ccc310ba-975d-79c6-a9bc-92c3cdbdca29,1777354233,0.35,39.8,yes,"{""count_fp"":""39.80"",""created_time"":""2026-04-28T05:30:33.136687Z"",""no_price_dollars"":""0.6500"",""taker_side"":""yes"",""ticker"":""KXBTC15M-26APR280145-45"",""trade_id"":""ccc310ba-975d-79c6-a9bc-92c3cdbdca29"",""yes_price_dollars"":""0.3500""}"
KXBTC15M-26APR280145-45,84a3a44c-3552-7e02-90aa-9016e50e92de,1777354233,0.35,3.0,yes,"{""count_fp"":""3.00"",""created_time"":""2026-04-28T05:30:33.136687Z"",""no_price_dollars"":""0.6500"",""taker_side"":""yes"",""ticker"":""KXBTC15M-26APR280145-45"",""trade_id"":""84a3a44c-3552-7e02-90aa-9016e50e92de"",""yes_price_dollars"":""0.3500""}"
KXBTC15M-26APR280145-45,70f5d713-5914-7c4f-b15a-a4a32494baf1,1777354233,0.35,121.0,yes,"{""count_fp"":""121.00"",""created_time"":""2026-04-28T05:30:33.136687Z"",""no_price_dollars"":""0.6500"",""taker_side"":""yes"",""ticker"":""KXBTC15M-26APR280145-45"",""trade_id"":""70f5d713-5914-7c4f-b15a-a4a32494baf1"",""yes_price_dollars"":""0.3500""}"
KXBTC15M-26APR280145-45,40c989b0-4279-7911-8b5c-46dae77ce734,1777354233,0.35,36.2,yes,"{""count_fp"":""36.20"",""created_time"":""2026-04-28T05:30:33.136687Z"",""no_price_dollars"":""0.6500"",""taker_side"":""yes"",""ticker"":""KXBTC15M-26APR280145-45"",""trade_id"":""40c989b0-4279-7911-8b5c-46dae77ce734"",""yes_price_dollars"":""0.3500""}"
KXBTC15M-26APR280145-45,cea7883f-0bfd-4691-813f-3f7de448d7f4,1777354234,0.35,1.0,yes,"{""count_fp"":""1.00"",""created_time"":""2026-04-28T05:30:34.856167Z"",""no_price_dollars"":""0.6500"",""taker_side"":""yes"",""ticker"":""KXBTC15M-26APR280145-45"",""trade_id"":""cea7883f-0bfd-4691-813f-3f7de448d7f4"",""yes_price_dollars"":""0.3500""}"
KXBTC15M-26APR280145-45,2f8553af-81fd-7e61-0968-800ebbd79a70,1777354234,0.35,13.51,yes,"{""count_fp"":""13.51"",""created_time"":""2026-04-28T05:30:34.638149Z"",""no_price_dollars"":""0.6500"",""taker_side"":""yes"",""ticker"":""KXBTC15M-26APR280145-45"",""trade_id"":""2f8553af-81fd-7e61-0968-800ebbd79a70"",""yes_price_dollars"":""0.3500""}"
KXBTC15M-26APR280145-45,fc2ec961-f261-7381-39de-4e5af6d19855,1777354234,0.34,35.21,no,"{""count_fp"":""35.21"",""created_time"":""2026-04-28T05:30:34.560083Z"",""no_price_dollars"":""0.6600"",""taker_side"":""no"",""ticker"":""KXBTC15M-26APR280145-45"",""trade_id"":""fc2ec961-f261-7381-39de-4e5af6d19855"",""yes_price_dollars"":""0.3400""}"
KXBTC15M-26APR280145-45,ce786142-2fee-7205-38f6-b9dd8dd74cf2,1777354234,0.34,6.04,no,"{""count_fp"":""6.04"",""created_time"":""2026-04-28T05:30:34.560083Z"",""no_price_dollars"":""0.6600"",""taker_side"":""no"",""ticker"":""KXBTC15M-26APR280145-45"",""trade_id"":""ce786142-2fee-7205-38f6-b9dd8dd74cf2"",""yes_price_dollars"":""0.3400""}"
KXBTC15M-26APR280145-45,96f4080d-6266-4153-9d18-74978382265a,1777354234,0.35,5.0,yes,"{""count_fp"":""5.00"",""created_time"":""2026-04-28T05:30:34.317006Z"",""no_price_dollars"":""0.6500"",""taker_side"":""yes"",""ticker"":""KXBTC15M-26APR280145-45"",""trade_id"":""96f4080d-6266-4153-9d18-74978382265a"",""yes_price_dollars"":""0.3500""}"
KXBTC15M-26APR280145-45,8ae4a5ae-194a-6abd-2cb6-4781b86d3ec2,1777354234,0.34,3.96,no,"{""count_fp"":""3.96"",""created_time"":""2026-04-28T05:30:34.280626Z"",""no_price_dollars"":""0.6600"",""taker_side"":""no"",""ticker"":""KXBTC15M-26APR280145-45"",""trade_id"":""8ae4a5ae-194a-6abd-2cb6-4781b86d3ec2"",""yes_price_dollars"":""0.3400""}"
KXBTC15M-26APR280145-45,2e081edc-fdb4-6be1-041f-33e50c844059,1777354234,0.34,3.33,no,"{""count_fp"":""3.33"",""created_time"":""2026-04-28T05:30:34.280626Z"",""no_price_dollars"":""0.6600"",""taker_side"":""no"",""ticker"":""KXBTC15M-26APR280145-45"",""trade_id"":""2e081edc-fdb4-6be1-041f-33e50c844059"",""yes_price_dollars"":""0.3400""}"
KXBTC15M-26APR280145-45,0e09d716-3a4c-4341-afc9-cfb38a064139,1777354234,0.34,1.0,no,"{""count_fp"":""1.00"",""created_time"":""2026-04-28T05:30:34.196632Z"",""no_price_dollars"":""0.6600"",""taker_side"":""no"",""ticker"":""KXBTC15M-26APR280145-45"",""trade_id"":""0e09d716-3a4c-4341-afc9-cfb38a064139"",""yes_price_dollars"":""0.3400""}"
KXBTC15M-26APR280145-45,0ace1b5d-7958-5b6d-9210-ee4f633dd595,1777354234,0.34,4.37,no,"{""count_fp"":""4.37"",""created_time"":""2026-04-28T05:30:34.035947Z"",""no_price_dollars"":""0.6600"",""taker_side"":""no"",""ticker"":""KXBTC15M-26APR280145-45"",""trade_id"":""0ace1b5d-7958-5b6d-9210-ee4f633dd595"",""yes_price_dollars"":""0.3400""}"
KXBTC15M-26APR280145-45,cebf0cf7-0d5c-75b0-5c68-26fa18766ae7,1777354234,0.35,19.12,yes,"{""count_fp"":""19.12"",""created_time"":""2026-04-28T05:30:34.021348Z"",""no_price_dollars"":""0.6500"",""taker_side"":""yes"",""ticker"":""KXBTC15M-26APR280145-45"",""trade_id"":""cebf0cf7-0d5c-75b0-5c68-26fa18766ae7"",""yes_price_dollars"":""0.3500""}"
KXBTC15M-26APR280145-45,4f12b254-9264-6fb9-5b4e-fc10b9a34c4b,1777354235,0.35,1.0,yes,"{""count_fp"":""1.00"",""created_time"":""2026-04-28T05:30:35.199794Z"",""no_price_dollars"":""0.6500"",""taker_side"":""yes"",""ticker"":""KXBTC15M-26APR280145-45"",""trade_id"":""4f12b254-9264-6fb9-5b4e-fc10b9a34c4b"",""yes_price_dollars"":""0.3500""}"
KXBTC15M-26APR280145-45,515f7cb5-2025-4c41-2d46-e5e61b4435a8,1777354235,0.35,8.19,yes,"{""count_fp"":""8.19"",""created_time"":""2026-04-28T05:30:35.103341Z"",""no_price_dollars"":""0.6500"",""taker_side"":""yes"",""ticker"":""KXBTC15M-26APR280145-45"",""trade_id"":""515f7cb5-2025-4c41-2d46-e5e61b4435a8"",""yes_price_dollars"":""0.3500""}"
KXBTC15M-26APR280145-45,aef67699-5fb5-58e1-6edb-803b9647c17c,1777354236,0.35,1.0,yes,"{""count_fp"":""1.00"",""created_time"":""2026-04-28T05:30:36.869691Z"",""no_price_dollars"":""0.6500"",""taker_side"":""yes"",""ticker"":""KXBTC15M-26APR280145-45"",""trade_id"":""aef67699-5fb5-58e1-6edb-803b9647c17c"",""yes_price_dollars"":""0.3500""}"
KXBTC15M-26APR280145-45,cad53fc0-b8a7-5500-fa06-a2a802402bcf,1777354236,0.35,22.31,yes,"{""count_fp"":""22.31"",""created_time"":""2026-04-28T05:30:36.683653Z"",""no_price_dollars"":""0.6500"",""taker_side"":""yes"",""ticker"":""KXBTC15M-26APR280145-45"",""trade_id"":""cad53fc0-b8a7-5500-fa06-a2a802402bcf"",""yes_price_dollars"":""0.3500""}"
KXBTC15M-26APR280145-45,8e1d019a-8e71-57a5-e80b-278e454b71e8,1777354236,0.35,17.69,yes,"{""count_fp"":""17.69"",""created_time"":""2026-04-28T05:30:36.683653Z"",""no_price_dollars"":""0.6500"",""taker_side"":""yes"",""ticker"":""KXBTC15M-26APR280145-45"",""trade_id"":""8e1d019a-8e71-57a5-e80b-278e454b71e8"",""yes_price_dollars"":""0.3500""}"
KXBTC15M-26APR280145-45,8cc44318-be5a-4ddd-b61b-71a4ddeda684,1777354236,0.34,7.39,no,"{""count_fp"":""7.39"",""created_time"":""2026-04-28T05:30:36.522339Z"",""no_price_dollars"":""0.6600"",""taker_side"":""no"",""ticker"":""KXBTC15M-26APR280145-45"",""trade_id"":""8cc44318-be5a-4ddd-b61b-71a4ddeda684"",""yes_price_dollars"":""0.3400""}"
KXBTC15M-26APR280145-45,47ddfd0c-cfa4-6764-047f-72c5d3b1c586,1777354236,0.35,1.36,yes,"{""count_fp"":""1.36"",""created_time"":""2026-04-28T05:30:36.459071Z"",""no_price_dollars"":""0.6500"",""taker_side"":""yes"",""ticker"":""KXBTC15M-26APR280145-45"",""trade_id"":""47ddfd0c-cfa4-6764-047f-72c5d3b1c586"",""yes_price_dollars"":""0.3500""}"
KXBTC15M-26APR280145-45,01865201-7fcc-6914-a288-89c1ba48e1f2,1777354236,0.35,2.0,yes,"{""count_fp"":""2.00"",""created_time"":""2026-04-28T05:30:36.209811Z"",""no_price_dollars"":""0.6500"",""taker_side"":""yes"",""ticker"":""KXBTC15M-26APR280145-45"",""trade_id"":""01865201-7fcc-6914-a288-89c1ba48e1f2"",""yes_price_dollars"":""0.3500""}"
KXBTC15M-26APR280145-45,a0039ccb-41b9-7395-ac01-e3424df12d6d,1777354236,0.34,4.79,no,"{""count_fp"":""4.79"",""created_time"":""2026-04-28T05:30:36.201635Z"",""no_price_dollars"":""0.6600"",""taker_side"":""no"",""ticker"":""KXBTC15M-26APR280145-45"",""trade_id"":""a0039ccb-41b9-7395-ac01-e3424df12d6d"",""yes_price_dollars"":""0.3400""}"
KXBTC15M-26APR280145-45,367c4fa5-f3c6-7441-bf1f-e6ab7343f1b8,1777354236,0.34,5.21,no,"{""count_fp"":""5.21"",""created_time"":""2026-04-28T05:30:36.201635Z"",""no_price_dollars"":""0.6600"",""taker_side"":""no"",""ticker"":""KXBTC15M-26APR280145-45"",""trade_id"":""367c4fa5-f3c6-7441-bf1f-e6ab7343f1b8"",""yes_price_dollars"":""0.3400""}"
KXBTC15M-26APR280145-45,d88b1c3d-566f-41ad-57a7-4523ff48c719,1777354237,0.44,2.0,yes,"{""count_fp"":""2.00"",""created_time"":""2026-04-28T05:30:37.823161Z"",""no_price_dollars"":""0.5600"",""taker_side"":""yes"",""ticker"":""KXBTC15M-26APR280145-45"",""trade_id"":""d88b1c3d-566f-41ad-57a7-4523ff48c719"",""yes_price_dollars"":""0.4400""}"
KXBTC15M-26APR280145-45,376abded-77dd-40c4-7874-2f5b65528297,1777354237,0.44,40.0,yes,"{""count_fp"":""40.00"",""created_time"":""2026-04-28T05:30:37.823161Z"",""no_price_dollars"":""0.5600"",""taker_side"":""yes"",""ticker"":""KXBTC15M-26APR280145-45"",""trade_id"":""376abded-77dd-40c4-7874-2f5b65528297"",""yes_price_dollars"":""0.4400""}"
KXBTC15M-26APR280145-45,ffb8c50b-906a-5936-998b-8a60d0d1177c,1777354237,0.43,40.0,yes,"{""count_fp"":""40.00"",""created_time"":""2026-04-28T05:30:37.818787Z"",""no_price_dollars"":""0.5700"",""taker_side"":""yes"",""ticker"":""KXBTC15M-26APR280145-45"",""trade_id"":""ffb8c50b-906a-5936-998b-8a60d0d1177c"",""yes_price_dollars"":""0.4300""}"
KXBTC15M-26APR280145-45,a3aff4d5-a85a-5ce1-baa4-a844e6cdd5a8,1777354237,0.41,40.0,yes,"{""count_fp"":""40.00"",""created_time"":""2026-04-28T05:30:37.818787Z"",""no_price_dollars"":""0.5900"",""taker_side"":""yes"",""ticker"":""KXBTC15M-26APR280145-45"",""trade_id"":""a3aff4d5-a85a-5ce1-baa4-a844e6cdd5a8"",""yes_price_dollars"":""0.4100""}"
KXBTC15M-26APR280145-45,8ee16740-a0ae-5751-b901-6bda6ce428ae,1777354237,0.42,1000.0,yes,"{""count_fp"":""1000.00"",""created_time"":""2026-04-28T05:30:37.818787Z"",""no_price_dollars"":""0.5800"",""taker_side"":""yes"",""ticker"":""KXBTC15M-26APR280145-45"",""trade_id"":""8ee16740-a0ae-5751-b901-6bda6ce428ae"",""yes_price_dollars"":""0.4200""}"
KXBTC15M-26APR280145-45,7b264f45-9b30-5c6e-958c-aa5aa30b0606,1777354237,0.43,65.0,yes,"{""count_fp"":""65.00"",""created_time"":""2026-04-28T05:30:37.818787Z"",""no_price_dollars"":""0.5700"",""taker_side"":""yes"",""ticker"":""KXBTC15M-26APR280145-45"",""trade_id"":""7b264f45-9b30-5c6e-958c-aa5aa30b0606"",""yes_price_dollars"":""0.4300""}"
KXBTC15M-26APR280145-45,73f6a8f7-b01c-50d8-abb4-8c3ed0ac2cde,1777354237,0.4,40.0,yes,"{""count_fp"":""40.00"",""created_time"":""2026-04-28T05:30:37.818787Z"",""no_price_dollars"":""0.6000"",""taker_side"":""yes"",""ticker"":""KXBTC15M-26APR280145-45"",""trade_id"":""73f6a8f7-b01c-50d8-abb4-8c3ed0ac2cde"",""yes_price_dollars"":""0.4000""}"
KXBTC15M-26APR280145-45,51b9ae94-14af-57ef-ae70-e8725ad53f26,1777354237,0.42,40.0,yes,"{""count_fp"":""40.00"",""created_time"":""2026-04-28T05:30:37.818787Z"",""no_price_dollars"":""0.5800"",""taker_side"":""yes"",""ticker"":""KXBTC15M-26APR280145-45"",""trade_id"":""51b9ae94-14af-57ef-ae70-e8725ad53f26"",""yes_price_dollars"":""0.4200""}"
KXBTC15M-26APR280145-45,33ce9212-f3de-5bb0-88fd-bbefa3e0ae45,1777354237,0.41,0.01,yes,"{""count_fp"":""0.01"",""created_time"":""2026-04-28T05:30:37.818787Z"",""no_price_dollars"":""0.5900"",""taker_side"":""yes"",""ticker"":""KXBTC15M-26APR280145-45"",""trade_id"":""33ce9212-f3de-5bb0-88fd-bbefa3e0ae45"",""yes_price_dollars"":""0.4100""}"
KXBTC15M-26APR280145-45,0733ac22-0ced-5107-86c5-b3c476f947af,1777354237,0.41,400.0,yes,"{""count_fp"":""400.00"",""created_time"":""2026-04-28T05:30:37.818787Z"",""no_price_dollars"":""0.5900"",""taker_side"":""yes"",""ticker"":""KXBTC15M-26APR280145-45"",""trade_id"":""0733ac22-0ced-5107-86c5-b3c476f947af"",""yes_price_dollars"":""0.4100""}"
KXBTC15M-26APR280145-45,036ec554-dee2-5c5d-87bc-46dadef0b060,1777354237,0.41,35.0,yes,"{""count_fp"":""35.00"",""created_time"":""2026-04-28T05:30:37.818787Z"",""no_price_dollars"":""0.5900"",""taker_side"":""yes"",""ticker"":""KXBTC15M-26APR280145-45"",""trade_id"":""036ec554-dee2-5c5d-87bc-46dadef0b060"",""yes_price_dollars"":""0.4100""}"
KXBTC15M-26APR280145-45,0050b633-1ae5-5939-9501-a664a8bf59f5,1777354237,0.4,5.0,yes,"{""count_fp"":""5.00"",""created_time"":""2026-04-28T05:30:37.818787Z"",""no_price_dollars"":""0.6000"",""taker_side"":""yes"",""ticker"":""KXBTC15M-26APR280145-45"",""trade_id"":""0050b633-1ae5-5939-9501-a664a8bf59f5"",""yes_price_dollars"":""0.4000""}"
KXBTC15M-26APR280145-45,d04e6e87-26f5-4d31-46e1-b68f39c5b22c,1777354237,0.37,20.0,yes,"{""count_fp"":""20.00"",""created_time"":""2026-04-28T05:30:37.813772Z"",""no_price_dollars"":""0.6300"",""taker_side"":""yes"",""ticker"":""KXBTC15M-26APR280145-45"",""trade_id"":""d04e6e87-26f5-4d31-46e1-b68f39c5b22c"",""yes_price_dollars"":""0.3700""}"
KXBTC15M-26APR280145-45,4833512d-1b41-4d8d-5a74-38dc4730996a,1777354237,0.37,10.0,yes,"{""count_fp"":""10.00"",""created_time"":""2026-04-28T05:30:37.813772Z"",""no_price_dollars"":""0.6300"",""taker_side"":""yes"",""ticker"":""KXBTC15M-26APR280145-45"",""trade_id"":""4833512d-1b41-4d8d-5a74-38dc4730996a"",""yes_price_dollars"":""0.3700""}"
KXBTC15M-26APR280145-45,047712e8-e1e8-48be-c0fe-973060ecbccc,1777354237,0.36,23.07,yes,"{""count_fp"":""23.07"",""created_time"":""2026-04-28T05:30:37.802804Z"",""no_price_dollars"":""0.6400"",""taker_side"":""yes"",""ticker"":""KXBTC15M-26APR280145-45"",""trade_id"":""047712e8-e1e8-48be-c0fe-973060ecbccc"",""yes_price_dollars"":""0.3600""}"
