ticker,trade_id,ts,yes_price,count,taker_side,raw_json
KXBTC15M-26APR271600-00,5505f760-8c56-48d9-69c8-f7e6dd8e0bc6,1777319102,0.53,2.0,no,"{""count_fp"":""2.00"",""created_time"":""2026-04-27T19:45:02.888883Z"",""no_price_dollars"":""0.4700"",""taker_side"":""no"",""ticker"":""KXBTC15M-26APR271600-00"",""trade_id"":""5505f760-8c56-48d9-69c8-f7e6dd8e0bc6"",""yes_price_dollars"":""0.5300""}"
KXBTC15M-26APR271600-00,79ac8139-f231-7e62-440d-852d68c3b40d,1777319103,0.54,3.0,no,"{""count_fp"":""3.00"",""created_time"":""2026-04-27T19:45:03.748572Z"",""no_price_dollars"":""0.4600"",""taker_side"":""no"",""ticker"":""KXBTC15M-26APR271600-00"",""trade_id"":""79ac8139-f231-7e62-440d-852d68c3b40d"",""yes_price_dollars"":""0.5400""}"
KXBTC15M-26APR271600-00,eab6ef72-5e31-7ecd-e1ba-b403c481bb9e,1777319103,0.54,3.0,no,"{""count_fp"":""3.00"",""created_time"":""2026-04-27T19:45:03.686827Z"",""no_price_dollars"":""0.4600"",""taker_side"":""no"",""ticker"":""KXBTC15M-26APR271600-00"",""trade_id"":""eab6ef72-5e31-7ecd-e1ba-b403c481bb9e"",""yes_price_dollars"":""0.5400""}"
KXBTC15M-26APR271600-00,ec6dad00-2056-6551-6ecc-6841142a83f3,1777319104,0.55,1.0,yes,"{""count_fp"":""1.00"",""created_time"":""2026-04-27T19:45:04.952252Z"",""no_price_dollars"":""0.4500"",""taker_side"":""yes"",""ticker"":""KXBTC15M-26APR271600-00"",""trade_id"":""ec6dad00-2056-6551-6ecc-6841142a83f3"",""yes_price_dollars"":""0.5500""}"
KXBTC15M-26APR271600-00,9adedfd3-6a15-6026-4f5d-d41f0d3fd304,1777319104,0.55,14.0,yes,"{""count_fp"":""14.00"",""created_time"":""2026-04-27T19:45:04.952252Z"",""no_price_dollars"":""0.4500"",""taker_side"":""yes"",""ticker"":""KXBTC15M-26APR271600-00"",""trade_id"":""9adedfd3-6a15-6026-4f5d-d41f0d3fd304"",""yes_price_dollars"":""0.5500""}"
KXBTC15M-26APR271600-00,10bcd11d-bec0-6f90-66f8-b5bb1110de3f,1777319104,0.55,1.0,yes,"{""count_fp"":""1.00"",""created_time"":""2026-04-27T19:45:04.952252Z"",""no_price_dollars"":""0.4500"",""taker_side"":""yes"",""ticker"":""KXBTC15M-26APR271600-00"",""trade_id"":""10bcd11d-bec0-6f90-66f8-b5bb1110de3f"",""yes_price_dollars"":""0.5500""}"
KXBTC15M-26APR271600-00,c8384ba0-8b2b-4f32-0c17-ac3bdb573666,1777319104,0.54,1.0,no,"{""count_fp"":""1.00"",""created_time"":""2026-04-27T19:45:04.543082Z"",""no_price_dollars"":""0.4600"",""taker_side"":""no"",""ticker"":""KXBTC15M-26APR271600-00"",""trade_id"":""c8384ba0-8b2b-4f32-0c17-ac3bdb573666"",""yes_price_dollars"":""0.5400""}"
KXBTC15M-26APR271600-00,c1504a53-5e26-48cd-3bcd-c7c02ebce80a,1777319104,0.53,11.0,no,"{""count_fp"":""11.00"",""created_time"":""2026-04-27T19:45:04.543082Z"",""no_price_dollars"":""0.4700"",""taker_side"":""no"",""ticker"":""KXBTC15M-26APR271600-00"",""trade_id"":""c1504a53-5e26-48cd-3bcd-c7c02ebce80a"",""yes_price_dollars"":""0.5300""}"
KXBTC15M-26APR271600-00,a491ff76-7eb3-5c2a-cd82-d08c222c6a5a,1777319105,0.54,1.0,no,"{""count_fp"":""1.00"",""created_time"":""2026-04-27T19:45:05.513Z"",""no_price_dollars"":""0.4600"",""taker_side"":""no"",""ticker"":""KXBTC15M-26APR271600-00"",""trade_id"":""a491ff76-7eb3-5c2a-cd82-d08c222c6a5a"",""yes_price_dollars"":""0.5400""}"
KXBTC15M-26APR271600-00,85ba4946-60f6-52be-de33-ad74bd35583a,1777319105,0.54,1.0,no,"{""count_fp"":""1.00"",""created_time"":""2026-04-27T19:45:05.513Z"",""no_price_dollars"":""0.4600"",""taker_side"":""no"",""ticker"":""KXBTC15M-26APR271600-00"",""trade_id"":""85ba4946-60f6-52be-de33-ad74bd35583a"",""yes_price_dollars"":""0.5400""}"
KXBTC15M-26APR271600-00,045aa68b-8f86-5f11-cffc-46caad6f2af6,1777319105,0.53,4.1,no,"{""count_fp"":""4.10"",""created_time"":""2026-04-27T19:45:05.513Z"",""no_price_dollars"":""0.4700"",""taker_side"":""no"",""ticker"":""KXBTC15M-26APR271600-00"",""trade_id"":""045aa68b-8f86-5f11-cffc-46caad6f2af6"",""yes_price_dollars"":""0.5300""}"
KXBTC15M-26APR271600-00,fe14954d-93d1-7ee6-f933-29eeddbb1197,1777319105,0.55,8.0,yes,"{""count_fp"":""8.00"",""created_time"":""2026-04-27T19:45:05.098693Z"",""no_price_dollars"":""0.4500"",""taker_side"":""yes"",""ticker"":""KXBTC15M-26APR271600-00"",""trade_id"":""fe14954d-93d1-7ee6-f933-29eeddbb1197"",""yes_price_dollars"":""0.5500""}"
KXBTC15M-26APR271600-00,356f8d1b-27e4-7584-c7b5-a871c1c082eb,1777319105,0.55,17.0,yes,"{""count_fp"":""17.00"",""created_time"":""2026-04-27T19:45:05.098693Z"",""no_price_dollars"":""0.4500"",""taker_side"":""yes"",""ticker"":""KXBTC15M-26APR271600-00"",""trade_id"":""356f8d1b-27e4-7584-c7b5-a871c1c082eb"",""yes_price_dollars"":""0.5500""}"
KXBTC15M-26APR271600-00,f70a9021-6c65-7025-6058-b06469a3b2c2,1777319106,0.53,9.87,no,"{""count_fp"":""9.87"",""created_time"":""2026-04-27T19:45:06.709142Z"",""no_price_dollars"":""0.4700"",""taker_side"":""no"",""ticker"":""KXBTC15M-26APR271600-00"",""trade_id"":""f70a9021-6c65-7025-6058-b06469a3b2c2"",""yes_price_dollars"":""0.5300""}"
KXBTC15M-26APR271600-00,c7e20f54-b752-7355-75b5-9b66903c9b3e,1777319106,0.54,1.0,no,"{""count_fp"":""1.00"",""created_time"":""2026-04-27T19:45:06.709142Z"",""no_price_dollars"":""0.4600"",""taker_side"":""no"",""ticker"":""KXBTC15M-26APR271600-00"",""trade_id"":""c7e20f54-b752-7355-75b5-9b66903c9b3e"",""yes_price_dollars"":""0.5400""}"
KXBTC15M-26APR271600-00,80520747-7c6e-7d25-49b0-35cfeadb33be,1777319106,0.53,0.9,no,"{""count_fp"":""0.90"",""created_time"":""2026-04-27T19:45:06.709142Z"",""no_price_dollars"":""0.4700"",""taker_side"":""no"",""ticker"":""KXBTC15M-26APR271600-00"",""trade_id"":""80520747-7c6e-7d25-49b0-35cfeadb33be"",""yes_price_dollars"":""0.5300""}"
KXBTC15M-26APR271600-00,d0b4d8a5-6c07-4ed2-34bb-7fad19f64f2e,1777319106,0.55,1.0,yes,"{""count_fp"":""1.00"",""created_time"":""2026-04-27T19:45:06.065426Z"",""no_price_dollars"":""0.4500"",""taker_side"":""yes"",""ticker"":""KXBTC15M-26APR271600-00"",""trade_id"":""d0b4d8a5-6c07-4ed2-34bb-7fad19f64f2e"",""yes_price_dollars"":""0.5500""}"
KXBTC15M-26APR271600-00,35038a48-61e9-41e5-2264-bbdc120cc05f,1777319106,0.56,0.58,yes,"{""count_fp"":""0.58"",""created_time"":""2026-04-27T19:45:06.065426Z"",""no_price_dollars"":""0.4400"",""taker_side"":""yes"",""ticker"":""KXBTC15M-26APR271600-00"",""trade_id"":""35038a48-61e9-41e5-2264-bbdc120cc05f"",""yes_price_dollars"":""0.5600""}"
KXBTC15M-26APR271600-00,760055f5-0c8b-62ae-7b57-23e590aaa6bb,1777319107,0.54,8.81,yes,"{""count_fp"":""8.81"",""created_time"":""2026-04-27T19:45:07.996353Z"",""no_price_dollars"":""0.4600"",""taker_side"":""yes"",""ticker"":""KXBTC15M-26APR271600-00"",""trade_id"":""760055f5-0c8b-62ae-7b57-23e590aaa6bb"",""yes_price_dollars"":""0.5400""}"
KXBTC15M-26APR271600-00,f3b1bdb5-64b2-638c-0ac2-246ab9d67bde,1777319107,0.52,24.67,no,"{""count_fp"":""24.67"",""created_time"":""2026-04-27T19:45:07.457832Z"",""no_price_dollars"":""0.4800"",""taker_side"":""no"",""ticker"":""KXBTC15M-26APR271600-00"",""trade_id"":""f3b1bdb5-64b2-638c-0ac2-246ab9d67bde"",""yes_price_dollars"":""0.5200""}"
KXBTC15M-26APR271600-00,924c0149-3869-689d-365d-2507c2c5ab2e,1777319107,0.53,46.13,no,"{""count_fp"":""46.13"",""created_time"":""2026-04-27T19:45:07.457832Z"",""no_price_dollars"":""0.4700"",""taker_side"":""no"",""ticker"":""KXBTC15M-26APR271600-00"",""trade_id"":""924c0149-3869-689d-365d-2507c2c5ab2e"",""yes_price_dollars"":""0.5300""}"
KXBTC15M-26APR271600-00,6ea8b83e-ea15-6068-033a-b5d98ac20af5,1777319107,0.54,10.0,no,"{""count_fp"":""10.00"",""created_time"":""2026-04-27T19:45:07.457832Z"",""no_price_dollars"":""0.4600"",""taker_side"":""no"",""ticker"":""KXBTC15M-26APR271600-00"",""trade_id"":""6ea8b83e-ea15-6068-033a-b5d98ac20af5"",""yes_price_dollars"":""0.5400""}"
KXBTC15M-26APR271600-00,54cd0ee8-1bf2-6d8e-08c2-a2975801716e,1777319107,0.54,1.0,no,"{""count_fp"":""1.00"",""created_time"":""2026-04-27T19:45:07.457832Z"",""no_price_dollars"":""0.4600"",""taker_side"":""no"",""ticker"":""KXBTC15M-26APR271600-00"",""trade_id"":""54cd0ee8-1bf2-6d8e-08c2-a2975801716e"",""yes_price_dollars"":""0.5400""}"
KXBTC15M-26APR271600-00,fb77d36d-3c11-7b88-2c04-e68c59340c6b,1777319107,0.55,1.0,yes,"{""count_fp"":""1.00"",""created_time"":""2026-04-27T19:45:07.017132Z"",""no_price_dollars"":""0.4500"",""taker_side"":""yes"",""ticker"":""KXBTC15M-26APR271600-00"",""trade_id"":""fb77d36d-3c11-7b88-2c04-e68c59340c6b"",""yes_price_dollars"":""0.5500""}"
KXBTC15M-26APR271600-00,500d25c2-b176-70d4-1b3c-b8c84c34583f,1777319107,0.56,5.0,yes,"{""count_fp"":""5.00"",""created_time"":""2026-04-27T19:45:07.017132Z"",""no_price_dollars"":""0.4400"",""taker_side"":""yes"",""ticker"":""KXBTC15M-26APR271600-00"",""trade_id"":""500d25c2-b176-70d4-1b3c-b8c84c34583f"",""yes_price_dollars"":""0.5600""}"
KXBTC15M-26APR271600-00,2d6c34cb-81a4-7b12-089c-8340142eda7c,1777319107,0.57,5.72,yes,"{""count_fp"":""5.72"",""created_time"":""2026-04-27T19:45:07.017132Z"",""no_price_dollars"":""0.4300"",""taker_side"":""yes"",""ticker"":""KXBTC15M-26APR271600-00"",""trade_id"":""2d6c34cb-81a4-7b12-089c-8340142eda7c"",""yes_price_dollars"":""0.5700""}"
KXBTC15M-26APR271600-00,28221e0e-c761-71d1-2fd1-e97ba8f364f7,1777319107,0.56,5.42,yes,"{""count_fp"":""5.42"",""created_time"":""2026-04-27T19:45:07.017132Z"",""no_price_dollars"":""0.4400"",""taker_side"":""yes"",""ticker"":""KXBTC15M-26APR271600-00"",""trade_id"":""28221e0e-c761-71d1-2fd1-e97ba8f364f7"",""yes_price_dollars"":""0.5600""}"
KXBTC15M-26APR271600-00,26a2d38d-3f03-4856-91f2-ec7c136ab2fb,1777319108,0.54,8.63,yes,"{""count_fp"":""8.63"",""created_time"":""2026-04-27T19:45:08.850616Z"",""no_price_dollars"":""0.4600"",""taker_side"":""yes"",""ticker"":""KXBTC15M-26APR271600-00"",""trade_id"":""26a2d38d-3f03-4856-91f2-ec7c136ab2fb"",""yes_price_dollars"":""0.5400""}"
KXBTC15M-26APR271600-00,6e9c0a33-ae9f-7856-ba64-c06ffaf8f8af,1777319108,0.54,8.63,yes,"{""count_fp"":""8.63"",""created_time"":""2026-04-27T19:45:08.498381Z"",""no_price_dollars"":""0.4600"",""taker_side"":""yes"",""ticker"":""KXBTC15M-26APR271600-00"",""trade_id"":""6e9c0a33-ae9f-7856-ba64-c06ffaf8f8af"",""yes_price_dollars"":""0.5400""}"
KXBTC15M-26APR271600-00,ad868de8-31b5-7723-81ab-318a17027aa0,1777319109,0.52,16.0,no,"{""count_fp"":""16.00"",""created_time"":""2026-04-27T19:45:09.980477Z"",""no_price_dollars"":""0.4800"",""taker_side"":""no"",""ticker"":""KXBTC15M-26APR271600-00"",""trade_id"":""ad868de8-31b5-7723-81ab-318a17027aa0"",""yes_price_dollars"":""0.5200""}"
KXBTC15M-26APR271600-00,a0b5c5ff-25d2-73b0-9eee-bfdf1574a5db,1777319109,0.52,1.0,no,"{""count_fp"":""1.00"",""created_time"":""2026-04-27T19:45:09.980477Z"",""no_price_dollars"":""0.4800"",""taker_side"":""no"",""ticker"":""KXBTC15M-26APR271600-00"",""trade_id"":""a0b5c5ff-25d2-73b0-9eee-bfdf1574a5db"",""yes_price_dollars"":""0.5200""}"
KXBTC15M-26APR271600-00,9bb501cf-adf6-7f8a-a2d5-9bf010d08079,1777319109,0.53,0.16,no,"{""count_fp"":""0.16"",""created_time"":""2026-04-27T19:45:09.980477Z"",""no_price_dollars"":""0.4700"",""taker_side"":""no"",""ticker"":""KXBTC15M-26APR271600-00"",""trade_id"":""9bb501cf-adf6-7f8a-a2d5-9bf010d08079"",""yes_price_dollars"":""0.5300""}"
KXBTC15M-26APR271600-00,91d6a32b-95f8-7d8b-a22e-134fc8907397,1777319109,0.51,32.19,no,"{""count_fp"":""32.19"",""created_time"":""2026-04-27T19:45:09.980477Z"",""no_price_dollars"":""0.4900"",""taker_side"":""no"",""ticker"":""KXBTC15M-26APR271600-00"",""trade_id"":""91d6a32b-95f8-7d8b-a22e-134fc8907397"",""yes_price_dollars"":""0.5100""}"
KXBTC15M-26APR271600-00,785664c2-8f2b-790f-84d9-699553acc243,1777319109,0.52,10.0,no,"{""count_fp"":""10.00"",""created_time"":""2026-04-27T19:45:09.980477Z"",""no_price_dollars"":""0.4800"",""taker_side"":""no"",""ticker"":""KXBTC15M-26APR271600-00"",""trade_id"":""785664c2-8f2b-790f-84d9-699553acc243"",""yes_price_dollars"":""0.5200""}"
KXBTC15M-26APR271600-00,9fb52ca3-d873-4272-16a3-0eb1fbd8d31f,1777319109,0.54,17.24,yes,"{""count_fp"":""17.24"",""created_time"":""2026-04-27T19:45:09.969991Z"",""no_price_dollars"":""0.4600"",""taker_side"":""yes"",""ticker"":""KXBTC15M-26APR271600-00"",""trade_id"":""9fb52ca3-d873-4272-16a3-0eb1fbd8d31f"",""yes_price_dollars"":""0.5400""}"
KXBTC15M-26APR271600-00,fd4684c4-2eb6-468e-4b92-2caf60b42ee1,1777319109,0.53,0.84,no,"{""count_fp"":""0.84"",""created_time"":""2026-04-27T19:45:09.486292Z"",""no_price_dollars"":""0.4700"",""taker_side"":""no"",""ticker"":""KXBTC15M-26APR271600-00"",""trade_id"":""fd4684c4-2eb6-468e-4b92-2caf60b42ee1"",""yes_price_dollars"":""0.5300""}"
KXBTC15M-26APR271600-00,933a672c-e5bb-5392-7454-270860a89b5f,1777319110,0.54,30.48,yes,"{""count_fp"":""30.48"",""created_time"":""2026-04-27T19:45:10.578805Z"",""no_price_dollars"":""0.4600"",""taker_side"":""yes"",""ticker"":""KXBTC15M-26APR271600-00"",""trade_id"":""933a672c-e5bb-5392-7454-270860a89b5f"",""yes_price_dollars"":""0.5400""}"
KXBTC15M-26APR271600-00,189acd50-e1e7-63fa-65df-ffc1158aa97f,1777319110,0.54,179.4,yes,"{""count_fp"":""179.40"",""created_time"":""2026-04-27T19:45:10.308501Z"",""no_price_dollars"":""0.4600"",""taker_side"":""yes"",""ticker"":""KXBTC15M-26APR271600-00"",""trade_id"":""189acd50-e1e7-63fa-65df-ffc1158aa97f"",""yes_price_dollars"":""0.5400""}"
KXBTC15M-26APR271600-00,98e0bfc9-4eb3-7dde-c4f8-00c19b235c73,1777319110,0.54,68.17,yes,"{""count_fp"":""68.17"",""created_time"":""2026-04-27T19:45:10.252641Z"",""no_price_dollars"":""0.4600"",""taker_side"":""yes"",""ticker"":""KXBTC15M-26APR271600-00"",""trade_id"":""98e0bfc9-4eb3-7dde-c4f8-00c19b235c73"",""yes_price_dollars"":""0.5400""}"
KXBTC15M-26APR271600-00,ae38ce27-e3bb-4665-9345-ee2c46db2032,1777319111,0.54,0.22,yes,"{""count_fp"":""0.22"",""created_time"":""2026-04-27T19:45:11.950598Z"",""no_price_dollars"":""0.4600"",""taker_side"":""yes"",""ticker"":""KXBTC15M-26APR271600-00"",""trade_id"":""ae38ce27-e3bb-4665-9345-ee2c46db2032"",""yes_price_dollars"":""0.5400""}"
KXBTC15M-26APR271600-00,44c813a8-6627-477e-8132-3a1b659e0ed3,1777319111,0.54,17.72,yes,"{""count_fp"":""17.72"",""created_time"":""2026-04-27T19:45:11.950598Z"",""no_price_dollars"":""0.4600"",""taker_side"":""yes"",""ticker"":""KXBTC15M-26APR271600-00"",""trade_id"":""44c813a8-6627-477e-8132-3a1b659e0ed3"",""yes_price_dollars"":""0.5400""}"
KXBTC15M-26APR271600-00,4c9bd451-9898-715e-fa5b-698fc763c26a,1777319111,0.53,7.17,no,"{""count_fp"":""7.17"",""created_time"":""2026-04-27T19:45:11.680527Z"",""no_price_dollars"":""0.4700"",""taker_side"":""no"",""ticker"":""KXBTC15M-26APR271600-00"",""trade_id"":""4c9bd451-9898-715e-fa5b-698fc763c26a"",""yes_price_dollars"":""0.5300""}"
KXBTC15M-26APR271600-00,3c20325b-f72b-7e08-e896-c2852d7b7c88,1777319111,0.52,32.75,no,"{""count_fp"":""32.75"",""created_time"":""2026-04-27T19:45:11.680527Z"",""no_price_dollars"":""0.4800"",""taker_side"":""no"",""ticker"":""KXBTC15M-26APR271600-00"",""trade_id"":""3c20325b-f72b-7e08-e896-c2852d7b7c88"",""yes_price_dollars"":""0.5200""}"
KXBTC15M-26APR271600-00,f97a57be-ebf7-6f06-218c-2f4ba2c5ea63,1777319111,0.54,17.94,yes,"{""count_fp"":""17.94"",""created_time"":""2026-04-27T19:45:11.655394Z"",""no_price_dollars"":""0.4600"",""taker_side"":""yes"",""ticker"":""KXBTC15M-26APR271600-00"",""trade_id"":""f97a57be-ebf7-6f06-218c-2f4ba2c5ea63"",""yes_price_dollars"":""0.5400""}"
KXBTC15M-26APR271600-00,2726a8c6-0c3b-733a-6c69-be5b273fd5bb,1777319111,0.54,17.94,yes,"{""count_fp"":""17.94"",""created_time"":""2026-04-27T19:45:11.497753Z"",""no_price_dollars"":""0.4600"",""taker_side"":""yes"",""ticker"":""KXBTC15M-26APR271600-00"",""trade_id"":""2726a8c6-0c3b-733a-6c69-be5b273fd5bb"",""yes_price_dollars"":""0.5400""}"
KXBTC15M-26APR271600-00,42165aee-21c4-7922-3192-e5b47759ccb2,1777319111,0.53,30.78,no,"{""count_fp"":""30.78"",""created_time"":""2026-04-27T19:45:11.403732Z"",""no_price_dollars"":""0.4700"",""taker_side"":""no"",""ticker"":""KXBTC15M-26APR271600-00"",""trade_id"":""42165aee-21c4-7922-3192-e5b47759ccb2"",""yes_price_dollars"":""0.5300""}"
KXBTC15M-26APR271600-00,f2f50d32-bbd3-6a1a-1ca0-51a2490008f3,1777319111,0.54,35.88,yes,"{""count_fp"":""35.88"",""created_time"":""2026-04-27T19:45:11.354712Z"",""no_price_dollars"":""0.4600"",""taker_side"":""yes"",""ticker"":""KXBTC15M-26APR271600-00"",""trade_id"":""f2f50d32-bbd3-6a1a-1ca0-51a2490008f3"",""yes_price_dollars"":""0.5400""}"
KXBTC15M-26APR271600-00,2499e378-39ec-4a02-35d3-cf3e48e7750a,1777319111,0.53,2.05,no,"{""count_fp"":""2.05"",""created_time"":""2026-04-27T19:45:11.240965Z"",""no_price_dollars"":""0.4700"",""taker_side"":""no"",""ticker"":""KXBTC15M-26APR271600-00"",""trade_id"":""2499e378-39ec-4a02-35d3-cf3e48e7750a"",""yes_price_dollars"":""0.5300""}"
KXBTC15M-26APR271600-00,23748c82-d80f-6f1e-e956-e05dcce18d1f,1777319111,0.54,8.97,yes,"{""count_fp"":""8.97"",""created_time"":""2026-04-27T19:45:11.211589Z"",""no_price_dollars"":""0.4600"",""taker_side"":""yes"",""ticker"":""KXBTC15M-26APR271600-00"",""trade_id"":""23748c82-d80f-6f1e-e956-e05dcce18d1f"",""yes_price_dollars"":""0.5400""}"
KXBTC15M-26APR271600-00,7ba63817-8f6b-7272-d8f4-1944472bd1bf,1777319111,0.54,73.19,yes,"{""count_fp"":""73.19"",""created_time"":""2026-04-27T19:45:11.009579Z"",""no_price_dollars"":""0.4600"",""taker_side"":""yes"",""ticker"":""KXBTC15M-26APR271600-00"",""trade_id"":""7ba63817-8f6b-7272-d8f4-1944472bd1bf"",""yes_price_dollars"":""0.5400""}"
KXBTC15M-26APR271600-00,984240ae-4f90-55b9-d650-c745e7971ebe,1777319112,0.54,25.43,yes,"{""count_fp"":""25.43"",""created_time"":""2026-04-27T19:45:12.988333Z"",""no_price_dollars"":""0.4600"",""taker_side"":""yes"",""ticker"":""KXBTC15M-26APR271600-00"",""trade_id"":""984240ae-4f90-55b9-d650-c745e7971ebe"",""yes_price_dollars"":""0.5400""}"
KXBTC15M-26APR271600-00,75ad6abf-7b31-5171-f602-5dda5274284c,1777319112,0.54,2.0,yes,"{""count_fp"":""2.00"",""created_time"":""2026-04-27T19:45:12.988333Z"",""no_price_dollars"":""0.4600"",""taker_side"":""yes"",""ticker"":""KXBTC15M-26APR271600-00"",""trade_id"":""75ad6abf-7b31-5171-f602-5dda5274284c"",""yes_price_dollars"":""0.5400""}"
KXBTC15M-26APR271600-00,2549e187-9364-55a1-fb7d-78bf5aea3b21,1777319112,0.54,1.98,yes,"{""count_fp"":""1.98"",""created_time"":""2026-04-27T19:45:12.988333Z"",""no_price_dollars"":""0.4600"",""taker_side"":""yes"",""ticker"":""KXBTC15M-26APR271600-00"",""trade_id"":""2549e187-9364-55a1-fb7d-78bf5aea3b21"",""yes_price_dollars"":""0.5400""}"
KXBTC15M-26APR271600-00,eebe610e-7160-7015-1089-c9616666a901,1777319112,0.54,0.86,yes,"{""count_fp"":""0.86"",""created_time"":""2026-04-27T19:45:12.973033Z"",""no_price_dollars"":""0.4600"",""taker_side"":""yes"",""ticker"":""KXBTC15M-26APR271600-00"",""trade_id"":""eebe610e-7160-7015-1089-c9616666a901"",""yes_price_dollars"":""0.5400""}"
KXBTC15M-26APR271600-00,862c20bf-a368-4bed-b92f-e786b5182751,1777319112,0.54,1.0,yes,"{""count_fp"":""1.00"",""created_time"":""2026-04-27T19:45:12.669359Z"",""no_price_dollars"":""0.4600"",""taker_side"":""yes"",""ticker"":""KXBTC15M-26APR271600-00"",""trade_id"":""862c20bf-a368-4bed-b92f-e786b5182751"",""yes_price_dollars"":""0.5400""}"
KXBTC15M-26APR271600-00,f11459da-1df3-68a9-1fbb-d3dbfba516d2,1777319112,0.54,13.78,yes,"{""count_fp"":""13.78"",""created_time"":""2026-04-27T19:45:12.629356Z"",""no_price_dollars"":""0.4600"",""taker_side"":""yes"",""ticker"":""KXBTC15M-26APR271600-00"",""trade_id"":""f11459da-1df3-68a9-1fbb-d3dbfba516d2"",""yes_price_dollars"":""0.5400""}"
KXBTC15M-26APR271600-00,d9a1a81b-58d0-62c5-2afb-6182718b8ad1,1777319112,0.54,4.16,yes,"{""count_fp"":""4.16"",""created_time"":""2026-04-27T19:45:12.629356Z"",""no_price_dollars"":""0.4600"",""taker_side"":""yes"",""ticker"":""KXBTC15M-26APR271600-00"",""trade_id"":""d9a1a81b-58d0-62c5-2afb-6182718b8ad1"",""yes_price_dollars"":""0.5400""}"
KXBTC15M-26APR271600-00,fc2af656-e36f-6db1-3036-3eb365f31bb1,1777319112,0.52,112.0,no,"{""count_fp"":""112.00"",""created_time"":""2026-04-27T19:45:12.032652Z"",""no_price_dollars"":""0.4800"",""taker_side"":""no"",""ticker"":""KXBTC15M-26APR271600-00"",""trade_id"":""fc2af656-e36f-6db1-3036-3eb365f31bb1"",""yes_price_dollars"":""0.5200""}"
KXBTC15M-26APR271600-00,d88a721f-1c6b-6340-0ded-be9844c456bc,1777319112,0.52,7.25,no,"{""count_fp"":""7.25"",""created_time"":""2026-04-27T19:45:12.032652Z"",""no_price_dollars"":""0.4800"",""taker_side"":""no"",""ticker"":""KXBTC15M-26APR271600-00"",""trade_id"":""d88a721f-1c6b-6340-0ded-be9844c456bc"",""yes_price_dollars"":""0.5200""}"
KXBTC15M-26APR271600-00,b59c8bb7-e31b-6650-244d-a43715f13270,1777319112,0.51,237.17,no,"{""count_fp"":""237.17"",""created_time"":""2026-04-27T19:45:12.032652Z"",""no_price_dollars"":""0.4900"",""taker_side"":""no"",""ticker"":""KXBTC15M-26APR271600-00"",""trade_id"":""b59c8bb7-e31b-6650-244d-a43715f13270"",""yes_price_dollars"":""0.5100""}"
KXBTC15M-26APR271600-00,9f68cc47-b5c2-6e5b-3594-b16f8b37d79f,1777319112,0.53,40.0,no,"{""count_fp"":""40.00"",""created_time"":""2026-04-27T19:45:12.032652Z"",""no_price_dollars"":""0.4700"",""taker_side"":""no"",""ticker"":""KXBTC15M-26APR271600-00"",""trade_id"":""9f68cc47-b5c2-6e5b-3594-b16f8b37d79f"",""yes_price_dollars"":""0.5300""}"
KXBTC15M-26APR271600-00,905ee2a4-9e57-6057-1d8d-3b5ef7481a1a,1777319112,0.52,1.0,no,"{""count_fp"":""1.00"",""created_time"":""2026-04-27T19:45:12.032652Z"",""no_price_dollars"":""0.4800"",""taker_side"":""no"",""ticker"":""KXBTC15M-26APR271600-00"",""trade_id"":""905ee2a4-9e57-6057-1d8d-3b5ef7481a1a"",""yes_price_dollars"":""0.5200""}"
KXBTC15M-26APR271600-00,a6394dc7-10dd-64e8-4ded-ffb3b1cc930a,1777319113,0.56,37.95,no,"{""count_fp"":""37.95"",""created_time"":""2026-04-27T19:45:13.677271Z"",""no_price_dollars"":""0.4400"",""taker_side"":""no"",""ticker"":""KXBTC15M-26APR271600-00"",""trade_id"":""a6394dc7-10dd-64e8-4ded-ffb3b1cc930a"",""yes_price_dollars"":""0.5600""}"
KXBTC15M-26APR271600-00,a2d12d15-0965-6d08-562c-ce3a4c42b4f4,1777319113,0.56,12.25,no,"{""count_fp"":""12.25"",""created_time"":""2026-04-27T19:45:13.677271Z"",""no_price_dollars"":""0.4400"",""taker_side"":""no"",""ticker"":""KXBTC15M-26APR271600-00"",""trade_id"":""a2d12d15-0965-6d08-562c-ce3a4c42b4f4"",""yes_price_dollars"":""0.5600""}"
KXBTC15M-26APR271600-00,4622ac12-2739-41bc-bd4f-2d8ced386ce2,1777319113,0.56,2.05,no,"{""count_fp"":""2.05"",""created_time"":""2026-04-27T19:45:13.369994Z"",""no_price_dollars"":""0.4400"",""taker_side"":""no"",""ticker"":""KXBTC15M-26APR271600-00"",""trade_id"":""4622ac12-2739-41bc-bd4f-2d8ced386ce2"",""yes_price_dollars"":""0.5600""}"
KXBTC15M-26APR271600-00,bdae8f30-f5f7-6250-43a4-d6c46e212f91,1777319113,0.53,4.0,no,"{""count_fp"":""4.00"",""created_time"":""2026-04-27T19:45:13.224302Z"",""no_price_dollars"":""0.4700"",""taker_side"":""no"",""ticker"":""KXBTC15M-26APR271600-00"",""trade_id"":""bdae8f30-f5f7-6250-43a4-d6c46e212f91"",""yes_price_dollars"":""0.5300""}"
KXBTC15M-26APR271600-00,9148cb50-8a65-6e3e-5b5e-8be4deb57d13,1777319113,0.53,14.46,no,"{""count_fp"":""14.46"",""created_time"":""2026-04-27T19:45:13.224302Z"",""no_price_dollars"":""0.4700"",""taker_side"":""no"",""ticker"":""KXBTC15M-26APR271600-00"",""trade_id"":""9148cb50-8a65-6e3e-5b5e-8be4deb57d13"",""yes_price_dollars"":""0.5300""}"
KXBTC15M-26APR271600-00,94741287-0cd4-6180-607a-f3c1ea85814c,1777319113,0.55,1.0,yes,"{""count_fp"":""1.00"",""created_time"":""2026-04-27T19:45:13.220093Z"",""no_price_dollars"":""0.4500"",""taker_side"":""yes"",""ticker"":""KXBTC15M-26APR271600-00"",""trade_id"":""94741287-0cd4-6180-607a-f3c1ea85814c"",""yes_price_dollars"":""0.5500""}"
KXBTC15M-26APR271600-00,92906a5e-08a0-629e-7262-e536f1be4507,1777319113,0.55,10.0,yes,"{""count_fp"":""10.00"",""created_time"":""2026-04-27T19:45:13.220093Z"",""no_price_dollars"":""0.4500"",""taker_side"":""yes"",""ticker"":""KXBTC15M-26APR271600-00"",""trade_id"":""92906a5e-08a0-629e-7262-e536f1be4507"",""yes_price_dollars"":""0.5500""}"
KXBTC15M-26APR271600-00,b543604e-43af-6172-aef7-7a89a8338483,1777319113,0.54,11.0,yes,"{""count_fp"":""11.00"",""created_time"":""2026-04-27T19:45:13.218291Z"",""no_price_dollars"":""0.4600"",""taker_side"":""yes"",""ticker"":""KXBTC15M-26APR271600-00"",""trade_id"":""b543604e-43af-6172-aef7-7a89a8338483"",""yes_price_dollars"":""0.5400""}"
KXBTC15M-26APR271600-00,9fdca56e-73d0-697d-b986-5d11cdf58ece,1777319113,0.54,25.56,yes,"{""count_fp"":""25.56"",""created_time"":""2026-04-27T19:45:13.218291Z"",""no_price_dollars"":""0.4600"",""taker_side"":""yes"",""ticker"":""KXBTC15M-26APR271600-00"",""trade_id"":""9fdca56e-73d0-697d-b986-5d11cdf58ece"",""yes_price_dollars"":""0.5400""}"
KXBTC15M-26APR271600-00,991548e3-93fc-6e85-0bbe-53edb5d3623a,1777319113,0.54,34.36,yes,"{""count_fp"":""34.36"",""created_time"":""2026-04-27T19:45:13.207192Z"",""no_price_dollars"":""0.4600"",""taker_side"":""yes"",""ticker"":""KXBTC15M-26APR271600-00"",""trade_id"":""991548e3-93fc-6e85-0bbe-53edb5d3623a"",""yes_price_dollars"":""0.5400""}"
KXBTC15M-26APR271600-00,a2ebe4e0-f7e0-43c1-b677-0169fefa52ae,1777319113,0.54,23.65,yes,"{""count_fp"":""23.65"",""created_time"":""2026-04-27T19:45:13.195454Z"",""no_price_dollars"":""0.4600"",""taker_side"":""yes"",""ticker"":""KXBTC15M-26APR271600-00"",""trade_id"":""a2ebe4e0-f7e0-43c1-b677-0169fefa52ae"",""yes_price_dollars"":""0.5400""}"
KXBTC15M-26APR271600-00,542c20e3-8744-744d-8387-41b163ace0fe,1777319113,0.54,3.0,yes,"{""count_fp"":""3.00"",""created_time"":""2026-04-27T19:45:13.122089Z"",""no_price_dollars"":""0.4600"",""taker_side"":""yes"",""ticker"":""KXBTC15M-26APR271600-00"",""trade_id"":""542c20e3-8744-744d-8387-41b163ace0fe"",""yes_price_dollars"":""0.5400""}"
KXBTC15M-26APR271600-00,c0e99d93-0897-63ac-7309-8a3ae591fe84,1777319114,0.56,2.05,no,"{""count_fp"":""2.05"",""created_time"":""2026-04-27T19:45:14.576417Z"",""no_price_dollars"":""0.4400"",""taker_side"":""no"",""ticker"":""KXBTC15M-26APR271600-00"",""trade_id"":""c0e99d93-0897-63ac-7309-8a3ae591fe84"",""yes_price_dollars"":""0.5600""}"
KXBTC15M-26APR271600-00,f316cbcb-315c-6d67-f827-bad385d2c9a4,1777319114,0.57,10.0,yes,"{""count_fp"":""10.00"",""created_time"":""2026-04-27T19:45:14.267864Z"",""no_price_dollars"":""0.4300"",""taker_side"":""yes"",""ticker"":""KXBTC15M-26APR271600-00"",""trade_id"":""f316cbcb-315c-6d67-f827-bad385d2c9a4"",""yes_price_dollars"":""0.5700""}"
KXBTC15M-26APR271600-00,e930cef6-b31a-63b3-f4f7-47d3789eaab1,1777319114,0.57,3.0,yes,"{""count_fp"":""3.00"",""created_time"":""2026-04-27T19:45:14.267864Z"",""no_price_dollars"":""0.4300"",""taker_side"":""yes"",""ticker"":""KXBTC15M-26APR271600-00"",""trade_id"":""e930cef6-b31a-63b3-f4f7-47d3789eaab1"",""yes_price_dollars"":""0.5700""}"
KXBTC15M-26APR271600-00,afd487a8-ab28-65f5-fdb3-ef9fdad6e647,1777319114,0.57,1.0,yes,"{""count_fp"":""1.00"",""created_time"":""2026-04-27T19:45:14.267864Z"",""no_price_dollars"":""0.4300"",""taker_side"":""yes"",""ticker"":""KXBTC15M-26APR271600-00"",""trade_id"":""afd487a8-ab28-65f5-fdb3-ef9fdad6e647"",""yes_price_dollars"":""0.5700""}"
KXBTC15M-26APR271600-00,0c7c5395-38f0-6d8d-f2a3-a967425aea3f,1777319114,0.57,12.25,yes,"{""count_fp"":""12.25"",""created_time"":""2026-04-27T19:45:14.267864Z"",""no_price_dollars"":""0.4300"",""taker_side"":""yes"",""ticker"":""KXBTC15M-26APR271600-00"",""trade_id"":""0c7c5395-38f0-6d8d-f2a3-a967425aea3f"",""yes_price_dollars"":""0.5700""}"
KXBTC15M-26APR271600-00,0d766196-85cf-6e44-1835-de173213cb14,1777319114,0.56,160.0,no,"{""count_fp"":""160.00"",""created_time"":""2026-04-27T19:45:14.207723Z"",""no_price_dollars"":""0.4400"",""taker_side"":""no"",""ticker"":""KXBTC15M-26APR271600-00"",""trade_id"":""0d766196-85cf-6e44-1835-de173213cb14"",""yes_price_dollars"":""0.5600""}"
KXBTC15M-26APR271600-00,013c0ace-76a6-6fa5-33f3-d0ac12b06fb2,1777319114,0.56,40.0,no,"{""count_fp"":""40.00"",""created_time"":""2026-04-27T19:45:14.207723Z"",""no_price_dollars"":""0.4400"",""taker_side"":""no"",""ticker"":""KXBTC15M-26APR271600-00"",""trade_id"":""013c0ace-76a6-6fa5-33f3-d0ac12b06fb2"",""yes_price_dollars"":""0.5600""}"
KXBTC15M-26APR271600-00,ba1e5cec-88f4-5493-3453-b2248aaf04fa,1777319115,0.57,23.97,yes,"{""count_fp"":""23.97"",""created_time"":""2026-04-27T19:45:15.968616Z"",""no_price_dollars"":""0.4300"",""taker_side"":""yes"",""ticker"":""KXBTC15M-26APR271600-00"",""trade_id"":""ba1e5cec-88f4-5493-3453-b2248aaf04fa"",""yes_price_dollars"":""0.5700""}"
KXBTC15M-26APR271600-00,ab37e6e2-289c-57d7-18e1-ae9d9cbd4b78,1777319115,0.57,10.0,yes,"{""count_fp"":""10.00"",""created_time"":""2026-04-27T19:45:15.968616Z"",""no_price_dollars"":""0.4300"",""taker_side"":""yes"",""ticker"":""KXBTC15M-26APR271600-00"",""trade_id"":""ab37e6e2-289c-57d7-18e1-ae9d9cbd4b78"",""yes_price_dollars"":""0.5700""}"
KXBTC15M-26APR271600-00,94cff550-01ea-53f9-0c57-b6cd6ebd4658,1777319115,0.56,40.0,yes,"{""count_fp"":""40.00"",""created_time"":""2026-04-27T19:45:15.968616Z"",""no_price_dollars"":""0.4400"",""taker_side"":""yes"",""ticker"":""KXBTC15M-26APR271600-00"",""trade_id"":""94cff550-01ea-53f9-0c57-b6cd6ebd4658"",""yes_price_dollars"":""0.5600""}"
KXBTC15M-26APR271600-00,7c031271-aed8-54ff-2872-d6734c69c129,1777319115,0.56,1.0,yes,"{""count_fp"":""1.00"",""created_time"":""2026-04-27T19:45:15.968616Z"",""no_price_dollars"":""0.4400"",""taker_side"":""yes"",""ticker"":""KXBTC15M-26APR271600-00"",""trade_id"":""7c031271-aed8-54ff-2872-d6734c69c129"",""yes_price_dollars"":""0.5600""}"
KXBTC15M-26APR271600-00,046ab481-6dc2-55ff-0d32-cec58403a572,1777319115,0.57,215.75,yes,"{""count_fp"":""215.75"",""created_time"":""2026-04-27T19:45:15.968616Z"",""no_price_dollars"":""0.4300"",""taker_side"":""yes"",""ticker"":""KXBTC15M-26APR271600-00"",""trade_id"":""046ab481-6dc2-55ff-0d32-cec58403a572"",""yes_price_dollars"":""0.5700""}"
KXBTC15M-26APR271600-00,eef9f1b0-e1b4-64a0-ff81-b42d5a4e0fd4,1777319115,0.56,40.0,yes,"{""count_fp"":""40.00"",""created_time"":""2026-04-27T19:45:15.532389Z"",""no_price_dollars"":""0.4400"",""taker_side"":""yes"",""ticker"":""KXBTC15M-26APR271600-00"",""trade_id"":""eef9f1b0-e1b4-64a0-ff81-b42d5a4e0fd4"",""yes_price_dollars"":""0.5600""}"
KXBTC15M-26APR271600-00,edb552c2-6db8-4157-03dc-37da4eaf58a2,1777319115,0.57,16.03,yes,"{""count_fp"":""16.03"",""created_time"":""2026-04-27T19:45:15.486375Z"",""no_price_dollars"":""0.4300"",""taker_side"":""yes"",""ticker"":""KXBTC15M-26APR271600-00"",""trade_id"":""edb552c2-6db8-4157-03dc-37da4eaf58a2"",""yes_price_dollars"":""0.5700""}"
KXBTC15M-26APR271600-00,17ae76ae-2beb-47af-3472-faccf63a480c,1777319115,0.57,1.0,yes,"{""count_fp"":""1.00"",""created_time"":""2026-04-27T19:45:15.486375Z"",""no_price_dollars"":""0.4300"",""taker_side"":""yes"",""ticker"":""KXBTC15M-26APR271600-00"",""trade_id"":""17ae76ae-2beb-47af-3472-faccf63a480c"",""yes_price_dollars"":""0.5700""}"
KXBTC15M-26APR271600-00,5c905755-bdb8-530e-6096-80937ab681dc,1777319115,0.56,32.55,no,"{""count_fp"":""32.55"",""created_time"":""2026-04-27T19:45:15.380338Z"",""no_price_dollars"":""0.4400"",""taker_side"":""no"",""ticker"":""KXBTC15M-26APR271600-00"",""trade_id"":""5c905755-bdb8-530e-6096-80937ab681dc"",""yes_price_dollars"":""0.5600""}"
KXBTC15M-26APR271600-00,80e53119-018e-5677-d302-993507dd2c66,1777319116,0.55,8.66,yes,"{""count_fp"":""8.66"",""created_time"":""2026-04-27T19:45:16.863396Z"",""no_price_dollars"":""0.4500"",""taker_side"":""yes"",""ticker"":""KXBTC15M-26APR271600-00"",""trade_id"":""80e53119-018e-5677-d302-993507dd2c66"",""yes_price_dollars"":""0.5500""}"
KXBTC15M-26APR271600-00,f6ee57cd-5e24-6685-df58-1fad6199eea7,1777319116,0.55,40.0,yes,"{""count_fp"":""40.00"",""created_time"":""2026-04-27T19:45:16.712841Z"",""no_price_dollars"":""0.4500"",""taker_side"":""yes"",""ticker"":""KXBTC15M-26APR271600-00"",""trade_id"":""f6ee57cd-5e24-6685-df58-1fad6199eea7"",""yes_price_dollars"":""0.5500""}"
KXBTC15M-26APR271600-00,4c108dcd-b590-6341-d731-590908490122,1777319116,0.56,10.0,yes,"{""count_fp"":""10.00"",""created_time"":""2026-04-27T19:45:16.712841Z"",""no_price_dollars"":""0.4400"",""taker_side"":""yes"",""ticker"":""KXBTC15M-26APR271600-00"",""trade_id"":""4c108dcd-b590-6341-d731-590908490122"",""yes_price_dollars"":""0.5600""}"
KXBTC15M-26APR271600-00,ad5f8943-da86-6054-9085-7fdaac577fff,1777319116,0.55,97.57,no,"{""count_fp"":""97.57"",""created_time"":""2026-04-27T19:45:16.684447Z"",""no_price_dollars"":""0.4500"",""taker_side"":""no"",""ticker"":""KXBTC15M-26APR271600-00"",""trade_id"":""ad5f8943-da86-6054-9085-7fdaac577fff"",""yes_price_dollars"":""0.5500""}"
KXBTC15M-26APR271600-00,983091d9-e426-680c-78d4-fda682b0f91f,1777319116,0.55,2.43,no,"{""count_fp"":""2.43"",""created_time"":""2026-04-27T19:45:16.683933Z"",""no_price_dollars"":""0.4500"",""taker_side"":""no"",""ticker"":""KXBTC15M-26APR271600-00"",""trade_id"":""983091d9-e426-680c-78d4-fda682b0f91f"",""yes_price_dollars"":""0.5500""}"
KXBTC15M-26APR271600-00,057605b9-4a8a-63b1-7ecd-17bc004753b6,1777319116,0.55,48.68,no,"{""count_fp"":""48.68"",""created_time"":""2026-04-27T19:45:16.683933Z"",""no_price_dollars"":""0.4500"",""taker_side"":""no"",""ticker"":""KXBTC15M-26APR271600-00"",""trade_id"":""057605b9-4a8a-63b1-7ecd-17bc004753b6"",""yes_price_dollars"":""0.5500""}"
KXBTC15M-26APR271600-00,0090876c-9426-6d3d-c3e2-51eff22712d2,1777319116,0.55,27.17,no,"{""count_fp"":""27.17"",""created_time"":""2026-04-27T19:45:16.293329Z"",""no_price_dollars"":""0.4500"",""taker_side"":""no"",""ticker"":""KXBTC15M-26APR271600-00"",""trade_id"":""0090876c-9426-6d3d-c3e2-51eff22712d2"",""yes_price_dollars"":""0.5500""}"
KXBTC15M-26APR271600-00,7be4f4fb-668a-592d-a49b-b3ed00de6582,1777319116,0.55,41.33,no,"{""count_fp"":""41.33"",""created_time"":""2026-04-27T19:45:16.214845Z"",""no_price_dollars"":""0.4500"",""taker_side"":""no"",""ticker"":""KXBTC15M-26APR271600-00"",""trade_id"":""7be4f4fb-668a-592d-a49b-b3ed00de6582"",""yes_price_dollars"":""0.5500""}"
KXBTC15M-26APR271600-00,76824d7b-9632-43c9-60f1-593dd505de66,1777319116,0.55,20.82,no,"{""count_fp"":""20.82"",""created_time"":""2026-04-27T19:45:16.207117Z"",""no_price_dollars"":""0.4500"",""taker_side"":""no"",""ticker"":""KXBTC15M-26APR271600-00"",""trade_id"":""76824d7b-9632-43c9-60f1-593dd505de66"",""yes_price_dollars"":""0.5500""}"
KXBTC15M-26APR271600-00,75dccb4e-72c4-6815-707f-62d3c8a4536c,1777319117,0.56,1.16,yes,"{""count_fp"":""1.16"",""created_time"":""2026-04-27T19:45:17.888831Z"",""no_price_dollars"":""0.4400"",""taker_side"":""yes"",""ticker"":""KXBTC15M-26APR271600-00"",""trade_id"":""75dccb4e-72c4-6815-707f-62d3c8a4536c"",""yes_price_dollars"":""0.5600""}"
KXBTC15M-26APR271600-00,6b842b32-64f9-6906-7208-9dce498b63c4,1777319117,0.56,4.03,yes,"{""count_fp"":""4.03"",""created_time"":""2026-04-27T19:45:17.888831Z"",""no_price_dollars"":""0.4400"",""taker_side"":""yes"",""ticker"":""KXBTC15M-26APR271600-00"",""trade_id"":""6b842b32-64f9-6906-7208-9dce498b63c4"",""yes_price_dollars"":""0.5600""}"
KXBTC15M-26APR271600-00,c6b1a851-1460-7ea9-6a58-a295f41c27b8,1777319117,0.56,0.84,yes,"{""count_fp"":""0.84"",""created_time"":""2026-04-27T19:45:17.818719Z"",""no_price_dollars"":""0.4400"",""taker_side"":""yes"",""ticker"":""KXBTC15M-26APR271600-00"",""trade_id"":""c6b1a851-1460-7ea9-6a58-a295f41c27b8"",""yes_price_dollars"":""0.5600""}"
KXBTC15M-26APR271600-00,b119bced-53cc-7296-695f-f0a8129ac5a2,1777319117,0.55,4.16,yes,"{""count_fp"":""4.16"",""created_time"":""2026-04-27T19:45:17.818719Z"",""no_price_dollars"":""0.4500"",""taker_side"":""yes"",""ticker"":""KXBTC15M-26APR271600-00"",""trade_id"":""b119bced-53cc-7296-695f-f0a8129ac5a2"",""yes_price_dollars"":""0.5500""}"
KXBTC15M-26APR271600-00,b190adc9-63ec-74ba-2fba-d0c30749467e,1777319117,0.55,25.84,yes,"{""count_fp"":""25.84"",""created_time"":""2026-04-27T19:45:17.771244Z"",""no_price_dollars"":""0.4500"",""taker_side"":""yes"",""ticker"":""KXBTC15M-26APR271600-00"",""trade_id"":""b190adc9-63ec-74ba-2fba-d0c30749467e"",""yes_price_dollars"":""0.5500""}"
KXBTC15M-26APR271600-00,75b963f5-f2dc-73de-d8f8-871b2df85450,1777319117,0.55,24.76,yes,"{""count_fp"":""24.76"",""created_time"":""2026-04-27T19:45:17.733861Z"",""no_price_dollars"":""0.4500"",""taker_side"":""yes"",""ticker"":""KXBTC15M-26APR271600-00"",""trade_id"":""75b963f5-f2dc-73de-d8f8-871b2df85450"",""yes_price_dollars"":""0.5500""}"
KXBTC15M-26APR271600-00,f65f6c08-2c0c-400a-22e7-6d5e096e7d10,1777319117,0.55,19.98,yes,"{""count_fp"":""19.98"",""created_time"":""2026-04-27T19:45:17.720779Z"",""no_price_dollars"":""0.4500"",""taker_side"":""yes"",""ticker"":""KXBTC15M-26APR271600-00"",""trade_id"":""f65f6c08-2c0c-400a-22e7-6d5e096e7d10"",""yes_price_dollars"":""0.5500""}"
KXBTC15M-26APR271600-00,abba2d15-8490-4099-3929-c9ec6530b7b1,1777319117,0.55,1.0,yes,"{""count_fp"":""1.00"",""created_time"":""2026-04-27T19:45:17.720779Z"",""no_price_dollars"":""0.4500"",""taker_side"":""yes"",""ticker"":""KXBTC15M-26APR271600-00"",""trade_id"":""abba2d15-8490-4099-3929-c9ec6530b7b1"",""yes_price_dollars"":""0.5500""}"
KXBTC15M-26APR271600-00,1f3ff1c1-14ba-43d3-3043-408202016aba,1777319117,0.55,8.38,yes,"{""count_fp"":""8.38"",""created_time"":""2026-04-27T19:45:17.342828Z"",""no_price_dollars"":""0.4500"",""taker_side"":""yes"",""ticker"":""KXBTC15M-26APR271600-00"",""trade_id"":""1f3ff1c1-14ba-43d3-3043-408202016aba"",""yes_price_dollars"":""0.5500""}"
KXBTC15M-26APR271600-00,aa0fa7ba-87be-59b7-4fab-caa81dfdd626,1777319117,0.55,83.57,yes,"{""count_fp"":""83.57"",""created_time"":""2026-04-27T19:45:17.161992Z"",""no_price_dollars"":""0.4500"",""taker_side"":""yes"",""ticker"":""KXBTC15M-26APR271600-00"",""trade_id"":""aa0fa7ba-87be-59b7-4fab-caa81dfdd626"",""yes_price_dollars"":""0.5500""}"
KXBTC15M-26APR271600-00,b5a839fd-7bb4-4d01-eb31-2c4e8a20d429,1777319118,0.56,0.2,yes,"{""count_fp"":""0.20"",""created_time"":""2026-04-27T19:45:18.737176Z"",""no_price_dollars"":""0.4400"",""taker_side"":""yes"",""ticker"":""KXBTC15M-26APR271600-00"",""trade_id"":""b5a839fd-7bb4-4d01-eb31-2c4e8a20d429"",""yes_price_dollars"":""0.5600""}"
KXBTC15M-26APR271600-00,1fd226a6-6f78-4fdf-d4a3-eb305c3fb17a,1777319118,0.56,1.0,yes,"{""count_fp"":""1.00"",""created_time"":""2026-04-27T19:45:18.737176Z"",""no_price_dollars"":""0.4400"",""taker_side"":""yes"",""ticker"":""KXBTC15M-26APR271600-00"",""trade_id"":""1fd226a6-6f78-4fdf-d4a3-eb305c3fb17a"",""yes_price_dollars"":""0.5600""}"
KXBTC15M-26APR271600-00,c39f768d-11cf-6f99-e7c3-8c6960915527,1777319118,0.55,4.27,no,"{""count_fp"":""4.27"",""created_time"":""2026-04-27T19:45:18.416868Z"",""no_price_dollars"":""0.4500"",""taker_side"":""no"",""ticker"":""KXBTC15M-26APR271600-00"",""trade_id"":""c39f768d-11cf-6f99-e7c3-8c6960915527"",""yes_price_dollars"":""0.5500""}"
KXBTC15M-26APR271600-00,1481b28d-b0d3-7831-eb40-9c29e28208c7,1777319118,0.55,10.27,no,"{""count_fp"":""10.27"",""created_time"":""2026-04-27T19:45:18.017661Z"",""no_price_dollars"":""0.4500"",""taker_side"":""no"",""ticker"":""KXBTC15M-26APR271600-00"",""trade_id"":""1481b28d-b0d3-7831-eb40-9c29e28208c7"",""yes_price_dollars"":""0.5500""}"
KXBTC15M-26APR271600-00,21c09207-bd31-7b7c-6117-3e8361d28676,1777319119,0.57,2.59,yes,"{""count_fp"":""2.59"",""created_time"":""2026-04-27T19:45:19.363033Z"",""no_price_dollars"":""0.4300"",""taker_side"":""yes"",""ticker"":""KXBTC15M-26APR271600-00"",""trade_id"":""21c09207-bd31-7b7c-6117-3e8361d28676"",""yes_price_dollars"":""0.5700""}"
KXBTC15M-26APR271600-00,11fa9432-365a-70e8-4b5b-86f167528dde,1777319119,0.57,40.0,yes,"{""count_fp"":""40.00"",""created_time"":""2026-04-27T19:45:19.363033Z"",""no_price_dollars"":""0.4300"",""taker_side"":""yes"",""ticker"":""KXBTC15M-26APR271600-00"",""trade_id"":""11fa9432-365a-70e8-4b5b-86f167528dde"",""yes_price_dollars"":""0.5700""}"
KXBTC15M-26APR271600-00,f4a40d28-a578-732e-b4be-0491cccae08c,1777319119,0.56,3.0,no,"{""count_fp"":""3.00"",""created_time"":""2026-04-27T19:45:19.308918Z"",""no_price_dollars"":""0.4400"",""taker_side"":""no"",""ticker"":""KXBTC15M-26APR271600-00"",""trade_id"":""f4a40d28-a578-732e-b4be-0491cccae08c"",""yes_price_dollars"":""0.5600""}"
KXBTC15M-26APR271600-00,30e2c097-5cbf-7a67-ac83-63dc2a32fef8,1777319119,0.56,1.0,no,"{""count_fp"":""1.00"",""created_time"":""2026-04-27T19:45:19.308918Z"",""no_price_dollars"":""0.4400"",""taker_side"":""no"",""ticker"":""KXBTC15M-26APR271600-00"",""trade_id"":""30e2c097-5cbf-7a67-ac83-63dc2a32fef8"",""yes_price_dollars"":""0.5600""}"
KXBTC15M-26APR271600-00,14ae8d88-6238-5b67-ef7f-563fa125f53f,1777319120,0.57,21.86,no,"{""count_fp"":""21.86"",""created_time"":""2026-04-27T19:45:20.662478Z"",""no_price_dollars"":""0.4300"",""taker_side"":""no"",""ticker"":""KXBTC15M-26APR271600-00"",""trade_id"":""14ae8d88-6238-5b67-ef7f-563fa125f53f"",""yes_price_dollars"":""0.5700""}"
KXBTC15M-26APR271600-00,f80a2b6c-ee32-5c28-9faf-a7bd15bd9eb2,1777319120,0.57,3.0,yes,"{""count_fp"":""3.00"",""created_time"":""2026-04-27T19:45:20.330114Z"",""no_price_dollars"":""0.4300"",""taker_side"":""yes"",""ticker"":""KXBTC15M-26APR271600-00"",""trade_id"":""f80a2b6c-ee32-5c28-9faf-a7bd15bd9eb2"",""yes_price_dollars"":""0.5700""}"
KXBTC15M-26APR271600-00,f34947c7-6ae6-5a01-8d10-84e7d2c07127,1777319120,0.57,5.0,yes,"{""count_fp"":""5.00"",""created_time"":""2026-04-27T19:45:20.330114Z"",""no_price_dollars"":""0.4300"",""taker_side"":""yes"",""ticker"":""KXBTC15M-26APR271600-00"",""trade_id"":""f34947c7-6ae6-5a01-8d10-84e7d2c07127"",""yes_price_dollars"":""0.5700""}"
KXBTC15M-26APR271600-00,e582ab34-db74-583d-8c67-4bde66fe0dfe,1777319120,0.57,6.0,yes,"{""count_fp"":""6.00"",""created_time"":""2026-04-27T19:45:20.330114Z"",""no_price_dollars"":""0.4300"",""taker_side"":""yes"",""ticker"":""KXBTC15M-26APR271600-00"",""trade_id"":""e582ab34-db74-583d-8c67-4bde66fe0dfe"",""yes_price_dollars"":""0.5700""}"
KXBTC15M-26APR271600-00,6e8d6173-c150-7c63-3bab-f79d0394dbfb,1777319121,0.57,1.0,no,"{""count_fp"":""1.00"",""created_time"":""2026-04-27T19:45:21.547949Z"",""no_price_dollars"":""0.4300"",""taker_side"":""no"",""ticker"":""KXBTC15M-26APR271600-00"",""trade_id"":""6e8d6173-c150-7c63-3bab-f79d0394dbfb"",""yes_price_dollars"":""0.5700""}"
KXBTC15M-26APR271600-00,df79f3ec-e9ad-41d9-3e68-b84ace3fb94d,1777319121,0.58,5.49,yes,"{""count_fp"":""5.49"",""created_time"":""2026-04-27T19:45:21.191039Z"",""no_price_dollars"":""0.4200"",""taker_side"":""yes"",""ticker"":""KXBTC15M-26APR271600-00"",""trade_id"":""df79f3ec-e9ad-41d9-3e68-b84ace3fb94d"",""yes_price_dollars"":""0.5800""}"
KXBTC15M-26APR271600-00,3651dcf7-16fc-4c18-3f1c-001d6db5c0f2,1777319122,0.58,10.0,yes,"{""count_fp"":""10.00"",""created_time"":""2026-04-27T19:45:22.915903Z"",""no_price_dollars"":""0.4200"",""taker_side"":""yes"",""ticker"":""KXBTC15M-26APR271600-00"",""trade_id"":""3651dcf7-16fc-4c18-3f1c-001d6db5c0f2"",""yes_price_dollars"":""0.5800""}"
KXBTC15M-26APR271600-00,c0cafcf1-94e3-723b-2340-94a7ef0653f8,1777319122,0.57,134.18,no,"{""count_fp"":""134.18"",""created_time"":""2026-04-27T19:45:22.535794Z"",""no_price_dollars"":""0.4300"",""taker_side"":""no"",""ticker"":""KXBTC15M-26APR271600-00"",""trade_id"":""c0cafcf1-94e3-723b-2340-94a7ef0653f8"",""yes_price_dollars"":""0.5700""}"
KXBTC15M-26APR271600-00,ecc97581-2187-521c-d564-ecf7c8840f94,1777319122,0.58,4.0,yes,"{""count_fp"":""4.00"",""created_time"":""2026-04-27T19:45:22.532438Z"",""no_price_dollars"":""0.4200"",""taker_side"":""yes"",""ticker"":""KXBTC15M-26APR271600-00"",""trade_id"":""ecc97581-2187-521c-d564-ecf7c8840f94"",""yes_price_dollars"":""0.5800""}"
KXBTC15M-26APR271600-00,dd55f247-6301-67a5-3ed4-58c5b6e159a1,1777319122,0.58,14.51,yes,"{""count_fp"":""14.51"",""created_time"":""2026-04-27T19:45:22.332372Z"",""no_price_dollars"":""0.4200"",""taker_side"":""yes"",""ticker"":""KXBTC15M-26APR271600-00"",""trade_id"":""dd55f247-6301-67a5-3ed4-58c5b6e159a1"",""yes_price_dollars"":""0.5800""}"
KXBTC15M-26APR271600-00,2b5bd47e-cfc3-6a18-3500-df0727a71c04,1777319122,0.58,2.23,yes,"{""count_fp"":""2.23"",""created_time"":""2026-04-27T19:45:22.332372Z"",""no_price_dollars"":""0.4200"",""taker_side"":""yes"",""ticker"":""KXBTC15M-26APR271600-00"",""trade_id"":""2b5bd47e-cfc3-6a18-3500-df0727a71c04"",""yes_price_dollars"":""0.5800""}"
KXBTC15M-26APR271600-00,4bcfd38b-c63f-79a3-580a-57cf2e6b2080,1777319122,0.57,1.0,no,"{""count_fp"":""1.00"",""created_time"":""2026-04-27T19:45:22.260125Z"",""no_price_dollars"":""0.4300"",""taker_side"":""no"",""ticker"":""KXBTC15M-26APR271600-00"",""trade_id"":""4bcfd38b-c63f-79a3-580a-57cf2e6b2080"",""yes_price_dollars"":""0.5700""}"
KXBTC15M-26APR271600-00,8e07e279-3a72-652c-d858-9233e48ee44b,1777319122,0.57,36.53,no,"{""count_fp"":""36.53"",""created_time"":""2026-04-27T19:45:22.181251Z"",""no_price_dollars"":""0.4300"",""taker_side"":""no"",""ticker"":""KXBTC15M-26APR271600-00"",""trade_id"":""8e07e279-3a72-652c-d858-9233e48ee44b"",""yes_price_dollars"":""0.5700""}"
KXBTC15M-26APR271600-00,07ccd31c-c6d4-6f5b-c862-e89406e70603,1777319122,0.57,17.14,no,"{""count_fp"":""17.14"",""created_time"":""2026-04-27T19:45:22.181251Z"",""no_price_dollars"":""0.4300"",""taker_side"":""no"",""ticker"":""KXBTC15M-26APR271600-00"",""trade_id"":""07ccd31c-c6d4-6f5b-c862-e89406e70603"",""yes_price_dollars"":""0.5700""}"
KXBTC15M-26APR271600-00,ea139f21-2eee-6193-42bb-a9bfd4723767,1777319123,0.58,82.99,no,"{""count_fp"":""82.99"",""created_time"":""2026-04-27T19:45:23.897736Z"",""no_price_dollars"":""0.4200"",""taker_side"":""no"",""ticker"":""KXBTC15M-26APR271600-00"",""trade_id"":""ea139f21-2eee-6193-42bb-a9bfd4723767"",""yes_price_dollars"":""0.5800""}"
KXBTC15M-26APR271600-00,1750122a-f7c5-6b51-5cbd-4dae5178bc13,1777319123,0.58,40.0,no,"{""count_fp"":""40.00"",""created_time"":""2026-04-27T19:45:23.897736Z"",""no_price_dollars"":""0.4200"",""taker_side"":""no"",""ticker"":""KXBTC15M-26APR271600-00"",""trade_id"":""1750122a-f7c5-6b51-5cbd-4dae5178bc13"",""yes_price_dollars"":""0.5800""}"
KXBTC15M-26APR271600-00,dc9fde43-053e-44ec-033c-56533d46bee3,1777319123,0.58,99.47,no,"{""count_fp"":""99.47"",""created_time"":""2026-04-27T19:45:23.429885Z"",""no_price_dollars"":""0.4200"",""taker_side"":""no"",""ticker"":""KXBTC15M-26APR271600-00"",""trade_id"":""dc9fde43-053e-44ec-033c-56533d46bee3"",""yes_price_dollars"":""0.5800""}"
KXBTC15M-26APR271600-00,bc9d9c63-bdd7-448f-2a9f-f51bb3bb6bac,1777319123,0.58,15.79,no,"{""count_fp"":""15.79"",""created_time"":""2026-04-27T19:45:23.429885Z"",""no_price_dollars"":""0.4200"",""taker_side"":""no"",""ticker"":""KXBTC15M-26APR271600-00"",""trade_id"":""bc9d9c63-bdd7-448f-2a9f-f51bb3bb6bac"",""yes_price_dollars"":""0.5800""}"
KXBTC15M-26APR271600-00,1d55e925-aef5-4abc-3d19-c3fd390a0cb0,1777319123,0.58,44.74,no,"{""count_fp"":""44.74"",""created_time"":""2026-04-27T19:45:23.429885Z"",""no_price_dollars"":""0.4200"",""taker_side"":""no"",""ticker"":""KXBTC15M-26APR271600-00"",""trade_id"":""1d55e925-aef5-4abc-3d19-c3fd390a0cb0"",""yes_price_dollars"":""0.5800""}"
KXBTC15M-26APR271600-00,18d16866-3461-4d61-15e2-b7f0eb209681,1777319123,0.58,40.0,no,"{""count_fp"":""40.00"",""created_time"":""2026-04-27T19:45:23.429885Z"",""no_price_dollars"":""0.4200"",""taker_side"":""no"",""ticker"":""KXBTC15M-26APR271600-00"",""trade_id"":""18d16866-3461-4d61-15e2-b7f0eb209681"",""yes_price_dollars"":""0.5800""}"
KXBTC15M-26APR271600-00,b04463c8-a2e2-5b94-f797-33750695090d,1777319123,0.58,13.62,yes,"{""count_fp"":""13.62"",""created_time"":""2026-04-27T19:45:23.338006Z"",""no_price_dollars"":""0.4200"",""taker_side"":""yes"",""ticker"":""KXBTC15M-26APR271600-00"",""trade_id"":""b04463c8-a2e2-5b94-f797-33750695090d"",""yes_price_dollars"":""0.5800""}"
KXBTC15M-26APR271600-00,fce9d6a4-47fa-6f51-3f45-1324ba16eaaf,1777319123,0.58,5.0,yes,"{""count_fp"":""5.00"",""created_time"":""2026-04-27T19:45:23.330675Z"",""no_price_dollars"":""0.4200"",""taker_side"":""yes"",""ticker"":""KXBTC15M-26APR271600-00"",""trade_id"":""fce9d6a4-47fa-6f51-3f45-1324ba16eaaf"",""yes_price_dollars"":""0.5800""}"
KXBTC15M-26APR271600-00,c6eab3c1-1bca-632c-219a-b4807ed3c0f9,1777319123,0.58,16.38,yes,"{""count_fp"":""16.38"",""created_time"":""2026-04-27T19:45:23.330675Z"",""no_price_dollars"":""0.4200"",""taker_side"":""yes"",""ticker"":""KXBTC15M-26APR271600-00"",""trade_id"":""c6eab3c1-1bca-632c-219a-b4807ed3c0f9"",""yes_price_dollars"":""0.5800""}"
KXBTC15M-26APR271600-00,897972a0-7013-6de0-31f6-eff49db9ba8f,1777319123,0.58,3.0,yes,"{""count_fp"":""3.00"",""created_time"":""2026-04-27T19:45:23.330675Z"",""no_price_dollars"":""0.4200"",""taker_side"":""yes"",""ticker"":""KXBTC15M-26APR271600-00"",""trade_id"":""897972a0-7013-6de0-31f6-eff49db9ba8f"",""yes_price_dollars"":""0.5800""}"
KXBTC15M-26APR271600-00,4dfc556c-8b08-699c-e4c2-bf0b084e2f92,1777319123,0.58,5.24,yes,"{""count_fp"":""5.24"",""created_time"":""2026-04-27T19:45:23.287008Z"",""no_price_dollars"":""0.4200"",""taker_side"":""yes"",""ticker"":""KXBTC15M-26APR271600-00"",""trade_id"":""4dfc556c-8b08-699c-e4c2-bf0b084e2f92"",""yes_price_dollars"":""0.5800""}"
KXBTC15M-26APR271600-00,25fa0cff-0ab8-5eb0-c90d-ce01aa20d1c2,1777319123,0.58,6.69,yes,"{""count_fp"":""6.69"",""created_time"":""2026-04-27T19:45:23.229933Z"",""no_price_dollars"":""0.4200"",""taker_side"":""yes"",""ticker"":""KXBTC15M-26APR271600-00"",""trade_id"":""25fa0cff-0ab8-5eb0-c90d-ce01aa20d1c2"",""yes_price_dollars"":""0.5800""}"
KXBTC15M-26APR271600-00,c003955d-1797-6c73-bbff-6fb17d356d5c,1777319123,0.57,44.72,no,"{""count_fp"":""44.72"",""created_time"":""2026-04-27T19:45:23.043226Z"",""no_price_dollars"":""0.4300"",""taker_side"":""no"",""ticker"":""KXBTC15M-26APR271600-00"",""trade_id"":""c003955d-1797-6c73-bbff-6fb17d356d5c"",""yes_price_dollars"":""0.5700""}"
KXBTC15M-26APR271600-00,51434f2e-e4ee-5ac3-03dc-4e196a086733,1777319124,0.58,20.78,no,"{""count_fp"":""20.78"",""created_time"":""2026-04-27T19:45:24.947019Z"",""no_price_dollars"":""0.4200"",""taker_side"":""no"",""ticker"":""KXBTC15M-26APR271600-00"",""trade_id"":""51434f2e-e4ee-5ac3-03dc-4e196a086733"",""yes_price_dollars"":""0.5800""}"
KXBTC15M-26APR271600-00,6aa48678-2d02-7b33-fc6b-9e95eaa20867,1777319124,0.58,25.28,no,"{""count_fp"":""25.28"",""created_time"":""2026-04-27T19:45:24.916064Z"",""no_price_dollars"":""0.4200"",""taker_side"":""no"",""ticker"":""KXBTC15M-26APR271600-00"",""trade_id"":""6aa48678-2d02-7b33-fc6b-9e95eaa20867"",""yes_price_dollars"":""0.5800""}"
KXBTC15M-26APR271600-00,76924427-de77-4ea7-c104-e61c893d4258,1777319124,0.58,46.75,no,"{""count_fp"":""46.75"",""created_time"":""2026-04-27T19:45:24.903133Z"",""no_price_dollars"":""0.4200"",""taker_side"":""no"",""ticker"":""KXBTC15M-26APR271600-00"",""trade_id"":""76924427-de77-4ea7-c104-e61c893d4258"",""yes_price_dollars"":""0.5800""}"
KXBTC15M-26APR271600-00,4368a37c-ea97-6e7f-37ce-a21ed5684eec,1777319124,0.58,55.11,no,"{""count_fp"":""55.11"",""created_time"":""2026-04-27T19:45:24.900735Z"",""no_price_dollars"":""0.4200"",""taker_side"":""no"",""ticker"":""KXBTC15M-26APR271600-00"",""trade_id"":""4368a37c-ea97-6e7f-37ce-a21ed5684eec"",""yes_price_dollars"":""0.5800""}"
KXBTC15M-26APR271600-00,30a9ee18-859f-7477-9f54-a94819b8f5d4,1777319124,0.58,10.0,no,"{""count_fp"":""10.00"",""created_time"":""2026-04-27T19:45:24.321832Z"",""no_price_dollars"":""0.4200"",""taker_side"":""no"",""ticker"":""KXBTC15M-26APR271600-00"",""trade_id"":""30a9ee18-859f-7477-9f54-a94819b8f5d4"",""yes_price_dollars"":""0.5800""}"
KXBTC15M-26APR271600-00,3002a238-bc37-5197-f3de-0664a75b3538,1777319124,0.58,16.77,no,"{""count_fp"":""16.77"",""created_time"":""2026-04-27T19:45:24.261254Z"",""no_price_dollars"":""0.4200"",""taker_side"":""no"",""ticker"":""KXBTC15M-26APR271600-00"",""trade_id"":""3002a238-bc37-5197-f3de-0664a75b3538"",""yes_price_dollars"":""0.5800""}"
KXBTC15M-26APR271600-00,65c9198d-2c5b-7e8b-07e1-5a677a566e48,1777319124,0.58,10.93,no,"{""count_fp"":""10.93"",""created_time"":""2026-04-27T19:45:24.250554Z"",""no_price_dollars"":""0.4200"",""taker_side"":""no"",""ticker"":""KXBTC15M-26APR271600-00"",""trade_id"":""65c9198d-2c5b-7e8b-07e1-5a677a566e48"",""yes_price_dollars"":""0.5800""}"
KXBTC15M-26APR271600-00,b0b58bce-5a29-5d7a-bf02-7d4b20888f92,1777319124,0.59,1.0,yes,"{""count_fp"":""1.00"",""created_time"":""2026-04-27T19:45:24.209583Z"",""no_price_dollars"":""0.4100"",""taker_side"":""yes"",""ticker"":""KXBTC15M-26APR271600-00"",""trade_id"":""b0b58bce-5a29-5d7a-bf02-7d4b20888f92"",""yes_price_dollars"":""0.5900""}"
KXBTC15M-26APR271600-00,b8b33f43-fbb0-4fb4-2bdd-4772287cad8e,1777319125,0.56,8.37,yes,"{""count_fp"":""8.37"",""created_time"":""2026-04-27T19:45:25.938736Z"",""no_price_dollars"":""0.4400"",""taker_side"":""yes"",""ticker"":""KXBTC15M-26APR271600-00"",""trade_id"":""b8b33f43-fbb0-4fb4-2bdd-4772287cad8e"",""yes_price_dollars"":""0.5600""}"
KXBTC15M-26APR271600-00,83a41fbd-e6f8-7f9c-2f36-547710d192ae,1777319125,0.56,1.67,yes,"{""count_fp"":""1.67"",""created_time"":""2026-04-27T19:45:25.752364Z"",""no_price_dollars"":""0.4400"",""taker_side"":""yes"",""ticker"":""KXBTC15M-26APR271600-00"",""trade_id"":""83a41fbd-e6f8-7f9c-2f36-547710d192ae"",""yes_price_dollars"":""0.5600""}"
KXBTC15M-26APR271600-00,b578f0a7-72e9-59b5-3d64-476728a52e68,1777319125,0.56,8.23,yes,"{""count_fp"":""8.23"",""created_time"":""2026-04-27T19:45:25.453202Z"",""no_price_dollars"":""0.4400"",""taker_side"":""yes"",""ticker"":""KXBTC15M-26APR271600-00"",""trade_id"":""b578f0a7-72e9-59b5-3d64-476728a52e68"",""yes_price_dollars"":""0.5600""}"
KXBTC15M-26APR271600-00,bb1130dd-b6ea-559d-98ad-59d21cbec565,1777319125,0.56,1.0,no,"{""count_fp"":""1.00"",""created_time"":""2026-04-27T19:45:25.339107Z"",""no_price_dollars"":""0.4400"",""taker_side"":""no"",""ticker"":""KXBTC15M-26APR271600-00"",""trade_id"":""bb1130dd-b6ea-559d-98ad-59d21cbec565"",""yes_price_dollars"":""0.5600""}"
KXBTC15M-26APR271600-00,7b44651d-142b-5e8f-b2a2-399144f06a5c,1777319125,0.56,0.27,no,"{""count_fp"":""0.27"",""created_time"":""2026-04-27T19:45:25.339107Z"",""no_price_dollars"":""0.4400"",""taker_side"":""no"",""ticker"":""KXBTC15M-26APR271600-00"",""trade_id"":""7b44651d-142b-5e8f-b2a2-399144f06a5c"",""yes_price_dollars"":""0.5600""}"
KXBTC15M-26APR271600-00,0aa1d13c-ab95-5c68-a50d-5d4ab41eb17c,1777319125,0.57,20.69,no,"{""count_fp"":""20.69"",""created_time"":""2026-04-27T19:45:25.339107Z"",""no_price_dollars"":""0.4300"",""taker_side"":""no"",""ticker"":""KXBTC15M-26APR271600-00"",""trade_id"":""0aa1d13c-ab95-5c68-a50d-5d4ab41eb17c"",""yes_price_dollars"":""0.5700""}"
KXBTC15M-26APR271600-00,2dbe6dfe-4ea1-4920-c39c-efd27d602840,1777319125,0.57,62.61,no,"{""count_fp"":""62.61"",""created_time"":""2026-04-27T19:45:25.295369Z"",""no_price_dollars"":""0.4300"",""taker_side"":""no"",""ticker"":""KXBTC15M-26APR271600-00"",""trade_id"":""2dbe6dfe-4ea1-4920-c39c-efd27d602840"",""yes_price_dollars"":""0.5700""}"
KXBTC15M-26APR271600-00,dfcd4ec3-d89d-651c-45ee-28f23a45c3fc,1777319125,0.57,15.87,no,"{""count_fp"":""15.87"",""created_time"":""2026-04-27T19:45:25.193455Z"",""no_price_dollars"":""0.4300"",""taker_side"":""no"",""ticker"":""KXBTC15M-26APR271600-00"",""trade_id"":""dfcd4ec3-d89d-651c-45ee-28f23a45c3fc"",""yes_price_dollars"":""0.5700""}"
KXBTC15M-26APR271600-00,cf9b875d-9665-57cc-abde-994545b70a44,1777319125,0.57,24.83,no,"{""count_fp"":""24.83"",""created_time"":""2026-04-27T19:45:25.054299Z"",""no_price_dollars"":""0.4300"",""taker_side"":""no"",""ticker"":""KXBTC15M-26APR271600-00"",""trade_id"":""cf9b875d-9665-57cc-abde-994545b70a44"",""yes_price_dollars"":""0.5700""}"
KXBTC15M-26APR271600-00,be5568b0-552b-5cbf-81a8-96fb712d9a4f,1777319125,0.57,1.0,no,"{""count_fp"":""1.00"",""created_time"":""2026-04-27T19:45:25.054299Z"",""no_price_dollars"":""0.4300"",""taker_side"":""no"",""ticker"":""KXBTC15M-26APR271600-00"",""trade_id"":""be5568b0-552b-5cbf-81a8-96fb712d9a4f"",""yes_price_dollars"":""0.5700""}"
KXBTC15M-26APR271600-00,1e395bb3-5697-47e3-e40f-677ecb3cea88,1777319126,0.58,4.57,no,"{""count_fp"":""4.57"",""created_time"":""2026-04-27T19:45:26.980474Z"",""no_price_dollars"":""0.4200"",""taker_side"":""no"",""ticker"":""KXBTC15M-26APR271600-00"",""trade_id"":""1e395bb3-5697-47e3-e40f-677ecb3cea88"",""yes_price_dollars"":""0.5800""}"
KXBTC15M-26APR271600-00,da53ca40-5548-5879-bcb1-658d3a19c6c3,1777319126,0.58,51.52,no,"{""count_fp"":""51.52"",""created_time"":""2026-04-27T19:45:26.475743Z"",""no_price_dollars"":""0.4200"",""taker_side"":""no"",""ticker"":""KXBTC15M-26APR271600-00"",""trade_id"":""da53ca40-5548-5879-bcb1-658d3a19c6c3"",""yes_price_dollars"":""0.5800""}"
KXBTC15M-26APR271600-00,bd6057dd-a011-52e0-9b50-6a02548f2eef,1777319126,0.58,40.0,no,"{""count_fp"":""40.00"",""created_time"":""2026-04-27T19:45:26.475743Z"",""no_price_dollars"":""0.4200"",""taker_side"":""no"",""ticker"":""KXBTC15M-26APR271600-00"",""trade_id"":""bd6057dd-a011-52e0-9b50-6a02548f2eef"",""yes_price_dollars"":""0.5800""}"
KXBTC15M-26APR271600-00,e50babac-387d-6aac-dbe2-530bc43e271a,1777319126,0.56,7.0,yes,"{""count_fp"":""7.00"",""created_time"":""2026-04-27T19:45:26.215617Z"",""no_price_dollars"":""0.4400"",""taker_side"":""yes"",""ticker"":""KXBTC15M-26APR271600-00"",""trade_id"":""e50babac-387d-6aac-dbe2-530bc43e271a"",""yes_price_dollars"":""0.5600""}"
KXBTC15M-26APR271600-00,6dd489c4-19ec-66ce-c828-803639c37a2c,1777319126,0.56,58.74,yes,"{""count_fp"":""58.74"",""created_time"":""2026-04-27T19:45:26.215617Z"",""no_price_dollars"":""0.4400"",""taker_side"":""yes"",""ticker"":""KXBTC15M-26APR271600-00"",""trade_id"":""6dd489c4-19ec-66ce-c828-803639c37a2c"",""yes_price_dollars"":""0.5600""}"
KXBTC15M-26APR271600-00,7c23ea67-847c-4632-4ee3-ce8516b64c4c,1777319126,0.56,53.26,yes,"{""count_fp"":""53.26"",""created_time"":""2026-04-27T19:45:26.210603Z"",""no_price_dollars"":""0.4400"",""taker_side"":""yes"",""ticker"":""KXBTC15M-26APR271600-00"",""trade_id"":""7c23ea67-847c-4632-4ee3-ce8516b64c4c"",""yes_price_dollars"":""0.5600""}"
KXBTC15M-26APR271600-00,0301e900-c24c-542b-a147-108d54426af7,1777319127,0.63,4.0,no,"{""count_fp"":""4.00"",""created_time"":""2026-04-27T19:45:27.987263Z"",""no_price_dollars"":""0.3700"",""taker_side"":""no"",""ticker"":""KXBTC15M-26APR271600-00"",""trade_id"":""0301e900-c24c-542b-a147-108d54426af7"",""yes_price_dollars"":""0.6300""}"
KXBTC15M-26APR271600-00,d77905f9-3dc4-7d73-d1d0-846647e44f17,1777319127,0.63,8.04,no,"{""count_fp"":""8.04"",""created_time"":""2026-04-27T19:45:27.973042Z"",""no_price_dollars"":""0.3700"",""taker_side"":""no"",""ticker"":""KXBTC15M-26APR271600-00"",""trade_id"":""d77905f9-3dc4-7d73-d1d0-846647e44f17"",""yes_price_dollars"":""0.6300""}"
KXBTC15M-26APR271600-00,7b448b57-023c-78e3-ca59-57b11f77520a,1777319127,0.64,40.0,no,"{""count_fp"":""40.00"",""created_time"":""2026-04-27T19:45:27.973042Z"",""no_price_dollars"":""0.3600"",""taker_side"":""no"",""ticker"":""KXBTC15M-26APR271600-00"",""trade_id"":""7b448b57-023c-78e3-ca59-57b11f77520a"",""yes_price_dollars"":""0.6400""}"
KXBTC15M-26APR271600-00,ff50d8e7-2606-5c6b-d65a-75f0cda6045f,1777319127,0.62,2.0,yes,"{""count_fp"":""2.00"",""created_time"":""2026-04-27T19:45:27.772128Z"",""no_price_dollars"":""0.3800"",""taker_side"":""yes"",""ticker"":""KXBTC15M-26APR271600-00"",""trade_id"":""ff50d8e7-2606-5c6b-d65a-75f0cda6045f"",""yes_price_dollars"":""0.6200""}"
KXBTC15M-26APR271600-00,b569bd42-1670-58b6-c46f-9bd7baf98801,1777319127,0.62,10.0,yes,"{""count_fp"":""10.00"",""created_time"":""2026-04-27T19:45:27.772128Z"",""no_price_dollars"":""0.3800"",""taker_side"":""yes"",""ticker"":""KXBTC15M-26APR271600-00"",""trade_id"":""b569bd42-1670-58b6-c46f-9bd7baf98801"",""yes_price_dollars"":""0.6200""}"
KXBTC15M-26APR271600-00,862c5000-2e77-5d18-eafb-67089f6686c9,1777319127,0.62,14.82,yes,"{""count_fp"":""14.82"",""created_time"":""2026-04-27T19:45:27.772128Z"",""no_price_dollars"":""0.3800"",""taker_side"":""yes"",""ticker"":""KXBTC15M-26APR271600-00"",""trade_id"":""862c5000-2e77-5d18-eafb-67089f6686c9"",""yes_price_dollars"":""0.6200""}"
KXBTC15M-26APR271600-00,af244398-6d02-58b8-dbbe-9d7a50ea7b2f,1777319127,0.6,36.34,yes,"{""count_fp"":""36.34"",""created_time"":""2026-04-27T19:45:27.730154Z"",""no_price_dollars"":""0.4000"",""taker_side"":""yes"",""ticker"":""KXBTC15M-26APR271600-00"",""trade_id"":""af244398-6d02-58b8-dbbe-9d7a50ea7b2f"",""yes_price_dollars"":""0.6000""}"
KXBTC15M-26APR271600-00,4a4ac665-fefa-58c0-ce44-f8e043867d28,1777319127,0.6,5.0,yes,"{""count_fp"":""5.00"",""created_time"":""2026-04-27T19:45:27.730154Z"",""no_price_dollars"":""0.4000"",""taker_side"":""yes"",""ticker"":""KXBTC15M-26APR271600-00"",""trade_id"":""4a4ac665-fefa-58c0-ce44-f8e043867d28"",""yes_price_dollars"":""0.6000""}"
KXBTC15M-26APR271600-00,fc83fbcc-967b-4849-9808-26a2fcf3ad19,1777319127,0.6,7.0,yes,"{""count_fp"":""7.00"",""created_time"":""2026-04-27T19:45:27.726403Z"",""no_price_dollars"":""0.4000"",""taker_side"":""yes"",""ticker"":""KXBTC15M-26APR271600-00"",""trade_id"":""fc83fbcc-967b-4849-9808-26a2fcf3ad19"",""yes_price_dollars"":""0.6000""}"
KXBTC15M-26APR271600-00,46629664-47ba-47d0-85fd-ac77672c288f,1777319127,0.6,13.66,yes,"{""count_fp"":""13.66"",""created_time"":""2026-04-27T19:45:27.726403Z"",""no_price_dollars"":""0.4000"",""taker_side"":""yes"",""ticker"":""KXBTC15M-26APR271600-00"",""trade_id"":""46629664-47ba-47d0-85fd-ac77672c288f"",""yes_price_dollars"":""0.6000""}"
KXBTC15M-26APR271600-00,20292319-fcff-40e5-a39d-4241c7a6d5dc,1777319127,0.6,1.0,yes,"{""count_fp"":""1.00"",""created_time"":""2026-04-27T19:45:27.726403Z"",""no_price_dollars"":""0.4000"",""taker_side"":""yes"",""ticker"":""KXBTC15M-26APR271600-00"",""trade_id"":""20292319-fcff-40e5-a39d-4241c7a6d5dc"",""yes_price_dollars"":""0.6000""}"
KXBTC15M-26APR271600-00,bfb32934-51ad-73a6-28b9-1856dbe81f7a,1777319127,0.59,17.0,yes,"{""count_fp"":""17.00"",""created_time"":""2026-04-27T19:45:27.394831Z"",""no_price_dollars"":""0.4100"",""taker_side"":""yes"",""ticker"":""KXBTC15M-26APR271600-00"",""trade_id"":""bfb32934-51ad-73a6-28b9-1856dbe81f7a"",""yes_price_dollars"":""0.5900""}"
KXBTC15M-26APR271600-00,563d91ca-9385-7c14-364d-312d39f26b68,1777319127,0.59,11.5,yes,"{""count_fp"":""11.50"",""created_time"":""2026-04-27T19:45:27.394831Z"",""no_price_dollars"":""0.4100"",""taker_side"":""yes"",""ticker"":""KXBTC15M-26APR271600-00"",""trade_id"":""563d91ca-9385-7c14-364d-312d39f26b68"",""yes_price_dollars"":""0.5900""}"
KXBTC15M-26APR271600-00,0c203cea-94e8-450d-e8b8-6cab0fb425f0,1777319128,0.64,1.0,yes,"{""count_fp"":""1.00"",""created_time"":""2026-04-27T19:45:28.666312Z"",""no_price_dollars"":""0.3600"",""taker_side"":""yes"",""ticker"":""KXBTC15M-26APR271600-00"",""trade_id"":""0c203cea-94e8-450d-e8b8-6cab0fb425f0"",""yes_price_dollars"":""0.6400""}"
KXBTC15M-26APR271600-00,a9c0c200-9fd3-56c4-6b51-04364b5aed54,1777319128,0.64,21.83,no,"{""count_fp"":""21.83"",""created_time"":""2026-04-27T19:45:28.384619Z"",""no_price_dollars"":""0.3600"",""taker_side"":""no"",""ticker"":""KXBTC15M-26APR271600-00"",""trade_id"":""a9c0c200-9fd3-56c4-6b51-04364b5aed54"",""yes_price_dollars"":""0.6400""}"
KXBTC15M-26APR271600-00,4d3e1a28-ec35-5304-c2b9-e05f7ef41cd2,1777319128,0.63,22.88,no,"{""count_fp"":""22.88"",""created_time"":""2026-04-27T19:45:28.349946Z"",""no_price_dollars"":""0.3700"",""taker_side"":""no"",""ticker"":""KXBTC15M-26APR271600-00"",""trade_id"":""4d3e1a28-ec35-5304-c2b9-e05f7ef41cd2"",""yes_price_dollars"":""0.6300""}"
KXBTC15M-26APR271600-00,e8b69278-95cc-70cd-cc94-07c9f51216c3,1777319128,0.64,77.98,no,"{""count_fp"":""77.98"",""created_time"":""2026-04-27T19:45:28.343341Z"",""no_price_dollars"":""0.3600"",""taker_side"":""no"",""ticker"":""KXBTC15M-26APR271600-00"",""trade_id"":""e8b69278-95cc-70cd-cc94-07c9f51216c3"",""yes_price_dollars"":""0.6400""}"
KXBTC15M-26APR271600-00,d7f9e0ab-c4a2-7b61-dd19-99f111c073f9,1777319128,0.63,1.0,no,"{""count_fp"":""1.00"",""created_time"":""2026-04-27T19:45:28.343341Z"",""no_price_dollars"":""0.3700"",""taker_side"":""no"",""ticker"":""KXBTC15M-26APR271600-00"",""trade_id"":""d7f9e0ab-c4a2-7b61-dd19-99f111c073f9"",""yes_price_dollars"":""0.6300""}"
KXBTC15M-26APR271600-00,7b72ee2b-cd38-798f-eebf-fbdff2dddbaa,1777319128,0.64,3.0,no,"{""count_fp"":""3.00"",""created_time"":""2026-04-27T19:45:28.343341Z"",""no_price_dollars"":""0.3600"",""taker_side"":""no"",""ticker"":""KXBTC15M-26APR271600-00"",""trade_id"":""7b72ee2b-cd38-798f-eebf-fbdff2dddbaa"",""yes_price_dollars"":""0.6400""}"
KXBTC15M-26APR271600-00,6bca5f40-a8f9-7cf0-d204-d856f11c0102,1777319128,0.63,18.02,no,"{""count_fp"":""18.02"",""created_time"":""2026-04-27T19:45:28.343341Z"",""no_price_dollars"":""0.3700"",""taker_side"":""no"",""ticker"":""KXBTC15M-26APR271600-00"",""trade_id"":""6bca5f40-a8f9-7cf0-d204-d856f11c0102"",""yes_price_dollars"":""0.6300""}"
KXBTC15M-26APR271600-00,15487f73-b424-7659-4462-fa0994bd0f83,1777319128,0.64,21.8,no,"{""count_fp"":""21.80"",""created_time"":""2026-04-27T19:45:28.329906Z"",""no_price_dollars"":""0.3600"",""taker_side"":""no"",""ticker"":""KXBTC15M-26APR271600-00"",""trade_id"":""15487f73-b424-7659-4462-fa0994bd0f83"",""yes_price_dollars"":""0.6400""}"
KXBTC15M-26APR271600-00,bfafcd6a-a1ef-7a2b-d55b-733367669c9c,1777319128,0.64,43.41,no,"{""count_fp"":""43.41"",""created_time"":""2026-04-27T19:45:28.217606Z"",""no_price_dollars"":""0.3600"",""taker_side"":""no"",""ticker"":""KXBTC15M-26APR271600-00"",""trade_id"":""bfafcd6a-a1ef-7a2b-d55b-733367669c9c"",""yes_price_dollars"":""0.6400""}"
KXBTC15M-26APR271600-00,3f478c2c-1467-7b4b-82fa-d44f918fa904,1777319128,0.64,59.34,no,"{""count_fp"":""59.34"",""created_time"":""2026-04-27T19:45:28.208916Z"",""no_price_dollars"":""0.3600"",""taker_side"":""no"",""ticker"":""KXBTC15M-26APR271600-00"",""trade_id"":""3f478c2c-1467-7b4b-82fa-d44f918fa904"",""yes_price_dollars"":""0.6400""}"
KXBTC15M-26APR271600-00,95aa02fb-2997-5b77-0000-bc62405c7af4,1777319128,0.64,39.81,no,"{""count_fp"":""39.81"",""created_time"":""2026-04-27T19:45:28.205774Z"",""no_price_dollars"":""0.3600"",""taker_side"":""no"",""ticker"":""KXBTC15M-26APR271600-00"",""trade_id"":""95aa02fb-2997-5b77-0000-bc62405c7af4"",""yes_price_dollars"":""0.6400""}"
KXBTC15M-26APR271600-00,17d42875-4ee3-4cbf-05c6-546d625122ec,1777319128,0.64,23.55,no,"{""count_fp"":""23.55"",""created_time"":""2026-04-27T19:45:28.154298Z"",""no_price_dollars"":""0.3600"",""taker_side"":""no"",""ticker"":""KXBTC15M-26APR271600-00"",""trade_id"":""17d42875-4ee3-4cbf-05c6-546d625122ec"",""yes_price_dollars"":""0.6400""}"
KXBTC15M-26APR271600-00,391f5f0e-f220-6477-2ede-ad7c57c87911,1777319128,0.64,1.0,no,"{""count_fp"":""1.00"",""created_time"":""2026-04-27T19:45:28.143847Z"",""no_price_dollars"":""0.3600"",""taker_side"":""no"",""ticker"":""KXBTC15M-26APR271600-00"",""trade_id"":""391f5f0e-f220-6477-2ede-ad7c57c87911"",""yes_price_dollars"":""0.6400""}"
KXBTC15M-26APR271600-00,1a0f03ce-7d43-6267-10c5-9febbb805f08,1777319128,0.64,20.97,no,"{""count_fp"":""20.97"",""created_time"":""2026-04-27T19:45:28.143847Z"",""no_price_dollars"":""0.3600"",""taker_side"":""no"",""ticker"":""KXBTC15M-26APR271600-00"",""trade_id"":""1a0f03ce-7d43-6267-10c5-9febbb805f08"",""yes_price_dollars"":""0.6400""}"
KXBTC15M-26APR271600-00,fc8bfca2-a1a4-449d-4a31-702f29795def,1777319128,0.64,25.7,no,"{""count_fp"":""25.70"",""created_time"":""2026-04-27T19:45:28.046919Z"",""no_price_dollars"":""0.3600"",""taker_side"":""no"",""ticker"":""KXBTC15M-26APR271600-00"",""trade_id"":""fc8bfca2-a1a4-449d-4a31-702f29795def"",""yes_price_dollars"":""0.6400""}"
KXBTC15M-26APR271600-00,83076a03-92ae-401e-95fc-66bb1152ba1c,1777319129,0.67,1.0,no,"{""count_fp"":""1.00"",""created_time"":""2026-04-27T19:45:29.729316Z"",""no_price_dollars"":""0.3300"",""taker_side"":""no"",""ticker"":""KXBTC15M-26APR271600-00"",""trade_id"":""83076a03-92ae-401e-95fc-66bb1152ba1c"",""yes_price_dollars"":""0.6700""}"
KXBTC15M-26APR271600-00,87961586-2032-6d56-aa26-b691629c7d4c,1777319129,0.67,1.0,no,"{""count_fp"":""1.00"",""created_time"":""2026-04-27T19:45:29.721142Z"",""no_price_dollars"":""0.3300"",""taker_side"":""no"",""ticker"":""KXBTC15M-26APR271600-00"",""trade_id"":""87961586-2032-6d56-aa26-b691629c7d4c"",""yes_price_dollars"":""0.6700""}"
KXBTC15M-26APR271600-00,dde6b90d-1ddd-54c7-96bf-1d51f7cf1500,1777319129,0.67,313.89,no,"{""count_fp"":""313.89"",""created_time"":""2026-04-27T19:45:29.675289Z"",""no_price_dollars"":""0.3300"",""taker_side"":""no"",""ticker"":""KXBTC15M-26APR271600-00"",""trade_id"":""dde6b90d-1ddd-54c7-96bf-1d51f7cf1500"",""yes_price_dollars"":""0.6700""}"
KXBTC15M-26APR271600-00,d8d95828-a235-5d66-a15a-4eb0e65293bd,1777319129,0.67,73.39,no,"{""count_fp"":""73.39"",""created_time"":""2026-04-27T19:45:29.675289Z"",""no_price_dollars"":""0.3300"",""taker_side"":""no"",""ticker"":""KXBTC15M-26APR271600-00"",""trade_id"":""d8d95828-a235-5d66-a15a-4eb0e65293bd"",""yes_price_dollars"":""0.6700""}"
KXBTC15M-26APR271600-00,70995ad7-4cd3-5e84-8f49-4ade7e5af7cf,1777319129,0.67,1.0,no,"{""count_fp"":""1.00"",""created_time"":""2026-04-27T19:45:29.675289Z"",""no_price_dollars"":""0.3300"",""taker_side"":""no"",""ticker"":""KXBTC15M-26APR271600-00"",""trade_id"":""70995ad7-4cd3-5e84-8f49-4ade7e5af7cf"",""yes_price_dollars"":""0.6700""}"
KXBTC15M-26APR271600-00,679b9098-1a5d-7be2-09ba-ceace155227d,1777319129,0.67,0.31,no,"{""count_fp"":""0.31"",""created_time"":""2026-04-27T19:45:29.605749Z"",""no_price_dollars"":""0.3300"",""taker_side"":""no"",""ticker"":""KXBTC15M-26APR271600-00"",""trade_id"":""679b9098-1a5d-7be2-09ba-ceace155227d"",""yes_price_dollars"":""0.6700""}"
KXBTC15M-26APR271600-00,60c74303-d539-4b92-512a-04ad1f2ad6ad,1777319129,0.67,26.3,no,"{""count_fp"":""26.30"",""created_time"":""2026-04-27T19:45:29.547971Z"",""no_price_dollars"":""0.3300"",""taker_side"":""no"",""ticker"":""KXBTC15M-26APR271600-00"",""trade_id"":""60c74303-d539-4b92-512a-04ad1f2ad6ad"",""yes_price_dollars"":""0.6700""}"
KXBTC15M-26APR271600-00,46bc9703-4ec2-592c-68dc-59b0a87b3cac,1777319129,0.69,1.87,no,"{""count_fp"":""1.87"",""created_time"":""2026-04-27T19:45:29.429208Z"",""no_price_dollars"":""0.3100"",""taker_side"":""no"",""ticker"":""KXBTC15M-26APR271600-00"",""trade_id"":""46bc9703-4ec2-592c-68dc-59b0a87b3cac"",""yes_price_dollars"":""0.6900""}"
KXBTC15M-26APR271600-00,b5ab88f4-125e-50a0-aa7a-826dbb7ec9d0,1777319129,0.69,27.13,no,"{""count_fp"":""27.13"",""created_time"":""2026-04-27T19:45:29.427112Z"",""no_price_dollars"":""0.3100"",""taker_side"":""no"",""ticker"":""KXBTC15M-26APR271600-00"",""trade_id"":""b5ab88f4-125e-50a0-aa7a-826dbb7ec9d0"",""yes_price_dollars"":""0.6900""}"
KXBTC15M-26APR271600-00,79126703-d14f-5fd8-fbd5-a12bd0ed7d10,1777319129,0.7,500.0,no,"{""count_fp"":""500.00"",""created_time"":""2026-04-27T19:45:29.402029Z"",""no_price_dollars"":""0.3000"",""taker_side"":""no"",""ticker"":""KXBTC15M-26APR271600-00"",""trade_id"":""79126703-d14f-5fd8-fbd5-a12bd0ed7d10"",""yes_price_dollars"":""0.7000""}"
KXBTC15M-26APR271600-00,ed378ffe-d414-53e6-c411-3e2b2de00a03,1777319129,0.7,112.0,no,"{""count_fp"":""112.00"",""created_time"":""2026-04-27T19:45:29.397953Z"",""no_price_dollars"":""0.3000"",""taker_side"":""no"",""ticker"":""KXBTC15M-26APR271600-00"",""trade_id"":""ed378ffe-d414-53e6-c411-3e2b2de00a03"",""yes_price_dollars"":""0.7000""}"
KXBTC15M-26APR271600-00,3ceffbc5-4f9e-5dd3-c47b-d1d74a52f2ad,1777319129,0.7,40.0,no,"{""count_fp"":""40.00"",""created_time"":""2026-04-27T19:45:29.397953Z"",""no_price_dollars"":""0.3000"",""taker_side"":""no"",""ticker"":""KXBTC15M-26APR271600-00"",""trade_id"":""3ceffbc5-4f9e-5dd3-c47b-d1d74a52f2ad"",""yes_price_dollars"":""0.7000""}"
KXBTC15M-26APR271600-00,de109c4f-ffb7-4565-d0d8-ac89d800af74,1777319129,0.7,1.0,yes,"{""count_fp"":""1.00"",""created_time"":""2026-04-27T19:45:29.348599Z"",""no_price_dollars"":""0.3000"",""taker_side"":""yes"",""ticker"":""KXBTC15M-26APR271600-00"",""trade_id"":""de109c4f-ffb7-4565-d0d8-ac89d800af74"",""yes_price_dollars"":""0.7000""}"
KXBTC15M-26APR271600-00,f9fc0116-ae71-6b24-7416-3861bf1f941f,1777319129,0.69,58.43,yes,"{""count_fp"":""58.43"",""created_time"":""2026-04-27T19:45:29.277663Z"",""no_price_dollars"":""0.3100"",""taker_side"":""yes"",""ticker"":""KXBTC15M-26APR271600-00"",""trade_id"":""f9fc0116-ae71-6b24-7416-3861bf1f941f"",""yes_price_dollars"":""0.6900""}"
KXBTC15M-26APR271600-00,efc9d296-c80c-60c4-67c9-ef8d36fb5442,1777319129,0.7,2.0,yes,"{""count_fp"":""2.00"",""created_time"":""2026-04-27T19:45:29.277663Z"",""no_price_dollars"":""0.3000"",""taker_side"":""yes"",""ticker"":""KXBTC15M-26APR271600-00"",""trade_id"":""efc9d296-c80c-60c4-67c9-ef8d36fb5442"",""yes_price_dollars"":""0.7000""}"
KXBTC15M-26APR271600-00,e09e9ace-130b-6dfe-7382-7596e9f14e83,1777319129,0.7,2.0,yes,"{""count_fp"":""2.00"",""created_time"":""2026-04-27T19:45:29.277663Z"",""no_price_dollars"":""0.3000"",""taker_side"":""yes"",""ticker"":""KXBTC15M-26APR271600-00"",""trade_id"":""e09e9ace-130b-6dfe-7382-7596e9f14e83"",""yes_price_dollars"":""0.7000""}"
KXBTC15M-26APR271600-00,c80d70d6-f2a9-699c-54c9-42faf7c5ff09,1777319129,0.7,10.0,yes,"{""count_fp"":""10.00"",""created_time"":""2026-04-27T19:45:29.277663Z"",""no_price_dollars"":""0.3000"",""taker_side"":""yes"",""ticker"":""KXBTC15M-26APR271600-00"",""trade_id"":""c80d70d6-f2a9-699c-54c9-42faf7c5ff09"",""yes_price_dollars"":""0.7000""}"
KXBTC15M-26APR271600-00,bb06f358-c209-64aa-65d6-70e31b96aaac,1777319129,0.71,37.57,yes,"{""count_fp"":""37.57"",""created_time"":""2026-04-27T19:45:29.277663Z"",""no_price_dollars"":""0.2900"",""taker_side"":""yes"",""ticker"":""KXBTC15M-26APR271600-00"",""trade_id"":""bb06f358-c209-64aa-65d6-70e31b96aaac"",""yes_price_dollars"":""0.7100""}"
KXBTC15M-26APR271600-00,a2d434ed-e7e9-6edb-7ccd-63ab7813fdc7,1777319129,0.71,40.0,yes,"{""count_fp"":""40.00"",""created_time"":""2026-04-27T19:45:29.277663Z"",""no_price_dollars"":""0.2900"",""taker_side"":""yes"",""ticker"":""KXBTC15M-26APR271600-00"",""trade_id"":""a2d434ed-e7e9-6edb-7ccd-63ab7813fdc7"",""yes_price_dollars"":""0.7100""}"
KXBTC15M-26APR271600-00,389f151a-c614-6bdf-5b18-b00112562967,1777319129,0.7,40.0,yes,"{""count_fp"":""40.00"",""created_time"":""2026-04-27T19:45:29.277663Z"",""no_price_dollars"":""0.3000"",""taker_side"":""yes"",""ticker"":""KXBTC15M-26APR271600-00"",""trade_id"":""389f151a-c614-6bdf-5b18-b00112562967"",""yes_price_dollars"":""0.7000""}"
KXBTC15M-26APR271600-00,1c8ec814-622a-6c2e-4d3f-c8fdca419064,1777319129,0.69,10.0,yes,"{""count_fp"":""10.00"",""created_time"":""2026-04-27T19:45:29.277663Z"",""no_price_dollars"":""0.3100"",""taker_side"":""yes"",""ticker"":""KXBTC15M-26APR271600-00"",""trade_id"":""1c8ec814-622a-6c2e-4d3f-c8fdca419064"",""yes_price_dollars"":""0.6900""}"
KXBTC15M-26APR271600-00,72069914-56e3-44b6-9ae7-05e434a95a1d,1777319129,0.68,10.0,yes,"{""count_fp"":""10.00"",""created_time"":""2026-04-27T19:45:29.250468Z"",""no_price_dollars"":""0.3200"",""taker_side"":""yes"",""ticker"":""KXBTC15M-26APR271600-00"",""trade_id"":""72069914-56e3-44b6-9ae7-05e434a95a1d"",""yes_price_dollars"":""0.6800""}"
KXBTC15M-26APR271600-00,dfe11343-2421-7050-6838-bb7190f52b6f,1777319129,0.67,16.57,yes,"{""count_fp"":""16.57"",""created_time"":""2026-04-27T19:45:29.232581Z"",""no_price_dollars"":""0.3300"",""taker_side"":""yes"",""ticker"":""KXBTC15M-26APR271600-00"",""trade_id"":""dfe11343-2421-7050-6838-bb7190f52b6f"",""yes_price_dollars"":""0.6700""}"
KXBTC15M-26APR271600-00,c80c2106-2b68-7648-48cc-35c506a8b2e7,1777319129,0.67,10.0,yes,"{""count_fp"":""10.00"",""created_time"":""2026-04-27T19:45:29.232581Z"",""no_price_dollars"":""0.3300"",""taker_side"":""yes"",""ticker"":""KXBTC15M-26APR271600-00"",""trade_id"":""c80c2106-2b68-7648-48cc-35c506a8b2e7"",""yes_price_dollars"":""0.6700""}"
KXBTC15M-26APR271600-00,a767d0ab-d62c-5baa-2e1b-1cfc14be922d,1777319129,0.65,31.4,yes,"{""count_fp"":""31.40"",""created_time"":""2026-04-27T19:45:29.112237Z"",""no_price_dollars"":""0.3500"",""taker_side"":""yes"",""ticker"":""KXBTC15M-26APR271600-00"",""trade_id"":""a767d0ab-d62c-5baa-2e1b-1cfc14be922d"",""yes_price_dollars"":""0.6500""}"
KXBTC15M-26APR271600-00,8558a3cf-414d-4e95-2718-caa4b6286f27,1777319129,0.65,3.0,yes,"{""count_fp"":""3.00"",""created_time"":""2026-04-27T19:45:29.104223Z"",""no_price_dollars"":""0.3500"",""taker_side"":""yes"",""ticker"":""KXBTC15M-26APR271600-00"",""trade_id"":""8558a3cf-414d-4e95-2718-caa4b6286f27"",""yes_price_dollars"":""0.6500""}"
KXBTC15M-26APR271600-00,19d87fc9-fc6c-4232-26ba-e4cf9f8dd009,1777319129,0.65,18.6,yes,"{""count_fp"":""18.60"",""created_time"":""2026-04-27T19:45:29.104223Z"",""no_price_dollars"":""0.3500"",""taker_side"":""yes"",""ticker"":""KXBTC15M-26APR271600-00"",""trade_id"":""19d87fc9-fc6c-4232-26ba-e4cf9f8dd009"",""yes_price_dollars"":""0.6500""}"
KXBTC15M-26APR271600-00,996f9b76-64a3-66bd-2893-33bdd22ff9da,1777319129,0.64,46.45,yes,"{""count_fp"":""46.45"",""created_time"":""2026-04-27T19:45:29.037094Z"",""no_price_dollars"":""0.3600"",""taker_side"":""yes"",""ticker"":""KXBTC15M-26APR271600-00"",""trade_id"":""996f9b76-64a3-66bd-2893-33bdd22ff9da"",""yes_price_dollars"":""0.6400""}"
KXBTC15M-26APR271600-00,296681ae-e432-74f0-21b3-bf3540701e2d,1777319129,0.64,5.0,yes,"{""count_fp"":""5.00"",""created_time"":""2026-04-27T19:45:29.033193Z"",""no_price_dollars"":""0.3600"",""taker_side"":""yes"",""ticker"":""KXBTC15M-26APR271600-00"",""trade_id"":""296681ae-e432-74f0-21b3-bf3540701e2d"",""yes_price_dollars"":""0.6400""}"
KXBTC15M-26APR271600-00,204417fb-6f13-75f9-07b6-4601a2449766,1777319129,0.64,15.61,yes,"{""count_fp"":""15.61"",""created_time"":""2026-04-27T19:45:29.033193Z"",""no_price_dollars"":""0.3600"",""taker_side"":""yes"",""ticker"":""KXBTC15M-26APR271600-00"",""trade_id"":""204417fb-6f13-75f9-07b6-4601a2449766"",""yes_price_dollars"":""0.6400""}"
KXBTC15M-26APR271600-00,9360228f-d807-6219-a2c3-05d520387f57,1777319130,0.67,23.42,no,"{""count_fp"":""23.42"",""created_time"":""2026-04-27T19:45:30.740041Z"",""no_price_dollars"":""0.3300"",""taker_side"":""no"",""ticker"":""KXBTC15M-26APR271600-00"",""trade_id"":""9360228f-d807-6219-a2c3-05d520387f57"",""yes_price_dollars"":""0.6700""}"
KXBTC15M-26APR271600-00,023c7455-c7eb-59dd-eb52-cb6fb88c346b,1777319130,0.67,20.14,no,"{""count_fp"":""20.14"",""created_time"":""2026-04-27T19:45:30.647936Z"",""no_price_dollars"":""0.3300"",""taker_side"":""no"",""ticker"":""KXBTC15M-26APR271600-00"",""trade_id"":""023c7455-c7eb-59dd-eb52-cb6fb88c346b"",""yes_price_dollars"":""0.6700""}"
KXBTC15M-26APR271600-00,6b84e82a-3e2b-7525-5d58-86d693bd507b,1777319130,0.67,7.97,no,"{""count_fp"":""7.97"",""created_time"":""2026-04-27T19:45:30.421789Z"",""no_price_dollars"":""0.3300"",""taker_side"":""no"",""ticker"":""KXBTC15M-26APR271600-00"",""trade_id"":""6b84e82a-3e2b-7525-5d58-86d693bd507b"",""yes_price_dollars"":""0.6700""}"
KXBTC15M-26APR271600-00,8f8f2f7e-edbd-5563-f611-ffeaf907b3d0,1777319130,0.67,1.0,no,"{""count_fp"":""1.00"",""created_time"":""2026-04-27T19:45:30.332082Z"",""no_price_dollars"":""0.3300"",""taker_side"":""no"",""ticker"":""KXBTC15M-26APR271600-00"",""trade_id"":""8f8f2f7e-edbd-5563-f611-ffeaf907b3d0"",""yes_price_dollars"":""0.6700""}"
KXBTC15M-26APR271600-00,9a2093d7-b251-65c7-a26a-048a95fab550,1777319130,0.67,1.03,no,"{""count_fp"":""1.03"",""created_time"":""2026-04-27T19:45:30.310634Z"",""no_price_dollars"":""0.3300"",""taker_side"":""no"",""ticker"":""KXBTC15M-26APR271600-00"",""trade_id"":""9a2093d7-b251-65c7-a26a-048a95fab550"",""yes_price_dollars"":""0.6700""}"
KXBTC15M-26APR271600-00,09d42656-1eb9-7d8f-f0f1-2ce63e78cf1e,1777319130,0.68,5.0,yes,"{""count_fp"":""5.00"",""created_time"":""2026-04-27T19:45:30.086882Z"",""no_price_dollars"":""0.3200"",""taker_side"":""yes"",""ticker"":""KXBTC15M-26APR271600-00"",""trade_id"":""09d42656-1eb9-7d8f-f0f1-2ce63e78cf1e"",""yes_price_dollars"":""0.6800""}"
KXBTC15M-26APR271600-00,73723b32-ebcf-699d-9c4d-559ef40481e7,1777319131,0.67,5.0,no,"{""count_fp"":""5.00"",""created_time"":""2026-04-27T19:45:31.908615Z"",""no_price_dollars"":""0.3300"",""taker_side"":""no"",""ticker"":""KXBTC15M-26APR271600-00"",""trade_id"":""73723b32-ebcf-699d-9c4d-559ef40481e7"",""yes_price_dollars"":""0.6700""}"
KXBTC15M-26APR271600-00,f8b71dfe-d32b-6d39-7787-f25d390f3f17,1777319131,0.67,6.0,no,"{""count_fp"":""6.00"",""created_time"":""2026-04-27T19:45:31.435684Z"",""no_price_dollars"":""0.3300"",""taker_side"":""no"",""ticker"":""KXBTC15M-26APR271600-00"",""trade_id"":""f8b71dfe-d32b-6d39-7787-f25d390f3f17"",""yes_price_dollars"":""0.6700""}"
KXBTC15M-26APR271600-00,b5601704-3c4f-5be1-2a3b-a09f79c243a3,1777319131,0.67,2.89,no,"{""count_fp"":""2.89"",""created_time"":""2026-04-27T19:45:31.419222Z"",""no_price_dollars"":""0.3300"",""taker_side"":""no"",""ticker"":""KXBTC15M-26APR271600-00"",""trade_id"":""b5601704-3c4f-5be1-2a3b-a09f79c243a3"",""yes_price_dollars"":""0.6700""}"
KXBTC15M-26APR271600-00,52cc0d83-ce43-5119-a8c1-1f5424a2338b,1777319131,0.67,28.94,no,"{""count_fp"":""28.94"",""created_time"":""2026-04-27T19:45:31.379517Z"",""no_price_dollars"":""0.3300"",""taker_side"":""no"",""ticker"":""KXBTC15M-26APR271600-00"",""trade_id"":""52cc0d83-ce43-5119-a8c1-1f5424a2338b"",""yes_price_dollars"":""0.6700""}"
KXBTC15M-26APR271600-00,f8992b4b-6563-55d9-68cf-eed2e6a0305b,1777319131,0.67,20.0,no,"{""count_fp"":""20.00"",""created_time"":""2026-04-27T19:45:31.197983Z"",""no_price_dollars"":""0.3300"",""taker_side"":""no"",""ticker"":""KXBTC15M-26APR271600-00"",""trade_id"":""f8992b4b-6563-55d9-68cf-eed2e6a0305b"",""yes_price_dollars"":""0.6700""}"
KXBTC15M-26APR271600-00,1d797958-fbb7-45f1-6df3-bea0304d3617,1777319131,0.67,17.14,no,"{""count_fp"":""17.14"",""created_time"":""2026-04-27T19:45:31.150757Z"",""no_price_dollars"":""0.3300"",""taker_side"":""no"",""ticker"":""KXBTC15M-26APR271600-00"",""trade_id"":""1d797958-fbb7-45f1-6df3-bea0304d3617"",""yes_price_dollars"":""0.6700""}"
KXBTC15M-26APR271600-00,1b716047-7433-47f5-6394-bebc285ba117,1777319131,0.67,14.47,no,"{""count_fp"":""14.47"",""created_time"":""2026-04-27T19:45:31.101426Z"",""no_price_dollars"":""0.3300"",""taker_side"":""no"",""ticker"":""KXBTC15M-26APR271600-00"",""trade_id"":""1b716047-7433-47f5-6394-bebc285ba117"",""yes_price_dollars"":""0.6700""}"
KXBTC15M-26APR271600-00,34fdeea0-c5f0-47bd-01cd-c121afbbaa28,1777319132,0.64,2.87,yes,"{""count_fp"":""2.87"",""created_time"":""2026-04-27T19:45:32.962148Z"",""no_price_dollars"":""0.3600"",""taker_side"":""yes"",""ticker"":""KXBTC15M-26APR271600-00"",""trade_id"":""34fdeea0-c5f0-47bd-01cd-c121afbbaa28"",""yes_price_dollars"":""0.6400""}"
KXBTC15M-26APR271600-00,f006375a-739c-4b25-8348-838dbf433828,1777319132,0.64,1.43,yes,"{""count_fp"":""1.43"",""created_time"":""2026-04-27T19:45:32.871715Z"",""no_price_dollars"":""0.3600"",""taker_side"":""yes"",""ticker"":""KXBTC15M-26APR271600-00"",""trade_id"":""f006375a-739c-4b25-8348-838dbf433828"",""yes_price_dollars"":""0.6400""}"
KXBTC15M-26APR271600-00,890ec542-07c7-6f4b-399d-c6c60536b3ec,1777319132,0.63,30.0,no,"{""count_fp"":""30.00"",""created_time"":""2026-04-27T19:45:32.803681Z"",""no_price_dollars"":""0.3700"",""taker_side"":""no"",""ticker"":""KXBTC15M-26APR271600-00"",""trade_id"":""890ec542-07c7-6f4b-399d-c6c60536b3ec"",""yes_price_dollars"":""0.6300""}"
KXBTC15M-26APR271600-00,7a2a7749-0493-6190-2b97-6b7c95cdcf8f,1777319132,0.63,10.0,no,"{""count_fp"":""10.00"",""created_time"":""2026-04-27T19:45:32.803681Z"",""no_price_dollars"":""0.3700"",""taker_side"":""no"",""ticker"":""KXBTC15M-26APR271600-00"",""trade_id"":""7a2a7749-0493-6190-2b97-6b7c95cdcf8f"",""yes_price_dollars"":""0.6300""}"
KXBTC15M-26APR271600-00,e1889e47-8f30-5c02-21d7-28e0d782a829,1777319132,0.64,33.69,yes,"{""count_fp"":""33.69"",""created_time"":""2026-04-27T19:45:32.687646Z"",""no_price_dollars"":""0.3600"",""taker_side"":""yes"",""ticker"":""KXBTC15M-26APR271600-00"",""trade_id"":""e1889e47-8f30-5c02-21d7-28e0d782a829"",""yes_price_dollars"":""0.6400""}"
KXBTC15M-26APR271600-00,cf421972-6474-5e11-1f6c-77d14aad9aac,1777319132,0.64,63.91,yes,"{""count_fp"":""63.91"",""created_time"":""2026-04-27T19:45:32.687646Z"",""no_price_dollars"":""0.3600"",""taker_side"":""yes"",""ticker"":""KXBTC15M-26APR271600-00"",""trade_id"":""cf421972-6474-5e11-1f6c-77d14aad9aac"",""yes_price_dollars"":""0.6400""}"
KXBTC15M-26APR271600-00,5572f3dc-3bd0-6b5a-7080-abf4368d1f61,1777319132,0.64,2.0,yes,"{""count_fp"":""2.00"",""created_time"":""2026-04-27T19:45:32.534472Z"",""no_price_dollars"":""0.3600"",""taker_side"":""yes"",""ticker"":""KXBTC15M-26APR271600-00"",""trade_id"":""5572f3dc-3bd0-6b5a-7080-abf4368d1f61"",""yes_price_dollars"":""0.6400""}"
KXBTC15M-26APR271600-00,b2f32c05-4b60-40ce-5855-bf18d3de7a6d,1777319132,0.64,4.31,yes,"{""count_fp"":""4.31"",""created_time"":""2026-04-27T19:45:32.334759Z"",""no_price_dollars"":""0.3600"",""taker_side"":""yes"",""ticker"":""KXBTC15M-26APR271600-00"",""trade_id"":""b2f32c05-4b60-40ce-5855-bf18d3de7a6d"",""yes_price_dollars"":""0.6400""}"
KXBTC15M-26APR271600-00,9be549f8-d127-431a-cc1c-61afaba74719,1777319132,0.66,20.0,yes,"{""count_fp"":""20.00"",""created_time"":""2026-04-27T19:45:32.164564Z"",""no_price_dollars"":""0.3400"",""taker_side"":""yes"",""ticker"":""KXBTC15M-26APR271600-00"",""trade_id"":""9be549f8-d127-431a-cc1c-61afaba74719"",""yes_price_dollars"":""0.6600""}"
KXBTC15M-26APR271600-00,2ec8aca7-f52f-587d-3c51-c821b9264e17,1777319132,0.67,0.46,no,"{""count_fp"":""0.46"",""created_time"":""2026-04-27T19:45:32.010099Z"",""no_price_dollars"":""0.3300"",""taker_side"":""no"",""ticker"":""KXBTC15M-26APR271600-00"",""trade_id"":""2ec8aca7-f52f-587d-3c51-c821b9264e17"",""yes_price_dollars"":""0.6700""}"
KXBTC15M-26APR271600-00,6a19ac6b-848b-7ca9-6241-dba23431ac0b,1777319132,0.67,87.0,no,"{""count_fp"":""87.00"",""created_time"":""2026-04-27T19:45:32.001172Z"",""no_price_dollars"":""0.3300"",""taker_side"":""no"",""ticker"":""KXBTC15M-26APR271600-00"",""trade_id"":""6a19ac6b-848b-7ca9-6241-dba23431ac0b"",""yes_price_dollars"":""0.6700""}"
KXBTC15M-26APR271600-00,382c4944-feb4-4c09-0b87-dac4f9cac0cc,1777319133,0.64,2.21,yes,"{""count_fp"":""2.21"",""created_time"":""2026-04-27T19:45:33.814676Z"",""no_price_dollars"":""0.3600"",""taker_side"":""yes"",""ticker"":""KXBTC15M-26APR271600-00"",""trade_id"":""382c4944-feb4-4c09-0b87-dac4f9cac0cc"",""yes_price_dollars"":""0.6400""}"
KXBTC15M-26APR271600-00,94825642-aee4-716d-9f0a-be9a064a2dbc,1777319133,0.64,45.53,yes,"{""count_fp"":""45.53"",""created_time"":""2026-04-27T19:45:33.628641Z"",""no_price_dollars"":""0.3600"",""taker_side"":""yes"",""ticker"":""KXBTC15M-26APR271600-00"",""trade_id"":""94825642-aee4-716d-9f0a-be9a064a2dbc"",""yes_price_dollars"":""0.6400""}"
KXBTC15M-26APR271600-00,43ef2aac-9e40-45b1-7f29-86547e14a7d8,1777319133,0.64,15.24,yes,"{""count_fp"":""15.24"",""created_time"":""2026-04-27T19:45:33.372539Z"",""no_price_dollars"":""0.3600"",""taker_side"":""yes"",""ticker"":""KXBTC15M-26APR271600-00"",""trade_id"":""43ef2aac-9e40-45b1-7f29-86547e14a7d8"",""yes_price_dollars"":""0.6400""}"
KXBTC15M-26APR271600-00,3800aaa2-74af-6b03-da19-41708f967a50,1777319133,0.63,7.0,no,"{""count_fp"":""7.00"",""created_time"":""2026-04-27T19:45:33.351783Z"",""no_price_dollars"":""0.3700"",""taker_side"":""no"",""ticker"":""KXBTC15M-26APR271600-00"",""trade_id"":""3800aaa2-74af-6b03-da19-41708f967a50"",""yes_price_dollars"":""0.6300""}"
KXBTC15M-26APR271600-00,d1e12b78-89e0-7f99-a197-2b121d8fc79c,1777319133,0.64,20.0,yes,"{""count_fp"":""20.00"",""created_time"":""2026-04-27T19:45:33.202955Z"",""no_price_dollars"":""0.3600"",""taker_side"":""yes"",""ticker"":""KXBTC15M-26APR271600-00"",""trade_id"":""d1e12b78-89e0-7f99-a197-2b121d8fc79c"",""yes_price_dollars"":""0.6400""}"
KXBTC15M-26APR271600-00,58c1f733-d9a4-5181-0186-5eb45dffdd49,1777319134,0.64,2.0,yes,"{""count_fp"":""2.00"",""created_time"":""2026-04-27T19:45:34.204442Z"",""no_price_dollars"":""0.3600"",""taker_side"":""yes"",""ticker"":""KXBTC15M-26APR271600-00"",""trade_id"":""58c1f733-d9a4-5181-0186-5eb45dffdd49"",""yes_price_dollars"":""0.6400""}"
KXBTC15M-26APR271600-00,5a9bc0eb-078a-42e4-3238-10c1116f59f9,1777319135,0.64,1.34,yes,"{""count_fp"":""1.34"",""created_time"":""2026-04-27T19:45:35.860811Z"",""no_price_dollars"":""0.3600"",""taker_side"":""yes"",""ticker"":""KXBTC15M-26APR271600-00"",""trade_id"":""5a9bc0eb-078a-42e4-3238-10c1116f59f9"",""yes_price_dollars"":""0.6400""}"
KXBTC15M-26APR271600-00,883aa67c-61fa-45f3-53fa-594a45171482,1777319135,0.63,5.06,no,"{""count_fp"":""5.06"",""created_time"":""2026-04-27T19:45:35.741589Z"",""no_price_dollars"":""0.3700"",""taker_side"":""no"",""ticker"":""KXBTC15M-26APR271600-00"",""trade_id"":""883aa67c-61fa-45f3-53fa-594a45171482"",""yes_price_dollars"":""0.6300""}"
KXBTC15M-26APR271600-00,a22f2649-9892-7f90-e2b1-c7f2c76263f1,1777319135,0.64,1.47,yes,"{""count_fp"":""1.47"",""created_time"":""2026-04-27T19:45:35.591929Z"",""no_price_dollars"":""0.3600"",""taker_side"":""yes"",""ticker"":""KXBTC15M-26APR271600-00"",""trade_id"":""a22f2649-9892-7f90-e2b1-c7f2c76263f1"",""yes_price_dollars"":""0.6400""}"
KXBTC15M-26APR271600-00,41144753-4be8-7def-32e0-7fd55a3e5857,1777319135,0.63,2.58,no,"{""count_fp"":""2.58"",""created_time"":""2026-04-27T19:45:35.526528Z"",""no_price_dollars"":""0.3700"",""taker_side"":""no"",""ticker"":""KXBTC15M-26APR271600-00"",""trade_id"":""41144753-4be8-7def-32e0-7fd55a3e5857"",""yes_price_dollars"":""0.6300""}"
KXBTC15M-26APR271600-00,8d03a627-1061-7283-14ba-6b28c26a443c,1777319135,0.63,31.54,no,"{""count_fp"":""31.54"",""created_time"":""2026-04-27T19:45:35.478614Z"",""no_price_dollars"":""0.3700"",""taker_side"":""no"",""ticker"":""KXBTC15M-26APR271600-00"",""trade_id"":""8d03a627-1061-7283-14ba-6b28c26a443c"",""yes_price_dollars"":""0.6300""}"
KXBTC15M-26APR271600-00,6c23f9f8-ca69-7157-2ca7-96ca0c632dc4,1777319135,0.63,258.85,no,"{""count_fp"":""258.85"",""created_time"":""2026-04-27T19:45:35.461925Z"",""no_price_dollars"":""0.3700"",""taker_side"":""no"",""ticker"":""KXBTC15M-26APR271600-00"",""trade_id"":""6c23f9f8-ca69-7157-2ca7-96ca0c632dc4"",""yes_price_dollars"":""0.6300""}"
KXBTC15M-26APR271600-00,77ee63c8-3415-6ab7-1a7f-9cd4d69eadd0,1777319135,0.63,8.0,no,"{""count_fp"":""8.00"",""created_time"":""2026-04-27T19:45:35.429881Z"",""no_price_dollars"":""0.3700"",""taker_side"":""no"",""ticker"":""KXBTC15M-26APR271600-00"",""trade_id"":""77ee63c8-3415-6ab7-1a7f-9cd4d69eadd0"",""yes_price_dollars"":""0.6300""}"
KXBTC15M-26APR271600-00,ebf6421a-acbb-69e5-6aec-f7d552b3dd8a,1777319135,0.64,12.94,yes,"{""count_fp"":""12.94"",""created_time"":""2026-04-27T19:45:35.328209Z"",""no_price_dollars"":""0.3600"",""taker_side"":""yes"",""ticker"":""KXBTC15M-26APR271600-00"",""trade_id"":""ebf6421a-acbb-69e5-6aec-f7d552b3dd8a"",""yes_price_dollars"":""0.6400""}"
KXBTC15M-26APR271600-00,ee8fd9c6-fef5-5597-2866-91b194dc59de,1777319135,0.63,2.18,no,"{""count_fp"":""2.18"",""created_time"":""2026-04-27T19:45:35.289868Z"",""no_price_dollars"":""0.3700"",""taker_side"":""no"",""ticker"":""KXBTC15M-26APR271600-00"",""trade_id"":""ee8fd9c6-fef5-5597-2866-91b194dc59de"",""yes_price_dollars"":""0.6300""}"
KXBTC15M-26APR271600-00,1d24213e-1d15-589f-0367-6ec01d28508c,1777319135,0.63,8.17,no,"{""count_fp"":""8.17"",""created_time"":""2026-04-27T19:45:35.289868Z"",""no_price_dollars"":""0.3700"",""taker_side"":""no"",""ticker"":""KXBTC15M-26APR271600-00"",""trade_id"":""1d24213e-1d15-589f-0367-6ec01d28508c"",""yes_price_dollars"":""0.6300""}"
KXBTC15M-26APR271600-00,34567d48-b9fb-6a85-0ee3-e53125c432b6,1777319135,0.64,0.76,yes,"{""count_fp"":""0.76"",""created_time"":""2026-04-27T19:45:35.223303Z"",""no_price_dollars"":""0.3600"",""taker_side"":""yes"",""ticker"":""KXBTC15M-26APR271600-00"",""trade_id"":""34567d48-b9fb-6a85-0ee3-e53125c432b6"",""yes_price_dollars"":""0.6400""}"
KXBTC15M-26APR271600-00,cacfc943-eed8-440b-1e8e-35d60035cd72,1777319135,0.63,1.0,no,"{""count_fp"":""1.00"",""created_time"":""2026-04-27T19:45:35.007634Z"",""no_price_dollars"":""0.3700"",""taker_side"":""no"",""ticker"":""KXBTC15M-26APR271600-00"",""trade_id"":""cacfc943-eed8-440b-1e8e-35d60035cd72"",""yes_price_dollars"":""0.6300""}"
KXBTC15M-26APR271600-00,2781d4d1-9fd9-4f97-3729-4cf1612f61da,1777319135,0.63,37.82,no,"{""count_fp"":""37.82"",""created_time"":""2026-04-27T19:45:35.007634Z"",""no_price_dollars"":""0.3700"",""taker_side"":""no"",""ticker"":""KXBTC15M-26APR271600-00"",""trade_id"":""2781d4d1-9fd9-4f97-3729-4cf1612f61da"",""yes_price_dollars"":""0.6300""}"
KXBTC15M-26APR271600-00,9ac2c139-0788-5d06-6f30-349947d1069a,1777319136,0.65,0.52,yes,"{""count_fp"":""0.52"",""created_time"":""2026-04-27T19:45:36.746757Z"",""no_price_dollars"":""0.3500"",""taker_side"":""yes"",""ticker"":""KXBTC15M-26APR271600-00"",""trade_id"":""9ac2c139-0788-5d06-6f30-349947d1069a"",""yes_price_dollars"":""0.6500""}"
KXBTC15M-26APR271600-00,1c99205f-219b-56dc-7c7c-5788f1134068,1777319136,0.64,1.0,yes,"{""count_fp"":""1.00"",""created_time"":""2026-04-27T19:45:36.746757Z"",""no_price_dollars"":""0.3600"",""taker_side"":""yes"",""ticker"":""KXBTC15M-26APR271600-00"",""trade_id"":""1c99205f-219b-56dc-7c7c-5788f1134068"",""yes_price_dollars"":""0.6400""}"
KXBTC15M-26APR271600-00,ffbe17f5-dfa0-7826-d206-4be2d19df7ee,1777319136,0.65,0.52,yes,"{""count_fp"":""0.52"",""created_time"":""2026-04-27T19:45:36.490345Z"",""no_price_dollars"":""0.3500"",""taker_side"":""yes"",""ticker"":""KXBTC15M-26APR271600-00"",""trade_id"":""ffbe17f5-dfa0-7826-d206-4be2d19df7ee"",""yes_price_dollars"":""0.6500""}"
KXBTC15M-26APR271600-00,b68f29cb-7546-7556-d4e1-a211ab56611b,1777319136,0.64,1.0,yes,"{""count_fp"":""1.00"",""created_time"":""2026-04-27T19:45:36.490345Z"",""no_price_dollars"":""0.3600"",""taker_side"":""yes"",""ticker"":""KXBTC15M-26APR271600-00"",""trade_id"":""b68f29cb-7546-7556-d4e1-a211ab56611b"",""yes_price_dollars"":""0.6400""}"
KXBTC15M-26APR271600-00,796749ae-7c7f-6dcc-f08b-ecf0961dd2c4,1777319136,0.63,12.94,no,"{""count_fp"":""12.94"",""created_time"":""2026-04-27T19:45:36.368481Z"",""no_price_dollars"":""0.3700"",""taker_side"":""no"",""ticker"":""KXBTC15M-26APR271600-00"",""trade_id"":""796749ae-7c7f-6dcc-f08b-ecf0961dd2c4"",""yes_price_dollars"":""0.6300""}"
KXBTC15M-26APR271600-00,0e4c42c6-054b-4e4c-5c29-9c0b34a85f6c,1777319136,0.63,11.0,no,"{""count_fp"":""11.00"",""created_time"":""2026-04-27T19:45:36.365671Z"",""no_price_dollars"":""0.3700"",""taker_side"":""no"",""ticker"":""KXBTC15M-26APR271600-00"",""trade_id"":""0e4c42c6-054b-4e4c-5c29-9c0b34a85f6c"",""yes_price_dollars"":""0.6300""}"
KXBTC15M-26APR271600-00,8c3488ac-1e9d-6a8b-f601-b5832c2d157c,1777319136,0.63,40.0,no,"{""count_fp"":""40.00"",""created_time"":""2026-04-27T19:45:36.334545Z"",""no_price_dollars"":""0.3700"",""taker_side"":""no"",""ticker"":""KXBTC15M-26APR271600-00"",""trade_id"":""8c3488ac-1e9d-6a8b-f601-b5832c2d157c"",""yes_price_dollars"":""0.6300""}"
KXBTC15M-26APR271600-00,7f22f71e-ea7e-6943-f374-8e2d445d86ea,1777319136,0.63,10.42,no,"{""count_fp"":""10.42"",""created_time"":""2026-04-27T19:45:36.334545Z"",""no_price_dollars"":""0.3700"",""taker_side"":""no"",""ticker"":""KXBTC15M-26APR271600-00"",""trade_id"":""7f22f71e-ea7e-6943-f374-8e2d445d86ea"",""yes_price_dollars"":""0.6300""}"
KXBTC15M-26APR271600-00,7ed64e31-1a0f-6474-e592-92e9a6b29788,1777319136,0.63,1.35,no,"{""count_fp"":""1.35"",""created_time"":""2026-04-27T19:45:36.334545Z"",""no_price_dollars"":""0.3700"",""taker_side"":""no"",""ticker"":""KXBTC15M-26APR271600-00"",""trade_id"":""7ed64e31-1a0f-6474-e592-92e9a6b29788"",""yes_price_dollars"":""0.6300""}"
KXBTC15M-26APR271600-00,a4b9ac9a-7179-657a-01ed-2178bcc415b6,1777319137,0.64,1.29,no,"{""count_fp"":""1.29"",""created_time"":""2026-04-27T19:45:37.895112Z"",""no_price_dollars"":""0.3600"",""taker_side"":""no"",""ticker"":""KXBTC15M-26APR271600-00"",""trade_id"":""a4b9ac9a-7179-657a-01ed-2178bcc415b6"",""yes_price_dollars"":""0.6400""}"
KXBTC15M-26APR271600-00,60f11a61-a731-6e5b-ddaa-57897136bd5d,1777319137,0.64,1.0,yes,"{""count_fp"":""1.00"",""created_time"":""2026-04-27T19:45:37.105739Z"",""no_price_dollars"":""0.3600"",""taker_side"":""yes"",""ticker"":""KXBTC15M-26APR271600-00"",""trade_id"":""60f11a61-a731-6e5b-ddaa-57897136bd5d"",""yes_price_dollars"":""0.6400""}"
KXBTC15M-26APR271600-00,14b3f167-0561-64fd-e237-08fb8fe6bc73,1777319137,0.64,18.0,yes,"{""count_fp"":""18.00"",""created_time"":""2026-04-27T19:45:37.105739Z"",""no_price_dollars"":""0.3600"",""taker_side"":""yes"",""ticker"":""KXBTC15M-26APR271600-00"",""trade_id"":""14b3f167-0561-64fd-e237-08fb8fe6bc73"",""yes_price_dollars"":""0.6400""}"
KXBTC15M-26APR271600-00,779f4312-d447-4ec0-8d37-9fc8a25d9cfc,1777319138,0.64,12.94,no,"{""count_fp"":""12.94"",""created_time"":""2026-04-27T19:45:38.910427Z"",""no_price_dollars"":""0.3600"",""taker_side"":""no"",""ticker"":""KXBTC15M-26APR271600-00"",""trade_id"":""779f4312-d447-4ec0-8d37-9fc8a25d9cfc"",""yes_price_dollars"":""0.6400""}"
KXBTC15M-26APR271600-00,8799eee4-1be3-60ec-5101-884edbadcfc4,1777319138,0.64,142.35,no,"{""count_fp"":""142.35"",""created_time"":""2026-04-27T19:45:38.585598Z"",""no_price_dollars"":""0.3600"",""taker_side"":""no"",""ticker"":""KXBTC15M-26APR271600-00"",""trade_id"":""8799eee4-1be3-60ec-5101-884edbadcfc4"",""yes_price_dollars"":""0.6400""}"
KXBTC15M-26APR271600-00,1b952a64-a8c7-4940-4bf4-6e60b17a69c0,1777319138,0.64,2.0,no,"{""count_fp"":""2.00"",""created_time"":""2026-04-27T19:45:38.505094Z"",""no_price_dollars"":""0.3600"",""taker_side"":""no"",""ticker"":""KXBTC15M-26APR271600-00"",""trade_id"":""1b952a64-a8c7-4940-4bf4-6e60b17a69c0"",""yes_price_dollars"":""0.6400""}"
KXBTC15M-26APR271600-00,5fd38aba-8d90-61ea-f0b1-4a3353feaa5e,1777319138,0.65,18.02,yes,"{""count_fp"":""18.02"",""created_time"":""2026-04-27T19:45:38.333199Z"",""no_price_dollars"":""0.3500"",""taker_side"":""yes"",""ticker"":""KXBTC15M-26APR271600-00"",""trade_id"":""5fd38aba-8d90-61ea-f0b1-4a3353feaa5e"",""yes_price_dollars"":""0.6500""}"
KXBTC15M-26APR271600-00,99a12b7f-b883-4238-c871-a888723d2cb0,1777319138,0.64,26.0,no,"{""count_fp"":""26.00"",""created_time"":""2026-04-27T19:45:38.020543Z"",""no_price_dollars"":""0.3600"",""taker_side"":""no"",""ticker"":""KXBTC15M-26APR271600-00"",""trade_id"":""99a12b7f-b883-4238-c871-a888723d2cb0"",""yes_price_dollars"":""0.6400""}"
KXBTC15M-26APR271600-00,5c9d5d07-38c5-466a-f983-1336942de8fa,1777319138,0.64,38.71,no,"{""count_fp"":""38.71"",""created_time"":""2026-04-27T19:45:38.020543Z"",""no_price_dollars"":""0.3600"",""taker_side"":""no"",""ticker"":""KXBTC15M-26APR271600-00"",""trade_id"":""5c9d5d07-38c5-466a-f983-1336942de8fa"",""yes_price_dollars"":""0.6400""}"
KXBTC15M-26APR271600-00,4a0ee07a-70a6-6f6c-c6a9-57415b924bb1,1777319139,0.65,7.5,yes,"{""count_fp"":""7.50"",""created_time"":""2026-04-27T19:45:39.991391Z"",""no_price_dollars"":""0.3500"",""taker_side"":""yes"",""ticker"":""KXBTC15M-26APR271600-00"",""trade_id"":""4a0ee07a-70a6-6f6c-c6a9-57415b924bb1"",""yes_price_dollars"":""0.6500""}"
KXBTC15M-26APR271600-00,cfdbca1b-680b-5454-0201-83ff22772794,1777319139,0.64,0.25,no,"{""count_fp"":""0.25"",""created_time"":""2026-04-27T19:45:39.881895Z"",""no_price_dollars"":""0.3600"",""taker_side"":""no"",""ticker"":""KXBTC15M-26APR271600-00"",""trade_id"":""cfdbca1b-680b-5454-0201-83ff22772794"",""yes_price_dollars"":""0.6400""}"
KXBTC15M-26APR271600-00,c7ef8af8-88fb-77a4-e4a4-f2e4de6f7530,1777319139,0.64,5.31,no,"{""count_fp"":""5.31"",""created_time"":""2026-04-27T19:45:39.845666Z"",""no_price_dollars"":""0.3600"",""taker_side"":""no"",""ticker"":""KXBTC15M-26APR271600-00"",""trade_id"":""c7ef8af8-88fb-77a4-e4a4-f2e4de6f7530"",""yes_price_dollars"":""0.6400""}"
KXBTC15M-26APR271600-00,8deb3eb1-150a-7f8c-5514-2b8fd4136c2d,1777319139,0.65,14.91,yes,"{""count_fp"":""14.91"",""created_time"":""2026-04-27T19:45:39.533399Z"",""no_price_dollars"":""0.3500"",""taker_side"":""yes"",""ticker"":""KXBTC15M-26APR271600-00"",""trade_id"":""8deb3eb1-150a-7f8c-5514-2b8fd4136c2d"",""yes_price_dollars"":""0.6500""}"
KXBTC15M-26APR271600-00,91229bb1-a6e6-4964-f29d-05c3256bbaf1,1777319139,0.65,15.01,yes,"{""count_fp"":""15.01"",""created_time"":""2026-04-27T19:45:39.478895Z"",""no_price_dollars"":""0.3500"",""taker_side"":""yes"",""ticker"":""KXBTC15M-26APR271600-00"",""trade_id"":""91229bb1-a6e6-4964-f29d-05c3256bbaf1"",""yes_price_dollars"":""0.6500""}"
