ticker,trade_id,ts,yes_price,count,taker_side,raw_json
KXBTC15M-26APR280245-45,7b5b4ef9-c99c-7d3c-e753-47910b369b0d,1777357801,0.54,1.0,yes,"{""count_fp"":""1.00"",""created_time"":""2026-04-28T06:30:01.387375Z"",""no_price_dollars"":""0.4600"",""taker_side"":""yes"",""ticker"":""KXBTC15M-26APR280245-45"",""trade_id"":""7b5b4ef9-c99c-7d3c-e753-47910b369b0d"",""yes_price_dollars"":""0.5400""}"
KXBTC15M-26APR280245-45,c1c3a83f-3151-570d-7885-98d1df5db660,1777357802,0.55,1.0,yes,"{""count_fp"":""1.00"",""created_time"":""2026-04-28T06:30:02.571318Z"",""no_price_dollars"":""0.4500"",""taker_side"":""yes"",""ticker"":""KXBTC15M-26APR280245-45"",""trade_id"":""c1c3a83f-3151-570d-7885-98d1df5db660"",""yes_price_dollars"":""0.5500""}"
KXBTC15M-26APR280245-45,83dc9327-8c7b-51bb-74d6-ded09de8514e,1777357802,0.57,1.0,yes,"{""count_fp"":""1.00"",""created_time"":""2026-04-28T06:30:02.571318Z"",""no_price_dollars"":""0.4300"",""taker_side"":""yes"",""ticker"":""KXBTC15M-26APR280245-45"",""trade_id"":""83dc9327-8c7b-51bb-74d6-ded09de8514e"",""yes_price_dollars"":""0.5700""}"
KXBTC15M-26APR280245-45,7acb33ce-27ff-5fbb-453e-c7607c498433,1777357802,0.55,1.0,yes,"{""count_fp"":""1.00"",""created_time"":""2026-04-28T06:30:02.571318Z"",""no_price_dollars"":""0.4500"",""taker_side"":""yes"",""ticker"":""KXBTC15M-26APR280245-45"",""trade_id"":""7acb33ce-27ff-5fbb-453e-c7607c498433"",""yes_price_dollars"":""0.5500""}"
KXBTC15M-26APR280245-45,700262b6-d1d9-526d-4c91-82bd8e019ff6,1777357802,0.58,1.0,yes,"{""count_fp"":""1.00"",""created_time"":""2026-04-28T06:30:02.571318Z"",""no_price_dollars"":""0.4200"",""taker_side"":""yes"",""ticker"":""KXBTC15M-26APR280245-45"",""trade_id"":""700262b6-d1d9-526d-4c91-82bd8e019ff6"",""yes_price_dollars"":""0.5800""}"
KXBTC15M-26APR280245-45,64eb290d-03ef-533d-51ef-5dc10060bbe1,1777357802,0.56,1.0,yes,"{""count_fp"":""1.00"",""created_time"":""2026-04-28T06:30:02.571318Z"",""no_price_dollars"":""0.4400"",""taker_side"":""yes"",""ticker"":""KXBTC15M-26APR280245-45"",""trade_id"":""64eb290d-03ef-533d-51ef-5dc10060bbe1"",""yes_price_dollars"":""0.5600""}"
KXBTC15M-26APR280245-45,636cb1ff-1cbe-5d66-60b4-8dec2dd6f918,1777357802,0.58,1.0,yes,"{""count_fp"":""1.00"",""created_time"":""2026-04-28T06:30:02.571318Z"",""no_price_dollars"":""0.4200"",""taker_side"":""yes"",""ticker"":""KXBTC15M-26APR280245-45"",""trade_id"":""636cb1ff-1cbe-5d66-60b4-8dec2dd6f918"",""yes_price_dollars"":""0.5800""}"
KXBTC15M-26APR280245-45,0a2d0e8e-4617-52a0-4f09-b081056b9a0c,1777357802,0.58,150.0,yes,"{""count_fp"":""150.00"",""created_time"":""2026-04-28T06:30:02.571318Z"",""no_price_dollars"":""0.4200"",""taker_side"":""yes"",""ticker"":""KXBTC15M-26APR280245-45"",""trade_id"":""0a2d0e8e-4617-52a0-4f09-b081056b9a0c"",""yes_price_dollars"":""0.5800""}"
KXBTC15M-26APR280245-45,3976a92c-f222-682e-0dbc-96c39aa2c10f,1777357802,0.54,1.0,no,"{""count_fp"":""1.00"",""created_time"":""2026-04-28T06:30:02.216908Z"",""no_price_dollars"":""0.4600"",""taker_side"":""no"",""ticker"":""KXBTC15M-26APR280245-45"",""trade_id"":""3976a92c-f222-682e-0dbc-96c39aa2c10f"",""yes_price_dollars"":""0.5400""}"
KXBTC15M-26APR280245-45,8a288cc7-c703-722c-1436-65ab1e0272fd,1777357806,0.58,5.0,yes,"{""count_fp"":""5.00"",""created_time"":""2026-04-28T06:30:06.991563Z"",""no_price_dollars"":""0.4200"",""taker_side"":""yes"",""ticker"":""KXBTC15M-26APR280245-45"",""trade_id"":""8a288cc7-c703-722c-1436-65ab1e0272fd"",""yes_price_dollars"":""0.5800""}"
KXBTC15M-26APR280245-45,7dc1bdc3-df51-7896-2f61-fc2de268e2de,1777357806,0.58,10.0,yes,"{""count_fp"":""10.00"",""created_time"":""2026-04-28T06:30:06.991563Z"",""no_price_dollars"":""0.4200"",""taker_side"":""yes"",""ticker"":""KXBTC15M-26APR280245-45"",""trade_id"":""7dc1bdc3-df51-7896-2f61-fc2de268e2de"",""yes_price_dollars"":""0.5800""}"
KXBTC15M-26APR280245-45,355fc5b8-a0a0-7622-366f-b3c2a3ce5874,1777357806,0.57,2.0,yes,"{""count_fp"":""2.00"",""created_time"":""2026-04-28T06:30:06.991563Z"",""no_price_dollars"":""0.4300"",""taker_side"":""yes"",""ticker"":""KXBTC15M-26APR280245-45"",""trade_id"":""355fc5b8-a0a0-7622-366f-b3c2a3ce5874"",""yes_price_dollars"":""0.5700""}"
KXBTC15M-26APR280245-45,175d2d8e-f9ce-7336-0f86-1e561f08cb2a,1777357806,0.58,59.89,yes,"{""count_fp"":""59.89"",""created_time"":""2026-04-28T06:30:06.991563Z"",""no_price_dollars"":""0.4200"",""taker_side"":""yes"",""ticker"":""KXBTC15M-26APR280245-45"",""trade_id"":""175d2d8e-f9ce-7336-0f86-1e561f08cb2a"",""yes_price_dollars"":""0.5800""}"
KXBTC15M-26APR280245-45,ea75d042-9bf1-6797-be30-2f3546164e61,1777357806,0.57,2.0,yes,"{""count_fp"":""2.00"",""created_time"":""2026-04-28T06:30:06.963908Z"",""no_price_dollars"":""0.4300"",""taker_side"":""yes"",""ticker"":""KXBTC15M-26APR280245-45"",""trade_id"":""ea75d042-9bf1-6797-be30-2f3546164e61"",""yes_price_dollars"":""0.5700""}"
KXBTC15M-26APR280245-45,9af62413-4152-6e6a-87bb-a5572baadbf6,1777357806,0.58,90.11,yes,"{""count_fp"":""90.11"",""created_time"":""2026-04-28T06:30:06.963908Z"",""no_price_dollars"":""0.4200"",""taker_side"":""yes"",""ticker"":""KXBTC15M-26APR280245-45"",""trade_id"":""9af62413-4152-6e6a-87bb-a5572baadbf6"",""yes_price_dollars"":""0.5800""}"
KXBTC15M-26APR280245-45,e2ab3d87-18d1-4da0-31e2-2112e2b2b347,1777357806,0.56,15.3,no,"{""count_fp"":""15.30"",""created_time"":""2026-04-28T06:30:06.578673Z"",""no_price_dollars"":""0.4400"",""taker_side"":""no"",""ticker"":""KXBTC15M-26APR280245-45"",""trade_id"":""e2ab3d87-18d1-4da0-31e2-2112e2b2b347"",""yes_price_dollars"":""0.5600""}"
KXBTC15M-26APR280245-45,f73483f3-46e1-6bda-77f9-30592408c4a6,1777357807,0.56,1.54,no,"{""count_fp"":""1.54"",""created_time"":""2026-04-28T06:30:07.159341Z"",""no_price_dollars"":""0.4400"",""taker_side"":""no"",""ticker"":""KXBTC15M-26APR280245-45"",""trade_id"":""f73483f3-46e1-6bda-77f9-30592408c4a6"",""yes_price_dollars"":""0.5600""}"
KXBTC15M-26APR280245-45,571bf716-31ec-65b7-5a7f-da3b2636d4cb,1777357807,0.56,5.0,no,"{""count_fp"":""5.00"",""created_time"":""2026-04-28T06:30:07.159341Z"",""no_price_dollars"":""0.4400"",""taker_side"":""no"",""ticker"":""KXBTC15M-26APR280245-45"",""trade_id"":""571bf716-31ec-65b7-5a7f-da3b2636d4cb"",""yes_price_dollars"":""0.5600""}"
KXBTC15M-26APR280245-45,750a7ea6-518c-6db9-b6ff-41c1dee25111,1777357808,0.58,5.02,yes,"{""count_fp"":""5.02"",""created_time"":""2026-04-28T06:30:08.902718Z"",""no_price_dollars"":""0.4200"",""taker_side"":""yes"",""ticker"":""KXBTC15M-26APR280245-45"",""trade_id"":""750a7ea6-518c-6db9-b6ff-41c1dee25111"",""yes_price_dollars"":""0.5800""}"
KXBTC15M-26APR280245-45,96789260-60f7-649e-b265-746f001cc57a,1777357808,0.56,45.28,no,"{""count_fp"":""45.28"",""created_time"":""2026-04-28T06:30:08.846054Z"",""no_price_dollars"":""0.4400"",""taker_side"":""no"",""ticker"":""KXBTC15M-26APR280245-45"",""trade_id"":""96789260-60f7-649e-b265-746f001cc57a"",""yes_price_dollars"":""0.5600""}"
KXBTC15M-26APR280245-45,16818d82-e907-651a-bee7-1a8c12b865bc,1777357808,0.57,10.26,no,"{""count_fp"":""10.26"",""created_time"":""2026-04-28T06:30:08.846054Z"",""no_price_dollars"":""0.4300"",""taker_side"":""no"",""ticker"":""KXBTC15M-26APR280245-45"",""trade_id"":""16818d82-e907-651a-bee7-1a8c12b865bc"",""yes_price_dollars"":""0.5700""}"
KXBTC15M-26APR280245-45,0f847004-4759-68ba-ac65-6e4672ecdfb6,1777357808,0.56,8.46,no,"{""count_fp"":""8.46"",""created_time"":""2026-04-28T06:30:08.846054Z"",""no_price_dollars"":""0.4400"",""taker_side"":""no"",""ticker"":""KXBTC15M-26APR280245-45"",""trade_id"":""0f847004-4759-68ba-ac65-6e4672ecdfb6"",""yes_price_dollars"":""0.5600""}"
KXBTC15M-26APR280245-45,90f00053-3a14-42e9-f823-b9460379b8f1,1777357808,0.58,142.81,yes,"{""count_fp"":""142.81"",""created_time"":""2026-04-28T06:30:08.754367Z"",""no_price_dollars"":""0.4200"",""taker_side"":""yes"",""ticker"":""KXBTC15M-26APR280245-45"",""trade_id"":""90f00053-3a14-42e9-f823-b9460379b8f1"",""yes_price_dollars"":""0.5800""}"
KXBTC15M-26APR280245-45,e5d050d9-97df-7fa6-b0f9-9ce81965bfe0,1777357808,0.57,7.0,no,"{""count_fp"":""7.00"",""created_time"":""2026-04-28T06:30:08.616474Z"",""no_price_dollars"":""0.4300"",""taker_side"":""no"",""ticker"":""KXBTC15M-26APR280245-45"",""trade_id"":""e5d050d9-97df-7fa6-b0f9-9ce81965bfe0"",""yes_price_dollars"":""0.5700""}"
KXBTC15M-26APR280245-45,7b962633-c752-54f5-5f19-274ce676aab3,1777357808,0.57,4.0,no,"{""count_fp"":""4.00"",""created_time"":""2026-04-28T06:30:08.601Z"",""no_price_dollars"":""0.4300"",""taker_side"":""no"",""ticker"":""KXBTC15M-26APR280245-45"",""trade_id"":""7b962633-c752-54f5-5f19-274ce676aab3"",""yes_price_dollars"":""0.5700""}"
KXBTC15M-26APR280245-45,7574f5ff-1153-539e-5eb5-b083c98f3654,1777357808,0.57,4.74,no,"{""count_fp"":""4.74"",""created_time"":""2026-04-28T06:30:08.601Z"",""no_price_dollars"":""0.4300"",""taker_side"":""no"",""ticker"":""KXBTC15M-26APR280245-45"",""trade_id"":""7574f5ff-1153-539e-5eb5-b083c98f3654"",""yes_price_dollars"":""0.5700""}"
KXBTC15M-26APR280245-45,de743187-abff-7b97-e4d3-fc2f56c13ba4,1777357808,0.57,1.0,yes,"{""count_fp"":""1.00"",""created_time"":""2026-04-28T06:30:08.525768Z"",""no_price_dollars"":""0.4300"",""taker_side"":""yes"",""ticker"":""KXBTC15M-26APR280245-45"",""trade_id"":""de743187-abff-7b97-e4d3-fc2f56c13ba4"",""yes_price_dollars"":""0.5700""}"
KXBTC15M-26APR280245-45,204f7113-6c68-6161-17f2-438dffe4be85,1777357809,0.58,2.17,yes,"{""count_fp"":""2.17"",""created_time"":""2026-04-28T06:30:09.833527Z"",""no_price_dollars"":""0.4200"",""taker_side"":""yes"",""ticker"":""KXBTC15M-26APR280245-45"",""trade_id"":""204f7113-6c68-6161-17f2-438dffe4be85"",""yes_price_dollars"":""0.5800""}"
KXBTC15M-26APR280245-45,0161a668-a2d9-6635-1d39-ac2d11b880fc,1777357809,0.59,1.17,yes,"{""count_fp"":""1.17"",""created_time"":""2026-04-28T06:30:09.833527Z"",""no_price_dollars"":""0.4100"",""taker_side"":""yes"",""ticker"":""KXBTC15M-26APR280245-45"",""trade_id"":""0161a668-a2d9-6635-1d39-ac2d11b880fc"",""yes_price_dollars"":""0.5900""}"
KXBTC15M-26APR280245-45,fca464e9-b603-7d0c-7133-e937555ebcf1,1777357810,0.6,119.0,yes,"{""count_fp"":""119.00"",""created_time"":""2026-04-28T06:30:10.892801Z"",""no_price_dollars"":""0.4000"",""taker_side"":""yes"",""ticker"":""KXBTC15M-26APR280245-45"",""trade_id"":""fca464e9-b603-7d0c-7133-e937555ebcf1"",""yes_price_dollars"":""0.6000""}"
KXBTC15M-26APR280245-45,9949ef1a-3d0d-7695-6187-9099f114495b,1777357810,0.59,140.0,yes,"{""count_fp"":""140.00"",""created_time"":""2026-04-28T06:30:10.892801Z"",""no_price_dollars"":""0.4100"",""taker_side"":""yes"",""ticker"":""KXBTC15M-26APR280245-45"",""trade_id"":""9949ef1a-3d0d-7695-6187-9099f114495b"",""yes_price_dollars"":""0.5900""}"
KXBTC15M-26APR280245-45,107f49e3-37ed-5ded-66a9-05a66deecea3,1777357810,0.59,10.0,yes,"{""count_fp"":""10.00"",""created_time"":""2026-04-28T06:30:10.562442Z"",""no_price_dollars"":""0.4100"",""taker_side"":""yes"",""ticker"":""KXBTC15M-26APR280245-45"",""trade_id"":""107f49e3-37ed-5ded-66a9-05a66deecea3"",""yes_price_dollars"":""0.5900""}"
KXBTC15M-26APR280245-45,fc352bc7-da6d-61cd-bd41-9e469732ad34,1777357810,0.59,117.83,yes,"{""count_fp"":""117.83"",""created_time"":""2026-04-28T06:30:10.243681Z"",""no_price_dollars"":""0.4100"",""taker_side"":""yes"",""ticker"":""KXBTC15M-26APR280245-45"",""trade_id"":""fc352bc7-da6d-61cd-bd41-9e469732ad34"",""yes_price_dollars"":""0.5900""}"
KXBTC15M-26APR280245-45,ef4850a8-0054-6b0b-81e2-a35f44f231db,1777357810,0.59,5.0,yes,"{""count_fp"":""5.00"",""created_time"":""2026-04-28T06:30:10.243681Z"",""no_price_dollars"":""0.4100"",""taker_side"":""yes"",""ticker"":""KXBTC15M-26APR280245-45"",""trade_id"":""ef4850a8-0054-6b0b-81e2-a35f44f231db"",""yes_price_dollars"":""0.5900""}"
KXBTC15M-26APR280245-45,b7d19853-7af2-646c-bdf6-ca7ad60ca449,1777357810,0.58,149.17,yes,"{""count_fp"":""149.17"",""created_time"":""2026-04-28T06:30:10.243681Z"",""no_price_dollars"":""0.4200"",""taker_side"":""yes"",""ticker"":""KXBTC15M-26APR280245-45"",""trade_id"":""b7d19853-7af2-646c-bdf6-ca7ad60ca449"",""yes_price_dollars"":""0.5800""}"
KXBTC15M-26APR280245-45,0ea22127-28a6-6bf3-a5df-bfb0f62f0a7c,1777357810,0.59,5.0,yes,"{""count_fp"":""5.00"",""created_time"":""2026-04-28T06:30:10.243681Z"",""no_price_dollars"":""0.4100"",""taker_side"":""yes"",""ticker"":""KXBTC15M-26APR280245-45"",""trade_id"":""0ea22127-28a6-6bf3-a5df-bfb0f62f0a7c"",""yes_price_dollars"":""0.5900""}"
KXBTC15M-26APR280245-45,fb894378-f906-6868-a215-76b4ff537a61,1777357810,0.58,0.83,yes,"{""count_fp"":""0.83"",""created_time"":""2026-04-28T06:30:10.186732Z"",""no_price_dollars"":""0.4200"",""taker_side"":""yes"",""ticker"":""KXBTC15M-26APR280245-45"",""trade_id"":""fb894378-f906-6868-a215-76b4ff537a61"",""yes_price_dollars"":""0.5800""}"
KXBTC15M-26APR280245-45,e7a88c16-2afc-4971-183f-1ccd0e1d3d2d,1777357811,0.61,40.0,yes,"{""count_fp"":""40.00"",""created_time"":""2026-04-28T06:30:11.551875Z"",""no_price_dollars"":""0.3900"",""taker_side"":""yes"",""ticker"":""KXBTC15M-26APR280245-45"",""trade_id"":""e7a88c16-2afc-4971-183f-1ccd0e1d3d2d"",""yes_price_dollars"":""0.6100""}"
KXBTC15M-26APR280245-45,053348b1-02bc-4dbe-35c1-491858628262,1777357811,0.61,102.0,yes,"{""count_fp"":""102.00"",""created_time"":""2026-04-28T06:30:11.551875Z"",""no_price_dollars"":""0.3900"",""taker_side"":""yes"",""ticker"":""KXBTC15M-26APR280245-45"",""trade_id"":""053348b1-02bc-4dbe-35c1-491858628262"",""yes_price_dollars"":""0.6100""}"
KXBTC15M-26APR280245-45,f1e89c76-7873-6b93-9dba-5ef469515cf5,1777357811,0.6,18.34,no,"{""count_fp"":""18.34"",""created_time"":""2026-04-28T06:30:11.502367Z"",""no_price_dollars"":""0.4000"",""taker_side"":""no"",""ticker"":""KXBTC15M-26APR280245-45"",""trade_id"":""f1e89c76-7873-6b93-9dba-5ef469515cf5"",""yes_price_dollars"":""0.6000""}"
KXBTC15M-26APR280245-45,46167d75-dfac-6a6e-8653-1df667941156,1777357811,0.6,38.0,no,"{""count_fp"":""38.00"",""created_time"":""2026-04-28T06:30:11.502367Z"",""no_price_dollars"":""0.4000"",""taker_side"":""no"",""ticker"":""KXBTC15M-26APR280245-45"",""trade_id"":""46167d75-dfac-6a6e-8653-1df667941156"",""yes_price_dollars"":""0.6000""}"
KXBTC15M-26APR280245-45,2e8640de-345c-7612-3a77-3291b5aaf452,1777357811,0.6,1.0,no,"{""count_fp"":""1.00"",""created_time"":""2026-04-28T06:30:11.489884Z"",""no_price_dollars"":""0.4000"",""taker_side"":""no"",""ticker"":""KXBTC15M-26APR280245-45"",""trade_id"":""2e8640de-345c-7612-3a77-3291b5aaf452"",""yes_price_dollars"":""0.6000""}"
KXBTC15M-26APR280245-45,d7988903-7568-745a-7f1c-8fe4b56e841a,1777357811,0.6,1.0,no,"{""count_fp"":""1.00"",""created_time"":""2026-04-28T06:30:11.172204Z"",""no_price_dollars"":""0.4000"",""taker_side"":""no"",""ticker"":""KXBTC15M-26APR280245-45"",""trade_id"":""d7988903-7568-745a-7f1c-8fe4b56e841a"",""yes_price_dollars"":""0.6000""}"
KXBTC15M-26APR280245-45,b7dde0b5-1e58-7ea6-b112-13b46610065e,1777357811,0.61,30.0,yes,"{""count_fp"":""30.00"",""created_time"":""2026-04-28T06:30:11.018782Z"",""no_price_dollars"":""0.3900"",""taker_side"":""yes"",""ticker"":""KXBTC15M-26APR280245-45"",""trade_id"":""b7dde0b5-1e58-7ea6-b112-13b46610065e"",""yes_price_dollars"":""0.6100""}"
KXBTC15M-26APR280245-45,807245b0-3289-63c4-44b7-265133c911de,1777357811,0.59,30.0,yes,"{""count_fp"":""30.00"",""created_time"":""2026-04-28T06:30:11.008051Z"",""no_price_dollars"":""0.4100"",""taker_side"":""yes"",""ticker"":""KXBTC15M-26APR280245-45"",""trade_id"":""807245b0-3289-63c4-44b7-265133c911de"",""yes_price_dollars"":""0.5900""}"
KXBTC15M-26APR280245-45,d9d3ed93-cd18-6bc8-8582-2cd8b2c2c09e,1777357812,0.57,40.0,no,"{""count_fp"":""40.00"",""created_time"":""2026-04-28T06:30:12.505934Z"",""no_price_dollars"":""0.4300"",""taker_side"":""no"",""ticker"":""KXBTC15M-26APR280245-45"",""trade_id"":""d9d3ed93-cd18-6bc8-8582-2cd8b2c2c09e"",""yes_price_dollars"":""0.5700""}"
KXBTC15M-26APR280245-45,5ca2f1b8-d198-678b-b36b-6dde7da5270e,1777357812,0.58,40.0,no,"{""count_fp"":""40.00"",""created_time"":""2026-04-28T06:30:12.505934Z"",""no_price_dollars"":""0.4200"",""taker_side"":""no"",""ticker"":""KXBTC15M-26APR280245-45"",""trade_id"":""5ca2f1b8-d198-678b-b36b-6dde7da5270e"",""yes_price_dollars"":""0.5800""}"
KXBTC15M-26APR280245-45,4cf2fdb3-0390-68e7-8474-49628b7b8071,1777357812,0.57,142.66,no,"{""count_fp"":""142.66"",""created_time"":""2026-04-28T06:30:12.505934Z"",""no_price_dollars"":""0.4300"",""taker_side"":""no"",""ticker"":""KXBTC15M-26APR280245-45"",""trade_id"":""4cf2fdb3-0390-68e7-8474-49628b7b8071"",""yes_price_dollars"":""0.5700""}"
KXBTC15M-26APR280245-45,f9d4b919-a15d-4321-b365-df9b34aa4646,1777357812,0.58,314.34,no,"{""count_fp"":""314.34"",""created_time"":""2026-04-28T06:30:12.206464Z"",""no_price_dollars"":""0.4200"",""taker_side"":""no"",""ticker"":""KXBTC15M-26APR280245-45"",""trade_id"":""f9d4b919-a15d-4321-b365-df9b34aa4646"",""yes_price_dollars"":""0.5800""}"
KXBTC15M-26APR280245-45,c79f598a-5e0f-4b7f-b573-b2cf4a031a05,1777357812,0.6,1081.66,no,"{""count_fp"":""1081.66"",""created_time"":""2026-04-28T06:30:12.206464Z"",""no_price_dollars"":""0.4000"",""taker_side"":""no"",""ticker"":""KXBTC15M-26APR280245-45"",""trade_id"":""c79f598a-5e0f-4b7f-b573-b2cf4a031a05"",""yes_price_dollars"":""0.6000""}"
KXBTC15M-26APR280245-45,af3fdfac-c752-4507-b1d7-5594396eb7a0,1777357812,0.58,40.0,no,"{""count_fp"":""40.00"",""created_time"":""2026-04-28T06:30:12.206464Z"",""no_price_dollars"":""0.4200"",""taker_side"":""no"",""ticker"":""KXBTC15M-26APR280245-45"",""trade_id"":""af3fdfac-c752-4507-b1d7-5594396eb7a0"",""yes_price_dollars"":""0.5800""}"
KXBTC15M-26APR280245-45,a690d171-a8c2-4752-a97d-f06a03f5e3b2,1777357812,0.59,40.0,no,"{""count_fp"":""40.00"",""created_time"":""2026-04-28T06:30:12.206464Z"",""no_price_dollars"":""0.4100"",""taker_side"":""no"",""ticker"":""KXBTC15M-26APR280245-45"",""trade_id"":""a690d171-a8c2-4752-a97d-f06a03f5e3b2"",""yes_price_dollars"":""0.5900""}"
KXBTC15M-26APR280245-45,8161965f-ac2a-4bec-9fad-b621f1876aa4,1777357812,0.6,21.0,no,"{""count_fp"":""21.00"",""created_time"":""2026-04-28T06:30:12.206464Z"",""no_price_dollars"":""0.4000"",""taker_side"":""no"",""ticker"":""KXBTC15M-26APR280245-45"",""trade_id"":""8161965f-ac2a-4bec-9fad-b621f1876aa4"",""yes_price_dollars"":""0.6000""}"
KXBTC15M-26APR280245-45,3faafa47-976d-47bf-9fdf-dc8e6b482430,1777357812,0.6,40.0,no,"{""count_fp"":""40.00"",""created_time"":""2026-04-28T06:30:12.206464Z"",""no_price_dollars"":""0.4000"",""taker_side"":""no"",""ticker"":""KXBTC15M-26APR280245-45"",""trade_id"":""3faafa47-976d-47bf-9fdf-dc8e6b482430"",""yes_price_dollars"":""0.6000""}"
KXBTC15M-26APR280245-45,32509384-2235-49f1-90d4-556b93ab57b1,1777357812,0.6,56.0,no,"{""count_fp"":""56.00"",""created_time"":""2026-04-28T06:30:12.206464Z"",""no_price_dollars"":""0.4000"",""taker_side"":""no"",""ticker"":""KXBTC15M-26APR280245-45"",""trade_id"":""32509384-2235-49f1-90d4-556b93ab57b1"",""yes_price_dollars"":""0.6000""}"
KXBTC15M-26APR280245-45,071695d3-fe4c-4f48-90f6-ffad73b57048,1777357812,0.59,15.0,no,"{""count_fp"":""15.00"",""created_time"":""2026-04-28T06:30:12.206464Z"",""no_price_dollars"":""0.4100"",""taker_side"":""no"",""ticker"":""KXBTC15M-26APR280245-45"",""trade_id"":""071695d3-fe4c-4f48-90f6-ffad73b57048"",""yes_price_dollars"":""0.5900""}"
KXBTC15M-26APR280245-45,2154edf2-367d-5029-4aa3-7fe9d544abd2,1777357813,0.59,32.94,yes,"{""count_fp"":""32.94"",""created_time"":""2026-04-28T06:30:13.665375Z"",""no_price_dollars"":""0.4100"",""taker_side"":""yes"",""ticker"":""KXBTC15M-26APR280245-45"",""trade_id"":""2154edf2-367d-5029-4aa3-7fe9d544abd2"",""yes_price_dollars"":""0.5900""}"
KXBTC15M-26APR280245-45,ac0a4852-e292-4d21-2b97-2a5b9fb14179,1777357813,0.58,40.0,yes,"{""count_fp"":""40.00"",""created_time"":""2026-04-28T06:30:13.490285Z"",""no_price_dollars"":""0.4200"",""taker_side"":""yes"",""ticker"":""KXBTC15M-26APR280245-45"",""trade_id"":""ac0a4852-e292-4d21-2b97-2a5b9fb14179"",""yes_price_dollars"":""0.5800""}"
KXBTC15M-26APR280245-45,f12fe149-bdba-6fea-7466-69866830aca3,1777357813,0.57,40.0,no,"{""count_fp"":""40.00"",""created_time"":""2026-04-28T06:30:13.442154Z"",""no_price_dollars"":""0.4300"",""taker_side"":""no"",""ticker"":""KXBTC15M-26APR280245-45"",""trade_id"":""f12fe149-bdba-6fea-7466-69866830aca3"",""yes_price_dollars"":""0.5700""}"
KXBTC15M-26APR280245-45,41983639-4203-68c2-48f4-aa879529ef35,1777357813,0.57,4.69,no,"{""count_fp"":""4.69"",""created_time"":""2026-04-28T06:30:13.442154Z"",""no_price_dollars"":""0.4300"",""taker_side"":""no"",""ticker"":""KXBTC15M-26APR280245-45"",""trade_id"":""41983639-4203-68c2-48f4-aa879529ef35"",""yes_price_dollars"":""0.5700""}"
KXBTC15M-26APR280245-45,79ea7d85-b896-5a84-3585-017f378f4593,1777357813,0.58,20.0,no,"{""count_fp"":""20.00"",""created_time"":""2026-04-28T06:30:13.410124Z"",""no_price_dollars"":""0.4200"",""taker_side"":""no"",""ticker"":""KXBTC15M-26APR280245-45"",""trade_id"":""79ea7d85-b896-5a84-3585-017f378f4593"",""yes_price_dollars"":""0.5800""}"
KXBTC15M-26APR280245-45,45e08888-dd13-556c-2694-034e9bc3988b,1777357813,0.58,80.0,no,"{""count_fp"":""80.00"",""created_time"":""2026-04-28T06:30:13.410124Z"",""no_price_dollars"":""0.4200"",""taker_side"":""no"",""ticker"":""KXBTC15M-26APR280245-45"",""trade_id"":""45e08888-dd13-556c-2694-034e9bc3988b"",""yes_price_dollars"":""0.5800""}"
KXBTC15M-26APR280245-45,2d50c26c-5c15-6901-48d1-6c892d560c5e,1777357813,0.59,2.0,yes,"{""count_fp"":""2.00"",""created_time"":""2026-04-28T06:30:13.160837Z"",""no_price_dollars"":""0.4100"",""taker_side"":""yes"",""ticker"":""KXBTC15M-26APR280245-45"",""trade_id"":""2d50c26c-5c15-6901-48d1-6c892d560c5e"",""yes_price_dollars"":""0.5900""}"
KXBTC15M-26APR280245-45,c51188bf-3dc3-5d9e-0f97-61348b0a25e7,1777357814,0.6,16.14,yes,"{""count_fp"":""16.14"",""created_time"":""2026-04-28T06:30:14.846584Z"",""no_price_dollars"":""0.4000"",""taker_side"":""yes"",""ticker"":""KXBTC15M-26APR280245-45"",""trade_id"":""c51188bf-3dc3-5d9e-0f97-61348b0a25e7"",""yes_price_dollars"":""0.6000""}"
KXBTC15M-26APR280245-45,fa04e26d-b920-7186-1162-51e11a214cd8,1777357814,0.59,80.0,yes,"{""count_fp"":""80.00"",""created_time"":""2026-04-28T06:30:14.642691Z"",""no_price_dollars"":""0.4100"",""taker_side"":""yes"",""ticker"":""KXBTC15M-26APR280245-45"",""trade_id"":""fa04e26d-b920-7186-1162-51e11a214cd8"",""yes_price_dollars"":""0.5900""}"
KXBTC15M-26APR280245-45,30bb067b-ed71-7c61-1a25-2281ded3e88a,1777357814,0.59,5.06,yes,"{""count_fp"":""5.06"",""created_time"":""2026-04-28T06:30:14.642691Z"",""no_price_dollars"":""0.4100"",""taker_side"":""yes"",""ticker"":""KXBTC15M-26APR280245-45"",""trade_id"":""30bb067b-ed71-7c61-1a25-2281ded3e88a"",""yes_price_dollars"":""0.5900""}"
KXBTC15M-26APR280245-45,fb75c32b-aab3-76b6-19ea-53c8a5d9fca7,1777357815,0.6,23.86,yes,"{""count_fp"":""23.86"",""created_time"":""2026-04-28T06:30:15.795627Z"",""no_price_dollars"":""0.4000"",""taker_side"":""yes"",""ticker"":""KXBTC15M-26APR280245-45"",""trade_id"":""fb75c32b-aab3-76b6-19ea-53c8a5d9fca7"",""yes_price_dollars"":""0.6000""}"
KXBTC15M-26APR280245-45,23c2eb48-dd8b-75ab-0d4e-4b0cc4794715,1777357815,0.61,10.04,yes,"{""count_fp"":""10.04"",""created_time"":""2026-04-28T06:30:15.795627Z"",""no_price_dollars"":""0.3900"",""taker_side"":""yes"",""ticker"":""KXBTC15M-26APR280245-45"",""trade_id"":""23c2eb48-dd8b-75ab-0d4e-4b0cc4794715"",""yes_price_dollars"":""0.6100""}"
KXBTC15M-26APR280245-45,1f852494-6427-467d-2c1b-c2b602d7b15c,1777357815,0.59,16.0,no,"{""count_fp"":""16.00"",""created_time"":""2026-04-28T06:30:15.622234Z"",""no_price_dollars"":""0.4100"",""taker_side"":""no"",""ticker"":""KXBTC15M-26APR280245-45"",""trade_id"":""1f852494-6427-467d-2c1b-c2b602d7b15c"",""yes_price_dollars"":""0.5900""}"
KXBTC15M-26APR280245-45,1b77afbb-b363-4eba-1fa7-19eb1c0e8380,1777357815,0.59,3.0,no,"{""count_fp"":""3.00"",""created_time"":""2026-04-28T06:30:15.622234Z"",""no_price_dollars"":""0.4100"",""taker_side"":""no"",""ticker"":""KXBTC15M-26APR280245-45"",""trade_id"":""1b77afbb-b363-4eba-1fa7-19eb1c0e8380"",""yes_price_dollars"":""0.5900""}"
KXBTC15M-26APR280245-45,c53b9d57-b287-5a0b-c498-d9220167b269,1777357816,0.61,28.36,yes,"{""count_fp"":""28.36"",""created_time"":""2026-04-28T06:30:16.809572Z"",""no_price_dollars"":""0.3900"",""taker_side"":""yes"",""ticker"":""KXBTC15M-26APR280245-45"",""trade_id"":""c53b9d57-b287-5a0b-c498-d9220167b269"",""yes_price_dollars"":""0.6100""}"
KXBTC15M-26APR280245-45,4111b4df-3483-5c4a-cf04-89a305a2b212,1777357816,0.62,3.55,yes,"{""count_fp"":""3.55"",""created_time"":""2026-04-28T06:30:16.809572Z"",""no_price_dollars"":""0.3800"",""taker_side"":""yes"",""ticker"":""KXBTC15M-26APR280245-45"",""trade_id"":""4111b4df-3483-5c4a-cf04-89a305a2b212"",""yes_price_dollars"":""0.6200""}"
KXBTC15M-26APR280245-45,8f8f6717-479f-47fb-e5a9-3315596cfc05,1777357816,0.61,1.6,yes,"{""count_fp"":""1.60"",""created_time"":""2026-04-28T06:30:16.397378Z"",""no_price_dollars"":""0.3900"",""taker_side"":""yes"",""ticker"":""KXBTC15M-26APR280245-45"",""trade_id"":""8f8f6717-479f-47fb-e5a9-3315596cfc05"",""yes_price_dollars"":""0.6100""}"
KXBTC15M-26APR280245-45,7dbabe6f-7c9f-60c2-5da4-b7805cf8f145,1777357816,0.59,137.28,no,"{""count_fp"":""137.28"",""created_time"":""2026-04-28T06:30:16.190069Z"",""no_price_dollars"":""0.4100"",""taker_side"":""no"",""ticker"":""KXBTC15M-26APR280245-45"",""trade_id"":""7dbabe6f-7c9f-60c2-5da4-b7805cf8f145"",""yes_price_dollars"":""0.5900""}"
KXBTC15M-26APR280245-45,4e81692b-acaf-7826-613a-fdbfedcd3079,1777357816,0.59,304.04,no,"{""count_fp"":""304.04"",""created_time"":""2026-04-28T06:30:16.086017Z"",""no_price_dollars"":""0.4100"",""taker_side"":""no"",""ticker"":""KXBTC15M-26APR280245-45"",""trade_id"":""4e81692b-acaf-7826-613a-fdbfedcd3079"",""yes_price_dollars"":""0.5900""}"
KXBTC15M-26APR280245-45,067047e5-9e17-7875-53a7-24c1b2a59c0c,1777357816,0.59,5.0,no,"{""count_fp"":""5.00"",""created_time"":""2026-04-28T06:30:16.086017Z"",""no_price_dollars"":""0.4100"",""taker_side"":""no"",""ticker"":""KXBTC15M-26APR280245-45"",""trade_id"":""067047e5-9e17-7875-53a7-24c1b2a59c0c"",""yes_price_dollars"":""0.5900""}"
KXBTC15M-26APR280245-45,aba337d8-adc6-5eed-f0d7-4deda81102a2,1777357817,0.6,19.19,no,"{""count_fp"":""19.19"",""created_time"":""2026-04-28T06:30:17.424257Z"",""no_price_dollars"":""0.4000"",""taker_side"":""no"",""ticker"":""KXBTC15M-26APR280245-45"",""trade_id"":""aba337d8-adc6-5eed-f0d7-4deda81102a2"",""yes_price_dollars"":""0.6000""}"
KXBTC15M-26APR280245-45,b99a07c4-77ae-5249-d564-ab96c72cb176,1777357818,0.6,11.0,no,"{""count_fp"":""11.00"",""created_time"":""2026-04-28T06:30:18.605765Z"",""no_price_dollars"":""0.4000"",""taker_side"":""no"",""ticker"":""KXBTC15M-26APR280245-45"",""trade_id"":""b99a07c4-77ae-5249-d564-ab96c72cb176"",""yes_price_dollars"":""0.6000""}"
KXBTC15M-26APR280245-45,c27c5271-e251-5639-fb87-7d8790de72d3,1777357819,0.64,40.0,yes,"{""count_fp"":""40.00"",""created_time"":""2026-04-28T06:30:19.250389Z"",""no_price_dollars"":""0.3600"",""taker_side"":""yes"",""ticker"":""KXBTC15M-26APR280245-45"",""trade_id"":""c27c5271-e251-5639-fb87-7d8790de72d3"",""yes_price_dollars"":""0.6400""}"
KXBTC15M-26APR280245-45,bef4b7f2-1c2a-5eac-f935-b9164a7f18d7,1777357819,0.64,139.0,yes,"{""count_fp"":""139.00"",""created_time"":""2026-04-28T06:30:19.250389Z"",""no_price_dollars"":""0.3600"",""taker_side"":""yes"",""ticker"":""KXBTC15M-26APR280245-45"",""trade_id"":""bef4b7f2-1c2a-5eac-f935-b9164a7f18d7"",""yes_price_dollars"":""0.6400""}"
KXBTC15M-26APR280245-45,a97460a1-5f51-5730-c4a1-3c807a532471,1777357819,0.64,347.41,yes,"{""count_fp"":""347.41"",""created_time"":""2026-04-28T06:30:19.250389Z"",""no_price_dollars"":""0.3600"",""taker_side"":""yes"",""ticker"":""KXBTC15M-26APR280245-45"",""trade_id"":""a97460a1-5f51-5730-c4a1-3c807a532471"",""yes_price_dollars"":""0.6400""}"
KXBTC15M-26APR280245-45,a89b912b-eb94-5aba-c3fc-143eee65de59,1777357819,0.62,40.0,yes,"{""count_fp"":""40.00"",""created_time"":""2026-04-28T06:30:19.250389Z"",""no_price_dollars"":""0.3800"",""taker_side"":""yes"",""ticker"":""KXBTC15M-26APR280245-45"",""trade_id"":""a89b912b-eb94-5aba-c3fc-143eee65de59"",""yes_price_dollars"":""0.6200""}"
KXBTC15M-26APR280245-45,9c19a3d3-29d6-5138-d534-d6306cc1b8c8,1777357819,0.62,10.0,yes,"{""count_fp"":""10.00"",""created_time"":""2026-04-28T06:30:19.250389Z"",""no_price_dollars"":""0.3800"",""taker_side"":""yes"",""ticker"":""KXBTC15M-26APR280245-45"",""trade_id"":""9c19a3d3-29d6-5138-d534-d6306cc1b8c8"",""yes_price_dollars"":""0.6200""}"
KXBTC15M-26APR280245-45,9536c326-a96f-582e-e929-4c57594d61d0,1777357819,0.64,56.0,yes,"{""count_fp"":""56.00"",""created_time"":""2026-04-28T06:30:19.250389Z"",""no_price_dollars"":""0.3600"",""taker_side"":""yes"",""ticker"":""KXBTC15M-26APR280245-45"",""trade_id"":""9536c326-a96f-582e-e929-4c57594d61d0"",""yes_price_dollars"":""0.6400""}"
KXBTC15M-26APR280245-45,90c9d0a7-170f-5c21-ce77-3907af0c2d98,1777357819,0.61,40.0,yes,"{""count_fp"":""40.00"",""created_time"":""2026-04-28T06:30:19.250389Z"",""no_price_dollars"":""0.3900"",""taker_side"":""yes"",""ticker"":""KXBTC15M-26APR280245-45"",""trade_id"":""90c9d0a7-170f-5c21-ce77-3907af0c2d98"",""yes_price_dollars"":""0.6100""}"
KXBTC15M-26APR280245-45,768dbb17-4fbf-548e-e866-d61e3aa27c1e,1777357819,0.62,128.45,yes,"{""count_fp"":""128.45"",""created_time"":""2026-04-28T06:30:19.250389Z"",""no_price_dollars"":""0.3800"",""taker_side"":""yes"",""ticker"":""KXBTC15M-26APR280245-45"",""trade_id"":""768dbb17-4fbf-548e-e866-d61e3aa27c1e"",""yes_price_dollars"":""0.6200""}"
KXBTC15M-26APR280245-45,5332623c-20ad-5d38-d1e0-8cdaa43647b7,1777357819,0.63,400.0,yes,"{""count_fp"":""400.00"",""created_time"":""2026-04-28T06:30:19.250389Z"",""no_price_dollars"":""0.3700"",""taker_side"":""yes"",""ticker"":""KXBTC15M-26APR280245-45"",""trade_id"":""5332623c-20ad-5d38-d1e0-8cdaa43647b7"",""yes_price_dollars"":""0.6300""}"
KXBTC15M-26APR280245-45,49af5034-e301-5816-e3a7-50f7ce9ca80e,1777357819,0.63,3.0,yes,"{""count_fp"":""3.00"",""created_time"":""2026-04-28T06:30:19.250389Z"",""no_price_dollars"":""0.3700"",""taker_side"":""yes"",""ticker"":""KXBTC15M-26APR280245-45"",""trade_id"":""49af5034-e301-5816-e3a7-50f7ce9ca80e"",""yes_price_dollars"":""0.6300""}"
KXBTC15M-26APR280245-45,2868e276-55da-5c1a-ce14-1107f51b162d,1777357819,0.63,40.0,yes,"{""count_fp"":""40.00"",""created_time"":""2026-04-28T06:30:19.250389Z"",""no_price_dollars"":""0.3700"",""taker_side"":""yes"",""ticker"":""KXBTC15M-26APR280245-45"",""trade_id"":""2868e276-55da-5c1a-ce14-1107f51b162d"",""yes_price_dollars"":""0.6300""}"
KXBTC15M-26APR280245-45,02a41ec1-5a2f-5f8e-fe20-dda45bd4d170,1777357819,0.63,139.0,yes,"{""count_fp"":""139.00"",""created_time"":""2026-04-28T06:30:19.250389Z"",""no_price_dollars"":""0.3700"",""taker_side"":""yes"",""ticker"":""KXBTC15M-26APR280245-45"",""trade_id"":""02a41ec1-5a2f-5f8e-fe20-dda45bd4d170"",""yes_price_dollars"":""0.6300""}"
KXBTC15M-26APR280245-45,afbafeaf-3065-4c5c-59e1-7ea04fcdcd91,1777357820,0.62,2.0,no,"{""count_fp"":""2.00"",""created_time"":""2026-04-28T06:30:20.955021Z"",""no_price_dollars"":""0.3800"",""taker_side"":""no"",""ticker"":""KXBTC15M-26APR280245-45"",""trade_id"":""afbafeaf-3065-4c5c-59e1-7ea04fcdcd91"",""yes_price_dollars"":""0.6200""}"
KXBTC15M-26APR280245-45,aa8c75a6-0435-7f4c-a656-a860a83a0839,1777357820,0.62,11.99,no,"{""count_fp"":""11.99"",""created_time"":""2026-04-28T06:30:20.932158Z"",""no_price_dollars"":""0.3800"",""taker_side"":""no"",""ticker"":""KXBTC15M-26APR280245-45"",""trade_id"":""aa8c75a6-0435-7f4c-a656-a860a83a0839"",""yes_price_dollars"":""0.6200""}"
KXBTC15M-26APR280245-45,d83dc124-d1ce-7352-920f-9a9b16122d91,1777357820,0.64,35.14,yes,"{""count_fp"":""35.14"",""created_time"":""2026-04-28T06:30:20.881788Z"",""no_price_dollars"":""0.3600"",""taker_side"":""yes"",""ticker"":""KXBTC15M-26APR280245-45"",""trade_id"":""d83dc124-d1ce-7352-920f-9a9b16122d91"",""yes_price_dollars"":""0.6400""}"
KXBTC15M-26APR280245-45,b941bf09-638c-7c8f-a019-ddbfcbbc1a64,1777357820,0.63,3.0,yes,"{""count_fp"":""3.00"",""created_time"":""2026-04-28T06:30:20.881788Z"",""no_price_dollars"":""0.3700"",""taker_side"":""yes"",""ticker"":""KXBTC15M-26APR280245-45"",""trade_id"":""b941bf09-638c-7c8f-a019-ddbfcbbc1a64"",""yes_price_dollars"":""0.6300""}"
KXBTC15M-26APR280245-45,b397b202-2cf9-6efc-37b8-1bcfae9ea8cd,1777357820,0.62,1.0,no,"{""count_fp"":""1.00"",""created_time"":""2026-04-28T06:30:20.395508Z"",""no_price_dollars"":""0.3800"",""taker_side"":""no"",""ticker"":""KXBTC15M-26APR280245-45"",""trade_id"":""b397b202-2cf9-6efc-37b8-1bcfae9ea8cd"",""yes_price_dollars"":""0.6200""}"
KXBTC15M-26APR280245-45,b129d671-29b7-5e1f-d10d-b35de509a236,1777357820,0.63,40.0,yes,"{""count_fp"":""40.00"",""created_time"":""2026-04-28T06:30:20.050065Z"",""no_price_dollars"":""0.3700"",""taker_side"":""yes"",""ticker"":""KXBTC15M-26APR280245-45"",""trade_id"":""b129d671-29b7-5e1f-d10d-b35de509a236"",""yes_price_dollars"":""0.6300""}"
KXBTC15M-26APR280245-45,8c8ac3c1-ec12-5eba-d839-27d7834cfe44,1777357820,0.63,32.99,yes,"{""count_fp"":""32.99"",""created_time"":""2026-04-28T06:30:20.050065Z"",""no_price_dollars"":""0.3700"",""taker_side"":""yes"",""ticker"":""KXBTC15M-26APR280245-45"",""trade_id"":""8c8ac3c1-ec12-5eba-d839-27d7834cfe44"",""yes_price_dollars"":""0.6300""}"
KXBTC15M-26APR280245-45,16e133b3-df2a-53e2-e1ae-4041d72d8164,1777357820,0.63,3.0,yes,"{""count_fp"":""3.00"",""created_time"":""2026-04-28T06:30:20.050065Z"",""no_price_dollars"":""0.3700"",""taker_side"":""yes"",""ticker"":""KXBTC15M-26APR280245-45"",""trade_id"":""16e133b3-df2a-53e2-e1ae-4041d72d8164"",""yes_price_dollars"":""0.6300""}"
KXBTC15M-26APR280245-45,c8077e86-7d18-66e0-5f97-d5de97807a6f,1777357821,0.64,88.43,yes,"{""count_fp"":""88.43"",""created_time"":""2026-04-28T06:30:21.982983Z"",""no_price_dollars"":""0.3600"",""taker_side"":""yes"",""ticker"":""KXBTC15M-26APR280245-45"",""trade_id"":""c8077e86-7d18-66e0-5f97-d5de97807a6f"",""yes_price_dollars"":""0.6400""}"
KXBTC15M-26APR280245-45,514b2fe0-8578-7ab0-652b-b8c6109390fb,1777357821,0.64,10.0,yes,"{""count_fp"":""10.00"",""created_time"":""2026-04-28T06:30:21.816769Z"",""no_price_dollars"":""0.3600"",""taker_side"":""yes"",""ticker"":""KXBTC15M-26APR280245-45"",""trade_id"":""514b2fe0-8578-7ab0-652b-b8c6109390fb"",""yes_price_dollars"":""0.6400""}"
KXBTC15M-26APR280245-45,e19d71fa-722c-6114-3f5c-cd7e2f4129d3,1777357821,0.64,35.14,yes,"{""count_fp"":""35.14"",""created_time"":""2026-04-28T06:30:21.702932Z"",""no_price_dollars"":""0.3600"",""taker_side"":""yes"",""ticker"":""KXBTC15M-26APR280245-45"",""trade_id"":""e19d71fa-722c-6114-3f5c-cd7e2f4129d3"",""yes_price_dollars"":""0.6400""}"
KXBTC15M-26APR280245-45,94a2e890-da9a-6793-175f-f4ff1be37551,1777357821,0.63,3.0,yes,"{""count_fp"":""3.00"",""created_time"":""2026-04-28T06:30:21.702932Z"",""no_price_dollars"":""0.3700"",""taker_side"":""yes"",""ticker"":""KXBTC15M-26APR280245-45"",""trade_id"":""94a2e890-da9a-6793-175f-f4ff1be37551"",""yes_price_dollars"":""0.6300""}"
KXBTC15M-26APR280245-45,14ae719e-535c-6a78-7e8a-a1fa6494367f,1777357821,0.64,1.5,yes,"{""count_fp"":""1.50"",""created_time"":""2026-04-28T06:30:21.517052Z"",""no_price_dollars"":""0.3600"",""taker_side"":""yes"",""ticker"":""KXBTC15M-26APR280245-45"",""trade_id"":""14ae719e-535c-6a78-7e8a-a1fa6494367f"",""yes_price_dollars"":""0.6400""}"
KXBTC15M-26APR280245-45,b34559d1-87a0-57b8-6ea2-522bbb0bd807,1777357821,0.64,25.66,yes,"{""count_fp"":""25.66"",""created_time"":""2026-04-28T06:30:21.461759Z"",""no_price_dollars"":""0.3600"",""taker_side"":""yes"",""ticker"":""KXBTC15M-26APR280245-45"",""trade_id"":""b34559d1-87a0-57b8-6ea2-522bbb0bd807"",""yes_price_dollars"":""0.6400""}"
KXBTC15M-26APR280245-45,a06cea59-21be-54da-7ba5-a1c16519e249,1777357821,0.64,4.86,yes,"{""count_fp"":""4.86"",""created_time"":""2026-04-28T06:30:21.461759Z"",""no_price_dollars"":""0.3600"",""taker_side"":""yes"",""ticker"":""KXBTC15M-26APR280245-45"",""trade_id"":""a06cea59-21be-54da-7ba5-a1c16519e249"",""yes_price_dollars"":""0.6400""}"
KXBTC15M-26APR280245-45,a0272c1b-44e1-7c01-33ca-7f7dd07e0859,1777357821,0.63,1.0,yes,"{""count_fp"":""1.00"",""created_time"":""2026-04-28T06:30:21.386739Z"",""no_price_dollars"":""0.3700"",""taker_side"":""yes"",""ticker"":""KXBTC15M-26APR280245-45"",""trade_id"":""a0272c1b-44e1-7c01-33ca-7f7dd07e0859"",""yes_price_dollars"":""0.6300""}"
KXBTC15M-26APR280245-45,d894898a-2eeb-7a8a-ff16-55760a42adf0,1777357822,0.63,13.6,no,"{""count_fp"":""13.60"",""created_time"":""2026-04-28T06:30:22.810971Z"",""no_price_dollars"":""0.3700"",""taker_side"":""no"",""ticker"":""KXBTC15M-26APR280245-45"",""trade_id"":""d894898a-2eeb-7a8a-ff16-55760a42adf0"",""yes_price_dollars"":""0.6300""}"
KXBTC15M-26APR280245-45,983494b2-3960-7438-c666-149a968ad6f9,1777357822,0.63,11.62,no,"{""count_fp"":""11.62"",""created_time"":""2026-04-28T06:30:22.810971Z"",""no_price_dollars"":""0.3700"",""taker_side"":""no"",""ticker"":""KXBTC15M-26APR280245-45"",""trade_id"":""983494b2-3960-7438-c666-149a968ad6f9"",""yes_price_dollars"":""0.6300""}"
KXBTC15M-26APR280245-45,de832e09-8de4-768c-bbdc-d7f14f9d4021,1777357822,0.63,3.0,no,"{""count_fp"":""3.00"",""created_time"":""2026-04-28T06:30:22.558544Z"",""no_price_dollars"":""0.3700"",""taker_side"":""no"",""ticker"":""KXBTC15M-26APR280245-45"",""trade_id"":""de832e09-8de4-768c-bbdc-d7f14f9d4021"",""yes_price_dollars"":""0.6300""}"
KXBTC15M-26APR280245-45,ea4580ad-d7b0-5d67-9680-84300745169d,1777357822,0.63,40.0,no,"{""count_fp"":""40.00"",""created_time"":""2026-04-28T06:30:22.278134Z"",""no_price_dollars"":""0.3700"",""taker_side"":""no"",""ticker"":""KXBTC15M-26APR280245-45"",""trade_id"":""ea4580ad-d7b0-5d67-9680-84300745169d"",""yes_price_dollars"":""0.6300""}"
KXBTC15M-26APR280245-45,b3e2397b-cb9e-5e17-8aee-a0f26e98f26a,1777357822,0.63,10.0,no,"{""count_fp"":""10.00"",""created_time"":""2026-04-28T06:30:22.278134Z"",""no_price_dollars"":""0.3700"",""taker_side"":""no"",""ticker"":""KXBTC15M-26APR280245-45"",""trade_id"":""b3e2397b-cb9e-5e17-8aee-a0f26e98f26a"",""yes_price_dollars"":""0.6300""}"
KXBTC15M-26APR280245-45,4c4ae0d4-56c4-5fe8-b07e-251b2f83e085,1777357822,0.63,9.38,no,"{""count_fp"":""9.38"",""created_time"":""2026-04-28T06:30:22.278134Z"",""no_price_dollars"":""0.3700"",""taker_side"":""no"",""ticker"":""KXBTC15M-26APR280245-45"",""trade_id"":""4c4ae0d4-56c4-5fe8-b07e-251b2f83e085"",""yes_price_dollars"":""0.6300""}"
KXBTC15M-26APR280245-45,28db7021-bead-5917-a169-fd462ec5ae55,1777357822,0.63,21.0,no,"{""count_fp"":""21.00"",""created_time"":""2026-04-28T06:30:22.278134Z"",""no_price_dollars"":""0.3700"",""taker_side"":""no"",""ticker"":""KXBTC15M-26APR280245-45"",""trade_id"":""28db7021-bead-5917-a169-fd462ec5ae55"",""yes_price_dollars"":""0.6300""}"
KXBTC15M-26APR280245-45,32c9ed24-4c04-43e0-3a88-d5c12ce6f0bb,1777357822,0.64,101.6,yes,"{""count_fp"":""101.60"",""created_time"":""2026-04-28T06:30:22.159525Z"",""no_price_dollars"":""0.3600"",""taker_side"":""yes"",""ticker"":""KXBTC15M-26APR280245-45"",""trade_id"":""32c9ed24-4c04-43e0-3a88-d5c12ce6f0bb"",""yes_price_dollars"":""0.6400""}"
KXBTC15M-26APR280245-45,bab48a32-f473-4dec-8c57-5ae6c99c04e9,1777357823,0.64,20.0,yes,"{""count_fp"":""20.00"",""created_time"":""2026-04-28T06:30:23.578024Z"",""no_price_dollars"":""0.3600"",""taker_side"":""yes"",""ticker"":""KXBTC15M-26APR280245-45"",""trade_id"":""bab48a32-f473-4dec-8c57-5ae6c99c04e9"",""yes_price_dollars"":""0.6400""}"
KXBTC15M-26APR280245-45,5ea46f47-2361-7455-da18-b47520dad9cf,1777357823,0.64,29.9,yes,"{""count_fp"":""29.90"",""created_time"":""2026-04-28T06:30:23.165405Z"",""no_price_dollars"":""0.3600"",""taker_side"":""yes"",""ticker"":""KXBTC15M-26APR280245-45"",""trade_id"":""5ea46f47-2361-7455-da18-b47520dad9cf"",""yes_price_dollars"":""0.6400""}"
KXBTC15M-26APR280245-45,83cef760-3012-422b-0039-0a114921ddca,1777357824,0.64,15.01,yes,"{""count_fp"":""15.01"",""created_time"":""2026-04-28T06:30:24.915146Z"",""no_price_dollars"":""0.3600"",""taker_side"":""yes"",""ticker"":""KXBTC15M-26APR280245-45"",""trade_id"":""83cef760-3012-422b-0039-0a114921ddca"",""yes_price_dollars"":""0.6400""}"
KXBTC15M-26APR280245-45,f7864dff-8718-47df-958f-5d1c970bdf88,1777357824,0.64,500.0,no,"{""count_fp"":""500.00"",""created_time"":""2026-04-28T06:30:24.777125Z"",""no_price_dollars"":""0.3600"",""taker_side"":""no"",""ticker"":""KXBTC15M-26APR280245-45"",""trade_id"":""f7864dff-8718-47df-958f-5d1c970bdf88"",""yes_price_dollars"":""0.6400""}"
KXBTC15M-26APR280245-45,ef573779-92c2-4ee9-8991-fe41167726f7,1777357824,0.63,1.0,no,"{""count_fp"":""1.00"",""created_time"":""2026-04-28T06:30:24.777125Z"",""no_price_dollars"":""0.3700"",""taker_side"":""no"",""ticker"":""KXBTC15M-26APR280245-45"",""trade_id"":""ef573779-92c2-4ee9-8991-fe41167726f7"",""yes_price_dollars"":""0.6300""}"
KXBTC15M-26APR280245-45,a48c292b-ec62-482a-ad12-3f35c166c959,1777357824,0.64,99.88,no,"{""count_fp"":""99.88"",""created_time"":""2026-04-28T06:30:24.777125Z"",""no_price_dollars"":""0.3600"",""taker_side"":""no"",""ticker"":""KXBTC15M-26APR280245-45"",""trade_id"":""a48c292b-ec62-482a-ad12-3f35c166c959"",""yes_price_dollars"":""0.6400""}"
KXBTC15M-26APR280245-45,a3863cfb-0d88-46ee-a573-ea0d2ada1c9e,1777357824,0.62,10.0,no,"{""count_fp"":""10.00"",""created_time"":""2026-04-28T06:30:24.777125Z"",""no_price_dollars"":""0.3800"",""taker_side"":""no"",""ticker"":""KXBTC15M-26APR280245-45"",""trade_id"":""a3863cfb-0d88-46ee-a573-ea0d2ada1c9e"",""yes_price_dollars"":""0.6200""}"
KXBTC15M-26APR280245-45,8ca4f05f-7421-45d8-bfe4-f9d64af96f31,1777357824,0.62,25.01,no,"{""count_fp"":""25.01"",""created_time"":""2026-04-28T06:30:24.777125Z"",""no_price_dollars"":""0.3800"",""taker_side"":""no"",""ticker"":""KXBTC15M-26APR280245-45"",""trade_id"":""8ca4f05f-7421-45d8-bfe4-f9d64af96f31"",""yes_price_dollars"":""0.6200""}"
KXBTC15M-26APR280245-45,84741eaf-cd78-4777-bda5-09e045f11aae,1777357824,0.62,10.0,no,"{""count_fp"":""10.00"",""created_time"":""2026-04-28T06:30:24.777125Z"",""no_price_dollars"":""0.3800"",""taker_side"":""no"",""ticker"":""KXBTC15M-26APR280245-45"",""trade_id"":""84741eaf-cd78-4777-bda5-09e045f11aae"",""yes_price_dollars"":""0.6200""}"
KXBTC15M-26APR280245-45,66c89739-024b-4623-babf-7d6381816099,1777357824,0.64,21.0,no,"{""count_fp"":""21.00"",""created_time"":""2026-04-28T06:30:24.777125Z"",""no_price_dollars"":""0.3600"",""taker_side"":""no"",""ticker"":""KXBTC15M-26APR280245-45"",""trade_id"":""66c89739-024b-4623-babf-7d6381816099"",""yes_price_dollars"":""0.6400""}"
KXBTC15M-26APR280245-45,62f5dc54-91d3-440e-8d37-8f0516c0535a,1777357824,0.64,40.0,no,"{""count_fp"":""40.00"",""created_time"":""2026-04-28T06:30:24.777125Z"",""no_price_dollars"":""0.3600"",""taker_side"":""no"",""ticker"":""KXBTC15M-26APR280245-45"",""trade_id"":""62f5dc54-91d3-440e-8d37-8f0516c0535a"",""yes_price_dollars"":""0.6400""}"
KXBTC15M-26APR280245-45,508adddb-05f6-4821-a9e9-42957b3cb0a5,1777357824,0.64,3.0,no,"{""count_fp"":""3.00"",""created_time"":""2026-04-28T06:30:24.777125Z"",""no_price_dollars"":""0.3600"",""taker_side"":""no"",""ticker"":""KXBTC15M-26APR280245-45"",""trade_id"":""508adddb-05f6-4821-a9e9-42957b3cb0a5"",""yes_price_dollars"":""0.6400""}"
KXBTC15M-26APR280245-45,42505238-4768-4b1f-9a9d-8a67e8c42fff,1777357824,0.63,40.0,no,"{""count_fp"":""40.00"",""created_time"":""2026-04-28T06:30:24.777125Z"",""no_price_dollars"":""0.3700"",""taker_side"":""no"",""ticker"":""KXBTC15M-26APR280245-45"",""trade_id"":""42505238-4768-4b1f-9a9d-8a67e8c42fff"",""yes_price_dollars"":""0.6300""}"
KXBTC15M-26APR280245-45,3543b004-9457-45f2-92c7-7f52bb6c8f99,1777357824,0.62,984.37,no,"{""count_fp"":""984.37"",""created_time"":""2026-04-28T06:30:24.777125Z"",""no_price_dollars"":""0.3800"",""taker_side"":""no"",""ticker"":""KXBTC15M-26APR280245-45"",""trade_id"":""3543b004-9457-45f2-92c7-7f52bb6c8f99"",""yes_price_dollars"":""0.6200""}"
KXBTC15M-26APR280245-45,3256f322-942e-4ec9-9132-825163b1747a,1777357824,0.64,730.13,no,"{""count_fp"":""730.13"",""created_time"":""2026-04-28T06:30:24.777125Z"",""no_price_dollars"":""0.3600"",""taker_side"":""no"",""ticker"":""KXBTC15M-26APR280245-45"",""trade_id"":""3256f322-942e-4ec9-9132-825163b1747a"",""yes_price_dollars"":""0.6400""}"
KXBTC15M-26APR280245-45,b39ceeac-1c46-6e67-4fcb-02e33c268aa8,1777357824,0.65,0.36,yes,"{""count_fp"":""0.36"",""created_time"":""2026-04-28T06:30:24.757349Z"",""no_price_dollars"":""0.3500"",""taker_side"":""yes"",""ticker"":""KXBTC15M-26APR280245-45"",""trade_id"":""b39ceeac-1c46-6e67-4fcb-02e33c268aa8"",""yes_price_dollars"":""0.6500""}"
KXBTC15M-26APR280245-45,44cc3ff6-018a-5055-a908-e6c722b2a236,1777357824,0.64,270.68,no,"{""count_fp"":""270.68"",""created_time"":""2026-04-28T06:30:24.342722Z"",""no_price_dollars"":""0.3600"",""taker_side"":""no"",""ticker"":""KXBTC15M-26APR280245-45"",""trade_id"":""44cc3ff6-018a-5055-a908-e6c722b2a236"",""yes_price_dollars"":""0.6400""}"
KXBTC15M-26APR280245-45,bebd5d41-1eb3-4525-7596-71ad9899e789,1777357824,0.64,21.0,no,"{""count_fp"":""21.00"",""created_time"":""2026-04-28T06:30:24.248645Z"",""no_price_dollars"":""0.3600"",""taker_side"":""no"",""ticker"":""KXBTC15M-26APR280245-45"",""trade_id"":""bebd5d41-1eb3-4525-7596-71ad9899e789"",""yes_price_dollars"":""0.6400""}"
KXBTC15M-26APR280245-45,ab44dc92-f200-4998-756a-405eec30bbc4,1777357824,0.64,10.0,no,"{""count_fp"":""10.00"",""created_time"":""2026-04-28T06:30:24.248645Z"",""no_price_dollars"":""0.3600"",""taker_side"":""no"",""ticker"":""KXBTC15M-26APR280245-45"",""trade_id"":""ab44dc92-f200-4998-756a-405eec30bbc4"",""yes_price_dollars"":""0.6400""}"
KXBTC15M-26APR280245-45,3cad6b7f-9ca1-4d10-75ed-4578b20269bf,1777357824,0.64,289.88,no,"{""count_fp"":""289.88"",""created_time"":""2026-04-28T06:30:24.248645Z"",""no_price_dollars"":""0.3600"",""taker_side"":""no"",""ticker"":""KXBTC15M-26APR280245-45"",""trade_id"":""3cad6b7f-9ca1-4d10-75ed-4578b20269bf"",""yes_price_dollars"":""0.6400""}"
KXBTC15M-26APR280245-45,1eded16f-7772-4ab2-7715-5cbf93c42a81,1777357824,0.64,29.12,no,"{""count_fp"":""29.12"",""created_time"":""2026-04-28T06:30:24.248645Z"",""no_price_dollars"":""0.3600"",""taker_side"":""no"",""ticker"":""KXBTC15M-26APR280245-45"",""trade_id"":""1eded16f-7772-4ab2-7715-5cbf93c42a81"",""yes_price_dollars"":""0.6400""}"
KXBTC15M-26APR280245-45,75b33245-113e-63eb-79f8-e5214e819268,1777357824,0.65,8.0,yes,"{""count_fp"":""8.00"",""created_time"":""2026-04-28T06:30:24.205534Z"",""no_price_dollars"":""0.3500"",""taker_side"":""yes"",""ticker"":""KXBTC15M-26APR280245-45"",""trade_id"":""75b33245-113e-63eb-79f8-e5214e819268"",""yes_price_dollars"":""0.6500""}"
KXBTC15M-26APR280245-45,99655a26-008d-5edf-fe0c-d906a5e5c453,1777357824,0.64,40.0,no,"{""count_fp"":""40.00"",""created_time"":""2026-04-28T06:30:24.116513Z"",""no_price_dollars"":""0.3600"",""taker_side"":""no"",""ticker"":""KXBTC15M-26APR280245-45"",""trade_id"":""99655a26-008d-5edf-fe0c-d906a5e5c453"",""yes_price_dollars"":""0.6400""}"
KXBTC15M-26APR280245-45,4f3748a5-d829-5ff0-cd3d-d505251b5323,1777357824,0.64,210.12,no,"{""count_fp"":""210.12"",""created_time"":""2026-04-28T06:30:24.116513Z"",""no_price_dollars"":""0.3600"",""taker_side"":""no"",""ticker"":""KXBTC15M-26APR280245-45"",""trade_id"":""4f3748a5-d829-5ff0-cd3d-d505251b5323"",""yes_price_dollars"":""0.6400""}"
KXBTC15M-26APR280245-45,901b7044-bce4-7da2-7c38-dc10c57e9120,1777357825,0.65,4.0,yes,"{""count_fp"":""4.00"",""created_time"":""2026-04-28T06:30:25.299661Z"",""no_price_dollars"":""0.3500"",""taker_side"":""yes"",""ticker"":""KXBTC15M-26APR280245-45"",""trade_id"":""901b7044-bce4-7da2-7c38-dc10c57e9120"",""yes_price_dollars"":""0.6500""}"
KXBTC15M-26APR280245-45,732ddab2-edc2-7897-7218-feddef5139c4,1777357825,0.65,18.52,yes,"{""count_fp"":""18.52"",""created_time"":""2026-04-28T06:30:25.299661Z"",""no_price_dollars"":""0.3500"",""taker_side"":""yes"",""ticker"":""KXBTC15M-26APR280245-45"",""trade_id"":""732ddab2-edc2-7897-7218-feddef5139c4"",""yes_price_dollars"":""0.6500""}"
KXBTC15M-26APR280245-45,37c37f7c-2b72-7ea9-4cfc-466bb73928e4,1777357825,0.67,40.0,yes,"{""count_fp"":""40.00"",""created_time"":""2026-04-28T06:30:25.299661Z"",""no_price_dollars"":""0.3300"",""taker_side"":""yes"",""ticker"":""KXBTC15M-26APR280245-45"",""trade_id"":""37c37f7c-2b72-7ea9-4cfc-466bb73928e4"",""yes_price_dollars"":""0.6700""}"
KXBTC15M-26APR280245-45,0a49d69c-09b0-7d62-64b6-1204dede087c,1777357825,0.66,40.0,yes,"{""count_fp"":""40.00"",""created_time"":""2026-04-28T06:30:25.299661Z"",""no_price_dollars"":""0.3400"",""taker_side"":""yes"",""ticker"":""KXBTC15M-26APR280245-45"",""trade_id"":""0a49d69c-09b0-7d62-64b6-1204dede087c"",""yes_price_dollars"":""0.6600""}"
KXBTC15M-26APR280245-45,01be2a8d-63f7-7d19-58c2-727b77831595,1777357825,0.67,12.48,yes,"{""count_fp"":""12.48"",""created_time"":""2026-04-28T06:30:25.299661Z"",""no_price_dollars"":""0.3300"",""taker_side"":""yes"",""ticker"":""KXBTC15M-26APR280245-45"",""trade_id"":""01be2a8d-63f7-7d19-58c2-727b77831595"",""yes_price_dollars"":""0.6700""}"
KXBTC15M-26APR280245-45,7c9bb2ee-448a-57e3-c076-55d3ed5aab40,1777357825,0.65,45.05,yes,"{""count_fp"":""45.05"",""created_time"":""2026-04-28T06:30:25.275435Z"",""no_price_dollars"":""0.3500"",""taker_side"":""yes"",""ticker"":""KXBTC15M-26APR280245-45"",""trade_id"":""7c9bb2ee-448a-57e3-c076-55d3ed5aab40"",""yes_price_dollars"":""0.6500""}"
KXBTC15M-26APR280245-45,2cda1808-00ae-4d93-e7bc-439673566ebc,1777357825,0.65,66.07,yes,"{""count_fp"":""66.07"",""created_time"":""2026-04-28T06:30:25.216017Z"",""no_price_dollars"":""0.3500"",""taker_side"":""yes"",""ticker"":""KXBTC15M-26APR280245-45"",""trade_id"":""2cda1808-00ae-4d93-e7bc-439673566ebc"",""yes_price_dollars"":""0.6500""}"
KXBTC15M-26APR280245-45,d2217f66-9850-5220-fdcd-491e49240d8e,1777357825,0.63,1.0,no,"{""count_fp"":""1.00"",""created_time"":""2026-04-28T06:30:25.042978Z"",""no_price_dollars"":""0.3700"",""taker_side"":""no"",""ticker"":""KXBTC15M-26APR280245-45"",""trade_id"":""d2217f66-9850-5220-fdcd-491e49240d8e"",""yes_price_dollars"":""0.6300""}"
KXBTC15M-26APR280245-45,e60d7ab9-8af5-6f2b-7ff4-0a88f327640b,1777357827,0.68,40.0,no,"{""count_fp"":""40.00"",""created_time"":""2026-04-28T06:30:27.789501Z"",""no_price_dollars"":""0.3200"",""taker_side"":""no"",""ticker"":""KXBTC15M-26APR280245-45"",""trade_id"":""e60d7ab9-8af5-6f2b-7ff4-0a88f327640b"",""yes_price_dollars"":""0.6800""}"
KXBTC15M-26APR280245-45,92c16be4-644d-62c2-57c6-543d6c3398f3,1777357827,0.67,16.22,no,"{""count_fp"":""16.22"",""created_time"":""2026-04-28T06:30:27.789501Z"",""no_price_dollars"":""0.3300"",""taker_side"":""no"",""ticker"":""KXBTC15M-26APR280245-45"",""trade_id"":""92c16be4-644d-62c2-57c6-543d6c3398f3"",""yes_price_dollars"":""0.6700""}"
KXBTC15M-26APR280245-45,f566f9b2-9fe3-4d8e-d3bc-69081c12f170,1777357827,0.67,3.75,yes,"{""count_fp"":""3.75"",""created_time"":""2026-04-28T06:30:27.745583Z"",""no_price_dollars"":""0.3300"",""taker_side"":""yes"",""ticker"":""KXBTC15M-26APR280245-45"",""trade_id"":""f566f9b2-9fe3-4d8e-d3bc-69081c12f170"",""yes_price_dollars"":""0.6700""}"
KXBTC15M-26APR280245-45,d9e79902-caa0-4ef3-d433-4d9d07c04439,1777357827,0.67,18.25,yes,"{""count_fp"":""18.25"",""created_time"":""2026-04-28T06:30:27.745583Z"",""no_price_dollars"":""0.3300"",""taker_side"":""yes"",""ticker"":""KXBTC15M-26APR280245-45"",""trade_id"":""d9e79902-caa0-4ef3-d433-4d9d07c04439"",""yes_price_dollars"":""0.6700""}"
KXBTC15M-26APR280245-45,17fa9394-daeb-420c-f797-d4d3e80161ef,1777357827,0.67,2.0,yes,"{""count_fp"":""2.00"",""created_time"":""2026-04-28T06:30:27.745583Z"",""no_price_dollars"":""0.3300"",""taker_side"":""yes"",""ticker"":""KXBTC15M-26APR280245-45"",""trade_id"":""17fa9394-daeb-420c-f797-d4d3e80161ef"",""yes_price_dollars"":""0.6700""}"
KXBTC15M-26APR280245-45,7c45e25a-3486-7ddc-3656-ce1c2ff46d51,1777357827,0.66,24.0,no,"{""count_fp"":""24.00"",""created_time"":""2026-04-28T06:30:27.696862Z"",""no_price_dollars"":""0.3400"",""taker_side"":""no"",""ticker"":""KXBTC15M-26APR280245-45"",""trade_id"":""7c45e25a-3486-7ddc-3656-ce1c2ff46d51"",""yes_price_dollars"":""0.6600""}"
KXBTC15M-26APR280245-45,75edd99c-a81e-581a-635e-1f3ddb1e45b6,1777357827,0.66,3.0,no,"{""count_fp"":""3.00"",""created_time"":""2026-04-28T06:30:27.068121Z"",""no_price_dollars"":""0.3400"",""taker_side"":""no"",""ticker"":""KXBTC15M-26APR280245-45"",""trade_id"":""75edd99c-a81e-581a-635e-1f3ddb1e45b6"",""yes_price_dollars"":""0.6600""}"
KXBTC15M-26APR280245-45,2017f4b8-a738-5cfd-4350-2d40fc0ba5c2,1777357827,0.66,22.0,no,"{""count_fp"":""22.00"",""created_time"":""2026-04-28T06:30:27.068121Z"",""no_price_dollars"":""0.3400"",""taker_side"":""no"",""ticker"":""KXBTC15M-26APR280245-45"",""trade_id"":""2017f4b8-a738-5cfd-4350-2d40fc0ba5c2"",""yes_price_dollars"":""0.6600""}"
KXBTC15M-26APR280245-45,b25540a3-cf18-50c3-f42b-22a3e6a019a3,1777357828,0.68,50.16,no,"{""count_fp"":""50.16"",""created_time"":""2026-04-28T06:30:28.987301Z"",""no_price_dollars"":""0.3200"",""taker_side"":""no"",""ticker"":""KXBTC15M-26APR280245-45"",""trade_id"":""b25540a3-cf18-50c3-f42b-22a3e6a019a3"",""yes_price_dollars"":""0.6800""}"
KXBTC15M-26APR280245-45,0c9f0b43-8d07-592b-eb92-b713e5ccff95,1777357828,0.68,22.0,no,"{""count_fp"":""22.00"",""created_time"":""2026-04-28T06:30:28.987301Z"",""no_price_dollars"":""0.3200"",""taker_side"":""no"",""ticker"":""KXBTC15M-26APR280245-45"",""trade_id"":""0c9f0b43-8d07-592b-eb92-b713e5ccff95"",""yes_price_dollars"":""0.6800""}"
KXBTC15M-26APR280245-45,19f9256b-7edc-6985-6c2a-0111171b3678,1777357828,0.68,16.3,no,"{""count_fp"":""16.30"",""created_time"":""2026-04-28T06:30:28.594738Z"",""no_price_dollars"":""0.3200"",""taker_side"":""no"",""ticker"":""KXBTC15M-26APR280245-45"",""trade_id"":""19f9256b-7edc-6985-6c2a-0111171b3678"",""yes_price_dollars"":""0.6800""}"
KXBTC15M-26APR280245-45,1e30ebfb-5c3c-7c63-62a8-63aba99623bb,1777357829,0.68,5.07,no,"{""count_fp"":""5.07"",""created_time"":""2026-04-28T06:30:29.837938Z"",""no_price_dollars"":""0.3200"",""taker_side"":""no"",""ticker"":""KXBTC15M-26APR280245-45"",""trade_id"":""1e30ebfb-5c3c-7c63-62a8-63aba99623bb"",""yes_price_dollars"":""0.6800""}"
KXBTC15M-26APR280245-45,9b2f41e5-cb90-52df-676a-b645c5f827ff,1777357829,0.68,8.43,no,"{""count_fp"":""8.43"",""created_time"":""2026-04-28T06:30:29.598632Z"",""no_price_dollars"":""0.3200"",""taker_side"":""no"",""ticker"":""KXBTC15M-26APR280245-45"",""trade_id"":""9b2f41e5-cb90-52df-676a-b645c5f827ff"",""yes_price_dollars"":""0.6800""}"
KXBTC15M-26APR280245-45,27887037-2600-6497-7cde-2b53f0a44aa7,1777357829,0.68,39.88,no,"{""count_fp"":""39.88"",""created_time"":""2026-04-28T06:30:29.451925Z"",""no_price_dollars"":""0.3200"",""taker_side"":""no"",""ticker"":""KXBTC15M-26APR280245-45"",""trade_id"":""27887037-2600-6497-7cde-2b53f0a44aa7"",""yes_price_dollars"":""0.6800""}"
KXBTC15M-26APR280245-45,4b257d4c-3534-505f-eb0d-cc1f6fa8598f,1777357830,0.69,2.0,no,"{""count_fp"":""2.00"",""created_time"":""2026-04-28T06:30:30.982381Z"",""no_price_dollars"":""0.3100"",""taker_side"":""no"",""ticker"":""KXBTC15M-26APR280245-45"",""trade_id"":""4b257d4c-3534-505f-eb0d-cc1f6fa8598f"",""yes_price_dollars"":""0.6900""}"
KXBTC15M-26APR280245-45,694576a8-28e5-5a32-5d7f-fb54cf7fb89d,1777357830,0.7,0.25,yes,"{""count_fp"":""0.25"",""created_time"":""2026-04-28T06:30:30.441301Z"",""no_price_dollars"":""0.3000"",""taker_side"":""yes"",""ticker"":""KXBTC15M-26APR280245-45"",""trade_id"":""694576a8-28e5-5a32-5d7f-fb54cf7fb89d"",""yes_price_dollars"":""0.7000""}"
KXBTC15M-26APR280245-45,acfcad41-64f1-6f4c-7f7b-3ce23b46fc6e,1777357830,0.7,1.0,yes,"{""count_fp"":""1.00"",""created_time"":""2026-04-28T06:30:30.368337Z"",""no_price_dollars"":""0.3000"",""taker_side"":""yes"",""ticker"":""KXBTC15M-26APR280245-45"",""trade_id"":""acfcad41-64f1-6f4c-7f7b-3ce23b46fc6e"",""yes_price_dollars"":""0.7000""}"
KXBTC15M-26APR280245-45,783ed2e2-8ed9-6b9e-6d84-8cbffe3c0f09,1777357830,0.7,0.75,yes,"{""count_fp"":""0.75"",""created_time"":""2026-04-28T06:30:30.368337Z"",""no_price_dollars"":""0.3000"",""taker_side"":""yes"",""ticker"":""KXBTC15M-26APR280245-45"",""trade_id"":""783ed2e2-8ed9-6b9e-6d84-8cbffe3c0f09"",""yes_price_dollars"":""0.7000""}"
KXBTC15M-26APR280245-45,36caba44-7c36-68e8-408f-aab2d35310c5,1777357830,0.7,1.0,yes,"{""count_fp"":""1.00"",""created_time"":""2026-04-28T06:30:30.368337Z"",""no_price_dollars"":""0.3000"",""taker_side"":""yes"",""ticker"":""KXBTC15M-26APR280245-45"",""trade_id"":""36caba44-7c36-68e8-408f-aab2d35310c5"",""yes_price_dollars"":""0.7000""}"
KXBTC15M-26APR280245-45,326bad39-ef77-61c3-4cd5-9ea0b2bb7cc7,1777357830,0.7,5.0,yes,"{""count_fp"":""5.00"",""created_time"":""2026-04-28T06:30:30.368337Z"",""no_price_dollars"":""0.3000"",""taker_side"":""yes"",""ticker"":""KXBTC15M-26APR280245-45"",""trade_id"":""326bad39-ef77-61c3-4cd5-9ea0b2bb7cc7"",""yes_price_dollars"":""0.7000""}"
KXBTC15M-26APR280245-45,7ec2f58f-f4ef-71d1-0d86-f45aade97aa6,1777357830,0.69,3.0,no,"{""count_fp"":""3.00"",""created_time"":""2026-04-28T06:30:30.136847Z"",""no_price_dollars"":""0.3100"",""taker_side"":""no"",""ticker"":""KXBTC15M-26APR280245-45"",""trade_id"":""7ec2f58f-f4ef-71d1-0d86-f45aade97aa6"",""yes_price_dollars"":""0.6900""}"
KXBTC15M-26APR280245-45,60754ba5-e5aa-7650-0b07-6ca4552c92e0,1777357830,0.69,40.0,no,"{""count_fp"":""40.00"",""created_time"":""2026-04-28T06:30:30.136847Z"",""no_price_dollars"":""0.3100"",""taker_side"":""no"",""ticker"":""KXBTC15M-26APR280245-45"",""trade_id"":""60754ba5-e5aa-7650-0b07-6ca4552c92e0"",""yes_price_dollars"":""0.6900""}"
KXBTC15M-26APR280245-45,51ca3ace-a08b-7cfc-04e1-e81cb1e2c46c,1777357830,0.69,82.0,no,"{""count_fp"":""82.00"",""created_time"":""2026-04-28T06:30:30.136847Z"",""no_price_dollars"":""0.3100"",""taker_side"":""no"",""ticker"":""KXBTC15M-26APR280245-45"",""trade_id"":""51ca3ace-a08b-7cfc-04e1-e81cb1e2c46c"",""yes_price_dollars"":""0.6900""}"
KXBTC15M-26APR280245-45,9addcc05-ffd1-69ba-32ef-dca4d8730c39,1777357830,0.69,3.0,yes,"{""count_fp"":""3.00"",""created_time"":""2026-04-28T06:30:30.020103Z"",""no_price_dollars"":""0.3100"",""taker_side"":""yes"",""ticker"":""KXBTC15M-26APR280245-45"",""trade_id"":""9addcc05-ffd1-69ba-32ef-dca4d8730c39"",""yes_price_dollars"":""0.6900""}"
KXBTC15M-26APR280245-45,fabec20c-887c-5923-74ea-968b9de6366b,1777357831,0.69,14.91,no,"{""count_fp"":""14.91"",""created_time"":""2026-04-28T06:30:31.726215Z"",""no_price_dollars"":""0.3100"",""taker_side"":""no"",""ticker"":""KXBTC15M-26APR280245-45"",""trade_id"":""fabec20c-887c-5923-74ea-968b9de6366b"",""yes_price_dollars"":""0.6900""}"
KXBTC15M-26APR280245-45,701cb068-c42d-4b16-10b6-0b1c579a9591,1777357831,0.7,2.0,yes,"{""count_fp"":""2.00"",""created_time"":""2026-04-28T06:30:31.671962Z"",""no_price_dollars"":""0.3000"",""taker_side"":""yes"",""ticker"":""KXBTC15M-26APR280245-45"",""trade_id"":""701cb068-c42d-4b16-10b6-0b1c579a9591"",""yes_price_dollars"":""0.7000""}"
KXBTC15M-26APR280245-45,6aa605cd-0e20-43dc-23f9-72feb10002df,1777357831,0.7,39.54,yes,"{""count_fp"":""39.54"",""created_time"":""2026-04-28T06:30:31.671962Z"",""no_price_dollars"":""0.3000"",""taker_side"":""yes"",""ticker"":""KXBTC15M-26APR280245-45"",""trade_id"":""6aa605cd-0e20-43dc-23f9-72feb10002df"",""yes_price_dollars"":""0.7000""}"
KXBTC15M-26APR280245-45,ee83fc6f-c797-5f52-4e65-ace8cbb56738,1777357832,0.7,23.0,yes,"{""count_fp"":""23.00"",""created_time"":""2026-04-28T06:30:32.475732Z"",""no_price_dollars"":""0.3000"",""taker_side"":""yes"",""ticker"":""KXBTC15M-26APR280245-45"",""trade_id"":""ee83fc6f-c797-5f52-4e65-ace8cbb56738"",""yes_price_dollars"":""0.7000""}"
KXBTC15M-26APR280245-45,ca330231-1274-5194-73e1-4bc5b5af003f,1777357832,0.7,0.46,yes,"{""count_fp"":""0.46"",""created_time"":""2026-04-28T06:30:32.475732Z"",""no_price_dollars"":""0.3000"",""taker_side"":""yes"",""ticker"":""KXBTC15M-26APR280245-45"",""trade_id"":""ca330231-1274-5194-73e1-4bc5b5af003f"",""yes_price_dollars"":""0.7000""}"
KXBTC15M-26APR280245-45,cf09d1e3-cccd-6b6e-71d3-38cdc3ed984b,1777357833,0.7,6.98,yes,"{""count_fp"":""6.98"",""created_time"":""2026-04-28T06:30:33.971932Z"",""no_price_dollars"":""0.3000"",""taker_side"":""yes"",""ticker"":""KXBTC15M-26APR280245-45"",""trade_id"":""cf09d1e3-cccd-6b6e-71d3-38cdc3ed984b"",""yes_price_dollars"":""0.7000""}"
KXBTC15M-26APR280245-45,710542ce-041b-4f04-47ab-26cf9bc6ffc8,1777357833,0.69,3.07,no,"{""count_fp"":""3.07"",""created_time"":""2026-04-28T06:30:33.873377Z"",""no_price_dollars"":""0.3100"",""taker_side"":""no"",""ticker"":""KXBTC15M-26APR280245-45"",""trade_id"":""710542ce-041b-4f04-47ab-26cf9bc6ffc8"",""yes_price_dollars"":""0.6900""}"
KXBTC15M-26APR280245-45,72e53aad-d475-4b2a-eb7b-ff0d6e0ca627,1777357833,0.7,1.39,yes,"{""count_fp"":""1.39"",""created_time"":""2026-04-28T06:30:33.846604Z"",""no_price_dollars"":""0.3000"",""taker_side"":""yes"",""ticker"":""KXBTC15M-26APR280245-45"",""trade_id"":""72e53aad-d475-4b2a-eb7b-ff0d6e0ca627"",""yes_price_dollars"":""0.7000""}"
KXBTC15M-26APR280245-45,0d85bfb3-37f3-7338-9d68-e771c41d3a4c,1777357833,0.69,322.0,no,"{""count_fp"":""322.00"",""created_time"":""2026-04-28T06:30:33.177891Z"",""no_price_dollars"":""0.3100"",""taker_side"":""no"",""ticker"":""KXBTC15M-26APR280245-45"",""trade_id"":""0d85bfb3-37f3-7338-9d68-e771c41d3a4c"",""yes_price_dollars"":""0.6900""}"
KXBTC15M-26APR280245-45,23c42f28-692d-6f0e-7b49-207f5c0d23a7,1777357833,0.7,20.98,yes,"{""count_fp"":""20.98"",""created_time"":""2026-04-28T06:30:33.159017Z"",""no_price_dollars"":""0.3000"",""taker_side"":""yes"",""ticker"":""KXBTC15M-26APR280245-45"",""trade_id"":""23c42f28-692d-6f0e-7b49-207f5c0d23a7"",""yes_price_dollars"":""0.7000""}"
KXBTC15M-26APR280245-45,8fbd4d82-344f-75c4-f354-bab269a47274,1777357833,0.69,6.15,no,"{""count_fp"":""6.15"",""created_time"":""2026-04-28T06:30:33.130616Z"",""no_price_dollars"":""0.3100"",""taker_side"":""no"",""ticker"":""KXBTC15M-26APR280245-45"",""trade_id"":""8fbd4d82-344f-75c4-f354-bab269a47274"",""yes_price_dollars"":""0.6900""}"
KXBTC15M-26APR280245-45,b7e1e75c-57e5-54f2-d27a-f439ea99b453,1777357834,0.7,6.99,yes,"{""count_fp"":""6.99"",""created_time"":""2026-04-28T06:30:34.878334Z"",""no_price_dollars"":""0.3000"",""taker_side"":""yes"",""ticker"":""KXBTC15M-26APR280245-45"",""trade_id"":""b7e1e75c-57e5-54f2-d27a-f439ea99b453"",""yes_price_dollars"":""0.7000""}"
KXBTC15M-26APR280245-45,704793d8-5281-7a4e-4749-91c82a1938c7,1777357834,0.7,13.99,yes,"{""count_fp"":""13.99"",""created_time"":""2026-04-28T06:30:34.318563Z"",""no_price_dollars"":""0.3000"",""taker_side"":""yes"",""ticker"":""KXBTC15M-26APR280245-45"",""trade_id"":""704793d8-5281-7a4e-4749-91c82a1938c7"",""yes_price_dollars"":""0.7000""}"
KXBTC15M-26APR280245-45,c952702d-e99d-524a-c093-2c5843bf2a53,1777357835,0.7,33.58,yes,"{""count_fp"":""33.58"",""created_time"":""2026-04-28T06:30:35.882335Z"",""no_price_dollars"":""0.3000"",""taker_side"":""yes"",""ticker"":""KXBTC15M-26APR280245-45"",""trade_id"":""c952702d-e99d-524a-c093-2c5843bf2a53"",""yes_price_dollars"":""0.7000""}"
KXBTC15M-26APR280245-45,1ff995a0-32df-6f20-70bc-b4a511cbdc74,1777357835,0.69,1.0,no,"{""count_fp"":""1.00"",""created_time"":""2026-04-28T06:30:35.493562Z"",""no_price_dollars"":""0.3100"",""taker_side"":""no"",""ticker"":""KXBTC15M-26APR280245-45"",""trade_id"":""1ff995a0-32df-6f20-70bc-b4a511cbdc74"",""yes_price_dollars"":""0.6900""}"
KXBTC15M-26APR280245-45,febfd983-4335-6322-bc9e-a9e791a4e42f,1777357836,0.7,27.98,yes,"{""count_fp"":""27.98"",""created_time"":""2026-04-28T06:30:36.624721Z"",""no_price_dollars"":""0.3000"",""taker_side"":""yes"",""ticker"":""KXBTC15M-26APR280245-45"",""trade_id"":""febfd983-4335-6322-bc9e-a9e791a4e42f"",""yes_price_dollars"":""0.7000""}"
KXBTC15M-26APR280245-45,8049849e-2b75-760a-2bb3-4ddaabf442b7,1777357836,0.7,4.0,yes,"{""count_fp"":""4.00"",""created_time"":""2026-04-28T06:30:36.260987Z"",""no_price_dollars"":""0.3000"",""taker_side"":""yes"",""ticker"":""KXBTC15M-26APR280245-45"",""trade_id"":""8049849e-2b75-760a-2bb3-4ddaabf442b7"",""yes_price_dollars"":""0.7000""}"
KXBTC15M-26APR280245-45,2214c2c6-29eb-7480-9280-475042c4d8f0,1777357836,0.69,1.0,no,"{""count_fp"":""1.00"",""created_time"":""2026-04-28T06:30:36.160247Z"",""no_price_dollars"":""0.3100"",""taker_side"":""no"",""ticker"":""KXBTC15M-26APR280245-45"",""trade_id"":""2214c2c6-29eb-7480-9280-475042c4d8f0"",""yes_price_dollars"":""0.6900""}"
KXBTC15M-26APR280245-45,423fae26-f5fe-6525-982a-2709376737a1,1777357837,0.69,7.77,no,"{""count_fp"":""7.77"",""created_time"":""2026-04-28T06:30:37.590011Z"",""no_price_dollars"":""0.3100"",""taker_side"":""no"",""ticker"":""KXBTC15M-26APR280245-45"",""trade_id"":""423fae26-f5fe-6525-982a-2709376737a1"",""yes_price_dollars"":""0.6900""}"
KXBTC15M-26APR280245-45,04334d6a-8bd5-6995-a5b6-c101cbdf19d8,1777357837,0.69,23.0,no,"{""count_fp"":""23.00"",""created_time"":""2026-04-28T06:30:37.590011Z"",""no_price_dollars"":""0.3100"",""taker_side"":""no"",""ticker"":""KXBTC15M-26APR280245-45"",""trade_id"":""04334d6a-8bd5-6995-a5b6-c101cbdf19d8"",""yes_price_dollars"":""0.6900""}"
KXBTC15M-26APR280245-45,7f4aa554-872b-602c-28cb-52da78d2586c,1777357837,0.69,46.15,no,"{""count_fp"":""46.15"",""created_time"":""2026-04-28T06:30:37.474833Z"",""no_price_dollars"":""0.3100"",""taker_side"":""no"",""ticker"":""KXBTC15M-26APR280245-45"",""trade_id"":""7f4aa554-872b-602c-28cb-52da78d2586c"",""yes_price_dollars"":""0.6900""}"
KXBTC15M-26APR280245-45,7351ec94-64c9-7f1e-6397-19172a926c7f,1777357837,0.7,12.59,yes,"{""count_fp"":""12.59"",""created_time"":""2026-04-28T06:30:37.428404Z"",""no_price_dollars"":""0.3000"",""taker_side"":""yes"",""ticker"":""KXBTC15M-26APR280245-45"",""trade_id"":""7351ec94-64c9-7f1e-6397-19172a926c7f"",""yes_price_dollars"":""0.7000""}"
KXBTC15M-26APR280245-45,d06198fe-dcc5-76ce-f1a1-14858d0c93a7,1777357837,0.7,1.0,yes,"{""count_fp"":""1.00"",""created_time"":""2026-04-28T06:30:37.229455Z"",""no_price_dollars"":""0.3000"",""taker_side"":""yes"",""ticker"":""KXBTC15M-26APR280245-45"",""trade_id"":""d06198fe-dcc5-76ce-f1a1-14858d0c93a7"",""yes_price_dollars"":""0.7000""}"
KXBTC15M-26APR280245-45,e009fd61-56a6-4069-0275-a6f17626a1e5,1777357838,0.69,15.38,no,"{""count_fp"":""15.38"",""created_time"":""2026-04-28T06:30:38.963955Z"",""no_price_dollars"":""0.3100"",""taker_side"":""no"",""ticker"":""KXBTC15M-26APR280245-45"",""trade_id"":""e009fd61-56a6-4069-0275-a6f17626a1e5"",""yes_price_dollars"":""0.6900""}"
KXBTC15M-26APR280245-45,414eb97a-ae72-6301-8cfb-35d60cc500e1,1777357838,0.69,8.0,no,"{""count_fp"":""8.00"",""created_time"":""2026-04-28T06:30:38.811761Z"",""no_price_dollars"":""0.3100"",""taker_side"":""no"",""ticker"":""KXBTC15M-26APR280245-45"",""trade_id"":""414eb97a-ae72-6301-8cfb-35d60cc500e1"",""yes_price_dollars"":""0.6900""}"
KXBTC15M-26APR280245-45,d5a82024-ee21-635a-1e09-0bd653d6e6f7,1777357838,0.7,25.17,yes,"{""count_fp"":""25.17"",""created_time"":""2026-04-28T06:30:38.669106Z"",""no_price_dollars"":""0.3000"",""taker_side"":""yes"",""ticker"":""KXBTC15M-26APR280245-45"",""trade_id"":""d5a82024-ee21-635a-1e09-0bd653d6e6f7"",""yes_price_dollars"":""0.7000""}"
KXBTC15M-26APR280245-45,71365314-12a5-797a-b58b-74143cc16f9b,1777357838,0.7,6.99,yes,"{""count_fp"":""6.99"",""created_time"":""2026-04-28T06:30:38.109161Z"",""no_price_dollars"":""0.3000"",""taker_side"":""yes"",""ticker"":""KXBTC15M-26APR280245-45"",""trade_id"":""71365314-12a5-797a-b58b-74143cc16f9b"",""yes_price_dollars"":""0.7000""}"
KXBTC15M-26APR280245-45,f8b0ff65-5446-441a-831b-b77019a00927,1777357839,0.7,20.94,yes,"{""count_fp"":""20.94"",""created_time"":""2026-04-28T06:30:39.954129Z"",""no_price_dollars"":""0.3000"",""taker_side"":""yes"",""ticker"":""KXBTC15M-26APR280245-45"",""trade_id"":""f8b0ff65-5446-441a-831b-b77019a00927"",""yes_price_dollars"":""0.7000""}"
KXBTC15M-26APR280245-45,086e839e-8c71-43da-a0d2-4a2e3cd2eef7,1777357839,0.7,7.04,yes,"{""count_fp"":""7.04"",""created_time"":""2026-04-28T06:30:39.954129Z"",""no_price_dollars"":""0.3000"",""taker_side"":""yes"",""ticker"":""KXBTC15M-26APR280245-45"",""trade_id"":""086e839e-8c71-43da-a0d2-4a2e3cd2eef7"",""yes_price_dollars"":""0.7000""}"
KXBTC15M-26APR280245-45,af50c437-635e-4876-fa5b-70e0b39ef749,1777357839,0.69,1.0,no,"{""count_fp"":""1.00"",""created_time"":""2026-04-28T06:30:39.775233Z"",""no_price_dollars"":""0.3100"",""taker_side"":""no"",""ticker"":""KXBTC15M-26APR280245-45"",""trade_id"":""af50c437-635e-4876-fa5b-70e0b39ef749"",""yes_price_dollars"":""0.6900""}"
KXBTC15M-26APR280245-45,7a551f5a-7c97-468f-d8a5-dcec021500ab,1777357839,0.69,26.69,no,"{""count_fp"":""26.69"",""created_time"":""2026-04-28T06:30:39.775233Z"",""no_price_dollars"":""0.3100"",""taker_side"":""no"",""ticker"":""KXBTC15M-26APR280245-45"",""trade_id"":""7a551f5a-7c97-468f-d8a5-dcec021500ab"",""yes_price_dollars"":""0.6900""}"
KXBTC15M-26APR280245-45,eaebd531-2f89-62e2-ac8e-ec55810aebbf,1777357839,0.7,114.73,yes,"{""count_fp"":""114.73"",""created_time"":""2026-04-28T06:30:39.595033Z"",""no_price_dollars"":""0.3000"",""taker_side"":""yes"",""ticker"":""KXBTC15M-26APR280245-45"",""trade_id"":""eaebd531-2f89-62e2-ac8e-ec55810aebbf"",""yes_price_dollars"":""0.7000""}"
KXBTC15M-26APR280245-45,c5b1ecb2-d2d9-4db6-2be6-e1110f57b11b,1777357839,0.7,1.0,yes,"{""count_fp"":""1.00"",""created_time"":""2026-04-28T06:30:39.510358Z"",""no_price_dollars"":""0.3000"",""taker_side"":""yes"",""ticker"":""KXBTC15M-26APR280245-45"",""trade_id"":""c5b1ecb2-d2d9-4db6-2be6-e1110f57b11b"",""yes_price_dollars"":""0.7000""}"
KXBTC15M-26APR280245-45,b5d4fc79-26ed-793a-eea4-68b2232ce413,1777357839,0.7,12.59,yes,"{""count_fp"":""12.59"",""created_time"":""2026-04-28T06:30:39.140405Z"",""no_price_dollars"":""0.3000"",""taker_side"":""yes"",""ticker"":""KXBTC15M-26APR280245-45"",""trade_id"":""b5d4fc79-26ed-793a-eea4-68b2232ce413"",""yes_price_dollars"":""0.7000""}"
KXBTC15M-26APR280245-45,42f11353-668b-712e-76df-e0aaaeb7cb8e,1777357840,0.7,13.99,yes,"{""count_fp"":""13.99"",""created_time"":""2026-04-28T06:30:40.937096Z"",""no_price_dollars"":""0.3000"",""taker_side"":""yes"",""ticker"":""KXBTC15M-26APR280245-45"",""trade_id"":""42f11353-668b-712e-76df-e0aaaeb7cb8e"",""yes_price_dollars"":""0.7000""}"
KXBTC15M-26APR280245-45,f411b8b9-e10f-5992-5aff-8049678aed66,1777357840,0.7,290.93,yes,"{""count_fp"":""290.93"",""created_time"":""2026-04-28T06:30:40.868795Z"",""no_price_dollars"":""0.3000"",""taker_side"":""yes"",""ticker"":""KXBTC15M-26APR280245-45"",""trade_id"":""f411b8b9-e10f-5992-5aff-8049678aed66"",""yes_price_dollars"":""0.7000""}"
KXBTC15M-26APR280245-45,68734d06-4ecb-59b6-7e19-c4635b1c51fb,1777357840,0.7,21.08,yes,"{""count_fp"":""21.08"",""created_time"":""2026-04-28T06:30:40.868795Z"",""no_price_dollars"":""0.3000"",""taker_side"":""yes"",""ticker"":""KXBTC15M-26APR280245-45"",""trade_id"":""68734d06-4ecb-59b6-7e19-c4635b1c51fb"",""yes_price_dollars"":""0.7000""}"
KXBTC15M-26APR280245-45,083f8ae7-1e9f-41fb-2cf9-23830de44d1b,1777357840,0.69,68.0,no,"{""count_fp"":""68.00"",""created_time"":""2026-04-28T06:30:40.134943Z"",""no_price_dollars"":""0.3100"",""taker_side"":""no"",""ticker"":""KXBTC15M-26APR280245-45"",""trade_id"":""083f8ae7-1e9f-41fb-2cf9-23830de44d1b"",""yes_price_dollars"":""0.6900""}"
KXBTC15M-26APR280245-45,2971b5b5-873b-48ba-0104-5c820ce7d166,1777357841,0.7,80.45,yes,"{""count_fp"":""80.45"",""created_time"":""2026-04-28T06:30:41.754699Z"",""no_price_dollars"":""0.3000"",""taker_side"":""yes"",""ticker"":""KXBTC15M-26APR280245-45"",""trade_id"":""2971b5b5-873b-48ba-0104-5c820ce7d166"",""yes_price_dollars"":""0.7000""}"
KXBTC15M-26APR280245-45,7f6947c6-c8c3-7177-c08a-d8943f7d23d7,1777357842,0.69,15.38,no,"{""count_fp"":""15.38"",""created_time"":""2026-04-28T06:30:42.664259Z"",""no_price_dollars"":""0.3100"",""taker_side"":""no"",""ticker"":""KXBTC15M-26APR280245-45"",""trade_id"":""7f6947c6-c8c3-7177-c08a-d8943f7d23d7"",""yes_price_dollars"":""0.6900""}"
KXBTC15M-26APR280245-45,bd632a72-20bf-5163-d85e-fd377d583b6f,1777357842,0.69,6.15,no,"{""count_fp"":""6.15"",""created_time"":""2026-04-28T06:30:42.185784Z"",""no_price_dollars"":""0.3100"",""taker_side"":""no"",""ticker"":""KXBTC15M-26APR280245-45"",""trade_id"":""bd632a72-20bf-5163-d85e-fd377d583b6f"",""yes_price_dollars"":""0.6900""}"
KXBTC15M-26APR280245-45,7d61577d-7c5c-4fbb-162a-fdbcae4c1795,1777357843,0.7,13.99,yes,"{""count_fp"":""13.99"",""created_time"":""2026-04-28T06:30:43.840145Z"",""no_price_dollars"":""0.3000"",""taker_side"":""yes"",""ticker"":""KXBTC15M-26APR280245-45"",""trade_id"":""7d61577d-7c5c-4fbb-162a-fdbcae4c1795"",""yes_price_dollars"":""0.7000""}"
KXBTC15M-26APR280245-45,4011d1be-171b-402f-d90b-475932cfa6cb,1777357843,0.69,20.0,no,"{""count_fp"":""20.00"",""created_time"":""2026-04-28T06:30:43.729776Z"",""no_price_dollars"":""0.3100"",""taker_side"":""no"",""ticker"":""KXBTC15M-26APR280245-45"",""trade_id"":""4011d1be-171b-402f-d90b-475932cfa6cb"",""yes_price_dollars"":""0.6900""}"
KXBTC15M-26APR280245-45,f19648cf-bd98-5c43-5f0d-276c4b9d0031,1777357843,0.7,12.59,yes,"{""count_fp"":""12.59"",""created_time"":""2026-04-28T06:30:43.527501Z"",""no_price_dollars"":""0.3000"",""taker_side"":""yes"",""ticker"":""KXBTC15M-26APR280245-45"",""trade_id"":""f19648cf-bd98-5c43-5f0d-276c4b9d0031"",""yes_price_dollars"":""0.7000""}"
KXBTC15M-26APR280245-45,ef509722-10e3-7376-b4c3-761f990e92f2,1777357843,0.7,114.63,yes,"{""count_fp"":""114.63"",""created_time"":""2026-04-28T06:30:43.410814Z"",""no_price_dollars"":""0.3000"",""taker_side"":""yes"",""ticker"":""KXBTC15M-26APR280245-45"",""trade_id"":""ef509722-10e3-7376-b4c3-761f990e92f2"",""yes_price_dollars"":""0.7000""}"
KXBTC15M-26APR280245-45,3f01ae83-9040-7317-aacb-b44bbf9cf9b5,1777357843,0.7,16.42,yes,"{""count_fp"":""16.42"",""created_time"":""2026-04-28T06:30:43.410814Z"",""no_price_dollars"":""0.3000"",""taker_side"":""yes"",""ticker"":""KXBTC15M-26APR280245-45"",""trade_id"":""3f01ae83-9040-7317-aacb-b44bbf9cf9b5"",""yes_price_dollars"":""0.7000""}"
KXBTC15M-26APR280245-45,025b8875-e5bc-7d4a-bc50-1b301ccc7640,1777357843,0.7,8.86,yes,"{""count_fp"":""8.86"",""created_time"":""2026-04-28T06:30:43.410814Z"",""no_price_dollars"":""0.3000"",""taker_side"":""yes"",""ticker"":""KXBTC15M-26APR280245-45"",""trade_id"":""025b8875-e5bc-7d4a-bc50-1b301ccc7640"",""yes_price_dollars"":""0.7000""}"
KXBTC15M-26APR280245-45,9679c4f0-780b-6df7-4f0f-bacdd7054ecf,1777357844,0.69,8.0,no,"{""count_fp"":""8.00"",""created_time"":""2026-04-28T06:30:44.673651Z"",""no_price_dollars"":""0.3100"",""taker_side"":""no"",""ticker"":""KXBTC15M-26APR280245-45"",""trade_id"":""9679c4f0-780b-6df7-4f0f-bacdd7054ecf"",""yes_price_dollars"":""0.6900""}"
KXBTC15M-26APR280245-45,e0e75988-2f98-429f-ee52-03817e101889,1777357844,0.7,0.69,yes,"{""count_fp"":""0.69"",""created_time"":""2026-04-28T06:30:44.640062Z"",""no_price_dollars"":""0.3000"",""taker_side"":""yes"",""ticker"":""KXBTC15M-26APR280245-45"",""trade_id"":""e0e75988-2f98-429f-ee52-03817e101889"",""yes_price_dollars"":""0.7000""}"
KXBTC15M-26APR280245-45,e0a3f977-a8c4-6003-099c-8b800dd93fdd,1777357844,0.7,34.97,yes,"{""count_fp"":""34.97"",""created_time"":""2026-04-28T06:30:44.240207Z"",""no_price_dollars"":""0.3000"",""taker_side"":""yes"",""ticker"":""KXBTC15M-26APR280245-45"",""trade_id"":""e0a3f977-a8c4-6003-099c-8b800dd93fdd"",""yes_price_dollars"":""0.7000""}"
KXBTC15M-26APR280245-45,e18ff77c-007f-494f-b6d8-9799e7966e23,1777357844,0.69,1.0,no,"{""count_fp"":""1.00"",""created_time"":""2026-04-28T06:30:44.133933Z"",""no_price_dollars"":""0.3100"",""taker_side"":""no"",""ticker"":""KXBTC15M-26APR280245-45"",""trade_id"":""e18ff77c-007f-494f-b6d8-9799e7966e23"",""yes_price_dollars"":""0.6900""}"
KXBTC15M-26APR280245-45,ca7d8f15-24dc-6bcb-df2c-0b5a27a2d861,1777357845,0.7,0.93,yes,"{""count_fp"":""0.93"",""created_time"":""2026-04-28T06:30:45.747776Z"",""no_price_dollars"":""0.3000"",""taker_side"":""yes"",""ticker"":""KXBTC15M-26APR280245-45"",""trade_id"":""ca7d8f15-24dc-6bcb-df2c-0b5a27a2d861"",""yes_price_dollars"":""0.7000""}"
KXBTC15M-26APR280245-45,d418e2d1-8317-6643-e4a4-273fa41d5adb,1777357845,0.69,15.38,no,"{""count_fp"":""15.38"",""created_time"":""2026-04-28T06:30:45.618326Z"",""no_price_dollars"":""0.3100"",""taker_side"":""no"",""ticker"":""KXBTC15M-26APR280245-45"",""trade_id"":""d418e2d1-8317-6643-e4a4-273fa41d5adb"",""yes_price_dollars"":""0.6900""}"
KXBTC15M-26APR280245-45,e39f19b1-0f7b-734f-88fe-50106c048213,1777357845,0.69,76.92,no,"{""count_fp"":""76.92"",""created_time"":""2026-04-28T06:30:45.312899Z"",""no_price_dollars"":""0.3100"",""taker_side"":""no"",""ticker"":""KXBTC15M-26APR280245-45"",""trade_id"":""e39f19b1-0f7b-734f-88fe-50106c048213"",""yes_price_dollars"":""0.6900""}"
KXBTC15M-26APR280245-45,2923c8c4-d294-4f8b-d7d7-07910fd05015,1777357846,0.7,693.99,yes,"{""count_fp"":""693.99"",""created_time"":""2026-04-28T06:30:46.587697Z"",""no_price_dollars"":""0.3000"",""taker_side"":""yes"",""ticker"":""KXBTC15M-26APR280245-45"",""trade_id"":""2923c8c4-d294-4f8b-d7d7-07910fd05015"",""yes_price_dollars"":""0.7000""}"
KXBTC15M-26APR280245-45,3e24dffe-1987-729b-4c9e-d2aa526d34c3,1777357846,0.69,153.85,no,"{""count_fp"":""153.85"",""created_time"":""2026-04-28T06:30:46.255395Z"",""no_price_dollars"":""0.3100"",""taker_side"":""no"",""ticker"":""KXBTC15M-26APR280245-45"",""trade_id"":""3e24dffe-1987-729b-4c9e-d2aa526d34c3"",""yes_price_dollars"":""0.6900""}"
KXBTC15M-26APR280245-45,e5a97476-31e4-73dc-ef0b-e182a4f059f8,1777357847,0.69,23.75,no,"{""count_fp"":""23.75"",""created_time"":""2026-04-28T06:30:47.653922Z"",""no_price_dollars"":""0.3100"",""taker_side"":""no"",""ticker"":""KXBTC15M-26APR280245-45"",""trade_id"":""e5a97476-31e4-73dc-ef0b-e182a4f059f8"",""yes_price_dollars"":""0.6900""}"
KXBTC15M-26APR280245-45,af99c1ce-9709-7608-fb5f-e5c12cf6b38f,1777357847,0.69,3.0,no,"{""count_fp"":""3.00"",""created_time"":""2026-04-28T06:30:47.653922Z"",""no_price_dollars"":""0.3100"",""taker_side"":""no"",""ticker"":""KXBTC15M-26APR280245-45"",""trade_id"":""af99c1ce-9709-7608-fb5f-e5c12cf6b38f"",""yes_price_dollars"":""0.6900""}"
KXBTC15M-26APR280245-45,37713308-c567-70bf-d3d5-d1a03a51cf7b,1777357847,0.69,93.25,no,"{""count_fp"":""93.25"",""created_time"":""2026-04-28T06:30:47.653922Z"",""no_price_dollars"":""0.3100"",""taker_side"":""no"",""ticker"":""KXBTC15M-26APR280245-45"",""trade_id"":""37713308-c567-70bf-d3d5-d1a03a51cf7b"",""yes_price_dollars"":""0.6900""}"
KXBTC15M-26APR280245-45,a259e19d-38d0-5953-39fc-2c3e47ab5d05,1777357848,0.7,1.39,yes,"{""count_fp"":""1.39"",""created_time"":""2026-04-28T06:30:48.659619Z"",""no_price_dollars"":""0.3000"",""taker_side"":""yes"",""ticker"":""KXBTC15M-26APR280245-45"",""trade_id"":""a259e19d-38d0-5953-39fc-2c3e47ab5d05"",""yes_price_dollars"":""0.7000""}"
KXBTC15M-26APR280245-45,bc5c0a07-5484-66bc-9948-07ce03fb6c44,1777357849,0.69,8.25,no,"{""count_fp"":""8.25"",""created_time"":""2026-04-28T06:30:49.436097Z"",""no_price_dollars"":""0.3100"",""taker_side"":""no"",""ticker"":""KXBTC15M-26APR280245-45"",""trade_id"":""bc5c0a07-5484-66bc-9948-07ce03fb6c44"",""yes_price_dollars"":""0.6900""}"
KXBTC15M-26APR280245-45,44ac7532-0514-69d3-a09c-d0a8100fdba3,1777357849,0.69,0.98,no,"{""count_fp"":""0.98"",""created_time"":""2026-04-28T06:30:49.436097Z"",""no_price_dollars"":""0.3100"",""taker_side"":""no"",""ticker"":""KXBTC15M-26APR280245-45"",""trade_id"":""44ac7532-0514-69d3-a09c-d0a8100fdba3"",""yes_price_dollars"":""0.6900""}"
KXBTC15M-26APR280245-45,565a4ce7-ed2c-534b-df71-6bfdd25ec6e5,1777357849,0.7,2.79,yes,"{""count_fp"":""2.79"",""created_time"":""2026-04-28T06:30:49.435488Z"",""no_price_dollars"":""0.3000"",""taker_side"":""yes"",""ticker"":""KXBTC15M-26APR280245-45"",""trade_id"":""565a4ce7-ed2c-534b-df71-6bfdd25ec6e5"",""yes_price_dollars"":""0.7000""}"
KXBTC15M-26APR280245-45,91cca82f-c45c-794b-fdda-54894e65cc25,1777357849,0.7,10.49,yes,"{""count_fp"":""10.49"",""created_time"":""2026-04-28T06:30:49.011529Z"",""no_price_dollars"":""0.3000"",""taker_side"":""yes"",""ticker"":""KXBTC15M-26APR280245-45"",""trade_id"":""91cca82f-c45c-794b-fdda-54894e65cc25"",""yes_price_dollars"":""0.7000""}"
KXBTC15M-26APR280245-45,ad59343c-dea5-58a5-da82-e09ec580422c,1777357850,0.69,15.38,no,"{""count_fp"":""15.38"",""created_time"":""2026-04-28T06:30:50.847784Z"",""no_price_dollars"":""0.3100"",""taker_side"":""no"",""ticker"":""KXBTC15M-26APR280245-45"",""trade_id"":""ad59343c-dea5-58a5-da82-e09ec580422c"",""yes_price_dollars"":""0.6900""}"
KXBTC15M-26APR280245-45,2f75a14e-1ea8-7be3-fee0-d731d034e499,1777357850,0.7,1.0,yes,"{""count_fp"":""1.00"",""created_time"":""2026-04-28T06:30:50.685584Z"",""no_price_dollars"":""0.3000"",""taker_side"":""yes"",""ticker"":""KXBTC15M-26APR280245-45"",""trade_id"":""2f75a14e-1ea8-7be3-fee0-d731d034e499"",""yes_price_dollars"":""0.7000""}"
KXBTC15M-26APR280245-45,c5278bb0-bb1c-4207-ae6c-497947afd3e1,1777357850,0.7,13.99,yes,"{""count_fp"":""13.99"",""created_time"":""2026-04-28T06:30:50.327154Z"",""no_price_dollars"":""0.3000"",""taker_side"":""yes"",""ticker"":""KXBTC15M-26APR280245-45"",""trade_id"":""c5278bb0-bb1c-4207-ae6c-497947afd3e1"",""yes_price_dollars"":""0.7000""}"
KXBTC15M-26APR280245-45,f8c823bc-a439-7477-2230-1d01637364fa,1777357850,0.69,2.0,no,"{""count_fp"":""2.00"",""created_time"":""2026-04-28T06:30:50.157151Z"",""no_price_dollars"":""0.3100"",""taker_side"":""no"",""ticker"":""KXBTC15M-26APR280245-45"",""trade_id"":""f8c823bc-a439-7477-2230-1d01637364fa"",""yes_price_dollars"":""0.6900""}"
KXBTC15M-26APR280245-45,f17c1d7e-ea1c-799f-2c7d-fe6a2e6ee2f7,1777357850,0.69,2.98,no,"{""count_fp"":""2.98"",""created_time"":""2026-04-28T06:30:50.157151Z"",""no_price_dollars"":""0.3100"",""taker_side"":""no"",""ticker"":""KXBTC15M-26APR280245-45"",""trade_id"":""f17c1d7e-ea1c-799f-2c7d-fe6a2e6ee2f7"",""yes_price_dollars"":""0.6900""}"
KXBTC15M-26APR280245-45,19ef52c6-841d-7021-1786-ef70fc2eb700,1777357850,0.69,4.25,no,"{""count_fp"":""4.25"",""created_time"":""2026-04-28T06:30:50.157151Z"",""no_price_dollars"":""0.3100"",""taker_side"":""no"",""ticker"":""KXBTC15M-26APR280245-45"",""trade_id"":""19ef52c6-841d-7021-1786-ef70fc2eb700"",""yes_price_dollars"":""0.6900""}"
KXBTC15M-26APR280245-45,c772e809-c454-623b-b15e-ef9c15120c7b,1777357850,0.69,3.04,no,"{""count_fp"":""3.04"",""created_time"":""2026-04-28T06:30:50.040647Z"",""no_price_dollars"":""0.3100"",""taker_side"":""no"",""ticker"":""KXBTC15M-26APR280245-45"",""trade_id"":""c772e809-c454-623b-b15e-ef9c15120c7b"",""yes_price_dollars"":""0.6900""}"
KXBTC15M-26APR280245-45,24c88bd3-399e-6160-a5d8-a8a4f4512f50,1777357851,0.69,3.07,no,"{""count_fp"":""3.07"",""created_time"":""2026-04-28T06:30:51.992161Z"",""no_price_dollars"":""0.3100"",""taker_side"":""no"",""ticker"":""KXBTC15M-26APR280245-45"",""trade_id"":""24c88bd3-399e-6160-a5d8-a8a4f4512f50"",""yes_price_dollars"":""0.6900""}"
KXBTC15M-26APR280245-45,ec69b031-c11e-660a-b189-ce6f7b1b03ed,1777357851,0.7,5.0,yes,"{""count_fp"":""5.00"",""created_time"":""2026-04-28T06:30:51.722887Z"",""no_price_dollars"":""0.3000"",""taker_side"":""yes"",""ticker"":""KXBTC15M-26APR280245-45"",""trade_id"":""ec69b031-c11e-660a-b189-ce6f7b1b03ed"",""yes_price_dollars"":""0.7000""}"
KXBTC15M-26APR280245-45,76d7ed6b-5fb4-64e7-badb-cc9f8bdbd64d,1777357851,0.7,214.22,yes,"{""count_fp"":""214.22"",""created_time"":""2026-04-28T06:30:51.722887Z"",""no_price_dollars"":""0.3000"",""taker_side"":""yes"",""ticker"":""KXBTC15M-26APR280245-45"",""trade_id"":""76d7ed6b-5fb4-64e7-badb-cc9f8bdbd64d"",""yes_price_dollars"":""0.7000""}"
KXBTC15M-26APR280245-45,76b0c469-2b24-63ec-83f6-b2221f3238e8,1777357851,0.7,476.76,yes,"{""count_fp"":""476.76"",""created_time"":""2026-04-28T06:30:51.722887Z"",""no_price_dollars"":""0.3000"",""taker_side"":""yes"",""ticker"":""KXBTC15M-26APR280245-45"",""trade_id"":""76b0c469-2b24-63ec-83f6-b2221f3238e8"",""yes_price_dollars"":""0.7000""}"
KXBTC15M-26APR280245-45,750fe44c-d946-66ef-a0de-1e3c3e47b0d6,1777357851,0.7,15.0,yes,"{""count_fp"":""15.00"",""created_time"":""2026-04-28T06:30:51.722887Z"",""no_price_dollars"":""0.3000"",""taker_side"":""yes"",""ticker"":""KXBTC15M-26APR280245-45"",""trade_id"":""750fe44c-d946-66ef-a0de-1e3c3e47b0d6"",""yes_price_dollars"":""0.7000""}"
KXBTC15M-26APR280245-45,6ab9defe-dd90-60ce-ad0f-a49b668256a8,1777357851,0.7,21.08,yes,"{""count_fp"":""21.08"",""created_time"":""2026-04-28T06:30:51.722887Z"",""no_price_dollars"":""0.3000"",""taker_side"":""yes"",""ticker"":""KXBTC15M-26APR280245-45"",""trade_id"":""6ab9defe-dd90-60ce-ad0f-a49b668256a8"",""yes_price_dollars"":""0.7000""}"
KXBTC15M-26APR280245-45,60131f89-9319-66fe-adb8-bc1c7df2713f,1777357851,0.7,1.0,yes,"{""count_fp"":""1.00"",""created_time"":""2026-04-28T06:30:51.722887Z"",""no_price_dollars"":""0.3000"",""taker_side"":""yes"",""ticker"":""KXBTC15M-26APR280245-45"",""trade_id"":""60131f89-9319-66fe-adb8-bc1c7df2713f"",""yes_price_dollars"":""0.7000""}"
KXBTC15M-26APR280245-45,290e99c7-eecf-614d-8099-f73e88dc6d8f,1777357851,0.7,1.92,yes,"{""count_fp"":""1.92"",""created_time"":""2026-04-28T06:30:51.722887Z"",""no_price_dollars"":""0.3000"",""taker_side"":""yes"",""ticker"":""KXBTC15M-26APR280245-45"",""trade_id"":""290e99c7-eecf-614d-8099-f73e88dc6d8f"",""yes_price_dollars"":""0.7000""}"
KXBTC15M-26APR280245-45,17b2323d-674a-6fc8-bd48-8b116cd5adf1,1777357851,0.7,40.0,yes,"{""count_fp"":""40.00"",""created_time"":""2026-04-28T06:30:51.722887Z"",""no_price_dollars"":""0.3000"",""taker_side"":""yes"",""ticker"":""KXBTC15M-26APR280245-45"",""trade_id"":""17b2323d-674a-6fc8-bd48-8b116cd5adf1"",""yes_price_dollars"":""0.7000""}"
KXBTC15M-26APR280245-45,5f13f36c-b9a4-42e3-4aed-8be1c1440d2d,1777357851,0.7,47.57,yes,"{""count_fp"":""47.57"",""created_time"":""2026-04-28T06:30:51.593401Z"",""no_price_dollars"":""0.3000"",""taker_side"":""yes"",""ticker"":""KXBTC15M-26APR280245-45"",""trade_id"":""5f13f36c-b9a4-42e3-4aed-8be1c1440d2d"",""yes_price_dollars"":""0.7000""}"
KXBTC15M-26APR280245-45,7595f1b4-7048-6383-f8a5-4e0d3c9e4b09,1777357851,0.7,34.97,yes,"{""count_fp"":""34.97"",""created_time"":""2026-04-28T06:30:51.496659Z"",""no_price_dollars"":""0.3000"",""taker_side"":""yes"",""ticker"":""KXBTC15M-26APR280245-45"",""trade_id"":""7595f1b4-7048-6383-f8a5-4e0d3c9e4b09"",""yes_price_dollars"":""0.7000""}"
KXBTC15M-26APR280245-45,f0581d3d-b8ae-5f63-a4a3-809f4a5c6aad,1777357852,0.69,4.93,no,"{""count_fp"":""4.93"",""created_time"":""2026-04-28T06:30:52.678705Z"",""no_price_dollars"":""0.3100"",""taker_side"":""no"",""ticker"":""KXBTC15M-26APR280245-45"",""trade_id"":""f0581d3d-b8ae-5f63-a4a3-809f4a5c6aad"",""yes_price_dollars"":""0.6900""}"
KXBTC15M-26APR280245-45,c19e3c70-7202-510d-b2d8-4d26385c90fc,1777357852,0.69,15.0,no,"{""count_fp"":""15.00"",""created_time"":""2026-04-28T06:30:52.678705Z"",""no_price_dollars"":""0.3100"",""taker_side"":""no"",""ticker"":""KXBTC15M-26APR280245-45"",""trade_id"":""c19e3c70-7202-510d-b2d8-4d26385c90fc"",""yes_price_dollars"":""0.6900""}"
KXBTC15M-26APR280245-45,52a91695-4a4a-58b1-b5a1-ca73e94fa2f5,1777357852,0.69,0.07,no,"{""count_fp"":""0.07"",""created_time"":""2026-04-28T06:30:52.678705Z"",""no_price_dollars"":""0.3100"",""taker_side"":""no"",""ticker"":""KXBTC15M-26APR280245-45"",""trade_id"":""52a91695-4a4a-58b1-b5a1-ca73e94fa2f5"",""yes_price_dollars"":""0.6900""}"
KXBTC15M-26APR280245-45,df4382d2-b00e-7e18-504e-7b8925114d98,1777357852,0.69,9.93,no,"{""count_fp"":""9.93"",""created_time"":""2026-04-28T06:30:52.588824Z"",""no_price_dollars"":""0.3100"",""taker_side"":""no"",""ticker"":""KXBTC15M-26APR280245-45"",""trade_id"":""df4382d2-b00e-7e18-504e-7b8925114d98"",""yes_price_dollars"":""0.6900""}"
KXBTC15M-26APR280245-45,9b6f6619-438d-7845-60ad-bcb73df87601,1777357852,0.69,3.37,no,"{""count_fp"":""3.37"",""created_time"":""2026-04-28T06:30:52.588824Z"",""no_price_dollars"":""0.3100"",""taker_side"":""no"",""ticker"":""KXBTC15M-26APR280245-45"",""trade_id"":""9b6f6619-438d-7845-60ad-bcb73df87601"",""yes_price_dollars"":""0.6900""}"
KXBTC15M-26APR280245-45,86afd49f-18c6-7ef7-7a8f-8a1e110272ad,1777357852,0.69,1.7,no,"{""count_fp"":""1.70"",""created_time"":""2026-04-28T06:30:52.588824Z"",""no_price_dollars"":""0.3100"",""taker_side"":""no"",""ticker"":""KXBTC15M-26APR280245-45"",""trade_id"":""86afd49f-18c6-7ef7-7a8f-8a1e110272ad"",""yes_price_dollars"":""0.6900""}"
KXBTC15M-26APR280245-45,bba4394a-0adc-6628-b1b1-c03499e2ed34,1777357852,0.7,1.36,yes,"{""count_fp"":""1.36"",""created_time"":""2026-04-28T06:30:52.369401Z"",""no_price_dollars"":""0.3000"",""taker_side"":""yes"",""ticker"":""KXBTC15M-26APR280245-45"",""trade_id"":""bba4394a-0adc-6628-b1b1-c03499e2ed34"",""yes_price_dollars"":""0.7000""}"
KXBTC15M-26APR280245-45,cb466eac-336c-73ec-9f86-607bb30fba38,1777357853,0.7,5.0,yes,"{""count_fp"":""5.00"",""created_time"":""2026-04-28T06:30:53.740588Z"",""no_price_dollars"":""0.3000"",""taker_side"":""yes"",""ticker"":""KXBTC15M-26APR280245-45"",""trade_id"":""cb466eac-336c-73ec-9f86-607bb30fba38"",""yes_price_dollars"":""0.7000""}"
KXBTC15M-26APR280245-45,e09247e9-a6e2-7029-bb20-e3131ea64cc5,1777357853,0.69,39.93,no,"{""count_fp"":""39.93"",""created_time"":""2026-04-28T06:30:53.133923Z"",""no_price_dollars"":""0.3100"",""taker_side"":""no"",""ticker"":""KXBTC15M-26APR280245-45"",""trade_id"":""e09247e9-a6e2-7029-bb20-e3131ea64cc5"",""yes_price_dollars"":""0.6900""}"
KXBTC15M-26APR280245-45,3c1f522c-2bef-74c0-9235-9f87449236b7,1777357853,0.69,4.93,no,"{""count_fp"":""4.93"",""created_time"":""2026-04-28T06:30:53.133923Z"",""no_price_dollars"":""0.3100"",""taker_side"":""no"",""ticker"":""KXBTC15M-26APR280245-45"",""trade_id"":""3c1f522c-2bef-74c0-9235-9f87449236b7"",""yes_price_dollars"":""0.6900""}"
KXBTC15M-26APR280245-45,361d77cd-36bf-7504-9801-ffcad68f733b,1777357853,0.69,3.07,no,"{""count_fp"":""3.07"",""created_time"":""2026-04-28T06:30:53.133923Z"",""no_price_dollars"":""0.3100"",""taker_side"":""no"",""ticker"":""KXBTC15M-26APR280245-45"",""trade_id"":""361d77cd-36bf-7504-9801-ffcad68f733b"",""yes_price_dollars"":""0.6900""}"
KXBTC15M-26APR280245-45,0a30e7fa-6405-7eab-bf6d-4ad359d0efc3,1777357853,0.69,15.0,no,"{""count_fp"":""15.00"",""created_time"":""2026-04-28T06:30:53.133923Z"",""no_price_dollars"":""0.3100"",""taker_side"":""no"",""ticker"":""KXBTC15M-26APR280245-45"",""trade_id"":""0a30e7fa-6405-7eab-bf6d-4ad359d0efc3"",""yes_price_dollars"":""0.6900""}"
KXBTC15M-26APR280245-45,f6738a43-4e6c-4d30-a718-ec4b78b9e7f4,1777357853,0.7,0.69,yes,"{""count_fp"":""0.69"",""created_time"":""2026-04-28T06:30:53.022421Z"",""no_price_dollars"":""0.3000"",""taker_side"":""yes"",""ticker"":""KXBTC15M-26APR280245-45"",""trade_id"":""f6738a43-4e6c-4d30-a718-ec4b78b9e7f4"",""yes_price_dollars"":""0.7000""}"
KXBTC15M-26APR280245-45,cc17ff9a-b585-4158-b5bb-eb276ce2bfec,1777357855,0.69,7.98,yes,"{""count_fp"":""7.98"",""created_time"":""2026-04-28T06:30:55.886525Z"",""no_price_dollars"":""0.3100"",""taker_side"":""yes"",""ticker"":""KXBTC15M-26APR280245-45"",""trade_id"":""cc17ff9a-b585-4158-b5bb-eb276ce2bfec"",""yes_price_dollars"":""0.6900""}"
KXBTC15M-26APR280245-45,a1a26a76-f986-4fcf-8ee5-dea4ad7ca26e,1777357855,0.69,20.0,yes,"{""count_fp"":""20.00"",""created_time"":""2026-04-28T06:30:55.886525Z"",""no_price_dollars"":""0.3100"",""taker_side"":""yes"",""ticker"":""KXBTC15M-26APR280245-45"",""trade_id"":""a1a26a76-f986-4fcf-8ee5-dea4ad7ca26e"",""yes_price_dollars"":""0.6900""}"
KXBTC15M-26APR280245-45,b2e7e32d-ccd8-7108-be18-5cd6397e9124,1777357855,0.69,3.91,yes,"{""count_fp"":""3.91"",""created_time"":""2026-04-28T06:30:55.435302Z"",""no_price_dollars"":""0.3100"",""taker_side"":""yes"",""ticker"":""KXBTC15M-26APR280245-45"",""trade_id"":""b2e7e32d-ccd8-7108-be18-5cd6397e9124"",""yes_price_dollars"":""0.6900""}"
KXBTC15M-26APR280245-45,9357b637-c936-4f5e-d0d4-fd504dcf749f,1777357856,0.69,1.06,yes,"{""count_fp"":""1.06"",""created_time"":""2026-04-28T06:30:56.726457Z"",""no_price_dollars"":""0.3100"",""taker_side"":""yes"",""ticker"":""KXBTC15M-26APR280245-45"",""trade_id"":""9357b637-c936-4f5e-d0d4-fd504dcf749f"",""yes_price_dollars"":""0.6900""}"
KXBTC15M-26APR280245-45,2cf7d9f2-e335-4da4-f588-fafc88d4e840,1777357856,0.69,6.03,yes,"{""count_fp"":""6.03"",""created_time"":""2026-04-28T06:30:56.726457Z"",""no_price_dollars"":""0.3100"",""taker_side"":""yes"",""ticker"":""KXBTC15M-26APR280245-45"",""trade_id"":""2cf7d9f2-e335-4da4-f588-fafc88d4e840"",""yes_price_dollars"":""0.6900""}"
KXBTC15M-26APR280245-45,fc0b5b05-baa5-4618-712f-8b6a5f341790,1777357856,0.69,6.99,yes,"{""count_fp"":""6.99"",""created_time"":""2026-04-28T06:30:56.655703Z"",""no_price_dollars"":""0.3100"",""taker_side"":""yes"",""ticker"":""KXBTC15M-26APR280245-45"",""trade_id"":""fc0b5b05-baa5-4618-712f-8b6a5f341790"",""yes_price_dollars"":""0.6900""}"
KXBTC15M-26APR280245-45,8e90515a-84b5-6704-8dee-6ab53eabfd90,1777357856,0.69,1.0,yes,"{""count_fp"":""1.00"",""created_time"":""2026-04-28T06:30:56.371883Z"",""no_price_dollars"":""0.3100"",""taker_side"":""yes"",""ticker"":""KXBTC15M-26APR280245-45"",""trade_id"":""8e90515a-84b5-6704-8dee-6ab53eabfd90"",""yes_price_dollars"":""0.6900""}"
KXBTC15M-26APR280245-45,f8faf94a-9a85-412c-e658-22c046b036a0,1777357856,0.69,1.0,yes,"{""count_fp"":""1.00"",""created_time"":""2026-04-28T06:30:56.311995Z"",""no_price_dollars"":""0.3100"",""taker_side"":""yes"",""ticker"":""KXBTC15M-26APR280245-45"",""trade_id"":""f8faf94a-9a85-412c-e658-22c046b036a0"",""yes_price_dollars"":""0.6900""}"
KXBTC15M-26APR280245-45,6267025f-2f3b-6aff-0d65-288486d4c8e8,1777357857,0.69,15.0,no,"{""count_fp"":""15.00"",""created_time"":""2026-04-28T06:30:57.965484Z"",""no_price_dollars"":""0.3100"",""taker_side"":""no"",""ticker"":""KXBTC15M-26APR280245-45"",""trade_id"":""6267025f-2f3b-6aff-0d65-288486d4c8e8"",""yes_price_dollars"":""0.6900""}"
KXBTC15M-26APR280245-45,430c406e-7fee-60cc-21e9-a20fe0165b69,1777357857,0.69,245.2,no,"{""count_fp"":""245.20"",""created_time"":""2026-04-28T06:30:57.965484Z"",""no_price_dollars"":""0.3100"",""taker_side"":""no"",""ticker"":""KXBTC15M-26APR280245-45"",""trade_id"":""430c406e-7fee-60cc-21e9-a20fe0165b69"",""yes_price_dollars"":""0.6900""}"
KXBTC15M-26APR280245-45,3ffb976d-830c-6443-1121-2c1a237f8c9e,1777357857,0.69,40.0,no,"{""count_fp"":""40.00"",""created_time"":""2026-04-28T06:30:57.965484Z"",""no_price_dollars"":""0.3100"",""taker_side"":""no"",""ticker"":""KXBTC15M-26APR280245-45"",""trade_id"":""3ffb976d-830c-6443-1121-2c1a237f8c9e"",""yes_price_dollars"":""0.6900""}"
KXBTC15M-26APR280245-45,e13b84de-2dbe-6540-970e-f63ce5b056a2,1777357857,0.7,60.0,yes,"{""count_fp"":""60.00"",""created_time"":""2026-04-28T06:30:57.851236Z"",""no_price_dollars"":""0.3000"",""taker_side"":""yes"",""ticker"":""KXBTC15M-26APR280245-45"",""trade_id"":""e13b84de-2dbe-6540-970e-f63ce5b056a2"",""yes_price_dollars"":""0.7000""}"
KXBTC15M-26APR280245-45,7747f1a3-5173-6cf2-9ad7-57fc20c782cf,1777357857,0.69,7.98,yes,"{""count_fp"":""7.98"",""created_time"":""2026-04-28T06:30:57.851236Z"",""no_price_dollars"":""0.3100"",""taker_side"":""yes"",""ticker"":""KXBTC15M-26APR280245-45"",""trade_id"":""7747f1a3-5173-6cf2-9ad7-57fc20c782cf"",""yes_price_dollars"":""0.6900""}"
KXBTC15M-26APR280245-45,748d9b89-9d68-6d8a-b093-29a5b4b94442,1777357857,0.69,6.03,yes,"{""count_fp"":""6.03"",""created_time"":""2026-04-28T06:30:57.851236Z"",""no_price_dollars"":""0.3100"",""taker_side"":""yes"",""ticker"":""KXBTC15M-26APR280245-45"",""trade_id"":""748d9b89-9d68-6d8a-b093-29a5b4b94442"",""yes_price_dollars"":""0.6900""}"
KXBTC15M-26APR280245-45,3a2b9d4e-2fa0-6200-973c-22e2859e85b7,1777357857,0.69,6.99,yes,"{""count_fp"":""6.99"",""created_time"":""2026-04-28T06:30:57.851236Z"",""no_price_dollars"":""0.3100"",""taker_side"":""yes"",""ticker"":""KXBTC15M-26APR280245-45"",""trade_id"":""3a2b9d4e-2fa0-6200-973c-22e2859e85b7"",""yes_price_dollars"":""0.6900""}"
KXBTC15M-26APR280245-45,1f398fbf-b3e2-637d-b929-8dd84b797245,1777357857,0.69,1.0,yes,"{""count_fp"":""1.00"",""created_time"":""2026-04-28T06:30:57.851236Z"",""no_price_dollars"":""0.3100"",""taker_side"":""yes"",""ticker"":""KXBTC15M-26APR280245-45"",""trade_id"":""1f398fbf-b3e2-637d-b929-8dd84b797245"",""yes_price_dollars"":""0.6900""}"
KXBTC15M-26APR280245-45,146e76e5-5a3c-634c-ab2a-91125e298d13,1777357857,0.69,20.0,yes,"{""count_fp"":""20.00"",""created_time"":""2026-04-28T06:30:57.851236Z"",""no_price_dollars"":""0.3100"",""taker_side"":""yes"",""ticker"":""KXBTC15M-26APR280245-45"",""trade_id"":""146e76e5-5a3c-634c-ab2a-91125e298d13"",""yes_price_dollars"":""0.6900""}"
KXBTC15M-26APR280245-45,14383d7c-9b19-6c04-8a4a-01636ef21d9c,1777357857,0.7,25.72,yes,"{""count_fp"":""25.72"",""created_time"":""2026-04-28T06:30:57.851236Z"",""no_price_dollars"":""0.3000"",""taker_side"":""yes"",""ticker"":""KXBTC15M-26APR280245-45"",""trade_id"":""14383d7c-9b19-6c04-8a4a-01636ef21d9c"",""yes_price_dollars"":""0.7000""}"
KXBTC15M-26APR280245-45,02df9647-749f-6571-9c21-1f955cac86f9,1777357857,0.69,1.0,yes,"{""count_fp"":""1.00"",""created_time"":""2026-04-28T06:30:57.851236Z"",""no_price_dollars"":""0.3100"",""taker_side"":""yes"",""ticker"":""KXBTC15M-26APR280245-45"",""trade_id"":""02df9647-749f-6571-9c21-1f955cac86f9"",""yes_price_dollars"":""0.6900""}"
KXBTC15M-26APR280245-45,ef20bb38-03b8-7d51-da74-b367c2e11e68,1777357858,0.7,3.0,yes,"{""count_fp"":""3.00"",""created_time"":""2026-04-28T06:30:58.691368Z"",""no_price_dollars"":""0.3000"",""taker_side"":""yes"",""ticker"":""KXBTC15M-26APR280245-45"",""trade_id"":""ef20bb38-03b8-7d51-da74-b367c2e11e68"",""yes_price_dollars"":""0.7000""}"
KXBTC15M-26APR280245-45,e95a2276-1eb8-7035-c62d-94688c8aaf2a,1777357858,0.71,40.0,yes,"{""count_fp"":""40.00"",""created_time"":""2026-04-28T06:30:58.691368Z"",""no_price_dollars"":""0.2900"",""taker_side"":""yes"",""ticker"":""KXBTC15M-26APR280245-45"",""trade_id"":""e95a2276-1eb8-7035-c62d-94688c8aaf2a"",""yes_price_dollars"":""0.7100""}"
KXBTC15M-26APR280245-45,7a33e07a-40a6-7896-f9ce-a915a05ee123,1777357858,0.7,10.0,yes,"{""count_fp"":""10.00"",""created_time"":""2026-04-28T06:30:58.691368Z"",""no_price_dollars"":""0.3000"",""taker_side"":""yes"",""ticker"":""KXBTC15M-26APR280245-45"",""trade_id"":""7a33e07a-40a6-7896-f9ce-a915a05ee123"",""yes_price_dollars"":""0.7000""}"
KXBTC15M-26APR280245-45,547eda52-fd4f-7638-c2c6-07652bc51179,1777357858,0.7,23.0,yes,"{""count_fp"":""23.00"",""created_time"":""2026-04-28T06:30:58.691368Z"",""no_price_dollars"":""0.3000"",""taker_side"":""yes"",""ticker"":""KXBTC15M-26APR280245-45"",""trade_id"":""547eda52-fd4f-7638-c2c6-07652bc51179"",""yes_price_dollars"":""0.7000""}"
KXBTC15M-26APR280245-45,443d166b-83e2-75cc-cc02-7a033e7e56ef,1777357858,0.7,8.86,yes,"{""count_fp"":""8.86"",""created_time"":""2026-04-28T06:30:58.691368Z"",""no_price_dollars"":""0.3000"",""taker_side"":""yes"",""ticker"":""KXBTC15M-26APR280245-45"",""trade_id"":""443d166b-83e2-75cc-cc02-7a033e7e56ef"",""yes_price_dollars"":""0.7000""}"
KXBTC15M-26APR280245-45,36e3bde5-19dd-7120-ce6a-1d281891b715,1777357858,0.71,22.26,yes,"{""count_fp"":""22.26"",""created_time"":""2026-04-28T06:30:58.691368Z"",""no_price_dollars"":""0.2900"",""taker_side"":""yes"",""ticker"":""KXBTC15M-26APR280245-45"",""trade_id"":""36e3bde5-19dd-7120-ce6a-1d281891b715"",""yes_price_dollars"":""0.7100""}"
KXBTC15M-26APR280245-45,31ef9722-5c82-7911-e3ec-0f6b41653b20,1777357858,0.71,25.0,yes,"{""count_fp"":""25.00"",""created_time"":""2026-04-28T06:30:58.691368Z"",""no_price_dollars"":""0.2900"",""taker_side"":""yes"",""ticker"":""KXBTC15M-26APR280245-45"",""trade_id"":""31ef9722-5c82-7911-e3ec-0f6b41653b20"",""yes_price_dollars"":""0.7100""}"
KXBTC15M-26APR280245-45,007fc8b9-e3c8-70ce-fedc-102cd78a3e76,1777357858,0.71,3.0,yes,"{""count_fp"":""3.00"",""created_time"":""2026-04-28T06:30:58.691368Z"",""no_price_dollars"":""0.2900"",""taker_side"":""yes"",""ticker"":""KXBTC15M-26APR280245-45"",""trade_id"":""007fc8b9-e3c8-70ce-fedc-102cd78a3e76"",""yes_price_dollars"":""0.7100""}"
