ticker,trade_id,ts,yes_price,count,taker_side,raw_json
KXBTC15M-26APR272345-45,fe8a222e-94f3-4406-f6cf-a181b8110083,1777347000,0.48,1.0,yes,"{""count_fp"":""1.00"",""created_time"":""2026-04-28T03:30:00.919158Z"",""no_price_dollars"":""0.5200"",""taker_side"":""yes"",""ticker"":""KXBTC15M-26APR272345-45"",""trade_id"":""fe8a222e-94f3-4406-f6cf-a181b8110083"",""yes_price_dollars"":""0.4800""}"
KXBTC15M-26APR272345-45,60f4bdc5-47a9-6e93-290f-3f55797e6236,1777347000,0.47,10.0,yes,"{""count_fp"":""10.00"",""created_time"":""2026-04-28T03:30:00.711326Z"",""no_price_dollars"":""0.5300"",""taker_side"":""yes"",""ticker"":""KXBTC15M-26APR272345-45"",""trade_id"":""60f4bdc5-47a9-6e93-290f-3f55797e6236"",""yes_price_dollars"":""0.4700""}"
KXBTC15M-26APR272345-45,da6d7864-02fb-4b72-eb10-950093bc9227,1777347001,0.48,9.0,yes,"{""count_fp"":""9.00"",""created_time"":""2026-04-28T03:30:01.185865Z"",""no_price_dollars"":""0.5200"",""taker_side"":""yes"",""ticker"":""KXBTC15M-26APR272345-45"",""trade_id"":""da6d7864-02fb-4b72-eb10-950093bc9227"",""yes_price_dollars"":""0.4800""}"
KXBTC15M-26APR272345-45,ec931fa4-3297-675d-c277-50bd34bc9b40,1777347002,0.55,1.0,yes,"{""count_fp"":""1.00"",""created_time"":""2026-04-28T03:30:02.427563Z"",""no_price_dollars"":""0.4500"",""taker_side"":""yes"",""ticker"":""KXBTC15M-26APR272345-45"",""trade_id"":""ec931fa4-3297-675d-c277-50bd34bc9b40"",""yes_price_dollars"":""0.5500""}"
KXBTC15M-26APR272345-45,e8f390b8-9196-4666-dfb4-e5d047845f57,1777347002,0.54,17.0,yes,"{""count_fp"":""17.00"",""created_time"":""2026-04-28T03:30:02.257547Z"",""no_price_dollars"":""0.4600"",""taker_side"":""yes"",""ticker"":""KXBTC15M-26APR272345-45"",""trade_id"":""e8f390b8-9196-4666-dfb4-e5d047845f57"",""yes_price_dollars"":""0.5400""}"
KXBTC15M-26APR272345-45,1c2155ee-d292-455b-d575-966fbe24897f,1777347002,0.54,8.0,yes,"{""count_fp"":""8.00"",""created_time"":""2026-04-28T03:30:02.257547Z"",""no_price_dollars"":""0.4600"",""taker_side"":""yes"",""ticker"":""KXBTC15M-26APR272345-45"",""trade_id"":""1c2155ee-d292-455b-d575-966fbe24897f"",""yes_price_dollars"":""0.5400""}"
KXBTC15M-26APR272345-45,e6c11395-6d86-4aeb-2e78-851cfff59c47,1777347002,0.54,9.0,yes,"{""count_fp"":""9.00"",""created_time"":""2026-04-28T03:30:02.228513Z"",""no_price_dollars"":""0.4600"",""taker_side"":""yes"",""ticker"":""KXBTC15M-26APR272345-45"",""trade_id"":""e6c11395-6d86-4aeb-2e78-851cfff59c47"",""yes_price_dollars"":""0.5400""}"
KXBTC15M-26APR272345-45,ba7ec478-aaab-4e8e-0352-07accb28a394,1777347002,0.54,1.0,yes,"{""count_fp"":""1.00"",""created_time"":""2026-04-28T03:30:02.228513Z"",""no_price_dollars"":""0.4600"",""taker_side"":""yes"",""ticker"":""KXBTC15M-26APR272345-45"",""trade_id"":""ba7ec478-aaab-4e8e-0352-07accb28a394"",""yes_price_dollars"":""0.5400""}"
KXBTC15M-26APR272345-45,70a3d25f-8d2a-741f-9c74-59431b043d99,1777347003,0.55,3.0,yes,"{""count_fp"":""3.00"",""created_time"":""2026-04-28T03:30:03.716418Z"",""no_price_dollars"":""0.4500"",""taker_side"":""yes"",""ticker"":""KXBTC15M-26APR272345-45"",""trade_id"":""70a3d25f-8d2a-741f-9c74-59431b043d99"",""yes_price_dollars"":""0.5500""}"
KXBTC15M-26APR272345-45,3f6bb46c-83f7-71cc-ae5a-3016ba4f1fa1,1777347003,0.55,1.0,yes,"{""count_fp"":""1.00"",""created_time"":""2026-04-28T03:30:03.716418Z"",""no_price_dollars"":""0.4500"",""taker_side"":""yes"",""ticker"":""KXBTC15M-26APR272345-45"",""trade_id"":""3f6bb46c-83f7-71cc-ae5a-3016ba4f1fa1"",""yes_price_dollars"":""0.5500""}"
KXBTC15M-26APR272345-45,f237ff24-3b86-4627-9fca-898fa4001a05,1777347007,0.54,32.0,yes,"{""count_fp"":""32.00"",""created_time"":""2026-04-28T03:30:07.650294Z"",""no_price_dollars"":""0.4600"",""taker_side"":""yes"",""ticker"":""KXBTC15M-26APR272345-45"",""trade_id"":""f237ff24-3b86-4627-9fca-898fa4001a05"",""yes_price_dollars"":""0.5400""}"
KXBTC15M-26APR272345-45,ca90ddd4-f8cf-4d9b-8e81-1ede90082cd5,1777347007,0.54,14.0,yes,"{""count_fp"":""14.00"",""created_time"":""2026-04-28T03:30:07.650294Z"",""no_price_dollars"":""0.4600"",""taker_side"":""yes"",""ticker"":""KXBTC15M-26APR272345-45"",""trade_id"":""ca90ddd4-f8cf-4d9b-8e81-1ede90082cd5"",""yes_price_dollars"":""0.5400""}"
KXBTC15M-26APR272345-45,375730de-deb4-45ac-8da8-555d5eac0154,1777347007,0.54,46.0,yes,"{""count_fp"":""46.00"",""created_time"":""2026-04-28T03:30:07.650294Z"",""no_price_dollars"":""0.4600"",""taker_side"":""yes"",""ticker"":""KXBTC15M-26APR272345-45"",""trade_id"":""375730de-deb4-45ac-8da8-555d5eac0154"",""yes_price_dollars"":""0.5400""}"
KXBTC15M-26APR272345-45,309bf9ae-cc37-40ec-aeda-1a846519991d,1777347007,0.54,56.0,yes,"{""count_fp"":""56.00"",""created_time"":""2026-04-28T03:30:07.650294Z"",""no_price_dollars"":""0.4600"",""taker_side"":""yes"",""ticker"":""KXBTC15M-26APR272345-45"",""trade_id"":""309bf9ae-cc37-40ec-aeda-1a846519991d"",""yes_price_dollars"":""0.5400""}"
KXBTC15M-26APR272345-45,7a815290-8c8b-5ae3-49e4-74769d7a86e9,1777347007,0.54,9.0,yes,"{""count_fp"":""9.00"",""created_time"":""2026-04-28T03:30:07.347092Z"",""no_price_dollars"":""0.4600"",""taker_side"":""yes"",""ticker"":""KXBTC15M-26APR272345-45"",""trade_id"":""7a815290-8c8b-5ae3-49e4-74769d7a86e9"",""yes_price_dollars"":""0.5400""}"
KXBTC15M-26APR272345-45,f60e6f78-b90d-66d2-b25a-1bea3138d9e4,1777347008,0.53,13.0,no,"{""count_fp"":""13.00"",""created_time"":""2026-04-28T03:30:08.235264Z"",""no_price_dollars"":""0.4700"",""taker_side"":""no"",""ticker"":""KXBTC15M-26APR272345-45"",""trade_id"":""f60e6f78-b90d-66d2-b25a-1bea3138d9e4"",""yes_price_dollars"":""0.5300""}"
KXBTC15M-26APR272345-45,80cb58d4-85e6-60cc-a054-6f2117e39b07,1777347008,0.53,5.0,no,"{""count_fp"":""5.00"",""created_time"":""2026-04-28T03:30:08.235264Z"",""no_price_dollars"":""0.4700"",""taker_side"":""no"",""ticker"":""KXBTC15M-26APR272345-45"",""trade_id"":""80cb58d4-85e6-60cc-a054-6f2117e39b07"",""yes_price_dollars"":""0.5300""}"
KXBTC15M-26APR272345-45,721f9a90-c8d3-63d3-b5f4-9d9e7c2cc2a8,1777347008,0.53,10.0,no,"{""count_fp"":""10.00"",""created_time"":""2026-04-28T03:30:08.235264Z"",""no_price_dollars"":""0.4700"",""taker_side"":""no"",""ticker"":""KXBTC15M-26APR272345-45"",""trade_id"":""721f9a90-c8d3-63d3-b5f4-9d9e7c2cc2a8"",""yes_price_dollars"":""0.5300""}"
KXBTC15M-26APR272345-45,010e8f39-1bfd-6012-ba9c-e599bc93d489,1777347008,0.53,16.0,no,"{""count_fp"":""16.00"",""created_time"":""2026-04-28T03:30:08.235264Z"",""no_price_dollars"":""0.4700"",""taker_side"":""no"",""ticker"":""KXBTC15M-26APR272345-45"",""trade_id"":""010e8f39-1bfd-6012-ba9c-e599bc93d489"",""yes_price_dollars"":""0.5300""}"
KXBTC15M-26APR272345-45,a45de8bd-f57c-49f3-c34a-4545013ba5ed,1777347008,0.55,24.0,yes,"{""count_fp"":""24.00"",""created_time"":""2026-04-28T03:30:08.205487Z"",""no_price_dollars"":""0.4500"",""taker_side"":""yes"",""ticker"":""KXBTC15M-26APR272345-45"",""trade_id"":""a45de8bd-f57c-49f3-c34a-4545013ba5ed"",""yes_price_dollars"":""0.5500""}"
KXBTC15M-26APR272345-45,9167c38c-3970-40eb-9698-9d9a746bd4e5,1777347009,0.55,7.0,yes,"{""count_fp"":""7.00"",""created_time"":""2026-04-28T03:30:09.153761Z"",""no_price_dollars"":""0.4500"",""taker_side"":""yes"",""ticker"":""KXBTC15M-26APR272345-45"",""trade_id"":""9167c38c-3970-40eb-9698-9d9a746bd4e5"",""yes_price_dollars"":""0.5500""}"
KXBTC15M-26APR272345-45,0774b9d9-5379-4b2c-8e24-936be694a0a3,1777347009,0.55,15.91,yes,"{""count_fp"":""15.91"",""created_time"":""2026-04-28T03:30:09.153761Z"",""no_price_dollars"":""0.4500"",""taker_side"":""yes"",""ticker"":""KXBTC15M-26APR272345-45"",""trade_id"":""0774b9d9-5379-4b2c-8e24-936be694a0a3"",""yes_price_dollars"":""0.5500""}"
KXBTC15M-26APR272345-45,dea746a2-c7cf-7ae7-ac5d-ef9d0d1c5e57,1777347010,0.52,2.0,no,"{""count_fp"":""2.00"",""created_time"":""2026-04-28T03:30:10.883747Z"",""no_price_dollars"":""0.4800"",""taker_side"":""no"",""ticker"":""KXBTC15M-26APR272345-45"",""trade_id"":""dea746a2-c7cf-7ae7-ac5d-ef9d0d1c5e57"",""yes_price_dollars"":""0.5200""}"
KXBTC15M-26APR272345-45,d9f4094b-c571-73f0-afa2-3721cefd05fc,1777347010,0.54,2.23,no,"{""count_fp"":""2.23"",""created_time"":""2026-04-28T03:30:10.883747Z"",""no_price_dollars"":""0.4600"",""taker_side"":""no"",""ticker"":""KXBTC15M-26APR272345-45"",""trade_id"":""d9f4094b-c571-73f0-afa2-3721cefd05fc"",""yes_price_dollars"":""0.5400""}"
KXBTC15M-26APR272345-45,d70315ad-7504-7e85-8924-32c58de8ce02,1777347010,0.53,2.0,no,"{""count_fp"":""2.00"",""created_time"":""2026-04-28T03:30:10.883747Z"",""no_price_dollars"":""0.4700"",""taker_side"":""no"",""ticker"":""KXBTC15M-26APR272345-45"",""trade_id"":""d70315ad-7504-7e85-8924-32c58de8ce02"",""yes_price_dollars"":""0.5300""}"
KXBTC15M-26APR272345-45,b69df78b-6ee6-7118-914a-66e8cb5fc623,1777347010,0.54,100.0,no,"{""count_fp"":""100.00"",""created_time"":""2026-04-28T03:30:10.883747Z"",""no_price_dollars"":""0.4600"",""taker_side"":""no"",""ticker"":""KXBTC15M-26APR272345-45"",""trade_id"":""b69df78b-6ee6-7118-914a-66e8cb5fc623"",""yes_price_dollars"":""0.5400""}"
KXBTC15M-26APR272345-45,624c9833-d05d-7b11-9640-4e33980dc2fc,1777347010,0.52,30.0,no,"{""count_fp"":""30.00"",""created_time"":""2026-04-28T03:30:10.883747Z"",""no_price_dollars"":""0.4800"",""taker_side"":""no"",""ticker"":""KXBTC15M-26APR272345-45"",""trade_id"":""624c9833-d05d-7b11-9640-4e33980dc2fc"",""yes_price_dollars"":""0.5200""}"
KXBTC15M-26APR272345-45,0b046f70-eaf8-75be-add3-80ff2b8320af,1777347010,0.52,58.39,no,"{""count_fp"":""58.39"",""created_time"":""2026-04-28T03:30:10.883747Z"",""no_price_dollars"":""0.4800"",""taker_side"":""no"",""ticker"":""KXBTC15M-26APR272345-45"",""trade_id"":""0b046f70-eaf8-75be-add3-80ff2b8320af"",""yes_price_dollars"":""0.5200""}"
KXBTC15M-26APR272345-45,06059f9c-fd6c-7549-85e7-7424b955089a,1777347010,0.53,7.0,no,"{""count_fp"":""7.00"",""created_time"":""2026-04-28T03:30:10.883747Z"",""no_price_dollars"":""0.4700"",""taker_side"":""no"",""ticker"":""KXBTC15M-26APR272345-45"",""trade_id"":""06059f9c-fd6c-7549-85e7-7424b955089a"",""yes_price_dollars"":""0.5300""}"
KXBTC15M-26APR272345-45,ca69d4ff-06bd-5f90-6fec-3e35e81dd013,1777347010,0.55,4.62,yes,"{""count_fp"":""4.62"",""created_time"":""2026-04-28T03:30:10.755767Z"",""no_price_dollars"":""0.4500"",""taker_side"":""yes"",""ticker"":""KXBTC15M-26APR272345-45"",""trade_id"":""ca69d4ff-06bd-5f90-6fec-3e35e81dd013"",""yes_price_dollars"":""0.5500""}"
KXBTC15M-26APR272345-45,5ec51be3-ae43-5062-6fde-ea8fc07fe714,1777347010,0.54,10.0,yes,"{""count_fp"":""10.00"",""created_time"":""2026-04-28T03:30:10.755767Z"",""no_price_dollars"":""0.4600"",""taker_side"":""yes"",""ticker"":""KXBTC15M-26APR272345-45"",""trade_id"":""5ec51be3-ae43-5062-6fde-ea8fc07fe714"",""yes_price_dollars"":""0.5400""}"
KXBTC15M-26APR272345-45,08f2dcb7-d8df-5ca8-494f-aa3b9b830862,1777347010,0.54,3.0,yes,"{""count_fp"":""3.00"",""created_time"":""2026-04-28T03:30:10.755767Z"",""no_price_dollars"":""0.4600"",""taker_side"":""yes"",""ticker"":""KXBTC15M-26APR272345-45"",""trade_id"":""08f2dcb7-d8df-5ca8-494f-aa3b9b830862"",""yes_price_dollars"":""0.5400""}"
KXBTC15M-26APR272345-45,af4bc37a-7b67-6e5f-7ec6-0e873c5eda45,1777347010,0.54,11.0,yes,"{""count_fp"":""11.00"",""created_time"":""2026-04-28T03:30:10.124859Z"",""no_price_dollars"":""0.4600"",""taker_side"":""yes"",""ticker"":""KXBTC15M-26APR272345-45"",""trade_id"":""af4bc37a-7b67-6e5f-7ec6-0e873c5eda45"",""yes_price_dollars"":""0.5400""}"
KXBTC15M-26APR272345-45,9e360c60-c32d-62ca-67e2-fe8b8793520f,1777347010,0.54,3.0,yes,"{""count_fp"":""3.00"",""created_time"":""2026-04-28T03:30:10.124859Z"",""no_price_dollars"":""0.4600"",""taker_side"":""yes"",""ticker"":""KXBTC15M-26APR272345-45"",""trade_id"":""9e360c60-c32d-62ca-67e2-fe8b8793520f"",""yes_price_dollars"":""0.5400""}"
KXBTC15M-26APR272345-45,36b536e6-1605-6f38-6310-7c882b5391d3,1777347010,0.55,3.8,yes,"{""count_fp"":""3.80"",""created_time"":""2026-04-28T03:30:10.124859Z"",""no_price_dollars"":""0.4500"",""taker_side"":""yes"",""ticker"":""KXBTC15M-26APR272345-45"",""trade_id"":""36b536e6-1605-6f38-6310-7c882b5391d3"",""yes_price_dollars"":""0.5500""}"
KXBTC15M-26APR272345-45,393aeaee-bc3c-530b-254e-fed2c609b164,1777347012,0.52,24.1,no,"{""count_fp"":""24.10"",""created_time"":""2026-04-28T03:30:12.914565Z"",""no_price_dollars"":""0.4800"",""taker_side"":""no"",""ticker"":""KXBTC15M-26APR272345-45"",""trade_id"":""393aeaee-bc3c-530b-254e-fed2c609b164"",""yes_price_dollars"":""0.5200""}"
KXBTC15M-26APR272345-45,995e6bf5-c021-6259-a51a-ce191dc0c89e,1777347012,0.53,3.0,yes,"{""count_fp"":""3.00"",""created_time"":""2026-04-28T03:30:12.839858Z"",""no_price_dollars"":""0.4700"",""taker_side"":""yes"",""ticker"":""KXBTC15M-26APR272345-45"",""trade_id"":""995e6bf5-c021-6259-a51a-ce191dc0c89e"",""yes_price_dollars"":""0.5300""}"
KXBTC15M-26APR272345-45,5cd283ab-5342-6738-b6b8-cfe38817c411,1777347012,0.54,49.06,yes,"{""count_fp"":""49.06"",""created_time"":""2026-04-28T03:30:12.839858Z"",""no_price_dollars"":""0.4600"",""taker_side"":""yes"",""ticker"":""KXBTC15M-26APR272345-45"",""trade_id"":""5cd283ab-5342-6738-b6b8-cfe38817c411"",""yes_price_dollars"":""0.5400""}"
KXBTC15M-26APR272345-45,cd30181a-f747-68e9-61b5-77b88605f780,1777347013,0.53,3.0,yes,"{""count_fp"":""3.00"",""created_time"":""2026-04-28T03:30:13.799458Z"",""no_price_dollars"":""0.4700"",""taker_side"":""yes"",""ticker"":""KXBTC15M-26APR272345-45"",""trade_id"":""cd30181a-f747-68e9-61b5-77b88605f780"",""yes_price_dollars"":""0.5300""}"
KXBTC15M-26APR272345-45,673eb2a4-53ae-63a0-5a80-733a0018ab59,1777347013,0.54,6.98,yes,"{""count_fp"":""6.98"",""created_time"":""2026-04-28T03:30:13.799458Z"",""no_price_dollars"":""0.4600"",""taker_side"":""yes"",""ticker"":""KXBTC15M-26APR272345-45"",""trade_id"":""673eb2a4-53ae-63a0-5a80-733a0018ab59"",""yes_price_dollars"":""0.5400""}"
KXBTC15M-26APR272345-45,3a5be2c7-5bed-6adc-5be7-891c50093632,1777347013,0.52,8.0,yes,"{""count_fp"":""8.00"",""created_time"":""2026-04-28T03:30:13.799458Z"",""no_price_dollars"":""0.4800"",""taker_side"":""yes"",""ticker"":""KXBTC15M-26APR272345-45"",""trade_id"":""3a5be2c7-5bed-6adc-5be7-891c50093632"",""yes_price_dollars"":""0.5200""}"
KXBTC15M-26APR272345-45,9ddbf64f-4eda-5109-5330-2d74fdf84731,1777347013,0.51,0.59,no,"{""count_fp"":""0.59"",""created_time"":""2026-04-28T03:30:13.331346Z"",""no_price_dollars"":""0.4900"",""taker_side"":""no"",""ticker"":""KXBTC15M-26APR272345-45"",""trade_id"":""9ddbf64f-4eda-5109-5330-2d74fdf84731"",""yes_price_dollars"":""0.5100""}"
KXBTC15M-26APR272345-45,fcd04531-273a-7013-5353-237eca6e19ec,1777347013,0.52,24.12,no,"{""count_fp"":""24.12"",""created_time"":""2026-04-28T03:30:13.045598Z"",""no_price_dollars"":""0.4800"",""taker_side"":""no"",""ticker"":""KXBTC15M-26APR272345-45"",""trade_id"":""fcd04531-273a-7013-5353-237eca6e19ec"",""yes_price_dollars"":""0.5200""}"
KXBTC15M-26APR272345-45,833051e8-589a-47e7-7c0e-48984e9b6590,1777347013,0.52,11.2,no,"{""count_fp"":""11.20"",""created_time"":""2026-04-28T03:30:13.021586Z"",""no_price_dollars"":""0.4800"",""taker_side"":""no"",""ticker"":""KXBTC15M-26APR272345-45"",""trade_id"":""833051e8-589a-47e7-7c0e-48984e9b6590"",""yes_price_dollars"":""0.5200""}"
KXBTC15M-26APR272345-45,6a5c69dd-bd7c-4a43-4b8b-14e2902dc9ec,1777347013,0.52,8.9,no,"{""count_fp"":""8.90"",""created_time"":""2026-04-28T03:30:13.021586Z"",""no_price_dollars"":""0.4800"",""taker_side"":""no"",""ticker"":""KXBTC15M-26APR272345-45"",""trade_id"":""6a5c69dd-bd7c-4a43-4b8b-14e2902dc9ec"",""yes_price_dollars"":""0.5200""}"
KXBTC15M-26APR272345-45,dfc9a2f9-4379-7794-d4f1-ebf60e6b2e48,1777347015,0.54,99.3,yes,"{""count_fp"":""99.30"",""created_time"":""2026-04-28T03:30:15.832208Z"",""no_price_dollars"":""0.4600"",""taker_side"":""yes"",""ticker"":""KXBTC15M-26APR272345-45"",""trade_id"":""dfc9a2f9-4379-7794-d4f1-ebf60e6b2e48"",""yes_price_dollars"":""0.5400""}"
KXBTC15M-26APR272345-45,9560c591-8653-7319-c0e2-2efb541d1382,1777347015,0.53,3.0,yes,"{""count_fp"":""3.00"",""created_time"":""2026-04-28T03:30:15.832208Z"",""no_price_dollars"":""0.4700"",""taker_side"":""yes"",""ticker"":""KXBTC15M-26APR272345-45"",""trade_id"":""9560c591-8653-7319-c0e2-2efb541d1382"",""yes_price_dollars"":""0.5300""}"
KXBTC15M-26APR272345-45,f6cc5978-927f-458e-09c5-b4eababf78f8,1777347015,0.52,24.4,no,"{""count_fp"":""24.40"",""created_time"":""2026-04-28T03:30:15.752819Z"",""no_price_dollars"":""0.4800"",""taker_side"":""no"",""ticker"":""KXBTC15M-26APR272345-45"",""trade_id"":""f6cc5978-927f-458e-09c5-b4eababf78f8"",""yes_price_dollars"":""0.5200""}"
KXBTC15M-26APR272345-45,9ac34832-5f73-4d29-390c-f1eab1539092,1777347015,0.52,15.0,no,"{""count_fp"":""15.00"",""created_time"":""2026-04-28T03:30:15.752819Z"",""no_price_dollars"":""0.4800"",""taker_side"":""no"",""ticker"":""KXBTC15M-26APR272345-45"",""trade_id"":""9ac34832-5f73-4d29-390c-f1eab1539092"",""yes_price_dollars"":""0.5200""}"
KXBTC15M-26APR272345-45,8401e808-5739-4fba-1c63-fd2f35c7e7c4,1777347015,0.53,119.0,yes,"{""count_fp"":""119.00"",""created_time"":""2026-04-28T03:30:15.469978Z"",""no_price_dollars"":""0.4700"",""taker_side"":""yes"",""ticker"":""KXBTC15M-26APR272345-45"",""trade_id"":""8401e808-5739-4fba-1c63-fd2f35c7e7c4"",""yes_price_dollars"":""0.5300""}"
KXBTC15M-26APR272345-45,755c8ba1-9162-4b52-289b-8686081bb9ea,1777347015,0.53,3.0,yes,"{""count_fp"":""3.00"",""created_time"":""2026-04-28T03:30:15.469978Z"",""no_price_dollars"":""0.4700"",""taker_side"":""yes"",""ticker"":""KXBTC15M-26APR272345-45"",""trade_id"":""755c8ba1-9162-4b52-289b-8686081bb9ea"",""yes_price_dollars"":""0.5300""}"
KXBTC15M-26APR272345-45,3049a051-08ff-4a1b-1962-f95b17baf7e5,1777347015,0.53,7.0,yes,"{""count_fp"":""7.00"",""created_time"":""2026-04-28T03:30:15.469978Z"",""no_price_dollars"":""0.4700"",""taker_side"":""yes"",""ticker"":""KXBTC15M-26APR272345-45"",""trade_id"":""3049a051-08ff-4a1b-1962-f95b17baf7e5"",""yes_price_dollars"":""0.5300""}"
KXBTC15M-26APR272345-45,22906e88-12a5-4b00-1d01-b60409ecc128,1777347015,0.54,50.73,yes,"{""count_fp"":""50.73"",""created_time"":""2026-04-28T03:30:15.469978Z"",""no_price_dollars"":""0.4600"",""taker_side"":""yes"",""ticker"":""KXBTC15M-26APR272345-45"",""trade_id"":""22906e88-12a5-4b00-1d01-b60409ecc128"",""yes_price_dollars"":""0.5400""}"
KXBTC15M-26APR272345-45,27d76ec2-d2c9-7693-2f1a-1d395ec7810f,1777347016,0.53,145.69,yes,"{""count_fp"":""145.69"",""created_time"":""2026-04-28T03:30:16.920885Z"",""no_price_dollars"":""0.4700"",""taker_side"":""yes"",""ticker"":""KXBTC15M-26APR272345-45"",""trade_id"":""27d76ec2-d2c9-7693-2f1a-1d395ec7810f"",""yes_price_dollars"":""0.5300""}"
KXBTC15M-26APR272345-45,ed79cdae-42a9-7e4b-39df-9e970964c72f,1777347016,0.53,41.0,yes,"{""count_fp"":""41.00"",""created_time"":""2026-04-28T03:30:16.689881Z"",""no_price_dollars"":""0.4700"",""taker_side"":""yes"",""ticker"":""KXBTC15M-26APR272345-45"",""trade_id"":""ed79cdae-42a9-7e4b-39df-9e970964c72f"",""yes_price_dollars"":""0.5300""}"
KXBTC15M-26APR272345-45,ba09a2b1-d255-73ce-05a8-2351e0462373,1777347016,0.53,3.0,yes,"{""count_fp"":""3.00"",""created_time"":""2026-04-28T03:30:16.689881Z"",""no_price_dollars"":""0.4700"",""taker_side"":""yes"",""ticker"":""KXBTC15M-26APR272345-45"",""trade_id"":""ba09a2b1-d255-73ce-05a8-2351e0462373"",""yes_price_dollars"":""0.5300""}"
KXBTC15M-26APR272345-45,d54f96cf-036b-43c8-f0e1-ce0dc706fc6b,1777347016,0.53,3.0,yes,"{""count_fp"":""3.00"",""created_time"":""2026-04-28T03:30:16.172978Z"",""no_price_dollars"":""0.4700"",""taker_side"":""yes"",""ticker"":""KXBTC15M-26APR272345-45"",""trade_id"":""d54f96cf-036b-43c8-f0e1-ce0dc706fc6b"",""yes_price_dollars"":""0.5300""}"
KXBTC15M-26APR272345-45,7806f3f5-eff9-49b4-ec86-2329155181f0,1777347016,0.54,41.74,yes,"{""count_fp"":""41.74"",""created_time"":""2026-04-28T03:30:16.172978Z"",""no_price_dollars"":""0.4600"",""taker_side"":""yes"",""ticker"":""KXBTC15M-26APR272345-45"",""trade_id"":""7806f3f5-eff9-49b4-ec86-2329155181f0"",""yes_price_dollars"":""0.5400""}"
KXBTC15M-26APR272345-45,eeb6dacf-e0d4-7ca0-40bc-c8da92bac7c3,1777347017,0.53,12.0,yes,"{""count_fp"":""12.00"",""created_time"":""2026-04-28T03:30:17.975207Z"",""no_price_dollars"":""0.4700"",""taker_side"":""yes"",""ticker"":""KXBTC15M-26APR272345-45"",""trade_id"":""eeb6dacf-e0d4-7ca0-40bc-c8da92bac7c3"",""yes_price_dollars"":""0.5300""}"
KXBTC15M-26APR272345-45,643c7f9e-1c25-7398-55f4-8f52961662e8,1777347017,0.54,43.65,yes,"{""count_fp"":""43.65"",""created_time"":""2026-04-28T03:30:17.975207Z"",""no_price_dollars"":""0.4600"",""taker_side"":""yes"",""ticker"":""KXBTC15M-26APR272345-45"",""trade_id"":""643c7f9e-1c25-7398-55f4-8f52961662e8"",""yes_price_dollars"":""0.5400""}"
KXBTC15M-26APR272345-45,61069729-9990-4042-59e3-6eff2977d4a8,1777347017,0.53,3.0,yes,"{""count_fp"":""3.00"",""created_time"":""2026-04-28T03:30:17.901217Z"",""no_price_dollars"":""0.4700"",""taker_side"":""yes"",""ticker"":""KXBTC15M-26APR272345-45"",""trade_id"":""61069729-9990-4042-59e3-6eff2977d4a8"",""yes_price_dollars"":""0.5300""}"
KXBTC15M-26APR272345-45,970bb277-bc8f-666e-f407-098961204100,1777347017,0.52,50.25,no,"{""count_fp"":""50.25"",""created_time"":""2026-04-28T03:30:17.540635Z"",""no_price_dollars"":""0.4800"",""taker_side"":""no"",""ticker"":""KXBTC15M-26APR272345-45"",""trade_id"":""970bb277-bc8f-666e-f407-098961204100"",""yes_price_dollars"":""0.5200""}"
KXBTC15M-26APR272345-45,29a46451-1b9f-6db6-5d27-ed628c5f3d00,1777347017,0.52,7.0,no,"{""count_fp"":""7.00"",""created_time"":""2026-04-28T03:30:17.202063Z"",""no_price_dollars"":""0.4800"",""taker_side"":""no"",""ticker"":""KXBTC15M-26APR272345-45"",""trade_id"":""29a46451-1b9f-6db6-5d27-ed628c5f3d00"",""yes_price_dollars"":""0.5200""}"
KXBTC15M-26APR272345-45,12e463dd-6da1-4c41-b0ac-98fe71427b47,1777347018,0.52,35.92,yes,"{""count_fp"":""35.92"",""created_time"":""2026-04-28T03:30:18.937377Z"",""no_price_dollars"":""0.4800"",""taker_side"":""yes"",""ticker"":""KXBTC15M-26APR272345-45"",""trade_id"":""12e463dd-6da1-4c41-b0ac-98fe71427b47"",""yes_price_dollars"":""0.5200""}"
KXBTC15M-26APR272345-45,a9c48e5d-6695-4510-0c70-43de9955f6e8,1777347018,0.53,1.82,yes,"{""count_fp"":""1.82"",""created_time"":""2026-04-28T03:30:18.839402Z"",""no_price_dollars"":""0.4700"",""taker_side"":""yes"",""ticker"":""KXBTC15M-26APR272345-45"",""trade_id"":""a9c48e5d-6695-4510-0c70-43de9955f6e8"",""yes_price_dollars"":""0.5300""}"
KXBTC15M-26APR272345-45,634d2668-2a51-55ea-e56f-9125924b4bec,1777347018,0.52,3.0,no,"{""count_fp"":""3.00"",""created_time"":""2026-04-28T03:30:18.563065Z"",""no_price_dollars"":""0.4800"",""taker_side"":""no"",""ticker"":""KXBTC15M-26APR272345-45"",""trade_id"":""634d2668-2a51-55ea-e56f-9125924b4bec"",""yes_price_dollars"":""0.5200""}"
KXBTC15M-26APR272345-45,e066c762-15ff-6612-a003-5006c451264c,1777347018,0.52,37.35,no,"{""count_fp"":""37.35"",""created_time"":""2026-04-28T03:30:18.420224Z"",""no_price_dollars"":""0.4800"",""taker_side"":""no"",""ticker"":""KXBTC15M-26APR272345-45"",""trade_id"":""e066c762-15ff-6612-a003-5006c451264c"",""yes_price_dollars"":""0.5200""}"
KXBTC15M-26APR272345-45,8d8c6958-34d7-42a4-0627-7a73c0f986cd,1777347018,0.53,3.0,yes,"{""count_fp"":""3.00"",""created_time"":""2026-04-28T03:30:18.351572Z"",""no_price_dollars"":""0.4700"",""taker_side"":""yes"",""ticker"":""KXBTC15M-26APR272345-45"",""trade_id"":""8d8c6958-34d7-42a4-0627-7a73c0f986cd"",""yes_price_dollars"":""0.5300""}"
KXBTC15M-26APR272345-45,2f311705-88a9-43a4-340d-ea9aa54734c8,1777347018,0.54,5.0,yes,"{""count_fp"":""5.00"",""created_time"":""2026-04-28T03:30:18.351572Z"",""no_price_dollars"":""0.4600"",""taker_side"":""yes"",""ticker"":""KXBTC15M-26APR272345-45"",""trade_id"":""2f311705-88a9-43a4-340d-ea9aa54734c8"",""yes_price_dollars"":""0.5400""}"
KXBTC15M-26APR272345-45,8fac8d7e-a41d-75fb-38b5-ee272392a228,1777347019,0.52,9.01,yes,"{""count_fp"":""9.01"",""created_time"":""2026-04-28T03:30:19.512096Z"",""no_price_dollars"":""0.4800"",""taker_side"":""yes"",""ticker"":""KXBTC15M-26APR272345-45"",""trade_id"":""8fac8d7e-a41d-75fb-38b5-ee272392a228"",""yes_price_dollars"":""0.5200""}"
KXBTC15M-26APR272345-45,8246091d-5c36-636e-9c3a-5efce868822f,1777347019,0.52,2.0,yes,"{""count_fp"":""2.00"",""created_time"":""2026-04-28T03:30:19.117091Z"",""no_price_dollars"":""0.4800"",""taker_side"":""yes"",""ticker"":""KXBTC15M-26APR272345-45"",""trade_id"":""8246091d-5c36-636e-9c3a-5efce868822f"",""yes_price_dollars"":""0.5200""}"
KXBTC15M-26APR272345-45,b3ff1e8a-b125-50bb-9697-9ee71e9ad3c4,1777347020,0.52,1.86,yes,"{""count_fp"":""1.86"",""created_time"":""2026-04-28T03:30:20.795664Z"",""no_price_dollars"":""0.4800"",""taker_side"":""yes"",""ticker"":""KXBTC15M-26APR272345-45"",""trade_id"":""b3ff1e8a-b125-50bb-9697-9ee71e9ad3c4"",""yes_price_dollars"":""0.5200""}"
KXBTC15M-26APR272345-45,626bfa6f-dc11-65ff-f6bb-d12c06cbe874,1777347020,0.52,9.28,yes,"{""count_fp"":""9.28"",""created_time"":""2026-04-28T03:30:20.774249Z"",""no_price_dollars"":""0.4800"",""taker_side"":""yes"",""ticker"":""KXBTC15M-26APR272345-45"",""trade_id"":""626bfa6f-dc11-65ff-f6bb-d12c06cbe874"",""yes_price_dollars"":""0.5200""}"
KXBTC15M-26APR272345-45,fe79e8d8-d7d5-4ddf-b812-12528a12cbd8,1777347020,0.52,4.23,yes,"{""count_fp"":""4.23"",""created_time"":""2026-04-28T03:30:20.651283Z"",""no_price_dollars"":""0.4800"",""taker_side"":""yes"",""ticker"":""KXBTC15M-26APR272345-45"",""trade_id"":""fe79e8d8-d7d5-4ddf-b812-12528a12cbd8"",""yes_price_dollars"":""0.5200""}"
KXBTC15M-26APR272345-45,76035f4a-3e61-6023-0aa4-79f810bc2148,1777347020,0.52,0.18,yes,"{""count_fp"":""0.18"",""created_time"":""2026-04-28T03:30:20.506841Z"",""no_price_dollars"":""0.4800"",""taker_side"":""yes"",""ticker"":""KXBTC15M-26APR272345-45"",""trade_id"":""76035f4a-3e61-6023-0aa4-79f810bc2148"",""yes_price_dollars"":""0.5200""}"
KXBTC15M-26APR272345-45,36a873eb-97cd-676f-09d4-56a68fdfaadc,1777347020,0.52,10.0,yes,"{""count_fp"":""10.00"",""created_time"":""2026-04-28T03:30:20.105206Z"",""no_price_dollars"":""0.4800"",""taker_side"":""yes"",""ticker"":""KXBTC15M-26APR272345-45"",""trade_id"":""36a873eb-97cd-676f-09d4-56a68fdfaadc"",""yes_price_dollars"":""0.5200""}"
KXBTC15M-26APR272345-45,7468d7de-dd4a-6801-8447-2a82cd75d329,1777347020,0.51,3.0,no,"{""count_fp"":""3.00"",""created_time"":""2026-04-28T03:30:20.033321Z"",""no_price_dollars"":""0.4900"",""taker_side"":""no"",""ticker"":""KXBTC15M-26APR272345-45"",""trade_id"":""7468d7de-dd4a-6801-8447-2a82cd75d329"",""yes_price_dollars"":""0.5100""}"
KXBTC15M-26APR272345-45,1a2a807f-2641-7910-d9d8-b0297ecfb37d,1777347021,0.53,20.0,yes,"{""count_fp"":""20.00"",""created_time"":""2026-04-28T03:30:21.896241Z"",""no_price_dollars"":""0.4700"",""taker_side"":""yes"",""ticker"":""KXBTC15M-26APR272345-45"",""trade_id"":""1a2a807f-2641-7910-d9d8-b0297ecfb37d"",""yes_price_dollars"":""0.5300""}"
KXBTC15M-26APR272345-45,e1322678-7ca9-49c4-d009-7b4dfe8c8688,1777347021,0.53,67.58,yes,"{""count_fp"":""67.58"",""created_time"":""2026-04-28T03:30:21.664234Z"",""no_price_dollars"":""0.4700"",""taker_side"":""yes"",""ticker"":""KXBTC15M-26APR272345-45"",""trade_id"":""e1322678-7ca9-49c4-d009-7b4dfe8c8688"",""yes_price_dollars"":""0.5300""}"
KXBTC15M-26APR272345-45,44edc8a3-0e3d-514c-2289-a69b01480c80,1777347021,0.53,371.23,yes,"{""count_fp"":""371.23"",""created_time"":""2026-04-28T03:30:21.629257Z"",""no_price_dollars"":""0.4700"",""taker_side"":""yes"",""ticker"":""KXBTC15M-26APR272345-45"",""trade_id"":""44edc8a3-0e3d-514c-2289-a69b01480c80"",""yes_price_dollars"":""0.5300""}"
KXBTC15M-26APR272345-45,10622fd1-a5c5-5c2f-238d-a48fd85bc7f0,1777347021,0.52,85.44,yes,"{""count_fp"":""85.44"",""created_time"":""2026-04-28T03:30:21.629257Z"",""no_price_dollars"":""0.4800"",""taker_side"":""yes"",""ticker"":""KXBTC15M-26APR272345-45"",""trade_id"":""10622fd1-a5c5-5c2f-238d-a48fd85bc7f0"",""yes_price_dollars"":""0.5200""}"
KXBTC15M-26APR272345-45,cf4ac274-9c67-6b1b-3c01-362b566f7949,1777347021,0.51,5.0,no,"{""count_fp"":""5.00"",""created_time"":""2026-04-28T03:30:21.342991Z"",""no_price_dollars"":""0.4900"",""taker_side"":""no"",""ticker"":""KXBTC15M-26APR272345-45"",""trade_id"":""cf4ac274-9c67-6b1b-3c01-362b566f7949"",""yes_price_dollars"":""0.5100""}"
KXBTC15M-26APR272345-45,ea8999fb-b534-6c1b-7699-b432e789da2e,1777347021,0.51,3.0,no,"{""count_fp"":""3.00"",""created_time"":""2026-04-28T03:30:21.263691Z"",""no_price_dollars"":""0.4900"",""taker_side"":""no"",""ticker"":""KXBTC15M-26APR272345-45"",""trade_id"":""ea8999fb-b534-6c1b-7699-b432e789da2e"",""yes_price_dollars"":""0.5100""}"
KXBTC15M-26APR272345-45,971232c4-14c2-6149-4184-574d19d7d6b5,1777347021,0.51,6.41,no,"{""count_fp"":""6.41"",""created_time"":""2026-04-28T03:30:21.263691Z"",""no_price_dollars"":""0.4900"",""taker_side"":""no"",""ticker"":""KXBTC15M-26APR272345-45"",""trade_id"":""971232c4-14c2-6149-4184-574d19d7d6b5"",""yes_price_dollars"":""0.5100""}"
KXBTC15M-26APR272345-45,85fc4a3a-52bf-6b97-623c-aba26f868295,1777347021,0.51,8.39,no,"{""count_fp"":""8.39"",""created_time"":""2026-04-28T03:30:21.263691Z"",""no_price_dollars"":""0.4900"",""taker_side"":""no"",""ticker"":""KXBTC15M-26APR272345-45"",""trade_id"":""85fc4a3a-52bf-6b97-623c-aba26f868295"",""yes_price_dollars"":""0.5100""}"
KXBTC15M-26APR272345-45,7e9d5ab4-ee4c-6324-5a7b-53951e0a74f4,1777347021,0.51,30.0,no,"{""count_fp"":""30.00"",""created_time"":""2026-04-28T03:30:21.263691Z"",""no_price_dollars"":""0.4900"",""taker_side"":""no"",""ticker"":""KXBTC15M-26APR272345-45"",""trade_id"":""7e9d5ab4-ee4c-6324-5a7b-53951e0a74f4"",""yes_price_dollars"":""0.5100""}"
KXBTC15M-26APR272345-45,f4ae2964-97d6-6eb5-affe-3037dbd8fc1d,1777347021,0.51,10.0,no,"{""count_fp"":""10.00"",""created_time"":""2026-04-28T03:30:21.188534Z"",""no_price_dollars"":""0.4900"",""taker_side"":""no"",""ticker"":""KXBTC15M-26APR272345-45"",""trade_id"":""f4ae2964-97d6-6eb5-affe-3037dbd8fc1d"",""yes_price_dollars"":""0.5100""}"
KXBTC15M-26APR272345-45,ff88e614-4229-769c-282f-9ca93aa47fb8,1777347022,0.5,10.0,no,"{""count_fp"":""10.00"",""created_time"":""2026-04-28T03:30:22.730025Z"",""no_price_dollars"":""0.5000"",""taker_side"":""no"",""ticker"":""KXBTC15M-26APR272345-45"",""trade_id"":""ff88e614-4229-769c-282f-9ca93aa47fb8"",""yes_price_dollars"":""0.5000""}"
KXBTC15M-26APR272345-45,f3421e15-3ab4-719b-22e8-0eb1c4661de9,1777347022,0.5,30.0,no,"{""count_fp"":""30.00"",""created_time"":""2026-04-28T03:30:22.730025Z"",""no_price_dollars"":""0.5000"",""taker_side"":""no"",""ticker"":""KXBTC15M-26APR272345-45"",""trade_id"":""f3421e15-3ab4-719b-22e8-0eb1c4661de9"",""yes_price_dollars"":""0.5000""}"
KXBTC15M-26APR272345-45,eefb0fc7-66b5-715b-0d3c-00575b5f492a,1777347022,0.51,3.0,no,"{""count_fp"":""3.00"",""created_time"":""2026-04-28T03:30:22.730025Z"",""no_price_dollars"":""0.4900"",""taker_side"":""no"",""ticker"":""KXBTC15M-26APR272345-45"",""trade_id"":""eefb0fc7-66b5-715b-0d3c-00575b5f492a"",""yes_price_dollars"":""0.5100""}"
KXBTC15M-26APR272345-45,8a8a8bb5-a92b-7de4-3227-03a6143cc2a5,1777347022,0.5,20.0,no,"{""count_fp"":""20.00"",""created_time"":""2026-04-28T03:30:22.730025Z"",""no_price_dollars"":""0.5000"",""taker_side"":""no"",""ticker"":""KXBTC15M-26APR272345-45"",""trade_id"":""8a8a8bb5-a92b-7de4-3227-03a6143cc2a5"",""yes_price_dollars"":""0.5000""}"
KXBTC15M-26APR272345-45,84b88d90-7245-7351-384e-917ede9c38a5,1777347022,0.5,915.91,no,"{""count_fp"":""915.91"",""created_time"":""2026-04-28T03:30:22.730025Z"",""no_price_dollars"":""0.5000"",""taker_side"":""no"",""ticker"":""KXBTC15M-26APR272345-45"",""trade_id"":""84b88d90-7245-7351-384e-917ede9c38a5"",""yes_price_dollars"":""0.5000""}"
KXBTC15M-26APR272345-45,6003d47d-b1d5-7a88-0dc1-7576847dd230,1777347022,0.5,56.0,no,"{""count_fp"":""56.00"",""created_time"":""2026-04-28T03:30:22.730025Z"",""no_price_dollars"":""0.5000"",""taker_side"":""no"",""ticker"":""KXBTC15M-26APR272345-45"",""trade_id"":""6003d47d-b1d5-7a88-0dc1-7576847dd230"",""yes_price_dollars"":""0.5000""}"
KXBTC15M-26APR272345-45,59c3dded-bf50-7dfb-16f2-9dcedde5a89f,1777347022,0.5,98.05,no,"{""count_fp"":""98.05"",""created_time"":""2026-04-28T03:30:22.730025Z"",""no_price_dollars"":""0.5000"",""taker_side"":""no"",""ticker"":""KXBTC15M-26APR272345-45"",""trade_id"":""59c3dded-bf50-7dfb-16f2-9dcedde5a89f"",""yes_price_dollars"":""0.5000""}"
KXBTC15M-26APR272345-45,59a78a8a-4fa1-7bd9-0566-cf16e60b5bf2,1777347022,0.5,1.0,no,"{""count_fp"":""1.00"",""created_time"":""2026-04-28T03:30:22.730025Z"",""no_price_dollars"":""0.5000"",""taker_side"":""no"",""ticker"":""KXBTC15M-26APR272345-45"",""trade_id"":""59a78a8a-4fa1-7bd9-0566-cf16e60b5bf2"",""yes_price_dollars"":""0.5000""}"
KXBTC15M-26APR272345-45,432600e4-1887-7f3f-08eb-70b7a8ff60e1,1777347022,0.5,10.0,no,"{""count_fp"":""10.00"",""created_time"":""2026-04-28T03:30:22.730025Z"",""no_price_dollars"":""0.5000"",""taker_side"":""no"",""ticker"":""KXBTC15M-26APR272345-45"",""trade_id"":""432600e4-1887-7f3f-08eb-70b7a8ff60e1"",""yes_price_dollars"":""0.5000""}"
KXBTC15M-26APR272345-45,33a89394-6016-7d9b-032a-881463299636,1777347022,0.51,1.0,no,"{""count_fp"":""1.00"",""created_time"":""2026-04-28T03:30:22.730025Z"",""no_price_dollars"":""0.4900"",""taker_side"":""no"",""ticker"":""KXBTC15M-26APR272345-45"",""trade_id"":""33a89394-6016-7d9b-032a-881463299636"",""yes_price_dollars"":""0.5100""}"
KXBTC15M-26APR272345-45,f82bbf4c-1386-5b4e-8641-ce3ce1047e88,1777347022,0.52,19.86,no,"{""count_fp"":""19.86"",""created_time"":""2026-04-28T03:30:22.591309Z"",""no_price_dollars"":""0.4800"",""taker_side"":""no"",""ticker"":""KXBTC15M-26APR272345-45"",""trade_id"":""f82bbf4c-1386-5b4e-8641-ce3ce1047e88"",""yes_price_dollars"":""0.5200""}"
KXBTC15M-26APR272345-45,e6728250-bfec-5f89-8158-4572d4c79d71,1777347022,0.51,20.0,no,"{""count_fp"":""20.00"",""created_time"":""2026-04-28T03:30:22.591309Z"",""no_price_dollars"":""0.4900"",""taker_side"":""no"",""ticker"":""KXBTC15M-26APR272345-45"",""trade_id"":""e6728250-bfec-5f89-8158-4572d4c79d71"",""yes_price_dollars"":""0.5100""}"
KXBTC15M-26APR272345-45,c2f885bd-d7d0-5a3b-ad90-2c7513573dab,1777347022,0.5,21.95,no,"{""count_fp"":""21.95"",""created_time"":""2026-04-28T03:30:22.591309Z"",""no_price_dollars"":""0.5000"",""taker_side"":""no"",""ticker"":""KXBTC15M-26APR272345-45"",""trade_id"":""c2f885bd-d7d0-5a3b-ad90-2c7513573dab"",""yes_price_dollars"":""0.5000""}"
KXBTC15M-26APR272345-45,b13d9870-d7b2-5580-bd60-d71ca0a6d3aa,1777347022,0.51,12.0,no,"{""count_fp"":""12.00"",""created_time"":""2026-04-28T03:30:22.591309Z"",""no_price_dollars"":""0.4900"",""taker_side"":""no"",""ticker"":""KXBTC15M-26APR272345-45"",""trade_id"":""b13d9870-d7b2-5580-bd60-d71ca0a6d3aa"",""yes_price_dollars"":""0.5100""}"
KXBTC15M-26APR272345-45,84db0d1e-e6d9-5107-a687-86ccd83a18fd,1777347022,0.51,2.0,no,"{""count_fp"":""2.00"",""created_time"":""2026-04-28T03:30:22.591309Z"",""no_price_dollars"":""0.4900"",""taker_side"":""no"",""ticker"":""KXBTC15M-26APR272345-45"",""trade_id"":""84db0d1e-e6d9-5107-a687-86ccd83a18fd"",""yes_price_dollars"":""0.5100""}"
KXBTC15M-26APR272345-45,228a16e4-8dcc-53a1-bf6b-07a728b8011e,1777347022,0.51,3.0,no,"{""count_fp"":""3.00"",""created_time"":""2026-04-28T03:30:22.591309Z"",""no_price_dollars"":""0.4900"",""taker_side"":""no"",""ticker"":""KXBTC15M-26APR272345-45"",""trade_id"":""228a16e4-8dcc-53a1-bf6b-07a728b8011e"",""yes_price_dollars"":""0.5100""}"
KXBTC15M-26APR272345-45,369656ab-8a0a-496a-00a0-1e843d892c3c,1777347022,0.52,16.06,no,"{""count_fp"":""16.06"",""created_time"":""2026-04-28T03:30:22.171661Z"",""no_price_dollars"":""0.4800"",""taker_side"":""no"",""ticker"":""KXBTC15M-26APR272345-45"",""trade_id"":""369656ab-8a0a-496a-00a0-1e843d892c3c"",""yes_price_dollars"":""0.5200""}"
KXBTC15M-26APR272345-45,11109183-c591-5435-2744-4cfbfc7870e1,1777347023,0.5,17.0,no,"{""count_fp"":""17.00"",""created_time"":""2026-04-28T03:30:23.769871Z"",""no_price_dollars"":""0.5000"",""taker_side"":""no"",""ticker"":""KXBTC15M-26APR272345-45"",""trade_id"":""11109183-c591-5435-2744-4cfbfc7870e1"",""yes_price_dollars"":""0.5000""}"
KXBTC15M-26APR272345-45,07baba20-8112-5e42-1520-846aa2d581a2,1777347023,0.51,3.0,no,"{""count_fp"":""3.00"",""created_time"":""2026-04-28T03:30:23.769871Z"",""no_price_dollars"":""0.4900"",""taker_side"":""no"",""ticker"":""KXBTC15M-26APR272345-45"",""trade_id"":""07baba20-8112-5e42-1520-846aa2d581a2"",""yes_price_dollars"":""0.5100""}"
KXBTC15M-26APR272345-45,d584f8e4-02b9-76f0-712a-69508da7f499,1777347023,0.53,9.13,yes,"{""count_fp"":""9.13"",""created_time"":""2026-04-28T03:30:23.669636Z"",""no_price_dollars"":""0.4700"",""taker_side"":""yes"",""ticker"":""KXBTC15M-26APR272345-45"",""trade_id"":""d584f8e4-02b9-76f0-712a-69508da7f499"",""yes_price_dollars"":""0.5300""}"
KXBTC15M-26APR272345-45,caaaeb6e-a93d-4e18-a438-4fbb3951fa6d,1777347023,0.53,7.0,yes,"{""count_fp"":""7.00"",""created_time"":""2026-04-28T03:30:23.489162Z"",""no_price_dollars"":""0.4700"",""taker_side"":""yes"",""ticker"":""KXBTC15M-26APR272345-45"",""trade_id"":""caaaeb6e-a93d-4e18-a438-4fbb3951fa6d"",""yes_price_dollars"":""0.5300""}"
KXBTC15M-26APR272345-45,63e61be9-c1e9-4894-66f8-3552f4b93549,1777347023,0.53,9.13,yes,"{""count_fp"":""9.13"",""created_time"":""2026-04-28T03:30:23.044548Z"",""no_price_dollars"":""0.4700"",""taker_side"":""yes"",""ticker"":""KXBTC15M-26APR272345-45"",""trade_id"":""63e61be9-c1e9-4894-66f8-3552f4b93549"",""yes_price_dollars"":""0.5300""}"
KXBTC15M-26APR272345-45,e5de02cb-cccc-4766-2108-087a5d3af40c,1777347024,0.52,0.18,yes,"{""count_fp"":""0.18"",""created_time"":""2026-04-28T03:30:24.715123Z"",""no_price_dollars"":""0.4800"",""taker_side"":""yes"",""ticker"":""KXBTC15M-26APR272345-45"",""trade_id"":""e5de02cb-cccc-4766-2108-087a5d3af40c"",""yes_price_dollars"":""0.5200""}"
KXBTC15M-26APR272345-45,a4bcd800-cf01-46cc-1a71-b508e1da3931,1777347024,0.53,365.33,yes,"{""count_fp"":""365.33"",""created_time"":""2026-04-28T03:30:24.532796Z"",""no_price_dollars"":""0.4700"",""taker_side"":""yes"",""ticker"":""KXBTC15M-26APR272345-45"",""trade_id"":""a4bcd800-cf01-46cc-1a71-b508e1da3931"",""yes_price_dollars"":""0.5300""}"
KXBTC15M-26APR272345-45,eb7aa3e5-4bc4-7049-0c15-bf3903019930,1777347024,0.5,3.0,no,"{""count_fp"":""3.00"",""created_time"":""2026-04-28T03:30:24.527218Z"",""no_price_dollars"":""0.5000"",""taker_side"":""no"",""ticker"":""KXBTC15M-26APR272345-45"",""trade_id"":""eb7aa3e5-4bc4-7049-0c15-bf3903019930"",""yes_price_dollars"":""0.5000""}"
KXBTC15M-26APR272345-45,bb4b0a34-fbd3-7b2b-0081-0d9a81485395,1777347024,0.5,14.8,no,"{""count_fp"":""14.80"",""created_time"":""2026-04-28T03:30:24.527218Z"",""no_price_dollars"":""0.5000"",""taker_side"":""no"",""ticker"":""KXBTC15M-26APR272345-45"",""trade_id"":""bb4b0a34-fbd3-7b2b-0081-0d9a81485395"",""yes_price_dollars"":""0.5000""}"
KXBTC15M-26APR272345-45,bb039b78-e793-7b60-0758-d94d4c101117,1777347024,0.5,119.0,no,"{""count_fp"":""119.00"",""created_time"":""2026-04-28T03:30:24.527218Z"",""no_price_dollars"":""0.5000"",""taker_side"":""no"",""ticker"":""KXBTC15M-26APR272345-45"",""trade_id"":""bb039b78-e793-7b60-0758-d94d4c101117"",""yes_price_dollars"":""0.5000""}"
KXBTC15M-26APR272345-45,470de5ec-c6f0-7963-28e0-c3ea70f49cb5,1777347024,0.5,12.0,no,"{""count_fp"":""12.00"",""created_time"":""2026-04-28T03:30:24.527218Z"",""no_price_dollars"":""0.5000"",""taker_side"":""no"",""ticker"":""KXBTC15M-26APR272345-45"",""trade_id"":""470de5ec-c6f0-7963-28e0-c3ea70f49cb5"",""yes_price_dollars"":""0.5000""}"
KXBTC15M-26APR272345-45,e818a5c0-093d-4bc8-5e04-246c9112260d,1777347024,0.53,44.0,yes,"{""count_fp"":""44.00"",""created_time"":""2026-04-28T03:30:24.308975Z"",""no_price_dollars"":""0.4700"",""taker_side"":""yes"",""ticker"":""KXBTC15M-26APR272345-45"",""trade_id"":""e818a5c0-093d-4bc8-5e04-246c9112260d"",""yes_price_dollars"":""0.5300""}"
KXBTC15M-26APR272345-45,eeaaf369-f4f9-418c-8026-dd849760cc01,1777347025,0.52,2.5,yes,"{""count_fp"":""2.50"",""created_time"":""2026-04-28T03:30:25.986703Z"",""no_price_dollars"":""0.4800"",""taker_side"":""yes"",""ticker"":""KXBTC15M-26APR272345-45"",""trade_id"":""eeaaf369-f4f9-418c-8026-dd849760cc01"",""yes_price_dollars"":""0.5200""}"
KXBTC15M-26APR272345-45,aa96d0f0-3564-706e-f643-6525b13f5e18,1777347025,0.52,15.0,yes,"{""count_fp"":""15.00"",""created_time"":""2026-04-28T03:30:25.899339Z"",""no_price_dollars"":""0.4800"",""taker_side"":""yes"",""ticker"":""KXBTC15M-26APR272345-45"",""trade_id"":""aa96d0f0-3564-706e-f643-6525b13f5e18"",""yes_price_dollars"":""0.5200""}"
KXBTC15M-26APR272345-45,908a1a22-b2d9-73c5-e105-20d48d412f5f,1777347025,0.52,119.0,yes,"{""count_fp"":""119.00"",""created_time"":""2026-04-28T03:30:25.899339Z"",""no_price_dollars"":""0.4800"",""taker_side"":""yes"",""ticker"":""KXBTC15M-26APR272345-45"",""trade_id"":""908a1a22-b2d9-73c5-e105-20d48d412f5f"",""yes_price_dollars"":""0.5200""}"
KXBTC15M-26APR272345-45,0eeb2efc-6085-75a8-f48f-3a0e3129a975,1777347025,0.52,232.87,yes,"{""count_fp"":""232.87"",""created_time"":""2026-04-28T03:30:25.899339Z"",""no_price_dollars"":""0.4800"",""taker_side"":""yes"",""ticker"":""KXBTC15M-26APR272345-45"",""trade_id"":""0eeb2efc-6085-75a8-f48f-3a0e3129a975"",""yes_price_dollars"":""0.5200""}"
KXBTC15M-26APR272345-45,cd8bea21-3a75-5294-b7a8-3c5923ae58d9,1777347026,0.52,1.86,yes,"{""count_fp"":""1.86"",""created_time"":""2026-04-28T03:30:26.915756Z"",""no_price_dollars"":""0.4800"",""taker_side"":""yes"",""ticker"":""KXBTC15M-26APR272345-45"",""trade_id"":""cd8bea21-3a75-5294-b7a8-3c5923ae58d9"",""yes_price_dollars"":""0.5200""}"
KXBTC15M-26APR272345-45,d44d0653-f225-4ae0-c240-e8e464f0f2fd,1777347026,0.52,4.65,yes,"{""count_fp"":""4.65"",""created_time"":""2026-04-28T03:30:26.820942Z"",""no_price_dollars"":""0.4800"",""taker_side"":""yes"",""ticker"":""KXBTC15M-26APR272345-45"",""trade_id"":""d44d0653-f225-4ae0-c240-e8e464f0f2fd"",""yes_price_dollars"":""0.5200""}"
KXBTC15M-26APR272345-45,657a49d6-1325-6c4c-85b0-5f2dc139676d,1777347026,0.52,9.3,yes,"{""count_fp"":""9.30"",""created_time"":""2026-04-28T03:30:26.173583Z"",""no_price_dollars"":""0.4800"",""taker_side"":""yes"",""ticker"":""KXBTC15M-26APR272345-45"",""trade_id"":""657a49d6-1325-6c4c-85b0-5f2dc139676d"",""yes_price_dollars"":""0.5200""}"
KXBTC15M-26APR272345-45,d6242dbc-1ea0-5206-971b-bb4b92a4fe51,1777347027,0.5,48.4,no,"{""count_fp"":""48.40"",""created_time"":""2026-04-28T03:30:27.969008Z"",""no_price_dollars"":""0.5000"",""taker_side"":""no"",""ticker"":""KXBTC15M-26APR272345-45"",""trade_id"":""d6242dbc-1ea0-5206-971b-bb4b92a4fe51"",""yes_price_dollars"":""0.5000""}"
KXBTC15M-26APR272345-45,aabb4a44-36d4-5286-50d4-8c529b902727,1777347027,0.52,3.0,yes,"{""count_fp"":""3.00"",""created_time"":""2026-04-28T03:30:27.943696Z"",""no_price_dollars"":""0.4800"",""taker_side"":""yes"",""ticker"":""KXBTC15M-26APR272345-45"",""trade_id"":""aabb4a44-36d4-5286-50d4-8c529b902727"",""yes_price_dollars"":""0.5200""}"
KXBTC15M-26APR272345-45,a2da0db0-b211-54f7-45d9-2899d46a005d,1777347027,0.52,1.0,yes,"{""count_fp"":""1.00"",""created_time"":""2026-04-28T03:30:27.943696Z"",""no_price_dollars"":""0.4800"",""taker_side"":""yes"",""ticker"":""KXBTC15M-26APR272345-45"",""trade_id"":""a2da0db0-b211-54f7-45d9-2899d46a005d"",""yes_price_dollars"":""0.5200""}"
KXBTC15M-26APR272345-45,2b5876d2-95e2-562a-5a0c-6efa48028007,1777347027,0.53,14.22,yes,"{""count_fp"":""14.22"",""created_time"":""2026-04-28T03:30:27.943696Z"",""no_price_dollars"":""0.4700"",""taker_side"":""yes"",""ticker"":""KXBTC15M-26APR272345-45"",""trade_id"":""2b5876d2-95e2-562a-5a0c-6efa48028007"",""yes_price_dollars"":""0.5300""}"
KXBTC15M-26APR272345-45,8da3828e-4249-7f8b-fe37-f1957d73d233,1777347027,0.51,1.17,no,"{""count_fp"":""1.17"",""created_time"":""2026-04-28T03:30:27.752613Z"",""no_price_dollars"":""0.4900"",""taker_side"":""no"",""ticker"":""KXBTC15M-26APR272345-45"",""trade_id"":""8da3828e-4249-7f8b-fe37-f1957d73d233"",""yes_price_dollars"":""0.5100""}"
KXBTC15M-26APR272345-45,3966abc9-0ae2-71b3-ed45-b818b7205616,1777347027,0.5,0.56,no,"{""count_fp"":""0.56"",""created_time"":""2026-04-28T03:30:27.752613Z"",""no_price_dollars"":""0.5000"",""taker_side"":""no"",""ticker"":""KXBTC15M-26APR272345-45"",""trade_id"":""3966abc9-0ae2-71b3-ed45-b818b7205616"",""yes_price_dollars"":""0.5000""}"
KXBTC15M-26APR272345-45,75db3f46-71fd-77f8-415b-b0a63ab4328d,1777347027,0.52,37.21,yes,"{""count_fp"":""37.21"",""created_time"":""2026-04-28T03:30:27.348367Z"",""no_price_dollars"":""0.4800"",""taker_side"":""yes"",""ticker"":""KXBTC15M-26APR272345-45"",""trade_id"":""75db3f46-71fd-77f8-415b-b0a63ab4328d"",""yes_price_dollars"":""0.5200""}"
KXBTC15M-26APR272345-45,3158b63c-6959-6b93-a68c-01600c8523f7,1777347027,0.51,3.83,no,"{""count_fp"":""3.83"",""created_time"":""2026-04-28T03:30:27.020978Z"",""no_price_dollars"":""0.4900"",""taker_side"":""no"",""ticker"":""KXBTC15M-26APR272345-45"",""trade_id"":""3158b63c-6959-6b93-a68c-01600c8523f7"",""yes_price_dollars"":""0.5100""}"
KXBTC15M-26APR272345-45,0ee28431-2d45-4986-ac7a-629c5c7c1a9b,1777347029,0.53,1.81,yes,"{""count_fp"":""1.81"",""created_time"":""2026-04-28T03:30:29.538708Z"",""no_price_dollars"":""0.4700"",""taker_side"":""yes"",""ticker"":""KXBTC15M-26APR272345-45"",""trade_id"":""0ee28431-2d45-4986-ac7a-629c5c7c1a9b"",""yes_price_dollars"":""0.5300""}"
KXBTC15M-26APR272345-45,df37c497-9399-568e-80b0-5464526080e7,1777347029,0.53,0.55,yes,"{""count_fp"":""0.55"",""created_time"":""2026-04-28T03:30:29.290752Z"",""no_price_dollars"":""0.4700"",""taker_side"":""yes"",""ticker"":""KXBTC15M-26APR272345-45"",""trade_id"":""df37c497-9399-568e-80b0-5464526080e7"",""yes_price_dollars"":""0.5300""}"
KXBTC15M-26APR272345-45,94313f7b-820c-4424-d730-8f1f3e93edcf,1777347029,0.51,1.0,no,"{""count_fp"":""1.00"",""created_time"":""2026-04-28T03:30:29.023341Z"",""no_price_dollars"":""0.4900"",""taker_side"":""no"",""ticker"":""KXBTC15M-26APR272345-45"",""trade_id"":""94313f7b-820c-4424-d730-8f1f3e93edcf"",""yes_price_dollars"":""0.5100""}"
KXBTC15M-26APR272345-45,55d07ca1-e282-4049-fb30-936ff3d66dda,1777347029,0.51,4.8,no,"{""count_fp"":""4.80"",""created_time"":""2026-04-28T03:30:29.023341Z"",""no_price_dollars"":""0.4900"",""taker_side"":""no"",""ticker"":""KXBTC15M-26APR272345-45"",""trade_id"":""55d07ca1-e282-4049-fb30-936ff3d66dda"",""yes_price_dollars"":""0.5100""}"
KXBTC15M-26APR272345-45,e9821f90-1a29-6fae-991c-025e9da4996f,1777347030,0.53,53.64,yes,"{""count_fp"":""53.64"",""created_time"":""2026-04-28T03:30:30.989457Z"",""no_price_dollars"":""0.4700"",""taker_side"":""yes"",""ticker"":""KXBTC15M-26APR272345-45"",""trade_id"":""e9821f90-1a29-6fae-991c-025e9da4996f"",""yes_price_dollars"":""0.5300""}"
KXBTC15M-26APR272345-45,a610b7aa-5cb8-63ee-a12a-311b97c0b9b7,1777347030,0.51,4.14,yes,"{""count_fp"":""4.14"",""created_time"":""2026-04-28T03:30:30.989457Z"",""no_price_dollars"":""0.4900"",""taker_side"":""yes"",""ticker"":""KXBTC15M-26APR272345-45"",""trade_id"":""a610b7aa-5cb8-63ee-a12a-311b97c0b9b7"",""yes_price_dollars"":""0.5100""}"
KXBTC15M-26APR272345-45,8aaf0920-6158-60a1-84e0-56f4fefdf3d5,1777347030,0.51,20.0,yes,"{""count_fp"":""20.00"",""created_time"":""2026-04-28T03:30:30.989457Z"",""no_price_dollars"":""0.4900"",""taker_side"":""yes"",""ticker"":""KXBTC15M-26APR272345-45"",""trade_id"":""8aaf0920-6158-60a1-84e0-56f4fefdf3d5"",""yes_price_dollars"":""0.5100""}"
KXBTC15M-26APR272345-45,60413068-df69-644c-9899-3838a7cfe4f0,1777347030,0.52,7.0,yes,"{""count_fp"":""7.00"",""created_time"":""2026-04-28T03:30:30.989457Z"",""no_price_dollars"":""0.4800"",""taker_side"":""yes"",""ticker"":""KXBTC15M-26APR272345-45"",""trade_id"":""60413068-df69-644c-9899-3838a7cfe4f0"",""yes_price_dollars"":""0.5200""}"
KXBTC15M-26APR272345-45,02940a94-d239-63c4-b19b-0209dec3fd39,1777347030,0.53,97.88,yes,"{""count_fp"":""97.88"",""created_time"":""2026-04-28T03:30:30.989457Z"",""no_price_dollars"":""0.4700"",""taker_side"":""yes"",""ticker"":""KXBTC15M-26APR272345-45"",""trade_id"":""02940a94-d239-63c4-b19b-0209dec3fd39"",""yes_price_dollars"":""0.5300""}"
KXBTC15M-26APR272345-45,c4021172-fe40-4ffe-5482-2c521d95f233,1777347030,0.51,17.26,yes,"{""count_fp"":""17.26"",""created_time"":""2026-04-28T03:30:30.625349Z"",""no_price_dollars"":""0.4900"",""taker_side"":""yes"",""ticker"":""KXBTC15M-26APR272345-45"",""trade_id"":""c4021172-fe40-4ffe-5482-2c521d95f233"",""yes_price_dollars"":""0.5100""}"
KXBTC15M-26APR272345-45,b00654fe-20fc-4287-5d81-775a5d87a009,1777347030,0.51,1.0,yes,"{""count_fp"":""1.00"",""created_time"":""2026-04-28T03:30:30.625349Z"",""no_price_dollars"":""0.4900"",""taker_side"":""yes"",""ticker"":""KXBTC15M-26APR272345-45"",""trade_id"":""b00654fe-20fc-4287-5d81-775a5d87a009"",""yes_price_dollars"":""0.5100""}"
KXBTC15M-26APR272345-45,c77d2bf9-e280-6442-893d-f836e40ce71b,1777347030,0.52,13.5,yes,"{""count_fp"":""13.50"",""created_time"":""2026-04-28T03:30:30.274891Z"",""no_price_dollars"":""0.4800"",""taker_side"":""yes"",""ticker"":""KXBTC15M-26APR272345-45"",""trade_id"":""c77d2bf9-e280-6442-893d-f836e40ce71b"",""yes_price_dollars"":""0.5200""}"
KXBTC15M-26APR272345-45,c65a6d19-b22b-62cc-8de7-f81e2947661e,1777347030,0.52,5.0,yes,"{""count_fp"":""5.00"",""created_time"":""2026-04-28T03:30:30.274891Z"",""no_price_dollars"":""0.4800"",""taker_side"":""yes"",""ticker"":""KXBTC15M-26APR272345-45"",""trade_id"":""c65a6d19-b22b-62cc-8de7-f81e2947661e"",""yes_price_dollars"":""0.5200""}"
KXBTC15M-26APR272345-45,ce8cc096-d726-5acd-08a7-e7641ccd3451,1777347030,0.51,20.0,no,"{""count_fp"":""20.00"",""created_time"":""2026-04-28T03:30:30.152989Z"",""no_price_dollars"":""0.4900"",""taker_side"":""no"",""ticker"":""KXBTC15M-26APR272345-45"",""trade_id"":""ce8cc096-d726-5acd-08a7-e7641ccd3451"",""yes_price_dollars"":""0.5100""}"
KXBTC15M-26APR272345-45,b4fe637a-c8d0-5aed-255e-899f6e4da376,1777347030,0.51,2.0,no,"{""count_fp"":""2.00"",""created_time"":""2026-04-28T03:30:30.152989Z"",""no_price_dollars"":""0.4900"",""taker_side"":""no"",""ticker"":""KXBTC15M-26APR272345-45"",""trade_id"":""b4fe637a-c8d0-5aed-255e-899f6e4da376"",""yes_price_dollars"":""0.5100""}"
KXBTC15M-26APR272345-45,99b9dbe2-8bb3-5d68-2e99-e7385b5f7f17,1777347030,0.5,3.0,no,"{""count_fp"":""3.00"",""created_time"":""2026-04-28T03:30:30.152989Z"",""no_price_dollars"":""0.5000"",""taker_side"":""no"",""ticker"":""KXBTC15M-26APR272345-45"",""trade_id"":""99b9dbe2-8bb3-5d68-2e99-e7385b5f7f17"",""yes_price_dollars"":""0.5000""}"
KXBTC15M-26APR272345-45,7977f19b-ff89-5ada-3aad-04774e758980,1777347030,0.5,3.98,no,"{""count_fp"":""3.98"",""created_time"":""2026-04-28T03:30:30.152989Z"",""no_price_dollars"":""0.5000"",""taker_side"":""no"",""ticker"":""KXBTC15M-26APR272345-45"",""trade_id"":""7977f19b-ff89-5ada-3aad-04774e758980"",""yes_price_dollars"":""0.5000""}"
KXBTC15M-26APR272345-45,579362c5-6598-7cb5-6277-9527f3ca0972,1777347030,0.51,5.0,no,"{""count_fp"":""5.00"",""created_time"":""2026-04-28T03:30:30.042896Z"",""no_price_dollars"":""0.4900"",""taker_side"":""no"",""ticker"":""KXBTC15M-26APR272345-45"",""trade_id"":""579362c5-6598-7cb5-6277-9527f3ca0972"",""yes_price_dollars"":""0.5100""}"
KXBTC15M-26APR272345-45,c931b1de-d837-506c-7b0b-5e32b53bfdc2,1777347030,0.52,5.0,yes,"{""count_fp"":""5.00"",""created_time"":""2026-04-28T03:30:30.002793Z"",""no_price_dollars"":""0.4800"",""taker_side"":""yes"",""ticker"":""KXBTC15M-26APR272345-45"",""trade_id"":""c931b1de-d837-506c-7b0b-5e32b53bfdc2"",""yes_price_dollars"":""0.5200""}"
KXBTC15M-26APR272345-45,a2c905b5-2973-72fa-faed-f7e7a771127c,1777347031,0.53,1.0,yes,"{""count_fp"":""1.00"",""created_time"":""2026-04-28T03:30:31.789815Z"",""no_price_dollars"":""0.4700"",""taker_side"":""yes"",""ticker"":""KXBTC15M-26APR272345-45"",""trade_id"":""a2c905b5-2973-72fa-faed-f7e7a771127c"",""yes_price_dollars"":""0.5300""}"
KXBTC15M-26APR272345-45,50e2eeef-66d9-4a46-b55e-3095b9fb8fb8,1777347031,0.51,13.5,yes,"{""count_fp"":""13.50"",""created_time"":""2026-04-28T03:30:31.442749Z"",""no_price_dollars"":""0.4900"",""taker_side"":""yes"",""ticker"":""KXBTC15M-26APR272345-45"",""trade_id"":""50e2eeef-66d9-4a46-b55e-3095b9fb8fb8"",""yes_price_dollars"":""0.5100""}"
KXBTC15M-26APR272345-45,31447e40-779f-4dcf-ac33-d2293c99331a,1777347031,0.54,1.76,yes,"{""count_fp"":""1.76"",""created_time"":""2026-04-28T03:30:31.442749Z"",""no_price_dollars"":""0.4600"",""taker_side"":""yes"",""ticker"":""KXBTC15M-26APR272345-45"",""trade_id"":""31447e40-779f-4dcf-ac33-d2293c99331a"",""yes_price_dollars"":""0.5400""}"
KXBTC15M-26APR272345-45,0f5e8383-1093-4782-b049-27d170d66f81,1777347031,0.53,3.0,yes,"{""count_fp"":""3.00"",""created_time"":""2026-04-28T03:30:31.442749Z"",""no_price_dollars"":""0.4700"",""taker_side"":""yes"",""ticker"":""KXBTC15M-26APR272345-45"",""trade_id"":""0f5e8383-1093-4782-b049-27d170d66f81"",""yes_price_dollars"":""0.5300""}"
KXBTC15M-26APR272345-45,d81ba7ef-f761-6b6e-33b8-469ef0c1f9c4,1777347031,0.5,6.02,no,"{""count_fp"":""6.02"",""created_time"":""2026-04-28T03:30:31.417132Z"",""no_price_dollars"":""0.5000"",""taker_side"":""no"",""ticker"":""KXBTC15M-26APR272345-45"",""trade_id"":""d81ba7ef-f761-6b6e-33b8-469ef0c1f9c4"",""yes_price_dollars"":""0.5000""}"
KXBTC15M-26APR272345-45,3886a55f-92b8-60e1-2166-3d9063bcebcd,1777347031,0.5,109.92,no,"{""count_fp"":""109.92"",""created_time"":""2026-04-28T03:30:31.417132Z"",""no_price_dollars"":""0.5000"",""taker_side"":""no"",""ticker"":""KXBTC15M-26APR272345-45"",""trade_id"":""3886a55f-92b8-60e1-2166-3d9063bcebcd"",""yes_price_dollars"":""0.5000""}"
KXBTC15M-26APR272345-45,9584936e-ef23-65bb-11aa-2d8a9a07dc95,1777347032,0.52,1.0,no,"{""count_fp"":""1.00"",""created_time"":""2026-04-28T03:30:32.885731Z"",""no_price_dollars"":""0.4800"",""taker_side"":""no"",""ticker"":""KXBTC15M-26APR272345-45"",""trade_id"":""9584936e-ef23-65bb-11aa-2d8a9a07dc95"",""yes_price_dollars"":""0.5200""}"
KXBTC15M-26APR272345-45,c2797b3f-1a99-4b54-36bd-25094864f95b,1777347032,0.53,6.01,yes,"{""count_fp"":""6.01"",""created_time"":""2026-04-28T03:30:32.608585Z"",""no_price_dollars"":""0.4700"",""taker_side"":""yes"",""ticker"":""KXBTC15M-26APR272345-45"",""trade_id"":""c2797b3f-1a99-4b54-36bd-25094864f95b"",""yes_price_dollars"":""0.5300""}"
KXBTC15M-26APR272345-45,519aad76-7aed-4d98-0ccd-1db055ad5e47,1777347032,0.53,3.0,yes,"{""count_fp"":""3.00"",""created_time"":""2026-04-28T03:30:32.608585Z"",""no_price_dollars"":""0.4700"",""taker_side"":""yes"",""ticker"":""KXBTC15M-26APR272345-45"",""trade_id"":""519aad76-7aed-4d98-0ccd-1db055ad5e47"",""yes_price_dollars"":""0.5300""}"
KXBTC15M-26APR272345-45,10d43580-342f-5d9b-fbab-ae7041febb5b,1777347033,0.52,3.01,no,"{""count_fp"":""3.01"",""created_time"":""2026-04-28T03:30:33.739551Z"",""no_price_dollars"":""0.4800"",""taker_side"":""no"",""ticker"":""KXBTC15M-26APR272345-45"",""trade_id"":""10d43580-342f-5d9b-fbab-ae7041febb5b"",""yes_price_dollars"":""0.5200""}"
KXBTC15M-26APR272345-45,d65d4996-75fc-662c-63fb-891b56de5305,1777347033,0.53,1.0,yes,"{""count_fp"":""1.00"",""created_time"":""2026-04-28T03:30:33.605218Z"",""no_price_dollars"":""0.4700"",""taker_side"":""yes"",""ticker"":""KXBTC15M-26APR272345-45"",""trade_id"":""d65d4996-75fc-662c-63fb-891b56de5305"",""yes_price_dollars"":""0.5300""}"
KXBTC15M-26APR272345-45,40f4680c-f788-55e0-17f5-8534b913dac9,1777347033,0.53,45.6,yes,"{""count_fp"":""45.60"",""created_time"":""2026-04-28T03:30:33.541288Z"",""no_price_dollars"":""0.4700"",""taker_side"":""yes"",""ticker"":""KXBTC15M-26APR272345-45"",""trade_id"":""40f4680c-f788-55e0-17f5-8534b913dac9"",""yes_price_dollars"":""0.5300""}"
KXBTC15M-26APR272345-45,abb7ae6e-cce0-6778-dc16-c7960f3eec01,1777347033,0.53,17.98,yes,"{""count_fp"":""17.98"",""created_time"":""2026-04-28T03:30:33.397265Z"",""no_price_dollars"":""0.4700"",""taker_side"":""yes"",""ticker"":""KXBTC15M-26APR272345-45"",""trade_id"":""abb7ae6e-cce0-6778-dc16-c7960f3eec01"",""yes_price_dollars"":""0.5300""}"
KXBTC15M-26APR272345-45,bd9405de-f436-59ef-34b5-cc51a1f7394a,1777347033,0.52,20.0,no,"{""count_fp"":""20.00"",""created_time"":""2026-04-28T03:30:33.040388Z"",""no_price_dollars"":""0.4800"",""taker_side"":""no"",""ticker"":""KXBTC15M-26APR272345-45"",""trade_id"":""bd9405de-f436-59ef-34b5-cc51a1f7394a"",""yes_price_dollars"":""0.5200""}"
KXBTC15M-26APR272345-45,b51e136c-dc44-59ee-1193-0750912e5b3f,1777347033,0.52,1.0,no,"{""count_fp"":""1.00"",""created_time"":""2026-04-28T03:30:33.040388Z"",""no_price_dollars"":""0.4800"",""taker_side"":""no"",""ticker"":""KXBTC15M-26APR272345-45"",""trade_id"":""b51e136c-dc44-59ee-1193-0750912e5b3f"",""yes_price_dollars"":""0.5200""}"
KXBTC15M-26APR272345-45,77c41e2d-8888-57f4-04d9-d84f81293f90,1777347033,0.51,101.92,no,"{""count_fp"":""101.92"",""created_time"":""2026-04-28T03:30:33.040388Z"",""no_price_dollars"":""0.4900"",""taker_side"":""no"",""ticker"":""KXBTC15M-26APR272345-45"",""trade_id"":""77c41e2d-8888-57f4-04d9-d84f81293f90"",""yes_price_dollars"":""0.5100""}"
KXBTC15M-26APR272345-45,3730b395-a0f3-5e3f-244e-3b718568f465,1777347033,0.52,19.0,no,"{""count_fp"":""19.00"",""created_time"":""2026-04-28T03:30:33.040388Z"",""no_price_dollars"":""0.4800"",""taker_side"":""no"",""ticker"":""KXBTC15M-26APR272345-45"",""trade_id"":""3730b395-a0f3-5e3f-244e-3b718568f465"",""yes_price_dollars"":""0.5200""}"
KXBTC15M-26APR272345-45,314e33bd-8631-5765-37bd-a99bbe98db01,1777347033,0.51,3.0,no,"{""count_fp"":""3.00"",""created_time"":""2026-04-28T03:30:33.040388Z"",""no_price_dollars"":""0.4900"",""taker_side"":""no"",""ticker"":""KXBTC15M-26APR272345-45"",""trade_id"":""314e33bd-8631-5765-37bd-a99bbe98db01"",""yes_price_dollars"":""0.5100""}"
KXBTC15M-26APR272345-45,6dc63ed8-8884-58dd-e70b-8d5e51687269,1777347034,0.52,1.88,no,"{""count_fp"":""1.88"",""created_time"":""2026-04-28T03:30:34.928848Z"",""no_price_dollars"":""0.4800"",""taker_side"":""no"",""ticker"":""KXBTC15M-26APR272345-45"",""trade_id"":""6dc63ed8-8884-58dd-e70b-8d5e51687269"",""yes_price_dollars"":""0.5200""}"
KXBTC15M-26APR272345-45,3550c3a1-f111-56f3-f600-54893268547f,1777347034,0.52,18.12,no,"{""count_fp"":""18.12"",""created_time"":""2026-04-28T03:30:34.928848Z"",""no_price_dollars"":""0.4800"",""taker_side"":""no"",""ticker"":""KXBTC15M-26APR272345-45"",""trade_id"":""3550c3a1-f111-56f3-f600-54893268547f"",""yes_price_dollars"":""0.5200""}"
KXBTC15M-26APR272345-45,04491bab-6fff-530d-cf34-d492b6bab18e,1777347034,0.51,0.1,no,"{""count_fp"":""0.10"",""created_time"":""2026-04-28T03:30:34.928848Z"",""no_price_dollars"":""0.4900"",""taker_side"":""no"",""ticker"":""KXBTC15M-26APR272345-45"",""trade_id"":""04491bab-6fff-530d-cf34-d492b6bab18e"",""yes_price_dollars"":""0.5100""}"
KXBTC15M-26APR272345-45,be32271b-a789-4bb7-b429-b644c189e09f,1777347034,0.52,1.88,no,"{""count_fp"":""1.88"",""created_time"":""2026-04-28T03:30:34.831112Z"",""no_price_dollars"":""0.4800"",""taker_side"":""no"",""ticker"":""KXBTC15M-26APR272345-45"",""trade_id"":""be32271b-a789-4bb7-b429-b644c189e09f"",""yes_price_dollars"":""0.5200""}"
KXBTC15M-26APR272345-45,443a4ee2-6d27-4427-bc0c-e78ef06a2fc3,1777347034,0.52,1.99,no,"{""count_fp"":""1.99"",""created_time"":""2026-04-28T03:30:34.831112Z"",""no_price_dollars"":""0.4800"",""taker_side"":""no"",""ticker"":""KXBTC15M-26APR272345-45"",""trade_id"":""443a4ee2-6d27-4427-bc0c-e78ef06a2fc3"",""yes_price_dollars"":""0.5200""}"
KXBTC15M-26APR272345-45,92f5248d-526e-604e-5c4c-4df3e1f06427,1777347034,0.53,1.82,yes,"{""count_fp"":""1.82"",""created_time"":""2026-04-28T03:30:34.429093Z"",""no_price_dollars"":""0.4700"",""taker_side"":""yes"",""ticker"":""KXBTC15M-26APR272345-45"",""trade_id"":""92f5248d-526e-604e-5c4c-4df3e1f06427"",""yes_price_dollars"":""0.5300""}"
KXBTC15M-26APR272345-45,f61e4c6e-e0a7-6def-753f-1441bf7be968,1777347034,0.53,3.0,yes,"{""count_fp"":""3.00"",""created_time"":""2026-04-28T03:30:34.085351Z"",""no_price_dollars"":""0.4700"",""taker_side"":""yes"",""ticker"":""KXBTC15M-26APR272345-45"",""trade_id"":""f61e4c6e-e0a7-6def-753f-1441bf7be968"",""yes_price_dollars"":""0.5300""}"
KXBTC15M-26APR272345-45,effe8636-0fbb-6627-53c7-7870ea32f8a5,1777347034,0.54,10.0,yes,"{""count_fp"":""10.00"",""created_time"":""2026-04-28T03:30:34.085351Z"",""no_price_dollars"":""0.4600"",""taker_side"":""yes"",""ticker"":""KXBTC15M-26APR272345-45"",""trade_id"":""effe8636-0fbb-6627-53c7-7870ea32f8a5"",""yes_price_dollars"":""0.5400""}"
KXBTC15M-26APR272345-45,aa844688-bbe1-64b0-5307-4ec67bab99ad,1777347034,0.54,108.17,yes,"{""count_fp"":""108.17"",""created_time"":""2026-04-28T03:30:34.085351Z"",""no_price_dollars"":""0.4600"",""taker_side"":""yes"",""ticker"":""KXBTC15M-26APR272345-45"",""trade_id"":""aa844688-bbe1-64b0-5307-4ec67bab99ad"",""yes_price_dollars"":""0.5400""}"
KXBTC15M-26APR272345-45,815468e9-fb90-61cf-42d5-ebc0ead46267,1777347034,0.53,20.0,yes,"{""count_fp"":""20.00"",""created_time"":""2026-04-28T03:30:34.085351Z"",""no_price_dollars"":""0.4700"",""taker_side"":""yes"",""ticker"":""KXBTC15M-26APR272345-45"",""trade_id"":""815468e9-fb90-61cf-42d5-ebc0ead46267"",""yes_price_dollars"":""0.5300""}"
KXBTC15M-26APR272345-45,6c5f2940-8a6b-66ab-6786-cf842b11a4ca,1777347034,0.54,0.24,yes,"{""count_fp"":""0.24"",""created_time"":""2026-04-28T03:30:34.085351Z"",""no_price_dollars"":""0.4600"",""taker_side"":""yes"",""ticker"":""KXBTC15M-26APR272345-45"",""trade_id"":""6c5f2940-8a6b-66ab-6786-cf842b11a4ca"",""yes_price_dollars"":""0.5400""}"
KXBTC15M-26APR272345-45,685df6fd-911c-6b64-6272-f7d65ac62011,1777347034,0.53,36.46,yes,"{""count_fp"":""36.46"",""created_time"":""2026-04-28T03:30:34.085351Z"",""no_price_dollars"":""0.4700"",""taker_side"":""yes"",""ticker"":""KXBTC15M-26APR272345-45"",""trade_id"":""685df6fd-911c-6b64-6272-f7d65ac62011"",""yes_price_dollars"":""0.5300""}"
KXBTC15M-26APR272345-45,1507130c-27c6-62ba-5550-55cce6347f5d,1777347034,0.53,3.0,yes,"{""count_fp"":""3.00"",""created_time"":""2026-04-28T03:30:34.085351Z"",""no_price_dollars"":""0.4700"",""taker_side"":""yes"",""ticker"":""KXBTC15M-26APR272345-45"",""trade_id"":""1507130c-27c6-62ba-5550-55cce6347f5d"",""yes_price_dollars"":""0.5300""}"
KXBTC15M-26APR272345-45,0dd494ec-943f-62d5-4755-b257c9ec7a73,1777347034,0.53,1.0,yes,"{""count_fp"":""1.00"",""created_time"":""2026-04-28T03:30:34.085351Z"",""no_price_dollars"":""0.4700"",""taker_side"":""yes"",""ticker"":""KXBTC15M-26APR272345-45"",""trade_id"":""0dd494ec-943f-62d5-4755-b257c9ec7a73"",""yes_price_dollars"":""0.5300""}"
KXBTC15M-26APR272345-45,d9196163-bc38-5aa4-9111-2bcff0834da1,1777347035,0.52,1.0,no,"{""count_fp"":""1.00"",""created_time"":""2026-04-28T03:30:35.922307Z"",""no_price_dollars"":""0.4800"",""taker_side"":""no"",""ticker"":""KXBTC15M-26APR272345-45"",""trade_id"":""d9196163-bc38-5aa4-9111-2bcff0834da1"",""yes_price_dollars"":""0.5200""}"
KXBTC15M-26APR272345-45,736b464c-ce31-62d4-8830-7bf4ce3420c1,1777347035,0.54,88.99,yes,"{""count_fp"":""88.99"",""created_time"":""2026-04-28T03:30:35.265123Z"",""no_price_dollars"":""0.4600"",""taker_side"":""yes"",""ticker"":""KXBTC15M-26APR272345-45"",""trade_id"":""736b464c-ce31-62d4-8830-7bf4ce3420c1"",""yes_price_dollars"":""0.5400""}"
KXBTC15M-26APR272345-45,bba4906c-3f1a-6c1e-fdd4-46c74f0e83c4,1777347036,0.52,20.0,no,"{""count_fp"":""20.00"",""created_time"":""2026-04-28T03:30:36.332028Z"",""no_price_dollars"":""0.4800"",""taker_side"":""no"",""ticker"":""KXBTC15M-26APR272345-45"",""trade_id"":""bba4906c-3f1a-6c1e-fdd4-46c74f0e83c4"",""yes_price_dollars"":""0.5200""}"
KXBTC15M-26APR272345-45,9076cbe7-92da-6865-e261-887e2a10df8e,1777347036,0.52,21.0,no,"{""count_fp"":""21.00"",""created_time"":""2026-04-28T03:30:36.332028Z"",""no_price_dollars"":""0.4800"",""taker_side"":""no"",""ticker"":""KXBTC15M-26APR272345-45"",""trade_id"":""9076cbe7-92da-6865-e261-887e2a10df8e"",""yes_price_dollars"":""0.5200""}"
KXBTC15M-26APR272345-45,7878a93a-d7c7-6315-c772-015c81827354,1777347036,0.52,0.4,no,"{""count_fp"":""0.40"",""created_time"":""2026-04-28T03:30:36.332028Z"",""no_price_dollars"":""0.4800"",""taker_side"":""no"",""ticker"":""KXBTC15M-26APR272345-45"",""trade_id"":""7878a93a-d7c7-6315-c772-015c81827354"",""yes_price_dollars"":""0.5200""}"
KXBTC15M-26APR272345-45,5675c34c-40b7-6e6d-c107-07c1eddd7904,1777347036,0.51,32.54,no,"{""count_fp"":""32.54"",""created_time"":""2026-04-28T03:30:36.332028Z"",""no_price_dollars"":""0.4900"",""taker_side"":""no"",""ticker"":""KXBTC15M-26APR272345-45"",""trade_id"":""5675c34c-40b7-6e6d-c107-07c1eddd7904"",""yes_price_dollars"":""0.5100""}"
KXBTC15M-26APR272345-45,50129db0-94c4-616c-f7c3-97735c9fc396,1777347036,0.51,3.0,no,"{""count_fp"":""3.00"",""created_time"":""2026-04-28T03:30:36.332028Z"",""no_price_dollars"":""0.4900"",""taker_side"":""no"",""ticker"":""KXBTC15M-26APR272345-45"",""trade_id"":""50129db0-94c4-616c-f7c3-97735c9fc396"",""yes_price_dollars"":""0.5100""}"
KXBTC15M-26APR272345-45,4c199972-7f07-63d1-c6b0-46ae74f04b72,1777347036,0.51,1.9,no,"{""count_fp"":""1.90"",""created_time"":""2026-04-28T03:30:36.332028Z"",""no_price_dollars"":""0.4900"",""taker_side"":""no"",""ticker"":""KXBTC15M-26APR272345-45"",""trade_id"":""4c199972-7f07-63d1-c6b0-46ae74f04b72"",""yes_price_dollars"":""0.5100""}"
KXBTC15M-26APR272345-45,34f02cb0-1d3c-6b30-e60c-71251a2b75d5,1777347036,0.52,18.6,no,"{""count_fp"":""18.60"",""created_time"":""2026-04-28T03:30:36.332028Z"",""no_price_dollars"":""0.4800"",""taker_side"":""no"",""ticker"":""KXBTC15M-26APR272345-45"",""trade_id"":""34f02cb0-1d3c-6b30-e60c-71251a2b75d5"",""yes_price_dollars"":""0.5200""}"
KXBTC15M-26APR272345-45,1c638bf5-813f-683a-c5f4-7531810dc822,1777347036,0.52,1.0,no,"{""count_fp"":""1.00"",""created_time"":""2026-04-28T03:30:36.332028Z"",""no_price_dollars"":""0.4800"",""taker_side"":""no"",""ticker"":""KXBTC15M-26APR272345-45"",""trade_id"":""1c638bf5-813f-683a-c5f4-7531810dc822"",""yes_price_dollars"":""0.5200""}"
KXBTC15M-26APR272345-45,11dd10db-0e4f-5f1b-37dd-67c121dfd440,1777347037,0.53,3.58,yes,"{""count_fp"":""3.58"",""created_time"":""2026-04-28T03:30:37.986108Z"",""no_price_dollars"":""0.4700"",""taker_side"":""yes"",""ticker"":""KXBTC15M-26APR272345-45"",""trade_id"":""11dd10db-0e4f-5f1b-37dd-67c121dfd440"",""yes_price_dollars"":""0.5300""}"
KXBTC15M-26APR272345-45,209862c3-8487-4aab-34a6-f8c0ec7b403c,1777347037,0.53,1.0,yes,"{""count_fp"":""1.00"",""created_time"":""2026-04-28T03:30:37.702703Z"",""no_price_dollars"":""0.4700"",""taker_side"":""yes"",""ticker"":""KXBTC15M-26APR272345-45"",""trade_id"":""209862c3-8487-4aab-34a6-f8c0ec7b403c"",""yes_price_dollars"":""0.5300""}"
KXBTC15M-26APR272345-45,76d55319-f563-7f3b-300f-a48797e2adc8,1777347037,0.53,5.43,yes,"{""count_fp"":""5.43"",""created_time"":""2026-04-28T03:30:37.457008Z"",""no_price_dollars"":""0.4700"",""taker_side"":""yes"",""ticker"":""KXBTC15M-26APR272345-45"",""trade_id"":""76d55319-f563-7f3b-300f-a48797e2adc8"",""yes_price_dollars"":""0.5300""}"
KXBTC15M-26APR272345-45,1f7fe4fc-2c6e-799b-04e1-058d14dd9eed,1777347037,0.53,1.74,yes,"{""count_fp"":""1.74"",""created_time"":""2026-04-28T03:30:37.457008Z"",""no_price_dollars"":""0.4700"",""taker_side"":""yes"",""ticker"":""KXBTC15M-26APR272345-45"",""trade_id"":""1f7fe4fc-2c6e-799b-04e1-058d14dd9eed"",""yes_price_dollars"":""0.5300""}"
KXBTC15M-26APR272345-45,8a0cd16f-5e72-5cb3-2b79-6bfa37096e45,1777347037,0.53,9.13,yes,"{""count_fp"":""9.13"",""created_time"":""2026-04-28T03:30:37.317785Z"",""no_price_dollars"":""0.4700"",""taker_side"":""yes"",""ticker"":""KXBTC15M-26APR272345-45"",""trade_id"":""8a0cd16f-5e72-5cb3-2b79-6bfa37096e45"",""yes_price_dollars"":""0.5300""}"
KXBTC15M-26APR272345-45,50511688-414a-5e76-82ad-1c67cabbc441,1777347038,0.52,4.02,no,"{""count_fp"":""4.02"",""created_time"":""2026-04-28T03:30:38.936198Z"",""no_price_dollars"":""0.4800"",""taker_side"":""no"",""ticker"":""KXBTC15M-26APR272345-45"",""trade_id"":""50511688-414a-5e76-82ad-1c67cabbc441"",""yes_price_dollars"":""0.5200""}"
KXBTC15M-26APR272345-45,a64b66a2-2389-550a-a8d4-0236ed3a9641,1777347038,0.53,10.87,yes,"{""count_fp"":""10.87"",""created_time"":""2026-04-28T03:30:38.626959Z"",""no_price_dollars"":""0.4700"",""taker_side"":""yes"",""ticker"":""KXBTC15M-26APR272345-45"",""trade_id"":""a64b66a2-2389-550a-a8d4-0236ed3a9641"",""yes_price_dollars"":""0.5300""}"
KXBTC15M-26APR272345-45,9f28500f-6e14-519f-8822-a7e04d724bae,1777347038,0.53,16.11,yes,"{""count_fp"":""16.11"",""created_time"":""2026-04-28T03:30:38.626959Z"",""no_price_dollars"":""0.4700"",""taker_side"":""yes"",""ticker"":""KXBTC15M-26APR272345-45"",""trade_id"":""9f28500f-6e14-519f-8822-a7e04d724bae"",""yes_price_dollars"":""0.5300""}"
KXBTC15M-26APR272345-45,9a8f2b4f-27a4-5392-8b9e-2da6eac48dae,1777347038,0.53,4.65,yes,"{""count_fp"":""4.65"",""created_time"":""2026-04-28T03:30:38.626959Z"",""no_price_dollars"":""0.4700"",""taker_side"":""yes"",""ticker"":""KXBTC15M-26APR272345-45"",""trade_id"":""9a8f2b4f-27a4-5392-8b9e-2da6eac48dae"",""yes_price_dollars"":""0.5300""}"
KXBTC15M-26APR272345-45,6ee1820a-be2a-5ac2-9c2a-3b753706e76c,1777347038,0.54,3.0,yes,"{""count_fp"":""3.00"",""created_time"":""2026-04-28T03:30:38.626959Z"",""no_price_dollars"":""0.4600"",""taker_side"":""yes"",""ticker"":""KXBTC15M-26APR272345-45"",""trade_id"":""6ee1820a-be2a-5ac2-9c2a-3b753706e76c"",""yes_price_dollars"":""0.5400""}"
KXBTC15M-26APR272345-45,5b38c2e7-955d-52e8-9fce-125a71df4e90,1777347038,0.54,122.89,yes,"{""count_fp"":""122.89"",""created_time"":""2026-04-28T03:30:38.626959Z"",""no_price_dollars"":""0.4600"",""taker_side"":""yes"",""ticker"":""KXBTC15M-26APR272345-45"",""trade_id"":""5b38c2e7-955d-52e8-9fce-125a71df4e90"",""yes_price_dollars"":""0.5400""}"
KXBTC15M-26APR272345-45,58fc9017-3a75-5ab8-b1c3-e2f4f41dbab4,1777347038,0.53,9.13,yes,"{""count_fp"":""9.13"",""created_time"":""2026-04-28T03:30:38.626959Z"",""no_price_dollars"":""0.4700"",""taker_side"":""yes"",""ticker"":""KXBTC15M-26APR272345-45"",""trade_id"":""58fc9017-3a75-5ab8-b1c3-e2f4f41dbab4"",""yes_price_dollars"":""0.5300""}"
KXBTC15M-26APR272345-45,1f90833e-e284-5c32-beba-917e01777e7a,1777347038,0.54,10.0,yes,"{""count_fp"":""10.00"",""created_time"":""2026-04-28T03:30:38.626959Z"",""no_price_dollars"":""0.4600"",""taker_side"":""yes"",""ticker"":""KXBTC15M-26APR272345-45"",""trade_id"":""1f90833e-e284-5c32-beba-917e01777e7a"",""yes_price_dollars"":""0.5400""}"
KXBTC15M-26APR272345-45,039dd2a0-d415-56ea-a294-9d9c12387144,1777347038,0.54,2.0,yes,"{""count_fp"":""2.00"",""created_time"":""2026-04-28T03:30:38.626959Z"",""no_price_dollars"":""0.4600"",""taker_side"":""yes"",""ticker"":""KXBTC15M-26APR272345-45"",""trade_id"":""039dd2a0-d415-56ea-a294-9d9c12387144"",""yes_price_dollars"":""0.5400""}"
KXBTC15M-26APR272345-45,ff2b6368-dac0-78fa-fab9-942ac83711a2,1777347038,0.51,1.74,no,"{""count_fp"":""1.74"",""created_time"":""2026-04-28T03:30:38.526088Z"",""no_price_dollars"":""0.4900"",""taker_side"":""no"",""ticker"":""KXBTC15M-26APR272345-45"",""trade_id"":""ff2b6368-dac0-78fa-fab9-942ac83711a2"",""yes_price_dollars"":""0.5100""}"
KXBTC15M-26APR272345-45,ddb81b3f-15d1-767b-ecb3-72b49389c301,1777347038,0.51,10.15,no,"{""count_fp"":""10.15"",""created_time"":""2026-04-28T03:30:38.526088Z"",""no_price_dollars"":""0.4900"",""taker_side"":""no"",""ticker"":""KXBTC15M-26APR272345-45"",""trade_id"":""ddb81b3f-15d1-767b-ecb3-72b49389c301"",""yes_price_dollars"":""0.5100""}"
KXBTC15M-26APR272345-45,a6ceda6c-ba39-7f33-d658-457a9155f7f8,1777347038,0.51,14.56,no,"{""count_fp"":""14.56"",""created_time"":""2026-04-28T03:30:38.526088Z"",""no_price_dollars"":""0.4900"",""taker_side"":""no"",""ticker"":""KXBTC15M-26APR272345-45"",""trade_id"":""a6ceda6c-ba39-7f33-d658-457a9155f7f8"",""yes_price_dollars"":""0.5100""}"
KXBTC15M-26APR272345-45,26f46468-5e60-7a53-de92-a5a816ed8f40,1777347038,0.51,3.0,no,"{""count_fp"":""3.00"",""created_time"":""2026-04-28T03:30:38.526088Z"",""no_price_dollars"":""0.4900"",""taker_side"":""no"",""ticker"":""KXBTC15M-26APR272345-45"",""trade_id"":""26f46468-5e60-7a53-de92-a5a816ed8f40"",""yes_price_dollars"":""0.5100""}"
KXBTC15M-26APR272345-45,030a35fe-c88d-7081-cfa9-b4d2c41a6ea9,1777347038,0.51,9.13,no,"{""count_fp"":""9.13"",""created_time"":""2026-04-28T03:30:38.526088Z"",""no_price_dollars"":""0.4900"",""taker_side"":""no"",""ticker"":""KXBTC15M-26APR272345-45"",""trade_id"":""030a35fe-c88d-7081-cfa9-b4d2c41a6ea9"",""yes_price_dollars"":""0.5100""}"
KXBTC15M-26APR272345-45,e63e2402-cfe9-6603-b8a9-7ccaf3a91fe5,1777347038,0.51,9.85,no,"{""count_fp"":""9.85"",""created_time"":""2026-04-28T03:30:38.243546Z"",""no_price_dollars"":""0.4900"",""taker_side"":""no"",""ticker"":""KXBTC15M-26APR272345-45"",""trade_id"":""e63e2402-cfe9-6603-b8a9-7ccaf3a91fe5"",""yes_price_dollars"":""0.5100""}"
KXBTC15M-26APR272345-45,ad49f494-baf8-5d52-33de-f45e4ce86982,1777347038,0.53,0.35,yes,"{""count_fp"":""0.35"",""created_time"":""2026-04-28T03:30:38.198508Z"",""no_price_dollars"":""0.4700"",""taker_side"":""yes"",""ticker"":""KXBTC15M-26APR272345-45"",""trade_id"":""ad49f494-baf8-5d52-33de-f45e4ce86982"",""yes_price_dollars"":""0.5300""}"
KXBTC15M-26APR272345-45,9d6fbd49-fbd8-5b73-ed73-0cbbc25f50fc,1777347038,0.53,3.0,yes,"{""count_fp"":""3.00"",""created_time"":""2026-04-28T03:30:38.145754Z"",""no_price_dollars"":""0.4700"",""taker_side"":""yes"",""ticker"":""KXBTC15M-26APR272345-45"",""trade_id"":""9d6fbd49-fbd8-5b73-ed73-0cbbc25f50fc"",""yes_price_dollars"":""0.5300""}"
KXBTC15M-26APR272345-45,5d158aa2-fed3-5707-f4ac-6fe508c8131c,1777347038,0.53,6.1,yes,"{""count_fp"":""6.10"",""created_time"":""2026-04-28T03:30:38.145754Z"",""no_price_dollars"":""0.4700"",""taker_side"":""yes"",""ticker"":""KXBTC15M-26APR272345-45"",""trade_id"":""5d158aa2-fed3-5707-f4ac-6fe508c8131c"",""yes_price_dollars"":""0.5300""}"
KXBTC15M-26APR272345-45,030e87e7-72b9-521e-d4ac-88faf05c0d2d,1777347038,0.53,43.87,yes,"{""count_fp"":""43.87"",""created_time"":""2026-04-28T03:30:38.145754Z"",""no_price_dollars"":""0.4700"",""taker_side"":""yes"",""ticker"":""KXBTC15M-26APR272345-45"",""trade_id"":""030e87e7-72b9-521e-d4ac-88faf05c0d2d"",""yes_price_dollars"":""0.5300""}"
KXBTC15M-26APR272345-45,fa8c9bbd-d1f7-7012-3abc-d16e556f249d,1777347039,0.53,3.65,yes,"{""count_fp"":""3.65"",""created_time"":""2026-04-28T03:30:39.990695Z"",""no_price_dollars"":""0.4700"",""taker_side"":""yes"",""ticker"":""KXBTC15M-26APR272345-45"",""trade_id"":""fa8c9bbd-d1f7-7012-3abc-d16e556f249d"",""yes_price_dollars"":""0.5300""}"
KXBTC15M-26APR272345-45,1095227c-407b-7a8a-7e78-928ca5484b89,1777347039,0.53,1.0,yes,"{""count_fp"":""1.00"",""created_time"":""2026-04-28T03:30:39.570827Z"",""no_price_dollars"":""0.4700"",""taker_side"":""yes"",""ticker"":""KXBTC15M-26APR272345-45"",""trade_id"":""1095227c-407b-7a8a-7e78-928ca5484b89"",""yes_price_dollars"":""0.5300""}"
KXBTC15M-26APR272345-45,ad8d1e32-b8d1-7e01-6246-f5b15a003ba0,1777347039,0.53,1.82,yes,"{""count_fp"":""1.82"",""created_time"":""2026-04-28T03:30:39.339697Z"",""no_price_dollars"":""0.4700"",""taker_side"":""yes"",""ticker"":""KXBTC15M-26APR272345-45"",""trade_id"":""ad8d1e32-b8d1-7e01-6246-f5b15a003ba0"",""yes_price_dollars"":""0.5300""}"
KXBTC15M-26APR272345-45,51ad1a7e-101d-76bb-a953-b096c534faf4,1777347039,0.52,2.01,no,"{""count_fp"":""2.01"",""created_time"":""2026-04-28T03:30:39.093815Z"",""no_price_dollars"":""0.4800"",""taker_side"":""no"",""ticker"":""KXBTC15M-26APR272345-45"",""trade_id"":""51ad1a7e-101d-76bb-a953-b096c534faf4"",""yes_price_dollars"":""0.5200""}"
KXBTC15M-26APR272345-45,d5afbcdd-7e06-758a-b22d-73421fd70931,1777347039,0.52,11.96,no,"{""count_fp"":""11.96"",""created_time"":""2026-04-28T03:30:39.087723Z"",""no_price_dollars"":""0.4800"",""taker_side"":""no"",""ticker"":""KXBTC15M-26APR272345-45"",""trade_id"":""d5afbcdd-7e06-758a-b22d-73421fd70931"",""yes_price_dollars"":""0.5200""}"
KXBTC15M-26APR272345-45,56ffe5b3-1521-74c3-ac65-b4e3147ffbec,1777347039,0.52,3.04,no,"{""count_fp"":""3.04"",""created_time"":""2026-04-28T03:30:39.087723Z"",""no_price_dollars"":""0.4800"",""taker_side"":""no"",""ticker"":""KXBTC15M-26APR272345-45"",""trade_id"":""56ffe5b3-1521-74c3-ac65-b4e3147ffbec"",""yes_price_dollars"":""0.5200""}"
KXBTC15M-26APR272345-45,cd20e691-3efe-7c03-3b33-a8acddc5ebe8,1777347040,0.52,10.05,no,"{""count_fp"":""10.05"",""created_time"":""2026-04-28T03:30:40.638036Z"",""no_price_dollars"":""0.4800"",""taker_side"":""no"",""ticker"":""KXBTC15M-26APR272345-45"",""trade_id"":""cd20e691-3efe-7c03-3b33-a8acddc5ebe8"",""yes_price_dollars"":""0.5200""}"
KXBTC15M-26APR272345-45,45515545-4150-668a-da6c-696203171fe2,1777347040,0.52,2.26,no,"{""count_fp"":""2.26"",""created_time"":""2026-04-28T03:30:40.379866Z"",""no_price_dollars"":""0.4800"",""taker_side"":""no"",""ticker"":""KXBTC15M-26APR272345-45"",""trade_id"":""45515545-4150-668a-da6c-696203171fe2"",""yes_price_dollars"":""0.5200""}"
KXBTC15M-26APR272345-45,14229018-4a11-6cf0-d807-f05cdd28085a,1777347040,0.52,1.68,no,"{""count_fp"":""1.68"",""created_time"":""2026-04-28T03:30:40.379866Z"",""no_price_dollars"":""0.4800"",""taker_side"":""no"",""ticker"":""KXBTC15M-26APR272345-45"",""trade_id"":""14229018-4a11-6cf0-d807-f05cdd28085a"",""yes_price_dollars"":""0.5200""}"
KXBTC15M-26APR272345-45,8a970d79-5195-4924-6f73-59f9246319a6,1777347040,0.52,1.64,no,"{""count_fp"":""1.64"",""created_time"":""2026-04-28T03:30:40.297496Z"",""no_price_dollars"":""0.4800"",""taker_side"":""no"",""ticker"":""KXBTC15M-26APR272345-45"",""trade_id"":""8a970d79-5195-4924-6f73-59f9246319a6"",""yes_price_dollars"":""0.5200""}"
KXBTC15M-26APR272345-45,60a92e77-ec99-7e10-f5aa-98e9d1b63d3e,1777347040,0.52,0.35,no,"{""count_fp"":""0.35"",""created_time"":""2026-04-28T03:30:40.184623Z"",""no_price_dollars"":""0.4800"",""taker_side"":""no"",""ticker"":""KXBTC15M-26APR272345-45"",""trade_id"":""60a92e77-ec99-7e10-f5aa-98e9d1b63d3e"",""yes_price_dollars"":""0.5200""}"
KXBTC15M-26APR272345-45,078ffad1-e61d-7a1b-d344-8b15d49dd300,1777347040,0.52,9.7,no,"{""count_fp"":""9.70"",""created_time"":""2026-04-28T03:30:40.184623Z"",""no_price_dollars"":""0.4800"",""taker_side"":""no"",""ticker"":""KXBTC15M-26APR272345-45"",""trade_id"":""078ffad1-e61d-7a1b-d344-8b15d49dd300"",""yes_price_dollars"":""0.5200""}"
KXBTC15M-26APR272345-45,a8d43ee2-1ded-5277-922b-5a01b1a67658,1777347040,0.53,2.89,yes,"{""count_fp"":""2.89"",""created_time"":""2026-04-28T03:30:40.070925Z"",""no_price_dollars"":""0.4700"",""taker_side"":""yes"",""ticker"":""KXBTC15M-26APR272345-45"",""trade_id"":""a8d43ee2-1ded-5277-922b-5a01b1a67658"",""yes_price_dollars"":""0.5300""}"
KXBTC15M-26APR272345-45,5239a590-0e53-5806-b62c-dd2269b45c05,1777347040,0.53,11.46,yes,"{""count_fp"":""11.46"",""created_time"":""2026-04-28T03:30:40.070925Z"",""no_price_dollars"":""0.4700"",""taker_side"":""yes"",""ticker"":""KXBTC15M-26APR272345-45"",""trade_id"":""5239a590-0e53-5806-b62c-dd2269b45c05"",""yes_price_dollars"":""0.5300""}"
KXBTC15M-26APR272345-45,c082d886-b84c-66fc-569e-6fed301a08c1,1777347041,0.53,7.26,yes,"{""count_fp"":""7.26"",""created_time"":""2026-04-28T03:30:41.796905Z"",""no_price_dollars"":""0.4700"",""taker_side"":""yes"",""ticker"":""KXBTC15M-26APR272345-45"",""trade_id"":""c082d886-b84c-66fc-569e-6fed301a08c1"",""yes_price_dollars"":""0.5300""}"
KXBTC15M-26APR272345-45,a748114a-3788-68d2-4223-2cb4cb0b69ca,1777347041,0.53,14.18,yes,"{""count_fp"":""14.18"",""created_time"":""2026-04-28T03:30:41.796905Z"",""no_price_dollars"":""0.4700"",""taker_side"":""yes"",""ticker"":""KXBTC15M-26APR272345-45"",""trade_id"":""a748114a-3788-68d2-4223-2cb4cb0b69ca"",""yes_price_dollars"":""0.5300""}"
KXBTC15M-26APR272345-45,6ca6e0d2-9ce3-6b06-5d38-cd7c0a8a6f54,1777347041,0.53,1.64,yes,"{""count_fp"":""1.64"",""created_time"":""2026-04-28T03:30:41.796905Z"",""no_price_dollars"":""0.4700"",""taker_side"":""yes"",""ticker"":""KXBTC15M-26APR272345-45"",""trade_id"":""6ca6e0d2-9ce3-6b06-5d38-cd7c0a8a6f54"",""yes_price_dollars"":""0.5300""}"
KXBTC15M-26APR272345-45,6c9085df-c1f6-6a98-5c84-f1ae96345578,1777347041,0.53,3.94,yes,"{""count_fp"":""3.94"",""created_time"":""2026-04-28T03:30:41.796905Z"",""no_price_dollars"":""0.4700"",""taker_side"":""yes"",""ticker"":""KXBTC15M-26APR272345-45"",""trade_id"":""6c9085df-c1f6-6a98-5c84-f1ae96345578"",""yes_price_dollars"":""0.5300""}"
KXBTC15M-26APR272345-45,5376b1fd-e659-6eb7-44bc-1c5a21103e4e,1777347041,0.53,0.98,yes,"{""count_fp"":""0.98"",""created_time"":""2026-04-28T03:30:41.796905Z"",""no_price_dollars"":""0.4700"",""taker_side"":""yes"",""ticker"":""KXBTC15M-26APR272345-45"",""trade_id"":""5376b1fd-e659-6eb7-44bc-1c5a21103e4e"",""yes_price_dollars"":""0.5300""}"
KXBTC15M-26APR272345-45,dbf57b62-d344-7b08-5bcd-9860b6a5eb11,1777347041,0.53,4.2,yes,"{""count_fp"":""4.20"",""created_time"":""2026-04-28T03:30:41.609716Z"",""no_price_dollars"":""0.4700"",""taker_side"":""yes"",""ticker"":""KXBTC15M-26APR272345-45"",""trade_id"":""dbf57b62-d344-7b08-5bcd-9860b6a5eb11"",""yes_price_dollars"":""0.5300""}"
KXBTC15M-26APR272345-45,da7cba04-119a-7795-6c26-2d2f7ba7bdc8,1777347041,0.53,4.58,yes,"{""count_fp"":""4.58"",""created_time"":""2026-04-28T03:30:41.609716Z"",""no_price_dollars"":""0.4700"",""taker_side"":""yes"",""ticker"":""KXBTC15M-26APR272345-45"",""trade_id"":""da7cba04-119a-7795-6c26-2d2f7ba7bdc8"",""yes_price_dollars"":""0.5300""}"
KXBTC15M-26APR272345-45,923bcbe7-1aca-7040-512c-f1458ebf2d6e,1777347041,0.53,0.35,yes,"{""count_fp"":""0.35"",""created_time"":""2026-04-28T03:30:41.609716Z"",""no_price_dollars"":""0.4700"",""taker_side"":""yes"",""ticker"":""KXBTC15M-26APR272345-45"",""trade_id"":""923bcbe7-1aca-7040-512c-f1458ebf2d6e"",""yes_price_dollars"":""0.5300""}"
KXBTC15M-26APR272345-45,a2e71c1a-8e62-4a99-aaca-eaf3a34907ec,1777347041,0.53,0.07,yes,"{""count_fp"":""0.07"",""created_time"":""2026-04-28T03:30:41.578661Z"",""no_price_dollars"":""0.4700"",""taker_side"":""yes"",""ticker"":""KXBTC15M-26APR272345-45"",""trade_id"":""a2e71c1a-8e62-4a99-aaca-eaf3a34907ec"",""yes_price_dollars"":""0.5300""}"
KXBTC15M-26APR272345-45,a1a036bc-7555-4372-a0d5-693ad55f345a,1777347041,0.53,0.93,yes,"{""count_fp"":""0.93"",""created_time"":""2026-04-28T03:30:41.578661Z"",""no_price_dollars"":""0.4700"",""taker_side"":""yes"",""ticker"":""KXBTC15M-26APR272345-45"",""trade_id"":""a1a036bc-7555-4372-a0d5-693ad55f345a"",""yes_price_dollars"":""0.5300""}"
KXBTC15M-26APR272345-45,c3edfeab-5dd4-621d-882f-ad9022ad0d0c,1777347041,0.51,9.85,no,"{""count_fp"":""9.85"",""created_time"":""2026-04-28T03:30:41.432408Z"",""no_price_dollars"":""0.4900"",""taker_side"":""no"",""ticker"":""KXBTC15M-26APR272345-45"",""trade_id"":""c3edfeab-5dd4-621d-882f-ad9022ad0d0c"",""yes_price_dollars"":""0.5100""}"
KXBTC15M-26APR272345-45,a29dacf8-d232-6738-9971-b7dac42faa09,1777347041,0.51,0.42,no,"{""count_fp"":""0.42"",""created_time"":""2026-04-28T03:30:41.432408Z"",""no_price_dollars"":""0.4900"",""taker_side"":""no"",""ticker"":""KXBTC15M-26APR272345-45"",""trade_id"":""a29dacf8-d232-6738-9971-b7dac42faa09"",""yes_price_dollars"":""0.5100""}"
KXBTC15M-26APR272345-45,7318e115-a0ee-6dd6-8374-4f065d7cd940,1777347041,0.51,12.0,no,"{""count_fp"":""12.00"",""created_time"":""2026-04-28T03:30:41.432408Z"",""no_price_dollars"":""0.4900"",""taker_side"":""no"",""ticker"":""KXBTC15M-26APR272345-45"",""trade_id"":""7318e115-a0ee-6dd6-8374-4f065d7cd940"",""yes_price_dollars"":""0.5100""}"
KXBTC15M-26APR272345-45,466288c0-f95d-6605-8af7-fc328625ec0c,1777347041,0.51,6.94,no,"{""count_fp"":""6.94"",""created_time"":""2026-04-28T03:30:41.432408Z"",""no_price_dollars"":""0.4900"",""taker_side"":""no"",""ticker"":""KXBTC15M-26APR272345-45"",""trade_id"":""466288c0-f95d-6605-8af7-fc328625ec0c"",""yes_price_dollars"":""0.5100""}"
KXBTC15M-26APR272345-45,384d6ad6-679a-5adc-ce5f-4777a46e06e1,1777347041,0.51,9.85,no,"{""count_fp"":""9.85"",""created_time"":""2026-04-28T03:30:41.267442Z"",""no_price_dollars"":""0.4900"",""taker_side"":""no"",""ticker"":""KXBTC15M-26APR272345-45"",""trade_id"":""384d6ad6-679a-5adc-ce5f-4777a46e06e1"",""yes_price_dollars"":""0.5100""}"
KXBTC15M-26APR272345-45,6f099103-521a-62db-389b-c4f0cb477c75,1777347041,0.51,3.0,no,"{""count_fp"":""3.00"",""created_time"":""2026-04-28T03:30:41.209955Z"",""no_price_dollars"":""0.4900"",""taker_side"":""no"",""ticker"":""KXBTC15M-26APR272345-45"",""trade_id"":""6f099103-521a-62db-389b-c4f0cb477c75"",""yes_price_dollars"":""0.5100""}"
KXBTC15M-26APR272345-45,631934bf-48b0-6eac-1b93-a38254581251,1777347041,0.51,10.15,no,"{""count_fp"":""10.15"",""created_time"":""2026-04-28T03:30:41.209955Z"",""no_price_dollars"":""0.4900"",""taker_side"":""no"",""ticker"":""KXBTC15M-26APR272345-45"",""trade_id"":""631934bf-48b0-6eac-1b93-a38254581251"",""yes_price_dollars"":""0.5100""}"
KXBTC15M-26APR272345-45,3d612475-eb76-69fb-008c-1073b2bddf64,1777347041,0.52,4.51,no,"{""count_fp"":""4.51"",""created_time"":""2026-04-28T03:30:41.209955Z"",""no_price_dollars"":""0.4800"",""taker_side"":""no"",""ticker"":""KXBTC15M-26APR272345-45"",""trade_id"":""3d612475-eb76-69fb-008c-1073b2bddf64"",""yes_price_dollars"":""0.5200""}"
KXBTC15M-26APR272345-45,3c6d71a3-74f7-652a-19a2-ea5f446357b5,1777347041,0.51,9.85,no,"{""count_fp"":""9.85"",""created_time"":""2026-04-28T03:30:41.209955Z"",""no_price_dollars"":""0.4900"",""taker_side"":""no"",""ticker"":""KXBTC15M-26APR272345-45"",""trade_id"":""3c6d71a3-74f7-652a-19a2-ea5f446357b5"",""yes_price_dollars"":""0.5100""}"
KXBTC15M-26APR272345-45,28707a53-6ad6-6c5c-2ec0-6dfd4cb4a96d,1777347041,0.51,1.06,no,"{""count_fp"":""1.06"",""created_time"":""2026-04-28T03:30:41.209955Z"",""no_price_dollars"":""0.4900"",""taker_side"":""no"",""ticker"":""KXBTC15M-26APR272345-45"",""trade_id"":""28707a53-6ad6-6c5c-2ec0-6dfd4cb4a96d"",""yes_price_dollars"":""0.5100""}"
KXBTC15M-26APR272345-45,04846985-227d-6ef3-246e-3b8487a3d6d5,1777347041,0.52,0.98,no,"{""count_fp"":""0.98"",""created_time"":""2026-04-28T03:30:41.209955Z"",""no_price_dollars"":""0.4800"",""taker_side"":""no"",""ticker"":""KXBTC15M-26APR272345-45"",""trade_id"":""04846985-227d-6ef3-246e-3b8487a3d6d5"",""yes_price_dollars"":""0.5200""}"
KXBTC15M-26APR272345-45,857dcd3d-adb8-5d95-9a93-5a20e7969b85,1777347042,0.53,6.39,yes,"{""count_fp"":""6.39"",""created_time"":""2026-04-28T03:30:42.757352Z"",""no_price_dollars"":""0.4700"",""taker_side"":""yes"",""ticker"":""KXBTC15M-26APR272345-45"",""trade_id"":""857dcd3d-adb8-5d95-9a93-5a20e7969b85"",""yes_price_dollars"":""0.5300""}"
KXBTC15M-26APR272345-45,9c2fd9e5-b0d8-4795-ffaf-a37a9a0f01d5,1777347042,0.53,3.0,yes,"{""count_fp"":""3.00"",""created_time"":""2026-04-28T03:30:42.433466Z"",""no_price_dollars"":""0.4700"",""taker_side"":""yes"",""ticker"":""KXBTC15M-26APR272345-45"",""trade_id"":""9c2fd9e5-b0d8-4795-ffaf-a37a9a0f01d5"",""yes_price_dollars"":""0.5300""}"
KXBTC15M-26APR272345-45,f193e18e-485d-465a-15d4-bc6a30354460,1777347042,0.51,5.97,no,"{""count_fp"":""5.97"",""created_time"":""2026-04-28T03:30:42.186934Z"",""no_price_dollars"":""0.4900"",""taker_side"":""no"",""ticker"":""KXBTC15M-26APR272345-45"",""trade_id"":""f193e18e-485d-465a-15d4-bc6a30354460"",""yes_price_dollars"":""0.5100""}"
KXBTC15M-26APR272345-45,7dbd7fb3-3aec-4257-32c2-faa22c23ff42,1777347042,0.52,8.82,no,"{""count_fp"":""8.82"",""created_time"":""2026-04-28T03:30:42.186934Z"",""no_price_dollars"":""0.4800"",""taker_side"":""no"",""ticker"":""KXBTC15M-26APR272345-45"",""trade_id"":""7dbd7fb3-3aec-4257-32c2-faa22c23ff42"",""yes_price_dollars"":""0.5200""}"
KXBTC15M-26APR272345-45,4015ce53-a486-41df-0b09-f5033398c04b,1777347042,0.52,5.0,no,"{""count_fp"":""5.00"",""created_time"":""2026-04-28T03:30:42.186934Z"",""no_price_dollars"":""0.4800"",""taker_side"":""no"",""ticker"":""KXBTC15M-26APR272345-45"",""trade_id"":""4015ce53-a486-41df-0b09-f5033398c04b"",""yes_price_dollars"":""0.5200""}"
KXBTC15M-26APR272345-45,8dc084c5-a690-6db1-3722-cdb0de37fa6d,1777347042,0.53,1.0,yes,"{""count_fp"":""1.00"",""created_time"":""2026-04-28T03:30:42.125694Z"",""no_price_dollars"":""0.4700"",""taker_side"":""yes"",""ticker"":""KXBTC15M-26APR272345-45"",""trade_id"":""8dc084c5-a690-6db1-3722-cdb0de37fa6d"",""yes_price_dollars"":""0.5300""}"
KXBTC15M-26APR272345-45,b15ab196-098d-4748-01c5-19aeb8c64447,1777347043,0.52,1.0,no,"{""count_fp"":""1.00"",""created_time"":""2026-04-28T03:30:43.966747Z"",""no_price_dollars"":""0.4800"",""taker_side"":""no"",""ticker"":""KXBTC15M-26APR272345-45"",""trade_id"":""b15ab196-098d-4748-01c5-19aeb8c64447"",""yes_price_dollars"":""0.5200""}"
KXBTC15M-26APR272345-45,ef344a99-6071-69c0-71d2-082930b08b7f,1777347043,0.52,26.72,no,"{""count_fp"":""26.72"",""created_time"":""2026-04-28T03:30:43.952812Z"",""no_price_dollars"":""0.4800"",""taker_side"":""no"",""ticker"":""KXBTC15M-26APR272345-45"",""trade_id"":""ef344a99-6071-69c0-71d2-082930b08b7f"",""yes_price_dollars"":""0.5200""}"
KXBTC15M-26APR272345-45,9e998bdb-5712-6eb2-4083-7e13609d9ccf,1777347043,0.52,13.0,no,"{""count_fp"":""13.00"",""created_time"":""2026-04-28T03:30:43.952812Z"",""no_price_dollars"":""0.4800"",""taker_side"":""no"",""ticker"":""KXBTC15M-26APR272345-45"",""trade_id"":""9e998bdb-5712-6eb2-4083-7e13609d9ccf"",""yes_price_dollars"":""0.5200""}"
KXBTC15M-26APR272345-45,f1cce250-dffc-5639-fdf4-5c69b67beb55,1777347043,0.53,1.0,yes,"{""count_fp"":""1.00"",""created_time"":""2026-04-28T03:30:43.596861Z"",""no_price_dollars"":""0.4700"",""taker_side"":""yes"",""ticker"":""KXBTC15M-26APR272345-45"",""trade_id"":""f1cce250-dffc-5639-fdf4-5c69b67beb55"",""yes_price_dollars"":""0.5300""}"
KXBTC15M-26APR272345-45,86814902-bbc7-695a-321c-896a10fb39a2,1777347044,0.52,9.86,no,"{""count_fp"":""9.86"",""created_time"":""2026-04-28T03:30:44.988745Z"",""no_price_dollars"":""0.4800"",""taker_side"":""no"",""ticker"":""KXBTC15M-26APR272345-45"",""trade_id"":""86814902-bbc7-695a-321c-896a10fb39a2"",""yes_price_dollars"":""0.5200""}"
KXBTC15M-26APR272345-45,54c10ab5-6099-6db4-2c3b-c6fe93c61df7,1777347044,0.52,21.92,no,"{""count_fp"":""21.92"",""created_time"":""2026-04-28T03:30:44.988745Z"",""no_price_dollars"":""0.4800"",""taker_side"":""no"",""ticker"":""KXBTC15M-26APR272345-45"",""trade_id"":""54c10ab5-6099-6db4-2c3b-c6fe93c61df7"",""yes_price_dollars"":""0.5200""}"
KXBTC15M-26APR272345-45,019272f2-30db-563e-5cd4-74887a96a1da,1777347044,0.52,0.19,no,"{""count_fp"":""0.19"",""created_time"":""2026-04-28T03:30:44.547085Z"",""no_price_dollars"":""0.4800"",""taker_side"":""no"",""ticker"":""KXBTC15M-26APR272345-45"",""trade_id"":""019272f2-30db-563e-5cd4-74887a96a1da"",""yes_price_dollars"":""0.5200""}"
KXBTC15M-26APR272345-45,8bc542d3-42d9-5a08-ee61-8de4c0413b1b,1777347044,0.52,39.4,no,"{""count_fp"":""39.40"",""created_time"":""2026-04-28T03:30:44.213081Z"",""no_price_dollars"":""0.4800"",""taker_side"":""no"",""ticker"":""KXBTC15M-26APR272345-45"",""trade_id"":""8bc542d3-42d9-5a08-ee61-8de4c0413b1b"",""yes_price_dollars"":""0.5200""}"
KXBTC15M-26APR272345-45,60c3b33c-c126-6f11-5a58-9d2c630a8a83,1777347044,0.52,5.63,no,"{""count_fp"":""5.63"",""created_time"":""2026-04-28T03:30:44.140951Z"",""no_price_dollars"":""0.4800"",""taker_side"":""no"",""ticker"":""KXBTC15M-26APR272345-45"",""trade_id"":""60c3b33c-c126-6f11-5a58-9d2c630a8a83"",""yes_price_dollars"":""0.5200""}"
KXBTC15M-26APR272345-45,1e1f09ea-e198-6d5b-5148-2dbc57bedac3,1777347044,0.52,4.22,no,"{""count_fp"":""4.22"",""created_time"":""2026-04-28T03:30:44.140951Z"",""no_price_dollars"":""0.4800"",""taker_side"":""no"",""ticker"":""KXBTC15M-26APR272345-45"",""trade_id"":""1e1f09ea-e198-6d5b-5148-2dbc57bedac3"",""yes_price_dollars"":""0.5200""}"
KXBTC15M-26APR272345-45,bbac339d-b677-6bf1-6a39-c5f73ffdd937,1777347045,0.53,1.0,yes,"{""count_fp"":""1.00"",""created_time"":""2026-04-28T03:30:45.617504Z"",""no_price_dollars"":""0.4700"",""taker_side"":""yes"",""ticker"":""KXBTC15M-26APR272345-45"",""trade_id"":""bbac339d-b677-6bf1-6a39-c5f73ffdd937"",""yes_price_dollars"":""0.5300""}"
KXBTC15M-26APR272345-45,246ba466-cda9-58b8-aadd-290782fa2ec3,1777347045,0.52,9.85,no,"{""count_fp"":""9.85"",""created_time"":""2026-04-28T03:30:45.556575Z"",""no_price_dollars"":""0.4800"",""taker_side"":""no"",""ticker"":""KXBTC15M-26APR272345-45"",""trade_id"":""246ba466-cda9-58b8-aadd-290782fa2ec3"",""yes_price_dollars"":""0.5200""}"
KXBTC15M-26APR272345-45,5d391587-86eb-4f40-b2fc-25f5a32908d0,1777347045,0.53,5.63,yes,"{""count_fp"":""5.63"",""created_time"":""2026-04-28T03:30:45.417147Z"",""no_price_dollars"":""0.4700"",""taker_side"":""yes"",""ticker"":""KXBTC15M-26APR272345-45"",""trade_id"":""5d391587-86eb-4f40-b2fc-25f5a32908d0"",""yes_price_dollars"":""0.5300""}"
KXBTC15M-26APR272345-45,0ac4661c-2564-4d84-b1c4-d0d6575adf22,1777347045,0.53,6.33,yes,"{""count_fp"":""6.33"",""created_time"":""2026-04-28T03:30:45.417147Z"",""no_price_dollars"":""0.4700"",""taker_side"":""yes"",""ticker"":""KXBTC15M-26APR272345-45"",""trade_id"":""0ac4661c-2564-4d84-b1c4-d0d6575adf22"",""yes_price_dollars"":""0.5300""}"
KXBTC15M-26APR272345-45,07cbae18-9d35-423a-aa31-4deb70cd7e4e,1777347045,0.53,4.22,yes,"{""count_fp"":""4.22"",""created_time"":""2026-04-28T03:30:45.417147Z"",""no_price_dollars"":""0.4700"",""taker_side"":""yes"",""ticker"":""KXBTC15M-26APR272345-45"",""trade_id"":""07cbae18-9d35-423a-aa31-4deb70cd7e4e"",""yes_price_dollars"":""0.5300""}"
KXBTC15M-26APR272345-45,020f9920-a893-4ce9-9fe5-9171e5a36143,1777347045,0.53,2.08,yes,"{""count_fp"":""2.08"",""created_time"":""2026-04-28T03:30:45.417147Z"",""no_price_dollars"":""0.4700"",""taker_side"":""yes"",""ticker"":""KXBTC15M-26APR272345-45"",""trade_id"":""020f9920-a893-4ce9-9fe5-9171e5a36143"",""yes_price_dollars"":""0.5300""}"
KXBTC15M-26APR272345-45,fda23867-67ea-6889-504f-c2bac15187d6,1777347045,0.53,5.51,yes,"{""count_fp"":""5.51"",""created_time"":""2026-04-28T03:30:45.299101Z"",""no_price_dollars"":""0.4700"",""taker_side"":""yes"",""ticker"":""KXBTC15M-26APR272345-45"",""trade_id"":""fda23867-67ea-6889-504f-c2bac15187d6"",""yes_price_dollars"":""0.5300""}"
KXBTC15M-26APR272345-45,aaee7b91-33b0-64dc-7b3b-5c25d97f1f36,1777347045,0.53,13.67,yes,"{""count_fp"":""13.67"",""created_time"":""2026-04-28T03:30:45.299101Z"",""no_price_dollars"":""0.4700"",""taker_side"":""yes"",""ticker"":""KXBTC15M-26APR272345-45"",""trade_id"":""aaee7b91-33b0-64dc-7b3b-5c25d97f1f36"",""yes_price_dollars"":""0.5300""}"
KXBTC15M-26APR272345-45,66812528-3027-6748-7fe2-4faa328e9ab0,1777347045,0.53,8.82,yes,"{""count_fp"":""8.82"",""created_time"":""2026-04-28T03:30:45.299101Z"",""no_price_dollars"":""0.4700"",""taker_side"":""yes"",""ticker"":""KXBTC15M-26APR272345-45"",""trade_id"":""66812528-3027-6748-7fe2-4faa328e9ab0"",""yes_price_dollars"":""0.5300""}"
KXBTC15M-26APR272345-45,1ef4bd09-941d-46d4-e618-f49c5d7eefcb,1777347045,0.52,6.03,no,"{""count_fp"":""6.03"",""created_time"":""2026-04-28T03:30:45.178935Z"",""no_price_dollars"":""0.4800"",""taker_side"":""no"",""ticker"":""KXBTC15M-26APR272345-45"",""trade_id"":""1ef4bd09-941d-46d4-e618-f49c5d7eefcb"",""yes_price_dollars"":""0.5200""}"
KXBTC15M-26APR272345-45,8b2a93bc-fdf5-4780-7a3e-0f72b0d80e33,1777347045,0.52,19.7,no,"{""count_fp"":""19.70"",""created_time"":""2026-04-28T03:30:45.124878Z"",""no_price_dollars"":""0.4800"",""taker_side"":""no"",""ticker"":""KXBTC15M-26APR272345-45"",""trade_id"":""8b2a93bc-fdf5-4780-7a3e-0f72b0d80e33"",""yes_price_dollars"":""0.5200""}"
KXBTC15M-26APR272345-45,4a0e7787-8db3-52dd-52d4-7c16a7fe072f,1777347046,0.53,5.48,yes,"{""count_fp"":""5.48"",""created_time"":""2026-04-28T03:30:46.622983Z"",""no_price_dollars"":""0.4700"",""taker_side"":""yes"",""ticker"":""KXBTC15M-26APR272345-45"",""trade_id"":""4a0e7787-8db3-52dd-52d4-7c16a7fe072f"",""yes_price_dollars"":""0.5300""}"
KXBTC15M-26APR272345-45,7445ceb3-577a-4ed3-cbac-85c8b58dbf61,1777347046,0.52,50.25,no,"{""count_fp"":""50.25"",""created_time"":""2026-04-28T03:30:46.396973Z"",""no_price_dollars"":""0.4800"",""taker_side"":""no"",""ticker"":""KXBTC15M-26APR272345-45"",""trade_id"":""7445ceb3-577a-4ed3-cbac-85c8b58dbf61"",""yes_price_dollars"":""0.5200""}"
KXBTC15M-26APR272345-45,64e4534e-098e-5c97-6e1b-0b00a2160a15,1777347046,0.52,5.0,no,"{""count_fp"":""5.00"",""created_time"":""2026-04-28T03:30:46.377688Z"",""no_price_dollars"":""0.4800"",""taker_side"":""no"",""ticker"":""KXBTC15M-26APR272345-45"",""trade_id"":""64e4534e-098e-5c97-6e1b-0b00a2160a15"",""yes_price_dollars"":""0.5200""}"
KXBTC15M-26APR272345-45,015e0ef7-bbc1-51c9-48b4-8adb35e37b3b,1777347047,0.53,4.02,no,"{""count_fp"":""4.02"",""created_time"":""2026-04-28T03:30:47.873931Z"",""no_price_dollars"":""0.4700"",""taker_side"":""no"",""ticker"":""KXBTC15M-26APR272345-45"",""trade_id"":""015e0ef7-bbc1-51c9-48b4-8adb35e37b3b"",""yes_price_dollars"":""0.5300""}"
KXBTC15M-26APR272345-45,d81afa90-a2d4-69be-0665-bcd5ddac2aa7,1777347047,0.53,20.0,yes,"{""count_fp"":""20.00"",""created_time"":""2026-04-28T03:30:47.171846Z"",""no_price_dollars"":""0.4700"",""taker_side"":""yes"",""ticker"":""KXBTC15M-26APR272345-45"",""trade_id"":""d81afa90-a2d4-69be-0665-bcd5ddac2aa7"",""yes_price_dollars"":""0.5300""}"
KXBTC15M-26APR272345-45,ab190808-2880-6e83-2d21-1aff22821ebf,1777347047,0.53,19.96,yes,"{""count_fp"":""19.96"",""created_time"":""2026-04-28T03:30:47.171846Z"",""no_price_dollars"":""0.4700"",""taker_side"":""yes"",""ticker"":""KXBTC15M-26APR272345-45"",""trade_id"":""ab190808-2880-6e83-2d21-1aff22821ebf"",""yes_price_dollars"":""0.5300""}"
KXBTC15M-26APR272345-45,668c8035-bd9f-6d61-356d-0f114699d277,1777347047,0.53,1.44,yes,"{""count_fp"":""1.44"",""created_time"":""2026-04-28T03:30:47.171846Z"",""no_price_dollars"":""0.4700"",""taker_side"":""yes"",""ticker"":""KXBTC15M-26APR272345-45"",""trade_id"":""668c8035-bd9f-6d61-356d-0f114699d277"",""yes_price_dollars"":""0.5300""}"
KXBTC15M-26APR272345-45,0ae56cca-2695-67fb-1e2b-d3cd6e44e8de,1777347047,0.53,0.04,yes,"{""count_fp"":""0.04"",""created_time"":""2026-04-28T03:30:47.171846Z"",""no_price_dollars"":""0.4700"",""taker_side"":""yes"",""ticker"":""KXBTC15M-26APR272345-45"",""trade_id"":""0ae56cca-2695-67fb-1e2b-d3cd6e44e8de"",""yes_price_dollars"":""0.5300""}"
KXBTC15M-26APR272345-45,37a6377c-b4bb-6c6a-6ade-846a9c8262bd,1777347048,0.54,3.0,yes,"{""count_fp"":""3.00"",""created_time"":""2026-04-28T03:30:48.774857Z"",""no_price_dollars"":""0.4600"",""taker_side"":""yes"",""ticker"":""KXBTC15M-26APR272345-45"",""trade_id"":""37a6377c-b4bb-6c6a-6ade-846a9c8262bd"",""yes_price_dollars"":""0.5400""}"
KXBTC15M-26APR272345-45,04883bcb-eff1-6408-67a1-b7d378c45241,1777347048,0.54,17.0,yes,"{""count_fp"":""17.00"",""created_time"":""2026-04-28T03:30:48.774857Z"",""no_price_dollars"":""0.4600"",""taker_side"":""yes"",""ticker"":""KXBTC15M-26APR272345-45"",""trade_id"":""04883bcb-eff1-6408-67a1-b7d378c45241"",""yes_price_dollars"":""0.5400""}"
KXBTC15M-26APR272345-45,dfc0976d-5669-4a09-5d1b-f02737ea8767,1777347048,0.53,40.2,no,"{""count_fp"":""40.20"",""created_time"":""2026-04-28T03:30:48.743026Z"",""no_price_dollars"":""0.4700"",""taker_side"":""no"",""ticker"":""KXBTC15M-26APR272345-45"",""trade_id"":""dfc0976d-5669-4a09-5d1b-f02737ea8767"",""yes_price_dollars"":""0.5300""}"
KXBTC15M-26APR272345-45,091d0346-36e9-4c65-684b-e47f8530a7df,1777347048,0.53,2.01,no,"{""count_fp"":""2.01"",""created_time"":""2026-04-28T03:30:48.323568Z"",""no_price_dollars"":""0.4700"",""taker_side"":""no"",""ticker"":""KXBTC15M-26APR272345-45"",""trade_id"":""091d0346-36e9-4c65-684b-e47f8530a7df"",""yes_price_dollars"":""0.5300""}"
KXBTC15M-26APR272345-45,ddccd190-c079-6cf8-a712-38b212799389,1777347049,0.54,17.94,yes,"{""count_fp"":""17.94"",""created_time"":""2026-04-28T03:30:49.696026Z"",""no_price_dollars"":""0.4600"",""taker_side"":""yes"",""ticker"":""KXBTC15M-26APR272345-45"",""trade_id"":""ddccd190-c079-6cf8-a712-38b212799389"",""yes_price_dollars"":""0.5400""}"
KXBTC15M-26APR272345-45,3a42e3c9-d659-5820-f6d0-d8286229977d,1777347049,0.54,1.0,yes,"{""count_fp"":""1.00"",""created_time"":""2026-04-28T03:30:49.694509Z"",""no_price_dollars"":""0.4600"",""taker_side"":""yes"",""ticker"":""KXBTC15M-26APR272345-45"",""trade_id"":""3a42e3c9-d659-5820-f6d0-d8286229977d"",""yes_price_dollars"":""0.5400""}"
