ticker,trade_id,ts,yes_price,count,taker_side,raw_json
KXBTC15M-26APR271545-45,c34155f9-00db-5d12-c66d-37180bc3a493,1777318201,0.45,120.0,yes,"{""count_fp"":""120.00"",""created_time"":""2026-04-27T19:30:01.465369Z"",""no_price_dollars"":""0.5500"",""taker_side"":""yes"",""ticker"":""KXBTC15M-26APR271545-45"",""trade_id"":""c34155f9-00db-5d12-c66d-37180bc3a493"",""yes_price_dollars"":""0.4500""}"
KXBTC15M-26APR271545-45,37f5cf84-a86b-6ca1-a658-143110806ad5,1777318201,0.41,20.0,no,"{""count_fp"":""20.00"",""created_time"":""2026-04-27T19:30:01.165835Z"",""no_price_dollars"":""0.5900"",""taker_side"":""no"",""ticker"":""KXBTC15M-26APR271545-45"",""trade_id"":""37f5cf84-a86b-6ca1-a658-143110806ad5"",""yes_price_dollars"":""0.4100""}"
KXBTC15M-26APR271545-45,df530642-dd9b-582a-5c7c-67b432339172,1777318201,0.45,15.0,yes,"{""count_fp"":""15.00"",""created_time"":""2026-04-27T19:30:01.038812Z"",""no_price_dollars"":""0.5500"",""taker_side"":""yes"",""ticker"":""KXBTC15M-26APR271545-45"",""trade_id"":""df530642-dd9b-582a-5c7c-67b432339172"",""yes_price_dollars"":""0.4500""}"
KXBTC15M-26APR271545-45,a1a9f70f-9d54-7b18-3c2f-cb5a3648b0d6,1777318202,0.44,1.25,no,"{""count_fp"":""1.25"",""created_time"":""2026-04-27T19:30:02.502312Z"",""no_price_dollars"":""0.5600"",""taker_side"":""no"",""ticker"":""KXBTC15M-26APR271545-45"",""trade_id"":""a1a9f70f-9d54-7b18-3c2f-cb5a3648b0d6"",""yes_price_dollars"":""0.4400""}"
KXBTC15M-26APR271545-45,d71ef0be-326a-6288-3c21-fa414a028732,1777318202,0.45,1.0,yes,"{""count_fp"":""1.00"",""created_time"":""2026-04-27T19:30:02.244985Z"",""no_price_dollars"":""0.5500"",""taker_side"":""yes"",""ticker"":""KXBTC15M-26APR271545-45"",""trade_id"":""d71ef0be-326a-6288-3c21-fa414a028732"",""yes_price_dollars"":""0.4500""}"
KXBTC15M-26APR271545-45,7a43f2ba-2733-6af0-e6fa-a572c80c31cc,1777318203,0.44,1.02,no,"{""count_fp"":""1.02"",""created_time"":""2026-04-27T19:30:03.793115Z"",""no_price_dollars"":""0.5600"",""taker_side"":""no"",""ticker"":""KXBTC15M-26APR271545-45"",""trade_id"":""7a43f2ba-2733-6af0-e6fa-a572c80c31cc"",""yes_price_dollars"":""0.4400""}"
KXBTC15M-26APR271545-45,0c967279-ef47-6612-46fc-1d99a64aa3eb,1777318203,0.46,1.0,yes,"{""count_fp"":""1.00"",""created_time"":""2026-04-27T19:30:03.473288Z"",""no_price_dollars"":""0.5400"",""taker_side"":""yes"",""ticker"":""KXBTC15M-26APR271545-45"",""trade_id"":""0c967279-ef47-6612-46fc-1d99a64aa3eb"",""yes_price_dollars"":""0.4600""}"
KXBTC15M-26APR271545-45,fefa167c-2abf-558a-289f-c2b3a17c806f,1777318203,0.46,4.0,yes,"{""count_fp"":""4.00"",""created_time"":""2026-04-27T19:30:03.462338Z"",""no_price_dollars"":""0.5400"",""taker_side"":""yes"",""ticker"":""KXBTC15M-26APR271545-45"",""trade_id"":""fefa167c-2abf-558a-289f-c2b3a17c806f"",""yes_price_dollars"":""0.4600""}"
KXBTC15M-26APR271545-45,132df282-1712-4753-66c6-e6e4158c8785,1777318203,0.34,84.45,yes,"{""count_fp"":""84.45"",""created_time"":""2026-04-27T19:30:03.087451Z"",""no_price_dollars"":""0.6600"",""taker_side"":""yes"",""ticker"":""KXBTC15M-26APR271545-45"",""trade_id"":""132df282-1712-4753-66c6-e6e4158c8785"",""yes_price_dollars"":""0.3400""}"
KXBTC15M-26APR271545-45,fe866160-7acc-6102-e90b-28eb3869adc4,1777318203,0.41,25.0,no,"{""count_fp"":""25.00"",""created_time"":""2026-04-27T19:30:03.075754Z"",""no_price_dollars"":""0.5900"",""taker_side"":""no"",""ticker"":""KXBTC15M-26APR271545-45"",""trade_id"":""fe866160-7acc-6102-e90b-28eb3869adc4"",""yes_price_dollars"":""0.4100""}"
KXBTC15M-26APR271545-45,674d5358-752c-6f68-da6f-86ee151aad20,1777318203,0.42,1.55,no,"{""count_fp"":""1.55"",""created_time"":""2026-04-27T19:30:03.075754Z"",""no_price_dollars"":""0.5800"",""taker_side"":""no"",""ticker"":""KXBTC15M-26APR271545-45"",""trade_id"":""674d5358-752c-6f68-da6f-86ee151aad20"",""yes_price_dollars"":""0.4200""}"
KXBTC15M-26APR271545-45,3513d556-8cfc-6b46-c1e9-f98be80ede39,1777318203,0.35,4.0,no,"{""count_fp"":""4.00"",""created_time"":""2026-04-27T19:30:03.075754Z"",""no_price_dollars"":""0.6500"",""taker_side"":""no"",""ticker"":""KXBTC15M-26APR271545-45"",""trade_id"":""3513d556-8cfc-6b46-c1e9-f98be80ede39"",""yes_price_dollars"":""0.3500""}"
KXBTC15M-26APR271545-45,b808afb2-ddf7-5bfc-9ac3-399fb7f2410f,1777318204,0.4,88.08,yes,"{""count_fp"":""88.08"",""created_time"":""2026-04-27T19:30:04.767857Z"",""no_price_dollars"":""0.6000"",""taker_side"":""yes"",""ticker"":""KXBTC15M-26APR271545-45"",""trade_id"":""b808afb2-ddf7-5bfc-9ac3-399fb7f2410f"",""yes_price_dollars"":""0.4000""}"
KXBTC15M-26APR271545-45,e9660b75-7cbd-70a5-31b9-7c54bf6832b3,1777318204,0.41,1.0,yes,"{""count_fp"":""1.00"",""created_time"":""2026-04-27T19:30:04.524488Z"",""no_price_dollars"":""0.5900"",""taker_side"":""yes"",""ticker"":""KXBTC15M-26APR271545-45"",""trade_id"":""e9660b75-7cbd-70a5-31b9-7c54bf6832b3"",""yes_price_dollars"":""0.4100""}"
KXBTC15M-26APR271545-45,e1190bc8-9ecc-7824-072e-a4bd8dcdd0ee,1777318204,0.43,10.0,yes,"{""count_fp"":""10.00"",""created_time"":""2026-04-27T19:30:04.524488Z"",""no_price_dollars"":""0.5700"",""taker_side"":""yes"",""ticker"":""KXBTC15M-26APR271545-45"",""trade_id"":""e1190bc8-9ecc-7824-072e-a4bd8dcdd0ee"",""yes_price_dollars"":""0.4300""}"
KXBTC15M-26APR271545-45,c556fd27-9bdb-7038-15bc-91276f67987a,1777318204,0.45,8.0,yes,"{""count_fp"":""8.00"",""created_time"":""2026-04-27T19:30:04.524488Z"",""no_price_dollars"":""0.5500"",""taker_side"":""yes"",""ticker"":""KXBTC15M-26APR271545-45"",""trade_id"":""c556fd27-9bdb-7038-15bc-91276f67987a"",""yes_price_dollars"":""0.4500""}"
KXBTC15M-26APR271545-45,93c28a66-faef-7c26-10a3-5b4bc5fa6da3,1777318204,0.42,25.0,yes,"{""count_fp"":""25.00"",""created_time"":""2026-04-27T19:30:04.524488Z"",""no_price_dollars"":""0.5800"",""taker_side"":""yes"",""ticker"":""KXBTC15M-26APR271545-45"",""trade_id"":""93c28a66-faef-7c26-10a3-5b4bc5fa6da3"",""yes_price_dollars"":""0.4200""}"
KXBTC15M-26APR271545-45,4928585c-ac66-71ff-05cb-fd4dcae07b94,1777318204,0.41,56.0,yes,"{""count_fp"":""56.00"",""created_time"":""2026-04-27T19:30:04.524488Z"",""no_price_dollars"":""0.5900"",""taker_side"":""yes"",""ticker"":""KXBTC15M-26APR271545-45"",""trade_id"":""4928585c-ac66-71ff-05cb-fd4dcae07b94"",""yes_price_dollars"":""0.4100""}"
KXBTC15M-26APR271545-45,c9dfe148-1f51-656b-5361-7da752fa11ce,1777318205,0.39,6.21,yes,"{""count_fp"":""6.21"",""created_time"":""2026-04-27T19:30:05.613495Z"",""no_price_dollars"":""0.6100"",""taker_side"":""yes"",""ticker"":""KXBTC15M-26APR271545-45"",""trade_id"":""c9dfe148-1f51-656b-5361-7da752fa11ce"",""yes_price_dollars"":""0.3900""}"
KXBTC15M-26APR271545-45,e53b5a7d-04bc-6353-f8b7-c7a90d61717b,1777318205,0.37,3.0,no,"{""count_fp"":""3.00"",""created_time"":""2026-04-27T19:30:05.251929Z"",""no_price_dollars"":""0.6300"",""taker_side"":""no"",""ticker"":""KXBTC15M-26APR271545-45"",""trade_id"":""e53b5a7d-04bc-6353-f8b7-c7a90d61717b"",""yes_price_dollars"":""0.3700""}"
KXBTC15M-26APR271545-45,3960dbe2-f033-6cfe-cc42-c3a361ebbb9e,1777318205,0.37,10.0,no,"{""count_fp"":""10.00"",""created_time"":""2026-04-27T19:30:05.251929Z"",""no_price_dollars"":""0.6300"",""taker_side"":""no"",""ticker"":""KXBTC15M-26APR271545-45"",""trade_id"":""3960dbe2-f033-6cfe-cc42-c3a361ebbb9e"",""yes_price_dollars"":""0.3700""}"
KXBTC15M-26APR271545-45,36730834-ecd1-639b-cbe9-de7b3fab11fc,1777318205,0.36,18.99,no,"{""count_fp"":""18.99"",""created_time"":""2026-04-27T19:30:05.251929Z"",""no_price_dollars"":""0.6400"",""taker_side"":""no"",""ticker"":""KXBTC15M-26APR271545-45"",""trade_id"":""36730834-ecd1-639b-cbe9-de7b3fab11fc"",""yes_price_dollars"":""0.3600""}"
KXBTC15M-26APR271545-45,19b49cf8-6ae2-6aa5-c476-44bb9732b23b,1777318205,0.37,14.0,no,"{""count_fp"":""14.00"",""created_time"":""2026-04-27T19:30:05.251929Z"",""no_price_dollars"":""0.6300"",""taker_side"":""no"",""ticker"":""KXBTC15M-26APR271545-45"",""trade_id"":""19b49cf8-6ae2-6aa5-c476-44bb9732b23b"",""yes_price_dollars"":""0.3700""}"
KXBTC15M-26APR271545-45,f19ff11a-e453-47c1-b4a8-cdd8aa73ea76,1777318205,0.38,1.0,no,"{""count_fp"":""1.00"",""created_time"":""2026-04-27T19:30:05.222045Z"",""no_price_dollars"":""0.6200"",""taker_side"":""no"",""ticker"":""KXBTC15M-26APR271545-45"",""trade_id"":""f19ff11a-e453-47c1-b4a8-cdd8aa73ea76"",""yes_price_dollars"":""0.3800""}"
KXBTC15M-26APR271545-45,6f220d29-bbe4-4293-93b9-b7b3b7241c0b,1777318205,0.37,7.0,no,"{""count_fp"":""7.00"",""created_time"":""2026-04-27T19:30:05.222045Z"",""no_price_dollars"":""0.6300"",""taker_side"":""no"",""ticker"":""KXBTC15M-26APR271545-45"",""trade_id"":""6f220d29-bbe4-4293-93b9-b7b3b7241c0b"",""yes_price_dollars"":""0.3700""}"
KXBTC15M-26APR271545-45,cef66cbd-a2af-4800-1392-e408a27ff39b,1777318205,0.39,6.41,yes,"{""count_fp"":""6.41"",""created_time"":""2026-04-27T19:30:05.095076Z"",""no_price_dollars"":""0.6100"",""taker_side"":""yes"",""ticker"":""KXBTC15M-26APR271545-45"",""trade_id"":""cef66cbd-a2af-4800-1392-e408a27ff39b"",""yes_price_dollars"":""0.3900""}"
KXBTC15M-26APR271545-45,c5874fb9-feab-7d00-bcfc-b5bc05dd3d47,1777318205,0.39,4.27,yes,"{""count_fp"":""4.27"",""created_time"":""2026-04-27T19:30:05.059759Z"",""no_price_dollars"":""0.6100"",""taker_side"":""yes"",""ticker"":""KXBTC15M-26APR271545-45"",""trade_id"":""c5874fb9-feab-7d00-bcfc-b5bc05dd3d47"",""yes_price_dollars"":""0.3900""}"
KXBTC15M-26APR271545-45,5b3a78ce-b7ea-5d38-2581-43955990751e,1777318205,0.37,40.41,no,"{""count_fp"":""40.41"",""created_time"":""2026-04-27T19:30:05.048809Z"",""no_price_dollars"":""0.6300"",""taker_side"":""no"",""ticker"":""KXBTC15M-26APR271545-45"",""trade_id"":""5b3a78ce-b7ea-5d38-2581-43955990751e"",""yes_price_dollars"":""0.3700""}"
KXBTC15M-26APR271545-45,25d2f555-6a3f-5b68-33ac-75a2aa1141cb,1777318205,0.38,1.0,no,"{""count_fp"":""1.00"",""created_time"":""2026-04-27T19:30:05.048809Z"",""no_price_dollars"":""0.6200"",""taker_side"":""no"",""ticker"":""KXBTC15M-26APR271545-45"",""trade_id"":""25d2f555-6a3f-5b68-33ac-75a2aa1141cb"",""yes_price_dollars"":""0.3800""}"
KXBTC15M-26APR271545-45,fa2da532-bff7-7960-a9fe-42808beaf27c,1777318206,0.58,20.0,yes,"{""count_fp"":""20.00"",""created_time"":""2026-04-27T19:30:06.969979Z"",""no_price_dollars"":""0.4200"",""taker_side"":""yes"",""ticker"":""KXBTC15M-26APR271545-45"",""trade_id"":""fa2da532-bff7-7960-a9fe-42808beaf27c"",""yes_price_dollars"":""0.5800""}"
KXBTC15M-26APR271545-45,ef886bb0-0456-7221-a767-4db405c9a6d0,1777318206,0.38,46.25,yes,"{""count_fp"":""46.25"",""created_time"":""2026-04-27T19:30:06.969979Z"",""no_price_dollars"":""0.6200"",""taker_side"":""yes"",""ticker"":""KXBTC15M-26APR271545-45"",""trade_id"":""ef886bb0-0456-7221-a767-4db405c9a6d0"",""yes_price_dollars"":""0.3800""}"
KXBTC15M-26APR271545-45,edec6823-db48-75eb-98a4-4f3a92b399e6,1777318206,0.7,1.0,yes,"{""count_fp"":""1.00"",""created_time"":""2026-04-27T19:30:06.969979Z"",""no_price_dollars"":""0.3000"",""taker_side"":""yes"",""ticker"":""KXBTC15M-26APR271545-45"",""trade_id"":""edec6823-db48-75eb-98a4-4f3a92b399e6"",""yes_price_dollars"":""0.7000""}"
KXBTC15M-26APR271545-45,ecd25f30-9a70-7fc5-8e2c-bf3654fae95f,1777318206,0.39,10.0,yes,"{""count_fp"":""10.00"",""created_time"":""2026-04-27T19:30:06.969979Z"",""no_price_dollars"":""0.6100"",""taker_side"":""yes"",""ticker"":""KXBTC15M-26APR271545-45"",""trade_id"":""ecd25f30-9a70-7fc5-8e2c-bf3654fae95f"",""yes_price_dollars"":""0.3900""}"
KXBTC15M-26APR271545-45,dc205583-76ff-78e0-9a88-e14dac9ed59a,1777318206,0.45,263.43,yes,"{""count_fp"":""263.43"",""created_time"":""2026-04-27T19:30:06.969979Z"",""no_price_dollars"":""0.5500"",""taker_side"":""yes"",""ticker"":""KXBTC15M-26APR271545-45"",""trade_id"":""dc205583-76ff-78e0-9a88-e14dac9ed59a"",""yes_price_dollars"":""0.4500""}"
KXBTC15M-26APR271545-45,d3a892ec-7793-7c3d-9228-c3aed163615d,1777318206,0.48,5.0,yes,"{""count_fp"":""5.00"",""created_time"":""2026-04-27T19:30:06.969979Z"",""no_price_dollars"":""0.5200"",""taker_side"":""yes"",""ticker"":""KXBTC15M-26APR271545-45"",""trade_id"":""d3a892ec-7793-7c3d-9228-c3aed163615d"",""yes_price_dollars"":""0.4800""}"
KXBTC15M-26APR271545-45,c04f2783-20a4-7780-8136-34fb4ba0a3ff,1777318206,0.59,25.0,yes,"{""count_fp"":""25.00"",""created_time"":""2026-04-27T19:30:06.969979Z"",""no_price_dollars"":""0.4100"",""taker_side"":""yes"",""ticker"":""KXBTC15M-26APR271545-45"",""trade_id"":""c04f2783-20a4-7780-8136-34fb4ba0a3ff"",""yes_price_dollars"":""0.5900""}"
KXBTC15M-26APR271545-45,9facf2a1-88cf-779d-9a92-a3559f0eb5b8,1777318206,0.75,60.0,yes,"{""count_fp"":""60.00"",""created_time"":""2026-04-27T19:30:06.969979Z"",""no_price_dollars"":""0.2500"",""taker_side"":""yes"",""ticker"":""KXBTC15M-26APR271545-45"",""trade_id"":""9facf2a1-88cf-779d-9a92-a3559f0eb5b8"",""yes_price_dollars"":""0.7500""}"
KXBTC15M-26APR271545-45,9aadd5da-f3ec-78ac-abef-73fad24d8dc6,1777318206,0.65,4.0,yes,"{""count_fp"":""4.00"",""created_time"":""2026-04-27T19:30:06.969979Z"",""no_price_dollars"":""0.3500"",""taker_side"":""yes"",""ticker"":""KXBTC15M-26APR271545-45"",""trade_id"":""9aadd5da-f3ec-78ac-abef-73fad24d8dc6"",""yes_price_dollars"":""0.6500""}"
KXBTC15M-26APR271545-45,5fa403cd-cfcb-7479-b0cc-9d0225dea369,1777318206,0.48,3.0,yes,"{""count_fp"":""3.00"",""created_time"":""2026-04-27T19:30:06.969979Z"",""no_price_dollars"":""0.5200"",""taker_side"":""yes"",""ticker"":""KXBTC15M-26APR271545-45"",""trade_id"":""5fa403cd-cfcb-7479-b0cc-9d0225dea369"",""yes_price_dollars"":""0.4800""}"
KXBTC15M-26APR271545-45,586a852c-145a-735a-a053-4d1809a5471c,1777318206,0.45,65.0,yes,"{""count_fp"":""65.00"",""created_time"":""2026-04-27T19:30:06.969979Z"",""no_price_dollars"":""0.5500"",""taker_side"":""yes"",""ticker"":""KXBTC15M-26APR271545-45"",""trade_id"":""586a852c-145a-735a-a053-4d1809a5471c"",""yes_price_dollars"":""0.4500""}"
KXBTC15M-26APR271545-45,542db7c4-3434-717c-afa9-eb750499a083,1777318206,0.5,1.0,yes,"{""count_fp"":""1.00"",""created_time"":""2026-04-27T19:30:06.969979Z"",""no_price_dollars"":""0.5000"",""taker_side"":""yes"",""ticker"":""KXBTC15M-26APR271545-45"",""trade_id"":""542db7c4-3434-717c-afa9-eb750499a083"",""yes_price_dollars"":""0.5000""}"
KXBTC15M-26APR271545-45,52c67784-8fe3-74e2-bdce-0ef75318281d,1777318206,0.48,3.0,yes,"{""count_fp"":""3.00"",""created_time"":""2026-04-27T19:30:06.969979Z"",""no_price_dollars"":""0.5200"",""taker_side"":""yes"",""ticker"":""KXBTC15M-26APR271545-45"",""trade_id"":""52c67784-8fe3-74e2-bdce-0ef75318281d"",""yes_price_dollars"":""0.4800""}"
KXBTC15M-26APR271545-45,482e6b99-38ec-7721-98e2-d88764edf512,1777318206,0.61,1.0,yes,"{""count_fp"":""1.00"",""created_time"":""2026-04-27T19:30:06.969979Z"",""no_price_dollars"":""0.3900"",""taker_side"":""yes"",""ticker"":""KXBTC15M-26APR271545-45"",""trade_id"":""482e6b99-38ec-7721-98e2-d88764edf512"",""yes_price_dollars"":""0.6100""}"
KXBTC15M-26APR271545-45,4556dd3c-cd76-718c-96a4-713d7cccf925,1777318206,0.48,9.0,yes,"{""count_fp"":""9.00"",""created_time"":""2026-04-27T19:30:06.969979Z"",""no_price_dollars"":""0.5200"",""taker_side"":""yes"",""ticker"":""KXBTC15M-26APR271545-45"",""trade_id"":""4556dd3c-cd76-718c-96a4-713d7cccf925"",""yes_price_dollars"":""0.4800""}"
KXBTC15M-26APR271545-45,305758ca-fadd-73d2-8443-8d18eeb6535f,1777318206,0.39,10.0,yes,"{""count_fp"":""10.00"",""created_time"":""2026-04-27T19:30:06.969979Z"",""no_price_dollars"":""0.6100"",""taker_side"":""yes"",""ticker"":""KXBTC15M-26APR271545-45"",""trade_id"":""305758ca-fadd-73d2-8443-8d18eeb6535f"",""yes_price_dollars"":""0.3900""}"
KXBTC15M-26APR271545-45,269fd2b2-a31b-72c2-894f-6d1b2da9e813,1777318206,0.5,10.0,yes,"{""count_fp"":""10.00"",""created_time"":""2026-04-27T19:30:06.969979Z"",""no_price_dollars"":""0.5000"",""taker_side"":""yes"",""ticker"":""KXBTC15M-26APR271545-45"",""trade_id"":""269fd2b2-a31b-72c2-894f-6d1b2da9e813"",""yes_price_dollars"":""0.5000""}"
KXBTC15M-26APR271545-45,1851d0f9-0782-7f79-904b-5c0da88717e4,1777318206,0.65,4.0,yes,"{""count_fp"":""4.00"",""created_time"":""2026-04-27T19:30:06.969979Z"",""no_price_dollars"":""0.3500"",""taker_side"":""yes"",""ticker"":""KXBTC15M-26APR271545-45"",""trade_id"":""1851d0f9-0782-7f79-904b-5c0da88717e4"",""yes_price_dollars"":""0.6500""}"
KXBTC15M-26APR271545-45,11fa17b1-10c2-7c95-866c-a37be2f9486d,1777318206,0.76,24.35,yes,"{""count_fp"":""24.35"",""created_time"":""2026-04-27T19:30:06.969979Z"",""no_price_dollars"":""0.2400"",""taker_side"":""yes"",""ticker"":""KXBTC15M-26APR271545-45"",""trade_id"":""11fa17b1-10c2-7c95-866c-a37be2f9486d"",""yes_price_dollars"":""0.7600""}"
KXBTC15M-26APR271545-45,112288a8-d713-7cc1-ae0f-71a620ab0ba8,1777318206,0.42,1.0,yes,"{""count_fp"":""1.00"",""created_time"":""2026-04-27T19:30:06.969979Z"",""no_price_dollars"":""0.5800"",""taker_side"":""yes"",""ticker"":""KXBTC15M-26APR271545-45"",""trade_id"":""112288a8-d713-7cc1-ae0f-71a620ab0ba8"",""yes_price_dollars"":""0.4200""}"
KXBTC15M-26APR271545-45,0a54369f-6024-7a4c-a037-4729b54bea01,1777318206,0.5,1.0,yes,"{""count_fp"":""1.00"",""created_time"":""2026-04-27T19:30:06.969979Z"",""no_price_dollars"":""0.5000"",""taker_side"":""yes"",""ticker"":""KXBTC15M-26APR271545-45"",""trade_id"":""0a54369f-6024-7a4c-a037-4729b54bea01"",""yes_price_dollars"":""0.5000""}"
KXBTC15M-26APR271545-45,04d24794-4fdb-79e8-aecf-7c11a4428f4c,1777318206,0.48,5.0,yes,"{""count_fp"":""5.00"",""created_time"":""2026-04-27T19:30:06.969979Z"",""no_price_dollars"":""0.5200"",""taker_side"":""yes"",""ticker"":""KXBTC15M-26APR271545-45"",""trade_id"":""04d24794-4fdb-79e8-aecf-7c11a4428f4c"",""yes_price_dollars"":""0.4800""}"
KXBTC15M-26APR271545-45,e972fd3c-64ca-6255-e6c0-1974dff20a34,1777318206,0.38,1.0,no,"{""count_fp"":""1.00"",""created_time"":""2026-04-27T19:30:06.405005Z"",""no_price_dollars"":""0.6200"",""taker_side"":""no"",""ticker"":""KXBTC15M-26APR271545-45"",""trade_id"":""e972fd3c-64ca-6255-e6c0-1974dff20a34"",""yes_price_dollars"":""0.3800""}"
KXBTC15M-26APR271545-45,bcdd5c11-c27d-6c3e-d102-438a9ad61922,1777318206,0.37,10.0,no,"{""count_fp"":""10.00"",""created_time"":""2026-04-27T19:30:06.405005Z"",""no_price_dollars"":""0.6300"",""taker_side"":""no"",""ticker"":""KXBTC15M-26APR271545-45"",""trade_id"":""bcdd5c11-c27d-6c3e-d102-438a9ad61922"",""yes_price_dollars"":""0.3700""}"
KXBTC15M-26APR271545-45,89391a50-e731-62bf-fe04-2b925fab8ab0,1777318206,0.36,4.26,no,"{""count_fp"":""4.26"",""created_time"":""2026-04-27T19:30:06.405005Z"",""no_price_dollars"":""0.6400"",""taker_side"":""no"",""ticker"":""KXBTC15M-26APR271545-45"",""trade_id"":""89391a50-e731-62bf-fe04-2b925fab8ab0"",""yes_price_dollars"":""0.3600""}"
KXBTC15M-26APR271545-45,7332caef-c8a6-4875-621c-c5fe73477b94,1777318206,0.39,1.0,yes,"{""count_fp"":""1.00"",""created_time"":""2026-04-27T19:30:06.233481Z"",""no_price_dollars"":""0.6100"",""taker_side"":""yes"",""ticker"":""KXBTC15M-26APR271545-45"",""trade_id"":""7332caef-c8a6-4875-621c-c5fe73477b94"",""yes_price_dollars"":""0.3900""}"
KXBTC15M-26APR271545-45,022fb7d5-645e-46fd-56c1-7b5efb96fb00,1777318206,0.39,10.0,yes,"{""count_fp"":""10.00"",""created_time"":""2026-04-27T19:30:06.106695Z"",""no_price_dollars"":""0.6100"",""taker_side"":""yes"",""ticker"":""KXBTC15M-26APR271545-45"",""trade_id"":""022fb7d5-645e-46fd-56c1-7b5efb96fb00"",""yes_price_dollars"":""0.3900""}"
KXBTC15M-26APR271545-45,e77ca227-97c6-56c1-3110-0f7cbda66e6f,1777318207,0.43,28.0,yes,"{""count_fp"":""28.00"",""created_time"":""2026-04-27T19:30:07.794357Z"",""no_price_dollars"":""0.5700"",""taker_side"":""yes"",""ticker"":""KXBTC15M-26APR271545-45"",""trade_id"":""e77ca227-97c6-56c1-3110-0f7cbda66e6f"",""yes_price_dollars"":""0.4300""}"
KXBTC15M-26APR271545-45,6933dfbf-b92b-5932-0038-43a7138af41b,1777318207,0.42,5.0,yes,"{""count_fp"":""5.00"",""created_time"":""2026-04-27T19:30:07.794357Z"",""no_price_dollars"":""0.5800"",""taker_side"":""yes"",""ticker"":""KXBTC15M-26APR271545-45"",""trade_id"":""6933dfbf-b92b-5932-0038-43a7138af41b"",""yes_price_dollars"":""0.4200""}"
KXBTC15M-26APR271545-45,55503d88-5fb9-5ebc-0152-a28e51d5490f,1777318207,0.42,1.0,yes,"{""count_fp"":""1.00"",""created_time"":""2026-04-27T19:30:07.794357Z"",""no_price_dollars"":""0.5800"",""taker_side"":""yes"",""ticker"":""KXBTC15M-26APR271545-45"",""trade_id"":""55503d88-5fb9-5ebc-0152-a28e51d5490f"",""yes_price_dollars"":""0.4200""}"
KXBTC15M-26APR271545-45,e69422e1-11b0-49d9-6710-45211b5280fd,1777318207,0.37,4.67,no,"{""count_fp"":""4.67"",""created_time"":""2026-04-27T19:30:07.440606Z"",""no_price_dollars"":""0.6300"",""taker_side"":""no"",""ticker"":""KXBTC15M-26APR271545-45"",""trade_id"":""e69422e1-11b0-49d9-6710-45211b5280fd"",""yes_price_dollars"":""0.3700""}"
KXBTC15M-26APR271545-45,50c46c30-94a1-4e51-5ec7-712e7ef4fecc,1777318207,0.38,1.0,no,"{""count_fp"":""1.00"",""created_time"":""2026-04-27T19:30:07.440606Z"",""no_price_dollars"":""0.6200"",""taker_side"":""no"",""ticker"":""KXBTC15M-26APR271545-45"",""trade_id"":""50c46c30-94a1-4e51-5ec7-712e7ef4fecc"",""yes_price_dollars"":""0.3800""}"
KXBTC15M-26APR271545-45,0a68db18-1f95-4bd0-7b35-5015be11fae9,1777318207,0.38,4.0,no,"{""count_fp"":""4.00"",""created_time"":""2026-04-27T19:30:07.440606Z"",""no_price_dollars"":""0.6200"",""taker_side"":""no"",""ticker"":""KXBTC15M-26APR271545-45"",""trade_id"":""0a68db18-1f95-4bd0-7b35-5015be11fae9"",""yes_price_dollars"":""0.3800""}"
KXBTC15M-26APR271545-45,8f170ffd-834b-7cf7-57af-52421a60f3bf,1777318208,0.38,7.74,no,"{""count_fp"":""7.74"",""created_time"":""2026-04-27T19:30:08.970764Z"",""no_price_dollars"":""0.6200"",""taker_side"":""no"",""ticker"":""KXBTC15M-26APR271545-45"",""trade_id"":""8f170ffd-834b-7cf7-57af-52421a60f3bf"",""yes_price_dollars"":""0.3800""}"
KXBTC15M-26APR271545-45,8d60d68a-893e-6830-0e20-edb118effd66,1777318208,0.38,3.64,no,"{""count_fp"":""3.64"",""created_time"":""2026-04-27T19:30:08.906496Z"",""no_price_dollars"":""0.6200"",""taker_side"":""no"",""ticker"":""KXBTC15M-26APR271545-45"",""trade_id"":""8d60d68a-893e-6830-0e20-edb118effd66"",""yes_price_dollars"":""0.3800""}"
KXBTC15M-26APR271545-45,6b2332ff-c185-6566-2b9a-9713845f80d6,1777318208,0.38,1.0,no,"{""count_fp"":""1.00"",""created_time"":""2026-04-27T19:30:08.906496Z"",""no_price_dollars"":""0.6200"",""taker_side"":""no"",""ticker"":""KXBTC15M-26APR271545-45"",""trade_id"":""6b2332ff-c185-6566-2b9a-9713845f80d6"",""yes_price_dollars"":""0.3800""}"
KXBTC15M-26APR271545-45,7ada5d20-c690-5911-eb76-20e3e19c7792,1777318208,0.38,1.0,no,"{""count_fp"":""1.00"",""created_time"":""2026-04-27T19:30:08.101549Z"",""no_price_dollars"":""0.6200"",""taker_side"":""no"",""ticker"":""KXBTC15M-26APR271545-45"",""trade_id"":""7ada5d20-c690-5911-eb76-20e3e19c7792"",""yes_price_dollars"":""0.3800""}"
KXBTC15M-26APR271545-45,50054062-0ced-553c-ec95-37a31528024d,1777318208,0.37,144.36,no,"{""count_fp"":""144.36"",""created_time"":""2026-04-27T19:30:08.101549Z"",""no_price_dollars"":""0.6300"",""taker_side"":""no"",""ticker"":""KXBTC15M-26APR271545-45"",""trade_id"":""50054062-0ced-553c-ec95-37a31528024d"",""yes_price_dollars"":""0.3700""}"
KXBTC15M-26APR271545-45,3ec702d0-1d0c-5fd5-c877-b37f63151205,1777318208,0.37,5.33,no,"{""count_fp"":""5.33"",""created_time"":""2026-04-27T19:30:08.101549Z"",""no_price_dollars"":""0.6300"",""taker_side"":""no"",""ticker"":""KXBTC15M-26APR271545-45"",""trade_id"":""3ec702d0-1d0c-5fd5-c877-b37f63151205"",""yes_price_dollars"":""0.3700""}"
KXBTC15M-26APR271545-45,36f055ed-0d60-5962-e6b2-feb1e2ed1124,1777318209,0.38,1.0,yes,"{""count_fp"":""1.00"",""created_time"":""2026-04-27T19:30:09.940608Z"",""no_price_dollars"":""0.6200"",""taker_side"":""yes"",""ticker"":""KXBTC15M-26APR271545-45"",""trade_id"":""36f055ed-0d60-5962-e6b2-feb1e2ed1124"",""yes_price_dollars"":""0.3800""}"
KXBTC15M-26APR271545-45,2b0a76bb-99c9-5ac7-e297-79cbf514f1e1,1777318209,0.39,1.0,yes,"{""count_fp"":""1.00"",""created_time"":""2026-04-27T19:30:09.940608Z"",""no_price_dollars"":""0.6100"",""taker_side"":""yes"",""ticker"":""KXBTC15M-26APR271545-45"",""trade_id"":""2b0a76bb-99c9-5ac7-e297-79cbf514f1e1"",""yes_price_dollars"":""0.3900""}"
KXBTC15M-26APR271545-45,c1efe2b7-c1c1-4947-b26d-d14f610f1335,1777318209,0.39,5.0,yes,"{""count_fp"":""5.00"",""created_time"":""2026-04-27T19:30:09.834495Z"",""no_price_dollars"":""0.6100"",""taker_side"":""yes"",""ticker"":""KXBTC15M-26APR271545-45"",""trade_id"":""c1efe2b7-c1c1-4947-b26d-d14f610f1335"",""yes_price_dollars"":""0.3900""}"
KXBTC15M-26APR271545-45,0c0f1d79-3bc6-4671-b415-7e383f45d70c,1777318209,0.38,5.0,yes,"{""count_fp"":""5.00"",""created_time"":""2026-04-27T19:30:09.834495Z"",""no_price_dollars"":""0.6200"",""taker_side"":""yes"",""ticker"":""KXBTC15M-26APR271545-45"",""trade_id"":""0c0f1d79-3bc6-4671-b415-7e383f45d70c"",""yes_price_dollars"":""0.3800""}"
KXBTC15M-26APR271545-45,d53beb7e-ac26-4c90-bfd5-134442898b42,1777318209,0.38,1.0,yes,"{""count_fp"":""1.00"",""created_time"":""2026-04-27T19:30:09.689192Z"",""no_price_dollars"":""0.6200"",""taker_side"":""yes"",""ticker"":""KXBTC15M-26APR271545-45"",""trade_id"":""d53beb7e-ac26-4c90-bfd5-134442898b42"",""yes_price_dollars"":""0.3800""}"
KXBTC15M-26APR271545-45,c7f4bfa5-d3b2-4d15-8a04-5b778349a65f,1777318209,0.39,3.64,yes,"{""count_fp"":""3.64"",""created_time"":""2026-04-27T19:30:09.689192Z"",""no_price_dollars"":""0.6100"",""taker_side"":""yes"",""ticker"":""KXBTC15M-26APR271545-45"",""trade_id"":""c7f4bfa5-d3b2-4d15-8a04-5b778349a65f"",""yes_price_dollars"":""0.3900""}"
KXBTC15M-26APR271545-45,374fdd29-6356-4b71-9131-441869234a0b,1777318209,0.37,74.54,yes,"{""count_fp"":""74.54"",""created_time"":""2026-04-27T19:30:09.689192Z"",""no_price_dollars"":""0.6300"",""taker_side"":""yes"",""ticker"":""KXBTC15M-26APR271545-45"",""trade_id"":""374fdd29-6356-4b71-9131-441869234a0b"",""yes_price_dollars"":""0.3700""}"
KXBTC15M-26APR271545-45,20242c8c-f859-4277-9681-321e6eb2bff5,1777318209,0.39,5.82,yes,"{""count_fp"":""5.82"",""created_time"":""2026-04-27T19:30:09.689192Z"",""no_price_dollars"":""0.6100"",""taker_side"":""yes"",""ticker"":""KXBTC15M-26APR271545-45"",""trade_id"":""20242c8c-f859-4277-9681-321e6eb2bff5"",""yes_price_dollars"":""0.3900""}"
KXBTC15M-26APR271545-45,04f76f4e-51ff-407b-94f1-0e181837e79f,1777318209,0.38,5.0,yes,"{""count_fp"":""5.00"",""created_time"":""2026-04-27T19:30:09.689192Z"",""no_price_dollars"":""0.6200"",""taker_side"":""yes"",""ticker"":""KXBTC15M-26APR271545-45"",""trade_id"":""04f76f4e-51ff-407b-94f1-0e181837e79f"",""yes_price_dollars"":""0.3800""}"
KXBTC15M-26APR271545-45,9d281ebf-0fa2-4e15-891a-06eda6b9677b,1777318209,0.37,12.0,yes,"{""count_fp"":""12.00"",""created_time"":""2026-04-27T19:30:09.631843Z"",""no_price_dollars"":""0.6300"",""taker_side"":""yes"",""ticker"":""KXBTC15M-26APR271545-45"",""trade_id"":""9d281ebf-0fa2-4e15-891a-06eda6b9677b"",""yes_price_dollars"":""0.3700""}"
KXBTC15M-26APR271545-45,8667ce6a-4fab-471e-75df-3ff60d0a050b,1777318209,0.38,10.0,yes,"{""count_fp"":""10.00"",""created_time"":""2026-04-27T19:30:09.492277Z"",""no_price_dollars"":""0.6200"",""taker_side"":""yes"",""ticker"":""KXBTC15M-26APR271545-45"",""trade_id"":""8667ce6a-4fab-471e-75df-3ff60d0a050b"",""yes_price_dollars"":""0.3800""}"
KXBTC15M-26APR271545-45,52591802-8ed6-4429-7492-e80a4290550b,1777318209,0.39,35.46,yes,"{""count_fp"":""35.46"",""created_time"":""2026-04-27T19:30:09.492277Z"",""no_price_dollars"":""0.6100"",""taker_side"":""yes"",""ticker"":""KXBTC15M-26APR271545-45"",""trade_id"":""52591802-8ed6-4429-7492-e80a4290550b"",""yes_price_dollars"":""0.3900""}"
KXBTC15M-26APR271545-45,40b83c2c-e526-4cab-72bd-b9d4a629fb77,1777318209,0.38,38.0,yes,"{""count_fp"":""38.00"",""created_time"":""2026-04-27T19:30:09.492277Z"",""no_price_dollars"":""0.6200"",""taker_side"":""yes"",""ticker"":""KXBTC15M-26APR271545-45"",""trade_id"":""40b83c2c-e526-4cab-72bd-b9d4a629fb77"",""yes_price_dollars"":""0.3800""}"
KXBTC15M-26APR271545-45,95e75d73-9b16-5493-c97e-d07c69bb64ef,1777318209,0.38,18.0,yes,"{""count_fp"":""18.00"",""created_time"":""2026-04-27T19:30:09.314221Z"",""no_price_dollars"":""0.6200"",""taker_side"":""yes"",""ticker"":""KXBTC15M-26APR271545-45"",""trade_id"":""95e75d73-9b16-5493-c97e-d07c69bb64ef"",""yes_price_dollars"":""0.3800""}"
KXBTC15M-26APR271545-45,9c843451-14c8-7a41-7836-41e831619002,1777318209,0.37,1.74,no,"{""count_fp"":""1.74"",""created_time"":""2026-04-27T19:30:09.188931Z"",""no_price_dollars"":""0.6300"",""taker_side"":""no"",""ticker"":""KXBTC15M-26APR271545-45"",""trade_id"":""9c843451-14c8-7a41-7836-41e831619002"",""yes_price_dollars"":""0.3700""}"
KXBTC15M-26APR271545-45,9032d051-8c30-744a-655c-d0b63b7e42b2,1777318209,0.37,6.0,no,"{""count_fp"":""6.00"",""created_time"":""2026-04-27T19:30:09.188931Z"",""no_price_dollars"":""0.6300"",""taker_side"":""no"",""ticker"":""KXBTC15M-26APR271545-45"",""trade_id"":""9032d051-8c30-744a-655c-d0b63b7e42b2"",""yes_price_dollars"":""0.3700""}"
KXBTC15M-26APR271545-45,0f2bd8c1-1749-6694-c8b5-d216a8fc288d,1777318209,0.37,23.21,no,"{""count_fp"":""23.21"",""created_time"":""2026-04-27T19:30:09.030691Z"",""no_price_dollars"":""0.6300"",""taker_side"":""no"",""ticker"":""KXBTC15M-26APR271545-45"",""trade_id"":""0f2bd8c1-1749-6694-c8b5-d216a8fc288d"",""yes_price_dollars"":""0.3700""}"
KXBTC15M-26APR271545-45,8ff61148-f0e0-5f19-b990-7474f49b41d6,1777318210,0.36,8.82,no,"{""count_fp"":""8.82"",""created_time"":""2026-04-27T19:30:10.983577Z"",""no_price_dollars"":""0.6400"",""taker_side"":""no"",""ticker"":""KXBTC15M-26APR271545-45"",""trade_id"":""8ff61148-f0e0-5f19-b990-7474f49b41d6"",""yes_price_dollars"":""0.3600""}"
KXBTC15M-26APR271545-45,85d55882-bddd-5bf2-88e1-39ebe423ee00,1777318210,0.36,1.0,no,"{""count_fp"":""1.00"",""created_time"":""2026-04-27T19:30:10.983577Z"",""no_price_dollars"":""0.6400"",""taker_side"":""no"",""ticker"":""KXBTC15M-26APR271545-45"",""trade_id"":""85d55882-bddd-5bf2-88e1-39ebe423ee00"",""yes_price_dollars"":""0.3600""}"
KXBTC15M-26APR271545-45,0883755e-c1f5-5a53-9cbb-8a010a1db8f5,1777318210,0.38,5.58,no,"{""count_fp"":""5.58"",""created_time"":""2026-04-27T19:30:10.983577Z"",""no_price_dollars"":""0.6200"",""taker_side"":""no"",""ticker"":""KXBTC15M-26APR271545-45"",""trade_id"":""0883755e-c1f5-5a53-9cbb-8a010a1db8f5"",""yes_price_dollars"":""0.3800""}"
KXBTC15M-26APR271545-45,8ffd9cf4-a067-69dc-ced8-be851d29215a,1777318210,0.39,13.82,no,"{""count_fp"":""13.82"",""created_time"":""2026-04-27T19:30:10.974178Z"",""no_price_dollars"":""0.6100"",""taker_side"":""no"",""ticker"":""KXBTC15M-26APR271545-45"",""trade_id"":""8ffd9cf4-a067-69dc-ced8-be851d29215a"",""yes_price_dollars"":""0.3900""}"
KXBTC15M-26APR271545-45,2dc9a14c-0dcd-6c3b-d232-a4a4291b2585,1777318210,0.38,1.42,no,"{""count_fp"":""1.42"",""created_time"":""2026-04-27T19:30:10.974178Z"",""no_price_dollars"":""0.6200"",""taker_side"":""no"",""ticker"":""KXBTC15M-26APR271545-45"",""trade_id"":""2dc9a14c-0dcd-6c3b-d232-a4a4291b2585"",""yes_price_dollars"":""0.3800""}"
KXBTC15M-26APR271545-45,ea65f7d4-a2ac-50e1-e91f-15c83a924a7b,1777318210,0.41,10.0,yes,"{""count_fp"":""10.00"",""created_time"":""2026-04-27T19:30:10.496584Z"",""no_price_dollars"":""0.5900"",""taker_side"":""yes"",""ticker"":""KXBTC15M-26APR271545-45"",""trade_id"":""ea65f7d4-a2ac-50e1-e91f-15c83a924a7b"",""yes_price_dollars"":""0.4100""}"
KXBTC15M-26APR271545-45,7198f2ca-3009-5ff3-433f-2ae0a202e485,1777318210,0.39,0.18,yes,"{""count_fp"":""0.18"",""created_time"":""2026-04-27T19:30:10.308036Z"",""no_price_dollars"":""0.6100"",""taker_side"":""yes"",""ticker"":""KXBTC15M-26APR271545-45"",""trade_id"":""7198f2ca-3009-5ff3-433f-2ae0a202e485"",""yes_price_dollars"":""0.3900""}"
KXBTC15M-26APR271545-45,5e4e6ecf-9188-5888-43a8-3fdaf7d97f06,1777318210,0.37,1.0,yes,"{""count_fp"":""1.00"",""created_time"":""2026-04-27T19:30:10.308036Z"",""no_price_dollars"":""0.6300"",""taker_side"":""yes"",""ticker"":""KXBTC15M-26APR271545-45"",""trade_id"":""5e4e6ecf-9188-5888-43a8-3fdaf7d97f06"",""yes_price_dollars"":""0.3700""}"
KXBTC15M-26APR271545-45,e45d2365-7c4d-4358-52ec-93c0b4f0d705,1777318211,0.44,2.0,yes,"{""count_fp"":""2.00"",""created_time"":""2026-04-27T19:30:11.944388Z"",""no_price_dollars"":""0.5600"",""taker_side"":""yes"",""ticker"":""KXBTC15M-26APR271545-45"",""trade_id"":""e45d2365-7c4d-4358-52ec-93c0b4f0d705"",""yes_price_dollars"":""0.4400""}"
KXBTC15M-26APR271545-45,94ebdf86-2c5b-4b10-4680-bfea79a348dc,1777318211,0.46,49.69,yes,"{""count_fp"":""49.69"",""created_time"":""2026-04-27T19:30:11.944388Z"",""no_price_dollars"":""0.5400"",""taker_side"":""yes"",""ticker"":""KXBTC15M-26APR271545-45"",""trade_id"":""94ebdf86-2c5b-4b10-4680-bfea79a348dc"",""yes_price_dollars"":""0.4600""}"
KXBTC15M-26APR271545-45,8b86ade8-491b-4bc1-6b7e-b93f52cb6042,1777318211,0.46,2.0,yes,"{""count_fp"":""2.00"",""created_time"":""2026-04-27T19:30:11.944388Z"",""no_price_dollars"":""0.5400"",""taker_side"":""yes"",""ticker"":""KXBTC15M-26APR271545-45"",""trade_id"":""8b86ade8-491b-4bc1-6b7e-b93f52cb6042"",""yes_price_dollars"":""0.4600""}"
KXBTC15M-26APR271545-45,432cbc25-4c33-4055-6b5f-bd4515475651,1777318211,0.45,1.0,yes,"{""count_fp"":""1.00"",""created_time"":""2026-04-27T19:30:11.944388Z"",""no_price_dollars"":""0.5500"",""taker_side"":""yes"",""ticker"":""KXBTC15M-26APR271545-45"",""trade_id"":""432cbc25-4c33-4055-6b5f-bd4515475651"",""yes_price_dollars"":""0.4500""}"
KXBTC15M-26APR271545-45,1c3eed10-9b0a-463a-54e4-4fc5bcb765f7,1777318211,0.45,5.0,yes,"{""count_fp"":""5.00"",""created_time"":""2026-04-27T19:30:11.944388Z"",""no_price_dollars"":""0.5500"",""taker_side"":""yes"",""ticker"":""KXBTC15M-26APR271545-45"",""trade_id"":""1c3eed10-9b0a-463a-54e4-4fc5bcb765f7"",""yes_price_dollars"":""0.4500""}"
KXBTC15M-26APR271545-45,0c5499e2-2e38-49f3-5c0c-d17daf803de2,1777318211,0.46,150.0,yes,"{""count_fp"":""150.00"",""created_time"":""2026-04-27T19:30:11.944388Z"",""no_price_dollars"":""0.5400"",""taker_side"":""yes"",""ticker"":""KXBTC15M-26APR271545-45"",""trade_id"":""0c5499e2-2e38-49f3-5c0c-d17daf803de2"",""yes_price_dollars"":""0.4600""}"
KXBTC15M-26APR271545-45,ae1455c5-d340-40b9-31a1-f17847a15f71,1777318211,0.44,5.0,yes,"{""count_fp"":""5.00"",""created_time"":""2026-04-27T19:30:11.855175Z"",""no_price_dollars"":""0.5600"",""taker_side"":""yes"",""ticker"":""KXBTC15M-26APR271545-45"",""trade_id"":""ae1455c5-d340-40b9-31a1-f17847a15f71"",""yes_price_dollars"":""0.4400""}"
KXBTC15M-26APR271545-45,a002a191-a719-43a3-26c7-ff9e74c4e6fe,1777318211,0.45,99.84,yes,"{""count_fp"":""99.84"",""created_time"":""2026-04-27T19:30:11.855175Z"",""no_price_dollars"":""0.5500"",""taker_side"":""yes"",""ticker"":""KXBTC15M-26APR271545-45"",""trade_id"":""a002a191-a719-43a3-26c7-ff9e74c4e6fe"",""yes_price_dollars"":""0.4500""}"
KXBTC15M-26APR271545-45,9b8ccf8e-d8fe-4b33-1140-788e4e5edff8,1777318211,0.45,2.0,yes,"{""count_fp"":""2.00"",""created_time"":""2026-04-27T19:30:11.855175Z"",""no_price_dollars"":""0.5500"",""taker_side"":""yes"",""ticker"":""KXBTC15M-26APR271545-45"",""trade_id"":""9b8ccf8e-d8fe-4b33-1140-788e4e5edff8"",""yes_price_dollars"":""0.4500""}"
KXBTC15M-26APR271545-45,803ea460-da3c-48d6-023e-9fcaf4bdf0ed,1777318211,0.44,1.0,yes,"{""count_fp"":""1.00"",""created_time"":""2026-04-27T19:30:11.855175Z"",""no_price_dollars"":""0.5600"",""taker_side"":""yes"",""ticker"":""KXBTC15M-26APR271545-45"",""trade_id"":""803ea460-da3c-48d6-023e-9fcaf4bdf0ed"",""yes_price_dollars"":""0.4400""}"
KXBTC15M-26APR271545-45,633b2db8-f0ba-41a4-23ee-05d7e645801b,1777318211,0.44,27.0,yes,"{""count_fp"":""27.00"",""created_time"":""2026-04-27T19:30:11.855175Z"",""no_price_dollars"":""0.5600"",""taker_side"":""yes"",""ticker"":""KXBTC15M-26APR271545-45"",""trade_id"":""633b2db8-f0ba-41a4-23ee-05d7e645801b"",""yes_price_dollars"":""0.4400""}"
KXBTC15M-26APR271545-45,5548e63f-ffc1-418c-3339-33d29a780953,1777318211,0.44,2.0,yes,"{""count_fp"":""2.00"",""created_time"":""2026-04-27T19:30:11.855175Z"",""no_price_dollars"":""0.5600"",""taker_side"":""yes"",""ticker"":""KXBTC15M-26APR271545-45"",""trade_id"":""5548e63f-ffc1-418c-3339-33d29a780953"",""yes_price_dollars"":""0.4400""}"
KXBTC15M-26APR271545-45,51527bd8-bff9-4811-324a-84aae73526e1,1777318211,0.44,10.0,yes,"{""count_fp"":""10.00"",""created_time"":""2026-04-27T19:30:11.855175Z"",""no_price_dollars"":""0.5600"",""taker_side"":""yes"",""ticker"":""KXBTC15M-26APR271545-45"",""trade_id"":""51527bd8-bff9-4811-324a-84aae73526e1"",""yes_price_dollars"":""0.4400""}"
KXBTC15M-26APR271545-45,bab7ce8e-dffa-4acb-783e-0d1b13c07dd5,1777318211,0.41,250.0,no,"{""count_fp"":""250.00"",""created_time"":""2026-04-27T19:30:11.797851Z"",""no_price_dollars"":""0.5900"",""taker_side"":""no"",""ticker"":""KXBTC15M-26APR271545-45"",""trade_id"":""bab7ce8e-dffa-4acb-783e-0d1b13c07dd5"",""yes_price_dollars"":""0.4100""}"
KXBTC15M-26APR271545-45,b399d2b2-c031-53e4-e3ab-ae8d3b386114,1777318211,0.44,2.0,yes,"{""count_fp"":""2.00"",""created_time"":""2026-04-27T19:30:11.448728Z"",""no_price_dollars"":""0.5600"",""taker_side"":""yes"",""ticker"":""KXBTC15M-26APR271545-45"",""trade_id"":""b399d2b2-c031-53e4-e3ab-ae8d3b386114"",""yes_price_dollars"":""0.4400""}"
KXBTC15M-26APR271545-45,847a5d4f-3640-5d55-eeb7-b77cf5da92bc,1777318211,0.44,9.0,yes,"{""count_fp"":""9.00"",""created_time"":""2026-04-27T19:30:11.448728Z"",""no_price_dollars"":""0.5600"",""taker_side"":""yes"",""ticker"":""KXBTC15M-26APR271545-45"",""trade_id"":""847a5d4f-3640-5d55-eeb7-b77cf5da92bc"",""yes_price_dollars"":""0.4400""}"
KXBTC15M-26APR271545-45,67fdcb53-7706-4f03-705c-2b89a6c1e6d1,1777318211,0.41,200.0,no,"{""count_fp"":""200.00"",""created_time"":""2026-04-27T19:30:11.441478Z"",""no_price_dollars"":""0.5900"",""taker_side"":""no"",""ticker"":""KXBTC15M-26APR271545-45"",""trade_id"":""67fdcb53-7706-4f03-705c-2b89a6c1e6d1"",""yes_price_dollars"":""0.4100""}"
KXBTC15M-26APR271545-45,0438c2e4-4694-7e79-1ec3-67917c3f1d70,1777318211,0.44,1.0,yes,"{""count_fp"":""1.00"",""created_time"":""2026-04-27T19:30:11.394302Z"",""no_price_dollars"":""0.5600"",""taker_side"":""yes"",""ticker"":""KXBTC15M-26APR271545-45"",""trade_id"":""0438c2e4-4694-7e79-1ec3-67917c3f1d70"",""yes_price_dollars"":""0.4400""}"
KXBTC15M-26APR271545-45,e5d600da-2d09-45e3-e418-d8f333edaa64,1777318211,0.39,1.0,no,"{""count_fp"":""1.00"",""created_time"":""2026-04-27T19:30:11.121839Z"",""no_price_dollars"":""0.6100"",""taker_side"":""no"",""ticker"":""KXBTC15M-26APR271545-45"",""trade_id"":""e5d600da-2d09-45e3-e418-d8f333edaa64"",""yes_price_dollars"":""0.3900""}"
KXBTC15M-26APR271545-45,3be8e925-1a10-47cd-c91c-ce9213e44fb6,1777318211,0.36,15.76,no,"{""count_fp"":""15.76"",""created_time"":""2026-04-27T19:30:11.121839Z"",""no_price_dollars"":""0.6400"",""taker_side"":""no"",""ticker"":""KXBTC15M-26APR271545-45"",""trade_id"":""3be8e925-1a10-47cd-c91c-ce9213e44fb6"",""yes_price_dollars"":""0.3600""}"
KXBTC15M-26APR271545-45,f51f5297-d9a3-77d2-eac8-52eacf6b96e7,1777318212,0.43,5.0,yes,"{""count_fp"":""5.00"",""created_time"":""2026-04-27T19:30:12.690151Z"",""no_price_dollars"":""0.5700"",""taker_side"":""yes"",""ticker"":""KXBTC15M-26APR271545-45"",""trade_id"":""f51f5297-d9a3-77d2-eac8-52eacf6b96e7"",""yes_price_dollars"":""0.4300""}"
KXBTC15M-26APR271545-45,9c984db0-757b-714f-e360-c8b0da50a356,1777318212,0.44,162.27,yes,"{""count_fp"":""162.27"",""created_time"":""2026-04-27T19:30:12.690151Z"",""no_price_dollars"":""0.5600"",""taker_side"":""yes"",""ticker"":""KXBTC15M-26APR271545-45"",""trade_id"":""9c984db0-757b-714f-e360-c8b0da50a356"",""yes_price_dollars"":""0.4400""}"
KXBTC15M-26APR271545-45,df934b43-a907-4117-1e5f-94c44fdd04fa,1777318212,0.45,197.98,yes,"{""count_fp"":""197.98"",""created_time"":""2026-04-27T19:30:12.518358Z"",""no_price_dollars"":""0.5500"",""taker_side"":""yes"",""ticker"":""KXBTC15M-26APR271545-45"",""trade_id"":""df934b43-a907-4117-1e5f-94c44fdd04fa"",""yes_price_dollars"":""0.4500""}"
KXBTC15M-26APR271545-45,4c1452da-4026-406b-0964-e3ae10894171,1777318212,0.43,15.28,yes,"{""count_fp"":""15.28"",""created_time"":""2026-04-27T19:30:12.518358Z"",""no_price_dollars"":""0.5700"",""taker_side"":""yes"",""ticker"":""KXBTC15M-26APR271545-45"",""trade_id"":""4c1452da-4026-406b-0964-e3ae10894171"",""yes_price_dollars"":""0.4300""}"
KXBTC15M-26APR271545-45,0f9e4f02-2d8e-44ef-b4f6-a3122ca573c1,1777318212,0.44,32.41,yes,"{""count_fp"":""32.41"",""created_time"":""2026-04-27T19:30:12.391645Z"",""no_price_dollars"":""0.5600"",""taker_side"":""yes"",""ticker"":""KXBTC15M-26APR271545-45"",""trade_id"":""0f9e4f02-2d8e-44ef-b4f6-a3122ca573c1"",""yes_price_dollars"":""0.4400""}"
KXBTC15M-26APR271545-45,bbfe90b3-a336-712b-e9de-133b6c497721,1777318212,0.44,102.31,yes,"{""count_fp"":""102.31"",""created_time"":""2026-04-27T19:30:12.339797Z"",""no_price_dollars"":""0.5600"",""taker_side"":""yes"",""ticker"":""KXBTC15M-26APR271545-45"",""trade_id"":""bbfe90b3-a336-712b-e9de-133b6c497721"",""yes_price_dollars"":""0.4400""}"
KXBTC15M-26APR271545-45,76454f00-dda7-7d34-d790-eecb90b02dfc,1777318212,0.44,5.0,yes,"{""count_fp"":""5.00"",""created_time"":""2026-04-27T19:30:12.339797Z"",""no_price_dollars"":""0.5600"",""taker_side"":""yes"",""ticker"":""KXBTC15M-26APR271545-45"",""trade_id"":""76454f00-dda7-7d34-d790-eecb90b02dfc"",""yes_price_dollars"":""0.4400""}"
KXBTC15M-26APR271545-45,cc4c463e-4bb1-58a8-5d75-78ffc7e0d6cb,1777318213,0.43,32.71,yes,"{""count_fp"":""32.71"",""created_time"":""2026-04-27T19:30:13.340347Z"",""no_price_dollars"":""0.5700"",""taker_side"":""yes"",""ticker"":""KXBTC15M-26APR271545-45"",""trade_id"":""cc4c463e-4bb1-58a8-5d75-78ffc7e0d6cb"",""yes_price_dollars"":""0.4300""}"
KXBTC15M-26APR271545-45,b04ccb06-24be-51d3-6170-a4d0a89d9c61,1777318213,0.44,30.85,yes,"{""count_fp"":""30.85"",""created_time"":""2026-04-27T19:30:13.340347Z"",""no_price_dollars"":""0.5600"",""taker_side"":""yes"",""ticker"":""KXBTC15M-26APR271545-45"",""trade_id"":""b04ccb06-24be-51d3-6170-a4d0a89d9c61"",""yes_price_dollars"":""0.4400""}"
KXBTC15M-26APR271545-45,2f47bc2f-71ab-5f7e-5799-2d765e062005,1777318213,0.44,1.0,yes,"{""count_fp"":""1.00"",""created_time"":""2026-04-27T19:30:13.340347Z"",""no_price_dollars"":""0.5600"",""taker_side"":""yes"",""ticker"":""KXBTC15M-26APR271545-45"",""trade_id"":""2f47bc2f-71ab-5f7e-5799-2d765e062005"",""yes_price_dollars"":""0.4400""}"
KXBTC15M-26APR271545-45,af09b72c-9b63-796b-419a-9b8dc8370d10,1777318213,0.42,5.0,yes,"{""count_fp"":""5.00"",""created_time"":""2026-04-27T19:30:13.336613Z"",""no_price_dollars"":""0.5800"",""taker_side"":""yes"",""ticker"":""KXBTC15M-26APR271545-45"",""trade_id"":""af09b72c-9b63-796b-419a-9b8dc8370d10"",""yes_price_dollars"":""0.4200""}"
KXBTC15M-26APR271545-45,8d53a465-e869-70e8-6cae-b62792c5abcf,1777318213,0.43,7.29,yes,"{""count_fp"":""7.29"",""created_time"":""2026-04-27T19:30:13.336613Z"",""no_price_dollars"":""0.5700"",""taker_side"":""yes"",""ticker"":""KXBTC15M-26APR271545-45"",""trade_id"":""8d53a465-e869-70e8-6cae-b62792c5abcf"",""yes_price_dollars"":""0.4300""}"
KXBTC15M-26APR271545-45,5c981b27-9262-7e2f-7c3c-afa522100328,1777318213,0.42,3.0,yes,"{""count_fp"":""3.00"",""created_time"":""2026-04-27T19:30:13.336613Z"",""no_price_dollars"":""0.5800"",""taker_side"":""yes"",""ticker"":""KXBTC15M-26APR271545-45"",""trade_id"":""5c981b27-9262-7e2f-7c3c-afa522100328"",""yes_price_dollars"":""0.4200""}"
KXBTC15M-26APR271545-45,6fb7f507-277e-5fd6-6386-9c4f2eca7853,1777318213,0.42,23.9,yes,"{""count_fp"":""23.90"",""created_time"":""2026-04-27T19:30:13.161192Z"",""no_price_dollars"":""0.5800"",""taker_side"":""yes"",""ticker"":""KXBTC15M-26APR271545-45"",""trade_id"":""6fb7f507-277e-5fd6-6386-9c4f2eca7853"",""yes_price_dollars"":""0.4200""}"
KXBTC15M-26APR271545-45,14c138ec-fe82-74ab-9107-42c7ae99a441,1777318213,0.41,31.3,no,"{""count_fp"":""31.30"",""created_time"":""2026-04-27T19:30:13.102694Z"",""no_price_dollars"":""0.5900"",""taker_side"":""no"",""ticker"":""KXBTC15M-26APR271545-45"",""trade_id"":""14c138ec-fe82-74ab-9107-42c7ae99a441"",""yes_price_dollars"":""0.4100""}"
KXBTC15M-26APR271545-45,eb1a6abe-786e-7097-0400-bd497aab74e7,1777318213,0.42,0.82,yes,"{""count_fp"":""0.82"",""created_time"":""2026-04-27T19:30:13.081198Z"",""no_price_dollars"":""0.5800"",""taker_side"":""yes"",""ticker"":""KXBTC15M-26APR271545-45"",""trade_id"":""eb1a6abe-786e-7097-0400-bd497aab74e7"",""yes_price_dollars"":""0.4200""}"
KXBTC15M-26APR271545-45,50ea5361-6cb6-7692-01ea-e851e01695e3,1777318213,0.42,9.18,yes,"{""count_fp"":""9.18"",""created_time"":""2026-04-27T19:30:13.081198Z"",""no_price_dollars"":""0.5800"",""taker_side"":""yes"",""ticker"":""KXBTC15M-26APR271545-45"",""trade_id"":""50ea5361-6cb6-7692-01ea-e851e01695e3"",""yes_price_dollars"":""0.4200""}"
KXBTC15M-26APR271545-45,1b4b033e-65f6-4b23-6362-fe02a82f4c6f,1777318213,0.42,2.18,yes,"{""count_fp"":""2.18"",""created_time"":""2026-04-27T19:30:13.072251Z"",""no_price_dollars"":""0.5800"",""taker_side"":""yes"",""ticker"":""KXBTC15M-26APR271545-45"",""trade_id"":""1b4b033e-65f6-4b23-6362-fe02a82f4c6f"",""yes_price_dollars"":""0.4200""}"
KXBTC15M-26APR271545-45,eec12783-e3ca-595b-c6e4-f6e1e17983f9,1777318213,0.41,290.08,no,"{""count_fp"":""290.08"",""created_time"":""2026-04-27T19:30:13.014063Z"",""no_price_dollars"":""0.5900"",""taker_side"":""no"",""ticker"":""KXBTC15M-26APR271545-45"",""trade_id"":""eec12783-e3ca-595b-c6e4-f6e1e17983f9"",""yes_price_dollars"":""0.4100""}"
KXBTC15M-26APR271545-45,e1133488-7c05-6a4c-33d9-30baa1db8a7b,1777318214,0.42,5.0,yes,"{""count_fp"":""5.00"",""created_time"":""2026-04-27T19:30:14.948796Z"",""no_price_dollars"":""0.5800"",""taker_side"":""yes"",""ticker"":""KXBTC15M-26APR271545-45"",""trade_id"":""e1133488-7c05-6a4c-33d9-30baa1db8a7b"",""yes_price_dollars"":""0.4200""}"
KXBTC15M-26APR271545-45,6df00ca9-4a72-62ac-2313-6e3e5fdfee02,1777318214,0.43,11.9,yes,"{""count_fp"":""11.90"",""created_time"":""2026-04-27T19:30:14.948796Z"",""no_price_dollars"":""0.5700"",""taker_side"":""yes"",""ticker"":""KXBTC15M-26APR271545-45"",""trade_id"":""6df00ca9-4a72-62ac-2313-6e3e5fdfee02"",""yes_price_dollars"":""0.4300""}"
KXBTC15M-26APR271545-45,55572185-92c1-6f31-0ec1-e3df99e7e94d,1777318214,0.42,14.52,yes,"{""count_fp"":""14.52"",""created_time"":""2026-04-27T19:30:14.948796Z"",""no_price_dollars"":""0.5800"",""taker_side"":""yes"",""ticker"":""KXBTC15M-26APR271545-45"",""trade_id"":""55572185-92c1-6f31-0ec1-e3df99e7e94d"",""yes_price_dollars"":""0.4200""}"
KXBTC15M-26APR271545-45,6b8ca3e9-fed5-5455-4c52-d4b474ebb979,1777318214,0.42,25.48,yes,"{""count_fp"":""25.48"",""created_time"":""2026-04-27T19:30:14.816499Z"",""no_price_dollars"":""0.5800"",""taker_side"":""yes"",""ticker"":""KXBTC15M-26APR271545-45"",""trade_id"":""6b8ca3e9-fed5-5455-4c52-d4b474ebb979"",""yes_price_dollars"":""0.4200""}"
KXBTC15M-26APR271545-45,189d3132-f596-5408-0561-c5ca643a83ee,1777318214,0.43,3.0,yes,"{""count_fp"":""3.00"",""created_time"":""2026-04-27T19:30:14.688093Z"",""no_price_dollars"":""0.5700"",""taker_side"":""yes"",""ticker"":""KXBTC15M-26APR271545-45"",""trade_id"":""189d3132-f596-5408-0561-c5ca643a83ee"",""yes_price_dollars"":""0.4300""}"
KXBTC15M-26APR271545-45,a6f84526-1356-75b0-28ed-d90819c42aee,1777318214,0.43,2.23,yes,"{""count_fp"":""2.23"",""created_time"":""2026-04-27T19:30:14.627912Z"",""no_price_dollars"":""0.5700"",""taker_side"":""yes"",""ticker"":""KXBTC15M-26APR271545-45"",""trade_id"":""a6f84526-1356-75b0-28ed-d90819c42aee"",""yes_price_dollars"":""0.4300""}"
KXBTC15M-26APR271545-45,e13e058a-096b-61b3-abfe-475d5f0d7c92,1777318214,0.44,127.71,yes,"{""count_fp"":""127.71"",""created_time"":""2026-04-27T19:30:14.528441Z"",""no_price_dollars"":""0.5600"",""taker_side"":""yes"",""ticker"":""KXBTC15M-26APR271545-45"",""trade_id"":""e13e058a-096b-61b3-abfe-475d5f0d7c92"",""yes_price_dollars"":""0.4400""}"
KXBTC15M-26APR271545-45,ca9e53ca-13c8-6fe4-a4d9-11888d732a88,1777318214,0.43,40.0,yes,"{""count_fp"":""40.00"",""created_time"":""2026-04-27T19:30:14.528441Z"",""no_price_dollars"":""0.5700"",""taker_side"":""yes"",""ticker"":""KXBTC15M-26APR271545-45"",""trade_id"":""ca9e53ca-13c8-6fe4-a4d9-11888d732a88"",""yes_price_dollars"":""0.4300""}"
KXBTC15M-26APR271545-45,8283ca2c-0b2c-6f6a-a495-c6c77cb8d8d3,1777318214,0.44,4.0,yes,"{""count_fp"":""4.00"",""created_time"":""2026-04-27T19:30:14.528441Z"",""no_price_dollars"":""0.5600"",""taker_side"":""yes"",""ticker"":""KXBTC15M-26APR271545-45"",""trade_id"":""8283ca2c-0b2c-6f6a-a495-c6c77cb8d8d3"",""yes_price_dollars"":""0.4400""}"
KXBTC15M-26APR271545-45,296b5d47-cf2f-691c-9e42-b5d80b0a8a35,1777318214,0.44,40.0,yes,"{""count_fp"":""40.00"",""created_time"":""2026-04-27T19:30:14.528441Z"",""no_price_dollars"":""0.5600"",""taker_side"":""yes"",""ticker"":""KXBTC15M-26APR271545-45"",""trade_id"":""296b5d47-cf2f-691c-9e42-b5d80b0a8a35"",""yes_price_dollars"":""0.4400""}"
KXBTC15M-26APR271545-45,01ccc764-ca39-6e02-b778-7784b6385bc6,1777318214,0.43,5.0,yes,"{""count_fp"":""5.00"",""created_time"":""2026-04-27T19:30:14.528441Z"",""no_price_dollars"":""0.5700"",""taker_side"":""yes"",""ticker"":""KXBTC15M-26APR271545-45"",""trade_id"":""01ccc764-ca39-6e02-b778-7784b6385bc6"",""yes_price_dollars"":""0.4300""}"
KXBTC15M-26APR271545-45,d6196b0b-cab7-750f-9d06-ef738590098c,1777318214,0.42,14.81,no,"{""count_fp"":""14.81"",""created_time"":""2026-04-27T19:30:14.442913Z"",""no_price_dollars"":""0.5800"",""taker_side"":""no"",""ticker"":""KXBTC15M-26APR271545-45"",""trade_id"":""d6196b0b-cab7-750f-9d06-ef738590098c"",""yes_price_dollars"":""0.4200""}"
KXBTC15M-26APR271545-45,4a28ac11-d945-510f-aedc-de495e232db9,1777318214,0.42,1.0,no,"{""count_fp"":""1.00"",""created_time"":""2026-04-27T19:30:14.212519Z"",""no_price_dollars"":""0.5800"",""taker_side"":""no"",""ticker"":""KXBTC15M-26APR271545-45"",""trade_id"":""4a28ac11-d945-510f-aedc-de495e232db9"",""yes_price_dollars"":""0.4200""}"
KXBTC15M-26APR271545-45,3d628ce2-412f-5bef-b6dd-267239f5f3b8,1777318214,0.42,31.94,no,"{""count_fp"":""31.94"",""created_time"":""2026-04-27T19:30:14.212519Z"",""no_price_dollars"":""0.5800"",""taker_side"":""no"",""ticker"":""KXBTC15M-26APR271545-45"",""trade_id"":""3d628ce2-412f-5bef-b6dd-267239f5f3b8"",""yes_price_dollars"":""0.4200""}"
KXBTC15M-26APR271545-45,b58b0491-f0bb-6a4a-c9ae-e803e8cc941b,1777318214,0.43,1.0,yes,"{""count_fp"":""1.00"",""created_time"":""2026-04-27T19:30:14.079643Z"",""no_price_dollars"":""0.5700"",""taker_side"":""yes"",""ticker"":""KXBTC15M-26APR271545-45"",""trade_id"":""b58b0491-f0bb-6a4a-c9ae-e803e8cc941b"",""yes_price_dollars"":""0.4300""}"
KXBTC15M-26APR271545-45,e293da24-654f-47ab-1513-227316789c0b,1777318215,0.41,5.0,yes,"{""count_fp"":""5.00"",""created_time"":""2026-04-27T19:30:15.734341Z"",""no_price_dollars"":""0.5900"",""taker_side"":""yes"",""ticker"":""KXBTC15M-26APR271545-45"",""trade_id"":""e293da24-654f-47ab-1513-227316789c0b"",""yes_price_dollars"":""0.4100""}"
KXBTC15M-26APR271545-45,ab3b3b58-4bac-4286-218c-f3901517c5f7,1777318215,0.42,109.38,yes,"{""count_fp"":""109.38"",""created_time"":""2026-04-27T19:30:15.734341Z"",""no_price_dollars"":""0.5800"",""taker_side"":""yes"",""ticker"":""KXBTC15M-26APR271545-45"",""trade_id"":""ab3b3b58-4bac-4286-218c-f3901517c5f7"",""yes_price_dollars"":""0.4200""}"
KXBTC15M-26APR271545-45,53ef9583-7e1c-41eb-11ae-af034e5d3cd4,1777318215,0.41,2.0,yes,"{""count_fp"":""2.00"",""created_time"":""2026-04-27T19:30:15.734341Z"",""no_price_dollars"":""0.5900"",""taker_side"":""yes"",""ticker"":""KXBTC15M-26APR271545-45"",""trade_id"":""53ef9583-7e1c-41eb-11ae-af034e5d3cd4"",""yes_price_dollars"":""0.4100""}"
KXBTC15M-26APR271545-45,3e35fda6-0e7d-43de-35fd-9d41c024b2d4,1777318215,0.41,36.3,yes,"{""count_fp"":""36.30"",""created_time"":""2026-04-27T19:30:15.734341Z"",""no_price_dollars"":""0.5900"",""taker_side"":""yes"",""ticker"":""KXBTC15M-26APR271545-45"",""trade_id"":""3e35fda6-0e7d-43de-35fd-9d41c024b2d4"",""yes_price_dollars"":""0.4100""}"
KXBTC15M-26APR271545-45,393aa76d-8d14-44cb-3cb8-88ff15445424,1777318215,0.41,10.0,yes,"{""count_fp"":""10.00"",""created_time"":""2026-04-27T19:30:15.734341Z"",""no_price_dollars"":""0.5900"",""taker_side"":""yes"",""ticker"":""KXBTC15M-26APR271545-45"",""trade_id"":""393aa76d-8d14-44cb-3cb8-88ff15445424"",""yes_price_dollars"":""0.4100""}"
KXBTC15M-26APR271545-45,aaf75bc3-9c59-4f22-fd5a-66806c94cf68,1777318215,0.41,3.7,yes,"{""count_fp"":""3.70"",""created_time"":""2026-04-27T19:30:15.712669Z"",""no_price_dollars"":""0.5900"",""taker_side"":""yes"",""ticker"":""KXBTC15M-26APR271545-45"",""trade_id"":""aaf75bc3-9c59-4f22-fd5a-66806c94cf68"",""yes_price_dollars"":""0.4100""}"
KXBTC15M-26APR271545-45,776e54c5-eba3-4b47-e490-a2aa797bb10d,1777318215,0.41,3.0,yes,"{""count_fp"":""3.00"",""created_time"":""2026-04-27T19:30:15.712669Z"",""no_price_dollars"":""0.5900"",""taker_side"":""yes"",""ticker"":""KXBTC15M-26APR271545-45"",""trade_id"":""776e54c5-eba3-4b47-e490-a2aa797bb10d"",""yes_price_dollars"":""0.4100""}"
KXBTC15M-26APR271545-45,f1ccef52-b6c5-6377-cebd-7356517eb796,1777318215,0.4,10.49,no,"{""count_fp"":""10.49"",""created_time"":""2026-04-27T19:30:15.426943Z"",""no_price_dollars"":""0.6000"",""taker_side"":""no"",""ticker"":""KXBTC15M-26APR271545-45"",""trade_id"":""f1ccef52-b6c5-6377-cebd-7356517eb796"",""yes_price_dollars"":""0.4000""}"
KXBTC15M-26APR271545-45,139d8ed3-c1f8-6e55-f372-d1d4d15110e8,1777318215,0.41,0.7,no,"{""count_fp"":""0.70"",""created_time"":""2026-04-27T19:30:15.426943Z"",""no_price_dollars"":""0.5900"",""taker_side"":""no"",""ticker"":""KXBTC15M-26APR271545-45"",""trade_id"":""139d8ed3-c1f8-6e55-f372-d1d4d15110e8"",""yes_price_dollars"":""0.4100""}"
KXBTC15M-26APR271545-45,0e5468b6-0168-6e87-c8e8-fb5c2fec483d,1777318215,0.41,1.0,no,"{""count_fp"":""1.00"",""created_time"":""2026-04-27T19:30:15.426943Z"",""no_price_dollars"":""0.5900"",""taker_side"":""no"",""ticker"":""KXBTC15M-26APR271545-45"",""trade_id"":""0e5468b6-0168-6e87-c8e8-fb5c2fec483d"",""yes_price_dollars"":""0.4100""}"
KXBTC15M-26APR271545-45,af5b495a-abf4-64a5-c35e-afa6d09941d0,1777318215,0.41,3.0,no,"{""count_fp"":""3.00"",""created_time"":""2026-04-27T19:30:15.354343Z"",""no_price_dollars"":""0.5900"",""taker_side"":""no"",""ticker"":""KXBTC15M-26APR271545-45"",""trade_id"":""af5b495a-abf4-64a5-c35e-afa6d09941d0"",""yes_price_dollars"":""0.4100""}"
KXBTC15M-26APR271545-45,480a08df-2240-56d9-d309-68d7239dc31c,1777318215,0.41,3.3,no,"{""count_fp"":""3.30"",""created_time"":""2026-04-27T19:30:15.352955Z"",""no_price_dollars"":""0.5900"",""taker_side"":""no"",""ticker"":""KXBTC15M-26APR271545-45"",""trade_id"":""480a08df-2240-56d9-d309-68d7239dc31c"",""yes_price_dollars"":""0.4100""}"
KXBTC15M-26APR271545-45,ff7c2f78-e270-7fda-6d1c-155f0ac1cb07,1777318215,0.42,6.62,yes,"{""count_fp"":""6.62"",""created_time"":""2026-04-27T19:30:15.335054Z"",""no_price_dollars"":""0.5800"",""taker_side"":""yes"",""ticker"":""KXBTC15M-26APR271545-45"",""trade_id"":""ff7c2f78-e270-7fda-6d1c-155f0ac1cb07"",""yes_price_dollars"":""0.4200""}"
KXBTC15M-26APR271545-45,a94ab9b5-bcb4-47a6-7623-f578c90a7d4f,1777318215,0.42,18.0,yes,"{""count_fp"":""18.00"",""created_time"":""2026-04-27T19:30:15.025451Z"",""no_price_dollars"":""0.5800"",""taker_side"":""yes"",""ticker"":""KXBTC15M-26APR271545-45"",""trade_id"":""a94ab9b5-bcb4-47a6-7623-f578c90a7d4f"",""yes_price_dollars"":""0.4200""}"
KXBTC15M-26APR271545-45,061e39a0-2f5c-63a4-fbe8-62a94727eb16,1777318216,0.41,6.7,yes,"{""count_fp"":""6.70"",""created_time"":""2026-04-27T19:30:16.449002Z"",""no_price_dollars"":""0.5900"",""taker_side"":""yes"",""ticker"":""KXBTC15M-26APR271545-45"",""trade_id"":""061e39a0-2f5c-63a4-fbe8-62a94727eb16"",""yes_price_dollars"":""0.4100""}"
KXBTC15M-26APR271545-45,f251f6e4-70a8-66e8-e7a8-f6d77a685726,1777318216,0.41,12.0,yes,"{""count_fp"":""12.00"",""created_time"":""2026-04-27T19:30:16.208555Z"",""no_price_dollars"":""0.5900"",""taker_side"":""yes"",""ticker"":""KXBTC15M-26APR271545-45"",""trade_id"":""f251f6e4-70a8-66e8-e7a8-f6d77a685726"",""yes_price_dollars"":""0.4100""}"
KXBTC15M-26APR271545-45,9ba1a29d-fce1-6867-c837-609eb1d4c690,1777318216,0.41,1.0,yes,"{""count_fp"":""1.00"",""created_time"":""2026-04-27T19:30:16.208555Z"",""no_price_dollars"":""0.5900"",""taker_side"":""yes"",""ticker"":""KXBTC15M-26APR271545-45"",""trade_id"":""9ba1a29d-fce1-6867-c837-609eb1d4c690"",""yes_price_dollars"":""0.4100""}"
KXBTC15M-26APR271545-45,7acec2ff-1ad9-6d0c-cd2f-4610dca3e0a9,1777318216,0.41,5.0,yes,"{""count_fp"":""5.00"",""created_time"":""2026-04-27T19:30:16.208555Z"",""no_price_dollars"":""0.5900"",""taker_side"":""yes"",""ticker"":""KXBTC15M-26APR271545-45"",""trade_id"":""7acec2ff-1ad9-6d0c-cd2f-4610dca3e0a9"",""yes_price_dollars"":""0.4100""}"
KXBTC15M-26APR271545-45,e60d715f-a7ba-783c-b631-d45777c3a306,1777318217,0.43,18.5,yes,"{""count_fp"":""18.50"",""created_time"":""2026-04-27T19:30:17.540168Z"",""no_price_dollars"":""0.5700"",""taker_side"":""yes"",""ticker"":""KXBTC15M-26APR271545-45"",""trade_id"":""e60d715f-a7ba-783c-b631-d45777c3a306"",""yes_price_dollars"":""0.4300""}"
KXBTC15M-26APR271545-45,b7fdbdce-271c-7798-8e00-dde0bd3f544c,1777318217,0.42,20.38,yes,"{""count_fp"":""20.38"",""created_time"":""2026-04-27T19:30:17.540168Z"",""no_price_dollars"":""0.5800"",""taker_side"":""yes"",""ticker"":""KXBTC15M-26APR271545-45"",""trade_id"":""b7fdbdce-271c-7798-8e00-dde0bd3f544c"",""yes_price_dollars"":""0.4200""}"
KXBTC15M-26APR271545-45,f9fb5c42-504c-5630-cec3-1611eeabc05c,1777318217,0.42,93.62,yes,"{""count_fp"":""93.62"",""created_time"":""2026-04-27T19:30:17.521586Z"",""no_price_dollars"":""0.5800"",""taker_side"":""yes"",""ticker"":""KXBTC15M-26APR271545-45"",""trade_id"":""f9fb5c42-504c-5630-cec3-1611eeabc05c"",""yes_price_dollars"":""0.4200""}"
KXBTC15M-26APR271545-45,e0224b4a-940c-52f0-ddcb-1b031f46794a,1777318217,0.41,4.0,yes,"{""count_fp"":""4.00"",""created_time"":""2026-04-27T19:30:17.521586Z"",""no_price_dollars"":""0.5900"",""taker_side"":""yes"",""ticker"":""KXBTC15M-26APR271545-45"",""trade_id"":""e0224b4a-940c-52f0-ddcb-1b031f46794a"",""yes_price_dollars"":""0.4100""}"
KXBTC15M-26APR271545-45,9c9ddf8d-4a04-5a6c-e406-c73ef31aa6b6,1777318217,0.41,78.3,yes,"{""count_fp"":""78.30"",""created_time"":""2026-04-27T19:30:17.521586Z"",""no_price_dollars"":""0.5900"",""taker_side"":""yes"",""ticker"":""KXBTC15M-26APR271545-45"",""trade_id"":""9c9ddf8d-4a04-5a6c-e406-c73ef31aa6b6"",""yes_price_dollars"":""0.4100""}"
KXBTC15M-26APR271545-45,95c98320-0818-55eb-fc84-458f9a34c3af,1777318217,0.42,1.0,yes,"{""count_fp"":""1.00"",""created_time"":""2026-04-27T19:30:17.521586Z"",""no_price_dollars"":""0.5800"",""taker_side"":""yes"",""ticker"":""KXBTC15M-26APR271545-45"",""trade_id"":""95c98320-0818-55eb-fc84-458f9a34c3af"",""yes_price_dollars"":""0.4200""}"
KXBTC15M-26APR271545-45,7ef84999-d571-5998-d2da-ca4c08513059,1777318217,0.42,40.0,yes,"{""count_fp"":""40.00"",""created_time"":""2026-04-27T19:30:17.521586Z"",""no_price_dollars"":""0.5800"",""taker_side"":""yes"",""ticker"":""KXBTC15M-26APR271545-45"",""trade_id"":""7ef84999-d571-5998-d2da-ca4c08513059"",""yes_price_dollars"":""0.4200""}"
KXBTC15M-26APR271545-45,0e7771e7-91c4-565e-ed45-d2a633cba8cd,1777318217,0.41,5.0,yes,"{""count_fp"":""5.00"",""created_time"":""2026-04-27T19:30:17.521586Z"",""no_price_dollars"":""0.5900"",""taker_side"":""yes"",""ticker"":""KXBTC15M-26APR271545-45"",""trade_id"":""0e7771e7-91c4-565e-ed45-d2a633cba8cd"",""yes_price_dollars"":""0.4100""}"
KXBTC15M-26APR271545-45,41be2e90-33d1-5e97-585d-8c4f4c32f964,1777318217,0.4,30.04,no,"{""count_fp"":""30.04"",""created_time"":""2026-04-27T19:30:17.042169Z"",""no_price_dollars"":""0.6000"",""taker_side"":""no"",""ticker"":""KXBTC15M-26APR271545-45"",""trade_id"":""41be2e90-33d1-5e97-585d-8c4f4c32f964"",""yes_price_dollars"":""0.4000""}"
KXBTC15M-26APR271545-45,3cff0f60-64aa-5541-4671-ea78014ed44a,1777318217,0.4,10.0,no,"{""count_fp"":""10.00"",""created_time"":""2026-04-27T19:30:17.042169Z"",""no_price_dollars"":""0.6000"",""taker_side"":""no"",""ticker"":""KXBTC15M-26APR271545-45"",""trade_id"":""3cff0f60-64aa-5541-4671-ea78014ed44a"",""yes_price_dollars"":""0.4000""}"
KXBTC15M-26APR271545-45,3ad2b6c0-1275-5c43-6cd7-d385af65986a,1777318217,0.4,39.51,no,"{""count_fp"":""39.51"",""created_time"":""2026-04-27T19:30:17.042169Z"",""no_price_dollars"":""0.6000"",""taker_side"":""no"",""ticker"":""KXBTC15M-26APR271545-45"",""trade_id"":""3ad2b6c0-1275-5c43-6cd7-d385af65986a"",""yes_price_dollars"":""0.4000""}"
KXBTC15M-26APR271545-45,a445498f-4b26-436e-90b8-24d266e4d029,1777318218,0.43,25.14,yes,"{""count_fp"":""25.14"",""created_time"":""2026-04-27T19:30:18.968999Z"",""no_price_dollars"":""0.5700"",""taker_side"":""yes"",""ticker"":""KXBTC15M-26APR271545-45"",""trade_id"":""a445498f-4b26-436e-90b8-24d266e4d029"",""yes_price_dollars"":""0.4300""}"
KXBTC15M-26APR271545-45,b1a2e33d-5e76-6212-62f2-3e574f499941,1777318218,0.43,20.64,yes,"{""count_fp"":""20.64"",""created_time"":""2026-04-27T19:30:18.959269Z"",""no_price_dollars"":""0.5700"",""taker_side"":""yes"",""ticker"":""KXBTC15M-26APR271545-45"",""trade_id"":""b1a2e33d-5e76-6212-62f2-3e574f499941"",""yes_price_dollars"":""0.4300""}"
KXBTC15M-26APR271545-45,6bad3cdd-9412-4fde-f2b6-85d76e9f53e9,1777318218,0.43,5.0,yes,"{""count_fp"":""5.00"",""created_time"":""2026-04-27T19:30:18.723836Z"",""no_price_dollars"":""0.5700"",""taker_side"":""yes"",""ticker"":""KXBTC15M-26APR271545-45"",""trade_id"":""6bad3cdd-9412-4fde-f2b6-85d76e9f53e9"",""yes_price_dollars"":""0.4300""}"
KXBTC15M-26APR271545-45,314202af-068a-4d86-996a-15df8f21ed09,1777318218,0.43,21.7,yes,"{""count_fp"":""21.70"",""created_time"":""2026-04-27T19:30:18.683687Z"",""no_price_dollars"":""0.5700"",""taker_side"":""yes"",""ticker"":""KXBTC15M-26APR271545-45"",""trade_id"":""314202af-068a-4d86-996a-15df8f21ed09"",""yes_price_dollars"":""0.4300""}"
KXBTC15M-26APR271545-45,b320fa2c-8937-7611-b79f-2619346182ea,1777318218,0.42,12.0,no,"{""count_fp"":""12.00"",""created_time"":""2026-04-27T19:30:18.617585Z"",""no_price_dollars"":""0.5800"",""taker_side"":""no"",""ticker"":""KXBTC15M-26APR271545-45"",""trade_id"":""b320fa2c-8937-7611-b79f-2619346182ea"",""yes_price_dollars"":""0.4200""}"
KXBTC15M-26APR271545-45,663503db-fcda-718e-a54c-9c4a542d0439,1777318218,0.42,10.0,no,"{""count_fp"":""10.00"",""created_time"":""2026-04-27T19:30:18.617585Z"",""no_price_dollars"":""0.5800"",""taker_side"":""no"",""ticker"":""KXBTC15M-26APR271545-45"",""trade_id"":""663503db-fcda-718e-a54c-9c4a542d0439"",""yes_price_dollars"":""0.4200""}"
KXBTC15M-26APR271545-45,182640bb-0242-4106-5d26-9ba29d64cff9,1777318218,0.42,39.4,yes,"{""count_fp"":""39.40"",""created_time"":""2026-04-27T19:30:18.232138Z"",""no_price_dollars"":""0.5800"",""taker_side"":""yes"",""ticker"":""KXBTC15M-26APR271545-45"",""trade_id"":""182640bb-0242-4106-5d26-9ba29d64cff9"",""yes_price_dollars"":""0.4200""}"
KXBTC15M-26APR271545-45,71ca54bd-f812-52ba-ab5b-8e8ebd764d05,1777318218,0.42,43.16,yes,"{""count_fp"":""43.16"",""created_time"":""2026-04-27T19:30:18.190692Z"",""no_price_dollars"":""0.5800"",""taker_side"":""yes"",""ticker"":""KXBTC15M-26APR271545-45"",""trade_id"":""71ca54bd-f812-52ba-ab5b-8e8ebd764d05"",""yes_price_dollars"":""0.4200""}"
KXBTC15M-26APR271545-45,95ef0367-692f-65e2-1cdc-0a1d21e70b8e,1777318218,0.42,5.0,yes,"{""count_fp"":""5.00"",""created_time"":""2026-04-27T19:30:18.185278Z"",""no_price_dollars"":""0.5800"",""taker_side"":""yes"",""ticker"":""KXBTC15M-26APR271545-45"",""trade_id"":""95ef0367-692f-65e2-1cdc-0a1d21e70b8e"",""yes_price_dollars"":""0.4200""}"
KXBTC15M-26APR271545-45,4e693135-4f4a-6cfe-1013-651daf3a609d,1777318218,0.42,19.7,yes,"{""count_fp"":""19.70"",""created_time"":""2026-04-27T19:30:18.185278Z"",""no_price_dollars"":""0.5800"",""taker_side"":""yes"",""ticker"":""KXBTC15M-26APR271545-45"",""trade_id"":""4e693135-4f4a-6cfe-1013-651daf3a609d"",""yes_price_dollars"":""0.4200""}"
KXBTC15M-26APR271545-45,0ff06f8e-2e68-6655-3e90-57614d1c3a2f,1777318218,0.42,1.0,yes,"{""count_fp"":""1.00"",""created_time"":""2026-04-27T19:30:18.185278Z"",""no_price_dollars"":""0.5800"",""taker_side"":""yes"",""ticker"":""KXBTC15M-26APR271545-45"",""trade_id"":""0ff06f8e-2e68-6655-3e90-57614d1c3a2f"",""yes_price_dollars"":""0.4200""}"
KXBTC15M-26APR271545-45,21c8f158-1d47-7ed7-4b86-7886ffe7ec9c,1777318219,0.42,16.74,no,"{""count_fp"":""16.74"",""created_time"":""2026-04-27T19:30:19.805514Z"",""no_price_dollars"":""0.5800"",""taker_side"":""no"",""ticker"":""KXBTC15M-26APR271545-45"",""trade_id"":""21c8f158-1d47-7ed7-4b86-7886ffe7ec9c"",""yes_price_dollars"":""0.4200""}"
KXBTC15M-26APR271545-45,75f61e13-4cd2-6e76-9ca4-5667b81d350d,1777318219,0.43,67.09,yes,"{""count_fp"":""67.09"",""created_time"":""2026-04-27T19:30:19.708864Z"",""no_price_dollars"":""0.5700"",""taker_side"":""yes"",""ticker"":""KXBTC15M-26APR271545-45"",""trade_id"":""75f61e13-4cd2-6e76-9ca4-5667b81d350d"",""yes_price_dollars"":""0.4300""}"
KXBTC15M-26APR271545-45,579cf2f4-b2c2-5cc2-7e6f-9ad88e8f0165,1777318219,0.43,5.0,yes,"{""count_fp"":""5.00"",""created_time"":""2026-04-27T19:30:19.631559Z"",""no_price_dollars"":""0.5700"",""taker_side"":""yes"",""ticker"":""KXBTC15M-26APR271545-45"",""trade_id"":""579cf2f4-b2c2-5cc2-7e6f-9ad88e8f0165"",""yes_price_dollars"":""0.4300""}"
KXBTC15M-26APR271545-45,133dffc3-3ebf-5357-57df-8d04281a09c0,1777318219,0.42,1.0,no,"{""count_fp"":""1.00"",""created_time"":""2026-04-27T19:30:19.610795Z"",""no_price_dollars"":""0.5800"",""taker_side"":""no"",""ticker"":""KXBTC15M-26APR271545-45"",""trade_id"":""133dffc3-3ebf-5357-57df-8d04281a09c0"",""yes_price_dollars"":""0.4200""}"
KXBTC15M-26APR271545-45,9a5be88f-435b-63bf-fc92-9928b3103264,1777318219,0.42,57.66,no,"{""count_fp"":""57.66"",""created_time"":""2026-04-27T19:30:19.559208Z"",""no_price_dollars"":""0.5800"",""taker_side"":""no"",""ticker"":""KXBTC15M-26APR271545-45"",""trade_id"":""9a5be88f-435b-63bf-fc92-9928b3103264"",""yes_price_dollars"":""0.4200""}"
KXBTC15M-26APR271545-45,4ad6d2b0-4d63-449f-0b28-8ea5d6407c7c,1777318219,0.42,3.18,no,"{""count_fp"":""3.18"",""created_time"":""2026-04-27T19:30:19.468799Z"",""no_price_dollars"":""0.5800"",""taker_side"":""no"",""ticker"":""KXBTC15M-26APR271545-45"",""trade_id"":""4ad6d2b0-4d63-449f-0b28-8ea5d6407c7c"",""yes_price_dollars"":""0.4200""}"
KXBTC15M-26APR271545-45,3e1a455b-bfa3-498d-2562-8fae47552e8a,1777318219,0.42,3.3,no,"{""count_fp"":""3.30"",""created_time"":""2026-04-27T19:30:19.468799Z"",""no_price_dollars"":""0.5800"",""taker_side"":""no"",""ticker"":""KXBTC15M-26APR271545-45"",""trade_id"":""3e1a455b-bfa3-498d-2562-8fae47552e8a"",""yes_price_dollars"":""0.4200""}"
KXBTC15M-26APR271545-45,e480d1c3-673f-4e71-2616-a122ea4c34d2,1777318219,0.42,16.47,no,"{""count_fp"":""16.47"",""created_time"":""2026-04-27T19:30:19.294978Z"",""no_price_dollars"":""0.5800"",""taker_side"":""no"",""ticker"":""KXBTC15M-26APR271545-45"",""trade_id"":""e480d1c3-673f-4e71-2616-a122ea4c34d2"",""yes_price_dollars"":""0.4200""}"
KXBTC15M-26APR271545-45,cd7c741c-e146-4dfa-54d4-2fa80f3130d5,1777318219,0.43,2.24,yes,"{""count_fp"":""2.24"",""created_time"":""2026-04-27T19:30:19.225295Z"",""no_price_dollars"":""0.5700"",""taker_side"":""yes"",""ticker"":""KXBTC15M-26APR271545-45"",""trade_id"":""cd7c741c-e146-4dfa-54d4-2fa80f3130d5"",""yes_price_dollars"":""0.4300""}"
KXBTC15M-26APR271545-45,874bcfae-aca6-4416-df6d-40d39b6d5dc9,1777318219,0.43,20.37,yes,"{""count_fp"":""20.37"",""created_time"":""2026-04-27T19:30:19.164708Z"",""no_price_dollars"":""0.5700"",""taker_side"":""yes"",""ticker"":""KXBTC15M-26APR271545-45"",""trade_id"":""874bcfae-aca6-4416-df6d-40d39b6d5dc9"",""yes_price_dollars"":""0.4300""}"
KXBTC15M-26APR271545-45,f4619072-75c3-4b55-f097-04cf13d8bf8e,1777318219,0.42,8.23,no,"{""count_fp"":""8.23"",""created_time"":""2026-04-27T19:30:19.063311Z"",""no_price_dollars"":""0.5800"",""taker_side"":""no"",""ticker"":""KXBTC15M-26APR271545-45"",""trade_id"":""f4619072-75c3-4b55-f097-04cf13d8bf8e"",""yes_price_dollars"":""0.4200""}"
KXBTC15M-26APR271545-45,85219b1d-2d5a-7d9e-36e1-42bc94fdf495,1777318220,0.43,5.0,yes,"{""count_fp"":""5.00"",""created_time"":""2026-04-27T19:30:20.872991Z"",""no_price_dollars"":""0.5700"",""taker_side"":""yes"",""ticker"":""KXBTC15M-26APR271545-45"",""trade_id"":""85219b1d-2d5a-7d9e-36e1-42bc94fdf495"",""yes_price_dollars"":""0.4300""}"
KXBTC15M-26APR271545-45,06df9778-fd2e-56e2-a834-450f6ddfeb75,1777318220,0.43,55.9,yes,"{""count_fp"":""55.90"",""created_time"":""2026-04-27T19:30:20.847054Z"",""no_price_dollars"":""0.5700"",""taker_side"":""yes"",""ticker"":""KXBTC15M-26APR271545-45"",""trade_id"":""06df9778-fd2e-56e2-a834-450f6ddfeb75"",""yes_price_dollars"":""0.4300""}"
KXBTC15M-26APR271545-45,d29150f1-fa16-5066-5241-0b014a07af69,1777318220,0.43,11.18,yes,"{""count_fp"":""11.18"",""created_time"":""2026-04-27T19:30:20.710354Z"",""no_price_dollars"":""0.5700"",""taker_side"":""yes"",""ticker"":""KXBTC15M-26APR271545-45"",""trade_id"":""d29150f1-fa16-5066-5241-0b014a07af69"",""yes_price_dollars"":""0.4300""}"
KXBTC15M-26APR271545-45,696b42be-3de0-64dc-bf09-108b802765ff,1777318220,0.42,3.0,no,"{""count_fp"":""3.00"",""created_time"":""2026-04-27T19:30:20.705835Z"",""no_price_dollars"":""0.5800"",""taker_side"":""no"",""ticker"":""KXBTC15M-26APR271545-45"",""trade_id"":""696b42be-3de0-64dc-bf09-108b802765ff"",""yes_price_dollars"":""0.4200""}"
KXBTC15M-26APR271545-45,269c8e48-053d-656c-8b0c-48e12d8e4763,1777318220,0.42,5.37,no,"{""count_fp"":""5.37"",""created_time"":""2026-04-27T19:30:20.705835Z"",""no_price_dollars"":""0.5800"",""taker_side"":""no"",""ticker"":""KXBTC15M-26APR271545-45"",""trade_id"":""269c8e48-053d-656c-8b0c-48e12d8e4763"",""yes_price_dollars"":""0.4200""}"
KXBTC15M-26APR271545-45,5676f460-bf9a-589e-de6c-2feafce175b1,1777318220,0.43,5.0,yes,"{""count_fp"":""5.00"",""created_time"":""2026-04-27T19:30:20.263913Z"",""no_price_dollars"":""0.5700"",""taker_side"":""yes"",""ticker"":""KXBTC15M-26APR271545-45"",""trade_id"":""5676f460-bf9a-589e-de6c-2feafce175b1"",""yes_price_dollars"":""0.4300""}"
KXBTC15M-26APR271545-45,cfc20f8f-656e-5916-6776-4b9eaf6d1df5,1777318220,0.43,4.0,yes,"{""count_fp"":""4.00"",""created_time"":""2026-04-27T19:30:20.237298Z"",""no_price_dollars"":""0.5700"",""taker_side"":""yes"",""ticker"":""KXBTC15M-26APR271545-45"",""trade_id"":""cfc20f8f-656e-5916-6776-4b9eaf6d1df5"",""yes_price_dollars"":""0.4300""}"
KXBTC15M-26APR271545-45,93c8e600-0a4e-413e-f278-567d9ed534cd,1777318220,0.43,50.0,yes,"{""count_fp"":""50.00"",""created_time"":""2026-04-27T19:30:20.107112Z"",""no_price_dollars"":""0.5700"",""taker_side"":""yes"",""ticker"":""KXBTC15M-26APR271545-45"",""trade_id"":""93c8e600-0a4e-413e-f278-567d9ed534cd"",""yes_price_dollars"":""0.4300""}"
KXBTC15M-26APR271545-45,59c5c7a2-ea96-796a-a014-25e3d31c8d41,1777318220,0.43,12.39,yes,"{""count_fp"":""12.39"",""created_time"":""2026-04-27T19:30:20.071612Z"",""no_price_dollars"":""0.5700"",""taker_side"":""yes"",""ticker"":""KXBTC15M-26APR271545-45"",""trade_id"":""59c5c7a2-ea96-796a-a014-25e3d31c8d41"",""yes_price_dollars"":""0.4300""}"
KXBTC15M-26APR271545-45,44f38fc4-f7ce-7206-e72c-00a673558d21,1777318220,0.43,1.0,yes,"{""count_fp"":""1.00"",""created_time"":""2026-04-27T19:30:20.021667Z"",""no_price_dollars"":""0.5700"",""taker_side"":""yes"",""ticker"":""KXBTC15M-26APR271545-45"",""trade_id"":""44f38fc4-f7ce-7206-e72c-00a673558d21"",""yes_price_dollars"":""0.4300""}"
KXBTC15M-26APR271545-45,4efc6e2a-1dee-7650-dc95-bec46137a082,1777318221,0.43,3.34,no,"{""count_fp"":""3.34"",""created_time"":""2026-04-27T19:30:21.682506Z"",""no_price_dollars"":""0.5700"",""taker_side"":""no"",""ticker"":""KXBTC15M-26APR271545-45"",""trade_id"":""4efc6e2a-1dee-7650-dc95-bec46137a082"",""yes_price_dollars"":""0.4300""}"
KXBTC15M-26APR271545-45,9f7184bb-9db2-6414-09ee-c5ac293e994a,1777318221,0.43,98.81,no,"{""count_fp"":""98.81"",""created_time"":""2026-04-27T19:30:21.653484Z"",""no_price_dollars"":""0.5700"",""taker_side"":""no"",""ticker"":""KXBTC15M-26APR271545-45"",""trade_id"":""9f7184bb-9db2-6414-09ee-c5ac293e994a"",""yes_price_dollars"":""0.4300""}"
KXBTC15M-26APR271545-45,425a1df9-7233-7c7e-3a9d-5d2258d81b8f,1777318221,0.44,212.03,yes,"{""count_fp"":""212.03"",""created_time"":""2026-04-27T19:30:21.578076Z"",""no_price_dollars"":""0.5600"",""taker_side"":""yes"",""ticker"":""KXBTC15M-26APR271545-45"",""trade_id"":""425a1df9-7233-7c7e-3a9d-5d2258d81b8f"",""yes_price_dollars"":""0.4400""}"
KXBTC15M-26APR271545-45,30d8c6b2-bf2b-75fb-32b9-d4c71ad0c8f7,1777318221,0.43,40.0,yes,"{""count_fp"":""40.00"",""created_time"":""2026-04-27T19:30:21.578076Z"",""no_price_dollars"":""0.5700"",""taker_side"":""yes"",""ticker"":""KXBTC15M-26APR271545-45"",""trade_id"":""30d8c6b2-bf2b-75fb-32b9-d4c71ad0c8f7"",""yes_price_dollars"":""0.4300""}"
KXBTC15M-26APR271545-45,d83e6514-4c76-695e-386e-f93b554feebd,1777318221,0.43,158.03,yes,"{""count_fp"":""158.03"",""created_time"":""2026-04-27T19:30:21.540021Z"",""no_price_dollars"":""0.5700"",""taker_side"":""yes"",""ticker"":""KXBTC15M-26APR271545-45"",""trade_id"":""d83e6514-4c76-695e-386e-f93b554feebd"",""yes_price_dollars"":""0.4300""}"
KXBTC15M-26APR271545-45,d34d4143-0632-63fd-0858-ee9be861b7ef,1777318221,0.43,2.0,yes,"{""count_fp"":""2.00"",""created_time"":""2026-04-27T19:30:21.540021Z"",""no_price_dollars"":""0.5700"",""taker_side"":""yes"",""ticker"":""KXBTC15M-26APR271545-45"",""trade_id"":""d34d4143-0632-63fd-0858-ee9be861b7ef"",""yes_price_dollars"":""0.4300""}"
KXBTC15M-26APR271545-45,c95fb223-f62e-6bf6-0023-8eda5facaac3,1777318221,0.43,5.0,yes,"{""count_fp"":""5.00"",""created_time"":""2026-04-27T19:30:21.540021Z"",""no_price_dollars"":""0.5700"",""taker_side"":""yes"",""ticker"":""KXBTC15M-26APR271545-45"",""trade_id"":""c95fb223-f62e-6bf6-0023-8eda5facaac3"",""yes_price_dollars"":""0.4300""}"
KXBTC15M-26APR271545-45,7f5a18aa-2b22-627c-21e9-cb463ba0d1bb,1777318221,0.43,40.0,yes,"{""count_fp"":""40.00"",""created_time"":""2026-04-27T19:30:21.540021Z"",""no_price_dollars"":""0.5700"",""taker_side"":""yes"",""ticker"":""KXBTC15M-26APR271545-45"",""trade_id"":""7f5a18aa-2b22-627c-21e9-cb463ba0d1bb"",""yes_price_dollars"":""0.4300""}"
KXBTC15M-26APR271545-45,045785c9-74bf-640a-0917-2dfce7880aab,1777318221,0.44,230.11,yes,"{""count_fp"":""230.11"",""created_time"":""2026-04-27T19:30:21.540021Z"",""no_price_dollars"":""0.5600"",""taker_side"":""yes"",""ticker"":""KXBTC15M-26APR271545-45"",""trade_id"":""045785c9-74bf-640a-0917-2dfce7880aab"",""yes_price_dollars"":""0.4400""}"
KXBTC15M-26APR271545-45,db1c1c06-244a-5dba-aa0b-2b8c00d996fd,1777318221,0.43,1.27,yes,"{""count_fp"":""1.27"",""created_time"":""2026-04-27T19:30:21.249392Z"",""no_price_dollars"":""0.5700"",""taker_side"":""yes"",""ticker"":""KXBTC15M-26APR271545-45"",""trade_id"":""db1c1c06-244a-5dba-aa0b-2b8c00d996fd"",""yes_price_dollars"":""0.4300""}"
KXBTC15M-26APR271545-45,29786afc-8938-41d1-5273-73d4ee585acb,1777318222,0.43,5.0,yes,"{""count_fp"":""5.00"",""created_time"":""2026-04-27T19:30:22.678611Z"",""no_price_dollars"":""0.5700"",""taker_side"":""yes"",""ticker"":""KXBTC15M-26APR271545-45"",""trade_id"":""29786afc-8938-41d1-5273-73d4ee585acb"",""yes_price_dollars"":""0.4300""}"
KXBTC15M-26APR271545-45,849af8cd-21a1-7421-b37a-6f23c045b79d,1777318222,0.42,5.02,no,"{""count_fp"":""5.02"",""created_time"":""2026-04-27T19:30:22.641607Z"",""no_price_dollars"":""0.5800"",""taker_side"":""no"",""ticker"":""KXBTC15M-26APR271545-45"",""trade_id"":""849af8cd-21a1-7421-b37a-6f23c045b79d"",""yes_price_dollars"":""0.4200""}"
KXBTC15M-26APR271545-45,d8797b80-c41c-4935-d9d5-d249e1902e47,1777318222,0.43,17.89,yes,"{""count_fp"":""17.89"",""created_time"":""2026-04-27T19:30:22.334096Z"",""no_price_dollars"":""0.5700"",""taker_side"":""yes"",""ticker"":""KXBTC15M-26APR271545-45"",""trade_id"":""d8797b80-c41c-4935-d9d5-d249e1902e47"",""yes_price_dollars"":""0.4300""}"
KXBTC15M-26APR271545-45,9af925f9-5c75-4bed-e550-d04152da1a2d,1777318222,0.42,0.89,no,"{""count_fp"":""0.89"",""created_time"":""2026-04-27T19:30:22.245604Z"",""no_price_dollars"":""0.5800"",""taker_side"":""no"",""ticker"":""KXBTC15M-26APR271545-45"",""trade_id"":""9af925f9-5c75-4bed-e550-d04152da1a2d"",""yes_price_dollars"":""0.4200""}"
KXBTC15M-26APR271545-45,994d160c-82ae-4540-c170-ee2c67376dfe,1777318222,0.43,11.85,no,"{""count_fp"":""11.85"",""created_time"":""2026-04-27T19:30:22.245604Z"",""no_price_dollars"":""0.5700"",""taker_side"":""no"",""ticker"":""KXBTC15M-26APR271545-45"",""trade_id"":""994d160c-82ae-4540-c170-ee2c67376dfe"",""yes_price_dollars"":""0.4300""}"
KXBTC15M-26APR271545-45,3e733bd1-08f7-4ad0-f9fc-bbdd78aaa07d,1777318222,0.42,2.0,no,"{""count_fp"":""2.00"",""created_time"":""2026-04-27T19:30:22.245604Z"",""no_price_dollars"":""0.5800"",""taker_side"":""no"",""ticker"":""KXBTC15M-26APR271545-45"",""trade_id"":""3e733bd1-08f7-4ad0-f9fc-bbdd78aaa07d"",""yes_price_dollars"":""0.4200""}"
KXBTC15M-26APR271545-45,2cee05a2-68ad-45e2-e026-e28418066899,1777318222,0.43,2.0,no,"{""count_fp"":""2.00"",""created_time"":""2026-04-27T19:30:22.245604Z"",""no_price_dollars"":""0.5700"",""taker_side"":""no"",""ticker"":""KXBTC15M-26APR271545-45"",""trade_id"":""2cee05a2-68ad-45e2-e026-e28418066899"",""yes_price_dollars"":""0.4300""}"
KXBTC15M-26APR271545-45,7afad2ad-1d68-5979-d74a-92526de4fc27,1777318223,0.43,5.0,yes,"{""count_fp"":""5.00"",""created_time"":""2026-04-27T19:30:23.974097Z"",""no_price_dollars"":""0.5700"",""taker_side"":""yes"",""ticker"":""KXBTC15M-26APR271545-45"",""trade_id"":""7afad2ad-1d68-5979-d74a-92526de4fc27"",""yes_price_dollars"":""0.4300""}"
KXBTC15M-26APR271545-45,158d6832-cac5-40ed-ef2c-f4d137a741ad,1777318223,0.42,25.0,no,"{""count_fp"":""25.00"",""created_time"":""2026-04-27T19:30:23.967916Z"",""no_price_dollars"":""0.5800"",""taker_side"":""no"",""ticker"":""KXBTC15M-26APR271545-45"",""trade_id"":""158d6832-cac5-40ed-ef2c-f4d137a741ad"",""yes_price_dollars"":""0.4200""}"
KXBTC15M-26APR271545-45,f824990c-5cd0-4995-dd26-62eea81455e7,1777318223,0.43,218.69,yes,"{""count_fp"":""218.69"",""created_time"":""2026-04-27T19:30:23.865666Z"",""no_price_dollars"":""0.5700"",""taker_side"":""yes"",""ticker"":""KXBTC15M-26APR271545-45"",""trade_id"":""f824990c-5cd0-4995-dd26-62eea81455e7"",""yes_price_dollars"":""0.4300""}"
KXBTC15M-26APR271545-45,599ee1e6-e2d8-73d9-01cb-19c72ea8e4bf,1777318223,0.43,2.23,yes,"{""count_fp"":""2.23"",""created_time"":""2026-04-27T19:30:23.632324Z"",""no_price_dollars"":""0.5700"",""taker_side"":""yes"",""ticker"":""KXBTC15M-26APR271545-45"",""trade_id"":""599ee1e6-e2d8-73d9-01cb-19c72ea8e4bf"",""yes_price_dollars"":""0.4300""}"
KXBTC15M-26APR271545-45,203e044d-ae40-44e9-81f7-b169c801dfdb,1777318223,0.43,10.0,yes,"{""count_fp"":""10.00"",""created_time"":""2026-04-27T19:30:23.619409Z"",""no_price_dollars"":""0.5700"",""taker_side"":""yes"",""ticker"":""KXBTC15M-26APR271545-45"",""trade_id"":""203e044d-ae40-44e9-81f7-b169c801dfdb"",""yes_price_dollars"":""0.4300""}"
KXBTC15M-26APR271545-45,3c5b0a92-c818-7011-b399-2f30cd2d9513,1777318223,0.43,11.18,yes,"{""count_fp"":""11.18"",""created_time"":""2026-04-27T19:30:23.449759Z"",""no_price_dollars"":""0.5700"",""taker_side"":""yes"",""ticker"":""KXBTC15M-26APR271545-45"",""trade_id"":""3c5b0a92-c818-7011-b399-2f30cd2d9513"",""yes_price_dollars"":""0.4300""}"
KXBTC15M-26APR271545-45,59d5caed-cce5-4dfd-ab44-77ccbe2cfdd9,1777318223,0.42,1.66,no,"{""count_fp"":""1.66"",""created_time"":""2026-04-27T19:30:23.353929Z"",""no_price_dollars"":""0.5800"",""taker_side"":""no"",""ticker"":""KXBTC15M-26APR271545-45"",""trade_id"":""59d5caed-cce5-4dfd-ab44-77ccbe2cfdd9"",""yes_price_dollars"":""0.4200""}"
KXBTC15M-26APR271545-45,31a2f02b-9bb4-70dd-0428-183a38612697,1777318223,0.43,5.0,yes,"{""count_fp"":""5.00"",""created_time"":""2026-04-27T19:30:23.318419Z"",""no_price_dollars"":""0.5700"",""taker_side"":""yes"",""ticker"":""KXBTC15M-26APR271545-45"",""trade_id"":""31a2f02b-9bb4-70dd-0428-183a38612697"",""yes_price_dollars"":""0.4300""}"
KXBTC15M-26APR271545-45,5901e0f0-21d5-6c1d-56bb-8b28627bbded,1777318224,0.42,0.83,no,"{""count_fp"":""0.83"",""created_time"":""2026-04-27T19:30:24.989248Z"",""no_price_dollars"":""0.5800"",""taker_side"":""no"",""ticker"":""KXBTC15M-26APR271545-45"",""trade_id"":""5901e0f0-21d5-6c1d-56bb-8b28627bbded"",""yes_price_dollars"":""0.4200""}"
KXBTC15M-26APR271545-45,92291652-98eb-4bdc-4a19-a194d82cb4ae,1777318224,0.43,25.0,yes,"{""count_fp"":""25.00"",""created_time"":""2026-04-27T19:30:24.931273Z"",""no_price_dollars"":""0.5700"",""taker_side"":""yes"",""ticker"":""KXBTC15M-26APR271545-45"",""trade_id"":""92291652-98eb-4bdc-4a19-a194d82cb4ae"",""yes_price_dollars"":""0.4300""}"
KXBTC15M-26APR271545-45,676d35e8-691e-5caf-d268-4351162c1c4c,1777318224,0.43,5.0,yes,"{""count_fp"":""5.00"",""created_time"":""2026-04-27T19:30:24.896661Z"",""no_price_dollars"":""0.5700"",""taker_side"":""yes"",""ticker"":""KXBTC15M-26APR271545-45"",""trade_id"":""676d35e8-691e-5caf-d268-4351162c1c4c"",""yes_price_dollars"":""0.4300""}"
KXBTC15M-26APR271545-45,3206c70e-799f-5b14-faed-7018b7019852,1777318224,0.43,44.43,yes,"{""count_fp"":""44.43"",""created_time"":""2026-04-27T19:30:24.896661Z"",""no_price_dollars"":""0.5700"",""taker_side"":""yes"",""ticker"":""KXBTC15M-26APR271545-45"",""trade_id"":""3206c70e-799f-5b14-faed-7018b7019852"",""yes_price_dollars"":""0.4300""}"
KXBTC15M-26APR271545-45,244ff0ae-7b17-52a1-c2c3-aea7bbb4809e,1777318224,0.43,2.0,yes,"{""count_fp"":""2.00"",""created_time"":""2026-04-27T19:30:24.896661Z"",""no_price_dollars"":""0.5700"",""taker_side"":""yes"",""ticker"":""KXBTC15M-26APR271545-45"",""trade_id"":""244ff0ae-7b17-52a1-c2c3-aea7bbb4809e"",""yes_price_dollars"":""0.4300""}"
KXBTC15M-26APR271545-45,a7348d68-c83d-6efb-b77f-363f7aad6244,1777318224,0.43,10.93,yes,"{""count_fp"":""10.93"",""created_time"":""2026-04-27T19:30:24.657803Z"",""no_price_dollars"":""0.5700"",""taker_side"":""yes"",""ticker"":""KXBTC15M-26APR271545-45"",""trade_id"":""a7348d68-c83d-6efb-b77f-363f7aad6244"",""yes_price_dollars"":""0.4300""}"
KXBTC15M-26APR271545-45,920bd5ba-0eb3-4b89-ec99-6b15129506b4,1777318224,0.43,5.0,yes,"{""count_fp"":""5.00"",""created_time"":""2026-04-27T19:30:24.606066Z"",""no_price_dollars"":""0.5700"",""taker_side"":""yes"",""ticker"":""KXBTC15M-26APR271545-45"",""trade_id"":""920bd5ba-0eb3-4b89-ec99-6b15129506b4"",""yes_price_dollars"":""0.4300""}"
KXBTC15M-26APR271545-45,8249a56f-8105-6875-5923-61f5a783b05d,1777318224,0.42,5.02,no,"{""count_fp"":""5.02"",""created_time"":""2026-04-27T19:30:24.585525Z"",""no_price_dollars"":""0.5800"",""taker_side"":""no"",""ticker"":""KXBTC15M-26APR271545-45"",""trade_id"":""8249a56f-8105-6875-5923-61f5a783b05d"",""yes_price_dollars"":""0.4200""}"
KXBTC15M-26APR271545-45,2cccd947-786b-49be-1fa1-bbb67da82c56,1777318224,0.43,89.45,yes,"{""count_fp"":""89.45"",""created_time"":""2026-04-27T19:30:24.568359Z"",""no_price_dollars"":""0.5700"",""taker_side"":""yes"",""ticker"":""KXBTC15M-26APR271545-45"",""trade_id"":""2cccd947-786b-49be-1fa1-bbb67da82c56"",""yes_price_dollars"":""0.4300""}"
KXBTC15M-26APR271545-45,cdd0b1b8-5814-4aa5-a00e-98c73c93a830,1777318224,0.43,40.0,yes,"{""count_fp"":""40.00"",""created_time"":""2026-04-27T19:30:24.563721Z"",""no_price_dollars"":""0.5700"",""taker_side"":""yes"",""ticker"":""KXBTC15M-26APR271545-45"",""trade_id"":""cdd0b1b8-5814-4aa5-a00e-98c73c93a830"",""yes_price_dollars"":""0.4300""}"
KXBTC15M-26APR271545-45,88a288ed-d713-4c36-8a75-a8b8011b4e4a,1777318224,0.43,24.29,yes,"{""count_fp"":""24.29"",""created_time"":""2026-04-27T19:30:24.563721Z"",""no_price_dollars"":""0.5700"",""taker_side"":""yes"",""ticker"":""KXBTC15M-26APR271545-45"",""trade_id"":""88a288ed-d713-4c36-8a75-a8b8011b4e4a"",""yes_price_dollars"":""0.4300""}"
KXBTC15M-26APR271545-45,7bf34cbc-ae3c-46e9-a33f-8664893cd5df,1777318224,0.43,152.34,yes,"{""count_fp"":""152.34"",""created_time"":""2026-04-27T19:30:24.563721Z"",""no_price_dollars"":""0.5700"",""taker_side"":""yes"",""ticker"":""KXBTC15M-26APR271545-45"",""trade_id"":""7bf34cbc-ae3c-46e9-a33f-8664893cd5df"",""yes_price_dollars"":""0.4300""}"
KXBTC15M-26APR271545-45,293307e5-d58f-4f31-ab80-f92526ae1072,1777318224,0.43,5.0,yes,"{""count_fp"":""5.00"",""created_time"":""2026-04-27T19:30:24.563721Z"",""no_price_dollars"":""0.5700"",""taker_side"":""yes"",""ticker"":""KXBTC15M-26APR271545-45"",""trade_id"":""293307e5-d58f-4f31-ab80-f92526ae1072"",""yes_price_dollars"":""0.4300""}"
KXBTC15M-26APR271545-45,21127714-98c9-4319-9146-1a9fb671de15,1777318224,0.43,2.0,yes,"{""count_fp"":""2.00"",""created_time"":""2026-04-27T19:30:24.563721Z"",""no_price_dollars"":""0.5700"",""taker_side"":""yes"",""ticker"":""KXBTC15M-26APR271545-45"",""trade_id"":""21127714-98c9-4319-9146-1a9fb671de15"",""yes_price_dollars"":""0.4300""}"
KXBTC15M-26APR271545-45,9cc825c4-ab08-7a11-be99-42ab6561b7f7,1777318224,0.43,33.31,yes,"{""count_fp"":""33.31"",""created_time"":""2026-04-27T19:30:24.333324Z"",""no_price_dollars"":""0.5700"",""taker_side"":""yes"",""ticker"":""KXBTC15M-26APR271545-45"",""trade_id"":""9cc825c4-ab08-7a11-be99-42ab6561b7f7"",""yes_price_dollars"":""0.4300""}"
KXBTC15M-26APR271545-45,902a7d7c-1567-6dac-518d-994c7d8f8616,1777318225,0.43,4.47,yes,"{""count_fp"":""4.47"",""created_time"":""2026-04-27T19:30:25.789473Z"",""no_price_dollars"":""0.5700"",""taker_side"":""yes"",""ticker"":""KXBTC15M-26APR271545-45"",""trade_id"":""902a7d7c-1567-6dac-518d-994c7d8f8616"",""yes_price_dollars"":""0.4300""}"
KXBTC15M-26APR271545-45,6ce02760-be5a-5462-4609-a4c2ad4cebe0,1777318225,0.42,12.0,no,"{""count_fp"":""12.00"",""created_time"":""2026-04-27T19:30:25.745744Z"",""no_price_dollars"":""0.5800"",""taker_side"":""no"",""ticker"":""KXBTC15M-26APR271545-45"",""trade_id"":""6ce02760-be5a-5462-4609-a4c2ad4cebe0"",""yes_price_dollars"":""0.4200""}"
KXBTC15M-26APR271545-45,0b791dcc-86eb-4ac4-7fdf-b7fddb199332,1777318225,0.43,3.35,yes,"{""count_fp"":""3.35"",""created_time"":""2026-04-27T19:30:25.640591Z"",""no_price_dollars"":""0.5700"",""taker_side"":""yes"",""ticker"":""KXBTC15M-26APR271545-45"",""trade_id"":""0b791dcc-86eb-4ac4-7fdf-b7fddb199332"",""yes_price_dollars"":""0.4300""}"
KXBTC15M-26APR271545-45,371a7635-72d7-5c38-bf74-a102d426e26e,1777318225,0.43,4.47,yes,"{""count_fp"":""4.47"",""created_time"":""2026-04-27T19:30:25.553736Z"",""no_price_dollars"":""0.5700"",""taker_side"":""yes"",""ticker"":""KXBTC15M-26APR271545-45"",""trade_id"":""371a7635-72d7-5c38-bf74-a102d426e26e"",""yes_price_dollars"":""0.4300""}"
KXBTC15M-26APR271545-45,e2c6ebaa-c8b7-6df4-1f4f-42e9157e1aa6,1777318225,0.43,5.0,yes,"{""count_fp"":""5.00"",""created_time"":""2026-04-27T19:30:25.423533Z"",""no_price_dollars"":""0.5700"",""taker_side"":""yes"",""ticker"":""KXBTC15M-26APR271545-45"",""trade_id"":""e2c6ebaa-c8b7-6df4-1f4f-42e9157e1aa6"",""yes_price_dollars"":""0.4300""}"
KXBTC15M-26APR271545-45,cf30353a-5db3-4e10-9fc8-c42ed74515b8,1777318225,0.42,18.42,no,"{""count_fp"":""18.42"",""created_time"":""2026-04-27T19:30:25.406579Z"",""no_price_dollars"":""0.5800"",""taker_side"":""no"",""ticker"":""KXBTC15M-26APR271545-45"",""trade_id"":""cf30353a-5db3-4e10-9fc8-c42ed74515b8"",""yes_price_dollars"":""0.4200""}"
KXBTC15M-26APR271545-45,9f8d6964-b647-6d2c-d118-a75c5bb472de,1777318225,0.43,8.94,yes,"{""count_fp"":""8.94"",""created_time"":""2026-04-27T19:30:25.371056Z"",""no_price_dollars"":""0.5700"",""taker_side"":""yes"",""ticker"":""KXBTC15M-26APR271545-45"",""trade_id"":""9f8d6964-b647-6d2c-d118-a75c5bb472de"",""yes_price_dollars"":""0.4300""}"
KXBTC15M-26APR271545-45,8a393928-6f23-5dec-75ee-f25a8ef74954,1777318225,0.42,16.74,no,"{""count_fp"":""16.74"",""created_time"":""2026-04-27T19:30:25.334598Z"",""no_price_dollars"":""0.5800"",""taker_side"":""no"",""ticker"":""KXBTC15M-26APR271545-45"",""trade_id"":""8a393928-6f23-5dec-75ee-f25a8ef74954"",""yes_price_dollars"":""0.4200""}"
KXBTC15M-26APR271545-45,ea938726-1240-5a90-0180-7cea92bffb3d,1777318225,0.42,3.0,no,"{""count_fp"":""3.00"",""created_time"":""2026-04-27T19:30:25.243274Z"",""no_price_dollars"":""0.5800"",""taker_side"":""no"",""ticker"":""KXBTC15M-26APR271545-45"",""trade_id"":""ea938726-1240-5a90-0180-7cea92bffb3d"",""yes_price_dollars"":""0.4200""}"
KXBTC15M-26APR271545-45,bcc11c42-0195-581d-14dd-2a8d8721be6d,1777318225,0.42,30.51,no,"{""count_fp"":""30.51"",""created_time"":""2026-04-27T19:30:25.243274Z"",""no_price_dollars"":""0.5800"",""taker_side"":""no"",""ticker"":""KXBTC15M-26APR271545-45"",""trade_id"":""bcc11c42-0195-581d-14dd-2a8d8721be6d"",""yes_price_dollars"":""0.4200""}"
KXBTC15M-26APR271545-45,85a872af-94bd-551e-0561-b42b828886f1,1777318225,0.42,24.29,no,"{""count_fp"":""24.29"",""created_time"":""2026-04-27T19:30:25.243274Z"",""no_price_dollars"":""0.5800"",""taker_side"":""no"",""ticker"":""KXBTC15M-26APR271545-45"",""trade_id"":""85a872af-94bd-551e-0561-b42b828886f1"",""yes_price_dollars"":""0.4200""}"
KXBTC15M-26APR271545-45,78c17286-6717-5158-2445-50b91c21bdd0,1777318225,0.42,28.43,no,"{""count_fp"":""28.43"",""created_time"":""2026-04-27T19:30:25.243274Z"",""no_price_dollars"":""0.5800"",""taker_side"":""no"",""ticker"":""KXBTC15M-26APR271545-45"",""trade_id"":""78c17286-6717-5158-2445-50b91c21bdd0"",""yes_price_dollars"":""0.4200""}"
KXBTC15M-26APR271545-45,765ed314-9a6e-5b25-36e6-4f1990a54dff,1777318225,0.42,30.0,no,"{""count_fp"":""30.00"",""created_time"":""2026-04-27T19:30:25.243274Z"",""no_price_dollars"":""0.5800"",""taker_side"":""no"",""ticker"":""KXBTC15M-26APR271545-45"",""trade_id"":""765ed314-9a6e-5b25-36e6-4f1990a54dff"",""yes_price_dollars"":""0.4200""}"
KXBTC15M-26APR271545-45,3a512a08-b077-5083-2f53-406895e615c0,1777318225,0.42,40.0,no,"{""count_fp"":""40.00"",""created_time"":""2026-04-27T19:30:25.243274Z"",""no_price_dollars"":""0.5800"",""taker_side"":""no"",""ticker"":""KXBTC15M-26APR271545-45"",""trade_id"":""3a512a08-b077-5083-2f53-406895e615c0"",""yes_price_dollars"":""0.4200""}"
KXBTC15M-26APR271545-45,04509e67-c719-5dc7-3e13-931b6d5c6020,1777318225,0.42,1.0,no,"{""count_fp"":""1.00"",""created_time"":""2026-04-27T19:30:25.243274Z"",""no_price_dollars"":""0.5800"",""taker_side"":""no"",""ticker"":""KXBTC15M-26APR271545-45"",""trade_id"":""04509e67-c719-5dc7-3e13-931b6d5c6020"",""yes_price_dollars"":""0.4200""}"
KXBTC15M-26APR271545-45,03ca4bde-f8e1-5f38-3c2e-eee56f9a486b,1777318225,0.42,10.0,no,"{""count_fp"":""10.00"",""created_time"":""2026-04-27T19:30:25.243274Z"",""no_price_dollars"":""0.5800"",""taker_side"":""no"",""ticker"":""KXBTC15M-26APR271545-45"",""trade_id"":""03ca4bde-f8e1-5f38-3c2e-eee56f9a486b"",""yes_price_dollars"":""0.4200""}"
KXBTC15M-26APR271545-45,25dfd913-bba3-42d8-8883-c211ab6f3722,1777318226,0.43,134.18,yes,"{""count_fp"":""134.18"",""created_time"":""2026-04-27T19:30:26.907163Z"",""no_price_dollars"":""0.5700"",""taker_side"":""yes"",""ticker"":""KXBTC15M-26APR271545-45"",""trade_id"":""25dfd913-bba3-42d8-8883-c211ab6f3722"",""yes_price_dollars"":""0.4300""}"
KXBTC15M-26APR271545-45,73f3cda4-7a83-6460-65c9-031ba9024bd6,1777318226,0.43,89.45,yes,"{""count_fp"":""89.45"",""created_time"":""2026-04-27T19:30:26.832157Z"",""no_price_dollars"":""0.5700"",""taker_side"":""yes"",""ticker"":""KXBTC15M-26APR271545-45"",""trade_id"":""73f3cda4-7a83-6460-65c9-031ba9024bd6"",""yes_price_dollars"":""0.4300""}"
KXBTC15M-26APR271545-45,ab492ede-9d1b-4680-f3e3-d1424147da4e,1777318226,0.43,22.36,yes,"{""count_fp"":""22.36"",""created_time"":""2026-04-27T19:30:26.547035Z"",""no_price_dollars"":""0.5700"",""taker_side"":""yes"",""ticker"":""KXBTC15M-26APR271545-45"",""trade_id"":""ab492ede-9d1b-4680-f3e3-d1424147da4e"",""yes_price_dollars"":""0.4300""}"
KXBTC15M-26APR271545-45,0e727268-10aa-60a6-b216-ba2b98df1ea8,1777318226,0.42,4.0,no,"{""count_fp"":""4.00"",""created_time"":""2026-04-27T19:30:26.516301Z"",""no_price_dollars"":""0.5800"",""taker_side"":""no"",""ticker"":""KXBTC15M-26APR271545-45"",""trade_id"":""0e727268-10aa-60a6-b216-ba2b98df1ea8"",""yes_price_dollars"":""0.4200""}"
KXBTC15M-26APR271545-45,b45a5398-17df-6e80-9e5d-56a71cc82662,1777318226,0.43,22.36,yes,"{""count_fp"":""22.36"",""created_time"":""2026-04-27T19:30:26.419702Z"",""no_price_dollars"":""0.5700"",""taker_side"":""yes"",""ticker"":""KXBTC15M-26APR271545-45"",""trade_id"":""b45a5398-17df-6e80-9e5d-56a71cc82662"",""yes_price_dollars"":""0.4300""}"
KXBTC15M-26APR271545-45,c7269ee0-3323-708c-1ac6-65963f2f49da,1777318226,0.43,24.58,yes,"{""count_fp"":""24.58"",""created_time"":""2026-04-27T19:30:26.170441Z"",""no_price_dollars"":""0.5700"",""taker_side"":""yes"",""ticker"":""KXBTC15M-26APR271545-45"",""trade_id"":""c7269ee0-3323-708c-1ac6-65963f2f49da"",""yes_price_dollars"":""0.4300""}"
KXBTC15M-26APR271545-45,168f5d18-1363-6758-ac27-343ef2a92e16,1777318226,0.43,5.0,yes,"{""count_fp"":""5.00"",""created_time"":""2026-04-27T19:30:26.030499Z"",""no_price_dollars"":""0.5700"",""taker_side"":""yes"",""ticker"":""KXBTC15M-26APR271545-45"",""trade_id"":""168f5d18-1363-6758-ac27-343ef2a92e16"",""yes_price_dollars"":""0.4300""}"
KXBTC15M-26APR271545-45,157bb703-b2f0-75cd-e250-3f509745ee79,1777318227,0.42,22.0,no,"{""count_fp"":""22.00"",""created_time"":""2026-04-27T19:30:27.955707Z"",""no_price_dollars"":""0.5800"",""taker_side"":""no"",""ticker"":""KXBTC15M-26APR271545-45"",""trade_id"":""157bb703-b2f0-75cd-e250-3f509745ee79"",""yes_price_dollars"":""0.4200""}"
KXBTC15M-26APR271545-45,0850e9e0-e404-74d3-c555-912b675776be,1777318227,0.42,19.13,no,"{""count_fp"":""19.13"",""created_time"":""2026-04-27T19:30:27.955707Z"",""no_price_dollars"":""0.5800"",""taker_side"":""no"",""ticker"":""KXBTC15M-26APR271545-45"",""trade_id"":""0850e9e0-e404-74d3-c555-912b675776be"",""yes_price_dollars"":""0.4200""}"
KXBTC15M-26APR271545-45,f248b92e-0e9c-54bb-89d3-7d6d0f02e496,1777318227,0.42,16.74,no,"{""count_fp"":""16.74"",""created_time"":""2026-04-27T19:30:27.940342Z"",""no_price_dollars"":""0.5800"",""taker_side"":""no"",""ticker"":""KXBTC15M-26APR271545-45"",""trade_id"":""f248b92e-0e9c-54bb-89d3-7d6d0f02e496"",""yes_price_dollars"":""0.4200""}"
KXBTC15M-26APR271545-45,cd704dc7-619f-51d0-b7ba-b330d5b7f276,1777318227,0.43,3.0,yes,"{""count_fp"":""3.00"",""created_time"":""2026-04-27T19:30:27.587696Z"",""no_price_dollars"":""0.5700"",""taker_side"":""yes"",""ticker"":""KXBTC15M-26APR271545-45"",""trade_id"":""cd704dc7-619f-51d0-b7ba-b330d5b7f276"",""yes_price_dollars"":""0.4300""}"
KXBTC15M-26APR271545-45,b5f05ebc-3ac7-4538-9cdc-9863c41d9736,1777318227,0.43,0.22,yes,"{""count_fp"":""0.22"",""created_time"":""2026-04-27T19:30:27.518548Z"",""no_price_dollars"":""0.5700"",""taker_side"":""yes"",""ticker"":""KXBTC15M-26APR271545-45"",""trade_id"":""b5f05ebc-3ac7-4538-9cdc-9863c41d9736"",""yes_price_dollars"":""0.4300""}"
KXBTC15M-26APR271545-45,94d94641-72b0-62f3-6ca9-7c9b36b43756,1777318227,0.42,41.86,no,"{""count_fp"":""41.86"",""created_time"":""2026-04-27T19:30:27.203354Z"",""no_price_dollars"":""0.5800"",""taker_side"":""no"",""ticker"":""KXBTC15M-26APR271545-45"",""trade_id"":""94d94641-72b0-62f3-6ca9-7c9b36b43756"",""yes_price_dollars"":""0.4200""}"
KXBTC15M-26APR271545-45,c0015e6f-fa23-5c38-4834-9b6e423b85fa,1777318227,0.43,3.0,yes,"{""count_fp"":""3.00"",""created_time"":""2026-04-27T19:30:27.201509Z"",""no_price_dollars"":""0.5700"",""taker_side"":""yes"",""ticker"":""KXBTC15M-26APR271545-45"",""trade_id"":""c0015e6f-fa23-5c38-4834-9b6e423b85fa"",""yes_price_dollars"":""0.4300""}"
KXBTC15M-26APR271545-45,eb0883e1-f854-7693-ee67-38ae7c09cf42,1777318227,0.42,11.72,no,"{""count_fp"":""11.72"",""created_time"":""2026-04-27T19:30:27.084569Z"",""no_price_dollars"":""0.5800"",""taker_side"":""no"",""ticker"":""KXBTC15M-26APR271545-45"",""trade_id"":""eb0883e1-f854-7693-ee67-38ae7c09cf42"",""yes_price_dollars"":""0.4200""}"
KXBTC15M-26APR271545-45,f90e529b-36f3-7ff4-6547-00e6b40fbe52,1777318228,0.42,7.16,yes,"{""count_fp"":""7.16"",""created_time"":""2026-04-27T19:30:28.769093Z"",""no_price_dollars"":""0.5800"",""taker_side"":""yes"",""ticker"":""KXBTC15M-26APR271545-45"",""trade_id"":""f90e529b-36f3-7ff4-6547-00e6b40fbe52"",""yes_price_dollars"":""0.4200""}"
KXBTC15M-26APR271545-45,be5bdec5-aa53-7c4f-5a24-d58c397a121c,1777318228,0.42,2.84,yes,"{""count_fp"":""2.84"",""created_time"":""2026-04-27T19:30:28.769093Z"",""no_price_dollars"":""0.5800"",""taker_side"":""yes"",""ticker"":""KXBTC15M-26APR271545-45"",""trade_id"":""be5bdec5-aa53-7c4f-5a24-d58c397a121c"",""yes_price_dollars"":""0.4200""}"
KXBTC15M-26APR271545-45,4b40833c-1abb-66af-c4ae-e92fed400500,1777318228,0.42,11.0,yes,"{""count_fp"":""11.00"",""created_time"":""2026-04-27T19:30:28.601988Z"",""no_price_dollars"":""0.5800"",""taker_side"":""yes"",""ticker"":""KXBTC15M-26APR271545-45"",""trade_id"":""4b40833c-1abb-66af-c4ae-e92fed400500"",""yes_price_dollars"":""0.4200""}"
KXBTC15M-26APR271545-45,145c1e1f-604b-5e57-bc2d-5cc0cee1e44c,1777318229,0.35,42.69,no,"{""count_fp"":""42.69"",""created_time"":""2026-04-27T19:30:29.934456Z"",""no_price_dollars"":""0.6500"",""taker_side"":""no"",""ticker"":""KXBTC15M-26APR271545-45"",""trade_id"":""145c1e1f-604b-5e57-bc2d-5cc0cee1e44c"",""yes_price_dollars"":""0.3500""}"
KXBTC15M-26APR271545-45,0f82c6c1-41c3-5143-2f13-e7ee3728b6f4,1777318229,0.35,53.0,no,"{""count_fp"":""53.00"",""created_time"":""2026-04-27T19:30:29.930088Z"",""no_price_dollars"":""0.6500"",""taker_side"":""no"",""ticker"":""KXBTC15M-26APR271545-45"",""trade_id"":""0f82c6c1-41c3-5143-2f13-e7ee3728b6f4"",""yes_price_dollars"":""0.3500""}"
KXBTC15M-26APR271545-45,a1b86f5b-45fb-4c23-1c97-dd4045f8a790,1777318229,0.35,20.99,no,"{""count_fp"":""20.99"",""created_time"":""2026-04-27T19:30:29.930061Z"",""no_price_dollars"":""0.6500"",""taker_side"":""no"",""ticker"":""KXBTC15M-26APR271545-45"",""trade_id"":""a1b86f5b-45fb-4c23-1c97-dd4045f8a790"",""yes_price_dollars"":""0.3500""}"
KXBTC15M-26APR271545-45,d799d9a5-fa1f-7307-c2ad-e5ab6ba4d934,1777318229,0.35,63.0,no,"{""count_fp"":""63.00"",""created_time"":""2026-04-27T19:30:29.928617Z"",""no_price_dollars"":""0.6500"",""taker_side"":""no"",""ticker"":""KXBTC15M-26APR271545-45"",""trade_id"":""d799d9a5-fa1f-7307-c2ad-e5ab6ba4d934"",""yes_price_dollars"":""0.3500""}"
KXBTC15M-26APR271545-45,dfc6fd24-6925-453c-89ae-17732878b6ae,1777318229,0.32,10.0,no,"{""count_fp"":""10.00"",""created_time"":""2026-04-27T19:30:29.895485Z"",""no_price_dollars"":""0.6800"",""taker_side"":""no"",""ticker"":""KXBTC15M-26APR271545-45"",""trade_id"":""dfc6fd24-6925-453c-89ae-17732878b6ae"",""yes_price_dollars"":""0.3200""}"
KXBTC15M-26APR271545-45,d5a2c76a-b7f8-49bf-965b-f2efccb2e4a9,1777318229,0.35,10.0,no,"{""count_fp"":""10.00"",""created_time"":""2026-04-27T19:30:29.895485Z"",""no_price_dollars"":""0.6500"",""taker_side"":""no"",""ticker"":""KXBTC15M-26APR271545-45"",""trade_id"":""d5a2c76a-b7f8-49bf-965b-f2efccb2e4a9"",""yes_price_dollars"":""0.3500""}"
KXBTC15M-26APR271545-45,d27b12c5-069d-49ca-bb8a-087310cb46d8,1777318229,0.33,10.0,no,"{""count_fp"":""10.00"",""created_time"":""2026-04-27T19:30:29.895485Z"",""no_price_dollars"":""0.6700"",""taker_side"":""no"",""ticker"":""KXBTC15M-26APR271545-45"",""trade_id"":""d27b12c5-069d-49ca-bb8a-087310cb46d8"",""yes_price_dollars"":""0.3300""}"
KXBTC15M-26APR271545-45,b941324d-89e2-4928-96e8-c3b9a6c3a06e,1777318229,0.37,215.79,no,"{""count_fp"":""215.79"",""created_time"":""2026-04-27T19:30:29.895485Z"",""no_price_dollars"":""0.6300"",""taker_side"":""no"",""ticker"":""KXBTC15M-26APR271545-45"",""trade_id"":""b941324d-89e2-4928-96e8-c3b9a6c3a06e"",""yes_price_dollars"":""0.3700""}"
KXBTC15M-26APR271545-45,a0074869-41bc-49fc-860a-3e0b3c754322,1777318229,0.35,4.0,no,"{""count_fp"":""4.00"",""created_time"":""2026-04-27T19:30:29.895485Z"",""no_price_dollars"":""0.6500"",""taker_side"":""no"",""ticker"":""KXBTC15M-26APR271545-45"",""trade_id"":""a0074869-41bc-49fc-860a-3e0b3c754322"",""yes_price_dollars"":""0.3500""}"
KXBTC15M-26APR271545-45,9ca3bc9d-029f-4c20-8e2f-1ac072db1584,1777318229,0.33,4.0,no,"{""count_fp"":""4.00"",""created_time"":""2026-04-27T19:30:29.895485Z"",""no_price_dollars"":""0.6700"",""taker_side"":""no"",""ticker"":""KXBTC15M-26APR271545-45"",""trade_id"":""9ca3bc9d-029f-4c20-8e2f-1ac072db1584"",""yes_price_dollars"":""0.3300""}"
