ticker,trade_id,ts,yes_price,count,taker_side,raw_json
KXBTC15M-26APR281115-15,21590757-c6ca-784b-d9be-617ab7507c61,1777388402,0.56,4.0,yes,"{""count_fp"":""4.00"",""created_time"":""2026-04-28T15:00:02.547202Z"",""no_price_dollars"":""0.4400"",""taker_side"":""yes"",""ticker"":""KXBTC15M-26APR281115-15"",""trade_id"":""21590757-c6ca-784b-d9be-617ab7507c61"",""yes_price_dollars"":""0.5600""}"
KXBTC15M-26APR281115-15,11a72348-a284-56c7-36f2-4ce6cbc7144e,1777388402,0.55,1.0,no,"{""count_fp"":""1.00"",""created_time"":""2026-04-28T15:00:02.315506Z"",""no_price_dollars"":""0.4500"",""taker_side"":""no"",""ticker"":""KXBTC15M-26APR281115-15"",""trade_id"":""11a72348-a284-56c7-36f2-4ce6cbc7144e"",""yes_price_dollars"":""0.5500""}"
KXBTC15M-26APR281115-15,ffa0578d-1718-5b7f-c383-d3ae7100569e,1777388402,0.58,1.0,yes,"{""count_fp"":""1.00"",""created_time"":""2026-04-28T15:00:02.269198Z"",""no_price_dollars"":""0.4200"",""taker_side"":""yes"",""ticker"":""KXBTC15M-26APR281115-15"",""trade_id"":""ffa0578d-1718-5b7f-c383-d3ae7100569e"",""yes_price_dollars"":""0.5800""}"
KXBTC15M-26APR281115-15,c6460d9d-124a-5182-e983-b1fc52ab6424,1777388402,0.54,2.0,yes,"{""count_fp"":""2.00"",""created_time"":""2026-04-28T15:00:02.269198Z"",""no_price_dollars"":""0.4600"",""taker_side"":""yes"",""ticker"":""KXBTC15M-26APR281115-15"",""trade_id"":""c6460d9d-124a-5182-e983-b1fc52ab6424"",""yes_price_dollars"":""0.5400""}"
KXBTC15M-26APR281115-15,ac9a6f4e-fd51-5ceb-db19-08b577907aeb,1777388402,0.54,2.0,yes,"{""count_fp"":""2.00"",""created_time"":""2026-04-28T15:00:02.269198Z"",""no_price_dollars"":""0.4600"",""taker_side"":""yes"",""ticker"":""KXBTC15M-26APR281115-15"",""trade_id"":""ac9a6f4e-fd51-5ceb-db19-08b577907aeb"",""yes_price_dollars"":""0.5400""}"
KXBTC15M-26APR281115-15,8a7084ca-27da-5f16-e097-86cf5a7a1db3,1777388402,0.54,1.0,yes,"{""count_fp"":""1.00"",""created_time"":""2026-04-28T15:00:02.269198Z"",""no_price_dollars"":""0.4600"",""taker_side"":""yes"",""ticker"":""KXBTC15M-26APR281115-15"",""trade_id"":""8a7084ca-27da-5f16-e097-86cf5a7a1db3"",""yes_price_dollars"":""0.5400""}"
KXBTC15M-26APR281115-15,6fc1549e-e5e8-5158-f5f1-98f7448318ea,1777388402,0.54,4.0,yes,"{""count_fp"":""4.00"",""created_time"":""2026-04-28T15:00:02.269198Z"",""no_price_dollars"":""0.4600"",""taker_side"":""yes"",""ticker"":""KXBTC15M-26APR281115-15"",""trade_id"":""6fc1549e-e5e8-5158-f5f1-98f7448318ea"",""yes_price_dollars"":""0.5400""}"
KXBTC15M-26APR281115-15,66368342-6f0c-5c87-e285-e1413a4df0f5,1777388402,0.56,1.0,yes,"{""count_fp"":""1.00"",""created_time"":""2026-04-28T15:00:02.269198Z"",""no_price_dollars"":""0.4400"",""taker_side"":""yes"",""ticker"":""KXBTC15M-26APR281115-15"",""trade_id"":""66368342-6f0c-5c87-e285-e1413a4df0f5"",""yes_price_dollars"":""0.5600""}"
KXBTC15M-26APR281115-15,65838514-5deb-5fb1-eaf4-6c038af6e13b,1777388402,0.55,1.0,yes,"{""count_fp"":""1.00"",""created_time"":""2026-04-28T15:00:02.269198Z"",""no_price_dollars"":""0.4500"",""taker_side"":""yes"",""ticker"":""KXBTC15M-26APR281115-15"",""trade_id"":""65838514-5deb-5fb1-eaf4-6c038af6e13b"",""yes_price_dollars"":""0.5500""}"
KXBTC15M-26APR281115-15,6280db23-837a-5a4a-dc38-8f09e4f9d995,1777388402,0.58,2.0,yes,"{""count_fp"":""2.00"",""created_time"":""2026-04-28T15:00:02.269198Z"",""no_price_dollars"":""0.4200"",""taker_side"":""yes"",""ticker"":""KXBTC15M-26APR281115-15"",""trade_id"":""6280db23-837a-5a4a-dc38-8f09e4f9d995"",""yes_price_dollars"":""0.5800""}"
KXBTC15M-26APR281115-15,25d05917-81d2-5ff7-eb11-f36da1d0a560,1777388402,0.57,1.0,yes,"{""count_fp"":""1.00"",""created_time"":""2026-04-28T15:00:02.269198Z"",""no_price_dollars"":""0.4300"",""taker_side"":""yes"",""ticker"":""KXBTC15M-26APR281115-15"",""trade_id"":""25d05917-81d2-5ff7-eb11-f36da1d0a560"",""yes_price_dollars"":""0.5700""}"
KXBTC15M-26APR281115-15,f952a929-5580-7f63-4917-5d626a6a9787,1777388403,0.59,1.0,no,"{""count_fp"":""1.00"",""created_time"":""2026-04-28T15:00:03.978762Z"",""no_price_dollars"":""0.4100"",""taker_side"":""no"",""ticker"":""KXBTC15M-26APR281115-15"",""trade_id"":""f952a929-5580-7f63-4917-5d626a6a9787"",""yes_price_dollars"":""0.5900""}"
KXBTC15M-26APR281115-15,c83dfc19-6c56-7e40-aa10-3d756e7a4e1d,1777388403,0.59,5.0,no,"{""count_fp"":""5.00"",""created_time"":""2026-04-28T15:00:03.320233Z"",""no_price_dollars"":""0.4100"",""taker_side"":""no"",""ticker"":""KXBTC15M-26APR281115-15"",""trade_id"":""c83dfc19-6c56-7e40-aa10-3d756e7a4e1d"",""yes_price_dollars"":""0.5900""}"
KXBTC15M-26APR281115-15,3242ad9c-6007-5fc7-bfd4-8a8b8c2b0529,1777388403,0.6,78.0,yes,"{""count_fp"":""78.00"",""created_time"":""2026-04-28T15:00:03.251093Z"",""no_price_dollars"":""0.4000"",""taker_side"":""yes"",""ticker"":""KXBTC15M-26APR281115-15"",""trade_id"":""3242ad9c-6007-5fc7-bfd4-8a8b8c2b0529"",""yes_price_dollars"":""0.6000""}"
KXBTC15M-26APR281115-15,e12982b8-1a95-6c0d-f841-7960b2ee5784,1777388403,0.59,5.0,yes,"{""count_fp"":""5.00"",""created_time"":""2026-04-28T15:00:03.222326Z"",""no_price_dollars"":""0.4100"",""taker_side"":""yes"",""ticker"":""KXBTC15M-26APR281115-15"",""trade_id"":""e12982b8-1a95-6c0d-f841-7960b2ee5784"",""yes_price_dollars"":""0.5900""}"
KXBTC15M-26APR281115-15,87b185f9-f3db-6fb7-f36f-4be6bbea8e0d,1777388403,0.6,41.0,yes,"{""count_fp"":""41.00"",""created_time"":""2026-04-28T15:00:03.222326Z"",""no_price_dollars"":""0.4000"",""taker_side"":""yes"",""ticker"":""KXBTC15M-26APR281115-15"",""trade_id"":""87b185f9-f3db-6fb7-f36f-4be6bbea8e0d"",""yes_price_dollars"":""0.6000""}"
KXBTC15M-26APR281115-15,69b66a50-501f-6936-d8af-8993ff9834ba,1777388403,0.59,119.0,yes,"{""count_fp"":""119.00"",""created_time"":""2026-04-28T15:00:03.222326Z"",""no_price_dollars"":""0.4100"",""taker_side"":""yes"",""ticker"":""KXBTC15M-26APR281115-15"",""trade_id"":""69b66a50-501f-6936-d8af-8993ff9834ba"",""yes_price_dollars"":""0.5900""}"
KXBTC15M-26APR281115-15,53c0bf26-e2da-6c79-ec9f-d162e08d426b,1777388403,0.56,1.0,yes,"{""count_fp"":""1.00"",""created_time"":""2026-04-28T15:00:03.222326Z"",""no_price_dollars"":""0.4400"",""taker_side"":""yes"",""ticker"":""KXBTC15M-26APR281115-15"",""trade_id"":""53c0bf26-e2da-6c79-ec9f-d162e08d426b"",""yes_price_dollars"":""0.5600""}"
KXBTC15M-26APR281115-15,e3c89e71-6e22-5b7c-8a3f-4786450a99ad,1777388404,0.61,39.0,yes,"{""count_fp"":""39.00"",""created_time"":""2026-04-28T15:00:04.059563Z"",""no_price_dollars"":""0.3900"",""taker_side"":""yes"",""ticker"":""KXBTC15M-26APR281115-15"",""trade_id"":""e3c89e71-6e22-5b7c-8a3f-4786450a99ad"",""yes_price_dollars"":""0.6100""}"
KXBTC15M-26APR281115-15,99067498-a0d0-66af-2f76-ceb1382bb73b,1777388405,0.6,4.27,no,"{""count_fp"":""4.27"",""created_time"":""2026-04-28T15:00:05.503848Z"",""no_price_dollars"":""0.4000"",""taker_side"":""no"",""ticker"":""KXBTC15M-26APR281115-15"",""trade_id"":""99067498-a0d0-66af-2f76-ceb1382bb73b"",""yes_price_dollars"":""0.6000""}"
KXBTC15M-26APR281115-15,d0d10055-e3bf-578b-b155-27b5ff7b521b,1777388407,0.62,40.0,yes,"{""count_fp"":""40.00"",""created_time"":""2026-04-28T15:00:07.967396Z"",""no_price_dollars"":""0.3800"",""taker_side"":""yes"",""ticker"":""KXBTC15M-26APR281115-15"",""trade_id"":""d0d10055-e3bf-578b-b155-27b5ff7b521b"",""yes_price_dollars"":""0.6200""}"
KXBTC15M-26APR281115-15,678d0245-dbb3-64b3-bd7c-30e4ebd53f9b,1777388407,0.62,20.0,yes,"{""count_fp"":""20.00"",""created_time"":""2026-04-28T15:00:07.826021Z"",""no_price_dollars"":""0.3800"",""taker_side"":""yes"",""ticker"":""KXBTC15M-26APR281115-15"",""trade_id"":""678d0245-dbb3-64b3-bd7c-30e4ebd53f9b"",""yes_price_dollars"":""0.6200""}"
KXBTC15M-26APR281115-15,1046288a-242c-583f-b448-0b692b2b8a6f,1777388407,0.6,119.96,no,"{""count_fp"":""119.96"",""created_time"":""2026-04-28T15:00:07.103711Z"",""no_price_dollars"":""0.4000"",""taker_side"":""no"",""ticker"":""KXBTC15M-26APR281115-15"",""trade_id"":""1046288a-242c-583f-b448-0b692b2b8a6f"",""yes_price_dollars"":""0.6000""}"
KXBTC15M-26APR281115-15,e8a2d66d-c71f-739f-e767-4777238bab1b,1777388408,0.62,40.0,yes,"{""count_fp"":""40.00"",""created_time"":""2026-04-28T15:00:08.788443Z"",""no_price_dollars"":""0.3800"",""taker_side"":""yes"",""ticker"":""KXBTC15M-26APR281115-15"",""trade_id"":""e8a2d66d-c71f-739f-e767-4777238bab1b"",""yes_price_dollars"":""0.6200""}"
KXBTC15M-26APR281115-15,b79ca285-e223-4bd3-2c9a-4844174eebb3,1777388408,0.62,6.0,yes,"{""count_fp"":""6.00"",""created_time"":""2026-04-28T15:00:08.762163Z"",""no_price_dollars"":""0.3800"",""taker_side"":""yes"",""ticker"":""KXBTC15M-26APR281115-15"",""trade_id"":""b79ca285-e223-4bd3-2c9a-4844174eebb3"",""yes_price_dollars"":""0.6200""}"
KXBTC15M-26APR281115-15,32edc691-1218-60db-7cb0-de98aa4e9f37,1777388408,0.61,12.29,no,"{""count_fp"":""12.29"",""created_time"":""2026-04-28T15:00:08.730544Z"",""no_price_dollars"":""0.3900"",""taker_side"":""no"",""ticker"":""KXBTC15M-26APR281115-15"",""trade_id"":""32edc691-1218-60db-7cb0-de98aa4e9f37"",""yes_price_dollars"":""0.6100""}"
KXBTC15M-26APR281115-15,27897cc8-a70f-5793-2f67-c3c2ed942a0f,1777388408,0.62,1.0,yes,"{""count_fp"":""1.00"",""created_time"":""2026-04-28T15:00:08.602098Z"",""no_price_dollars"":""0.3800"",""taker_side"":""yes"",""ticker"":""KXBTC15M-26APR281115-15"",""trade_id"":""27897cc8-a70f-5793-2f67-c3c2ed942a0f"",""yes_price_dollars"":""0.6200""}"
KXBTC15M-26APR281115-15,44a2c07b-430b-5f43-52d8-84efa3fc775b,1777388408,0.62,6.0,yes,"{""count_fp"":""6.00"",""created_time"":""2026-04-28T15:00:08.550164Z"",""no_price_dollars"":""0.3800"",""taker_side"":""yes"",""ticker"":""KXBTC15M-26APR281115-15"",""trade_id"":""44a2c07b-430b-5f43-52d8-84efa3fc775b"",""yes_price_dollars"":""0.6200""}"
KXBTC15M-26APR281115-15,ef86b9b1-3cb7-544b-1647-94147b413f37,1777388408,0.62,7.0,yes,"{""count_fp"":""7.00"",""created_time"":""2026-04-28T15:00:08.348905Z"",""no_price_dollars"":""0.3800"",""taker_side"":""yes"",""ticker"":""KXBTC15M-26APR281115-15"",""trade_id"":""ef86b9b1-3cb7-544b-1647-94147b413f37"",""yes_price_dollars"":""0.6200""}"
KXBTC15M-26APR281115-15,451a7f54-a768-60ff-3441-f09272d40697,1777388408,0.61,7.19,no,"{""count_fp"":""7.19"",""created_time"":""2026-04-28T15:00:08.143292Z"",""no_price_dollars"":""0.3900"",""taker_side"":""no"",""ticker"":""KXBTC15M-26APR281115-15"",""trade_id"":""451a7f54-a768-60ff-3441-f09272d40697"",""yes_price_dollars"":""0.6100""}"
KXBTC15M-26APR281115-15,cfbdbfe6-e24b-732b-f23e-7163d6996627,1777388408,0.62,9.0,yes,"{""count_fp"":""9.00"",""created_time"":""2026-04-28T15:00:08.129206Z"",""no_price_dollars"":""0.3800"",""taker_side"":""yes"",""ticker"":""KXBTC15M-26APR281115-15"",""trade_id"":""cfbdbfe6-e24b-732b-f23e-7163d6996627"",""yes_price_dollars"":""0.6200""}"
KXBTC15M-26APR281115-15,2a9b4152-3cb9-54dd-f5f1-c09439504122,1777388409,0.64,6.0,yes,"{""count_fp"":""6.00"",""created_time"":""2026-04-28T15:00:09.849479Z"",""no_price_dollars"":""0.3600"",""taker_side"":""yes"",""ticker"":""KXBTC15M-26APR281115-15"",""trade_id"":""2a9b4152-3cb9-54dd-f5f1-c09439504122"",""yes_price_dollars"":""0.6400""}"
KXBTC15M-26APR281115-15,615853f3-54ad-4095-cbe1-01b04a257c4a,1777388409,0.64,6.0,yes,"{""count_fp"":""6.00"",""created_time"":""2026-04-28T15:00:09.638425Z"",""no_price_dollars"":""0.3600"",""taker_side"":""yes"",""ticker"":""KXBTC15M-26APR281115-15"",""trade_id"":""615853f3-54ad-4095-cbe1-01b04a257c4a"",""yes_price_dollars"":""0.6400""}"
KXBTC15M-26APR281115-15,efff589c-ab35-696b-0ce2-911a7fe1dc05,1777388409,0.63,15.0,yes,"{""count_fp"":""15.00"",""created_time"":""2026-04-28T15:00:09.436545Z"",""no_price_dollars"":""0.3700"",""taker_side"":""yes"",""ticker"":""KXBTC15M-26APR281115-15"",""trade_id"":""efff589c-ab35-696b-0ce2-911a7fe1dc05"",""yes_price_dollars"":""0.6300""}"
KXBTC15M-26APR281115-15,2fa56e74-6064-4a53-e105-265ff26e5ab7,1777388409,0.61,2.7,no,"{""count_fp"":""2.70"",""created_time"":""2026-04-28T15:00:09.161854Z"",""no_price_dollars"":""0.3900"",""taker_side"":""no"",""ticker"":""KXBTC15M-26APR281115-15"",""trade_id"":""2fa56e74-6064-4a53-e105-265ff26e5ab7"",""yes_price_dollars"":""0.6100""}"
KXBTC15M-26APR281115-15,e3a77992-b75e-4539-9b65-1b6cd7298eab,1777388410,0.65,4.0,yes,"{""count_fp"":""4.00"",""created_time"":""2026-04-28T15:00:10.884061Z"",""no_price_dollars"":""0.3500"",""taker_side"":""yes"",""ticker"":""KXBTC15M-26APR281115-15"",""trade_id"":""e3a77992-b75e-4539-9b65-1b6cd7298eab"",""yes_price_dollars"":""0.6500""}"
KXBTC15M-26APR281115-15,5a2fac21-9021-4339-bd7f-db931591183e,1777388410,0.65,116.0,yes,"{""count_fp"":""116.00"",""created_time"":""2026-04-28T15:00:10.884061Z"",""no_price_dollars"":""0.3500"",""taker_side"":""yes"",""ticker"":""KXBTC15M-26APR281115-15"",""trade_id"":""5a2fac21-9021-4339-bd7f-db931591183e"",""yes_price_dollars"":""0.6500""}"
KXBTC15M-26APR281115-15,f7e05af7-6039-5ea5-31b6-de2bec50f5f2,1777388410,0.64,31.0,yes,"{""count_fp"":""31.00"",""created_time"":""2026-04-28T15:00:10.407546Z"",""no_price_dollars"":""0.3600"",""taker_side"":""yes"",""ticker"":""KXBTC15M-26APR281115-15"",""trade_id"":""f7e05af7-6039-5ea5-31b6-de2bec50f5f2"",""yes_price_dollars"":""0.6400""}"
KXBTC15M-26APR281115-15,79c3fa61-ccf5-55c5-3e3b-f0717964ed32,1777388410,0.65,3.0,yes,"{""count_fp"":""3.00"",""created_time"":""2026-04-28T15:00:10.407546Z"",""no_price_dollars"":""0.3500"",""taker_side"":""yes"",""ticker"":""KXBTC15M-26APR281115-15"",""trade_id"":""79c3fa61-ccf5-55c5-3e3b-f0717964ed32"",""yes_price_dollars"":""0.6500""}"
KXBTC15M-26APR281115-15,bb194dd4-e461-677d-e424-43f6c61f9da2,1777388410,0.64,6.0,yes,"{""count_fp"":""6.00"",""created_time"":""2026-04-28T15:00:10.255539Z"",""no_price_dollars"":""0.3600"",""taker_side"":""yes"",""ticker"":""KXBTC15M-26APR281115-15"",""trade_id"":""bb194dd4-e461-677d-e424-43f6c61f9da2"",""yes_price_dollars"":""0.6400""}"
KXBTC15M-26APR281115-15,288e8a17-19f1-5b65-d48e-ead552998a36,1777388410,0.64,6.0,yes,"{""count_fp"":""6.00"",""created_time"":""2026-04-28T15:00:10.053026Z"",""no_price_dollars"":""0.3600"",""taker_side"":""yes"",""ticker"":""KXBTC15M-26APR281115-15"",""trade_id"":""288e8a17-19f1-5b65-d48e-ead552998a36"",""yes_price_dollars"":""0.6400""}"
KXBTC15M-26APR281115-15,692beaba-7bb6-4f9e-4413-5565f7b40bae,1777388411,0.68,46.59,no,"{""count_fp"":""46.59"",""created_time"":""2026-04-28T15:00:11.668116Z"",""no_price_dollars"":""0.3200"",""taker_side"":""no"",""ticker"":""KXBTC15M-26APR281115-15"",""trade_id"":""692beaba-7bb6-4f9e-4413-5565f7b40bae"",""yes_price_dollars"":""0.6800""}"
KXBTC15M-26APR281115-15,42827569-3931-54d7-beb0-595cf3df30a0,1777388411,0.69,40.0,yes,"{""count_fp"":""40.00"",""created_time"":""2026-04-28T15:00:11.033348Z"",""no_price_dollars"":""0.3100"",""taker_side"":""yes"",""ticker"":""KXBTC15M-26APR281115-15"",""trade_id"":""42827569-3931-54d7-beb0-595cf3df30a0"",""yes_price_dollars"":""0.6900""}"
KXBTC15M-26APR281115-15,8ccba5a1-cd81-60df-143e-5bceaa683df5,1777388412,0.69,7.0,yes,"{""count_fp"":""7.00"",""created_time"":""2026-04-28T15:00:12.983405Z"",""no_price_dollars"":""0.3100"",""taker_side"":""yes"",""ticker"":""KXBTC15M-26APR281115-15"",""trade_id"":""8ccba5a1-cd81-60df-143e-5bceaa683df5"",""yes_price_dollars"":""0.6900""}"
KXBTC15M-26APR281115-15,2fadbd0e-65bb-632e-0d15-deeab74b34dd,1777388412,0.7,0.09,yes,"{""count_fp"":""0.09"",""created_time"":""2026-04-28T15:00:12.983405Z"",""no_price_dollars"":""0.3000"",""taker_side"":""yes"",""ticker"":""KXBTC15M-26APR281115-15"",""trade_id"":""2fadbd0e-65bb-632e-0d15-deeab74b34dd"",""yes_price_dollars"":""0.7000""}"
KXBTC15M-26APR281115-15,c2011a84-271e-40e0-a957-fdc935a9e519,1777388412,0.68,2.0,no,"{""count_fp"":""2.00"",""created_time"":""2026-04-28T15:00:12.760029Z"",""no_price_dollars"":""0.3200"",""taker_side"":""no"",""ticker"":""KXBTC15M-26APR281115-15"",""trade_id"":""c2011a84-271e-40e0-a957-fdc935a9e519"",""yes_price_dollars"":""0.6800""}"
KXBTC15M-26APR281115-15,df677702-ae59-51f3-1e89-745a84d9b619,1777388412,0.69,3.0,yes,"{""count_fp"":""3.00"",""created_time"":""2026-04-28T15:00:12.655357Z"",""no_price_dollars"":""0.3100"",""taker_side"":""yes"",""ticker"":""KXBTC15M-26APR281115-15"",""trade_id"":""df677702-ae59-51f3-1e89-745a84d9b619"",""yes_price_dollars"":""0.6900""}"
KXBTC15M-26APR281115-15,da288263-f3ff-4200-761d-bc2d79592b02,1777388412,0.68,4.91,no,"{""count_fp"":""4.91"",""created_time"":""2026-04-28T15:00:12.162471Z"",""no_price_dollars"":""0.3200"",""taker_side"":""no"",""ticker"":""KXBTC15M-26APR281115-15"",""trade_id"":""da288263-f3ff-4200-761d-bc2d79592b02"",""yes_price_dollars"":""0.6800""}"
KXBTC15M-26APR281115-15,aded4ffd-c53b-67e4-b1b2-eb78d839d8c1,1777388413,0.69,3.0,yes,"{""count_fp"":""3.00"",""created_time"":""2026-04-28T15:00:13.514197Z"",""no_price_dollars"":""0.3100"",""taker_side"":""yes"",""ticker"":""KXBTC15M-26APR281115-15"",""trade_id"":""aded4ffd-c53b-67e4-b1b2-eb78d839d8c1"",""yes_price_dollars"":""0.6900""}"
KXBTC15M-26APR281115-15,a4da44bc-277b-6fb3-8472-9a8a0e3786c1,1777388413,0.69,10.0,yes,"{""count_fp"":""10.00"",""created_time"":""2026-04-28T15:00:13.514197Z"",""no_price_dollars"":""0.3100"",""taker_side"":""yes"",""ticker"":""KXBTC15M-26APR281115-15"",""trade_id"":""a4da44bc-277b-6fb3-8472-9a8a0e3786c1"",""yes_price_dollars"":""0.6900""}"
KXBTC15M-26APR281115-15,642578e2-ad51-6ec0-b6be-2b6307fe2fd1,1777388413,0.71,17.81,yes,"{""count_fp"":""17.81"",""created_time"":""2026-04-28T15:00:13.514197Z"",""no_price_dollars"":""0.2900"",""taker_side"":""yes"",""ticker"":""KXBTC15M-26APR281115-15"",""trade_id"":""642578e2-ad51-6ec0-b6be-2b6307fe2fd1"",""yes_price_dollars"":""0.7100""}"
KXBTC15M-26APR281115-15,44f95556-d4c3-6bc8-ad26-7391aa9eceaf,1777388413,0.71,25.0,yes,"{""count_fp"":""25.00"",""created_time"":""2026-04-28T15:00:13.514197Z"",""no_price_dollars"":""0.2900"",""taker_side"":""yes"",""ticker"":""KXBTC15M-26APR281115-15"",""trade_id"":""44f95556-d4c3-6bc8-ad26-7391aa9eceaf"",""yes_price_dollars"":""0.7100""}"
KXBTC15M-26APR281115-15,38531afa-bbfc-6f58-b843-af628d6461a9,1777388413,0.69,75.0,yes,"{""count_fp"":""75.00"",""created_time"":""2026-04-28T15:00:13.514197Z"",""no_price_dollars"":""0.3100"",""taker_side"":""yes"",""ticker"":""KXBTC15M-26APR281115-15"",""trade_id"":""38531afa-bbfc-6f58-b843-af628d6461a9"",""yes_price_dollars"":""0.6900""}"
KXBTC15M-26APR281115-15,2a29436d-35cb-6192-b488-607822db37bd,1777388413,0.7,9.91,yes,"{""count_fp"":""9.91"",""created_time"":""2026-04-28T15:00:13.514197Z"",""no_price_dollars"":""0.3000"",""taker_side"":""yes"",""ticker"":""KXBTC15M-26APR281115-15"",""trade_id"":""2a29436d-35cb-6192-b488-607822db37bd"",""yes_price_dollars"":""0.7000""}"
KXBTC15M-26APR281115-15,1da88555-38fe-6f6a-af38-1043a379da02,1777388413,0.7,56.0,yes,"{""count_fp"":""56.00"",""created_time"":""2026-04-28T15:00:13.514197Z"",""no_price_dollars"":""0.3000"",""taker_side"":""yes"",""ticker"":""KXBTC15M-26APR281115-15"",""trade_id"":""1da88555-38fe-6f6a-af38-1043a379da02"",""yes_price_dollars"":""0.7000""}"
KXBTC15M-26APR281115-15,023085f3-a3f5-6511-bfa3-7698bb45c68e,1777388413,0.69,10.0,yes,"{""count_fp"":""10.00"",""created_time"":""2026-04-28T15:00:13.514197Z"",""no_price_dollars"":""0.3100"",""taker_side"":""yes"",""ticker"":""KXBTC15M-26APR281115-15"",""trade_id"":""023085f3-a3f5-6511-bfa3-7698bb45c68e"",""yes_price_dollars"":""0.6900""}"
KXBTC15M-26APR281115-15,af139934-76b3-7f03-ab7e-f3493553aa0c,1777388413,0.68,18.0,no,"{""count_fp"":""18.00"",""created_time"":""2026-04-28T15:00:13.249697Z"",""no_price_dollars"":""0.3200"",""taker_side"":""no"",""ticker"":""KXBTC15M-26APR281115-15"",""trade_id"":""af139934-76b3-7f03-ab7e-f3493553aa0c"",""yes_price_dollars"":""0.6800""}"
KXBTC15M-26APR281115-15,2699b338-762b-7d49-9006-7f281820199b,1777388413,0.68,20.0,no,"{""count_fp"":""20.00"",""created_time"":""2026-04-28T15:00:13.249697Z"",""no_price_dollars"":""0.3200"",""taker_side"":""no"",""ticker"":""KXBTC15M-26APR281115-15"",""trade_id"":""2699b338-762b-7d49-9006-7f281820199b"",""yes_price_dollars"":""0.6800""}"
KXBTC15M-26APR281115-15,ef72f0d3-5404-6a27-0598-9e5d70c91f87,1777388414,0.68,92.0,no,"{""count_fp"":""92.00"",""created_time"":""2026-04-28T15:00:14.468935Z"",""no_price_dollars"":""0.3200"",""taker_side"":""no"",""ticker"":""KXBTC15M-26APR281115-15"",""trade_id"":""ef72f0d3-5404-6a27-0598-9e5d70c91f87"",""yes_price_dollars"":""0.6800""}"
KXBTC15M-26APR281115-15,9c5febed-5ed7-65a3-15a7-a0992bfc4d74,1777388414,0.69,3.0,no,"{""count_fp"":""3.00"",""created_time"":""2026-04-28T15:00:14.468935Z"",""no_price_dollars"":""0.3100"",""taker_side"":""no"",""ticker"":""KXBTC15M-26APR281115-15"",""trade_id"":""9c5febed-5ed7-65a3-15a7-a0992bfc4d74"",""yes_price_dollars"":""0.6900""}"
KXBTC15M-26APR281115-15,6c855a40-511d-693e-1dba-6f1a1d7b0f8b,1777388414,0.68,5.0,no,"{""count_fp"":""5.00"",""created_time"":""2026-04-28T15:00:14.468935Z"",""no_price_dollars"":""0.3200"",""taker_side"":""no"",""ticker"":""KXBTC15M-26APR281115-15"",""trade_id"":""6c855a40-511d-693e-1dba-6f1a1d7b0f8b"",""yes_price_dollars"":""0.6800""}"
KXBTC15M-26APR281115-15,d7245e6b-6183-7124-967a-533c9f1a62f4,1777388414,0.67,1.0,no,"{""count_fp"":""1.00"",""created_time"":""2026-04-28T15:00:14.244613Z"",""no_price_dollars"":""0.3300"",""taker_side"":""no"",""ticker"":""KXBTC15M-26APR281115-15"",""trade_id"":""d7245e6b-6183-7124-967a-533c9f1a62f4"",""yes_price_dollars"":""0.6700""}"
KXBTC15M-26APR281115-15,cd02f968-a182-7bf3-9c4c-e31ba6a1f70b,1777388414,0.68,3.0,no,"{""count_fp"":""3.00"",""created_time"":""2026-04-28T15:00:14.244613Z"",""no_price_dollars"":""0.3200"",""taker_side"":""no"",""ticker"":""KXBTC15M-26APR281115-15"",""trade_id"":""cd02f968-a182-7bf3-9c4c-e31ba6a1f70b"",""yes_price_dollars"":""0.6800""}"
KXBTC15M-26APR281115-15,6aa601f4-121c-742d-a2dc-341de8d37716,1777388414,0.68,1.0,no,"{""count_fp"":""1.00"",""created_time"":""2026-04-28T15:00:14.244613Z"",""no_price_dollars"":""0.3200"",""taker_side"":""no"",""ticker"":""KXBTC15M-26APR281115-15"",""trade_id"":""6aa601f4-121c-742d-a2dc-341de8d37716"",""yes_price_dollars"":""0.6800""}"
KXBTC15M-26APR281115-15,54997747-7962-72cf-ad1f-c35bd0f962c5,1777388414,0.68,5.0,no,"{""count_fp"":""5.00"",""created_time"":""2026-04-28T15:00:14.244613Z"",""no_price_dollars"":""0.3200"",""taker_side"":""no"",""ticker"":""KXBTC15M-26APR281115-15"",""trade_id"":""54997747-7962-72cf-ad1f-c35bd0f962c5"",""yes_price_dollars"":""0.6800""}"
KXBTC15M-26APR281115-15,373b5b09-ab62-7a65-8179-2f0969e0cd1a,1777388414,0.68,10.0,no,"{""count_fp"":""10.00"",""created_time"":""2026-04-28T15:00:14.244613Z"",""no_price_dollars"":""0.3200"",""taker_side"":""no"",""ticker"":""KXBTC15M-26APR281115-15"",""trade_id"":""373b5b09-ab62-7a65-8179-2f0969e0cd1a"",""yes_price_dollars"":""0.6800""}"
KXBTC15M-26APR281115-15,16a9b59c-d3dc-7d12-8894-babd2da9cd98,1777388414,0.67,30.0,no,"{""count_fp"":""30.00"",""created_time"":""2026-04-28T15:00:14.244613Z"",""no_price_dollars"":""0.3300"",""taker_side"":""no"",""ticker"":""KXBTC15M-26APR281115-15"",""trade_id"":""16a9b59c-d3dc-7d12-8894-babd2da9cd98"",""yes_price_dollars"":""0.6700""}"
KXBTC15M-26APR281115-15,edd8ab5c-b92e-6dc5-f113-39018b493ccf,1777388414,0.7,1.41,yes,"{""count_fp"":""1.41"",""created_time"":""2026-04-28T15:00:14.172122Z"",""no_price_dollars"":""0.3000"",""taker_side"":""yes"",""ticker"":""KXBTC15M-26APR281115-15"",""trade_id"":""edd8ab5c-b92e-6dc5-f113-39018b493ccf"",""yes_price_dollars"":""0.7000""}"
KXBTC15M-26APR281115-15,e54585b4-92a0-439c-2c88-edfdbb7ce1b0,1777388415,0.69,6.0,no,"{""count_fp"":""6.00"",""created_time"":""2026-04-28T15:00:15.997092Z"",""no_price_dollars"":""0.3100"",""taker_side"":""no"",""ticker"":""KXBTC15M-26APR281115-15"",""trade_id"":""e54585b4-92a0-439c-2c88-edfdbb7ce1b0"",""yes_price_dollars"":""0.6900""}"
KXBTC15M-26APR281115-15,c61d3ec1-271a-49a9-0ab2-7ad5b824a03d,1777388415,0.68,25.24,no,"{""count_fp"":""25.24"",""created_time"":""2026-04-28T15:00:15.997092Z"",""no_price_dollars"":""0.3200"",""taker_side"":""no"",""ticker"":""KXBTC15M-26APR281115-15"",""trade_id"":""c61d3ec1-271a-49a9-0ab2-7ad5b824a03d"",""yes_price_dollars"":""0.6800""}"
KXBTC15M-26APR281115-15,505f6b39-fb30-4b56-0b6c-4d4a9ba9aea8,1777388415,0.69,53.38,no,"{""count_fp"":""53.38"",""created_time"":""2026-04-28T15:00:15.997092Z"",""no_price_dollars"":""0.3100"",""taker_side"":""no"",""ticker"":""KXBTC15M-26APR281115-15"",""trade_id"":""505f6b39-fb30-4b56-0b6c-4d4a9ba9aea8"",""yes_price_dollars"":""0.6900""}"
KXBTC15M-26APR281115-15,22068ba6-2066-4f65-3b64-c42b81b71b4d,1777388415,0.7,5.0,no,"{""count_fp"":""5.00"",""created_time"":""2026-04-28T15:00:15.997092Z"",""no_price_dollars"":""0.3000"",""taker_side"":""no"",""ticker"":""KXBTC15M-26APR281115-15"",""trade_id"":""22068ba6-2066-4f65-3b64-c42b81b71b4d"",""yes_price_dollars"":""0.7000""}"
KXBTC15M-26APR281115-15,0623a9ab-01a2-6752-fc3e-5f02c63e2f18,1777388415,0.71,3.0,yes,"{""count_fp"":""3.00"",""created_time"":""2026-04-28T15:00:15.844152Z"",""no_price_dollars"":""0.2900"",""taker_side"":""yes"",""ticker"":""KXBTC15M-26APR281115-15"",""trade_id"":""0623a9ab-01a2-6752-fc3e-5f02c63e2f18"",""yes_price_dollars"":""0.7100""}"
KXBTC15M-26APR281115-15,03379b24-2a67-6dfe-da07-9ff22dbb929a,1777388415,0.71,3.88,yes,"{""count_fp"":""3.88"",""created_time"":""2026-04-28T15:00:15.844152Z"",""no_price_dollars"":""0.2900"",""taker_side"":""yes"",""ticker"":""KXBTC15M-26APR281115-15"",""trade_id"":""03379b24-2a67-6dfe-da07-9ff22dbb929a"",""yes_price_dollars"":""0.7100""}"
KXBTC15M-26APR281115-15,fe808e9d-18d8-713e-d05c-b2d1c08b4034,1777388415,0.7,1.0,no,"{""count_fp"":""1.00"",""created_time"":""2026-04-28T15:00:15.401304Z"",""no_price_dollars"":""0.3000"",""taker_side"":""no"",""ticker"":""KXBTC15M-26APR281115-15"",""trade_id"":""fe808e9d-18d8-713e-d05c-b2d1c08b4034"",""yes_price_dollars"":""0.7000""}"
KXBTC15M-26APR281115-15,1c24c48a-6b9c-4dbe-142f-1e6f1dd03768,1777388415,0.69,65.62,no,"{""count_fp"":""65.62"",""created_time"":""2026-04-28T15:00:15.258611Z"",""no_price_dollars"":""0.3100"",""taker_side"":""no"",""ticker"":""KXBTC15M-26APR281115-15"",""trade_id"":""1c24c48a-6b9c-4dbe-142f-1e6f1dd03768"",""yes_price_dollars"":""0.6900""}"
KXBTC15M-26APR281115-15,87cfdc1c-8cc0-594a-90eb-19b25581548c,1777388416,0.69,2.91,no,"{""count_fp"":""2.91"",""created_time"":""2026-04-28T15:00:16.696902Z"",""no_price_dollars"":""0.3100"",""taker_side"":""no"",""ticker"":""KXBTC15M-26APR281115-15"",""trade_id"":""87cfdc1c-8cc0-594a-90eb-19b25581548c"",""yes_price_dollars"":""0.6900""}"
KXBTC15M-26APR281115-15,7bf02dfe-904e-583e-920c-9e148d78aeff,1777388416,0.69,4.09,no,"{""count_fp"":""4.09"",""created_time"":""2026-04-28T15:00:16.696902Z"",""no_price_dollars"":""0.3100"",""taker_side"":""no"",""ticker"":""KXBTC15M-26APR281115-15"",""trade_id"":""7bf02dfe-904e-583e-920c-9e148d78aeff"",""yes_price_dollars"":""0.6900""}"
KXBTC15M-26APR281115-15,797c8c2d-c621-5d5d-bf87-2d6ea44938d7,1777388416,0.69,3.0,no,"{""count_fp"":""3.00"",""created_time"":""2026-04-28T15:00:16.696902Z"",""no_price_dollars"":""0.3100"",""taker_side"":""no"",""ticker"":""KXBTC15M-26APR281115-15"",""trade_id"":""797c8c2d-c621-5d5d-bf87-2d6ea44938d7"",""yes_price_dollars"":""0.6900""}"
KXBTC15M-26APR281115-15,6af35e53-46bb-7cea-c38f-913043d19a93,1777388416,0.7,9.0,yes,"{""count_fp"":""9.00"",""created_time"":""2026-04-28T15:00:16.156776Z"",""no_price_dollars"":""0.3000"",""taker_side"":""yes"",""ticker"":""KXBTC15M-26APR281115-15"",""trade_id"":""6af35e53-46bb-7cea-c38f-913043d19a93"",""yes_price_dollars"":""0.7000""}"
KXBTC15M-26APR281115-15,23d8fd42-0d87-77e6-f416-faefbd63e7e0,1777388416,0.7,1.0,yes,"{""count_fp"":""1.00"",""created_time"":""2026-04-28T15:00:16.156776Z"",""no_price_dollars"":""0.3000"",""taker_side"":""yes"",""ticker"":""KXBTC15M-26APR281115-15"",""trade_id"":""23d8fd42-0d87-77e6-f416-faefbd63e7e0"",""yes_price_dollars"":""0.7000""}"
KXBTC15M-26APR281115-15,69fa6c6e-0e7e-7794-ed72-e72a869be6b8,1777388416,0.69,14.0,no,"{""count_fp"":""14.00"",""created_time"":""2026-04-28T15:00:16.152482Z"",""no_price_dollars"":""0.3100"",""taker_side"":""no"",""ticker"":""KXBTC15M-26APR281115-15"",""trade_id"":""69fa6c6e-0e7e-7794-ed72-e72a869be6b8"",""yes_price_dollars"":""0.6900""}"
KXBTC15M-26APR281115-15,0b42cd85-189a-765a-ec0d-9db49eabb667,1777388416,0.69,0.91,no,"{""count_fp"":""0.91"",""created_time"":""2026-04-28T15:00:16.152482Z"",""no_price_dollars"":""0.3100"",""taker_side"":""no"",""ticker"":""KXBTC15M-26APR281115-15"",""trade_id"":""0b42cd85-189a-765a-ec0d-9db49eabb667"",""yes_price_dollars"":""0.6900""}"
KXBTC15M-26APR281115-15,e36f2952-da82-6a08-571f-6916a9929574,1777388416,0.7,3.0,yes,"{""count_fp"":""3.00"",""created_time"":""2026-04-28T15:00:16.055693Z"",""no_price_dollars"":""0.3000"",""taker_side"":""yes"",""ticker"":""KXBTC15M-26APR281115-15"",""trade_id"":""e36f2952-da82-6a08-571f-6916a9929574"",""yes_price_dollars"":""0.7000""}"
KXBTC15M-26APR281115-15,4d2f5845-6c27-63ae-6faf-b36715dbe513,1777388416,0.7,2.0,yes,"{""count_fp"":""2.00"",""created_time"":""2026-04-28T15:00:16.055693Z"",""no_price_dollars"":""0.3000"",""taker_side"":""yes"",""ticker"":""KXBTC15M-26APR281115-15"",""trade_id"":""4d2f5845-6c27-63ae-6faf-b36715dbe513"",""yes_price_dollars"":""0.7000""}"
KXBTC15M-26APR281115-15,e0643dbd-c32e-702a-e0c8-0667368914bb,1777388417,0.71,81.68,yes,"{""count_fp"":""81.68"",""created_time"":""2026-04-28T15:00:17.839063Z"",""no_price_dollars"":""0.2900"",""taker_side"":""yes"",""ticker"":""KXBTC15M-26APR281115-15"",""trade_id"":""e0643dbd-c32e-702a-e0c8-0667368914bb"",""yes_price_dollars"":""0.7100""}"
KXBTC15M-26APR281115-15,9e6f8c52-4a17-7a5a-ff7b-d570ff426f48,1777388417,0.7,21.07,yes,"{""count_fp"":""21.07"",""created_time"":""2026-04-28T15:00:17.839063Z"",""no_price_dollars"":""0.3000"",""taker_side"":""yes"",""ticker"":""KXBTC15M-26APR281115-15"",""trade_id"":""9e6f8c52-4a17-7a5a-ff7b-d570ff426f48"",""yes_price_dollars"":""0.7000""}"
KXBTC15M-26APR281115-15,376348e4-36cd-6df0-2c0e-b4ec99e358b8,1777388417,0.69,123.06,no,"{""count_fp"":""123.06"",""created_time"":""2026-04-28T15:00:17.519954Z"",""no_price_dollars"":""0.3100"",""taker_side"":""no"",""ticker"":""KXBTC15M-26APR281115-15"",""trade_id"":""376348e4-36cd-6df0-2c0e-b4ec99e358b8"",""yes_price_dollars"":""0.6900""}"
KXBTC15M-26APR281115-15,8ffb2452-17fc-4fb6-c3b5-9b0223595bf0,1777388417,0.69,2.83,no,"{""count_fp"":""2.83"",""created_time"":""2026-04-28T15:00:17.023717Z"",""no_price_dollars"":""0.3100"",""taker_side"":""no"",""ticker"":""KXBTC15M-26APR281115-15"",""trade_id"":""8ffb2452-17fc-4fb6-c3b5-9b0223595bf0"",""yes_price_dollars"":""0.6900""}"
KXBTC15M-26APR281115-15,fef85fb8-3b1b-746f-e078-4d564ad39a2b,1777388418,0.7,6.0,no,"{""count_fp"":""6.00"",""created_time"":""2026-04-28T15:00:18.738111Z"",""no_price_dollars"":""0.3000"",""taker_side"":""no"",""ticker"":""KXBTC15M-26APR281115-15"",""trade_id"":""fef85fb8-3b1b-746f-e078-4d564ad39a2b"",""yes_price_dollars"":""0.7000""}"
KXBTC15M-26APR281115-15,c34f8162-6f91-7729-dcac-9139c076cbc3,1777388418,0.68,432.02,no,"{""count_fp"":""432.02"",""created_time"":""2026-04-28T15:00:18.738111Z"",""no_price_dollars"":""0.3200"",""taker_side"":""no"",""ticker"":""KXBTC15M-26APR281115-15"",""trade_id"":""c34f8162-6f91-7729-dcac-9139c076cbc3"",""yes_price_dollars"":""0.6800""}"
KXBTC15M-26APR281115-15,ad892907-e83d-7e8d-cd2a-9c8733971af8,1777388418,0.69,3.0,no,"{""count_fp"":""3.00"",""created_time"":""2026-04-28T15:00:18.738111Z"",""no_price_dollars"":""0.3100"",""taker_side"":""no"",""ticker"":""KXBTC15M-26APR281115-15"",""trade_id"":""ad892907-e83d-7e8d-cd2a-9c8733971af8"",""yes_price_dollars"":""0.6900""}"
KXBTC15M-26APR281115-15,acd14aa6-ecfe-7e7b-f69f-542fde5ce0b9,1777388418,0.68,1.0,no,"{""count_fp"":""1.00"",""created_time"":""2026-04-28T15:00:18.738111Z"",""no_price_dollars"":""0.3200"",""taker_side"":""no"",""ticker"":""KXBTC15M-26APR281115-15"",""trade_id"":""acd14aa6-ecfe-7e7b-f69f-542fde5ce0b9"",""yes_price_dollars"":""0.6800""}"
KXBTC15M-26APR281115-15,9ef42588-3518-71c8-e82a-730bfb6f2c84,1777388418,0.69,1.0,no,"{""count_fp"":""1.00"",""created_time"":""2026-04-28T15:00:18.738111Z"",""no_price_dollars"":""0.3100"",""taker_side"":""no"",""ticker"":""KXBTC15M-26APR281115-15"",""trade_id"":""9ef42588-3518-71c8-e82a-730bfb6f2c84"",""yes_price_dollars"":""0.6900""}"
KXBTC15M-26APR281115-15,99bbe611-8301-7dc0-cd9c-70038d18cc18,1777388418,0.7,26.94,no,"{""count_fp"":""26.94"",""created_time"":""2026-04-28T15:00:18.738111Z"",""no_price_dollars"":""0.3000"",""taker_side"":""no"",""ticker"":""KXBTC15M-26APR281115-15"",""trade_id"":""99bbe611-8301-7dc0-cd9c-70038d18cc18"",""yes_price_dollars"":""0.7000""}"
KXBTC15M-26APR281115-15,7aa57bcf-08a7-72f0-f2b1-9b4adc3821a8,1777388418,0.7,5.0,no,"{""count_fp"":""5.00"",""created_time"":""2026-04-28T15:00:18.738111Z"",""no_price_dollars"":""0.3000"",""taker_side"":""no"",""ticker"":""KXBTC15M-26APR281115-15"",""trade_id"":""7aa57bcf-08a7-72f0-f2b1-9b4adc3821a8"",""yes_price_dollars"":""0.7000""}"
KXBTC15M-26APR281115-15,50a23b34-6774-765b-ee54-4f2560e01633,1777388418,0.7,16.18,no,"{""count_fp"":""16.18"",""created_time"":""2026-04-28T15:00:18.738111Z"",""no_price_dollars"":""0.3000"",""taker_side"":""no"",""ticker"":""KXBTC15M-26APR281115-15"",""trade_id"":""50a23b34-6774-765b-ee54-4f2560e01633"",""yes_price_dollars"":""0.7000""}"
KXBTC15M-26APR281115-15,1780bb95-e45a-7a9d-ca84-03c90365c39f,1777388418,0.7,500.0,no,"{""count_fp"":""500.00"",""created_time"":""2026-04-28T15:00:18.738111Z"",""no_price_dollars"":""0.3000"",""taker_side"":""no"",""ticker"":""KXBTC15M-26APR281115-15"",""trade_id"":""1780bb95-e45a-7a9d-ca84-03c90365c39f"",""yes_price_dollars"":""0.7000""}"
KXBTC15M-26APR281115-15,14df91bc-06a7-74f4-fca4-c64a6af9971a,1777388418,0.69,800.0,no,"{""count_fp"":""800.00"",""created_time"":""2026-04-28T15:00:18.738111Z"",""no_price_dollars"":""0.3100"",""taker_side"":""no"",""ticker"":""KXBTC15M-26APR281115-15"",""trade_id"":""14df91bc-06a7-74f4-fca4-c64a6af9971a"",""yes_price_dollars"":""0.6900""}"
KXBTC15M-26APR281115-15,d35889eb-a956-5709-ac6c-0e7103908da2,1777388418,0.71,16.18,yes,"{""count_fp"":""16.18"",""created_time"":""2026-04-28T15:00:18.547955Z"",""no_price_dollars"":""0.2900"",""taker_side"":""yes"",""ticker"":""KXBTC15M-26APR281115-15"",""trade_id"":""d35889eb-a956-5709-ac6c-0e7103908da2"",""yes_price_dollars"":""0.7100""}"
KXBTC15M-26APR281115-15,6d4cd6a9-46cf-5b22-a065-08ce344cd340,1777388418,0.71,3.0,yes,"{""count_fp"":""3.00"",""created_time"":""2026-04-28T15:00:18.547955Z"",""no_price_dollars"":""0.2900"",""taker_side"":""yes"",""ticker"":""KXBTC15M-26APR281115-15"",""trade_id"":""6d4cd6a9-46cf-5b22-a065-08ce344cd340"",""yes_price_dollars"":""0.7100""}"
KXBTC15M-26APR281115-15,c1d769bd-baa7-5326-a96a-4c2075b6c56b,1777388419,0.72,0.15,yes,"{""count_fp"":""0.15"",""created_time"":""2026-04-28T15:00:19.949971Z"",""no_price_dollars"":""0.2800"",""taker_side"":""yes"",""ticker"":""KXBTC15M-26APR281115-15"",""trade_id"":""c1d769bd-baa7-5326-a96a-4c2075b6c56b"",""yes_price_dollars"":""0.7200""}"
KXBTC15M-26APR281115-15,d7b03c53-8360-514d-41ba-18c980442f98,1777388419,0.7,1.0,no,"{""count_fp"":""1.00"",""created_time"":""2026-04-28T15:00:19.262708Z"",""no_price_dollars"":""0.3000"",""taker_side"":""no"",""ticker"":""KXBTC15M-26APR281115-15"",""trade_id"":""d7b03c53-8360-514d-41ba-18c980442f98"",""yes_price_dollars"":""0.7000""}"
KXBTC15M-26APR281115-15,d7af0367-8394-7ebb-71f6-a88cb82f0122,1777388420,0.72,150.0,no,"{""count_fp"":""150.00"",""created_time"":""2026-04-28T15:00:20.702999Z"",""no_price_dollars"":""0.2800"",""taker_side"":""no"",""ticker"":""KXBTC15M-26APR281115-15"",""trade_id"":""d7af0367-8394-7ebb-71f6-a88cb82f0122"",""yes_price_dollars"":""0.7200""}"
KXBTC15M-26APR281115-15,b61551dc-1ce8-7345-6fc3-aa8d68b225b0,1777388420,0.72,5.0,no,"{""count_fp"":""5.00"",""created_time"":""2026-04-28T15:00:20.702999Z"",""no_price_dollars"":""0.2800"",""taker_side"":""no"",""ticker"":""KXBTC15M-26APR281115-15"",""trade_id"":""b61551dc-1ce8-7345-6fc3-aa8d68b225b0"",""yes_price_dollars"":""0.7200""}"
KXBTC15M-26APR281115-15,ddd0ce83-c38b-5b8e-92cb-d2707e8c85e2,1777388421,0.71,1.1,yes,"{""count_fp"":""1.10"",""created_time"":""2026-04-28T15:00:21.829677Z"",""no_price_dollars"":""0.2900"",""taker_side"":""yes"",""ticker"":""KXBTC15M-26APR281115-15"",""trade_id"":""ddd0ce83-c38b-5b8e-92cb-d2707e8c85e2"",""yes_price_dollars"":""0.7100""}"
KXBTC15M-26APR281115-15,80172d28-a65b-62ce-4780-7952c2d16fca,1777388421,0.71,4.03,yes,"{""count_fp"":""4.03"",""created_time"":""2026-04-28T15:00:21.703109Z"",""no_price_dollars"":""0.2900"",""taker_side"":""yes"",""ticker"":""KXBTC15M-26APR281115-15"",""trade_id"":""80172d28-a65b-62ce-4780-7952c2d16fca"",""yes_price_dollars"":""0.7100""}"
KXBTC15M-26APR281115-15,644d3faf-edb7-5fe8-1d90-7a61faff222c,1777388421,0.7,21.54,no,"{""count_fp"":""21.54"",""created_time"":""2026-04-28T15:00:21.470106Z"",""no_price_dollars"":""0.3000"",""taker_side"":""no"",""ticker"":""KXBTC15M-26APR281115-15"",""trade_id"":""644d3faf-edb7-5fe8-1d90-7a61faff222c"",""yes_price_dollars"":""0.7000""}"
KXBTC15M-26APR281115-15,ef5124a0-962f-66e0-21c5-08dae32d0984,1777388421,0.7,6.15,no,"{""count_fp"":""6.15"",""created_time"":""2026-04-28T15:00:21.323506Z"",""no_price_dollars"":""0.3000"",""taker_side"":""no"",""ticker"":""KXBTC15M-26APR281115-15"",""trade_id"":""ef5124a0-962f-66e0-21c5-08dae32d0984"",""yes_price_dollars"":""0.7000""}"
KXBTC15M-26APR281115-15,fc8b77c7-2d33-7787-8fa3-69fee762503e,1777388422,0.7,1.0,no,"{""count_fp"":""1.00"",""created_time"":""2026-04-28T15:00:22.419119Z"",""no_price_dollars"":""0.3000"",""taker_side"":""no"",""ticker"":""KXBTC15M-26APR281115-15"",""trade_id"":""fc8b77c7-2d33-7787-8fa3-69fee762503e"",""yes_price_dollars"":""0.7000""}"
KXBTC15M-26APR281115-15,eba368b8-8a64-7c62-b84f-23b32fa6aff7,1777388422,0.68,111.0,no,"{""count_fp"":""111.00"",""created_time"":""2026-04-28T15:00:22.419119Z"",""no_price_dollars"":""0.3200"",""taker_side"":""no"",""ticker"":""KXBTC15M-26APR281115-15"",""trade_id"":""eba368b8-8a64-7c62-b84f-23b32fa6aff7"",""yes_price_dollars"":""0.6800""}"
KXBTC15M-26APR281115-15,cdcc49de-82e7-7cf0-956b-08c7a24c5d44,1777388422,0.7,62.31,no,"{""count_fp"":""62.31"",""created_time"":""2026-04-28T15:00:22.419119Z"",""no_price_dollars"":""0.3000"",""taker_side"":""no"",""ticker"":""KXBTC15M-26APR281115-15"",""trade_id"":""cdcc49de-82e7-7cf0-956b-08c7a24c5d44"",""yes_price_dollars"":""0.7000""}"
KXBTC15M-26APR281115-15,c145d1c0-7531-74dd-9aa9-c8392196fd9a,1777388422,0.7,6.0,no,"{""count_fp"":""6.00"",""created_time"":""2026-04-28T15:00:22.419119Z"",""no_price_dollars"":""0.3000"",""taker_side"":""no"",""ticker"":""KXBTC15M-26APR281115-15"",""trade_id"":""c145d1c0-7531-74dd-9aa9-c8392196fd9a"",""yes_price_dollars"":""0.7000""}"
KXBTC15M-26APR281115-15,bdb619a5-c13e-72d8-b357-a6e3fa4a6a71,1777388422,0.7,30.0,no,"{""count_fp"":""30.00"",""created_time"":""2026-04-28T15:00:22.419119Z"",""no_price_dollars"":""0.3000"",""taker_side"":""no"",""ticker"":""KXBTC15M-26APR281115-15"",""trade_id"":""bdb619a5-c13e-72d8-b357-a6e3fa4a6a71"",""yes_price_dollars"":""0.7000""}"
KXBTC15M-26APR281115-15,b1c31688-9605-7bba-9a2d-47a53396c771,1777388422,0.67,620.68,no,"{""count_fp"":""620.68"",""created_time"":""2026-04-28T15:00:22.419119Z"",""no_price_dollars"":""0.3300"",""taker_side"":""no"",""ticker"":""KXBTC15M-26APR281115-15"",""trade_id"":""b1c31688-9605-7bba-9a2d-47a53396c771"",""yes_price_dollars"":""0.6700""}"
KXBTC15M-26APR281115-15,87ccad63-c7ce-7576-b602-707e92357092,1777388422,0.68,1.0,no,"{""count_fp"":""1.00"",""created_time"":""2026-04-28T15:00:22.419119Z"",""no_price_dollars"":""0.3200"",""taker_side"":""no"",""ticker"":""KXBTC15M-26APR281115-15"",""trade_id"":""87ccad63-c7ce-7576-b602-707e92357092"",""yes_price_dollars"":""0.6800""}"
KXBTC15M-26APR281115-15,8725d665-7895-7643-b602-ec6b915bbe63,1777388422,0.7,500.0,no,"{""count_fp"":""500.00"",""created_time"":""2026-04-28T15:00:22.419119Z"",""no_price_dollars"":""0.3000"",""taker_side"":""no"",""ticker"":""KXBTC15M-26APR281115-15"",""trade_id"":""8725d665-7895-7643-b602-ec6b915bbe63"",""yes_price_dollars"":""0.7000""}"
KXBTC15M-26APR281115-15,659ed239-4347-7961-9e3e-5df156bee7a2,1777388422,0.7,5.0,no,"{""count_fp"":""5.00"",""created_time"":""2026-04-28T15:00:22.419119Z"",""no_price_dollars"":""0.3000"",""taker_side"":""no"",""ticker"":""KXBTC15M-26APR281115-15"",""trade_id"":""659ed239-4347-7961-9e3e-5df156bee7a2"",""yes_price_dollars"":""0.7000""}"
KXBTC15M-26APR281115-15,4683b841-389a-7ea6-8799-5b881cd9f78d,1777388422,0.7,20.0,no,"{""count_fp"":""20.00"",""created_time"":""2026-04-28T15:00:22.419119Z"",""no_price_dollars"":""0.3000"",""taker_side"":""no"",""ticker"":""KXBTC15M-26APR281115-15"",""trade_id"":""4683b841-389a-7ea6-8799-5b881cd9f78d"",""yes_price_dollars"":""0.7000""}"
KXBTC15M-26APR281115-15,3b68be22-3197-7049-81f9-1b574640078b,1777388422,0.7,150.0,no,"{""count_fp"":""150.00"",""created_time"":""2026-04-28T15:00:22.419119Z"",""no_price_dollars"":""0.3000"",""taker_side"":""no"",""ticker"":""KXBTC15M-26APR281115-15"",""trade_id"":""3b68be22-3197-7049-81f9-1b574640078b"",""yes_price_dollars"":""0.7000""}"
KXBTC15M-26APR281115-15,09fabfcb-9dd2-7fc4-83ee-779eef4e0a7f,1777388422,0.69,3.0,no,"{""count_fp"":""3.00"",""created_time"":""2026-04-28T15:00:22.419119Z"",""no_price_dollars"":""0.3100"",""taker_side"":""no"",""ticker"":""KXBTC15M-26APR281115-15"",""trade_id"":""09fabfcb-9dd2-7fc4-83ee-779eef4e0a7f"",""yes_price_dollars"":""0.6900""}"
KXBTC15M-26APR281115-15,f9425a7e-955b-6fda-c060-852203c254aa,1777388422,0.71,9.66,yes,"{""count_fp"":""9.66"",""created_time"":""2026-04-28T15:00:22.322283Z"",""no_price_dollars"":""0.2900"",""taker_side"":""yes"",""ticker"":""KXBTC15M-26APR281115-15"",""trade_id"":""f9425a7e-955b-6fda-c060-852203c254aa"",""yes_price_dollars"":""0.7100""}"
KXBTC15M-26APR281115-15,f868e614-126b-7eaa-d42b-3833a6bbdc26,1777388422,0.71,2.76,yes,"{""count_fp"":""2.76"",""created_time"":""2026-04-28T15:00:22.314234Z"",""no_price_dollars"":""0.2900"",""taker_side"":""yes"",""ticker"":""KXBTC15M-26APR281115-15"",""trade_id"":""f868e614-126b-7eaa-d42b-3833a6bbdc26"",""yes_price_dollars"":""0.7100""}"
KXBTC15M-26APR281115-15,88fd5a62-eb5b-59ce-c0f2-8ca176105732,1777388423,0.68,21.27,yes,"{""count_fp"":""21.27"",""created_time"":""2026-04-28T15:00:23.654445Z"",""no_price_dollars"":""0.3200"",""taker_side"":""yes"",""ticker"":""KXBTC15M-26APR281115-15"",""trade_id"":""88fd5a62-eb5b-59ce-c0f2-8ca176105732"",""yes_price_dollars"":""0.6800""}"
KXBTC15M-26APR281115-15,9454583e-5d25-5a21-802b-7b0b3144f0a8,1777388423,0.67,1.0,no,"{""count_fp"":""1.00"",""created_time"":""2026-04-28T15:00:23.419385Z"",""no_price_dollars"":""0.3300"",""taker_side"":""no"",""ticker"":""KXBTC15M-26APR281115-15"",""trade_id"":""9454583e-5d25-5a21-802b-7b0b3144f0a8"",""yes_price_dollars"":""0.6700""}"
KXBTC15M-26APR281115-15,8280af3c-b2cf-4198-faea-94b01304465e,1777388423,0.69,111.0,yes,"{""count_fp"":""111.00"",""created_time"":""2026-04-28T15:00:23.394398Z"",""no_price_dollars"":""0.3100"",""taker_side"":""yes"",""ticker"":""KXBTC15M-26APR281115-15"",""trade_id"":""8280af3c-b2cf-4198-faea-94b01304465e"",""yes_price_dollars"":""0.6900""}"
KXBTC15M-26APR281115-15,4aba47bf-359d-4bf0-e408-1a2fc0b87fbd,1777388423,0.69,91.57,yes,"{""count_fp"":""91.57"",""created_time"":""2026-04-28T15:00:23.394398Z"",""no_price_dollars"":""0.3100"",""taker_side"":""yes"",""ticker"":""KXBTC15M-26APR281115-15"",""trade_id"":""4aba47bf-359d-4bf0-e408-1a2fc0b87fbd"",""yes_price_dollars"":""0.6900""}"
KXBTC15M-26APR281115-15,33acf4ae-e5e2-4ff9-f13a-cf1f02666f57,1777388423,0.68,3.0,yes,"{""count_fp"":""3.00"",""created_time"":""2026-04-28T15:00:23.394398Z"",""no_price_dollars"":""0.3200"",""taker_side"":""yes"",""ticker"":""KXBTC15M-26APR281115-15"",""trade_id"":""33acf4ae-e5e2-4ff9-f13a-cf1f02666f57"",""yes_price_dollars"":""0.6800""}"
KXBTC15M-26APR281115-15,73f380ca-5975-723d-3420-0387bb541890,1777388423,0.67,20.0,no,"{""count_fp"":""20.00"",""created_time"":""2026-04-28T15:00:23.173582Z"",""no_price_dollars"":""0.3300"",""taker_side"":""no"",""ticker"":""KXBTC15M-26APR281115-15"",""trade_id"":""73f380ca-5975-723d-3420-0387bb541890"",""yes_price_dollars"":""0.6700""}"
KXBTC15M-26APR281115-15,02b0a8fe-10ad-4762-0b8e-0b58e0922f65,1777388424,0.66,16.0,no,"{""count_fp"":""16.00"",""created_time"":""2026-04-28T15:00:24.484076Z"",""no_price_dollars"":""0.3400"",""taker_side"":""no"",""ticker"":""KXBTC15M-26APR281115-15"",""trade_id"":""02b0a8fe-10ad-4762-0b8e-0b58e0922f65"",""yes_price_dollars"":""0.6600""}"
KXBTC15M-26APR281115-15,e8690e01-1ebd-7652-5e17-50a880317081,1777388424,0.66,41.67,no,"{""count_fp"":""41.67"",""created_time"":""2026-04-28T15:00:24.430741Z"",""no_price_dollars"":""0.3400"",""taker_side"":""no"",""ticker"":""KXBTC15M-26APR281115-15"",""trade_id"":""e8690e01-1ebd-7652-5e17-50a880317081"",""yes_price_dollars"":""0.6600""}"
KXBTC15M-26APR281115-15,cddca90c-8aeb-4d8a-4880-5fc5b62d6f3e,1777388424,0.68,13.8,yes,"{""count_fp"":""13.80"",""created_time"":""2026-04-28T15:00:24.162371Z"",""no_price_dollars"":""0.3200"",""taker_side"":""yes"",""ticker"":""KXBTC15M-26APR281115-15"",""trade_id"":""cddca90c-8aeb-4d8a-4880-5fc5b62d6f3e"",""yes_price_dollars"":""0.6800""}"
KXBTC15M-26APR281115-15,da196e0b-fbe5-5659-040a-b608248a8900,1777388424,0.67,31.56,no,"{""count_fp"":""31.56"",""created_time"":""2026-04-28T15:00:24.086509Z"",""no_price_dollars"":""0.3300"",""taker_side"":""no"",""ticker"":""KXBTC15M-26APR281115-15"",""trade_id"":""da196e0b-fbe5-5659-040a-b608248a8900"",""yes_price_dollars"":""0.6700""}"
KXBTC15M-26APR281115-15,779290fb-2905-5e43-3673-1723a45ec801,1777388424,0.67,11.85,no,"{""count_fp"":""11.85"",""created_time"":""2026-04-28T15:00:24.086509Z"",""no_price_dollars"":""0.3300"",""taker_side"":""no"",""ticker"":""KXBTC15M-26APR281115-15"",""trade_id"":""779290fb-2905-5e43-3673-1723a45ec801"",""yes_price_dollars"":""0.6700""}"
KXBTC15M-26APR281115-15,b8829b7a-246b-6f22-833f-b24ffe1ec6f2,1777388424,0.68,1.38,yes,"{""count_fp"":""1.38"",""created_time"":""2026-04-28T15:00:24.074028Z"",""no_price_dollars"":""0.3200"",""taker_side"":""yes"",""ticker"":""KXBTC15M-26APR281115-15"",""trade_id"":""b8829b7a-246b-6f22-833f-b24ffe1ec6f2"",""yes_price_dollars"":""0.6800""}"
KXBTC15M-26APR281115-15,e0399753-0a8d-7009-05c4-bd333f954794,1777388425,0.66,210.82,no,"{""count_fp"":""210.82"",""created_time"":""2026-04-28T15:00:25.894097Z"",""no_price_dollars"":""0.3400"",""taker_side"":""no"",""ticker"":""KXBTC15M-26APR281115-15"",""trade_id"":""e0399753-0a8d-7009-05c4-bd333f954794"",""yes_price_dollars"":""0.6600""}"
KXBTC15M-26APR281115-15,c8323119-889b-660e-eff5-442fb983a1f2,1777388425,0.67,0.71,yes,"{""count_fp"":""0.71"",""created_time"":""2026-04-28T15:00:25.699738Z"",""no_price_dollars"":""0.3300"",""taker_side"":""yes"",""ticker"":""KXBTC15M-26APR281115-15"",""trade_id"":""c8323119-889b-660e-eff5-442fb983a1f2"",""yes_price_dollars"":""0.6700""}"
KXBTC15M-26APR281115-15,289b5a50-5b49-5b1e-6b14-2d0f5a4cea89,1777388425,0.66,70.28,no,"{""count_fp"":""70.28"",""created_time"":""2026-04-28T15:00:25.512295Z"",""no_price_dollars"":""0.3400"",""taker_side"":""no"",""ticker"":""KXBTC15M-26APR281115-15"",""trade_id"":""289b5a50-5b49-5b1e-6b14-2d0f5a4cea89"",""yes_price_dollars"":""0.6600""}"
KXBTC15M-26APR281115-15,b4a60cf9-3297-5daa-d338-3f9da8d4ea72,1777388425,0.67,22.0,yes,"{""count_fp"":""22.00"",""created_time"":""2026-04-28T15:00:25.428471Z"",""no_price_dollars"":""0.3300"",""taker_side"":""yes"",""ticker"":""KXBTC15M-26APR281115-15"",""trade_id"":""b4a60cf9-3297-5daa-d338-3f9da8d4ea72"",""yes_price_dollars"":""0.6700""}"
KXBTC15M-26APR281115-15,0953af0b-74fd-6f4a-ca9f-3fabc9641519,1777388425,0.66,33.73,no,"{""count_fp"":""33.73"",""created_time"":""2026-04-28T15:00:25.287508Z"",""no_price_dollars"":""0.3400"",""taker_side"":""no"",""ticker"":""KXBTC15M-26APR281115-15"",""trade_id"":""0953af0b-74fd-6f4a-ca9f-3fabc9641519"",""yes_price_dollars"":""0.6600""}"
KXBTC15M-26APR281115-15,e314dfff-dc49-7ebd-70ea-6e39b32c1c44,1777388426,0.68,22.49,no,"{""count_fp"":""22.49"",""created_time"":""2026-04-28T15:00:26.960403Z"",""no_price_dollars"":""0.3200"",""taker_side"":""no"",""ticker"":""KXBTC15M-26APR281115-15"",""trade_id"":""e314dfff-dc49-7ebd-70ea-6e39b32c1c44"",""yes_price_dollars"":""0.6800""}"
KXBTC15M-26APR281115-15,15aa2c29-1fc9-7af3-f82d-15274a29f6c9,1777388426,0.68,5.0,no,"{""count_fp"":""5.00"",""created_time"":""2026-04-28T15:00:26.782284Z"",""no_price_dollars"":""0.3200"",""taker_side"":""no"",""ticker"":""KXBTC15M-26APR281115-15"",""trade_id"":""15aa2c29-1fc9-7af3-f82d-15274a29f6c9"",""yes_price_dollars"":""0.6800""}"
KXBTC15M-26APR281115-15,040bf3b9-37b1-7045-d381-b616f34c23c4,1777388426,0.68,9.02,no,"{""count_fp"":""9.02"",""created_time"":""2026-04-28T15:00:26.782284Z"",""no_price_dollars"":""0.3200"",""taker_side"":""no"",""ticker"":""KXBTC15M-26APR281115-15"",""trade_id"":""040bf3b9-37b1-7045-d381-b616f34c23c4"",""yes_price_dollars"":""0.6800""}"
KXBTC15M-26APR281115-15,c3c0e310-ecc5-5bad-4916-1b529732fdba,1777388426,0.69,72.0,yes,"{""count_fp"":""72.00"",""created_time"":""2026-04-28T15:00:26.612988Z"",""no_price_dollars"":""0.3100"",""taker_side"":""yes"",""ticker"":""KXBTC15M-26APR281115-15"",""trade_id"":""c3c0e310-ecc5-5bad-4916-1b529732fdba"",""yes_price_dollars"":""0.6900""}"
KXBTC15M-26APR281115-15,a896eefc-a81c-660f-f958-b4bc94725052,1777388426,0.68,5.0,no,"{""count_fp"":""5.00"",""created_time"":""2026-04-28T15:00:26.594018Z"",""no_price_dollars"":""0.3200"",""taker_side"":""no"",""ticker"":""KXBTC15M-26APR281115-15"",""trade_id"":""a896eefc-a81c-660f-f958-b4bc94725052"",""yes_price_dollars"":""0.6800""}"
KXBTC15M-26APR281115-15,245d8a42-05c5-6209-fd91-0f217ab0f080,1777388426,0.68,5.0,no,"{""count_fp"":""5.00"",""created_time"":""2026-04-28T15:00:26.594018Z"",""no_price_dollars"":""0.3200"",""taker_side"":""no"",""ticker"":""KXBTC15M-26APR281115-15"",""trade_id"":""245d8a42-05c5-6209-fd91-0f217ab0f080"",""yes_price_dollars"":""0.6800""}"
KXBTC15M-26APR281115-15,c21bcdc0-5ce1-7431-9d39-65f76d310bbc,1777388426,0.67,38.72,no,"{""count_fp"":""38.72"",""created_time"":""2026-04-28T15:00:26.558462Z"",""no_price_dollars"":""0.3300"",""taker_side"":""no"",""ticker"":""KXBTC15M-26APR281115-15"",""trade_id"":""c21bcdc0-5ce1-7431-9d39-65f76d310bbc"",""yes_price_dollars"":""0.6700""}"
KXBTC15M-26APR281115-15,297497ef-ca07-7c00-bdae-3a3b42cceb71,1777388426,0.68,3.0,no,"{""count_fp"":""3.00"",""created_time"":""2026-04-28T15:00:26.558462Z"",""no_price_dollars"":""0.3200"",""taker_side"":""no"",""ticker"":""KXBTC15M-26APR281115-15"",""trade_id"":""297497ef-ca07-7c00-bdae-3a3b42cceb71"",""yes_price_dollars"":""0.6800""}"
KXBTC15M-26APR281115-15,7991e9a0-c3af-521e-2137-0bf4a390c60e,1777388426,0.69,10.0,yes,"{""count_fp"":""10.00"",""created_time"":""2026-04-28T15:00:26.224844Z"",""no_price_dollars"":""0.3100"",""taker_side"":""yes"",""ticker"":""KXBTC15M-26APR281115-15"",""trade_id"":""7991e9a0-c3af-521e-2137-0bf4a390c60e"",""yes_price_dollars"":""0.6900""}"
KXBTC15M-26APR281115-15,b1f2a1c7-fa53-6d6f-4f45-eac3085e26df,1777388426,0.69,18.0,yes,"{""count_fp"":""18.00"",""created_time"":""2026-04-28T15:00:26.181246Z"",""no_price_dollars"":""0.3100"",""taker_side"":""yes"",""ticker"":""KXBTC15M-26APR281115-15"",""trade_id"":""b1f2a1c7-fa53-6d6f-4f45-eac3085e26df"",""yes_price_dollars"":""0.6900""}"
KXBTC15M-26APR281115-15,4bb9d9ab-7c7f-658a-5414-05658f9b3822,1777388426,0.69,12.0,yes,"{""count_fp"":""12.00"",""created_time"":""2026-04-28T15:00:26.181246Z"",""no_price_dollars"":""0.3100"",""taker_side"":""yes"",""ticker"":""KXBTC15M-26APR281115-15"",""trade_id"":""4bb9d9ab-7c7f-658a-5414-05658f9b3822"",""yes_price_dollars"":""0.6900""}"
KXBTC15M-26APR281115-15,bb941090-a798-704f-693a-fa0c60982907,1777388426,0.67,11.47,no,"{""count_fp"":""11.47"",""created_time"":""2026-04-28T15:00:26.141518Z"",""no_price_dollars"":""0.3300"",""taker_side"":""no"",""ticker"":""KXBTC15M-26APR281115-15"",""trade_id"":""bb941090-a798-704f-693a-fa0c60982907"",""yes_price_dollars"":""0.6700""}"
KXBTC15M-26APR281115-15,41f8b629-4ffa-728a-7309-6eecce0870fa,1777388426,0.67,3.0,no,"{""count_fp"":""3.00"",""created_time"":""2026-04-28T15:00:26.141518Z"",""no_price_dollars"":""0.3300"",""taker_side"":""no"",""ticker"":""KXBTC15M-26APR281115-15"",""trade_id"":""41f8b629-4ffa-728a-7309-6eecce0870fa"",""yes_price_dollars"":""0.6700""}"
KXBTC15M-26APR281115-15,bb32d9c8-a8a9-7ce4-dfda-34f26a33174c,1777388427,0.71,1.0,yes,"{""count_fp"":""1.00"",""created_time"":""2026-04-28T15:00:27.636352Z"",""no_price_dollars"":""0.2900"",""taker_side"":""yes"",""ticker"":""KXBTC15M-26APR281115-15"",""trade_id"":""bb32d9c8-a8a9-7ce4-dfda-34f26a33174c"",""yes_price_dollars"":""0.7100""}"
KXBTC15M-26APR281115-15,aa55e8ed-9e9f-7342-d4bc-f199db4e7bfa,1777388427,0.71,127.15,yes,"{""count_fp"":""127.15"",""created_time"":""2026-04-28T15:00:27.636352Z"",""no_price_dollars"":""0.2900"",""taker_side"":""yes"",""ticker"":""KXBTC15M-26APR281115-15"",""trade_id"":""aa55e8ed-9e9f-7342-d4bc-f199db4e7bfa"",""yes_price_dollars"":""0.7100""}"
KXBTC15M-26APR281115-15,30e18eed-fd47-7691-f1f9-f88cedd4f39e,1777388427,0.7,10.0,yes,"{""count_fp"":""10.00"",""created_time"":""2026-04-28T15:00:27.636352Z"",""no_price_dollars"":""0.3000"",""taker_side"":""yes"",""ticker"":""KXBTC15M-26APR281115-15"",""trade_id"":""30e18eed-fd47-7691-f1f9-f88cedd4f39e"",""yes_price_dollars"":""0.7000""}"
KXBTC15M-26APR281115-15,f00d2bc0-0cca-7a9d-f0e4-479878ef9801,1777388427,0.68,56.0,no,"{""count_fp"":""56.00"",""created_time"":""2026-04-28T15:00:27.543597Z"",""no_price_dollars"":""0.3200"",""taker_side"":""no"",""ticker"":""KXBTC15M-26APR281115-15"",""trade_id"":""f00d2bc0-0cca-7a9d-f0e4-479878ef9801"",""yes_price_dollars"":""0.6800""}"
KXBTC15M-26APR281115-15,511af4b4-fe11-7309-d467-c069c97f941f,1777388427,0.68,1.89,no,"{""count_fp"":""1.89"",""created_time"":""2026-04-28T15:00:27.543597Z"",""no_price_dollars"":""0.3200"",""taker_side"":""no"",""ticker"":""KXBTC15M-26APR281115-15"",""trade_id"":""511af4b4-fe11-7309-d467-c069c97f941f"",""yes_price_dollars"":""0.6800""}"
KXBTC15M-26APR281115-15,a4ddb896-4f55-54a5-22fa-474a482ef7dc,1777388427,0.69,47.0,no,"{""count_fp"":""47.00"",""created_time"":""2026-04-28T15:00:27.440414Z"",""no_price_dollars"":""0.3100"",""taker_side"":""no"",""ticker"":""KXBTC15M-26APR281115-15"",""trade_id"":""a4ddb896-4f55-54a5-22fa-474a482ef7dc"",""yes_price_dollars"":""0.6900""}"
KXBTC15M-26APR281115-15,79e19775-2ca1-5e14-0277-7ba9cefdeb14,1777388427,0.69,3.0,no,"{""count_fp"":""3.00"",""created_time"":""2026-04-28T15:00:27.440414Z"",""no_price_dollars"":""0.3100"",""taker_side"":""no"",""ticker"":""KXBTC15M-26APR281115-15"",""trade_id"":""79e19775-2ca1-5e14-0277-7ba9cefdeb14"",""yes_price_dollars"":""0.6900""}"
KXBTC15M-26APR281115-15,ab50eb49-d8eb-4166-05d4-927066b0743f,1777388427,0.69,10.0,no,"{""count_fp"":""10.00"",""created_time"":""2026-04-28T15:00:27.264826Z"",""no_price_dollars"":""0.3100"",""taker_side"":""no"",""ticker"":""KXBTC15M-26APR281115-15"",""trade_id"":""ab50eb49-d8eb-4166-05d4-927066b0743f"",""yes_price_dollars"":""0.6900""}"
KXBTC15M-26APR281115-15,9f42eed3-df3a-6553-9780-7b13a8c4d6b7,1777388427,0.7,1.0,yes,"{""count_fp"":""1.00"",""created_time"":""2026-04-28T15:00:27.258257Z"",""no_price_dollars"":""0.3000"",""taker_side"":""yes"",""ticker"":""KXBTC15M-26APR281115-15"",""trade_id"":""9f42eed3-df3a-6553-9780-7b13a8c4d6b7"",""yes_price_dollars"":""0.7000""}"
KXBTC15M-26APR281115-15,77cf20ea-0cd1-6629-8f4a-1f4b1c20ff2a,1777388427,0.7,12.0,yes,"{""count_fp"":""12.00"",""created_time"":""2026-04-28T15:00:27.258257Z"",""no_price_dollars"":""0.3000"",""taker_side"":""yes"",""ticker"":""KXBTC15M-26APR281115-15"",""trade_id"":""77cf20ea-0cd1-6629-8f4a-1f4b1c20ff2a"",""yes_price_dollars"":""0.7000""}"
KXBTC15M-26APR281115-15,5e4cee7c-ca78-69cc-a5cc-af8a7e79e115,1777388427,0.7,1.0,yes,"{""count_fp"":""1.00"",""created_time"":""2026-04-28T15:00:27.258257Z"",""no_price_dollars"":""0.3000"",""taker_side"":""yes"",""ticker"":""KXBTC15M-26APR281115-15"",""trade_id"":""5e4cee7c-ca78-69cc-a5cc-af8a7e79e115"",""yes_price_dollars"":""0.7000""}"
KXBTC15M-26APR281115-15,9367638b-ae01-527d-f6f3-b2383a63fedc,1777388427,0.69,3.0,no,"{""count_fp"":""3.00"",""created_time"":""2026-04-28T15:00:27.192706Z"",""no_price_dollars"":""0.3100"",""taker_side"":""no"",""ticker"":""KXBTC15M-26APR281115-15"",""trade_id"":""9367638b-ae01-527d-f6f3-b2383a63fedc"",""yes_price_dollars"":""0.6900""}"
KXBTC15M-26APR281115-15,48b369b5-1d82-5b29-d352-efb2847aa4e7,1777388427,0.69,1.0,no,"{""count_fp"":""1.00"",""created_time"":""2026-04-28T15:00:27.192706Z"",""no_price_dollars"":""0.3100"",""taker_side"":""no"",""ticker"":""KXBTC15M-26APR281115-15"",""trade_id"":""48b369b5-1d82-5b29-d352-efb2847aa4e7"",""yes_price_dollars"":""0.6900""}"
KXBTC15M-26APR281115-15,67bdb26c-4ade-65d9-7ddd-9b6f292d8a97,1777388427,0.69,2.0,no,"{""count_fp"":""2.00"",""created_time"":""2026-04-28T15:00:27.187345Z"",""no_price_dollars"":""0.3100"",""taker_side"":""no"",""ticker"":""KXBTC15M-26APR281115-15"",""trade_id"":""67bdb26c-4ade-65d9-7ddd-9b6f292d8a97"",""yes_price_dollars"":""0.6900""}"
KXBTC15M-26APR281115-15,8494497c-1007-66e5-58f2-f151ad9a8da4,1777388428,0.71,1.0,yes,"{""count_fp"":""1.00"",""created_time"":""2026-04-28T15:00:28.685133Z"",""no_price_dollars"":""0.2900"",""taker_side"":""yes"",""ticker"":""KXBTC15M-26APR281115-15"",""trade_id"":""8494497c-1007-66e5-58f2-f151ad9a8da4"",""yes_price_dollars"":""0.7100""}"
KXBTC15M-26APR281115-15,0642ed5f-799b-7c15-e614-33f47375d600,1777388428,0.71,1.0,yes,"{""count_fp"":""1.00"",""created_time"":""2026-04-28T15:00:28.607105Z"",""no_price_dollars"":""0.2900"",""taker_side"":""yes"",""ticker"":""KXBTC15M-26APR281115-15"",""trade_id"":""0642ed5f-799b-7c15-e614-33f47375d600"",""yes_price_dollars"":""0.7100""}"
KXBTC15M-26APR281115-15,f978aedb-01f3-7095-7c26-75c1dbabe180,1777388428,0.7,21.0,no,"{""count_fp"":""21.00"",""created_time"":""2026-04-28T15:00:28.279487Z"",""no_price_dollars"":""0.3000"",""taker_side"":""no"",""ticker"":""KXBTC15M-26APR281115-15"",""trade_id"":""f978aedb-01f3-7095-7c26-75c1dbabe180"",""yes_price_dollars"":""0.7000""}"
KXBTC15M-26APR281115-15,b0ea831c-06d9-77e1-6990-97d0a7d6d984,1777388428,0.7,470.06,no,"{""count_fp"":""470.06"",""created_time"":""2026-04-28T15:00:28.279487Z"",""no_price_dollars"":""0.3000"",""taker_side"":""no"",""ticker"":""KXBTC15M-26APR281115-15"",""trade_id"":""b0ea831c-06d9-77e1-6990-97d0a7d6d984"",""yes_price_dollars"":""0.7000""}"
KXBTC15M-26APR281115-15,1a91c894-6ec8-7a1e-510c-12f452faa46f,1777388428,0.7,111.0,no,"{""count_fp"":""111.00"",""created_time"":""2026-04-28T15:00:28.279487Z"",""no_price_dollars"":""0.3000"",""taker_side"":""no"",""ticker"":""KXBTC15M-26APR281115-15"",""trade_id"":""1a91c894-6ec8-7a1e-510c-12f452faa46f"",""yes_price_dollars"":""0.7000""}"
KXBTC15M-26APR281115-15,cdd8b470-3f79-48b0-eef7-f5507caa90b0,1777388428,0.72,2.0,yes,"{""count_fp"":""2.00"",""created_time"":""2026-04-28T15:00:28.091479Z"",""no_price_dollars"":""0.2800"",""taker_side"":""yes"",""ticker"":""KXBTC15M-26APR281115-15"",""trade_id"":""cdd8b470-3f79-48b0-eef7-f5507caa90b0"",""yes_price_dollars"":""0.7200""}"
KXBTC15M-26APR281115-15,a09ab88e-7491-4e05-e216-c7ea05ae8f5e,1777388428,0.72,3.0,yes,"{""count_fp"":""3.00"",""created_time"":""2026-04-28T15:00:28.091479Z"",""no_price_dollars"":""0.2800"",""taker_side"":""yes"",""ticker"":""KXBTC15M-26APR281115-15"",""trade_id"":""a09ab88e-7491-4e05-e216-c7ea05ae8f5e"",""yes_price_dollars"":""0.7200""}"
KXBTC15M-26APR281115-15,569d05a5-33a1-41e4-d5b3-aee4f33c31db,1777388428,0.7,4.0,yes,"{""count_fp"":""4.00"",""created_time"":""2026-04-28T15:00:28.091479Z"",""no_price_dollars"":""0.3000"",""taker_side"":""yes"",""ticker"":""KXBTC15M-26APR281115-15"",""trade_id"":""569d05a5-33a1-41e4-d5b3-aee4f33c31db"",""yes_price_dollars"":""0.7000""}"
KXBTC15M-26APR281115-15,2a54f419-8bed-478c-c858-102eda5f0b30,1777388428,0.71,1.0,yes,"{""count_fp"":""1.00"",""created_time"":""2026-04-28T15:00:28.091479Z"",""no_price_dollars"":""0.2900"",""taker_side"":""yes"",""ticker"":""KXBTC15M-26APR281115-15"",""trade_id"":""2a54f419-8bed-478c-c858-102eda5f0b30"",""yes_price_dollars"":""0.7100""}"
KXBTC15M-26APR281115-15,6929b00d-1fbd-4fe4-883a-691bb742fa2c,1777388429,0.7,47.66,no,"{""count_fp"":""47.66"",""created_time"":""2026-04-28T15:00:29.667118Z"",""no_price_dollars"":""0.3000"",""taker_side"":""no"",""ticker"":""KXBTC15M-26APR281115-15"",""trade_id"":""6929b00d-1fbd-4fe4-883a-691bb742fa2c"",""yes_price_dollars"":""0.7000""}"
KXBTC15M-26APR281115-15,e804e853-76c9-4e38-09fc-48f8459842fc,1777388429,0.7,158.88,no,"{""count_fp"":""158.88"",""created_time"":""2026-04-28T15:00:29.589695Z"",""no_price_dollars"":""0.3000"",""taker_side"":""no"",""ticker"":""KXBTC15M-26APR281115-15"",""trade_id"":""e804e853-76c9-4e38-09fc-48f8459842fc"",""yes_price_dollars"":""0.7000""}"
KXBTC15M-26APR281115-15,9687bd6e-c73f-4e6a-4547-95442e854fbd,1777388429,0.7,3.0,no,"{""count_fp"":""3.00"",""created_time"":""2026-04-28T15:00:29.284758Z"",""no_price_dollars"":""0.3000"",""taker_side"":""no"",""ticker"":""KXBTC15M-26APR281115-15"",""trade_id"":""9687bd6e-c73f-4e6a-4547-95442e854fbd"",""yes_price_dollars"":""0.7000""}"
KXBTC15M-26APR281115-15,52966b05-cf95-40e4-5180-378e53faee38,1777388429,0.7,43.15,no,"{""count_fp"":""43.15"",""created_time"":""2026-04-28T15:00:29.284758Z"",""no_price_dollars"":""0.3000"",""taker_side"":""no"",""ticker"":""KXBTC15M-26APR281115-15"",""trade_id"":""52966b05-cf95-40e4-5180-378e53faee38"",""yes_price_dollars"":""0.7000""}"
KXBTC15M-26APR281115-15,e052536e-4e64-4a2d-5f4b-673e0632b0e8,1777388430,0.7,11.0,no,"{""count_fp"":""11.00"",""created_time"":""2026-04-28T15:00:30.725165Z"",""no_price_dollars"":""0.3000"",""taker_side"":""no"",""ticker"":""KXBTC15M-26APR281115-15"",""trade_id"":""e052536e-4e64-4a2d-5f4b-673e0632b0e8"",""yes_price_dollars"":""0.7000""}"
KXBTC15M-26APR281115-15,e01c713b-795d-4e9a-7bd7-4f17eb804bdb,1777388430,0.7,1.0,no,"{""count_fp"":""1.00"",""created_time"":""2026-04-28T15:00:30.725165Z"",""no_price_dollars"":""0.3000"",""taker_side"":""no"",""ticker"":""KXBTC15M-26APR281115-15"",""trade_id"":""e01c713b-795d-4e9a-7bd7-4f17eb804bdb"",""yes_price_dollars"":""0.7000""}"
KXBTC15M-26APR281115-15,cd423729-9bb5-4c91-40a6-6fc5e2d23dab,1777388430,0.69,1100.09,no,"{""count_fp"":""1100.09"",""created_time"":""2026-04-28T15:00:30.725165Z"",""no_price_dollars"":""0.3100"",""taker_side"":""no"",""ticker"":""KXBTC15M-26APR281115-15"",""trade_id"":""cd423729-9bb5-4c91-40a6-6fc5e2d23dab"",""yes_price_dollars"":""0.6900""}"
KXBTC15M-26APR281115-15,775f8737-53c3-40ff-42d0-ffe3faba1935,1777388430,0.7,5.0,no,"{""count_fp"":""5.00"",""created_time"":""2026-04-28T15:00:30.725165Z"",""no_price_dollars"":""0.3000"",""taker_side"":""no"",""ticker"":""KXBTC15M-26APR281115-15"",""trade_id"":""775f8737-53c3-40ff-42d0-ffe3faba1935"",""yes_price_dollars"":""0.7000""}"
KXBTC15M-26APR281115-15,6f6f9bd3-74ff-4cec-56b5-a9470edc74cf,1777388430,0.68,375.47,no,"{""count_fp"":""375.47"",""created_time"":""2026-04-28T15:00:30.725165Z"",""no_price_dollars"":""0.3200"",""taker_side"":""no"",""ticker"":""KXBTC15M-26APR281115-15"",""trade_id"":""6f6f9bd3-74ff-4cec-56b5-a9470edc74cf"",""yes_price_dollars"":""0.6800""}"
KXBTC15M-26APR281115-15,19c886cf-ec3d-4294-4262-d00549dc5f84,1777388430,0.7,23.15,no,"{""count_fp"":""23.15"",""created_time"":""2026-04-28T15:00:30.725165Z"",""no_price_dollars"":""0.3000"",""taker_side"":""no"",""ticker"":""KXBTC15M-26APR281115-15"",""trade_id"":""19c886cf-ec3d-4294-4262-d00549dc5f84"",""yes_price_dollars"":""0.7000""}"
KXBTC15M-26APR281115-15,15f96706-8c06-416e-54fa-899d736cd982,1777388430,0.69,3.0,no,"{""count_fp"":""3.00"",""created_time"":""2026-04-28T15:00:30.725165Z"",""no_price_dollars"":""0.3100"",""taker_side"":""no"",""ticker"":""KXBTC15M-26APR281115-15"",""trade_id"":""15f96706-8c06-416e-54fa-899d736cd982"",""yes_price_dollars"":""0.6900""}"
KXBTC15M-26APR281115-15,0c44d776-0e65-4e98-4f4e-2c6c8053895c,1777388430,0.68,1.0,no,"{""count_fp"":""1.00"",""created_time"":""2026-04-28T15:00:30.725165Z"",""no_price_dollars"":""0.3200"",""taker_side"":""no"",""ticker"":""KXBTC15M-26APR281115-15"",""trade_id"":""0c44d776-0e65-4e98-4f4e-2c6c8053895c"",""yes_price_dollars"":""0.6800""}"
KXBTC15M-26APR281115-15,dd918a5a-4b67-58a1-878d-ba109ce55714,1777388430,0.71,53.56,yes,"{""count_fp"":""53.56"",""created_time"":""2026-04-28T15:00:30.715916Z"",""no_price_dollars"":""0.2900"",""taker_side"":""yes"",""ticker"":""KXBTC15M-26APR281115-15"",""trade_id"":""dd918a5a-4b67-58a1-878d-ba109ce55714"",""yes_price_dollars"":""0.7100""}"
KXBTC15M-26APR281115-15,6b0f8ea6-6c5a-56ff-a454-da430e7bd8b2,1777388430,0.71,3.0,yes,"{""count_fp"":""3.00"",""created_time"":""2026-04-28T15:00:30.715916Z"",""no_price_dollars"":""0.2900"",""taker_side"":""yes"",""ticker"":""KXBTC15M-26APR281115-15"",""trade_id"":""6b0f8ea6-6c5a-56ff-a454-da430e7bd8b2"",""yes_price_dollars"":""0.7100""}"
KXBTC15M-26APR281115-15,67236c02-46ea-5a32-b0d0-82ecc7a4caeb,1777388430,0.72,13.78,yes,"{""count_fp"":""13.78"",""created_time"":""2026-04-28T15:00:30.715916Z"",""no_price_dollars"":""0.2800"",""taker_side"":""yes"",""ticker"":""KXBTC15M-26APR281115-15"",""trade_id"":""67236c02-46ea-5a32-b0d0-82ecc7a4caeb"",""yes_price_dollars"":""0.7200""}"
KXBTC15M-26APR281115-15,9ae91bad-abe1-43c8-9079-919a11d08150,1777388430,0.7,1.58,no,"{""count_fp"":""1.58"",""created_time"":""2026-04-28T15:00:30.618149Z"",""no_price_dollars"":""0.3000"",""taker_side"":""no"",""ticker"":""KXBTC15M-26APR281115-15"",""trade_id"":""9ae91bad-abe1-43c8-9079-919a11d08150"",""yes_price_dollars"":""0.7000""}"
KXBTC15M-26APR281115-15,9f9e5924-adf1-56ec-fbdc-119b07bd7160,1777388430,0.7,127.1,no,"{""count_fp"":""127.10"",""created_time"":""2026-04-28T15:00:30.206992Z"",""no_price_dollars"":""0.3000"",""taker_side"":""no"",""ticker"":""KXBTC15M-26APR281115-15"",""trade_id"":""9f9e5924-adf1-56ec-fbdc-119b07bd7160"",""yes_price_dollars"":""0.7000""}"
KXBTC15M-26APR281115-15,e61e20ab-baad-49f8-a08d-aec026fdb1bc,1777388430,0.7,95.32,no,"{""count_fp"":""95.32"",""created_time"":""2026-04-28T15:00:30.168786Z"",""no_price_dollars"":""0.3000"",""taker_side"":""no"",""ticker"":""KXBTC15M-26APR281115-15"",""trade_id"":""e61e20ab-baad-49f8-a08d-aec026fdb1bc"",""yes_price_dollars"":""0.7000""}"
KXBTC15M-26APR281115-15,d6fa8cf5-3057-4935-a4e5-667d8ee78990,1777388430,0.71,27.6,yes,"{""count_fp"":""27.60"",""created_time"":""2026-04-28T15:00:30.068029Z"",""no_price_dollars"":""0.2900"",""taker_side"":""yes"",""ticker"":""KXBTC15M-26APR281115-15"",""trade_id"":""d6fa8cf5-3057-4935-a4e5-667d8ee78990"",""yes_price_dollars"":""0.7100""}"
KXBTC15M-26APR281115-15,18c13c04-95b1-7afc-1d74-a120b40b1cd4,1777388430,0.7,3.16,no,"{""count_fp"":""3.16"",""created_time"":""2026-04-28T15:00:30.025455Z"",""no_price_dollars"":""0.3000"",""taker_side"":""no"",""ticker"":""KXBTC15M-26APR281115-15"",""trade_id"":""18c13c04-95b1-7afc-1d74-a120b40b1cd4"",""yes_price_dollars"":""0.7000""}"
KXBTC15M-26APR281115-15,8d10126e-d223-4902-3d3d-bae08e5c2b8a,1777388431,0.72,6.76,yes,"{""count_fp"":""6.76"",""created_time"":""2026-04-28T15:00:31.535866Z"",""no_price_dollars"":""0.2800"",""taker_side"":""yes"",""ticker"":""KXBTC15M-26APR281115-15"",""trade_id"":""8d10126e-d223-4902-3d3d-bae08e5c2b8a"",""yes_price_dollars"":""0.7200""}"
KXBTC15M-26APR281115-15,d6aa4642-251e-78fd-d711-5a24dfc77c98,1777388431,0.71,3.0,yes,"{""count_fp"":""3.00"",""created_time"":""2026-04-28T15:00:31.317952Z"",""no_price_dollars"":""0.2900"",""taker_side"":""yes"",""ticker"":""KXBTC15M-26APR281115-15"",""trade_id"":""d6aa4642-251e-78fd-d711-5a24dfc77c98"",""yes_price_dollars"":""0.7100""}"
KXBTC15M-26APR281115-15,26008d5b-1253-7c6e-c32d-87c00dbb3582,1777388431,0.72,96.13,yes,"{""count_fp"":""96.13"",""created_time"":""2026-04-28T15:00:31.317952Z"",""no_price_dollars"":""0.2800"",""taker_side"":""yes"",""ticker"":""KXBTC15M-26APR281115-15"",""trade_id"":""26008d5b-1253-7c6e-c32d-87c00dbb3582"",""yes_price_dollars"":""0.7200""}"
KXBTC15M-26APR281115-15,a64af630-d6d8-7669-97ae-5808f1695cf0,1777388431,0.7,1.0,no,"{""count_fp"":""1.00"",""created_time"":""2026-04-28T15:00:31.003802Z"",""no_price_dollars"":""0.3000"",""taker_side"":""no"",""ticker"":""KXBTC15M-26APR281115-15"",""trade_id"":""a64af630-d6d8-7669-97ae-5808f1695cf0"",""yes_price_dollars"":""0.7000""}"
KXBTC15M-26APR281115-15,585b1e5c-9e97-7490-b51f-32d05529f9e8,1777388431,0.7,5.15,no,"{""count_fp"":""5.15"",""created_time"":""2026-04-28T15:00:31.003802Z"",""no_price_dollars"":""0.3000"",""taker_side"":""no"",""ticker"":""KXBTC15M-26APR281115-15"",""trade_id"":""585b1e5c-9e97-7490-b51f-32d05529f9e8"",""yes_price_dollars"":""0.7000""}"
KXBTC15M-26APR281115-15,3a2f0e1e-3c3f-5098-bbf1-c91c722843f8,1777388432,0.71,22.24,no,"{""count_fp"":""22.24"",""created_time"":""2026-04-28T15:00:32.766997Z"",""no_price_dollars"":""0.2900"",""taker_side"":""no"",""ticker"":""KXBTC15M-26APR281115-15"",""trade_id"":""3a2f0e1e-3c3f-5098-bbf1-c91c722843f8"",""yes_price_dollars"":""0.7100""}"
KXBTC15M-26APR281115-15,827ab231-bc9b-7028-9567-144790edd418,1777388432,0.71,1.0,no,"{""count_fp"":""1.00"",""created_time"":""2026-04-28T15:00:32.663989Z"",""no_price_dollars"":""0.2900"",""taker_side"":""no"",""ticker"":""KXBTC15M-26APR281115-15"",""trade_id"":""827ab231-bc9b-7028-9567-144790edd418"",""yes_price_dollars"":""0.7100""}"
KXBTC15M-26APR281115-15,db05fcc9-1da7-4260-a1ac-c53a75719fc4,1777388432,0.71,3.17,no,"{""count_fp"":""3.17"",""created_time"":""2026-04-28T15:00:32.530723Z"",""no_price_dollars"":""0.2900"",""taker_side"":""no"",""ticker"":""KXBTC15M-26APR281115-15"",""trade_id"":""db05fcc9-1da7-4260-a1ac-c53a75719fc4"",""yes_price_dollars"":""0.7100""}"
KXBTC15M-26APR281115-15,99afd547-e46b-5708-6700-e2f3e8a85f28,1777388432,0.71,70.28,no,"{""count_fp"":""70.28"",""created_time"":""2026-04-28T15:00:32.518174Z"",""no_price_dollars"":""0.2900"",""taker_side"":""no"",""ticker"":""KXBTC15M-26APR281115-15"",""trade_id"":""99afd547-e46b-5708-6700-e2f3e8a85f28"",""yes_price_dollars"":""0.7100""}"
KXBTC15M-26APR281115-15,b032e659-b843-56c8-f3f5-7555dd8293a0,1777388432,0.71,59.7,no,"{""count_fp"":""59.70"",""created_time"":""2026-04-28T15:00:32.387281Z"",""no_price_dollars"":""0.2900"",""taker_side"":""no"",""ticker"":""KXBTC15M-26APR281115-15"",""trade_id"":""b032e659-b843-56c8-f3f5-7555dd8293a0"",""yes_price_dollars"":""0.7100""}"
KXBTC15M-26APR281115-15,9b031a07-468f-5424-f311-d3bccbeb88b2,1777388432,0.71,6.0,no,"{""count_fp"":""6.00"",""created_time"":""2026-04-28T15:00:32.387281Z"",""no_price_dollars"":""0.2900"",""taker_side"":""no"",""ticker"":""KXBTC15M-26APR281115-15"",""trade_id"":""9b031a07-468f-5424-f311-d3bccbeb88b2"",""yes_price_dollars"":""0.7100""}"
KXBTC15M-26APR281115-15,335a1d58-46d3-5c4c-f794-db9229ae48d4,1777388432,0.7,7.94,no,"{""count_fp"":""7.94"",""created_time"":""2026-04-28T15:00:32.255347Z"",""no_price_dollars"":""0.3000"",""taker_side"":""no"",""ticker"":""KXBTC15M-26APR281115-15"",""trade_id"":""335a1d58-46d3-5c4c-f794-db9229ae48d4"",""yes_price_dollars"":""0.7000""}"
KXBTC15M-26APR281115-15,2ede3729-0ba7-42a0-4bc4-0a8b6032b384,1777388433,0.71,82.12,no,"{""count_fp"":""82.12"",""created_time"":""2026-04-28T15:00:33.035584Z"",""no_price_dollars"":""0.2900"",""taker_side"":""no"",""ticker"":""KXBTC15M-26APR281115-15"",""trade_id"":""2ede3729-0ba7-42a0-4bc4-0a8b6032b384"",""yes_price_dollars"":""0.7100""}"
KXBTC15M-26APR281115-15,77130dc9-66bb-7994-e7b5-dec0dfeea4e0,1777388434,0.71,40.0,no,"{""count_fp"":""40.00"",""created_time"":""2026-04-28T15:00:34.995182Z"",""no_price_dollars"":""0.2900"",""taker_side"":""no"",""ticker"":""KXBTC15M-26APR281115-15"",""trade_id"":""77130dc9-66bb-7994-e7b5-dec0dfeea4e0"",""yes_price_dollars"":""0.7100""}"
KXBTC15M-26APR281115-15,b5e93aa0-a4ff-65c4-e70e-681cfd023638,1777388434,0.71,0.61,no,"{""count_fp"":""0.61"",""created_time"":""2026-04-28T15:00:34.512731Z"",""no_price_dollars"":""0.2900"",""taker_side"":""no"",""ticker"":""KXBTC15M-26APR281115-15"",""trade_id"":""b5e93aa0-a4ff-65c4-e70e-681cfd023638"",""yes_price_dollars"":""0.7100""}"
KXBTC15M-26APR281115-15,9f1f7be6-c08f-796a-20be-f003a71b3bd7,1777388434,0.72,2.0,yes,"{""count_fp"":""2.00"",""created_time"":""2026-04-28T15:00:34.467675Z"",""no_price_dollars"":""0.2800"",""taker_side"":""yes"",""ticker"":""KXBTC15M-26APR281115-15"",""trade_id"":""9f1f7be6-c08f-796a-20be-f003a71b3bd7"",""yes_price_dollars"":""0.7200""}"
KXBTC15M-26APR281115-15,4e6d038f-7a97-5164-a948-b4c1b38a77c0,1777388434,0.71,134.68,no,"{""count_fp"":""134.68"",""created_time"":""2026-04-28T15:00:34.018273Z"",""no_price_dollars"":""0.2900"",""taker_side"":""no"",""ticker"":""KXBTC15M-26APR281115-15"",""trade_id"":""4e6d038f-7a97-5164-a948-b4c1b38a77c0"",""yes_price_dollars"":""0.7100""}"
KXBTC15M-26APR281115-15,9348e5d6-8d8e-69ec-3335-70273f339470,1777388435,0.72,6.0,yes,"{""count_fp"":""6.00"",""created_time"":""2026-04-28T15:00:35.595899Z"",""no_price_dollars"":""0.2800"",""taker_side"":""yes"",""ticker"":""KXBTC15M-26APR281115-15"",""trade_id"":""9348e5d6-8d8e-69ec-3335-70273f339470"",""yes_price_dollars"":""0.7200""}"
KXBTC15M-26APR281115-15,2c7e3d1f-b297-4082-6467-4d925c48b19a,1777388435,0.73,3.94,yes,"{""count_fp"":""3.94"",""created_time"":""2026-04-28T15:00:35.359824Z"",""no_price_dollars"":""0.2700"",""taker_side"":""yes"",""ticker"":""KXBTC15M-26APR281115-15"",""trade_id"":""2c7e3d1f-b297-4082-6467-4d925c48b19a"",""yes_price_dollars"":""0.7300""}"
KXBTC15M-26APR281115-15,1b3dc9a1-a347-4f02-507a-93b6d8a4bc3b,1777388435,0.72,0.05,yes,"{""count_fp"":""0.05"",""created_time"":""2026-04-28T15:00:35.359824Z"",""no_price_dollars"":""0.2800"",""taker_side"":""yes"",""ticker"":""KXBTC15M-26APR281115-15"",""trade_id"":""1b3dc9a1-a347-4f02-507a-93b6d8a4bc3b"",""yes_price_dollars"":""0.7200""}"
KXBTC15M-26APR281115-15,d2965bf7-ac1b-6b6a-bd60-f9a5b360f02f,1777388435,0.72,6.0,yes,"{""count_fp"":""6.00"",""created_time"":""2026-04-28T15:00:35.303502Z"",""no_price_dollars"":""0.2800"",""taker_side"":""yes"",""ticker"":""KXBTC15M-26APR281115-15"",""trade_id"":""d2965bf7-ac1b-6b6a-bd60-f9a5b360f02f"",""yes_price_dollars"":""0.7200""}"
KXBTC15M-26APR281115-15,38d8cd7c-5537-55aa-8fff-c4649b5b283f,1777388435,0.72,0.95,yes,"{""count_fp"":""0.95"",""created_time"":""2026-04-28T15:00:35.129341Z"",""no_price_dollars"":""0.2800"",""taker_side"":""yes"",""ticker"":""KXBTC15M-26APR281115-15"",""trade_id"":""38d8cd7c-5537-55aa-8fff-c4649b5b283f"",""yes_price_dollars"":""0.7200""}"
KXBTC15M-26APR281115-15,8d7ecad5-9f3b-4fc5-6c30-f0a61c6bfbb6,1777388436,0.73,16.09,yes,"{""count_fp"":""16.09"",""created_time"":""2026-04-28T15:00:36.951685Z"",""no_price_dollars"":""0.2700"",""taker_side"":""yes"",""ticker"":""KXBTC15M-26APR281115-15"",""trade_id"":""8d7ecad5-9f3b-4fc5-6c30-f0a61c6bfbb6"",""yes_price_dollars"":""0.7300""}"
KXBTC15M-26APR281115-15,1a77b80b-2e67-7ba1-db7f-a1481caf5cf6,1777388436,0.73,3.17,yes,"{""count_fp"":""3.17"",""created_time"":""2026-04-28T15:00:36.489691Z"",""no_price_dollars"":""0.2700"",""taker_side"":""yes"",""ticker"":""KXBTC15M-26APR281115-15"",""trade_id"":""1a77b80b-2e67-7ba1-db7f-a1481caf5cf6"",""yes_price_dollars"":""0.7300""}"
KXBTC15M-26APR281115-15,e1225751-f59f-7790-1204-1754cc86f646,1777388436,0.72,32.85,no,"{""count_fp"":""32.85"",""created_time"":""2026-04-28T15:00:36.390256Z"",""no_price_dollars"":""0.2800"",""taker_side"":""no"",""ticker"":""KXBTC15M-26APR281115-15"",""trade_id"":""e1225751-f59f-7790-1204-1754cc86f646"",""yes_price_dollars"":""0.7200""}"
KXBTC15M-26APR281115-15,c5282471-d0f9-657e-6899-6b5f9e89afb4,1777388436,0.72,12.0,no,"{""count_fp"":""12.00"",""created_time"":""2026-04-28T15:00:36.218093Z"",""no_price_dollars"":""0.2800"",""taker_side"":""no"",""ticker"":""KXBTC15M-26APR281115-15"",""trade_id"":""c5282471-d0f9-657e-6899-6b5f9e89afb4"",""yes_price_dollars"":""0.7200""}"
KXBTC15M-26APR281115-15,bec121bd-46e9-68dd-6198-b64a580650c6,1777388436,0.72,5.0,no,"{""count_fp"":""5.00"",""created_time"":""2026-04-28T15:00:36.218093Z"",""no_price_dollars"":""0.2800"",""taker_side"":""no"",""ticker"":""KXBTC15M-26APR281115-15"",""trade_id"":""bec121bd-46e9-68dd-6198-b64a580650c6"",""yes_price_dollars"":""0.7200""}"
KXBTC15M-26APR281115-15,76c0f5f7-e201-66f6-501f-046ca2ea97ad,1777388436,0.72,23.0,no,"{""count_fp"":""23.00"",""created_time"":""2026-04-28T15:00:36.218093Z"",""no_price_dollars"":""0.2800"",""taker_side"":""no"",""ticker"":""KXBTC15M-26APR281115-15"",""trade_id"":""76c0f5f7-e201-66f6-501f-046ca2ea97ad"",""yes_price_dollars"":""0.7200""}"
KXBTC15M-26APR281115-15,4d33f951-4583-64ac-66b6-9040f4daf310,1777388436,0.72,500.0,no,"{""count_fp"":""500.00"",""created_time"":""2026-04-28T15:00:36.218093Z"",""no_price_dollars"":""0.2800"",""taker_side"":""no"",""ticker"":""KXBTC15M-26APR281115-15"",""trade_id"":""4d33f951-4583-64ac-66b6-9040f4daf310"",""yes_price_dollars"":""0.7200""}"
KXBTC15M-26APR281115-15,4154a610-5571-6f2b-4cc1-1b8094947a1a,1777388436,0.72,60.04,no,"{""count_fp"":""60.04"",""created_time"":""2026-04-28T15:00:36.218093Z"",""no_price_dollars"":""0.2800"",""taker_side"":""no"",""ticker"":""KXBTC15M-26APR281115-15"",""trade_id"":""4154a610-5571-6f2b-4cc1-1b8094947a1a"",""yes_price_dollars"":""0.7200""}"
KXBTC15M-26APR281115-15,362bd822-09a9-6d69-7285-9b67950d5427,1777388436,0.72,40.0,no,"{""count_fp"":""40.00"",""created_time"":""2026-04-28T15:00:36.218093Z"",""no_price_dollars"":""0.2800"",""taker_side"":""no"",""ticker"":""KXBTC15M-26APR281115-15"",""trade_id"":""362bd822-09a9-6d69-7285-9b67950d5427"",""yes_price_dollars"":""0.7200""}"
KXBTC15M-26APR281115-15,f460b71c-e56f-619b-57dd-43d5fdc9360e,1777388437,0.72,2.68,yes,"{""count_fp"":""2.68"",""created_time"":""2026-04-28T15:00:37.861633Z"",""no_price_dollars"":""0.2800"",""taker_side"":""yes"",""ticker"":""KXBTC15M-26APR281115-15"",""trade_id"":""f460b71c-e56f-619b-57dd-43d5fdc9360e"",""yes_price_dollars"":""0.7200""}"
KXBTC15M-26APR281115-15,49838678-ea7f-74d1-d634-1ded6a560da3,1777388437,0.71,180.67,no,"{""count_fp"":""180.67"",""created_time"":""2026-04-28T15:00:37.742471Z"",""no_price_dollars"":""0.2900"",""taker_side"":""no"",""ticker"":""KXBTC15M-26APR281115-15"",""trade_id"":""49838678-ea7f-74d1-d634-1ded6a560da3"",""yes_price_dollars"":""0.7100""}"
KXBTC15M-26APR281115-15,b8fb01fd-83b4-4d4f-cfe9-ad2dc2bc66c3,1777388437,0.71,5.0,no,"{""count_fp"":""5.00"",""created_time"":""2026-04-28T15:00:37.705906Z"",""no_price_dollars"":""0.2900"",""taker_side"":""no"",""ticker"":""KXBTC15M-26APR281115-15"",""trade_id"":""b8fb01fd-83b4-4d4f-cfe9-ad2dc2bc66c3"",""yes_price_dollars"":""0.7100""}"
KXBTC15M-26APR281115-15,8e0edf5e-3033-4c9e-e947-43fdcebd3fdd,1777388437,0.71,12.0,no,"{""count_fp"":""12.00"",""created_time"":""2026-04-28T15:00:37.705906Z"",""no_price_dollars"":""0.2900"",""taker_side"":""no"",""ticker"":""KXBTC15M-26APR281115-15"",""trade_id"":""8e0edf5e-3033-4c9e-e947-43fdcebd3fdd"",""yes_price_dollars"":""0.7100""}"
KXBTC15M-26APR281115-15,4e06fd09-57ec-46da-c1f2-4034bcd41801,1777388437,0.71,40.0,no,"{""count_fp"":""40.00"",""created_time"":""2026-04-28T15:00:37.705906Z"",""no_price_dollars"":""0.2900"",""taker_side"":""no"",""ticker"":""KXBTC15M-26APR281115-15"",""trade_id"":""4e06fd09-57ec-46da-c1f2-4034bcd41801"",""yes_price_dollars"":""0.7100""}"
KXBTC15M-26APR281115-15,2707598f-f4db-4bad-ee94-695f396a149b,1777388437,0.71,165.42,no,"{""count_fp"":""165.42"",""created_time"":""2026-04-28T15:00:37.705906Z"",""no_price_dollars"":""0.2900"",""taker_side"":""no"",""ticker"":""KXBTC15M-26APR281115-15"",""trade_id"":""2707598f-f4db-4bad-ee94-695f396a149b"",""yes_price_dollars"":""0.7100""}"
KXBTC15M-26APR281115-15,25cfee62-e146-495c-e9da-39b5fec559a7,1777388437,0.71,100.0,no,"{""count_fp"":""100.00"",""created_time"":""2026-04-28T15:00:37.705906Z"",""no_price_dollars"":""0.2900"",""taker_side"":""no"",""ticker"":""KXBTC15M-26APR281115-15"",""trade_id"":""25cfee62-e146-495c-e9da-39b5fec559a7"",""yes_price_dollars"":""0.7100""}"
KXBTC15M-26APR281115-15,7d902629-1653-4628-dc4d-d8fd705cd51b,1777388437,0.72,6.72,yes,"{""count_fp"":""6.72"",""created_time"":""2026-04-28T15:00:37.622651Z"",""no_price_dollars"":""0.2800"",""taker_side"":""yes"",""ticker"":""KXBTC15M-26APR281115-15"",""trade_id"":""7d902629-1653-4628-dc4d-d8fd705cd51b"",""yes_price_dollars"":""0.7200""}"
KXBTC15M-26APR281115-15,f0a4565a-79ca-6a62-391c-9291cae33273,1777388437,0.72,3.0,yes,"{""count_fp"":""3.00"",""created_time"":""2026-04-28T15:00:37.617664Z"",""no_price_dollars"":""0.2800"",""taker_side"":""yes"",""ticker"":""KXBTC15M-26APR281115-15"",""trade_id"":""f0a4565a-79ca-6a62-391c-9291cae33273"",""yes_price_dollars"":""0.7200""}"
KXBTC15M-26APR281115-15,bd755e00-499b-6fa0-17bf-afafd0d64ce3,1777388437,0.72,3.0,yes,"{""count_fp"":""3.00"",""created_time"":""2026-04-28T15:00:37.617664Z"",""no_price_dollars"":""0.2800"",""taker_side"":""yes"",""ticker"":""KXBTC15M-26APR281115-15"",""trade_id"":""bd755e00-499b-6fa0-17bf-afafd0d64ce3"",""yes_price_dollars"":""0.7200""}"
KXBTC15M-26APR281115-15,fe4c27c8-e49f-6724-4fe9-9878d5a8a962,1777388437,0.69,40.0,no,"{""count_fp"":""40.00"",""created_time"":""2026-04-28T15:00:37.335541Z"",""no_price_dollars"":""0.3100"",""taker_side"":""no"",""ticker"":""KXBTC15M-26APR281115-15"",""trade_id"":""fe4c27c8-e49f-6724-4fe9-9878d5a8a962"",""yes_price_dollars"":""0.6900""}"
KXBTC15M-26APR281115-15,f8014a66-edef-6a39-5e2d-c9a99c38e4ca,1777388437,0.72,6.1,no,"{""count_fp"":""6.10"",""created_time"":""2026-04-28T15:00:37.335541Z"",""no_price_dollars"":""0.2800"",""taker_side"":""no"",""ticker"":""KXBTC15M-26APR281115-15"",""trade_id"":""f8014a66-edef-6a39-5e2d-c9a99c38e4ca"",""yes_price_dollars"":""0.7200""}"
KXBTC15M-26APR281115-15,ed13da08-d975-6359-7343-b998071d8c0d,1777388437,0.72,5.9,no,"{""count_fp"":""5.90"",""created_time"":""2026-04-28T15:00:37.335541Z"",""no_price_dollars"":""0.2800"",""taker_side"":""no"",""ticker"":""KXBTC15M-26APR281115-15"",""trade_id"":""ed13da08-d975-6359-7343-b998071d8c0d"",""yes_price_dollars"":""0.7200""}"
KXBTC15M-26APR281115-15,d7b19516-0559-6ebd-43b8-7f0a61c67e09,1777388437,0.71,3.0,no,"{""count_fp"":""3.00"",""created_time"":""2026-04-28T15:00:37.335541Z"",""no_price_dollars"":""0.2900"",""taker_side"":""no"",""ticker"":""KXBTC15M-26APR281115-15"",""trade_id"":""d7b19516-0559-6ebd-43b8-7f0a61c67e09"",""yes_price_dollars"":""0.7100""}"
KXBTC15M-26APR281115-15,c86ebcef-5050-6aa4-6a79-aac6bba9c2b1,1777388437,0.7,1.0,no,"{""count_fp"":""1.00"",""created_time"":""2026-04-28T15:00:37.335541Z"",""no_price_dollars"":""0.3000"",""taker_side"":""no"",""ticker"":""KXBTC15M-26APR281115-15"",""trade_id"":""c86ebcef-5050-6aa4-6a79-aac6bba9c2b1"",""yes_price_dollars"":""0.7000""}"
KXBTC15M-26APR281115-15,b7a7422c-ded0-69f3-4186-9785f5e4412f,1777388437,0.7,400.0,no,"{""count_fp"":""400.00"",""created_time"":""2026-04-28T15:00:37.335541Z"",""no_price_dollars"":""0.3000"",""taker_side"":""no"",""ticker"":""KXBTC15M-26APR281115-15"",""trade_id"":""b7a7422c-ded0-69f3-4186-9785f5e4412f"",""yes_price_dollars"":""0.7000""}"
KXBTC15M-26APR281115-15,ad11c702-bd53-6ad8-5ea8-7eac5c0ab9a3,1777388437,0.69,800.53,no,"{""count_fp"":""800.53"",""created_time"":""2026-04-28T15:00:37.335541Z"",""no_price_dollars"":""0.3100"",""taker_side"":""no"",""ticker"":""KXBTC15M-26APR281115-15"",""trade_id"":""ad11c702-bd53-6ad8-5ea8-7eac5c0ab9a3"",""yes_price_dollars"":""0.6900""}"
KXBTC15M-26APR281115-15,a3087747-8851-6010-71ae-2517ce1db554,1777388437,0.72,1.0,no,"{""count_fp"":""1.00"",""created_time"":""2026-04-28T15:00:37.335541Z"",""no_price_dollars"":""0.2800"",""taker_side"":""no"",""ticker"":""KXBTC15M-26APR281115-15"",""trade_id"":""a3087747-8851-6010-71ae-2517ce1db554"",""yes_price_dollars"":""0.7200""}"
KXBTC15M-26APR281115-15,a1f2da73-8019-6e66-6a69-50b2daa58cdb,1777388437,0.69,40.0,no,"{""count_fp"":""40.00"",""created_time"":""2026-04-28T15:00:37.335541Z"",""no_price_dollars"":""0.3100"",""taker_side"":""no"",""ticker"":""KXBTC15M-26APR281115-15"",""trade_id"":""a1f2da73-8019-6e66-6a69-50b2daa58cdb"",""yes_price_dollars"":""0.6900""}"
KXBTC15M-26APR281115-15,9e874028-0348-6a4e-7ce3-ceb99be11a4f,1777388437,0.72,40.0,no,"{""count_fp"":""40.00"",""created_time"":""2026-04-28T15:00:37.335541Z"",""no_price_dollars"":""0.2800"",""taker_side"":""no"",""ticker"":""KXBTC15M-26APR281115-15"",""trade_id"":""9e874028-0348-6a4e-7ce3-ceb99be11a4f"",""yes_price_dollars"":""0.7200""}"
KXBTC15M-26APR281115-15,9982638d-4403-6e56-42cc-c2cc2f213e80,1777388437,0.71,20.0,no,"{""count_fp"":""20.00"",""created_time"":""2026-04-28T15:00:37.335541Z"",""no_price_dollars"":""0.2900"",""taker_side"":""no"",""ticker"":""KXBTC15M-26APR281115-15"",""trade_id"":""9982638d-4403-6e56-42cc-c2cc2f213e80"",""yes_price_dollars"":""0.7100""}"
KXBTC15M-26APR281115-15,990b3639-5aaf-6a5c-5718-982a9f99bd15,1777388437,0.71,1.0,no,"{""count_fp"":""1.00"",""created_time"":""2026-04-28T15:00:37.335541Z"",""no_price_dollars"":""0.2900"",""taker_side"":""no"",""ticker"":""KXBTC15M-26APR281115-15"",""trade_id"":""990b3639-5aaf-6a5c-5718-982a9f99bd15"",""yes_price_dollars"":""0.7100""}"
KXBTC15M-26APR281115-15,93dc489b-a621-65ae-6e6d-9d20f1603161,1777388437,0.69,56.0,no,"{""count_fp"":""56.00"",""created_time"":""2026-04-28T15:00:37.335541Z"",""no_price_dollars"":""0.3100"",""taker_side"":""no"",""ticker"":""KXBTC15M-26APR281115-15"",""trade_id"":""93dc489b-a621-65ae-6e6d-9d20f1603161"",""yes_price_dollars"":""0.6900""}"
KXBTC15M-26APR281115-15,92253f96-2160-6e0f-78b4-c00d7cc793fc,1777388437,0.71,40.0,no,"{""count_fp"":""40.00"",""created_time"":""2026-04-28T15:00:37.335541Z"",""no_price_dollars"":""0.2900"",""taker_side"":""no"",""ticker"":""KXBTC15M-26APR281115-15"",""trade_id"":""92253f96-2160-6e0f-78b4-c00d7cc793fc"",""yes_price_dollars"":""0.7100""}"
KXBTC15M-26APR281115-15,7ec59889-9f57-6cdf-7351-d014b66056d6,1777388437,0.72,10.0,no,"{""count_fp"":""10.00"",""created_time"":""2026-04-28T15:00:37.335541Z"",""no_price_dollars"":""0.2800"",""taker_side"":""no"",""ticker"":""KXBTC15M-26APR281115-15"",""trade_id"":""7ec59889-9f57-6cdf-7351-d014b66056d6"",""yes_price_dollars"":""0.7200""}"
KXBTC15M-26APR281115-15,7b0979a4-87bf-63a0-5627-1ec0907d212e,1777388437,0.7,40.0,no,"{""count_fp"":""40.00"",""created_time"":""2026-04-28T15:00:37.335541Z"",""no_price_dollars"":""0.3000"",""taker_side"":""no"",""ticker"":""KXBTC15M-26APR281115-15"",""trade_id"":""7b0979a4-87bf-63a0-5627-1ec0907d212e"",""yes_price_dollars"":""0.7000""}"
KXBTC15M-26APR281115-15,5abe0e92-9b4a-6a9f-5e5c-9763471ea668,1777388437,0.71,0.01,no,"{""count_fp"":""0.01"",""created_time"":""2026-04-28T15:00:37.335541Z"",""no_price_dollars"":""0.2900"",""taker_side"":""no"",""ticker"":""KXBTC15M-26APR281115-15"",""trade_id"":""5abe0e92-9b4a-6a9f-5e5c-9763471ea668"",""yes_price_dollars"":""0.7100""}"
KXBTC15M-26APR281115-15,4e9c1a0d-43ff-60b8-6819-a1750527ab52,1777388437,0.7,10.0,no,"{""count_fp"":""10.00"",""created_time"":""2026-04-28T15:00:37.335541Z"",""no_price_dollars"":""0.3000"",""taker_side"":""no"",""ticker"":""KXBTC15M-26APR281115-15"",""trade_id"":""4e9c1a0d-43ff-60b8-6819-a1750527ab52"",""yes_price_dollars"":""0.7000""}"
KXBTC15M-26APR281115-15,32fd6d8f-661a-65fe-5a96-0f7c957c6e8d,1777388437,0.72,5.0,no,"{""count_fp"":""5.00"",""created_time"":""2026-04-28T15:00:37.335541Z"",""no_price_dollars"":""0.2800"",""taker_side"":""no"",""ticker"":""KXBTC15M-26APR281115-15"",""trade_id"":""32fd6d8f-661a-65fe-5a96-0f7c957c6e8d"",""yes_price_dollars"":""0.7200""}"
KXBTC15M-26APR281115-15,31ac54f1-0b5d-602b-4a3b-3945be0fba1c,1777388437,0.69,468.08,no,"{""count_fp"":""468.08"",""created_time"":""2026-04-28T15:00:37.335541Z"",""no_price_dollars"":""0.3100"",""taker_side"":""no"",""ticker"":""KXBTC15M-26APR281115-15"",""trade_id"":""31ac54f1-0b5d-602b-4a3b-3945be0fba1c"",""yes_price_dollars"":""0.6900""}"
KXBTC15M-26APR281115-15,2162065d-165c-6233-6b6e-c8717a80251c,1777388437,0.72,500.0,no,"{""count_fp"":""500.00"",""created_time"":""2026-04-28T15:00:37.335541Z"",""no_price_dollars"":""0.2800"",""taker_side"":""no"",""ticker"":""KXBTC15M-26APR281115-15"",""trade_id"":""2162065d-165c-6233-6b6e-c8717a80251c"",""yes_price_dollars"":""0.7200""}"
KXBTC15M-26APR281115-15,021b3f00-02dc-661d-4d8b-64571cb36250,1777388437,0.71,2.0,no,"{""count_fp"":""2.00"",""created_time"":""2026-04-28T15:00:37.335541Z"",""no_price_dollars"":""0.2900"",""taker_side"":""no"",""ticker"":""KXBTC15M-26APR281115-15"",""trade_id"":""021b3f00-02dc-661d-4d8b-64571cb36250"",""yes_price_dollars"":""0.7100""}"
KXBTC15M-26APR281115-15,bf607591-c9ab-7545-e64c-6d4b21123392,1777388437,0.73,2.0,yes,"{""count_fp"":""2.00"",""created_time"":""2026-04-28T15:00:37.237545Z"",""no_price_dollars"":""0.2700"",""taker_side"":""yes"",""ticker"":""KXBTC15M-26APR281115-15"",""trade_id"":""bf607591-c9ab-7545-e64c-6d4b21123392"",""yes_price_dollars"":""0.7300""}"
KXBTC15M-26APR281115-15,b486a36c-04d3-6020-b724-9a2f7f1059e2,1777388437,0.72,7.15,no,"{""count_fp"":""7.15"",""created_time"":""2026-04-28T15:00:37.138325Z"",""no_price_dollars"":""0.2800"",""taker_side"":""no"",""ticker"":""KXBTC15M-26APR281115-15"",""trade_id"":""b486a36c-04d3-6020-b724-9a2f7f1059e2"",""yes_price_dollars"":""0.7200""}"
KXBTC15M-26APR281115-15,89223bdc-669f-6721-a281-45fdc84cf7ea,1777388437,0.72,5.9,no,"{""count_fp"":""5.90"",""created_time"":""2026-04-28T15:00:37.138325Z"",""no_price_dollars"":""0.2800"",""taker_side"":""no"",""ticker"":""KXBTC15M-26APR281115-15"",""trade_id"":""89223bdc-669f-6721-a281-45fdc84cf7ea"",""yes_price_dollars"":""0.7200""}"
KXBTC15M-26APR281115-15,bede9f2e-37c7-4161-cec7-d25438f80ccb,1777388438,0.71,35.9,no,"{""count_fp"":""35.90"",""created_time"":""2026-04-28T15:00:38.568895Z"",""no_price_dollars"":""0.2900"",""taker_side"":""no"",""ticker"":""KXBTC15M-26APR281115-15"",""trade_id"":""bede9f2e-37c7-4161-cec7-d25438f80ccb"",""yes_price_dollars"":""0.7100""}"
KXBTC15M-26APR281115-15,8bd2007d-0307-4295-e1fe-dcd40c893e23,1777388438,0.71,2.0,no,"{""count_fp"":""2.00"",""created_time"":""2026-04-28T15:00:38.530058Z"",""no_price_dollars"":""0.2900"",""taker_side"":""no"",""ticker"":""KXBTC15M-26APR281115-15"",""trade_id"":""8bd2007d-0307-4295-e1fe-dcd40c893e23"",""yes_price_dollars"":""0.7100""}"
KXBTC15M-26APR281115-15,2a7d0338-771b-5e6b-44cf-8c12c972621e,1777388438,0.72,6.0,yes,"{""count_fp"":""6.00"",""created_time"":""2026-04-28T15:00:38.497203Z"",""no_price_dollars"":""0.2800"",""taker_side"":""yes"",""ticker"":""KXBTC15M-26APR281115-15"",""trade_id"":""2a7d0338-771b-5e6b-44cf-8c12c972621e"",""yes_price_dollars"":""0.7200""}"
KXBTC15M-26APR281115-15,c17527ef-eee8-58bb-5952-f7015b92ef4b,1777388438,0.71,8.86,no,"{""count_fp"":""8.86"",""created_time"":""2026-04-28T15:00:38.140818Z"",""no_price_dollars"":""0.2900"",""taker_side"":""no"",""ticker"":""KXBTC15M-26APR281115-15"",""trade_id"":""c17527ef-eee8-58bb-5952-f7015b92ef4b"",""yes_price_dollars"":""0.7100""}"
KXBTC15M-26APR281115-15,93130391-6583-5ab1-402a-c61f99a539f3,1777388438,0.71,7.56,no,"{""count_fp"":""7.56"",""created_time"":""2026-04-28T15:00:38.140818Z"",""no_price_dollars"":""0.2900"",""taker_side"":""no"",""ticker"":""KXBTC15M-26APR281115-15"",""trade_id"":""93130391-6583-5ab1-402a-c61f99a539f3"",""yes_price_dollars"":""0.7100""}"
KXBTC15M-26APR281115-15,12dfb96a-7bb4-4037-4c3d-7dce5c46f073,1777388438,0.71,6.57,no,"{""count_fp"":""6.57"",""created_time"":""2026-04-28T15:00:38.090137Z"",""no_price_dollars"":""0.2900"",""taker_side"":""no"",""ticker"":""KXBTC15M-26APR281115-15"",""trade_id"":""12dfb96a-7bb4-4037-4c3d-7dce5c46f073"",""yes_price_dollars"":""0.7100""}"
KXBTC15M-26APR281115-15,7d8fb58b-385c-53e7-ac28-594d7ffea99b,1777388438,0.71,6.57,no,"{""count_fp"":""6.57"",""created_time"":""2026-04-28T15:00:38.057535Z"",""no_price_dollars"":""0.2900"",""taker_side"":""no"",""ticker"":""KXBTC15M-26APR281115-15"",""trade_id"":""7d8fb58b-385c-53e7-ac28-594d7ffea99b"",""yes_price_dollars"":""0.7100""}"
KXBTC15M-26APR281115-15,eab683ea-56e4-5f60-1d92-4eabe4f440d6,1777388439,0.71,58.02,no,"{""count_fp"":""58.02"",""created_time"":""2026-04-28T15:00:39.662846Z"",""no_price_dollars"":""0.2900"",""taker_side"":""no"",""ticker"":""KXBTC15M-26APR281115-15"",""trade_id"":""eab683ea-56e4-5f60-1d92-4eabe4f440d6"",""yes_price_dollars"":""0.7100""}"
KXBTC15M-26APR281115-15,07da73a3-8e64-7748-6e48-515ceb86aa96,1777388439,0.71,27.0,no,"{""count_fp"":""27.00"",""created_time"":""2026-04-28T15:00:39.654357Z"",""no_price_dollars"":""0.2900"",""taker_side"":""no"",""ticker"":""KXBTC15M-26APR281115-15"",""trade_id"":""07da73a3-8e64-7748-6e48-515ceb86aa96"",""yes_price_dollars"":""0.7100""}"
KXBTC15M-26APR281115-15,5772139d-61e4-53a4-4fff-962a5fe0499a,1777388439,0.71,41.68,no,"{""count_fp"":""41.68"",""created_time"":""2026-04-28T15:00:39.654139Z"",""no_price_dollars"":""0.2900"",""taker_side"":""no"",""ticker"":""KXBTC15M-26APR281115-15"",""trade_id"":""5772139d-61e4-53a4-4fff-962a5fe0499a"",""yes_price_dollars"":""0.7100""}"
KXBTC15M-26APR281115-15,95b1df36-8b1a-7c2d-abf3-31dd0e16297a,1777388439,0.71,12.0,no,"{""count_fp"":""12.00"",""created_time"":""2026-04-28T15:00:39.651015Z"",""no_price_dollars"":""0.2900"",""taker_side"":""no"",""ticker"":""KXBTC15M-26APR281115-15"",""trade_id"":""95b1df36-8b1a-7c2d-abf3-31dd0e16297a"",""yes_price_dollars"":""0.7100""}"
KXBTC15M-26APR281115-15,43aa5afb-3f68-78ec-a844-693de57ff6c6,1777388439,0.71,336.21,no,"{""count_fp"":""336.21"",""created_time"":""2026-04-28T15:00:39.651015Z"",""no_price_dollars"":""0.2900"",""taker_side"":""no"",""ticker"":""KXBTC15M-26APR281115-15"",""trade_id"":""43aa5afb-3f68-78ec-a844-693de57ff6c6"",""yes_price_dollars"":""0.7100""}"
KXBTC15M-26APR281115-15,839df1df-bae3-6d51-8a00-765cef2cf8bf,1777388439,0.71,36.03,no,"{""count_fp"":""36.03"",""created_time"":""2026-04-28T15:00:39.491469Z"",""no_price_dollars"":""0.2900"",""taker_side"":""no"",""ticker"":""KXBTC15M-26APR281115-15"",""trade_id"":""839df1df-bae3-6d51-8a00-765cef2cf8bf"",""yes_price_dollars"":""0.7100""}"
KXBTC15M-26APR281115-15,f14ea01a-7947-7399-e624-108a7f417a9f,1777388439,0.71,24.25,no,"{""count_fp"":""24.25"",""created_time"":""2026-04-28T15:00:39.281052Z"",""no_price_dollars"":""0.2900"",""taker_side"":""no"",""ticker"":""KXBTC15M-26APR281115-15"",""trade_id"":""f14ea01a-7947-7399-e624-108a7f417a9f"",""yes_price_dollars"":""0.7100""}"
KXBTC15M-26APR281115-15,19fe67de-6407-7b69-76ad-cd39a952d193,1777388439,0.71,32.85,no,"{""count_fp"":""32.85"",""created_time"":""2026-04-28T15:00:39.201335Z"",""no_price_dollars"":""0.2900"",""taker_side"":""no"",""ticker"":""KXBTC15M-26APR281115-15"",""trade_id"":""19fe67de-6407-7b69-76ad-cd39a952d193"",""yes_price_dollars"":""0.7100""}"
KXBTC15M-26APR281115-15,984a07a3-465c-5248-14a5-fd82150ca3ce,1777388440,0.7,1.0,no,"{""count_fp"":""1.00"",""created_time"":""2026-04-28T15:00:40.920541Z"",""no_price_dollars"":""0.3000"",""taker_side"":""no"",""ticker"":""KXBTC15M-26APR281115-15"",""trade_id"":""984a07a3-465c-5248-14a5-fd82150ca3ce"",""yes_price_dollars"":""0.7000""}"
KXBTC15M-26APR281115-15,c3ed4971-8b2c-488c-1662-52b2f73f77ee,1777388440,0.7,0.82,no,"{""count_fp"":""0.82"",""created_time"":""2026-04-28T15:00:40.897607Z"",""no_price_dollars"":""0.3000"",""taker_side"":""no"",""ticker"":""KXBTC15M-26APR281115-15"",""trade_id"":""c3ed4971-8b2c-488c-1662-52b2f73f77ee"",""yes_price_dollars"":""0.7000""}"
KXBTC15M-26APR281115-15,fe0b53cd-2ef7-6903-ca14-0f85f3eca31a,1777388440,0.71,10.83,yes,"{""count_fp"":""10.83"",""created_time"":""2026-04-28T15:00:40.848972Z"",""no_price_dollars"":""0.2900"",""taker_side"":""yes"",""ticker"":""KXBTC15M-26APR281115-15"",""trade_id"":""fe0b53cd-2ef7-6903-ca14-0f85f3eca31a"",""yes_price_dollars"":""0.7100""}"
KXBTC15M-26APR281115-15,55d57a71-f243-62ea-e361-2208577f6a16,1777388440,0.71,34.31,yes,"{""count_fp"":""34.31"",""created_time"":""2026-04-28T15:00:40.848972Z"",""no_price_dollars"":""0.2900"",""taker_side"":""yes"",""ticker"":""KXBTC15M-26APR281115-15"",""trade_id"":""55d57a71-f243-62ea-e361-2208577f6a16"",""yes_price_dollars"":""0.7100""}"
KXBTC15M-26APR281115-15,3de355c7-25c7-79c2-6394-9133e5e41fa6,1777388440,0.71,33.37,yes,"{""count_fp"":""33.37"",""created_time"":""2026-04-28T15:00:40.840299Z"",""no_price_dollars"":""0.2900"",""taker_side"":""yes"",""ticker"":""KXBTC15M-26APR281115-15"",""trade_id"":""3de355c7-25c7-79c2-6394-9133e5e41fa6"",""yes_price_dollars"":""0.7100""}"
KXBTC15M-26APR281115-15,e2d422ed-fbbb-5e02-0f02-035eff682ba6,1777388440,0.71,20.85,yes,"{""count_fp"":""20.85"",""created_time"":""2026-04-28T15:00:40.828556Z"",""no_price_dollars"":""0.2900"",""taker_side"":""yes"",""ticker"":""KXBTC15M-26APR281115-15"",""trade_id"":""e2d422ed-fbbb-5e02-0f02-035eff682ba6"",""yes_price_dollars"":""0.7100""}"
KXBTC15M-26APR281115-15,0d658af3-8797-4d3e-abdd-cddbfb50d5fe,1777388440,0.71,13.61,yes,"{""count_fp"":""13.61"",""created_time"":""2026-04-28T15:00:40.824963Z"",""no_price_dollars"":""0.2900"",""taker_side"":""yes"",""ticker"":""KXBTC15M-26APR281115-15"",""trade_id"":""0d658af3-8797-4d3e-abdd-cddbfb50d5fe"",""yes_price_dollars"":""0.7100""}"
KXBTC15M-26APR281115-15,5a764484-11ef-531e-4239-245a6cbd8aea,1777388440,0.71,8.86,yes,"{""count_fp"":""8.86"",""created_time"":""2026-04-28T15:00:40.813257Z"",""no_price_dollars"":""0.2900"",""taker_side"":""yes"",""ticker"":""KXBTC15M-26APR281115-15"",""trade_id"":""5a764484-11ef-531e-4239-245a6cbd8aea"",""yes_price_dollars"":""0.7100""}"
KXBTC15M-26APR281115-15,435ada7f-1ffa-55b0-6cbe-dc1cc5164e33,1777388440,0.71,12.0,yes,"{""count_fp"":""12.00"",""created_time"":""2026-04-28T15:00:40.813257Z"",""no_price_dollars"":""0.2900"",""taker_side"":""yes"",""ticker"":""KXBTC15M-26APR281115-15"",""trade_id"":""435ada7f-1ffa-55b0-6cbe-dc1cc5164e33"",""yes_price_dollars"":""0.7100""}"
KXBTC15M-26APR281115-15,02672cd2-ff38-5939-5cca-04b94c72c8db,1777388440,0.71,3.0,yes,"{""count_fp"":""3.00"",""created_time"":""2026-04-28T15:00:40.813257Z"",""no_price_dollars"":""0.2900"",""taker_side"":""yes"",""ticker"":""KXBTC15M-26APR281115-15"",""trade_id"":""02672cd2-ff38-5939-5cca-04b94c72c8db"",""yes_price_dollars"":""0.7100""}"
KXBTC15M-26APR281115-15,5abc96da-0722-4992-eff8-0ae23aa5c13b,1777388440,0.71,0.53,yes,"{""count_fp"":""0.53"",""created_time"":""2026-04-28T15:00:40.679249Z"",""no_price_dollars"":""0.2900"",""taker_side"":""yes"",""ticker"":""KXBTC15M-26APR281115-15"",""trade_id"":""5abc96da-0722-4992-eff8-0ae23aa5c13b"",""yes_price_dollars"":""0.7100""}"
KXBTC15M-26APR281115-15,52f1fa45-e7f2-6dea-bda7-2c5f0d903017,1777388440,0.71,16.5,yes,"{""count_fp"":""16.50"",""created_time"":""2026-04-28T15:00:40.578071Z"",""no_price_dollars"":""0.2900"",""taker_side"":""yes"",""ticker"":""KXBTC15M-26APR281115-15"",""trade_id"":""52f1fa45-e7f2-6dea-bda7-2c5f0d903017"",""yes_price_dollars"":""0.7100""}"
KXBTC15M-26APR281115-15,3be50c9b-b181-6c50-b597-87633a8d63b3,1777388440,0.71,44.0,yes,"{""count_fp"":""44.00"",""created_time"":""2026-04-28T15:00:40.578071Z"",""no_price_dollars"":""0.2900"",""taker_side"":""yes"",""ticker"":""KXBTC15M-26APR281115-15"",""trade_id"":""3be50c9b-b181-6c50-b597-87633a8d63b3"",""yes_price_dollars"":""0.7100""}"
KXBTC15M-26APR281115-15,7ced343d-17dd-630c-7ac1-9c21702342cf,1777388440,0.71,1.0,yes,"{""count_fp"":""1.00"",""created_time"":""2026-04-28T15:00:40.389446Z"",""no_price_dollars"":""0.2900"",""taker_side"":""yes"",""ticker"":""KXBTC15M-26APR281115-15"",""trade_id"":""7ced343d-17dd-630c-7ac1-9c21702342cf"",""yes_price_dollars"":""0.7100""}"
KXBTC15M-26APR281115-15,f5ed3800-435d-5b04-cd37-a7b2f52aeb00,1777388440,0.71,300.36,yes,"{""count_fp"":""300.36"",""created_time"":""2026-04-28T15:00:40.227894Z"",""no_price_dollars"":""0.2900"",""taker_side"":""yes"",""ticker"":""KXBTC15M-26APR281115-15"",""trade_id"":""f5ed3800-435d-5b04-cd37-a7b2f52aeb00"",""yes_price_dollars"":""0.7100""}"
