ticker,trade_id,ts,yes_price,count,taker_side,raw_json
KXBTC15M-26APR280500-00,aae8491f-eae0-5304-e20b-189d755d893b,1777365901,0.5,10.0,no,"{""count_fp"":""10.00"",""created_time"":""2026-04-28T08:45:01.147599Z"",""no_price_dollars"":""0.5000"",""taker_side"":""no"",""ticker"":""KXBTC15M-26APR280500-00"",""trade_id"":""aae8491f-eae0-5304-e20b-189d755d893b"",""yes_price_dollars"":""0.5000""}"
KXBTC15M-26APR280500-00,cb00a34d-57a5-70a8-f1b7-bc3e3fce09ff,1777365903,0.49,9.0,yes,"{""count_fp"":""9.00"",""created_time"":""2026-04-28T08:45:03.401016Z"",""no_price_dollars"":""0.5100"",""taker_side"":""yes"",""ticker"":""KXBTC15M-26APR280500-00"",""trade_id"":""cb00a34d-57a5-70a8-f1b7-bc3e3fce09ff"",""yes_price_dollars"":""0.4900""}"
KXBTC15M-26APR280500-00,6b0de470-08fe-6f48-0063-270872171875,1777365905,0.45,1.0,no,"{""count_fp"":""1.00"",""created_time"":""2026-04-28T08:45:05.669704Z"",""no_price_dollars"":""0.5500"",""taker_side"":""no"",""ticker"":""KXBTC15M-26APR280500-00"",""trade_id"":""6b0de470-08fe-6f48-0063-270872171875"",""yes_price_dollars"":""0.4500""}"
KXBTC15M-26APR280500-00,5e9099db-a0a4-6023-2518-a68fdd486487,1777365905,0.45,10.0,no,"{""count_fp"":""10.00"",""created_time"":""2026-04-28T08:45:05.669704Z"",""no_price_dollars"":""0.5500"",""taker_side"":""no"",""ticker"":""KXBTC15M-26APR280500-00"",""trade_id"":""5e9099db-a0a4-6023-2518-a68fdd486487"",""yes_price_dollars"":""0.4500""}"
KXBTC15M-26APR280500-00,430aecc9-ffc2-6385-04c1-3b36360b012a,1777365905,0.45,1.0,no,"{""count_fp"":""1.00"",""created_time"":""2026-04-28T08:45:05.669704Z"",""no_price_dollars"":""0.5500"",""taker_side"":""no"",""ticker"":""KXBTC15M-26APR280500-00"",""trade_id"":""430aecc9-ffc2-6385-04c1-3b36360b012a"",""yes_price_dollars"":""0.4500""}"
KXBTC15M-26APR280500-00,10d016b3-17a5-6ac1-1dd9-367826f5c7fa,1777365905,0.45,1.0,no,"{""count_fp"":""1.00"",""created_time"":""2026-04-28T08:45:05.669704Z"",""no_price_dollars"":""0.5500"",""taker_side"":""no"",""ticker"":""KXBTC15M-26APR280500-00"",""trade_id"":""10d016b3-17a5-6ac1-1dd9-367826f5c7fa"",""yes_price_dollars"":""0.4500""}"
KXBTC15M-26APR280500-00,654abd14-fc53-6823-cfe0-b73febd364e5,1777365906,0.42,1.0,no,"{""count_fp"":""1.00"",""created_time"":""2026-04-28T08:45:06.935384Z"",""no_price_dollars"":""0.5800"",""taker_side"":""no"",""ticker"":""KXBTC15M-26APR280500-00"",""trade_id"":""654abd14-fc53-6823-cfe0-b73febd364e5"",""yes_price_dollars"":""0.4200""}"
KXBTC15M-26APR280500-00,5707f046-19b0-6bcb-c40e-cba6f8153d35,1777365906,0.42,1.0,no,"{""count_fp"":""1.00"",""created_time"":""2026-04-28T08:45:06.935384Z"",""no_price_dollars"":""0.5800"",""taker_side"":""no"",""ticker"":""KXBTC15M-26APR280500-00"",""trade_id"":""5707f046-19b0-6bcb-c40e-cba6f8153d35"",""yes_price_dollars"":""0.4200""}"
KXBTC15M-26APR280500-00,553ac919-a8ff-6eb0-cfd4-7e1ed4aa7961,1777365906,0.42,1.0,no,"{""count_fp"":""1.00"",""created_time"":""2026-04-28T08:45:06.935384Z"",""no_price_dollars"":""0.5800"",""taker_side"":""no"",""ticker"":""KXBTC15M-26APR280500-00"",""trade_id"":""553ac919-a8ff-6eb0-cfd4-7e1ed4aa7961"",""yes_price_dollars"":""0.4200""}"
KXBTC15M-26APR280500-00,9498a44d-4c98-525b-203d-547257c15901,1777365906,0.46,3.94,yes,"{""count_fp"":""3.94"",""created_time"":""2026-04-28T08:45:06.044837Z"",""no_price_dollars"":""0.5400"",""taker_side"":""yes"",""ticker"":""KXBTC15M-26APR280500-00"",""trade_id"":""9498a44d-4c98-525b-203d-547257c15901"",""yes_price_dollars"":""0.4600""}"
KXBTC15M-26APR280500-00,c842b0a4-9bd1-666d-8485-91180ff083ec,1777365908,0.42,14.68,no,"{""count_fp"":""14.68"",""created_time"":""2026-04-28T08:45:08.499822Z"",""no_price_dollars"":""0.5800"",""taker_side"":""no"",""ticker"":""KXBTC15M-26APR280500-00"",""trade_id"":""c842b0a4-9bd1-666d-8485-91180ff083ec"",""yes_price_dollars"":""0.4200""}"
KXBTC15M-26APR280500-00,6da20280-f663-6181-9759-1697855e5149,1777365908,0.42,2.06,no,"{""count_fp"":""2.06"",""created_time"":""2026-04-28T08:45:08.499822Z"",""no_price_dollars"":""0.5800"",""taker_side"":""no"",""ticker"":""KXBTC15M-26APR280500-00"",""trade_id"":""6da20280-f663-6181-9759-1697855e5149"",""yes_price_dollars"":""0.4200""}"
KXBTC15M-26APR280500-00,fa31a736-fc73-5b09-dea6-08602314df9d,1777365908,0.42,6.77,no,"{""count_fp"":""6.77"",""created_time"":""2026-04-28T08:45:08.450548Z"",""no_price_dollars"":""0.5800"",""taker_side"":""no"",""ticker"":""KXBTC15M-26APR280500-00"",""trade_id"":""fa31a736-fc73-5b09-dea6-08602314df9d"",""yes_price_dollars"":""0.4200""}"
KXBTC15M-26APR280500-00,ea34eb3f-c0df-5b6f-c24e-0ec1ca1fee09,1777365908,0.42,15.0,no,"{""count_fp"":""15.00"",""created_time"":""2026-04-28T08:45:08.450548Z"",""no_price_dollars"":""0.5800"",""taker_side"":""no"",""ticker"":""KXBTC15M-26APR280500-00"",""trade_id"":""ea34eb3f-c0df-5b6f-c24e-0ec1ca1fee09"",""yes_price_dollars"":""0.4200""}"
KXBTC15M-26APR280500-00,e0fb3d5a-1351-5480-69c2-dcb208d3afc4,1777365909,0.43,4.49,yes,"{""count_fp"":""4.49"",""created_time"":""2026-04-28T08:45:09.589196Z"",""no_price_dollars"":""0.5700"",""taker_side"":""yes"",""ticker"":""KXBTC15M-26APR280500-00"",""trade_id"":""e0fb3d5a-1351-5480-69c2-dcb208d3afc4"",""yes_price_dollars"":""0.4300""}"
KXBTC15M-26APR280500-00,215c4926-026c-61ae-b778-db565a4ce50c,1777365909,0.41,4.91,no,"{""count_fp"":""4.91"",""created_time"":""2026-04-28T08:45:09.347743Z"",""no_price_dollars"":""0.5900"",""taker_side"":""no"",""ticker"":""KXBTC15M-26APR280500-00"",""trade_id"":""215c4926-026c-61ae-b778-db565a4ce50c"",""yes_price_dollars"":""0.4100""}"
KXBTC15M-26APR280500-00,36fb98c5-60d5-7968-e22e-ce8b864aed1c,1777365909,0.43,6.28,yes,"{""count_fp"":""6.28"",""created_time"":""2026-04-28T08:45:09.254413Z"",""no_price_dollars"":""0.5700"",""taker_side"":""yes"",""ticker"":""KXBTC15M-26APR280500-00"",""trade_id"":""36fb98c5-60d5-7968-e22e-ce8b864aed1c"",""yes_price_dollars"":""0.4300""}"
KXBTC15M-26APR280500-00,66214ab0-7830-691e-5d16-adfc68be9124,1777365910,0.41,16.47,no,"{""count_fp"":""16.47"",""created_time"":""2026-04-28T08:45:10.959805Z"",""no_price_dollars"":""0.5900"",""taker_side"":""no"",""ticker"":""KXBTC15M-26APR280500-00"",""trade_id"":""66214ab0-7830-691e-5d16-adfc68be9124"",""yes_price_dollars"":""0.4100""}"
KXBTC15M-26APR280500-00,396f0cba-09f8-6daa-9f26-d5ab2792e0b4,1777365910,0.41,39.54,no,"{""count_fp"":""39.54"",""created_time"":""2026-04-28T08:45:10.286239Z"",""no_price_dollars"":""0.5900"",""taker_side"":""no"",""ticker"":""KXBTC15M-26APR280500-00"",""trade_id"":""396f0cba-09f8-6daa-9f26-d5ab2792e0b4"",""yes_price_dollars"":""0.4100""}"
KXBTC15M-26APR280500-00,941a25b1-6f96-6f16-a826-75ba4b223f8a,1777365911,0.42,10.47,yes,"{""count_fp"":""10.47"",""created_time"":""2026-04-28T08:45:11.358416Z"",""no_price_dollars"":""0.5800"",""taker_side"":""yes"",""ticker"":""KXBTC15M-26APR280500-00"",""trade_id"":""941a25b1-6f96-6f16-a826-75ba4b223f8a"",""yes_price_dollars"":""0.4200""}"
KXBTC15M-26APR280500-00,f5200040-6191-45d8-9d8d-d7e6b686d280,1777365912,0.43,2.0,yes,"{""count_fp"":""2.00"",""created_time"":""2026-04-28T08:45:12.558874Z"",""no_price_dollars"":""0.5700"",""taker_side"":""yes"",""ticker"":""KXBTC15M-26APR280500-00"",""trade_id"":""f5200040-6191-45d8-9d8d-d7e6b686d280"",""yes_price_dollars"":""0.4300""}"
KXBTC15M-26APR280500-00,0fc2ff09-248c-53c6-2e19-56a41074902c,1777365913,0.41,8.23,no,"{""count_fp"":""8.23"",""created_time"":""2026-04-28T08:45:13.102403Z"",""no_price_dollars"":""0.5900"",""taker_side"":""no"",""ticker"":""KXBTC15M-26APR280500-00"",""trade_id"":""0fc2ff09-248c-53c6-2e19-56a41074902c"",""yes_price_dollars"":""0.4100""}"
KXBTC15M-26APR280500-00,db671180-b934-4d7e-8fbe-40f9c8c2ef58,1777365914,0.41,1.0,no,"{""count_fp"":""1.00"",""created_time"":""2026-04-28T08:45:14.301628Z"",""no_price_dollars"":""0.5900"",""taker_side"":""no"",""ticker"":""KXBTC15M-26APR280500-00"",""trade_id"":""db671180-b934-4d7e-8fbe-40f9c8c2ef58"",""yes_price_dollars"":""0.4100""}"
KXBTC15M-26APR280500-00,6b82869c-1b30-7989-99ce-0fb67c35d61e,1777365915,0.4,7.0,no,"{""count_fp"":""7.00"",""created_time"":""2026-04-28T08:45:15.976818Z"",""no_price_dollars"":""0.6000"",""taker_side"":""no"",""ticker"":""KXBTC15M-26APR280500-00"",""trade_id"":""6b82869c-1b30-7989-99ce-0fb67c35d61e"",""yes_price_dollars"":""0.4000""}"
KXBTC15M-26APR280500-00,0db48f2c-c5a8-6181-097f-8b192536ff1a,1777365915,0.4,9.0,no,"{""count_fp"":""9.00"",""created_time"":""2026-04-28T08:45:15.742181Z"",""no_price_dollars"":""0.6000"",""taker_side"":""no"",""ticker"":""KXBTC15M-26APR280500-00"",""trade_id"":""0db48f2c-c5a8-6181-097f-8b192536ff1a"",""yes_price_dollars"":""0.4000""}"
KXBTC15M-26APR280500-00,a560dd37-7eb0-59c1-b8a1-23debb46dd7e,1777365915,0.4,10.0,no,"{""count_fp"":""10.00"",""created_time"":""2026-04-28T08:45:15.635347Z"",""no_price_dollars"":""0.6000"",""taker_side"":""no"",""ticker"":""KXBTC15M-26APR280500-00"",""trade_id"":""a560dd37-7eb0-59c1-b8a1-23debb46dd7e"",""yes_price_dollars"":""0.4000""}"
KXBTC15M-26APR280500-00,1314046b-22ac-7f93-a077-0b708854cd70,1777365915,0.41,57.2,yes,"{""count_fp"":""57.20"",""created_time"":""2026-04-28T08:45:15.615542Z"",""no_price_dollars"":""0.5900"",""taker_side"":""yes"",""ticker"":""KXBTC15M-26APR280500-00"",""trade_id"":""1314046b-22ac-7f93-a077-0b708854cd70"",""yes_price_dollars"":""0.4100""}"
KXBTC15M-26APR280500-00,b13020e6-9d8c-6941-e15a-b0c5d43c4f86,1777365915,0.4,229.77,no,"{""count_fp"":""229.77"",""created_time"":""2026-04-28T08:45:15.582395Z"",""no_price_dollars"":""0.6000"",""taker_side"":""no"",""ticker"":""KXBTC15M-26APR280500-00"",""trade_id"":""b13020e6-9d8c-6941-e15a-b0c5d43c4f86"",""yes_price_dollars"":""0.4000""}"
KXBTC15M-26APR280500-00,774a095e-9460-4707-d111-d961847eef18,1777365915,0.41,1.83,yes,"{""count_fp"":""1.83"",""created_time"":""2026-04-28T08:45:15.514435Z"",""no_price_dollars"":""0.5900"",""taker_side"":""yes"",""ticker"":""KXBTC15M-26APR280500-00"",""trade_id"":""774a095e-9460-4707-d111-d961847eef18"",""yes_price_dollars"":""0.4100""}"
KXBTC15M-26APR280500-00,87c27af0-1ea4-459d-9dfc-7b0463b00d5e,1777365915,0.4,18.0,no,"{""count_fp"":""18.00"",""created_time"":""2026-04-28T08:45:15.440878Z"",""no_price_dollars"":""0.6000"",""taker_side"":""no"",""ticker"":""KXBTC15M-26APR280500-00"",""trade_id"":""87c27af0-1ea4-459d-9dfc-7b0463b00d5e"",""yes_price_dollars"":""0.4000""}"
KXBTC15M-26APR280500-00,0bc6b32b-eaf0-47fc-aab4-6bf626e867ea,1777365915,0.4,88.0,no,"{""count_fp"":""88.00"",""created_time"":""2026-04-28T08:45:15.440878Z"",""no_price_dollars"":""0.6000"",""taker_side"":""no"",""ticker"":""KXBTC15M-26APR280500-00"",""trade_id"":""0bc6b32b-eaf0-47fc-aab4-6bf626e867ea"",""yes_price_dollars"":""0.4000""}"
KXBTC15M-26APR280500-00,e44a1a30-7e0e-5f80-3a20-120a5bb929b7,1777365915,0.41,0.19,no,"{""count_fp"":""0.19"",""created_time"":""2026-04-28T08:45:15.236955Z"",""no_price_dollars"":""0.5900"",""taker_side"":""no"",""ticker"":""KXBTC15M-26APR280500-00"",""trade_id"":""e44a1a30-7e0e-5f80-3a20-120a5bb929b7"",""yes_price_dollars"":""0.4100""}"
KXBTC15M-26APR280500-00,f6ca1048-6ff6-7880-5ab1-5f2cfd278cdd,1777365915,0.41,5.0,no,"{""count_fp"":""5.00"",""created_time"":""2026-04-28T08:45:15.236577Z"",""no_price_dollars"":""0.5900"",""taker_side"":""no"",""ticker"":""KXBTC15M-26APR280500-00"",""trade_id"":""f6ca1048-6ff6-7880-5ab1-5f2cfd278cdd"",""yes_price_dollars"":""0.4100""}"
KXBTC15M-26APR280500-00,ebcae9f8-e528-7376-5442-df901d4dee84,1777365915,0.41,21.19,no,"{""count_fp"":""21.19"",""created_time"":""2026-04-28T08:45:15.236577Z"",""no_price_dollars"":""0.5900"",""taker_side"":""no"",""ticker"":""KXBTC15M-26APR280500-00"",""trade_id"":""ebcae9f8-e528-7376-5442-df901d4dee84"",""yes_price_dollars"":""0.4100""}"
KXBTC15M-26APR280500-00,79d3c2ab-2f52-7954-529d-78f61b7693df,1777365915,0.41,4.81,no,"{""count_fp"":""4.81"",""created_time"":""2026-04-28T08:45:15.236577Z"",""no_price_dollars"":""0.5900"",""taker_side"":""no"",""ticker"":""KXBTC15M-26APR280500-00"",""trade_id"":""79d3c2ab-2f52-7954-529d-78f61b7693df"",""yes_price_dollars"":""0.4100""}"
KXBTC15M-26APR280500-00,754da66a-98a0-5082-b798-c6b3d060f850,1777365915,0.41,2.96,no,"{""count_fp"":""2.96"",""created_time"":""2026-04-28T08:45:15.160538Z"",""no_price_dollars"":""0.5900"",""taker_side"":""no"",""ticker"":""KXBTC15M-26APR280500-00"",""trade_id"":""754da66a-98a0-5082-b798-c6b3d060f850"",""yes_price_dollars"":""0.4100""}"
KXBTC15M-26APR280500-00,f9bb6ca6-d634-54f6-94de-5a9f5d6218e8,1777365915,0.41,8.23,no,"{""count_fp"":""8.23"",""created_time"":""2026-04-28T08:45:15.120493Z"",""no_price_dollars"":""0.5900"",""taker_side"":""no"",""ticker"":""KXBTC15M-26APR280500-00"",""trade_id"":""f9bb6ca6-d634-54f6-94de-5a9f5d6218e8"",""yes_price_dollars"":""0.4100""}"
KXBTC15M-26APR280500-00,d296b31d-b320-65bf-dbc8-aefceb59a66c,1777365916,0.41,234.22,yes,"{""count_fp"":""234.22"",""created_time"":""2026-04-28T08:45:16.916786Z"",""no_price_dollars"":""0.5900"",""taker_side"":""yes"",""ticker"":""KXBTC15M-26APR280500-00"",""trade_id"":""d296b31d-b320-65bf-dbc8-aefceb59a66c"",""yes_price_dollars"":""0.4100""}"
KXBTC15M-26APR280500-00,d4e974c1-7948-4eeb-3a84-300e510c4684,1777365916,0.41,3.0,yes,"{""count_fp"":""3.00"",""created_time"":""2026-04-28T08:45:16.775865Z"",""no_price_dollars"":""0.5900"",""taker_side"":""yes"",""ticker"":""KXBTC15M-26APR280500-00"",""trade_id"":""d4e974c1-7948-4eeb-3a84-300e510c4684"",""yes_price_dollars"":""0.4100""}"
KXBTC15M-26APR280500-00,31899e3c-9aec-76fd-c7de-2f461aa3d376,1777365916,0.4,16.0,no,"{""count_fp"":""16.00"",""created_time"":""2026-04-28T08:45:16.145398Z"",""no_price_dollars"":""0.6000"",""taker_side"":""no"",""ticker"":""KXBTC15M-26APR280500-00"",""trade_id"":""31899e3c-9aec-76fd-c7de-2f461aa3d376"",""yes_price_dollars"":""0.4000""}"
KXBTC15M-26APR280500-00,22ef336b-cf35-64d4-e21b-757e82a607ca,1777365917,0.41,2.0,yes,"{""count_fp"":""2.00"",""created_time"":""2026-04-28T08:45:17.749804Z"",""no_price_dollars"":""0.5900"",""taker_side"":""yes"",""ticker"":""KXBTC15M-26APR280500-00"",""trade_id"":""22ef336b-cf35-64d4-e21b-757e82a607ca"",""yes_price_dollars"":""0.4100""}"
KXBTC15M-26APR280500-00,4b362b9b-edfd-5c50-cac3-034ae4d41c86,1777365917,0.41,11.44,yes,"{""count_fp"":""11.44"",""created_time"":""2026-04-28T08:45:17.538039Z"",""no_price_dollars"":""0.5900"",""taker_side"":""yes"",""ticker"":""KXBTC15M-26APR280500-00"",""trade_id"":""4b362b9b-edfd-5c50-cac3-034ae4d41c86"",""yes_price_dollars"":""0.4100""}"
KXBTC15M-26APR280500-00,15e956e6-a845-5c18-0741-312adf6f89e2,1777365917,0.41,11.44,yes,"{""count_fp"":""11.44"",""created_time"":""2026-04-28T08:45:17.501499Z"",""no_price_dollars"":""0.5900"",""taker_side"":""yes"",""ticker"":""KXBTC15M-26APR280500-00"",""trade_id"":""15e956e6-a845-5c18-0741-312adf6f89e2"",""yes_price_dollars"":""0.4100""}"
KXBTC15M-26APR280500-00,dd961349-2acd-4b24-733b-34ba5f626eb2,1777365917,0.41,4.57,yes,"{""count_fp"":""4.57"",""created_time"":""2026-04-28T08:45:17.321706Z"",""no_price_dollars"":""0.5900"",""taker_side"":""yes"",""ticker"":""KXBTC15M-26APR280500-00"",""trade_id"":""dd961349-2acd-4b24-733b-34ba5f626eb2"",""yes_price_dollars"":""0.4100""}"
KXBTC15M-26APR280500-00,13dbe7b2-a995-77b0-7718-2d4d5aaedf52,1777365917,0.41,1.0,yes,"{""count_fp"":""1.00"",""created_time"":""2026-04-28T08:45:17.295924Z"",""no_price_dollars"":""0.5900"",""taker_side"":""yes"",""ticker"":""KXBTC15M-26APR280500-00"",""trade_id"":""13dbe7b2-a995-77b0-7718-2d4d5aaedf52"",""yes_price_dollars"":""0.4100""}"
KXBTC15M-26APR280500-00,f6b44080-54e1-71d8-5651-9320fc8b9416,1777365917,0.41,0.58,yes,"{""count_fp"":""0.58"",""created_time"":""2026-04-28T08:45:17.270522Z"",""no_price_dollars"":""0.5900"",""taker_side"":""yes"",""ticker"":""KXBTC15M-26APR280500-00"",""trade_id"":""f6b44080-54e1-71d8-5651-9320fc8b9416"",""yes_price_dollars"":""0.4100""}"
KXBTC15M-26APR280500-00,6e1c34dc-1d44-6c75-b87a-df32bfab7506,1777365918,0.4,129.7,no,"{""count_fp"":""129.70"",""created_time"":""2026-04-28T08:45:18.985821Z"",""no_price_dollars"":""0.6000"",""taker_side"":""no"",""ticker"":""KXBTC15M-26APR280500-00"",""trade_id"":""6e1c34dc-1d44-6c75-b87a-df32bfab7506"",""yes_price_dollars"":""0.4000""}"
KXBTC15M-26APR280500-00,bbd0dcd6-0649-75b7-6608-f5d21449b296,1777365918,0.41,1.94,yes,"{""count_fp"":""1.94"",""created_time"":""2026-04-28T08:45:18.837936Z"",""no_price_dollars"":""0.5900"",""taker_side"":""yes"",""ticker"":""KXBTC15M-26APR280500-00"",""trade_id"":""bbd0dcd6-0649-75b7-6608-f5d21449b296"",""yes_price_dollars"":""0.4100""}"
KXBTC15M-26APR280500-00,5c1a2696-96a4-6a65-61bf-c8d20fd213e6,1777365918,0.4,84.0,no,"{""count_fp"":""84.00"",""created_time"":""2026-04-28T08:45:18.788719Z"",""no_price_dollars"":""0.6000"",""taker_side"":""no"",""ticker"":""KXBTC15M-26APR280500-00"",""trade_id"":""5c1a2696-96a4-6a65-61bf-c8d20fd213e6"",""yes_price_dollars"":""0.4000""}"
KXBTC15M-26APR280500-00,fbf7c51f-9259-5db3-378f-2645479ac53a,1777365918,0.41,13.42,yes,"{""count_fp"":""13.42"",""created_time"":""2026-04-28T08:45:18.602816Z"",""no_price_dollars"":""0.5900"",""taker_side"":""yes"",""ticker"":""KXBTC15M-26APR280500-00"",""trade_id"":""fbf7c51f-9259-5db3-378f-2645479ac53a"",""yes_price_dollars"":""0.4100""}"
KXBTC15M-26APR280500-00,54f66132-e2f1-55fc-0f2c-a381c45c8e0b,1777365918,0.41,10.0,yes,"{""count_fp"":""10.00"",""created_time"":""2026-04-28T08:45:18.602816Z"",""no_price_dollars"":""0.5900"",""taker_side"":""yes"",""ticker"":""KXBTC15M-26APR280500-00"",""trade_id"":""54f66132-e2f1-55fc-0f2c-a381c45c8e0b"",""yes_price_dollars"":""0.4100""}"
KXBTC15M-26APR280500-00,bbc9f596-ba5d-56a8-afab-80509ac3280e,1777365918,0.41,9.97,yes,"{""count_fp"":""9.97"",""created_time"":""2026-04-28T08:45:18.185348Z"",""no_price_dollars"":""0.5900"",""taker_side"":""yes"",""ticker"":""KXBTC15M-26APR280500-00"",""trade_id"":""bbc9f596-ba5d-56a8-afab-80509ac3280e"",""yes_price_dollars"":""0.4100""}"
KXBTC15M-26APR280500-00,7dc3b24b-8e60-5f11-b66d-86f7920f4ddd,1777365918,0.41,36.87,yes,"{""count_fp"":""36.87"",""created_time"":""2026-04-28T08:45:18.185348Z"",""no_price_dollars"":""0.5900"",""taker_side"":""yes"",""ticker"":""KXBTC15M-26APR280500-00"",""trade_id"":""7dc3b24b-8e60-5f11-b66d-86f7920f4ddd"",""yes_price_dollars"":""0.4100""}"
KXBTC15M-26APR280500-00,fc2b848a-af49-6a14-578e-ceb82aa20623,1777365919,0.39,31.22,no,"{""count_fp"":""31.22"",""created_time"":""2026-04-28T08:45:19.852624Z"",""no_price_dollars"":""0.6100"",""taker_side"":""no"",""ticker"":""KXBTC15M-26APR280500-00"",""trade_id"":""fc2b848a-af49-6a14-578e-ceb82aa20623"",""yes_price_dollars"":""0.3900""}"
KXBTC15M-26APR280500-00,5c56b31d-a5b4-6cf9-741f-ba3a225976ce,1777365919,0.4,0.55,no,"{""count_fp"":""0.55"",""created_time"":""2026-04-28T08:45:19.852624Z"",""no_price_dollars"":""0.6000"",""taker_side"":""no"",""ticker"":""KXBTC15M-26APR280500-00"",""trade_id"":""5c56b31d-a5b4-6cf9-741f-ba3a225976ce"",""yes_price_dollars"":""0.4000""}"
KXBTC15M-26APR280500-00,9a6ba0a6-0490-5395-1ae3-53d5dfc2fb4e,1777365919,0.4,324.0,no,"{""count_fp"":""324.00"",""created_time"":""2026-04-28T08:45:19.555845Z"",""no_price_dollars"":""0.6000"",""taker_side"":""no"",""ticker"":""KXBTC15M-26APR280500-00"",""trade_id"":""9a6ba0a6-0490-5395-1ae3-53d5dfc2fb4e"",""yes_price_dollars"":""0.4000""}"
KXBTC15M-26APR280500-00,685bce30-c250-6f95-0121-f610007d5e56,1777365919,0.4,59.98,no,"{""count_fp"":""59.98"",""created_time"":""2026-04-28T08:45:19.444832Z"",""no_price_dollars"":""0.6000"",""taker_side"":""no"",""ticker"":""KXBTC15M-26APR280500-00"",""trade_id"":""685bce30-c250-6f95-0121-f610007d5e56"",""yes_price_dollars"":""0.4000""}"
KXBTC15M-26APR280500-00,3c8a1d1c-e12f-44a0-f3b4-206f4f8f16ed,1777365920,0.38,23.42,yes,"{""count_fp"":""23.42"",""created_time"":""2026-04-28T08:45:20.540674Z"",""no_price_dollars"":""0.6200"",""taker_side"":""yes"",""ticker"":""KXBTC15M-26APR280500-00"",""trade_id"":""3c8a1d1c-e12f-44a0-f3b4-206f4f8f16ed"",""yes_price_dollars"":""0.3800""}"
KXBTC15M-26APR280500-00,1b6ae1a0-dbef-4708-493f-2778e9711b49,1777365920,0.38,2.34,yes,"{""count_fp"":""2.34"",""created_time"":""2026-04-28T08:45:20.509216Z"",""no_price_dollars"":""0.6200"",""taker_side"":""yes"",""ticker"":""KXBTC15M-26APR280500-00"",""trade_id"":""1b6ae1a0-dbef-4708-493f-2778e9711b49"",""yes_price_dollars"":""0.3800""}"
KXBTC15M-26APR280500-00,574cc694-9c33-4974-fb54-50538ab34bf1,1777365920,0.38,58.55,yes,"{""count_fp"":""58.55"",""created_time"":""2026-04-28T08:45:20.420991Z"",""no_price_dollars"":""0.6200"",""taker_side"":""yes"",""ticker"":""KXBTC15M-26APR280500-00"",""trade_id"":""574cc694-9c33-4974-fb54-50538ab34bf1"",""yes_price_dollars"":""0.3800""}"
KXBTC15M-26APR280500-00,ee7517ed-f9f3-5dd5-a89d-3678151fb80f,1777365920,0.38,2.0,no,"{""count_fp"":""2.00"",""created_time"":""2026-04-28T08:45:20.348805Z"",""no_price_dollars"":""0.6200"",""taker_side"":""no"",""ticker"":""KXBTC15M-26APR280500-00"",""trade_id"":""ee7517ed-f9f3-5dd5-a89d-3678151fb80f"",""yes_price_dollars"":""0.3800""}"
KXBTC15M-26APR280500-00,5b872c1e-8197-5e7e-8f95-ca84081e02cb,1777365920,0.38,132.0,no,"{""count_fp"":""132.00"",""created_time"":""2026-04-28T08:45:20.348805Z"",""no_price_dollars"":""0.6200"",""taker_side"":""no"",""ticker"":""KXBTC15M-26APR280500-00"",""trade_id"":""5b872c1e-8197-5e7e-8f95-ca84081e02cb"",""yes_price_dollars"":""0.3800""}"
KXBTC15M-26APR280500-00,e9f75076-e1f9-5584-3cd7-965441e2e33b,1777365920,0.39,0.78,no,"{""count_fp"":""0.78"",""created_time"":""2026-04-28T08:45:20.326326Z"",""no_price_dollars"":""0.6100"",""taker_side"":""no"",""ticker"":""KXBTC15M-26APR280500-00"",""trade_id"":""e9f75076-e1f9-5584-3cd7-965441e2e33b"",""yes_price_dollars"":""0.3900""}"
KXBTC15M-26APR280500-00,d867d864-1f41-6260-3504-bd78d3a04c97,1777365920,0.39,100.0,no,"{""count_fp"":""100.00"",""created_time"":""2026-04-28T08:45:20.318609Z"",""no_price_dollars"":""0.6100"",""taker_side"":""no"",""ticker"":""KXBTC15M-26APR280500-00"",""trade_id"":""d867d864-1f41-6260-3504-bd78d3a04c97"",""yes_price_dollars"":""0.3900""}"
KXBTC15M-26APR280500-00,7ba8d1d0-f344-5002-0bee-d981a2fc93ea,1777365921,0.37,5.0,no,"{""count_fp"":""5.00"",""created_time"":""2026-04-28T08:45:21.998506Z"",""no_price_dollars"":""0.6300"",""taker_side"":""no"",""ticker"":""KXBTC15M-26APR280500-00"",""trade_id"":""7ba8d1d0-f344-5002-0bee-d981a2fc93ea"",""yes_price_dollars"":""0.3700""}"
KXBTC15M-26APR280500-00,e9112904-2518-4636-7046-61eb769349b6,1777365921,0.37,8.01,no,"{""count_fp"":""8.01"",""created_time"":""2026-04-28T08:45:21.977433Z"",""no_price_dollars"":""0.6300"",""taker_side"":""no"",""ticker"":""KXBTC15M-26APR280500-00"",""trade_id"":""e9112904-2518-4636-7046-61eb769349b6"",""yes_price_dollars"":""0.3700""}"
KXBTC15M-26APR280500-00,c793a3b8-65d8-6a9e-2e78-4d692b8f1cea,1777365921,0.37,10.0,no,"{""count_fp"":""10.00"",""created_time"":""2026-04-28T08:45:21.834603Z"",""no_price_dollars"":""0.6300"",""taker_side"":""no"",""ticker"":""KXBTC15M-26APR280500-00"",""trade_id"":""c793a3b8-65d8-6a9e-2e78-4d692b8f1cea"",""yes_price_dollars"":""0.3700""}"
KXBTC15M-26APR280500-00,0d89076c-90ff-62a4-d26b-dd8f3130fcf1,1777365922,0.38,1.0,yes,"{""count_fp"":""1.00"",""created_time"":""2026-04-28T08:45:22.172467Z"",""no_price_dollars"":""0.6200"",""taker_side"":""yes"",""ticker"":""KXBTC15M-26APR280500-00"",""trade_id"":""0d89076c-90ff-62a4-d26b-dd8f3130fcf1"",""yes_price_dollars"":""0.3800""}"
KXBTC15M-26APR280500-00,c8ab15f7-3f6b-4f00-71f6-66573e0b45c9,1777365922,0.38,4.79,yes,"{""count_fp"":""4.79"",""created_time"":""2026-04-28T08:45:22.023691Z"",""no_price_dollars"":""0.6200"",""taker_side"":""yes"",""ticker"":""KXBTC15M-26APR280500-00"",""trade_id"":""c8ab15f7-3f6b-4f00-71f6-66573e0b45c9"",""yes_price_dollars"":""0.3800""}"
KXBTC15M-26APR280500-00,827bb745-a38b-5e04-b2a9-7aaff5a1d5f9,1777365923,0.37,11.99,yes,"{""count_fp"":""11.99"",""created_time"":""2026-04-28T08:45:23.966692Z"",""no_price_dollars"":""0.6300"",""taker_side"":""yes"",""ticker"":""KXBTC15M-26APR280500-00"",""trade_id"":""827bb745-a38b-5e04-b2a9-7aaff5a1d5f9"",""yes_price_dollars"":""0.3700""}"
KXBTC15M-26APR280500-00,5c20f942-e263-7114-0977-52a37d6b4ee5,1777365923,0.37,100.0,yes,"{""count_fp"":""100.00"",""created_time"":""2026-04-28T08:45:23.421512Z"",""no_price_dollars"":""0.6300"",""taker_side"":""yes"",""ticker"":""KXBTC15M-26APR280500-00"",""trade_id"":""5c20f942-e263-7114-0977-52a37d6b4ee5"",""yes_price_dollars"":""0.3700""}"
KXBTC15M-26APR280500-00,6c93b6c6-b158-4bf9-262b-5640a87a2458,1777365923,0.37,0.52,no,"{""count_fp"":""0.52"",""created_time"":""2026-04-28T08:45:23.128804Z"",""no_price_dollars"":""0.6300"",""taker_side"":""no"",""ticker"":""KXBTC15M-26APR280500-00"",""trade_id"":""6c93b6c6-b158-4bf9-262b-5640a87a2458"",""yes_price_dollars"":""0.3700""}"
KXBTC15M-26APR280500-00,68d12c4e-db6c-7a2e-e90f-9eca5b743c86,1777365923,0.37,100.52,no,"{""count_fp"":""100.52"",""created_time"":""2026-04-28T08:45:23.119285Z"",""no_price_dollars"":""0.6300"",""taker_side"":""no"",""ticker"":""KXBTC15M-26APR280500-00"",""trade_id"":""68d12c4e-db6c-7a2e-e90f-9eca5b743c86"",""yes_price_dollars"":""0.3700""}"
KXBTC15M-26APR280500-00,1f122b94-57dc-7ad1-fd8c-923b86e67484,1777365923,0.37,2.48,no,"{""count_fp"":""2.48"",""created_time"":""2026-04-28T08:45:23.119285Z"",""no_price_dollars"":""0.6300"",""taker_side"":""no"",""ticker"":""KXBTC15M-26APR280500-00"",""trade_id"":""1f122b94-57dc-7ad1-fd8c-923b86e67484"",""yes_price_dollars"":""0.3700""}"
KXBTC15M-26APR280500-00,ff772d98-d594-408e-15b1-000108ea01b2,1777365923,0.37,15.47,no,"{""count_fp"":""15.47"",""created_time"":""2026-04-28T08:45:23.072843Z"",""no_price_dollars"":""0.6300"",""taker_side"":""no"",""ticker"":""KXBTC15M-26APR280500-00"",""trade_id"":""ff772d98-d594-408e-15b1-000108ea01b2"",""yes_price_dollars"":""0.3700""}"
KXBTC15M-26APR280500-00,de2a05e9-f6ff-6b98-e9e7-51cb1583ad6d,1777365924,0.37,17.65,yes,"{""count_fp"":""17.65"",""created_time"":""2026-04-28T08:45:24.894347Z"",""no_price_dollars"":""0.6300"",""taker_side"":""yes"",""ticker"":""KXBTC15M-26APR280500-00"",""trade_id"":""de2a05e9-f6ff-6b98-e9e7-51cb1583ad6d"",""yes_price_dollars"":""0.3700""}"
KXBTC15M-26APR280500-00,95aa413f-2e89-7522-f765-980ef6cfcea3,1777365924,0.36,8.9,no,"{""count_fp"":""8.90"",""created_time"":""2026-04-28T08:45:24.821938Z"",""no_price_dollars"":""0.6400"",""taker_side"":""no"",""ticker"":""KXBTC15M-26APR280500-00"",""trade_id"":""95aa413f-2e89-7522-f765-980ef6cfcea3"",""yes_price_dollars"":""0.3600""}"
KXBTC15M-26APR280500-00,d204ed7c-d34d-73ba-2d7f-69df86a6d54b,1777365924,0.36,7.62,no,"{""count_fp"":""7.62"",""created_time"":""2026-04-28T08:45:24.453646Z"",""no_price_dollars"":""0.6400"",""taker_side"":""no"",""ticker"":""KXBTC15M-26APR280500-00"",""trade_id"":""d204ed7c-d34d-73ba-2d7f-69df86a6d54b"",""yes_price_dollars"":""0.3600""}"
KXBTC15M-26APR280500-00,467710f1-d5d9-681a-3444-51c95d6ee05f,1777365925,0.36,1.0,no,"{""count_fp"":""1.00"",""created_time"":""2026-04-28T08:45:25.975705Z"",""no_price_dollars"":""0.6400"",""taker_side"":""no"",""ticker"":""KXBTC15M-26APR280500-00"",""trade_id"":""467710f1-d5d9-681a-3444-51c95d6ee05f"",""yes_price_dollars"":""0.3600""}"
KXBTC15M-26APR280500-00,f05d0aed-13a1-7206-36a4-04c44c858c03,1777365925,0.36,19.81,no,"{""count_fp"":""19.81"",""created_time"":""2026-04-28T08:45:25.158964Z"",""no_price_dollars"":""0.6400"",""taker_side"":""no"",""ticker"":""KXBTC15M-26APR280500-00"",""trade_id"":""f05d0aed-13a1-7206-36a4-04c44c858c03"",""yes_price_dollars"":""0.3600""}"
KXBTC15M-26APR280500-00,1b2efc90-ac6d-4d02-906e-a56aa6f3a1f7,1777365926,0.36,7.62,no,"{""count_fp"":""7.62"",""created_time"":""2026-04-28T08:45:26.781124Z"",""no_price_dollars"":""0.6400"",""taker_side"":""no"",""ticker"":""KXBTC15M-26APR280500-00"",""trade_id"":""1b2efc90-ac6d-4d02-906e-a56aa6f3a1f7"",""yes_price_dollars"":""0.3600""}"
KXBTC15M-26APR280500-00,7a199a0b-0789-697e-9e6b-7093c422252b,1777365926,0.36,9.0,no,"{""count_fp"":""9.00"",""created_time"":""2026-04-28T08:45:26.621154Z"",""no_price_dollars"":""0.6400"",""taker_side"":""no"",""ticker"":""KXBTC15M-26APR280500-00"",""trade_id"":""7a199a0b-0789-697e-9e6b-7093c422252b"",""yes_price_dollars"":""0.3600""}"
KXBTC15M-26APR280500-00,e845a557-b751-4046-756d-852ec01e3bb3,1777365926,0.36,4.0,no,"{""count_fp"":""4.00"",""created_time"":""2026-04-28T08:45:26.251378Z"",""no_price_dollars"":""0.6400"",""taker_side"":""no"",""ticker"":""KXBTC15M-26APR280500-00"",""trade_id"":""e845a557-b751-4046-756d-852ec01e3bb3"",""yes_price_dollars"":""0.3600""}"
KXBTC15M-26APR280500-00,33e7683c-5ee9-7153-ec98-c8035899191a,1777365927,0.37,33.65,yes,"{""count_fp"":""33.65"",""created_time"":""2026-04-28T08:45:27.779573Z"",""no_price_dollars"":""0.6300"",""taker_side"":""yes"",""ticker"":""KXBTC15M-26APR280500-00"",""trade_id"":""33e7683c-5ee9-7153-ec98-c8035899191a"",""yes_price_dollars"":""0.3700""}"
KXBTC15M-26APR280500-00,46d24560-fd2f-60b4-f100-735c0b615b9d,1777365927,0.37,370.36,yes,"{""count_fp"":""370.36"",""created_time"":""2026-04-28T08:45:27.541017Z"",""no_price_dollars"":""0.6300"",""taker_side"":""yes"",""ticker"":""KXBTC15M-26APR280500-00"",""trade_id"":""46d24560-fd2f-60b4-f100-735c0b615b9d"",""yes_price_dollars"":""0.3700""}"
KXBTC15M-26APR280500-00,3a99fd61-201d-6827-d3cf-7c32c0267a8a,1777365927,0.37,171.94,yes,"{""count_fp"":""171.94"",""created_time"":""2026-04-28T08:45:27.541017Z"",""no_price_dollars"":""0.6300"",""taker_side"":""yes"",""ticker"":""KXBTC15M-26APR280500-00"",""trade_id"":""3a99fd61-201d-6827-d3cf-7c32c0267a8a"",""yes_price_dollars"":""0.3700""}"
KXBTC15M-26APR280500-00,4c74204b-8059-499f-1df2-af63cc2604e7,1777365928,0.35,25.0,yes,"{""count_fp"":""25.00"",""created_time"":""2026-04-28T08:45:28.915123Z"",""no_price_dollars"":""0.6500"",""taker_side"":""yes"",""ticker"":""KXBTC15M-26APR280500-00"",""trade_id"":""4c74204b-8059-499f-1df2-af63cc2604e7"",""yes_price_dollars"":""0.3500""}"
KXBTC15M-26APR280500-00,2a26b52b-fbdd-6a8f-f4e6-49d5e025999f,1777365928,0.35,2.56,yes,"{""count_fp"":""2.56"",""created_time"":""2026-04-28T08:45:28.607286Z"",""no_price_dollars"":""0.6500"",""taker_side"":""yes"",""ticker"":""KXBTC15M-26APR280500-00"",""trade_id"":""2a26b52b-fbdd-6a8f-f4e6-49d5e025999f"",""yes_price_dollars"":""0.3500""}"
KXBTC15M-26APR280500-00,f385b669-ee15-7dda-f59f-a6ba93fa6763,1777365928,0.36,81.05,no,"{""count_fp"":""81.05"",""created_time"":""2026-04-28T08:45:28.126591Z"",""no_price_dollars"":""0.6400"",""taker_side"":""no"",""ticker"":""KXBTC15M-26APR280500-00"",""trade_id"":""f385b669-ee15-7dda-f59f-a6ba93fa6763"",""yes_price_dollars"":""0.3600""}"
KXBTC15M-26APR280500-00,dfa15fb1-0e61-71d6-fa6a-b2a85b1908c5,1777365928,0.35,1.0,no,"{""count_fp"":""1.00"",""created_time"":""2026-04-28T08:45:28.126591Z"",""no_price_dollars"":""0.6500"",""taker_side"":""no"",""ticker"":""KXBTC15M-26APR280500-00"",""trade_id"":""dfa15fb1-0e61-71d6-fa6a-b2a85b1908c5"",""yes_price_dollars"":""0.3500""}"
KXBTC15M-26APR280500-00,8693f422-f308-70f5-d754-2b243bdb8dc7,1777365928,0.35,4.0,no,"{""count_fp"":""4.00"",""created_time"":""2026-04-28T08:45:28.126591Z"",""no_price_dollars"":""0.6500"",""taker_side"":""no"",""ticker"":""KXBTC15M-26APR280500-00"",""trade_id"":""8693f422-f308-70f5-d754-2b243bdb8dc7"",""yes_price_dollars"":""0.3500""}"
KXBTC15M-26APR280500-00,842c1295-51af-7ab5-d8a5-77d03e76c2f9,1777365928,0.35,3.0,no,"{""count_fp"":""3.00"",""created_time"":""2026-04-28T08:45:28.126591Z"",""no_price_dollars"":""0.6500"",""taker_side"":""no"",""ticker"":""KXBTC15M-26APR280500-00"",""trade_id"":""842c1295-51af-7ab5-d8a5-77d03e76c2f9"",""yes_price_dollars"":""0.3500""}"
KXBTC15M-26APR280500-00,756f41e3-c810-7615-d2e9-7affd9a0fc66,1777365928,0.35,138.0,no,"{""count_fp"":""138.00"",""created_time"":""2026-04-28T08:45:28.126591Z"",""no_price_dollars"":""0.6500"",""taker_side"":""no"",""ticker"":""KXBTC15M-26APR280500-00"",""trade_id"":""756f41e3-c810-7615-d2e9-7affd9a0fc66"",""yes_price_dollars"":""0.3500""}"
KXBTC15M-26APR280500-00,6e2f6b91-3349-7ce7-e75d-8c4d07ec73fe,1777365928,0.36,10.0,no,"{""count_fp"":""10.00"",""created_time"":""2026-04-28T08:45:28.126591Z"",""no_price_dollars"":""0.6400"",""taker_side"":""no"",""ticker"":""KXBTC15M-26APR280500-00"",""trade_id"":""6e2f6b91-3349-7ce7-e75d-8c4d07ec73fe"",""yes_price_dollars"":""0.3600""}"
KXBTC15M-26APR280500-00,5bd94de8-56e6-7cd5-eea3-9a77f87654d8,1777365928,0.35,3.0,no,"{""count_fp"":""3.00"",""created_time"":""2026-04-28T08:45:28.126591Z"",""no_price_dollars"":""0.6500"",""taker_side"":""no"",""ticker"":""KXBTC15M-26APR280500-00"",""trade_id"":""5bd94de8-56e6-7cd5-eea3-9a77f87654d8"",""yes_price_dollars"":""0.3500""}"
KXBTC15M-26APR280500-00,4f020bf7-d0ef-77fb-e8ad-bf27a69622a4,1777365928,0.36,3.0,no,"{""count_fp"":""3.00"",""created_time"":""2026-04-28T08:45:28.126591Z"",""no_price_dollars"":""0.6400"",""taker_side"":""no"",""ticker"":""KXBTC15M-26APR280500-00"",""trade_id"":""4f020bf7-d0ef-77fb-e8ad-bf27a69622a4"",""yes_price_dollars"":""0.3600""}"
KXBTC15M-26APR280500-00,4b327ac6-2744-7bef-e568-a369fbef25c9,1777365928,0.34,3.0,no,"{""count_fp"":""3.00"",""created_time"":""2026-04-28T08:45:28.126591Z"",""no_price_dollars"":""0.6600"",""taker_side"":""no"",""ticker"":""KXBTC15M-26APR280500-00"",""trade_id"":""4b327ac6-2744-7bef-e568-a369fbef25c9"",""yes_price_dollars"":""0.3400""}"
KXBTC15M-26APR280500-00,0e061974-8341-7b84-d8de-be4a139ce494,1777365928,0.34,128.8,no,"{""count_fp"":""128.80"",""created_time"":""2026-04-28T08:45:28.126591Z"",""no_price_dollars"":""0.6600"",""taker_side"":""no"",""ticker"":""KXBTC15M-26APR280500-00"",""trade_id"":""0e061974-8341-7b84-d8de-be4a139ce494"",""yes_price_dollars"":""0.3400""}"
KXBTC15M-26APR280500-00,d1c85364-4e19-53eb-56bf-40856229e97b,1777365929,0.35,1.0,yes,"{""count_fp"":""1.00"",""created_time"":""2026-04-28T08:45:29.955636Z"",""no_price_dollars"":""0.6500"",""taker_side"":""yes"",""ticker"":""KXBTC15M-26APR280500-00"",""trade_id"":""d1c85364-4e19-53eb-56bf-40856229e97b"",""yes_price_dollars"":""0.3500""}"
KXBTC15M-26APR280500-00,a406b7d5-4a45-76df-fdf4-833235e9a193,1777365929,0.35,7.76,yes,"{""count_fp"":""7.76"",""created_time"":""2026-04-28T08:45:29.272559Z"",""no_price_dollars"":""0.6500"",""taker_side"":""yes"",""ticker"":""KXBTC15M-26APR280500-00"",""trade_id"":""a406b7d5-4a45-76df-fdf4-833235e9a193"",""yes_price_dollars"":""0.3500""}"
KXBTC15M-26APR280500-00,53a0e681-0dd5-7a8c-8d7c-145466bb4090,1777365930,0.33,83.47,no,"{""count_fp"":""83.47"",""created_time"":""2026-04-28T08:45:30.952039Z"",""no_price_dollars"":""0.6700"",""taker_side"":""no"",""ticker"":""KXBTC15M-26APR280500-00"",""trade_id"":""53a0e681-0dd5-7a8c-8d7c-145466bb4090"",""yes_price_dollars"":""0.3300""}"
KXBTC15M-26APR280500-00,1f802faf-62cf-7f20-b9c0-e556612b5428,1777365930,0.33,56.0,no,"{""count_fp"":""56.00"",""created_time"":""2026-04-28T08:45:30.952039Z"",""no_price_dollars"":""0.6700"",""taker_side"":""no"",""ticker"":""KXBTC15M-26APR280500-00"",""trade_id"":""1f802faf-62cf-7f20-b9c0-e556612b5428"",""yes_price_dollars"":""0.3300""}"
KXBTC15M-26APR280500-00,162fa583-679e-76f2-970d-a591a15254aa,1777365930,0.33,3.0,no,"{""count_fp"":""3.00"",""created_time"":""2026-04-28T08:45:30.952039Z"",""no_price_dollars"":""0.6700"",""taker_side"":""no"",""ticker"":""KXBTC15M-26APR280500-00"",""trade_id"":""162fa583-679e-76f2-970d-a591a15254aa"",""yes_price_dollars"":""0.3300""}"
KXBTC15M-26APR280500-00,08594688-6a3e-75e6-a39e-64d2305a9382,1777365930,0.34,3.0,no,"{""count_fp"":""3.00"",""created_time"":""2026-04-28T08:45:30.952039Z"",""no_price_dollars"":""0.6600"",""taker_side"":""no"",""ticker"":""KXBTC15M-26APR280500-00"",""trade_id"":""08594688-6a3e-75e6-a39e-64d2305a9382"",""yes_price_dollars"":""0.3400""}"
KXBTC15M-26APR280500-00,b0c85361-cc0c-6bae-7edb-5493a2fa8379,1777365930,0.35,13.66,yes,"{""count_fp"":""13.66"",""created_time"":""2026-04-28T08:45:30.511991Z"",""no_price_dollars"":""0.6500"",""taker_side"":""yes"",""ticker"":""KXBTC15M-26APR280500-00"",""trade_id"":""b0c85361-cc0c-6bae-7edb-5493a2fa8379"",""yes_price_dollars"":""0.3500""}"
KXBTC15M-26APR280500-00,5ded8195-a15e-7b8d-0ed2-274e5f366e1c,1777365930,0.34,0.89,no,"{""count_fp"":""0.89"",""created_time"":""2026-04-28T08:45:30.078325Z"",""no_price_dollars"":""0.6600"",""taker_side"":""no"",""ticker"":""KXBTC15M-26APR280500-00"",""trade_id"":""5ded8195-a15e-7b8d-0ed2-274e5f366e1c"",""yes_price_dollars"":""0.3400""}"
KXBTC15M-26APR280500-00,2ec7b5e5-1161-5f3c-f35d-2a719d606714,1777365931,0.33,145.0,no,"{""count_fp"":""145.00"",""created_time"":""2026-04-28T08:45:31.951937Z"",""no_price_dollars"":""0.6700"",""taker_side"":""no"",""ticker"":""KXBTC15M-26APR280500-00"",""trade_id"":""2ec7b5e5-1161-5f3c-f35d-2a719d606714"",""yes_price_dollars"":""0.3300""}"
KXBTC15M-26APR280500-00,dbf2073c-78e0-4996-1774-fd7cf5dea599,1777365931,0.34,2.95,no,"{""count_fp"":""2.95"",""created_time"":""2026-04-28T08:45:31.495622Z"",""no_price_dollars"":""0.6600"",""taker_side"":""no"",""ticker"":""KXBTC15M-26APR280500-00"",""trade_id"":""dbf2073c-78e0-4996-1774-fd7cf5dea599"",""yes_price_dollars"":""0.3400""}"
KXBTC15M-26APR280500-00,ca035261-2b5b-50c1-d70d-2e83a242a59e,1777365932,0.37,5.76,yes,"{""count_fp"":""5.76"",""created_time"":""2026-04-28T08:45:32.946533Z"",""no_price_dollars"":""0.6300"",""taker_side"":""yes"",""ticker"":""KXBTC15M-26APR280500-00"",""trade_id"":""ca035261-2b5b-50c1-d70d-2e83a242a59e"",""yes_price_dollars"":""0.3700""}"
KXBTC15M-26APR280500-00,229616f3-f152-5c6f-c9b7-554bf471da91,1777365932,0.37,20.0,yes,"{""count_fp"":""20.00"",""created_time"":""2026-04-28T08:45:32.946533Z"",""no_price_dollars"":""0.6300"",""taker_side"":""yes"",""ticker"":""KXBTC15M-26APR280500-00"",""trade_id"":""229616f3-f152-5c6f-c9b7-554bf471da91"",""yes_price_dollars"":""0.3700""}"
KXBTC15M-26APR280500-00,e14462aa-efdf-568b-b631-daa16e5dd5f2,1777365932,0.36,150.0,yes,"{""count_fp"":""150.00"",""created_time"":""2026-04-28T08:45:32.857499Z"",""no_price_dollars"":""0.6400"",""taker_side"":""yes"",""ticker"":""KXBTC15M-26APR280500-00"",""trade_id"":""e14462aa-efdf-568b-b631-daa16e5dd5f2"",""yes_price_dollars"":""0.3600""}"
KXBTC15M-26APR280500-00,9d21c3b7-5f77-57b5-93a9-9fea2539969a,1777365932,0.36,3.0,yes,"{""count_fp"":""3.00"",""created_time"":""2026-04-28T08:45:32.857499Z"",""no_price_dollars"":""0.6400"",""taker_side"":""yes"",""ticker"":""KXBTC15M-26APR280500-00"",""trade_id"":""9d21c3b7-5f77-57b5-93a9-9fea2539969a"",""yes_price_dollars"":""0.3600""}"
KXBTC15M-26APR280500-00,976b2ef2-b43e-594f-8b77-fedfd4d1571d,1777365932,0.35,1.0,yes,"{""count_fp"":""1.00"",""created_time"":""2026-04-28T08:45:32.857499Z"",""no_price_dollars"":""0.6500"",""taker_side"":""yes"",""ticker"":""KXBTC15M-26APR280500-00"",""trade_id"":""976b2ef2-b43e-594f-8b77-fedfd4d1571d"",""yes_price_dollars"":""0.3500""}"
KXBTC15M-26APR280500-00,03090a95-2c75-6295-4415-39772169a819,1777365932,0.34,1.0,yes,"{""count_fp"":""1.00"",""created_time"":""2026-04-28T08:45:32.265647Z"",""no_price_dollars"":""0.6600"",""taker_side"":""yes"",""ticker"":""KXBTC15M-26APR280500-00"",""trade_id"":""03090a95-2c75-6295-4415-39772169a819"",""yes_price_dollars"":""0.3400""}"
KXBTC15M-26APR280500-00,94cab7b1-0bce-50e1-5abc-3828c84d7988,1777365932,0.34,30.0,yes,"{""count_fp"":""30.00"",""created_time"":""2026-04-28T08:45:32.253435Z"",""no_price_dollars"":""0.6600"",""taker_side"":""yes"",""ticker"":""KXBTC15M-26APR280500-00"",""trade_id"":""94cab7b1-0bce-50e1-5abc-3828c84d7988"",""yes_price_dollars"":""0.3400""}"
KXBTC15M-26APR280500-00,8a1652de-b738-54a3-7023-59c4bddb5c4b,1777365932,0.34,150.0,yes,"{""count_fp"":""150.00"",""created_time"":""2026-04-28T08:45:32.253435Z"",""no_price_dollars"":""0.6600"",""taker_side"":""yes"",""ticker"":""KXBTC15M-26APR280500-00"",""trade_id"":""8a1652de-b738-54a3-7023-59c4bddb5c4b"",""yes_price_dollars"":""0.3400""}"
KXBTC15M-26APR280500-00,58f2326d-9a2d-5a19-5bb5-0f139f38c6c5,1777365932,0.34,4.0,yes,"{""count_fp"":""4.00"",""created_time"":""2026-04-28T08:45:32.253435Z"",""no_price_dollars"":""0.6600"",""taker_side"":""yes"",""ticker"":""KXBTC15M-26APR280500-00"",""trade_id"":""58f2326d-9a2d-5a19-5bb5-0f139f38c6c5"",""yes_price_dollars"":""0.3400""}"
KXBTC15M-26APR280500-00,1e78810f-ab8a-5a0b-62b8-028492527c13,1777365932,0.34,1.0,yes,"{""count_fp"":""1.00"",""created_time"":""2026-04-28T08:45:32.253435Z"",""no_price_dollars"":""0.6600"",""taker_side"":""yes"",""ticker"":""KXBTC15M-26APR280500-00"",""trade_id"":""1e78810f-ab8a-5a0b-62b8-028492527c13"",""yes_price_dollars"":""0.3400""}"
KXBTC15M-26APR280500-00,acec8f44-cbef-5066-3853-fa6b9375d90a,1777365933,0.37,5.0,yes,"{""count_fp"":""5.00"",""created_time"":""2026-04-28T08:45:33.628602Z"",""no_price_dollars"":""0.6300"",""taker_side"":""yes"",""ticker"":""KXBTC15M-26APR280500-00"",""trade_id"":""acec8f44-cbef-5066-3853-fa6b9375d90a"",""yes_price_dollars"":""0.3700""}"
KXBTC15M-26APR280500-00,82dd6567-53da-54fa-487e-9bc2b92abd5c,1777365933,0.36,3.0,no,"{""count_fp"":""3.00"",""created_time"":""2026-04-28T08:45:33.298483Z"",""no_price_dollars"":""0.6400"",""taker_side"":""no"",""ticker"":""KXBTC15M-26APR280500-00"",""trade_id"":""82dd6567-53da-54fa-487e-9bc2b92abd5c"",""yes_price_dollars"":""0.3600""}"
KXBTC15M-26APR280500-00,7b59a706-15ea-76a6-f5ab-76001f831c6c,1777365933,0.36,1.0,no,"{""count_fp"":""1.00"",""created_time"":""2026-04-28T08:45:33.237606Z"",""no_price_dollars"":""0.6400"",""taker_side"":""no"",""ticker"":""KXBTC15M-26APR280500-00"",""trade_id"":""7b59a706-15ea-76a6-f5ab-76001f831c6c"",""yes_price_dollars"":""0.3600""}"
KXBTC15M-26APR280500-00,4ddefe45-635c-6f19-e6f8-5884c08b6253,1777365934,0.36,1.47,no,"{""count_fp"":""1.47"",""created_time"":""2026-04-28T08:45:34.525814Z"",""no_price_dollars"":""0.6400"",""taker_side"":""no"",""ticker"":""KXBTC15M-26APR280500-00"",""trade_id"":""4ddefe45-635c-6f19-e6f8-5884c08b6253"",""yes_price_dollars"":""0.3600""}"
KXBTC15M-26APR280500-00,9d2f7b74-9ca8-6699-47d4-285dd3b153bb,1777365935,0.36,0.15,no,"{""count_fp"":""0.15"",""created_time"":""2026-04-28T08:45:35.823836Z"",""no_price_dollars"":""0.6400"",""taker_side"":""no"",""ticker"":""KXBTC15M-26APR280500-00"",""trade_id"":""9d2f7b74-9ca8-6699-47d4-285dd3b153bb"",""yes_price_dollars"":""0.3600""}"
KXBTC15M-26APR280500-00,cf0d63a9-f4b8-65ed-8595-7a469c8731d3,1777365935,0.36,1.52,no,"{""count_fp"":""1.52"",""created_time"":""2026-04-28T08:45:35.735006Z"",""no_price_dollars"":""0.6400"",""taker_side"":""no"",""ticker"":""KXBTC15M-26APR280500-00"",""trade_id"":""cf0d63a9-f4b8-65ed-8595-7a469c8731d3"",""yes_price_dollars"":""0.3600""}"
KXBTC15M-26APR280500-00,ffda695c-13b4-7321-5464-902d2eae6be7,1777365935,0.36,1.0,no,"{""count_fp"":""1.00"",""created_time"":""2026-04-28T08:45:35.599269Z"",""no_price_dollars"":""0.6400"",""taker_side"":""no"",""ticker"":""KXBTC15M-26APR280500-00"",""trade_id"":""ffda695c-13b4-7321-5464-902d2eae6be7"",""yes_price_dollars"":""0.3600""}"
KXBTC15M-26APR280500-00,2ed5d69b-c8a4-7895-87be-e608b2991c77,1777365935,0.36,0.29,no,"{""count_fp"":""0.29"",""created_time"":""2026-04-28T08:45:35.598546Z"",""no_price_dollars"":""0.6400"",""taker_side"":""no"",""ticker"":""KXBTC15M-26APR280500-00"",""trade_id"":""2ed5d69b-c8a4-7895-87be-e608b2991c77"",""yes_price_dollars"":""0.3600""}"
KXBTC15M-26APR280500-00,94b5edba-d4c0-61e5-bb86-54816a837e93,1777365936,0.36,38.1,no,"{""count_fp"":""38.10"",""created_time"":""2026-04-28T08:45:36.672069Z"",""no_price_dollars"":""0.6400"",""taker_side"":""no"",""ticker"":""KXBTC15M-26APR280500-00"",""trade_id"":""94b5edba-d4c0-61e5-bb86-54816a837e93"",""yes_price_dollars"":""0.3600""}"
KXBTC15M-26APR280500-00,3396c477-768b-7b22-bcd3-f76afd1e0ec3,1777365936,0.37,3.0,yes,"{""count_fp"":""3.00"",""created_time"":""2026-04-28T08:45:36.605524Z"",""no_price_dollars"":""0.6300"",""taker_side"":""yes"",""ticker"":""KXBTC15M-26APR280500-00"",""trade_id"":""3396c477-768b-7b22-bcd3-f76afd1e0ec3"",""yes_price_dollars"":""0.3700""}"
KXBTC15M-26APR280500-00,4dfd6fdb-7484-5931-e0ec-1ebf7a9a2c03,1777365936,0.36,4.0,no,"{""count_fp"":""4.00"",""created_time"":""2026-04-28T08:45:36.469448Z"",""no_price_dollars"":""0.6400"",""taker_side"":""no"",""ticker"":""KXBTC15M-26APR280500-00"",""trade_id"":""4dfd6fdb-7484-5931-e0ec-1ebf7a9a2c03"",""yes_price_dollars"":""0.3600""}"
KXBTC15M-26APR280500-00,c46867c2-7ed2-46b9-5e20-b081f938cadb,1777365936,0.37,1.0,yes,"{""count_fp"":""1.00"",""created_time"":""2026-04-28T08:45:36.270863Z"",""no_price_dollars"":""0.6300"",""taker_side"":""yes"",""ticker"":""KXBTC15M-26APR280500-00"",""trade_id"":""c46867c2-7ed2-46b9-5e20-b081f938cadb"",""yes_price_dollars"":""0.3700""}"
KXBTC15M-26APR280500-00,ed3873d7-2057-457e-b9f6-7e8297421246,1777365936,0.37,25.0,yes,"{""count_fp"":""25.00"",""created_time"":""2026-04-28T08:45:36.264268Z"",""no_price_dollars"":""0.6300"",""taker_side"":""yes"",""ticker"":""KXBTC15M-26APR280500-00"",""trade_id"":""ed3873d7-2057-457e-b9f6-7e8297421246"",""yes_price_dollars"":""0.3700""}"
KXBTC15M-26APR280500-00,7c2590f4-efd6-4825-99b8-5b8cac3d9c4f,1777365936,0.37,26.77,yes,"{""count_fp"":""26.77"",""created_time"":""2026-04-28T08:45:36.264268Z"",""no_price_dollars"":""0.6300"",""taker_side"":""yes"",""ticker"":""KXBTC15M-26APR280500-00"",""trade_id"":""7c2590f4-efd6-4825-99b8-5b8cac3d9c4f"",""yes_price_dollars"":""0.3700""}"
KXBTC15M-26APR280500-00,2b4ec86d-4006-6e9d-54ac-1b2c6bc1e3b7,1777365937,0.37,88.95,yes,"{""count_fp"":""88.95"",""created_time"":""2026-04-28T08:45:37.709684Z"",""no_price_dollars"":""0.6300"",""taker_side"":""yes"",""ticker"":""KXBTC15M-26APR280500-00"",""trade_id"":""2b4ec86d-4006-6e9d-54ac-1b2c6bc1e3b7"",""yes_price_dollars"":""0.3700""}"
KXBTC15M-26APR280500-00,6b7a41ca-8c7a-769d-ebb7-556a10b6e123,1777365937,0.37,4.57,yes,"{""count_fp"":""4.57"",""created_time"":""2026-04-28T08:45:37.400173Z"",""no_price_dollars"":""0.6300"",""taker_side"":""yes"",""ticker"":""KXBTC15M-26APR280500-00"",""trade_id"":""6b7a41ca-8c7a-769d-ebb7-556a10b6e123"",""yes_price_dollars"":""0.3700""}"
KXBTC15M-26APR280500-00,c113eac6-37db-6c5a-86c8-747852e76413,1777365937,0.37,38.0,yes,"{""count_fp"":""38.00"",""created_time"":""2026-04-28T08:45:37.319449Z"",""no_price_dollars"":""0.6300"",""taker_side"":""yes"",""ticker"":""KXBTC15M-26APR280500-00"",""trade_id"":""c113eac6-37db-6c5a-86c8-747852e76413"",""yes_price_dollars"":""0.3700""}"
KXBTC15M-26APR280500-00,97ff8505-b7b2-66d7-a074-5a64fc57fc02,1777365937,0.37,21.0,yes,"{""count_fp"":""21.00"",""created_time"":""2026-04-28T08:45:37.319449Z"",""no_price_dollars"":""0.6300"",""taker_side"":""yes"",""ticker"":""KXBTC15M-26APR280500-00"",""trade_id"":""97ff8505-b7b2-66d7-a074-5a64fc57fc02"",""yes_price_dollars"":""0.3700""}"
KXBTC15M-26APR280500-00,68a1c65b-842a-6705-a2d1-d21dfde046a7,1777365937,0.37,5.71,yes,"{""count_fp"":""5.71"",""created_time"":""2026-04-28T08:45:37.319449Z"",""no_price_dollars"":""0.6300"",""taker_side"":""yes"",""ticker"":""KXBTC15M-26APR280500-00"",""trade_id"":""68a1c65b-842a-6705-a2d1-d21dfde046a7"",""yes_price_dollars"":""0.3700""}"
KXBTC15M-26APR280500-00,98aed09b-54d8-41fd-5176-c264752523ef,1777365938,0.37,16.19,no,"{""count_fp"":""16.19"",""created_time"":""2026-04-28T08:45:38.775394Z"",""no_price_dollars"":""0.6300"",""taker_side"":""no"",""ticker"":""KXBTC15M-26APR280500-00"",""trade_id"":""98aed09b-54d8-41fd-5176-c264752523ef"",""yes_price_dollars"":""0.3700""}"
KXBTC15M-26APR280500-00,8c62d655-c82b-48bc-56f5-c7ace4d2be38,1777365938,0.37,3.81,no,"{""count_fp"":""3.81"",""created_time"":""2026-04-28T08:45:38.775394Z"",""no_price_dollars"":""0.6300"",""taker_side"":""no"",""ticker"":""KXBTC15M-26APR280500-00"",""trade_id"":""8c62d655-c82b-48bc-56f5-c7ace4d2be38"",""yes_price_dollars"":""0.3700""}"
KXBTC15M-26APR280500-00,3feb864d-567b-7a8c-e8c8-72b649d2269c,1777365938,0.37,4.19,no,"{""count_fp"":""4.19"",""created_time"":""2026-04-28T08:45:38.382381Z"",""no_price_dollars"":""0.6300"",""taker_side"":""no"",""ticker"":""KXBTC15M-26APR280500-00"",""trade_id"":""3feb864d-567b-7a8c-e8c8-72b649d2269c"",""yes_price_dollars"":""0.3700""}"
KXBTC15M-26APR280500-00,3f1f99d3-76f8-7641-c0d4-db04a2af7f27,1777365938,0.37,11.05,no,"{""count_fp"":""11.05"",""created_time"":""2026-04-28T08:45:38.382381Z"",""no_price_dollars"":""0.6300"",""taker_side"":""no"",""ticker"":""KXBTC15M-26APR280500-00"",""trade_id"":""3f1f99d3-76f8-7641-c0d4-db04a2af7f27"",""yes_price_dollars"":""0.3700""}"
KXBTC15M-26APR280500-00,02847006-d7e4-5fb1-b12f-beb3bc7c16d7,1777365939,0.37,132.86,no,"{""count_fp"":""132.86"",""created_time"":""2026-04-28T08:45:39.411666Z"",""no_price_dollars"":""0.6300"",""taker_side"":""no"",""ticker"":""KXBTC15M-26APR280500-00"",""trade_id"":""02847006-d7e4-5fb1-b12f-beb3bc7c16d7"",""yes_price_dollars"":""0.3700""}"
KXBTC15M-26APR280500-00,2dd37a84-54f8-639d-4476-d4961a108743,1777365940,0.37,8.0,no,"{""count_fp"":""8.00"",""created_time"":""2026-04-28T08:45:40.964497Z"",""no_price_dollars"":""0.6300"",""taker_side"":""no"",""ticker"":""KXBTC15M-26APR280500-00"",""trade_id"":""2dd37a84-54f8-639d-4476-d4961a108743"",""yes_price_dollars"":""0.3700""}"
KXBTC15M-26APR280500-00,56358ff8-201c-5661-b1c5-3fce6de649a3,1777365940,0.37,12.19,no,"{""count_fp"":""12.19"",""created_time"":""2026-04-28T08:45:40.192117Z"",""no_price_dollars"":""0.6300"",""taker_side"":""no"",""ticker"":""KXBTC15M-26APR280500-00"",""trade_id"":""56358ff8-201c-5661-b1c5-3fce6de649a3"",""yes_price_dollars"":""0.3700""}"
KXBTC15M-26APR280500-00,eb92e587-da7a-6579-8d1d-02913206e30e,1777365941,0.38,6.3,yes,"{""count_fp"":""6.30"",""created_time"":""2026-04-28T08:45:41.156955Z"",""no_price_dollars"":""0.6200"",""taker_side"":""yes"",""ticker"":""KXBTC15M-26APR280500-00"",""trade_id"":""eb92e587-da7a-6579-8d1d-02913206e30e"",""yes_price_dollars"":""0.3800""}"
KXBTC15M-26APR280500-00,e9fe4feb-588e-66b1-8651-c5b4cd4be7a2,1777365942,0.39,21.0,yes,"{""count_fp"":""21.00"",""created_time"":""2026-04-28T08:45:42.837044Z"",""no_price_dollars"":""0.6100"",""taker_side"":""yes"",""ticker"":""KXBTC15M-26APR280500-00"",""trade_id"":""e9fe4feb-588e-66b1-8651-c5b4cd4be7a2"",""yes_price_dollars"":""0.3900""}"
KXBTC15M-26APR280500-00,9ac5f8fb-ad5d-6e73-8861-f1b9aa34a60d,1777365942,0.39,5.0,yes,"{""count_fp"":""5.00"",""created_time"":""2026-04-28T08:45:42.837044Z"",""no_price_dollars"":""0.6100"",""taker_side"":""yes"",""ticker"":""KXBTC15M-26APR280500-00"",""trade_id"":""9ac5f8fb-ad5d-6e73-8861-f1b9aa34a60d"",""yes_price_dollars"":""0.3900""}"
KXBTC15M-26APR280500-00,a44e2848-0351-69ce-623e-d9096fa930ea,1777365942,0.38,0.88,yes,"{""count_fp"":""0.88"",""created_time"":""2026-04-28T08:45:42.749945Z"",""no_price_dollars"":""0.6200"",""taker_side"":""yes"",""ticker"":""KXBTC15M-26APR280500-00"",""trade_id"":""a44e2848-0351-69ce-623e-d9096fa930ea"",""yes_price_dollars"":""0.3800""}"
KXBTC15M-26APR280500-00,c9436d4a-2be5-53fe-0ea9-8f7556db1312,1777365942,0.38,30.12,yes,"{""count_fp"":""30.12"",""created_time"":""2026-04-28T08:45:42.749046Z"",""no_price_dollars"":""0.6200"",""taker_side"":""yes"",""ticker"":""KXBTC15M-26APR280500-00"",""trade_id"":""c9436d4a-2be5-53fe-0ea9-8f7556db1312"",""yes_price_dollars"":""0.3800""}"
KXBTC15M-26APR280500-00,53e61639-40b6-538d-03e3-c16e0317f666,1777365942,0.38,460.88,yes,"{""count_fp"":""460.88"",""created_time"":""2026-04-28T08:45:42.749046Z"",""no_price_dollars"":""0.6200"",""taker_side"":""yes"",""ticker"":""KXBTC15M-26APR280500-00"",""trade_id"":""53e61639-40b6-538d-03e3-c16e0317f666"",""yes_price_dollars"":""0.3800""}"
KXBTC15M-26APR280500-00,26d24ed5-0cf8-60f9-a475-c93722aeb673,1777365942,0.37,30.94,no,"{""count_fp"":""30.94"",""created_time"":""2026-04-28T08:45:42.619467Z"",""no_price_dollars"":""0.6300"",""taker_side"":""no"",""ticker"":""KXBTC15M-26APR280500-00"",""trade_id"":""26d24ed5-0cf8-60f9-a475-c93722aeb673"",""yes_price_dollars"":""0.3700""}"
KXBTC15M-26APR280500-00,1f7e307f-ea2a-6219-d6e9-2b061fbf58fe,1777365942,0.38,200.0,yes,"{""count_fp"":""200.00"",""created_time"":""2026-04-28T08:45:42.575371Z"",""no_price_dollars"":""0.6200"",""taker_side"":""yes"",""ticker"":""KXBTC15M-26APR280500-00"",""trade_id"":""1f7e307f-ea2a-6219-d6e9-2b061fbf58fe"",""yes_price_dollars"":""0.3800""}"
KXBTC15M-26APR280500-00,27a9c1a3-4f5e-45c1-2e34-3a8c583c2926,1777365942,0.38,50.42,yes,"{""count_fp"":""50.42"",""created_time"":""2026-04-28T08:45:42.523066Z"",""no_price_dollars"":""0.6200"",""taker_side"":""yes"",""ticker"":""KXBTC15M-26APR280500-00"",""trade_id"":""27a9c1a3-4f5e-45c1-2e34-3a8c583c2926"",""yes_price_dollars"":""0.3800""}"
KXBTC15M-26APR280500-00,8a40b247-a462-5601-d096-d2fedfabd706,1777365942,0.38,1121.0,yes,"{""count_fp"":""1121.00"",""created_time"":""2026-04-28T08:45:42.385429Z"",""no_price_dollars"":""0.6200"",""taker_side"":""yes"",""ticker"":""KXBTC15M-26APR280500-00"",""trade_id"":""8a40b247-a462-5601-d096-d2fedfabd706"",""yes_price_dollars"":""0.3800""}"
KXBTC15M-26APR280500-00,c312eeb5-3346-67dd-11c0-0d9a4243c66e,1777365942,0.38,35.3,yes,"{""count_fp"":""35.30"",""created_time"":""2026-04-28T08:45:42.224464Z"",""no_price_dollars"":""0.6200"",""taker_side"":""yes"",""ticker"":""KXBTC15M-26APR280500-00"",""trade_id"":""c312eeb5-3346-67dd-11c0-0d9a4243c66e"",""yes_price_dollars"":""0.3800""}"
KXBTC15M-26APR280500-00,e7cb9acf-4417-7fea-5903-bcd0402dccaa,1777365943,0.4,1.0,yes,"{""count_fp"":""1.00"",""created_time"":""2026-04-28T08:45:43.541547Z"",""no_price_dollars"":""0.6000"",""taker_side"":""yes"",""ticker"":""KXBTC15M-26APR280500-00"",""trade_id"":""e7cb9acf-4417-7fea-5903-bcd0402dccaa"",""yes_price_dollars"":""0.4000""}"
KXBTC15M-26APR280500-00,b3528dab-1f57-7e85-7fa4-505614517d22,1777365943,0.41,3.0,yes,"{""count_fp"":""3.00"",""created_time"":""2026-04-28T08:45:43.541547Z"",""no_price_dollars"":""0.5900"",""taker_side"":""yes"",""ticker"":""KXBTC15M-26APR280500-00"",""trade_id"":""b3528dab-1f57-7e85-7fa4-505614517d22"",""yes_price_dollars"":""0.4100""}"
KXBTC15M-26APR280500-00,a0a06d6e-57fe-7eee-43e3-1b51ec24622a,1777365943,0.41,21.0,yes,"{""count_fp"":""21.00"",""created_time"":""2026-04-28T08:45:43.541547Z"",""no_price_dollars"":""0.5900"",""taker_side"":""yes"",""ticker"":""KXBTC15M-26APR280500-00"",""trade_id"":""a0a06d6e-57fe-7eee-43e3-1b51ec24622a"",""yes_price_dollars"":""0.4100""}"
KXBTC15M-26APR280500-00,3772fd84-ae5e-77c3-440a-6317dda45844,1777365943,0.42,0.47,yes,"{""count_fp"":""0.47"",""created_time"":""2026-04-28T08:45:43.541547Z"",""no_price_dollars"":""0.5800"",""taker_side"":""yes"",""ticker"":""KXBTC15M-26APR280500-00"",""trade_id"":""3772fd84-ae5e-77c3-440a-6317dda45844"",""yes_price_dollars"":""0.4200""}"
KXBTC15M-26APR280500-00,1809cc7d-2c3a-79d3-6fe0-57ff5a4e8f70,1777365943,0.42,20.0,yes,"{""count_fp"":""20.00"",""created_time"":""2026-04-28T08:45:43.541547Z"",""no_price_dollars"":""0.5800"",""taker_side"":""yes"",""ticker"":""KXBTC15M-26APR280500-00"",""trade_id"":""1809cc7d-2c3a-79d3-6fe0-57ff5a4e8f70"",""yes_price_dollars"":""0.4200""}"
KXBTC15M-26APR280500-00,9fab9239-4cca-4b5e-64ee-34f55e6ecd99,1777365943,0.39,3.0,no,"{""count_fp"":""3.00"",""created_time"":""2026-04-28T08:45:43.060531Z"",""no_price_dollars"":""0.6100"",""taker_side"":""no"",""ticker"":""KXBTC15M-26APR280500-00"",""trade_id"":""9fab9239-4cca-4b5e-64ee-34f55e6ecd99"",""yes_price_dollars"":""0.3900""}"
KXBTC15M-26APR280500-00,5dc84d56-a41c-4cb9-53bf-dc4282402cbf,1777365943,0.39,0.09,no,"{""count_fp"":""0.09"",""created_time"":""2026-04-28T08:45:43.060531Z"",""no_price_dollars"":""0.6100"",""taker_side"":""no"",""ticker"":""KXBTC15M-26APR280500-00"",""trade_id"":""5dc84d56-a41c-4cb9-53bf-dc4282402cbf"",""yes_price_dollars"":""0.3900""}"
KXBTC15M-26APR280500-00,25dbbbe9-00ea-53d0-7b19-7a1fc5b7fa09,1777365944,0.4,8.0,no,"{""count_fp"":""8.00"",""created_time"":""2026-04-28T08:45:44.553365Z"",""no_price_dollars"":""0.6000"",""taker_side"":""no"",""ticker"":""KXBTC15M-26APR280500-00"",""trade_id"":""25dbbbe9-00ea-53d0-7b19-7a1fc5b7fa09"",""yes_price_dollars"":""0.4000""}"
KXBTC15M-26APR280500-00,7fc61762-e004-507d-4855-150d75fde33f,1777365945,0.39,0.77,no,"{""count_fp"":""0.77"",""created_time"":""2026-04-28T08:45:45.708423Z"",""no_price_dollars"":""0.6100"",""taker_side"":""no"",""ticker"":""KXBTC15M-26APR280500-00"",""trade_id"":""7fc61762-e004-507d-4855-150d75fde33f"",""yes_price_dollars"":""0.3900""}"
KXBTC15M-26APR280500-00,4a7c7693-d5cc-4a29-0024-9835518c22cb,1777365945,0.39,77.36,no,"{""count_fp"":""77.36"",""created_time"":""2026-04-28T08:45:45.671412Z"",""no_price_dollars"":""0.6100"",""taker_side"":""no"",""ticker"":""KXBTC15M-26APR280500-00"",""trade_id"":""4a7c7693-d5cc-4a29-0024-9835518c22cb"",""yes_price_dollars"":""0.3900""}"
KXBTC15M-26APR280500-00,fde43a19-413a-43d0-b695-120d4b6af911,1777365945,0.4,2.0,no,"{""count_fp"":""2.00"",""created_time"":""2026-04-28T08:45:45.153843Z"",""no_price_dollars"":""0.6000"",""taker_side"":""no"",""ticker"":""KXBTC15M-26APR280500-00"",""trade_id"":""fde43a19-413a-43d0-b695-120d4b6af911"",""yes_price_dollars"":""0.4000""}"
KXBTC15M-26APR280500-00,7fb6f407-e52c-45ff-bdaf-aa8a9f601167,1777365945,0.4,45.12,no,"{""count_fp"":""45.12"",""created_time"":""2026-04-28T08:45:45.153843Z"",""no_price_dollars"":""0.6000"",""taker_side"":""no"",""ticker"":""KXBTC15M-26APR280500-00"",""trade_id"":""7fb6f407-e52c-45ff-bdaf-aa8a9f601167"",""yes_price_dollars"":""0.4000""}"
KXBTC15M-26APR280500-00,53e0162d-b714-405d-a3a4-007a0b9f2b0b,1777365945,0.39,105.31,no,"{""count_fp"":""105.31"",""created_time"":""2026-04-28T08:45:45.153843Z"",""no_price_dollars"":""0.6100"",""taker_side"":""no"",""ticker"":""KXBTC15M-26APR280500-00"",""trade_id"":""53e0162d-b714-405d-a3a4-007a0b9f2b0b"",""yes_price_dollars"":""0.3900""}"
KXBTC15M-26APR280500-00,297f22df-89eb-4291-bf3a-8a33387600c2,1777365945,0.4,9.57,no,"{""count_fp"":""9.57"",""created_time"":""2026-04-28T08:45:45.153843Z"",""no_price_dollars"":""0.6000"",""taker_side"":""no"",""ticker"":""KXBTC15M-26APR280500-00"",""trade_id"":""297f22df-89eb-4291-bf3a-8a33387600c2"",""yes_price_dollars"":""0.4000""}"
KXBTC15M-26APR280500-00,51e11cb7-65ec-72dd-6eef-17a1c8bbf727,1777365946,0.39,47.86,no,"{""count_fp"":""47.86"",""created_time"":""2026-04-28T08:45:46.965814Z"",""no_price_dollars"":""0.6100"",""taker_side"":""no"",""ticker"":""KXBTC15M-26APR280500-00"",""trade_id"":""51e11cb7-65ec-72dd-6eef-17a1c8bbf727"",""yes_price_dollars"":""0.3900""}"
KXBTC15M-26APR280500-00,b66eeaae-cf17-680a-776f-12fd96083dbd,1777365947,0.42,5.47,yes,"{""count_fp"":""5.47"",""created_time"":""2026-04-28T08:45:47.480708Z"",""no_price_dollars"":""0.5800"",""taker_side"":""yes"",""ticker"":""KXBTC15M-26APR280500-00"",""trade_id"":""b66eeaae-cf17-680a-776f-12fd96083dbd"",""yes_price_dollars"":""0.4200""}"
KXBTC15M-26APR280500-00,92e536ea-d53b-6aa5-6633-948471940651,1777365947,0.42,3.0,yes,"{""count_fp"":""3.00"",""created_time"":""2026-04-28T08:45:47.480708Z"",""no_price_dollars"":""0.5800"",""taker_side"":""yes"",""ticker"":""KXBTC15M-26APR280500-00"",""trade_id"":""92e536ea-d53b-6aa5-6633-948471940651"",""yes_price_dollars"":""0.4200""}"
KXBTC15M-26APR280500-00,665eb2a5-953c-6741-4dd9-dcf2b05c1c84,1777365947,0.42,3.0,yes,"{""count_fp"":""3.00"",""created_time"":""2026-04-28T08:45:47.480708Z"",""no_price_dollars"":""0.5800"",""taker_side"":""yes"",""ticker"":""KXBTC15M-26APR280500-00"",""trade_id"":""665eb2a5-953c-6741-4dd9-dcf2b05c1c84"",""yes_price_dollars"":""0.4200""}"
KXBTC15M-26APR280500-00,647cd12d-61d8-631c-6729-3e89df258b3a,1777365947,0.4,21.0,yes,"{""count_fp"":""21.00"",""created_time"":""2026-04-28T08:45:47.480708Z"",""no_price_dollars"":""0.6000"",""taker_side"":""yes"",""ticker"":""KXBTC15M-26APR280500-00"",""trade_id"":""647cd12d-61d8-631c-6729-3e89df258b3a"",""yes_price_dollars"":""0.4000""}"
KXBTC15M-26APR280500-00,2e22b7ef-acba-60d7-7554-4b99aab19290,1777365947,0.42,9.53,yes,"{""count_fp"":""9.53"",""created_time"":""2026-04-28T08:45:47.480708Z"",""no_price_dollars"":""0.5800"",""taker_side"":""yes"",""ticker"":""KXBTC15M-26APR280500-00"",""trade_id"":""2e22b7ef-acba-60d7-7554-4b99aab19290"",""yes_price_dollars"":""0.4200""}"
KXBTC15M-26APR280500-00,270543b6-3f9c-662b-6830-76998beed232,1777365947,0.4,10.0,yes,"{""count_fp"":""10.00"",""created_time"":""2026-04-28T08:45:47.480708Z"",""no_price_dollars"":""0.6000"",""taker_side"":""yes"",""ticker"":""KXBTC15M-26APR280500-00"",""trade_id"":""270543b6-3f9c-662b-6830-76998beed232"",""yes_price_dollars"":""0.4000""}"
KXBTC15M-26APR280500-00,16b25c00-9ca9-6b3f-49a2-9d043d89d6c4,1777365947,0.41,3.0,yes,"{""count_fp"":""3.00"",""created_time"":""2026-04-28T08:45:47.480708Z"",""no_price_dollars"":""0.5900"",""taker_side"":""yes"",""ticker"":""KXBTC15M-26APR280500-00"",""trade_id"":""16b25c00-9ca9-6b3f-49a2-9d043d89d6c4"",""yes_price_dollars"":""0.4100""}"
KXBTC15M-26APR280500-00,469e061b-cf8c-536d-e1fb-c5f01d61fb43,1777365948,0.39,1.59,no,"{""count_fp"":""1.59"",""created_time"":""2026-04-28T08:45:48.089673Z"",""no_price_dollars"":""0.6100"",""taker_side"":""no"",""ticker"":""KXBTC15M-26APR280500-00"",""trade_id"":""469e061b-cf8c-536d-e1fb-c5f01d61fb43"",""yes_price_dollars"":""0.3900""}"
KXBTC15M-26APR280500-00,1bfd636c-7cc6-4120-b68f-c8060807fea4,1777365949,0.43,44.42,yes,"{""count_fp"":""44.42"",""created_time"":""2026-04-28T08:45:49.709267Z"",""no_price_dollars"":""0.5700"",""taker_side"":""yes"",""ticker"":""KXBTC15M-26APR280500-00"",""trade_id"":""1bfd636c-7cc6-4120-b68f-c8060807fea4"",""yes_price_dollars"":""0.4300""}"
KXBTC15M-26APR280500-00,ac97a8af-ab40-4e62-d681-48d94f016f55,1777365949,0.41,3.0,no,"{""count_fp"":""3.00"",""created_time"":""2026-04-28T08:45:49.242852Z"",""no_price_dollars"":""0.5900"",""taker_side"":""no"",""ticker"":""KXBTC15M-26APR280500-00"",""trade_id"":""ac97a8af-ab40-4e62-d681-48d94f016f55"",""yes_price_dollars"":""0.4100""}"
KXBTC15M-26APR280500-00,62ad4af2-deb1-4fbd-edcb-3ae18753f62c,1777365949,0.4,3.0,no,"{""count_fp"":""3.00"",""created_time"":""2026-04-28T08:45:49.242852Z"",""no_price_dollars"":""0.6000"",""taker_side"":""no"",""ticker"":""KXBTC15M-26APR280500-00"",""trade_id"":""62ad4af2-deb1-4fbd-edcb-3ae18753f62c"",""yes_price_dollars"":""0.4000""}"
KXBTC15M-26APR280500-00,5e826443-dc88-48c9-e8cd-e542007ddfa7,1777365949,0.39,32.3,no,"{""count_fp"":""32.30"",""created_time"":""2026-04-28T08:45:49.242852Z"",""no_price_dollars"":""0.6100"",""taker_side"":""no"",""ticker"":""KXBTC15M-26APR280500-00"",""trade_id"":""5e826443-dc88-48c9-e8cd-e542007ddfa7"",""yes_price_dollars"":""0.3900""}"
KXBTC15M-26APR280500-00,18313c38-7010-4ae9-fcc2-f7bd8e186b4d,1777365949,0.4,9.57,no,"{""count_fp"":""9.57"",""created_time"":""2026-04-28T08:45:49.242852Z"",""no_price_dollars"":""0.6000"",""taker_side"":""no"",""ticker"":""KXBTC15M-26APR280500-00"",""trade_id"":""18313c38-7010-4ae9-fcc2-f7bd8e186b4d"",""yes_price_dollars"":""0.4000""}"
KXBTC15M-26APR280500-00,f8945d12-d626-4bb6-2618-143f759053a2,1777365949,0.42,3.0,yes,"{""count_fp"":""3.00"",""created_time"":""2026-04-28T08:45:49.229385Z"",""no_price_dollars"":""0.5800"",""taker_side"":""yes"",""ticker"":""KXBTC15M-26APR280500-00"",""trade_id"":""f8945d12-d626-4bb6-2618-143f759053a2"",""yes_price_dollars"":""0.4200""}"
KXBTC15M-26APR280500-00,c67cd160-6a73-4b06-36d5-f096ff93a49c,1777365949,0.42,10.0,yes,"{""count_fp"":""10.00"",""created_time"":""2026-04-28T08:45:49.229385Z"",""no_price_dollars"":""0.5800"",""taker_side"":""yes"",""ticker"":""KXBTC15M-26APR280500-00"",""trade_id"":""c67cd160-6a73-4b06-36d5-f096ff93a49c"",""yes_price_dollars"":""0.4200""}"
KXBTC15M-26APR280500-00,65155137-ebeb-48da-1914-f7b9cc3fc945,1777365949,0.42,45.53,yes,"{""count_fp"":""45.53"",""created_time"":""2026-04-28T08:45:49.229385Z"",""no_price_dollars"":""0.5800"",""taker_side"":""yes"",""ticker"":""KXBTC15M-26APR280500-00"",""trade_id"":""65155137-ebeb-48da-1914-f7b9cc3fc945"",""yes_price_dollars"":""0.4200""}"
KXBTC15M-26APR280500-00,61e234f1-644c-4db2-20f2-b45dfea3ce91,1777365949,0.43,500.0,yes,"{""count_fp"":""500.00"",""created_time"":""2026-04-28T08:45:49.229385Z"",""no_price_dollars"":""0.5700"",""taker_side"":""yes"",""ticker"":""KXBTC15M-26APR280500-00"",""trade_id"":""61e234f1-644c-4db2-20f2-b45dfea3ce91"",""yes_price_dollars"":""0.4300""}"
KXBTC15M-26APR280500-00,5dd1e8a9-42ee-432c-2719-b6c3f5a3f038,1777365949,0.43,405.71,yes,"{""count_fp"":""405.71"",""created_time"":""2026-04-28T08:45:49.229385Z"",""no_price_dollars"":""0.5700"",""taker_side"":""yes"",""ticker"":""KXBTC15M-26APR280500-00"",""trade_id"":""5dd1e8a9-42ee-432c-2719-b6c3f5a3f038"",""yes_price_dollars"":""0.4300""}"
KXBTC15M-26APR280500-00,5ad8f091-fe85-4c48-17f3-873cc1b4669f,1777365949,0.42,1.0,yes,"{""count_fp"":""1.00"",""created_time"":""2026-04-28T08:45:49.229385Z"",""no_price_dollars"":""0.5800"",""taker_side"":""yes"",""ticker"":""KXBTC15M-26APR280500-00"",""trade_id"":""5ad8f091-fe85-4c48-17f3-873cc1b4669f"",""yes_price_dollars"":""0.4200""}"
KXBTC15M-26APR280500-00,4b768949-9e88-4003-3c2c-4a6ee6b3111e,1777365949,0.42,37.0,yes,"{""count_fp"":""37.00"",""created_time"":""2026-04-28T08:45:49.229385Z"",""no_price_dollars"":""0.5800"",""taker_side"":""yes"",""ticker"":""KXBTC15M-26APR280500-00"",""trade_id"":""4b768949-9e88-4003-3c2c-4a6ee6b3111e"",""yes_price_dollars"":""0.4200""}"
KXBTC15M-26APR280500-00,4a4591a7-d913-4193-09db-59e71fb43ab2,1777365949,0.42,20.0,yes,"{""count_fp"":""20.00"",""created_time"":""2026-04-28T08:45:49.229385Z"",""no_price_dollars"":""0.5800"",""taker_side"":""yes"",""ticker"":""KXBTC15M-26APR280500-00"",""trade_id"":""4a4591a7-d913-4193-09db-59e71fb43ab2"",""yes_price_dollars"":""0.4200""}"
KXBTC15M-26APR280500-00,26792d03-d863-4ee8-2380-ab3a1ca0b706,1777365949,0.42,100.0,yes,"{""count_fp"":""100.00"",""created_time"":""2026-04-28T08:45:49.229385Z"",""no_price_dollars"":""0.5800"",""taker_side"":""yes"",""ticker"":""KXBTC15M-26APR280500-00"",""trade_id"":""26792d03-d863-4ee8-2380-ab3a1ca0b706"",""yes_price_dollars"":""0.4200""}"
KXBTC15M-26APR280500-00,d5d839bc-38d5-4203-d258-824d7cd2a693,1777365950,0.42,45.43,yes,"{""count_fp"":""45.43"",""created_time"":""2026-04-28T08:45:50.947419Z"",""no_price_dollars"":""0.5800"",""taker_side"":""yes"",""ticker"":""KXBTC15M-26APR280500-00"",""trade_id"":""d5d839bc-38d5-4203-d258-824d7cd2a693"",""yes_price_dollars"":""0.4200""}"
KXBTC15M-26APR280500-00,2df64a2c-8b9d-56f7-ffd2-1c96188b7cd3,1777365950,0.42,57.2,yes,"{""count_fp"":""57.20"",""created_time"":""2026-04-28T08:45:50.252094Z"",""no_price_dollars"":""0.5800"",""taker_side"":""yes"",""ticker"":""KXBTC15M-26APR280500-00"",""trade_id"":""2df64a2c-8b9d-56f7-ffd2-1c96188b7cd3"",""yes_price_dollars"":""0.4200""}"
KXBTC15M-26APR280500-00,5f7f7c3b-a71d-5047-28b9-053dab07145f,1777365951,0.42,28.32,yes,"{""count_fp"":""28.32"",""created_time"":""2026-04-28T08:45:51.500991Z"",""no_price_dollars"":""0.5800"",""taker_side"":""yes"",""ticker"":""KXBTC15M-26APR280500-00"",""trade_id"":""5f7f7c3b-a71d-5047-28b9-053dab07145f"",""yes_price_dollars"":""0.4200""}"
KXBTC15M-26APR280500-00,fcabe33e-0a9f-6857-4a4a-e92800c048fd,1777365952,0.41,21.0,no,"{""count_fp"":""21.00"",""created_time"":""2026-04-28T08:45:52.413541Z"",""no_price_dollars"":""0.5900"",""taker_side"":""no"",""ticker"":""KXBTC15M-26APR280500-00"",""trade_id"":""fcabe33e-0a9f-6857-4a4a-e92800c048fd"",""yes_price_dollars"":""0.4100""}"
KXBTC15M-26APR280500-00,e7d057de-173a-6f0e-4a5c-39f5da53b157,1777365952,0.41,10.0,no,"{""count_fp"":""10.00"",""created_time"":""2026-04-28T08:45:52.413541Z"",""no_price_dollars"":""0.5900"",""taker_side"":""no"",""ticker"":""KXBTC15M-26APR280500-00"",""trade_id"":""e7d057de-173a-6f0e-4a5c-39f5da53b157"",""yes_price_dollars"":""0.4100""}"
KXBTC15M-26APR280500-00,727dfcfa-c87d-6f2d-6743-225adb06211a,1777365952,0.41,10.0,no,"{""count_fp"":""10.00"",""created_time"":""2026-04-28T08:45:52.413541Z"",""no_price_dollars"":""0.5900"",""taker_side"":""no"",""ticker"":""KXBTC15M-26APR280500-00"",""trade_id"":""727dfcfa-c87d-6f2d-6743-225adb06211a"",""yes_price_dollars"":""0.4100""}"
KXBTC15M-26APR280500-00,66f6566f-41b0-62d5-78c9-237519d36b1c,1777365952,0.39,44.98,no,"{""count_fp"":""44.98"",""created_time"":""2026-04-28T08:45:52.413541Z"",""no_price_dollars"":""0.6100"",""taker_side"":""no"",""ticker"":""KXBTC15M-26APR280500-00"",""trade_id"":""66f6566f-41b0-62d5-78c9-237519d36b1c"",""yes_price_dollars"":""0.3900""}"
KXBTC15M-26APR280500-00,8447ce52-1ff8-6569-616c-2b2355fd1b24,1777365953,0.39,1.0,no,"{""count_fp"":""1.00"",""created_time"":""2026-04-28T08:45:53.962712Z"",""no_price_dollars"":""0.6100"",""taker_side"":""no"",""ticker"":""KXBTC15M-26APR280500-00"",""trade_id"":""8447ce52-1ff8-6569-616c-2b2355fd1b24"",""yes_price_dollars"":""0.3900""}"
KXBTC15M-26APR280500-00,9133174b-246a-6376-1deb-83ac1a258f91,1777365953,0.41,8.76,yes,"{""count_fp"":""8.76"",""created_time"":""2026-04-28T08:45:53.254523Z"",""no_price_dollars"":""0.5900"",""taker_side"":""yes"",""ticker"":""KXBTC15M-26APR280500-00"",""trade_id"":""9133174b-246a-6376-1deb-83ac1a258f91"",""yes_price_dollars"":""0.4100""}"
KXBTC15M-26APR280500-00,8144f1e0-a57b-6b17-1c8a-8d165e96bd83,1777365953,0.41,34.0,yes,"{""count_fp"":""34.00"",""created_time"":""2026-04-28T08:45:53.254523Z"",""no_price_dollars"":""0.5900"",""taker_side"":""yes"",""ticker"":""KXBTC15M-26APR280500-00"",""trade_id"":""8144f1e0-a57b-6b17-1c8a-8d165e96bd83"",""yes_price_dollars"":""0.4100""}"
KXBTC15M-26APR280500-00,7770a2ff-cd3b-676b-2692-87e5720b29b6,1777365953,0.41,3.0,yes,"{""count_fp"":""3.00"",""created_time"":""2026-04-28T08:45:53.254523Z"",""no_price_dollars"":""0.5900"",""taker_side"":""yes"",""ticker"":""KXBTC15M-26APR280500-00"",""trade_id"":""7770a2ff-cd3b-676b-2692-87e5720b29b6"",""yes_price_dollars"":""0.4100""}"
KXBTC15M-26APR280500-00,127f501f-b184-5b49-e33a-1f2f2dcffbc6,1777365954,0.4,20.11,yes,"{""count_fp"":""20.11"",""created_time"":""2026-04-28T08:45:54.938593Z"",""no_price_dollars"":""0.6000"",""taker_side"":""yes"",""ticker"":""KXBTC15M-26APR280500-00"",""trade_id"":""127f501f-b184-5b49-e33a-1f2f2dcffbc6"",""yes_price_dollars"":""0.4000""}"
KXBTC15M-26APR280500-00,74046523-ec05-7e4e-5a63-1cdc789e347e,1777365954,0.39,1.0,no,"{""count_fp"":""1.00"",""created_time"":""2026-04-28T08:45:54.859261Z"",""no_price_dollars"":""0.6100"",""taker_side"":""no"",""ticker"":""KXBTC15M-26APR280500-00"",""trade_id"":""74046523-ec05-7e4e-5a63-1cdc789e347e"",""yes_price_dollars"":""0.3900""}"
KXBTC15M-26APR280500-00,659423a9-b09c-7191-7ad7-db4d1926a1cb,1777365954,0.39,1.0,no,"{""count_fp"":""1.00"",""created_time"":""2026-04-28T08:45:54.859261Z"",""no_price_dollars"":""0.6100"",""taker_side"":""no"",""ticker"":""KXBTC15M-26APR280500-00"",""trade_id"":""659423a9-b09c-7191-7ad7-db4d1926a1cb"",""yes_price_dollars"":""0.3900""}"
KXBTC15M-26APR280500-00,50e3adc3-2175-7dd5-6047-fb2989f2a789,1777365954,0.39,3.0,no,"{""count_fp"":""3.00"",""created_time"":""2026-04-28T08:45:54.859261Z"",""no_price_dollars"":""0.6100"",""taker_side"":""no"",""ticker"":""KXBTC15M-26APR280500-00"",""trade_id"":""50e3adc3-2175-7dd5-6047-fb2989f2a789"",""yes_price_dollars"":""0.3900""}"
KXBTC15M-26APR280500-00,460b731d-99d4-7bcd-58ef-845f6b0ff7c8,1777365954,0.39,10.02,no,"{""count_fp"":""10.02"",""created_time"":""2026-04-28T08:45:54.859261Z"",""no_price_dollars"":""0.6100"",""taker_side"":""no"",""ticker"":""KXBTC15M-26APR280500-00"",""trade_id"":""460b731d-99d4-7bcd-58ef-845f6b0ff7c8"",""yes_price_dollars"":""0.3900""}"
KXBTC15M-26APR280500-00,3b6b3e98-a945-7c64-4cbc-f0b4c33c2768,1777365954,0.39,32.85,no,"{""count_fp"":""32.85"",""created_time"":""2026-04-28T08:45:54.859261Z"",""no_price_dollars"":""0.6100"",""taker_side"":""no"",""ticker"":""KXBTC15M-26APR280500-00"",""trade_id"":""3b6b3e98-a945-7c64-4cbc-f0b4c33c2768"",""yes_price_dollars"":""0.3900""}"
KXBTC15M-26APR280500-00,f1baca66-ab5d-65b6-840b-3c844e985065,1777365954,0.4,21.0,yes,"{""count_fp"":""21.00"",""created_time"":""2026-04-28T08:45:54.323556Z"",""no_price_dollars"":""0.6000"",""taker_side"":""yes"",""ticker"":""KXBTC15M-26APR280500-00"",""trade_id"":""f1baca66-ab5d-65b6-840b-3c844e985065"",""yes_price_dollars"":""0.4000""}"
KXBTC15M-26APR280500-00,827dcfc3-745a-668a-9695-19a654df5491,1777365954,0.4,22.15,yes,"{""count_fp"":""22.15"",""created_time"":""2026-04-28T08:45:54.323556Z"",""no_price_dollars"":""0.6000"",""taker_side"":""yes"",""ticker"":""KXBTC15M-26APR280500-00"",""trade_id"":""827dcfc3-745a-668a-9695-19a654df5491"",""yes_price_dollars"":""0.4000""}"
KXBTC15M-26APR280500-00,6f39df78-0811-698b-a089-a2ed3944a85e,1777365954,0.4,9.47,yes,"{""count_fp"":""9.47"",""created_time"":""2026-04-28T08:45:54.323556Z"",""no_price_dollars"":""0.6000"",""taker_side"":""yes"",""ticker"":""KXBTC15M-26APR280500-00"",""trade_id"":""6f39df78-0811-698b-a089-a2ed3944a85e"",""yes_price_dollars"":""0.4000""}"
KXBTC15M-26APR280500-00,3d17ab9e-a5d1-494b-5bdc-0eedb7797276,1777365954,0.4,0.53,yes,"{""count_fp"":""0.53"",""created_time"":""2026-04-28T08:45:54.193205Z"",""no_price_dollars"":""0.6000"",""taker_side"":""yes"",""ticker"":""KXBTC15M-26APR280500-00"",""trade_id"":""3d17ab9e-a5d1-494b-5bdc-0eedb7797276"",""yes_price_dollars"":""0.4000""}"
KXBTC15M-26APR280500-00,742dae24-52ba-7d22-3e82-6bccdf884105,1777365954,0.4,45.76,yes,"{""count_fp"":""45.76"",""created_time"":""2026-04-28T08:45:54.087111Z"",""no_price_dollars"":""0.6000"",""taker_side"":""yes"",""ticker"":""KXBTC15M-26APR280500-00"",""trade_id"":""742dae24-52ba-7d22-3e82-6bccdf884105"",""yes_price_dollars"":""0.4000""}"
KXBTC15M-26APR280500-00,96ced1b6-a46e-50b2-b90f-1420935ae8b5,1777365954,0.4,16.47,yes,"{""count_fp"":""16.47"",""created_time"":""2026-04-28T08:45:54.027483Z"",""no_price_dollars"":""0.6000"",""taker_side"":""yes"",""ticker"":""KXBTC15M-26APR280500-00"",""trade_id"":""96ced1b6-a46e-50b2-b90f-1420935ae8b5"",""yes_price_dollars"":""0.4000""}"
KXBTC15M-26APR280500-00,078af44a-1d7e-5af9-9419-0e40ce782df3,1777365954,0.4,21.0,yes,"{""count_fp"":""21.00"",""created_time"":""2026-04-28T08:45:54.027483Z"",""no_price_dollars"":""0.6000"",""taker_side"":""yes"",""ticker"":""KXBTC15M-26APR280500-00"",""trade_id"":""078af44a-1d7e-5af9-9419-0e40ce782df3"",""yes_price_dollars"":""0.4000""}"
KXBTC15M-26APR280500-00,e7d09940-463e-7171-1cd7-583f2e437a7e,1777365956,0.4,23.51,yes,"{""count_fp"":""23.51"",""created_time"":""2026-04-28T08:45:56.887797Z"",""no_price_dollars"":""0.6000"",""taker_side"":""yes"",""ticker"":""KXBTC15M-26APR280500-00"",""trade_id"":""e7d09940-463e-7171-1cd7-583f2e437a7e"",""yes_price_dollars"":""0.4000""}"
KXBTC15M-26APR280500-00,4d8175a5-8db6-67ea-9aa2-fb8dc17a9b09,1777365956,0.4,8.0,yes,"{""count_fp"":""8.00"",""created_time"":""2026-04-28T08:45:56.597304Z"",""no_price_dollars"":""0.6000"",""taker_side"":""yes"",""ticker"":""KXBTC15M-26APR280500-00"",""trade_id"":""4d8175a5-8db6-67ea-9aa2-fb8dc17a9b09"",""yes_price_dollars"":""0.4000""}"
KXBTC15M-26APR280500-00,9245654d-636a-7ef6-959a-e91d8c1a7765,1777365956,0.4,4.79,yes,"{""count_fp"":""4.79"",""created_time"":""2026-04-28T08:45:56.504688Z"",""no_price_dollars"":""0.6000"",""taker_side"":""yes"",""ticker"":""KXBTC15M-26APR280500-00"",""trade_id"":""9245654d-636a-7ef6-959a-e91d8c1a7765"",""yes_price_dollars"":""0.4000""}"
KXBTC15M-26APR280500-00,ff5d63a9-03de-438a-4124-0b887d3f5f89,1777365956,0.4,10.55,yes,"{""count_fp"":""10.55"",""created_time"":""2026-04-28T08:45:56.373448Z"",""no_price_dollars"":""0.6000"",""taker_side"":""yes"",""ticker"":""KXBTC15M-26APR280500-00"",""trade_id"":""ff5d63a9-03de-438a-4124-0b887d3f5f89"",""yes_price_dollars"":""0.4000""}"
KXBTC15M-26APR280500-00,f87e8cec-0220-47ed-6a9b-e921573342da,1777365956,0.4,0.89,yes,"{""count_fp"":""0.89"",""created_time"":""2026-04-28T08:45:56.373448Z"",""no_price_dollars"":""0.6000"",""taker_side"":""yes"",""ticker"":""KXBTC15M-26APR280500-00"",""trade_id"":""f87e8cec-0220-47ed-6a9b-e921573342da"",""yes_price_dollars"":""0.4000""}"
KXBTC15M-26APR280500-00,c50b6757-fac9-5ce8-92bc-4198029ed000,1777365956,0.39,7.97,no,"{""count_fp"":""7.97"",""created_time"":""2026-04-28T08:45:56.242801Z"",""no_price_dollars"":""0.6100"",""taker_side"":""no"",""ticker"":""KXBTC15M-26APR280500-00"",""trade_id"":""c50b6757-fac9-5ce8-92bc-4198029ed000"",""yes_price_dollars"":""0.3900""}"
KXBTC15M-26APR280500-00,bf93c8d1-3d7e-4e01-ba2d-fc1a34160e96,1777365957,0.4,0.49,yes,"{""count_fp"":""0.49"",""created_time"":""2026-04-28T08:45:57.751003Z"",""no_price_dollars"":""0.6000"",""taker_side"":""yes"",""ticker"":""KXBTC15M-26APR280500-00"",""trade_id"":""bf93c8d1-3d7e-4e01-ba2d-fc1a34160e96"",""yes_price_dollars"":""0.4000""}"
KXBTC15M-26APR280500-00,97a980d0-b488-4962-9107-b2811ca5614f,1777365957,0.4,4.3,yes,"{""count_fp"":""4.30"",""created_time"":""2026-04-28T08:45:57.751003Z"",""no_price_dollars"":""0.6000"",""taker_side"":""yes"",""ticker"":""KXBTC15M-26APR280500-00"",""trade_id"":""97a980d0-b488-4962-9107-b2811ca5614f"",""yes_price_dollars"":""0.4000""}"
KXBTC15M-26APR280500-00,b931f5cd-a9fa-44cb-da4c-fa64eddb9b6d,1777365959,0.41,8.0,yes,"{""count_fp"":""8.00"",""created_time"":""2026-04-28T08:45:59.836843Z"",""no_price_dollars"":""0.5900"",""taker_side"":""yes"",""ticker"":""KXBTC15M-26APR280500-00"",""trade_id"":""b931f5cd-a9fa-44cb-da4c-fa64eddb9b6d"",""yes_price_dollars"":""0.4100""}"
KXBTC15M-26APR280500-00,568d7503-6a9f-478f-d54f-b82b4813d541,1777365959,0.41,15.23,yes,"{""count_fp"":""15.23"",""created_time"":""2026-04-28T08:45:59.836843Z"",""no_price_dollars"":""0.5900"",""taker_side"":""yes"",""ticker"":""KXBTC15M-26APR280500-00"",""trade_id"":""568d7503-6a9f-478f-d54f-b82b4813d541"",""yes_price_dollars"":""0.4100""}"
KXBTC15M-26APR280500-00,c25e0e49-1dd4-7682-840c-c2be7a8f77d3,1777365959,0.4,15.81,yes,"{""count_fp"":""15.81"",""created_time"":""2026-04-28T08:45:59.285235Z"",""no_price_dollars"":""0.6000"",""taker_side"":""yes"",""ticker"":""KXBTC15M-26APR280500-00"",""trade_id"":""c25e0e49-1dd4-7682-840c-c2be7a8f77d3"",""yes_price_dollars"":""0.4000""}"
KXBTC15M-26APR280500-00,b2328db7-eeea-730f-a376-dd67d272072a,1777365959,0.4,4.3,yes,"{""count_fp"":""4.30"",""created_time"":""2026-04-28T08:45:59.285235Z"",""no_price_dollars"":""0.6000"",""taker_side"":""yes"",""ticker"":""KXBTC15M-26APR280500-00"",""trade_id"":""b2328db7-eeea-730f-a376-dd67d272072a"",""yes_price_dollars"":""0.4000""}"
KXBTC15M-26APR280500-00,abf5120d-e756-7e05-85f7-5cfc3e0030fa,1777365959,0.4,0.89,yes,"{""count_fp"":""0.89"",""created_time"":""2026-04-28T08:45:59.285235Z"",""no_price_dollars"":""0.6000"",""taker_side"":""yes"",""ticker"":""KXBTC15M-26APR280500-00"",""trade_id"":""abf5120d-e756-7e05-85f7-5cfc3e0030fa"",""yes_price_dollars"":""0.4000""}"
KXBTC15M-26APR280500-00,7bec41ac-2ecd-7996-adc3-e751503c5a98,1777365959,0.41,11.24,yes,"{""count_fp"":""11.24"",""created_time"":""2026-04-28T08:45:59.285235Z"",""no_price_dollars"":""0.5900"",""taker_side"":""yes"",""ticker"":""KXBTC15M-26APR280500-00"",""trade_id"":""7bec41ac-2ecd-7996-adc3-e751503c5a98"",""yes_price_dollars"":""0.4100""}"
KXBTC15M-26APR280500-00,686b8bc8-6c49-7c82-aa61-ce1e0f7949f2,1777365959,0.41,56.0,yes,"{""count_fp"":""56.00"",""created_time"":""2026-04-28T08:45:59.285235Z"",""no_price_dollars"":""0.5900"",""taker_side"":""yes"",""ticker"":""KXBTC15M-26APR280500-00"",""trade_id"":""686b8bc8-6c49-7c82-aa61-ce1e0f7949f2"",""yes_price_dollars"":""0.4100""}"
KXBTC15M-26APR280500-00,40ac148e-5e2e-77a2-8ef3-4d761f686f09,1777365959,0.4,99.1,yes,"{""count_fp"":""99.10"",""created_time"":""2026-04-28T08:45:59.285235Z"",""no_price_dollars"":""0.6000"",""taker_side"":""yes"",""ticker"":""KXBTC15M-26APR280500-00"",""trade_id"":""40ac148e-5e2e-77a2-8ef3-4d761f686f09"",""yes_price_dollars"":""0.4000""}"
KXBTC15M-26APR280500-00,0825ad7a-a6ae-7366-a0ff-415eeb92d185,1777365959,0.41,3.0,yes,"{""count_fp"":""3.00"",""created_time"":""2026-04-28T08:45:59.285235Z"",""no_price_dollars"":""0.5900"",""taker_side"":""yes"",""ticker"":""KXBTC15M-26APR280500-00"",""trade_id"":""0825ad7a-a6ae-7366-a0ff-415eeb92d185"",""yes_price_dollars"":""0.4100""}"
KXBTC15M-26APR280500-00,00789f2f-55e1-79ab-8a89-95fb7e3cfa63,1777365959,0.42,45.37,yes,"{""count_fp"":""45.37"",""created_time"":""2026-04-28T08:45:59.285235Z"",""no_price_dollars"":""0.5800"",""taker_side"":""yes"",""ticker"":""KXBTC15M-26APR280500-00"",""trade_id"":""00789f2f-55e1-79ab-8a89-95fb7e3cfa63"",""yes_price_dollars"":""0.4200""}"
KXBTC15M-26APR280500-00,b4a6228b-1304-4240-a2aa-a0499eba8680,1777365959,0.39,1.59,no,"{""count_fp"":""1.59"",""created_time"":""2026-04-28T08:45:59.217925Z"",""no_price_dollars"":""0.6100"",""taker_side"":""no"",""ticker"":""KXBTC15M-26APR280500-00"",""trade_id"":""b4a6228b-1304-4240-a2aa-a0499eba8680"",""yes_price_dollars"":""0.3900""}"
KXBTC15M-26APR280500-00,bf4b2baf-2b2d-6926-6f79-6e2f44cb9a4a,1777365960,0.4,32.41,no,"{""count_fp"":""32.41"",""created_time"":""2026-04-28T08:46:00.866969Z"",""no_price_dollars"":""0.6000"",""taker_side"":""no"",""ticker"":""KXBTC15M-26APR280500-00"",""trade_id"":""bf4b2baf-2b2d-6926-6f79-6e2f44cb9a4a"",""yes_price_dollars"":""0.4000""}"
KXBTC15M-26APR280500-00,8c4b698e-282d-6712-8db4-1e9bbb7c27fe,1777365960,0.4,1.0,no,"{""count_fp"":""1.00"",""created_time"":""2026-04-28T08:46:00.819815Z"",""no_price_dollars"":""0.6000"",""taker_side"":""no"",""ticker"":""KXBTC15M-26APR280500-00"",""trade_id"":""8c4b698e-282d-6712-8db4-1e9bbb7c27fe"",""yes_price_dollars"":""0.4000""}"
KXBTC15M-26APR280500-00,f0c2e2dd-9f39-6ae4-b677-1ef9c0c9a353,1777365960,0.41,100.0,yes,"{""count_fp"":""100.00"",""created_time"":""2026-04-28T08:46:00.792193Z"",""no_price_dollars"":""0.5900"",""taker_side"":""yes"",""ticker"":""KXBTC15M-26APR280500-00"",""trade_id"":""f0c2e2dd-9f39-6ae4-b677-1ef9c0c9a353"",""yes_price_dollars"":""0.4100""}"
KXBTC15M-26APR280500-00,b9b2b39d-1b07-61f3-bd33-9bbf14636d99,1777365960,0.41,1.77,yes,"{""count_fp"":""1.77"",""created_time"":""2026-04-28T08:46:00.792193Z"",""no_price_dollars"":""0.5900"",""taker_side"":""yes"",""ticker"":""KXBTC15M-26APR280500-00"",""trade_id"":""b9b2b39d-1b07-61f3-bd33-9bbf14636d99"",""yes_price_dollars"":""0.4100""}"
KXBTC15M-26APR280500-00,6571bf4d-ded5-6084-9ad8-cb9ad357c59d,1777365960,0.41,14.5,yes,"{""count_fp"":""14.50"",""created_time"":""2026-04-28T08:46:00.792193Z"",""no_price_dollars"":""0.5900"",""taker_side"":""yes"",""ticker"":""KXBTC15M-26APR280500-00"",""trade_id"":""6571bf4d-ded5-6084-9ad8-cb9ad357c59d"",""yes_price_dollars"":""0.4100""}"
KXBTC15M-26APR280500-00,2634a9e9-b348-6c4a-bd4e-3167d5d92d32,1777365960,0.41,3.0,yes,"{""count_fp"":""3.00"",""created_time"":""2026-04-28T08:46:00.792193Z"",""no_price_dollars"":""0.5900"",""taker_side"":""yes"",""ticker"":""KXBTC15M-26APR280500-00"",""trade_id"":""2634a9e9-b348-6c4a-bd4e-3167d5d92d32"",""yes_price_dollars"":""0.4100""}"
KXBTC15M-26APR280500-00,1f380b4c-3792-62de-8d8b-8f530cfe7230,1777365960,0.41,11.24,yes,"{""count_fp"":""11.24"",""created_time"":""2026-04-28T08:46:00.792193Z"",""no_price_dollars"":""0.5900"",""taker_side"":""yes"",""ticker"":""KXBTC15M-26APR280500-00"",""trade_id"":""1f380b4c-3792-62de-8d8b-8f530cfe7230"",""yes_price_dollars"":""0.4100""}"
KXBTC15M-26APR280500-00,10f83c3d-bf87-607f-a44d-eec70f748ffa,1777365960,0.41,10.0,yes,"{""count_fp"":""10.00"",""created_time"":""2026-04-28T08:46:00.792193Z"",""no_price_dollars"":""0.5900"",""taker_side"":""yes"",""ticker"":""KXBTC15M-26APR280500-00"",""trade_id"":""10f83c3d-bf87-607f-a44d-eec70f748ffa"",""yes_price_dollars"":""0.4100""}"
KXBTC15M-26APR280500-00,1fef5a28-d095-6e1e-ca5a-5cd527fcbbe2,1777365960,0.4,28.0,no,"{""count_fp"":""28.00"",""created_time"":""2026-04-28T08:46:00.381792Z"",""no_price_dollars"":""0.6000"",""taker_side"":""no"",""ticker"":""KXBTC15M-26APR280500-00"",""trade_id"":""1fef5a28-d095-6e1e-ca5a-5cd527fcbbe2"",""yes_price_dollars"":""0.4000""}"
KXBTC15M-26APR280500-00,27d77d36-de01-6732-0181-c7e77afad59e,1777365960,0.4,3.0,no,"{""count_fp"":""3.00"",""created_time"":""2026-04-28T08:46:00.178999Z"",""no_price_dollars"":""0.6000"",""taker_side"":""no"",""ticker"":""KXBTC15M-26APR280500-00"",""trade_id"":""27d77d36-de01-6732-0181-c7e77afad59e"",""yes_price_dollars"":""0.4000""}"
KXBTC15M-26APR280500-00,4bee1732-086d-7ac6-a552-e7e13d68f8be,1777365960,0.4,1.0,no,"{""count_fp"":""1.00"",""created_time"":""2026-04-28T08:46:00.086159Z"",""no_price_dollars"":""0.6000"",""taker_side"":""no"",""ticker"":""KXBTC15M-26APR280500-00"",""trade_id"":""4bee1732-086d-7ac6-a552-e7e13d68f8be"",""yes_price_dollars"":""0.4000""}"
KXBTC15M-26APR280500-00,a90df080-240c-649f-a5a3-1ed8e0a44c2c,1777365961,0.4,1.0,no,"{""count_fp"":""1.00"",""created_time"":""2026-04-28T08:46:01.644496Z"",""no_price_dollars"":""0.6000"",""taker_side"":""no"",""ticker"":""KXBTC15M-26APR280500-00"",""trade_id"":""a90df080-240c-649f-a5a3-1ed8e0a44c2c"",""yes_price_dollars"":""0.4000""}"
KXBTC15M-26APR280500-00,6767a96c-9941-6e3e-a86c-ee4f4800d2a6,1777365961,0.4,13.59,no,"{""count_fp"":""13.59"",""created_time"":""2026-04-28T08:46:01.644496Z"",""no_price_dollars"":""0.6000"",""taker_side"":""no"",""ticker"":""KXBTC15M-26APR280500-00"",""trade_id"":""6767a96c-9941-6e3e-a86c-ee4f4800d2a6"",""yes_price_dollars"":""0.4000""}"
KXBTC15M-26APR280500-00,af959222-e6e9-718a-703b-7808547aa44e,1777365961,0.4,16.0,no,"{""count_fp"":""16.00"",""created_time"":""2026-04-28T08:46:01.467755Z"",""no_price_dollars"":""0.6000"",""taker_side"":""no"",""ticker"":""KXBTC15M-26APR280500-00"",""trade_id"":""af959222-e6e9-718a-703b-7808547aa44e"",""yes_price_dollars"":""0.4000""}"
KXBTC15M-26APR280500-00,d65c296e-5df9-55da-243e-cd57571a3d0a,1777365961,0.4,4.0,no,"{""count_fp"":""4.00"",""created_time"":""2026-04-28T08:46:01.203819Z"",""no_price_dollars"":""0.6000"",""taker_side"":""no"",""ticker"":""KXBTC15M-26APR280500-00"",""trade_id"":""d65c296e-5df9-55da-243e-cd57571a3d0a"",""yes_price_dollars"":""0.4000""}"
KXBTC15M-26APR280500-00,8c39f4b1-6bc1-50c2-c1c8-b0c8eba9f21a,1777365961,0.4,1.0,no,"{""count_fp"":""1.00"",""created_time"":""2026-04-28T08:46:01.113653Z"",""no_price_dollars"":""0.6000"",""taker_side"":""no"",""ticker"":""KXBTC15M-26APR280500-00"",""trade_id"":""8c39f4b1-6bc1-50c2-c1c8-b0c8eba9f21a"",""yes_price_dollars"":""0.4000""}"
KXBTC15M-26APR280500-00,f63fd837-5319-5434-a6b9-359f59b64684,1777365962,0.4,0.81,no,"{""count_fp"":""0.81"",""created_time"":""2026-04-28T08:46:02.765788Z"",""no_price_dollars"":""0.6000"",""taker_side"":""no"",""ticker"":""KXBTC15M-26APR280500-00"",""trade_id"":""f63fd837-5319-5434-a6b9-359f59b64684"",""yes_price_dollars"":""0.4000""}"
KXBTC15M-26APR280500-00,f9fbad70-9e86-4103-02b8-88d3d341cefa,1777365962,0.4,1.0,no,"{""count_fp"":""1.00"",""created_time"":""2026-04-28T08:46:02.709327Z"",""no_price_dollars"":""0.6000"",""taker_side"":""no"",""ticker"":""KXBTC15M-26APR280500-00"",""trade_id"":""f9fbad70-9e86-4103-02b8-88d3d341cefa"",""yes_price_dollars"":""0.4000""}"
KXBTC15M-26APR280500-00,d9b9fa22-03bd-4e48-2e58-f1dfd95fa034,1777365962,0.4,14.66,no,"{""count_fp"":""14.66"",""created_time"":""2026-04-28T08:46:02.709327Z"",""no_price_dollars"":""0.6000"",""taker_side"":""no"",""ticker"":""KXBTC15M-26APR280500-00"",""trade_id"":""d9b9fa22-03bd-4e48-2e58-f1dfd95fa034"",""yes_price_dollars"":""0.4000""}"
KXBTC15M-26APR280500-00,aec23357-fb14-447b-1683-419871e1eaa4,1777365962,0.4,0.55,no,"{""count_fp"":""0.55"",""created_time"":""2026-04-28T08:46:02.709327Z"",""no_price_dollars"":""0.6000"",""taker_side"":""no"",""ticker"":""KXBTC15M-26APR280500-00"",""trade_id"":""aec23357-fb14-447b-1683-419871e1eaa4"",""yes_price_dollars"":""0.4000""}"
KXBTC15M-26APR280500-00,81b008ce-8054-4383-3e8e-b51f62581ffc,1777365962,0.4,19.45,no,"{""count_fp"":""19.45"",""created_time"":""2026-04-28T08:46:02.603382Z"",""no_price_dollars"":""0.6000"",""taker_side"":""no"",""ticker"":""KXBTC15M-26APR280500-00"",""trade_id"":""81b008ce-8054-4383-3e8e-b51f62581ffc"",""yes_price_dollars"":""0.4000""}"
KXBTC15M-26APR280500-00,ae1d444c-c284-5024-e07c-ee519434cc15,1777365962,0.41,4.5,yes,"{""count_fp"":""4.50"",""created_time"":""2026-04-28T08:46:02.096856Z"",""no_price_dollars"":""0.5900"",""taker_side"":""yes"",""ticker"":""KXBTC15M-26APR280500-00"",""trade_id"":""ae1d444c-c284-5024-e07c-ee519434cc15"",""yes_price_dollars"":""0.4100""}"
KXBTC15M-26APR280500-00,257156a7-d1e5-56c9-e9eb-981442ca67ef,1777365962,0.41,1.0,yes,"{""count_fp"":""1.00"",""created_time"":""2026-04-28T08:46:02.096856Z"",""no_price_dollars"":""0.5900"",""taker_side"":""yes"",""ticker"":""KXBTC15M-26APR280500-00"",""trade_id"":""257156a7-d1e5-56c9-e9eb-981442ca67ef"",""yes_price_dollars"":""0.4100""}"
KXBTC15M-26APR280500-00,241c2a36-80fd-553c-c861-4ead4a429355,1777365962,0.41,6.5,yes,"{""count_fp"":""6.50"",""created_time"":""2026-04-28T08:46:02.096856Z"",""no_price_dollars"":""0.5900"",""taker_side"":""yes"",""ticker"":""KXBTC15M-26APR280500-00"",""trade_id"":""241c2a36-80fd-553c-c861-4ead4a429355"",""yes_price_dollars"":""0.4100""}"
KXBTC15M-26APR280500-00,8a28e498-9546-69da-adbc-c19b98c5e8eb,1777365963,0.41,0.7,yes,"{""count_fp"":""0.70"",""created_time"":""2026-04-28T08:46:03.633782Z"",""no_price_dollars"":""0.5900"",""taker_side"":""yes"",""ticker"":""KXBTC15M-26APR280500-00"",""trade_id"":""8a28e498-9546-69da-adbc-c19b98c5e8eb"",""yes_price_dollars"":""0.4100""}"
KXBTC15M-26APR280500-00,fb9515cd-ae6c-6db5-2826-7c2972e09da5,1777365963,0.4,1.53,no,"{""count_fp"":""1.53"",""created_time"":""2026-04-28T08:46:03.224126Z"",""no_price_dollars"":""0.6000"",""taker_side"":""no"",""ticker"":""KXBTC15M-26APR280500-00"",""trade_id"":""fb9515cd-ae6c-6db5-2826-7c2972e09da5"",""yes_price_dollars"":""0.4000""}"
KXBTC15M-26APR280500-00,e5431c26-add4-614c-34e6-5d2d514466c3,1777365963,0.39,3.0,no,"{""count_fp"":""3.00"",""created_time"":""2026-04-28T08:46:03.224126Z"",""no_price_dollars"":""0.6100"",""taker_side"":""no"",""ticker"":""KXBTC15M-26APR280500-00"",""trade_id"":""e5431c26-add4-614c-34e6-5d2d514466c3"",""yes_price_dollars"":""0.3900""}"
KXBTC15M-26APR280500-00,bed2a8e8-82d0-6065-11cf-8a1457b27945,1777365963,0.4,0.81,no,"{""count_fp"":""0.81"",""created_time"":""2026-04-28T08:46:03.224126Z"",""no_price_dollars"":""0.6000"",""taker_side"":""no"",""ticker"":""KXBTC15M-26APR280500-00"",""trade_id"":""bed2a8e8-82d0-6065-11cf-8a1457b27945"",""yes_price_dollars"":""0.4000""}"
KXBTC15M-26APR280500-00,bd6b1677-4cbb-6bdb-3265-aa156a24a029,1777365963,0.38,41.0,no,"{""count_fp"":""41.00"",""created_time"":""2026-04-28T08:46:03.224126Z"",""no_price_dollars"":""0.6200"",""taker_side"":""no"",""ticker"":""KXBTC15M-26APR280500-00"",""trade_id"":""bd6b1677-4cbb-6bdb-3265-aa156a24a029"",""yes_price_dollars"":""0.3800""}"
KXBTC15M-26APR280500-00,aab57d07-33dc-60c9-233f-ee07e67384c1,1777365963,0.38,500.0,no,"{""count_fp"":""500.00"",""created_time"":""2026-04-28T08:46:03.224126Z"",""no_price_dollars"":""0.6200"",""taker_side"":""no"",""ticker"":""KXBTC15M-26APR280500-00"",""trade_id"":""aab57d07-33dc-60c9-233f-ee07e67384c1"",""yes_price_dollars"":""0.3800""}"
KXBTC15M-26APR280500-00,8d50d795-67b7-6257-012f-6d3c0eca4cbc,1777365963,0.38,3.0,no,"{""count_fp"":""3.00"",""created_time"":""2026-04-28T08:46:03.224126Z"",""no_price_dollars"":""0.6200"",""taker_side"":""no"",""ticker"":""KXBTC15M-26APR280500-00"",""trade_id"":""8d50d795-67b7-6257-012f-6d3c0eca4cbc"",""yes_price_dollars"":""0.3800""}"
KXBTC15M-26APR280500-00,805205c5-7043-6284-2f5e-63ff326459b2,1777365963,0.4,0.02,no,"{""count_fp"":""0.02"",""created_time"":""2026-04-28T08:46:03.224126Z"",""no_price_dollars"":""0.6000"",""taker_side"":""no"",""ticker"":""KXBTC15M-26APR280500-00"",""trade_id"":""805205c5-7043-6284-2f5e-63ff326459b2"",""yes_price_dollars"":""0.4000""}"
KXBTC15M-26APR280500-00,7d2676ba-a3d1-6674-0c5d-70b306861b7c,1777365963,0.38,47.75,no,"{""count_fp"":""47.75"",""created_time"":""2026-04-28T08:46:03.224126Z"",""no_price_dollars"":""0.6200"",""taker_side"":""no"",""ticker"":""KXBTC15M-26APR280500-00"",""trade_id"":""7d2676ba-a3d1-6674-0c5d-70b306861b7c"",""yes_price_dollars"":""0.3800""}"
KXBTC15M-26APR280500-00,40b6c4df-7762-615b-2291-8581d8932dc8,1777365963,0.38,20.0,no,"{""count_fp"":""20.00"",""created_time"":""2026-04-28T08:46:03.224126Z"",""no_price_dollars"":""0.6200"",""taker_side"":""no"",""ticker"":""KXBTC15M-26APR280500-00"",""trade_id"":""40b6c4df-7762-615b-2291-8581d8932dc8"",""yes_price_dollars"":""0.3800""}"
KXBTC15M-26APR280500-00,27409bde-6270-6222-1c22-f76eb6333173,1777365963,0.4,14.66,no,"{""count_fp"":""14.66"",""created_time"":""2026-04-28T08:46:03.224126Z"",""no_price_dollars"":""0.6000"",""taker_side"":""no"",""ticker"":""KXBTC15M-26APR280500-00"",""trade_id"":""27409bde-6270-6222-1c22-f76eb6333173"",""yes_price_dollars"":""0.4000""}"
KXBTC15M-26APR280500-00,087f56b6-1077-6e7b-37ac-90046308181d,1777365963,0.4,3.98,no,"{""count_fp"":""3.98"",""created_time"":""2026-04-28T08:46:03.224126Z"",""no_price_dollars"":""0.6000"",""taker_side"":""no"",""ticker"":""KXBTC15M-26APR280500-00"",""trade_id"":""087f56b6-1077-6e7b-37ac-90046308181d"",""yes_price_dollars"":""0.4000""}"
KXBTC15M-26APR280500-00,083aaafb-cac5-613b-1ec9-9936f276611e,1777365963,0.38,1.0,no,"{""count_fp"":""1.00"",""created_time"":""2026-04-28T08:46:03.224126Z"",""no_price_dollars"":""0.6200"",""taker_side"":""no"",""ticker"":""KXBTC15M-26APR280500-00"",""trade_id"":""083aaafb-cac5-613b-1ec9-9936f276611e"",""yes_price_dollars"":""0.3800""}"
KXBTC15M-26APR280500-00,13a3d8bf-bade-7e8e-8c03-914a3451a6af,1777365964,0.41,58.53,yes,"{""count_fp"":""58.53"",""created_time"":""2026-04-28T08:46:04.758176Z"",""no_price_dollars"":""0.5900"",""taker_side"":""yes"",""ticker"":""KXBTC15M-26APR280500-00"",""trade_id"":""13a3d8bf-bade-7e8e-8c03-914a3451a6af"",""yes_price_dollars"":""0.4100""}"
KXBTC15M-26APR280500-00,dd44f9f5-3193-74be-0c42-d92bd43ab11c,1777365965,0.41,3.0,yes,"{""count_fp"":""3.00"",""created_time"":""2026-04-28T08:46:05.793703Z"",""no_price_dollars"":""0.5900"",""taker_side"":""yes"",""ticker"":""KXBTC15M-26APR280500-00"",""trade_id"":""dd44f9f5-3193-74be-0c42-d92bd43ab11c"",""yes_price_dollars"":""0.4100""}"
KXBTC15M-26APR280500-00,835e6726-0f9d-7acf-3501-cd83a4bd5d0b,1777365965,0.41,51.34,yes,"{""count_fp"":""51.34"",""created_time"":""2026-04-28T08:46:05.793703Z"",""no_price_dollars"":""0.5900"",""taker_side"":""yes"",""ticker"":""KXBTC15M-26APR280500-00"",""trade_id"":""835e6726-0f9d-7acf-3501-cd83a4bd5d0b"",""yes_price_dollars"":""0.4100""}"
KXBTC15M-26APR280500-00,24021dc3-76e7-7d6c-3433-09f167aea41d,1777365965,0.41,11.24,yes,"{""count_fp"":""11.24"",""created_time"":""2026-04-28T08:46:05.793703Z"",""no_price_dollars"":""0.5900"",""taker_side"":""yes"",""ticker"":""KXBTC15M-26APR280500-00"",""trade_id"":""24021dc3-76e7-7d6c-3433-09f167aea41d"",""yes_price_dollars"":""0.4100""}"
KXBTC15M-26APR280500-00,8a7570b6-7947-5b55-a763-5f8576c420ea,1777365965,0.39,7.93,no,"{""count_fp"":""7.93"",""created_time"":""2026-04-28T08:46:05.640468Z"",""no_price_dollars"":""0.6100"",""taker_side"":""no"",""ticker"":""KXBTC15M-26APR280500-00"",""trade_id"":""8a7570b6-7947-5b55-a763-5f8576c420ea"",""yes_price_dollars"":""0.3900""}"
KXBTC15M-26APR280500-00,86ab1dcd-afc1-50f9-2f3d-bc450f3e40e4,1777365965,0.41,1.0,yes,"{""count_fp"":""1.00"",""created_time"":""2026-04-28T08:46:05.072864Z"",""no_price_dollars"":""0.5900"",""taker_side"":""yes"",""ticker"":""KXBTC15M-26APR280500-00"",""trade_id"":""86ab1dcd-afc1-50f9-2f3d-bc450f3e40e4"",""yes_price_dollars"":""0.4100""}"
KXBTC15M-26APR280500-00,332989bd-2f39-6647-d7ae-4e1e57bc4dab,1777365966,0.41,11.71,yes,"{""count_fp"":""11.71"",""created_time"":""2026-04-28T08:46:06.036425Z"",""no_price_dollars"":""0.5900"",""taker_side"":""yes"",""ticker"":""KXBTC15M-26APR280500-00"",""trade_id"":""332989bd-2f39-6647-d7ae-4e1e57bc4dab"",""yes_price_dollars"":""0.4100""}"
KXBTC15M-26APR280500-00,d4a71c38-8201-5d60-2784-08e9de5c3014,1777365967,0.4,8.1,no,"{""count_fp"":""8.10"",""created_time"":""2026-04-28T08:46:07.618981Z"",""no_price_dollars"":""0.6000"",""taker_side"":""no"",""ticker"":""KXBTC15M-26APR280500-00"",""trade_id"":""d4a71c38-8201-5d60-2784-08e9de5c3014"",""yes_price_dollars"":""0.4000""}"
KXBTC15M-26APR280500-00,32de7a75-c59a-53f2-bb5d-ce4a40470337,1777365967,0.41,23.23,yes,"{""count_fp"":""23.23"",""created_time"":""2026-04-28T08:46:07.555072Z"",""no_price_dollars"":""0.5900"",""taker_side"":""yes"",""ticker"":""KXBTC15M-26APR280500-00"",""trade_id"":""32de7a75-c59a-53f2-bb5d-ce4a40470337"",""yes_price_dollars"":""0.4100""}"
KXBTC15M-26APR280500-00,1b2288de-657d-57a4-9a3c-77bff7e2bd54,1777365967,0.4,15.95,no,"{""count_fp"":""15.95"",""created_time"":""2026-04-28T08:46:07.428295Z"",""no_price_dollars"":""0.6000"",""taker_side"":""no"",""ticker"":""KXBTC15M-26APR280500-00"",""trade_id"":""1b2288de-657d-57a4-9a3c-77bff7e2bd54"",""yes_price_dollars"":""0.4000""}"
KXBTC15M-26APR280500-00,a99a799f-807d-4e80-867d-7033ed487d90,1777365967,0.4,11.91,no,"{""count_fp"":""11.91"",""created_time"":""2026-04-28T08:46:07.380998Z"",""no_price_dollars"":""0.6000"",""taker_side"":""no"",""ticker"":""KXBTC15M-26APR280500-00"",""trade_id"":""a99a799f-807d-4e80-867d-7033ed487d90"",""yes_price_dollars"":""0.4000""}"
KXBTC15M-26APR280500-00,9b7c863a-ae39-4d8c-98b7-a5972fc3955b,1777365967,0.4,20.0,no,"{""count_fp"":""20.00"",""created_time"":""2026-04-28T08:46:07.380998Z"",""no_price_dollars"":""0.6000"",""taker_side"":""no"",""ticker"":""KXBTC15M-26APR280500-00"",""trade_id"":""9b7c863a-ae39-4d8c-98b7-a5972fc3955b"",""yes_price_dollars"":""0.4000""}"
KXBTC15M-26APR280500-00,1e862631-d49e-72ad-cbaf-1f2b8c011308,1777365967,0.4,1.0,no,"{""count_fp"":""1.00"",""created_time"":""2026-04-28T08:46:07.253426Z"",""no_price_dollars"":""0.6000"",""taker_side"":""no"",""ticker"":""KXBTC15M-26APR280500-00"",""trade_id"":""1e862631-d49e-72ad-cbaf-1f2b8c011308"",""yes_price_dollars"":""0.4000""}"
KXBTC15M-26APR280500-00,abb190b3-5f7e-4963-7562-41d1cb4a4199,1777365967,0.41,16.0,yes,"{""count_fp"":""16.00"",""created_time"":""2026-04-28T08:46:07.085576Z"",""no_price_dollars"":""0.5900"",""taker_side"":""yes"",""ticker"":""KXBTC15M-26APR280500-00"",""trade_id"":""abb190b3-5f7e-4963-7562-41d1cb4a4199"",""yes_price_dollars"":""0.4100""}"
KXBTC15M-26APR280500-00,16cacba4-59c6-493a-7377-035a3ca6aa7f,1777365967,0.41,30.48,yes,"{""count_fp"":""30.48"",""created_time"":""2026-04-28T08:46:07.085576Z"",""no_price_dollars"":""0.5900"",""taker_side"":""yes"",""ticker"":""KXBTC15M-26APR280500-00"",""trade_id"":""16cacba4-59c6-493a-7377-035a3ca6aa7f"",""yes_price_dollars"":""0.4100""}"
KXBTC15M-26APR280500-00,60ef47d8-51cd-53e3-3997-fb6168fcab5f,1777365969,0.42,300.0,yes,"{""count_fp"":""300.00"",""created_time"":""2026-04-28T08:46:09.992195Z"",""no_price_dollars"":""0.5800"",""taker_side"":""yes"",""ticker"":""KXBTC15M-26APR280500-00"",""trade_id"":""60ef47d8-51cd-53e3-3997-fb6168fcab5f"",""yes_price_dollars"":""0.4200""}"
KXBTC15M-26APR280500-00,ea1adb0d-7396-5284-915a-fae4fcea3c34,1777365969,0.42,1.0,yes,"{""count_fp"":""1.00"",""created_time"":""2026-04-28T08:46:09.791054Z"",""no_price_dollars"":""0.5800"",""taker_side"":""yes"",""ticker"":""KXBTC15M-26APR280500-00"",""trade_id"":""ea1adb0d-7396-5284-915a-fae4fcea3c34"",""yes_price_dollars"":""0.4200""}"
KXBTC15M-26APR280500-00,db07e73f-396b-5a48-a32d-0c626e4170ae,1777365969,0.42,2.0,yes,"{""count_fp"":""2.00"",""created_time"":""2026-04-28T08:46:09.791054Z"",""no_price_dollars"":""0.5800"",""taker_side"":""yes"",""ticker"":""KXBTC15M-26APR280500-00"",""trade_id"":""db07e73f-396b-5a48-a32d-0c626e4170ae"",""yes_price_dollars"":""0.4200""}"
KXBTC15M-26APR280500-00,d26978ca-42a8-5217-bb32-2c26ed00e06e,1777365969,0.41,21.0,yes,"{""count_fp"":""21.00"",""created_time"":""2026-04-28T08:46:09.791054Z"",""no_price_dollars"":""0.5900"",""taker_side"":""yes"",""ticker"":""KXBTC15M-26APR280500-00"",""trade_id"":""d26978ca-42a8-5217-bb32-2c26ed00e06e"",""yes_price_dollars"":""0.4100""}"
KXBTC15M-26APR280500-00,d0aeff23-18ea-5cbb-98f4-c51d19413cad,1777365969,0.42,1.0,yes,"{""count_fp"":""1.00"",""created_time"":""2026-04-28T08:46:09.791054Z"",""no_price_dollars"":""0.5800"",""taker_side"":""yes"",""ticker"":""KXBTC15M-26APR280500-00"",""trade_id"":""d0aeff23-18ea-5cbb-98f4-c51d19413cad"",""yes_price_dollars"":""0.4200""}"
