ticker,trade_id,ts,yes_price,count,taker_side,raw_json
KXBTC15M-26APR271830-30,c96f74a8-7dd7-7a54-b2ec-ab042e9b0de5,1777328101,0.53,5.0,yes,"{""count_fp"":""5.00"",""created_time"":""2026-04-27T22:15:01.926824Z"",""no_price_dollars"":""0.4700"",""taker_side"":""yes"",""ticker"":""KXBTC15M-26APR271830-30"",""trade_id"":""c96f74a8-7dd7-7a54-b2ec-ab042e9b0de5"",""yes_price_dollars"":""0.5300""}"
KXBTC15M-26APR271830-30,003141aa-fd5c-4070-f51a-4c33c1096c52,1777328101,0.49,56.0,yes,"{""count_fp"":""56.00"",""created_time"":""2026-04-27T22:15:01.615221Z"",""no_price_dollars"":""0.5100"",""taker_side"":""yes"",""ticker"":""KXBTC15M-26APR271830-30"",""trade_id"":""003141aa-fd5c-4070-f51a-4c33c1096c52"",""yes_price_dollars"":""0.4900""}"
KXBTC15M-26APR271830-30,67805e3d-67b1-6e6c-c9be-f2990f2e1548,1777328102,0.53,1.0,no,"{""count_fp"":""1.00"",""created_time"":""2026-04-27T22:15:02.572572Z"",""no_price_dollars"":""0.4700"",""taker_side"":""no"",""ticker"":""KXBTC15M-26APR271830-30"",""trade_id"":""67805e3d-67b1-6e6c-c9be-f2990f2e1548"",""yes_price_dollars"":""0.5300""}"
KXBTC15M-26APR271830-30,3b11bb02-d755-54a9-5958-319f03ddd4dc,1777328102,0.56,200.0,no,"{""count_fp"":""200.00"",""created_time"":""2026-04-27T22:15:02.419295Z"",""no_price_dollars"":""0.4400"",""taker_side"":""no"",""ticker"":""KXBTC15M-26APR271830-30"",""trade_id"":""3b11bb02-d755-54a9-5958-319f03ddd4dc"",""yes_price_dollars"":""0.5600""}"
KXBTC15M-26APR271830-30,de20380e-7040-71da-f2c9-b32f58f983ef,1777328102,0.55,1.0,yes,"{""count_fp"":""1.00"",""created_time"":""2026-04-27T22:15:02.386305Z"",""no_price_dollars"":""0.4500"",""taker_side"":""yes"",""ticker"":""KXBTC15M-26APR271830-30"",""trade_id"":""de20380e-7040-71da-f2c9-b32f58f983ef"",""yes_price_dollars"":""0.5500""}"
KXBTC15M-26APR271830-30,a04cd962-5320-75fe-e953-ea17e5423f3b,1777328102,0.53,10.0,yes,"{""count_fp"":""10.00"",""created_time"":""2026-04-27T22:15:02.386305Z"",""no_price_dollars"":""0.4700"",""taker_side"":""yes"",""ticker"":""KXBTC15M-26APR271830-30"",""trade_id"":""a04cd962-5320-75fe-e953-ea17e5423f3b"",""yes_price_dollars"":""0.5300""}"
KXBTC15M-26APR271830-30,820ff9df-aae7-765d-daf2-b7be117443af,1777328102,0.54,5.0,yes,"{""count_fp"":""5.00"",""created_time"":""2026-04-27T22:15:02.386305Z"",""no_price_dollars"":""0.4600"",""taker_side"":""yes"",""ticker"":""KXBTC15M-26APR271830-30"",""trade_id"":""820ff9df-aae7-765d-daf2-b7be117443af"",""yes_price_dollars"":""0.5400""}"
KXBTC15M-26APR271830-30,2269c950-8588-7e65-d2dd-04d72be3763f,1777328102,0.54,5.0,yes,"{""count_fp"":""5.00"",""created_time"":""2026-04-27T22:15:02.386305Z"",""no_price_dollars"":""0.4600"",""taker_side"":""yes"",""ticker"":""KXBTC15M-26APR271830-30"",""trade_id"":""2269c950-8588-7e65-d2dd-04d72be3763f"",""yes_price_dollars"":""0.5400""}"
KXBTC15M-26APR271830-30,f654d772-fc84-7d22-8f2a-5dbfdfcfc67e,1777328103,0.58,5.0,yes,"{""count_fp"":""5.00"",""created_time"":""2026-04-27T22:15:03.138578Z"",""no_price_dollars"":""0.4200"",""taker_side"":""yes"",""ticker"":""KXBTC15M-26APR271830-30"",""trade_id"":""f654d772-fc84-7d22-8f2a-5dbfdfcfc67e"",""yes_price_dollars"":""0.5800""}"
KXBTC15M-26APR271830-30,a8f63ebe-1f00-77ec-b80e-a8d43be8bebe,1777328103,0.58,5.0,yes,"{""count_fp"":""5.00"",""created_time"":""2026-04-27T22:15:03.138578Z"",""no_price_dollars"":""0.4200"",""taker_side"":""yes"",""ticker"":""KXBTC15M-26APR271830-30"",""trade_id"":""a8f63ebe-1f00-77ec-b80e-a8d43be8bebe"",""yes_price_dollars"":""0.5800""}"
KXBTC15M-26APR271830-30,6d109477-ebc8-7532-9c1d-1c33f8a89b14,1777328103,0.59,3.0,yes,"{""count_fp"":""3.00"",""created_time"":""2026-04-27T22:15:03.138578Z"",""no_price_dollars"":""0.4100"",""taker_side"":""yes"",""ticker"":""KXBTC15M-26APR271830-30"",""trade_id"":""6d109477-ebc8-7532-9c1d-1c33f8a89b14"",""yes_price_dollars"":""0.5900""}"
KXBTC15M-26APR271830-30,01065c6a-f6ba-57a8-a2a9-a51a8e64426f,1777328104,0.54,34.0,yes,"{""count_fp"":""34.00"",""created_time"":""2026-04-27T22:15:04.462018Z"",""no_price_dollars"":""0.4600"",""taker_side"":""yes"",""ticker"":""KXBTC15M-26APR271830-30"",""trade_id"":""01065c6a-f6ba-57a8-a2a9-a51a8e64426f"",""yes_price_dollars"":""0.5400""}"
KXBTC15M-26APR271830-30,1c94253a-5923-4b55-c290-7a9c19fe39ad,1777328104,0.52,6.03,no,"{""count_fp"":""6.03"",""created_time"":""2026-04-27T22:15:04.239664Z"",""no_price_dollars"":""0.4800"",""taker_side"":""no"",""ticker"":""KXBTC15M-26APR271830-30"",""trade_id"":""1c94253a-5923-4b55-c290-7a9c19fe39ad"",""yes_price_dollars"":""0.5200""}"
KXBTC15M-26APR271830-30,ffc79c5b-371b-539d-1282-dfa812bb28ec,1777328106,0.51,3.0,no,"{""count_fp"":""3.00"",""created_time"":""2026-04-27T22:15:06.760975Z"",""no_price_dollars"":""0.4900"",""taker_side"":""no"",""ticker"":""KXBTC15M-26APR271830-30"",""trade_id"":""ffc79c5b-371b-539d-1282-dfa812bb28ec"",""yes_price_dollars"":""0.5100""}"
KXBTC15M-26APR271830-30,c12724bf-0bbc-5abc-3cd1-5160e1b94865,1777328106,0.51,3.0,no,"{""count_fp"":""3.00"",""created_time"":""2026-04-27T22:15:06.760975Z"",""no_price_dollars"":""0.4900"",""taker_side"":""no"",""ticker"":""KXBTC15M-26APR271830-30"",""trade_id"":""c12724bf-0bbc-5abc-3cd1-5160e1b94865"",""yes_price_dollars"":""0.5100""}"
KXBTC15M-26APR271830-30,845b45f9-9e31-5a84-08ef-94aff1ff39b8,1777328106,0.51,3.94,no,"{""count_fp"":""3.94"",""created_time"":""2026-04-27T22:15:06.760975Z"",""no_price_dollars"":""0.4900"",""taker_side"":""no"",""ticker"":""KXBTC15M-26APR271830-30"",""trade_id"":""845b45f9-9e31-5a84-08ef-94aff1ff39b8"",""yes_price_dollars"":""0.5100""}"
KXBTC15M-26APR271830-30,5ea737d7-ed10-560f-2e63-f104af4a4feb,1777328106,0.52,9.97,no,"{""count_fp"":""9.97"",""created_time"":""2026-04-27T22:15:06.760975Z"",""no_price_dollars"":""0.4800"",""taker_side"":""no"",""ticker"":""KXBTC15M-26APR271830-30"",""trade_id"":""5ea737d7-ed10-560f-2e63-f104af4a4feb"",""yes_price_dollars"":""0.5200""}"
KXBTC15M-26APR271830-30,0e9588f8-bfd6-533f-bab2-ce784b0ef808,1777328107,0.54,6.0,yes,"{""count_fp"":""6.00"",""created_time"":""2026-04-27T22:15:07.848683Z"",""no_price_dollars"":""0.4600"",""taker_side"":""yes"",""ticker"":""KXBTC15M-26APR271830-30"",""trade_id"":""0e9588f8-bfd6-533f-bab2-ce784b0ef808"",""yes_price_dollars"":""0.5400""}"
KXBTC15M-26APR271830-30,c593c449-785c-45d4-212d-bf983ae9728f,1777328107,0.51,5.0,no,"{""count_fp"":""5.00"",""created_time"":""2026-04-27T22:15:07.353531Z"",""no_price_dollars"":""0.4900"",""taker_side"":""no"",""ticker"":""KXBTC15M-26APR271830-30"",""trade_id"":""c593c449-785c-45d4-212d-bf983ae9728f"",""yes_price_dollars"":""0.5100""}"
KXBTC15M-26APR271830-30,c4acfb8d-8703-4325-0a42-7df4c7c655ee,1777328107,0.51,9.0,no,"{""count_fp"":""9.00"",""created_time"":""2026-04-27T22:15:07.353531Z"",""no_price_dollars"":""0.4900"",""taker_side"":""no"",""ticker"":""KXBTC15M-26APR271830-30"",""trade_id"":""c4acfb8d-8703-4325-0a42-7df4c7c655ee"",""yes_price_dollars"":""0.5100""}"
KXBTC15M-26APR271830-30,b12883d8-53df-43bd-007d-2e68300ac348,1777328107,0.5,64.0,no,"{""count_fp"":""64.00"",""created_time"":""2026-04-27T22:15:07.353531Z"",""no_price_dollars"":""0.5000"",""taker_side"":""no"",""ticker"":""KXBTC15M-26APR271830-30"",""trade_id"":""b12883d8-53df-43bd-007d-2e68300ac348"",""yes_price_dollars"":""0.5000""}"
KXBTC15M-26APR271830-30,9c059589-c4b6-4bd1-220b-a2870325b93c,1777328107,0.52,26.0,no,"{""count_fp"":""26.00"",""created_time"":""2026-04-27T22:15:07.353531Z"",""no_price_dollars"":""0.4800"",""taker_side"":""no"",""ticker"":""KXBTC15M-26APR271830-30"",""trade_id"":""9c059589-c4b6-4bd1-220b-a2870325b93c"",""yes_price_dollars"":""0.5200""}"
KXBTC15M-26APR271830-30,65a1e6ea-fd83-4bb9-04c2-80f552cfad5c,1777328107,0.52,16.36,no,"{""count_fp"":""16.36"",""created_time"":""2026-04-27T22:15:07.353531Z"",""no_price_dollars"":""0.4800"",""taker_side"":""no"",""ticker"":""KXBTC15M-26APR271830-30"",""trade_id"":""65a1e6ea-fd83-4bb9-04c2-80f552cfad5c"",""yes_price_dollars"":""0.5200""}"
KXBTC15M-26APR271830-30,4d147cbe-60a3-445c-394d-57304da78959,1777328107,0.5,1.0,no,"{""count_fp"":""1.00"",""created_time"":""2026-04-27T22:15:07.353531Z"",""no_price_dollars"":""0.5000"",""taker_side"":""no"",""ticker"":""KXBTC15M-26APR271830-30"",""trade_id"":""4d147cbe-60a3-445c-394d-57304da78959"",""yes_price_dollars"":""0.5000""}"
KXBTC15M-26APR271830-30,4923386f-02c5-4060-1be4-5c9302e9529d,1777328107,0.5,150.0,no,"{""count_fp"":""150.00"",""created_time"":""2026-04-27T22:15:07.353531Z"",""no_price_dollars"":""0.5000"",""taker_side"":""no"",""ticker"":""KXBTC15M-26APR271830-30"",""trade_id"":""4923386f-02c5-4060-1be4-5c9302e9529d"",""yes_price_dollars"":""0.5000""}"
KXBTC15M-26APR271830-30,2e5058ed-a9a9-4cc0-30ec-7ee7be9f10e4,1777328107,0.51,1.06,no,"{""count_fp"":""1.06"",""created_time"":""2026-04-27T22:15:07.353531Z"",""no_price_dollars"":""0.4900"",""taker_side"":""no"",""ticker"":""KXBTC15M-26APR271830-30"",""trade_id"":""2e5058ed-a9a9-4cc0-30ec-7ee7be9f10e4"",""yes_price_dollars"":""0.5100""}"
KXBTC15M-26APR271830-30,2b8c16ed-aa88-4370-0c15-56209e459736,1777328107,0.51,65.0,no,"{""count_fp"":""65.00"",""created_time"":""2026-04-27T22:15:07.353531Z"",""no_price_dollars"":""0.4900"",""taker_side"":""no"",""ticker"":""KXBTC15M-26APR271830-30"",""trade_id"":""2b8c16ed-aa88-4370-0c15-56209e459736"",""yes_price_dollars"":""0.5100""}"
KXBTC15M-26APR271830-30,1e2574b1-af75-40b8-2580-1ceff4eca45e,1777328107,0.49,71.74,no,"{""count_fp"":""71.74"",""created_time"":""2026-04-27T22:15:07.353531Z"",""no_price_dollars"":""0.5100"",""taker_side"":""no"",""ticker"":""KXBTC15M-26APR271830-30"",""trade_id"":""1e2574b1-af75-40b8-2580-1ceff4eca45e"",""yes_price_dollars"":""0.4900""}"
KXBTC15M-26APR271830-30,18d726cf-db12-424e-b521-32111aae6a45,1777328107,0.53,10.0,no,"{""count_fp"":""10.00"",""created_time"":""2026-04-27T22:15:07.216366Z"",""no_price_dollars"":""0.4700"",""taker_side"":""no"",""ticker"":""KXBTC15M-26APR271830-30"",""trade_id"":""18d726cf-db12-424e-b521-32111aae6a45"",""yes_price_dollars"":""0.5300""}"
KXBTC15M-26APR271830-30,083d5545-d767-4081-a5a9-62b2535b5970,1777328107,0.52,0.05,no,"{""count_fp"":""0.05"",""created_time"":""2026-04-27T22:15:07.216366Z"",""no_price_dollars"":""0.4800"",""taker_side"":""no"",""ticker"":""KXBTC15M-26APR271830-30"",""trade_id"":""083d5545-d767-4081-a5a9-62b2535b5970"",""yes_price_dollars"":""0.5200""}"
KXBTC15M-26APR271830-30,ed727b0d-f512-7b2c-817a-f98c302b88e3,1777328107,0.54,66.0,yes,"{""count_fp"":""66.00"",""created_time"":""2026-04-27T22:15:07.013712Z"",""no_price_dollars"":""0.4600"",""taker_side"":""yes"",""ticker"":""KXBTC15M-26APR271830-30"",""trade_id"":""ed727b0d-f512-7b2c-817a-f98c302b88e3"",""yes_price_dollars"":""0.5400""}"
KXBTC15M-26APR271830-30,914d9dcb-1b4a-781d-b984-ef462ac2fcef,1777328107,0.54,10.0,yes,"{""count_fp"":""10.00"",""created_time"":""2026-04-27T22:15:07.013712Z"",""no_price_dollars"":""0.4600"",""taker_side"":""yes"",""ticker"":""KXBTC15M-26APR271830-30"",""trade_id"":""914d9dcb-1b4a-781d-b984-ef462ac2fcef"",""yes_price_dollars"":""0.5400""}"
KXBTC15M-26APR271830-30,df6c3381-57e2-6c27-968f-0044d6ce32e0,1777328108,0.54,6.0,yes,"{""count_fp"":""6.00"",""created_time"":""2026-04-27T22:15:08.715281Z"",""no_price_dollars"":""0.4600"",""taker_side"":""yes"",""ticker"":""KXBTC15M-26APR271830-30"",""trade_id"":""df6c3381-57e2-6c27-968f-0044d6ce32e0"",""yes_price_dollars"":""0.5400""}"
KXBTC15M-26APR271830-30,1c42cb83-554e-41db-b9a7-9cdeeebba958,1777328108,0.54,7.0,yes,"{""count_fp"":""7.00"",""created_time"":""2026-04-27T22:15:08.290866Z"",""no_price_dollars"":""0.4600"",""taker_side"":""yes"",""ticker"":""KXBTC15M-26APR271830-30"",""trade_id"":""1c42cb83-554e-41db-b9a7-9cdeeebba958"",""yes_price_dollars"":""0.5400""}"
KXBTC15M-26APR271830-30,7b4ac831-e506-60a3-257b-4225b5703768,1777328108,0.54,7.0,yes,"{""count_fp"":""7.00"",""created_time"":""2026-04-27T22:15:08.085428Z"",""no_price_dollars"":""0.4600"",""taker_side"":""yes"",""ticker"":""KXBTC15M-26APR271830-30"",""trade_id"":""7b4ac831-e506-60a3-257b-4225b5703768"",""yes_price_dollars"":""0.5400""}"
KXBTC15M-26APR271830-30,33bb93fe-23ba-5e80-6d9e-3f90dc076509,1777328109,0.52,7.0,yes,"{""count_fp"":""7.00"",""created_time"":""2026-04-27T22:15:09.795003Z"",""no_price_dollars"":""0.4800"",""taker_side"":""yes"",""ticker"":""KXBTC15M-26APR271830-30"",""trade_id"":""33bb93fe-23ba-5e80-6d9e-3f90dc076509"",""yes_price_dollars"":""0.5200""}"
KXBTC15M-26APR271830-30,fbec0ab1-a0ad-55a6-937d-582c2df9ede4,1777328109,0.51,13.52,no,"{""count_fp"":""13.52"",""created_time"":""2026-04-27T22:15:09.733181Z"",""no_price_dollars"":""0.4900"",""taker_side"":""no"",""ticker"":""KXBTC15M-26APR271830-30"",""trade_id"":""fbec0ab1-a0ad-55a6-937d-582c2df9ede4"",""yes_price_dollars"":""0.5100""}"
KXBTC15M-26APR271830-30,93ca6fae-f6a6-5e6c-026f-a73addab6781,1777328109,0.52,6.0,yes,"{""count_fp"":""6.00"",""created_time"":""2026-04-27T22:15:09.581165Z"",""no_price_dollars"":""0.4800"",""taker_side"":""yes"",""ticker"":""KXBTC15M-26APR271830-30"",""trade_id"":""93ca6fae-f6a6-5e6c-026f-a73addab6781"",""yes_price_dollars"":""0.5200""}"
KXBTC15M-26APR271830-30,d1dae479-da8a-7a50-fb72-5814ee95c9cd,1777328109,0.52,30.0,yes,"{""count_fp"":""30.00"",""created_time"":""2026-04-27T22:15:09.565622Z"",""no_price_dollars"":""0.4800"",""taker_side"":""yes"",""ticker"":""KXBTC15M-26APR271830-30"",""trade_id"":""d1dae479-da8a-7a50-fb72-5814ee95c9cd"",""yes_price_dollars"":""0.5200""}"
KXBTC15M-26APR271830-30,c38a4278-1c16-4d2c-8ad1-85b1a465c0bd,1777328109,0.52,6.0,yes,"{""count_fp"":""6.00"",""created_time"":""2026-04-27T22:15:09.358375Z"",""no_price_dollars"":""0.4800"",""taker_side"":""yes"",""ticker"":""KXBTC15M-26APR271830-30"",""trade_id"":""c38a4278-1c16-4d2c-8ad1-85b1a465c0bd"",""yes_price_dollars"":""0.5200""}"
KXBTC15M-26APR271830-30,96858b8d-c502-7e9b-ddb9-276c12214270,1777328109,0.54,7.0,yes,"{""count_fp"":""7.00"",""created_time"":""2026-04-27T22:15:09.152818Z"",""no_price_dollars"":""0.4600"",""taker_side"":""yes"",""ticker"":""KXBTC15M-26APR271830-30"",""trade_id"":""96858b8d-c502-7e9b-ddb9-276c12214270"",""yes_price_dollars"":""0.5400""}"
KXBTC15M-26APR271830-30,78669f37-22ca-6a41-d75d-2850b30caf24,1777328110,0.55,18.64,no,"{""count_fp"":""18.64"",""created_time"":""2026-04-27T22:15:10.854434Z"",""no_price_dollars"":""0.4500"",""taker_side"":""no"",""ticker"":""KXBTC15M-26APR271830-30"",""trade_id"":""78669f37-22ca-6a41-d75d-2850b30caf24"",""yes_price_dollars"":""0.5500""}"
KXBTC15M-26APR271830-30,61d2bb73-d1f9-659e-eb7f-e2b22b18fa5c,1777328110,0.55,3.0,no,"{""count_fp"":""3.00"",""created_time"":""2026-04-27T22:15:10.854434Z"",""no_price_dollars"":""0.4500"",""taker_side"":""no"",""ticker"":""KXBTC15M-26APR271830-30"",""trade_id"":""61d2bb73-d1f9-659e-eb7f-e2b22b18fa5c"",""yes_price_dollars"":""0.5500""}"
KXBTC15M-26APR271830-30,d2dbdf6d-700b-7f01-d369-524877d92f64,1777328110,0.51,11.19,no,"{""count_fp"":""11.19"",""created_time"":""2026-04-27T22:15:10.464997Z"",""no_price_dollars"":""0.4900"",""taker_side"":""no"",""ticker"":""KXBTC15M-26APR271830-30"",""trade_id"":""d2dbdf6d-700b-7f01-d369-524877d92f64"",""yes_price_dollars"":""0.5100""}"
KXBTC15M-26APR271830-30,bbf874dc-3349-71fe-f12f-64af25fa93a8,1777328110,0.51,5.48,no,"{""count_fp"":""5.48"",""created_time"":""2026-04-27T22:15:10.464997Z"",""no_price_dollars"":""0.4900"",""taker_side"":""no"",""ticker"":""KXBTC15M-26APR271830-30"",""trade_id"":""bbf874dc-3349-71fe-f12f-64af25fa93a8"",""yes_price_dollars"":""0.5100""}"
KXBTC15M-26APR271830-30,4f860288-ba82-78e5-e3f7-5dc0d43604ea,1777328110,0.54,3.0,no,"{""count_fp"":""3.00"",""created_time"":""2026-04-27T22:15:10.464997Z"",""no_price_dollars"":""0.4600"",""taker_side"":""no"",""ticker"":""KXBTC15M-26APR271830-30"",""trade_id"":""4f860288-ba82-78e5-e3f7-5dc0d43604ea"",""yes_price_dollars"":""0.5400""}"
KXBTC15M-26APR271830-30,fd341ab4-fcd6-4ab3-200d-1e34463b8258,1777328110,0.52,25.74,yes,"{""count_fp"":""25.74"",""created_time"":""2026-04-27T22:15:10.029105Z"",""no_price_dollars"":""0.4800"",""taker_side"":""yes"",""ticker"":""KXBTC15M-26APR271830-30"",""trade_id"":""fd341ab4-fcd6-4ab3-200d-1e34463b8258"",""yes_price_dollars"":""0.5200""}"
KXBTC15M-26APR271830-30,0c2db90c-7d12-4814-0127-9a6100f39b61,1777328110,0.52,245.0,yes,"{""count_fp"":""245.00"",""created_time"":""2026-04-27T22:15:10.029105Z"",""no_price_dollars"":""0.4800"",""taker_side"":""yes"",""ticker"":""KXBTC15M-26APR271830-30"",""trade_id"":""0c2db90c-7d12-4814-0127-9a6100f39b61"",""yes_price_dollars"":""0.5200""}"
KXBTC15M-26APR271830-30,694cd527-1be6-68f0-2f87-b808fb592155,1777328110,0.52,6.0,yes,"{""count_fp"":""6.00"",""created_time"":""2026-04-27T22:15:10.001598Z"",""no_price_dollars"":""0.4800"",""taker_side"":""yes"",""ticker"":""KXBTC15M-26APR271830-30"",""trade_id"":""694cd527-1be6-68f0-2f87-b808fb592155"",""yes_price_dollars"":""0.5200""}"
KXBTC15M-26APR271830-30,f4904457-5066-4f31-6a58-ff3f76b89980,1777328111,0.55,1.0,no,"{""count_fp"":""1.00"",""created_time"":""2026-04-27T22:15:11.426413Z"",""no_price_dollars"":""0.4500"",""taker_side"":""no"",""ticker"":""KXBTC15M-26APR271830-30"",""trade_id"":""f4904457-5066-4f31-6a58-ff3f76b89980"",""yes_price_dollars"":""0.5500""}"
KXBTC15M-26APR271830-30,547379c4-4fd7-725e-ce4c-c8da4bacc08d,1777328111,0.56,2.0,yes,"{""count_fp"":""2.00"",""created_time"":""2026-04-27T22:15:11.340611Z"",""no_price_dollars"":""0.4400"",""taker_side"":""yes"",""ticker"":""KXBTC15M-26APR271830-30"",""trade_id"":""547379c4-4fd7-725e-ce4c-c8da4bacc08d"",""yes_price_dollars"":""0.5600""}"
KXBTC15M-26APR271830-30,c8c53719-f29e-5069-8b2c-ad0a6342bfec,1777328111,0.55,9.0,no,"{""count_fp"":""9.00"",""created_time"":""2026-04-27T22:15:11.056864Z"",""no_price_dollars"":""0.4500"",""taker_side"":""no"",""ticker"":""KXBTC15M-26APR271830-30"",""trade_id"":""c8c53719-f29e-5069-8b2c-ad0a6342bfec"",""yes_price_dollars"":""0.5500""}"
KXBTC15M-26APR271830-30,83db40a6-4a6a-6165-74df-47998c6a7980,1777328112,0.55,29.83,no,"{""count_fp"":""29.83"",""created_time"":""2026-04-27T22:15:12.653907Z"",""no_price_dollars"":""0.4500"",""taker_side"":""no"",""ticker"":""KXBTC15M-26APR271830-30"",""trade_id"":""83db40a6-4a6a-6165-74df-47998c6a7980"",""yes_price_dollars"":""0.5500""}"
KXBTC15M-26APR271830-30,54e214b9-5bf7-7a56-23d3-75d3c4e6109d,1777328112,0.56,1.73,yes,"{""count_fp"":""1.73"",""created_time"":""2026-04-27T22:15:12.441305Z"",""no_price_dollars"":""0.4400"",""taker_side"":""yes"",""ticker"":""KXBTC15M-26APR271830-30"",""trade_id"":""54e214b9-5bf7-7a56-23d3-75d3c4e6109d"",""yes_price_dollars"":""0.5600""}"
KXBTC15M-26APR271830-30,495218cf-8c2a-5769-023b-9411a30d31b4,1777328112,0.55,5.68,no,"{""count_fp"":""5.68"",""created_time"":""2026-04-27T22:15:12.292157Z"",""no_price_dollars"":""0.4500"",""taker_side"":""no"",""ticker"":""KXBTC15M-26APR271830-30"",""trade_id"":""495218cf-8c2a-5769-023b-9411a30d31b4"",""yes_price_dollars"":""0.5500""}"
KXBTC15M-26APR271830-30,ca4f672d-7fb6-5e81-be34-eee2376a9ebc,1777328113,0.55,106.99,no,"{""count_fp"":""106.99"",""created_time"":""2026-04-27T22:15:13.677018Z"",""no_price_dollars"":""0.4500"",""taker_side"":""no"",""ticker"":""KXBTC15M-26APR271830-30"",""trade_id"":""ca4f672d-7fb6-5e81-be34-eee2376a9ebc"",""yes_price_dollars"":""0.5500""}"
KXBTC15M-26APR271830-30,f71d450a-c49e-6e7e-b5cd-264be7c5cd7d,1777328114,0.56,3.0,yes,"{""count_fp"":""3.00"",""created_time"":""2026-04-27T22:15:14.965517Z"",""no_price_dollars"":""0.4400"",""taker_side"":""yes"",""ticker"":""KXBTC15M-26APR271830-30"",""trade_id"":""f71d450a-c49e-6e7e-b5cd-264be7c5cd7d"",""yes_price_dollars"":""0.5600""}"
KXBTC15M-26APR271830-30,f69987cd-0e0a-6418-88a1-6e689cf736f3,1777328114,0.56,40.0,yes,"{""count_fp"":""40.00"",""created_time"":""2026-04-27T22:15:14.965517Z"",""no_price_dollars"":""0.4400"",""taker_side"":""yes"",""ticker"":""KXBTC15M-26APR271830-30"",""trade_id"":""f69987cd-0e0a-6418-88a1-6e689cf736f3"",""yes_price_dollars"":""0.5600""}"
KXBTC15M-26APR271830-30,dd76021f-40c3-6e82-adea-72f849db6a79,1777328114,0.56,27.69,yes,"{""count_fp"":""27.69"",""created_time"":""2026-04-27T22:15:14.965517Z"",""no_price_dollars"":""0.4400"",""taker_side"":""yes"",""ticker"":""KXBTC15M-26APR271830-30"",""trade_id"":""dd76021f-40c3-6e82-adea-72f849db6a79"",""yes_price_dollars"":""0.5600""}"
KXBTC15M-26APR271830-30,84559a5a-5cda-6a76-97d2-553319f273c4,1777328114,0.56,10.0,yes,"{""count_fp"":""10.00"",""created_time"":""2026-04-27T22:15:14.965517Z"",""no_price_dollars"":""0.4400"",""taker_side"":""yes"",""ticker"":""KXBTC15M-26APR271830-30"",""trade_id"":""84559a5a-5cda-6a76-97d2-553319f273c4"",""yes_price_dollars"":""0.5600""}"
KXBTC15M-26APR271830-30,55b31a0b-8f7f-6fa2-8702-5e390c8eeaaf,1777328114,0.57,5.89,yes,"{""count_fp"":""5.89"",""created_time"":""2026-04-27T22:15:14.965517Z"",""no_price_dollars"":""0.4300"",""taker_side"":""yes"",""ticker"":""KXBTC15M-26APR271830-30"",""trade_id"":""55b31a0b-8f7f-6fa2-8702-5e390c8eeaaf"",""yes_price_dollars"":""0.5700""}"
KXBTC15M-26APR271830-30,a5b11a2f-558a-67fd-a7b7-1dfbdc1b21b4,1777328114,0.55,53.49,no,"{""count_fp"":""53.49"",""created_time"":""2026-04-27T22:15:14.555559Z"",""no_price_dollars"":""0.4500"",""taker_side"":""no"",""ticker"":""KXBTC15M-26APR271830-30"",""trade_id"":""a5b11a2f-558a-67fd-a7b7-1dfbdc1b21b4"",""yes_price_dollars"":""0.5500""}"
KXBTC15M-26APR271830-30,096a071d-3e90-5ba2-dc60-54d7d4ced3bb,1777328115,0.55,8.0,yes,"{""count_fp"":""8.00"",""created_time"":""2026-04-27T22:15:15.658403Z"",""no_price_dollars"":""0.4500"",""taker_side"":""yes"",""ticker"":""KXBTC15M-26APR271830-30"",""trade_id"":""096a071d-3e90-5ba2-dc60-54d7d4ced3bb"",""yes_price_dollars"":""0.5500""}"
KXBTC15M-26APR271830-30,74effc63-e18a-61d5-23f7-564af8394b77,1777328115,0.56,10.39,yes,"{""count_fp"":""10.39"",""created_time"":""2026-04-27T22:15:15.619395Z"",""no_price_dollars"":""0.4400"",""taker_side"":""yes"",""ticker"":""KXBTC15M-26APR271830-30"",""trade_id"":""74effc63-e18a-61d5-23f7-564af8394b77"",""yes_price_dollars"":""0.5600""}"
KXBTC15M-26APR271830-30,ee70fa22-c192-559b-6f1f-7d85f5cc9740,1777328115,0.54,433.92,no,"{""count_fp"":""433.92"",""created_time"":""2026-04-27T22:15:15.617549Z"",""no_price_dollars"":""0.4600"",""taker_side"":""no"",""ticker"":""KXBTC15M-26APR271830-30"",""trade_id"":""ee70fa22-c192-559b-6f1f-7d85f5cc9740"",""yes_price_dollars"":""0.5400""}"
KXBTC15M-26APR271830-30,e2f0ded0-31e1-5d39-7d73-30589f80bf5a,1777328115,0.54,56.0,no,"{""count_fp"":""56.00"",""created_time"":""2026-04-27T22:15:15.617549Z"",""no_price_dollars"":""0.4600"",""taker_side"":""no"",""ticker"":""KXBTC15M-26APR271830-30"",""trade_id"":""e2f0ded0-31e1-5d39-7d73-30589f80bf5a"",""yes_price_dollars"":""0.5400""}"
KXBTC15M-26APR271830-30,cd8d188d-e72c-567f-5647-0ea1073bdde5,1777328115,0.55,40.0,no,"{""count_fp"":""40.00"",""created_time"":""2026-04-27T22:15:15.617549Z"",""no_price_dollars"":""0.4500"",""taker_side"":""no"",""ticker"":""KXBTC15M-26APR271830-30"",""trade_id"":""cd8d188d-e72c-567f-5647-0ea1073bdde5"",""yes_price_dollars"":""0.5500""}"
KXBTC15M-26APR271830-30,bcca321f-6794-56ad-7841-4f0cd7dee5cd,1777328115,0.55,14.0,no,"{""count_fp"":""14.00"",""created_time"":""2026-04-27T22:15:15.617549Z"",""no_price_dollars"":""0.4500"",""taker_side"":""no"",""ticker"":""KXBTC15M-26APR271830-30"",""trade_id"":""bcca321f-6794-56ad-7841-4f0cd7dee5cd"",""yes_price_dollars"":""0.5500""}"
KXBTC15M-26APR271830-30,2937a8bb-abb0-5656-49dc-6bd3047d6293,1777328115,0.55,9.0,no,"{""count_fp"":""9.00"",""created_time"":""2026-04-27T22:15:15.617549Z"",""no_price_dollars"":""0.4500"",""taker_side"":""no"",""ticker"":""KXBTC15M-26APR271830-30"",""trade_id"":""2937a8bb-abb0-5656-49dc-6bd3047d6293"",""yes_price_dollars"":""0.5500""}"
KXBTC15M-26APR271830-30,1d58f27f-37a4-50a9-40db-37fc2b715691,1777328115,0.55,400.0,no,"{""count_fp"":""400.00"",""created_time"":""2026-04-27T22:15:15.617549Z"",""no_price_dollars"":""0.4500"",""taker_side"":""no"",""ticker"":""KXBTC15M-26APR271830-30"",""trade_id"":""1d58f27f-37a4-50a9-40db-37fc2b715691"",""yes_price_dollars"":""0.5500""}"
KXBTC15M-26APR271830-30,1a3fde7a-533a-5fa0-7a92-d884ab56a145,1777328115,0.54,40.0,no,"{""count_fp"":""40.00"",""created_time"":""2026-04-27T22:15:15.617549Z"",""no_price_dollars"":""0.4600"",""taker_side"":""no"",""ticker"":""KXBTC15M-26APR271830-30"",""trade_id"":""1a3fde7a-533a-5fa0-7a92-d884ab56a145"",""yes_price_dollars"":""0.5400""}"
KXBTC15M-26APR271830-30,ab5aa6fd-5862-684d-0369-4bd66bcaa257,1777328115,0.56,17.3,yes,"{""count_fp"":""17.30"",""created_time"":""2026-04-27T22:15:15.609529Z"",""no_price_dollars"":""0.4400"",""taker_side"":""yes"",""ticker"":""KXBTC15M-26APR271830-30"",""trade_id"":""ab5aa6fd-5862-684d-0369-4bd66bcaa257"",""yes_price_dollars"":""0.5600""}"
KXBTC15M-26APR271830-30,69100d6f-6f42-69b1-e5bf-6a0b736f1feb,1777328115,0.56,0.35,yes,"{""count_fp"":""0.35"",""created_time"":""2026-04-27T22:15:15.547894Z"",""no_price_dollars"":""0.4400"",""taker_side"":""yes"",""ticker"":""KXBTC15M-26APR271830-30"",""trade_id"":""69100d6f-6f42-69b1-e5bf-6a0b736f1feb"",""yes_price_dollars"":""0.5600""}"
KXBTC15M-26APR271830-30,ae4d028a-08b4-5051-78eb-3fd6130eee6d,1777328115,0.55,1.0,no,"{""count_fp"":""1.00"",""created_time"":""2026-04-27T22:15:15.226715Z"",""no_price_dollars"":""0.4500"",""taker_side"":""no"",""ticker"":""KXBTC15M-26APR271830-30"",""trade_id"":""ae4d028a-08b4-5051-78eb-3fd6130eee6d"",""yes_price_dollars"":""0.5500""}"
KXBTC15M-26APR271830-30,c499c9e6-3280-51ad-1918-b087e1c6dd4f,1777328115,0.56,5.15,yes,"{""count_fp"":""5.15"",""created_time"":""2026-04-27T22:15:15.198054Z"",""no_price_dollars"":""0.4400"",""taker_side"":""yes"",""ticker"":""KXBTC15M-26APR271830-30"",""trade_id"":""c499c9e6-3280-51ad-1918-b087e1c6dd4f"",""yes_price_dollars"":""0.5600""}"
KXBTC15M-26APR271830-30,e09a350d-f9f8-5d55-ad57-7a8e2e52736f,1777328115,0.56,8.0,yes,"{""count_fp"":""8.00"",""created_time"":""2026-04-27T22:15:15.156401Z"",""no_price_dollars"":""0.4400"",""taker_side"":""yes"",""ticker"":""KXBTC15M-26APR271830-30"",""trade_id"":""e09a350d-f9f8-5d55-ad57-7a8e2e52736f"",""yes_price_dollars"":""0.5600""}"
KXBTC15M-26APR271830-30,f3bf5659-aa98-45b5-add8-fc613d9a7bf7,1777328115,0.56,26.85,yes,"{""count_fp"":""26.85"",""created_time"":""2026-04-27T22:15:15.051013Z"",""no_price_dollars"":""0.4400"",""taker_side"":""yes"",""ticker"":""KXBTC15M-26APR271830-30"",""trade_id"":""f3bf5659-aa98-45b5-add8-fc613d9a7bf7"",""yes_price_dollars"":""0.5600""}"
KXBTC15M-26APR271830-30,d30670aa-0bdd-7080-ad65-1783c5e4f2b2,1777328117,0.56,8.18,no,"{""count_fp"":""8.18"",""created_time"":""2026-04-27T22:15:17.846524Z"",""no_price_dollars"":""0.4400"",""taker_side"":""no"",""ticker"":""KXBTC15M-26APR271830-30"",""trade_id"":""d30670aa-0bdd-7080-ad65-1783c5e4f2b2"",""yes_price_dollars"":""0.5600""}"
KXBTC15M-26APR271830-30,4720e436-b837-7589-b374-b32800dfbcfa,1777328117,0.56,31.82,no,"{""count_fp"":""31.82"",""created_time"":""2026-04-27T22:15:17.846524Z"",""no_price_dollars"":""0.4400"",""taker_side"":""no"",""ticker"":""KXBTC15M-26APR271830-30"",""trade_id"":""4720e436-b837-7589-b374-b32800dfbcfa"",""yes_price_dollars"":""0.5600""}"
KXBTC15M-26APR271830-30,00c5c35e-96eb-473d-6e5c-940bd5f269b6,1777328117,0.56,4.18,no,"{""count_fp"":""4.18"",""created_time"":""2026-04-27T22:15:17.474779Z"",""no_price_dollars"":""0.4400"",""taker_side"":""no"",""ticker"":""KXBTC15M-26APR271830-30"",""trade_id"":""00c5c35e-96eb-473d-6e5c-940bd5f269b6"",""yes_price_dollars"":""0.5600""}"
KXBTC15M-26APR271830-30,d332a7dd-2aaf-662c-103f-059a23eb1c5d,1777328117,0.56,38.45,yes,"{""count_fp"":""38.45"",""created_time"":""2026-04-27T22:15:17.367603Z"",""no_price_dollars"":""0.4400"",""taker_side"":""yes"",""ticker"":""KXBTC15M-26APR271830-30"",""trade_id"":""d332a7dd-2aaf-662c-103f-059a23eb1c5d"",""yes_price_dollars"":""0.5600""}"
KXBTC15M-26APR271830-30,8b4e42f3-b003-6600-37d1-835127d8c9ac,1777328117,0.58,6.58,yes,"{""count_fp"":""6.58"",""created_time"":""2026-04-27T22:15:17.367603Z"",""no_price_dollars"":""0.4200"",""taker_side"":""yes"",""ticker"":""KXBTC15M-26APR271830-30"",""trade_id"":""8b4e42f3-b003-6600-37d1-835127d8c9ac"",""yes_price_dollars"":""0.5800""}"
KXBTC15M-26APR271830-30,80539875-78a8-6daf-38d1-b4c03969a55f,1777328117,0.57,40.0,yes,"{""count_fp"":""40.00"",""created_time"":""2026-04-27T22:15:17.367603Z"",""no_price_dollars"":""0.4300"",""taker_side"":""yes"",""ticker"":""KXBTC15M-26APR271830-30"",""trade_id"":""80539875-78a8-6daf-38d1-b4c03969a55f"",""yes_price_dollars"":""0.5700""}"
KXBTC15M-26APR271830-30,ed998010-f354-540e-d621-410774f03c01,1777328117,0.58,55.0,yes,"{""count_fp"":""55.00"",""created_time"":""2026-04-27T22:15:17.249299Z"",""no_price_dollars"":""0.4200"",""taker_side"":""yes"",""ticker"":""KXBTC15M-26APR271830-30"",""trade_id"":""ed998010-f354-540e-d621-410774f03c01"",""yes_price_dollars"":""0.5800""}"
KXBTC15M-26APR271830-30,b10116bb-b4f3-557c-c6e2-ce905bbe452c,1777328117,0.58,1.43,yes,"{""count_fp"":""1.43"",""created_time"":""2026-04-27T22:15:17.249299Z"",""no_price_dollars"":""0.4200"",""taker_side"":""yes"",""ticker"":""KXBTC15M-26APR271830-30"",""trade_id"":""b10116bb-b4f3-557c-c6e2-ce905bbe452c"",""yes_price_dollars"":""0.5800""}"
KXBTC15M-26APR271830-30,a9b7cb7d-06bb-5666-c06c-c7b58d6a4267,1777328117,0.57,34.11,yes,"{""count_fp"":""34.11"",""created_time"":""2026-04-27T22:15:17.249299Z"",""no_price_dollars"":""0.4300"",""taker_side"":""yes"",""ticker"":""KXBTC15M-26APR271830-30"",""trade_id"":""a9b7cb7d-06bb-5666-c06c-c7b58d6a4267"",""yes_price_dollars"":""0.5700""}"
KXBTC15M-26APR271830-30,9a9360b3-94c2-562d-de84-c38ef5d0bd13,1777328117,0.56,11.96,yes,"{""count_fp"":""11.96"",""created_time"":""2026-04-27T22:15:17.249299Z"",""no_price_dollars"":""0.4400"",""taker_side"":""yes"",""ticker"":""KXBTC15M-26APR271830-30"",""trade_id"":""9a9360b3-94c2-562d-de84-c38ef5d0bd13"",""yes_price_dollars"":""0.5600""}"
KXBTC15M-26APR271830-30,90d1e1d0-d3db-5572-ce2f-1837e723bf57,1777328117,0.55,22.0,yes,"{""count_fp"":""22.00"",""created_time"":""2026-04-27T22:15:17.249299Z"",""no_price_dollars"":""0.4500"",""taker_side"":""yes"",""ticker"":""KXBTC15M-26APR271830-30"",""trade_id"":""90d1e1d0-d3db-5572-ce2f-1837e723bf57"",""yes_price_dollars"":""0.5500""}"
KXBTC15M-26APR271830-30,7cac1f58-b9a4-5eb8-f69a-aff3ca2ad81d,1777328117,0.57,400.0,yes,"{""count_fp"":""400.00"",""created_time"":""2026-04-27T22:15:17.249299Z"",""no_price_dollars"":""0.4300"",""taker_side"":""yes"",""ticker"":""KXBTC15M-26APR271830-30"",""trade_id"":""7cac1f58-b9a4-5eb8-f69a-aff3ca2ad81d"",""yes_price_dollars"":""0.5700""}"
KXBTC15M-26APR271830-30,5336a044-77d3-589c-c2cf-3c93ec856d58,1777328117,0.57,3.0,yes,"{""count_fp"":""3.00"",""created_time"":""2026-04-27T22:15:17.249299Z"",""no_price_dollars"":""0.4300"",""taker_side"":""yes"",""ticker"":""KXBTC15M-26APR271830-30"",""trade_id"":""5336a044-77d3-589c-c2cf-3c93ec856d58"",""yes_price_dollars"":""0.5700""}"
KXBTC15M-26APR271830-30,4d560348-96e8-5802-c81e-3985e5cf4cbb,1777328117,0.57,10.0,yes,"{""count_fp"":""10.00"",""created_time"":""2026-04-27T22:15:17.249299Z"",""no_price_dollars"":""0.4300"",""taker_side"":""yes"",""ticker"":""KXBTC15M-26APR271830-30"",""trade_id"":""4d560348-96e8-5802-c81e-3985e5cf4cbb"",""yes_price_dollars"":""0.5700""}"
KXBTC15M-26APR271830-30,375e9d85-52d3-5b39-e13b-0a4c28d5c9bb,1777328117,0.57,112.0,yes,"{""count_fp"":""112.00"",""created_time"":""2026-04-27T22:15:17.249299Z"",""no_price_dollars"":""0.4300"",""taker_side"":""yes"",""ticker"":""KXBTC15M-26APR271830-30"",""trade_id"":""375e9d85-52d3-5b39-e13b-0a4c28d5c9bb"",""yes_price_dollars"":""0.5700""}"
KXBTC15M-26APR271830-30,1fc0ec47-81ae-5dbe-ef95-81955ce57392,1777328117,0.57,5.0,yes,"{""count_fp"":""5.00"",""created_time"":""2026-04-27T22:15:17.249299Z"",""no_price_dollars"":""0.4300"",""taker_side"":""yes"",""ticker"":""KXBTC15M-26APR271830-30"",""trade_id"":""1fc0ec47-81ae-5dbe-ef95-81955ce57392"",""yes_price_dollars"":""0.5700""}"
KXBTC15M-26APR271830-30,e72dee8b-54a6-7b97-f3dd-446233bf2198,1777328118,0.57,9.63,yes,"{""count_fp"":""9.63"",""created_time"":""2026-04-27T22:15:18.974285Z"",""no_price_dollars"":""0.4300"",""taker_side"":""yes"",""ticker"":""KXBTC15M-26APR271830-30"",""trade_id"":""e72dee8b-54a6-7b97-f3dd-446233bf2198"",""yes_price_dollars"":""0.5700""}"
KXBTC15M-26APR271830-30,d8f3efee-956d-7cd1-faf0-21bd20c45e54,1777328118,0.56,3.0,yes,"{""count_fp"":""3.00"",""created_time"":""2026-04-27T22:15:18.974285Z"",""no_price_dollars"":""0.4400"",""taker_side"":""yes"",""ticker"":""KXBTC15M-26APR271830-30"",""trade_id"":""d8f3efee-956d-7cd1-faf0-21bd20c45e54"",""yes_price_dollars"":""0.5600""}"
KXBTC15M-26APR271830-30,1fc6e069-db83-7208-c045-c665d921f77e,1777328118,0.56,40.0,yes,"{""count_fp"":""40.00"",""created_time"":""2026-04-27T22:15:18.974285Z"",""no_price_dollars"":""0.4400"",""taker_side"":""yes"",""ticker"":""KXBTC15M-26APR271830-30"",""trade_id"":""1fc6e069-db83-7208-c045-c665d921f77e"",""yes_price_dollars"":""0.5600""}"
KXBTC15M-26APR271830-30,c0bfa7a9-f4f9-7f84-462f-66cd8d39a001,1777328118,0.55,4.11,no,"{""count_fp"":""4.11"",""created_time"":""2026-04-27T22:15:18.621825Z"",""no_price_dollars"":""0.4500"",""taker_side"":""no"",""ticker"":""KXBTC15M-26APR271830-30"",""trade_id"":""c0bfa7a9-f4f9-7f84-462f-66cd8d39a001"",""yes_price_dollars"":""0.5500""}"
KXBTC15M-26APR271830-30,1fa7422d-85d9-719a-61c9-6e77da4c681e,1777328118,0.55,62.92,no,"{""count_fp"":""62.92"",""created_time"":""2026-04-27T22:15:18.621825Z"",""no_price_dollars"":""0.4500"",""taker_side"":""no"",""ticker"":""KXBTC15M-26APR271830-30"",""trade_id"":""1fa7422d-85d9-719a-61c9-6e77da4c681e"",""yes_price_dollars"":""0.5500""}"
KXBTC15M-26APR271830-30,b983c33c-cb21-55d0-9b27-b1ff06b371a9,1777328118,0.55,1.89,no,"{""count_fp"":""1.89"",""created_time"":""2026-04-27T22:15:18.406119Z"",""no_price_dollars"":""0.4500"",""taker_side"":""no"",""ticker"":""KXBTC15M-26APR271830-30"",""trade_id"":""b983c33c-cb21-55d0-9b27-b1ff06b371a9"",""yes_price_dollars"":""0.5500""}"
KXBTC15M-26APR271830-30,94a13c66-ba60-57c8-a98f-ff3fd3dfc7e3,1777328118,0.55,40.0,no,"{""count_fp"":""40.00"",""created_time"":""2026-04-27T22:15:18.406119Z"",""no_price_dollars"":""0.4500"",""taker_side"":""no"",""ticker"":""KXBTC15M-26APR271830-30"",""trade_id"":""94a13c66-ba60-57c8-a98f-ff3fd3dfc7e3"",""yes_price_dollars"":""0.5500""}"
KXBTC15M-26APR271830-30,8577f0ad-6ef5-71e2-f0b0-8a8693060ffe,1777328118,0.56,0.91,no,"{""count_fp"":""0.91"",""created_time"":""2026-04-27T22:15:18.091814Z"",""no_price_dollars"":""0.4400"",""taker_side"":""no"",""ticker"":""KXBTC15M-26APR271830-30"",""trade_id"":""8577f0ad-6ef5-71e2-f0b0-8a8693060ffe"",""yes_price_dollars"":""0.5600""}"
KXBTC15M-26APR271830-30,39a23d78-86bd-77e8-c3e0-51224c86c252,1777328118,0.56,103.82,no,"{""count_fp"":""103.82"",""created_time"":""2026-04-27T22:15:18.091814Z"",""no_price_dollars"":""0.4400"",""taker_side"":""no"",""ticker"":""KXBTC15M-26APR271830-30"",""trade_id"":""39a23d78-86bd-77e8-c3e0-51224c86c252"",""yes_price_dollars"":""0.5600""}"
KXBTC15M-26APR271830-30,9e254ad3-160b-7728-6d62-484e9267ee8a,1777328119,0.56,82.0,no,"{""count_fp"":""82.00"",""created_time"":""2026-04-27T22:15:19.928562Z"",""no_price_dollars"":""0.4400"",""taker_side"":""no"",""ticker"":""KXBTC15M-26APR271830-30"",""trade_id"":""9e254ad3-160b-7728-6d62-484e9267ee8a"",""yes_price_dollars"":""0.5600""}"
KXBTC15M-26APR271830-30,09f3c272-eecd-7bc6-4796-10e0834c87b6,1777328119,0.56,61.36,no,"{""count_fp"":""61.36"",""created_time"":""2026-04-27T22:15:19.928562Z"",""no_price_dollars"":""0.4400"",""taker_side"":""no"",""ticker"":""KXBTC15M-26APR271830-30"",""trade_id"":""09f3c272-eecd-7bc6-4796-10e0834c87b6"",""yes_price_dollars"":""0.5600""}"
KXBTC15M-26APR271830-30,05aa5a66-afb6-5bd7-e1b1-b4c51ccb0c80,1777328119,0.57,3.39,yes,"{""count_fp"":""3.39"",""created_time"":""2026-04-27T22:15:19.928089Z"",""no_price_dollars"":""0.4300"",""taker_side"":""yes"",""ticker"":""KXBTC15M-26APR271830-30"",""trade_id"":""05aa5a66-afb6-5bd7-e1b1-b4c51ccb0c80"",""yes_price_dollars"":""0.5700""}"
KXBTC15M-26APR271830-30,9292e0a3-5711-4486-9233-7785ba9fdb7e,1777328119,0.55,4.27,no,"{""count_fp"":""4.27"",""created_time"":""2026-04-27T22:15:19.609013Z"",""no_price_dollars"":""0.4500"",""taker_side"":""no"",""ticker"":""KXBTC15M-26APR271830-30"",""trade_id"":""9292e0a3-5711-4486-9233-7785ba9fdb7e"",""yes_price_dollars"":""0.5500""}"
KXBTC15M-26APR271830-30,152f6094-4351-51b6-5478-d1b5490f9c1e,1777328119,0.55,1.0,no,"{""count_fp"":""1.00"",""created_time"":""2026-04-27T22:15:19.423649Z"",""no_price_dollars"":""0.4500"",""taker_side"":""no"",""ticker"":""KXBTC15M-26APR271830-30"",""trade_id"":""152f6094-4351-51b6-5478-d1b5490f9c1e"",""yes_price_dollars"":""0.5500""}"
KXBTC15M-26APR271830-30,26be17c5-257e-4b77-31cb-67f1c6983228,1777328119,0.57,8.0,yes,"{""count_fp"":""8.00"",""created_time"":""2026-04-27T22:15:19.291705Z"",""no_price_dollars"":""0.4300"",""taker_side"":""yes"",""ticker"":""KXBTC15M-26APR271830-30"",""trade_id"":""26be17c5-257e-4b77-31cb-67f1c6983228"",""yes_price_dollars"":""0.5700""}"
KXBTC15M-26APR271830-30,87c41882-301f-56a8-a90c-8c50696c07d8,1777328120,0.56,41.25,no,"{""count_fp"":""41.25"",""created_time"":""2026-04-27T22:15:20.897781Z"",""no_price_dollars"":""0.4400"",""taker_side"":""no"",""ticker"":""KXBTC15M-26APR271830-30"",""trade_id"":""87c41882-301f-56a8-a90c-8c50696c07d8"",""yes_price_dollars"":""0.5600""}"
KXBTC15M-26APR271830-30,5d92e097-044b-5285-82fb-3c2e5db32806,1777328120,0.56,0.85,no,"{""count_fp"":""0.85"",""created_time"":""2026-04-27T22:15:20.897781Z"",""no_price_dollars"":""0.4400"",""taker_side"":""no"",""ticker"":""KXBTC15M-26APR271830-30"",""trade_id"":""5d92e097-044b-5285-82fb-3c2e5db32806"",""yes_price_dollars"":""0.5600""}"
KXBTC15M-26APR271830-30,b4b67af1-4a93-4ba1-426d-6fc5f153d926,1777328120,0.56,0.36,no,"{""count_fp"":""0.36"",""created_time"":""2026-04-27T22:15:20.874887Z"",""no_price_dollars"":""0.4400"",""taker_side"":""no"",""ticker"":""KXBTC15M-26APR271830-30"",""trade_id"":""b4b67af1-4a93-4ba1-426d-6fc5f153d926"",""yes_price_dollars"":""0.5600""}"
KXBTC15M-26APR271830-30,33065afc-9293-5f9d-0889-1ba25a3f1c96,1777328120,0.56,38.79,no,"{""count_fp"":""38.79"",""created_time"":""2026-04-27T22:15:20.806199Z"",""no_price_dollars"":""0.4400"",""taker_side"":""no"",""ticker"":""KXBTC15M-26APR271830-30"",""trade_id"":""33065afc-9293-5f9d-0889-1ba25a3f1c96"",""yes_price_dollars"":""0.5600""}"
KXBTC15M-26APR271830-30,279b9b32-eb16-52e9-3b6c-40495a69d908,1777328120,0.56,4.0,no,"{""count_fp"":""4.00"",""created_time"":""2026-04-27T22:15:20.806199Z"",""no_price_dollars"":""0.4400"",""taker_side"":""no"",""ticker"":""KXBTC15M-26APR271830-30"",""trade_id"":""279b9b32-eb16-52e9-3b6c-40495a69d908"",""yes_price_dollars"":""0.5600""}"
KXBTC15M-26APR271830-30,15f103d1-44de-4aa4-0cc3-bb6af68f641e,1777328120,0.58,163.42,yes,"{""count_fp"":""163.42"",""created_time"":""2026-04-27T22:15:20.782075Z"",""no_price_dollars"":""0.4200"",""taker_side"":""yes"",""ticker"":""KXBTC15M-26APR271830-30"",""trade_id"":""15f103d1-44de-4aa4-0cc3-bb6af68f641e"",""yes_price_dollars"":""0.5800""}"
KXBTC15M-26APR271830-30,63cbb65e-a51a-54c3-8d75-e47a9766cfbf,1777328120,0.57,14.46,yes,"{""count_fp"":""14.46"",""created_time"":""2026-04-27T22:15:20.762504Z"",""no_price_dollars"":""0.4300"",""taker_side"":""yes"",""ticker"":""KXBTC15M-26APR271830-30"",""trade_id"":""63cbb65e-a51a-54c3-8d75-e47a9766cfbf"",""yes_price_dollars"":""0.5700""}"
KXBTC15M-26APR271830-30,64181c17-1fae-755f-66c3-5fe6c839a907,1777328120,0.57,25.54,yes,"{""count_fp"":""25.54"",""created_time"":""2026-04-27T22:15:20.698106Z"",""no_price_dollars"":""0.4300"",""taker_side"":""yes"",""ticker"":""KXBTC15M-26APR271830-30"",""trade_id"":""64181c17-1fae-755f-66c3-5fe6c839a907"",""yes_price_dollars"":""0.5700""}"
KXBTC15M-26APR271830-30,feb1bbee-81e4-66cf-9144-ab9b82d6d9fe,1777328120,0.57,112.0,yes,"{""count_fp"":""112.00"",""created_time"":""2026-04-27T22:15:20.642586Z"",""no_price_dollars"":""0.4300"",""taker_side"":""yes"",""ticker"":""KXBTC15M-26APR271830-30"",""trade_id"":""feb1bbee-81e4-66cf-9144-ab9b82d6d9fe"",""yes_price_dollars"":""0.5700""}"
KXBTC15M-26APR271830-30,ccc1d059-c20b-648b-85b1-17ed8388baa9,1777328120,0.58,1000.0,yes,"{""count_fp"":""1000.00"",""created_time"":""2026-04-27T22:15:20.642586Z"",""no_price_dollars"":""0.4200"",""taker_side"":""yes"",""ticker"":""KXBTC15M-26APR271830-30"",""trade_id"":""ccc1d059-c20b-648b-85b1-17ed8388baa9"",""yes_price_dollars"":""0.5800""}"
KXBTC15M-26APR271830-30,bc30d29a-271a-6b7b-8807-44a687c5e680,1777328120,0.57,18.98,yes,"{""count_fp"":""18.98"",""created_time"":""2026-04-27T22:15:20.642586Z"",""no_price_dollars"":""0.4300"",""taker_side"":""yes"",""ticker"":""KXBTC15M-26APR271830-30"",""trade_id"":""bc30d29a-271a-6b7b-8807-44a687c5e680"",""yes_price_dollars"":""0.5700""}"
KXBTC15M-26APR271830-30,b87338a1-a756-6034-acc7-c8c54c688a56,1777328120,0.58,405.38,yes,"{""count_fp"":""405.38"",""created_time"":""2026-04-27T22:15:20.642586Z"",""no_price_dollars"":""0.4200"",""taker_side"":""yes"",""ticker"":""KXBTC15M-26APR271830-30"",""trade_id"":""b87338a1-a756-6034-acc7-c8c54c688a56"",""yes_price_dollars"":""0.5800""}"
KXBTC15M-26APR271830-30,7a9770ef-e235-6d1c-83af-15478f909848,1777328120,0.57,3.0,yes,"{""count_fp"":""3.00"",""created_time"":""2026-04-27T22:15:20.642586Z"",""no_price_dollars"":""0.4300"",""taker_side"":""yes"",""ticker"":""KXBTC15M-26APR271830-30"",""trade_id"":""7a9770ef-e235-6d1c-83af-15478f909848"",""yes_price_dollars"":""0.5700""}"
KXBTC15M-26APR271830-30,65aabe29-0903-6740-9cd9-b43bbd9030c5,1777328120,0.57,21.0,yes,"{""count_fp"":""21.00"",""created_time"":""2026-04-27T22:15:20.642586Z"",""no_price_dollars"":""0.4300"",""taker_side"":""yes"",""ticker"":""KXBTC15M-26APR271830-30"",""trade_id"":""65aabe29-0903-6740-9cd9-b43bbd9030c5"",""yes_price_dollars"":""0.5700""}"
KXBTC15M-26APR271830-30,2254a8ce-237f-68f0-82de-0d4d2ee76020,1777328120,0.58,31.99,yes,"{""count_fp"":""31.99"",""created_time"":""2026-04-27T22:15:20.642586Z"",""no_price_dollars"":""0.4200"",""taker_side"":""yes"",""ticker"":""KXBTC15M-26APR271830-30"",""trade_id"":""2254a8ce-237f-68f0-82de-0d4d2ee76020"",""yes_price_dollars"":""0.5800""}"
KXBTC15M-26APR271830-30,f7e3491e-c9b5-7e2a-900e-9c65daa4744a,1777328120,0.56,12.09,no,"{""count_fp"":""12.09"",""created_time"":""2026-04-27T22:15:20.405836Z"",""no_price_dollars"":""0.4400"",""taker_side"":""no"",""ticker"":""KXBTC15M-26APR271830-30"",""trade_id"":""f7e3491e-c9b5-7e2a-900e-9c65daa4744a"",""yes_price_dollars"":""0.5600""}"
KXBTC15M-26APR271830-30,f1402605-419b-7e44-bce7-081c0ef9c389,1777328120,0.56,20.0,no,"{""count_fp"":""20.00"",""created_time"":""2026-04-27T22:15:20.405836Z"",""no_price_dollars"":""0.4400"",""taker_side"":""no"",""ticker"":""KXBTC15M-26APR271830-30"",""trade_id"":""f1402605-419b-7e44-bce7-081c0ef9c389"",""yes_price_dollars"":""0.5600""}"
KXBTC15M-26APR271830-30,9c8dea27-1fe1-69a1-98f6-de9e723b2982,1777328121,0.57,27.37,yes,"{""count_fp"":""27.37"",""created_time"":""2026-04-27T22:15:21.830281Z"",""no_price_dollars"":""0.4300"",""taker_side"":""yes"",""ticker"":""KXBTC15M-26APR271830-30"",""trade_id"":""9c8dea27-1fe1-69a1-98f6-de9e723b2982"",""yes_price_dollars"":""0.5700""}"
KXBTC15M-26APR271830-30,93a09a13-3a24-62fc-9fef-61a247fc78f1,1777328121,0.57,40.0,yes,"{""count_fp"":""40.00"",""created_time"":""2026-04-27T22:15:21.830281Z"",""no_price_dollars"":""0.4300"",""taker_side"":""yes"",""ticker"":""KXBTC15M-26APR271830-30"",""trade_id"":""93a09a13-3a24-62fc-9fef-61a247fc78f1"",""yes_price_dollars"":""0.5700""}"
KXBTC15M-26APR271830-30,3ff7ce6a-aab6-627c-ba9f-f1b82e000187,1777328121,0.57,3.0,yes,"{""count_fp"":""3.00"",""created_time"":""2026-04-27T22:15:21.830281Z"",""no_price_dollars"":""0.4300"",""taker_side"":""yes"",""ticker"":""KXBTC15M-26APR271830-30"",""trade_id"":""3ff7ce6a-aab6-627c-ba9f-f1b82e000187"",""yes_price_dollars"":""0.5700""}"
KXBTC15M-26APR271830-30,3835c417-69da-6d6c-af01-baf80c77b4ae,1777328121,0.58,22.4,yes,"{""count_fp"":""22.40"",""created_time"":""2026-04-27T22:15:21.830281Z"",""no_price_dollars"":""0.4200"",""taker_side"":""yes"",""ticker"":""KXBTC15M-26APR271830-30"",""trade_id"":""3835c417-69da-6d6c-af01-baf80c77b4ae"",""yes_price_dollars"":""0.5800""}"
KXBTC15M-26APR271830-30,3611636b-0611-4e45-f6ed-63d9663d2d5a,1777328121,0.57,1.7,yes,"{""count_fp"":""1.70"",""created_time"":""2026-04-27T22:15:21.263337Z"",""no_price_dollars"":""0.4300"",""taker_side"":""yes"",""ticker"":""KXBTC15M-26APR271830-30"",""trade_id"":""3611636b-0611-4e45-f6ed-63d9663d2d5a"",""yes_price_dollars"":""0.5700""}"
KXBTC15M-26APR271830-30,ddd20c03-3b63-5ccc-6a5e-f5b5dedeffc4,1777328121,0.56,70.75,no,"{""count_fp"":""70.75"",""created_time"":""2026-04-27T22:15:21.064778Z"",""no_price_dollars"":""0.4400"",""taker_side"":""no"",""ticker"":""KXBTC15M-26APR271830-30"",""trade_id"":""ddd20c03-3b63-5ccc-6a5e-f5b5dedeffc4"",""yes_price_dollars"":""0.5600""}"
KXBTC15M-26APR271830-30,a3de5f1f-39b1-58ee-6298-3a473bcc3a42,1777328121,0.56,129.25,no,"{""count_fp"":""129.25"",""created_time"":""2026-04-27T22:15:21.064778Z"",""no_price_dollars"":""0.4400"",""taker_side"":""no"",""ticker"":""KXBTC15M-26APR271830-30"",""trade_id"":""a3de5f1f-39b1-58ee-6298-3a473bcc3a42"",""yes_price_dollars"":""0.5600""}"
KXBTC15M-26APR271830-30,779d10f4-2992-5702-d0e5-c592863f0078,1777328122,0.56,53.49,no,"{""count_fp"":""53.49"",""created_time"":""2026-04-27T22:15:22.967074Z"",""no_price_dollars"":""0.4400"",""taker_side"":""no"",""ticker"":""KXBTC15M-26APR271830-30"",""trade_id"":""779d10f4-2992-5702-d0e5-c592863f0078"",""yes_price_dollars"":""0.5600""}"
KXBTC15M-26APR271830-30,fd012ccd-0eb2-50fa-f347-d6711f78e1f8,1777328122,0.56,10.69,no,"{""count_fp"":""10.69"",""created_time"":""2026-04-27T22:15:22.906729Z"",""no_price_dollars"":""0.4400"",""taker_side"":""no"",""ticker"":""KXBTC15M-26APR271830-30"",""trade_id"":""fd012ccd-0eb2-50fa-f347-d6711f78e1f8"",""yes_price_dollars"":""0.5600""}"
KXBTC15M-26APR271830-30,efcb4734-d17a-6a36-162d-26ad4a2ccef0,1777328122,0.56,21.39,no,"{""count_fp"":""21.39"",""created_time"":""2026-04-27T22:15:22.875169Z"",""no_price_dollars"":""0.4400"",""taker_side"":""no"",""ticker"":""KXBTC15M-26APR271830-30"",""trade_id"":""efcb4734-d17a-6a36-162d-26ad4a2ccef0"",""yes_price_dollars"":""0.5600""}"
KXBTC15M-26APR271830-30,31d3ca30-8c5e-6392-7cc9-d95b039d41e0,1777328122,0.56,25.0,no,"{""count_fp"":""25.00"",""created_time"":""2026-04-27T22:15:22.597341Z"",""no_price_dollars"":""0.4400"",""taker_side"":""no"",""ticker"":""KXBTC15M-26APR271830-30"",""trade_id"":""31d3ca30-8c5e-6392-7cc9-d95b039d41e0"",""yes_price_dollars"":""0.5600""}"
KXBTC15M-26APR271830-30,8ba62c4c-fc26-4206-b725-18ce06e6dc84,1777328122,0.56,55.42,no,"{""count_fp"":""55.42"",""created_time"":""2026-04-27T22:15:22.537103Z"",""no_price_dollars"":""0.4400"",""taker_side"":""no"",""ticker"":""KXBTC15M-26APR271830-30"",""trade_id"":""8ba62c4c-fc26-4206-b725-18ce06e6dc84"",""yes_price_dollars"":""0.5600""}"
KXBTC15M-26APR271830-30,336be936-a2eb-55d4-ec76-568c0c624bd9,1777328122,0.57,17.03,yes,"{""count_fp"":""17.03"",""created_time"":""2026-04-27T22:15:22.464403Z"",""no_price_dollars"":""0.4300"",""taker_side"":""yes"",""ticker"":""KXBTC15M-26APR271830-30"",""trade_id"":""336be936-a2eb-55d4-ec76-568c0c624bd9"",""yes_price_dollars"":""0.5700""}"
KXBTC15M-26APR271830-30,a9ee7b9b-fcca-737e-f145-ab984fce81bc,1777328122,0.56,62.84,no,"{""count_fp"":""62.84"",""created_time"":""2026-04-27T22:15:22.430163Z"",""no_price_dollars"":""0.4400"",""taker_side"":""no"",""ticker"":""KXBTC15M-26APR271830-30"",""trade_id"":""a9ee7b9b-fcca-737e-f145-ab984fce81bc"",""yes_price_dollars"":""0.5600""}"
KXBTC15M-26APR271830-30,606b8392-a573-7d87-fbf1-30be59b5db3c,1777328122,0.56,2.16,no,"{""count_fp"":""2.16"",""created_time"":""2026-04-27T22:15:22.430163Z"",""no_price_dollars"":""0.4400"",""taker_side"":""no"",""ticker"":""KXBTC15M-26APR271830-30"",""trade_id"":""606b8392-a573-7d87-fbf1-30be59b5db3c"",""yes_price_dollars"":""0.5600""}"
KXBTC15M-26APR271830-30,21391d08-93f7-74cc-9fcf-1bfa9e29dec5,1777328122,0.57,8.51,yes,"{""count_fp"":""8.51"",""created_time"":""2026-04-27T22:15:22.294649Z"",""no_price_dollars"":""0.4300"",""taker_side"":""yes"",""ticker"":""KXBTC15M-26APR271830-30"",""trade_id"":""21391d08-93f7-74cc-9fcf-1bfa9e29dec5"",""yes_price_dollars"":""0.5700""}"
KXBTC15M-26APR271830-30,cc830145-c0e5-62fe-9d50-8923291350c6,1777328122,0.56,397.39,no,"{""count_fp"":""397.39"",""created_time"":""2026-04-27T22:15:22.069017Z"",""no_price_dollars"":""0.4400"",""taker_side"":""no"",""ticker"":""KXBTC15M-26APR271830-30"",""trade_id"":""cc830145-c0e5-62fe-9d50-8923291350c6"",""yes_price_dollars"":""0.5600""}"
KXBTC15M-26APR271830-30,1d29ce9c-fba5-63e2-abee-579def6ddd32,1777328122,0.56,40.0,no,"{""count_fp"":""40.00"",""created_time"":""2026-04-27T22:15:22.069017Z"",""no_price_dollars"":""0.4400"",""taker_side"":""no"",""ticker"":""KXBTC15M-26APR271830-30"",""trade_id"":""1d29ce9c-fba5-63e2-abee-579def6ddd32"",""yes_price_dollars"":""0.5600""}"
KXBTC15M-26APR271830-30,eed35a4b-748d-4cfb-872c-aa29aa9eea57,1777328122,0.57,3.0,yes,"{""count_fp"":""3.00"",""created_time"":""2026-04-27T22:15:22.030676Z"",""no_price_dollars"":""0.4300"",""taker_side"":""yes"",""ticker"":""KXBTC15M-26APR271830-30"",""trade_id"":""eed35a4b-748d-4cfb-872c-aa29aa9eea57"",""yes_price_dollars"":""0.5700""}"
KXBTC15M-26APR271830-30,cca09f1c-e359-4488-a8ce-92d62057101f,1777328122,0.57,2.16,yes,"{""count_fp"":""2.16"",""created_time"":""2026-04-27T22:15:22.030676Z"",""no_price_dollars"":""0.4300"",""taker_side"":""yes"",""ticker"":""KXBTC15M-26APR271830-30"",""trade_id"":""cca09f1c-e359-4488-a8ce-92d62057101f"",""yes_price_dollars"":""0.5700""}"
KXBTC15M-26APR271830-30,810ec297-7c12-5d00-6738-28f719c7b83a,1777328123,0.58,83.44,yes,"{""count_fp"":""83.44"",""created_time"":""2026-04-27T22:15:23.965612Z"",""no_price_dollars"":""0.4200"",""taker_side"":""yes"",""ticker"":""KXBTC15M-26APR271830-30"",""trade_id"":""810ec297-7c12-5d00-6738-28f719c7b83a"",""yes_price_dollars"":""0.5800""}"
KXBTC15M-26APR271830-30,c6e44ccb-0ad9-605a-0d38-9aa9cae21202,1777328123,0.57,3.0,yes,"{""count_fp"":""3.00"",""created_time"":""2026-04-27T22:15:23.915367Z"",""no_price_dollars"":""0.4300"",""taker_side"":""yes"",""ticker"":""KXBTC15M-26APR271830-30"",""trade_id"":""c6e44ccb-0ad9-605a-0d38-9aa9cae21202"",""yes_price_dollars"":""0.5700""}"
KXBTC15M-26APR271830-30,b6040f0d-4a4a-697e-04cf-c197174b7c78,1777328123,0.57,1.0,yes,"{""count_fp"":""1.00"",""created_time"":""2026-04-27T22:15:23.915367Z"",""no_price_dollars"":""0.4300"",""taker_side"":""yes"",""ticker"":""KXBTC15M-26APR271830-30"",""trade_id"":""b6040f0d-4a4a-697e-04cf-c197174b7c78"",""yes_price_dollars"":""0.5700""}"
KXBTC15M-26APR271830-30,9969e383-e672-6750-3d6e-833031dbe2e2,1777328123,0.58,635.15,yes,"{""count_fp"":""635.15"",""created_time"":""2026-04-27T22:15:23.915367Z"",""no_price_dollars"":""0.4200"",""taker_side"":""yes"",""ticker"":""KXBTC15M-26APR271830-30"",""trade_id"":""9969e383-e672-6750-3d6e-833031dbe2e2"",""yes_price_dollars"":""0.5800""}"
KXBTC15M-26APR271830-30,484377ae-0dcd-6318-1212-b387fe1107f4,1777328123,0.57,8.03,yes,"{""count_fp"":""8.03"",""created_time"":""2026-04-27T22:15:23.915367Z"",""no_price_dollars"":""0.4300"",""taker_side"":""yes"",""ticker"":""KXBTC15M-26APR271830-30"",""trade_id"":""484377ae-0dcd-6318-1212-b387fe1107f4"",""yes_price_dollars"":""0.5700""}"
KXBTC15M-26APR271830-30,0347ba0d-e90d-60f9-2483-270b154c0634,1777328123,0.57,20.0,yes,"{""count_fp"":""20.00"",""created_time"":""2026-04-27T22:15:23.915367Z"",""no_price_dollars"":""0.4300"",""taker_side"":""yes"",""ticker"":""KXBTC15M-26APR271830-30"",""trade_id"":""0347ba0d-e90d-60f9-2483-270b154c0634"",""yes_price_dollars"":""0.5700""}"
KXBTC15M-26APR271830-30,e82b44f9-c7dd-5b3e-1e3f-7dca577a723a,1777328123,0.56,2.0,no,"{""count_fp"":""2.00"",""created_time"":""2026-04-27T22:15:23.873544Z"",""no_price_dollars"":""0.4400"",""taker_side"":""no"",""ticker"":""KXBTC15M-26APR271830-30"",""trade_id"":""e82b44f9-c7dd-5b3e-1e3f-7dca577a723a"",""yes_price_dollars"":""0.5600""}"
KXBTC15M-26APR271830-30,bc456b70-e551-7276-2dda-215b24c3a662,1777328123,0.56,16.37,no,"{""count_fp"":""16.37"",""created_time"":""2026-04-27T22:15:23.776507Z"",""no_price_dollars"":""0.4400"",""taker_side"":""no"",""ticker"":""KXBTC15M-26APR271830-30"",""trade_id"":""bc456b70-e551-7276-2dda-215b24c3a662"",""yes_price_dollars"":""0.5600""}"
KXBTC15M-26APR271830-30,390e8029-9e0a-7cf2-3c5f-67f00327f87c,1777328123,0.56,26.42,no,"{""count_fp"":""26.42"",""created_time"":""2026-04-27T22:15:23.776507Z"",""no_price_dollars"":""0.4400"",""taker_side"":""no"",""ticker"":""KXBTC15M-26APR271830-30"",""trade_id"":""390e8029-9e0a-7cf2-3c5f-67f00327f87c"",""yes_price_dollars"":""0.5600""}"
KXBTC15M-26APR271830-30,6d2b1d57-eaa6-79ce-3e0a-b4df12296b54,1777328123,0.56,21.86,no,"{""count_fp"":""21.86"",""created_time"":""2026-04-27T22:15:23.542743Z"",""no_price_dollars"":""0.4400"",""taker_side"":""no"",""ticker"":""KXBTC15M-26APR271830-30"",""trade_id"":""6d2b1d57-eaa6-79ce-3e0a-b4df12296b54"",""yes_price_dollars"":""0.5600""}"
KXBTC15M-26APR271830-30,18b55b58-cf0a-5222-0732-77f4c7403a00,1777328123,0.56,6.56,no,"{""count_fp"":""6.56"",""created_time"":""2026-04-27T22:15:23.410236Z"",""no_price_dollars"":""0.4400"",""taker_side"":""no"",""ticker"":""KXBTC15M-26APR271830-30"",""trade_id"":""18b55b58-cf0a-5222-0732-77f4c7403a00"",""yes_price_dollars"":""0.5600""}"
KXBTC15M-26APR271830-30,d6f2d06b-b742-599e-692f-a513be7702bc,1777328123,0.56,106.99,no,"{""count_fp"":""106.99"",""created_time"":""2026-04-27T22:15:23.230207Z"",""no_price_dollars"":""0.4400"",""taker_side"":""no"",""ticker"":""KXBTC15M-26APR271830-30"",""trade_id"":""d6f2d06b-b742-599e-692f-a513be7702bc"",""yes_price_dollars"":""0.5600""}"
KXBTC15M-26APR271830-30,b07a1e95-26a3-7238-17b1-2a43aafc3c39,1777328123,0.57,14.46,yes,"{""count_fp"":""14.46"",""created_time"":""2026-04-27T22:15:23.150252Z"",""no_price_dollars"":""0.4300"",""taker_side"":""yes"",""ticker"":""KXBTC15M-26APR271830-30"",""trade_id"":""b07a1e95-26a3-7238-17b1-2a43aafc3c39"",""yes_price_dollars"":""0.5700""}"
KXBTC15M-26APR271830-30,a99c0398-fa49-725c-163d-6c37b4b88de3,1777328123,0.57,2.97,yes,"{""count_fp"":""2.97"",""created_time"":""2026-04-27T22:15:23.150252Z"",""no_price_dollars"":""0.4300"",""taker_side"":""yes"",""ticker"":""KXBTC15M-26APR271830-30"",""trade_id"":""a99c0398-fa49-725c-163d-6c37b4b88de3"",""yes_price_dollars"":""0.5700""}"
KXBTC15M-26APR271830-30,74925ea8-a7e6-7325-2e46-b8a26adcbdb1,1777328123,0.57,3.0,yes,"{""count_fp"":""3.00"",""created_time"":""2026-04-27T22:15:23.150252Z"",""no_price_dollars"":""0.4300"",""taker_side"":""yes"",""ticker"":""KXBTC15M-26APR271830-30"",""trade_id"":""74925ea8-a7e6-7325-2e46-b8a26adcbdb1"",""yes_price_dollars"":""0.5700""}"
KXBTC15M-26APR271830-30,a974a3d9-0547-6b4a-d05d-95ec7b5d6a1e,1777328124,0.56,21.86,no,"{""count_fp"":""21.86"",""created_time"":""2026-04-27T22:15:24.946602Z"",""no_price_dollars"":""0.4400"",""taker_side"":""no"",""ticker"":""KXBTC15M-26APR271830-30"",""trade_id"":""a974a3d9-0547-6b4a-d05d-95ec7b5d6a1e"",""yes_price_dollars"":""0.5600""}"
KXBTC15M-26APR271830-30,0bd56612-d06f-443a-83fc-503887ec5ffe,1777328124,0.56,25.0,no,"{""count_fp"":""25.00"",""created_time"":""2026-04-27T22:15:24.846203Z"",""no_price_dollars"":""0.4400"",""taker_side"":""no"",""ticker"":""KXBTC15M-26APR271830-30"",""trade_id"":""0bd56612-d06f-443a-83fc-503887ec5ffe"",""yes_price_dollars"":""0.5600""}"
KXBTC15M-26APR271830-30,166912c7-6f0f-76fa-d2c0-b19fd9c71a3a,1777328124,0.56,65.6,no,"{""count_fp"":""65.60"",""created_time"":""2026-04-27T22:15:24.646573Z"",""no_price_dollars"":""0.4400"",""taker_side"":""no"",""ticker"":""KXBTC15M-26APR271830-30"",""trade_id"":""166912c7-6f0f-76fa-d2c0-b19fd9c71a3a"",""yes_price_dollars"":""0.5600""}"
KXBTC15M-26APR271830-30,e156f707-5cc7-7dce-a04d-cc27c8602b3e,1777328124,0.56,41.0,no,"{""count_fp"":""41.00"",""created_time"":""2026-04-27T22:15:24.360421Z"",""no_price_dollars"":""0.4400"",""taker_side"":""no"",""ticker"":""KXBTC15M-26APR271830-30"",""trade_id"":""e156f707-5cc7-7dce-a04d-cc27c8602b3e"",""yes_price_dollars"":""0.5600""}"
KXBTC15M-26APR271830-30,caa9e88b-a775-7712-8692-0fecc126e56a,1777328124,0.56,21.63,no,"{""count_fp"":""21.63"",""created_time"":""2026-04-27T22:15:24.360421Z"",""no_price_dollars"":""0.4400"",""taker_side"":""no"",""ticker"":""KXBTC15M-26APR271830-30"",""trade_id"":""caa9e88b-a775-7712-8692-0fecc126e56a"",""yes_price_dollars"":""0.5600""}"
KXBTC15M-26APR271830-30,8edc1433-43b4-7789-89c5-6e44662b2dd6,1777328124,0.56,2.97,no,"{""count_fp"":""2.97"",""created_time"":""2026-04-27T22:15:24.360421Z"",""no_price_dollars"":""0.4400"",""taker_side"":""no"",""ticker"":""KXBTC15M-26APR271830-30"",""trade_id"":""8edc1433-43b4-7789-89c5-6e44662b2dd6"",""yes_price_dollars"":""0.5600""}"
KXBTC15M-26APR271830-30,770aa8e2-7777-43f6-f802-2ca206a4377a,1777328125,0.56,2.18,no,"{""count_fp"":""2.18"",""created_time"":""2026-04-27T22:15:25.981627Z"",""no_price_dollars"":""0.4400"",""taker_side"":""no"",""ticker"":""KXBTC15M-26APR271830-30"",""trade_id"":""770aa8e2-7777-43f6-f802-2ca206a4377a"",""yes_price_dollars"":""0.5600""}"
KXBTC15M-26APR271830-30,326ccc04-d162-5184-e566-7da5619484ca,1777328125,0.58,8.37,yes,"{""count_fp"":""8.37"",""created_time"":""2026-04-27T22:15:25.939558Z"",""no_price_dollars"":""0.4200"",""taker_side"":""yes"",""ticker"":""KXBTC15M-26APR271830-30"",""trade_id"":""326ccc04-d162-5184-e566-7da5619484ca"",""yes_price_dollars"":""0.5800""}"
KXBTC15M-26APR271830-30,916c45a8-f147-46f6-d62b-6f252d7a31fa,1777328125,0.56,21.86,no,"{""count_fp"":""21.86"",""created_time"":""2026-04-27T22:15:25.938854Z"",""no_price_dollars"":""0.4400"",""taker_side"":""no"",""ticker"":""KXBTC15M-26APR271830-30"",""trade_id"":""916c45a8-f147-46f6-d62b-6f252d7a31fa"",""yes_price_dollars"":""0.5600""}"
KXBTC15M-26APR271830-30,8810efa5-8e0b-5b5a-fedd-7c1a8313918e,1777328125,0.56,4.27,no,"{""count_fp"":""4.27"",""created_time"":""2026-04-27T22:15:25.625584Z"",""no_price_dollars"":""0.4400"",""taker_side"":""no"",""ticker"":""KXBTC15M-26APR271830-30"",""trade_id"":""8810efa5-8e0b-5b5a-fedd-7c1a8313918e"",""yes_price_dollars"":""0.5600""}"
KXBTC15M-26APR271830-30,1a178beb-4a93-677a-7272-0fb6a2103d6a,1777328125,0.56,15.3,no,"{""count_fp"":""15.30"",""created_time"":""2026-04-27T22:15:25.555308Z"",""no_price_dollars"":""0.4400"",""taker_side"":""no"",""ticker"":""KXBTC15M-26APR271830-30"",""trade_id"":""1a178beb-4a93-677a-7272-0fb6a2103d6a"",""yes_price_dollars"":""0.5600""}"
KXBTC15M-26APR271830-30,822878d5-e42b-415a-80a0-8a334abac026,1777328125,0.56,4.0,no,"{""count_fp"":""4.00"",""created_time"":""2026-04-27T22:15:25.081928Z"",""no_price_dollars"":""0.4400"",""taker_side"":""no"",""ticker"":""KXBTC15M-26APR271830-30"",""trade_id"":""822878d5-e42b-415a-80a0-8a334abac026"",""yes_price_dollars"":""0.5600""}"
KXBTC15M-26APR271830-30,ea49984a-ebb6-4998-40f4-80817909790e,1777328126,0.58,83.74,yes,"{""count_fp"":""83.74"",""created_time"":""2026-04-27T22:15:26.892026Z"",""no_price_dollars"":""0.4200"",""taker_side"":""yes"",""ticker"":""KXBTC15M-26APR271830-30"",""trade_id"":""ea49984a-ebb6-4998-40f4-80817909790e"",""yes_price_dollars"":""0.5800""}"
KXBTC15M-26APR271830-30,5b989327-949e-43e8-212d-13767d5a57b2,1777328126,0.58,41.87,yes,"{""count_fp"":""41.87"",""created_time"":""2026-04-27T22:15:26.834964Z"",""no_price_dollars"":""0.4200"",""taker_side"":""yes"",""ticker"":""KXBTC15M-26APR271830-30"",""trade_id"":""5b989327-949e-43e8-212d-13767d5a57b2"",""yes_price_dollars"":""0.5800""}"
KXBTC15M-26APR271830-30,2d7085e1-4afb-4a8e-1edd-0c0d29d3c71a,1777328126,0.56,15.3,no,"{""count_fp"":""15.30"",""created_time"":""2026-04-27T22:15:26.812985Z"",""no_price_dollars"":""0.4400"",""taker_side"":""no"",""ticker"":""KXBTC15M-26APR271830-30"",""trade_id"":""2d7085e1-4afb-4a8e-1edd-0c0d29d3c71a"",""yes_price_dollars"":""0.5600""}"
KXBTC15M-26APR271830-30,d063de81-6d02-7f5c-a825-c83b49ce936a,1777328126,0.58,3.34,yes,"{""count_fp"":""3.34"",""created_time"":""2026-04-27T22:15:26.428535Z"",""no_price_dollars"":""0.4200"",""taker_side"":""yes"",""ticker"":""KXBTC15M-26APR271830-30"",""trade_id"":""d063de81-6d02-7f5c-a825-c83b49ce936a"",""yes_price_dollars"":""0.5800""}"
KXBTC15M-26APR271830-30,78f40193-4652-5974-619b-a9dcc3c6b8f2,1777328126,0.58,8.16,yes,"{""count_fp"":""8.16"",""created_time"":""2026-04-27T22:15:26.029493Z"",""no_price_dollars"":""0.4200"",""taker_side"":""yes"",""ticker"":""KXBTC15M-26APR271830-30"",""trade_id"":""78f40193-4652-5974-619b-a9dcc3c6b8f2"",""yes_price_dollars"":""0.5800""}"
KXBTC15M-26APR271830-30,a7b88b4b-8fd1-4f8a-a701-f396489f8fb9,1777328127,0.57,60.34,no,"{""count_fp"":""60.34"",""created_time"":""2026-04-27T22:15:27.788556Z"",""no_price_dollars"":""0.4300"",""taker_side"":""no"",""ticker"":""KXBTC15M-26APR271830-30"",""trade_id"":""a7b88b4b-8fd1-4f8a-a701-f396489f8fb9"",""yes_price_dollars"":""0.5700""}"
KXBTC15M-26APR271830-30,753aa9e6-6c78-4059-aabe-2a420eb1e843,1777328127,0.57,10.0,no,"{""count_fp"":""10.00"",""created_time"":""2026-04-27T22:15:27.788556Z"",""no_price_dollars"":""0.4300"",""taker_side"":""no"",""ticker"":""KXBTC15M-26APR271830-30"",""trade_id"":""753aa9e6-6c78-4059-aabe-2a420eb1e843"",""yes_price_dollars"":""0.5700""}"
KXBTC15M-26APR271830-30,11aad890-f6ed-4a63-ae6d-7baa1169b215,1777328127,0.57,39.0,no,"{""count_fp"":""39.00"",""created_time"":""2026-04-27T22:15:27.788556Z"",""no_price_dollars"":""0.4300"",""taker_side"":""no"",""ticker"":""KXBTC15M-26APR271830-30"",""trade_id"":""11aad890-f6ed-4a63-ae6d-7baa1169b215"",""yes_price_dollars"":""0.5700""}"
KXBTC15M-26APR271830-30,e699ca95-3eb9-4c1f-a666-e777522b55b5,1777328127,0.57,1.0,no,"{""count_fp"":""1.00"",""created_time"":""2026-04-27T22:15:27.330129Z"",""no_price_dollars"":""0.4300"",""taker_side"":""no"",""ticker"":""KXBTC15M-26APR271830-30"",""trade_id"":""e699ca95-3eb9-4c1f-a666-e777522b55b5"",""yes_price_dollars"":""0.5700""}"
KXBTC15M-26APR271830-30,8f408d25-e8e2-498c-1e45-b2ca76f66196,1777328127,0.58,140.09,yes,"{""count_fp"":""140.09"",""created_time"":""2026-04-27T22:15:27.175314Z"",""no_price_dollars"":""0.4200"",""taker_side"":""yes"",""ticker"":""KXBTC15M-26APR271830-30"",""trade_id"":""8f408d25-e8e2-498c-1e45-b2ca76f66196"",""yes_price_dollars"":""0.5800""}"
KXBTC15M-26APR271830-30,6a73810f-8cfb-4cdd-0367-107f41c6a421,1777328127,0.58,10.0,yes,"{""count_fp"":""10.00"",""created_time"":""2026-04-27T22:15:27.175314Z"",""no_price_dollars"":""0.4200"",""taker_side"":""yes"",""ticker"":""KXBTC15M-26APR271830-30"",""trade_id"":""6a73810f-8cfb-4cdd-0367-107f41c6a421"",""yes_price_dollars"":""0.5800""}"
KXBTC15M-26APR271830-30,1af9bb68-8d9c-413f-291b-55f7d8c6d2b5,1777328127,0.58,111.39,yes,"{""count_fp"":""111.39"",""created_time"":""2026-04-27T22:15:27.175314Z"",""no_price_dollars"":""0.4200"",""taker_side"":""yes"",""ticker"":""KXBTC15M-26APR271830-30"",""trade_id"":""1af9bb68-8d9c-413f-291b-55f7d8c6d2b5"",""yes_price_dollars"":""0.5800""}"
KXBTC15M-26APR271830-30,0f07763e-8c03-4579-0242-507827d91ebe,1777328127,0.58,40.0,yes,"{""count_fp"":""40.00"",""created_time"":""2026-04-27T22:15:27.175314Z"",""no_price_dollars"":""0.4200"",""taker_side"":""yes"",""ticker"":""KXBTC15M-26APR271830-30"",""trade_id"":""0f07763e-8c03-4579-0242-507827d91ebe"",""yes_price_dollars"":""0.5800""}"
KXBTC15M-26APR271830-30,2e878977-0513-70fa-7f5c-3e779683984a,1777328127,0.56,10.93,no,"{""count_fp"":""10.93"",""created_time"":""2026-04-27T22:15:27.031651Z"",""no_price_dollars"":""0.4400"",""taker_side"":""no"",""ticker"":""KXBTC15M-26APR271830-30"",""trade_id"":""2e878977-0513-70fa-7f5c-3e779683984a"",""yes_price_dollars"":""0.5600""}"
KXBTC15M-26APR271830-30,0fe00cff-929b-4b36-e1d6-514679f3adfa,1777328127,0.56,21.86,no,"{""count_fp"":""21.86"",""created_time"":""2026-04-27T22:15:27.019405Z"",""no_price_dollars"":""0.4400"",""taker_side"":""no"",""ticker"":""KXBTC15M-26APR271830-30"",""trade_id"":""0fe00cff-929b-4b36-e1d6-514679f3adfa"",""yes_price_dollars"":""0.5600""}"
KXBTC15M-26APR271830-30,0c2455e2-071e-62d9-fce2-5d712f0fbbb7,1777328128,0.58,10.04,yes,"{""count_fp"":""10.04"",""created_time"":""2026-04-27T22:15:28.596718Z"",""no_price_dollars"":""0.4200"",""taker_side"":""yes"",""ticker"":""KXBTC15M-26APR271830-30"",""trade_id"":""0c2455e2-071e-62d9-fce2-5d712f0fbbb7"",""yes_price_dollars"":""0.5800""}"
KXBTC15M-26APR271830-30,8b3b640b-8986-7fad-0ac6-c29bdd0d5c27,1777328128,0.58,8.37,yes,"{""count_fp"":""8.37"",""created_time"":""2026-04-27T22:15:28.502574Z"",""no_price_dollars"":""0.4200"",""taker_side"":""yes"",""ticker"":""KXBTC15M-26APR271830-30"",""trade_id"":""8b3b640b-8986-7fad-0ac6-c29bdd0d5c27"",""yes_price_dollars"":""0.5800""}"
KXBTC15M-26APR271830-30,0d6728ac-4236-6445-1ab8-c627414f1c0b,1777328128,0.58,21.77,yes,"{""count_fp"":""21.77"",""created_time"":""2026-04-27T22:15:28.212769Z"",""no_price_dollars"":""0.4200"",""taker_side"":""yes"",""ticker"":""KXBTC15M-26APR271830-30"",""trade_id"":""0d6728ac-4236-6445-1ab8-c627414f1c0b"",""yes_price_dollars"":""0.5800""}"
KXBTC15M-26APR271830-30,4477a06f-5046-4ca5-fcee-12d1e5a67903,1777328128,0.58,53.64,yes,"{""count_fp"":""53.64"",""created_time"":""2026-04-27T22:15:28.008724Z"",""no_price_dollars"":""0.4200"",""taker_side"":""yes"",""ticker"":""KXBTC15M-26APR271830-30"",""trade_id"":""4477a06f-5046-4ca5-fcee-12d1e5a67903"",""yes_price_dollars"":""0.5800""}"
KXBTC15M-26APR271830-30,18a77f4d-e0f5-44ce-e9f2-1107030908ae,1777328128,0.58,10.0,yes,"{""count_fp"":""10.00"",""created_time"":""2026-04-27T22:15:28.008724Z"",""no_price_dollars"":""0.4200"",""taker_side"":""yes"",""ticker"":""KXBTC15M-26APR271830-30"",""trade_id"":""18a77f4d-e0f5-44ce-e9f2-1107030908ae"",""yes_price_dollars"":""0.5800""}"
KXBTC15M-26APR271830-30,35d9511f-730b-5a9e-7e21-fc9dc4f22411,1777328129,0.52,0.05,no,"{""count_fp"":""0.05"",""created_time"":""2026-04-27T22:15:29.923803Z"",""no_price_dollars"":""0.4800"",""taker_side"":""no"",""ticker"":""KXBTC15M-26APR271830-30"",""trade_id"":""35d9511f-730b-5a9e-7e21-fc9dc4f22411"",""yes_price_dollars"":""0.5200""}"
KXBTC15M-26APR271830-30,cd3687bc-42f5-502e-56dd-259bf8fd52e0,1777328129,0.52,10.0,no,"{""count_fp"":""10.00"",""created_time"":""2026-04-27T22:15:29.920968Z"",""no_price_dollars"":""0.4800"",""taker_side"":""no"",""ticker"":""KXBTC15M-26APR271830-30"",""trade_id"":""cd3687bc-42f5-502e-56dd-259bf8fd52e0"",""yes_price_dollars"":""0.5200""}"
KXBTC15M-26APR271830-30,400d0cc5-f7c3-5eae-6c57-bf138277f929,1777328129,0.52,10.0,no,"{""count_fp"":""10.00"",""created_time"":""2026-04-27T22:15:29.920968Z"",""no_price_dollars"":""0.4800"",""taker_side"":""no"",""ticker"":""KXBTC15M-26APR271830-30"",""trade_id"":""400d0cc5-f7c3-5eae-6c57-bf138277f929"",""yes_price_dollars"":""0.5200""}"
KXBTC15M-26APR271830-30,4cb03bbc-d785-5c33-8c17-4df5c83bc4fc,1777328129,0.53,40.0,no,"{""count_fp"":""40.00"",""created_time"":""2026-04-27T22:15:29.848162Z"",""no_price_dollars"":""0.4700"",""taker_side"":""no"",""ticker"":""KXBTC15M-26APR271830-30"",""trade_id"":""4cb03bbc-d785-5c33-8c17-4df5c83bc4fc"",""yes_price_dollars"":""0.5300""}"
KXBTC15M-26APR271830-30,ee93f131-80fe-63d5-ca76-92bd0f1fafdf,1777328129,0.55,172.22,no,"{""count_fp"":""172.22"",""created_time"":""2026-04-27T22:15:29.825238Z"",""no_price_dollars"":""0.4500"",""taker_side"":""no"",""ticker"":""KXBTC15M-26APR271830-30"",""trade_id"":""ee93f131-80fe-63d5-ca76-92bd0f1fafdf"",""yes_price_dollars"":""0.5500""}"
KXBTC15M-26APR271830-30,b316d12f-4c1a-4c31-71b7-3942f01de0db,1777328129,0.55,106.17,no,"{""count_fp"":""106.17"",""created_time"":""2026-04-27T22:15:29.806936Z"",""no_price_dollars"":""0.4500"",""taker_side"":""no"",""ticker"":""KXBTC15M-26APR271830-30"",""trade_id"":""b316d12f-4c1a-4c31-71b7-3942f01de0db"",""yes_price_dollars"":""0.5500""}"
KXBTC15M-26APR271830-30,d92d9580-dc1e-758d-8e24-1f3d4d5b2c83,1777328129,0.55,91.95,no,"{""count_fp"":""91.95"",""created_time"":""2026-04-27T22:15:29.800321Z"",""no_price_dollars"":""0.4500"",""taker_side"":""no"",""ticker"":""KXBTC15M-26APR271830-30"",""trade_id"":""d92d9580-dc1e-758d-8e24-1f3d4d5b2c83"",""yes_price_dollars"":""0.5500""}"
KXBTC15M-26APR271830-30,7e770617-dec6-510d-13ff-b53e94be6d6f,1777328129,0.55,66.35,no,"{""count_fp"":""66.35"",""created_time"":""2026-04-27T22:15:29.797134Z"",""no_price_dollars"":""0.4500"",""taker_side"":""no"",""ticker"":""KXBTC15M-26APR271830-30"",""trade_id"":""7e770617-dec6-510d-13ff-b53e94be6d6f"",""yes_price_dollars"":""0.5500""}"
KXBTC15M-26APR271830-30,e9da8843-5efb-7f8c-81d9-bc8db2febc54,1777328129,0.55,9.0,no,"{""count_fp"":""9.00"",""created_time"":""2026-04-27T22:15:29.795882Z"",""no_price_dollars"":""0.4500"",""taker_side"":""no"",""ticker"":""KXBTC15M-26APR271830-30"",""trade_id"":""e9da8843-5efb-7f8c-81d9-bc8db2febc54"",""yes_price_dollars"":""0.5500""}"
KXBTC15M-26APR271830-30,9ea236b7-e2bc-7b48-ae71-50c4501e35c8,1777328129,0.55,1.0,no,"{""count_fp"":""1.00"",""created_time"":""2026-04-27T22:15:29.795882Z"",""no_price_dollars"":""0.4500"",""taker_side"":""no"",""ticker"":""KXBTC15M-26APR271830-30"",""trade_id"":""9ea236b7-e2bc-7b48-ae71-50c4501e35c8"",""yes_price_dollars"":""0.5500""}"
KXBTC15M-26APR271830-30,1c83fb91-6fed-75c3-8bca-18fac50c26ef,1777328129,0.55,2.0,no,"{""count_fp"":""2.00"",""created_time"":""2026-04-27T22:15:29.795882Z"",""no_price_dollars"":""0.4500"",""taker_side"":""no"",""ticker"":""KXBTC15M-26APR271830-30"",""trade_id"":""1c83fb91-6fed-75c3-8bca-18fac50c26ef"",""yes_price_dollars"":""0.5500""}"
KXBTC15M-26APR271830-30,007c7dd1-3aba-7011-95a9-3d7dcbde848b,1777328129,0.55,28.0,no,"{""count_fp"":""28.00"",""created_time"":""2026-04-27T22:15:29.795882Z"",""no_price_dollars"":""0.4500"",""taker_side"":""no"",""ticker"":""KXBTC15M-26APR271830-30"",""trade_id"":""007c7dd1-3aba-7011-95a9-3d7dcbde848b"",""yes_price_dollars"":""0.5500""}"
KXBTC15M-26APR271830-30,8a3d8e7d-5a15-6066-5ffc-6895496ab025,1777328129,0.57,4.37,no,"{""count_fp"":""4.37"",""created_time"":""2026-04-27T22:15:29.561517Z"",""no_price_dollars"":""0.4300"",""taker_side"":""no"",""ticker"":""KXBTC15M-26APR271830-30"",""trade_id"":""8a3d8e7d-5a15-6066-5ffc-6895496ab025"",""yes_price_dollars"":""0.5700""}"
KXBTC15M-26APR271830-30,ad942c53-0d15-6f3e-6924-b9fabf146385,1777328129,0.57,10.0,no,"{""count_fp"":""10.00"",""created_time"":""2026-04-27T22:15:29.256125Z"",""no_price_dollars"":""0.4300"",""taker_side"":""no"",""ticker"":""KXBTC15M-26APR271830-30"",""trade_id"":""ad942c53-0d15-6f3e-6924-b9fabf146385"",""yes_price_dollars"":""0.5700""}"
KXBTC15M-26APR271830-30,fe72c22a-07e9-4ecb-88a5-ea041e9dba48,1777328129,0.58,2.51,yes,"{""count_fp"":""2.51"",""created_time"":""2026-04-27T22:15:29.198302Z"",""no_price_dollars"":""0.4200"",""taker_side"":""yes"",""ticker"":""KXBTC15M-26APR271830-30"",""trade_id"":""fe72c22a-07e9-4ecb-88a5-ea041e9dba48"",""yes_price_dollars"":""0.5800""}"
KXBTC15M-26APR271830-30,c17d5cf8-b984-74c1-58ef-207667418d99,1777328129,0.58,8.37,yes,"{""count_fp"":""8.37"",""created_time"":""2026-04-27T22:15:29.084251Z"",""no_price_dollars"":""0.4200"",""taker_side"":""yes"",""ticker"":""KXBTC15M-26APR271830-30"",""trade_id"":""c17d5cf8-b984-74c1-58ef-207667418d99"",""yes_price_dollars"":""0.5800""}"
KXBTC15M-26APR271830-30,bae61a20-712f-44cf-0712-f555e78a41c4,1777328130,0.52,18.5,yes,"{""count_fp"":""18.50"",""created_time"":""2026-04-27T22:15:30.189207Z"",""no_price_dollars"":""0.4800"",""taker_side"":""yes"",""ticker"":""KXBTC15M-26APR271830-30"",""trade_id"":""bae61a20-712f-44cf-0712-f555e78a41c4"",""yes_price_dollars"":""0.5200""}"
KXBTC15M-26APR271830-30,8b97b4d9-825b-4ccb-f323-397453cdb340,1777328130,0.52,25.98,yes,"{""count_fp"":""25.98"",""created_time"":""2026-04-27T22:15:30.124337Z"",""no_price_dollars"":""0.4800"",""taker_side"":""yes"",""ticker"":""KXBTC15M-26APR271830-30"",""trade_id"":""8b97b4d9-825b-4ccb-f323-397453cdb340"",""yes_price_dollars"":""0.5200""}"
KXBTC15M-26APR271830-30,ebb262c4-5597-5d6b-26f3-81b8ddffc650,1777328130,0.52,20.0,yes,"{""count_fp"":""20.00"",""created_time"":""2026-04-27T22:15:30.090568Z"",""no_price_dollars"":""0.4800"",""taker_side"":""yes"",""ticker"":""KXBTC15M-26APR271830-30"",""trade_id"":""ebb262c4-5597-5d6b-26f3-81b8ddffc650"",""yes_price_dollars"":""0.5200""}"
KXBTC15M-26APR271830-30,98a3490f-f563-7233-e95b-14be220c0d5c,1777328130,0.52,41.4,yes,"{""count_fp"":""41.40"",""created_time"":""2026-04-27T22:15:30.053415Z"",""no_price_dollars"":""0.4800"",""taker_side"":""yes"",""ticker"":""KXBTC15M-26APR271830-30"",""trade_id"":""98a3490f-f563-7233-e95b-14be220c0d5c"",""yes_price_dollars"":""0.5200""}"
KXBTC15M-26APR271830-30,1db9abc8-aaa2-78ea-cac6-bb86b6bd58a4,1777328130,0.52,40.0,yes,"{""count_fp"":""40.00"",""created_time"":""2026-04-27T22:15:30.053415Z"",""no_price_dollars"":""0.4800"",""taker_side"":""yes"",""ticker"":""KXBTC15M-26APR271830-30"",""trade_id"":""1db9abc8-aaa2-78ea-cac6-bb86b6bd58a4"",""yes_price_dollars"":""0.5200""}"
KXBTC15M-26APR271830-30,1cbcf4f5-6a8f-7e33-cd5e-cccebff0fef0,1777328130,0.52,3.0,yes,"{""count_fp"":""3.00"",""created_time"":""2026-04-27T22:15:30.053415Z"",""no_price_dollars"":""0.4800"",""taker_side"":""yes"",""ticker"":""KXBTC15M-26APR271830-30"",""trade_id"":""1cbcf4f5-6a8f-7e33-cd5e-cccebff0fef0"",""yes_price_dollars"":""0.5200""}"
KXBTC15M-26APR271830-30,f5c6b49c-f697-4efb-bce3-694d61449ae8,1777328131,0.5,16.74,yes,"{""count_fp"":""16.74"",""created_time"":""2026-04-27T22:15:31.925696Z"",""no_price_dollars"":""0.5000"",""taker_side"":""yes"",""ticker"":""KXBTC15M-26APR271830-30"",""trade_id"":""f5c6b49c-f697-4efb-bce3-694d61449ae8"",""yes_price_dollars"":""0.5000""}"
KXBTC15M-26APR271830-30,6c3856ac-af03-7db7-28e3-440cd4b8a4c4,1777328131,0.5,10.78,yes,"{""count_fp"":""10.78"",""created_time"":""2026-04-27T22:15:31.303774Z"",""no_price_dollars"":""0.5000"",""taker_side"":""yes"",""ticker"":""KXBTC15M-26APR271830-30"",""trade_id"":""6c3856ac-af03-7db7-28e3-440cd4b8a4c4"",""yes_price_dollars"":""0.5000""}"
KXBTC15M-26APR271830-30,47741d05-6482-723f-0bbf-a638b6b20a9a,1777328131,0.5,3.0,yes,"{""count_fp"":""3.00"",""created_time"":""2026-04-27T22:15:31.303774Z"",""no_price_dollars"":""0.5000"",""taker_side"":""yes"",""ticker"":""KXBTC15M-26APR271830-30"",""trade_id"":""47741d05-6482-723f-0bbf-a638b6b20a9a"",""yes_price_dollars"":""0.5000""}"
KXBTC15M-26APR271830-30,0b0f290e-76ce-78d1-047f-8154065ee35a,1777328131,0.5,2.96,yes,"{""count_fp"":""2.96"",""created_time"":""2026-04-27T22:15:31.303774Z"",""no_price_dollars"":""0.5000"",""taker_side"":""yes"",""ticker"":""KXBTC15M-26APR271830-30"",""trade_id"":""0b0f290e-76ce-78d1-047f-8154065ee35a"",""yes_price_dollars"":""0.5000""}"
KXBTC15M-26APR271830-30,fdb5a4c2-71ca-4525-0f2c-0e73678091a2,1777328131,0.5,8.37,yes,"{""count_fp"":""8.37"",""created_time"":""2026-04-27T22:15:31.147887Z"",""no_price_dollars"":""0.5000"",""taker_side"":""yes"",""ticker"":""KXBTC15M-26APR271830-30"",""trade_id"":""fdb5a4c2-71ca-4525-0f2c-0e73678091a2"",""yes_price_dollars"":""0.5000""}"
KXBTC15M-26APR271830-30,1a816d60-1e96-5da5-a983-f6ba0e7ee226,1777328131,0.5,1.67,yes,"{""count_fp"":""1.67"",""created_time"":""2026-04-27T22:15:31.092764Z"",""no_price_dollars"":""0.5000"",""taker_side"":""yes"",""ticker"":""KXBTC15M-26APR271830-30"",""trade_id"":""1a816d60-1e96-5da5-a983-f6ba0e7ee226"",""yes_price_dollars"":""0.5000""}"
KXBTC15M-26APR271830-30,f433f4f7-d6b0-656c-d4a4-c8c7415fea43,1777328131,0.5,1.0,no,"{""count_fp"":""1.00"",""created_time"":""2026-04-27T22:15:31.038781Z"",""no_price_dollars"":""0.5000"",""taker_side"":""no"",""ticker"":""KXBTC15M-26APR271830-30"",""trade_id"":""f433f4f7-d6b0-656c-d4a4-c8c7415fea43"",""yes_price_dollars"":""0.5000""}"
KXBTC15M-26APR271830-30,de6e772f-212c-6282-c4ce-2d1ce6cc6983,1777328131,0.51,14.0,no,"{""count_fp"":""14.00"",""created_time"":""2026-04-27T22:15:31.014216Z"",""no_price_dollars"":""0.4900"",""taker_side"":""no"",""ticker"":""KXBTC15M-26APR271830-30"",""trade_id"":""de6e772f-212c-6282-c4ce-2d1ce6cc6983"",""yes_price_dollars"":""0.5100""}"
KXBTC15M-26APR271830-30,be9bd9e9-f044-61c8-cd0c-e17d1830dd73,1777328131,0.5,39.0,no,"{""count_fp"":""39.00"",""created_time"":""2026-04-27T22:15:31.014216Z"",""no_price_dollars"":""0.5000"",""taker_side"":""no"",""ticker"":""KXBTC15M-26APR271830-30"",""trade_id"":""be9bd9e9-f044-61c8-cd0c-e17d1830dd73"",""yes_price_dollars"":""0.5000""}"
KXBTC15M-26APR271830-30,44480f0d-36e6-6a22-fda1-31f1428fafe4,1777328131,0.51,55.0,no,"{""count_fp"":""55.00"",""created_time"":""2026-04-27T22:15:31.014216Z"",""no_price_dollars"":""0.4900"",""taker_side"":""no"",""ticker"":""KXBTC15M-26APR271830-30"",""trade_id"":""44480f0d-36e6-6a22-fda1-31f1428fafe4"",""yes_price_dollars"":""0.5100""}"
KXBTC15M-26APR271830-30,83e5ee75-0975-5a79-c180-e5d851685945,1777328132,0.48,20.0,yes,"{""count_fp"":""20.00"",""created_time"":""2026-04-27T22:15:32.860037Z"",""no_price_dollars"":""0.5200"",""taker_side"":""yes"",""ticker"":""KXBTC15M-26APR271830-30"",""trade_id"":""83e5ee75-0975-5a79-c180-e5d851685945"",""yes_price_dollars"":""0.4800""}"
KXBTC15M-26APR271830-30,d618239a-57d1-5615-bfd7-30b2eb18ec11,1777328132,0.48,19.32,yes,"{""count_fp"":""19.32"",""created_time"":""2026-04-27T22:15:32.699759Z"",""no_price_dollars"":""0.5200"",""taker_side"":""yes"",""ticker"":""KXBTC15M-26APR271830-30"",""trade_id"":""d618239a-57d1-5615-bfd7-30b2eb18ec11"",""yes_price_dollars"":""0.4800""}"
KXBTC15M-26APR271830-30,99ce8050-cef7-4e5f-6b93-9d6556355454,1777328132,0.5,28.98,yes,"{""count_fp"":""28.98"",""created_time"":""2026-04-27T22:15:32.443537Z"",""no_price_dollars"":""0.5000"",""taker_side"":""yes"",""ticker"":""KXBTC15M-26APR271830-30"",""trade_id"":""99ce8050-cef7-4e5f-6b93-9d6556355454"",""yes_price_dollars"":""0.5000""}"
KXBTC15M-26APR271830-30,75998d32-49b7-5ac7-6f75-67742b7a7460,1777328132,0.5,19.32,yes,"{""count_fp"":""19.32"",""created_time"":""2026-04-27T22:15:32.385713Z"",""no_price_dollars"":""0.5000"",""taker_side"":""yes"",""ticker"":""KXBTC15M-26APR271830-30"",""trade_id"":""75998d32-49b7-5ac7-6f75-67742b7a7460"",""yes_price_dollars"":""0.5000""}"
KXBTC15M-26APR271830-30,e41ff77b-7b2f-583b-6d6c-f72740c8594c,1777328132,0.5,5.02,yes,"{""count_fp"":""5.02"",""created_time"":""2026-04-27T22:15:32.249361Z"",""no_price_dollars"":""0.5000"",""taker_side"":""yes"",""ticker"":""KXBTC15M-26APR271830-30"",""trade_id"":""e41ff77b-7b2f-583b-6d6c-f72740c8594c"",""yes_price_dollars"":""0.5000""}"
KXBTC15M-26APR271830-30,2db3fdba-ef03-50e7-37bd-3909b77103a4,1777328132,0.5,1.0,yes,"{""count_fp"":""1.00"",""created_time"":""2026-04-27T22:15:32.117711Z"",""no_price_dollars"":""0.5000"",""taker_side"":""yes"",""ticker"":""KXBTC15M-26APR271830-30"",""trade_id"":""2db3fdba-ef03-50e7-37bd-3909b77103a4"",""yes_price_dollars"":""0.5000""}"
KXBTC15M-26APR271830-30,ebf2d5df-57f7-72f3-4fd8-8d54726f87b4,1777328132,0.5,10.0,yes,"{""count_fp"":""10.00"",""created_time"":""2026-04-27T22:15:32.013443Z"",""no_price_dollars"":""0.5000"",""taker_side"":""yes"",""ticker"":""KXBTC15M-26APR271830-30"",""trade_id"":""ebf2d5df-57f7-72f3-4fd8-8d54726f87b4"",""yes_price_dollars"":""0.5000""}"
KXBTC15M-26APR271830-30,14eb9ef0-6c83-4d67-cb1a-2f0336c4051c,1777328133,0.47,42.57,yes,"{""count_fp"":""42.57"",""created_time"":""2026-04-27T22:15:33.546235Z"",""no_price_dollars"":""0.5300"",""taker_side"":""yes"",""ticker"":""KXBTC15M-26APR271830-30"",""trade_id"":""14eb9ef0-6c83-4d67-cb1a-2f0336c4051c"",""yes_price_dollars"":""0.4700""}"
KXBTC15M-26APR271830-30,79586e80-d5ab-53fb-bf30-3c34d2cb4794,1777328133,0.47,1.0,yes,"{""count_fp"":""1.00"",""created_time"":""2026-04-27T22:15:33.456098Z"",""no_price_dollars"":""0.5300"",""taker_side"":""yes"",""ticker"":""KXBTC15M-26APR271830-30"",""trade_id"":""79586e80-d5ab-53fb-bf30-3c34d2cb4794"",""yes_price_dollars"":""0.4700""}"
KXBTC15M-26APR271830-30,dc86a777-3a23-7258-1246-a3ea104805e1,1777328133,0.47,0.29,no,"{""count_fp"":""0.29"",""created_time"":""2026-04-27T22:15:33.315248Z"",""no_price_dollars"":""0.5300"",""taker_side"":""no"",""ticker"":""KXBTC15M-26APR271830-30"",""trade_id"":""dc86a777-3a23-7258-1246-a3ea104805e1"",""yes_price_dollars"":""0.4700""}"
KXBTC15M-26APR271830-30,89fe8387-6243-7dbf-0fb9-198efb70646b,1777328133,0.46,2.75,no,"{""count_fp"":""2.75"",""created_time"":""2026-04-27T22:15:33.315248Z"",""no_price_dollars"":""0.5400"",""taker_side"":""no"",""ticker"":""KXBTC15M-26APR271830-30"",""trade_id"":""89fe8387-6243-7dbf-0fb9-198efb70646b"",""yes_price_dollars"":""0.4600""}"
KXBTC15M-26APR271830-30,48efbf88-ab8d-7835-2479-7882cf1f7703,1777328133,0.46,3.0,no,"{""count_fp"":""3.00"",""created_time"":""2026-04-27T22:15:33.315248Z"",""no_price_dollars"":""0.5400"",""taker_side"":""no"",""ticker"":""KXBTC15M-26APR271830-30"",""trade_id"":""48efbf88-ab8d-7835-2479-7882cf1f7703"",""yes_price_dollars"":""0.4600""}"
KXBTC15M-26APR271830-30,4207c684-749d-716b-343a-b522f5eefdc5,1777328133,0.47,3.0,no,"{""count_fp"":""3.00"",""created_time"":""2026-04-27T22:15:33.315248Z"",""no_price_dollars"":""0.5300"",""taker_side"":""no"",""ticker"":""KXBTC15M-26APR271830-30"",""trade_id"":""4207c684-749d-716b-343a-b522f5eefdc5"",""yes_price_dollars"":""0.4700""}"
KXBTC15M-26APR271830-30,2d411adf-eac3-5a83-47d2-5e5a421d44c0,1777328134,0.47,5.68,yes,"{""count_fp"":""5.68"",""created_time"":""2026-04-27T22:15:34.972095Z"",""no_price_dollars"":""0.5300"",""taker_side"":""yes"",""ticker"":""KXBTC15M-26APR271830-30"",""trade_id"":""2d411adf-eac3-5a83-47d2-5e5a421d44c0"",""yes_price_dollars"":""0.4700""}"
KXBTC15M-26APR271830-30,cf454deb-15f0-48ad-61f4-cf9b11ef8884,1777328134,0.46,39.0,no,"{""count_fp"":""39.00"",""created_time"":""2026-04-27T22:15:34.919938Z"",""no_price_dollars"":""0.5400"",""taker_side"":""no"",""ticker"":""KXBTC15M-26APR271830-30"",""trade_id"":""cf454deb-15f0-48ad-61f4-cf9b11ef8884"",""yes_price_dollars"":""0.4600""}"
KXBTC15M-26APR271830-30,cd847b4c-c0ac-48ee-4710-315572db5638,1777328134,0.46,5.85,no,"{""count_fp"":""5.85"",""created_time"":""2026-04-27T22:15:34.919938Z"",""no_price_dollars"":""0.5400"",""taker_side"":""no"",""ticker"":""KXBTC15M-26APR271830-30"",""trade_id"":""cd847b4c-c0ac-48ee-4710-315572db5638"",""yes_price_dollars"":""0.4600""}"
KXBTC15M-26APR271830-30,f37d4a03-1883-40cf-b3b0-cf4aa69aa808,1777328134,0.47,19.91,yes,"{""count_fp"":""19.91"",""created_time"":""2026-04-27T22:15:34.597386Z"",""no_price_dollars"":""0.5300"",""taker_side"":""yes"",""ticker"":""KXBTC15M-26APR271830-30"",""trade_id"":""f37d4a03-1883-40cf-b3b0-cf4aa69aa808"",""yes_price_dollars"":""0.4700""}"
KXBTC15M-26APR271830-30,bab5b376-173f-568b-8bd0-213152e2ab88,1777328134,0.47,2.0,yes,"{""count_fp"":""2.00"",""created_time"":""2026-04-27T22:15:34.468966Z"",""no_price_dollars"":""0.5300"",""taker_side"":""yes"",""ticker"":""KXBTC15M-26APR271830-30"",""trade_id"":""bab5b376-173f-568b-8bd0-213152e2ab88"",""yes_price_dollars"":""0.4700""}"
KXBTC15M-26APR271830-30,96257e6d-af03-4af7-97a1-91839f9b0790,1777328134,0.47,4.0,yes,"{""count_fp"":""4.00"",""created_time"":""2026-04-27T22:15:34.152778Z"",""no_price_dollars"":""0.5300"",""taker_side"":""yes"",""ticker"":""KXBTC15M-26APR271830-30"",""trade_id"":""96257e6d-af03-4af7-97a1-91839f9b0790"",""yes_price_dollars"":""0.4700""}"
KXBTC15M-26APR271830-30,5a12af2e-e2f8-4b3a-d2b8-d183e6e91864,1777328135,0.46,0.89,no,"{""count_fp"":""0.89"",""created_time"":""2026-04-27T22:15:35.609365Z"",""no_price_dollars"":""0.5400"",""taker_side"":""no"",""ticker"":""KXBTC15M-26APR271830-30"",""trade_id"":""5a12af2e-e2f8-4b3a-d2b8-d183e6e91864"",""yes_price_dollars"":""0.4600""}"
KXBTC15M-26APR271830-30,88cbab5e-2c2c-5b76-5d91-ef04af368194,1777328135,0.46,4.0,no,"{""count_fp"":""4.00"",""created_time"":""2026-04-27T22:15:35.574096Z"",""no_price_dollars"":""0.5400"",""taker_side"":""no"",""ticker"":""KXBTC15M-26APR271830-30"",""trade_id"":""88cbab5e-2c2c-5b76-5d91-ef04af368194"",""yes_price_dollars"":""0.4600""}"
KXBTC15M-26APR271830-30,5fbc02b4-776f-7f5b-9e02-6a34410f1410,1777328135,0.47,4.1,yes,"{""count_fp"":""4.10"",""created_time"":""2026-04-27T22:15:35.239086Z"",""no_price_dollars"":""0.5300"",""taker_side"":""yes"",""ticker"":""KXBTC15M-26APR271830-30"",""trade_id"":""5fbc02b4-776f-7f5b-9e02-6a34410f1410"",""yes_price_dollars"":""0.4700""}"
KXBTC15M-26APR271830-30,f177469d-159f-7acf-8b98-dfe27a664f10,1777328135,0.47,102.0,yes,"{""count_fp"":""102.00"",""created_time"":""2026-04-27T22:15:35.073566Z"",""no_price_dollars"":""0.5300"",""taker_side"":""yes"",""ticker"":""KXBTC15M-26APR271830-30"",""trade_id"":""f177469d-159f-7acf-8b98-dfe27a664f10"",""yes_price_dollars"":""0.4700""}"
KXBTC15M-26APR271830-30,8e43327a-5b03-69f8-b94d-7d8c2af6ccf1,1777328136,0.46,1.0,yes,"{""count_fp"":""1.00"",""created_time"":""2026-04-27T22:15:36.956131Z"",""no_price_dollars"":""0.5400"",""taker_side"":""yes"",""ticker"":""KXBTC15M-26APR271830-30"",""trade_id"":""8e43327a-5b03-69f8-b94d-7d8c2af6ccf1"",""yes_price_dollars"":""0.4600""}"
KXBTC15M-26APR271830-30,4a2a89c3-4bf7-70b4-6075-a4064f99e871,1777328136,0.46,21.86,yes,"{""count_fp"":""21.86"",""created_time"":""2026-04-27T22:15:36.605415Z"",""no_price_dollars"":""0.5400"",""taker_side"":""yes"",""ticker"":""KXBTC15M-26APR271830-30"",""trade_id"":""4a2a89c3-4bf7-70b4-6075-a4064f99e871"",""yes_price_dollars"":""0.4600""}"
KXBTC15M-26APR271830-30,66b2d7b1-556b-7910-670d-367fdc05e2ad,1777328136,0.46,6.56,yes,"{""count_fp"":""6.56"",""created_time"":""2026-04-27T22:15:36.446445Z"",""no_price_dollars"":""0.5400"",""taker_side"":""yes"",""ticker"":""KXBTC15M-26APR271830-30"",""trade_id"":""66b2d7b1-556b-7910-670d-367fdc05e2ad"",""yes_price_dollars"":""0.4600""}"
KXBTC15M-26APR271830-30,54954d97-4bd7-473c-7001-c36c4afc2b59,1777328136,0.46,445.17,yes,"{""count_fp"":""445.17"",""created_time"":""2026-04-27T22:15:36.172051Z"",""no_price_dollars"":""0.5400"",""taker_side"":""yes"",""ticker"":""KXBTC15M-26APR271830-30"",""trade_id"":""54954d97-4bd7-473c-7001-c36c4afc2b59"",""yes_price_dollars"":""0.4600""}"
KXBTC15M-26APR271830-30,314e5e2d-a832-7fd1-bedc-f2d9468d6f83,1777328137,0.46,102.57,yes,"{""count_fp"":""102.57"",""created_time"":""2026-04-27T22:15:37.904537Z"",""no_price_dollars"":""0.5400"",""taker_side"":""yes"",""ticker"":""KXBTC15M-26APR271830-30"",""trade_id"":""314e5e2d-a832-7fd1-bedc-f2d9468d6f83"",""yes_price_dollars"":""0.4600""}"
KXBTC15M-26APR271830-30,8f91c63f-c54b-52b0-8cc5-fcbaf91011ad,1777328137,0.45,10.0,no,"{""count_fp"":""10.00"",""created_time"":""2026-04-27T22:15:37.884348Z"",""no_price_dollars"":""0.5500"",""taker_side"":""no"",""ticker"":""KXBTC15M-26APR271830-30"",""trade_id"":""8f91c63f-c54b-52b0-8cc5-fcbaf91011ad"",""yes_price_dollars"":""0.4500""}"
KXBTC15M-26APR271830-30,15b993d9-4fa6-6bb1-6d58-9d1bb793ed33,1777328137,0.46,32.02,yes,"{""count_fp"":""32.02"",""created_time"":""2026-04-27T22:15:37.184383Z"",""no_price_dollars"":""0.5400"",""taker_side"":""yes"",""ticker"":""KXBTC15M-26APR271830-30"",""trade_id"":""15b993d9-4fa6-6bb1-6d58-9d1bb793ed33"",""yes_price_dollars"":""0.4600""}"
KXBTC15M-26APR271830-30,060b5493-47a7-63a4-6bd9-71a2f63c1991,1777328137,0.46,4.9,yes,"{""count_fp"":""4.90"",""created_time"":""2026-04-27T22:15:37.184383Z"",""no_price_dollars"":""0.5400"",""taker_side"":""yes"",""ticker"":""KXBTC15M-26APR271830-30"",""trade_id"":""060b5493-47a7-63a4-6bd9-71a2f63c1991"",""yes_price_dollars"":""0.4600""}"
KXBTC15M-26APR271830-30,63c70cce-b0b7-5b0c-868c-53a5ce443281,1777328137,0.46,20.51,yes,"{""count_fp"":""20.51"",""created_time"":""2026-04-27T22:15:37.032878Z"",""no_price_dollars"":""0.5400"",""taker_side"":""yes"",""ticker"":""KXBTC15M-26APR271830-30"",""trade_id"":""63c70cce-b0b7-5b0c-868c-53a5ce443281"",""yes_price_dollars"":""0.4600""}"
KXBTC15M-26APR271830-30,3b11c810-f5d2-5a89-32a0-54a7ed2b7527,1777328138,0.45,94.26,yes,"{""count_fp"":""94.26"",""created_time"":""2026-04-27T22:15:38.785371Z"",""no_price_dollars"":""0.5500"",""taker_side"":""yes"",""ticker"":""KXBTC15M-26APR271830-30"",""trade_id"":""3b11c810-f5d2-5a89-32a0-54a7ed2b7527"",""yes_price_dollars"":""0.4500""}"
KXBTC15M-26APR271830-30,096a9ee1-8332-5995-1edb-961752af73ab,1777328138,0.45,12.3,yes,"{""count_fp"":""12.30"",""created_time"":""2026-04-27T22:15:38.564423Z"",""no_price_dollars"":""0.5500"",""taker_side"":""yes"",""ticker"":""KXBTC15M-26APR271830-30"",""trade_id"":""096a9ee1-8332-5995-1edb-961752af73ab"",""yes_price_dollars"":""0.4500""}"
KXBTC15M-26APR271830-30,6b3f33b5-34ae-6039-5b56-75caf8b6965f,1777328138,0.45,25.12,yes,"{""count_fp"":""25.12"",""created_time"":""2026-04-27T22:15:38.440424Z"",""no_price_dollars"":""0.5500"",""taker_side"":""yes"",""ticker"":""KXBTC15M-26APR271830-30"",""trade_id"":""6b3f33b5-34ae-6039-5b56-75caf8b6965f"",""yes_price_dollars"":""0.4500""}"
KXBTC15M-26APR271830-30,c95b7b2a-4252-64e9-086f-e912bebd55cb,1777328138,0.45,4.18,yes,"{""count_fp"":""4.18"",""created_time"":""2026-04-27T22:15:38.411323Z"",""no_price_dollars"":""0.5500"",""taker_side"":""yes"",""ticker"":""KXBTC15M-26APR271830-30"",""trade_id"":""c95b7b2a-4252-64e9-086f-e912bebd55cb"",""yes_price_dollars"":""0.4500""}"
KXBTC15M-26APR271830-30,cf4ae68f-9d9d-610c-2d52-86300b7f5ce3,1777328138,0.44,3.0,no,"{""count_fp"":""3.00"",""created_time"":""2026-04-27T22:15:38.237662Z"",""no_price_dollars"":""0.5600"",""taker_side"":""no"",""ticker"":""KXBTC15M-26APR271830-30"",""trade_id"":""cf4ae68f-9d9d-610c-2d52-86300b7f5ce3"",""yes_price_dollars"":""0.4400""}"
KXBTC15M-26APR271830-30,94085b13-9ca8-6a4a-2274-cedab7def886,1777328138,0.44,10.0,no,"{""count_fp"":""10.00"",""created_time"":""2026-04-27T22:15:38.237662Z"",""no_price_dollars"":""0.5600"",""taker_side"":""no"",""ticker"":""KXBTC15M-26APR271830-30"",""trade_id"":""94085b13-9ca8-6a4a-2274-cedab7def886"",""yes_price_dollars"":""0.4400""}"
KXBTC15M-26APR271830-30,3d04d704-027f-6d3d-34ab-55d67e914cd4,1777328138,0.44,40.0,no,"{""count_fp"":""40.00"",""created_time"":""2026-04-27T22:15:38.237662Z"",""no_price_dollars"":""0.5600"",""taker_side"":""no"",""ticker"":""KXBTC15M-26APR271830-30"",""trade_id"":""3d04d704-027f-6d3d-34ab-55d67e914cd4"",""yes_price_dollars"":""0.4400""}"
KXBTC15M-26APR271830-30,1fa15eae-bec6-6c28-3f20-b1326d2629d1,1777328138,0.44,3.0,no,"{""count_fp"":""3.00"",""created_time"":""2026-04-27T22:15:38.237662Z"",""no_price_dollars"":""0.5600"",""taker_side"":""no"",""ticker"":""KXBTC15M-26APR271830-30"",""trade_id"":""1fa15eae-bec6-6c28-3f20-b1326d2629d1"",""yes_price_dollars"":""0.4400""}"
KXBTC15M-26APR271830-30,6455c1cc-fbb0-4c98-7f08-7903d254a076,1777328138,0.45,6.03,no,"{""count_fp"":""6.03"",""created_time"":""2026-04-27T22:15:38.194174Z"",""no_price_dollars"":""0.5500"",""taker_side"":""no"",""ticker"":""KXBTC15M-26APR271830-30"",""trade_id"":""6455c1cc-fbb0-4c98-7f08-7903d254a076"",""yes_price_dollars"":""0.4500""}"
KXBTC15M-26APR271830-30,efaa06d8-467a-5add-97c0-a438d232910b,1777328138,0.46,1.0,yes,"{""count_fp"":""1.00"",""created_time"":""2026-04-27T22:15:38.094278Z"",""no_price_dollars"":""0.5400"",""taker_side"":""yes"",""ticker"":""KXBTC15M-26APR271830-30"",""trade_id"":""efaa06d8-467a-5add-97c0-a438d232910b"",""yes_price_dollars"":""0.4600""}"
KXBTC15M-26APR271830-30,f12e6c0e-f230-68c9-8b8c-3a9ae249dff4,1777328138,0.45,3.0,no,"{""count_fp"":""3.00"",""created_time"":""2026-04-27T22:15:38.061493Z"",""no_price_dollars"":""0.5500"",""taker_side"":""no"",""ticker"":""KXBTC15M-26APR271830-30"",""trade_id"":""f12e6c0e-f230-68c9-8b8c-3a9ae249dff4"",""yes_price_dollars"":""0.4500""}"
KXBTC15M-26APR271830-30,d78841a8-60ef-683c-a0cd-636145768ad1,1777328138,0.45,30.0,no,"{""count_fp"":""30.00"",""created_time"":""2026-04-27T22:15:38.061493Z"",""no_price_dollars"":""0.5500"",""taker_side"":""no"",""ticker"":""KXBTC15M-26APR271830-30"",""trade_id"":""d78841a8-60ef-683c-a0cd-636145768ad1"",""yes_price_dollars"":""0.4500""}"
KXBTC15M-26APR271830-30,aaf5859a-5b22-687c-8a6b-efd16e614548,1777328138,0.45,0.28,no,"{""count_fp"":""0.28"",""created_time"":""2026-04-27T22:15:38.061493Z"",""no_price_dollars"":""0.5500"",""taker_side"":""no"",""ticker"":""KXBTC15M-26APR271830-30"",""trade_id"":""aaf5859a-5b22-687c-8a6b-efd16e614548"",""yes_price_dollars"":""0.4500""}"
KXBTC15M-26APR271830-30,16b9c600-6c88-6e50-b139-cba47dc8a3b6,1777328138,0.45,1.97,no,"{""count_fp"":""1.97"",""created_time"":""2026-04-27T22:15:38.061493Z"",""no_price_dollars"":""0.5500"",""taker_side"":""no"",""ticker"":""KXBTC15M-26APR271830-30"",""trade_id"":""16b9c600-6c88-6e50-b139-cba47dc8a3b6"",""yes_price_dollars"":""0.4500""}"
KXBTC15M-26APR271830-30,11caa488-06aa-69f1-3d4e-7571a5725283,1777328139,0.45,2.0,yes,"{""count_fp"":""2.00"",""created_time"":""2026-04-27T22:15:39.948256Z"",""no_price_dollars"":""0.5500"",""taker_side"":""yes"",""ticker"":""KXBTC15M-26APR271830-30"",""trade_id"":""11caa488-06aa-69f1-3d4e-7571a5725283"",""yes_price_dollars"":""0.4500""}"
KXBTC15M-26APR271830-30,44bdb35f-73f2-6665-f973-0dea0373f5ef,1777328139,0.45,9.77,yes,"{""count_fp"":""9.77"",""created_time"":""2026-04-27T22:15:39.652566Z"",""no_price_dollars"":""0.5500"",""taker_side"":""yes"",""ticker"":""KXBTC15M-26APR271830-30"",""trade_id"":""44bdb35f-73f2-6665-f973-0dea0373f5ef"",""yes_price_dollars"":""0.4500""}"
KXBTC15M-26APR271830-30,b4c228e2-563a-79d5-4058-94f321f71bb7,1777328139,0.45,100.0,yes,"{""count_fp"":""100.00"",""created_time"":""2026-04-27T22:15:39.336645Z"",""no_price_dollars"":""0.5500"",""taker_side"":""yes"",""ticker"":""KXBTC15M-26APR271830-30"",""trade_id"":""b4c228e2-563a-79d5-4058-94f321f71bb7"",""yes_price_dollars"":""0.4500""}"
KXBTC15M-26APR271830-30,7c1b8f89-491e-5259-3de8-f5038359d8bf,1777328139,0.45,31.42,yes,"{""count_fp"":""31.42"",""created_time"":""2026-04-27T22:15:39.319287Z"",""no_price_dollars"":""0.5500"",""taker_side"":""yes"",""ticker"":""KXBTC15M-26APR271830-30"",""trade_id"":""7c1b8f89-491e-5259-3de8-f5038359d8bf"",""yes_price_dollars"":""0.4500""}"
KXBTC15M-26APR271830-30,64e450e1-1cae-47a5-504e-e87648bab6fb,1777328139,0.45,56.53,yes,"{""count_fp"":""56.53"",""created_time"":""2026-04-27T22:15:39.256856Z"",""no_price_dollars"":""0.5500"",""taker_side"":""yes"",""ticker"":""KXBTC15M-26APR271830-30"",""trade_id"":""64e450e1-1cae-47a5-504e-e87648bab6fb"",""yes_price_dollars"":""0.4500""}"
KXBTC15M-26APR271830-30,51a0e6a0-3196-4cd9-4221-a5e355e0c1bf,1777328140,0.45,52.36,yes,"{""count_fp"":""52.36"",""created_time"":""2026-04-27T22:15:40.546711Z"",""no_price_dollars"":""0.5500"",""taker_side"":""yes"",""ticker"":""KXBTC15M-26APR271830-30"",""trade_id"":""51a0e6a0-3196-4cd9-4221-a5e355e0c1bf"",""yes_price_dollars"":""0.4500""}"
KXBTC15M-26APR271830-30,b0fef891-8bb2-6d69-ff6a-59fa56fa7683,1777328140,0.45,42.79,yes,"{""count_fp"":""42.79"",""created_time"":""2026-04-27T22:15:40.444059Z"",""no_price_dollars"":""0.5500"",""taker_side"":""yes"",""ticker"":""KXBTC15M-26APR271830-30"",""trade_id"":""b0fef891-8bb2-6d69-ff6a-59fa56fa7683"",""yes_price_dollars"":""0.4500""}"
KXBTC15M-26APR271830-30,bfd50c61-48d2-7751-5e8f-a844cdac573f,1777328140,0.45,21.86,yes,"{""count_fp"":""21.86"",""created_time"":""2026-04-27T22:15:40.078261Z"",""no_price_dollars"":""0.5500"",""taker_side"":""yes"",""ticker"":""KXBTC15M-26APR271830-30"",""trade_id"":""bfd50c61-48d2-7751-5e8f-a844cdac573f"",""yes_price_dollars"":""0.4500""}"
KXBTC15M-26APR271830-30,89a8d24b-9372-47f1-8e5c-6d3dca977bb3,1777328141,0.45,106.99,yes,"{""count_fp"":""106.99"",""created_time"":""2026-04-27T22:15:41.949725Z"",""no_price_dollars"":""0.5500"",""taker_side"":""yes"",""ticker"":""KXBTC15M-26APR271830-30"",""trade_id"":""89a8d24b-9372-47f1-8e5c-6d3dca977bb3"",""yes_price_dollars"":""0.4500""}"
KXBTC15M-26APR271830-30,9af0a53a-8457-59c8-41e3-bf21403c716d,1777328141,0.44,2.0,no,"{""count_fp"":""2.00"",""created_time"":""2026-04-27T22:15:41.622131Z"",""no_price_dollars"":""0.5600"",""taker_side"":""no"",""ticker"":""KXBTC15M-26APR271830-30"",""trade_id"":""9af0a53a-8457-59c8-41e3-bf21403c716d"",""yes_price_dollars"":""0.4400""}"
KXBTC15M-26APR271830-30,3faf62d8-9bea-488d-f9a6-6ee64b90b8e3,1777328141,0.45,21.39,yes,"{""count_fp"":""21.39"",""created_time"":""2026-04-27T22:15:41.424015Z"",""no_price_dollars"":""0.5500"",""taker_side"":""yes"",""ticker"":""KXBTC15M-26APR271830-30"",""trade_id"":""3faf62d8-9bea-488d-f9a6-6ee64b90b8e3"",""yes_price_dollars"":""0.4500""}"
KXBTC15M-26APR271830-30,e4a95ff9-32b7-5790-72b5-13b05d8df329,1777328141,0.44,3.44,no,"{""count_fp"":""3.44"",""created_time"":""2026-04-27T22:15:41.302934Z"",""no_price_dollars"":""0.5600"",""taker_side"":""no"",""ticker"":""KXBTC15M-26APR271830-30"",""trade_id"":""e4a95ff9-32b7-5790-72b5-13b05d8df329"",""yes_price_dollars"":""0.4400""}"
KXBTC15M-26APR271830-30,9981f091-60de-4f7d-1d1e-995f19051cab,1777328141,0.45,27.81,yes,"{""count_fp"":""27.81"",""created_time"":""2026-04-27T22:15:41.078737Z"",""no_price_dollars"":""0.5500"",""taker_side"":""yes"",""ticker"":""KXBTC15M-26APR271830-30"",""trade_id"":""9981f091-60de-4f7d-1d1e-995f19051cab"",""yes_price_dollars"":""0.4500""}"
KXBTC15M-26APR271830-30,c650322d-ea22-6409-2c26-deccd04c78c3,1777328141,0.45,10.69,yes,"{""count_fp"":""10.69"",""created_time"":""2026-04-27T22:15:41.004682Z"",""no_price_dollars"":""0.5500"",""taker_side"":""yes"",""ticker"":""KXBTC15M-26APR271830-30"",""trade_id"":""c650322d-ea22-6409-2c26-deccd04c78c3"",""yes_price_dollars"":""0.4500""}"
KXBTC15M-26APR271830-30,32c2edf9-6746-4e95-715e-88c63c884fa3,1777328142,0.45,10.69,yes,"{""count_fp"":""10.69"",""created_time"":""2026-04-27T22:15:42.588356Z"",""no_price_dollars"":""0.5500"",""taker_side"":""yes"",""ticker"":""KXBTC15M-26APR271830-30"",""trade_id"":""32c2edf9-6746-4e95-715e-88c63c884fa3"",""yes_price_dollars"":""0.4500""}"
KXBTC15M-26APR271830-30,d4abd45e-71a2-71a1-38ec-5efe27869c73,1777328142,0.45,2.13,yes,"{""count_fp"":""2.13"",""created_time"":""2026-04-27T22:15:42.421655Z"",""no_price_dollars"":""0.5500"",""taker_side"":""yes"",""ticker"":""KXBTC15M-26APR271830-30"",""trade_id"":""d4abd45e-71a2-71a1-38ec-5efe27869c73"",""yes_price_dollars"":""0.4500""}"
KXBTC15M-26APR271830-30,ed862d4a-c81b-741c-e9f8-25daef79c399,1777328142,0.44,13.56,no,"{""count_fp"":""13.56"",""created_time"":""2026-04-27T22:15:42.122004Z"",""no_price_dollars"":""0.5600"",""taker_side"":""no"",""ticker"":""KXBTC15M-26APR271830-30"",""trade_id"":""ed862d4a-c81b-741c-e9f8-25daef79c399"",""yes_price_dollars"":""0.4400""}"
KXBTC15M-26APR271830-30,c2389eaa-1e41-7ea7-d6aa-b178a2d391a0,1777328142,0.43,3.41,no,"{""count_fp"":""3.41"",""created_time"":""2026-04-27T22:15:42.122004Z"",""no_price_dollars"":""0.5700"",""taker_side"":""no"",""ticker"":""KXBTC15M-26APR271830-30"",""trade_id"":""c2389eaa-1e41-7ea7-d6aa-b178a2d391a0"",""yes_price_dollars"":""0.4300""}"
KXBTC15M-26APR271830-30,0c4daa92-53b2-70c9-5f8d-e0025bdc7cef,1777328143,0.45,32.09,yes,"{""count_fp"":""32.09"",""created_time"":""2026-04-27T22:15:43.714316Z"",""no_price_dollars"":""0.5500"",""taker_side"":""yes"",""ticker"":""KXBTC15M-26APR271830-30"",""trade_id"":""0c4daa92-53b2-70c9-5f8d-e0025bdc7cef"",""yes_price_dollars"":""0.4500""}"
KXBTC15M-26APR271830-30,fc626b99-bbec-5376-dc73-5372464baf05,1777328143,0.44,24.91,no,"{""count_fp"":""24.91"",""created_time"":""2026-04-27T22:15:43.698334Z"",""no_price_dollars"":""0.5600"",""taker_side"":""no"",""ticker"":""KXBTC15M-26APR271830-30"",""trade_id"":""fc626b99-bbec-5376-dc73-5372464baf05"",""yes_price_dollars"":""0.4400""}"
KXBTC15M-26APR271830-30,281922c5-d939-599b-f151-5fa430d4eb08,1777328143,0.43,0.63,no,"{""count_fp"":""0.63"",""created_time"":""2026-04-27T22:15:43.698334Z"",""no_price_dollars"":""0.5700"",""taker_side"":""no"",""ticker"":""KXBTC15M-26APR271830-30"",""trade_id"":""281922c5-d939-599b-f151-5fa430d4eb08"",""yes_price_dollars"":""0.4300""}"
KXBTC15M-26APR271830-30,d515235f-cbd2-46b1-acb1-c0f617c48277,1777328143,0.45,1.67,yes,"{""count_fp"":""1.67"",""created_time"":""2026-04-27T22:15:43.684119Z"",""no_price_dollars"":""0.5500"",""taker_side"":""yes"",""ticker"":""KXBTC15M-26APR271830-30"",""trade_id"":""d515235f-cbd2-46b1-acb1-c0f617c48277"",""yes_price_dollars"":""0.4500""}"
