ticker,trade_id,ts,yes_price,count,taker_side,raw_json
KXBTC15M-26APR281530-30,feec7de9-00c1-5938-eecc-c7e352bb8d2f,1777403704,0.46,4.0,no,"{""count_fp"":""4.00"",""created_time"":""2026-04-28T19:15:04.599059Z"",""no_price_dollars"":""0.5400"",""taker_side"":""no"",""ticker"":""KXBTC15M-26APR281530-30"",""trade_id"":""feec7de9-00c1-5938-eecc-c7e352bb8d2f"",""yes_price_dollars"":""0.4600""}"
KXBTC15M-26APR281530-30,f73f9b0e-c788-5907-ef4b-934e9a1caeb9,1777403704,0.46,8.0,no,"{""count_fp"":""8.00"",""created_time"":""2026-04-28T19:15:04.599059Z"",""no_price_dollars"":""0.5400"",""taker_side"":""no"",""ticker"":""KXBTC15M-26APR281530-30"",""trade_id"":""f73f9b0e-c788-5907-ef4b-934e9a1caeb9"",""yes_price_dollars"":""0.4600""}"
KXBTC15M-26APR281530-30,e86ea238-8b48-5ea1-df23-b9a6c18ddb5a,1777403704,0.46,12.42,no,"{""count_fp"":""12.42"",""created_time"":""2026-04-28T19:15:04.599059Z"",""no_price_dollars"":""0.5400"",""taker_side"":""no"",""ticker"":""KXBTC15M-26APR281530-30"",""trade_id"":""e86ea238-8b48-5ea1-df23-b9a6c18ddb5a"",""yes_price_dollars"":""0.4600""}"
KXBTC15M-26APR281530-30,e5f8e65c-52ed-5f53-c9c9-225877d17f34,1777403704,0.46,4.0,no,"{""count_fp"":""4.00"",""created_time"":""2026-04-28T19:15:04.599059Z"",""no_price_dollars"":""0.5400"",""taker_side"":""no"",""ticker"":""KXBTC15M-26APR281530-30"",""trade_id"":""e5f8e65c-52ed-5f53-c9c9-225877d17f34"",""yes_price_dollars"":""0.4600""}"
KXBTC15M-26APR281530-30,a07e6354-830b-5ddb-da57-c00b483729b5,1777403704,0.46,5.0,no,"{""count_fp"":""5.00"",""created_time"":""2026-04-28T19:15:04.599059Z"",""no_price_dollars"":""0.5400"",""taker_side"":""no"",""ticker"":""KXBTC15M-26APR281530-30"",""trade_id"":""a07e6354-830b-5ddb-da57-c00b483729b5"",""yes_price_dollars"":""0.4600""}"
KXBTC15M-26APR281530-30,5b39da28-a21f-5b25-fe03-7e27d851fbd1,1777403704,0.46,2.0,no,"{""count_fp"":""2.00"",""created_time"":""2026-04-28T19:15:04.599059Z"",""no_price_dollars"":""0.5400"",""taker_side"":""no"",""ticker"":""KXBTC15M-26APR281530-30"",""trade_id"":""5b39da28-a21f-5b25-fe03-7e27d851fbd1"",""yes_price_dollars"":""0.4600""}"
KXBTC15M-26APR281530-30,55665920-9982-59f7-c2c6-da459cb457c6,1777403704,0.46,1.0,no,"{""count_fp"":""1.00"",""created_time"":""2026-04-28T19:15:04.599059Z"",""no_price_dollars"":""0.5400"",""taker_side"":""no"",""ticker"":""KXBTC15M-26APR281530-30"",""trade_id"":""55665920-9982-59f7-c2c6-da459cb457c6"",""yes_price_dollars"":""0.4600""}"
KXBTC15M-26APR281530-30,4c76efcd-e7f4-5f54-f318-89e85568d182,1777403704,0.46,2.0,no,"{""count_fp"":""2.00"",""created_time"":""2026-04-28T19:15:04.599059Z"",""no_price_dollars"":""0.5400"",""taker_side"":""no"",""ticker"":""KXBTC15M-26APR281530-30"",""trade_id"":""4c76efcd-e7f4-5f54-f318-89e85568d182"",""yes_price_dollars"":""0.4600""}"
KXBTC15M-26APR281530-30,47f81ec0-08e9-5ea1-e656-768685816755,1777403704,0.46,120.0,no,"{""count_fp"":""120.00"",""created_time"":""2026-04-28T19:15:04.599059Z"",""no_price_dollars"":""0.5400"",""taker_side"":""no"",""ticker"":""KXBTC15M-26APR281530-30"",""trade_id"":""47f81ec0-08e9-5ea1-e656-768685816755"",""yes_price_dollars"":""0.4600""}"
KXBTC15M-26APR281530-30,2098277a-df0d-5a49-ffe4-db334133f163,1777403704,0.46,26.0,no,"{""count_fp"":""26.00"",""created_time"":""2026-04-28T19:15:04.599059Z"",""no_price_dollars"":""0.5400"",""taker_side"":""no"",""ticker"":""KXBTC15M-26APR281530-30"",""trade_id"":""2098277a-df0d-5a49-ffe4-db334133f163"",""yes_price_dollars"":""0.4600""}"
KXBTC15M-26APR281530-30,babdd12d-ca74-58e1-fa00-72aa24efd11e,1777403704,0.46,2.58,no,"{""count_fp"":""2.58"",""created_time"":""2026-04-28T19:15:04.377635Z"",""no_price_dollars"":""0.5400"",""taker_side"":""no"",""ticker"":""KXBTC15M-26APR281530-30"",""trade_id"":""babdd12d-ca74-58e1-fa00-72aa24efd11e"",""yes_price_dollars"":""0.4600""}"
KXBTC15M-26APR281530-30,72b06a99-30fb-5e47-e3a5-c864cbff06ba,1777403704,0.46,1.0,no,"{""count_fp"":""1.00"",""created_time"":""2026-04-28T19:15:04.377635Z"",""no_price_dollars"":""0.5400"",""taker_side"":""no"",""ticker"":""KXBTC15M-26APR281530-30"",""trade_id"":""72b06a99-30fb-5e47-e3a5-c864cbff06ba"",""yes_price_dollars"":""0.4600""}"
KXBTC15M-26APR281530-30,7a38ac70-f9c6-7fea-3c6d-f1b58d3f41e9,1777403705,0.45,10.0,no,"{""count_fp"":""10.00"",""created_time"":""2026-04-28T19:15:05.882732Z"",""no_price_dollars"":""0.5500"",""taker_side"":""no"",""ticker"":""KXBTC15M-26APR281530-30"",""trade_id"":""7a38ac70-f9c6-7fea-3c6d-f1b58d3f41e9"",""yes_price_dollars"":""0.4500""}"
KXBTC15M-26APR281530-30,7c5421dc-6779-51e3-1832-5a5305056396,1777403705,0.49,10.0,yes,"{""count_fp"":""10.00"",""created_time"":""2026-04-28T19:15:05.531037Z"",""no_price_dollars"":""0.5100"",""taker_side"":""yes"",""ticker"":""KXBTC15M-26APR281530-30"",""trade_id"":""7c5421dc-6779-51e3-1832-5a5305056396"",""yes_price_dollars"":""0.4900""}"
KXBTC15M-26APR281530-30,712e9f79-83ce-5f20-051c-c977bfd48c00,1777403705,0.5,1.37,yes,"{""count_fp"":""1.37"",""created_time"":""2026-04-28T19:15:05.531037Z"",""no_price_dollars"":""0.5000"",""taker_side"":""yes"",""ticker"":""KXBTC15M-26APR281530-30"",""trade_id"":""712e9f79-83ce-5f20-051c-c977bfd48c00"",""yes_price_dollars"":""0.5000""}"
KXBTC15M-26APR281530-30,32b8f733-41b1-5ff2-0d18-36db387888ed,1777403705,0.5,2.0,yes,"{""count_fp"":""2.00"",""created_time"":""2026-04-28T19:15:05.531037Z"",""no_price_dollars"":""0.5000"",""taker_side"":""yes"",""ticker"":""KXBTC15M-26APR281530-30"",""trade_id"":""32b8f733-41b1-5ff2-0d18-36db387888ed"",""yes_price_dollars"":""0.5000""}"
KXBTC15M-26APR281530-30,04252646-5a1b-59db-019c-323787b716a1,1777403705,0.48,65.0,yes,"{""count_fp"":""65.00"",""created_time"":""2026-04-28T19:15:05.531037Z"",""no_price_dollars"":""0.5200"",""taker_side"":""yes"",""ticker"":""KXBTC15M-26APR281530-30"",""trade_id"":""04252646-5a1b-59db-019c-323787b716a1"",""yes_price_dollars"":""0.4800""}"
KXBTC15M-26APR281530-30,9d138452-41a2-61a8-faa8-e92aeb9ea980,1777403705,0.43,0.29,no,"{""count_fp"":""0.29"",""created_time"":""2026-04-28T19:15:05.358986Z"",""no_price_dollars"":""0.5700"",""taker_side"":""no"",""ticker"":""KXBTC15M-26APR281530-30"",""trade_id"":""9d138452-41a2-61a8-faa8-e92aeb9ea980"",""yes_price_dollars"":""0.4300""}"
KXBTC15M-26APR281530-30,944242ca-7f36-6af6-ffe6-96b43fc436dd,1777403705,0.45,10.0,no,"{""count_fp"":""10.00"",""created_time"":""2026-04-28T19:15:05.358986Z"",""no_price_dollars"":""0.5500"",""taker_side"":""no"",""ticker"":""KXBTC15M-26APR281530-30"",""trade_id"":""944242ca-7f36-6af6-ffe6-96b43fc436dd"",""yes_price_dollars"":""0.4500""}"
KXBTC15M-26APR281530-30,2ea48bac-2fb3-6b44-ce6f-c04213679da0,1777403705,0.45,1.0,no,"{""count_fp"":""1.00"",""created_time"":""2026-04-28T19:15:05.358986Z"",""no_price_dollars"":""0.5500"",""taker_side"":""no"",""ticker"":""KXBTC15M-26APR281530-30"",""trade_id"":""2ea48bac-2fb3-6b44-ce6f-c04213679da0"",""yes_price_dollars"":""0.4500""}"
KXBTC15M-26APR281530-30,0e1e823d-c471-67a2-e53d-66a4ec9aa146,1777403705,0.44,1.0,no,"{""count_fp"":""1.00"",""created_time"":""2026-04-28T19:15:05.358986Z"",""no_price_dollars"":""0.5600"",""taker_side"":""no"",""ticker"":""KXBTC15M-26APR281530-30"",""trade_id"":""0e1e823d-c471-67a2-e53d-66a4ec9aa146"",""yes_price_dollars"":""0.4400""}"
KXBTC15M-26APR281530-30,7f58c379-4183-54ca-41de-c829aec36e31,1777403705,0.47,9.66,yes,"{""count_fp"":""9.66"",""created_time"":""2026-04-28T19:15:05.186692Z"",""no_price_dollars"":""0.5300"",""taker_side"":""yes"",""ticker"":""KXBTC15M-26APR281530-30"",""trade_id"":""7f58c379-4183-54ca-41de-c829aec36e31"",""yes_price_dollars"":""0.4700""}"
KXBTC15M-26APR281530-30,5de3a163-fa24-66ef-121e-ba757a77ac17,1777403706,0.45,20.0,yes,"{""count_fp"":""20.00"",""created_time"":""2026-04-28T19:15:06.493276Z"",""no_price_dollars"":""0.5500"",""taker_side"":""yes"",""ticker"":""KXBTC15M-26APR281530-30"",""trade_id"":""5de3a163-fa24-66ef-121e-ba757a77ac17"",""yes_price_dollars"":""0.4500""}"
KXBTC15M-26APR281530-30,f4b3e0f1-b6b2-6fc0-179f-93187815ae14,1777403706,0.43,0.71,no,"{""count_fp"":""0.71"",""created_time"":""2026-04-28T19:15:06.088777Z"",""no_price_dollars"":""0.5700"",""taker_side"":""no"",""ticker"":""KXBTC15M-26APR281530-30"",""trade_id"":""f4b3e0f1-b6b2-6fc0-179f-93187815ae14"",""yes_price_dollars"":""0.4300""}"
KXBTC15M-26APR281530-30,221c616b-9217-6dcc-336f-836e905dd960,1777403706,0.43,5.29,no,"{""count_fp"":""5.29"",""created_time"":""2026-04-28T19:15:06.088777Z"",""no_price_dollars"":""0.5700"",""taker_side"":""no"",""ticker"":""KXBTC15M-26APR281530-30"",""trade_id"":""221c616b-9217-6dcc-336f-836e905dd960"",""yes_price_dollars"":""0.4300""}"
KXBTC15M-26APR281530-30,8228947b-9176-73f3-4b7e-cef2db4bdf8a,1777403706,0.46,18.0,yes,"{""count_fp"":""18.00"",""created_time"":""2026-04-28T19:15:06.021737Z"",""no_price_dollars"":""0.5400"",""taker_side"":""yes"",""ticker"":""KXBTC15M-26APR281530-30"",""trade_id"":""8228947b-9176-73f3-4b7e-cef2db4bdf8a"",""yes_price_dollars"":""0.4600""}"
KXBTC15M-26APR281530-30,3b2450c2-d3c1-4552-4000-0f0f9852f26b,1777403707,0.41,7.0,no,"{""count_fp"":""7.00"",""created_time"":""2026-04-28T19:15:07.927296Z"",""no_price_dollars"":""0.5900"",""taker_side"":""no"",""ticker"":""KXBTC15M-26APR281530-30"",""trade_id"":""3b2450c2-d3c1-4552-4000-0f0f9852f26b"",""yes_price_dollars"":""0.4100""}"
KXBTC15M-26APR281530-30,8ed842e2-5384-63ab-c617-4754c744fa3d,1777403707,0.42,20.0,yes,"{""count_fp"":""20.00"",""created_time"":""2026-04-28T19:15:07.793117Z"",""no_price_dollars"":""0.5800"",""taker_side"":""yes"",""ticker"":""KXBTC15M-26APR281530-30"",""trade_id"":""8ed842e2-5384-63ab-c617-4754c744fa3d"",""yes_price_dollars"":""0.4200""}"
KXBTC15M-26APR281530-30,886fc3f7-5952-65b3-ef6d-17a8662ec256,1777403707,0.42,21.89,yes,"{""count_fp"":""21.89"",""created_time"":""2026-04-28T19:15:07.793117Z"",""no_price_dollars"":""0.5800"",""taker_side"":""yes"",""ticker"":""KXBTC15M-26APR281530-30"",""trade_id"":""886fc3f7-5952-65b3-ef6d-17a8662ec256"",""yes_price_dollars"":""0.4200""}"
KXBTC15M-26APR281530-30,915d190c-3d3d-7cd2-1bf2-cbaab167cbb3,1777403707,0.41,49.0,no,"{""count_fp"":""49.00"",""created_time"":""2026-04-28T19:15:07.715642Z"",""no_price_dollars"":""0.5900"",""taker_side"":""no"",""ticker"":""KXBTC15M-26APR281530-30"",""trade_id"":""915d190c-3d3d-7cd2-1bf2-cbaab167cbb3"",""yes_price_dollars"":""0.4100""}"
KXBTC15M-26APR281530-30,da29bc92-04ba-7ff7-ef04-55bc42fec4a8,1777403707,0.42,1.0,no,"{""count_fp"":""1.00"",""created_time"":""2026-04-28T19:15:07.677377Z"",""no_price_dollars"":""0.5800"",""taker_side"":""no"",""ticker"":""KXBTC15M-26APR281530-30"",""trade_id"":""da29bc92-04ba-7ff7-ef04-55bc42fec4a8"",""yes_price_dollars"":""0.4200""}"
KXBTC15M-26APR281530-30,37efcfe0-59d1-7752-ddf1-730a5c32f7b3,1777403707,0.41,7.24,no,"{""count_fp"":""7.24"",""created_time"":""2026-04-28T19:15:07.677377Z"",""no_price_dollars"":""0.5900"",""taker_side"":""no"",""ticker"":""KXBTC15M-26APR281530-30"",""trade_id"":""37efcfe0-59d1-7752-ddf1-730a5c32f7b3"",""yes_price_dollars"":""0.4100""}"
KXBTC15M-26APR281530-30,e1e5d2a0-4918-78ef-d18a-ca26032b95ef,1777403707,0.43,2.09,yes,"{""count_fp"":""2.09"",""created_time"":""2026-04-28T19:15:07.565238Z"",""no_price_dollars"":""0.5700"",""taker_side"":""yes"",""ticker"":""KXBTC15M-26APR281530-30"",""trade_id"":""e1e5d2a0-4918-78ef-d18a-ca26032b95ef"",""yes_price_dollars"":""0.4300""}"
KXBTC15M-26APR281530-30,84431280-1c6f-7765-5a7f-cdb7421b2748,1777403707,0.44,3.45,yes,"{""count_fp"":""3.45"",""created_time"":""2026-04-28T19:15:07.195723Z"",""no_price_dollars"":""0.5600"",""taker_side"":""yes"",""ticker"":""KXBTC15M-26APR281530-30"",""trade_id"":""84431280-1c6f-7765-5a7f-cdb7421b2748"",""yes_price_dollars"":""0.4400""}"
KXBTC15M-26APR281530-30,397987b9-0e54-7097-5d6c-989219d1c1b7,1777403707,0.44,87.0,yes,"{""count_fp"":""87.00"",""created_time"":""2026-04-28T19:15:07.195723Z"",""no_price_dollars"":""0.5600"",""taker_side"":""yes"",""ticker"":""KXBTC15M-26APR281530-30"",""trade_id"":""397987b9-0e54-7097-5d6c-989219d1c1b7"",""yes_price_dollars"":""0.4400""}"
KXBTC15M-26APR281530-30,9abfb3fa-0618-508b-f599-f2975585c347,1777403707,0.44,13.0,yes,"{""count_fp"":""13.00"",""created_time"":""2026-04-28T19:15:07.015862Z"",""no_price_dollars"":""0.5600"",""taker_side"":""yes"",""ticker"":""KXBTC15M-26APR281530-30"",""trade_id"":""9abfb3fa-0618-508b-f599-f2975585c347"",""yes_price_dollars"":""0.4400""}"
KXBTC15M-26APR281530-30,6c4cd222-dff9-4fda-9e1e-ff4dcbb3b37f,1777403708,0.41,7.0,no,"{""count_fp"":""7.00"",""created_time"":""2026-04-28T19:15:08.576963Z"",""no_price_dollars"":""0.5900"",""taker_side"":""no"",""ticker"":""KXBTC15M-26APR281530-30"",""trade_id"":""6c4cd222-dff9-4fda-9e1e-ff4dcbb3b37f"",""yes_price_dollars"":""0.4100""}"
KXBTC15M-26APR281530-30,fc6f4729-49fe-641b-cc0a-309f3b0b8b02,1777403708,0.42,5.11,yes,"{""count_fp"":""5.11"",""created_time"":""2026-04-28T19:15:08.537367Z"",""no_price_dollars"":""0.5800"",""taker_side"":""yes"",""ticker"":""KXBTC15M-26APR281530-30"",""trade_id"":""fc6f4729-49fe-641b-cc0a-309f3b0b8b02"",""yes_price_dollars"":""0.4200""}"
KXBTC15M-26APR281530-30,0a61dc0f-1832-6314-d789-c8faf075b351,1777403708,0.42,4.89,yes,"{""count_fp"":""4.89"",""created_time"":""2026-04-28T19:15:08.537367Z"",""no_price_dollars"":""0.5800"",""taker_side"":""yes"",""ticker"":""KXBTC15M-26APR281530-30"",""trade_id"":""0a61dc0f-1832-6314-d789-c8faf075b351"",""yes_price_dollars"":""0.4200""}"
KXBTC15M-26APR281530-30,e37246ca-bc15-6426-5dae-9263915c87a3,1777403708,0.41,30.0,no,"{""count_fp"":""30.00"",""created_time"":""2026-04-28T19:15:08.497237Z"",""no_price_dollars"":""0.5900"",""taker_side"":""no"",""ticker"":""KXBTC15M-26APR281530-30"",""trade_id"":""e37246ca-bc15-6426-5dae-9263915c87a3"",""yes_price_dollars"":""0.4100""}"
KXBTC15M-26APR281530-30,e0aaf9f5-7ee5-5b72-019b-6be169b8a877,1777403708,0.41,6.0,no,"{""count_fp"":""6.00"",""created_time"":""2026-04-28T19:15:08.139114Z"",""no_price_dollars"":""0.5900"",""taker_side"":""no"",""ticker"":""KXBTC15M-26APR281530-30"",""trade_id"":""e0aaf9f5-7ee5-5b72-019b-6be169b8a877"",""yes_price_dollars"":""0.4100""}"
KXBTC15M-26APR281530-30,aae984c7-e213-67b3-4324-7e0075150090,1777403709,0.4,7.0,no,"{""count_fp"":""7.00"",""created_time"":""2026-04-28T19:15:09.719509Z"",""no_price_dollars"":""0.6000"",""taker_side"":""no"",""ticker"":""KXBTC15M-26APR281530-30"",""trade_id"":""aae984c7-e213-67b3-4324-7e0075150090"",""yes_price_dollars"":""0.4000""}"
KXBTC15M-26APR281530-30,33df4873-3b67-76ef-e4c4-2b35a31bb150,1777403709,0.4,7.0,no,"{""count_fp"":""7.00"",""created_time"":""2026-04-28T19:15:09.477531Z"",""no_price_dollars"":""0.6000"",""taker_side"":""no"",""ticker"":""KXBTC15M-26APR281530-30"",""trade_id"":""33df4873-3b67-76ef-e4c4-2b35a31bb150"",""yes_price_dollars"":""0.4000""}"
KXBTC15M-26APR281530-30,ff410194-1457-6987-c08e-36dd032e92c0,1777403709,0.4,0.24,no,"{""count_fp"":""0.24"",""created_time"":""2026-04-28T19:15:09.248248Z"",""no_price_dollars"":""0.6000"",""taker_side"":""no"",""ticker"":""KXBTC15M-26APR281530-30"",""trade_id"":""ff410194-1457-6987-c08e-36dd032e92c0"",""yes_price_dollars"":""0.4000""}"
KXBTC15M-26APR281530-30,e80f0403-eb5f-6748-eebd-474bca4f8d29,1777403709,0.41,0.76,no,"{""count_fp"":""0.76"",""created_time"":""2026-04-28T19:15:09.248248Z"",""no_price_dollars"":""0.5900"",""taker_side"":""no"",""ticker"":""KXBTC15M-26APR281530-30"",""trade_id"":""e80f0403-eb5f-6748-eebd-474bca4f8d29"",""yes_price_dollars"":""0.4100""}"
KXBTC15M-26APR281530-30,7a3d75c6-f127-6eb4-cbab-899820c6ad20,1777403709,0.41,5.0,no,"{""count_fp"":""5.00"",""created_time"":""2026-04-28T19:15:09.248248Z"",""no_price_dollars"":""0.5900"",""taker_side"":""no"",""ticker"":""KXBTC15M-26APR281530-30"",""trade_id"":""7a3d75c6-f127-6eb4-cbab-899820c6ad20"",""yes_price_dollars"":""0.4100""}"
KXBTC15M-26APR281530-30,8c7c2bc1-4eba-7d51-88e4-8394e6c5f531,1777403709,0.42,2.0,yes,"{""count_fp"":""2.00"",""created_time"":""2026-04-28T19:15:09.211842Z"",""no_price_dollars"":""0.5800"",""taker_side"":""yes"",""ticker"":""KXBTC15M-26APR281530-30"",""trade_id"":""8c7c2bc1-4eba-7d51-88e4-8394e6c5f531"",""yes_price_dollars"":""0.4200""}"
KXBTC15M-26APR281530-30,25f7d373-2fbb-4290-9ed8-e3b6d53e7ded,1777403709,0.41,7.0,no,"{""count_fp"":""7.00"",""created_time"":""2026-04-28T19:15:09.038063Z"",""no_price_dollars"":""0.5900"",""taker_side"":""no"",""ticker"":""KXBTC15M-26APR281530-30"",""trade_id"":""25f7d373-2fbb-4290-9ed8-e3b6d53e7ded"",""yes_price_dollars"":""0.4100""}"
KXBTC15M-26APR281530-30,e404e209-0206-62a7-2955-8196d26cd26b,1777403709,0.42,1.0,yes,"{""count_fp"":""1.00"",""created_time"":""2026-04-28T19:15:09.006658Z"",""no_price_dollars"":""0.5800"",""taker_side"":""yes"",""ticker"":""KXBTC15M-26APR281530-30"",""trade_id"":""e404e209-0206-62a7-2955-8196d26cd26b"",""yes_price_dollars"":""0.4200""}"
KXBTC15M-26APR281530-30,d60b03b0-f93a-6da1-357a-7b9b70e4d219,1777403709,0.42,38.23,yes,"{""count_fp"":""38.23"",""created_time"":""2026-04-28T19:15:09.006658Z"",""no_price_dollars"":""0.5800"",""taker_side"":""yes"",""ticker"":""KXBTC15M-26APR281530-30"",""trade_id"":""d60b03b0-f93a-6da1-357a-7b9b70e4d219"",""yes_price_dollars"":""0.4200""}"
KXBTC15M-26APR281530-30,5a13bae8-6902-6c94-0ddb-be4e2b094e35,1777403709,0.42,5.11,yes,"{""count_fp"":""5.11"",""created_time"":""2026-04-28T19:15:09.006658Z"",""no_price_dollars"":""0.5800"",""taker_side"":""yes"",""ticker"":""KXBTC15M-26APR281530-30"",""trade_id"":""5a13bae8-6902-6c94-0ddb-be4e2b094e35"",""yes_price_dollars"":""0.4200""}"
KXBTC15M-26APR281530-30,d8cffd4b-525c-5e44-8287-681fd2bfce28,1777403710,0.43,166.0,yes,"{""count_fp"":""166.00"",""created_time"":""2026-04-28T19:15:10.883432Z"",""no_price_dollars"":""0.5700"",""taker_side"":""yes"",""ticker"":""KXBTC15M-26APR281530-30"",""trade_id"":""d8cffd4b-525c-5e44-8287-681fd2bfce28"",""yes_price_dollars"":""0.4300""}"
KXBTC15M-26APR281530-30,cf4476ef-eea0-534e-8fe9-efdb908f4b29,1777403710,0.43,1.0,yes,"{""count_fp"":""1.00"",""created_time"":""2026-04-28T19:15:10.883432Z"",""no_price_dollars"":""0.5700"",""taker_side"":""yes"",""ticker"":""KXBTC15M-26APR281530-30"",""trade_id"":""cf4476ef-eea0-534e-8fe9-efdb908f4b29"",""yes_price_dollars"":""0.4300""}"
KXBTC15M-26APR281530-30,cc1d43cb-9b92-502e-9268-353f8d454a09,1777403710,0.41,3.0,yes,"{""count_fp"":""3.00"",""created_time"":""2026-04-28T19:15:10.883432Z"",""no_price_dollars"":""0.5900"",""taker_side"":""yes"",""ticker"":""KXBTC15M-26APR281530-30"",""trade_id"":""cc1d43cb-9b92-502e-9268-353f8d454a09"",""yes_price_dollars"":""0.4100""}"
KXBTC15M-26APR281530-30,c31075c2-999d-58c8-968b-fab90c25c28b,1777403710,0.43,10.0,yes,"{""count_fp"":""10.00"",""created_time"":""2026-04-28T19:15:10.883432Z"",""no_price_dollars"":""0.5700"",""taker_side"":""yes"",""ticker"":""KXBTC15M-26APR281530-30"",""trade_id"":""c31075c2-999d-58c8-968b-fab90c25c28b"",""yes_price_dollars"":""0.4300""}"
KXBTC15M-26APR281530-30,7376dc34-c18a-58e6-9330-dd5320836475,1777403710,0.42,1.0,yes,"{""count_fp"":""1.00"",""created_time"":""2026-04-28T19:15:10.883432Z"",""no_price_dollars"":""0.5800"",""taker_side"":""yes"",""ticker"":""KXBTC15M-26APR281530-30"",""trade_id"":""7376dc34-c18a-58e6-9330-dd5320836475"",""yes_price_dollars"":""0.4200""}"
KXBTC15M-26APR281530-30,3e17501a-9e5c-5850-af5b-229f8eea6f69,1777403710,0.43,263.13,yes,"{""count_fp"":""263.13"",""created_time"":""2026-04-28T19:15:10.883432Z"",""no_price_dollars"":""0.5700"",""taker_side"":""yes"",""ticker"":""KXBTC15M-26APR281530-30"",""trade_id"":""3e17501a-9e5c-5850-af5b-229f8eea6f69"",""yes_price_dollars"":""0.4300""}"
KXBTC15M-26APR281530-30,f41f24a8-5b2d-71e3-0d69-da2ba6d6c525,1777403710,0.4,10.0,no,"{""count_fp"":""10.00"",""created_time"":""2026-04-28T19:15:10.639392Z"",""no_price_dollars"":""0.6000"",""taker_side"":""no"",""ticker"":""KXBTC15M-26APR281530-30"",""trade_id"":""f41f24a8-5b2d-71e3-0d69-da2ba6d6c525"",""yes_price_dollars"":""0.4000""}"
KXBTC15M-26APR281530-30,f0b9c719-67eb-7ac8-3c07-960008cc8192,1777403710,0.4,29.0,no,"{""count_fp"":""29.00"",""created_time"":""2026-04-28T19:15:10.639392Z"",""no_price_dollars"":""0.6000"",""taker_side"":""no"",""ticker"":""KXBTC15M-26APR281530-30"",""trade_id"":""f0b9c719-67eb-7ac8-3c07-960008cc8192"",""yes_price_dollars"":""0.4000""}"
KXBTC15M-26APR281530-30,28aaaf74-c883-7277-36b0-dd4f5a6540d8,1777403710,0.4,104.76,no,"{""count_fp"":""104.76"",""created_time"":""2026-04-28T19:15:10.639392Z"",""no_price_dollars"":""0.6000"",""taker_side"":""no"",""ticker"":""KXBTC15M-26APR281530-30"",""trade_id"":""28aaaf74-c883-7277-36b0-dd4f5a6540d8"",""yes_price_dollars"":""0.4000""}"
KXBTC15M-26APR281530-30,1869f454-aac3-7f14-27ff-d517bc01f631,1777403710,0.4,3.0,no,"{""count_fp"":""3.00"",""created_time"":""2026-04-28T19:15:10.639392Z"",""no_price_dollars"":""0.6000"",""taker_side"":""no"",""ticker"":""KXBTC15M-26APR281530-30"",""trade_id"":""1869f454-aac3-7f14-27ff-d517bc01f631"",""yes_price_dollars"":""0.4000""}"
KXBTC15M-26APR281530-30,28bee338-9450-48d8-7d90-279038db2d85,1777403710,0.41,200.0,yes,"{""count_fp"":""200.00"",""created_time"":""2026-04-28T19:15:10.491124Z"",""no_price_dollars"":""0.5900"",""taker_side"":""yes"",""ticker"":""KXBTC15M-26APR281530-30"",""trade_id"":""28bee338-9450-48d8-7d90-279038db2d85"",""yes_price_dollars"":""0.4100""}"
KXBTC15M-26APR281530-30,df8a5815-8c84-5ac9-b40f-66e56a7d7723,1777403710,0.42,1.0,yes,"{""count_fp"":""1.00"",""created_time"":""2026-04-28T19:15:10.479056Z"",""no_price_dollars"":""0.5800"",""taker_side"":""yes"",""ticker"":""KXBTC15M-26APR281530-30"",""trade_id"":""df8a5815-8c84-5ac9-b40f-66e56a7d7723"",""yes_price_dollars"":""0.4200""}"
KXBTC15M-26APR281530-30,cf85d51d-f30a-5e40-a666-3bac2727d815,1777403710,0.41,1.0,yes,"{""count_fp"":""1.00"",""created_time"":""2026-04-28T19:15:10.479056Z"",""no_price_dollars"":""0.5900"",""taker_side"":""yes"",""ticker"":""KXBTC15M-26APR281530-30"",""trade_id"":""cf85d51d-f30a-5e40-a666-3bac2727d815"",""yes_price_dollars"":""0.4100""}"
KXBTC15M-26APR281530-30,c03e2929-365d-5fdc-a85d-cea0fd8530b2,1777403710,0.42,13.0,yes,"{""count_fp"":""13.00"",""created_time"":""2026-04-28T19:15:10.479056Z"",""no_price_dollars"":""0.5800"",""taker_side"":""yes"",""ticker"":""KXBTC15M-26APR281530-30"",""trade_id"":""c03e2929-365d-5fdc-a85d-cea0fd8530b2"",""yes_price_dollars"":""0.4200""}"
KXBTC15M-26APR281530-30,8ff45e5a-2374-59a0-ac99-0ee55253418d,1777403710,0.42,9.16,yes,"{""count_fp"":""9.16"",""created_time"":""2026-04-28T19:15:10.479056Z"",""no_price_dollars"":""0.5800"",""taker_side"":""yes"",""ticker"":""KXBTC15M-26APR281530-30"",""trade_id"":""8ff45e5a-2374-59a0-ac99-0ee55253418d"",""yes_price_dollars"":""0.4200""}"
KXBTC15M-26APR281530-30,70e7e1b1-ded1-5334-942e-8c207829f2be,1777403710,0.41,1.84,yes,"{""count_fp"":""1.84"",""created_time"":""2026-04-28T19:15:10.479056Z"",""no_price_dollars"":""0.5900"",""taker_side"":""yes"",""ticker"":""KXBTC15M-26APR281530-30"",""trade_id"":""70e7e1b1-ded1-5334-942e-8c207829f2be"",""yes_price_dollars"":""0.4100""}"
KXBTC15M-26APR281530-30,08c94bb3-2593-5dfb-ae51-9253e56ed666,1777403711,0.4,3.0,no,"{""count_fp"":""3.00"",""created_time"":""2026-04-28T19:15:11.066196Z"",""no_price_dollars"":""0.6000"",""taker_side"":""no"",""ticker"":""KXBTC15M-26APR281530-30"",""trade_id"":""08c94bb3-2593-5dfb-ae51-9253e56ed666"",""yes_price_dollars"":""0.4000""}"
KXBTC15M-26APR281530-30,087ee11b-644e-596a-ba73-bf28c2ed4da9,1777403711,0.38,0.11,no,"{""count_fp"":""0.11"",""created_time"":""2026-04-28T19:15:11.066196Z"",""no_price_dollars"":""0.6200"",""taker_side"":""no"",""ticker"":""KXBTC15M-26APR281530-30"",""trade_id"":""087ee11b-644e-596a-ba73-bf28c2ed4da9"",""yes_price_dollars"":""0.3800""}"
KXBTC15M-26APR281530-30,b98397df-a932-5ae7-1744-13377355bcb7,1777403712,0.4,3.0,no,"{""count_fp"":""3.00"",""created_time"":""2026-04-28T19:15:12.434302Z"",""no_price_dollars"":""0.6000"",""taker_side"":""no"",""ticker"":""KXBTC15M-26APR281530-30"",""trade_id"":""b98397df-a932-5ae7-1744-13377355bcb7"",""yes_price_dollars"":""0.4000""}"
KXBTC15M-26APR281530-30,ad77ae93-1632-58fe-0204-ee46151372bd,1777403712,0.39,49.0,no,"{""count_fp"":""49.00"",""created_time"":""2026-04-28T19:15:12.434302Z"",""no_price_dollars"":""0.6100"",""taker_side"":""no"",""ticker"":""KXBTC15M-26APR281530-30"",""trade_id"":""ad77ae93-1632-58fe-0204-ee46151372bd"",""yes_price_dollars"":""0.3900""}"
KXBTC15M-26APR281530-30,a5ac9e22-8515-53a5-021a-6524693a2a32,1777403712,0.39,53.16,no,"{""count_fp"":""53.16"",""created_time"":""2026-04-28T19:15:12.434302Z"",""no_price_dollars"":""0.6100"",""taker_side"":""no"",""ticker"":""KXBTC15M-26APR281530-30"",""trade_id"":""a5ac9e22-8515-53a5-021a-6524693a2a32"",""yes_price_dollars"":""0.3900""}"
KXBTC15M-26APR281530-30,1e11c4bf-c87c-595c-2c5e-a2ea59fb2d9d,1777403712,0.4,10.0,no,"{""count_fp"":""10.00"",""created_time"":""2026-04-28T19:15:12.434302Z"",""no_price_dollars"":""0.6000"",""taker_side"":""no"",""ticker"":""KXBTC15M-26APR281530-30"",""trade_id"":""1e11c4bf-c87c-595c-2c5e-a2ea59fb2d9d"",""yes_price_dollars"":""0.4000""}"
KXBTC15M-26APR281530-30,6eb79d3e-5306-69f3-8a5c-64d5a10090be,1777403712,0.39,10.0,no,"{""count_fp"":""10.00"",""created_time"":""2026-04-28T19:15:12.106711Z"",""no_price_dollars"":""0.6100"",""taker_side"":""no"",""ticker"":""KXBTC15M-26APR281530-30"",""trade_id"":""6eb79d3e-5306-69f3-8a5c-64d5a10090be"",""yes_price_dollars"":""0.3900""}"
KXBTC15M-26APR281530-30,31161fce-38ef-6448-8a70-5fb0334e2dcd,1777403712,0.38,18.08,no,"{""count_fp"":""18.08"",""created_time"":""2026-04-28T19:15:12.106711Z"",""no_price_dollars"":""0.6200"",""taker_side"":""no"",""ticker"":""KXBTC15M-26APR281530-30"",""trade_id"":""31161fce-38ef-6448-8a70-5fb0334e2dcd"",""yes_price_dollars"":""0.3800""}"
KXBTC15M-26APR281530-30,13e06d0e-f01b-692b-82d6-5483c6e087b1,1777403712,0.4,3.0,no,"{""count_fp"":""3.00"",""created_time"":""2026-04-28T19:15:12.106711Z"",""no_price_dollars"":""0.6000"",""taker_side"":""no"",""ticker"":""KXBTC15M-26APR281530-30"",""trade_id"":""13e06d0e-f01b-692b-82d6-5483c6e087b1"",""yes_price_dollars"":""0.4000""}"
KXBTC15M-26APR281530-30,49369815-c2f5-4823-b249-178d887638c7,1777403713,0.43,0.55,yes,"{""count_fp"":""0.55"",""created_time"":""2026-04-28T19:15:13.934204Z"",""no_price_dollars"":""0.5700"",""taker_side"":""yes"",""ticker"":""KXBTC15M-26APR281530-30"",""trade_id"":""49369815-c2f5-4823-b249-178d887638c7"",""yes_price_dollars"":""0.4300""}"
KXBTC15M-26APR281530-30,8466fce7-5841-55d7-7fae-70637804afb7,1777403713,0.43,13.41,yes,"{""count_fp"":""13.41"",""created_time"":""2026-04-28T19:15:13.877021Z"",""no_price_dollars"":""0.5700"",""taker_side"":""yes"",""ticker"":""KXBTC15M-26APR281530-30"",""trade_id"":""8466fce7-5841-55d7-7fae-70637804afb7"",""yes_price_dollars"":""0.4300""}"
KXBTC15M-26APR281530-30,f1255402-b442-620b-ca6b-289cd679b2c6,1777403713,0.43,3.0,yes,"{""count_fp"":""3.00"",""created_time"":""2026-04-28T19:15:13.613589Z"",""no_price_dollars"":""0.5700"",""taker_side"":""yes"",""ticker"":""KXBTC15M-26APR281530-30"",""trade_id"":""f1255402-b442-620b-ca6b-289cd679b2c6"",""yes_price_dollars"":""0.4300""}"
KXBTC15M-26APR281530-30,e9d1cf43-2451-6958-fabf-a0f30292454d,1777403713,0.44,18.49,yes,"{""count_fp"":""18.49"",""created_time"":""2026-04-28T19:15:13.613589Z"",""no_price_dollars"":""0.5600"",""taker_side"":""yes"",""ticker"":""KXBTC15M-26APR281530-30"",""trade_id"":""e9d1cf43-2451-6958-fabf-a0f30292454d"",""yes_price_dollars"":""0.4400""}"
KXBTC15M-26APR281530-30,defb14d6-d395-653a-e541-40400705ac04,1777403713,0.43,1.0,yes,"{""count_fp"":""1.00"",""created_time"":""2026-04-28T19:15:13.613589Z"",""no_price_dollars"":""0.5700"",""taker_side"":""yes"",""ticker"":""KXBTC15M-26APR281530-30"",""trade_id"":""defb14d6-d395-653a-e541-40400705ac04"",""yes_price_dollars"":""0.4300""}"
KXBTC15M-26APR281530-30,9340b369-0924-62b0-e966-2fd96d4a2775,1777403713,0.43,13.51,yes,"{""count_fp"":""13.51"",""created_time"":""2026-04-28T19:15:13.613589Z"",""no_price_dollars"":""0.5700"",""taker_side"":""yes"",""ticker"":""KXBTC15M-26APR281530-30"",""trade_id"":""9340b369-0924-62b0-e966-2fd96d4a2775"",""yes_price_dollars"":""0.4300""}"
KXBTC15M-26APR281530-30,5343cb6b-2b36-6440-c2de-99de88b48516,1777403713,0.43,14.0,yes,"{""count_fp"":""14.00"",""created_time"":""2026-04-28T19:15:13.613589Z"",""no_price_dollars"":""0.5700"",""taker_side"":""yes"",""ticker"":""KXBTC15M-26APR281530-30"",""trade_id"":""5343cb6b-2b36-6440-c2de-99de88b48516"",""yes_price_dollars"":""0.4300""}"
KXBTC15M-26APR281530-30,b51407b8-7a61-66ac-91e5-c01a2b78e81f,1777403713,0.4,3.0,no,"{""count_fp"":""3.00"",""created_time"":""2026-04-28T19:15:13.596935Z"",""no_price_dollars"":""0.6000"",""taker_side"":""no"",""ticker"":""KXBTC15M-26APR281530-30"",""trade_id"":""b51407b8-7a61-66ac-91e5-c01a2b78e81f"",""yes_price_dollars"":""0.4000""}"
KXBTC15M-26APR281530-30,07664c65-c521-6cac-8729-381fc84a6401,1777403713,0.4,0.14,no,"{""count_fp"":""0.14"",""created_time"":""2026-04-28T19:15:13.596935Z"",""no_price_dollars"":""0.6000"",""taker_side"":""no"",""ticker"":""KXBTC15M-26APR281530-30"",""trade_id"":""07664c65-c521-6cac-8729-381fc84a6401"",""yes_price_dollars"":""0.4000""}"
KXBTC15M-26APR281530-30,247239d2-8353-52db-7f72-7f4a41b21704,1777403713,0.4,1.0,no,"{""count_fp"":""1.00"",""created_time"":""2026-04-28T19:15:13.321Z"",""no_price_dollars"":""0.6000"",""taker_side"":""no"",""ticker"":""KXBTC15M-26APR281530-30"",""trade_id"":""247239d2-8353-52db-7f72-7f4a41b21704"",""yes_price_dollars"":""0.4000""}"
KXBTC15M-26APR281530-30,0572411e-c829-48fe-067b-f77b861a3958,1777403713,0.4,1.0,no,"{""count_fp"":""1.00"",""created_time"":""2026-04-28T19:15:13.051788Z"",""no_price_dollars"":""0.6000"",""taker_side"":""no"",""ticker"":""KXBTC15M-26APR281530-30"",""trade_id"":""0572411e-c829-48fe-067b-f77b861a3958"",""yes_price_dollars"":""0.4000""}"
KXBTC15M-26APR281530-30,96971244-1fae-73e8-3317-82011d236516,1777403713,0.43,18.0,yes,"{""count_fp"":""18.00"",""created_time"":""2026-04-28T19:15:13.031512Z"",""no_price_dollars"":""0.5700"",""taker_side"":""yes"",""ticker"":""KXBTC15M-26APR281530-30"",""trade_id"":""96971244-1fae-73e8-3317-82011d236516"",""yes_price_dollars"":""0.4300""}"
KXBTC15M-26APR281530-30,7a4e446e-5546-73de-1fe1-523c0fd669ef,1777403713,0.43,101.0,yes,"{""count_fp"":""101.00"",""created_time"":""2026-04-28T19:15:13.031512Z"",""no_price_dollars"":""0.5700"",""taker_side"":""yes"",""ticker"":""KXBTC15M-26APR281530-30"",""trade_id"":""7a4e446e-5546-73de-1fe1-523c0fd669ef"",""yes_price_dollars"":""0.4300""}"
KXBTC15M-26APR281530-30,55467077-b462-7bed-246f-846ac7616f33,1777403713,0.42,1.0,yes,"{""count_fp"":""1.00"",""created_time"":""2026-04-28T19:15:13.031512Z"",""no_price_dollars"":""0.5800"",""taker_side"":""yes"",""ticker"":""KXBTC15M-26APR281530-30"",""trade_id"":""55467077-b462-7bed-246f-846ac7616f33"",""yes_price_dollars"":""0.4200""}"
KXBTC15M-26APR281530-30,522e78f9-a361-7360-1b40-e5dc72d5a8bd,1777403713,0.44,194.46,yes,"{""count_fp"":""194.46"",""created_time"":""2026-04-28T19:15:13.031512Z"",""no_price_dollars"":""0.5600"",""taker_side"":""yes"",""ticker"":""KXBTC15M-26APR281530-30"",""trade_id"":""522e78f9-a361-7360-1b40-e5dc72d5a8bd"",""yes_price_dollars"":""0.4400""}"
KXBTC15M-26APR281530-30,276d2c20-2dda-78fc-24e8-07bd2c130b75,1777403713,0.41,3.0,yes,"{""count_fp"":""3.00"",""created_time"":""2026-04-28T19:15:13.031512Z"",""no_price_dollars"":""0.5900"",""taker_side"":""yes"",""ticker"":""KXBTC15M-26APR281530-30"",""trade_id"":""276d2c20-2dda-78fc-24e8-07bd2c130b75"",""yes_price_dollars"":""0.4100""}"
KXBTC15M-26APR281530-30,f14715e1-2208-5688-fdca-6ad6aee2760b,1777403714,0.4,3.24,no,"{""count_fp"":""3.24"",""created_time"":""2026-04-28T19:15:14.950001Z"",""no_price_dollars"":""0.6000"",""taker_side"":""no"",""ticker"":""KXBTC15M-26APR281530-30"",""trade_id"":""f14715e1-2208-5688-fdca-6ad6aee2760b"",""yes_price_dollars"":""0.4000""}"
KXBTC15M-26APR281530-30,da2b5a0f-ce37-7b70-9c07-517edef728ad,1777403714,0.4,50.47,no,"{""count_fp"":""50.47"",""created_time"":""2026-04-28T19:15:14.696809Z"",""no_price_dollars"":""0.6000"",""taker_side"":""no"",""ticker"":""KXBTC15M-26APR281530-30"",""trade_id"":""da2b5a0f-ce37-7b70-9c07-517edef728ad"",""yes_price_dollars"":""0.4000""}"
KXBTC15M-26APR281530-30,2d7164da-822d-671c-2d36-1f3581fc12e1,1777403714,0.4,2.0,no,"{""count_fp"":""2.00"",""created_time"":""2026-04-28T19:15:14.540701Z"",""no_price_dollars"":""0.6000"",""taker_side"":""no"",""ticker"":""KXBTC15M-26APR281530-30"",""trade_id"":""2d7164da-822d-671c-2d36-1f3581fc12e1"",""yes_price_dollars"":""0.4000""}"
KXBTC15M-26APR281530-30,f8524132-fd1b-677f-970a-0fe42ffd85da,1777403714,0.43,1.0,yes,"{""count_fp"":""1.00"",""created_time"":""2026-04-28T19:15:14.431237Z"",""no_price_dollars"":""0.5700"",""taker_side"":""yes"",""ticker"":""KXBTC15M-26APR281530-30"",""trade_id"":""f8524132-fd1b-677f-970a-0fe42ffd85da"",""yes_price_dollars"":""0.4300""}"
KXBTC15M-26APR281530-30,f6aa368f-9e6d-69cc-9d94-82eaf25f9c51,1777403714,0.44,3.19,yes,"{""count_fp"":""3.19"",""created_time"":""2026-04-28T19:15:14.431237Z"",""no_price_dollars"":""0.5600"",""taker_side"":""yes"",""ticker"":""KXBTC15M-26APR281530-30"",""trade_id"":""f6aa368f-9e6d-69cc-9d94-82eaf25f9c51"",""yes_price_dollars"":""0.4400""}"
KXBTC15M-26APR281530-30,f511ebb1-a324-6908-92f1-270613bc2de5,1777403714,0.43,3.0,yes,"{""count_fp"":""3.00"",""created_time"":""2026-04-28T19:15:14.431237Z"",""no_price_dollars"":""0.5700"",""taker_side"":""yes"",""ticker"":""KXBTC15M-26APR281530-30"",""trade_id"":""f511ebb1-a324-6908-92f1-270613bc2de5"",""yes_price_dollars"":""0.4300""}"
KXBTC15M-26APR281530-30,f0443c6b-ab95-69db-b112-88bce894414b,1777403714,0.43,42.81,yes,"{""count_fp"":""42.81"",""created_time"":""2026-04-28T19:15:14.431237Z"",""no_price_dollars"":""0.5700"",""taker_side"":""yes"",""ticker"":""KXBTC15M-26APR281530-30"",""trade_id"":""f0443c6b-ab95-69db-b112-88bce894414b"",""yes_price_dollars"":""0.4300""}"
KXBTC15M-26APR281530-30,459eab8c-fd85-42bf-0f36-40a19fd60797,1777403714,0.43,2.0,yes,"{""count_fp"":""2.00"",""created_time"":""2026-04-28T19:15:14.275871Z"",""no_price_dollars"":""0.5700"",""taker_side"":""yes"",""ticker"":""KXBTC15M-26APR281530-30"",""trade_id"":""459eab8c-fd85-42bf-0f36-40a19fd60797"",""yes_price_dollars"":""0.4300""}"
KXBTC15M-26APR281530-30,a9323935-36af-7de9-8185-875d1493ef9c,1777403715,0.41,48.63,no,"{""count_fp"":""48.63"",""created_time"":""2026-04-28T19:15:15.809941Z"",""no_price_dollars"":""0.5900"",""taker_side"":""no"",""ticker"":""KXBTC15M-26APR281530-30"",""trade_id"":""a9323935-36af-7de9-8185-875d1493ef9c"",""yes_price_dollars"":""0.4100""}"
KXBTC15M-26APR281530-30,a2c47160-8d1d-607a-9304-644de0c817ec,1777403715,0.41,0.31,yes,"{""count_fp"":""0.31"",""created_time"":""2026-04-28T19:15:15.771512Z"",""no_price_dollars"":""0.5900"",""taker_side"":""yes"",""ticker"":""KXBTC15M-26APR281530-30"",""trade_id"":""a2c47160-8d1d-607a-9304-644de0c817ec"",""yes_price_dollars"":""0.4100""}"
KXBTC15M-26APR281530-30,d72fd523-2a2d-5046-a1f0-2666639bd414,1777403715,0.41,50.16,yes,"{""count_fp"":""50.16"",""created_time"":""2026-04-28T19:15:15.763799Z"",""no_price_dollars"":""0.5900"",""taker_side"":""yes"",""ticker"":""KXBTC15M-26APR281530-30"",""trade_id"":""d72fd523-2a2d-5046-a1f0-2666639bd414"",""yes_price_dollars"":""0.4100""}"
KXBTC15M-26APR281530-30,6aaab3e6-05c9-5799-bb35-630fd4b5c90b,1777403715,0.41,10.84,yes,"{""count_fp"":""10.84"",""created_time"":""2026-04-28T19:15:15.763799Z"",""no_price_dollars"":""0.5900"",""taker_side"":""yes"",""ticker"":""KXBTC15M-26APR281530-30"",""trade_id"":""6aaab3e6-05c9-5799-bb35-630fd4b5c90b"",""yes_price_dollars"":""0.4100""}"
KXBTC15M-26APR281530-30,e0bdd1c8-4e4d-750d-b4cc-2296f473816f,1777403715,0.41,0.22,yes,"{""count_fp"":""0.22"",""created_time"":""2026-04-28T19:15:15.595875Z"",""no_price_dollars"":""0.5900"",""taker_side"":""yes"",""ticker"":""KXBTC15M-26APR281530-30"",""trade_id"":""e0bdd1c8-4e4d-750d-b4cc-2296f473816f"",""yes_price_dollars"":""0.4100""}"
KXBTC15M-26APR281530-30,21242e25-e2b1-4039-8ef7-dc21b2ac965b,1777403715,0.41,3.94,yes,"{""count_fp"":""3.94"",""created_time"":""2026-04-28T19:15:15.447888Z"",""no_price_dollars"":""0.5900"",""taker_side"":""yes"",""ticker"":""KXBTC15M-26APR281530-30"",""trade_id"":""21242e25-e2b1-4039-8ef7-dc21b2ac965b"",""yes_price_dollars"":""0.4100""}"
KXBTC15M-26APR281530-30,b2bbb336-6c05-5282-8ae2-75a820ab91d2,1777403715,0.4,3.0,no,"{""count_fp"":""3.00"",""created_time"":""2026-04-28T19:15:15.379605Z"",""no_price_dollars"":""0.6000"",""taker_side"":""no"",""ticker"":""KXBTC15M-26APR281530-30"",""trade_id"":""b2bbb336-6c05-5282-8ae2-75a820ab91d2"",""yes_price_dollars"":""0.4000""}"
KXBTC15M-26APR281530-30,7ff72dfd-f073-5b40-9a60-abba607d7176,1777403715,0.4,15.0,no,"{""count_fp"":""15.00"",""created_time"":""2026-04-28T19:15:15.379605Z"",""no_price_dollars"":""0.6000"",""taker_side"":""no"",""ticker"":""KXBTC15M-26APR281530-30"",""trade_id"":""7ff72dfd-f073-5b40-9a60-abba607d7176"",""yes_price_dollars"":""0.4000""}"
KXBTC15M-26APR281530-30,29e82671-2439-5a19-9773-a78ebb0c08ce,1777403715,0.39,54.18,no,"{""count_fp"":""54.18"",""created_time"":""2026-04-28T19:15:15.379605Z"",""no_price_dollars"":""0.6100"",""taker_side"":""no"",""ticker"":""KXBTC15M-26APR281530-30"",""trade_id"":""29e82671-2439-5a19-9773-a78ebb0c08ce"",""yes_price_dollars"":""0.3900""}"
KXBTC15M-26APR281530-30,11cbfb57-826c-5b98-9256-69b6b568976b,1777403715,0.4,36.76,no,"{""count_fp"":""36.76"",""created_time"":""2026-04-28T19:15:15.379605Z"",""no_price_dollars"":""0.6000"",""taker_side"":""no"",""ticker"":""KXBTC15M-26APR281530-30"",""trade_id"":""11cbfb57-826c-5b98-9256-69b6b568976b"",""yes_price_dollars"":""0.4000""}"
KXBTC15M-26APR281530-30,325da31b-0044-760c-7f7f-ba3d3e3e0197,1777403715,0.4,10.0,no,"{""count_fp"":""10.00"",""created_time"":""2026-04-28T19:15:15.168795Z"",""no_price_dollars"":""0.6000"",""taker_side"":""no"",""ticker"":""KXBTC15M-26APR281530-30"",""trade_id"":""325da31b-0044-760c-7f7f-ba3d3e3e0197"",""yes_price_dollars"":""0.4000""}"
KXBTC15M-26APR281530-30,18f61602-27d9-6212-394f-893da80f8fe6,1777403716,0.43,1.62,no,"{""count_fp"":""1.62"",""created_time"":""2026-04-28T19:15:16.845322Z"",""no_price_dollars"":""0.5700"",""taker_side"":""no"",""ticker"":""KXBTC15M-26APR281530-30"",""trade_id"":""18f61602-27d9-6212-394f-893da80f8fe6"",""yes_price_dollars"":""0.4300""}"
KXBTC15M-26APR281530-30,2afe53e7-b492-52cc-80cd-63b3ffb95283,1777403716,0.43,14.62,no,"{""count_fp"":""14.62"",""created_time"":""2026-04-28T19:15:16.314951Z"",""no_price_dollars"":""0.5700"",""taker_side"":""no"",""ticker"":""KXBTC15M-26APR281530-30"",""trade_id"":""2afe53e7-b492-52cc-80cd-63b3ffb95283"",""yes_price_dollars"":""0.4300""}"
KXBTC15M-26APR281530-30,28955654-b1c1-5e6e-a002-f13de3863d36,1777403716,0.43,3.05,no,"{""count_fp"":""3.05"",""created_time"":""2026-04-28T19:15:16.314951Z"",""no_price_dollars"":""0.5700"",""taker_side"":""no"",""ticker"":""KXBTC15M-26APR281530-30"",""trade_id"":""28955654-b1c1-5e6e-a002-f13de3863d36"",""yes_price_dollars"":""0.4300""}"
KXBTC15M-26APR281530-30,f09338d0-0652-671c-4163-f56283889067,1777403716,0.43,27.56,no,"{""count_fp"":""27.56"",""created_time"":""2026-04-28T19:15:16.308505Z"",""no_price_dollars"":""0.5700"",""taker_side"":""no"",""ticker"":""KXBTC15M-26APR281530-30"",""trade_id"":""f09338d0-0652-671c-4163-f56283889067"",""yes_price_dollars"":""0.4300""}"
KXBTC15M-26APR281530-30,5a2c55d2-8686-5474-f992-aa3fc9dfceb3,1777403716,0.44,5.0,no,"{""count_fp"":""5.00"",""created_time"":""2026-04-28T19:15:16.047458Z"",""no_price_dollars"":""0.5600"",""taker_side"":""no"",""ticker"":""KXBTC15M-26APR281530-30"",""trade_id"":""5a2c55d2-8686-5474-f992-aa3fc9dfceb3"",""yes_price_dollars"":""0.4400""}"
KXBTC15M-26APR281530-30,f65112ed-30fa-5feb-5cde-baf53dfef53c,1777403717,0.43,4.08,no,"{""count_fp"":""4.08"",""created_time"":""2026-04-28T19:15:17.822197Z"",""no_price_dollars"":""0.5700"",""taker_side"":""no"",""ticker"":""KXBTC15M-26APR281530-30"",""trade_id"":""f65112ed-30fa-5feb-5cde-baf53dfef53c"",""yes_price_dollars"":""0.4300""}"
KXBTC15M-26APR281530-30,a005072d-1081-577a-fdd0-389f5f61c5bc,1777403717,0.44,20.99,yes,"{""count_fp"":""20.99"",""created_time"":""2026-04-28T19:15:17.516929Z"",""no_price_dollars"":""0.5600"",""taker_side"":""yes"",""ticker"":""KXBTC15M-26APR281530-30"",""trade_id"":""a005072d-1081-577a-fdd0-389f5f61c5bc"",""yes_price_dollars"":""0.4400""}"
KXBTC15M-26APR281530-30,4f1f6d6c-a439-5ee6-7011-3b6d5cbcac96,1777403717,0.43,5.33,no,"{""count_fp"":""5.33"",""created_time"":""2026-04-28T19:15:17.126485Z"",""no_price_dollars"":""0.5700"",""taker_side"":""no"",""ticker"":""KXBTC15M-26APR281530-30"",""trade_id"":""4f1f6d6c-a439-5ee6-7011-3b6d5cbcac96"",""yes_price_dollars"":""0.4300""}"
KXBTC15M-26APR281530-30,2fa988e0-0aaa-5bef-78f1-f12239e806e8,1777403717,0.43,2.77,no,"{""count_fp"":""2.77"",""created_time"":""2026-04-28T19:15:17.126485Z"",""no_price_dollars"":""0.5700"",""taker_side"":""no"",""ticker"":""KXBTC15M-26APR281530-30"",""trade_id"":""2fa988e0-0aaa-5bef-78f1-f12239e806e8"",""yes_price_dollars"":""0.4300""}"
KXBTC15M-26APR281530-30,da5294ed-09f4-6ba4-6afa-834731e8da62,1777403718,0.45,1.0,yes,"{""count_fp"":""1.00"",""created_time"":""2026-04-28T19:15:18.877017Z"",""no_price_dollars"":""0.5500"",""taker_side"":""yes"",""ticker"":""KXBTC15M-26APR281530-30"",""trade_id"":""da5294ed-09f4-6ba4-6afa-834731e8da62"",""yes_price_dollars"":""0.4500""}"
KXBTC15M-26APR281530-30,5bccd22d-4ee4-6c85-48f5-4ce6f43b03df,1777403718,0.45,9.59,yes,"{""count_fp"":""9.59"",""created_time"":""2026-04-28T19:15:18.877017Z"",""no_price_dollars"":""0.5500"",""taker_side"":""yes"",""ticker"":""KXBTC15M-26APR281530-30"",""trade_id"":""5bccd22d-4ee4-6c85-48f5-4ce6f43b03df"",""yes_price_dollars"":""0.4500""}"
KXBTC15M-26APR281530-30,50c0353a-b914-659b-41fb-940d9aa8c428,1777403718,0.45,0.1,yes,"{""count_fp"":""0.10"",""created_time"":""2026-04-28T19:15:18.877017Z"",""no_price_dollars"":""0.5500"",""taker_side"":""yes"",""ticker"":""KXBTC15M-26APR281530-30"",""trade_id"":""50c0353a-b914-659b-41fb-940d9aa8c428"",""yes_price_dollars"":""0.4500""}"
KXBTC15M-26APR281530-30,9efd03af-fee7-6283-f923-65351f37a33e,1777403718,0.45,3.0,yes,"{""count_fp"":""3.00"",""created_time"":""2026-04-28T19:15:18.588902Z"",""no_price_dollars"":""0.5500"",""taker_side"":""yes"",""ticker"":""KXBTC15M-26APR281530-30"",""trade_id"":""9efd03af-fee7-6283-f923-65351f37a33e"",""yes_price_dollars"":""0.4500""}"
KXBTC15M-26APR281530-30,0e74ba37-8a1c-6b11-dfb5-307eba6b0c07,1777403718,0.45,3.41,yes,"{""count_fp"":""3.41"",""created_time"":""2026-04-28T19:15:18.588902Z"",""no_price_dollars"":""0.5500"",""taker_side"":""yes"",""ticker"":""KXBTC15M-26APR281530-30"",""trade_id"":""0e74ba37-8a1c-6b11-dfb5-307eba6b0c07"",""yes_price_dollars"":""0.4500""}"
KXBTC15M-26APR281530-30,17faef5e-41c0-668f-69e0-96f065b62778,1777403719,0.45,6.0,yes,"{""count_fp"":""6.00"",""created_time"":""2026-04-28T19:15:19.918975Z"",""no_price_dollars"":""0.5500"",""taker_side"":""yes"",""ticker"":""KXBTC15M-26APR281530-30"",""trade_id"":""17faef5e-41c0-668f-69e0-96f065b62778"",""yes_price_dollars"":""0.4500""}"
KXBTC15M-26APR281530-30,492277c4-bad4-5b1b-0924-f61e5c0736c4,1777403719,0.45,4.27,yes,"{""count_fp"":""4.27"",""created_time"":""2026-04-28T19:15:19.661574Z"",""no_price_dollars"":""0.5500"",""taker_side"":""yes"",""ticker"":""KXBTC15M-26APR281530-30"",""trade_id"":""492277c4-bad4-5b1b-0924-f61e5c0736c4"",""yes_price_dollars"":""0.4500""}"
KXBTC15M-26APR281530-30,77405403-2533-4e7f-a22c-50c2dbd4df54,1777403719,0.44,43.3,no,"{""count_fp"":""43.30"",""created_time"":""2026-04-28T19:15:19.410149Z"",""no_price_dollars"":""0.5600"",""taker_side"":""no"",""ticker"":""KXBTC15M-26APR281530-30"",""trade_id"":""77405403-2533-4e7f-a22c-50c2dbd4df54"",""yes_price_dollars"":""0.4400""}"
KXBTC15M-26APR281530-30,26466e09-80ec-555f-d37d-dbcc6f1e5e24,1777403720,0.45,23.28,yes,"{""count_fp"":""23.28"",""created_time"":""2026-04-28T19:15:20.806284Z"",""no_price_dollars"":""0.5500"",""taker_side"":""yes"",""ticker"":""KXBTC15M-26APR281530-30"",""trade_id"":""26466e09-80ec-555f-d37d-dbcc6f1e5e24"",""yes_price_dollars"":""0.4500""}"
KXBTC15M-26APR281530-30,3721b092-f403-6e43-46aa-3f82c5f7f9d4,1777403720,0.44,17.4,no,"{""count_fp"":""17.40"",""created_time"":""2026-04-28T19:15:20.456033Z"",""no_price_dollars"":""0.5600"",""taker_side"":""no"",""ticker"":""KXBTC15M-26APR281530-30"",""trade_id"":""3721b092-f403-6e43-46aa-3f82c5f7f9d4"",""yes_price_dollars"":""0.4400""}"
KXBTC15M-26APR281530-30,750979ef-1e74-54cb-9d35-9f8fa12a140c,1777403720,0.45,21.39,yes,"{""count_fp"":""21.39"",""created_time"":""2026-04-28T19:15:20.378542Z"",""no_price_dollars"":""0.5500"",""taker_side"":""yes"",""ticker"":""KXBTC15M-26APR281530-30"",""trade_id"":""750979ef-1e74-54cb-9d35-9f8fa12a140c"",""yes_price_dollars"":""0.4500""}"
KXBTC15M-26APR281530-30,ca80e34d-d0bc-5b13-ac4a-346b0fdc0fa4,1777403720,0.45,21.39,yes,"{""count_fp"":""21.39"",""created_time"":""2026-04-28T19:15:20.320301Z"",""no_price_dollars"":""0.5500"",""taker_side"":""yes"",""ticker"":""KXBTC15M-26APR281530-30"",""trade_id"":""ca80e34d-d0bc-5b13-ac4a-346b0fdc0fa4"",""yes_price_dollars"":""0.4500""}"
KXBTC15M-26APR281530-30,2d127519-5614-5a6b-01da-91573767c37c,1777403720,0.45,208.55,yes,"{""count_fp"":""208.55"",""created_time"":""2026-04-28T19:15:20.083662Z"",""no_price_dollars"":""0.5500"",""taker_side"":""yes"",""ticker"":""KXBTC15M-26APR281530-30"",""trade_id"":""2d127519-5614-5a6b-01da-91573767c37c"",""yes_price_dollars"":""0.4500""}"
KXBTC15M-26APR281530-30,8920ee03-3c1b-4ece-eada-9b0b724bc15f,1777403721,0.43,20.31,no,"{""count_fp"":""20.31"",""created_time"":""2026-04-28T19:15:21.828977Z"",""no_price_dollars"":""0.5700"",""taker_side"":""no"",""ticker"":""KXBTC15M-26APR281530-30"",""trade_id"":""8920ee03-3c1b-4ece-eada-9b0b724bc15f"",""yes_price_dollars"":""0.4300""}"
KXBTC15M-26APR281530-30,f487ae18-febb-6a0e-3e73-5fcc26fe1617,1777403721,0.43,9.69,no,"{""count_fp"":""9.69"",""created_time"":""2026-04-28T19:15:21.805278Z"",""no_price_dollars"":""0.5700"",""taker_side"":""no"",""ticker"":""KXBTC15M-26APR281530-30"",""trade_id"":""f487ae18-febb-6a0e-3e73-5fcc26fe1617"",""yes_price_dollars"":""0.4300""}"
KXBTC15M-26APR281530-30,11a8f62a-f0d5-6eda-16ab-3189bc597a76,1777403721,0.43,20.0,no,"{""count_fp"":""20.00"",""created_time"":""2026-04-28T19:15:21.805278Z"",""no_price_dollars"":""0.5700"",""taker_side"":""no"",""ticker"":""KXBTC15M-26APR281530-30"",""trade_id"":""11a8f62a-f0d5-6eda-16ab-3189bc597a76"",""yes_price_dollars"":""0.4300""}"
KXBTC15M-26APR281530-30,7b59c8e8-d1d0-5337-5d28-d07e684e5ac8,1777403721,0.44,24.19,yes,"{""count_fp"":""24.19"",""created_time"":""2026-04-28T19:15:21.344629Z"",""no_price_dollars"":""0.5600"",""taker_side"":""yes"",""ticker"":""KXBTC15M-26APR281530-30"",""trade_id"":""7b59c8e8-d1d0-5337-5d28-d07e684e5ac8"",""yes_price_dollars"":""0.4400""}"
KXBTC15M-26APR281530-30,025f5163-8373-59b0-6274-b9ddf1dc43d3,1777403721,0.44,40.0,yes,"{""count_fp"":""40.00"",""created_time"":""2026-04-28T19:15:21.344629Z"",""no_price_dollars"":""0.5600"",""taker_side"":""yes"",""ticker"":""KXBTC15M-26APR281530-30"",""trade_id"":""025f5163-8373-59b0-6274-b9ddf1dc43d3"",""yes_price_dollars"":""0.4400""}"
KXBTC15M-26APR281530-30,e1661235-2bf3-4b2b-8b53-c73bdee63cc0,1777403721,0.44,31.18,no,"{""count_fp"":""31.18"",""created_time"":""2026-04-28T19:15:21.044509Z"",""no_price_dollars"":""0.5600"",""taker_side"":""no"",""ticker"":""KXBTC15M-26APR281530-30"",""trade_id"":""e1661235-2bf3-4b2b-8b53-c73bdee63cc0"",""yes_price_dollars"":""0.4400""}"
KXBTC15M-26APR281530-30,e79c2753-d3de-7b1f-b50f-fb1188f8c3cb,1777403722,0.42,40.0,yes,"{""count_fp"":""40.00"",""created_time"":""2026-04-28T19:15:22.957411Z"",""no_price_dollars"":""0.5800"",""taker_side"":""yes"",""ticker"":""KXBTC15M-26APR281530-30"",""trade_id"":""e79c2753-d3de-7b1f-b50f-fb1188f8c3cb"",""yes_price_dollars"":""0.4200""}"
KXBTC15M-26APR281530-30,d6156112-a970-7aca-8996-d6beb38c40fa,1777403722,0.42,3.0,yes,"{""count_fp"":""3.00"",""created_time"":""2026-04-28T19:15:22.957411Z"",""no_price_dollars"":""0.5800"",""taker_side"":""yes"",""ticker"":""KXBTC15M-26APR281530-30"",""trade_id"":""d6156112-a970-7aca-8996-d6beb38c40fa"",""yes_price_dollars"":""0.4200""}"
KXBTC15M-26APR281530-30,947befb5-f5ea-7b70-a1aa-01ac9841a27b,1777403722,0.43,114.0,yes,"{""count_fp"":""114.00"",""created_time"":""2026-04-28T19:15:22.957411Z"",""no_price_dollars"":""0.5700"",""taker_side"":""yes"",""ticker"":""KXBTC15M-26APR281530-30"",""trade_id"":""947befb5-f5ea-7b70-a1aa-01ac9841a27b"",""yes_price_dollars"":""0.4300""}"
KXBTC15M-26APR281530-30,90ec34d6-b0e7-7ff4-9994-5069d6d2e68c,1777403722,0.43,394.72,yes,"{""count_fp"":""394.72"",""created_time"":""2026-04-28T19:15:22.957411Z"",""no_price_dollars"":""0.5700"",""taker_side"":""yes"",""ticker"":""KXBTC15M-26APR281530-30"",""trade_id"":""90ec34d6-b0e7-7ff4-9994-5069d6d2e68c"",""yes_price_dollars"":""0.4300""}"
KXBTC15M-26APR281530-30,83e90b46-8628-75a3-b5ae-3957518ae2e5,1777403722,0.43,1.0,yes,"{""count_fp"":""1.00"",""created_time"":""2026-04-28T19:15:22.957411Z"",""no_price_dollars"":""0.5700"",""taker_side"":""yes"",""ticker"":""KXBTC15M-26APR281530-30"",""trade_id"":""83e90b46-8628-75a3-b5ae-3957518ae2e5"",""yes_price_dollars"":""0.4300""}"
KXBTC15M-26APR281530-30,666e5151-2e1c-7c3f-8562-7661b8759503,1777403722,0.42,21.0,yes,"{""count_fp"":""21.00"",""created_time"":""2026-04-28T19:15:22.957411Z"",""no_price_dollars"":""0.5800"",""taker_side"":""yes"",""ticker"":""KXBTC15M-26APR281530-30"",""trade_id"":""666e5151-2e1c-7c3f-8562-7661b8759503"",""yes_price_dollars"":""0.4200""}"
KXBTC15M-26APR281530-30,6631c29b-bf1c-7f97-a076-a4ce099d74e8,1777403722,0.42,499.0,yes,"{""count_fp"":""499.00"",""created_time"":""2026-04-28T19:15:22.957411Z"",""no_price_dollars"":""0.5800"",""taker_side"":""yes"",""ticker"":""KXBTC15M-26APR281530-30"",""trade_id"":""6631c29b-bf1c-7f97-a076-a4ce099d74e8"",""yes_price_dollars"":""0.4200""}"
KXBTC15M-26APR281530-30,5dbdc397-a2ac-7990-bd8d-b016d0d14e82,1777403722,0.42,1.0,yes,"{""count_fp"":""1.00"",""created_time"":""2026-04-28T19:15:22.957411Z"",""no_price_dollars"":""0.5800"",""taker_side"":""yes"",""ticker"":""KXBTC15M-26APR281530-30"",""trade_id"":""5dbdc397-a2ac-7990-bd8d-b016d0d14e82"",""yes_price_dollars"":""0.4200""}"
KXBTC15M-26APR281530-30,54d81644-11c1-7213-b7d3-8e4d2103d615,1777403722,0.43,40.58,yes,"{""count_fp"":""40.58"",""created_time"":""2026-04-28T19:15:22.957411Z"",""no_price_dollars"":""0.5700"",""taker_side"":""yes"",""ticker"":""KXBTC15M-26APR281530-30"",""trade_id"":""54d81644-11c1-7213-b7d3-8e4d2103d615"",""yes_price_dollars"":""0.4300""}"
KXBTC15M-26APR281530-30,0ccf0555-cbe8-7a47-87be-ba1cbb8ee14b,1777403722,0.43,20.75,yes,"{""count_fp"":""20.75"",""created_time"":""2026-04-28T19:15:22.957411Z"",""no_price_dollars"":""0.5700"",""taker_side"":""yes"",""ticker"":""KXBTC15M-26APR281530-30"",""trade_id"":""0ccf0555-cbe8-7a47-87be-ba1cbb8ee14b"",""yes_price_dollars"":""0.4300""}"
KXBTC15M-26APR281530-30,7ce5ed7c-7190-756f-92f5-8a6819ce20b4,1777403722,0.42,1.0,yes,"{""count_fp"":""1.00"",""created_time"":""2026-04-28T19:15:22.485415Z"",""no_price_dollars"":""0.5800"",""taker_side"":""yes"",""ticker"":""KXBTC15M-26APR281530-30"",""trade_id"":""7ce5ed7c-7190-756f-92f5-8a6819ce20b4"",""yes_price_dollars"":""0.4200""}"
KXBTC15M-26APR281530-30,7966b21c-8ea0-4a83-b8ac-2c1679dbe2a6,1777403722,0.43,1.28,yes,"{""count_fp"":""1.28"",""created_time"":""2026-04-28T19:15:22.033766Z"",""no_price_dollars"":""0.5700"",""taker_side"":""yes"",""ticker"":""KXBTC15M-26APR281530-30"",""trade_id"":""7966b21c-8ea0-4a83-b8ac-2c1679dbe2a6"",""yes_price_dollars"":""0.4300""}"
KXBTC15M-26APR281530-30,5660317c-7c0c-5a91-2fa9-e5fc26c234af,1777403723,0.42,114.38,yes,"{""count_fp"":""114.38"",""created_time"":""2026-04-28T19:15:23.944861Z"",""no_price_dollars"":""0.5800"",""taker_side"":""yes"",""ticker"":""KXBTC15M-26APR281530-30"",""trade_id"":""5660317c-7c0c-5a91-2fa9-e5fc26c234af"",""yes_price_dollars"":""0.4200""}"
KXBTC15M-26APR281530-30,03119685-2e81-6876-95c1-9ed0747642fc,1777403723,0.41,123.57,no,"{""count_fp"":""123.57"",""created_time"":""2026-04-28T19:15:23.831982Z"",""no_price_dollars"":""0.5900"",""taker_side"":""no"",""ticker"":""KXBTC15M-26APR281530-30"",""trade_id"":""03119685-2e81-6876-95c1-9ed0747642fc"",""yes_price_dollars"":""0.4100""}"
KXBTC15M-26APR281530-30,993efc54-6184-7775-8e91-041829b4895b,1777403723,0.42,22.36,yes,"{""count_fp"":""22.36"",""created_time"":""2026-04-28T19:15:23.703403Z"",""no_price_dollars"":""0.5800"",""taker_side"":""yes"",""ticker"":""KXBTC15M-26APR281530-30"",""trade_id"":""993efc54-6184-7775-8e91-041829b4895b"",""yes_price_dollars"":""0.4200""}"
KXBTC15M-26APR281530-30,618bda71-6f1c-5c3d-ebad-5951ef1f7ea7,1777403723,0.42,9.15,yes,"{""count_fp"":""9.15"",""created_time"":""2026-04-28T19:15:23.687185Z"",""no_price_dollars"":""0.5800"",""taker_side"":""yes"",""ticker"":""KXBTC15M-26APR281530-30"",""trade_id"":""618bda71-6f1c-5c3d-ebad-5951ef1f7ea7"",""yes_price_dollars"":""0.4200""}"
KXBTC15M-26APR281530-30,4ae51453-49a0-78b5-de44-4cd03dfe0333,1777403723,0.42,22.88,yes,"{""count_fp"":""22.88"",""created_time"":""2026-04-28T19:15:23.320085Z"",""no_price_dollars"":""0.5800"",""taker_side"":""yes"",""ticker"":""KXBTC15M-26APR281530-30"",""trade_id"":""4ae51453-49a0-78b5-de44-4cd03dfe0333"",""yes_price_dollars"":""0.4200""}"
KXBTC15M-26APR281530-30,bb91a0b7-ffa9-7fea-3196-f763bff776e0,1777403724,0.41,1.64,no,"{""count_fp"":""1.64"",""created_time"":""2026-04-28T19:15:24.580366Z"",""no_price_dollars"":""0.5900"",""taker_side"":""no"",""ticker"":""KXBTC15M-26APR281530-30"",""trade_id"":""bb91a0b7-ffa9-7fea-3196-f763bff776e0"",""yes_price_dollars"":""0.4100""}"
KXBTC15M-26APR281530-30,b4463d2c-9b31-784a-3bfb-bd07436c556c,1777403724,0.41,8.23,no,"{""count_fp"":""8.23"",""created_time"":""2026-04-28T19:15:24.350755Z"",""no_price_dollars"":""0.5900"",""taker_side"":""no"",""ticker"":""KXBTC15M-26APR281530-30"",""trade_id"":""b4463d2c-9b31-784a-3bfb-bd07436c556c"",""yes_price_dollars"":""0.4100""}"
KXBTC15M-26APR281530-30,d4d36b8f-e458-437d-3e9d-9867e914351b,1777403725,0.42,22.88,yes,"{""count_fp"":""22.88"",""created_time"":""2026-04-28T19:15:25.547037Z"",""no_price_dollars"":""0.5800"",""taker_side"":""yes"",""ticker"":""KXBTC15M-26APR281530-30"",""trade_id"":""d4d36b8f-e458-437d-3e9d-9867e914351b"",""yes_price_dollars"":""0.4200""}"
KXBTC15M-26APR281530-30,0b2d2d7e-07e8-6ed5-7d20-1244c035cf3b,1777403725,0.42,33.54,yes,"{""count_fp"":""33.54"",""created_time"":""2026-04-28T19:15:25.358561Z"",""no_price_dollars"":""0.5800"",""taker_side"":""yes"",""ticker"":""KXBTC15M-26APR281530-30"",""trade_id"":""0b2d2d7e-07e8-6ed5-7d20-1244c035cf3b"",""yes_price_dollars"":""0.4200""}"
KXBTC15M-26APR281530-30,6d6153a1-f9a1-48b2-8c7d-28b2ff7e235c,1777403725,0.41,41.19,no,"{""count_fp"":""41.19"",""created_time"":""2026-04-28T19:15:25.240191Z"",""no_price_dollars"":""0.5900"",""taker_side"":""no"",""ticker"":""KXBTC15M-26APR281530-30"",""trade_id"":""6d6153a1-f9a1-48b2-8c7d-28b2ff7e235c"",""yes_price_dollars"":""0.4100""}"
KXBTC15M-26APR281530-30,aa753bba-10ab-43a4-38a0-2daaf48b9fd8,1777403726,0.42,2.0,yes,"{""count_fp"":""2.00"",""created_time"":""2026-04-28T19:15:26.501502Z"",""no_price_dollars"":""0.5800"",""taker_side"":""yes"",""ticker"":""KXBTC15M-26APR281530-30"",""trade_id"":""aa753bba-10ab-43a4-38a0-2daaf48b9fd8"",""yes_price_dollars"":""0.4200""}"
KXBTC15M-26APR281530-30,518f75c8-983b-70f8-aa02-c20422cd8218,1777403726,0.42,100.0,yes,"{""count_fp"":""100.00"",""created_time"":""2026-04-28T19:15:26.488868Z"",""no_price_dollars"":""0.5800"",""taker_side"":""yes"",""ticker"":""KXBTC15M-26APR281530-30"",""trade_id"":""518f75c8-983b-70f8-aa02-c20422cd8218"",""yes_price_dollars"":""0.4200""}"
KXBTC15M-26APR281530-30,d938442d-60e7-4860-e07b-c3e7b63f4240,1777403726,0.42,11.44,yes,"{""count_fp"":""11.44"",""created_time"":""2026-04-28T19:15:26.428556Z"",""no_price_dollars"":""0.5800"",""taker_side"":""yes"",""ticker"":""KXBTC15M-26APR281530-30"",""trade_id"":""d938442d-60e7-4860-e07b-c3e7b63f4240"",""yes_price_dollars"":""0.4200""}"
KXBTC15M-26APR281530-30,c7602fb9-9138-640d-ba25-399561c093e7,1777403726,0.42,274.81,yes,"{""count_fp"":""274.81"",""created_time"":""2026-04-28T19:15:26.369143Z"",""no_price_dollars"":""0.5800"",""taker_side"":""yes"",""ticker"":""KXBTC15M-26APR281530-30"",""trade_id"":""c7602fb9-9138-640d-ba25-399561c093e7"",""yes_price_dollars"":""0.4200""}"
KXBTC15M-26APR281530-30,c567365e-7a38-678a-9bd5-a330f9d8cd0f,1777403726,0.42,13.0,yes,"{""count_fp"":""13.00"",""created_time"":""2026-04-28T19:15:26.369143Z"",""no_price_dollars"":""0.5800"",""taker_side"":""yes"",""ticker"":""KXBTC15M-26APR281530-30"",""trade_id"":""c567365e-7a38-678a-9bd5-a330f9d8cd0f"",""yes_price_dollars"":""0.4200""}"
KXBTC15M-26APR281530-30,81f99b26-1fba-61c4-ae4d-6752baaebbd5,1777403726,0.42,1.0,yes,"{""count_fp"":""1.00"",""created_time"":""2026-04-28T19:15:26.369143Z"",""no_price_dollars"":""0.5800"",""taker_side"":""yes"",""ticker"":""KXBTC15M-26APR281530-30"",""trade_id"":""81f99b26-1fba-61c4-ae4d-6752baaebbd5"",""yes_price_dollars"":""0.4200""}"
KXBTC15M-26APR281530-30,75f0ee5f-421b-6226-8a05-c2e8ae12973d,1777403726,0.42,100.0,yes,"{""count_fp"":""100.00"",""created_time"":""2026-04-28T19:15:26.369143Z"",""no_price_dollars"":""0.5800"",""taker_side"":""yes"",""ticker"":""KXBTC15M-26APR281530-30"",""trade_id"":""75f0ee5f-421b-6226-8a05-c2e8ae12973d"",""yes_price_dollars"":""0.4200""}"
KXBTC15M-26APR281530-30,44ff2823-5fd6-6d57-8980-585340172a56,1777403726,0.42,40.0,yes,"{""count_fp"":""40.00"",""created_time"":""2026-04-28T19:15:26.369143Z"",""no_price_dollars"":""0.5800"",""taker_side"":""yes"",""ticker"":""KXBTC15M-26APR281530-30"",""trade_id"":""44ff2823-5fd6-6d57-8980-585340172a56"",""yes_price_dollars"":""0.4200""}"
KXBTC15M-26APR281530-30,1614f0bd-662c-6f56-8fe7-d4b90d62cc7a,1777403726,0.42,25.0,yes,"{""count_fp"":""25.00"",""created_time"":""2026-04-28T19:15:26.369143Z"",""no_price_dollars"":""0.5800"",""taker_side"":""yes"",""ticker"":""KXBTC15M-26APR281530-30"",""trade_id"":""1614f0bd-662c-6f56-8fe7-d4b90d62cc7a"",""yes_price_dollars"":""0.4200""}"
KXBTC15M-26APR281530-30,0520a1e3-83a9-6f95-ba75-07056ef258b7,1777403726,0.42,3.0,yes,"{""count_fp"":""3.00"",""created_time"":""2026-04-28T19:15:26.369143Z"",""no_price_dollars"":""0.5800"",""taker_side"":""yes"",""ticker"":""KXBTC15M-26APR281530-30"",""trade_id"":""0520a1e3-83a9-6f95-ba75-07056ef258b7"",""yes_price_dollars"":""0.4200""}"
KXBTC15M-26APR281530-30,023a7ee0-6cbf-6850-a961-85d743c54aac,1777403726,0.42,334.39,yes,"{""count_fp"":""334.39"",""created_time"":""2026-04-28T19:15:26.369143Z"",""no_price_dollars"":""0.5800"",""taker_side"":""yes"",""ticker"":""KXBTC15M-26APR281530-30"",""trade_id"":""023a7ee0-6cbf-6850-a961-85d743c54aac"",""yes_price_dollars"":""0.4200""}"
KXBTC15M-26APR281530-30,74615ae9-997d-6c46-eea8-a5d28baa9ec4,1777403727,0.41,3.69,no,"{""count_fp"":""3.69"",""created_time"":""2026-04-28T19:15:27.961217Z"",""no_price_dollars"":""0.5900"",""taker_side"":""no"",""ticker"":""KXBTC15M-26APR281530-30"",""trade_id"":""74615ae9-997d-6c46-eea8-a5d28baa9ec4"",""yes_price_dollars"":""0.4100""}"
KXBTC15M-26APR281530-30,316bc5d9-42d4-6d82-ff81-d940411437b8,1777403727,0.41,4.54,no,"{""count_fp"":""4.54"",""created_time"":""2026-04-28T19:15:27.961217Z"",""no_price_dollars"":""0.5900"",""taker_side"":""no"",""ticker"":""KXBTC15M-26APR281530-30"",""trade_id"":""316bc5d9-42d4-6d82-ff81-d940411437b8"",""yes_price_dollars"":""0.4100""}"
KXBTC15M-26APR281530-30,cf77f969-b3d1-7f14-4027-0719a2f2f0a1,1777403727,0.42,61.77,yes,"{""count_fp"":""61.77"",""created_time"":""2026-04-28T19:15:27.879374Z"",""no_price_dollars"":""0.5800"",""taker_side"":""yes"",""ticker"":""KXBTC15M-26APR281530-30"",""trade_id"":""cf77f969-b3d1-7f14-4027-0719a2f2f0a1"",""yes_price_dollars"":""0.4200""}"
KXBTC15M-26APR281530-30,46a9db20-71b1-62c6-8ff4-8f8b6f344618,1777403727,0.41,21.68,no,"{""count_fp"":""21.68"",""created_time"":""2026-04-28T19:15:27.496946Z"",""no_price_dollars"":""0.5900"",""taker_side"":""no"",""ticker"":""KXBTC15M-26APR281530-30"",""trade_id"":""46a9db20-71b1-62c6-8ff4-8f8b6f344618"",""yes_price_dollars"":""0.4100""}"
KXBTC15M-26APR281530-30,10dc2e8a-7c83-6d38-eec6-6fa6b8906dc8,1777403727,0.42,5.72,yes,"{""count_fp"":""5.72"",""created_time"":""2026-04-28T19:15:27.217864Z"",""no_price_dollars"":""0.5800"",""taker_side"":""yes"",""ticker"":""KXBTC15M-26APR281530-30"",""trade_id"":""10dc2e8a-7c83-6d38-eec6-6fa6b8906dc8"",""yes_price_dollars"":""0.4200""}"
KXBTC15M-26APR281530-30,17081743-c1d9-6de4-1bda-9b826b33ad5d,1777403728,0.42,11.44,yes,"{""count_fp"":""11.44"",""created_time"":""2026-04-28T19:15:28.885864Z"",""no_price_dollars"":""0.5800"",""taker_side"":""yes"",""ticker"":""KXBTC15M-26APR281530-30"",""trade_id"":""17081743-c1d9-6de4-1bda-9b826b33ad5d"",""yes_price_dollars"":""0.4200""}"
KXBTC15M-26APR281530-30,965ff72b-5974-47ca-d4fb-0a493146eff0,1777403728,0.41,25.46,no,"{""count_fp"":""25.46"",""created_time"":""2026-04-28T19:15:28.701782Z"",""no_price_dollars"":""0.5900"",""taker_side"":""no"",""ticker"":""KXBTC15M-26APR281530-30"",""trade_id"":""965ff72b-5974-47ca-d4fb-0a493146eff0"",""yes_price_dollars"":""0.4100""}"
KXBTC15M-26APR281530-30,8a9f6829-5c62-4872-c9ee-58331d87ea97,1777403728,0.41,7.49,no,"{""count_fp"":""7.49"",""created_time"":""2026-04-28T19:15:28.701782Z"",""no_price_dollars"":""0.5900"",""taker_side"":""no"",""ticker"":""KXBTC15M-26APR281530-30"",""trade_id"":""8a9f6829-5c62-4872-c9ee-58331d87ea97"",""yes_price_dollars"":""0.4100""}"
KXBTC15M-26APR281530-30,d66e9fe6-6a81-502c-271c-bb6157e7bef9,1777403728,0.42,8.0,yes,"{""count_fp"":""8.00"",""created_time"":""2026-04-28T19:15:28.355415Z"",""no_price_dollars"":""0.5800"",""taker_side"":""yes"",""ticker"":""KXBTC15M-26APR281530-30"",""trade_id"":""d66e9fe6-6a81-502c-271c-bb6157e7bef9"",""yes_price_dollars"":""0.4200""}"
KXBTC15M-26APR281530-30,c0c32691-b8e6-7876-ffd3-f116bd84caeb,1777403729,0.41,12.51,no,"{""count_fp"":""12.51"",""created_time"":""2026-04-28T19:15:29.907148Z"",""no_price_dollars"":""0.5900"",""taker_side"":""no"",""ticker"":""KXBTC15M-26APR281530-30"",""trade_id"":""c0c32691-b8e6-7876-ffd3-f116bd84caeb"",""yes_price_dollars"":""0.4100""}"
KXBTC15M-26APR281530-30,98822d08-11dd-7c20-c98c-779754900eed,1777403729,0.41,8.68,no,"{""count_fp"":""8.68"",""created_time"":""2026-04-28T19:15:29.907148Z"",""no_price_dollars"":""0.5900"",""taker_side"":""no"",""ticker"":""KXBTC15M-26APR281530-30"",""trade_id"":""98822d08-11dd-7c20-c98c-779754900eed"",""yes_price_dollars"":""0.4100""}"
KXBTC15M-26APR281530-30,87677f3a-3e3b-5cea-4825-901c940de92e,1777403729,0.42,34.32,yes,"{""count_fp"":""34.32"",""created_time"":""2026-04-28T19:15:29.324969Z"",""no_price_dollars"":""0.5800"",""taker_side"":""yes"",""ticker"":""KXBTC15M-26APR281530-30"",""trade_id"":""87677f3a-3e3b-5cea-4825-901c940de92e"",""yes_price_dollars"":""0.4200""}"
KXBTC15M-26APR281530-30,e2f9c852-d4ad-7540-9992-c6b57ef15fc1,1777403730,0.42,3.0,yes,"{""count_fp"":""3.00"",""created_time"":""2026-04-28T19:15:30.804357Z"",""no_price_dollars"":""0.5800"",""taker_side"":""yes"",""ticker"":""KXBTC15M-26APR281530-30"",""trade_id"":""e2f9c852-d4ad-7540-9992-c6b57ef15fc1"",""yes_price_dollars"":""0.4200""}"
KXBTC15M-26APR281530-30,77d58b05-820b-7072-8625-b3afc4148db6,1777403730,0.42,11.45,yes,"{""count_fp"":""11.45"",""created_time"":""2026-04-28T19:15:30.804357Z"",""no_price_dollars"":""0.5800"",""taker_side"":""yes"",""ticker"":""KXBTC15M-26APR281530-30"",""trade_id"":""77d58b05-820b-7072-8625-b3afc4148db6"",""yes_price_dollars"":""0.4200""}"
KXBTC15M-26APR281530-30,55548d94-30f6-7d0a-b9d1-0b03ac4633b1,1777403730,0.42,134.26,yes,"{""count_fp"":""134.26"",""created_time"":""2026-04-28T19:15:30.804357Z"",""no_price_dollars"":""0.5800"",""taker_side"":""yes"",""ticker"":""KXBTC15M-26APR281530-30"",""trade_id"":""55548d94-30f6-7d0a-b9d1-0b03ac4633b1"",""yes_price_dollars"":""0.4200""}"
KXBTC15M-26APR281530-30,0894d043-162e-663a-bde3-505f0c3af07d,1777403730,0.42,183.04,yes,"{""count_fp"":""183.04"",""created_time"":""2026-04-28T19:15:30.506854Z"",""no_price_dollars"":""0.5800"",""taker_side"":""yes"",""ticker"":""KXBTC15M-26APR281530-30"",""trade_id"":""0894d043-162e-663a-bde3-505f0c3af07d"",""yes_price_dollars"":""0.4200""}"
KXBTC15M-26APR281530-30,cd0b8442-474a-748a-dd94-5765a09a49b9,1777403730,0.42,114.4,yes,"{""count_fp"":""114.40"",""created_time"":""2026-04-28T19:15:30.391891Z"",""no_price_dollars"":""0.5800"",""taker_side"":""yes"",""ticker"":""KXBTC15M-26APR281530-30"",""trade_id"":""cd0b8442-474a-748a-dd94-5765a09a49b9"",""yes_price_dollars"":""0.4200""}"
KXBTC15M-26APR281530-30,7f14ee26-c891-6d18-5f14-030331a3a345,1777403730,0.41,3.29,no,"{""count_fp"":""3.29"",""created_time"":""2026-04-28T19:15:30.350532Z"",""no_price_dollars"":""0.5900"",""taker_side"":""no"",""ticker"":""KXBTC15M-26APR281530-30"",""trade_id"":""7f14ee26-c891-6d18-5f14-030331a3a345"",""yes_price_dollars"":""0.4100""}"
KXBTC15M-26APR281530-30,6368b750-9db9-6d04-c9ad-02c0ee8d460d,1777403730,0.41,1.0,no,"{""count_fp"":""1.00"",""created_time"":""2026-04-28T19:15:30.318177Z"",""no_price_dollars"":""0.5900"",""taker_side"":""no"",""ticker"":""KXBTC15M-26APR281530-30"",""trade_id"":""6368b750-9db9-6d04-c9ad-02c0ee8d460d"",""yes_price_dollars"":""0.4100""}"
KXBTC15M-26APR281530-30,649af1e5-a736-50ce-35da-9b5c29fa9da5,1777403730,0.42,22.87,yes,"{""count_fp"":""22.87"",""created_time"":""2026-04-28T19:15:30.001117Z"",""no_price_dollars"":""0.5800"",""taker_side"":""yes"",""ticker"":""KXBTC15M-26APR281530-30"",""trade_id"":""649af1e5-a736-50ce-35da-9b5c29fa9da5"",""yes_price_dollars"":""0.4200""}"
KXBTC15M-26APR281530-30,227d5dbb-d839-5eb0-02ae-433d88f9e66d,1777403731,0.42,6.86,yes,"{""count_fp"":""6.86"",""created_time"":""2026-04-28T19:15:31.885929Z"",""no_price_dollars"":""0.5800"",""taker_side"":""yes"",""ticker"":""KXBTC15M-26APR281530-30"",""trade_id"":""227d5dbb-d839-5eb0-02ae-433d88f9e66d"",""yes_price_dollars"":""0.4200""}"
KXBTC15M-26APR281530-30,c5f55e10-5fc1-4279-e3b2-6d1da2954c05,1777403731,0.41,16.0,no,"{""count_fp"":""16.00"",""created_time"":""2026-04-28T19:15:31.713576Z"",""no_price_dollars"":""0.5900"",""taker_side"":""no"",""ticker"":""KXBTC15M-26APR281530-30"",""trade_id"":""c5f55e10-5fc1-4279-e3b2-6d1da2954c05"",""yes_price_dollars"":""0.4100""}"
KXBTC15M-26APR281530-30,d667acc7-078b-4426-2ae3-35e346623576,1777403731,0.42,25.0,yes,"{""count_fp"":""25.00"",""created_time"":""2026-04-28T19:15:31.232069Z"",""no_price_dollars"":""0.5800"",""taker_side"":""yes"",""ticker"":""KXBTC15M-26APR281530-30"",""trade_id"":""d667acc7-078b-4426-2ae3-35e346623576"",""yes_price_dollars"":""0.4200""}"
KXBTC15M-26APR281530-30,cb159471-46fd-6ec8-aedc-cc032471d39d,1777403731,0.41,49.42,no,"{""count_fp"":""49.42"",""created_time"":""2026-04-28T19:15:31.111712Z"",""no_price_dollars"":""0.5900"",""taker_side"":""no"",""ticker"":""KXBTC15M-26APR281530-30"",""trade_id"":""cb159471-46fd-6ec8-aedc-cc032471d39d"",""yes_price_dollars"":""0.4100""}"
KXBTC15M-26APR281530-30,fa6c74e7-fafd-403f-ff68-a493a1f3cd25,1777403732,0.41,24.0,no,"{""count_fp"":""24.00"",""created_time"":""2026-04-28T19:15:32.918317Z"",""no_price_dollars"":""0.5900"",""taker_side"":""no"",""ticker"":""KXBTC15M-26APR281530-30"",""trade_id"":""fa6c74e7-fafd-403f-ff68-a493a1f3cd25"",""yes_price_dollars"":""0.4100""}"
KXBTC15M-26APR281530-30,f436dfb4-8dea-48ba-f65e-b81b844e36af,1777403732,0.41,10.82,no,"{""count_fp"":""10.82"",""created_time"":""2026-04-28T19:15:32.918317Z"",""no_price_dollars"":""0.5900"",""taker_side"":""no"",""ticker"":""KXBTC15M-26APR281530-30"",""trade_id"":""f436dfb4-8dea-48ba-f65e-b81b844e36af"",""yes_price_dollars"":""0.4100""}"
KXBTC15M-26APR281530-30,18420deb-920d-4761-d99e-2344441e0339,1777403732,0.41,6.36,no,"{""count_fp"":""6.36"",""created_time"":""2026-04-28T19:15:32.918317Z"",""no_price_dollars"":""0.5900"",""taker_side"":""no"",""ticker"":""KXBTC15M-26APR281530-30"",""trade_id"":""18420deb-920d-4761-d99e-2344441e0339"",""yes_price_dollars"":""0.4100""}"
KXBTC15M-26APR281530-30,50f0d36a-214e-419e-fa21-faab46f35efc,1777403732,0.42,21.91,yes,"{""count_fp"":""21.91"",""created_time"":""2026-04-28T19:15:32.743234Z"",""no_price_dollars"":""0.5800"",""taker_side"":""yes"",""ticker"":""KXBTC15M-26APR281530-30"",""trade_id"":""50f0d36a-214e-419e-fa21-faab46f35efc"",""yes_price_dollars"":""0.4200""}"
KXBTC15M-26APR281530-30,d7314af2-e802-7e3a-19c8-e0e58e83ce80,1777403732,0.42,25.18,yes,"{""count_fp"":""25.18"",""created_time"":""2026-04-28T19:15:32.705112Z"",""no_price_dollars"":""0.5800"",""taker_side"":""yes"",""ticker"":""KXBTC15M-26APR281530-30"",""trade_id"":""d7314af2-e802-7e3a-19c8-e0e58e83ce80"",""yes_price_dollars"":""0.4200""}"
KXBTC15M-26APR281530-30,a51a7873-90f2-4362-8399-225296ee8488,1777403732,0.42,17.04,yes,"{""count_fp"":""17.04"",""created_time"":""2026-04-28T19:15:32.394901Z"",""no_price_dollars"":""0.5800"",""taker_side"":""yes"",""ticker"":""KXBTC15M-26APR281530-30"",""trade_id"":""a51a7873-90f2-4362-8399-225296ee8488"",""yes_price_dollars"":""0.4200""}"
KXBTC15M-26APR281530-30,65e9790d-ba41-452c-bc0b-57ad78647bc5,1777403732,0.42,33.94,yes,"{""count_fp"":""33.94"",""created_time"":""2026-04-28T19:15:32.394901Z"",""no_price_dollars"":""0.5800"",""taker_side"":""yes"",""ticker"":""KXBTC15M-26APR281530-30"",""trade_id"":""65e9790d-ba41-452c-bc0b-57ad78647bc5"",""yes_price_dollars"":""0.4200""}"
KXBTC15M-26APR281530-30,71782908-a035-646c-747a-3267497885bd,1777403732,0.42,57.2,yes,"{""count_fp"":""57.20"",""created_time"":""2026-04-28T19:15:32.379905Z"",""no_price_dollars"":""0.5800"",""taker_side"":""yes"",""ticker"":""KXBTC15M-26APR281530-30"",""trade_id"":""71782908-a035-646c-747a-3267497885bd"",""yes_price_dollars"":""0.4200""}"
KXBTC15M-26APR281530-30,05f81e3e-748d-6a15-fce6-360a7b540d15,1777403732,0.41,1.64,no,"{""count_fp"":""1.64"",""created_time"":""2026-04-28T19:15:32.087377Z"",""no_price_dollars"":""0.5900"",""taker_side"":""no"",""ticker"":""KXBTC15M-26APR281530-30"",""trade_id"":""05f81e3e-748d-6a15-fce6-360a7b540d15"",""yes_price_dollars"":""0.4100""}"
KXBTC15M-26APR281530-30,6f01582a-1bd2-6dd2-094c-ecfe44913cd0,1777403733,0.42,9.15,yes,"{""count_fp"":""9.15"",""created_time"":""2026-04-28T19:15:33.747797Z"",""no_price_dollars"":""0.5800"",""taker_side"":""yes"",""ticker"":""KXBTC15M-26APR281530-30"",""trade_id"":""6f01582a-1bd2-6dd2-094c-ecfe44913cd0"",""yes_price_dollars"":""0.4200""}"
KXBTC15M-26APR281530-30,7690f367-83f2-73fa-e50e-78d446e82df0,1777403733,0.42,45.76,yes,"{""count_fp"":""45.76"",""created_time"":""2026-04-28T19:15:33.650074Z"",""no_price_dollars"":""0.5800"",""taker_side"":""yes"",""ticker"":""KXBTC15M-26APR281530-30"",""trade_id"":""7690f367-83f2-73fa-e50e-78d446e82df0"",""yes_price_dollars"":""0.4200""}"
KXBTC15M-26APR281530-30,a4d9c3ca-4317-7e2c-d45c-8ce04043a5f7,1777403733,0.41,0.55,no,"{""count_fp"":""0.55"",""created_time"":""2026-04-28T19:15:33.240522Z"",""no_price_dollars"":""0.5900"",""taker_side"":""no"",""ticker"":""KXBTC15M-26APR281530-30"",""trade_id"":""a4d9c3ca-4317-7e2c-d45c-8ce04043a5f7"",""yes_price_dollars"":""0.4100""}"
KXBTC15M-26APR281530-30,d0536115-b36f-4768-7677-34ae7036c457,1777403733,0.41,0.82,no,"{""count_fp"":""0.82"",""created_time"":""2026-04-28T19:15:33.170992Z"",""no_price_dollars"":""0.5900"",""taker_side"":""no"",""ticker"":""KXBTC15M-26APR281530-30"",""trade_id"":""d0536115-b36f-4768-7677-34ae7036c457"",""yes_price_dollars"":""0.4100""}"
KXBTC15M-26APR281530-30,2d116c6f-2c46-41ca-721a-05213fe5f00f,1777403733,0.41,19.18,no,"{""count_fp"":""19.18"",""created_time"":""2026-04-28T19:15:33.170992Z"",""no_price_dollars"":""0.5900"",""taker_side"":""no"",""ticker"":""KXBTC15M-26APR281530-30"",""trade_id"":""2d116c6f-2c46-41ca-721a-05213fe5f00f"",""yes_price_dollars"":""0.4100""}"
KXBTC15M-26APR281530-30,9de0405e-66ea-4f32-4873-ed5586d38114,1777403733,0.42,2.0,yes,"{""count_fp"":""2.00"",""created_time"":""2026-04-28T19:15:33.093959Z"",""no_price_dollars"":""0.5800"",""taker_side"":""yes"",""ticker"":""KXBTC15M-26APR281530-30"",""trade_id"":""9de0405e-66ea-4f32-4873-ed5586d38114"",""yes_price_dollars"":""0.4200""}"
KXBTC15M-26APR281530-30,e1237131-08f6-5588-3702-02d2c1f8f091,1777403734,0.43,15.26,yes,"{""count_fp"":""15.26"",""created_time"":""2026-04-28T19:15:34.728065Z"",""no_price_dollars"":""0.5700"",""taker_side"":""yes"",""ticker"":""KXBTC15M-26APR281530-30"",""trade_id"":""e1237131-08f6-5588-3702-02d2c1f8f091"",""yes_price_dollars"":""0.4300""}"
KXBTC15M-26APR281530-30,2fded352-d560-5f09-3071-7236b35a9336,1777403734,0.43,50.63,yes,"{""count_fp"":""50.63"",""created_time"":""2026-04-28T19:15:34.728065Z"",""no_price_dollars"":""0.5700"",""taker_side"":""yes"",""ticker"":""KXBTC15M-26APR281530-30"",""trade_id"":""2fded352-d560-5f09-3071-7236b35a9336"",""yes_price_dollars"":""0.4300""}"
KXBTC15M-26APR281530-30,78632125-f682-5d74-e115-f40871f17304,1777403734,0.42,40.0,no,"{""count_fp"":""40.00"",""created_time"":""2026-04-28T19:15:34.368728Z"",""no_price_dollars"":""0.5800"",""taker_side"":""no"",""ticker"":""KXBTC15M-26APR281530-30"",""trade_id"":""78632125-f682-5d74-e115-f40871f17304"",""yes_price_dollars"":""0.4200""}"
KXBTC15M-26APR281530-30,3ec693a4-64e6-590f-e697-41648c722e2d,1777403734,0.42,42.38,no,"{""count_fp"":""42.38"",""created_time"":""2026-04-28T19:15:34.368728Z"",""no_price_dollars"":""0.5800"",""taker_side"":""no"",""ticker"":""KXBTC15M-26APR281530-30"",""trade_id"":""3ec693a4-64e6-590f-e697-41648c722e2d"",""yes_price_dollars"":""0.4200""}"
KXBTC15M-26APR281530-30,aed0a26d-ca6e-417b-771d-429552f5ab87,1777403734,0.42,0.12,yes,"{""count_fp"":""0.12"",""created_time"":""2026-04-28T19:15:34.235917Z"",""no_price_dollars"":""0.5800"",""taker_side"":""yes"",""ticker"":""KXBTC15M-26APR281530-30"",""trade_id"":""aed0a26d-ca6e-417b-771d-429552f5ab87"",""yes_price_dollars"":""0.4200""}"
KXBTC15M-26APR281530-30,c662eb5c-1aa6-7562-861e-daaa0d24a62c,1777403734,0.42,219.12,yes,"{""count_fp"":""219.12"",""created_time"":""2026-04-28T19:15:34.235825Z"",""no_price_dollars"":""0.5800"",""taker_side"":""yes"",""ticker"":""KXBTC15M-26APR281530-30"",""trade_id"":""c662eb5c-1aa6-7562-861e-daaa0d24a62c"",""yes_price_dollars"":""0.4200""}"
KXBTC15M-26APR281530-30,8a6c8a0f-0a26-75a7-8498-99d8b5d8b747,1777403734,0.42,99.88,yes,"{""count_fp"":""99.88"",""created_time"":""2026-04-28T19:15:34.235825Z"",""no_price_dollars"":""0.5800"",""taker_side"":""yes"",""ticker"":""KXBTC15M-26APR281530-30"",""trade_id"":""8a6c8a0f-0a26-75a7-8498-99d8b5d8b747"",""yes_price_dollars"":""0.4200""}"
KXBTC15M-26APR281530-30,6d328edc-b941-7f4d-966b-5d53444aaa05,1777403734,0.42,2.0,yes,"{""count_fp"":""2.00"",""created_time"":""2026-04-28T19:15:34.235825Z"",""no_price_dollars"":""0.5800"",""taker_side"":""yes"",""ticker"":""KXBTC15M-26APR281530-30"",""trade_id"":""6d328edc-b941-7f4d-966b-5d53444aaa05"",""yes_price_dollars"":""0.4200""}"
KXBTC15M-26APR281530-30,c5730933-5926-79e2-5f0c-2a805e7248f8,1777403734,0.42,59.47,yes,"{""count_fp"":""59.47"",""created_time"":""2026-04-28T19:15:34.157472Z"",""no_price_dollars"":""0.5800"",""taker_side"":""yes"",""ticker"":""KXBTC15M-26APR281530-30"",""trade_id"":""c5730933-5926-79e2-5f0c-2a805e7248f8"",""yes_price_dollars"":""0.4200""}"
KXBTC15M-26APR281530-30,75d5ec89-fd12-563e-1e1f-18b5c121b728,1777403734,0.42,46.74,yes,"{""count_fp"":""46.74"",""created_time"":""2026-04-28T19:15:34.148458Z"",""no_price_dollars"":""0.5800"",""taker_side"":""yes"",""ticker"":""KXBTC15M-26APR281530-30"",""trade_id"":""75d5ec89-fd12-563e-1e1f-18b5c121b728"",""yes_price_dollars"":""0.4200""}"
KXBTC15M-26APR281530-30,063e01c4-abfa-5e76-7cf0-6b13605d63d8,1777403734,0.42,52.49,yes,"{""count_fp"":""52.49"",""created_time"":""2026-04-28T19:15:34.145082Z"",""no_price_dollars"":""0.5800"",""taker_side"":""yes"",""ticker"":""KXBTC15M-26APR281530-30"",""trade_id"":""063e01c4-abfa-5e76-7cf0-6b13605d63d8"",""yes_price_dollars"":""0.4200""}"
KXBTC15M-26APR281530-30,5619861d-b08b-42df-322c-af3f2446b0d4,1777403735,0.43,5.0,no,"{""count_fp"":""5.00"",""created_time"":""2026-04-28T19:15:35.767856Z"",""no_price_dollars"":""0.5700"",""taker_side"":""no"",""ticker"":""KXBTC15M-26APR281530-30"",""trade_id"":""5619861d-b08b-42df-322c-af3f2446b0d4"",""yes_price_dollars"":""0.4300""}"
KXBTC15M-26APR281530-30,f4ad1050-77df-6273-9f88-a1166b1eecae,1777403735,0.44,6.97,yes,"{""count_fp"":""6.97"",""created_time"":""2026-04-28T19:15:35.738539Z"",""no_price_dollars"":""0.5600"",""taker_side"":""yes"",""ticker"":""KXBTC15M-26APR281530-30"",""trade_id"":""f4ad1050-77df-6273-9f88-a1166b1eecae"",""yes_price_dollars"":""0.4400""}"
KXBTC15M-26APR281530-30,9d1d1ead-aa91-648c-a502-e171fb038ce5,1777403735,0.44,14.64,yes,"{""count_fp"":""14.64"",""created_time"":""2026-04-28T19:15:35.738539Z"",""no_price_dollars"":""0.5600"",""taker_side"":""yes"",""ticker"":""KXBTC15M-26APR281530-30"",""trade_id"":""9d1d1ead-aa91-648c-a502-e171fb038ce5"",""yes_price_dollars"":""0.4400""}"
KXBTC15M-26APR281530-30,7862880e-65f5-50d0-b8c6-bd59f8d94ced,1777403735,0.44,0.42,yes,"{""count_fp"":""0.42"",""created_time"":""2026-04-28T19:15:35.616594Z"",""no_price_dollars"":""0.5600"",""taker_side"":""yes"",""ticker"":""KXBTC15M-26APR281530-30"",""trade_id"":""7862880e-65f5-50d0-b8c6-bd59f8d94ced"",""yes_price_dollars"":""0.4400""}"
KXBTC15M-26APR281530-30,7f6829e3-fda4-66fd-6e8d-20c2490d36b6,1777403735,0.43,0.79,yes,"{""count_fp"":""0.79"",""created_time"":""2026-04-28T19:15:35.516331Z"",""no_price_dollars"":""0.5700"",""taker_side"":""yes"",""ticker"":""KXBTC15M-26APR281530-30"",""trade_id"":""7f6829e3-fda4-66fd-6e8d-20c2490d36b6"",""yes_price_dollars"":""0.4300""}"
KXBTC15M-26APR281530-30,4843a58d-67dc-6065-5b4c-89d961cbde5e,1777403735,0.43,442.0,yes,"{""count_fp"":""442.00"",""created_time"":""2026-04-28T19:15:35.516281Z"",""no_price_dollars"":""0.5700"",""taker_side"":""yes"",""ticker"":""KXBTC15M-26APR281530-30"",""trade_id"":""4843a58d-67dc-6065-5b4c-89d961cbde5e"",""yes_price_dollars"":""0.4300""}"
KXBTC15M-26APR281530-30,3840c235-60b4-4f91-db14-0562eeb5b4b2,1777403735,0.43,6.58,yes,"{""count_fp"":""6.58"",""created_time"":""2026-04-28T19:15:35.374352Z"",""no_price_dollars"":""0.5700"",""taker_side"":""yes"",""ticker"":""KXBTC15M-26APR281530-30"",""trade_id"":""3840c235-60b4-4f91-db14-0562eeb5b4b2"",""yes_price_dollars"":""0.4300""}"
KXBTC15M-26APR281530-30,fb875d6e-5284-7cc5-95d6-4d7e6a187a37,1777403735,0.42,1.64,no,"{""count_fp"":""1.64"",""created_time"":""2026-04-28T19:15:35.258931Z"",""no_price_dollars"":""0.5800"",""taker_side"":""no"",""ticker"":""KXBTC15M-26APR281530-30"",""trade_id"":""fb875d6e-5284-7cc5-95d6-4d7e6a187a37"",""yes_price_dollars"":""0.4200""}"
KXBTC15M-26APR281530-30,f9172af3-33e1-6fc0-7809-13016556b86a,1777403735,0.42,40.61,no,"{""count_fp"":""40.61"",""created_time"":""2026-04-28T19:15:35.095795Z"",""no_price_dollars"":""0.5800"",""taker_side"":""no"",""ticker"":""KXBTC15M-26APR281530-30"",""trade_id"":""f9172af3-33e1-6fc0-7809-13016556b86a"",""yes_price_dollars"":""0.4200""}"
KXBTC15M-26APR281530-30,f3280c76-53c4-60cd-5950-3e3081b88a47,1777403735,0.42,23.96,no,"{""count_fp"":""23.96"",""created_time"":""2026-04-28T19:15:35.095795Z"",""no_price_dollars"":""0.5800"",""taker_side"":""no"",""ticker"":""KXBTC15M-26APR281530-30"",""trade_id"":""f3280c76-53c4-60cd-5950-3e3081b88a47"",""yes_price_dollars"":""0.4200""}"
KXBTC15M-26APR281530-30,bfc13a3c-b8c3-6faa-5d3b-1438c763c5cf,1777403735,0.42,56.0,no,"{""count_fp"":""56.00"",""created_time"":""2026-04-28T19:15:35.095795Z"",""no_price_dollars"":""0.5800"",""taker_side"":""no"",""ticker"":""KXBTC15M-26APR281530-30"",""trade_id"":""bfc13a3c-b8c3-6faa-5d3b-1438c763c5cf"",""yes_price_dollars"":""0.4200""}"
KXBTC15M-26APR281530-30,300c90a3-681a-6222-769a-10dd472676e8,1777403735,0.42,3.0,no,"{""count_fp"":""3.00"",""created_time"":""2026-04-28T19:15:35.095795Z"",""no_price_dollars"":""0.5800"",""taker_side"":""no"",""ticker"":""KXBTC15M-26APR281530-30"",""trade_id"":""300c90a3-681a-6222-769a-10dd472676e8"",""yes_price_dollars"":""0.4200""}"
KXBTC15M-26APR281530-30,0db9f81f-dc93-4aa7-d9e3-179baffb4d1a,1777403736,0.44,1.0,yes,"{""count_fp"":""1.00"",""created_time"":""2026-04-28T19:15:36.883821Z"",""no_price_dollars"":""0.5600"",""taker_side"":""yes"",""ticker"":""KXBTC15M-26APR281530-30"",""trade_id"":""0db9f81f-dc93-4aa7-d9e3-179baffb4d1a"",""yes_price_dollars"":""0.4400""}"
KXBTC15M-26APR281530-30,ceadfe55-a798-7b45-ad6c-6d3331fe2713,1777403736,0.43,15.07,no,"{""count_fp"":""15.07"",""created_time"":""2026-04-28T19:15:36.726194Z"",""no_price_dollars"":""0.5700"",""taker_side"":""no"",""ticker"":""KXBTC15M-26APR281530-30"",""trade_id"":""ceadfe55-a798-7b45-ad6c-6d3331fe2713"",""yes_price_dollars"":""0.4300""}"
KXBTC15M-26APR281530-30,a9bd1900-763c-4561-7050-a720eab4d9cb,1777403736,0.43,173.0,no,"{""count_fp"":""173.00"",""created_time"":""2026-04-28T19:15:36.355194Z"",""no_price_dollars"":""0.5700"",""taker_side"":""no"",""ticker"":""KXBTC15M-26APR281530-30"",""trade_id"":""a9bd1900-763c-4561-7050-a720eab4d9cb"",""yes_price_dollars"":""0.4300""}"
KXBTC15M-26APR281530-30,eba7e4a5-6264-476d-8d9b-cdc13d19f9eb,1777403736,0.43,117.74,no,"{""count_fp"":""117.74"",""created_time"":""2026-04-28T19:15:36.227203Z"",""no_price_dollars"":""0.5700"",""taker_side"":""no"",""ticker"":""KXBTC15M-26APR281530-30"",""trade_id"":""eba7e4a5-6264-476d-8d9b-cdc13d19f9eb"",""yes_price_dollars"":""0.4300""}"
KXBTC15M-26APR281530-30,ac08b4e8-71b6-4bee-8f28-da2ce428fe3b,1777403736,0.43,3.0,no,"{""count_fp"":""3.00"",""created_time"":""2026-04-28T19:15:36.227203Z"",""no_price_dollars"":""0.5700"",""taker_side"":""no"",""ticker"":""KXBTC15M-26APR281530-30"",""trade_id"":""ac08b4e8-71b6-4bee-8f28-da2ce428fe3b"",""yes_price_dollars"":""0.4300""}"
KXBTC15M-26APR281530-30,91296128-a8ff-45c3-bd9f-2cafc63911b4,1777403736,0.43,30.0,no,"{""count_fp"":""30.00"",""created_time"":""2026-04-28T19:15:36.227203Z"",""no_price_dollars"":""0.5700"",""taker_side"":""no"",""ticker"":""KXBTC15M-26APR281530-30"",""trade_id"":""91296128-a8ff-45c3-bd9f-2cafc63911b4"",""yes_price_dollars"":""0.4300""}"
KXBTC15M-26APR281530-30,2d4d50f1-65f7-6db7-765a-73106dfc77f0,1777403736,0.43,5.0,no,"{""count_fp"":""5.00"",""created_time"":""2026-04-28T19:15:36.163997Z"",""no_price_dollars"":""0.5700"",""taker_side"":""no"",""ticker"":""KXBTC15M-26APR281530-30"",""trade_id"":""2d4d50f1-65f7-6db7-765a-73106dfc77f0"",""yes_price_dollars"":""0.4300""}"
KXBTC15M-26APR281530-30,019c4b8e-6330-7f09-bc0e-eb2672d26b2b,1777403737,0.43,15.0,no,"{""count_fp"":""15.00"",""created_time"":""2026-04-28T19:15:37.479369Z"",""no_price_dollars"":""0.5700"",""taker_side"":""no"",""ticker"":""KXBTC15M-26APR281530-30"",""trade_id"":""019c4b8e-6330-7f09-bc0e-eb2672d26b2b"",""yes_price_dollars"":""0.4300""}"
KXBTC15M-26APR281530-30,a8f884dd-b834-462d-adff-a964ee83790b,1777403737,0.43,33.49,no,"{""count_fp"":""33.49"",""created_time"":""2026-04-28T19:15:37.235837Z"",""no_price_dollars"":""0.5700"",""taker_side"":""no"",""ticker"":""KXBTC15M-26APR281530-30"",""trade_id"":""a8f884dd-b834-462d-adff-a964ee83790b"",""yes_price_dollars"":""0.4300""}"
KXBTC15M-26APR281530-30,7d9e9bc0-8bb8-6f75-0022-6e8ab2cc4ce7,1777403737,0.43,164.76,no,"{""count_fp"":""164.76"",""created_time"":""2026-04-28T19:15:37.157728Z"",""no_price_dollars"":""0.5700"",""taker_side"":""no"",""ticker"":""KXBTC15M-26APR281530-30"",""trade_id"":""7d9e9bc0-8bb8-6f75-0022-6e8ab2cc4ce7"",""yes_price_dollars"":""0.4300""}"
KXBTC15M-26APR281530-30,18e7ae61-8c34-708d-da4b-ab46313424cf,1777403737,0.43,33.49,no,"{""count_fp"":""33.49"",""created_time"":""2026-04-28T19:15:37.098443Z"",""no_price_dollars"":""0.5700"",""taker_side"":""no"",""ticker"":""KXBTC15M-26APR281530-30"",""trade_id"":""18e7ae61-8c34-708d-da4b-ab46313424cf"",""yes_price_dollars"":""0.4300""}"
KXBTC15M-26APR281530-30,007c3066-1718-7825-4de3-a535eb41f9c9,1777403739,0.43,30.0,no,"{""count_fp"":""30.00"",""created_time"":""2026-04-28T19:15:39.871805Z"",""no_price_dollars"":""0.5700"",""taker_side"":""no"",""ticker"":""KXBTC15M-26APR281530-30"",""trade_id"":""007c3066-1718-7825-4de3-a535eb41f9c9"",""yes_price_dollars"":""0.4300""}"
KXBTC15M-26APR281530-30,388a9ed2-5343-7aef-19a9-46eb889ba40e,1777403739,0.44,10.93,yes,"{""count_fp"":""10.93"",""created_time"":""2026-04-28T19:15:39.697677Z"",""no_price_dollars"":""0.5600"",""taker_side"":""yes"",""ticker"":""KXBTC15M-26APR281530-30"",""trade_id"":""388a9ed2-5343-7aef-19a9-46eb889ba40e"",""yes_price_dollars"":""0.4400""}"
KXBTC15M-26APR281530-30,68b17963-48a7-4d47-1a69-baa012d40e2a,1777403739,0.44,218.69,yes,"{""count_fp"":""218.69"",""created_time"":""2026-04-28T19:15:39.457811Z"",""no_price_dollars"":""0.5600"",""taker_side"":""yes"",""ticker"":""KXBTC15M-26APR281530-30"",""trade_id"":""68b17963-48a7-4d47-1a69-baa012d40e2a"",""yes_price_dollars"":""0.4400""}"
KXBTC15M-26APR281530-30,d07f8a79-9237-7430-53db-9a5e48ef0b4b,1777403740,0.43,0.53,yes,"{""count_fp"":""0.53"",""created_time"":""2026-04-28T19:15:40.948845Z"",""no_price_dollars"":""0.5700"",""taker_side"":""yes"",""ticker"":""KXBTC15M-26APR281530-30"",""trade_id"":""d07f8a79-9237-7430-53db-9a5e48ef0b4b"",""yes_price_dollars"":""0.4300""}"
KXBTC15M-26APR281530-30,87b19c75-8296-6c23-2af6-2709a817111e,1777403740,0.42,16.68,no,"{""count_fp"":""16.68"",""created_time"":""2026-04-28T19:15:40.492575Z"",""no_price_dollars"":""0.5800"",""taker_side"":""no"",""ticker"":""KXBTC15M-26APR281530-30"",""trade_id"":""87b19c75-8296-6c23-2af6-2709a817111e"",""yes_price_dollars"":""0.4200""}"
KXBTC15M-26APR281530-30,47205bc6-a843-55a4-5244-7bbd73871883,1777403740,0.43,21.86,yes,"{""count_fp"":""21.86"",""created_time"":""2026-04-28T19:15:40.212754Z"",""no_price_dollars"":""0.5700"",""taker_side"":""yes"",""ticker"":""KXBTC15M-26APR281530-30"",""trade_id"":""47205bc6-a843-55a4-5244-7bbd73871883"",""yes_price_dollars"":""0.4300""}"
KXBTC15M-26APR281530-30,c1fa1d87-155a-558d-153a-a5d1b9fde33c,1777403741,0.42,8.0,no,"{""count_fp"":""8.00"",""created_time"":""2026-04-28T19:15:41.849481Z"",""no_price_dollars"":""0.5800"",""taker_side"":""no"",""ticker"":""KXBTC15M-26APR281530-30"",""trade_id"":""c1fa1d87-155a-558d-153a-a5d1b9fde33c"",""yes_price_dollars"":""0.4200""}"
KXBTC15M-26APR281530-30,d8efc083-0733-4587-a20e-92ded34ef41a,1777403741,0.43,9.12,yes,"{""count_fp"":""9.12"",""created_time"":""2026-04-28T19:15:41.781941Z"",""no_price_dollars"":""0.5700"",""taker_side"":""yes"",""ticker"":""KXBTC15M-26APR281530-30"",""trade_id"":""d8efc083-0733-4587-a20e-92ded34ef41a"",""yes_price_dollars"":""0.4300""}"
KXBTC15M-26APR281530-30,56e88c94-ea0f-4154-a6c7-43bf1066a897,1777403741,0.43,13.24,yes,"{""count_fp"":""13.24"",""created_time"":""2026-04-28T19:15:41.781941Z"",""no_price_dollars"":""0.5700"",""taker_side"":""yes"",""ticker"":""KXBTC15M-26APR281530-30"",""trade_id"":""56e88c94-ea0f-4154-a6c7-43bf1066a897"",""yes_price_dollars"":""0.4300""}"
KXBTC15M-26APR281530-30,6e7ac501-2122-5335-2788-803c8c40e810,1777403741,0.42,5.68,no,"{""count_fp"":""5.68"",""created_time"":""2026-04-28T19:15:41.765064Z"",""no_price_dollars"":""0.5800"",""taker_side"":""no"",""ticker"":""KXBTC15M-26APR281530-30"",""trade_id"":""6e7ac501-2122-5335-2788-803c8c40e810"",""yes_price_dollars"":""0.4200""}"
KXBTC15M-26APR281530-30,06cfcd99-c8ba-584f-069f-a603afd64a8a,1777403741,0.42,10.32,no,"{""count_fp"":""10.32"",""created_time"":""2026-04-28T19:15:41.765064Z"",""no_price_dollars"":""0.5800"",""taker_side"":""no"",""ticker"":""KXBTC15M-26APR281530-30"",""trade_id"":""06cfcd99-c8ba-584f-069f-a603afd64a8a"",""yes_price_dollars"":""0.4200""}"
KXBTC15M-26APR281530-30,67007943-f7fa-4b4d-e5ad-fb7b0b9a69c4,1777403742,0.42,41.87,no,"{""count_fp"":""41.87"",""created_time"":""2026-04-28T19:15:42.657069Z"",""no_price_dollars"":""0.5800"",""taker_side"":""no"",""ticker"":""KXBTC15M-26APR281530-30"",""trade_id"":""67007943-f7fa-4b4d-e5ad-fb7b0b9a69c4"",""yes_price_dollars"":""0.4200""}"
KXBTC15M-26APR281530-30,bc1c8e6d-f455-5fbc-0fd3-37c53b7bf8fb,1777403742,0.43,125.23,yes,"{""count_fp"":""125.23"",""created_time"":""2026-04-28T19:15:42.334884Z"",""no_price_dollars"":""0.5700"",""taker_side"":""yes"",""ticker"":""KXBTC15M-26APR281530-30"",""trade_id"":""bc1c8e6d-f455-5fbc-0fd3-37c53b7bf8fb"",""yes_price_dollars"":""0.4300""}"
KXBTC15M-26APR281530-30,eb44dea7-121a-6e69-0b2b-56a6f86185cc,1777403742,0.43,40.0,yes,"{""count_fp"":""40.00"",""created_time"":""2026-04-28T19:15:42.037836Z"",""no_price_dollars"":""0.5700"",""taker_side"":""yes"",""ticker"":""KXBTC15M-26APR281530-30"",""trade_id"":""eb44dea7-121a-6e69-0b2b-56a6f86185cc"",""yes_price_dollars"":""0.4300""}"
KXBTC15M-26APR281530-30,d083312a-214d-6be8-338b-9d090bd635df,1777403742,0.43,27.19,yes,"{""count_fp"":""27.19"",""created_time"":""2026-04-28T19:15:42.037836Z"",""no_price_dollars"":""0.5700"",""taker_side"":""yes"",""ticker"":""KXBTC15M-26APR281530-30"",""trade_id"":""d083312a-214d-6be8-338b-9d090bd635df"",""yes_price_dollars"":""0.4300""}"
KXBTC15M-26APR281530-30,b449aa03-c593-661b-3f92-762fc1fd3ae6,1777403742,0.43,490.88,yes,"{""count_fp"":""490.88"",""created_time"":""2026-04-28T19:15:42.037836Z"",""no_price_dollars"":""0.5700"",""taker_side"":""yes"",""ticker"":""KXBTC15M-26APR281530-30"",""trade_id"":""b449aa03-c593-661b-3f92-762fc1fd3ae6"",""yes_price_dollars"":""0.4300""}"
KXBTC15M-26APR281530-30,46042f08-1b3e-6097-c64f-a30c1f831113,1777403743,0.42,6.0,no,"{""count_fp"":""6.00"",""created_time"":""2026-04-28T19:15:43.892161Z"",""no_price_dollars"":""0.5800"",""taker_side"":""no"",""ticker"":""KXBTC15M-26APR281530-30"",""trade_id"":""46042f08-1b3e-6097-c64f-a30c1f831113"",""yes_price_dollars"":""0.4200""}"
KXBTC15M-26APR281530-30,7342e4d4-bac2-40c4-c942-4ca278fc1a69,1777403743,0.43,40.0,yes,"{""count_fp"":""40.00"",""created_time"":""2026-04-28T19:15:43.798448Z"",""no_price_dollars"":""0.5700"",""taker_side"":""yes"",""ticker"":""KXBTC15M-26APR281530-30"",""trade_id"":""7342e4d4-bac2-40c4-c942-4ca278fc1a69"",""yes_price_dollars"":""0.4300""}"
KXBTC15M-26APR281530-30,46a8cadf-5fa4-4605-f50f-c6901aca6980,1777403743,0.43,150.08,yes,"{""count_fp"":""150.08"",""created_time"":""2026-04-28T19:15:43.798448Z"",""no_price_dollars"":""0.5700"",""taker_side"":""yes"",""ticker"":""KXBTC15M-26APR281530-30"",""trade_id"":""46a8cadf-5fa4-4605-f50f-c6901aca6980"",""yes_price_dollars"":""0.4300""}"
KXBTC15M-26APR281530-30,e7871c38-d774-617d-fe99-3b6cc3191730,1777403744,0.42,57.2,yes,"{""count_fp"":""57.20"",""created_time"":""2026-04-28T19:15:44.672384Z"",""no_price_dollars"":""0.5800"",""taker_side"":""yes"",""ticker"":""KXBTC15M-26APR281530-30"",""trade_id"":""e7871c38-d774-617d-fe99-3b6cc3191730"",""yes_price_dollars"":""0.4200""}"
KXBTC15M-26APR281530-30,f5b09352-06ed-54bc-8dd3-8ad0171476ad,1777403744,0.41,1.0,no,"{""count_fp"":""1.00"",""created_time"":""2026-04-28T19:15:44.498381Z"",""no_price_dollars"":""0.5900"",""taker_side"":""no"",""ticker"":""KXBTC15M-26APR281530-30"",""trade_id"":""f5b09352-06ed-54bc-8dd3-8ad0171476ad"",""yes_price_dollars"":""0.4100""}"
KXBTC15M-26APR281530-30,64a8efc0-a015-5ad7-b57d-ff22af43ce26,1777403744,0.41,10.0,no,"{""count_fp"":""10.00"",""created_time"":""2026-04-28T19:15:44.498381Z"",""no_price_dollars"":""0.5900"",""taker_side"":""no"",""ticker"":""KXBTC15M-26APR281530-30"",""trade_id"":""64a8efc0-a015-5ad7-b57d-ff22af43ce26"",""yes_price_dollars"":""0.4100""}"
KXBTC15M-26APR281530-30,5f0fca1f-322f-535a-97b1-f74ab42a7902,1777403744,0.41,4.0,no,"{""count_fp"":""4.00"",""created_time"":""2026-04-28T19:15:44.498381Z"",""no_price_dollars"":""0.5900"",""taker_side"":""no"",""ticker"":""KXBTC15M-26APR281530-30"",""trade_id"":""5f0fca1f-322f-535a-97b1-f74ab42a7902"",""yes_price_dollars"":""0.4100""}"
KXBTC15M-26APR281530-30,34052d47-b1ab-5f1f-bcff-032d37d44344,1777403744,0.41,1.0,no,"{""count_fp"":""1.00"",""created_time"":""2026-04-28T19:15:44.498381Z"",""no_price_dollars"":""0.5900"",""taker_side"":""no"",""ticker"":""KXBTC15M-26APR281530-30"",""trade_id"":""34052d47-b1ab-5f1f-bcff-032d37d44344"",""yes_price_dollars"":""0.4100""}"
KXBTC15M-26APR281530-30,1f7653b7-e7dd-52e2-998e-e75c17ec0ea1,1777403744,0.41,66.19,no,"{""count_fp"":""66.19"",""created_time"":""2026-04-28T19:15:44.498381Z"",""no_price_dollars"":""0.5900"",""taker_side"":""no"",""ticker"":""KXBTC15M-26APR281530-30"",""trade_id"":""1f7653b7-e7dd-52e2-998e-e75c17ec0ea1"",""yes_price_dollars"":""0.4100""}"
KXBTC15M-26APR281530-30,b5742e1f-c19b-4139-15d6-6fe259a3fa42,1777403745,0.43,86.75,yes,"{""count_fp"":""86.75"",""created_time"":""2026-04-28T19:15:45.993486Z"",""no_price_dollars"":""0.5700"",""taker_side"":""yes"",""ticker"":""KXBTC15M-26APR281530-30"",""trade_id"":""b5742e1f-c19b-4139-15d6-6fe259a3fa42"",""yes_price_dollars"":""0.4300""}"
KXBTC15M-26APR281530-30,a662a5e5-7894-5c51-72ed-ae919eaaf6a0,1777403745,0.43,33.18,yes,"{""count_fp"":""33.18"",""created_time"":""2026-04-28T19:15:45.647209Z"",""no_price_dollars"":""0.5700"",""taker_side"":""yes"",""ticker"":""KXBTC15M-26APR281530-30"",""trade_id"":""a662a5e5-7894-5c51-72ed-ae919eaaf6a0"",""yes_price_dollars"":""0.4300""}"
KXBTC15M-26APR281530-30,be38ff4b-a018-7c39-e066-5b1bc0d5cb24,1777403745,0.42,422.21,yes,"{""count_fp"":""422.21"",""created_time"":""2026-04-28T19:15:45.619153Z"",""no_price_dollars"":""0.5800"",""taker_side"":""yes"",""ticker"":""KXBTC15M-26APR281530-30"",""trade_id"":""be38ff4b-a018-7c39-e066-5b1bc0d5cb24"",""yes_price_dollars"":""0.4200""}"
KXBTC15M-26APR281530-30,4bb3425a-822b-7288-e9df-2d10a777323d,1777403745,0.42,66.19,yes,"{""count_fp"":""66.19"",""created_time"":""2026-04-28T19:15:45.619153Z"",""no_price_dollars"":""0.5800"",""taker_side"":""yes"",""ticker"":""KXBTC15M-26APR281530-30"",""trade_id"":""4bb3425a-822b-7288-e9df-2d10a777323d"",""yes_price_dollars"":""0.4200""}"
KXBTC15M-26APR281530-30,2c3f9121-6f39-7720-e505-cf501d6d7c66,1777403745,0.42,100.0,yes,"{""count_fp"":""100.00"",""created_time"":""2026-04-28T19:15:45.619153Z"",""no_price_dollars"":""0.5800"",""taker_side"":""yes"",""ticker"":""KXBTC15M-26APR281530-30"",""trade_id"":""2c3f9121-6f39-7720-e505-cf501d6d7c66"",""yes_price_dollars"":""0.4200""}"
KXBTC15M-26APR281530-30,316aaac4-0190-6d79-82b2-9f614f560ac4,1777403745,0.42,20.59,yes,"{""count_fp"":""20.59"",""created_time"":""2026-04-28T19:15:45.087864Z"",""no_price_dollars"":""0.5800"",""taker_side"":""yes"",""ticker"":""KXBTC15M-26APR281530-30"",""trade_id"":""316aaac4-0190-6d79-82b2-9f614f560ac4"",""yes_price_dollars"":""0.4200""}"
KXBTC15M-26APR281530-30,24a7711b-bf6c-7e53-09e8-67c775732217,1777403746,0.42,27.0,no,"{""count_fp"":""27.00"",""created_time"":""2026-04-28T19:15:46.826242Z"",""no_price_dollars"":""0.5800"",""taker_side"":""no"",""ticker"":""KXBTC15M-26APR281530-30"",""trade_id"":""24a7711b-bf6c-7e53-09e8-67c775732217"",""yes_price_dollars"":""0.4200""}"
KXBTC15M-26APR281530-30,60b73076-3784-5873-ff0b-0a609283cf97,1777403746,0.42,3.0,no,"{""count_fp"":""3.00"",""created_time"":""2026-04-28T19:15:46.801459Z"",""no_price_dollars"":""0.5800"",""taker_side"":""no"",""ticker"":""KXBTC15M-26APR281530-30"",""trade_id"":""60b73076-3784-5873-ff0b-0a609283cf97"",""yes_price_dollars"":""0.4200""}"
KXBTC15M-26APR281530-30,3adbe283-b1df-5744-f216-1919f1fc90a3,1777403746,0.42,2.0,no,"{""count_fp"":""2.00"",""created_time"":""2026-04-28T19:15:46.801459Z"",""no_price_dollars"":""0.5800"",""taker_side"":""no"",""ticker"":""KXBTC15M-26APR281530-30"",""trade_id"":""3adbe283-b1df-5744-f216-1919f1fc90a3"",""yes_price_dollars"":""0.4200""}"
KXBTC15M-26APR281530-30,3022350f-e2fc-7f29-84a1-caa6caffeb33,1777403746,0.42,1.0,no,"{""count_fp"":""1.00"",""created_time"":""2026-04-28T19:15:46.488114Z"",""no_price_dollars"":""0.5800"",""taker_side"":""no"",""ticker"":""KXBTC15M-26APR281530-30"",""trade_id"":""3022350f-e2fc-7f29-84a1-caa6caffeb33"",""yes_price_dollars"":""0.4200""}"
KXBTC15M-26APR281530-30,4a5e6de8-b3e7-722d-46f9-baad86e4b15e,1777403746,0.43,38.01,yes,"{""count_fp"":""38.01"",""created_time"":""2026-04-28T19:15:46.451446Z"",""no_price_dollars"":""0.5700"",""taker_side"":""yes"",""ticker"":""KXBTC15M-26APR281530-30"",""trade_id"":""4a5e6de8-b3e7-722d-46f9-baad86e4b15e"",""yes_price_dollars"":""0.4300""}"
KXBTC15M-26APR281530-30,69fb5583-1ab3-4c0d-1e4d-119a6f393a02,1777403746,0.43,0.49,yes,"{""count_fp"":""0.49"",""created_time"":""2026-04-28T19:15:46.418073Z"",""no_price_dollars"":""0.5700"",""taker_side"":""yes"",""ticker"":""KXBTC15M-26APR281530-30"",""trade_id"":""69fb5583-1ab3-4c0d-1e4d-119a6f393a02"",""yes_price_dollars"":""0.4300""}"
KXBTC15M-26APR281530-30,d605d1e4-bccf-45e5-fdab-ae57bfe07a0a,1777403746,0.43,1.09,yes,"{""count_fp"":""1.09"",""created_time"":""2026-04-28T19:15:46.417779Z"",""no_price_dollars"":""0.5700"",""taker_side"":""yes"",""ticker"":""KXBTC15M-26APR281530-30"",""trade_id"":""d605d1e4-bccf-45e5-fdab-ae57bfe07a0a"",""yes_price_dollars"":""0.4300""}"
KXBTC15M-26APR281530-30,695c3c0e-6ff8-62b9-0ba6-436c7ec255af,1777403746,0.42,9.22,no,"{""count_fp"":""9.22"",""created_time"":""2026-04-28T19:15:46.407819Z"",""no_price_dollars"":""0.5800"",""taker_side"":""no"",""ticker"":""KXBTC15M-26APR281530-30"",""trade_id"":""695c3c0e-6ff8-62b9-0ba6-436c7ec255af"",""yes_price_dollars"":""0.4200""}"
KXBTC15M-26APR281530-30,db911d1f-d21a-6788-d477-3d5858e567b0,1777403746,0.42,31.77,no,"{""count_fp"":""31.77"",""created_time"":""2026-04-28T19:15:46.330079Z"",""no_price_dollars"":""0.5800"",""taker_side"":""no"",""ticker"":""KXBTC15M-26APR281530-30"",""trade_id"":""db911d1f-d21a-6788-d477-3d5858e567b0"",""yes_price_dollars"":""0.4200""}"
KXBTC15M-26APR281530-30,bb5a3523-644c-6999-d3d0-3060e9a33b27,1777403746,0.42,198.89,no,"{""count_fp"":""198.89"",""created_time"":""2026-04-28T19:15:46.330079Z"",""no_price_dollars"":""0.5800"",""taker_side"":""no"",""ticker"":""KXBTC15M-26APR281530-30"",""trade_id"":""bb5a3523-644c-6999-d3d0-3060e9a33b27"",""yes_price_dollars"":""0.4200""}"
KXBTC15M-26APR281530-30,9fc0fc9e-3a7e-63a8-235b-f92a838ef810,1777403746,0.42,8.23,no,"{""count_fp"":""8.23"",""created_time"":""2026-04-28T19:15:46.323136Z"",""no_price_dollars"":""0.5800"",""taker_side"":""no"",""ticker"":""KXBTC15M-26APR281530-30"",""trade_id"":""9fc0fc9e-3a7e-63a8-235b-f92a838ef810"",""yes_price_dollars"":""0.4200""}"
KXBTC15M-26APR281530-30,b5963e20-dde3-4339-4d11-d809c6838228,1777403747,0.4,3.22,no,"{""count_fp"":""3.22"",""created_time"":""2026-04-28T19:15:47.915511Z"",""no_price_dollars"":""0.6000"",""taker_side"":""no"",""ticker"":""KXBTC15M-26APR281530-30"",""trade_id"":""b5963e20-dde3-4339-4d11-d809c6838228"",""yes_price_dollars"":""0.4000""}"
KXBTC15M-26APR281530-30,d5b7c84f-56c7-7572-bac5-ed324b4601fa,1777403747,0.4,1.0,no,"{""count_fp"":""1.00"",""created_time"":""2026-04-28T19:15:47.721117Z"",""no_price_dollars"":""0.6000"",""taker_side"":""no"",""ticker"":""KXBTC15M-26APR281530-30"",""trade_id"":""d5b7c84f-56c7-7572-bac5-ed324b4601fa"",""yes_price_dollars"":""0.4000""}"
KXBTC15M-26APR281530-30,2dc59194-f35b-7a91-9073-ff10a628d688,1777403747,0.4,6.9,no,"{""count_fp"":""6.90"",""created_time"":""2026-04-28T19:15:47.721117Z"",""no_price_dollars"":""0.6000"",""taker_side"":""no"",""ticker"":""KXBTC15M-26APR281530-30"",""trade_id"":""2dc59194-f35b-7a91-9073-ff10a628d688"",""yes_price_dollars"":""0.4000""}"
KXBTC15M-26APR281530-30,2fa95000-8a13-5c42-a21f-d75ed7bf41b9,1777403747,0.41,2.23,yes,"{""count_fp"":""2.23"",""created_time"":""2026-04-28T19:15:47.696464Z"",""no_price_dollars"":""0.5900"",""taker_side"":""yes"",""ticker"":""KXBTC15M-26APR281530-30"",""trade_id"":""2fa95000-8a13-5c42-a21f-d75ed7bf41b9"",""yes_price_dollars"":""0.4100""}"
KXBTC15M-26APR281530-30,ab29cc48-6a57-4146-a9cd-6062a27eabcd,1777403747,0.41,4.72,yes,"{""count_fp"":""4.72"",""created_time"":""2026-04-28T19:15:47.434998Z"",""no_price_dollars"":""0.5900"",""taker_side"":""yes"",""ticker"":""KXBTC15M-26APR281530-30"",""trade_id"":""ab29cc48-6a57-4146-a9cd-6062a27eabcd"",""yes_price_dollars"":""0.4100""}"
