ticker,trade_id,ts,yes_price,count,taker_side,raw_json
KXBTC15M-26APR271900-00,68b54492-c433-4466-d0b2-c636c377bdf3,1777329903,0.44,36.32,no,"{""count_fp"":""36.32"",""created_time"":""2026-04-27T22:45:03.218482Z"",""no_price_dollars"":""0.5600"",""taker_side"":""no"",""ticker"":""KXBTC15M-26APR271900-00"",""trade_id"":""68b54492-c433-4466-d0b2-c636c377bdf3"",""yes_price_dollars"":""0.4400""}"
KXBTC15M-26APR271900-00,60ef1ee8-4982-4618-c0c6-8ab628d52a0b,1777329903,0.45,6.0,no,"{""count_fp"":""6.00"",""created_time"":""2026-04-27T22:45:03.218482Z"",""no_price_dollars"":""0.5500"",""taker_side"":""no"",""ticker"":""KXBTC15M-26APR271900-00"",""trade_id"":""60ef1ee8-4982-4618-c0c6-8ab628d52a0b"",""yes_price_dollars"":""0.4500""}"
KXBTC15M-26APR271900-00,07ba5fb5-33ea-473a-faf4-dd136d768f40,1777329903,0.45,1.0,no,"{""count_fp"":""1.00"",""created_time"":""2026-04-27T22:45:03.218482Z"",""no_price_dollars"":""0.5500"",""taker_side"":""no"",""ticker"":""KXBTC15M-26APR271900-00"",""trade_id"":""07ba5fb5-33ea-473a-faf4-dd136d768f40"",""yes_price_dollars"":""0.4500""}"
KXBTC15M-26APR271900-00,d583c960-fe58-4f08-6b48-b749858af727,1777329904,0.5,11.0,yes,"{""count_fp"":""11.00"",""created_time"":""2026-04-27T22:45:04.476591Z"",""no_price_dollars"":""0.5000"",""taker_side"":""yes"",""ticker"":""KXBTC15M-26APR271900-00"",""trade_id"":""d583c960-fe58-4f08-6b48-b749858af727"",""yes_price_dollars"":""0.5000""}"
KXBTC15M-26APR271900-00,20e28f36-2335-4f48-6509-c4c68b3878c0,1777329904,0.5,7.0,yes,"{""count_fp"":""7.00"",""created_time"":""2026-04-27T22:45:04.476591Z"",""no_price_dollars"":""0.5000"",""taker_side"":""yes"",""ticker"":""KXBTC15M-26APR271900-00"",""trade_id"":""20e28f36-2335-4f48-6509-c4c68b3878c0"",""yes_price_dollars"":""0.5000""}"
KXBTC15M-26APR271900-00,8320e488-2771-5a43-0f3c-e7f262b52ed3,1777329904,0.47,10.96,no,"{""count_fp"":""10.96"",""created_time"":""2026-04-27T22:45:04.427746Z"",""no_price_dollars"":""0.5300"",""taker_side"":""no"",""ticker"":""KXBTC15M-26APR271900-00"",""trade_id"":""8320e488-2771-5a43-0f3c-e7f262b52ed3"",""yes_price_dollars"":""0.4700""}"
KXBTC15M-26APR271900-00,8e90a8d5-9677-76ac-ba9e-9fda604eb20c,1777329904,0.48,10.0,yes,"{""count_fp"":""10.00"",""created_time"":""2026-04-27T22:45:04.417946Z"",""no_price_dollars"":""0.5200"",""taker_side"":""yes"",""ticker"":""KXBTC15M-26APR271900-00"",""trade_id"":""8e90a8d5-9677-76ac-ba9e-9fda604eb20c"",""yes_price_dollars"":""0.4800""}"
KXBTC15M-26APR271900-00,21ae8370-ff52-7920-f241-2bb16d1cc133,1777329904,0.49,27.0,yes,"{""count_fp"":""27.00"",""created_time"":""2026-04-27T22:45:04.180801Z"",""no_price_dollars"":""0.5100"",""taker_side"":""yes"",""ticker"":""KXBTC15M-26APR271900-00"",""trade_id"":""21ae8370-ff52-7920-f241-2bb16d1cc133"",""yes_price_dollars"":""0.4900""}"
KXBTC15M-26APR271900-00,1e84eb43-1d71-728f-f926-c34d3b8ae1e7,1777329904,0.49,1.0,yes,"{""count_fp"":""1.00"",""created_time"":""2026-04-27T22:45:04.180801Z"",""no_price_dollars"":""0.5100"",""taker_side"":""yes"",""ticker"":""KXBTC15M-26APR271900-00"",""trade_id"":""1e84eb43-1d71-728f-f926-c34d3b8ae1e7"",""yes_price_dollars"":""0.4900""}"
KXBTC15M-26APR271900-00,2cf834c5-95b9-4812-b627-7a467529f3e3,1777329905,0.49,7.0,no,"{""count_fp"":""7.00"",""created_time"":""2026-04-27T22:45:05.963546Z"",""no_price_dollars"":""0.5100"",""taker_side"":""no"",""ticker"":""KXBTC15M-26APR271900-00"",""trade_id"":""2cf834c5-95b9-4812-b627-7a467529f3e3"",""yes_price_dollars"":""0.4900""}"
KXBTC15M-26APR271900-00,a65039ed-703d-477a-1501-c46138691007,1777329905,0.49,34.14,no,"{""count_fp"":""34.14"",""created_time"":""2026-04-27T22:45:05.875622Z"",""no_price_dollars"":""0.5100"",""taker_side"":""no"",""ticker"":""KXBTC15M-26APR271900-00"",""trade_id"":""a65039ed-703d-477a-1501-c46138691007"",""yes_price_dollars"":""0.4900""}"
KXBTC15M-26APR271900-00,17b1be05-5608-777c-3189-620df4a0dd0b,1777329905,0.5,5.0,yes,"{""count_fp"":""5.00"",""created_time"":""2026-04-27T22:45:05.864763Z"",""no_price_dollars"":""0.5000"",""taker_side"":""yes"",""ticker"":""KXBTC15M-26APR271900-00"",""trade_id"":""17b1be05-5608-777c-3189-620df4a0dd0b"",""yes_price_dollars"":""0.5000""}"
KXBTC15M-26APR271900-00,2f1bc0d1-cdef-78d4-7b90-fb5242b56c46,1777329905,0.48,8.76,no,"{""count_fp"":""8.76"",""created_time"":""2026-04-27T22:45:05.697197Z"",""no_price_dollars"":""0.5200"",""taker_side"":""no"",""ticker"":""KXBTC15M-26APR271900-00"",""trade_id"":""2f1bc0d1-cdef-78d4-7b90-fb5242b56c46"",""yes_price_dollars"":""0.4800""}"
KXBTC15M-26APR271900-00,aa542f86-d204-7824-084f-87be337a3a37,1777329905,0.5,29.03,yes,"{""count_fp"":""29.03"",""created_time"":""2026-04-27T22:45:05.517713Z"",""no_price_dollars"":""0.5000"",""taker_side"":""yes"",""ticker"":""KXBTC15M-26APR271900-00"",""trade_id"":""aa542f86-d204-7824-084f-87be337a3a37"",""yes_price_dollars"":""0.5000""}"
KXBTC15M-26APR271900-00,2e1cdc21-6c17-7204-fe6c-ed647481d822,1777329905,0.49,2.0,no,"{""count_fp"":""2.00"",""created_time"":""2026-04-27T22:45:05.345973Z"",""no_price_dollars"":""0.5100"",""taker_side"":""no"",""ticker"":""KXBTC15M-26APR271900-00"",""trade_id"":""2e1cdc21-6c17-7204-fe6c-ed647481d822"",""yes_price_dollars"":""0.4900""}"
KXBTC15M-26APR271900-00,deb68955-8b17-47b4-4fbb-96b3e2e748ba,1777329905,0.48,2.0,no,"{""count_fp"":""2.00"",""created_time"":""2026-04-27T22:45:05.016017Z"",""no_price_dollars"":""0.5200"",""taker_side"":""no"",""ticker"":""KXBTC15M-26APR271900-00"",""trade_id"":""deb68955-8b17-47b4-4fbb-96b3e2e748ba"",""yes_price_dollars"":""0.4800""}"
KXBTC15M-26APR271900-00,d5d2cbcf-7cf7-5758-7c4c-ae2fa444f4d2,1777329906,0.48,8.04,no,"{""count_fp"":""8.04"",""created_time"":""2026-04-27T22:45:06.859618Z"",""no_price_dollars"":""0.5200"",""taker_side"":""no"",""ticker"":""KXBTC15M-26APR271900-00"",""trade_id"":""d5d2cbcf-7cf7-5758-7c4c-ae2fa444f4d2"",""yes_price_dollars"":""0.4800""}"
KXBTC15M-26APR271900-00,022a1b89-b60b-6c70-e8b1-16614e9a5de6,1777329906,0.48,27.9,no,"{""count_fp"":""27.90"",""created_time"":""2026-04-27T22:45:06.831133Z"",""no_price_dollars"":""0.5200"",""taker_side"":""no"",""ticker"":""KXBTC15M-26APR271900-00"",""trade_id"":""022a1b89-b60b-6c70-e8b1-16614e9a5de6"",""yes_price_dollars"":""0.4800""}"
KXBTC15M-26APR271900-00,b5bb55e9-ebd1-4703-ec56-0563c33b2c28,1777329907,0.48,4.0,no,"{""count_fp"":""4.00"",""created_time"":""2026-04-27T22:45:07.991372Z"",""no_price_dollars"":""0.5200"",""taker_side"":""no"",""ticker"":""KXBTC15M-26APR271900-00"",""trade_id"":""b5bb55e9-ebd1-4703-ec56-0563c33b2c28"",""yes_price_dollars"":""0.4800""}"
KXBTC15M-26APR271900-00,6a28f93f-03b8-4306-f337-1ef37adbd1fc,1777329907,0.48,88.6,no,"{""count_fp"":""88.60"",""created_time"":""2026-04-27T22:45:07.991372Z"",""no_price_dollars"":""0.5200"",""taker_side"":""no"",""ticker"":""KXBTC15M-26APR271900-00"",""trade_id"":""6a28f93f-03b8-4306-f337-1ef37adbd1fc"",""yes_price_dollars"":""0.4800""}"
KXBTC15M-26APR271900-00,0ca1e8dc-d3ed-7fae-1e6f-ecc42ed519b3,1777329907,0.47,8.92,no,"{""count_fp"":""8.92"",""created_time"":""2026-04-27T22:45:07.868505Z"",""no_price_dollars"":""0.5300"",""taker_side"":""no"",""ticker"":""KXBTC15M-26APR271900-00"",""trade_id"":""0ca1e8dc-d3ed-7fae-1e6f-ecc42ed519b3"",""yes_price_dollars"":""0.4700""}"
KXBTC15M-26APR271900-00,95ffa230-6864-4590-72d6-1eb741141fa1,1777329907,0.5,6.0,yes,"{""count_fp"":""6.00"",""created_time"":""2026-04-27T22:45:07.608878Z"",""no_price_dollars"":""0.5000"",""taker_side"":""yes"",""ticker"":""KXBTC15M-26APR271900-00"",""trade_id"":""95ffa230-6864-4590-72d6-1eb741141fa1"",""yes_price_dollars"":""0.5000""}"
KXBTC15M-26APR271900-00,c71dc424-13fd-6a46-2204-d6fb9e1a0247,1777329907,0.47,8.67,no,"{""count_fp"":""8.67"",""created_time"":""2026-04-27T22:45:07.203415Z"",""no_price_dollars"":""0.5300"",""taker_side"":""no"",""ticker"":""KXBTC15M-26APR271900-00"",""trade_id"":""c71dc424-13fd-6a46-2204-d6fb9e1a0247"",""yes_price_dollars"":""0.4700""}"
KXBTC15M-26APR271900-00,a0a3d18e-f155-7f41-766e-00982c536509,1777329907,0.48,10.0,no,"{""count_fp"":""10.00"",""created_time"":""2026-04-27T22:45:07.025781Z"",""no_price_dollars"":""0.5200"",""taker_side"":""no"",""ticker"":""KXBTC15M-26APR271900-00"",""trade_id"":""a0a3d18e-f155-7f41-766e-00982c536509"",""yes_price_dollars"":""0.4800""}"
KXBTC15M-26APR271900-00,92d85774-7bff-7728-57a3-537cd7e7d8da,1777329907,0.48,14.3,no,"{""count_fp"":""14.30"",""created_time"":""2026-04-27T22:45:07.025781Z"",""no_price_dollars"":""0.5200"",""taker_side"":""no"",""ticker"":""KXBTC15M-26APR271900-00"",""trade_id"":""92d85774-7bff-7728-57a3-537cd7e7d8da"",""yes_price_dollars"":""0.4800""}"
KXBTC15M-26APR271900-00,559f9ae0-c130-77db-4832-2159f5f072e8,1777329907,0.47,30.91,no,"{""count_fp"":""30.91"",""created_time"":""2026-04-27T22:45:07.025781Z"",""no_price_dollars"":""0.5300"",""taker_side"":""no"",""ticker"":""KXBTC15M-26APR271900-00"",""trade_id"":""559f9ae0-c130-77db-4832-2159f5f072e8"",""yes_price_dollars"":""0.4700""}"
KXBTC15M-26APR271900-00,c6b907ee-d25f-4fa4-3358-a48395a92b8c,1777329908,0.49,10.0,no,"{""count_fp"":""10.00"",""created_time"":""2026-04-27T22:45:08.765523Z"",""no_price_dollars"":""0.5100"",""taker_side"":""no"",""ticker"":""KXBTC15M-26APR271900-00"",""trade_id"":""c6b907ee-d25f-4fa4-3358-a48395a92b8c"",""yes_price_dollars"":""0.4900""}"
KXBTC15M-26APR271900-00,2116b75c-bf6c-481d-2a85-cdd572c17038,1777329908,0.49,46.0,no,"{""count_fp"":""46.00"",""created_time"":""2026-04-27T22:45:08.765523Z"",""no_price_dollars"":""0.5100"",""taker_side"":""no"",""ticker"":""KXBTC15M-26APR271900-00"",""trade_id"":""2116b75c-bf6c-481d-2a85-cdd572c17038"",""yes_price_dollars"":""0.4900""}"
KXBTC15M-26APR271900-00,08994f3a-b883-4a48-02f6-c2844a382d14,1777329908,0.49,54.02,no,"{""count_fp"":""54.02"",""created_time"":""2026-04-27T22:45:08.765523Z"",""no_price_dollars"":""0.5100"",""taker_side"":""no"",""ticker"":""KXBTC15M-26APR271900-00"",""trade_id"":""08994f3a-b883-4a48-02f6-c2844a382d14"",""yes_price_dollars"":""0.4900""}"
KXBTC15M-26APR271900-00,75b756d0-b12c-6d38-909e-535e1a216a5d,1777329908,0.5,20.88,yes,"{""count_fp"":""20.88"",""created_time"":""2026-04-27T22:45:08.332983Z"",""no_price_dollars"":""0.5000"",""taker_side"":""yes"",""ticker"":""KXBTC15M-26APR271900-00"",""trade_id"":""75b756d0-b12c-6d38-909e-535e1a216a5d"",""yes_price_dollars"":""0.5000""}"
KXBTC15M-26APR271900-00,ff557af8-8f2a-768c-130d-0d2d5d7d6445,1777329909,0.48,2.0,no,"{""count_fp"":""2.00"",""created_time"":""2026-04-27T22:45:09.749552Z"",""no_price_dollars"":""0.5200"",""taker_side"":""no"",""ticker"":""KXBTC15M-26APR271900-00"",""trade_id"":""ff557af8-8f2a-768c-130d-0d2d5d7d6445"",""yes_price_dollars"":""0.4800""}"
KXBTC15M-26APR271900-00,d618d37d-55fd-706e-164a-eb1491dfd4a7,1777329909,0.48,6.27,no,"{""count_fp"":""6.27"",""created_time"":""2026-04-27T22:45:09.749552Z"",""no_price_dollars"":""0.5200"",""taker_side"":""no"",""ticker"":""KXBTC15M-26APR271900-00"",""trade_id"":""d618d37d-55fd-706e-164a-eb1491dfd4a7"",""yes_price_dollars"":""0.4800""}"
KXBTC15M-26APR271900-00,be7e91e4-4889-7f06-1758-0e347b6e0575,1777329909,0.5,10.0,no,"{""count_fp"":""10.00"",""created_time"":""2026-04-27T22:45:09.749552Z"",""no_price_dollars"":""0.5000"",""taker_side"":""no"",""ticker"":""KXBTC15M-26APR271900-00"",""trade_id"":""be7e91e4-4889-7f06-1758-0e347b6e0575"",""yes_price_dollars"":""0.5000""}"
KXBTC15M-26APR271900-00,a405c68f-b4f9-7882-13c9-b74307282fb9,1777329909,0.49,2.0,no,"{""count_fp"":""2.00"",""created_time"":""2026-04-27T22:45:09.749552Z"",""no_price_dollars"":""0.5100"",""taker_side"":""no"",""ticker"":""KXBTC15M-26APR271900-00"",""trade_id"":""a405c68f-b4f9-7882-13c9-b74307282fb9"",""yes_price_dollars"":""0.4900""}"
KXBTC15M-26APR271900-00,7edab4fa-5c7f-7f2d-2b63-15ba5f152614,1777329909,0.48,71.47,no,"{""count_fp"":""71.47"",""created_time"":""2026-04-27T22:45:09.749552Z"",""no_price_dollars"":""0.5200"",""taker_side"":""no"",""ticker"":""KXBTC15M-26APR271900-00"",""trade_id"":""7edab4fa-5c7f-7f2d-2b63-15ba5f152614"",""yes_price_dollars"":""0.4800""}"
KXBTC15M-26APR271900-00,55894ecd-83ab-7704-1588-a288723e3b8c,1777329909,0.5,99.98,no,"{""count_fp"":""99.98"",""created_time"":""2026-04-27T22:45:09.749552Z"",""no_price_dollars"":""0.5000"",""taker_side"":""no"",""ticker"":""KXBTC15M-26APR271900-00"",""trade_id"":""55894ecd-83ab-7704-1588-a288723e3b8c"",""yes_price_dollars"":""0.5000""}"
KXBTC15M-26APR271900-00,382953fb-389c-7857-14ba-49c5d0aa93f8,1777329909,0.49,82.09,no,"{""count_fp"":""82.09"",""created_time"":""2026-04-27T22:45:09.749552Z"",""no_price_dollars"":""0.5100"",""taker_side"":""no"",""ticker"":""KXBTC15M-26APR271900-00"",""trade_id"":""382953fb-389c-7857-14ba-49c5d0aa93f8"",""yes_price_dollars"":""0.4900""}"
KXBTC15M-26APR271900-00,0dbc3be5-bda4-77ad-378d-13144b8ff979,1777329909,0.5,2.0,no,"{""count_fp"":""2.00"",""created_time"":""2026-04-27T22:45:09.749552Z"",""no_price_dollars"":""0.5000"",""taker_side"":""no"",""ticker"":""KXBTC15M-26APR271900-00"",""trade_id"":""0dbc3be5-bda4-77ad-378d-13144b8ff979"",""yes_price_dollars"":""0.5000""}"
KXBTC15M-26APR271900-00,fe8beef5-94b1-5e67-6d5b-ce7c7cf7398b,1777329910,0.5,3.0,no,"{""count_fp"":""3.00"",""created_time"":""2026-04-27T22:45:10.997838Z"",""no_price_dollars"":""0.5000"",""taker_side"":""no"",""ticker"":""KXBTC15M-26APR271900-00"",""trade_id"":""fe8beef5-94b1-5e67-6d5b-ce7c7cf7398b"",""yes_price_dollars"":""0.5000""}"
KXBTC15M-26APR271900-00,fab4dd39-a1a8-58fa-57eb-e8cba0fd40df,1777329910,0.48,2.0,no,"{""count_fp"":""2.00"",""created_time"":""2026-04-27T22:45:10.997838Z"",""no_price_dollars"":""0.5200"",""taker_side"":""no"",""ticker"":""KXBTC15M-26APR271900-00"",""trade_id"":""fab4dd39-a1a8-58fa-57eb-e8cba0fd40df"",""yes_price_dollars"":""0.4800""}"
KXBTC15M-26APR271900-00,f4113d9e-6bc8-52fb-424f-c3bc8cce651a,1777329910,0.5,100.0,no,"{""count_fp"":""100.00"",""created_time"":""2026-04-27T22:45:10.997838Z"",""no_price_dollars"":""0.5000"",""taker_side"":""no"",""ticker"":""KXBTC15M-26APR271900-00"",""trade_id"":""f4113d9e-6bc8-52fb-424f-c3bc8cce651a"",""yes_price_dollars"":""0.5000""}"
KXBTC15M-26APR271900-00,8baa8788-14b1-58dd-636c-26244314a107,1777329910,0.5,2.0,no,"{""count_fp"":""2.00"",""created_time"":""2026-04-27T22:45:10.997838Z"",""no_price_dollars"":""0.5000"",""taker_side"":""no"",""ticker"":""KXBTC15M-26APR271900-00"",""trade_id"":""8baa8788-14b1-58dd-636c-26244314a107"",""yes_price_dollars"":""0.5000""}"
KXBTC15M-26APR271900-00,5a6f52fc-3501-5e10-49ef-42c41f563e88,1777329910,0.5,11.0,no,"{""count_fp"":""11.00"",""created_time"":""2026-04-27T22:45:10.997838Z"",""no_price_dollars"":""0.5000"",""taker_side"":""no"",""ticker"":""KXBTC15M-26APR271900-00"",""trade_id"":""5a6f52fc-3501-5e10-49ef-42c41f563e88"",""yes_price_dollars"":""0.5000""}"
KXBTC15M-26APR271900-00,4f7316ba-fdec-5992-4d5b-6017707b741a,1777329910,0.48,303.59,no,"{""count_fp"":""303.59"",""created_time"":""2026-04-27T22:45:10.997838Z"",""no_price_dollars"":""0.5200"",""taker_side"":""no"",""ticker"":""KXBTC15M-26APR271900-00"",""trade_id"":""4f7316ba-fdec-5992-4d5b-6017707b741a"",""yes_price_dollars"":""0.4800""}"
KXBTC15M-26APR271900-00,49c71c79-c81e-5fc5-7a53-f7266ccb17df,1777329910,0.5,117.69,no,"{""count_fp"":""117.69"",""created_time"":""2026-04-27T22:45:10.997838Z"",""no_price_dollars"":""0.5000"",""taker_side"":""no"",""ticker"":""KXBTC15M-26APR271900-00"",""trade_id"":""49c71c79-c81e-5fc5-7a53-f7266ccb17df"",""yes_price_dollars"":""0.5000""}"
KXBTC15M-26APR271900-00,367fadfa-f3de-5080-599f-30efaa4a5339,1777329910,0.47,200.0,no,"{""count_fp"":""200.00"",""created_time"":""2026-04-27T22:45:10.997838Z"",""no_price_dollars"":""0.5300"",""taker_side"":""no"",""ticker"":""KXBTC15M-26APR271900-00"",""trade_id"":""367fadfa-f3de-5080-599f-30efaa4a5339"",""yes_price_dollars"":""0.4700""}"
KXBTC15M-26APR271900-00,2616e8cb-bccb-5382-7608-d7479b6ceeb0,1777329910,0.47,39.57,no,"{""count_fp"":""39.57"",""created_time"":""2026-04-27T22:45:10.997838Z"",""no_price_dollars"":""0.5300"",""taker_side"":""no"",""ticker"":""KXBTC15M-26APR271900-00"",""trade_id"":""2616e8cb-bccb-5382-7608-d7479b6ceeb0"",""yes_price_dollars"":""0.4700""}"
KXBTC15M-26APR271900-00,96dbcee5-0396-6ba1-e092-3c2c3e4a03cb,1777329910,0.5,5.0,no,"{""count_fp"":""5.00"",""created_time"":""2026-04-27T22:45:10.950442Z"",""no_price_dollars"":""0.5000"",""taker_side"":""no"",""ticker"":""KXBTC15M-26APR271900-00"",""trade_id"":""96dbcee5-0396-6ba1-e092-3c2c3e4a03cb"",""yes_price_dollars"":""0.5000""}"
KXBTC15M-26APR271900-00,f061bc8f-747a-67e1-e749-a3a318498d67,1777329910,0.5,27.31,no,"{""count_fp"":""27.31"",""created_time"":""2026-04-27T22:45:10.712444Z"",""no_price_dollars"":""0.5000"",""taker_side"":""no"",""ticker"":""KXBTC15M-26APR271900-00"",""trade_id"":""f061bc8f-747a-67e1-e749-a3a318498d67"",""yes_price_dollars"":""0.5000""}"
KXBTC15M-26APR271900-00,e8eca7cb-5dd0-729a-3802-c393379f353a,1777329910,0.48,96.41,no,"{""count_fp"":""96.41"",""created_time"":""2026-04-27T22:45:10.289438Z"",""no_price_dollars"":""0.5200"",""taker_side"":""no"",""ticker"":""KXBTC15M-26APR271900-00"",""trade_id"":""e8eca7cb-5dd0-729a-3802-c393379f353a"",""yes_price_dollars"":""0.4800""}"
KXBTC15M-26APR271900-00,87d3e1ac-ab15-7712-37fa-68b67fc8731c,1777329910,0.48,65.0,no,"{""count_fp"":""65.00"",""created_time"":""2026-04-27T22:45:10.289438Z"",""no_price_dollars"":""0.5200"",""taker_side"":""no"",""ticker"":""KXBTC15M-26APR271900-00"",""trade_id"":""87d3e1ac-ab15-7712-37fa-68b67fc8731c"",""yes_price_dollars"":""0.4800""}"
KXBTC15M-26APR271900-00,7185fb46-9df8-757b-2117-cff6cb1475d0,1777329910,0.49,5.0,no,"{""count_fp"":""5.00"",""created_time"":""2026-04-27T22:45:10.289438Z"",""no_price_dollars"":""0.5100"",""taker_side"":""no"",""ticker"":""KXBTC15M-26APR271900-00"",""trade_id"":""7185fb46-9df8-757b-2117-cff6cb1475d0"",""yes_price_dollars"":""0.4900""}"
KXBTC15M-26APR271900-00,5dcd68ab-9df5-7571-1fde-58355b757db1,1777329910,0.5,3.0,no,"{""count_fp"":""3.00"",""created_time"":""2026-04-27T22:45:10.289438Z"",""no_price_dollars"":""0.5000"",""taker_side"":""no"",""ticker"":""KXBTC15M-26APR271900-00"",""trade_id"":""5dcd68ab-9df5-7571-1fde-58355b757db1"",""yes_price_dollars"":""0.5000""}"
KXBTC15M-26APR271900-00,5146e863-86b5-7734-1be7-cf0d0e559884,1777329910,0.5,100.0,no,"{""count_fp"":""100.00"",""created_time"":""2026-04-27T22:45:10.289438Z"",""no_price_dollars"":""0.5000"",""taker_side"":""no"",""ticker"":""KXBTC15M-26APR271900-00"",""trade_id"":""5146e863-86b5-7734-1be7-cf0d0e559884"",""yes_price_dollars"":""0.5000""}"
KXBTC15M-26APR271900-00,8b152a9c-469c-7d00-0b1c-e9f07982c737,1777329911,0.53,1.81,no,"{""count_fp"":""1.81"",""created_time"":""2026-04-27T22:45:11.976217Z"",""no_price_dollars"":""0.4700"",""taker_side"":""no"",""ticker"":""KXBTC15M-26APR271900-00"",""trade_id"":""8b152a9c-469c-7d00-0b1c-e9f07982c737"",""yes_price_dollars"":""0.5300""}"
KXBTC15M-26APR271900-00,61626a02-4ab9-7e4b-4f00-12907f21534c,1777329911,0.5,13.83,no,"{""count_fp"":""13.83"",""created_time"":""2026-04-27T22:45:11.593278Z"",""no_price_dollars"":""0.5000"",""taker_side"":""no"",""ticker"":""KXBTC15M-26APR271900-00"",""trade_id"":""61626a02-4ab9-7e4b-4f00-12907f21534c"",""yes_price_dollars"":""0.5000""}"
KXBTC15M-26APR271900-00,27377a8f-cdb4-7778-78e0-6af0bb0876fa,1777329911,0.53,3.0,no,"{""count_fp"":""3.00"",""created_time"":""2026-04-27T22:45:11.593278Z"",""no_price_dollars"":""0.4700"",""taker_side"":""no"",""ticker"":""KXBTC15M-26APR271900-00"",""trade_id"":""27377a8f-cdb4-7778-78e0-6af0bb0876fa"",""yes_price_dollars"":""0.5300""}"
KXBTC15M-26APR271900-00,7db99bc7-7bbd-73b3-fbde-82d942098558,1777329911,0.5,1.0,no,"{""count_fp"":""1.00"",""created_time"":""2026-04-27T22:45:11.430479Z"",""no_price_dollars"":""0.5000"",""taker_side"":""no"",""ticker"":""KXBTC15M-26APR271900-00"",""trade_id"":""7db99bc7-7bbd-73b3-fbde-82d942098558"",""yes_price_dollars"":""0.5000""}"
KXBTC15M-26APR271900-00,ec779864-cdd4-4259-d890-e26ef53525ea,1777329911,0.51,3.0,no,"{""count_fp"":""3.00"",""created_time"":""2026-04-27T22:45:11.331353Z"",""no_price_dollars"":""0.4900"",""taker_side"":""no"",""ticker"":""KXBTC15M-26APR271900-00"",""trade_id"":""ec779864-cdd4-4259-d890-e26ef53525ea"",""yes_price_dollars"":""0.5100""}"
KXBTC15M-26APR271900-00,7be44ef0-7285-4177-e7b8-0313ae3f6fd4,1777329911,0.5,8.16,no,"{""count_fp"":""8.16"",""created_time"":""2026-04-27T22:45:11.331353Z"",""no_price_dollars"":""0.5000"",""taker_side"":""no"",""ticker"":""KXBTC15M-26APR271900-00"",""trade_id"":""7be44ef0-7285-4177-e7b8-0313ae3f6fd4"",""yes_price_dollars"":""0.5000""}"
KXBTC15M-26APR271900-00,8cc26a8c-27e9-5eb7-cdeb-f0cc731b78f8,1777329911,0.5,2.0,no,"{""count_fp"":""2.00"",""created_time"":""2026-04-27T22:45:11.314714Z"",""no_price_dollars"":""0.5000"",""taker_side"":""no"",""ticker"":""KXBTC15M-26APR271900-00"",""trade_id"":""8cc26a8c-27e9-5eb7-cdeb-f0cc731b78f8"",""yes_price_dollars"":""0.5000""}"
KXBTC15M-26APR271900-00,e5a4dedc-d70d-7a23-d422-3664a29b6dc0,1777329911,0.5,18.6,no,"{""count_fp"":""18.60"",""created_time"":""2026-04-27T22:45:11.258905Z"",""no_price_dollars"":""0.5000"",""taker_side"":""no"",""ticker"":""KXBTC15M-26APR271900-00"",""trade_id"":""e5a4dedc-d70d-7a23-d422-3664a29b6dc0"",""yes_price_dollars"":""0.5000""}"
KXBTC15M-26APR271900-00,e5dc2ec8-3a2f-5cca-1e04-09ec38a53109,1777329911,0.51,100.0,yes,"{""count_fp"":""100.00"",""created_time"":""2026-04-27T22:45:11.224973Z"",""no_price_dollars"":""0.4900"",""taker_side"":""yes"",""ticker"":""KXBTC15M-26APR271900-00"",""trade_id"":""e5dc2ec8-3a2f-5cca-1e04-09ec38a53109"",""yes_price_dollars"":""0.5100""}"
KXBTC15M-26APR271900-00,7d8bbea9-3d2a-5a47-1d87-3d7d7b7c82ea,1777329911,0.51,2.91,yes,"{""count_fp"":""2.91"",""created_time"":""2026-04-27T22:45:11.224973Z"",""no_price_dollars"":""0.4900"",""taker_side"":""yes"",""ticker"":""KXBTC15M-26APR271900-00"",""trade_id"":""7d8bbea9-3d2a-5a47-1d87-3d7d7b7c82ea"",""yes_price_dollars"":""0.5100""}"
KXBTC15M-26APR271900-00,73adc39f-dcb6-5ce7-04ea-ba4c9b4a94f2,1777329911,0.51,82.09,yes,"{""count_fp"":""82.09"",""created_time"":""2026-04-27T22:45:11.224973Z"",""no_price_dollars"":""0.4900"",""taker_side"":""yes"",""ticker"":""KXBTC15M-26APR271900-00"",""trade_id"":""73adc39f-dcb6-5ce7-04ea-ba4c9b4a94f2"",""yes_price_dollars"":""0.5100""}"
KXBTC15M-26APR271900-00,aba3fbb0-d77f-7c0f-00ea-42a458d8bd8f,1777329912,0.53,13.64,no,"{""count_fp"":""13.64"",""created_time"":""2026-04-27T22:45:12.959614Z"",""no_price_dollars"":""0.4700"",""taker_side"":""no"",""ticker"":""KXBTC15M-26APR271900-00"",""trade_id"":""aba3fbb0-d77f-7c0f-00ea-42a458d8bd8f"",""yes_price_dollars"":""0.5300""}"
KXBTC15M-26APR271900-00,65b69175-aadf-7af5-0da0-05f4cf73cb90,1777329912,0.53,25.0,no,"{""count_fp"":""25.00"",""created_time"":""2026-04-27T22:45:12.959614Z"",""no_price_dollars"":""0.4700"",""taker_side"":""no"",""ticker"":""KXBTC15M-26APR271900-00"",""trade_id"":""65b69175-aadf-7af5-0da0-05f4cf73cb90"",""yes_price_dollars"":""0.5300""}"
KXBTC15M-26APR271900-00,dec71a67-0f62-66f1-fa60-a653be902f8d,1777329912,0.52,3.0,no,"{""count_fp"":""3.00"",""created_time"":""2026-04-27T22:45:12.520153Z"",""no_price_dollars"":""0.4800"",""taker_side"":""no"",""ticker"":""KXBTC15M-26APR271900-00"",""trade_id"":""dec71a67-0f62-66f1-fa60-a653be902f8d"",""yes_price_dollars"":""0.5200""}"
KXBTC15M-26APR271900-00,1c028f53-7407-6e77-eafd-f06317bc67f7,1777329912,0.52,16.32,no,"{""count_fp"":""16.32"",""created_time"":""2026-04-27T22:45:12.520153Z"",""no_price_dollars"":""0.4800"",""taker_side"":""no"",""ticker"":""KXBTC15M-26APR271900-00"",""trade_id"":""1c028f53-7407-6e77-eafd-f06317bc67f7"",""yes_price_dollars"":""0.5200""}"
KXBTC15M-26APR271900-00,52f1c278-fc19-7dec-b6f2-4fe0f858c476,1777329913,0.53,20.51,no,"{""count_fp"":""20.51"",""created_time"":""2026-04-27T22:45:13.913226Z"",""no_price_dollars"":""0.4700"",""taker_side"":""no"",""ticker"":""KXBTC15M-26APR271900-00"",""trade_id"":""52f1c278-fc19-7dec-b6f2-4fe0f858c476"",""yes_price_dollars"":""0.5300""}"
KXBTC15M-26APR271900-00,9e0e57b4-fd1c-5936-1b8c-e3f1bd365141,1777329913,0.54,17.94,yes,"{""count_fp"":""17.94"",""created_time"":""2026-04-27T22:45:13.538025Z"",""no_price_dollars"":""0.4600"",""taker_side"":""yes"",""ticker"":""KXBTC15M-26APR271900-00"",""trade_id"":""9e0e57b4-fd1c-5936-1b8c-e3f1bd365141"",""yes_price_dollars"":""0.5400""}"
KXBTC15M-26APR271900-00,ff6c7692-9c34-745a-1554-485d0840c62b,1777329913,0.53,3.0,no,"{""count_fp"":""3.00"",""created_time"":""2026-04-27T22:45:13.434216Z"",""no_price_dollars"":""0.4700"",""taker_side"":""no"",""ticker"":""KXBTC15M-26APR271900-00"",""trade_id"":""ff6c7692-9c34-745a-1554-485d0840c62b"",""yes_price_dollars"":""0.5300""}"
KXBTC15M-26APR271900-00,5073c0a6-c025-77ac-15a2-882022ae640e,1777329913,0.53,7.81,no,"{""count_fp"":""7.81"",""created_time"":""2026-04-27T22:45:13.434216Z"",""no_price_dollars"":""0.4700"",""taker_side"":""no"",""ticker"":""KXBTC15M-26APR271900-00"",""trade_id"":""5073c0a6-c025-77ac-15a2-882022ae640e"",""yes_price_dollars"":""0.5300""}"
KXBTC15M-26APR271900-00,143f73ea-4528-7d32-e865-a05ff3d7b5a9,1777329913,0.54,8.96,yes,"{""count_fp"":""8.96"",""created_time"":""2026-04-27T22:45:13.359873Z"",""no_price_dollars"":""0.4600"",""taker_side"":""yes"",""ticker"":""KXBTC15M-26APR271900-00"",""trade_id"":""143f73ea-4528-7d32-e865-a05ff3d7b5a9"",""yes_price_dollars"":""0.5400""}"
KXBTC15M-26APR271900-00,4c597e2e-92a8-7efa-c694-661bfeb946b5,1777329913,0.54,7.16,yes,"{""count_fp"":""7.16"",""created_time"":""2026-04-27T22:45:13.230448Z"",""no_price_dollars"":""0.4600"",""taker_side"":""yes"",""ticker"":""KXBTC15M-26APR271900-00"",""trade_id"":""4c597e2e-92a8-7efa-c694-661bfeb946b5"",""yes_price_dollars"":""0.5400""}"
KXBTC15M-26APR271900-00,603f61ac-2696-64b9-b5b9-ef2c7a583fd6,1777329913,0.51,100.0,no,"{""count_fp"":""100.00"",""created_time"":""2026-04-27T22:45:13.148011Z"",""no_price_dollars"":""0.4900"",""taker_side"":""no"",""ticker"":""KXBTC15M-26APR271900-00"",""trade_id"":""603f61ac-2696-64b9-b5b9-ef2c7a583fd6"",""yes_price_dollars"":""0.5100""}"
KXBTC15M-26APR271900-00,4f58a20a-8ed1-6843-9ee0-458aa2d88b4c,1777329913,0.5,196.51,no,"{""count_fp"":""196.51"",""created_time"":""2026-04-27T22:45:13.148011Z"",""no_price_dollars"":""0.5000"",""taker_side"":""no"",""ticker"":""KXBTC15M-26APR271900-00"",""trade_id"":""4f58a20a-8ed1-6843-9ee0-458aa2d88b4c"",""yes_price_dollars"":""0.5000""}"
KXBTC15M-26APR271900-00,17ea19c9-a9af-61ca-a830-b6eb0cfcf3d9,1777329913,0.52,3.0,no,"{""count_fp"":""3.00"",""created_time"":""2026-04-27T22:45:13.148011Z"",""no_price_dollars"":""0.4800"",""taker_side"":""no"",""ticker"":""KXBTC15M-26APR271900-00"",""trade_id"":""17ea19c9-a9af-61ca-a830-b6eb0cfcf3d9"",""yes_price_dollars"":""0.5200""}"
KXBTC15M-26APR271900-00,e4b1d2d6-681d-584b-ece9-735123fb7b64,1777329914,0.52,62.97,no,"{""count_fp"":""62.97"",""created_time"":""2026-04-27T22:45:14.658538Z"",""no_price_dollars"":""0.4800"",""taker_side"":""no"",""ticker"":""KXBTC15M-26APR271900-00"",""trade_id"":""e4b1d2d6-681d-584b-ece9-735123fb7b64"",""yes_price_dollars"":""0.5200""}"
KXBTC15M-26APR271900-00,c11d2752-af2f-5fa1-f018-2fc458103c10,1777329914,0.53,10.25,no,"{""count_fp"":""10.25"",""created_time"":""2026-04-27T22:45:14.658538Z"",""no_price_dollars"":""0.4700"",""taker_side"":""no"",""ticker"":""KXBTC15M-26APR271900-00"",""trade_id"":""c11d2752-af2f-5fa1-f018-2fc458103c10"",""yes_price_dollars"":""0.5300""}"
KXBTC15M-26APR271900-00,ae2d9e80-15f1-51d1-e517-d1435c5765bc,1777329914,0.53,113.0,no,"{""count_fp"":""113.00"",""created_time"":""2026-04-27T22:45:14.658538Z"",""no_price_dollars"":""0.4700"",""taker_side"":""no"",""ticker"":""KXBTC15M-26APR271900-00"",""trade_id"":""ae2d9e80-15f1-51d1-e517-d1435c5765bc"",""yes_price_dollars"":""0.5300""}"
KXBTC15M-26APR271900-00,9f20dba8-677e-59cb-e032-9937b4802bde,1777329914,0.53,11.0,no,"{""count_fp"":""11.00"",""created_time"":""2026-04-27T22:45:14.658538Z"",""no_price_dollars"":""0.4700"",""taker_side"":""no"",""ticker"":""KXBTC15M-26APR271900-00"",""trade_id"":""9f20dba8-677e-59cb-e032-9937b4802bde"",""yes_price_dollars"":""0.5300""}"
KXBTC15M-26APR271900-00,8a7a14b3-7385-7265-c909-832beb180616,1777329915,0.54,23.0,yes,"{""count_fp"":""23.00"",""created_time"":""2026-04-27T22:45:15.925363Z"",""no_price_dollars"":""0.4600"",""taker_side"":""yes"",""ticker"":""KXBTC15M-26APR271900-00"",""trade_id"":""8a7a14b3-7385-7265-c909-832beb180616"",""yes_price_dollars"":""0.5400""}"
KXBTC15M-26APR271900-00,62bf3df4-d8c8-75e1-d357-6af886f56206,1777329915,0.54,0.74,yes,"{""count_fp"":""0.74"",""created_time"":""2026-04-27T22:45:15.925363Z"",""no_price_dollars"":""0.4600"",""taker_side"":""yes"",""ticker"":""KXBTC15M-26APR271900-00"",""trade_id"":""62bf3df4-d8c8-75e1-d357-6af886f56206"",""yes_price_dollars"":""0.5400""}"
KXBTC15M-26APR271900-00,37661039-a940-7ada-d4ea-6eb4cfbc65b1,1777329915,0.54,65.94,yes,"{""count_fp"":""65.94"",""created_time"":""2026-04-27T22:45:15.925363Z"",""no_price_dollars"":""0.4600"",""taker_side"":""yes"",""ticker"":""KXBTC15M-26APR271900-00"",""trade_id"":""37661039-a940-7ada-d4ea-6eb4cfbc65b1"",""yes_price_dollars"":""0.5400""}"
KXBTC15M-26APR271900-00,ce4fe501-6ddd-53b7-20bf-15c4cbf0e374,1777329915,0.52,20.09,no,"{""count_fp"":""20.09"",""created_time"":""2026-04-27T22:45:15.766669Z"",""no_price_dollars"":""0.4800"",""taker_side"":""no"",""ticker"":""KXBTC15M-26APR271900-00"",""trade_id"":""ce4fe501-6ddd-53b7-20bf-15c4cbf0e374"",""yes_price_dollars"":""0.5200""}"
KXBTC15M-26APR271900-00,03747f3e-c5d0-6ed4-dcff-75efa6f7258e,1777329916,0.53,41.03,no,"{""count_fp"":""41.03"",""created_time"":""2026-04-27T22:45:16.786853Z"",""no_price_dollars"":""0.4700"",""taker_side"":""no"",""ticker"":""KXBTC15M-26APR271900-00"",""trade_id"":""03747f3e-c5d0-6ed4-dcff-75efa6f7258e"",""yes_price_dollars"":""0.5300""}"
KXBTC15M-26APR271900-00,cfe9f166-edc4-51a9-9cf6-f13565b13d33,1777329916,0.55,62.0,yes,"{""count_fp"":""62.00"",""created_time"":""2026-04-27T22:45:16.380814Z"",""no_price_dollars"":""0.4500"",""taker_side"":""yes"",""ticker"":""KXBTC15M-26APR271900-00"",""trade_id"":""cfe9f166-edc4-51a9-9cf6-f13565b13d33"",""yes_price_dollars"":""0.5500""}"
KXBTC15M-26APR271900-00,b8e72de5-1ed2-6ae3-013e-7e1681f19e42,1777329916,0.53,3.0,yes,"{""count_fp"":""3.00"",""created_time"":""2026-04-27T22:45:16.377263Z"",""no_price_dollars"":""0.4700"",""taker_side"":""yes"",""ticker"":""KXBTC15M-26APR271900-00"",""trade_id"":""b8e72de5-1ed2-6ae3-013e-7e1681f19e42"",""yes_price_dollars"":""0.5300""}"
KXBTC15M-26APR271900-00,57dce8cc-7376-6961-cd75-f24a18175083,1777329916,0.54,10.0,yes,"{""count_fp"":""10.00"",""created_time"":""2026-04-27T22:45:16.360048Z"",""no_price_dollars"":""0.4600"",""taker_side"":""yes"",""ticker"":""KXBTC15M-26APR271900-00"",""trade_id"":""57dce8cc-7376-6961-cd75-f24a18175083"",""yes_price_dollars"":""0.5400""}"
KXBTC15M-26APR271900-00,3c526e62-7aa4-64b9-c748-1bc1e3e64256,1777329916,0.54,111.82,yes,"{""count_fp"":""111.82"",""created_time"":""2026-04-27T22:45:16.360048Z"",""no_price_dollars"":""0.4600"",""taker_side"":""yes"",""ticker"":""KXBTC15M-26APR271900-00"",""trade_id"":""3c526e62-7aa4-64b9-c748-1bc1e3e64256"",""yes_price_dollars"":""0.5400""}"
KXBTC15M-26APR271900-00,0bfb9cba-8599-6f10-fff5-f37a99819c3b,1777329916,0.53,197.0,yes,"{""count_fp"":""197.00"",""created_time"":""2026-04-27T22:45:16.360048Z"",""no_price_dollars"":""0.4700"",""taker_side"":""yes"",""ticker"":""KXBTC15M-26APR271900-00"",""trade_id"":""0bfb9cba-8599-6f10-fff5-f37a99819c3b"",""yes_price_dollars"":""0.5300""}"
KXBTC15M-26APR271900-00,7da2ac61-a589-724f-98b4-f4bbaca5f6dc,1777329916,0.52,4.01,no,"{""count_fp"":""4.01"",""created_time"":""2026-04-27T22:45:16.191843Z"",""no_price_dollars"":""0.4800"",""taker_side"":""no"",""ticker"":""KXBTC15M-26APR271900-00"",""trade_id"":""7da2ac61-a589-724f-98b4-f4bbaca5f6dc"",""yes_price_dollars"":""0.5200""}"
KXBTC15M-26APR271900-00,3bd6a06c-b1fa-423c-8302-a9657b04cfcd,1777329916,0.53,3.0,no,"{""count_fp"":""3.00"",""created_time"":""2026-04-27T22:45:16.125087Z"",""no_price_dollars"":""0.4700"",""taker_side"":""no"",""ticker"":""KXBTC15M-26APR271900-00"",""trade_id"":""3bd6a06c-b1fa-423c-8302-a9657b04cfcd"",""yes_price_dollars"":""0.5300""}"
KXBTC15M-26APR271900-00,688ef3d2-c104-4745-15e2-12a47db2107e,1777329916,0.54,0.44,yes,"{""count_fp"":""0.44"",""created_time"":""2026-04-27T22:45:16.041261Z"",""no_price_dollars"":""0.4600"",""taker_side"":""yes"",""ticker"":""KXBTC15M-26APR271900-00"",""trade_id"":""688ef3d2-c104-4745-15e2-12a47db2107e"",""yes_price_dollars"":""0.5400""}"
KXBTC15M-26APR271900-00,8c54b9c0-5795-52e3-5933-40dcebcbc9b0,1777329916,0.52,4.0,no,"{""count_fp"":""4.00"",""created_time"":""2026-04-27T22:45:16.006932Z"",""no_price_dollars"":""0.4800"",""taker_side"":""no"",""ticker"":""KXBTC15M-26APR271900-00"",""trade_id"":""8c54b9c0-5795-52e3-5933-40dcebcbc9b0"",""yes_price_dollars"":""0.5200""}"
KXBTC15M-26APR271900-00,de2039f3-5c45-43a1-b72a-2b70af143199,1777329917,0.54,10.47,no,"{""count_fp"":""10.47"",""created_time"":""2026-04-27T22:45:17.978899Z"",""no_price_dollars"":""0.4600"",""taker_side"":""no"",""ticker"":""KXBTC15M-26APR271900-00"",""trade_id"":""de2039f3-5c45-43a1-b72a-2b70af143199"",""yes_price_dollars"":""0.5400""}"
KXBTC15M-26APR271900-00,d8b10841-14c7-4495-9c5b-eefd495d352e,1777329917,0.54,299.32,no,"{""count_fp"":""299.32"",""created_time"":""2026-04-27T22:45:17.978899Z"",""no_price_dollars"":""0.4600"",""taker_side"":""no"",""ticker"":""KXBTC15M-26APR271900-00"",""trade_id"":""d8b10841-14c7-4495-9c5b-eefd495d352e"",""yes_price_dollars"":""0.5400""}"
KXBTC15M-26APR271900-00,cca76e84-6656-656c-fe46-83f50ab2af08,1777329917,0.58,66.06,yes,"{""count_fp"":""66.06"",""created_time"":""2026-04-27T22:45:17.927032Z"",""no_price_dollars"":""0.4200"",""taker_side"":""yes"",""ticker"":""KXBTC15M-26APR271900-00"",""trade_id"":""cca76e84-6656-656c-fe46-83f50ab2af08"",""yes_price_dollars"":""0.5800""}"
KXBTC15M-26APR271900-00,c352e54d-7dfb-65c0-f92e-8d61da1c1822,1777329917,0.55,3.0,yes,"{""count_fp"":""3.00"",""created_time"":""2026-04-27T22:45:17.927032Z"",""no_price_dollars"":""0.4500"",""taker_side"":""yes"",""ticker"":""KXBTC15M-26APR271900-00"",""trade_id"":""c352e54d-7dfb-65c0-f92e-8d61da1c1822"",""yes_price_dollars"":""0.5500""}"
KXBTC15M-26APR271900-00,7e7475f0-686e-6657-c2ae-60d1f27287b6,1777329917,0.58,5.0,yes,"{""count_fp"":""5.00"",""created_time"":""2026-04-27T22:45:17.927032Z"",""no_price_dollars"":""0.4200"",""taker_side"":""yes"",""ticker"":""KXBTC15M-26APR271900-00"",""trade_id"":""7e7475f0-686e-6657-c2ae-60d1f27287b6"",""yes_price_dollars"":""0.5800""}"
KXBTC15M-26APR271900-00,69874437-428d-6e0b-e62b-21e7cf46502e,1777329917,0.57,10.0,yes,"{""count_fp"":""10.00"",""created_time"":""2026-04-27T22:45:17.927032Z"",""no_price_dollars"":""0.4300"",""taker_side"":""yes"",""ticker"":""KXBTC15M-26APR271900-00"",""trade_id"":""69874437-428d-6e0b-e62b-21e7cf46502e"",""yes_price_dollars"":""0.5700""}"
KXBTC15M-26APR271900-00,d17fb618-8807-6c73-b6c3-7ab100cd2077,1777329917,0.54,30.15,no,"{""count_fp"":""30.15"",""created_time"":""2026-04-27T22:45:17.468365Z"",""no_price_dollars"":""0.4600"",""taker_side"":""no"",""ticker"":""KXBTC15M-26APR271900-00"",""trade_id"":""d17fb618-8807-6c73-b6c3-7ab100cd2077"",""yes_price_dollars"":""0.5400""}"
KXBTC15M-26APR271900-00,f4b3190b-f16b-775b-0599-a8e35a606317,1777329917,0.54,10.05,no,"{""count_fp"":""10.05"",""created_time"":""2026-04-27T22:45:17.228315Z"",""no_price_dollars"":""0.4600"",""taker_side"":""no"",""ticker"":""KXBTC15M-26APR271900-00"",""trade_id"":""f4b3190b-f16b-775b-0599-a8e35a606317"",""yes_price_dollars"":""0.5400""}"
KXBTC15M-26APR271900-00,b2ee3ba1-23f3-703f-08e7-7f8db671e657,1777329917,0.54,40.18,no,"{""count_fp"":""40.18"",""created_time"":""2026-04-27T22:45:17.011888Z"",""no_price_dollars"":""0.4600"",""taker_side"":""no"",""ticker"":""KXBTC15M-26APR271900-00"",""trade_id"":""b2ee3ba1-23f3-703f-08e7-7f8db671e657"",""yes_price_dollars"":""0.5400""}"
KXBTC15M-26APR271900-00,f4745a08-cc84-732c-619a-328a13f89a8a,1777329918,0.61,25.13,no,"{""count_fp"":""25.13"",""created_time"":""2026-04-27T22:45:18.750827Z"",""no_price_dollars"":""0.3900"",""taker_side"":""no"",""ticker"":""KXBTC15M-26APR271900-00"",""trade_id"":""f4745a08-cc84-732c-619a-328a13f89a8a"",""yes_price_dollars"":""0.6100""}"
KXBTC15M-26APR271900-00,9c15b2ea-70ee-4511-3ffc-3ec27cd5e022,1777329918,0.6,5.0,yes,"{""count_fp"":""5.00"",""created_time"":""2026-04-27T22:45:18.621176Z"",""no_price_dollars"":""0.4000"",""taker_side"":""yes"",""ticker"":""KXBTC15M-26APR271900-00"",""trade_id"":""9c15b2ea-70ee-4511-3ffc-3ec27cd5e022"",""yes_price_dollars"":""0.6000""}"
KXBTC15M-26APR271900-00,11e0df8e-17f5-45af-2691-ce8ccd81e4c6,1777329918,0.6,1.0,yes,"{""count_fp"":""1.00"",""created_time"":""2026-04-27T22:45:18.621176Z"",""no_price_dollars"":""0.4000"",""taker_side"":""yes"",""ticker"":""KXBTC15M-26APR271900-00"",""trade_id"":""11e0df8e-17f5-45af-2691-ce8ccd81e4c6"",""yes_price_dollars"":""0.6000""}"
KXBTC15M-26APR271900-00,cba790a8-66dd-5a0f-b39e-7c2b8eb3a6be,1777329918,0.6,7.0,yes,"{""count_fp"":""7.00"",""created_time"":""2026-04-27T22:45:18.620139Z"",""no_price_dollars"":""0.4000"",""taker_side"":""yes"",""ticker"":""KXBTC15M-26APR271900-00"",""trade_id"":""cba790a8-66dd-5a0f-b39e-7c2b8eb3a6be"",""yes_price_dollars"":""0.6000""}"
KXBTC15M-26APR271900-00,1c8f509d-57e7-5185-873c-69f59607d56f,1777329918,0.59,25.0,yes,"{""count_fp"":""25.00"",""created_time"":""2026-04-27T22:45:18.620139Z"",""no_price_dollars"":""0.4100"",""taker_side"":""yes"",""ticker"":""KXBTC15M-26APR271900-00"",""trade_id"":""1c8f509d-57e7-5185-873c-69f59607d56f"",""yes_price_dollars"":""0.5900""}"
KXBTC15M-26APR271900-00,cc4c6ebf-e7cb-6dd6-8cdf-0234641d360f,1777329918,0.58,1.0,no,"{""count_fp"":""1.00"",""created_time"":""2026-04-27T22:45:18.525505Z"",""no_price_dollars"":""0.4200"",""taker_side"":""no"",""ticker"":""KXBTC15M-26APR271900-00"",""trade_id"":""cc4c6ebf-e7cb-6dd6-8cdf-0234641d360f"",""yes_price_dollars"":""0.5800""}"
KXBTC15M-26APR271900-00,298b6917-121b-594d-1008-398c8bf0b0c6,1777329918,0.55,1.0,no,"{""count_fp"":""1.00"",""created_time"":""2026-04-27T22:45:18.507294Z"",""no_price_dollars"":""0.4500"",""taker_side"":""no"",""ticker"":""KXBTC15M-26APR271900-00"",""trade_id"":""298b6917-121b-594d-1008-398c8bf0b0c6"",""yes_price_dollars"":""0.5500""}"
KXBTC15M-26APR271900-00,2da1980b-a429-77d0-51b3-1ed5aafd7f12,1777329918,0.58,44.04,yes,"{""count_fp"":""44.04"",""created_time"":""2026-04-27T22:45:18.506728Z"",""no_price_dollars"":""0.4200"",""taker_side"":""yes"",""ticker"":""KXBTC15M-26APR271900-00"",""trade_id"":""2da1980b-a429-77d0-51b3-1ed5aafd7f12"",""yes_price_dollars"":""0.5800""}"
KXBTC15M-26APR271900-00,1ff10c86-3538-536b-b60e-830e160b97e0,1777329918,0.56,3.0,yes,"{""count_fp"":""3.00"",""created_time"":""2026-04-27T22:45:18.486431Z"",""no_price_dollars"":""0.4400"",""taker_side"":""yes"",""ticker"":""KXBTC15M-26APR271900-00"",""trade_id"":""1ff10c86-3538-536b-b60e-830e160b97e0"",""yes_price_dollars"":""0.5600""}"
KXBTC15M-26APR271900-00,02dd6835-2967-50d1-753c-69086a217046,1777329918,0.54,155.92,no,"{""count_fp"":""155.92"",""created_time"":""2026-04-27T22:45:18.040627Z"",""no_price_dollars"":""0.4600"",""taker_side"":""no"",""ticker"":""KXBTC15M-26APR271900-00"",""trade_id"":""02dd6835-2967-50d1-753c-69086a217046"",""yes_price_dollars"":""0.5400""}"
KXBTC15M-26APR271900-00,90e3f142-0197-6211-c31f-1cd4110fc002,1777329919,0.61,2.05,no,"{""count_fp"":""2.05"",""created_time"":""2026-04-27T22:45:19.920427Z"",""no_price_dollars"":""0.3900"",""taker_side"":""no"",""ticker"":""KXBTC15M-26APR271900-00"",""trade_id"":""90e3f142-0197-6211-c31f-1cd4110fc002"",""yes_price_dollars"":""0.6100""}"
KXBTC15M-26APR271900-00,272ce2d0-8feb-6041-5770-5925dc23ce2e,1777329919,0.61,48.17,no,"{""count_fp"":""48.17"",""created_time"":""2026-04-27T22:45:19.453138Z"",""no_price_dollars"":""0.3900"",""taker_side"":""no"",""ticker"":""KXBTC15M-26APR271900-00"",""trade_id"":""272ce2d0-8feb-6041-5770-5925dc23ce2e"",""yes_price_dollars"":""0.6100""}"
KXBTC15M-26APR271900-00,b9ddcf5d-6633-56e5-5fcb-ea2993736432,1777329919,0.61,25.13,no,"{""count_fp"":""25.13"",""created_time"":""2026-04-27T22:45:19.438611Z"",""no_price_dollars"":""0.3900"",""taker_side"":""no"",""ticker"":""KXBTC15M-26APR271900-00"",""trade_id"":""b9ddcf5d-6633-56e5-5fcb-ea2993736432"",""yes_price_dollars"":""0.6100""}"
KXBTC15M-26APR271900-00,84c106d3-ba5b-5261-b0fa-0e14aa6c64ca,1777329919,0.61,10.47,no,"{""count_fp"":""10.47"",""created_time"":""2026-04-27T22:45:19.379515Z"",""no_price_dollars"":""0.3900"",""taker_side"":""no"",""ticker"":""KXBTC15M-26APR271900-00"",""trade_id"":""84c106d3-ba5b-5261-b0fa-0e14aa6c64ca"",""yes_price_dollars"":""0.6100""}"
KXBTC15M-26APR271900-00,ded98b33-fdec-6820-e825-df1d46e9abbe,1777329919,0.61,2.87,no,"{""count_fp"":""2.87"",""created_time"":""2026-04-27T22:45:19.082843Z"",""no_price_dollars"":""0.3900"",""taker_side"":""no"",""ticker"":""KXBTC15M-26APR271900-00"",""trade_id"":""ded98b33-fdec-6820-e825-df1d46e9abbe"",""yes_price_dollars"":""0.6100""}"
KXBTC15M-26APR271900-00,1f0b68c0-7d4e-6fa0-eb72-7d60d2c272fc,1777329919,0.61,500.0,no,"{""count_fp"":""500.00"",""created_time"":""2026-04-27T22:45:19.082843Z"",""no_price_dollars"":""0.3900"",""taker_side"":""no"",""ticker"":""KXBTC15M-26APR271900-00"",""trade_id"":""1f0b68c0-7d4e-6fa0-eb72-7d60d2c272fc"",""yes_price_dollars"":""0.6100""}"
KXBTC15M-26APR271900-00,0e83d857-6acf-662d-c11c-9082e3182aee,1777329919,0.61,144.4,no,"{""count_fp"":""144.40"",""created_time"":""2026-04-27T22:45:19.082843Z"",""no_price_dollars"":""0.3900"",""taker_side"":""no"",""ticker"":""KXBTC15M-26APR271900-00"",""trade_id"":""0e83d857-6acf-662d-c11c-9082e3182aee"",""yes_price_dollars"":""0.6100""}"
KXBTC15M-26APR271900-00,4eb42a95-382c-41f1-1617-77e3a60509ff,1777329920,0.62,12.0,no,"{""count_fp"":""12.00"",""created_time"":""2026-04-27T22:45:20.947917Z"",""no_price_dollars"":""0.3800"",""taker_side"":""no"",""ticker"":""KXBTC15M-26APR271900-00"",""trade_id"":""4eb42a95-382c-41f1-1617-77e3a60509ff"",""yes_price_dollars"":""0.6200""}"
KXBTC15M-26APR271900-00,0322ea63-5b0a-463b-1049-8028196a1241,1777329920,0.62,8.1,no,"{""count_fp"":""8.10"",""created_time"":""2026-04-27T22:45:20.947917Z"",""no_price_dollars"":""0.3800"",""taker_side"":""no"",""ticker"":""KXBTC15M-26APR271900-00"",""trade_id"":""0322ea63-5b0a-463b-1049-8028196a1241"",""yes_price_dollars"":""0.6200""}"
KXBTC15M-26APR271900-00,f3034ca2-809a-49fe-6b5b-1bd0639c6067,1777329920,0.63,35.14,yes,"{""count_fp"":""35.14"",""created_time"":""2026-04-27T22:45:20.889272Z"",""no_price_dollars"":""0.3700"",""taker_side"":""yes"",""ticker"":""KXBTC15M-26APR271900-00"",""trade_id"":""f3034ca2-809a-49fe-6b5b-1bd0639c6067"",""yes_price_dollars"":""0.6300""}"
KXBTC15M-26APR271900-00,7b209d15-c629-4adc-40eb-7023d0cd7440,1777329920,0.63,3.0,yes,"{""count_fp"":""3.00"",""created_time"":""2026-04-27T22:45:20.889272Z"",""no_price_dollars"":""0.3700"",""taker_side"":""yes"",""ticker"":""KXBTC15M-26APR271900-00"",""trade_id"":""7b209d15-c629-4adc-40eb-7023d0cd7440"",""yes_price_dollars"":""0.6300""}"
KXBTC15M-26APR271900-00,ddea595f-8397-691d-9e58-70010a1c8106,1777329920,0.61,20.1,no,"{""count_fp"":""20.10"",""created_time"":""2026-04-27T22:45:20.495236Z"",""no_price_dollars"":""0.3900"",""taker_side"":""no"",""ticker"":""KXBTC15M-26APR271900-00"",""trade_id"":""ddea595f-8397-691d-9e58-70010a1c8106"",""yes_price_dollars"":""0.6100""}"
KXBTC15M-26APR271900-00,fbc54c48-3c7f-4eed-7926-a65ed937e342,1777329920,0.61,8.0,no,"{""count_fp"":""8.00"",""created_time"":""2026-04-27T22:45:20.441771Z"",""no_price_dollars"":""0.3900"",""taker_side"":""no"",""ticker"":""KXBTC15M-26APR271900-00"",""trade_id"":""fbc54c48-3c7f-4eed-7926-a65ed937e342"",""yes_price_dollars"":""0.6100""}"
KXBTC15M-26APR271900-00,30fca5c7-4e5f-5e85-6fd9-5e2b02c68e3a,1777329920,0.61,245.9,no,"{""count_fp"":""245.90"",""created_time"":""2026-04-27T22:45:20.434722Z"",""no_price_dollars"":""0.3900"",""taker_side"":""no"",""ticker"":""KXBTC15M-26APR271900-00"",""trade_id"":""30fca5c7-4e5f-5e85-6fd9-5e2b02c68e3a"",""yes_price_dollars"":""0.6100""}"
KXBTC15M-26APR271900-00,34a0c5fc-f7a3-5035-7ff4-abbf4b5cfc56,1777329920,0.61,2.0,no,"{""count_fp"":""2.00"",""created_time"":""2026-04-27T22:45:20.281687Z"",""no_price_dollars"":""0.3900"",""taker_side"":""no"",""ticker"":""KXBTC15M-26APR271900-00"",""trade_id"":""34a0c5fc-f7a3-5035-7ff4-abbf4b5cfc56"",""yes_price_dollars"":""0.6100""}"
KXBTC15M-26APR271900-00,6d6ad408-1b1a-56b7-e622-02f547559e79,1777329920,0.62,200.0,no,"{""count_fp"":""200.00"",""created_time"":""2026-04-27T22:45:20.243899Z"",""no_price_dollars"":""0.3800"",""taker_side"":""no"",""ticker"":""KXBTC15M-26APR271900-00"",""trade_id"":""6d6ad408-1b1a-56b7-e622-02f547559e79"",""yes_price_dollars"":""0.6200""}"
KXBTC15M-26APR271900-00,83bdf1b5-262e-4ee7-2655-ac06843b0585,1777329920,0.62,16.75,no,"{""count_fp"":""16.75"",""created_time"":""2026-04-27T22:45:20.232812Z"",""no_price_dollars"":""0.3800"",""taker_side"":""no"",""ticker"":""KXBTC15M-26APR271900-00"",""trade_id"":""83bdf1b5-262e-4ee7-2655-ac06843b0585"",""yes_price_dollars"":""0.6200""}"
KXBTC15M-26APR271900-00,b25629bd-4fba-4a93-cdd4-fdbe25096a3d,1777329920,0.62,187.0,no,"{""count_fp"":""187.00"",""created_time"":""2026-04-27T22:45:20.227012Z"",""no_price_dollars"":""0.3800"",""taker_side"":""no"",""ticker"":""KXBTC15M-26APR271900-00"",""trade_id"":""b25629bd-4fba-4a93-cdd4-fdbe25096a3d"",""yes_price_dollars"":""0.6200""}"
KXBTC15M-26APR271900-00,b20d4937-39f5-4c68-f3d9-ffa6b97a0c0d,1777329920,0.62,113.0,no,"{""count_fp"":""113.00"",""created_time"":""2026-04-27T22:45:20.227012Z"",""no_price_dollars"":""0.3800"",""taker_side"":""no"",""ticker"":""KXBTC15M-26APR271900-00"",""trade_id"":""b20d4937-39f5-4c68-f3d9-ffa6b97a0c0d"",""yes_price_dollars"":""0.6200""}"
KXBTC15M-26APR271900-00,47f26b38-baf1-7eb2-c1fd-7007eb76eca3,1777329921,0.62,5.0,no,"{""count_fp"":""5.00"",""created_time"":""2026-04-27T22:45:21.630024Z"",""no_price_dollars"":""0.3800"",""taker_side"":""no"",""ticker"":""KXBTC15M-26APR271900-00"",""trade_id"":""47f26b38-baf1-7eb2-c1fd-7007eb76eca3"",""yes_price_dollars"":""0.6200""}"
KXBTC15M-26APR271900-00,3becfbff-bede-7134-e0a6-6e921fa043e2,1777329921,0.63,3.0,no,"{""count_fp"":""3.00"",""created_time"":""2026-04-27T22:45:21.630024Z"",""no_price_dollars"":""0.3700"",""taker_side"":""no"",""ticker"":""KXBTC15M-26APR271900-00"",""trade_id"":""3becfbff-bede-7134-e0a6-6e921fa043e2"",""yes_price_dollars"":""0.6300""}"
KXBTC15M-26APR271900-00,c30b1d13-661d-5826-0ba6-9772f3b14ccb,1777329921,0.62,11.8,no,"{""count_fp"":""11.80"",""created_time"":""2026-04-27T22:45:21.351138Z"",""no_price_dollars"":""0.3800"",""taker_side"":""no"",""ticker"":""KXBTC15M-26APR271900-00"",""trade_id"":""c30b1d13-661d-5826-0ba6-9772f3b14ccb"",""yes_price_dollars"":""0.6200""}"
KXBTC15M-26APR271900-00,aff467c6-1196-728f-9560-c48f184a5955,1777329922,0.63,24.0,no,"{""count_fp"":""24.00"",""created_time"":""2026-04-27T22:45:22.869411Z"",""no_price_dollars"":""0.3700"",""taker_side"":""no"",""ticker"":""KXBTC15M-26APR271900-00"",""trade_id"":""aff467c6-1196-728f-9560-c48f184a5955"",""yes_price_dollars"":""0.6300""}"
KXBTC15M-26APR271900-00,2404b53b-8b6b-713f-b171-e5a00a51b6dd,1777329922,0.63,8.0,no,"{""count_fp"":""8.00"",""created_time"":""2026-04-27T22:45:22.869411Z"",""no_price_dollars"":""0.3700"",""taker_side"":""no"",""ticker"":""KXBTC15M-26APR271900-00"",""trade_id"":""2404b53b-8b6b-713f-b171-e5a00a51b6dd"",""yes_price_dollars"":""0.6300""}"
KXBTC15M-26APR271900-00,da612713-082d-78d5-ece2-9f8df1ac52cf,1777329922,0.64,7.57,yes,"{""count_fp"":""7.57"",""created_time"":""2026-04-27T22:45:22.834238Z"",""no_price_dollars"":""0.3600"",""taker_side"":""yes"",""ticker"":""KXBTC15M-26APR271900-00"",""trade_id"":""da612713-082d-78d5-ece2-9f8df1ac52cf"",""yes_price_dollars"":""0.6400""}"
KXBTC15M-26APR271900-00,482d4e62-d491-5e9d-e05a-7305dce7bcbf,1777329922,0.64,1.0,yes,"{""count_fp"":""1.00"",""created_time"":""2026-04-27T22:45:22.728194Z"",""no_price_dollars"":""0.3600"",""taker_side"":""yes"",""ticker"":""KXBTC15M-26APR271900-00"",""trade_id"":""482d4e62-d491-5e9d-e05a-7305dce7bcbf"",""yes_price_dollars"":""0.6400""}"
KXBTC15M-26APR271900-00,b05385e0-9c83-7705-22f3-7b02080aa575,1777329922,0.64,10.0,yes,"{""count_fp"":""10.00"",""created_time"":""2026-04-27T22:45:22.438803Z"",""no_price_dollars"":""0.3600"",""taker_side"":""yes"",""ticker"":""KXBTC15M-26APR271900-00"",""trade_id"":""b05385e0-9c83-7705-22f3-7b02080aa575"",""yes_price_dollars"":""0.6400""}"
KXBTC15M-26APR271900-00,79cd3677-9309-75a5-1c3e-f7052fd10cf7,1777329922,0.64,5.57,yes,"{""count_fp"":""5.57"",""created_time"":""2026-04-27T22:45:22.438803Z"",""no_price_dollars"":""0.3600"",""taker_side"":""yes"",""ticker"":""KXBTC15M-26APR271900-00"",""trade_id"":""79cd3677-9309-75a5-1c3e-f7052fd10cf7"",""yes_price_dollars"":""0.6400""}"
KXBTC15M-26APR271900-00,572d146c-312e-72ed-0358-b9c3be07479f,1777329922,0.64,56.0,yes,"{""count_fp"":""56.00"",""created_time"":""2026-04-27T22:45:22.438803Z"",""no_price_dollars"":""0.3600"",""taker_side"":""yes"",""ticker"":""KXBTC15M-26APR271900-00"",""trade_id"":""572d146c-312e-72ed-0358-b9c3be07479f"",""yes_price_dollars"":""0.6400""}"
KXBTC15M-26APR271900-00,450386ab-e7c6-794e-17b1-8cd7b20d1446,1777329922,0.64,3.0,yes,"{""count_fp"":""3.00"",""created_time"":""2026-04-27T22:45:22.438803Z"",""no_price_dollars"":""0.3600"",""taker_side"":""yes"",""ticker"":""KXBTC15M-26APR271900-00"",""trade_id"":""450386ab-e7c6-794e-17b1-8cd7b20d1446"",""yes_price_dollars"":""0.6400""}"
KXBTC15M-26APR271900-00,30ad3dab-c03c-7f27-3da7-b6ade4751517,1777329922,0.63,1.0,yes,"{""count_fp"":""1.00"",""created_time"":""2026-04-27T22:45:22.438803Z"",""no_price_dollars"":""0.3700"",""taker_side"":""yes"",""ticker"":""KXBTC15M-26APR271900-00"",""trade_id"":""30ad3dab-c03c-7f27-3da7-b6ade4751517"",""yes_price_dollars"":""0.6300""}"
KXBTC15M-26APR271900-00,643f4bfb-c64d-79be-f208-a8280dc5b387,1777329922,0.62,1.0,no,"{""count_fp"":""1.00"",""created_time"":""2026-04-27T22:45:22.192522Z"",""no_price_dollars"":""0.3800"",""taker_side"":""no"",""ticker"":""KXBTC15M-26APR271900-00"",""trade_id"":""643f4bfb-c64d-79be-f208-a8280dc5b387"",""yes_price_dollars"":""0.6200""}"
KXBTC15M-26APR271900-00,6abccde5-9ca2-7eee-071d-86669dc99784,1777329923,0.65,2.74,yes,"{""count_fp"":""2.74"",""created_time"":""2026-04-27T22:45:23.916476Z"",""no_price_dollars"":""0.3500"",""taker_side"":""yes"",""ticker"":""KXBTC15M-26APR271900-00"",""trade_id"":""6abccde5-9ca2-7eee-071d-86669dc99784"",""yes_price_dollars"":""0.6500""}"
KXBTC15M-26APR271900-00,675688a1-3085-7e1d-22fb-f5b26418d617,1777329923,0.64,4.76,yes,"{""count_fp"":""4.76"",""created_time"":""2026-04-27T22:45:23.916476Z"",""no_price_dollars"":""0.3600"",""taker_side"":""yes"",""ticker"":""KXBTC15M-26APR271900-00"",""trade_id"":""675688a1-3085-7e1d-22fb-f5b26418d617"",""yes_price_dollars"":""0.6400""}"
KXBTC15M-26APR271900-00,67908814-309f-7ae0-4cec-2a5b067cb04f,1777329923,0.64,3.0,yes,"{""count_fp"":""3.00"",""created_time"":""2026-04-27T22:45:23.911557Z"",""no_price_dollars"":""0.3600"",""taker_side"":""yes"",""ticker"":""KXBTC15M-26APR271900-00"",""trade_id"":""67908814-309f-7ae0-4cec-2a5b067cb04f"",""yes_price_dollars"":""0.6400""}"
KXBTC15M-26APR271900-00,26f9083f-cbe9-74f6-6b4b-dd6c6073022b,1777329923,0.62,2.0,yes,"{""count_fp"":""2.00"",""created_time"":""2026-04-27T22:45:23.911557Z"",""no_price_dollars"":""0.3800"",""taker_side"":""yes"",""ticker"":""KXBTC15M-26APR271900-00"",""trade_id"":""26f9083f-cbe9-74f6-6b4b-dd6c6073022b"",""yes_price_dollars"":""0.6200""}"
KXBTC15M-26APR271900-00,23b850e8-88ab-78ba-670b-315b8fd4d756,1777329923,0.63,4.76,yes,"{""count_fp"":""4.76"",""created_time"":""2026-04-27T22:45:23.911557Z"",""no_price_dollars"":""0.3700"",""taker_side"":""yes"",""ticker"":""KXBTC15M-26APR271900-00"",""trade_id"":""23b850e8-88ab-78ba-670b-315b8fd4d756"",""yes_price_dollars"":""0.6300""}"
KXBTC15M-26APR271900-00,1bcee635-c791-76f9-782a-79f06f060443,1777329923,0.64,0.24,yes,"{""count_fp"":""0.24"",""created_time"":""2026-04-27T22:45:23.911557Z"",""no_price_dollars"":""0.3600"",""taker_side"":""yes"",""ticker"":""KXBTC15M-26APR271900-00"",""trade_id"":""1bcee635-c791-76f9-782a-79f06f060443"",""yes_price_dollars"":""0.6400""}"
KXBTC15M-26APR271900-00,f327f99a-6be4-6e40-3521-1678ece7c88e,1777329923,0.62,3.0,no,"{""count_fp"":""3.00"",""created_time"":""2026-04-27T22:45:23.585621Z"",""no_price_dollars"":""0.3800"",""taker_side"":""no"",""ticker"":""KXBTC15M-26APR271900-00"",""trade_id"":""f327f99a-6be4-6e40-3521-1678ece7c88e"",""yes_price_dollars"":""0.6200""}"
KXBTC15M-26APR271900-00,d70d5d9e-c30a-6023-0276-583bf50cf481,1777329923,0.62,9.28,no,"{""count_fp"":""9.28"",""created_time"":""2026-04-27T22:45:23.585621Z"",""no_price_dollars"":""0.3800"",""taker_side"":""no"",""ticker"":""KXBTC15M-26APR271900-00"",""trade_id"":""d70d5d9e-c30a-6023-0276-583bf50cf481"",""yes_price_dollars"":""0.6200""}"
KXBTC15M-26APR271900-00,4f9210e2-79fe-6365-187e-c994e29d9da0,1777329923,0.62,12.61,no,"{""count_fp"":""12.61"",""created_time"":""2026-04-27T22:45:23.585621Z"",""no_price_dollars"":""0.3800"",""taker_side"":""no"",""ticker"":""KXBTC15M-26APR271900-00"",""trade_id"":""4f9210e2-79fe-6365-187e-c994e29d9da0"",""yes_price_dollars"":""0.6200""}"
KXBTC15M-26APR271900-00,5cac9bd2-619e-42bf-80f4-5e23dab496ea,1777329924,0.64,15.19,yes,"{""count_fp"":""15.19"",""created_time"":""2026-04-27T22:45:24.476281Z"",""no_price_dollars"":""0.3600"",""taker_side"":""yes"",""ticker"":""KXBTC15M-26APR271900-00"",""trade_id"":""5cac9bd2-619e-42bf-80f4-5e23dab496ea"",""yes_price_dollars"":""0.6400""}"
KXBTC15M-26APR271900-00,0556474d-9926-6b1b-49ae-c90eb1c53a55,1777329924,0.62,110.11,no,"{""count_fp"":""110.11"",""created_time"":""2026-04-27T22:45:24.425116Z"",""no_price_dollars"":""0.3800"",""taker_side"":""no"",""ticker"":""KXBTC15M-26APR271900-00"",""trade_id"":""0556474d-9926-6b1b-49ae-c90eb1c53a55"",""yes_price_dollars"":""0.6200""}"
KXBTC15M-26APR271900-00,67167041-fe32-4cf3-f5d8-a9d34629f59d,1777329924,0.62,2.0,no,"{""count_fp"":""2.00"",""created_time"":""2026-04-27T22:45:24.388441Z"",""no_price_dollars"":""0.3800"",""taker_side"":""no"",""ticker"":""KXBTC15M-26APR271900-00"",""trade_id"":""67167041-fe32-4cf3-f5d8-a9d34629f59d"",""yes_price_dollars"":""0.6200""}"
KXBTC15M-26APR271900-00,0bd02df0-444a-6b2b-670f-9b8116a5219d,1777329924,0.62,10.84,no,"{""count_fp"":""10.84"",""created_time"":""2026-04-27T22:45:24.368216Z"",""no_price_dollars"":""0.3800"",""taker_side"":""no"",""ticker"":""KXBTC15M-26APR271900-00"",""trade_id"":""0bd02df0-444a-6b2b-670f-9b8116a5219d"",""yes_price_dollars"":""0.6200""}"
KXBTC15M-26APR271900-00,fa3def2e-0efa-5a07-4223-f46a6330c30d,1777329924,0.62,9.0,no,"{""count_fp"":""9.00"",""created_time"":""2026-04-27T22:45:24.352584Z"",""no_price_dollars"":""0.3800"",""taker_side"":""no"",""ticker"":""KXBTC15M-26APR271900-00"",""trade_id"":""fa3def2e-0efa-5a07-4223-f46a6330c30d"",""yes_price_dollars"":""0.6200""}"
KXBTC15M-26APR271900-00,b887b8c5-232e-61d3-9ddd-f2eac52bb5e1,1777329924,0.62,5.0,no,"{""count_fp"":""5.00"",""created_time"":""2026-04-27T22:45:24.246617Z"",""no_price_dollars"":""0.3800"",""taker_side"":""no"",""ticker"":""KXBTC15M-26APR271900-00"",""trade_id"":""b887b8c5-232e-61d3-9ddd-f2eac52bb5e1"",""yes_price_dollars"":""0.6200""}"
KXBTC15M-26APR271900-00,c61c37b6-8796-680b-fbd4-a243afcb14c1,1777329924,0.62,11.0,no,"{""count_fp"":""11.00"",""created_time"":""2026-04-27T22:45:24.240572Z"",""no_price_dollars"":""0.3800"",""taker_side"":""no"",""ticker"":""KXBTC15M-26APR271900-00"",""trade_id"":""c61c37b6-8796-680b-fbd4-a243afcb14c1"",""yes_price_dollars"":""0.6200""}"
KXBTC15M-26APR271900-00,5e1850d7-ce8a-4f7a-77d5-d093c9ee522e,1777329924,0.62,12.61,no,"{""count_fp"":""12.61"",""created_time"":""2026-04-27T22:45:24.230708Z"",""no_price_dollars"":""0.3800"",""taker_side"":""no"",""ticker"":""KXBTC15M-26APR271900-00"",""trade_id"":""5e1850d7-ce8a-4f7a-77d5-d093c9ee522e"",""yes_price_dollars"":""0.6200""}"
KXBTC15M-26APR271900-00,265ee480-89ba-41e7-4b2c-5785ffde4321,1777329924,0.62,4.6,no,"{""count_fp"":""4.60"",""created_time"":""2026-04-27T22:45:24.230708Z"",""no_price_dollars"":""0.3800"",""taker_side"":""no"",""ticker"":""KXBTC15M-26APR271900-00"",""trade_id"":""265ee480-89ba-41e7-4b2c-5785ffde4321"",""yes_price_dollars"":""0.6200""}"
KXBTC15M-26APR271900-00,e83fd11a-dd89-5721-41f1-07930cd2668f,1777329925,0.65,25.07,yes,"{""count_fp"":""25.07"",""created_time"":""2026-04-27T22:45:25.927142Z"",""no_price_dollars"":""0.3500"",""taker_side"":""yes"",""ticker"":""KXBTC15M-26APR271900-00"",""trade_id"":""e83fd11a-dd89-5721-41f1-07930cd2668f"",""yes_price_dollars"":""0.6500""}"
KXBTC15M-26APR271900-00,a82b2ad3-32c6-5c8f-5692-645c4f51ade8,1777329925,0.65,12.0,yes,"{""count_fp"":""12.00"",""created_time"":""2026-04-27T22:45:25.927142Z"",""no_price_dollars"":""0.3500"",""taker_side"":""yes"",""ticker"":""KXBTC15M-26APR271900-00"",""trade_id"":""a82b2ad3-32c6-5c8f-5692-645c4f51ade8"",""yes_price_dollars"":""0.6500""}"
KXBTC15M-26APR271900-00,a04df2e7-84f7-55d3-563b-43f7d75830f1,1777329925,0.64,3.0,yes,"{""count_fp"":""3.00"",""created_time"":""2026-04-27T22:45:25.927142Z"",""no_price_dollars"":""0.3600"",""taker_side"":""yes"",""ticker"":""KXBTC15M-26APR271900-00"",""trade_id"":""a04df2e7-84f7-55d3-563b-43f7d75830f1"",""yes_price_dollars"":""0.6400""}"
KXBTC15M-26APR271900-00,8002bc72-131a-5607-65f9-4ac710ded2f2,1777329925,0.64,8.67,yes,"{""count_fp"":""8.67"",""created_time"":""2026-04-27T22:45:25.927142Z"",""no_price_dollars"":""0.3600"",""taker_side"":""yes"",""ticker"":""KXBTC15M-26APR271900-00"",""trade_id"":""8002bc72-131a-5607-65f9-4ac710ded2f2"",""yes_price_dollars"":""0.6400""}"
KXBTC15M-26APR271900-00,21cb48a3-6a6a-5faa-7426-0c005531cb84,1777329925,0.65,1.26,yes,"{""count_fp"":""1.26"",""created_time"":""2026-04-27T22:45:25.927142Z"",""no_price_dollars"":""0.3500"",""taker_side"":""yes"",""ticker"":""KXBTC15M-26APR271900-00"",""trade_id"":""21cb48a3-6a6a-5faa-7426-0c005531cb84"",""yes_price_dollars"":""0.6500""}"
KXBTC15M-26APR271900-00,aed0dfc2-2293-719c-e1f5-1ba20497079a,1777329925,0.63,1.0,no,"{""count_fp"":""1.00"",""created_time"":""2026-04-27T22:45:25.915847Z"",""no_price_dollars"":""0.3700"",""taker_side"":""no"",""ticker"":""KXBTC15M-26APR271900-00"",""trade_id"":""aed0dfc2-2293-719c-e1f5-1ba20497079a"",""yes_price_dollars"":""0.6300""}"
KXBTC15M-26APR271900-00,3e8799c2-eb48-783c-db41-93088fa68fea,1777329925,0.63,16.21,no,"{""count_fp"":""16.21"",""created_time"":""2026-04-27T22:45:25.915847Z"",""no_price_dollars"":""0.3700"",""taker_side"":""no"",""ticker"":""KXBTC15M-26APR271900-00"",""trade_id"":""3e8799c2-eb48-783c-db41-93088fa68fea"",""yes_price_dollars"":""0.6300""}"
KXBTC15M-26APR271900-00,f3a146d2-53b0-41b0-e57a-b8595275ce1a,1777329925,0.62,37.83,no,"{""count_fp"":""37.83"",""created_time"":""2026-04-27T22:45:25.674696Z"",""no_price_dollars"":""0.3800"",""taker_side"":""no"",""ticker"":""KXBTC15M-26APR271900-00"",""trade_id"":""f3a146d2-53b0-41b0-e57a-b8595275ce1a"",""yes_price_dollars"":""0.6200""}"
KXBTC15M-26APR271900-00,2157978b-5388-67c0-ac0e-54e315e1a7e2,1777329925,0.62,252.21,no,"{""count_fp"":""252.21"",""created_time"":""2026-04-27T22:45:25.561671Z"",""no_price_dollars"":""0.3800"",""taker_side"":""no"",""ticker"":""KXBTC15M-26APR271900-00"",""trade_id"":""2157978b-5388-67c0-ac0e-54e315e1a7e2"",""yes_price_dollars"":""0.6200""}"
KXBTC15M-26APR271900-00,2400ae5b-80ce-41a7-7cd0-4e9761cdd1b6,1777329925,0.64,10.0,yes,"{""count_fp"":""10.00"",""created_time"":""2026-04-27T22:45:25.350719Z"",""no_price_dollars"":""0.3600"",""taker_side"":""yes"",""ticker"":""KXBTC15M-26APR271900-00"",""trade_id"":""2400ae5b-80ce-41a7-7cd0-4e9761cdd1b6"",""yes_price_dollars"":""0.6400""}"
KXBTC15M-26APR271900-00,7c0f7295-9de4-4c30-68fc-cd5d07739166,1777329925,0.62,24.97,no,"{""count_fp"":""24.97"",""created_time"":""2026-04-27T22:45:25.311012Z"",""no_price_dollars"":""0.3800"",""taker_side"":""no"",""ticker"":""KXBTC15M-26APR271900-00"",""trade_id"":""7c0f7295-9de4-4c30-68fc-cd5d07739166"",""yes_price_dollars"":""0.6200""}"
KXBTC15M-26APR271900-00,f3bb42d3-4f2f-6155-3cf7-3bf250fa3364,1777329926,0.63,81.0,no,"{""count_fp"":""81.00"",""created_time"":""2026-04-27T22:45:26.710508Z"",""no_price_dollars"":""0.3700"",""taker_side"":""no"",""ticker"":""KXBTC15M-26APR271900-00"",""trade_id"":""f3bb42d3-4f2f-6155-3cf7-3bf250fa3364"",""yes_price_dollars"":""0.6300""}"
KXBTC15M-26APR271900-00,7c853f18-c09c-6bb6-18c8-117614a1d053,1777329926,0.63,6.0,no,"{""count_fp"":""6.00"",""created_time"":""2026-04-27T22:45:26.710508Z"",""no_price_dollars"":""0.3700"",""taker_side"":""no"",""ticker"":""KXBTC15M-26APR271900-00"",""trade_id"":""7c853f18-c09c-6bb6-18c8-117614a1d053"",""yes_price_dollars"":""0.6300""}"
KXBTC15M-26APR271900-00,6637d39f-6d89-6a9c-2445-047bcdb549b8,1777329926,0.63,113.0,no,"{""count_fp"":""113.00"",""created_time"":""2026-04-27T22:45:26.710508Z"",""no_price_dollars"":""0.3700"",""taker_side"":""no"",""ticker"":""KXBTC15M-26APR271900-00"",""trade_id"":""6637d39f-6d89-6a9c-2445-047bcdb549b8"",""yes_price_dollars"":""0.6300""}"
KXBTC15M-26APR271900-00,ac98c518-f361-713e-f8cd-8c9ca4f6dc77,1777329926,0.66,37.17,yes,"{""count_fp"":""37.17"",""created_time"":""2026-04-27T22:45:26.535201Z"",""no_price_dollars"":""0.3400"",""taker_side"":""yes"",""ticker"":""KXBTC15M-26APR271900-00"",""trade_id"":""ac98c518-f361-713e-f8cd-8c9ca4f6dc77"",""yes_price_dollars"":""0.6600""}"
KXBTC15M-26APR271900-00,f297879f-3d75-4307-31c4-c9e8a7a17a7d,1777329926,0.66,113.0,yes,"{""count_fp"":""113.00"",""created_time"":""2026-04-27T22:45:26.357638Z"",""no_price_dollars"":""0.3400"",""taker_side"":""yes"",""ticker"":""KXBTC15M-26APR271900-00"",""trade_id"":""f297879f-3d75-4307-31c4-c9e8a7a17a7d"",""yes_price_dollars"":""0.6600""}"
KXBTC15M-26APR271900-00,e05a5677-930e-4250-203f-51c160a2c3c0,1777329926,0.67,911.34,yes,"{""count_fp"":""911.34"",""created_time"":""2026-04-27T22:45:26.357638Z"",""no_price_dollars"":""0.3300"",""taker_side"":""yes"",""ticker"":""KXBTC15M-26APR271900-00"",""trade_id"":""e05a5677-930e-4250-203f-51c160a2c3c0"",""yes_price_dollars"":""0.6700""}"
KXBTC15M-26APR271900-00,d23d3089-2049-4b39-26de-bb7eff6ab4e7,1777329926,0.66,374.93,yes,"{""count_fp"":""374.93"",""created_time"":""2026-04-27T22:45:26.357638Z"",""no_price_dollars"":""0.3400"",""taker_side"":""yes"",""ticker"":""KXBTC15M-26APR271900-00"",""trade_id"":""d23d3089-2049-4b39-26de-bb7eff6ab4e7"",""yes_price_dollars"":""0.6600""}"
KXBTC15M-26APR271900-00,b591376f-6e50-45bb-3254-9f2c11069927,1777329926,0.65,56.0,yes,"{""count_fp"":""56.00"",""created_time"":""2026-04-27T22:45:26.357638Z"",""no_price_dollars"":""0.3500"",""taker_side"":""yes"",""ticker"":""KXBTC15M-26APR271900-00"",""trade_id"":""b591376f-6e50-45bb-3254-9f2c11069927"",""yes_price_dollars"":""0.6500""}"
KXBTC15M-26APR271900-00,2726a9e5-c81c-4808-1013-c4d7ecfd0ef3,1777329926,0.64,3.0,yes,"{""count_fp"":""3.00"",""created_time"":""2026-04-27T22:45:26.357638Z"",""no_price_dollars"":""0.3600"",""taker_side"":""yes"",""ticker"":""KXBTC15M-26APR271900-00"",""trade_id"":""2726a9e5-c81c-4808-1013-c4d7ecfd0ef3"",""yes_price_dollars"":""0.6400""}"
KXBTC15M-26APR271900-00,130fbff6-9e28-47a1-2aba-9648959ff69c,1777329926,0.66,7.03,yes,"{""count_fp"":""7.03"",""created_time"":""2026-04-27T22:45:26.357638Z"",""no_price_dollars"":""0.3400"",""taker_side"":""yes"",""ticker"":""KXBTC15M-26APR271900-00"",""trade_id"":""130fbff6-9e28-47a1-2aba-9648959ff69c"",""yes_price_dollars"":""0.6600""}"
KXBTC15M-26APR271900-00,85854903-c988-4e10-557b-e752f2bdc0aa,1777329926,0.62,126.1,no,"{""count_fp"":""126.10"",""created_time"":""2026-04-27T22:45:26.095236Z"",""no_price_dollars"":""0.3800"",""taker_side"":""no"",""ticker"":""KXBTC15M-26APR271900-00"",""trade_id"":""85854903-c988-4e10-557b-e752f2bdc0aa"",""yes_price_dollars"":""0.6200""}"
KXBTC15M-26APR271900-00,f999af20-a47c-69b9-d54f-01eb00dbeb54,1777329926,0.66,2.97,yes,"{""count_fp"":""2.97"",""created_time"":""2026-04-27T22:45:26.067244Z"",""no_price_dollars"":""0.3400"",""taker_side"":""yes"",""ticker"":""KXBTC15M-26APR271900-00"",""trade_id"":""f999af20-a47c-69b9-d54f-01eb00dbeb54"",""yes_price_dollars"":""0.6600""}"
KXBTC15M-26APR271900-00,09fdae2f-945d-750a-5cb7-0a0288007a83,1777329927,0.65,100.88,no,"{""count_fp"":""100.88"",""created_time"":""2026-04-27T22:45:27.928881Z"",""no_price_dollars"":""0.3500"",""taker_side"":""no"",""ticker"":""KXBTC15M-26APR271900-00"",""trade_id"":""09fdae2f-945d-750a-5cb7-0a0288007a83"",""yes_price_dollars"":""0.6500""}"
KXBTC15M-26APR271900-00,d9b5fe91-150c-7e52-6934-9d9d0b37a830,1777329927,0.66,3.0,no,"{""count_fp"":""3.00"",""created_time"":""2026-04-27T22:45:27.921428Z"",""no_price_dollars"":""0.3400"",""taker_side"":""no"",""ticker"":""KXBTC15M-26APR271900-00"",""trade_id"":""d9b5fe91-150c-7e52-6934-9d9d0b37a830"",""yes_price_dollars"":""0.6600""}"
KXBTC15M-26APR271900-00,c34aff9c-7155-7382-7db2-b4fb4363fceb,1777329927,0.65,22.4,no,"{""count_fp"":""22.40"",""created_time"":""2026-04-27T22:45:27.921428Z"",""no_price_dollars"":""0.3500"",""taker_side"":""no"",""ticker"":""KXBTC15M-26APR271900-00"",""trade_id"":""c34aff9c-7155-7382-7db2-b4fb4363fceb"",""yes_price_dollars"":""0.6500""}"
KXBTC15M-26APR271900-00,b8398618-69f1-4316-0d7a-42b322bbf53b,1777329927,0.65,123.1,no,"{""count_fp"":""123.10"",""created_time"":""2026-04-27T22:45:27.823553Z"",""no_price_dollars"":""0.3500"",""taker_side"":""no"",""ticker"":""KXBTC15M-26APR271900-00"",""trade_id"":""b8398618-69f1-4316-0d7a-42b322bbf53b"",""yes_price_dollars"":""0.6500""}"
KXBTC15M-26APR271900-00,b6bde443-f77c-4ac2-0885-059e495f5b75,1777329927,0.66,3.0,no,"{""count_fp"":""3.00"",""created_time"":""2026-04-27T22:45:27.823553Z"",""no_price_dollars"":""0.3400"",""taker_side"":""no"",""ticker"":""KXBTC15M-26APR271900-00"",""trade_id"":""b6bde443-f77c-4ac2-0885-059e495f5b75"",""yes_price_dollars"":""0.6600""}"
KXBTC15M-26APR271900-00,83e5201f-7bd0-65e1-34b1-16e45b610a48,1777329927,0.66,9.7,yes,"{""count_fp"":""9.70"",""created_time"":""2026-04-27T22:45:27.728905Z"",""no_price_dollars"":""0.3400"",""taker_side"":""yes"",""ticker"":""KXBTC15M-26APR271900-00"",""trade_id"":""83e5201f-7bd0-65e1-34b1-16e45b610a48"",""yes_price_dollars"":""0.6600""}"
KXBTC15M-26APR271900-00,9c2bf716-c8fc-5ef5-8af8-47f55ab41552,1777329927,0.65,3.0,yes,"{""count_fp"":""3.00"",""created_time"":""2026-04-27T22:45:27.712313Z"",""no_price_dollars"":""0.3500"",""taker_side"":""yes"",""ticker"":""KXBTC15M-26APR271900-00"",""trade_id"":""9c2bf716-c8fc-5ef5-8af8-47f55ab41552"",""yes_price_dollars"":""0.6500""}"
KXBTC15M-26APR271900-00,8f1c35f9-53b8-5696-8ec6-fd4eb8556ca7,1777329927,0.65,15.0,yes,"{""count_fp"":""15.00"",""created_time"":""2026-04-27T22:45:27.712313Z"",""no_price_dollars"":""0.3500"",""taker_side"":""yes"",""ticker"":""KXBTC15M-26APR271900-00"",""trade_id"":""8f1c35f9-53b8-5696-8ec6-fd4eb8556ca7"",""yes_price_dollars"":""0.6500""}"
KXBTC15M-26APR271900-00,ace5e40d-9ed3-4c9f-bbd3-be97361cea19,1777329927,0.63,12.61,no,"{""count_fp"":""12.61"",""created_time"":""2026-04-27T22:45:27.464936Z"",""no_price_dollars"":""0.3700"",""taker_side"":""no"",""ticker"":""KXBTC15M-26APR271900-00"",""trade_id"":""ace5e40d-9ed3-4c9f-bbd3-be97361cea19"",""yes_price_dollars"":""0.6300""}"
KXBTC15M-26APR271900-00,e36db046-eb9e-6b3c-948e-38121033f7e5,1777329927,0.63,3.0,no,"{""count_fp"":""3.00"",""created_time"":""2026-04-27T22:45:27.332064Z"",""no_price_dollars"":""0.3700"",""taker_side"":""no"",""ticker"":""KXBTC15M-26APR271900-00"",""trade_id"":""e36db046-eb9e-6b3c-948e-38121033f7e5"",""yes_price_dollars"":""0.6300""}"
KXBTC15M-26APR271900-00,6f9ee829-309b-6979-a19d-99de09099304,1777329927,0.62,60.05,no,"{""count_fp"":""60.05"",""created_time"":""2026-04-27T22:45:27.332064Z"",""no_price_dollars"":""0.3800"",""taker_side"":""no"",""ticker"":""KXBTC15M-26APR271900-00"",""trade_id"":""6f9ee829-309b-6979-a19d-99de09099304"",""yes_price_dollars"":""0.6200""}"
KXBTC15M-26APR271900-00,9bc47221-14a7-6881-d38d-2c3d4e39bca4,1777329927,0.62,40.0,no,"{""count_fp"":""40.00"",""created_time"":""2026-04-27T22:45:27.177577Z"",""no_price_dollars"":""0.3800"",""taker_side"":""no"",""ticker"":""KXBTC15M-26APR271900-00"",""trade_id"":""9bc47221-14a7-6881-d38d-2c3d4e39bca4"",""yes_price_dollars"":""0.6200""}"
KXBTC15M-26APR271900-00,7800756d-c0b1-4a0a-bf4b-05ae8e30cbb5,1777329927,0.62,3.0,no,"{""count_fp"":""3.00"",""created_time"":""2026-04-27T22:45:27.156694Z"",""no_price_dollars"":""0.3800"",""taker_side"":""no"",""ticker"":""KXBTC15M-26APR271900-00"",""trade_id"":""7800756d-c0b1-4a0a-bf4b-05ae8e30cbb5"",""yes_price_dollars"":""0.6200""}"
KXBTC15M-26APR271900-00,55b3dd1c-c5e7-44dd-85aa-5080243ab7a0,1777329927,0.62,4.56,no,"{""count_fp"":""4.56"",""created_time"":""2026-04-27T22:45:27.156694Z"",""no_price_dollars"":""0.3800"",""taker_side"":""no"",""ticker"":""KXBTC15M-26APR271900-00"",""trade_id"":""55b3dd1c-c5e7-44dd-85aa-5080243ab7a0"",""yes_price_dollars"":""0.6200""}"
KXBTC15M-26APR271900-00,b2803b9f-ba6d-5cc2-d3a7-e4d53a6de893,1777329927,0.66,362.83,yes,"{""count_fp"":""362.83"",""created_time"":""2026-04-27T22:45:27.030488Z"",""no_price_dollars"":""0.3400"",""taker_side"":""yes"",""ticker"":""KXBTC15M-26APR271900-00"",""trade_id"":""b2803b9f-ba6d-5cc2-d3a7-e4d53a6de893"",""yes_price_dollars"":""0.6600""}"
KXBTC15M-26APR271900-00,6da0c479-3051-5696-da80-89478863248a,1777329927,0.66,113.0,yes,"{""count_fp"":""113.00"",""created_time"":""2026-04-27T22:45:27.030488Z"",""no_price_dollars"":""0.3400"",""taker_side"":""yes"",""ticker"":""KXBTC15M-26APR271900-00"",""trade_id"":""6da0c479-3051-5696-da80-89478863248a"",""yes_price_dollars"":""0.6600""}"
KXBTC15M-26APR271900-00,62a75a1e-36bd-5715-f13b-c3f540b86a9d,1777329927,0.67,155.92,yes,"{""count_fp"":""155.92"",""created_time"":""2026-04-27T22:45:27.030488Z"",""no_price_dollars"":""0.3300"",""taker_side"":""yes"",""ticker"":""KXBTC15M-26APR271900-00"",""trade_id"":""62a75a1e-36bd-5715-f13b-c3f540b86a9d"",""yes_price_dollars"":""0.6700""}"
KXBTC15M-26APR271900-00,40e4ed9d-15aa-56d0-c49a-2ab31d2dd198,1777329927,0.67,89.6,yes,"{""count_fp"":""89.60"",""created_time"":""2026-04-27T22:45:27.030488Z"",""no_price_dollars"":""0.3300"",""taker_side"":""yes"",""ticker"":""KXBTC15M-26APR271900-00"",""trade_id"":""40e4ed9d-15aa-56d0-c49a-2ab31d2dd198"",""yes_price_dollars"":""0.6700""}"
KXBTC15M-26APR271900-00,291b5ab3-1f7c-5ae0-d5ef-fdd777b91a0f,1777329927,0.64,3.0,yes,"{""count_fp"":""3.00"",""created_time"":""2026-04-27T22:45:27.030488Z"",""no_price_dollars"":""0.3600"",""taker_side"":""yes"",""ticker"":""KXBTC15M-26APR271900-00"",""trade_id"":""291b5ab3-1f7c-5ae0-d5ef-fdd777b91a0f"",""yes_price_dollars"":""0.6400""}"
KXBTC15M-26APR271900-00,d81cc5e5-397f-6d92-05b8-a567ca626b89,1777329928,0.65,2.52,no,"{""count_fp"":""2.52"",""created_time"":""2026-04-27T22:45:28.822157Z"",""no_price_dollars"":""0.3500"",""taker_side"":""no"",""ticker"":""KXBTC15M-26APR271900-00"",""trade_id"":""d81cc5e5-397f-6d92-05b8-a567ca626b89"",""yes_price_dollars"":""0.6500""}"
KXBTC15M-26APR271900-00,f3f0be06-082f-6061-3cdf-4703a54393e0,1777329928,0.65,50.44,no,"{""count_fp"":""50.44"",""created_time"":""2026-04-27T22:45:28.583876Z"",""no_price_dollars"":""0.3500"",""taker_side"":""no"",""ticker"":""KXBTC15M-26APR271900-00"",""trade_id"":""f3f0be06-082f-6061-3cdf-4703a54393e0"",""yes_price_dollars"":""0.6500""}"
KXBTC15M-26APR271900-00,f7f02de9-9a53-72e5-ba3e-945035480e78,1777329928,0.65,12.58,no,"{""count_fp"":""12.58"",""created_time"":""2026-04-27T22:45:28.356813Z"",""no_price_dollars"":""0.3500"",""taker_side"":""no"",""ticker"":""KXBTC15M-26APR271900-00"",""trade_id"":""f7f02de9-9a53-72e5-ba3e-945035480e78"",""yes_price_dollars"":""0.6500""}"
KXBTC15M-26APR271900-00,dd509cba-2dbb-721f-a949-4743a4ab4d75,1777329928,0.65,95.87,no,"{""count_fp"":""95.87"",""created_time"":""2026-04-27T22:45:28.356813Z"",""no_price_dollars"":""0.3500"",""taker_side"":""no"",""ticker"":""KXBTC15M-26APR271900-00"",""trade_id"":""dd509cba-2dbb-721f-a949-4743a4ab4d75"",""yes_price_dollars"":""0.6500""}"
KXBTC15M-26APR271900-00,12c8ec3e-d063-490b-47a2-e2b411c53101,1777329928,0.65,2.0,no,"{""count_fp"":""2.00"",""created_time"":""2026-04-27T22:45:28.295276Z"",""no_price_dollars"":""0.3500"",""taker_side"":""no"",""ticker"":""KXBTC15M-26APR271900-00"",""trade_id"":""12c8ec3e-d063-490b-47a2-e2b411c53101"",""yes_price_dollars"":""0.6500""}"
KXBTC15M-26APR271900-00,eb5691e1-65ff-56d7-2e6b-498c25d17661,1777329928,0.65,2.52,no,"{""count_fp"":""2.52"",""created_time"":""2026-04-27T22:45:28.103171Z"",""no_price_dollars"":""0.3500"",""taker_side"":""no"",""ticker"":""KXBTC15M-26APR271900-00"",""trade_id"":""eb5691e1-65ff-56d7-2e6b-498c25d17661"",""yes_price_dollars"":""0.6500""}"
KXBTC15M-26APR271900-00,469623ac-8dcd-7411-3a35-3cfc650ed4f9,1777329929,0.64,22.0,yes,"{""count_fp"":""22.00"",""created_time"":""2026-04-27T22:45:29.968193Z"",""no_price_dollars"":""0.3600"",""taker_side"":""yes"",""ticker"":""KXBTC15M-26APR271900-00"",""trade_id"":""469623ac-8dcd-7411-3a35-3cfc650ed4f9"",""yes_price_dollars"":""0.6400""}"
KXBTC15M-26APR271900-00,5e6b0bc3-eebf-7624-ea19-a80f09893135,1777329929,0.66,2.0,yes,"{""count_fp"":""2.00"",""created_time"":""2026-04-27T22:45:29.864014Z"",""no_price_dollars"":""0.3400"",""taker_side"":""yes"",""ticker"":""KXBTC15M-26APR271900-00"",""trade_id"":""5e6b0bc3-eebf-7624-ea19-a80f09893135"",""yes_price_dollars"":""0.6600""}"
KXBTC15M-26APR271900-00,6e5d4bb6-dfc8-42ac-fb52-edc1135d9ab0,1777329929,0.65,24.54,no,"{""count_fp"":""24.54"",""created_time"":""2026-04-27T22:45:29.725708Z"",""no_price_dollars"":""0.3500"",""taker_side"":""no"",""ticker"":""KXBTC15M-26APR271900-00"",""trade_id"":""6e5d4bb6-dfc8-42ac-fb52-edc1135d9ab0"",""yes_price_dollars"":""0.6500""}"
KXBTC15M-26APR271900-00,609b7b2a-f32f-4cd9-fb5a-1a6f56940c2c,1777329929,0.65,98.56,no,"{""count_fp"":""98.56"",""created_time"":""2026-04-27T22:45:29.725708Z"",""no_price_dollars"":""0.3500"",""taker_side"":""no"",""ticker"":""KXBTC15M-26APR271900-00"",""trade_id"":""609b7b2a-f32f-4cd9-fb5a-1a6f56940c2c"",""yes_price_dollars"":""0.6500""}"
KXBTC15M-26APR271900-00,6072a24f-c48f-40ea-d53f-07332cfd623f,1777329929,0.65,3.0,no,"{""count_fp"":""3.00"",""created_time"":""2026-04-27T22:45:29.725708Z"",""no_price_dollars"":""0.3500"",""taker_side"":""no"",""ticker"":""KXBTC15M-26APR271900-00"",""trade_id"":""6072a24f-c48f-40ea-d53f-07332cfd623f"",""yes_price_dollars"":""0.6500""}"
KXBTC15M-26APR271900-00,d8ce0d94-83da-4079-6ba2-fddaf4dae3ef,1777329929,0.65,1.0,yes,"{""count_fp"":""1.00"",""created_time"":""2026-04-27T22:45:29.538254Z"",""no_price_dollars"":""0.3500"",""taker_side"":""yes"",""ticker"":""KXBTC15M-26APR271900-00"",""trade_id"":""d8ce0d94-83da-4079-6ba2-fddaf4dae3ef"",""yes_price_dollars"":""0.6500""}"
KXBTC15M-26APR271900-00,4d6f98f9-a62c-484c-6caa-5fc1534aeab2,1777329929,0.67,57.48,yes,"{""count_fp"":""57.48"",""created_time"":""2026-04-27T22:45:29.538254Z"",""no_price_dollars"":""0.3300"",""taker_side"":""yes"",""ticker"":""KXBTC15M-26APR271900-00"",""trade_id"":""4d6f98f9-a62c-484c-6caa-5fc1534aeab2"",""yes_price_dollars"":""0.6700""}"
KXBTC15M-26APR271900-00,12620806-3b25-40a4-54da-12a9b9c5896e,1777329929,0.67,24.54,yes,"{""count_fp"":""24.54"",""created_time"":""2026-04-27T22:45:29.538254Z"",""no_price_dollars"":""0.3300"",""taker_side"":""yes"",""ticker"":""KXBTC15M-26APR271900-00"",""trade_id"":""12620806-3b25-40a4-54da-12a9b9c5896e"",""yes_price_dollars"":""0.6700""}"
KXBTC15M-26APR271900-00,53bd1902-8421-6a96-35e9-e257540bdbcf,1777329929,0.64,21.0,no,"{""count_fp"":""21.00"",""created_time"":""2026-04-27T22:45:29.410382Z"",""no_price_dollars"":""0.3600"",""taker_side"":""no"",""ticker"":""KXBTC15M-26APR271900-00"",""trade_id"":""53bd1902-8421-6a96-35e9-e257540bdbcf"",""yes_price_dollars"":""0.6400""}"
KXBTC15M-26APR271900-00,6dc327e4-a795-7dfe-4d3c-262a54f0c3d1,1777329929,0.66,1.0,yes,"{""count_fp"":""1.00"",""created_time"":""2026-04-27T22:45:29.331143Z"",""no_price_dollars"":""0.3400"",""taker_side"":""yes"",""ticker"":""KXBTC15M-26APR271900-00"",""trade_id"":""6dc327e4-a795-7dfe-4d3c-262a54f0c3d1"",""yes_price_dollars"":""0.6600""}"
KXBTC15M-26APR271900-00,8b388c76-2427-6216-fd59-fb46faed5acd,1777329929,0.65,6.48,no,"{""count_fp"":""6.48"",""created_time"":""2026-04-27T22:45:29.111823Z"",""no_price_dollars"":""0.3500"",""taker_side"":""no"",""ticker"":""KXBTC15M-26APR271900-00"",""trade_id"":""8b388c76-2427-6216-fd59-fb46faed5acd"",""yes_price_dollars"":""0.6500""}"
KXBTC15M-26APR271900-00,0115b407-e3df-6b91-ccf2-243d418d5df4,1777329929,0.65,18.11,no,"{""count_fp"":""18.11"",""created_time"":""2026-04-27T22:45:29.111823Z"",""no_price_dollars"":""0.3500"",""taker_side"":""no"",""ticker"":""KXBTC15M-26APR271900-00"",""trade_id"":""0115b407-e3df-6b91-ccf2-243d418d5df4"",""yes_price_dollars"":""0.6500""}"
KXBTC15M-26APR271900-00,731abb0d-e707-63d9-f075-3d5fbc0155a0,1777329930,0.63,0.87,no,"{""count_fp"":""0.87"",""created_time"":""2026-04-27T22:45:30.951956Z"",""no_price_dollars"":""0.3700"",""taker_side"":""no"",""ticker"":""KXBTC15M-26APR271900-00"",""trade_id"":""731abb0d-e707-63d9-f075-3d5fbc0155a0"",""yes_price_dollars"":""0.6300""}"
KXBTC15M-26APR271900-00,7250619c-3f8c-6f26-c7e9-2ad25234987d,1777329930,0.63,1.71,no,"{""count_fp"":""1.71"",""created_time"":""2026-04-27T22:45:30.951956Z"",""no_price_dollars"":""0.3700"",""taker_side"":""no"",""ticker"":""KXBTC15M-26APR271900-00"",""trade_id"":""7250619c-3f8c-6f26-c7e9-2ad25234987d"",""yes_price_dollars"":""0.6300""}"
KXBTC15M-26APR271900-00,fd0e9fb1-ad90-5626-3937-8f7db37e8ba9,1777329930,0.63,0.29,no,"{""count_fp"":""0.29"",""created_time"":""2026-04-27T22:45:30.871177Z"",""no_price_dollars"":""0.3700"",""taker_side"":""no"",""ticker"":""KXBTC15M-26APR271900-00"",""trade_id"":""fd0e9fb1-ad90-5626-3937-8f7db37e8ba9"",""yes_price_dollars"":""0.6300""}"
KXBTC15M-26APR271900-00,6b6ff5d6-7fb2-5e5c-0abf-49c73ef1d8ea,1777329930,0.63,1.0,no,"{""count_fp"":""1.00"",""created_time"":""2026-04-27T22:45:30.871177Z"",""no_price_dollars"":""0.3700"",""taker_side"":""no"",""ticker"":""KXBTC15M-26APR271900-00"",""trade_id"":""6b6ff5d6-7fb2-5e5c-0abf-49c73ef1d8ea"",""yes_price_dollars"":""0.6300""}"
KXBTC15M-26APR271900-00,c45cb2e0-b6fd-45b5-3d14-3f78eecd3bc1,1777329930,0.64,10.81,yes,"{""count_fp"":""10.81"",""created_time"":""2026-04-27T22:45:30.696089Z"",""no_price_dollars"":""0.3600"",""taker_side"":""yes"",""ticker"":""KXBTC15M-26APR271900-00"",""trade_id"":""c45cb2e0-b6fd-45b5-3d14-3f78eecd3bc1"",""yes_price_dollars"":""0.6400""}"
KXBTC15M-26APR271900-00,89fc993c-623d-7711-f9e4-e2060d37014d,1777329930,0.64,4.22,yes,"{""count_fp"":""4.22"",""created_time"":""2026-04-27T22:45:30.607796Z"",""no_price_dollars"":""0.3600"",""taker_side"":""yes"",""ticker"":""KXBTC15M-26APR271900-00"",""trade_id"":""89fc993c-623d-7711-f9e4-e2060d37014d"",""yes_price_dollars"":""0.6400""}"
KXBTC15M-26APR271900-00,af1cd77f-f715-57ed-80b4-37c751cb0ff5,1777329930,0.64,7.28,yes,"{""count_fp"":""7.28"",""created_time"":""2026-04-27T22:45:30.251236Z"",""no_price_dollars"":""0.3600"",""taker_side"":""yes"",""ticker"":""KXBTC15M-26APR271900-00"",""trade_id"":""af1cd77f-f715-57ed-80b4-37c751cb0ff5"",""yes_price_dollars"":""0.6400""}"
KXBTC15M-26APR271900-00,fffdcbc1-44f4-7841-c64f-10dc0920c66f,1777329931,0.62,3.0,no,"{""count_fp"":""3.00"",""created_time"":""2026-04-27T22:45:31.765684Z"",""no_price_dollars"":""0.3800"",""taker_side"":""no"",""ticker"":""KXBTC15M-26APR271900-00"",""trade_id"":""fffdcbc1-44f4-7841-c64f-10dc0920c66f"",""yes_price_dollars"":""0.6200""}"
KXBTC15M-26APR271900-00,f69d8c2c-38f1-741e-ee5f-34f8b8f9258f,1777329931,0.61,1000.82,no,"{""count_fp"":""1000.82"",""created_time"":""2026-04-27T22:45:31.765684Z"",""no_price_dollars"":""0.3900"",""taker_side"":""no"",""ticker"":""KXBTC15M-26APR271900-00"",""trade_id"":""f69d8c2c-38f1-741e-ee5f-34f8b8f9258f"",""yes_price_dollars"":""0.6100""}"
KXBTC15M-26APR271900-00,e2b98ce5-2119-791d-e8c7-e2cdb3786d5d,1777329931,0.61,400.0,no,"{""count_fp"":""400.00"",""created_time"":""2026-04-27T22:45:31.765684Z"",""no_price_dollars"":""0.3900"",""taker_side"":""no"",""ticker"":""KXBTC15M-26APR271900-00"",""trade_id"":""e2b98ce5-2119-791d-e8c7-e2cdb3786d5d"",""yes_price_dollars"":""0.6100""}"
KXBTC15M-26APR271900-00,dedfd95b-47aa-7bbe-fb4d-76b5b284d0a8,1777329931,0.57,2.0,no,"{""count_fp"":""2.00"",""created_time"":""2026-04-27T22:45:31.765684Z"",""no_price_dollars"":""0.4300"",""taker_side"":""no"",""ticker"":""KXBTC15M-26APR271900-00"",""trade_id"":""dedfd95b-47aa-7bbe-fb4d-76b5b284d0a8"",""yes_price_dollars"":""0.5700""}"
KXBTC15M-26APR271900-00,bfb9eb12-0544-7a78-d26a-5b106e61f8b3,1777329931,0.61,166.0,no,"{""count_fp"":""166.00"",""created_time"":""2026-04-27T22:45:31.765684Z"",""no_price_dollars"":""0.3900"",""taker_side"":""no"",""ticker"":""KXBTC15M-26APR271900-00"",""trade_id"":""bfb9eb12-0544-7a78-d26a-5b106e61f8b3"",""yes_price_dollars"":""0.6100""}"
KXBTC15M-26APR271900-00,9c73324e-0fd7-750f-eaea-f01ef7a855dd,1777329931,0.55,2.0,no,"{""count_fp"":""2.00"",""created_time"":""2026-04-27T22:45:31.765684Z"",""no_price_dollars"":""0.4500"",""taker_side"":""no"",""ticker"":""KXBTC15M-26APR271900-00"",""trade_id"":""9c73324e-0fd7-750f-eaea-f01ef7a855dd"",""yes_price_dollars"":""0.5500""}"
KXBTC15M-26APR271900-00,976c8b30-a71b-7e42-fcd7-ea0629d286a3,1777329931,0.58,9.0,no,"{""count_fp"":""9.00"",""created_time"":""2026-04-27T22:45:31.765684Z"",""no_price_dollars"":""0.4200"",""taker_side"":""no"",""ticker"":""KXBTC15M-26APR271900-00"",""trade_id"":""976c8b30-a71b-7e42-fcd7-ea0629d286a3"",""yes_price_dollars"":""0.5800""}"
KXBTC15M-26APR271900-00,7c2d646f-5a40-7da6-f1f2-786b262fefcb,1777329931,0.61,13.0,no,"{""count_fp"":""13.00"",""created_time"":""2026-04-27T22:45:31.765684Z"",""no_price_dollars"":""0.3900"",""taker_side"":""no"",""ticker"":""KXBTC15M-26APR271900-00"",""trade_id"":""7c2d646f-5a40-7da6-f1f2-786b262fefcb"",""yes_price_dollars"":""0.6100""}"
KXBTC15M-26APR271900-00,6345fa3b-c93d-7c63-ecd8-713bb7b81cb9,1777329931,0.55,100.0,no,"{""count_fp"":""100.00"",""created_time"":""2026-04-27T22:45:31.765684Z"",""no_price_dollars"":""0.4500"",""taker_side"":""no"",""ticker"":""KXBTC15M-26APR271900-00"",""trade_id"":""6345fa3b-c93d-7c63-ecd8-713bb7b81cb9"",""yes_price_dollars"":""0.5500""}"
KXBTC15M-26APR271900-00,3c9cb303-6916-7758-e98c-bfceaca0cb66,1777329931,0.54,40.24,no,"{""count_fp"":""40.24"",""created_time"":""2026-04-27T22:45:31.765684Z"",""no_price_dollars"":""0.4600"",""taker_side"":""no"",""ticker"":""KXBTC15M-26APR271900-00"",""trade_id"":""3c9cb303-6916-7758-e98c-bfceaca0cb66"",""yes_price_dollars"":""0.5400""}"
KXBTC15M-26APR271900-00,2f08b32a-0a77-7696-f0fc-87c3e40cabe0,1777329931,0.55,25.43,no,"{""count_fp"":""25.43"",""created_time"":""2026-04-27T22:45:31.765684Z"",""no_price_dollars"":""0.4500"",""taker_side"":""no"",""ticker"":""KXBTC15M-26APR271900-00"",""trade_id"":""2f08b32a-0a77-7696-f0fc-87c3e40cabe0"",""yes_price_dollars"":""0.5500""}"
KXBTC15M-26APR271900-00,282316f7-a5ce-7e2c-cb62-39999dd974bc,1777329931,0.59,10.0,no,"{""count_fp"":""10.00"",""created_time"":""2026-04-27T22:45:31.765684Z"",""no_price_dollars"":""0.4100"",""taker_side"":""no"",""ticker"":""KXBTC15M-26APR271900-00"",""trade_id"":""282316f7-a5ce-7e2c-cb62-39999dd974bc"",""yes_price_dollars"":""0.5900""}"
KXBTC15M-26APR271900-00,1a86300b-189f-7211-c3d0-9e115f3bf77a,1777329931,0.58,1650.54,no,"{""count_fp"":""1650.54"",""created_time"":""2026-04-27T22:45:31.765684Z"",""no_price_dollars"":""0.4200"",""taker_side"":""no"",""ticker"":""KXBTC15M-26APR271900-00"",""trade_id"":""1a86300b-189f-7211-c3d0-9e115f3bf77a"",""yes_price_dollars"":""0.5800""}"
KXBTC15M-26APR271900-00,14f2c592-d273-7a08-c37c-dc34a85ea627,1777329931,0.57,133.0,no,"{""count_fp"":""133.00"",""created_time"":""2026-04-27T22:45:31.765684Z"",""no_price_dollars"":""0.4300"",""taker_side"":""no"",""ticker"":""KXBTC15M-26APR271900-00"",""trade_id"":""14f2c592-d273-7a08-c37c-dc34a85ea627"",""yes_price_dollars"":""0.5700""}"
KXBTC15M-26APR271900-00,08e4ea32-1d2f-74e0-e707-a61f39b7787e,1777329931,0.56,5.0,no,"{""count_fp"":""5.00"",""created_time"":""2026-04-27T22:45:31.765684Z"",""no_price_dollars"":""0.4400"",""taker_side"":""no"",""ticker"":""KXBTC15M-26APR271900-00"",""trade_id"":""08e4ea32-1d2f-74e0-e707-a61f39b7787e"",""yes_price_dollars"":""0.5600""}"
KXBTC15M-26APR271900-00,06719a4f-af0c-796a-d7a9-81c6c185f2c1,1777329931,0.56,2.0,no,"{""count_fp"":""2.00"",""created_time"":""2026-04-27T22:45:31.765684Z"",""no_price_dollars"":""0.4400"",""taker_side"":""no"",""ticker"":""KXBTC15M-26APR271900-00"",""trade_id"":""06719a4f-af0c-796a-d7a9-81c6c185f2c1"",""yes_price_dollars"":""0.5600""}"
KXBTC15M-26APR271900-00,87e3945f-7e3b-6e1d-97cc-a933b6db40e8,1777329931,0.62,428.81,no,"{""count_fp"":""428.81"",""created_time"":""2026-04-27T22:45:31.658306Z"",""no_price_dollars"":""0.3800"",""taker_side"":""no"",""ticker"":""KXBTC15M-26APR271900-00"",""trade_id"":""87e3945f-7e3b-6e1d-97cc-a933b6db40e8"",""yes_price_dollars"":""0.6200""}"
KXBTC15M-26APR271900-00,50e66862-6ae9-774d-6a05-55aa2abc30a5,1777329931,0.64,60.96,yes,"{""count_fp"":""60.96"",""created_time"":""2026-04-27T22:45:31.425594Z"",""no_price_dollars"":""0.3600"",""taker_side"":""yes"",""ticker"":""KXBTC15M-26APR271900-00"",""trade_id"":""50e66862-6ae9-774d-6a05-55aa2abc30a5"",""yes_price_dollars"":""0.6400""}"
KXBTC15M-26APR271900-00,146f81d3-dd87-6046-fe1a-0be21d31dc40,1777329931,0.62,3.0,no,"{""count_fp"":""3.00"",""created_time"":""2026-04-27T22:45:31.341477Z"",""no_price_dollars"":""0.3800"",""taker_side"":""no"",""ticker"":""KXBTC15M-26APR271900-00"",""trade_id"":""146f81d3-dd87-6046-fe1a-0be21d31dc40"",""yes_price_dollars"":""0.6200""}"
KXBTC15M-26APR271900-00,03e15e2f-80e7-6931-c3f4-ed8372442f04,1777329931,0.62,2.0,no,"{""count_fp"":""2.00"",""created_time"":""2026-04-27T22:45:31.341477Z"",""no_price_dollars"":""0.3800"",""taker_side"":""no"",""ticker"":""KXBTC15M-26APR271900-00"",""trade_id"":""03e15e2f-80e7-6931-c3f4-ed8372442f04"",""yes_price_dollars"":""0.6200""}"
KXBTC15M-26APR271900-00,e08cb824-9339-5f28-7267-d708d26dd2b2,1777329932,0.63,103.5,yes,"{""count_fp"":""103.50"",""created_time"":""2026-04-27T22:45:32.952989Z"",""no_price_dollars"":""0.3700"",""taker_side"":""yes"",""ticker"":""KXBTC15M-26APR271900-00"",""trade_id"":""e08cb824-9339-5f28-7267-d708d26dd2b2"",""yes_price_dollars"":""0.6300""}"
KXBTC15M-26APR271900-00,8649e887-ab2c-5f3b-5deb-d946728b7bfa,1777329932,0.63,49.38,yes,"{""count_fp"":""49.38"",""created_time"":""2026-04-27T22:45:32.952989Z"",""no_price_dollars"":""0.3700"",""taker_side"":""yes"",""ticker"":""KXBTC15M-26APR271900-00"",""trade_id"":""8649e887-ab2c-5f3b-5deb-d946728b7bfa"",""yes_price_dollars"":""0.6300""}"
KXBTC15M-26APR271900-00,5b8b2f41-91e1-6458-4738-f8ebbdcf6c5e,1777329932,0.63,6.55,yes,"{""count_fp"":""6.55"",""created_time"":""2026-04-27T22:45:32.845682Z"",""no_price_dollars"":""0.3700"",""taker_side"":""yes"",""ticker"":""KXBTC15M-26APR271900-00"",""trade_id"":""5b8b2f41-91e1-6458-4738-f8ebbdcf6c5e"",""yes_price_dollars"":""0.6300""}"
KXBTC15M-26APR271900-00,240fde45-ccca-6a87-53c4-4efff5bfcac3,1777329932,0.62,8.69,yes,"{""count_fp"":""8.69"",""created_time"":""2026-04-27T22:45:32.845682Z"",""no_price_dollars"":""0.3800"",""taker_side"":""yes"",""ticker"":""KXBTC15M-26APR271900-00"",""trade_id"":""240fde45-ccca-6a87-53c4-4efff5bfcac3"",""yes_price_dollars"":""0.6200""}"
KXBTC15M-26APR271900-00,b4af3ed0-2cc2-606b-8383-b4ffc71acc4f,1777329932,0.62,1.31,yes,"{""count_fp"":""1.31"",""created_time"":""2026-04-27T22:45:32.782321Z"",""no_price_dollars"":""0.3800"",""taker_side"":""yes"",""ticker"":""KXBTC15M-26APR271900-00"",""trade_id"":""b4af3ed0-2cc2-606b-8383-b4ffc71acc4f"",""yes_price_dollars"":""0.6200""}"
KXBTC15M-26APR271900-00,f46a0942-5fc5-775c-23ee-40d50dce53d2,1777329932,0.63,2.95,yes,"{""count_fp"":""2.95"",""created_time"":""2026-04-27T22:45:32.579566Z"",""no_price_dollars"":""0.3700"",""taker_side"":""yes"",""ticker"":""KXBTC15M-26APR271900-00"",""trade_id"":""f46a0942-5fc5-775c-23ee-40d50dce53d2"",""yes_price_dollars"":""0.6300""}"
KXBTC15M-26APR271900-00,77d91d8f-6149-74f9-e5da-e9dc2a052f59,1777329932,0.64,2.19,yes,"{""count_fp"":""2.19"",""created_time"":""2026-04-27T22:45:32.316669Z"",""no_price_dollars"":""0.3600"",""taker_side"":""yes"",""ticker"":""KXBTC15M-26APR271900-00"",""trade_id"":""77d91d8f-6149-74f9-e5da-e9dc2a052f59"",""yes_price_dollars"":""0.6400""}"
KXBTC15M-26APR271900-00,65c124f5-2412-71b6-deb0-a9524d033400,1777329932,0.63,10.0,yes,"{""count_fp"":""10.00"",""created_time"":""2026-04-27T22:45:32.316669Z"",""no_price_dollars"":""0.3700"",""taker_side"":""yes"",""ticker"":""KXBTC15M-26APR271900-00"",""trade_id"":""65c124f5-2412-71b6-deb0-a9524d033400"",""yes_price_dollars"":""0.6300""}"
KXBTC15M-26APR271900-00,4e64b06c-9e18-7698-d0ca-d06a7063a90e,1777329932,0.63,3.0,yes,"{""count_fp"":""3.00"",""created_time"":""2026-04-27T22:45:32.316669Z"",""no_price_dollars"":""0.3700"",""taker_side"":""yes"",""ticker"":""KXBTC15M-26APR271900-00"",""trade_id"":""4e64b06c-9e18-7698-d0ca-d06a7063a90e"",""yes_price_dollars"":""0.6300""}"
KXBTC15M-26APR271900-00,38c064c4-5ce6-79a6-c9ab-19c193aff71e,1777329932,0.63,9.81,yes,"{""count_fp"":""9.81"",""created_time"":""2026-04-27T22:45:32.316669Z"",""no_price_dollars"":""0.3700"",""taker_side"":""yes"",""ticker"":""KXBTC15M-26APR271900-00"",""trade_id"":""38c064c4-5ce6-79a6-c9ab-19c193aff71e"",""yes_price_dollars"":""0.6300""}"
KXBTC15M-26APR271900-00,f5f4576c-aefa-623e-7702-3b69eec1e8de,1777329932,0.63,3.19,yes,"{""count_fp"":""3.19"",""created_time"":""2026-04-27T22:45:32.173596Z"",""no_price_dollars"":""0.3700"",""taker_side"":""yes"",""ticker"":""KXBTC15M-26APR271900-00"",""trade_id"":""f5f4576c-aefa-623e-7702-3b69eec1e8de"",""yes_price_dollars"":""0.6300""}"
KXBTC15M-26APR271900-00,cc9358f7-edb3-6948-6bdc-dbf1d9343bc1,1777329932,0.62,0.38,yes,"{""count_fp"":""0.38"",""created_time"":""2026-04-27T22:45:32.173596Z"",""no_price_dollars"":""0.3800"",""taker_side"":""yes"",""ticker"":""KXBTC15M-26APR271900-00"",""trade_id"":""cc9358f7-edb3-6948-6bdc-dbf1d9343bc1"",""yes_price_dollars"":""0.6200""}"
KXBTC15M-26APR271900-00,c54ed6fc-706e-60cc-4207-2650d3d0a102,1777329932,0.63,1.0,yes,"{""count_fp"":""1.00"",""created_time"":""2026-04-27T22:45:32.173596Z"",""no_price_dollars"":""0.3700"",""taker_side"":""yes"",""ticker"":""KXBTC15M-26APR271900-00"",""trade_id"":""c54ed6fc-706e-60cc-4207-2650d3d0a102"",""yes_price_dollars"":""0.6300""}"
KXBTC15M-26APR271900-00,c383d5ca-9dff-4df4-2b92-e17a62c0e0c5,1777329932,0.62,7.62,yes,"{""count_fp"":""7.62"",""created_time"":""2026-04-27T22:45:32.103178Z"",""no_price_dollars"":""0.3800"",""taker_side"":""yes"",""ticker"":""KXBTC15M-26APR271900-00"",""trade_id"":""c383d5ca-9dff-4df4-2b92-e17a62c0e0c5"",""yes_price_dollars"":""0.6200""}"
KXBTC15M-26APR271900-00,f6d92a1d-f5a1-567d-fb98-e87d6de012c4,1777329933,0.62,113.0,no,"{""count_fp"":""113.00"",""created_time"":""2026-04-27T22:45:33.853572Z"",""no_price_dollars"":""0.3800"",""taker_side"":""no"",""ticker"":""KXBTC15M-26APR271900-00"",""trade_id"":""f6d92a1d-f5a1-567d-fb98-e87d6de012c4"",""yes_price_dollars"":""0.6200""}"
KXBTC15M-26APR271900-00,cc71382b-3942-553a-e1f2-8808206ae528,1777329933,0.62,500.0,no,"{""count_fp"":""500.00"",""created_time"":""2026-04-27T22:45:33.853572Z"",""no_price_dollars"":""0.3800"",""taker_side"":""no"",""ticker"":""KXBTC15M-26APR271900-00"",""trade_id"":""cc71382b-3942-553a-e1f2-8808206ae528"",""yes_price_dollars"":""0.6200""}"
KXBTC15M-26APR271900-00,8fdb8136-e99e-55d2-da56-2e3fbcd4171c,1777329933,0.61,3.0,no,"{""count_fp"":""3.00"",""created_time"":""2026-04-27T22:45:33.853572Z"",""no_price_dollars"":""0.3900"",""taker_side"":""no"",""ticker"":""KXBTC15M-26APR271900-00"",""trade_id"":""8fdb8136-e99e-55d2-da56-2e3fbcd4171c"",""yes_price_dollars"":""0.6100""}"
KXBTC15M-26APR271900-00,77f607c5-e963-5500-e7f8-a68ea435bc2c,1777329933,0.62,3.55,no,"{""count_fp"":""3.55"",""created_time"":""2026-04-27T22:45:33.853572Z"",""no_price_dollars"":""0.3800"",""taker_side"":""no"",""ticker"":""KXBTC15M-26APR271900-00"",""trade_id"":""77f607c5-e963-5500-e7f8-a68ea435bc2c"",""yes_price_dollars"":""0.6200""}"
KXBTC15M-26APR271900-00,47738ca5-ce36-50f9-f428-dce44fb905b0,1777329933,0.6,88.98,no,"{""count_fp"":""88.98"",""created_time"":""2026-04-27T22:45:33.853572Z"",""no_price_dollars"":""0.4000"",""taker_side"":""no"",""ticker"":""KXBTC15M-26APR271900-00"",""trade_id"":""47738ca5-ce36-50f9-f428-dce44fb905b0"",""yes_price_dollars"":""0.6000""}"
KXBTC15M-26APR271900-00,256605d3-5042-5d01-fd79-e7797e348d7a,1777329933,0.62,18.0,no,"{""count_fp"":""18.00"",""created_time"":""2026-04-27T22:45:33.853572Z"",""no_price_dollars"":""0.3800"",""taker_side"":""no"",""ticker"":""KXBTC15M-26APR271900-00"",""trade_id"":""256605d3-5042-5d01-fd79-e7797e348d7a"",""yes_price_dollars"":""0.6200""}"
KXBTC15M-26APR271900-00,398e830c-360b-62d4-aee3-0df62c5852b4,1777329933,0.62,2.45,no,"{""count_fp"":""2.45"",""created_time"":""2026-04-27T22:45:33.682645Z"",""no_price_dollars"":""0.3800"",""taker_side"":""no"",""ticker"":""KXBTC15M-26APR271900-00"",""trade_id"":""398e830c-360b-62d4-aee3-0df62c5852b4"",""yes_price_dollars"":""0.6200""}"
KXBTC15M-26APR271900-00,9226a361-a83a-5f46-376e-3c9437651b62,1777329933,0.63,16.38,yes,"{""count_fp"":""16.38"",""created_time"":""2026-04-27T22:45:33.439688Z"",""no_price_dollars"":""0.3700"",""taker_side"":""yes"",""ticker"":""KXBTC15M-26APR271900-00"",""trade_id"":""9226a361-a83a-5f46-376e-3c9437651b62"",""yes_price_dollars"":""0.6300""}"
KXBTC15M-26APR271900-00,19bde765-e048-582b-1e51-76ffa9c41096,1777329933,0.63,6.62,yes,"{""count_fp"":""6.62"",""created_time"":""2026-04-27T22:45:33.439688Z"",""no_price_dollars"":""0.3700"",""taker_side"":""yes"",""ticker"":""KXBTC15M-26APR271900-00"",""trade_id"":""19bde765-e048-582b-1e51-76ffa9c41096"",""yes_price_dollars"":""0.6300""}"
KXBTC15M-26APR271900-00,e0f6ed35-dda7-6d16-6c00-9d7a94ce4945,1777329934,0.62,7.0,yes,"{""count_fp"":""7.00"",""created_time"":""2026-04-27T22:45:34.905398Z"",""no_price_dollars"":""0.3800"",""taker_side"":""yes"",""ticker"":""KXBTC15M-26APR271900-00"",""trade_id"":""e0f6ed35-dda7-6d16-6c00-9d7a94ce4945"",""yes_price_dollars"":""0.6200""}"
KXBTC15M-26APR271900-00,47777c5f-e60f-68d6-6910-29d388940eb1,1777329934,0.62,3.0,yes,"{""count_fp"":""3.00"",""created_time"":""2026-04-27T22:45:34.743216Z"",""no_price_dollars"":""0.3800"",""taker_side"":""yes"",""ticker"":""KXBTC15M-26APR271900-00"",""trade_id"":""47777c5f-e60f-68d6-6910-29d388940eb1"",""yes_price_dollars"":""0.6200""}"
KXBTC15M-26APR271900-00,cf30f1d6-6252-4f38-4e75-7f443d322065,1777329934,0.62,26.29,yes,"{""count_fp"":""26.29"",""created_time"":""2026-04-27T22:45:34.597261Z"",""no_price_dollars"":""0.3800"",""taker_side"":""yes"",""ticker"":""KXBTC15M-26APR271900-00"",""trade_id"":""cf30f1d6-6252-4f38-4e75-7f443d322065"",""yes_price_dollars"":""0.6200""}"
KXBTC15M-26APR271900-00,5ebf8e9b-354e-4dbf-7757-41dd38df8407,1777329934,0.62,4.65,yes,"{""count_fp"":""4.65"",""created_time"":""2026-04-27T22:45:34.597261Z"",""no_price_dollars"":""0.3800"",""taker_side"":""yes"",""ticker"":""KXBTC15M-26APR271900-00"",""trade_id"":""5ebf8e9b-354e-4dbf-7757-41dd38df8407"",""yes_price_dollars"":""0.6200""}"
KXBTC15M-26APR271900-00,ec74315d-d0f2-589f-e3ea-b1a2ef3cff6f,1777329934,0.62,2.35,yes,"{""count_fp"":""2.35"",""created_time"":""2026-04-27T22:45:34.562431Z"",""no_price_dollars"":""0.3800"",""taker_side"":""yes"",""ticker"":""KXBTC15M-26APR271900-00"",""trade_id"":""ec74315d-d0f2-589f-e3ea-b1a2ef3cff6f"",""yes_price_dollars"":""0.6200""}"
KXBTC15M-26APR271900-00,99ba52da-0dca-539b-9dfc-313f73fca3af,1777329934,0.62,3.0,yes,"{""count_fp"":""3.00"",""created_time"":""2026-04-27T22:45:34.409428Z"",""no_price_dollars"":""0.3800"",""taker_side"":""yes"",""ticker"":""KXBTC15M-26APR271900-00"",""trade_id"":""99ba52da-0dca-539b-9dfc-313f73fca3af"",""yes_price_dollars"":""0.6200""}"
KXBTC15M-26APR271900-00,70e51428-2b57-56ec-3c11-fd6d9194efcc,1777329935,0.64,55.0,yes,"{""count_fp"":""55.00"",""created_time"":""2026-04-27T22:45:35.992185Z"",""no_price_dollars"":""0.3600"",""taker_side"":""yes"",""ticker"":""KXBTC15M-26APR271900-00"",""trade_id"":""70e51428-2b57-56ec-3c11-fd6d9194efcc"",""yes_price_dollars"":""0.6400""}"
KXBTC15M-26APR271900-00,f8a2c873-ef45-4b4f-e022-6563ac7baa88,1777329935,0.64,400.0,yes,"{""count_fp"":""400.00"",""created_time"":""2026-04-27T22:45:35.964341Z"",""no_price_dollars"":""0.3600"",""taker_side"":""yes"",""ticker"":""KXBTC15M-26APR271900-00"",""trade_id"":""f8a2c873-ef45-4b4f-e022-6563ac7baa88"",""yes_price_dollars"":""0.6400""}"
KXBTC15M-26APR271900-00,c692ba39-0c7b-41b8-dcff-cd3acbcc9287,1777329935,0.63,5.0,yes,"{""count_fp"":""5.00"",""created_time"":""2026-04-27T22:45:35.964341Z"",""no_price_dollars"":""0.3700"",""taker_side"":""yes"",""ticker"":""KXBTC15M-26APR271900-00"",""trade_id"":""c692ba39-0c7b-41b8-dcff-cd3acbcc9287"",""yes_price_dollars"":""0.6300""}"
KXBTC15M-26APR271900-00,c2fa785d-0cd2-48ab-ffd1-90518bd3d9a0,1777329935,0.64,50.0,yes,"{""count_fp"":""50.00"",""created_time"":""2026-04-27T22:45:35.964341Z"",""no_price_dollars"":""0.3600"",""taker_side"":""yes"",""ticker"":""KXBTC15M-26APR271900-00"",""trade_id"":""c2fa785d-0cd2-48ab-ffd1-90518bd3d9a0"",""yes_price_dollars"":""0.6400""}"
KXBTC15M-26APR271900-00,a16b2840-47d8-4f50-f391-4dca26e3804d,1777329935,0.64,65.0,yes,"{""count_fp"":""65.00"",""created_time"":""2026-04-27T22:45:35.964341Z"",""no_price_dollars"":""0.3600"",""taker_side"":""yes"",""ticker"":""KXBTC15M-26APR271900-00"",""trade_id"":""a16b2840-47d8-4f50-f391-4dca26e3804d"",""yes_price_dollars"":""0.6400""}"
KXBTC15M-26APR271900-00,9fb3872e-dd2f-444d-e5ca-cb8e2cedefea,1777329935,0.64,40.0,yes,"{""count_fp"":""40.00"",""created_time"":""2026-04-27T22:45:35.964341Z"",""no_price_dollars"":""0.3600"",""taker_side"":""yes"",""ticker"":""KXBTC15M-26APR271900-00"",""trade_id"":""9fb3872e-dd2f-444d-e5ca-cb8e2cedefea"",""yes_price_dollars"":""0.6400""}"
KXBTC15M-26APR271900-00,642f1250-57e8-4dc8-efb9-1d4267ce362f,1777329935,0.63,10.0,yes,"{""count_fp"":""10.00"",""created_time"":""2026-04-27T22:45:35.964341Z"",""no_price_dollars"":""0.3700"",""taker_side"":""yes"",""ticker"":""KXBTC15M-26APR271900-00"",""trade_id"":""642f1250-57e8-4dc8-efb9-1d4267ce362f"",""yes_price_dollars"":""0.6300""}"
KXBTC15M-26APR271900-00,37cf915e-329f-4afa-f9bc-03a58e3067f4,1777329935,0.63,3.0,yes,"{""count_fp"":""3.00"",""created_time"":""2026-04-27T22:45:35.964341Z"",""no_price_dollars"":""0.3700"",""taker_side"":""yes"",""ticker"":""KXBTC15M-26APR271900-00"",""trade_id"":""37cf915e-329f-4afa-f9bc-03a58e3067f4"",""yes_price_dollars"":""0.6300""}"
KXBTC15M-26APR271900-00,03f7402b-162d-40e5-f76e-d1cd0850807d,1777329935,0.64,15.0,yes,"{""count_fp"":""15.00"",""created_time"":""2026-04-27T22:45:35.964341Z"",""no_price_dollars"":""0.3600"",""taker_side"":""yes"",""ticker"":""KXBTC15M-26APR271900-00"",""trade_id"":""03f7402b-162d-40e5-f76e-d1cd0850807d"",""yes_price_dollars"":""0.6400""}"
KXBTC15M-26APR271900-00,46cf842d-cba0-6de4-d9e6-2ecdfe03f514,1777329935,0.62,100.0,yes,"{""count_fp"":""100.00"",""created_time"":""2026-04-27T22:45:35.953595Z"",""no_price_dollars"":""0.3800"",""taker_side"":""yes"",""ticker"":""KXBTC15M-26APR271900-00"",""trade_id"":""46cf842d-cba0-6de4-d9e6-2ecdfe03f514"",""yes_price_dollars"":""0.6200""}"
KXBTC15M-26APR271900-00,8bdbdc4c-ba27-4b64-1135-84b1f290a1ed,1777329935,0.61,88.52,no,"{""count_fp"":""88.52"",""created_time"":""2026-04-27T22:45:35.858764Z"",""no_price_dollars"":""0.3900"",""taker_side"":""no"",""ticker"":""KXBTC15M-26APR271900-00"",""trade_id"":""8bdbdc4c-ba27-4b64-1135-84b1f290a1ed"",""yes_price_dollars"":""0.6100""}"
